  <div class='ocr_page' id='page_1' title='image "/cluster/home/n/w/nwhite01/storage/ocr_20150623/45/nnc1.0046978445/610.png"; bbox 0 0 4120 6394; ppageno 0'>
   <div class='ocr_carea' id='block_1_1' title="bbox 437 310 1958 378">
    <p class='ocr_par' dir='ltr' id='par_1_1' title="bbox 437 310 1958 378">
     <span class='ocr_line' id='line_1_1' title="bbox 437 310 1958 378; baseline 0.011 -16"><span class='ocrx_word' id='word_1_1' title='bbox 437 310 578 364; x_wconf 73' lang='grc'><strong>1197</strong></span> <span class='ocrx_word' id='word_1_2' title='bbox 1584 321 1958 378; x_wconf 80' lang='lat' dir='ltr'><strong>ADVERSUS</strong></span> 
     </span>
    </p>
   </div>
   <div class='ocr_carea' id='block_1_2' title="bbox 2018 322 2534 380">
    <p class='ocr_par' dir='ltr' id='par_1_2' title="bbox 2018 322 2534 380">
     <span class='ocr_line' id='line_1_2' title="bbox 2018 322 2534 380; baseline 0.006 -3"><span class='ocrx_word' id='word_1_3' title='bbox 2018 322 2534 380; x_wconf 74' lang='lat' dir='ltr'><strong>APOLLINAREM.</strong></span> 
     </span>
    </p>
   </div>
   <div class='ocr_carea' id='block_1_3' title="bbox 3555 333 3690 391">
    <p class='ocr_par' dir='ltr' id='par_1_3' title="bbox 3555 333 3690 391">
     <span class='ocr_line' id='line_1_3' title="bbox 3555 333 3690 391; baseline 0.022 -3"><span class='ocrx_word' id='word_1_4' title='bbox 3555 333 3690 391; x_wconf 71' lang='lat' dir='ltr'><strong>“Si!</strong></span> 
     </span>
    </p>
   </div>
   <div class='ocr_carea' id='block_1_4' title="bbox 430 425 2035 518">
    <p class='ocr_par' dir='ltr' id='par_1_4' title="bbox 430 425 2005 514">
     <span class='ocr_line' id='line_1_4' title="bbox 430 425 2005 514; baseline 0.008 -29"><span class='ocrx_word' id='word_1_5' title='bbox 430 431 718 503; x_wconf 86' lang='grc' dir='ltr'>δόγματος.</span> <span class='ocrx_word' id='word_1_6' title='bbox 747 433 813 488; x_wconf 84' lang='grc' dir='ltr'>δι’</span> <span class='ocrx_word' id='word_1_7' title='bbox 839 425 915 488; x_wconf 80' lang='grc' dir='ltr'>ὧν</span> <span class='ocrx_word' id='word_1_8' title='bbox 945 435 1011 489; x_wconf 83' lang='grc' dir='ltr'>ἂν</span> <span class='ocrx_word' id='word_1_9' title='bbox 1044 438 1395 510; x_wconf 78' lang='grc' dir='ltr'>σφοδρότερον</span> <span class='ocrx_word' id='word_1_10' title='bbox 1425 440 1456 511; x_wconf 80' lang='grc' dir='ltr'><strong>ἡ</strong></span> <span class='ocrx_word' id='word_1_11' title='bbox 1467 441 1583 511; x_wconf 85' lang='grc' dir='ltr'><strong>μῶν</strong></span> <span class='ocrx_word' id='word_1_12' title='bbox 1609 445 1726 506; x_wconf 87' lang='grc' dir='ltr'>ταῖς</span> <span class='ocrx_word' id='word_1_13' title='bbox 1762 443 2005 514; x_wconf 79' lang='grc' dir='ltr'>βλασφη-</span> 
     </span>
    </p>
   </div>
   <div class='ocr_carea' id='block_1_5' title="bbox 2134 425 3693 518">
    <p class='ocr_par' dir='ltr' id='par_1_5' title="bbox 2134 444 3693 518">
     <span class='ocr_line' id='line_1_5' title="bbox 2134 444 3693 518; baseline 0.007 -21"><span class='ocrx_word' id='word_1_14' title='bbox 2134 460 2209 497; x_wconf 78' lang='grc' dir='ltr'>ιρι-</span> <span class='ocrx_word' id='word_1_15' title='bbox 2259 462 2322 498; x_wconf 85' lang='lat' dir='ltr'><strong>ea</strong></span> <span class='ocrx_word' id='word_1_16' title='bbox 2362 444 2680 515; x_wconf 82' lang='lat' dir='ltr'><strong>praepollere</strong></span> <span class='ocrx_word' id='word_1_17' title='bbox 2711 461 2890 515; x_wconf 80' lang='lat' dir='ltr'><strong>posse,</strong></span> <span class='ocrx_word' id='word_1_18' title='bbox 2927 463 3022 517; x_wconf 90' lang='lat' dir='ltr'><strong>per</strong></span> <span class='ocrx_word' id='word_1_19' title='bbox 3073 463 3194 518; x_wconf 60' lang='lat' dir='ltr'><strong>quin</strong></span> <span class='ocrx_word' id='word_1_20' title='bbox 3229 463 3332 504; x_wconf 86' lang='lat' dir='ltr'><strong>nos</strong></span> <span class='ocrx_word' id='word_1_21' title='bbox 3383 450 3693 508; x_wconf 71' lang='lat' dir='ltr'><strong>maledictis</strong></span> 
     </span>
    </p>
   </div>
   <div class='ocr_carea' id='block_1_6' title="bbox 437 523 2010 608">
    <p class='ocr_par' dir='ltr' id='par_1_6' title="bbox 437 523 2010 608">
     <span class='ocr_line' id='line_1_6' title="bbox 437 523 2010 608; baseline 0.009 -31"><span class='ocrx_word' id='word_1_22' title='bbox 437 523 588 595; x_wconf 88' lang='grc' dir='ltr'>μίαις</span> <span class='ocrx_word' id='word_1_23' title='bbox 620 527 956 582; x_wconf 76' lang='grc' dir='ltr'><strong>καθικνεῖται</strong></span> <span class='ocrx_word' id='word_1_24' title='bbox 985 527 1118 602; x_wconf 76' lang='grc'><strong>(74),</strong></span> <span class='ocrx_word' id='word_1_25' title='bbox 1154 533 1399 604; x_wconf 76' lang='grc' dir='ltr'><strong>παριδεῖν</strong></span> <span class='ocrx_word' id='word_1_26' title='bbox 1428 531 1577 605; x_wconf 76' lang='grc' dir='ltr'>οἶμαι</span> <span class='ocrx_word' id='word_1_27' title='bbox 1607 537 1802 608; x_wconf 83' lang='grc' dir='ltr'>χρῆναι</span> <span class='ocrx_word' id='word_1_28' title='bbox 1826 539 1917 592; x_wconf 88' lang='grc' dir='ltr'><strong>τόν</strong></span> <span class='ocrx_word' id='word_1_29' title='bbox 1947 555 2010 607; x_wconf 86' lang='grc' dir='ltr'><strong>γε</strong></span> 
     </span>
    </p>
   </div>
   <div class='ocr_carea' id='block_1_7' title="bbox 433 614 2012 696">
    <p class='ocr_par' dir='ltr' id='par_1_7' title="bbox 433 614 2012 696">
     <span class='ocr_line' id='line_1_7' title="bbox 433 614 2012 696; baseline 0.009 -29"><span class='ocrx_word' id='word_1_30' title='bbox 433 614 558 668; x_wconf 83' lang='grc' dir='ltr'><strong>νοῦν</strong></span> <span class='ocrx_word' id='word_1_31' title='bbox 584 615 794 686; x_wconf 77' lang='grc' dir='ltr'>ἔχοντα,</span> <span class='ocrx_word' id='word_1_32' title='bbox 828 620 923 672; x_wconf 75' lang='grc' dir='ltr'><strong>καὶ</strong></span> <span class='ocrx_word' id='word_1_33' title='bbox 945 623 1012 691; x_wconf 83' lang='grc' dir='ltr'>τῇ</span> <span class='ocrx_word' id='word_1_34' title='bbox 1041 621 1175 692; x_wconf 82' lang='grc' dir='ltr'><strong>ἀκοῇ</strong></span> <span class='ocrx_word' id='word_1_35' title='bbox 1198 622 1304 675; x_wconf 90' lang='grc' dir='ltr'><strong>τῶν</strong></span> <span class='ocrx_word' id='word_1_36' title='bbox 1329 625 1765 696; x_wconf 76' lang='grc' dir='ltr'><strong>ἐντυγχανόντων</strong></span> <span class='ocrx_word' id='word_1_37' title='bbox 1794 629 2012 696; x_wconf 78' lang='grc' dir='ltr'>ἐπιτρέ-</span> 
     </span>
    </p>
   </div>
   <div class='ocr_carea' id='block_1_8' title="bbox 432 707 2012 788">
    <p class='ocr_par' dir='ltr' id='par_1_8' title="bbox 432 707 2012 788">
     <span class='ocr_line' id='line_1_8' title="bbox 432 707 2012 788; baseline 0.009 -29"><span class='ocrx_word' id='word_1_38' title='bbox 432 707 531 774; x_wconf 75' lang='grc' dir='ltr'><strong>ψαι</strong></span> <span class='ocrx_word' id='word_1_39' title='bbox 567 708 665 778; x_wconf 76' lang='grc' dir='ltr'><strong>τὴν</strong></span> <span class='ocrx_word' id='word_1_40' title='bbox 692 710 893 780; x_wconf 80' lang='grc' dir='ltr'><strong>κρίσιν,</strong></span> <span class='ocrx_word' id='word_1_41' title='bbox 919 711 1063 775; x_wconf 89' lang='grc' dir='ltr'>τίνες</span> <span class='ocrx_word' id='word_1_42' title='bbox 1093 714 1143 766; x_wconf 87' lang='grc' dir='ltr'>οἱ</span> <span class='ocrx_word' id='word_1_43' title='bbox 1190 717 1616 788; x_wconf 78' lang='grc' dir='ltr'>παραχαράκται</span> <span class='ocrx_word' id='word_1_44' title='bbox 1644 719 1739 788; x_wconf 83' lang='grc' dir='ltr'><strong>τῆς</strong></span> <span class='ocrx_word' id='word_1_45' title='bbox 1780 720 2012 774; x_wconf 88' lang='grc' dir='ltr'>ἀποστο-</span> 
     </span>
    </p>
   </div>
   <div class='ocr_carea' id='block_1_9' title="bbox 433 797 2012 880">
    <p class='ocr_par' dir='ltr' id='par_1_9' title="bbox 433 797 2012 880">
     <span class='ocr_line' id='line_1_9' title="bbox 433 797 2012 880; baseline 0.011 -30"><span class='ocrx_word' id='word_1_46' title='bbox 433 797 595 868; x_wconf 80' lang='grc' dir='ltr'>λικῆς</span> <span class='ocrx_word' id='word_1_47' title='bbox 628 803 735 854; x_wconf 84' lang='grc' dir='ltr'>είσι</span> <span class='ocrx_word' id='word_1_48' title='bbox 783 802 1041 870; x_wconf 83' lang='grc' dir='ltr'>πίστεως,</span> <span class='ocrx_word' id='word_1_49' title='bbox 1092 807 1253 876; x_wconf 82' lang='grc' dir='ltr'><strong>ἡμεῖς</strong></span> <span class='ocrx_word' id='word_1_50' title='bbox 1280 809 1330 860; x_wconf 91' lang='grc' dir='ltr'><strong>οί</strong></span> <span class='ocrx_word' id='word_1_51' title='bbox 1363 809 1504 864; x_wconf 87' lang='grc' dir='ltr'><strong>κατά</strong></span> <span class='ocrx_word' id='word_1_52' title='bbox 1535 811 1632 880; x_wconf 81' lang='grc' dir='ltr'><strong>τὴν</strong></span> <span class='ocrx_word' id='word_1_53' title='bbox 1660 811 1753 864; x_wconf 83' lang='grc' dir='ltr'>τοῦ</span> <span class='ocrx_word' id='word_1_54' title='bbox 1799 812 2012 867; x_wconf 80' lang='grc' dir='ltr'><strong>Παύλου</strong></span> 
     </span>
    </p>
   </div>
   <div class='ocr_carea' id='block_1_10' title="bbox 435 890 2016 974">
    <p class='ocr_par' dir='ltr' id='par_1_10' title="bbox 435 890 2016 974">
     <span class='ocr_line' id='line_1_10' title="bbox 435 890 2016 974; baseline 0.011 -33"><span class='ocrx_word' id='word_1_55' title='bbox 435 890 620 961; x_wconf 77' lang='grc' dir='ltr'>φωνὴν</span> <span class='ocrx_word' id='word_1_56' title='bbox 649 893 869 959; x_wconf 82' lang='grc' dir='ltr'><strong>γνόντες</strong></span> <span class='ocrx_word' id='word_1_57' title='bbox 901 895 1000 965; x_wconf 81' lang='grc' dir='ltr'>μὲν</span> <span class='ocrx_word' id='word_1_58' title='bbox 1034 897 1176 950; x_wconf 89' lang='grc' dir='ltr'><strong>κατά</strong></span> <span class='ocrx_word' id='word_1_59' title='bbox 1213 900 1391 970; x_wconf 82' lang='grc' dir='ltr'>σάρκα</span> <span class='ocrx_word' id='word_1_60' title='bbox 1421 903 1675 974; x_wconf 87' lang='grc' dir='ltr'>Χριστὸν,</span> <span class='ocrx_word' id='word_1_61' title='bbox 1708 904 1804 957; x_wconf 82' lang='grc' dir='ltr'>νῦν</span> <span class='ocrx_word' id='word_1_62' title='bbox 1832 905 1888 958; x_wconf 87' lang='grc' dir='ltr'>δὲ</span> <span class='ocrx_word' id='word_1_63' title='bbox 1915 907 2016 970; x_wconf 79' lang='grc' dir='ltr'><strong>οὐκ</strong></span> 
     </span>
    </p>
   </div>
   <div class='ocr_carea' id='block_1_11' title="bbox 435 979 2015 1066">
    <p class='ocr_par' dir='ltr' id='par_1_11' title="bbox 435 979 2015 1066">
     <span class='ocr_line' id='line_1_11' title="bbox 435 979 2015 1066; baseline 0.011 -33"><span class='ocrx_word' id='word_1_64' title='bbox 435 979 516 1034; x_wconf 77' lang='grc' dir='ltr'>ἔτι</span> <span class='ocrx_word' id='word_1_65' title='bbox 555 982 945 1051; x_wconf 80' lang='grc' dir='ltr'><strong>γινώσκοντες·</strong></span> <span class='ocrx_word' id='word_1_66' title='bbox 982 987 1014 1058; x_wconf 82' lang='grc' dir='ltr'><strong>ἥ</strong></span> <span class='ocrx_word' id='word_1_67' title='bbox 1053 989 1082 1040; x_wconf 99' lang='lat'><strong>6</strong></span> <span class='ocrx_word' id='word_1_68' title='bbox 1129 989 1382 1053; x_wconf 89' lang='grc' dir='ltr'>πάντοτε,</span> <span class='ocrx_word' id='word_1_69' title='bbox 1437 993 1530 1045; x_wconf 82' lang='grc' dir='ltr'><strong>καὶ</strong></span> <span class='ocrx_word' id='word_1_70' title='bbox 1571 994 1679 1066; x_wconf 88' lang='grc' dir='ltr'><strong>πρὸ</strong></span> <span class='ocrx_word' id='word_1_71' title='bbox 1724 996 1821 1065; x_wconf 82' lang='grc' dir='ltr'>τῆς</span> <span class='ocrx_word' id='word_1_72' title='bbox 1876 996 2015 1050; x_wconf 84' lang='grc' dir='ltr'>κατὰ</span> 
     </span>
    </p>
   </div>
   <div class='ocr_carea' id='block_1_12' title="bbox 437 1071 2016 1157">
    <p class='ocr_par' dir='ltr' id='par_1_12' title="bbox 437 1071 2016 1157">
     <span class='ocr_line' id='line_1_12' title="bbox 437 1071 2016 1157; baseline 0.011 -32"><span class='ocrx_word' id='word_1_73' title='bbox 437 1071 723 1144; x_wconf 79' lang='grc' dir='ltr'>ἄνθρωπον</span> <span class='ocrx_word' id='word_1_74' title='bbox 753 1078 1085 1149; x_wconf 78' lang='grc' dir='ltr'><strong>οἰκονομίας,</strong></span> <span class='ocrx_word' id='word_1_75' title='bbox 1122 1083 1212 1135; x_wconf 74' lang='grc' dir='ltr'><strong>καὶ</strong></span> <span class='ocrx_word' id='word_1_76' title='bbox 1259 1083 1396 1152; x_wconf 87' lang='grc' dir='ltr'><strong>μετά</strong></span> <span class='ocrx_word' id='word_1_77' title='bbox 1436 1083 1594 1138; x_wconf 83' lang='grc' dir='ltr'>τοῦτο</span> <span class='ocrx_word' id='word_1_78' title='bbox 1631 1085 1722 1138; x_wconf 91' lang='grc' dir='ltr'><strong>τὸν</strong></span> <span class='ocrx_word' id='word_1_79' title='bbox 1761 1088 2016 1157; x_wconf 86' lang='grc' dir='ltr'>σάρκινον</span> 
     </span>
    </p>
   </div>
   <div class='ocr_carea' id='block_1_13' title="bbox 437 1167 2018 1250">
    <p class='ocr_par' dir='ltr' id='par_1_13' title="bbox 437 1167 2018 1250">
     <span class='ocr_line' id='line_1_13' title="bbox 437 1167 2018 1250; baseline 0.011 -32"><span class='ocrx_word' id='word_1_80' title='bbox 437 1167 632 1220; x_wconf 74' lang='grc' dir='ltr'>ἑαυτοῦ</span> <span class='ocrx_word' id='word_1_81' title='bbox 655 1169 788 1222; x_wconf 83' lang='grc' dir='ltr'>Θεὸν</span> <span class='ocrx_word' id='word_1_82' title='bbox 820 1173 1130 1242; x_wconf 83' lang='grc' dir='ltr'>περιφέρων</span> <span class='ocrx_word' id='word_1_83' title='bbox 1157 1174 1236 1245; x_wconf 85' lang='grc' dir='ltr'>τῷ</span> <span class='ocrx_word' id='word_1_84' title='bbox 1266 1175 1444 1246; x_wconf 81' lang='grc' dir='ltr'><strong>λόγῳ⁹</strong></span> <span class='ocrx_word' id='word_1_85' title='bbox 1479 1177 1801 1250; x_wconf 87' lang='grc' dir='ltr'>προστίθησι</span> <span class='ocrx_word' id='word_1_86' title='bbox 1823 1179 1936 1248; x_wconf 78' lang='grc'><strong>(75)</strong></span> <span class='ocrx_word' id='word_1_87' title='bbox 1960 1180 2018 1235; x_wconf 88' lang='grc' dir='ltr'>δὲ</span> 
     </span>
    </p>
   </div>
   <div class='ocr_carea' id='block_1_14' title="bbox 437 1257 2018 1342">
    <p class='ocr_par' dir='ltr' id='par_1_14' title="bbox 437 1257 2018 1342">
     <span class='ocr_line' id='line_1_14' title="bbox 437 1257 2018 1342; baseline 0.009 -30"><span class='ocrx_word' id='word_1_88' title='bbox 437 1257 536 1332; x_wconf 79' lang='grc' dir='ltr'>τὴν</span> <span class='ocrx_word' id='word_1_89' title='bbox 588 1263 740 1333; x_wconf 72' lang='grc' dir='ltr'>παρὰ</span> <span class='ocrx_word' id='word_1_90' title='bbox 786 1263 892 1316; x_wconf 87' lang='grc' dir='ltr'><strong>τῶν</strong></span> <span class='ocrx_word' id='word_1_91' title='bbox 942 1265 1210 1319; x_wconf 73' lang='grc' dir='ltr'>Ἰουδαίων</span> <span class='ocrx_word' id='word_1_92' title='bbox 1258 1270 1630 1342; x_wconf 81' lang='grc' dir='ltr'><strong>γεγενημένην</strong></span> <span class='ocrx_word' id='word_1_93' title='bbox 1682 1272 1802 1326; x_wconf 84' lang='grc' dir='ltr'>κατ’</span> <span class='ocrx_word' id='word_1_94' title='bbox 1853 1272 2018 1328; x_wconf 76' lang='grc' dir='ltr'>αὐτοῦ</span> 
     </span>
    </p>
   </div>
   <div class='ocr_carea' id='block_1_15' title="bbox 442 1349 2020 1433">
    <p class='ocr_par' dir='ltr' id='par_1_15' title="bbox 442 1349 2020 1433">
     <span class='ocr_line' id='line_1_15' title="bbox 442 1349 2020 1433; baseline 0.01 -30"><span class='ocrx_word' id='word_1_95' title='bbox 442 1349 809 1423; x_wconf 78' lang='grc' dir='ltr'><strong>βλασφημίαν,</strong></span> <span class='ocrx_word' id='word_1_96' title='bbox 849 1354 910 1407; x_wconf 87' lang='grc' dir='ltr'><strong>τὸ</strong></span> <span class='ocrx_word' id='word_1_97' title='bbox 960 1355 1133 1424; x_wconf 83' lang='grc' dir='ltr'>φάγον</span> <span class='ocrx_word' id='word_1_98' title='bbox 1182 1357 1345 1412; x_wconf 82' lang='grc' dir='ltr'>αὑτὸν</span> <span class='ocrx_word' id='word_1_99' title='bbox 1401 1360 1655 1427; x_wconf 80' lang='grc' dir='ltr'>λέγεσθαι</span> <span class='ocrx_word' id='word_1_100' title='bbox 1698 1363 1828 1433; x_wconf 87' lang='grc' dir='ltr'>παρ’</span> <span class='ocrx_word' id='word_1_101' title='bbox 1876 1363 2020 1419; x_wconf 82' lang='grc' dir='ltr'>ὲκεί-</span> 
     </span>
    </p>
   </div>
   <div class='ocr_carea' id='block_1_16' title="bbox 441 1447 2022 1522">
    <p class='ocr_par' dir='ltr' id='par_1_16' title="bbox 441 1447 2022 1522">
     <span class='ocr_line' id='line_1_16' title="bbox 441 1447 2022 1522; baseline 0.01 -26"><span class='ocrx_word' id='word_1_102' title='bbox 441 1460 547 1496; x_wconf 90' lang='grc' dir='ltr'><strong>νων</strong></span> <span class='ocrx_word' id='word_1_103' title='bbox 578 1447 671 1498; x_wconf 73' lang='lat' dir='ltr'><strong>xa‘t</strong></span> <span class='ocrx_word' id='word_1_104' title='bbox 696 1448 998 1520; x_wconf 73' lang='grc' dir='ltr'>οἰνοπότην,</span> <span class='ocrx_word' id='word_1_105' title='bbox 1033 1450 1124 1503; x_wconf 84' lang='grc' dir='ltr'><strong>καί</strong></span> <span class='ocrx_word' id='word_1_106' title='bbox 1166 1468 1330 1522; x_wconf 88' lang='grc' dir='ltr'>φησιν</span> <span class='ocrx_word' id='word_1_107' title='bbox 1365 1454 1638 1522; x_wconf 89' lang='grc' dir='ltr'>ἀναγκαῖα</span> <span class='ocrx_word' id='word_1_108' title='bbox 1667 1451 1805 1510; x_wconf 73' lang='grc' dir='ltr'>εἶναι</span> <span class='ocrx_word' id='word_1_109' title='bbox 1847 1457 2022 1512; x_wconf 84' lang='grc' dir='ltr'>ταῦτα</span> 
     </span>
    </p>
   </div>
   <div class='ocr_carea' id='block_1_17' title="bbox 440 1533 2022 1620">
    <p class='ocr_par' dir='ltr' id='par_1_17' title="bbox 440 1533 2022 1620">
     <span class='ocr_line' id='line_1_17' title="bbox 440 1533 2022 1620; baseline 0.011 -35"><span class='ocrx_word' id='word_1_110' title='bbox 440 1533 534 1587; x_wconf 70' lang='grc' dir='ltr'><strong>ἐπὶ</strong></span> <span class='ocrx_word' id='word_1_111' title='bbox 572 1534 664 1588; x_wconf 82' lang='grc' dir='ltr'>τοῦ</span> <span class='ocrx_word' id='word_1_112' title='bbox 699 1537 983 1607; x_wconf 87' lang='grc' dir='ltr'>ἀνθρώπου</span> <span class='ocrx_word' id='word_1_113' title='bbox 1019 1540 1154 1610; x_wconf 79' lang='lat'><strong>(76).</strong></span> <span class='ocrx_word' id='word_1_114' title='bbox 1187 1542 1282 1606; x_wconf 87' lang='grc' dir='ltr'>Τίς</span> <span class='ocrx_word' id='word_1_115' title='bbox 1312 1541 1404 1597; x_wconf 83' lang='grc' dir='ltr'>οὗν</span> <span class='ocrx_word' id='word_1_116' title='bbox 1434 1547 1462 1598; x_wconf 88' lang='grc' dir='ltr'><strong>ὀ</strong></span> <span class='ocrx_word' id='word_1_117' title='bbox 1494 1545 1778 1617; x_wconf 79' lang='grc' dir='ltr'>ἄνθρωπος</span> <span class='ocrx_word' id='word_1_118' title='bbox 1804 1551 1832 1601; x_wconf 91' lang='lat'><strong>6</strong></span> <span class='ocrx_word' id='word_1_119' title='bbox 1870 1549 2022 1620; x_wconf 87' lang='grc' dir='ltr'><strong>παρά</strong></span> 
     </span>
    </p>
   </div>
   <div class='ocr_carea' id='block_1_18' title="bbox 441 1625 2020 1708">
    <p class='ocr_par' dir='ltr' id='par_1_18' title="bbox 441 1625 2020 1708">
     <span class='ocr_line' id='line_1_18' title="bbox 441 1625 2020 1708; baseline 0.009 -30"><span class='ocrx_word' id='word_1_120' title='bbox 441 1625 551 1678; x_wconf 90' lang='grc' dir='ltr'><strong>τῶν</strong></span> <span class='ocrx_word' id='word_1_121' title='bbox 593 1628 860 1681; x_wconf 81' lang='grc' dir='ltr'>Ἰουδαίων</span> <span class='ocrx_word' id='word_1_122' title='bbox 893 1629 984 1682; x_wconf 72' lang='grc' dir='ltr'>ἐπὶ</span> <span class='ocrx_word' id='word_1_123' title='bbox 1019 1630 1219 1702; x_wconf 82' lang='grc' dir='ltr'>βρώσει</span> <span class='ocrx_word' id='word_1_124' title='bbox 1252 1652 1310 1687; x_wconf 85' lang='grc' dir='ltr'><strong>τε</strong></span> <span class='ocrx_word' id='word_1_125' title='bbox 1345 1636 1439 1688; x_wconf 67' lang='grc' dir='ltr'><strong>κα)⁸</strong></span> <span class='ocrx_word' id='word_1_126' title='bbox 1467 1639 1535 1708; x_wconf 82' lang='grc' dir='ltr'>τῇ</span> <span class='ocrx_word' id='word_1_127' title='bbox 1576 1637 1732 1691; x_wconf 86' lang='grc' dir='ltr'>πόσει</span> <span class='ocrx_word' id='word_1_128' title='bbox 1766 1639 2020 1704; x_wconf 81' lang='grc' dir='ltr'>ὀνειδιζό-</span> 
     </span>
    </p>
   </div>
   <div class='ocr_carea' id='block_1_19' title="bbox 448 1721 2022 1798">
    <p class='ocr_par' dir='ltr' id='par_1_19' title="bbox 448 1721 2022 1798">
     <span class='ocr_line' id='line_1_19' title="bbox 448 1721 2022 1798; baseline 0.01 -29"><span class='ocrx_word' id='word_1_129' title='bbox 448 1733 635 1787; x_wconf 89' lang='grc' dir='ltr'>μενος;</span> <span class='ocrx_word' id='word_1_130' title='bbox 681 1721 938 1792; x_wconf 82' lang='grc' dir='ltr'>Μετέχων</span> <span class='ocrx_word' id='word_1_131' title='bbox 981 1723 1208 1788; x_wconf 83' lang='grc' dir='ltr'>τούτων,</span> <span class='ocrx_word' id='word_1_132' title='bbox 1245 1725 1277 1796; x_wconf 76' lang='grc' dir='ltr'><strong>ἢ</strong></span> <span class='ocrx_word' id='word_1_133' title='bbox 1330 1727 1595 1798; x_wconf 85' lang='grc' dir='ltr'><strong>ἀμέτοχος</strong></span> <span class='ocrx_word' id='word_1_134' title='bbox 1624 1729 1731 1796; x_wconf 85' lang='grc' dir='ltr'>ῶν;</span> <span class='ocrx_word' id='word_1_135' title='bbox 1780 1731 1920 1784; x_wconf 83' lang='grc' dir='ltr'>Ἀλλ’</span> <span class='ocrx_word' id='word_1_136' title='bbox 1971 1733 2022 1786; x_wconf 84' lang='grc' dir='ltr'><strong>εί</strong></span> 
     </span>
    </p>
   </div>
   <div class='ocr_carea' id='block_1_20' title="bbox 448 1799 2098 1893">
    <p class='ocr_par' dir='ltr' id='par_1_20' title="bbox 448 1799 2098 1893">
     <span class='ocr_line' id='line_1_20' title="bbox 448 1799 2098 1893; baseline 0.01 -31"><span class='ocrx_word' id='word_1_137' title='bbox 448 1807 546 1878; x_wconf 84' lang='grc' dir='ltr'>μὲν</span> <span class='ocrx_word' id='word_1_138' title='bbox 571 1813 644 1882; x_wconf 78' lang='grc' dir='ltr'>μὴ</span> <span class='ocrx_word' id='word_1_139' title='bbox 674 1816 910 1884; x_wconf 83' lang='grc' dir='ltr'>μετεῖχε,</span> <span class='ocrx_word' id='word_1_140' title='bbox 940 1815 1162 1887; x_wconf 82' lang='grc' dir='ltr'>δόκησις</span> <span class='ocrx_word' id='word_1_141' title='bbox 1196 1813 1292 1889; x_wconf 79' lang='grc' dir='ltr'><strong>ἦν’</strong></span> <span class='ocrx_word' id='word_1_142' title='bbox 1324 1820 1370 1871; x_wconf 86' lang='grc' dir='ltr'><strong>εί</strong></span> <span class='ocrx_word' id='word_1_143' title='bbox 1409 1819 1463 1871; x_wconf 77' lang='grc' dir='ltr'><strong>δὲ</strong></span> <span class='ocrx_word' id='word_1_144' title='bbox 1487 1823 1936 1893; x_wconf 85' lang='grc' dir='ltr'>μετεῖχε,,γήῖνον</span> <span class='ocrx_word' id='word_1_145' title='bbox 1963 1824 2025 1878; x_wconf 93' lang='grc' dir='ltr'><strong>τὸ</strong></span> <span class='ocrx_word' id='word_1_146' title='bbox 2055 1799 2098 1858; x_wconf 73' lang='grc' dir='ltr'><strong><em>Β</em></strong></span> 
     </span>
    </p>
   </div>
   <div class='ocr_carea' id='block_1_21' title="bbox 447 1904 2026 1990">
    <p class='ocr_par' dir='ltr' id='par_1_21' title="bbox 447 1904 2026 1990">
     <span class='ocr_line' id='line_1_21' title="bbox 447 1904 2026 1990; baseline 0.013 -39"><span class='ocrx_word' id='word_1_147' title='bbox 447 1904 805 1976; x_wconf 86' lang='grc' dir='ltr'>μετεχόμενον</span> <span class='ocrx_word' id='word_1_148' title='bbox 829 1924 840 1936; x_wconf 71' lang='grc' dir='ltr'><strong><em>ο</em></strong></span> <span class='ocrx_word' id='word_1_149' title='bbox 872 1907 933 1960; x_wconf 90' lang='grc' dir='ltr'><strong>τὸ</strong></span> <span class='ocrx_word' id='word_1_150' title='bbox 963 1908 1020 1960; x_wconf 88' lang='grc' dir='ltr'>δὲ</span> <span class='ocrx_word' id='word_1_151' title='bbox 1048 1909 1299 1981; x_wconf 75' lang='grc' dir='ltr'>οὐράνιον</span> <span class='ocrx_word' id='word_1_152' title='bbox 1323 1911 1410 1966; x_wconf 88' lang='grc' dir='ltr'><strong>διά</strong></span> <span class='ocrx_word' id='word_1_153' title='bbox 1438 1912 1546 1967; x_wconf 90' lang='grc' dir='ltr'><strong>τῶν</strong></span> <span class='ocrx_word' id='word_1_154' title='bbox 1577 1916 1780 1986; x_wconf 80' lang='grc' dir='ltr'>γηΐνων</span> <span class='ocrx_word' id='word_1_155' title='bbox 1806 1917 1867 1970; x_wconf 83' lang='grc' dir='ltr'><strong>οὐ</strong></span> <span class='ocrx_word' id='word_1_156' title='bbox 1906 1916 2026 1990; x_wconf 86' lang='grc' dir='ltr'>τρέ-</span> 
     </span>
    </p>
   </div>
   <div class='ocr_carea' id='block_1_22' title="bbox 446 1999 2028 2083">
    <p class='ocr_par' dir='ltr' id='par_1_22' title="bbox 446 1999 2028 2083">
     <span class='ocr_line' id='line_1_22' title="bbox 446 1999 2028 2083; baseline 0.011 -36"><span class='ocrx_word' id='word_1_157' title='bbox 446 2012 627 2064; x_wconf 89' lang='grc' dir='ltr'>φεται.</span> <span class='ocrx_word' id='word_1_158' title='bbox 665 1999 728 2050; x_wconf 85' lang='grc' dir='ltr'><strong>Ὢ</strong></span> <span class='ocrx_word' id='word_1_159' title='bbox 755 2001 855 2070; x_wconf 83' lang='grc' dir='ltr'>τῆς</span> <span class='ocrx_word' id='word_1_160' title='bbox 882 2000 990 2054; x_wconf 89' lang='grc' dir='ltr'><strong>τῶν</strong></span> <span class='ocrx_word' id='word_1_161' title='bbox 1023 2003 1237 2059; x_wconf 80' lang='grc' dir='ltr'>ἀτόπων</span> <span class='ocrx_word' id='word_1_162' title='bbox 1273 2007 1674 2080; x_wconf 74' lang='grc' dir='ltr'>ὲναντιότητοςῐ</span> <span class='ocrx_word' id='word_1_163' title='bbox 1708 2010 1832 2073; x_wconf 89' lang='grc' dir='ltr'>Πῶς</span> <span class='ocrx_word' id='word_1_164' title='bbox 1865 2010 1923 2062; x_wconf 86' lang='grc' dir='ltr'>ὲν</span> <span class='ocrx_word' id='word_1_165' title='bbox 1948 2009 2028 2083; x_wconf 85' lang='grc' dir='ltr'>τῷ</span> 
     </span>
    </p>
   </div>
   <div class='ocr_carea' id='block_1_23' title="bbox 445 2087 2030 2171">
    <p class='ocr_par' dir='ltr' id='par_1_23' title="bbox 445 2087 2030 2171">
     <span class='ocr_line' id='line_1_23' title="bbox 445 2087 2030 2171; baseline 0.009 -31"><span class='ocrx_word' id='word_1_166' title='bbox 445 2087 598 2159; x_wconf 81' lang='grc' dir='ltr'>αὐτῷ</span> <span class='ocrx_word' id='word_1_167' title='bbox 648 2093 764 2154; x_wconf 91' lang='grc' dir='ltr'>τοῖς</span> <span class='ocrx_word' id='word_1_168' title='bbox 809 2093 1072 2158; x_wconf 81' lang='grc' dir='ltr'>ἐναντίοις</span> <span class='ocrx_word' id='word_1_169' title='bbox 1117 2096 1516 2152; x_wconf 75' lang='grc' dir='ltr'>καταϐάλλεται</span> <span class='ocrx_word' id='word_1_170' title='bbox 1574 2099 1832 2171; x_wconf 83' lang='grc' dir='ltr'>πτώμασι</span> <span class='ocrx_word' id='word_1_171' title='bbox 1863 2101 1877 2155; x_wconf 80' lang='lat' dir='ltr'><strong>i</strong></span> <span class='ocrx_word' id='word_1_172' title='bbox 1913 2101 2030 2156; x_wconf 84' lang='grc' dir='ltr'><strong>Νῦν</strong></span> 
     </span>
    </p>
   </div>
   <div class='ocr_carea' id='block_1_24' title="bbox 452 2179 2029 2263">
    <p class='ocr_par' dir='ltr' id='par_1_24' title="bbox 452 2179 2029 2263">
     <span class='ocr_line' id='line_1_24' title="bbox 452 2179 2029 2263; baseline 0.01 -31"><span class='ocrx_word' id='word_1_173' title='bbox 452 2179 551 2250; x_wconf 85' lang='grc' dir='ltr'><strong>μὲν</strong></span> <span class='ocrx_word' id='word_1_174' title='bbox 583 2181 751 2251; x_wconf 88' lang='grc' dir='ltr'>λέγει.</span> <span class='ocrx_word' id='word_1_175' title='bbox 784 2185 1070 2256; x_wconf 90' lang='grc' dir='ltr'>κρείττονα</span> <span class='ocrx_word' id='word_1_176' title='bbox 1105 2189 1206 2256; x_wconf 80' lang='grc' dir='ltr'>τῆς</span> <span class='ocrx_word' id='word_1_177' title='bbox 1253 2189 1597 2263; x_wconf 80' lang='grc' dir='ltr'>ἀνθρωπίνης</span> <span class='ocrx_word' id='word_1_178' title='bbox 1632 2191 1847 2261; x_wconf 80' lang='grc' dir='ltr'>φύσεως</span> <span class='ocrx_word' id='word_1_179' title='bbox 1890 2190 2029 2247; x_wconf 83' lang='grc' dir='ltr'>εἷναι</span> 
     </span>
    </p>
   </div>
   <div class='ocr_carea' id='block_1_25' title="bbox 447 2271 2032 2353">
    <p class='ocr_par' dir='ltr' id='par_1_25' title="bbox 447 2271 2032 2353">
     <span class='ocr_line' id='line_1_25' title="bbox 447 2271 2032 2353; baseline 0.008 -28"><span class='ocrx_word' id='word_1_180' title='bbox 447 2271 540 2326; x_wconf 89' lang='grc' dir='ltr'><strong>τὸν</strong></span> <span class='ocrx_word' id='word_1_181' title='bbox 571 2277 897 2344; x_wconf 83' lang='grc' dir='ltr'>σωματικῶς</span> <span class='ocrx_word' id='word_1_182' title='bbox 954 2281 1386 2352; x_wconf 81' lang='grc' dir='ltr'>προφαινόμενον</span> <span class='ocrx_word' id='word_1_183' title='bbox 1427 2283 1558 2353; x_wconf 90' lang='grc'><strong>(77).</strong></span> <span class='ocrx_word' id='word_1_184' title='bbox 1609 2284 1777 2338; x_wconf 85' lang='grc' dir='ltr'>Πάλιν</span> <span class='ocrx_word' id='word_1_185' title='bbox 1828 2284 1886 2338; x_wconf 82' lang='grc' dir='ltr'>δὲ</span> <span class='ocrx_word' id='word_1_186' title='bbox 1937 2285 2032 2338; x_wconf 79' lang='grc' dir='ltr'><strong>καὶ</strong></span> 
     </span>
    </p>
   </div>
   <div class='ocr_carea' id='block_1_26' title="bbox 450 2362 2033 2446">
    <p class='ocr_par' dir='ltr' id='par_1_26' title="bbox 450 2362 2033 2446">
     <span class='ocr_line' id='line_1_26' title="bbox 450 2362 2033 2446; baseline 0.009 -31"><span class='ocrx_word' id='word_1_187' title='bbox 450 2362 559 2418; x_wconf 89' lang='grc' dir='ltr'><strong>τῶν</strong></span> <span class='ocrx_word' id='word_1_188' title='bbox 615 2364 917 2436; x_wconf 82' lang='grc' dir='ltr'>ἀνθρώπων</span> <span class='ocrx_word' id='word_1_189' title='bbox 967 2371 1389 2442; x_wconf 84' lang='grc' dir='ltr'>καταδεέστερον</span> <span class='ocrx_word' id='word_1_190' title='bbox 1432 2373 1725 2436; x_wconf 83' lang='grc' dir='ltr'>δείκνυσιν,</span> <span class='ocrx_word' id='word_1_191' title='bbox 1775 2375 2033 2446; x_wconf 79' lang='grc' dir='ltr'>ἠκρωτη-</span> 
     </span>
    </p>
   </div>
   <div class='ocr_carea' id='block_1_27' title="bbox 457 2456 2032 2536">
    <p class='ocr_par' dir='ltr' id='par_1_27' title="bbox 457 2456 2032 2536">
     <span class='ocr_line' id='line_1_27' title="bbox 457 2456 2032 2536; baseline 0.008 -29"><span class='ocrx_word' id='word_1_192' title='bbox 457 2456 744 2526; x_wconf 84' lang='grc' dir='ltr'>ριασμένον</span> <span class='ocrx_word' id='word_1_193' title='bbox 774 2457 850 2528; x_wconf 83' lang='grc' dir='ltr'>τῷ</span> <span class='ocrx_word' id='word_1_194' title='bbox 877 2461 1165 2531; x_wconf 83' lang='grc' dir='ltr'>κρείττονι.</span> <span class='ocrx_word' id='word_1_195' title='bbox 1202 2463 1321 2516; x_wconf 81' lang='grc' dir='ltr'>Τῶν</span> <span class='ocrx_word' id='word_1_196' title='bbox 1353 2462 1462 2534; x_wconf 81' lang='grc' dir='ltr'>γὰρ</span> <span class='ocrx_word' id='word_1_197' title='bbox 1505 2464 1563 2515; x_wconf 87' lang='grc' dir='ltr'>ὲν</span> <span class='ocrx_word' id='word_1_198' title='bbox 1593 2465 1724 2534; x_wconf 81' lang='grc' dir='ltr'>ἡμῖν</span> <span class='ocrx_word' id='word_1_199' title='bbox 1765 2465 1828 2518; x_wconf 89' lang='grc' dir='ltr'><strong>τὸ</strong></span> <span class='ocrx_word' id='word_1_200' title='bbox 1860 2466 2032 2536; x_wconf 76' lang='grc' dir='ltr'>ὑπερ-</span> 
     </span>
    </p>
   </div>
   <div class='ocr_carea' id='block_1_28' title="bbox 453 2547 2035 2629">
    <p class='ocr_par' dir='ltr' id='par_1_28' title="bbox 453 2547 2035 2629">
     <span class='ocr_line' id='line_1_28' title="bbox 453 2547 2035 2629; baseline 0.007 -30"><span class='ocrx_word' id='word_1_201' title='bbox 453 2547 578 2616; x_wconf 87' lang='grc' dir='ltr'>έχον</span> <span class='ocrx_word' id='word_1_202' title='bbox 627 2550 773 2602; x_wconf 71' lang='grc' dir='ltr'>ἐστὶν</span> <span class='ocrx_word' id='word_1_203' title='bbox 823 2552 856 2621; x_wconf 85' lang='grc' dir='ltr'>ὴ</span> <span class='ocrx_word' id='word_1_204' title='bbox 914 2551 1143 2617; x_wconf 82' lang='grc' dir='ltr'>διάνοια,</span> <span class='ocrx_word' id='word_1_205' title='bbox 1170 2551 1238 2627; x_wconf 84' lang='grc' dir='ltr'>ἦς</span> <span class='ocrx_word' id='word_1_206' title='bbox 1282 2555 1509 2628; x_wconf 79' lang='grc' dir='ltr'>ἄμοιρον</span> <span class='ocrx_word' id='word_1_207' title='bbox 1546 2551 1686 2610; x_wconf 82' lang='grc' dir='ltr'>εἶναι</span> <span class='ocrx_word' id='word_1_208' title='bbox 1731 2558 1830 2629; x_wconf 87' lang='grc' dir='ltr'>τὴν</span> <span class='ocrx_word' id='word_1_209' title='bbox 1858 2559 2035 2628; x_wconf 85' lang='grc' dir='ltr'>σάρκα</span> 
     </span>
    </p>
   </div>
   <div class='ocr_carea' id='block_1_29' title="bbox 454 2633 2035 2716">
    <p class='ocr_par' dir='ltr' id='par_1_29' title="bbox 454 2633 2035 2716">
     <span class='ocr_line' id='line_1_29' title="bbox 454 2633 2035 2716; baseline 0.008 -29"><span class='ocrx_word' id='word_1_210' title='bbox 454 2636 622 2704; x_wconf 85' lang='grc' dir='ltr'>λέγει.</span> <span class='ocrx_word' id='word_1_211' title='bbox 648 2639 704 2690; x_wconf 84' lang='grc' dir='ltr'>ὲν</span> <span class='ocrx_word' id='word_1_212' title='bbox 795 2640 823 2691; x_wconf 87' lang='grc' dir='ltr'><strong>ό</strong></span> <span class='ocrx_word' id='word_1_213' title='bbox 858 2639 990 2704; x_wconf 84' lang='grc' dir='ltr'>Θεὸς</span> <span class='ocrx_word' id='word_1_214' title='bbox 1021 2643 1338 2715; x_wconf 81' lang='grc' dir='ltr'>ἐφανερώθη</span> <span class='ocrx_word' id='word_1_215' title='bbox 1363 2661 1377 2676; x_wconf 87' lang='grc'><strong>·</strong></span> <span class='ocrx_word' id='word_1_216' title='bbox 1418 2645 1693 2700; x_wconf 79' lang='grc' dir='ltr'>καὶτοῦτο</span> <span class='ocrx_word' id='word_1_217' title='bbox 1725 2647 1908 2716; x_wconf 88' lang='grc' dir='ltr'>σαφῶς</span> <span class='ocrx_word' id='word_1_218' title='bbox 1949 2647 2035 2700; x_wconf 90' lang='grc' dir='ltr'><strong>διά</strong></span> 
     </span>
    </p>
   </div>
   <div class='ocr_carea' id='block_1_30' title="bbox 455 2728 2037 2810">
    <p class='ocr_par' dir='ltr' id='par_1_30' title="bbox 455 2728 2037 2810">
     <span class='ocr_line' id='line_1_30' title="bbox 455 2728 2037 2810; baseline 0.008 -29"><span class='ocrx_word' id='word_1_219' title='bbox 455 2728 564 2782; x_wconf 86' lang='grc' dir='ltr'><strong>τῶν</strong></span> <span class='ocrx_word' id='word_1_220' title='bbox 586 2730 782 2802; x_wconf 77' lang='grc' dir='ltr'>ἐφεξῆς</span> <span class='ocrx_word' id='word_1_221' title='bbox 811 2731 1038 2802; x_wconf 85' lang='grc' dir='ltr'>ἀγώνων</span> <span class='ocrx_word' id='word_1_222' title='bbox 1076 2736 1517 2802; x_wconf 82' lang='grc' dir='ltr'>κατασκευάζων,</span> <span class='ocrx_word' id='word_1_223' title='bbox 1553 2739 1638 2808; x_wconf 79' lang='grc' dir='ltr'><strong>ἐφ’</strong></span> <span class='ocrx_word' id='word_1_224' title='bbox 1671 2732 1745 2792; x_wconf 83' lang='grc' dir='ltr'>ὧν</span> <span class='ocrx_word' id='word_1_225' title='bbox 1771 2741 1819 2792; x_wconf 87' lang='grc' dir='ltr'><strong>εί</strong></span> <span class='ocrx_word' id='word_1_226' title='bbox 1851 2741 1924 2810; x_wconf 87' lang='grc' dir='ltr'>μή</span> <span class='ocrx_word' id='word_1_227' title='bbox 1951 2757 2037 2804; x_wconf 91' lang='grc' dir='ltr'><strong>τις</strong></span> 
     </span>
    </p>
   </div>
   <div class='ocr_carea' id='block_1_31' title="bbox 456 2823 2034 2904">
    <p class='ocr_par' dir='ltr' id='par_1_31' title="bbox 456 2823 2034 2904">
     <span class='ocr_line' id='line_1_31' title="bbox 456 2823 2034 2904; baseline 0.008 -31"><span class='ocrx_word' id='word_1_228' title='bbox 456 2823 710 2893; x_wconf 83' lang='grc' dir='ltr'>περιττὸν</span> <span class='ocrx_word' id='word_1_229' title='bbox 735 2825 920 2895; x_wconf 79' lang='grc' dir='ltr'>ἡγοῖτο</span> <span class='ocrx_word' id='word_1_230' title='bbox 946 2827 1044 2898; x_wconf 81' lang='grc' dir='ltr'><strong>τὴν</strong></span> <span class='ocrx_word' id='word_1_231' title='bbox 1078 2829 1308 2901; x_wconf 82' lang='grc' dir='ltr'>ἐπιμελῆ</span> <span class='ocrx_word' id='word_1_232' title='bbox 1350 2831 1458 2885; x_wconf 90' lang='grc' dir='ltr'><strong>τῶν</strong></span> <span class='ocrx_word' id='word_1_233' title='bbox 1484 2833 1728 2904; x_wconf 77' lang='grc' dir='ltr'>ματαίων</span> <span class='ocrx_word' id='word_1_234' title='bbox 1768 2832 2034 2899; x_wconf 77' lang='grc' dir='ltr'>ἐξέτασιν,</span> 
     </span>
    </p>
   </div>
   <div class='ocr_carea' id='block_1_32' title="bbox 456 2909 2037 2994">
    <p class='ocr_par' dir='ltr' id='par_1_32' title="bbox 456 2909 2037 2994">
     <span class='ocr_line' id='line_1_32' title="bbox 456 2909 2037 2994; baseline 0.008 -31"><span class='ocrx_word' id='word_1_235' title='bbox 456 2909 522 2964; x_wconf 78' lang='grc' dir='ltr'>δι’</span> <span class='ocrx_word' id='word_1_236' title='bbox 555 2912 750 2980; x_wconf 84' lang='grc' dir='ltr'>ὀλίγων</span> <span class='ocrx_word' id='word_1_237' title='bbox 773 2917 883 2978; x_wconf 90' lang='grc' dir='ltr'>τοῖς</span> <span class='ocrx_word' id='word_1_238' title='bbox 917 2918 1226 2988; x_wconf 81' lang='grc' dir='ltr'>εἰρημένοις</span> <span class='ocrx_word' id='word_1_239' title='bbox 1251 2921 1718 2993; x_wconf 77' lang='grc' dir='ltr'>ὲπιδραμούμεθα.</span> <span class='ocrx_word' id='word_1_240' title='bbox 1742 2923 1907 2976; x_wconf 78' lang='grc' dir='ltr'>Πάλιν</span> <span class='ocrx_word' id='word_1_241' title='bbox 1931 2925 2037 2994; x_wconf 78' lang='grc' dir='ltr'>γὰρ</span> 
     </span>
    </p>
   </div>
   <div class='ocr_carea' id='block_1_33' title="bbox 457 3002 2036 3086">
    <p class='ocr_par' dir='ltr' id='par_1_33' title="bbox 457 3002 2036 3086">
     <span class='ocr_line' id='line_1_33' title="bbox 457 3002 2036 3086; baseline 0.009 -32"><span class='ocrx_word' id='word_1_242' title='bbox 457 3002 660 3074; x_wconf 78' lang='grc' dir='ltr'>πλῆθος</span> <span class='ocrx_word' id='word_1_243' title='bbox 698 3005 906 3076; x_wconf 76' lang='grc' dir='ltr'>ὕϐρεων</span> <span class='ocrx_word' id='word_1_244' title='bbox 954 3009 1294 3081; x_wconf 82' lang='grc' dir='ltr'>ἐπαντλήσας</span> <span class='ocrx_word' id='word_1_245' title='bbox 1323 3015 1387 3084; x_wconf 83' lang='grc' dir='ltr'>τῇ</span> <span class='ocrx_word' id='word_1_246' title='bbox 1441 3017 1751 3086; x_wconf 73' lang='grc' dir='ltr'>συγγραφῇ,</span> <span class='ocrx_word' id='word_1_247' title='bbox 1798 3014 2036 3068; x_wconf 81' lang='grc' dir='ltr'>τοιοῦτον</span> 
     </span>
    </p>
   </div>
   <div class='ocr_carea' id='block_1_34' title="bbox 459 3095 2038 3174">
    <p class='ocr_par' dir='ltr' id='par_1_34' title="bbox 459 3095 2038 3174">
     <span class='ocr_line' id='line_1_34' title="bbox 459 3095 2038 3174; baseline 0.008 -27"><span class='ocrx_word' id='word_1_248' title='bbox 459 3095 579 3148; x_wconf 85' lang='grc' dir='ltr'>καθ’</span> <span class='ocrx_word' id='word_1_249' title='bbox 599 3098 631 3167; x_wconf 86' lang='grc' dir='ltr'><strong>ἠ</strong></span> <span class='ocrx_word' id='word_1_250' title='bbox 641 3096 757 3166; x_wconf 88' lang='grc' dir='ltr'><strong>μῶν</strong></span> <span class='ocrx_word' id='word_1_251' title='bbox 783 3097 936 3168; x_wconf 88' lang='grc' dir='ltr'>λόγον</span> <span class='ocrx_word' id='word_1_252' title='bbox 953 3101 1306 3170; x_wconf 85' lang='grc' dir='ltr'>προτείνεται.</span> <span class='ocrx_word' id='word_1_253' title='bbox 1331 3103 1538 3158; x_wconf 88' lang='grc' dir='ltr'>ἀδικεῖν</span> <span class='ocrx_word' id='word_1_254' title='bbox 1567 3105 1739 3174; x_wconf 83' lang='grc' dir='ltr'>λέγων</span> <span class='ocrx_word' id='word_1_255' title='bbox 1761 3107 1886 3171; x_wconf 81' lang='grc' dir='ltr'>τοὺς</span> <span class='ocrx_word' id='word_1_256' title='bbox 1911 3107 2038 3159; x_wconf 78' lang='grc' dir='ltr'><strong>ταὺ-</strong></span> 
     </span>
    </p>
   </div>
   <div class='ocr_carea' id='block_1_35' title="bbox 457 3184 2036 3268">
    <p class='ocr_par' dir='ltr' id='par_1_35' title="bbox 457 3184 2036 3268">
     <span class='ocr_line' id='line_1_35' title="bbox 457 3184 2036 3268; baseline 0.008 -29"><span class='ocrx_word' id='word_1_257' title='bbox 457 3187 549 3240; x_wconf 87' lang='grc' dir='ltr'><strong>τὸν</strong></span> <span class='ocrx_word' id='word_1_258' title='bbox 578 3184 718 3242; x_wconf 75' lang='grc' dir='ltr'>εἶναι</span> <span class='ocrx_word' id='word_1_259' title='bbox 778 3189 1084 3256; x_wconf 87' lang='grc' dir='ltr'>φάσκοντας</span> <span class='ocrx_word' id='word_1_260' title='bbox 1127 3195 1330 3263; x_wconf 89' lang='grc' dir='ltr'>σαρκὸς</span> <span class='ocrx_word' id='word_1_261' title='bbox 1381 3195 1576 3249; x_wconf 78' lang='grc' dir='ltr'>ἕνωσιν</span> <span class='ocrx_word' id='word_1_262' title='bbox 1621 3197 1717 3250; x_wconf 70' lang='grc' dir='ltr'>καὶ</span> <span class='ocrx_word' id='word_1_263' title='bbox 1748 3197 2036 3268; x_wconf 84' lang='grc' dir='ltr'>ἀνθρώπου</span> 
     </span>
    </p>
   </div>
   <div class='ocr_carea' id='block_1_36' title="bbox 460 3279 2038 3363">
    <p class='ocr_par' dir='ltr' id='par_1_36' title="bbox 460 3279 2038 3363">
     <span class='ocr_line' id='line_1_36' title="bbox 460 3279 2038 3363; baseline 0.008 -30"><span class='ocrx_word' id='word_1_264' title='bbox 460 3279 782 3350; x_wconf 65' lang='grc' dir='ltr'>πρόσληψιν.</span> <span class='ocrx_word' id='word_1_265' title='bbox 829 3281 969 3350; x_wconf 85' lang='grc' dir='ltr'>Ἐγὼ</span> <span class='ocrx_word' id='word_1_266' title='bbox 999 3283 1054 3336; x_wconf 83' lang='grc' dir='ltr'>δὲ</span> <span class='ocrx_word' id='word_1_267' title='bbox 1092 3285 1198 3339; x_wconf 78' lang='grc' dir='ltr'>κᾶν</span> <span class='ocrx_word' id='word_1_268' title='bbox 1227 3287 1608 3360; x_wconf 81' lang='grc' dir='ltr'>ἀγροικότερον</span> <span class='ocrx_word' id='word_1_269' title='bbox 1640 3287 1777 3344; x_wconf 83' lang='grc' dir='ltr'>εἶναι</span> <span class='ocrx_word' id='word_1_270' title='bbox 1820 3291 1948 3363; x_wconf 84' lang='grc' dir='ltr'>δοκῇ</span> <span class='ocrx_word' id='word_1_271' title='bbox 1977 3293 2038 3345; x_wconf 91' lang='grc' dir='ltr'><strong>τὸ</strong></span> 
     </span>
    </p>
   </div>
   <div class='ocr_carea' id='block_1_37' title="bbox 459 3368 2038 3452">
    <p class='ocr_par' dir='ltr' id='par_1_37' title="bbox 459 3368 2038 3452">
     <span class='ocr_line' id='line_1_37' title="bbox 459 3368 2038 3452; baseline 0.011 -32"><span class='ocrx_word' id='word_1_272' title='bbox 459 3368 768 3440; x_wconf 81' lang='grc' dir='ltr'>λεγόμενον,</span> <span class='ocrx_word' id='word_1_273' title='bbox 799 3375 898 3428; x_wconf 81' lang='grc' dir='ltr'><strong>οὐκ</strong></span> <span class='ocrx_word' id='word_1_274' title='bbox 944 3375 1316 3448; x_wconf 79' lang='grc' dir='ltr'>ἐπικρύψομαι</span> <span class='ocrx_word' id='word_1_275' title='bbox 1343 3377 1441 3448; x_wconf 85' lang='grc' dir='ltr'>τὴν</span> <span class='ocrx_word' id='word_1_276' title='bbox 1483 3380 1762 3452; x_wconf 81' lang='grc' dir='ltr'>ἀλήθειαν,</span> <span class='ocrx_word' id='word_1_277' title='bbox 1799 3383 1879 3436; x_wconf 76' lang='grc' dir='ltr'><strong>ὅτι</strong></span> <span class='ocrx_word' id='word_1_278' title='bbox 1922 3383 2038 3440; x_wconf 71' lang='grc' dir='ltr'>οὔθ’</span> 
     </span>
    </p>
   </div>
   <div class='ocr_carea' id='block_1_38' title="bbox 460 3464 2038 3545">
    <p class='ocr_par' dir='ltr' id='par_1_38' title="bbox 460 3464 2038 3545">
     <span class='ocr_line' id='line_1_38' title="bbox 460 3464 2038 3545; baseline 0.008 -29"><span class='ocrx_word' id='word_1_279' title='bbox 460 3464 647 3536; x_wconf 74' lang='grc' dir='ltr'>ἕτερον</span> <span class='ocrx_word' id='word_1_280' title='bbox 695 3467 802 3519; x_wconf 90' lang='grc' dir='ltr'><strong>τῶν</strong></span> <span class='ocrx_word' id='word_1_281' title='bbox 845 3469 1149 3538; x_wconf 77' lang='grc' dir='ltr'>εἰρημένων</span> <span class='ocrx_word' id='word_1_282' title='bbox 1184 3471 1213 3524; x_wconf 88' lang='lat'><strong>6</strong></span> <span class='ocrx_word' id='word_1_283' title='bbox 1269 3470 1391 3525; x_wconf 86' lang='grc' dir='ltr'>καθ’</span> <span class='ocrx_word' id='word_1_284' title='bbox 1442 3473 1588 3542; x_wconf 75' lang='grc' dir='ltr'>ἡμᾶς</span> <span class='ocrx_word' id='word_1_285' title='bbox 1620 3473 1924 3545; x_wconf 84' lang='grc' dir='ltr'>ἰδιωτισμὸς</span> <span class='ocrx_word' id='word_1_286' title='bbox 1971 3476 2038 3529; x_wconf 89' lang='grc' dir='ltr'>δι’</span> 
     </span>
    </p>
   </div>
   <div class='ocr_carea' id='block_1_39' title="bbox 461 3557 2040 3636">
    <p class='ocr_par' dir='ltr' id='par_1_39' title="bbox 461 3557 2040 3636">
     <span class='ocr_line' id='line_1_39' title="bbox 461 3557 2040 3636; baseline 0.006 -26"><span class='ocrx_word' id='word_1_287' title='bbox 461 3557 745 3628; x_wconf 78' lang='grc' dir='ltr'>ἀκριϐείας</span> <span class='ocrx_word' id='word_1_288' title='bbox 765 3559 983 3632; x_wconf 84' lang='grc' dir='ltr'>συνίστη</span> <span class='ocrx_word' id='word_1_289' title='bbox 992 3578 1062 3615; x_wconf 91' lang='grc' dir='ltr'>σι.</span> <span class='ocrx_word' id='word_1_290' title='bbox 1077 3560 1140 3614; x_wconf 85' lang='grc' dir='ltr'>Τί</span> <span class='ocrx_word' id='word_1_291' title='bbox 1153 3562 1260 3634; x_wconf 86' lang='grc' dir='ltr'>γὰρ</span> <span class='ocrx_word' id='word_1_292' title='bbox 1271 3563 1515 3633; x_wconf 80' lang='grc' dir='ltr'>διαφέρει</span> <span class='ocrx_word' id='word_1_293' title='bbox 1532 3567 1731 3636; x_wconf 85' lang='grc' dir='ltr'>σαρκὸς</span> <span class='ocrx_word' id='word_1_294' title='bbox 1743 3567 1933 3629; x_wconf 76' lang='grc' dir='ltr'>ἕνωσις</span> <span class='ocrx_word' id='word_1_295' title='bbox 1947 3568 2040 3620; x_wconf 75' lang='grc' dir='ltr'><strong>καὶ</strong></span> 
     </span>
    </p>
   </div>
   <div class='ocr_carea' id='block_1_40' title="bbox 462 3647 2040 3730">
    <p class='ocr_par' dir='ltr' id='par_1_40' title="bbox 462 3647 2040 3730">
     <span class='ocr_line' id='line_1_40' title="bbox 462 3647 2040 3730; baseline 0.008 -29"><span class='ocrx_word' id='word_1_296' title='bbox 462 3647 750 3719; x_wconf 85' lang='grc' dir='ltr'>ἀνθρώπου</span> <span class='ocrx_word' id='word_1_297' title='bbox 768 3651 1089 3722; x_wconf 73' lang='grc' dir='ltr'>πρόσληψις,</span> <span class='ocrx_word' id='word_1_298' title='bbox 1111 3654 1308 3708; x_wconf 76' lang='grc' dir='ltr'>οὑτωσὶ</span> <span class='ocrx_word' id='word_1_299' title='bbox 1325 3657 1465 3708; x_wconf 78' lang='grc' dir='ltr'>κατὰ</span> <span class='ocrx_word' id='word_1_300' title='bbox 1478 3655 1538 3709; x_wconf 89' lang='grc' dir='ltr'><strong>τὸ</strong></span> <span class='ocrx_word' id='word_1_301' title='bbox 1554 3658 1840 3729; x_wconf 86' lang='grc' dir='ltr'>πρόχειρον</span> <span class='ocrx_word' id='word_1_302' title='bbox 1865 3660 2040 3730; x_wconf 78' lang='grc' dir='ltr'>ἑρμη-</span> 
     </span>
    </p>
   </div>
   <div class='ocr_carea' id='block_1_41' title="bbox 463 3739 2040 3822">
    <p class='ocr_par' dir='ltr' id='par_1_41' title="bbox 463 3739 2040 3822">
     <span class='ocr_line' id='line_1_41' title="bbox 463 3739 2040 3822; baseline 0.009 -31"><span class='ocrx_word' id='word_1_303' title='bbox 463 3739 641 3793; x_wconf 86' lang='grc' dir='ltr'>νεύειν</span> <span class='ocrx_word' id='word_1_304' title='bbox 673 3741 773 3794; x_wconf 85' lang='grc' dir='ltr'><strong>οὐκ</strong></span> <span class='ocrx_word' id='word_1_305' title='bbox 797 3741 1046 3813; x_wconf 75' lang='grc' dir='ltr'>εὔπορον,</span> <span class='ocrx_word' id='word_1_306' title='bbox 1082 3744 1216 3798; x_wconf 80' lang='grc' dir='ltr'>διότι</span> <span class='ocrx_word' id='word_1_307' title='bbox 1241 3746 1522 3817; x_wconf 84' lang='grc' dir='ltr'>πολλαχῶς</span> <span class='ocrx_word' id='word_1_308' title='bbox 1559 3753 1756 3803; x_wconf 86' lang='grc' dir='ltr'>νοεῖται</span> <span class='ocrx_word' id='word_1_309' title='bbox 1785 3753 1816 3822; x_wconf 84' lang='grc' dir='ltr'><strong>ή</strong></span> <span class='ocrx_word' id='word_1_310' title='bbox 1849 3751 2040 3815; x_wconf 80' lang='grc' dir='ltr'>’ένωσις</span> 
     </span>
    </p>
   </div>
   <div class='ocr_carea' id='block_1_42' title="bbox 465 3832 2043 3913">
    <p class='ocr_par' dir='ltr' id='par_1_42' title="bbox 465 3832 2043 3913">
     <span class='ocr_line' id='line_1_42' title="bbox 465 3832 2043 3913; baseline 0.009 -29"><span class='ocrx_word' id='word_1_311' title='bbox 465 3833 559 3884; x_wconf 77' lang='grc' dir='ltr'>καὶ</span> <span class='ocrx_word' id='word_1_312' title='bbox 575 3832 814 3904; x_wconf 82' lang='grc' dir='ltr'>ἀριθμῷ,</span> <span class='ocrx_word' id='word_1_313' title='bbox 835 3835 1090 3897; x_wconf 78' lang='grc' dir='ltr'>καὶείδει,</span> <span class='ocrx_word' id='word_1_314' title='bbox 1104 3836 1197 3890; x_wconf 71' lang='grc' dir='ltr'><strong>καὶ</strong></span> <span class='ocrx_word' id='word_1_315' title='bbox 1211 3837 1389 3906; x_wconf 78' lang='grc' dir='ltr'>φύσει,</span> <span class='ocrx_word' id='word_1_316' title='bbox 1405 3843 1499 3894; x_wconf 78' lang='grc' dir='ltr'>καὶ</span> <span class='ocrx_word' id='word_1_317' title='bbox 1519 3842 1932 3913; x_wconf 80' lang='grc' dir='ltr'>ἐπιτηδεύμασι,</span> <span class='ocrx_word' id='word_1_318' title='bbox 1949 3847 2043 3898; x_wconf 87' lang='grc' dir='ltr'><strong>καί</strong></span> 
     </span>
    </p>
   </div>
   <div class='ocr_carea' id='block_1_43' title="bbox 470 3925 2043 4007">
    <p class='ocr_par' dir='ltr' id='par_1_43' title="bbox 470 3925 2043 4007">
     <span class='ocr_line' id='line_1_43' title="bbox 470 3925 2043 4007; baseline 0.008 -30"><span class='ocrx_word' id='word_1_319' title='bbox 470 3925 777 3997; x_wconf 83' lang='grc' dir='ltr'>μαθήμασι,</span> <span class='ocrx_word' id='word_1_320' title='bbox 801 3927 1023 3992; x_wconf 77' lang='grc' dir='ltr'>καὶτοῖς</span> <span class='ocrx_word' id='word_1_321' title='bbox 1045 3929 1186 3982; x_wconf 88' lang='grc' dir='ltr'><strong>κατά</strong></span> <span class='ocrx_word' id='word_1_322' title='bbox 1210 3931 1375 3997; x_wconf 81' lang='grc' dir='ltr'>κακά,</span> <span class='ocrx_word' id='word_1_323' title='bbox 1394 3931 1426 4002; x_wconf 83' lang='grc' dir='ltr'><strong>ἥ</strong></span> <span class='ocrx_word' id='word_1_324' title='bbox 1447 3933 1646 4004; x_wconf 81' lang='grc' dir='ltr'>ἀρετὴν</span> <span class='ocrx_word' id='word_1_325' title='bbox 1663 3935 1774 4004; x_wconf 85' lang='grc'><strong>(78)</strong></span> <span class='ocrx_word' id='word_1_326' title='bbox 1793 3935 2043 4007; x_wconf 81' lang='grc' dir='ltr'>ίδιώμασι</span> 
     </span>
    </p>
   </div>
   <div class='ocr_carea' id='block_1_44' title="bbox 468 4013 2041 4093">
    <p class='ocr_par' dir='ltr' id='par_1_44' title="bbox 468 4013 2041 4093">
     <span class='ocr_line' id='line_1_44' title="bbox 468 4013 2041 4093; baseline 0.01 -29"><span class='ocrx_word' id='word_1_327' title='bbox 468 4013 561 4065; x_wconf 74' lang='grc' dir='ltr'>καὶ</span> <span class='ocrx_word' id='word_1_328' title='bbox 576 4013 988 4085; x_wconf 78' lang='grc' dir='ltr'>ἐπιτηδεύμασι.</span> <span class='ocrx_word' id='word_1_329' title='bbox 1015 4016 1057 4068; x_wconf 89' lang='grc' dir='ltr'><strong>Τ</strong></span> <span class='ocrx_word' id='word_1_330' title='bbox 1064 4016 1109 4080; x_wconf 91' lang='grc' dir='ltr'><strong>ίς</strong></span> <span class='ocrx_word' id='word_1_331' title='bbox 1131 4013 1224 4071; x_wconf 80' lang='grc' dir='ltr'><strong>οὖν</strong></span> <span class='ocrx_word' id='word_1_332' title='bbox 1257 4020 1451 4092; x_wconf 81' lang='grc' dir='ltr'>ἐστινὴ</span> <span class='ocrx_word' id='word_1_333' title='bbox 1477 4022 1578 4091; x_wconf 81' lang='grc' dir='ltr'><strong>τῆς</strong></span> <span class='ocrx_word' id='word_1_334' title='bbox 1600 4023 1800 4093; x_wconf 85' lang='grc' dir='ltr'>σαρκὸς</span> <span class='ocrx_word' id='word_1_335' title='bbox 1829 4025 2041 4090; x_wconf 69' lang='grc' dir='ltr'>ἓιιωσις,</span> 
     </span>
    </p>
   </div>
   <div class='ocr_carea' id='block_1_45' title="bbox 468 4101 2046 4187">
    <p class='ocr_par' dir='ltr' id='par_1_45' title="bbox 468 4101 2046 4187">
     <span class='ocr_line' id='line_1_45' title="bbox 468 4101 2046 4187; baseline 0.013 -34"><span class='ocrx_word' id='word_1_336' title='bbox 468 4101 580 4155; x_wconf 73' lang='grc' dir='ltr'>εἴτε</span> <span class='ocrx_word' id='word_1_337' title='bbox 601 4104 734 4175; x_wconf 85' lang='grc' dir='ltr'>πρὸς</span> <span class='ocrx_word' id='word_1_338' title='bbox 754 4105 972 4177; x_wconf 78' lang='grc' dir='ltr'>ἑαυτὴν,</span> <span class='ocrx_word' id='word_1_339' title='bbox 999 4107 1105 4160; x_wconf 86' lang='grc' dir='ltr'>εῖτε</span> <span class='ocrx_word' id='word_1_340' title='bbox 1132 4109 1267 4181; x_wconf 86' lang='grc' dir='ltr'>πρὸς</span> <span class='ocrx_word' id='word_1_341' title='bbox 1288 4111 1474 4182; x_wconf 72' lang='grc' dir='ltr'>ἕτερον</span> <span class='ocrx_word' id='word_1_342' title='bbox 1498 4113 1760 4186; x_wconf 83' lang='grc' dir='ltr'>ὲνουμένη</span> <span class='ocrx_word' id='word_1_343' title='bbox 1782 4115 1916 4187; x_wconf 85' lang='grc'><strong>(79),</strong></span> <span class='ocrx_word' id='word_1_344' title='bbox 1937 4119 2046 4174; x_wconf 86' lang='grc' dir='ltr'><strong>τῶν</strong></span> 
     </span>
    </p>
   </div>
   <div class='ocr_carea' id='block_1_46' title="bbox 470 4197 2048 4284">
    <p class='ocr_par' dir='ltr' id='par_1_46' title="bbox 470 4197 2048 4284">
     <span class='ocr_line' id='line_1_46' title="bbox 470 4197 2048 4284; baseline 0.008 -34"><span class='ocrx_word' id='word_1_345' title='bbox 470 4197 878 4268; x_wconf 78' lang='grc' dir='ltr'>ἐρμηνευόντων</span> <span class='ocrx_word' id='word_1_346' title='bbox 916 4198 1007 4252; x_wconf 86' lang='grc' dir='ltr'><strong>τὸν</strong></span> <span class='ocrx_word' id='word_1_347' title='bbox 1039 4201 1196 4269; x_wconf 85' lang='grc' dir='ltr'>λόγον</span> <span class='ocrx_word' id='word_1_348' title='bbox 1226 4203 1476 4272; x_wconf 86' lang='grc' dir='ltr'>δεόμεθα.</span> <span class='ocrx_word' id='word_1_349' title='bbox 1511 4205 1584 4259; x_wconf 85' lang='grc' dir='ltr'><em>’Ἡ</em></span> <span class='ocrx_word' id='word_1_350' title='bbox 1616 4223 1676 4259; x_wconf 90' lang='grc' dir='ltr'><strong>τε</strong></span> <span class='ocrx_word' id='word_1_351' title='bbox 1708 4208 1802 4261; x_wconf 83' lang='grc' dir='ltr'>τοῦ</span> <span class='ocrx_word' id='word_1_352' title='bbox 1845 4209 2048 4284; x_wconf 86' lang='grc' dir='ltr'>ἀνθρώ-</span> 
     </span>
    </p>
   </div>
   <div class='ocr_carea' id='block_1_47' title="bbox 470 4289 2050 4367">
    <p class='ocr_par' dir='ltr' id='par_1_47' title="bbox 470 4289 2050 4367">
     <span class='ocr_line' id='line_1_47' title="bbox 470 4289 2050 4367; baseline 0.009 -25"><span class='ocrx_word' id='word_1_353' title='bbox 470 4305 574 4342; x_wconf 83' lang='grc' dir='ltr'><strong>που</strong></span> <span class='ocrx_word' id='word_1_354' title='bbox 608 4289 908 4361; x_wconf 69' lang='grc' dir='ltr'>πρόσληψις</span> <span class='ocrx_word' id='word_1_355' title='bbox 937 4291 1054 4356; x_wconf 86' lang='grc' dir='ltr'><strong>πῶς</strong></span> <span class='ocrx_word' id='word_1_356' title='bbox 1096 4292 1324 4361; x_wconf 87' lang='grc' dir='ltr'>γίνεται,</span> <span class='ocrx_word' id='word_1_357' title='bbox 1358 4296 1535 4360; x_wconf 85' lang='grc' dir='ltr'>ποίου,</span> <span class='ocrx_word' id='word_1_358' title='bbox 1587 4299 1680 4351; x_wconf 76' lang='grc' dir='ltr'>καὶ</span> <span class='ocrx_word' id='word_1_359' title='bbox 1721 4300 1902 4367; x_wconf 89' lang='grc' dir='ltr'>πόθεν,</span> <span class='ocrx_word' id='word_1_360' title='bbox 1955 4303 2050 4357; x_wconf 62' lang='grc' dir='ltr'><strong>καὶ¹</strong></span> 
     </span>
    </p>
   </div>
   <div class='ocr_carea' id='block_1_48' title="bbox 469 4377 2050 4464">
    <p class='ocr_par' dir='ltr' id='par_1_48' title="bbox 469 4377 2050 4464">
     <span class='ocr_line' id='line_1_48' title="bbox 469 4377 2050 4464; baseline 0.012 -36"><span class='ocrx_word' id='word_1_361' title='bbox 469 4377 608 4440; x_wconf 87' lang='grc' dir='ltr'>πῶς,</span> <span class='ocrx_word' id='word_1_362' title='bbox 641 4377 734 4430; x_wconf 76' lang='grc' dir='ltr'><strong>καὶ</strong></span> <span class='ocrx_word' id='word_1_363' title='bbox 767 4379 918 4448; x_wconf 86' lang='grc' dir='ltr'><strong>παρά</strong></span> <span class='ocrx_word' id='word_1_364' title='bbox 944 4379 1107 4442; x_wconf 89' lang='grc' dir='ltr'>τίνος,</span> <span class='ocrx_word' id='word_1_365' title='bbox 1140 4381 1235 4433; x_wconf 62' lang='grc' dir='ltr'>καὶ.</span> <span class='ocrx_word' id='word_1_366' title='bbox 1263 4382 1382 4436; x_wconf 89' lang='grc' dir='ltr'>τίνα</span> <span class='ocrx_word' id='word_1_367' title='bbox 1410 4387 1610 4456; x_wconf 89' lang='grc' dir='ltr'>τρόπον</span> <span class='ocrx_word' id='word_1_368' title='bbox 1644 4391 2050 4464; x_wconf 82' lang='grc' dir='ltr'>προσειλημμέ-</span> 
     </span>
    </p>
   </div>
   <div class='ocr_carea' id='block_1_49' title="bbox 2118 536 3698 614">
    <p class='ocr_par' dir='ltr' id='par_1_49' title="bbox 2118 536 3698 614">
     <span class='ocr_line' id='line_1_49' title="bbox 2118 536 3698 614; baseline 0.005 -25"><span class='ocrx_word' id='word_1_369' title='bbox 2118 536 2303 590; x_wconf 88' lang='lat' dir='ltr'><strong>acrius</strong></span> <span class='ocrx_word' id='word_1_370' title='bbox 2340 537 2574 606; x_wconf 86' lang='lat' dir='ltr'><strong>impetit,</strong></span> <span class='ocrx_word' id='word_1_371' title='bbox 2608 540 3005 594; x_wconf 86' lang='lat' dir='ltr'><strong>contemnenda</strong></span> <span class='ocrx_word' id='word_1_372' title='bbox 3040 555 3165 596; x_wconf 88' lang='lat' dir='ltr'><strong>esse</strong></span> <span class='ocrx_word' id='word_1_373' title='bbox 3221 541 3462 596; x_wconf 86' lang='lat' dir='ltr'><strong>arbitror</strong></span> <span class='ocrx_word' id='word_1_374' title='bbox 3499 543 3698 614; x_wconf 89' lang='lat' dir='ltr'><strong>cuique</strong></span> 
     </span>
    </p>
   </div>
   <div class='ocr_carea' id='block_1_50' title="bbox 2117 630 3700 705">
    <p class='ocr_par' dir='ltr' id='par_1_50' title="bbox 2117 630 3700 705">
     <span class='ocr_line' id='line_1_50' title="bbox 2117 630 3700 705; baseline 0.005 -23"><span class='ocrx_word' id='word_1_375' title='bbox 2117 642 2250 682; x_wconf 88' lang='lat' dir='ltr'><strong>sana</strong></span> <span class='ocrx_word' id='word_1_376' title='bbox 2283 637 2462 683; x_wconf 89' lang='lat' dir='ltr'><strong>mente</strong></span> <span class='ocrx_word' id='word_1_377' title='bbox 2484 630 2729 699; x_wconf 69' lang='lat' dir='ltr'><strong>praulito,</strong></span> <span class='ocrx_word' id='word_1_378' title='bbox 2759 646 2822 684; x_wconf 91' lang='lat' dir='ltr'><strong>ac</strong></span> <span class='ocrx_word' id='word_1_379' title='bbox 2871 633 3134 686; x_wconf 89' lang='lat' dir='ltr'><strong>lectorum</strong></span> <span class='ocrx_word' id='word_1_380' title='bbox 3157 633 3365 704; x_wconf 89' lang='lat' dir='ltr'><strong>judicio</strong></span> <span class='ocrx_word' id='word_1_381' title='bbox 3394 634 3700 705; x_wconf 85' lang='lat' dir='ltr'><strong>relinquen-</strong></span> 
     </span>
    </p>
   </div>
   <div class='ocr_carea' id='block_1_51' title="bbox 2118 718 3696 794">
    <p class='ocr_par' dir='ltr' id='par_1_51' title="bbox 2118 718 3696 794">
     <span class='ocr_line' id='line_1_51' title="bbox 2118 718 3696 794; baseline 0.005 -20"><span class='ocrx_word' id='word_1_382' title='bbox 2118 718 2270 786; x_wconf 91' lang='lat' dir='ltr'><strong>dum,</strong></span> <span class='ocrx_word' id='word_1_383' title='bbox 2321 722 2543 791; x_wconf 85' lang='lat' dir='ltr'><strong>quinam</strong></span> <span class='ocrx_word' id='word_1_384' title='bbox 2592 739 2717 779; x_wconf 84' lang='lat' dir='ltr'><strong>vere</strong></span> <span class='ocrx_word' id='word_1_385' title='bbox 2756 726 3109 794; x_wconf 75' lang='lat' dir='ltr'><strong>apostolicam</strong></span> <span class='ocrx_word' id='word_1_386' title='bbox 3146 726 3304 782; x_wconf 86' lang='lat' dir='ltr'><strong>Iidem</strong></span> <span class='ocrx_word' id='word_1_387' title='bbox 3340 727 3647 782; x_wconf 89' lang='lat' dir='ltr'><strong>adultereut</strong></span> <span class='ocrx_word' id='word_1_388' title='bbox 3681 746 3696 783; x_wconf 89' lang='lat'><strong>:</strong></span> 
     </span>
    </p>
   </div>
   <div class='ocr_carea' id='block_1_52' title="bbox 2120 815 3698 890">
    <p class='ocr_par' dir='ltr' id='par_1_52' title="bbox 2120 815 3698 890">
     <span class='ocr_line' id='line_1_52' title="bbox 2120 815 3698 890; baseline 0.003 -22"><span class='ocrx_word' id='word_1_389' title='bbox 2120 828 2294 870; x_wconf 90' lang='lat' dir='ltr'><strong>nosne</strong></span> <span class='ocrx_word' id='word_1_390' title='bbox 2338 816 2431 885; x_wconf 87' lang='lat' dir='ltr'><strong>qui</strong></span> <span class='ocrx_word' id='word_1_391' title='bbox 2458 815 2614 884; x_wconf 78' lang='lat' dir='ltr'><strong>juxta</strong></span> <span class='ocrx_word' id='word_1_392' title='bbox 2644 815 2796 870; x_wconf 84' lang='lat' dir='ltr'><strong>Pauli</strong></span> <span class='ocrx_word' id='word_1_393' title='bbox 2832 818 2998 872; x_wconf 84' lang='lat' dir='ltr'><strong>verba</strong></span> <span class='ocrx_word' id='word_1_394' title='bbox 3019 818 3066 851; x_wconf 72' lang='lat'><strong>&quot;</strong></span> <span class='ocrx_word' id='word_1_395' title='bbox 3096 819 3450 890; x_wconf 80' lang='lat' dir='ltr'><strong>cognovimus</strong></span> <span class='ocrx_word' id='word_1_396' title='bbox 3477 819 3698 889; x_wconf 88' lang='lat' dir='ltr'><strong>quidem</strong></span> 
     </span>
    </p>
   </div>
   <div class='ocr_carea' id='block_1_53' title="bbox 2122 905 3701 981">
    <p class='ocr_par' dir='ltr' id='par_1_53' title="bbox 2122 905 3701 981">
     <span class='ocr_line' id='line_1_53' title="bbox 2122 905 3701 981; baseline 0.004 -21"><span class='ocrx_word' id='word_1_397' title='bbox 2122 905 2424 960; x_wconf 89' lang='lat' dir='ltr'><strong>secundum</strong></span> <span class='ocrx_word' id='word_1_398' title='bbox 2462 923 2681 962; x_wconf 87' lang='lat' dir='ltr'><strong>carnem</strong></span> <span class='ocrx_word' id='word_1_399' title='bbox 2730 908 3029 976; x_wconf 84' lang='lat' dir='ltr'><strong>Christum,</strong></span> <span class='ocrx_word' id='word_1_400' title='bbox 3065 927 3212 966; x_wconf 90' lang='lat' dir='ltr'><strong>nunc</strong></span> <span class='ocrx_word' id='word_1_401' title='bbox 3259 926 3392 966; x_wconf 84' lang='lat' dir='ltr'><strong>vero</strong></span> <span class='ocrx_word' id='word_1_402' title='bbox 3437 911 3549 981; x_wconf 85' lang='lat' dir='ltr'><strong>jam</strong></span> <span class='ocrx_word' id='word_1_403' title='bbox 3588 928 3701 966; x_wconf 91' lang='lat' dir='ltr'><strong>non</strong></span> 
     </span>
    </p>
   </div>
   <div class='ocr_carea' id='block_1_54' title="bbox 2123 999 3699 1071">
    <p class='ocr_par' dir='ltr' id='par_1_54' title="bbox 2123 999 3699 1071">
     <span class='ocr_line' id='line_1_54' title="bbox 2123 999 3699 1071; baseline 0.003 -19"><span class='ocrx_word' id='word_1_404' title='bbox 2123 999 2528 1067; x_wconf 77' lang='lat' dir='ltr'><strong>cognoscimus,</strong></span> <span class='ocrx_word' id='word_1_405' title='bbox 2561 1015 2628 1053; x_wconf 86' lang='lat' dir='ltr'><strong>an</strong></span> <span class='ocrx_word' id='word_1_406' title='bbox 2687 1001 2811 1065; x_wconf 83' lang='lat' dir='ltr'><strong>i5te,</strong></span> <span class='ocrx_word' id='word_1_407' title='bbox 2849 1001 2940 1070; x_wconf 88' lang='lat' dir='ltr'><strong>qui</strong></span> <span class='ocrx_word' id='word_1_408' title='bbox 2995 1017 3207 1071; x_wconf 86' lang='lat' dir='ltr'><strong>semper</strong></span> <span class='ocrx_word' id='word_1_409' title='bbox 3255 1010 3370 1056; x_wconf 89' lang='lat' dir='ltr'><strong>tum</strong></span> <span class='ocrx_word' id='word_1_410' title='bbox 3422 1012 3549 1058; x_wconf 90' lang='lat' dir='ltr'><strong>aute</strong></span> <span class='ocrx_word' id='word_1_411' title='bbox 3585 1013 3699 1057; x_wconf 89' lang='lat' dir='ltr'><strong>tum</strong></span> 
     </span>
    </p>
   </div>
   <div class='ocr_carea' id='block_1_55' title="bbox 2123 1091 3704 1162">
    <p class='ocr_par' dir='ltr' id='par_1_55' title="bbox 2123 1091 3704 1162">
     <span class='ocr_line' id='line_1_55' title="bbox 2123 1091 3704 1162; baseline 0.003 -19"><span class='ocrx_word' id='word_1_412' title='bbox 2123 1097 2246 1160; x_wconf 90' lang='lat' dir='ltr'><strong>post</strong></span> <span class='ocrx_word' id='word_1_413' title='bbox 2276 1091 2737 1160; x_wconf 81' lang='lat' dir='ltr'><strong>dispensationem</strong></span> <span class='ocrx_word' id='word_1_414' title='bbox 2797 1109 2919 1162; x_wconf 82' lang='lat' dir='ltr'><strong>quae</strong></span> <span class='ocrx_word' id='word_1_415' title='bbox 2949 1093 3196 1147; x_wconf 62' lang='lat' dir='ltr'><strong>humana:</strong></span> <span class='ocrx_word' id='word_1_416' title='bbox 3232 1105 3437 1150; x_wconf 75' lang='lat' dir='ltr'><strong>naturae</strong></span> <span class='ocrx_word' id='word_1_417' title='bbox 3487 1111 3704 1150; x_wconf 79' lang='lat' dir='ltr'><strong>assum-</strong></span> 
     </span>
    </p>
   </div>
   <div class='ocr_carea' id='block_1_56' title="bbox 2125 1181 3701 1254">
    <p class='ocr_par' dir='ltr' id='par_1_56' title="bbox 2125 1181 3701 1254">
     <span class='ocr_line' id='line_1_56' title="bbox 2125 1181 3701 1254; baseline 0.004 -22"><span class='ocrx_word' id='word_1_418' title='bbox 2125 1182 2310 1252; x_wconf 88' lang='lat' dir='ltr'><strong>ptioue</strong></span> <span class='ocrx_word' id='word_1_419' title='bbox 2343 1181 2482 1235; x_wconf 80' lang='lat' dir='ltr'><strong>facta</strong></span> <span class='ocrx_word' id='word_1_420' title='bbox 2515 1193 2619 1244; x_wconf 88' lang='lat' dir='ltr'><strong>est,</strong></span> <span class='ocrx_word' id='word_1_421' title='bbox 2648 1181 2817 1238; x_wconf 91' lang='lat' dir='ltr'><strong>Deum</strong></span> <span class='ocrx_word' id='word_1_422' title='bbox 2838 1200 3006 1239; x_wconf 89' lang='lat' dir='ltr'><strong>carne</strong></span> <span class='ocrx_word' id='word_1_423' title='bbox 3031 1185 3316 1254; x_wconf 78' lang='lat' dir='ltr'><strong>praeditum</strong></span> <span class='ocrx_word' id='word_1_424' title='bbox 3369 1201 3397 1238; x_wconf 89' lang='lat' dir='ltr'><strong>a</strong></span> <span class='ocrx_word' id='word_1_425' title='bbox 3439 1201 3499 1240; x_wconf 90' lang='lat' dir='ltr'><strong>se</strong></span> <span class='ocrx_word' id='word_1_426' title='bbox 3526 1186 3701 1239; x_wconf 85' lang='lat' dir='ltr'><strong>conli-</strong></span> 
     </span>
    </p>
   </div>
   <div class='ocr_carea' id='block_1_57' title="bbox 2125 1273 3698 1346">
    <p class='ocr_par' dir='ltr' id='par_1_57' title="bbox 2125 1273 3698 1346">
     <span class='ocr_line' id='line_1_57' title="bbox 2125 1273 3698 1346; baseline 0.003 -22"><span class='ocrx_word' id='word_1_427' title='bbox 2125 1279 2272 1325; x_wconf 90' lang='lat' dir='ltr'><strong>ctum</strong></span> <span class='ocrx_word' id='word_1_428' title='bbox 2302 1273 2582 1342; x_wconf 61' lang='lat' dir='ltr'><strong>praedicat.</strong></span> <span class='ocrx_word' id='word_1_429' title='bbox 2615 1273 2775 1330; x_wconf 82' lang='lat' dir='ltr'><strong>Addit</strong></span> <span class='ocrx_word' id='word_1_430' title='bbox 2821 1286 3001 1331; x_wconf 90' lang='lat' dir='ltr'><strong>autem</strong></span> <span class='ocrx_word' id='word_1_431' title='bbox 3037 1277 3120 1331; x_wconf 88' lang='lat' dir='ltr'><strong>his</strong></span> <span class='ocrx_word' id='word_1_432' title='bbox 3175 1293 3297 1346; x_wconf 73' lang='lat' dir='ltr'><strong>quae</strong></span> <span class='ocrx_word' id='word_1_433' title='bbox 3345 1277 3506 1339; x_wconf 87' lang='lat' dir='ltr'><strong>modo</strong></span> <span class='ocrx_word' id='word_1_434' title='bbox 3539 1277 3698 1338; x_wconf 83' lang='lat' dir='ltr'><strong>dixit,</strong></span> 
     </span>
    </p>
   </div>
   <div class='ocr_carea' id='block_1_58' title="bbox 2124 1357 3702 1435">
    <p class='ocr_par' dir='ltr' id='par_1_58' title="bbox 2124 1357 3702 1435">
     <span class='ocr_line' id='line_1_58' title="bbox 2124 1357 3702 1435; baseline 0.004 -23"><span class='ocrx_word' id='word_1_435' title='bbox 2124 1357 2438 1414; x_wconf 72' lang='lat' dir='ltr'><strong>Judzeorum</strong></span> <span class='ocrx_word' id='word_1_436' title='bbox 2491 1362 2757 1417; x_wconf 75' lang='lat' dir='ltr'><strong>adversus</strong></span> <span class='ocrx_word' id='word_1_437' title='bbox 2811 1363 3090 1420; x_wconf 85' lang='lat' dir='ltr'><strong>Christum</strong></span> <span class='ocrx_word' id='word_1_438' title='bbox 3146 1365 3561 1434; x_wconf 87' lang='lat' dir='ltr'><strong>blasphemiam,</strong></span> <span class='ocrx_word' id='word_1_439' title='bbox 3595 1381 3702 1435; x_wconf 89' lang='lat' dir='ltr'><strong>qua</strong></span> 
     </span>
    </p>
   </div>
   <div class='ocr_carea' id='block_1_59' title="bbox 2128 1452 3703 1534">
    <p class='ocr_par' dir='ltr' id='par_1_59' title="bbox 2128 1452 3703 1534">
     <span class='ocr_line' id='line_1_59' title="bbox 2128 1452 3703 1534; baseline 0.002 -29"><span class='ocrx_word' id='word_1_440' title='bbox 2128 1452 2308 1520; x_wconf 90' lang='lat' dir='ltr'><strong>ipsum</strong></span> <span class='ocrx_word' id='word_1_441' title='bbox 2365 1469 2615 1510; x_wconf 88' lang='lat' dir='ltr'><strong>voracem</strong></span> <span class='ocrx_word' id='word_1_442' title='bbox 2657 1456 2930 1511; x_wconf 88' lang='lat' dir='ltr'><strong>hominem</strong></span> <span class='ocrx_word' id='word_1_443' title='bbox 2961 1465 3016 1512; x_wconf 90' lang='lat' dir='ltr'><strong>et</strong></span> <span class='ocrx_word' id='word_1_444' title='bbox 3057 1457 3508 1534; x_wconf 29' lang='lat' dir='ltr'><strong>vini‘potatorem</strong></span> <span class='ocrx_word' id='word_1_445' title='bbox 3541 1471 3703 1509; x_wconf 86' lang='lat' dir='ltr'><strong>voca-</strong></span> 
     </span>
    </p>
   </div>
   <div class='ocr_carea' id='block_1_60' title="bbox 2127 1545 3702 1616">
    <p class='ocr_par' dir='ltr' id='par_1_60' title="bbox 2127 1545 3702 1616">
     <span class='ocr_line' id='line_1_60' title="bbox 2127 1545 3702 1616; baseline 0 -16"><span class='ocrx_word' id='word_1_446' title='bbox 2127 1545 2278 1608; x_wconf 86' lang='lat' dir='ltr'><strong>bant,</strong></span> <span class='ocrx_word' id='word_1_447' title='bbox 2322 1546 2505 1616; x_wconf 85' lang='lat' dir='ltr'><strong>aitque</strong></span> <span class='ocrx_word' id='word_1_448' title='bbox 2555 1547 2668 1602; x_wconf 80' lang='lat' dir='ltr'><strong>haec</strong></span> <span class='ocrx_word' id='word_1_449' title='bbox 2722 1550 3039 1604; x_wconf 86' lang='lat' dir='ltr'><strong>necessario</strong></span> <span class='ocrx_word' id='word_1_450' title='bbox 3068 1565 3190 1604; x_wconf 87' lang='lat' dir='ltr'><strong>esse</strong></span> <span class='ocrx_word' id='word_1_451' title='bbox 3243 1549 3310 1604; x_wconf 91' lang='lat' dir='ltr'><strong>de</strong></span> <span class='ocrx_word' id='word_1_452' title='bbox 3363 1549 3582 1603; x_wconf 87' lang='lat' dir='ltr'><strong>homine</strong></span> <span class='ocrx_word' id='word_1_453' title='bbox 3613 1549 3702 1602; x_wconf 85' lang='lat' dir='ltr'><strong>di-</strong></span> 
     </span>
    </p>
   </div>
   <div class='ocr_carea' id='block_1_61' title="bbox 2126 1633 3705 1707">
    <p class='ocr_par' dir='ltr' id='par_1_61' title="bbox 2126 1633 3705 1707">
     <span class='ocr_line' id='line_1_61' title="bbox 2126 1633 3705 1707; baseline 0.002 -18"><span class='ocrx_word' id='word_1_454' title='bbox 2126 1635 2320 1690; x_wconf 86' lang='lat' dir='ltr'><strong>cenda.</strong></span> <span class='ocrx_word' id='word_1_455' title='bbox 2361 1633 2564 1707; x_wconf 86' lang='lat' dir='ltr'><strong>Ecquis</strong></span> <span class='ocrx_word' id='word_1_456' title='bbox 2602 1638 2769 1704; x_wconf 78' lang='lat' dir='ltr'><strong>igitur</strong></span> <span class='ocrx_word' id='word_1_457' title='bbox 2833 1638 2994 1692; x_wconf 90' lang='lat' dir='ltr'><strong>homo</strong></span> <span class='ocrx_word' id='word_1_458' title='bbox 3031 1639 3119 1693; x_wconf 88' lang='lat' dir='ltr'><strong>ille</strong></span> <span class='ocrx_word' id='word_1_459' title='bbox 3141 1647 3226 1692; x_wconf 87' lang='lat' dir='ltr'><strong>est</strong></span> <span class='ocrx_word' id='word_1_460' title='bbox 3278 1639 3362 1691; x_wconf 93' lang='lat' dir='ltr'><strong>cui</strong></span> <span class='ocrx_word' id='word_1_461' title='bbox 3399 1640 3466 1692; x_wconf 89' lang='lat' dir='ltr'><strong>ab</strong></span> <span class='ocrx_word' id='word_1_462' title='bbox 3500 1637 3705 1693; x_wconf 73' lang='grc' dir='ltr'>,Ιιιάιυὶιι</span> 
     </span>
    </p>
   </div>
   <div class='ocr_carea' id='block_1_62' title="bbox 2127 1725 3706 1798">
    <p class='ocr_par' dir='ltr' id='par_1_62' title="bbox 2127 1725 3706 1798">
     <span class='ocr_line' id='line_1_62' title="bbox 2127 1725 3706 1798; baseline 0.001 -20"><span class='ocrx_word' id='word_1_463' title='bbox 2127 1733 2291 1794; x_wconf 91' lang='lat' dir='ltr'><strong>potus</strong></span> <span class='ocrx_word' id='word_1_464' title='bbox 2329 1727 2546 1796; x_wconf 81' lang='lat' dir='ltr'><strong>cibique</strong></span> <span class='ocrx_word' id='word_1_465' title='bbox 2575 1725 2806 1782; x_wconf 79' lang='lat' dir='ltr'><strong>aviditas</strong></span> <span class='ocrx_word' id='word_1_466' title='bbox 2841 1729 3240 1798; x_wconf 81' lang='lat' dir='ltr'><strong>exprobratur?</strong></span> <span class='ocrx_word' id='word_1_467' title='bbox 3277 1728 3505 1791; x_wconf 84' lang='lat' dir='ltr'><strong>Cihoue,</strong></span> <span class='ocrx_word' id='word_1_468' title='bbox 3545 1741 3706 1798; x_wconf 87' lang='lat' dir='ltr'><strong>petu-</strong></span> 
     </span>
    </p>
   </div>
   <div class='ocr_carea' id='block_1_63' title="bbox 2126 1817 3704 1889">
    <p class='ocr_par' dir='ltr' id='par_1_63' title="bbox 2126 1817 3704 1889">
     <span class='ocr_line' id='line_1_63' title="bbox 2126 1817 3704 1889; baseline 0.003 -21"><span class='ocrx_word' id='word_1_469' title='bbox 2126 1832 2232 1886; x_wconf 90' lang='lat' dir='ltr'><strong>que</strong></span> <span class='ocrx_word' id='word_1_470' title='bbox 2293 1817 2566 1884; x_wconf 83' lang='lat' dir='ltr'><strong>utebatur,</strong></span> <span class='ocrx_word' id='word_1_471' title='bbox 2606 1835 2673 1873; x_wconf 86' lang='lat' dir='ltr'><strong>an</strong></span> <span class='ocrx_word' id='word_1_472' title='bbox 2717 1819 2912 1874; x_wconf 87' lang='lat' dir='ltr'><strong>secus?</strong></span> <span class='ocrx_word' id='word_1_473' title='bbox 2957 1819 3118 1889; x_wconf 81' lang='lat' dir='ltr'><strong>Atqui</strong></span> <span class='ocrx_word' id='word_1_474' title='bbox 3167 1820 3213 1874; x_wconf 93' lang='lat' dir='ltr'><strong>si</strong></span> <span class='ocrx_word' id='word_1_475' title='bbox 3261 1836 3370 1874; x_wconf 87' lang='lat' dir='ltr'><strong>non</strong></span> <span class='ocrx_word' id='word_1_476' title='bbox 3424 1821 3704 1885; x_wconf 82' lang='lat' dir='ltr'><strong>utebatur,</strong></span> 
     </span>
    </p>
   </div>
   <div class='ocr_carea' id='block_1_64' title="bbox 2128 1909 3710 1981">
    <p class='ocr_par' dir='ltr' id='par_1_64' title="bbox 2128 1909 3710 1981">
     <span class='ocr_line' id='line_1_64' title="bbox 2128 1909 3710 1981; baseline 0.002 -18"><span class='ocrx_word' id='word_1_477' title='bbox 2128 1909 2310 1964; x_wconf 88' lang='lat' dir='ltr'><strong>inanis</strong></span> <span class='ocrx_word' id='word_1_478' title='bbox 2342 1910 2432 1964; x_wconf 92' lang='lat' dir='ltr'><strong>ille</strong></span> <span class='ocrx_word' id='word_1_479' title='bbox 2464 1918 2518 1965; x_wconf 89' lang='lat' dir='ltr'><strong>et</strong></span> <span class='ocrx_word' id='word_1_480' title='bbox 2555 1912 2813 1966; x_wconf 90' lang='lat' dir='ltr'><strong>simulata</strong></span> <span class='ocrx_word' id='word_1_481' title='bbox 2841 1915 3052 1981; x_wconf 82' lang='lat' dir='ltr'><strong>species</strong></span> <span class='ocrx_word' id='word_1_482' title='bbox 3079 1921 3225 1978; x_wconf 88' lang='lat' dir='ltr'><strong>crat;</strong></span> <span class='ocrx_word' id='word_1_483' title='bbox 3255 1913 3338 1968; x_wconf 88' lang='lat' dir='ltr'><strong>sin</strong></span> <span class='ocrx_word' id='word_1_484' title='bbox 3373 1924 3554 1966; x_wconf 87' lang='lat' dir='ltr'><strong>autem</strong></span> <span class='ocrx_word' id='word_1_485' title='bbox 3589 1921 3710 1966; x_wconf 87' lang='lat' dir='ltr'><strong>ute-</strong></span> 
     </span>
    </p>
   </div>
   <div class='ocr_carea' id='block_1_65' title="bbox 2126 1997 3706 2071">
    <p class='ocr_par' dir='ltr' id='par_1_65' title="bbox 2126 1997 3706 2071">
     <span class='ocr_line' id='line_1_65' title="bbox 2126 1997 3706 2071; baseline 0.001 -17"><span class='ocrx_word' id='word_1_486' title='bbox 2126 1997 2310 2064; x_wconf 89' lang='lat' dir='ltr'><strong>batur,</strong></span> <span class='ocrx_word' id='word_1_487' title='bbox 2340 2006 2592 2056; x_wconf 88' lang='lat' dir='ltr'><strong>terremts</strong></span> <span class='ocrx_word' id='word_1_488' title='bbox 2620 2001 2806 2071; x_wconf 84' lang='lat' dir='ltr'><strong>utique</strong></span> <span class='ocrx_word' id='word_1_489' title='bbox 2845 2011 2960 2054; x_wconf 86' lang='lat' dir='ltr'><strong>erat</strong></span> <span class='ocrx_word' id='word_1_490' title='bbox 2995 2001 3152 2056; x_wconf 83' lang='lat' dir='ltr'><strong>cibus</strong></span> <span class='ocrx_word' id='word_1_491' title='bbox 3186 2002 3277 2056; x_wconf 92' lang='lat' dir='ltr'><strong>ille</strong></span> <span class='ocrx_word' id='word_1_492' title='bbox 3311 2011 3470 2071; x_wconf 90' lang='lat' dir='ltr'><strong>atque</strong></span> <span class='ocrx_word' id='word_1_493' title='bbox 3521 2011 3706 2069; x_wconf 84' lang='lat' dir='ltr'><strong>potus,</strong></span> 
     </span>
    </p>
   </div>
   <div class='ocr_carea' id='block_1_66' title="bbox 2127 2093 3709 2164">
    <p class='ocr_par' dir='ltr' id='par_1_66' title="bbox 2127 2093 3709 2164">
     <span class='ocr_line' id='line_1_66' title="bbox 2127 2093 3709 2164; baseline 0.002 -20"><span class='ocrx_word' id='word_1_494' title='bbox 2127 2106 2288 2161; x_wconf 90' lang='lat' dir='ltr'><strong>quem</strong></span> <span class='ocrx_word' id='word_1_495' title='bbox 2325 2093 2608 2163; x_wconf 83' lang='lat' dir='ltr'><strong>capiebat;</strong></span> <span class='ocrx_word' id='word_1_496' title='bbox 2639 2093 2785 2164; x_wconf 91' lang='lat' dir='ltr'><strong>quod</strong></span> <span class='ocrx_word' id='word_1_497' title='bbox 2823 2102 3002 2148; x_wconf 87' lang='lat' dir='ltr'><strong>autem</strong></span> <span class='ocrx_word' id='word_1_498' title='bbox 3043 2094 3264 2148; x_wconf 75' lang='lat' dir='ltr'><strong>ccelcste</strong></span> <span class='ocrx_word' id='word_1_499' title='bbox 3309 2101 3414 2155; x_wconf 81' lang='lat' dir='ltr'><strong>est,</strong></span> <span class='ocrx_word' id='word_1_500' title='bbox 3471 2093 3709 2147; x_wconf 82' lang='lat' dir='ltr'><strong>terrenis</strong></span> 
     </span>
    </p>
   </div>
   <div class='ocr_carea' id='block_1_67' title="bbox 2129 2183 3709 2240">
    <p class='ocr_par' dir='ltr' id='par_1_67' title="bbox 2129 2183 3709 2240">
     <span class='ocr_line' id='line_1_67' title="bbox 2129 2183 3709 2240; baseline 0 -2"><span class='ocrx_word' id='word_1_501' title='bbox 2129 2184 2298 2239; x_wconf 91' lang='lat' dir='ltr'><strong>rebus</strong></span> <span class='ocrx_word' id='word_1_502' title='bbox 2333 2200 2442 2239; x_wconf 87' lang='lat' dir='ltr'><strong>non</strong></span> <span class='ocrx_word' id='word_1_503' title='bbox 2483 2185 2670 2239; x_wconf 87' lang='lat' dir='ltr'><strong>alitur.</strong></span> <span class='ocrx_word' id='word_1_504' title='bbox 2702 2183 2746 2240; x_wconf 92' lang='grc' dir='ltr'><strong>Ο</strong></span> <span class='ocrx_word' id='word_1_505' title='bbox 2775 2186 2965 2237; x_wconf 90' lang='lat' dir='ltr'><strong>miram</strong></span> <span class='ocrx_word' id='word_1_506' title='bbox 3008 2183 3372 2238; x_wconf 86' lang='lat' dir='ltr'><strong>absurdarum</strong></span> <span class='ocrx_word' id='word_1_507' title='bbox 3404 2199 3587 2239; x_wconf 90' lang='lat' dir='ltr'><strong>rerum</strong></span> <span class='ocrx_word' id='word_1_508' title='bbox 3621 2199 3709 2240; x_wconf 88' lang='lat' dir='ltr'><strong>re-</strong></span> 
     </span>
    </p>
   </div>
   <div class='ocr_carea' id='block_1_68' title="bbox 2129 2275 3709 2347">
    <p class='ocr_par' dir='ltr' id='par_1_68' title="bbox 2129 2275 3709 2347">
     <span class='ocr_line' id='line_1_68' title="bbox 2129 2275 3709 2347; baseline 0.002 -19"><span class='ocrx_word' id='word_1_509' title='bbox 2129 2277 2522 2347; x_wconf 80' lang='lat' dir='ltr'><strong>pugnantiam!</strong></span> <span class='ocrx_word' id='word_1_510' title='bbox 2577 2275 2644 2331; x_wconf 92' lang='lat' dir='ltr'><strong>Ut</strong></span> <span class='ocrx_word' id='word_1_511' title='bbox 2681 2278 2827 2330; x_wconf 89' lang='lat' dir='ltr'><strong>circa</strong></span> <span class='ocrx_word' id='word_1_512' title='bbox 2881 2291 3041 2329; x_wconf 91' lang='lat' dir='ltr'><strong>uuam</strong></span> <span class='ocrx_word' id='word_1_513' title='bbox 3073 2275 3432 2346; x_wconf 76' lang='lat' dir='ltr'><strong>eamdemque</strong></span> <span class='ocrx_word' id='word_1_514' title='bbox 3485 2292 3599 2330; x_wconf 88' lang='lat' dir='ltr'><strong>rem</strong></span> <span class='ocrx_word' id='word_1_515' title='bbox 3655 2276 3709 2331; x_wconf 89' lang='lat' dir='ltr'><strong>in</strong></span> 
     </span>
    </p>
   </div>
   <div class='ocr_carea' id='block_1_69' title="bbox 2130 2369 3712 2439">
    <p class='ocr_par' dir='ltr' id='par_1_69' title="bbox 2130 2369 3712 2439">
     <span class='ocr_line' id='line_1_69' title="bbox 2130 2369 3712 2439; baseline -0.001 -16"><span class='ocrx_word' id='word_1_516' title='bbox 2130 2369 2439 2425; x_wconf 88' lang='lat' dir='ltr'><strong>contrarios</strong></span> <span class='ocrx_word' id='word_1_517' title='bbox 2471 2385 2688 2425; x_wconf 83' lang='lat' dir='ltr'><strong>errores</strong></span> <span class='ocrx_word' id='word_1_518' title='bbox 2718 2369 3018 2424; x_wconf 85' lang='lat' dir='ltr'><strong>delabitur!</strong></span> <span class='ocrx_word' id='word_1_519' title='bbox 3057 2369 3218 2424; x_wconf 81' lang='lat' dir='ltr'><strong>Modo</strong></span> <span class='ocrx_word' id='word_1_520' title='bbox 3259 2370 3477 2439; x_wconf 86' lang='lat' dir='ltr'><strong>quidem</strong></span> <span class='ocrx_word' id='word_1_521' title='bbox 3513 2371 3712 2424; x_wconf 82' lang='lat' dir='ltr'><strong>asserit</strong></span> 
     </span>
    </p>
   </div>
   <div class='ocr_carea' id='block_1_70' title="bbox 2131 2460 3714 2531">
    <p class='ocr_par' dir='ltr' id='par_1_70' title="bbox 2131 2460 3714 2531">
     <span class='ocr_line' id='line_1_70' title="bbox 2131 2460 3714 2531; baseline 0.001 -17"><span class='ocrx_word' id='word_1_522' title='bbox 2131 2475 2280 2525; x_wconf 88' lang='lat' dir='ltr'><strong>eum,</strong></span> <span class='ocrx_word' id='word_1_523' title='bbox 2308 2463 2402 2530; x_wconf 92' lang='lat' dir='ltr'><strong>qui</strong></span> <span class='ocrx_word' id='word_1_524' title='bbox 2417 2476 2647 2530; x_wconf 86' lang='lat' dir='ltr'><strong>corpore</strong></span> <span class='ocrx_word' id='word_1_525' title='bbox 2667 2460 2928 2531; x_wconf 64' lang='lat' dir='ltr'><strong>praeditus</strong></span> <span class='ocrx_word' id='word_1_526' title='bbox 2959 2461 3714 2530; x_wconf 74' lang='lat' dir='ltr'><strong>apparebat,pr:eslantiorem</strong></span> 
     </span>
    </p>
   </div>
   <div class='ocr_carea' id='block_1_71' title="bbox 2134 2550 3717 2607">
    <p class='ocr_par' dir='ltr' id='par_1_71' title="bbox 2134 2550 3717 2607">
     <span class='ocr_line' id='line_1_71' title="bbox 2134 2550 3717 2607; baseline -0.001 -2"><span class='ocrx_word' id='word_1_527' title='bbox 2134 2551 2370 2606; x_wconf 85' lang='lat' dir='ltr'><strong>humana</strong></span> <span class='ocrx_word' id='word_1_528' title='bbox 2421 2552 2699 2607; x_wconf 82' lang='lat' dir='ltr'><strong>exstitisse</strong></span> <span class='ocrx_word' id='word_1_529' title='bbox 2733 2559 2949 2606; x_wconf 89' lang='lat' dir='ltr'><strong>natura.</strong></span> <span class='ocrx_word' id='word_1_530' title='bbox 3006 2550 3124 2604; x_wconf 83' lang='lat' dir='ltr'><strong>Mox</strong></span> <span class='ocrx_word' id='word_1_531' title='bbox 3153 2567 3284 2606; x_wconf 87' lang='lat' dir='ltr'><strong>vero</strong></span> <span class='ocrx_word' id='word_1_532' title='bbox 3337 2551 3588 2606; x_wconf 86' lang='lat' dir='ltr'><strong>eumdem</strong></span> <span class='ocrx_word' id='word_1_533' title='bbox 3622 2550 3717 2603; x_wconf 86' lang='lat' dir='ltr'><strong>ho-</strong></span> 
     </span>
    </p>
   </div>
   <div class='ocr_carea' id='block_1_72' title="bbox 2136 2625 3717 2713">
    <p class='ocr_par' dir='ltr' id='par_1_72' title="bbox 2136 2625 3717 2713">
     <span class='ocr_line' id='line_1_72' title="bbox 2136 2625 3717 2713; baseline -0.002 -17"><span class='ocrx_word' id='word_1_534' title='bbox 2136 2643 2375 2698; x_wconf 91' lang='lat' dir='ltr'><strong>minibus</strong></span> <span class='ocrx_word' id='word_1_535' title='bbox 2409 2625 2738 2698; x_wconf 63' lang='lat' dir='ltr'><strong>inferiorem</strong></span> <span class='ocrx_word' id='word_1_536' title='bbox 2793 2643 3036 2708; x_wconf 83' lang='lat' dir='ltr'><strong>exhibet,</strong></span> <span class='ocrx_word' id='word_1_537' title='bbox 3093 2657 3157 2696; x_wconf 90' lang='lat' dir='ltr'><strong>ae</strong></span> <span class='ocrx_word' id='word_1_538' title='bbox 3193 2644 3403 2713; x_wconf 90' lang='lat' dir='ltr'><strong>potiore</strong></span> <span class='ocrx_word' id='word_1_539' title='bbox 3453 2644 3534 2696; x_wconf 81' lang='lat' dir='ltr'><strong>sui</strong></span> <span class='ocrx_word' id='word_1_540' title='bbox 3566 2653 3717 2712; x_wconf 89' lang='lat' dir='ltr'><strong>parte</strong></span> 
     </span>
    </p>
   </div>
   <div class='ocr_carea' id='block_1_73' title="bbox 2137 2734 3717 2804">
    <p class='ocr_par' dir='ltr' id='par_1_73' title="bbox 2137 2734 3717 2804">
     <span class='ocr_line' id='line_1_73' title="bbox 2137 2734 3717 2804; baseline -0.001 -15"><span class='ocrx_word' id='word_1_541' title='bbox 2137 2737 2470 2789; x_wconf 87' lang='lat' dir='ltr'><strong>mutilatum.</strong></span> <span class='ocrx_word' id='word_1_542' title='bbox 2511 2734 2717 2788; x_wconf 85' lang='lat' dir='ltr'><strong>Cuncta</strong></span> <span class='ocrx_word' id='word_1_543' title='bbox 2741 2734 2887 2788; x_wconf 87' lang='lat' dir='ltr'><strong>enim</strong></span> <span class='ocrx_word' id='word_1_544' title='bbox 2919 2749 3040 2804; x_wconf 71' lang='lat' dir='ltr'><strong>qua:</strong></span> <span class='ocrx_word' id='word_1_545' title='bbox 3089 2735 3144 2788; x_wconf 92' lang='lat' dir='ltr'><strong>in</strong></span> <span class='ocrx_word' id='word_1_546' title='bbox 3181 2734 3340 2788; x_wconf 89' lang='lat' dir='ltr'><strong>uobis</strong></span> <span class='ocrx_word' id='word_1_547' title='bbox 3371 2745 3515 2797; x_wconf 86' lang='lat' dir='ltr'><strong>Sunt,</strong></span> <span class='ocrx_word' id='word_1_548' title='bbox 3563 2748 3717 2787; x_wconf 87' lang='lat' dir='ltr'><strong>mens</strong></span> 
     </span>
    </p>
   </div>
   <div class='ocr_carea' id='block_1_74' title="bbox 2137 2822 3716 2895">
    <p class='ocr_par' dir='ltr' id='par_1_74' title="bbox 2137 2822 3716 2895">
     <span class='ocr_line' id='line_1_74' title="bbox 2137 2822 3716 2895; baseline -0.002 -16"><span class='ocrx_word' id='word_1_549' title='bbox 2137 2822 2702 2895; x_wconf 67' lang='lat' dir='ltr'><strong>diguitatepraacellit,</strong></span> <span class='ocrx_word' id='word_1_550' title='bbox 2729 2822 2887 2892; x_wconf 91' lang='lat' dir='ltr'><strong>cujus</strong></span> <span class='ocrx_word' id='word_1_551' title='bbox 2918 2830 3194 2893; x_wconf 82' lang='lat' dir='ltr'><strong>expertem</strong></span> <span class='ocrx_word' id='word_1_552' title='bbox 3232 2839 3355 2879; x_wconf 86' lang='lat' dir='ltr'><strong>esse</strong></span> <span class='ocrx_word' id='word_1_553' title='bbox 3381 2838 3626 2881; x_wconf 84' lang='lat' dir='ltr'><strong>carnem,</strong></span> <span class='ocrx_word' id='word_1_554' title='bbox 3661 2824 3716 2876; x_wconf 91' lang='lat' dir='ltr'><strong>in</strong></span> 
     </span>
    </p>
   </div>
   <div class='ocr_carea' id='block_1_75' title="bbox 2139 2913 3718 2986">
    <p class='ocr_par' dir='ltr' id='par_1_75' title="bbox 2139 2913 3718 2986">
     <span class='ocr_line' id='line_1_75' title="bbox 2139 2913 3718 2986; baseline 0.002 -20"><span class='ocrx_word' id='word_1_555' title='bbox 2139 2932 2247 2986; x_wconf 88' lang='lat' dir='ltr'><strong>qua</strong></span> <span class='ocrx_word' id='word_1_556' title='bbox 2300 2913 2448 2969; x_wconf 89' lang='lat' dir='ltr'><strong>Deus</strong></span> <span class='ocrx_word' id='word_1_557' title='bbox 2488 2914 2872 2969; x_wconf 85' lang='lat' dir='ltr'><strong>mauil&#39;estatus</strong></span> <span class='ocrx_word' id='word_1_558' title='bbox 2919 2925 3023 2980; x_wconf 90' lang='lat' dir='ltr'><strong>est,</strong></span> <span class='ocrx_word' id='word_1_559' title='bbox 3052 2915 3288 2981; x_wconf 87' lang='lat' dir='ltr'><strong>asserit;</strong></span> <span class='ocrx_word' id='word_1_560' title='bbox 3321 2915 3484 2984; x_wconf 92' lang='lat' dir='ltr'><strong>idque</strong></span> <span class='ocrx_word' id='word_1_561' title='bbox 3530 2914 3718 2969; x_wconf 85' lang='lat' dir='ltr'><strong>multis</strong></span> 
     </span>
    </p>
   </div>
   <div class='ocr_carea' id='block_1_76' title="bbox 2139 3005 3763 3076">
    <p class='ocr_par' dir='ltr' id='par_1_76' title="bbox 2139 3005 3763 3076">
     <span class='ocr_line' id='line_1_76' title="bbox 2139 3005 3763 3076; baseline -0.002 -14"><span class='ocrx_word' id='word_1_562' title='bbox 2139 3007 2398 3074; x_wconf 89' lang='lat' dir='ltr'><strong>deinceps</strong></span> <span class='ocrx_word' id='word_1_563' title='bbox 2427 3005 2716 3059; x_wconf 86' lang='lat' dir='ltr'><strong>conatibus</strong></span> <span class='ocrx_word' id='word_1_564' title='bbox 2742 3007 2919 3076; x_wconf 87' lang='lat' dir='ltr'><strong>palam</strong></span> <span class='ocrx_word' id='word_1_565' title='bbox 2957 3007 3176 3072; x_wconf 86' lang='lat' dir='ltr'><strong>astruit,</strong></span> <span class='ocrx_word' id='word_1_566' title='bbox 3228 3009 3281 3060; x_wconf 86' lang='lat' dir='ltr'><strong>in</strong></span> <span class='ocrx_word' id='word_1_567' title='bbox 3302 3007 3504 3076; x_wconf 85' lang='lat' dir='ltr'><strong>quibus</strong></span> <span class='ocrx_word' id='word_1_568' title='bbox 3533 3006 3717 3070; x_wconf 90' lang='lat' dir='ltr'><strong>modo,</strong></span> <span class='ocrx_word' id='word_1_569' title='bbox 3758 3023 3763 3028; x_wconf 91' lang='grc'><strong>·</strong></span> 
     </span>
    </p>
   </div>
   <div class='ocr_carea' id='block_1_77' title="bbox 2062 3097 3719 3196">
    <p class='ocr_par' dir='ltr' id='par_1_77' title="bbox 2062 3097 3719 3196">
     <span class='ocr_line' id='line_1_77' title="bbox 2062 3097 3719 3196; baseline -0.001 -44"><span class='ocrx_word' id='word_1_570' title='bbox 2062 3141 2105 3196; x_wconf 75' lang='lat' dir='ltr'><strong><em>C</em></strong></span> <span class='ocrx_word' id='word_1_571' title='bbox 2140 3113 2209 3152; x_wconf 89' lang='lat' dir='ltr'><strong>ne</strong></span> <span class='ocrx_word' id='word_1_572' title='bbox 2230 3097 2356 3168; x_wconf 90' lang='lat' dir='ltr'><strong>quis</strong></span> <span class='ocrx_word' id='word_1_573' title='bbox 2386 3097 2552 3152; x_wconf 90' lang='lat' dir='ltr'><strong>stulta</strong></span> <span class='ocrx_word' id='word_1_574' title='bbox 2585 3105 2750 3167; x_wconf 83' lang='lat' dir='ltr'><strong>atque</strong></span> <span class='ocrx_word' id='word_1_575' title='bbox 2808 3097 2988 3169; x_wconf 89' lang='lat' dir='ltr'><strong>inepta</strong></span> <span class='ocrx_word' id='word_1_576' title='bbox 3023 3105 3279 3153; x_wconf 85' lang='lat' dir='ltr'><strong>accurate</strong></span> <span class='ocrx_word' id='word_1_577' title='bbox 3319 3098 3598 3152; x_wconf 83' lang='lat' dir='ltr'><strong>discutere</strong></span> <span class='ocrx_word' id='word_1_578' title='bbox 3626 3113 3719 3154; x_wconf 89' lang='lat' dir='ltr'><strong>su-</strong></span> 
     </span>
    </p>
   </div>
   <div class='ocr_carea' id='block_1_78' title="bbox 2141 3190 3722 3262">
    <p class='ocr_par' dir='ltr' id='par_1_78' title="bbox 2141 3190 3722 3262">
     <span class='ocr_line' id='line_1_78' title="bbox 2141 3190 3722 3262; baseline -0.001 -17"><span class='ocrx_word' id='word_1_579' title='bbox 2141 3204 2537 3261; x_wconf 85' lang='lat' dir='ltr'><strong>pervacaneum</strong></span> <span class='ocrx_word' id='word_1_580' title='bbox 2595 3190 2896 3253; x_wconf 78' lang='lat' dir='ltr'><strong>existimet,</strong></span> <span class='ocrx_word' id='word_1_581' title='bbox 2957 3206 3080 3262; x_wconf 70' lang='lat' dir='ltr'><strong>qua:</strong></span> <span class='ocrx_word' id='word_1_582' title='bbox 3112 3191 3181 3244; x_wconf 89' lang='lat' dir='ltr'><strong>ab</strong></span> <span class='ocrx_word' id='word_1_583' title='bbox 3238 3191 3359 3261; x_wconf 91' lang='lat' dir='ltr'><strong>ipso</strong></span> <span class='ocrx_word' id='word_1_584' title='bbox 3411 3190 3558 3245; x_wconf 89' lang='lat' dir='ltr'><strong>dicta</strong></span> <span class='ocrx_word' id='word_1_585' title='bbox 3591 3198 3722 3245; x_wconf 88' lang='lat' dir='ltr'><strong>sunt</strong></span> 
     </span>
    </p>
   </div>
   <div class='ocr_carea' id='block_1_79' title="bbox 2138 3281 3722 3353">
    <p class='ocr_par' dir='ltr' id='par_1_79' title="bbox 2138 3281 3722 3353">
     <span class='ocr_line' id='line_1_79' title="bbox 2138 3281 3722 3353; baseline -0.001 -17"><span class='ocrx_word' id='word_1_586' title='bbox 2138 3282 2380 3337; x_wconf 89' lang='lat' dir='ltr'><strong>breviter</strong></span> <span class='ocrx_word' id='word_1_587' title='bbox 2408 3296 2817 3350; x_wconf 90' lang='lat' dir='ltr'><strong>percurremus.</strong></span> <span class='ocrx_word' id='word_1_588' title='bbox 2847 3281 3064 3339; x_wconf 80' lang='lat' dir='ltr'><strong>Rursus</strong></span> <span class='ocrx_word' id='word_1_589' title='bbox 3093 3281 3240 3336; x_wconf 87' lang='lat' dir='ltr'><strong>enim</strong></span> <span class='ocrx_word' id='word_1_590' title='bbox 3269 3297 3466 3353; x_wconf 83' lang='lat' dir='ltr'><strong>magna</strong></span> <span class='ocrx_word' id='word_1_591' title='bbox 3496 3281 3722 3352; x_wconf 86' lang='lat' dir='ltr'><strong>injuria-</strong></span> 
     </span>
    </p>
   </div>
   <div class='ocr_carea' id='block_1_80' title="bbox 2141 3373 3722 3444">
    <p class='ocr_par' dir='ltr' id='par_1_80' title="bbox 2141 3373 3722 3444">
     <span class='ocr_line' id='line_1_80' title="bbox 2141 3373 3722 3444; baseline 0.001 -18"><span class='ocrx_word' id='word_1_592' title='bbox 2141 3389 2260 3427; x_wconf 92' lang='lat' dir='ltr'><strong>rum</strong></span> <span class='ocrx_word' id='word_1_593' title='bbox 2305 3373 2464 3443; x_wconf 88' lang='lat' dir='ltr'><strong>copia</strong></span> <span class='ocrx_word' id='word_1_594' title='bbox 2526 3389 2681 3428; x_wconf 91' lang='lat' dir='ltr'><strong>suam</strong></span> <span class='ocrx_word' id='word_1_595' title='bbox 2748 3374 3104 3444; x_wconf 90' lang='lat' dir='ltr'><strong>scriptionem</strong></span> <span class='ocrx_word' id='word_1_596' title='bbox 3166 3373 3484 3438; x_wconf 77' lang='lat' dir='ltr'><strong>reiercieus,</strong></span> <span class='ocrx_word' id='word_1_597' title='bbox 3557 3374 3722 3428; x_wconf 90' lang='lat' dir='ltr'><strong>talem</strong></span> 
     </span>
    </p>
   </div>
   <div class='ocr_carea' id='block_1_81' title="bbox 2140 3465 3722 3538">
    <p class='ocr_par' dir='ltr' id='par_1_81' title="bbox 2140 3465 3722 3538">
     <span class='ocr_line' id='line_1_81' title="bbox 2140 3465 3722 3538; baseline -0.001 -19"><span class='ocrx_word' id='word_1_598' title='bbox 2140 3466 2406 3521; x_wconf 85' lang='lat' dir='ltr'><strong>adversus</strong></span> <span class='ocrx_word' id='word_1_599' title='bbox 2429 3481 2528 3522; x_wconf 89' lang='lat' dir='ltr'><strong>nos</strong></span> <span class='ocrx_word' id='word_1_600' title='bbox 2557 3481 2869 3522; x_wconf 87' lang='lat' dir='ltr'><strong>sermonem</strong></span> <span class='ocrx_word' id='word_1_601' title='bbox 2898 3467 2952 3521; x_wconf 89' lang='lat' dir='ltr'><strong>in</strong></span> <span class='ocrx_word' id='word_1_602' title='bbox 2990 3466 3228 3523; x_wconf 79' lang='lat' dir='ltr'><strong>medium</strong></span> <span class='ocrx_word' id='word_1_603' title='bbox 3262 3465 3494 3538; x_wconf 84' lang='lat' dir='ltr'><strong>profert,</strong></span> <span class='ocrx_word' id='word_1_604' title='bbox 3523 3475 3582 3520; x_wconf 93' lang='lat' dir='ltr'><strong>ut</strong></span> <span class='ocrx_word' id='word_1_605' title='bbox 3617 3466 3722 3519; x_wconf 89' lang='lat' dir='ltr'><strong>im-</strong></span> 
     </span>
    </p>
   </div>
   <div class='ocr_carea' id='block_1_82' title="bbox 2142 3559 3722 3630">
    <p class='ocr_par' dir='ltr' id='par_1_82' title="bbox 2142 3559 3722 3630">
     <span class='ocr_line' id='line_1_82' title="bbox 2142 3559 3722 3630; baseline 0 -18"><span class='ocrx_word' id='word_1_606' title='bbox 2142 3561 2229 3628; x_wconf 89' lang='lat' dir='ltr'><strong>pie</strong></span> <span class='ocrx_word' id='word_1_607' title='bbox 2259 3575 2353 3614; x_wconf 90' lang='lat' dir='ltr'><strong>eos</strong></span> <span class='ocrx_word' id='word_1_608' title='bbox 2374 3561 2577 3614; x_wconf 87' lang='lat' dir='ltr'><strong>sentire</strong></span> <span class='ocrx_word' id='word_1_609' title='bbox 2605 3559 2754 3614; x_wconf 89' lang='lat' dir='ltr'><strong>dicat</strong></span> <span class='ocrx_word' id='word_1_610' title='bbox 2779 3559 2875 3630; x_wconf 92' lang='lat' dir='ltr'><strong>qui</strong></span> <span class='ocrx_word' id='word_1_611' title='bbox 2898 3575 3064 3614; x_wconf 92' lang='lat' dir='ltr'><strong>unum</strong></span> <span class='ocrx_word' id='word_1_612' title='bbox 3096 3559 3354 3630; x_wconf 89' lang='lat' dir='ltr'><strong>idemque</strong></span> <span class='ocrx_word' id='word_1_613' title='bbox 3391 3574 3517 3614; x_wconf 87' lang='lat' dir='ltr'><strong>esse</strong></span> <span class='ocrx_word' id='word_1_614' title='bbox 3544 3559 3722 3619; x_wconf 86' lang='lat' dir='ltr'><strong>aiunt.</strong></span> 
     </span>
    </p>
   </div>
   <div class='ocr_carea' id='block_1_83' title="bbox 2141 3648 3726 3720">
    <p class='ocr_par' dir='ltr' id='par_1_83' title="bbox 2141 3648 3726 3720">
     <span class='ocr_line' id='line_1_83' title="bbox 2141 3648 3726 3720; baseline -0.001 -16"><span class='ocrx_word' id='word_1_615' title='bbox 2141 3653 2327 3704; x_wconf 87' lang='lat' dir='ltr'><strong>carnis</strong></span> <span class='ocrx_word' id='word_1_616' title='bbox 2390 3651 2691 3705; x_wconf 88' lang='lat' dir='ltr'><strong>unitionem</strong></span> <span class='ocrx_word' id='word_1_617' title='bbox 2743 3658 2796 3704; x_wconf 92' lang='lat' dir='ltr'><strong>et</strong></span> <span class='ocrx_word' id='word_1_618' title='bbox 2834 3651 3076 3705; x_wconf 88' lang='lat' dir='ltr'><strong>hominis</strong></span> <span class='ocrx_word' id='word_1_619' title='bbox 3118 3650 3546 3720; x_wconf 88' lang='lat' dir='ltr'><strong>susceptionem.</strong></span> <span class='ocrx_word' id='word_1_620' title='bbox 3614 3648 3726 3719; x_wconf 77' lang='lat' dir='ltr'><strong>Ego</strong></span> 
     </span>
    </p>
   </div>
   <div class='ocr_carea' id='block_1_84' title="bbox 2143 3739 3726 3810">
    <p class='ocr_par' dir='ltr' id='par_1_84' title="bbox 2143 3739 3726 3810">
     <span class='ocr_line' id='line_1_84' title="bbox 2143 3739 3726 3810; baseline 0 -18"><span class='ocrx_word' id='word_1_621' title='bbox 2143 3749 2322 3795; x_wconf 85' lang='lat' dir='ltr'><strong>autem</strong></span> <span class='ocrx_word' id='word_1_622' title='bbox 2354 3740 2456 3795; x_wconf 87' lang='lat' dir='ltr'><strong>etsi</strong></span> <span class='ocrx_word' id='word_1_623' title='bbox 2477 3739 2737 3795; x_wconf 84' lang='lat' dir='ltr'><strong>rusticius</strong></span> <span class='ocrx_word' id='word_1_624' title='bbox 2761 3739 2910 3810; x_wconf 92' lang='lat' dir='ltr'><strong>loqui</strong></span> <span class='ocrx_word' id='word_1_625' title='bbox 2940 3739 3438 3806; x_wconf 88' lang='lat' dir='ltr'><strong>videar,veritatem</strong></span> <span class='ocrx_word' id='word_1_626' title='bbox 3460 3754 3569 3793; x_wconf 88' lang='lat' dir='ltr'><strong>non</strong></span> <span class='ocrx_word' id='word_1_627' title='bbox 3595 3739 3726 3793; x_wconf 87' lang='lat' dir='ltr'><strong>abs-</strong></span> 
     </span>
    </p>
   </div>
   <div class='ocr_carea' id='block_1_85' title="bbox 2143 3831 3726 3903">
    <p class='ocr_par' dir='ltr' id='par_1_85' title="bbox 2143 3831 3726 3903">
     <span class='ocr_line' id='line_1_85' title="bbox 2143 3831 3726 3903; baseline -0.001 -17"><span class='ocrx_word' id='word_1_628' title='bbox 2143 3831 2378 3887; x_wconf 89' lang='lat' dir='ltr'><strong>condam</strong></span> <span class='ocrx_word' id='word_1_629' title='bbox 2405 3871 2421 3898; x_wconf 89' lang='lat'><strong>,</strong></span> <span class='ocrx_word' id='word_1_630' title='bbox 2456 3842 2713 3887; x_wconf 90' lang='lat' dir='ltr'><strong>neutrum</strong></span> <span class='ocrx_word' id='word_1_631' title='bbox 2769 3847 2968 3901; x_wconf 85' lang='lat' dir='ltr'><strong>nempe</strong></span> <span class='ocrx_word' id='word_1_632' title='bbox 2999 3847 3191 3886; x_wconf 90' lang='lat' dir='ltr'><strong>eorum</strong></span> <span class='ocrx_word' id='word_1_633' title='bbox 3229 3847 3352 3903; x_wconf 58' lang='lat' dir='ltr'><strong>qua;</strong></span> <span class='ocrx_word' id='word_1_634' title='bbox 3382 3831 3544 3887; x_wconf 91' lang='lat' dir='ltr'><strong>modo</strong></span> <span class='ocrx_word' id='word_1_635' title='bbox 3576 3832 3726 3885; x_wconf 84' lang='lat' dir='ltr'><strong>dicta</strong></span> 
     </span>
    </p>
   </div>
   <div class='ocr_carea' id='block_1_86' title="bbox 2146 3923 3728 3996">
    <p class='ocr_par' dir='ltr' id='par_1_86' title="bbox 2146 3923 3728 3996">
     <span class='ocr_line' id='line_1_86' title="bbox 2146 3923 3728 3996; baseline -0.001 -15"><span class='ocrx_word' id='word_1_636' title='bbox 2146 3937 2274 3981; x_wconf 90' lang='lat' dir='ltr'><strong>sunt</strong></span> <span class='ocrx_word' id='word_1_637' title='bbox 2304 3933 2508 3981; x_wconf 76' lang='lat' dir='ltr'><strong>nostra:</strong></span> <span class='ocrx_word' id='word_1_638' title='bbox 2569 3925 2770 3996; x_wconf 69' lang='lat' dir='ltr'><strong>lingua:</strong></span> <span class='ocrx_word' id='word_1_639' title='bbox 2799 3923 3075 3979; x_wconf 91' lang='lat' dir='ltr'><strong>idiotismo</strong></span> <span class='ocrx_word' id='word_1_640' title='bbox 3123 3933 3314 3979; x_wconf 81' lang='lat' dir='ltr'><strong>exacte</strong></span> <span class='ocrx_word' id='word_1_641' title='bbox 3345 3925 3728 3994; x_wconf 83' lang='lat' dir='ltr'><strong>comprobari.</strong></span> 
     </span>
    </p>
   </div>
   <div class='ocr_carea' id='block_1_87' title="bbox 2148 4017 3730 4088">
    <p class='ocr_par' dir='ltr' id='par_1_87' title="bbox 2148 4017 3730 4088">
     <span class='ocr_line' id='line_1_87' title="bbox 2148 4017 3730 4088; baseline -0.006 -10"><span class='ocrx_word' id='word_1_642' title='bbox 2148 4021 2288 4088; x_wconf 85' lang='lat' dir='ltr'><strong>Quid</strong></span> <span class='ocrx_word' id='word_1_643' title='bbox 2320 4021 2466 4076; x_wconf 91' lang='lat' dir='ltr'><strong>enim</strong></span> <span class='ocrx_word' id='word_1_644' title='bbox 2502 4019 2759 4074; x_wconf 75' lang='lat' dir='ltr'><strong>differant</strong></span> <span class='ocrx_word' id='word_1_645' title='bbox 2788 4019 2974 4072; x_wconf 90' lang='lat' dir='ltr'><strong>carnis</strong></span> <span class='ocrx_word' id='word_1_646' title='bbox 3004 4017 3180 4072; x_wconf 88' lang='lat' dir='ltr'><strong>unitio</strong></span> <span class='ocrx_word' id='word_1_647' title='bbox 3212 4025 3268 4072; x_wconf 89' lang='lat' dir='ltr'><strong>et</strong></span> <span class='ocrx_word' id='word_1_648' title='bbox 3297 4017 3534 4071; x_wconf 88' lang='lat' dir='ltr'><strong>hominis</strong></span> <span class='ocrx_word' id='word_1_649' title='bbox 3603 4032 3730 4071; x_wconf 83' lang='lat' dir='ltr'><strong>sus-</strong></span> 
     </span>
    </p>
   </div>
   <div class='ocr_carea' id='block_1_88' title="bbox 2147 4109 3723 4186">
    <p class='ocr_par' dir='ltr' id='par_1_88' title="bbox 2147 4109 3723 4186">
     <span class='ocr_line' id='line_1_88' title="bbox 2147 4109 3723 4186; baseline -0.004 -17"><span class='ocrx_word' id='word_1_650' title='bbox 2147 4115 2330 4186; x_wconf 86' lang='lat' dir='ltr'><strong>ceptio</strong></span> <span class='ocrx_word' id='word_1_651' title='bbox 2361 4153 2376 4174; x_wconf 88' lang='lat'><strong>,</strong></span> <span class='ocrx_word' id='word_1_652' title='bbox 2408 4112 2555 4167; x_wconf 89' lang='lat' dir='ltr'><strong>haud</strong></span> <span class='ocrx_word' id='word_1_653' title='bbox 2611 4111 2684 4165; x_wconf 92' lang='lat' dir='ltr'><strong>ita</strong></span> <span class='ocrx_word' id='word_1_654' title='bbox 2711 4110 2765 4164; x_wconf 92' lang='lat' dir='ltr'><strong>in</strong></span> <span class='ocrx_word' id='word_1_655' title='bbox 2801 4110 3027 4180; x_wconf 82' lang='lat' dir='ltr'><strong>proclivi</strong></span> <span class='ocrx_word' id='word_1_656' title='bbox 3085 4120 3170 4164; x_wconf 84' lang='lat' dir='ltr'><strong>est</strong></span> <span class='ocrx_word' id='word_1_657' title='bbox 3219 4109 3403 4163; x_wconf 89' lang='lat' dir='ltr'><strong>verbis</strong></span> <span class='ocrx_word' id='word_1_658' title='bbox 3422 4109 3723 4178; x_wconf 83' lang='lat' dir='ltr'><strong>explicare,</strong></span> 
     </span>
    </p>
   </div>
   <div class='ocr_carea' id='block_1_89' title="bbox 2147 4199 3803 4274">
    <p class='ocr_par' dir='ltr' id='par_1_89' title="bbox 2147 4199 3803 4274">
     <span class='ocr_line' id='line_1_89' title="bbox 2147 4199 3803 4274; baseline -0.004 -16"><span class='ocrx_word' id='word_1_659' title='bbox 2147 4200 2594 4274; x_wconf 86' lang='lat' dir='ltr'><strong>quandoquidem</strong></span> <span class='ocrx_word' id='word_1_660' title='bbox 2625 4200 2978 4255; x_wconf 83' lang='lat' dir='ltr'><strong>multifariam</strong></span> <span class='ocrx_word' id='word_1_661' title='bbox 3002 4200 3278 4269; x_wconf 86' lang='lat' dir='ltr'><strong>variisque</strong></span> <span class='ocrx_word' id='word_1_662' title='bbox 3306 4200 3359 4253; x_wconf 88' lang='lat' dir='ltr'><strong>in</strong></span> <span class='ocrx_word' id='word_1_663' title='bbox 3390 4199 3554 4252; x_wconf 87' lang='lat' dir='ltr'><strong>rebus</strong></span> <span class='ocrx_word' id='word_1_664' title='bbox 3597 4199 3732 4253; x_wconf 90' lang='lat' dir='ltr'><strong>unio</strong></span> <span class='ocrx_word' id='word_1_665' title='bbox 3801 4213 3803 4215; x_wconf 91' lang='grc'>·</span> 
     </span>
    </p>
   </div>
   <div class='ocr_carea' id='block_1_90' title="bbox 2148 4287 3733 4359">
    <p class='ocr_par' dir='ltr' id='par_1_90' title="bbox 2148 4287 3733 4359">
     <span class='ocr_line' id='line_1_90' title="bbox 2148 4287 3733 4359; baseline -0.006 -9"><span class='ocrx_word' id='word_1_666' title='bbox 2148 4295 2557 4355; x_wconf 88' lang='lat' dir='ltr'><strong>consideratur,</strong></span> <span class='ocrx_word' id='word_1_667' title='bbox 2600 4293 2910 4346; x_wconf 89' lang='lat' dir='ltr'><strong>innumero</strong></span> <span class='ocrx_word' id='word_1_668' title='bbox 2943 4289 3175 4354; x_wconf 88' lang='lat' dir='ltr'><strong>scilicet,</strong></span> <span class='ocrx_word' id='word_1_669' title='bbox 3211 4289 3265 4343; x_wconf 87' lang='lat' dir='ltr'><strong>in</strong></span> <span class='ocrx_word' id='word_1_670' title='bbox 3296 4289 3499 4359; x_wconf 84' lang='lat' dir='ltr'><strong>specie,</strong></span> <span class='ocrx_word' id='word_1_671' title='bbox 3545 4287 3601 4341; x_wconf 91' lang='lat' dir='ltr'><strong>in</strong></span> <span class='ocrx_word' id='word_1_672' title='bbox 3633 4303 3733 4341; x_wconf 83' lang='lat' dir='ltr'><strong>ua-</strong></span> 
     </span>
    </p>
   </div>
   <div class='ocr_carea' id='block_1_91' title="bbox 2152 4379 3732 4452">
    <p class='ocr_par' dir='ltr' id='par_1_91' title="bbox 2152 4379 3732 4452">
     <span class='ocr_line' id='line_1_91' title="bbox 2152 4379 3732 4452; baseline -0.007 -10"><span class='ocrx_word' id='word_1_673' title='bbox 2152 4395 2299 4452; x_wconf 88' lang='lat' dir='ltr'><strong>tura,</strong></span> <span class='ocrx_word' id='word_1_674' title='bbox 2329 4386 2380 4440; x_wconf 92' lang='lat' dir='ltr'><strong>iu</strong></span> <span class='ocrx_word' id='word_1_675' title='bbox 2407 4385 2700 4447; x_wconf 85' lang='lat' dir='ltr'><strong>institutis,</strong></span> <span class='ocrx_word' id='word_1_676' title='bbox 2731 4383 2787 4437; x_wconf 89' lang='lat' dir='ltr'><strong>in</strong></span> <span class='ocrx_word' id='word_1_677' title='bbox 2821 4380 3110 4446; x_wconf 85' lang='lat' dir='ltr'><strong>doctrinis,</strong></span> <span class='ocrx_word' id='word_1_678' title='bbox 3159 4381 3213 4434; x_wconf 92' lang='lat' dir='ltr'><strong>in</strong></span> <span class='ocrx_word' id='word_1_679' title='bbox 3246 4379 3470 4434; x_wconf 74' lang='lat' dir='ltr'><strong>malitia:</strong></span> <span class='ocrx_word' id='word_1_680' title='bbox 3499 4379 3584 4434; x_wconf 86' lang='lat' dir='ltr'><strong>vel</strong></span> <span class='ocrx_word' id='word_1_681' title='bbox 3619 4379 3732 4432; x_wconf 84' lang='lat' dir='ltr'><strong>vir-</strong></span> 
     </span>
    </p>
   </div>
   <div class='ocr_carea' id='block_1_92' title="bbox 470 4468 2035 4554">
    <p class='ocr_par' dir='ltr' id='par_1_92' title="bbox 470 4470 2035 4554">
     <span class='ocr_line' id='line_1_92' title="bbox 470 4470 2035 4554; baseline 0.01 -31"><span class='ocrx_word' id='word_1_682' title='bbox 470 4487 586 4534; x_wconf 80' lang='grc' dir='ltr'>νου,</span> <span class='ocrx_word' id='word_1_683' title='bbox 629 4470 762 4542; x_wconf 90' lang='grc'><strong>(80),</strong></span> <span class='ocrx_word' id='word_1_684' title='bbox 793 4473 986 4545; x_wconf 75' lang='grc' dir='ltr'>ἐπίσης</span> <span class='ocrx_word' id='word_1_685' title='bbox 1035 4473 1112 4543; x_wconf 82' lang='grc' dir='ltr'><strong>τῷ</strong></span> <span class='ocrx_word' id='word_1_686' title='bbox 1150 4475 1473 4547; x_wconf 79' lang='grc' dir='ltr'>προλαϐόντι</span> <span class='ocrx_word' id='word_1_687' title='bbox 1524 4479 1656 4550; x_wconf 82' lang='grc' dir='ltr'>ἡμῖν</span> <span class='ocrx_word' id='word_1_688' title='bbox 1690 4481 1798 4554; x_wconf 75' lang='grc'><strong>(81)</strong></span> <span class='ocrx_word' id='word_1_689' title='bbox 1838 4484 1896 4536; x_wconf 82' lang='grc' dir='ltr'>ὲν</span> <span class='ocrx_word' id='word_1_690' title='bbox 1939 4486 2035 4538; x_wconf 69' lang='grc' dir='ltr'>τοῖς</span> 
     </span>
    </p>
   </div>
   <div class='ocr_carea' id='block_1_93' title="bbox 2134 4468 3733 4554">
    <p class='ocr_par' dir='ltr' id='par_1_93' title="bbox 2159 4468 3733 4547">
     <span class='ocr_line' id='line_1_93' title="bbox 2159 4468 3733 4547; baseline -0.006 -15"><span class='ocrx_word' id='word_1_691' title='bbox 2159 4479 2294 4533; x_wconf 84' lang='lat' dir='ltr'><strong>tutis</strong></span> <span class='ocrx_word' id='word_1_692' title='bbox 2321 4475 2772 4547; x_wconf 89' lang='lat' dir='ltr'><strong>proprietatibus,</strong></span> <span class='ocrx_word' id='word_1_693' title='bbox 2808 4480 2863 4528; x_wconf 86' lang='lat' dir='ltr'><strong>et</strong></span> <span class='ocrx_word' id='word_1_694' title='bbox 2887 4488 3015 4542; x_wconf 82' lang='lat' dir='ltr'><strong>erga</strong></span> <span class='ocrx_word' id='word_1_695' title='bbox 3047 4473 3368 4526; x_wconf 88' lang='lat' dir='ltr'><strong>alterutram</strong></span> <span class='ocrx_word' id='word_1_696' title='bbox 3401 4471 3620 4525; x_wconf 85' lang='lat' dir='ltr'><strong>studiis.</strong></span> <span class='ocrx_word' id='word_1_697' title='bbox 3646 4468 3733 4523; x_wconf 81' lang='lat' dir='ltr'><strong>lu-</strong></span> 
     </span>
    </p>
   </div>
   <div class='ocr_carea' id='block_1_94' title="bbox 471 4563 2048 4646">
    <p class='ocr_par' dir='ltr' id='par_1_94' title="bbox 471 4563 2048 4646">
     <span class='ocr_line' id='line_1_94' title="bbox 471 4563 2048 4646; baseline 0.008 -32"><span class='ocrx_word' id='word_1_698' title='bbox 471 4563 855 4633; x_wconf 87' lang='grc' dir='ltr'>ἀγνοουμένοις</span> <span class='ocrx_word' id='word_1_699' title='bbox 899 4565 1066 4616; x_wconf 71' lang='grc' dir='ltr'>ἐστίν.</span> <span class='ocrx_word' id='word_1_700' title='bbox 1103 4565 1247 4628; x_wconf 85' lang='grc' dir='ltr'><strong>Ἕως</strong></span> <span class='ocrx_word' id='word_1_701' title='bbox 1275 4566 1382 4637; x_wconf 77' lang='grc' dir='ltr'>γὰρ</span> <span class='ocrx_word' id='word_1_702' title='bbox 1408 4567 1474 4621; x_wconf 86' lang='grc' dir='ltr'><strong>ἂν</strong></span> <span class='ocrx_word' id='word_1_703' title='bbox 1529 4570 1602 4639; x_wconf 82' lang='grc' dir='ltr'>μὴ</span> <span class='ocrx_word' id='word_1_704' title='bbox 1638 4570 1715 4640; x_wconf 87' lang='grc' dir='ltr'>τῷ</span> <span class='ocrx_word' id='word_1_705' title='bbox 1769 4571 1900 4644; x_wconf 85' lang='grc' dir='ltr'>θείῳ</span> <span class='ocrx_word' id='word_1_706' title='bbox 1946 4577 2048 4646; x_wconf 84' lang='grc' dir='ltr'><strong>τῆς</strong></span> 
     </span>
    </p>
   </div>
   <div class='ocr_carea' id='block_1_95' title="bbox 473 4651 2048 4734">
    <p class='ocr_par' dir='ltr' id='par_1_95' title="bbox 473 4651 2048 4734">
     <span class='ocr_line' id='line_1_95' title="bbox 473 4651 2048 4734; baseline 0.01 -32"><span class='ocrx_word' id='word_1_707' title='bbox 473 4651 696 4722; x_wconf 83' lang='grc' dir='ltr'>Γραφῆς</span> <span class='ocrx_word' id='word_1_708' title='bbox 739 4652 894 4706; x_wconf 82' lang='grc' dir='ltr'>άλατι</span> <span class='ocrx_word' id='word_1_709' title='bbox 918 4651 1010 4706; x_wconf 83' lang='grc' dir='ltr'><strong>τὸν</strong></span> <span class='ocrx_word' id='word_1_710' title='bbox 1040 4655 1166 4723; x_wconf 80' lang='grc' dir='ltr'>περὶ</span> <span class='ocrx_word' id='word_1_711' title='bbox 1206 4657 1502 4727; x_wconf 75' lang='grc' dir='ltr'>μυστηρίου</span> <span class='ocrx_word' id='word_1_712' title='bbox 1545 4657 1701 4726; x_wconf 82' lang='grc' dir='ltr'>λόγον</span> <span class='ocrx_word' id='word_1_713' title='bbox 1729 4659 1842 4729; x_wconf 70' lang='grc'><strong>(82)</strong></span> <span class='ocrx_word' id='word_1_714' title='bbox 1875 4664 2048 4734; x_wconf 82' lang='grc' dir='ltr'>ἐπαρ-</span> 
     </span>
    </p>
   </div>
   <div class='ocr_carea' id='block_1_96' title="bbox 471 4741 2048 4822">
    <p class='ocr_par' dir='ltr' id='par_1_96' title="bbox 471 4741 2048 4822">
     <span class='ocr_line' id='line_1_96' title="bbox 471 4741 2048 4822; baseline 0.007 -27"><span class='ocrx_word' id='word_1_715' title='bbox 471 4741 616 4796; x_wconf 81' lang='grc' dir='ltr'>τύων</span> <span class='ocrx_word' id='word_1_716' title='bbox 655 4744 928 4814; x_wconf 84' lang='grc' dir='ltr'>προφέρῃ,</span> <span class='ocrx_word' id='word_1_717' title='bbox 963 4747 1024 4797; x_wconf 89' lang='grc' dir='ltr'><strong>τὸ</strong></span> <span class='ocrx_word' id='word_1_718' title='bbox 1077 4749 1518 4818; x_wconf 87' lang='grc' dir='ltr'>μεμωραμμένον</span> <span class='ocrx_word' id='word_1_719' title='bbox 1560 4750 1658 4819; x_wconf 76' lang='grc' dir='ltr'>τῆς</span> <span class='ocrx_word' id='word_1_720' title='bbox 1702 4750 1806 4816; x_wconf 75' lang='grc' dir='ltr'><strong>ἔξω</strong></span> <span class='ocrx_word' id='word_1_721' title='bbox 1857 4754 2048 4822; x_wconf 88' lang='grc' dir='ltr'>σοφίας</span> 
     </span>
    </p>
   </div>
   <div class='ocr_carea' id='block_1_97' title="bbox 475 4834 2048 4914">
    <p class='ocr_par' dir='ltr' id='par_1_97' title="bbox 475 4834 2048 4914">
     <span class='ocr_line' id='line_1_97' title="bbox 475 4834 2048 4914; baseline 0.007 -26"><span class='ocrx_word' id='word_1_722' title='bbox 475 4834 608 4898; x_wconf 73' lang='grc' dir='ltr'>ἃλας</span> <span class='ocrx_word' id='word_1_723' title='bbox 633 4835 913 4888; x_wconf 86' lang='grc' dir='ltr'>πατεῖσθαι</span> <span class='ocrx_word' id='word_1_724' title='bbox 941 4837 1090 4907; x_wconf 82' lang='grc' dir='ltr'><strong>παρᾶ</strong></span> <span class='ocrx_word' id='word_1_725' title='bbox 1116 4837 1224 4890; x_wconf 90' lang='grc' dir='ltr'><strong>τῶν</strong></span> <span class='ocrx_word' id='word_1_726' title='bbox 1253 4839 1456 4893; x_wconf 87' lang='grc' dir='ltr'>πιστῶν</span> <span class='ocrx_word' id='word_1_727' title='bbox 1483 4842 1915 4914; x_wconf 82' lang='grc' dir='ltr'>καταλείψωμεν.</span> <span class='ocrx_word' id='word_1_728' title='bbox 1952 4845 2048 4910; x_wconf 90' lang='grc' dir='ltr'>Τίς</span> 
     </span>
    </p>
   </div>
   <div class='ocr_carea' id='block_1_98' title="bbox 474 4926 2049 5004">
    <p class='ocr_par' dir='ltr' id='par_1_98' title="bbox 474 4926 2049 5004">
     <span class='ocr_line' id='line_1_98' title="bbox 474 4926 2049 5004; baseline 0.008 -25"><span class='ocrx_word' id='word_1_729' title='bbox 474 4926 583 4980; x_wconf 90' lang='grc' dir='ltr'><strong>τῶν</strong></span> <span class='ocrx_word' id='word_1_730' title='bbox 609 4927 1004 4995; x_wconf 80' lang='grc' dir='ltr'>εὐαγγελιστῶν</span> <span class='ocrx_word' id='word_1_731' title='bbox 1054 4929 1254 5000; x_wconf 88' lang='grc' dir='ltr'>σαρκὸς</span> <span class='ocrx_word' id='word_1_732' title='bbox 1292 4930 1487 4985; x_wconf 76' lang='grc' dir='ltr'>ἕνωσιν</span> <span class='ocrx_word' id='word_1_733' title='bbox 1518 4934 1856 5004; x_wconf 74' lang='grc' dir='ltr'>διηγήσατος</span> <span class='ocrx_word' id='word_1_734' title='bbox 1891 4937 2049 4991; x_wconf 84' lang='grc' dir='ltr'>Ποῖον</span> 
     </span>
    </p>
   </div>
   <div class='ocr_carea' id='block_1_99' title="bbox 475 5019 2051 5099">
    <p class='ocr_par' dir='ltr' id='par_1_99' title="bbox 475 5019 2051 5099">
     <span class='ocr_line' id='line_1_99' title="bbox 475 5019 2051 5099; baseline 0.005 -25"><span class='ocrx_word' id='word_1_735' title='bbox 475 5020 534 5074; x_wconf 80' lang='grc' dir='ltr'>δὲ</span> <span class='ocrx_word' id='word_1_736' title='bbox 559 5020 669 5074; x_wconf 89' lang='grc' dir='ltr'><strong>τῶν</strong></span> <span class='ocrx_word' id='word_1_737' title='bbox 710 5019 1081 5074; x_wconf 85' lang='grc' dir='ltr'>ἀποστολικῶν</span> <span class='ocrx_word' id='word_1_738' title='bbox 1119 5021 1472 5094; x_wconf 83' lang='grc' dir='ltr'>διηγημάτων</span> <span class='ocrx_word' id='word_1_739' title='bbox 1507 5026 1604 5097; x_wconf 75' lang='grc' dir='ltr'><strong>τὴν</strong></span> <span class='ocrx_word' id='word_1_740' title='bbox 1636 5027 1730 5080; x_wconf 80' lang='grc' dir='ltr'>τοῦ</span> <span class='ocrx_word' id='word_1_741' title='bbox 1765 5027 2051 5099; x_wconf 87' lang='grc' dir='ltr'>ἀνθρώπου</span> 
     </span>
    </p>
   </div>
   <div class='ocr_carea' id='block_1_100' title="bbox 549 5129 1016 5194">
    <p class='ocr_par' dir='ltr' id='par_1_100' title="bbox 549 5129 1016 5194">
     <span class='ocr_line' id='line_1_100' title="bbox 549 5129 1016 5194; baseline 0 -10"><span class='ocrx_word' id='word_1_742' title='bbox 549 5131 594 5164; x_wconf 67' lang='grc'><strong>⁸⁵</strong></span> <span class='ocrx_word' id='word_1_743' title='bbox 626 5129 666 5184; x_wconf 86' lang='lat' dir='ltr'><strong>ll</strong></span> <span class='ocrx_word' id='word_1_744' title='bbox 697 5130 824 5186; x_wconf 88' lang='lat' dir='ltr'><strong>Cor.</strong></span> <span class='ocrx_word' id='word_1_745' title='bbox 851 5129 1016 5194; x_wconf 71' lang='grc' dir='ltr'><strong>γ,16.</strong></span> 
     </span>
    </p>
   </div>
   <div class='ocr_carea' id='block_1_101' title="bbox 550 5265 1240 5338">
    <p class='ocr_par' dir='ltr' id='par_1_101' title="bbox 550 5265 1240 5338">
     <span class='ocr_line' id='line_1_101' title="bbox 550 5265 1240 5338; baseline 0 -17"><span class='ocrx_word' id='word_1_746' title='bbox 550 5267 664 5334; x_wconf 64' lang='grc'><strong>(74)</strong></span> <span class='ocrx_word' id='word_1_747' title='bbox 694 5267 855 5321; x_wconf 90' lang='lat' dir='ltr'><strong>Corr.</strong></span> <span class='ocrx_word' id='word_1_748' title='bbox 885 5265 1240 5338; x_wconf 80' lang='grc' dir='ltr'>καθικνῆται.</span> 
     </span>
    </p>
   </div>
   <div class='ocr_carea' id='block_1_102' title="bbox 551 5338 1212 5410">
    <p class='ocr_par' dir='ltr' id='par_1_102' title="bbox 551 5338 1212 5410">
     <span class='ocr_line' id='line_1_102' title="bbox 551 5338 1212 5410; baseline 0.003 -20"><span class='ocrx_word' id='word_1_749' title='bbox 551 5339 663 5410; x_wconf 86' lang='grc'><strong>(75)</strong></span> <span class='ocrx_word' id='word_1_750' title='bbox 692 5340 850 5410; x_wconf 70' lang='grc' dir='ltr'><strong>(ξω-ι’.</strong></span> <span class='ocrx_word' id='word_1_751' title='bbox 883 5338 1212 5408; x_wconf 81' lang='grc' dir='ltr'>προστιθείς.</span> 
     </span>
    </p>
   </div>
   <div class='ocr_carea' id='block_1_103' title="bbox 551 5405 2056 5478">
    <p class='ocr_par' dir='ltr' id='par_1_103' title="bbox 551 5405 2056 5478">
     <span class='ocr_line' id='line_1_103' title="bbox 551 5405 2056 5478; baseline -0.001 -16"><span class='ocrx_word' id='word_1_752' title='bbox 551 5405 661 5478; x_wconf 77' lang='grc' dir='ltr'><strong>(Ἱϋ)</strong></span> <span class='ocrx_word' id='word_1_753' title='bbox 713 5405 940 5463; x_wconf 63' lang='grc' dir='ltr'><strong>[λοειιιιι⁷</strong></span> <span class='ocrx_word' id='word_1_754' title='bbox 973 5413 1118 5464; x_wconf 91' lang='lat' dir='ltr'><strong>hunc</strong></span> <span class='ocrx_word' id='word_1_755' title='bbox 1165 5423 1339 5477; x_wconf 85' lang='lat' dir='ltr'><strong>usque</strong></span> <span class='ocrx_word' id='word_1_756' title='bbox 1383 5407 1448 5459; x_wconf 84' lang='lat' dir='ltr'><strong>ad</strong></span> <span class='ocrx_word' id='word_1_757' title='bbox 1495 5405 1588 5460; x_wconf 80' lang='lat' dir='ltr'><strong>illa</strong></span> <span class='ocrx_word' id='word_1_758' title='bbox 1628 5406 1791 5462; x_wconf 83' lang='lat' dir='ltr'><strong>verba</strong></span> <span class='ocrx_word' id='word_1_759' title='bbox 1827 5407 1918 5461; x_wconf 75' lang='grc' dir='ltr'>διὰ</span> <span class='ocrx_word' id='word_1_760' title='bbox 1945 5407 2056 5461; x_wconf 87' lang='grc' dir='ltr'><strong>τῶν</strong></span> 
     </span>
    </p>
   </div>
   <div class='ocr_carea' id='block_1_104' title="bbox 482 5478 2058 5551">
    <p class='ocr_par' dir='ltr' id='par_1_104' title="bbox 482 5478 2058 5551">
     <span class='ocr_line' id='line_1_104' title="bbox 482 5478 2058 5551; baseline 0 -19"><span class='ocrx_word' id='word_1_761' title='bbox 482 5480 683 5551; x_wconf 61' lang='grc' dir='ltr'>γηΐνων</span> <span class='ocrx_word' id='word_1_762' title='bbox 709 5481 771 5534; x_wconf 79' lang='grc' dir='ltr'><strong>οὐ</strong></span> <span class='ocrx_word' id='word_1_763' title='bbox 805 5479 1085 5550; x_wconf 86' lang='grc' dir='ltr'>τρέφεται,</span> <span class='ocrx_word' id='word_1_764' title='bbox 1112 5479 1295 5534; x_wconf 82' lang='lat' dir='ltr'><strong>laudat</strong></span> <span class='ocrx_word' id='word_1_765' title='bbox 1319 5478 1644 5548; x_wconf 82' lang='lat' dir='ltr'><strong>Euthymius</strong></span> <span class='ocrx_word' id='word_1_766' title='bbox 1678 5478 1732 5530; x_wconf 91' lang='lat' dir='ltr'><strong>iu</strong></span> <span class='ocrx_word' id='word_1_767' title='bbox 1765 5482 1926 5533; x_wconf 89' lang='lat' dir='ltr'><strong>toties</strong></span> <span class='ocrx_word' id='word_1_768' title='bbox 1946 5479 2058 5532; x_wconf 86' lang='lat' dir='ltr'><strong>lau-</strong></span> 
     </span>
    </p>
   </div>
   <div class='ocr_carea' id='block_1_105' title="bbox 481 5547 2054 5621">
    <p class='ocr_par' dir='ltr' id='par_1_105' title="bbox 481 5547 2054 5621">
     <span class='ocr_line' id='line_1_105' title="bbox 481 5547 2054 5621; baseline -0.001 -19"><span class='ocrx_word' id='word_1_769' title='bbox 481 5547 606 5604; x_wconf 73' lang='lat' dir='ltr'><strong>data</strong></span> <span class='ocrx_word' id='word_1_770' title='bbox 631 5547 1194 5621; x_wconf 20' lang='lat' dir='ltr'><strong>Pauopl&#39;ia’adversus</strong></span> <span class='ocrx_word' id='word_1_771' title='bbox 1221 5551 1444 5606; x_wconf 76' lang='lat' dir='ltr'><strong>hwreses</strong></span> <span class='ocrx_word' id='word_1_772' title='bbox 1468 5547 1642 5617; x_wconf 82' lang='lat' dir='ltr'><strong>parte</strong></span> <span class='ocrx_word' id='word_1_773' title='bbox 1691 5564 1752 5611; x_wconf 89' lang='grc' dir='ltr'><strong>ιι,</strong></span> <span class='ocrx_word' id='word_1_774' title='bbox 1791 5551 1876 5601; x_wconf 89' lang='lat' dir='ltr'><strong>tit.</strong></span> <span class='ocrx_word' id='word_1_775' title='bbox 1935 5564 2054 5613; x_wconf 81' lang='lat' dir='ltr'><strong>xui,</strong></span> 
     </span>
    </p>
   </div>
   <div class='ocr_carea' id='block_1_106' title="bbox 486 5619 1250 5692">
    <p class='ocr_par' dir='ltr' id='par_1_106' title="bbox 486 5619 1250 5692">
     <span class='ocr_line' id='line_1_106' title="bbox 486 5619 1250 5692; baseline -0.005 -18"><span class='ocrx_word' id='word_1_776' title='bbox 486 5619 768 5692; x_wconf 27' lang='lat' dir='ltr'><strong>pagtbﬁﬁ,</strong></span> <span class='ocrx_word' id='word_1_777' title='bbox 788 5619 946 5676; x_wconf 82' lang='lat' dir='ltr'><strong>vers.</strong></span> <span class='ocrx_word' id='word_1_778' title='bbox 984 5621 1250 5676; x_wconf 78' lang='lat' dir='ltr'><strong>Christus.</strong></span> 
     </span>
    </p>
   </div>
   <div class='ocr_carea' id='block_1_107' title="bbox 557 5688 2056 5758">
    <p class='ocr_par' dir='ltr' id='par_1_107' title="bbox 557 5688 2056 5758">
     <span class='ocr_line' id='line_1_107' title="bbox 557 5688 2056 5758; baseline -0.001 -14"><span class='ocrx_word' id='word_1_779' title='bbox 557 5688 671 5751; x_wconf 73' lang='lat'><strong>(7&#39;7)</strong></span> <span class='ocrx_word' id='word_1_780' title='bbox 731 5693 806 5746; x_wconf 92' lang='lat' dir='ltr'><strong>lta</strong></span> <span class='ocrx_word' id='word_1_781' title='bbox 865 5706 1034 5758; x_wconf 91' lang='lat' dir='ltr'><strong>corr.,</strong></span> <span class='ocrx_word' id='word_1_782' title='bbox 1068 5702 1224 5746; x_wconf 60' lang='lat' dir='ltr'><strong>antea</strong></span> <span class='ocrx_word' id='word_1_783' title='bbox 1254 5697 1433 5745; x_wconf 77' lang='lat' dir='ltr'><strong>autem</strong></span> <span class='ocrx_word' id='word_1_784' title='bbox 1483 5697 1600 5743; x_wconf 82' lang='lat' dir='ltr'><strong>erat</strong></span> <span class='ocrx_word' id='word_1_785' title='bbox 1631 5688 1690 5742; x_wconf 86' lang='grc' dir='ltr'><strong>τὸ</strong></span> <span class='ocrx_word' id='word_1_786' title='bbox 1728 5689 2056 5758; x_wconf 81' lang='grc' dir='ltr'>σωματικῶς</span> 
     </span>
    </p>
   </div>
   <div class='ocr_carea' id='block_1_108' title="bbox 490 5765 943 5835">
    <p class='ocr_par' dir='ltr' id='par_1_108' title="bbox 490 5765 943 5835">
     <span class='ocr_line' id='line_1_108' title="bbox 490 5765 943 5835; baseline 0.002 -20"><span class='ocrx_word' id='word_1_787' title='bbox 490 5765 943 5835; x_wconf 81' lang='grc' dir='ltr'>προφαινόμενον.</span> 
     </span>
    </p>
   </div>
   <div class='ocr_carea' id='block_1_109' title="bbox 2154 4564 3736 4640">
    <p class='ocr_par' dir='ltr' id='par_1_109' title="bbox 2154 4564 3736 4640">
     <span class='ocr_line' id='line_1_109' title="bbox 2154 4564 3736 4640; baseline -0.007 -15"><span class='ocrx_word' id='word_1_788' title='bbox 2154 4578 2453 4640; x_wconf 84' lang='lat' dir='ltr'><strong>terpretum</strong></span> <span class='ocrx_word' id='word_1_789' title='bbox 2489 4569 2672 4637; x_wconf 85' lang='lat' dir='ltr'><strong>itaque</strong></span> <span class='ocrx_word' id='word_1_790' title='bbox 2702 4566 3063 4636; x_wconf 83' lang='lat' dir='ltr'><strong>explicatione</strong></span> <span class='ocrx_word' id='word_1_791' title='bbox 3090 4564 3247 4618; x_wconf 85' lang='lat' dir='ltr'><strong>nobis</strong></span> <span class='ocrx_word' id='word_1_792' title='bbox 3268 4579 3409 4632; x_wconf 90' lang='lat' dir='ltr'><strong>opus</strong></span> <span class='ocrx_word' id='word_1_793' title='bbox 3435 4575 3542 4626; x_wconf 90' lang='lat' dir='ltr'><strong>est,</strong></span> <span class='ocrx_word' id='word_1_794' title='bbox 3571 4573 3628 4616; x_wconf 90' lang='lat' dir='ltr'><strong>ut</strong></span> <span class='ocrx_word' id='word_1_795' title='bbox 3653 4565 3736 4615; x_wconf 89' lang='lat' dir='ltr'><strong>iu-</strong></span> 
     </span>
    </p>
   </div>
   <div class='ocr_carea' id='block_1_110' title="bbox 2153 4656 3734 4733">
    <p class='ocr_par' dir='ltr' id='par_1_110' title="bbox 2153 4656 3734 4733">
     <span class='ocr_line' id='line_1_110' title="bbox 2153 4656 3734 4733; baseline -0.006 -16"><span class='ocrx_word' id='word_1_796' title='bbox 2153 4664 2463 4733; x_wconf 83' lang='lat' dir='ltr'><strong>telligamus</strong></span> <span class='ocrx_word' id='word_1_797' title='bbox 2501 4675 2750 4731; x_wconf 85' lang='lat' dir='ltr'><strong>quaenam</strong></span> <span class='ocrx_word' id='word_1_798' title='bbox 2793 4659 2866 4714; x_wconf 90' lang='lat' dir='ltr'><strong>sit</strong></span> <span class='ocrx_word' id='word_1_799' title='bbox 2897 4657 3012 4712; x_wconf 66' lang='lat' dir='ltr'><strong>haec</strong></span> <span class='ocrx_word' id='word_1_800' title='bbox 3044 4658 3226 4712; x_wconf 89' lang='lat' dir='ltr'><strong>carnis</strong></span> <span class='ocrx_word' id='word_1_801' title='bbox 3279 4656 3430 4722; x_wconf 92' lang='lat' dir='ltr'><strong>unio,</strong></span> <span class='ocrx_word' id='word_1_802' title='bbox 3459 4658 3576 4711; x_wconf 85' lang='lat' dir='ltr'><strong>sive</strong></span> <span class='ocrx_word' id='word_1_803' title='bbox 3609 4671 3734 4710; x_wconf 85' lang='lat' dir='ltr'><strong>cum</strong></span> 
     </span>
    </p>
   </div>
   <div class='ocr_carea' id='block_1_111' title="bbox 2155 4747 3734 4827">
    <p class='ocr_par' dir='ltr' id='par_1_111' title="bbox 2155 4747 3734 4827">
     <span class='ocr_line' id='line_1_111' title="bbox 2155 4747 3734 4827; baseline -0.008 -14"><span class='ocrx_word' id='word_1_804' title='bbox 2155 4758 2449 4827; x_wconf 83' lang='lat' dir='ltr'><strong>semetipsa</strong></span> <span class='ocrx_word' id='word_1_805' title='bbox 2485 4755 2598 4809; x_wconf 90' lang='lat' dir='ltr'><strong>sive</strong></span> <span class='ocrx_word' id='word_1_806' title='bbox 2646 4767 2771 4806; x_wconf 84' lang='lat' dir='ltr'><strong>cum</strong></span> <span class='ocrx_word' id='word_1_807' title='bbox 2797 4750 2907 4804; x_wconf 88' lang='lat' dir='ltr'><strong>alio</strong></span> <span class='ocrx_word' id='word_1_808' title='bbox 2952 4750 3104 4802; x_wconf 88' lang='lat' dir='ltr'><strong>iuita.</strong></span> <span class='ocrx_word' id='word_1_809' title='bbox 3137 4747 3388 4802; x_wconf 86' lang='lat' dir='ltr'><strong>Hominis</strong></span> <span class='ocrx_word' id='word_1_810' title='bbox 3421 4748 3582 4802; x_wconf 81' lang='lat' dir='ltr'><strong>etiam</strong></span> <span class='ocrx_word' id='word_1_811' title='bbox 3609 4763 3734 4802; x_wconf 87' lang='lat' dir='ltr'><strong>sus-</strong></span> 
     </span>
    </p>
   </div>
   <div class='ocr_carea' id='block_1_112' title="bbox 2156 4835 3735 4918">
    <p class='ocr_par' dir='ltr' id='par_1_112' title="bbox 2156 4835 3735 4918">
     <span class='ocr_line' id='line_1_112' title="bbox 2156 4835 3735 4918; baseline -0.013 -14"><span class='ocrx_word' id='word_1_812' title='bbox 2156 4849 2334 4918; x_wconf 90' lang='lat' dir='ltr'><strong>ceptio</strong></span> <span class='ocrx_word' id='word_1_813' title='bbox 2358 4840 2657 4916; x_wconf 88' lang='lat' dir='ltr'><strong>quomodo,</strong></span> <span class='ocrx_word' id='word_1_814' title='bbox 2686 4856 2750 4895; x_wconf 84' lang='lat' dir='ltr'><strong>ex</strong></span> <span class='ocrx_word' id='word_1_815' title='bbox 2785 4837 2956 4909; x_wconf 89' lang='lat' dir='ltr'><strong>quali,</strong></span> <span class='ocrx_word' id='word_1_816' title='bbox 2980 4845 3036 4891; x_wconf 89' lang='lat' dir='ltr'><strong>et</strong></span> <span class='ocrx_word' id='word_1_817' title='bbox 3053 4836 3198 4891; x_wconf 91' lang='lat' dir='ltr'><strong>unde</strong></span> <span class='ocrx_word' id='word_1_818' title='bbox 3231 4835 3343 4900; x_wconf 86' lang='lat' dir='ltr'><strong>liat,</strong></span> <span class='ocrx_word' id='word_1_819' title='bbox 3375 4850 3437 4889; x_wconf 89' lang='lat' dir='ltr'><strong>ac</strong></span> <span class='ocrx_word' id='word_1_820' title='bbox 3471 4844 3735 4906; x_wconf 63' lang='lat' dir='ltr'><strong>prazterca</strong></span> 
     </span>
    </p>
   </div>
   <div class='ocr_carea' id='block_1_113' title="bbox 2158 4926 3740 5009">
    <p class='ocr_par' dir='ltr' id='par_1_113' title="bbox 2158 4926 3740 5009">
     <span class='ocr_line' id='line_1_113' title="bbox 2158 4926 3740 5009; baseline -0.009 -17"><span class='ocrx_word' id='word_1_821' title='bbox 2158 4936 2454 5009; x_wconf 89' lang='lat' dir='ltr'><strong>quomodo,</strong></span> <span class='ocrx_word' id='word_1_822' title='bbox 2531 4931 2824 4992; x_wconf 85' lang='lat' dir='ltr'><strong>umlenatu,</strong></span> <span class='ocrx_word' id='word_1_823' title='bbox 2897 4935 2950 4982; x_wconf 81' lang='lat' dir='ltr'><strong>et</strong></span> <span class='ocrx_word' id='word_1_824' title='bbox 3007 4941 3245 4997; x_wconf 86' lang='lat' dir='ltr'><strong>quanam</strong></span> <span class='ocrx_word' id='word_1_825' title='bbox 3307 4926 3520 4980; x_wconf 87' lang='lat' dir='ltr'><strong>ratione</strong></span> <span class='ocrx_word' id='word_1_826' title='bbox 3573 4927 3740 4979; x_wconf 84' lang='lat' dir='ltr'><strong>immo</strong></span> 
     </span>
    </p>
   </div>
   <div class='ocr_carea' id='block_1_114' title="bbox 2161 5017 3739 5098">
    <p class='ocr_par' dir='ltr' id='par_1_114' title="bbox 2161 5017 3739 5098">
     <span class='ocr_line' id='line_1_114' title="bbox 2161 5017 3739 5098; baseline -0.011 -12"><span class='ocrx_word' id='word_1_827' title='bbox 2161 5037 2450 5098; x_wconf 86' lang='lat' dir='ltr'><strong>susceptus</strong></span> <span class='ocrx_word' id='word_1_828' title='bbox 2483 5027 2574 5088; x_wconf 88' lang='lat' dir='ltr'><strong>sit,</strong></span> <span class='ocrx_word' id='word_1_829' title='bbox 2617 5037 2770 5093; x_wconf 74' lang='lat' dir='ltr'><strong>azque</strong></span> <span class='ocrx_word' id='word_1_830' title='bbox 2793 5036 2856 5075; x_wconf 88' lang='lat' dir='ltr'><strong>ac</strong></span> <span class='ocrx_word' id='word_1_831' title='bbox 2902 5018 3260 5090; x_wconf 50' lang='lat' dir='ltr'><strong>praecedentia</strong></span> <span class='ocrx_word' id='word_1_832' title='bbox 3295 5017 3452 5072; x_wconf 90' lang='lat' dir='ltr'><strong>nobis</strong></span> <span class='ocrx_word' id='word_1_833' title='bbox 3494 5018 3739 5088; x_wconf 81' lang='lat' dir='ltr'><strong>ignotum</strong></span> 
     </span>
    </p>
   </div>
   <div class='ocr_carea' id='block_1_115' title="bbox 2232 5261 3724 5338">
    <p class='ocr_par' dir='ltr' id='par_1_115' title="bbox 2232 5261 3724 5338">
     <span class='ocr_line' id='line_1_115' title="bbox 2232 5261 3724 5338; baseline -0.007 -16"><span class='ocrx_word' id='word_1_834' title='bbox 2232 5269 2344 5338; x_wconf 85' lang='grc'><strong>(78)</strong></span> <span class='ocrx_word' id='word_1_835' title='bbox 2405 5269 2484 5323; x_wconf 85' lang='lat' dir='ltr'><strong>Ita</strong></span> <span class='ocrx_word' id='word_1_836' title='bbox 2516 5268 2867 5338; x_wconf 89' lang='lat' dir='ltr'><strong>corr.,prius</strong></span> <span class='ocrx_word' id='word_1_837' title='bbox 2911 5272 3030 5322; x_wconf 85' lang='lat' dir='ltr'><strong>erat</strong></span> <span class='ocrx_word' id='word_1_838' title='bbox 3068 5264 3210 5318; x_wconf 77' lang='grc' dir='ltr'><strong>κατά</strong></span> <span class='ocrx_word' id='word_1_839' title='bbox 3261 5261 3438 5332; x_wconf 74' lang='grc' dir='ltr'>κακὴν</span> <span class='ocrx_word' id='word_1_840' title='bbox 3477 5261 3724 5331; x_wconf 70' lang='grc' dir='ltr'>ἀρετήνι</span> 
     </span>
    </p>
   </div>
   <div class='ocr_carea' id='block_1_116' title="bbox 2160 5341 2511 5394">
    <p class='ocr_par' dir='ltr' id='par_1_116' title="bbox 2160 5341 2511 5394">
     <span class='ocr_line' id='line_1_116' title="bbox 2160 5341 2511 5394; baseline -0.003 -2"><span class='ocrx_word' id='word_1_841' title='bbox 2160 5341 2302 5392; x_wconf 87' lang='lat' dir='ltr'><strong>mala</strong></span> <span class='ocrx_word' id='word_1_842' title='bbox 2333 5341 2511 5394; x_wconf 87' lang='lat' dir='ltr'><strong>lectio.</strong></span> 
     </span>
    </p>
   </div>
   <div class='ocr_carea' id='block_1_117' title="bbox 2234 5409 2918 5480">
    <p class='ocr_par' dir='ltr' id='par_1_117' title="bbox 2234 5409 2918 5480">
     <span class='ocr_line' id='line_1_117' title="bbox 2234 5409 2918 5480; baseline -0.001 -19"><span class='ocrx_word' id='word_1_843' title='bbox 2234 5409 2538 5480; x_wconf 53' lang='lat'><strong>(79)!)01‘1‘.</strong></span> <span class='ocrx_word' id='word_1_844' title='bbox 2593 5409 2918 5478; x_wconf 79' lang='grc' dir='ltr'>ἑνουμένως.</span> 
     </span>
    </p>
   </div>
   <div class='ocr_carea' id='block_1_118' title="bbox 2235 5473 3334 5553">
    <p class='ocr_par' dir='ltr' id='par_1_118' title="bbox 2235 5473 3334 5553">
     <span class='ocr_line' id='line_1_118' title="bbox 2235 5473 3334 5553; baseline -0.007 -20"><span class='ocrx_word' id='word_1_845' title='bbox 2235 5473 2346 5553; x_wconf 64' lang='grc' dir='ltr'><strong>(δθ)</strong></span> <span class='ocrx_word' id='word_1_846' title='bbox 2375 5477 2454 5553; x_wconf 85' lang='lat' dir='ltr'><strong>Ita</strong></span> <span class='ocrx_word' id='word_1_847' title='bbox 2475 5493 2621 5534; x_wconf 88' lang='lat' dir='ltr'><strong>corr.</strong></span> <span class='ocrx_word' id='word_1_848' title='bbox 2652 5473 3334 5553; x_wconf 54' lang='lat' dir='ltr'><strong>anteaupoast‘ltqppévo;</strong></span> 
     </span>
    </p>
   </div>
   <div class='ocr_carea' id='block_1_119' title="bbox 2237 5546 3400 5621">
    <p class='ocr_par' dir='ltr' id='par_1_119' title="bbox 2237 5546 3400 5621">
     <span class='ocr_line' id='line_1_119' title="bbox 2237 5546 3400 5621; baseline -0.009 -15"><span class='ocrx_word' id='word_1_849' title='bbox 2237 5546 2348 5621; x_wconf 78' lang='grc'><strong>(81)</strong></span> <span class='ocrx_word' id='word_1_850' title='bbox 2380 5551 2564 5611; x_wconf 65' lang='lat' dir='ltr'><strong>Corn,</strong></span> <span class='ocrx_word' id='word_1_851' title='bbox 2592 5546 2915 5621; x_wconf 64' lang='grc' dir='ltr'>προλαᾷόντι</span> <span class='ocrx_word' id='word_1_852' title='bbox 2949 5550 3042 5600; x_wconf 76' lang='grc' dir='ltr'><strong>καὶ</strong></span> <span class='ocrx_word' id='word_1_853' title='bbox 3062 5546 3231 5621; x_wconf 35' lang='grc' dir='ltr'>,τοῦτο</span> <span class='ocrx_word' id='word_1_854' title='bbox 3252 5546 3400 5621; x_wconf 74' lang='grc' dir='ltr'>ἡμῖν.</span> 
     </span>
    </p>
   </div>
   <div class='ocr_carea' id='block_1_120' title="bbox 2233 5611 3736 5691">
    <p class='ocr_par' dir='ltr' id='par_1_120' title="bbox 2233 5611 3736 5691">
     <span class='ocr_line' id='line_1_120' title="bbox 2233 5611 3736 5691; baseline -0.007 -16"><span class='ocrx_word' id='word_1_855' title='bbox 2233 5611 2347 5691; x_wconf 66' lang='grc'><strong>(89.)</strong></span> <span class='ocrx_word' id='word_1_856' title='bbox 2377 5621 2532 5678; x_wconf 89' lang='lat' dir='ltr'><strong>Corr.</strong></span> <span class='ocrx_word' id='word_1_857' title='bbox 2569 5611 2695 5690; x_wconf 76' lang='grc' dir='ltr'><strong>πέρί</strong></span> <span class='ocrx_word' id='word_1_858' title='bbox 2717 5619 2812 5672; x_wconf 74' lang='grc' dir='ltr'>τοῦ</span> <span class='ocrx_word' id='word_1_859' title='bbox 2838 5617 3135 5690; x_wconf 83' lang='grc' dir='ltr'>μυστηρίου</span> <span class='ocrx_word' id='word_1_860' title='bbox 3166 5611 3456 5682; x_wconf 72' lang='grc' dir='ltr'>τὸνλόγον.</span> <span class='ocrx_word' id='word_1_861' title='bbox 3510 5611 3574 5666; x_wconf 78' lang='lat' dir='ltr'><strong>Et</strong></span> <span class='ocrx_word' id='word_1_862' title='bbox 3608 5622 3736 5665; x_wconf 68' lang='lat' dir='ltr'><strong>mox</strong></span> 
     </span>
    </p>
   </div>
   <div class='ocr_carea' id='block_1_121' title="bbox 2163 5690 2284 5747">
    <p class='ocr_par' dir='ltr' id='par_1_121' title="bbox 2163 5690 2284 5747">
     <span class='ocr_line' id='line_1_121' title="bbox 2163 5690 2284 5747; baseline -0.008 0"><span class='ocrx_word' id='word_1_863' title='bbox 2163 5690 2284 5747; x_wconf 76' lang='grc' dir='ltr'>ἀλα.</span> 
     </span>
    </p>
   </div>
  </div>
