4120 6394
389 249 530 305 1199

1665 252 1724 308 S.
1757 252 2083 310 GREGORII
2110 252 2406 308 NYSSENI

3528 249 3548 302 1
3559 248 3623 301 ’ΞΩ
3631 249 3665 295 ἢ

387 382 493 426 est.
528 370 659 424 Nam
709 374 948 442 quandiu
981 373 1178 429 divinae
1213 373 1510 445 Scriptura:
1542 375 1655 430 sale
1683 377 1963 430 conditum
2001 427 2006 439 ,

2110 377 2404 450 πρόσληψιν,
2446 380 2645 433 οὑτωσὶ
2695 379 2836 434 κατὰ
2861 377 2962 447 τὴν
2989 375 3132 440 λέξιν
3176 371 3416 437 ὲδίδαξε;
3461 370 3554 432 Τίς
3583 368 3671 420 νό-

386 463 458 518 de
481 463 584 517 hoc
608 467 874 536 mysterio
908 481 1214 521 sermonem
1244 483 1352 519 non
1391 467 1647 536 proferet,
1685 468 1977 521 evanidum

389 565 628 611 externa:
685 557 968 628 sapientiae
1009 557 1180 613 salem
1239 559 1488 614 ﬁdelibus
1534 560 1974 613 conculcandum

389 649 790 716 relinquemus.
868 647 1196 718 Ecquisnam
1281 651 1738 718 evangelistarum
1791 653 1975 706 carnis

394 740 697 794 unitionem
790 740 1300 794 commemoravit?
1346 739 1605 805 Quzenam
1681 743 1980 810 apostolica

395 828 600 897 scripta
628 828 868 882 hominis
891 831 1295 899 suseeptionent
1320 829 1470 883 hisce
1499 831 1698 900 quibus
1733 833 1846 900 ipse
1879 833 1985 884 uti-

395 927 487 973 tur
533 919 716 975 verbis
763 936 864 974 nos
907 921 1375 987 edocuere?Qn:e
1401 923 1506 986 lex,
1551 923 1641 992 qui
1685 924 1986 992 prophetae,
2061 928 2072 940 '

397 1027 645 1080 quamam
681 1028 709 1065 a
752 1011 861 1066 Deo
890 1013 1155 1082 inspirata
1200 1013 1508 1083 Scriptura,
1545 1030 1794 1084 quaenam
1822 1030 1987 1084 syno-

398 1103 521 1157 dica
544 1103 755 1158 sanctio
775 1106 881 1158 tale
903 1104 1035 1174 quid
1065 1105 1223 1160 nobis
1241 1105 1992 1168 custodiendnm,commisit?

397 1195 666 1251 Caeterum
695 1212 761 1251 ex
811 1197 898 1251 his
925 1197 1140 1252 duobus
1201 1198 1405 1260 verbis,
1460 1199 1709 1250 unitione
1738 1196 1991 1251 videlicet

399 1285 609 1350 carnis,
633 1293 688 1339 et
712 1286 1064 1354 susceptione
1090 1286 1347 1350 hominis,
1379 1302 1547 1338 unum
1577 1285 1797 1355 quidem
1832 1287 1990 1341 nobis

402 1377 649 1439 ascribit,
683 1377 832 1431 aliud
865 1393 995 1432 vero
1020 1378 1105 1431 sui
1136 1378 1416 1448 preprium
1455 1393 1578 1434 esse
1600 1378 1768 1444 dicit;
1807 1389 1988 1431 utrum

404 1478 587 1522 autem
620 1469 813 1523 hormn
845 1469 950 1524 sibi
983 1470 1244 1533 vindicet,
1281 1469 1462 1524 adlme
1492 1469 1842 1538 ambigimns.
1879 1466 1991 1520 Nos

403 1561 549 1614 enim
581 1563 664 1614 vel
683 1569 940 1615 neutrum
967 1577 1156 1616 eorum
1191 1562 1480 1615 verborum
1519 1575 1872 1627 usurpamus,
1907 1559 1991 1612 vel

2091 489 2210 542 μος,
2239 475 2380 524 ποῖοι
2439 473 2738 541 προφῆται,
2781 471 2862 533 τίς
2906 469 3258 529 θεόπνευστος
3303 464 3478 531 λόγος,
3522 465 3671 516 ποῖον

2091 565 2307 618 συνόδου
2363 565 2560 634 δόγμα,
2606 563 2846 616 τοιοῦτον
2893 563 3023 632 ἡμῖν
3055 559 3166 630 (85)
3223 555 3670 627 παρακατέθετος

2104 656 2197 710 Ἐκ
2233 655 2439 708 τούτων
2486 657 2666 708 τοίνυν
2703 653 2809 707 τῶν
2855 653 2948 706 δύο
2986 651 3245 722 ῥημάτων
3286 649 3348 700 τὸ
3402 647 3501 717 μὲν
3545 647 3674 715 ἡμῖν

2091 750 2408 821 προσνέμει,
2430 749 2488 802 τὸ
2513 748 2568 802 δὲ
2593 748 2725 801 ἴδιον
2749 743 2887 800 εἷναι
2919 745 3101 813 λέγει’
3134 742 3362 811 πότερον
3389 739 3446 792 δὲ
3472 737 3676 790 τούτων

2091 842 2286 897 ἑαυτοῦ
2306 844 2556 904 ποιεῖται,
2587 841 2746 912 μέχρι
2777 838 2868 892 τοῦ
2890 838 2983 891 νῦν
3013 833 3446 906 ἀμφιϐάλλομεν.
3487 829 3678 898 Ἡμεῖς

2093 935 2201 1005 γὰρ
2238 933 2271 1004 ἦ
2306 933 2420 988 οὗθ’
2453 934 2638 1001 ἕτερον
2685 929 3053 1000 οἰκειούμεθα,
3090 927 3124 998 ἢ
3163 926 3470 994 ἀμφότερα,
3506 920 3593 974 διὰ
3619 919 3678 970 τὸ

2098 1025 2366 1098 μηδεμίαν
2395 1027 2453 1078 ὲν
2479 1025 2691 1095 θατέρῳ
2717 1024 2854 1096 πρὸς
2879 1023 2937 1075 τὸ
2961 1021 3146 1091 ἕτερον
3184 1016 3444 1084 διαφορὰν
3473 1013 3681 1084 ἐξευρί-

2099 1137 2269 1172 σκειν.
2305 1119 2378 1171 Ἦ
2410 1134 2470 1170 τε
2495 1118 2603 1188 γὰρ
2623 1118 2813 1175 ’ἐνωσις
2842 1115 2976 1185 πρός
3003 1131 3055 1165 τι
3089 1113 3317 1178 γίνεται,
3347 1108 3381 1177 ἦ
3414 1124 3471 1159 τε
3513 1105 3680 1173 πρόσ-

2094 1208 2254 1279 ληψίς
2297 1226 2443 1272 τινος
2495 1209 2712 1270 πάντως
2761 1207 2941 1260 ἐστίν·
2990 1203 3248 1272 ἑκάτερον
3291 1198 3348 1251 δὲ
3403 1198 3500 1267 τὴν
3545 1194 3682 1264 πρὸς

2095 1299 2283 1370 ἓτερον
2345 1299 2530 1369 σχέσιν
2569 1295 2931 1367 ὑποσημαίνει
2973 1293 3108 1363 (84),
3146 1292 3240 1344 καὶ
3287 1292 3315 1343 ὁ
3361 1284 3682 1357 προσλαϐὼν

2096 1394 2300 1463 ἥνωται
2326 1391 2404 1458 τῷ
2443 1387 2838 1461 προσληφθέντι
2906 1385 2999 1438 καὶ
3027 1382 3087 1435 τὸ
3113 1379 3309 1433 ἑνωθὲν
3334 1377 3423 1431 διὰ
3445 1373 3683 1447 προσλή-

2098 1484 2246 1554 ψεως
2271 1484 2497 1552 ἥνωται.

405 1666 734 1728 utrumque;
789 1670 1074 1729 propterea
1115 1658 1261 1727 quod
1303 1659 1449 1712 nulla
1484 1659 1535 1710 in
1569 1673 1625 1710 re
1655 1660 1885 1710 alterum
1927 1655 1996 1708 ab
2033 1651 2206 1706 altero
2271 1645 2491 1698 dil'lerre
2537 1637 2986 1710 deprehenditur.
3041 1633 3173 1688 Nam
3242 1642 3296 1687 et
3344 1631 3519 1684 nnitio
3559 1643 3682 1729 cum

407 1751 588 1819 aliqua
623 1764 681 1803 re
709 1749 787 1813 iit,
822 1759 875 1802 et
904 1749 1182 1818 susceptio
1230 1764 1339 1802 non
1377 1749 1481 1803 nisi
1512 1748 1746 1817 alicujus
1798 1747 1870 1800 rei
1935 1743 2212 1810 susceptio
2269 1744 2398 1801 est;
2453 1744 2751 1800 utrumque
2807 1736 2987 1783 autem
3048 1726 3370 1782 relationem
3435 1725 3501 1776 ad
3547 1721 3681 1774 alte-

405 1857 529 1897 rum
563 1843 820 1909 denotat;
857 1843 948 1911 qui
983 1815 1128 1896 enim
1153 1841 1404 1911 suscipit,
1436 1856 1560 1895 cum
1588 1815 1846 1909 suscepto
1870 1839 2080 1899 unitur,
2121 1829 2344 1902 etquod
2379 1827 2786 1896 unitur,utique
2812 1838 2908 1894 per
2937 1820 3341 1889 susceptionem
3373 1815 3680 1886 copulatur.

479 1953 698 2009 XXXV.
734 1954 839 2009 Sed
873 1955 1011 2010 duas
1050 1969 1336 2024 personas,
1371 1954 1535 2009 Deum
1565 1961 1620 2009 et
1653 1970 1683 2008 a
1713 1953 1825 2009 Deo
1859 1967 1983 2008 sus-
2028 1956 2070 2010 Β

411 2059 628 2118 ceptum
661 2048 936 2102 hominem
987 2063 1088 2101 nos
1110 2047 1294 2102 dicere
1341 2047 1433 2102 ille
1479 2048 1720 2102 asserit:
1772 2061 1833 2099 se
1865 2059 1994 2099 vero

411 2138 560 2194 haud
593 2139 668 2192 ita
699 2153 924 2206 prorsus
950 2139 1152 2192 sentire
1175 2180 1191 2204 ,
1241 2138 1489 2207 quinimo
1526 2137 1709 2193 dicere
1740 2137 1996 2190 incarna-

415 2240 533 2284 lum
585 2229 752 2285 fuisse
805 2229 1108 2290 Christum,
1165 2244 1401 2298 eumque
1451 2245 1558 2283 non
1627 2245 1751 2284 esse
1807 2229 1875 2281 ab
1915 2227 1998 2281 in-

416 2333 684 2388 corporeo
751 2319 1068 2382 diversum,
1128 2318 1222 2374 sed
1277 2335 1442 2373 unum
1510 2321 1872 2389 eumdemque
1931 2318 1996 2373 ad

417 2409 830 2466 similitudinem
905 2417 1106 2464 nostra?
1186 2425 1348 2478 quam
1409 2409 1462 2463 in
1534 2424 1699 2464 carne
1766 2409 2000 2462 vivimus

415 2503 559 2556 vitae.
613 2501 805 2554 Adhuc
865 2517 1038 2569 nugas
1095 2516 1224 2555 suas
1265 2516 1361 2570 per
1410 2515 1497 2565 ea,
1538 2516 1660 2570 quae
1710 2508 1857 2554 stare
1903 2515 2003 2554 ne-

419 2601 647 2665 queunt,
695 2593 853 2647 nobis
896 2595 1170 2650 edisserit.
1225 2592 1473 2648 Carneus
1525 2593 1644 2661 ejus
1685 2591 1828 2647 Deus
1870 2592 2004 2646 sim-

421 2686 542 2757 plex
569 2693 760 2738 natura
793 2698 915 2738 esse
947 2698 1054 2737 non
1090 2691 1300 2752 potest;
1338 2699 1498 2737 nemo
1531 2685 1676 2737 enim
1701 2690 1786 2737 est
1810 2684 1900 2751 qui
1947 2681 2002 2736 in

425 2793 594 2832 carne
615 2776 1022 2846 simplicitatem
1061 2777 1233 2844 possit
1274 2776 1602 2845 conspicari.
1638 2776 1792 2840 Quod
1826 2784 2005 2828 autem

424 2870 656 2940 simplex
685 2885 791 2923 non
818 2877 922 2931 est,
961 2869 1378 2936 compositionis
1405 2884 1602 2937 expers
1635 2884 1758 2922 esse
1796 2867 2004 2936 nequit.

426 2963 494 3015 At
523 2962 626 3016 iste
653 2977 820 3014 unum
861 2976 981 3014 esse
1024 2961 1177 3023 dicit,
1224 2961 1414 3014 eodem
1466 2976 1690 3028 prorsus
1750 2959 1912 3013 modo
1945 2972 2009 3011 ac

427 3057 806 3126 unusquisque
855 3064 1102 3109 nostrum
1172 3071 1314 3108 unus
1365 3063 1470 3116 est,
1521 3053 1610 3122 qui
1652 3069 1716 3106 ex
1757 3065 2008 3121 corpore,

427 3147 624 3215 inquit,
659 3145 855 3215 Spiritu
887 3155 940 3199 et
975 3144 1156 3198 anima
1197 3151 1536 3197 constamus.
1566 3143 1770 3196 "Novum
1801 3143 2010 3196 numeri

427 3253 599 3310 genus
647 3251 795 3290 nunc
838 3236 1074 3306 primum
1129 3234 1488 3297 addiscimus,
1554 3250 1722 3286 unum
1769 3249 1831 3287 ea
1885 3248 2007 3286 esse

2183 1945 2322 1998 Ἀλλ’
2354 1945 2499 2013 ἡμᾶς
2555 1956 2686 2010 φησι
2721 1937 2813 1990 δύο
2856 1936 3126 2008 πρόσωπα
3171 1931 3372 2000 λέγειν,
3432 1929 3521 1981 τὸν
3549 1927 3683 1980 Θεὸν

2099 2039 2194 2092 καὶ
2223 2037 2313 2089 τὸν
2349 2034 2501 2104 παρὰ
2551 2033 2660 2100 (85)
2689 2030 2784 2084 τοῦ
2825 2027 2958 2083 Θεοῦ
3014 2023 3426 2098 προσληφθέντα
3468 2020 3684 2090 ἄνθρωο

2100 2148 2199 2182 πον
2223 2143 2238 2157 ⁸
2275 2127 2436 2180 αὐτὸν
2469 2127 2526 2178 δέ
2578 2142 2710 2195 φησι
2743 2124 2817 2194 μὴ
2861 2121 3033 2184 οὕτως
3079 2119 3242 2190 ἔχειν,
3281 2115 3418 2170 ἀλλὰ
3456 2114 3686 2182 φάσκειν

2098 2225 2190 2275 τὸν
2243 2218 2614 2289 σαρκωθέντα,
2677 2217 2771 2270 καὶ
2822 2214 2953 2267 ὄντα
3010 2213 3108 2281 οὐχ
3168 2210 3358 2281 ἕτερον
3403 2207 3552 2278 παρὰ
3592 2203 3685 2258 τὸν

2100 2311 2413 2380 ἀσώματον,
2465 2306 2600 2360 ἀλλὰ
2655 2306 2746 2359 τὸν
2787 2303 2950 2357 αὐτὸν
2995 2301 3117 2355 καθ’
3166 2299 3426 2370 ὁμοίωσιν
3488 2295 3686 2366 ἡμετέ-

2103 2420 2202 2476 ρας
2237 2402 2292 2453 ἐν
2320 2399 2484 2470 σαρκὶ
2505 2397 2651 2467 ζωῆς
2671 2396 2806 2466 (86).
2836 2395 2957 2448 Ἔτι
2981 2392 3067 2445 διὰ
3083 2392 3188 2446 τῶν
3215 2390 3530 2444 ἀσυστάτων
3555 2387 3689 2456 ἡμῖν

2101 2495 2226 2556 τοὺς
2269 2491 2579 2562 φληνάφους
2630 2487 2901 2552 διέξεισιν.
2949 2485 3010 2538 '0
3049 2483 3303 2554 σάρκινος
3343 2479 3507 2534 αὑτοῦ
3535 2477 3690 2538 ,Θεὸς

2102 2586 2307 2648 ἁπλοῦς
2330 2581 2467 2637 εἶναι
2494 2581 2654 2652 φύσιν
2674 2582 2772 2634 οὐκ
2787 2579 2921 2650 ἔχει·
2945 2578 3006 2630 οὑ
3030 2576 3139 2647 γὰρ
3162 2575 3225 2629 ἄν
3246 2591 3329 2636 τις
3353 2573 3410 2624 ἐν
3437 2574 3501 2641 τῇ
3527 2567 3690 2640 σαρκὶ

2103 2678 2166 2730 τὸ
2199 2674 2402 2730 ἁπλοῦν
2448 2671 2774 2743 θεωρήσειε·
2823 2669 2885 2721 τὸ
2923 2667 2980 2720 δὲ
3016 2665 3090 2737 μὴ
3131 2661 3355 2726 ἁπλοῦν,
3401 2657 3692 2714 ἀσύνθετον

2107 2767 2245 2823 εἷναι
2272 2768 2333 2820 οὐ
2382 2764 2626 2818 δύναται.
2682 2760 2822 2814 Ἀλλ’
2860 2753 3013 2820 οὗτος
3056 2753 3195 2809 εἶναι
3224 2754 3286 2807 τὸ
3321 2752 3379 2805 ἓν
3411 2750 3581 2819 λέγει,
3613 2749 3693 2813 ὡς

2107 2861 2200 2914 καὶ
2224 2860 2382 2930 ἡμῶν
2424 2859 2678 2922 ⁹ἑκαστον,
2723 2857 2788 2907 ὲκ
2823 2851 3156 2922 πνεύματος,
3188 2846 3341 2916 φησὶ,
3379 2845 3472 2897 γα).
3516 2843 3692 2913 ψυχῆς

2109 2952 2204 3005 καὶ
2239 2950 2510 3019 σώματος.
2555 2945 2668 3000 Νῦν
2708 2943 2940 3015 πρώτως
2988 2940 3048 2994 τὸ
3074 2939 3260 2992 καινὸν
3285 2931 3422 2999 εἶδος
3449 2934 3542 2987 τοῦ
3568 2935 3694 3004 ἀρι-

2112 3043 2249 3114 θμοῦ
2284 3039 2660 3110 ἐδιδάχθημεν,
2713 3033 2975 3104 μαθόντες
3009 3033 3089 3084 ὅτι
3123 3030 3190 3083 τὰ
3235 3030 3313 3091 εἰς
3340 3027 3467 3098 τρία
3511 3026 3695 3095 ἑτερο-

2111 3136 2243 3205 γενῆ
2299 3131 2603 3206 διῃρημένα
2653 3127 2820 3199 μονάς
2850 3127 3016 3177 ἐστιν.
3067 3121 3204 3174 Ἀλλ’
3233 3122 3262 3173 ὁ
3303 3120 3397 3190 μὲν
3443 3115 3692 3188 περὶτοῦ

2114 3224 2554 3285 ἁναπλασθέντος
2586 3219 2732 3290 αὑτῷ
2769 3216 3096 3286 πνεύματος,
3129 3210 3473 3282 ὑπερκείσθω
3517 3209 3691 3276 λόγος.

428 3289 605 3384 ζάθειί
635 3343 756 3398 quae
790 3289 862 3382 inr
899 3328 1002 3381 tria
1045 3327 1247 3382 diversi
1277 3326 1492 3396 generis
1531 3325 1868 3378 dividuntur.
1900 3321 2005 3376 Sed

2118 3318 2273 3374 Κατὰ
2305 3317 2363 3371 δὲ
2385 3317 2485 3386 τὴν
2515 3289 3005 3384 παχυμερεστέραν
3033 3306 3129 3360 τοῦ
3177 3303 3467 3376 ἀνθρώπου
3499 3304 3695 3372 τομὴν,

432 3421 485 3474 in
519 3419 664 3474 aliud
697 3427 914 3489 tempus
947 3433 1254 3474 sermonem
1285 3418 1352 3472 de
1405 3417 1622 3486 spiritu,
1663 3431 1823 3484 quem
1853 3415 2013 3483 Apol-

433 3512 623 3567 linaris
646 3512 930 3581 conﬁngit,
969 3510 1296 3565 dilIeramus.
1349 3507 1460 3564 Nos
1510 3525 1639 3562 vero
1677 3507 2010 3561 crassiorem

433 3605 670 3660 hominis
701 3603 1024 3658 divisionem
1044 3619 1150 3673 qua
1185 3601 1432 3672 plerique
1466 3609 1698 3653 utuntur
1719 3597 1921 3659 edocti,
1947 3612 2014 3652 ex

433 3696 614 3750 enima
671 3695 1011 3764 intelligente
1058 3702 1112 3749 et
1167 3709 1398 3762 corpore
1444 3691 1722 3747 hominem
1755 3691 2014 3746 constitui

435 3787 687 3840 fatemur.
721 3785 1008 3852 Quomodo
1046 3786 1230 3855 itaque
1258 3784 1506 3839 dicemus
1531 3783 1641 3837 duo
1675 3799 1842 3836 unum
1869 3798 2014 3846 esse,

434 3893 559 3932 eum
585 3877 881 3948 Apostolus
907 3878 1194 3933 manifeste
1219 3877 1359 3933 duos
1394 3877 1644 3930 homines
1673 3875 1729 3928 in
1761 3887 2014 3943 unoquo-

435 3988 542 4042 que
591 3980 842 4026 nostrum
897 3971 1169 4032 observet,
1203 3970 1331 4024 dum
1374 3968 1573 4038 inquit,
1637 3967 1779 4021 Licet
1809 3967 1875 4028 is,
1923 3966 2015 4036 qui

436 4062 567 4132 foris
596 4073 698 4126 est,
743 4071 920 4116 noster
972 4063 1125 4115 homo
1171 4062 1551 4128 corrumpitur,
1608 4074 1808 4129 corpus
1851 4057 2014 4112 intel-

437 4157 640 4226 ligens,
709 4164 882 4208 tamen
922 4155 966 4206 is
1028 4155 1120 4223 qui
1171 4155 1314 4207 intus
1346 4163 1447 4216 est,
1495 4161 1777 4205 renovatur
1817 4149 1882 4204 de
1934 4149 2019 4203 die

437 4247 492 4300 in
522 4246 660 4302 diem
696 4247 765 4309 ’⁵,
800 4246 1036 4299 animam
1067 4245 1152 4298 bis
1180 4243 1365 4298 verbis
1391 4244 1733 4298 subobscure
1761 4242 2014 4297 innuens.

437 4337 600 4410 Atqui
627 4339 672 4393 si
701 4347 813 4393 tres
835 4347 993 4392 erant
1019 4336 1322 4392 secundum
1353 4335 1716 4405 Apollinarem
1745 4333 2014 4399 homines,

437 4431 578 4486 duos
626 4429 852 4486 omnino
897 4429 1203 4484 invisibiles
1262 4436 1317 4482 et
1351 4442 1520 4481 unum
1579 4424 1850 4481 visibilem
1906 4431 2018 4477 sta-

442 4524 635 4578 tuisset
660 4522 978 4592 Apostolus;
1013 4522 1086 4574 ita
1114 4530 1171 4574 ut
1191 4521 1544 4590 quantumvis
1574 4519 1666 4574 ille
1689 4519 1846 4588 juxta
1879 4517 2020 4571 divi—

2116 3411 2297 3476 καθὼς
2349 3412 2400 3464 oi.
2451 3408 2634 3462 πολλοὶ
2682 3402 2981 3474 διαιροῦσιν
3039 3398 3175 3467 (87).
3229 3395 3582 3464 ἐδιδάχθημεν
3632 3393 3698 3444 ὲκ

2117 3508 2304 3578 νοερᾶς
2335 3502 2511 3575 ψυχῆς
2553 3500 2648 3553 καὶ
2677 3495 2930 3567 σώματος
2964 3486 3102 3544 εἶναι
3130 3489 3227 3560 τὴν
3265 3486 3358 3542 τοῦ
3409 3483 3696 3554 ἀνθρώπου

2119 3599 2376 3652 σύστασιν
2411 3589 2822 3664 ὁμολογοῦντες.
2856 3584 2981 3646 Πῶς
3008 3583 3252 3652 εἴπωμεν
3281 3578 3350 3632 τὰ
3378 3577 3471 3630 δύο
3499 3575 3577 3640 ἓν,
3600 3573 3696 3626 τοῦ

2130 3686 2450 3743 ’Λποστόλου
2500 3681 2707 3750 σαφῶς,
2760 3679 2854 3731 δύο
2920 3672 3242 3745 ἀνθρώπους
3292 3671 3419 3739 περὶ
3464 3668 3698 3720 ἕκαστον

2120 3781 2424 3850 βλέποντος,
2461 3777 2518 3828 ὲν
2546 3768 2628 3836 οἷς
2659 3786 2844 3840 φησιν,
2872 3769 2934 3821 El
2955 3765 3055 3820 καὶ
3081 3768 3113 3818 ὀ
3141 3764 3363 3827 ἔξωθεν
3399 3759 3566 3828 ἡμῶν
3590 3756 3698 3810 ἀν-

2119 3876 2349 3940 θρωπος
2373 3865 2791 3934 διαφθείρεται,
2821 3859 2883 3912 τὸ
2915 3857 3075 3927 σῶμα
3095 3855 3292 3922 λέγων,
3321 3853 3458 3907 ἀλλ’
3491 3853 3524 3904 ὁ
3553 3851 3701 3903 ἐσω-

2117 3967 2221 4018 ﬁer
2275 3956 2700 4014 ἀνακαινοῦται
2731 3951 2921 4018 ἡμέρῃ
2976 3948 3074 4002 καὶ
3119 3946 3326 4015 ἡμέρᾳ,
3377 3943 3474 4014 τὴν
3521 3941 3701 4010 ψυχὴν

2119 4053 2508 4123 αἰνισσόμενος.
2539 4047 2732 4101 Καίτοι
2775 4045 2822 4096 εί
2855 4043 3001 4111 τρεῖς
3033 4035 3172 4110 ἦσαν
3228 4037 3369 4090 κατὰ
3402 4035 3493 4086 τὸν
3538 4035 3700 4085 ’Λποο

2117 4122 2356 4216 λινάριον
2383 4141 2679 4212 ἄνθρωποι,
2715 4134 2808 4188 δύο
2841 4133 3058 4192 πάντως
3100 4129 3166 4182 ἂν
3195 4128 3322 4188 τοὺς
3356 4125 3579 4192 ἀφανεῖς
3606 4122 3702 4175 καὶ

2118 4241 2215 4294 ἕνα
2253 4236 2476 4304 ἐποίησε
2517 4232 2611 4285 τὸν
2649 4228 2990 4299 φαινόμενον,
3023 4223 3164 4275 ὥστε
3216 4219 3318 4273 κᾶν
3360 4220 3417 4270 ἐν
3450 4216 3525 4286 τῷ
3575 4213 3700 4269 καθ’

2120 4332 2267 4403 ἡμᾶς
2311 4325 2654 4394 ἐπιδείγματι
2693 4318 2952 4391 κρατύνει
2985 4315 3077 4368 τὸν
3117 4313 3247 4366 ἴδιον
3281 4310 3458 4379 λόγον,
3499 4308 3556 4360 ἓν
3581 4308 3702 4359 ὀνο-

2124 4398 2310 4492 μάζων
2341 4417 2410 4470 τὰ
2455 4415 2566 4476 δύο,
2597 4410 3013 4481 παραγράφεται
3047 4403 3205 4457 αὑτὸν
3235 4402 3264 4454 ὁ
3310 4399 3541 4462 Παῦλος,
3566 4398 3699 4492 διαέ-

2125 4482 2232 4582 ρῶν
2276 4508 2366 4560 τὴν
2398 4505 2683 4576 ἄνθρωπον
2718 4503 2774 4552 ὲν
2804 4502 2870 4569 τῇ
2914 4497 3069 4565 δυῖκῇ
3117 4490 3382 4563 σημασίᾳ.
3426 4482 3703 4582 Ἐπεὶ-οὗν

440 4615 648 4670 sionem
698 4621 944 4666 nostram
984 4610 1237 4664 humanae
1274 4617 1484 4663 naturae
1537 4607 1787 4676 exemplo
1821 4605 1888 4661 ad
1919 4605 2006 4658 ﬁr-

2120 4579 2210 4656 διὰ
2237 4599 2333 4653 τοῦ
2380 4593 2718 4666 ἀνθρωπίνου
2757 4591 2848 4644 τὸν
2879 4586 2974 4641 τοῦ
3011 4586 3274 4654 δόγματος
3321 4580 3512 4635 ἑαυτοῦ
3544 4579 3702 4646 λόγον

440 4703 694 4756 mandatu
741 4715 897 4755 suam
947 4708 1216 4762 uteretur,
1270 4713 1440 4752 unum
1491 4711 1698 4752 vocans
1739 4710 1861 4765 quae
1908 4695 2018 4749 duo

443 4803 591 4858 sunt,
623 4807 650 4844 a
680 4790 850 4845 Paulo
876 4791 1234 4846 nihilominus
1273 4790 1550 4846 hominem
1582 4790 1720 4845 duas
1747 4789 1803 4843 in
1835 4797 2020 4858 partes

442 4883 718 4937 dividente
747 4879 1109 4936 refelleretur.
1141 4879 1413 4947 Quoniam
1460 4880 1647 4948 itaque
1675 4879 1923 4948 exemplo
1952 4894 2020 4934 ex

444 4977 682 5031 humana
718 4983 911 5028 natura
964 4973 1254 5044 desumpto
1303 4974 1585 5044 proprium
1631 4987 1791 5028 suum
1823 4971 2019 5042 dogma

443 5065 874 5127 coniirmat,hoc
899 5064 1068 5120 semel
1085 5079 1298 5124 everso.
1317 5061 1524 5118 etillud
1544 5063 1693 5132 quod
1717 5061 1784 5116 de
1804 5061 2022 5117 Christo

445 5169 653 5224 censet,
682 5172 792 5214 una
823 5172 1054 5228 prorsus
1107 5155 1445 5212 confutatur.
1479 5154 1632 5221 Quod
1666 5161 1848 5211 autem
1871 5169 2024 5210 asse-

516 5297 564 5330 ’⁵
592 5294 635 5350 ll
670 5297 799 5352 Cor.
833 5311 907 5361 IV,
940 5296 1028 5351 l6.

519 5411 631 5482 (85)
669 5410 840 5482 Pron.
871 5413 1001 5482 ἡμῖν
1047 5424 1196 5482 corr.
1233 5405 1357 5463 add.

519 5480 634 5552 (8})
659 5481 817 5552 Corr.
847 5480 1256 5552 ἀποσημαίνει.-

520 5547 634 5621 (85)
663 5551 741 5604 Ita
772 5567 840 5605 ex
868 5547 1446 5613 corrfemendatione;
1476 5563 1603 5602 nam
1631 5547 1687 5603 in
1715 5554 1868 5603 textu
1902 5553 2022 5603 erat

449 5621 540 5676 τὸν
557 5621 781 5691 πατέρα
792 5663 804 5673 .

521 5689 637 5764 (86)
672 5688 736 5745 Et
765 5691 856 5746 hic
891 5705 1036 5746 corr.
1084 5688 1522 5745 emendationem
1575 5690 1747 5744 secuti
1788 5701 2020 5754 sumus;

2128 4694 2428 4761 συνίστησι,
2459 4690 2522 4760 τῇ
2548 4686 2738 4738 τούτου
2765 4683 3042 4752 ἀνατροπῇ
3077 4680 3296 4733 κάκεῖνο
3333 4676 3548 4738 πάντως
3577 4689 3702 4727 συν-

2126 4786 2502 4856 απελέγχεται·
2525 4781 2552 4833 ὂ
2567 4779 2620 4832 δὲ
2637 4778 2806 4845 λέγει,
2821 4772 3057 4828 τοιοῦτόν
3079 4773 3215 4832 ἐστι,
3242 4770 3323 4822 ὅτι
3349 4768 3578 4834 Ὠσπερ
3598 4765 3705 4818 ἇν-

2129 4884 2357 4948 θρωπος
2377 4873 2513 4944 (88),
2530 4868 2617 4935 εἷς
2632 4870 2798 4922 ἐστιν
2813 4867 2881 4919 ἐκ
2901 4864 3237 4929 πνεύματος
3252 4859 3348 4913 καὶ
3360 4857 3589 4927 ψυχῆς,
3603 4857 3704 4910 καὶ

2128 4970 2422 5039 σώματος.
2485 4961 2627 5030 Ἐγὼ
2673 4960 2770 5030 μὲν
2804 4956 2989 5027 ἠξίουν
3035 4955 3298 5026 πρότερον
3347 4950 3458 5022 (89)
3514 4951 3705 5020 στῆναι

2129 5059 2283 5114 ποίου
2317 5056 2584 5126 σώματος,
2611 5051 2704 5104 καὶ
2731 5049 2894 5102 πόθεν
2918 5047 3272 5118 εἰλημμένου,
3299 5044 3394 5098 καὶ
3420 5044 3550 5098 πότε
3570 5045 3707 5096 πλα-

2131 5151 2367 5213 σθέντος,
2399 5147 2494 5201 κα).
2535 5143 2782 5213 ποδαπῆς
2808 5140 3006 5211 ψυχῆς,
3039 5138 3074 5210 ἢ
3106 5137 3331 5208 λογικῆς
3370 5135 3505 5208 (90),
3543 5132 3578 5208 ἦ
3609 5133 3710 5191 ἀν-

2124 5410 2282 5456 antea
2317 5398 2461 5454 enim
2494 5406 2611 5468 erat
2635 5395 2911 5468 ἡμετέραν
2945 5393 3042 5463 τῆς
3073 5393 3132 5446 ἐν
3169 5390 3332 5462 σαρκὶ
3357 5387 3525 5458 ζωῆς.

2195 5470 2309 5542 (87)
2343 5468 2502 5542 gorr.
2531 5467 2780 5542 διαιρεῖν.

2195 5536 2306 5610 (88)
2340 5539 2496 5610 Corr.
2528 5539 2557 5610 ό
2589 5536 2893 5610 ᾄνθρωπος.

2197 5597 2306 5678 (89)
2343 5609 2502 5663 Corr.
2526 5605 2636 5675 ἐγὼ
2669 5597 2766 5676 μὲν
2803 5601 2897 5678 οὖν
2923 5603 3108 5678 ἠξίουν
3152 5597 3310 5678 codro
3339 5597 3630 5678 πρότερον.

2194 5669 2404 5753 (90)1ιιι
2431 5669 2600 5742 cor-ri;
2628 5669 2681 5730 in
2718 5674 2843 5730 cod.
2870 5669 3015 5732 enim
3043 5678 3127 5728 est
3153 5671 3200 5723 et
3234 5669 3482 5741 λογικῆς.
