4120 6394
450 497 609 555 ιεθιγ

1615 511 1653 556 A
1665 501 1841 558 UVER
1853 500 1986 559 SUS
2024 499 2543 559 APOLLINAREM.

3581 511 3718 566 1202

448 617 745 688 θρωπίνης,
776 619 809 689 ἢ
840 619 1057 687 ἀλόγου,
1082 620 1382 685 τουτέστιν,
1406 622 1454 674 εί
1483 623 1737 692 κτηνείας
1764 622 1872 691 (91)
1895 619 2027 675 εἶναι

2137 622 2210 677 rit
2241 623 2552 693 hnjusmodi
2574 635 2658 681 est
2690 646 2703 677 ε
2737 625 3190 693 Quemadmodum
3221 627 3373 680 Ιιοιηο
3405 642 3564 679 unum
3592 629 3717 698 quid

447 707 539 759 τὸν
568 707 850 777 ἄνθρωπον
895 712 1098 762 ἐκεῖνον
1126 712 1317 775 οίεται,
1358 708 1457 764 εἷθ’
1487 712 1657 776 οὕτως
1702 713 2032 782 ἐπεμϐαλεῖν

448 795 509 848 τὸ
539 797 744 867 νοερὸν,
775 797 909 867 ὅπερ
933 798 1059 850 ἄλλο
1080 816 1134 850 τι
1164 800 1314 869 παρὰ
1343 800 1405 851 τὸ
1438 800 1654 870 πνεῦμα
1679 799 1817 863 εἷναί
1846 818 2027 871 φησιν·

448 889 542 941 ἐπὶ
577 889 672 958 μὲν
709 892 740 959 ἡ
752 888 865 959 μῶν
894 890 1038 955 νοῦν,
1071 892 1163 943 ἐπὶ
1210 892 1419 945 ἐκείνου
1465 892 1519 945 δὲ
1555 893 1684 946 Θεὸν
1712 893 2028 963 ὀνομάζωνο

448 981 499 1032 εξ
524 980 631 1051 γάρ
654 996 737 1043 τις
770 980 1019 1051 οὐρανίου
1050 981 1335 1052 ἀνθρώπου
1364 984 1561 1048 πλάσις
1588 984 1709 1038 καθ’
1740 986 2032 1055 ὁμοιότητα

449 1070 542 1123 τοῦ
572 1072 756 1140 χοϊκοῦ
804 1074 933 1140 παρ’
954 1072 1118 1125 αὐτοῦ
1142 1074 1402 1145 πρότερον
1423 1075 1728 1147 ἐπεδείχθη,
1755 1077 2032 1147 προήχθη-

453 1178 553 1231 μεν
588 1160 654 1215 ἂν
685 1162 751 1215 δι’
779 1163 1101 1227 ἀκολουθίας
1144 1164 1220 1235 τῷ
1252 1166 1427 1235 μύθῳ,
1459 1166 1721 1235 μαθόντες
1745 1167 1894 1237 παρὰ
1932 1167 2034 1235 τῆς

449 1254 643 1323 καινῆς
666 1254 870 1326 ταύτης
889 1255 1100 1324 σοφίας,
1119 1256 1199 1309 ὄτι
1221 1256 1280 1309 τὸ
1308 1258 1406 1327 μὲν
1430 1258 1669 1325 ἐπίγειον
1688 1257 1796 1310 τῶν
1822 1257 1918 1311 ἀνθ
1929 1256 2033 1328 ρώ-

450 1363 565 1399 πων
597 1347 759 1415 φῦλον
794 1349 859 1400 ὲκ
899 1349 1091 1418 νοερᾶς
1137 1348 1315 1419 ψυχῆς
1363 1349 1458 1402 καὶ
1508 1349 1758 1420 σώματος
1807 1351 1907 1420 τὴν
1939 1350 2032 1403 σύ-

451 1457 637 1492 στασιν
670 1440 781 1510 ἕχει
807 1458 819 1471 ο
852 1441 1007 1509 γένος
1039 1440 1096 1493 δέ
1125 1441 1273 1494 ἐστιν
1306 1442 1415 1513 (9‘2)
1452 1443 1788 1515 ἐπουρανίων
1814 1443 2027 1513 ἀνθρώ-

450 1546 587 1589 πων,
616 1525 696 1592 οἷς
749 1529 939 1598 ἄλογος
973 1530 1070 1599 μὲν
1111 1531 1144 1599 ή
1173 1530 1338 1601 ψυχὴ.
1386 1531 1546 1601 σῶμα
1573 1531 1629 1584 δὲ
1665 1530 2027 1602 ἀνθρώπινον,

449 1607 543 1673 καὶ
584 1620 716 1683 Θεὸς
757 1622 878 1674 ἀντὶ
928 1622 1021 1675 νοῦ
1056 1622 1167 1690 (95)
1198 1621 1277 1689 τῷ
1305 1622 1449 1692 λόγῳ
1478 1621 1573 1674 τοῦ
1620 1621 1870 1692 σώματος
1936 1624 2029 1676 καὶ

446 1712 546 1780 τῆς
587 1712 765 1781 ψυχῆς
816 1713 1212 1784 ἀνακιρνᾶται·
1264 1713 1323 1777 ἐξ
1375 1710 1449 1767 ὧν
1491 1708 1630 1766 εἶναι
1664 1714 1752 1767 τὸν
1800 1715 1892 1767 ἐπὶ
1924 1714 2029 1784 γῆς

449 1804 683 1872 φανέντα
720 1804 1088 1875 ’Λπολινάριος
1120 1805 1312 1860 οἴεται.
1352 1805 1591 1859 Ἐκείνου
1620 1805 1677 1859 δὲ
1718 1806 1855 1876 μήτε
1893 1805 2030 1858 timo.

446 1893 768 1961 δειχθέντος,
800 1897 936 1964 μήτε
968 1894 1140 1958 ὄντος,
1167 1894 1260 1948 τοῦ
1282 1896 1339 1948 δὲ
1365 1896 1452 1948 διὰ
1478 1897 1576 1966 τῆς
1602 1896 1877 1967 Παρθένου
1904 1914 2028 1965 γεν-

2135 726 2212 769 est
2238 732 2303 770 ea:
2322 717 2531 783 spiritu,
2563 717 2766 782 animo,
2805 726 2855 770 et
2889 732 3104 785 corpore
3136 726 3407 770 constans.
3454 716 3717 786 Equidem

2134 808 2203 861 ab
2222 807 2535 877 Apollinare
2558 809 2891 878 postularem
2918 818 2978 863 ut
3001 809 3152 879 prius
3178 814 3464 875 statueret,
3483 825 3549 864 ex
3580 824 3717 877 quo-

2134 914 2261 953 nam
2302 914 2558 970 corpore,
2607 900 2882 954 undenam
2916 909 3159 970 sumpto,
3206 901 3555 971 quandonam
3586 918 3717 957 con-

2133 990 2271 1051 dito,
2302 1001 2357 1043 et
2381 1005 2445 1043 ex
2476 988 2625 1058 quali
2657 990 2861 1053 anima,
2887 990 3221 1043 rationaline
3272 999 3323 1045 et
3347 990 3612 1051 humana,
3644 1006 3714 1045 an

2133 1080 2463 1145 irrationali,
2498 1080 2601 1135 hoc
2629 1087 2713 1135 est
2763 1080 3026 1142 belluina,
3060 1079 3335 1134 hominem
3374 1080 3525 1133 illum
3559 1096 3715 1133 com-

2132 1173 2373 1242 positum
2410 1186 2534 1226 esse
2584 1171 2903 1235 arbitretur,
2933 1178 2988 1225 et
3028 1186 3096 1223 an
3146 1170 3346 1226 deinde
3380 1170 3606 1223 inditam
3636 1171 3715 1224 illi

2131 1264 2303 1319 fuisse
2328 1272 2550 1319 censeat
2573 1262 2957 1317 intellectivam
2980 1270 3187 1332 partem
3206 1276 3367 1332 quam
3387 1261 3657 1317 diversam
3684 1270 3716 1316 a

2133 1357 2326 1425 Spiritu
2356 1370 2480 1410 esse
2511 1353 2667 1416 dicit,
2688 1368 2920 1420 eamque
2941 1354 2994 1407 in
3021 1354 3180 1407 nobis
3200 1352 3420 1423 quidem
3454 1359 3714 1416 mentem,

2132 1449 2187 1502 in
2215 1447 2435 1501 Christo
2467 1453 2648 1500 autem
2673 1445 2842 1499 Deum
2873 1456 3052 1499 vocat.
3088 1443 3146 1498 Si
3166 1445 3312 1499 enim
3346 1442 3568 1513 aliquod
3600 1457 3717 1497 cce-

2130 1538 2284 1592 lestis
2305 1536 2542 1590 hominis
2572 1536 2849 1604 Opificium
2872 1534 2938 1588 ad
2967 1534 3170 1588 terreni
3200 1533 3439 1587 hominis
3454 1532 3717 1588 similitu-

2128 1628 2309 1683 dinem
2329 1627 2551 1696 reperiri
2566 1626 2717 1694 prius
2735 1626 2801 1679 ab
2819 1625 2938 1693 ipso
2957 1632 3241 1679 ostensum
3262 1622 3477 1686 fuisset,
3503 1638 3710 1677 conse-

2128 1716 2348 1787 quentia
2368 1715 2491 1770 inde
2514 1725 2751 1783 sumpta,
2771 1714 2967 1768 adduci
2995 1713 3224 1768 forsitan
3248 1714 3623 1782 potuissemus
3647 1712 3719 1767 ad

2129 1806 2288 1862 fidem
2318 1806 2513 1861 fabula:
2549 1805 2673 1859 huic
2694 1806 2763 1860 ab
2789 1805 2978 1859 eodem
3011 1805 3258 1859 confictas
3303 1805 3728 1859 accommodan-

2128 1900 2436 1965 dam,nova3
2451 1899 2611 1967 hujus
2626 1898 2906 1968 sapientiae
2919 1898 3234 1968 magisterio
3245 1896 3422 1952 edocti
3439 1907 3717 1951 terrenum

446 1985 701 2057 νηθέντος
735 1985 1113 2056 ἁθετουμένου,
1146 1986 1220 2050 ὡς
1249 1987 1371 2039 οὐδὲ
1415 1986 1515 2052 τῆς
1544 1988 1819 2057 ἡμετέρας
1861 2004 2027 2057 μετα-

2135 1991 2416 2046 hominum
2442 2006 2614 2060 genus
2641 2006 2705 2044 ex
2755 1990 2933 2042 anima
2970 1989 3252 2043 intellectu
3288 1989 3519 2058 praedita
3555 1999 3719 2057 atque

449 2078 669 2146 σχόντος
702 2078 937 2146 φύσεως,
964 2078 1240 2151 ἀλλότριον
1269 2078 1509 2150 ἡγοῦμαι
1538 2080 1632 2134 καὶ
1670 2080 2025 2134 ἀνακόλουθον

449 2165 607 2235 σῶμα
636 2166 733 2235 μὲν
758 2167 1119 2237 ὀνομάζεσθαι
1140 2168 1203 2220 τὸ
1235 2168 1307 2239 μὴ
1334 2169 1510 2239 σῶμα,
1536 2168 1711 2240 ψυχὴν
1733 2170 1789 2223 δὲ
1816 2170 2027 2240 ἀνθρώ-

448 2275 552 2311 που
582 2260 679 2330 τὴν
705 2261 777 2331 μὴ
800 2261 997 2331 ψυχήν.
1027 2262 1088 2315 Εἰ
1117 2262 1224 2329 γὰρ
1254 2265 1327 2332 μὴ
1354 2264 1549 2335 νοερὰν
1578 2265 1745 2335 αὐτήν
1776 2282 1859 2328 τις
1888 2261 2025 2318 εἶναι

449 2350 757 2420 ὁμολογοίη,
791 2352 911 2404 οὐδὲ
958 2352 1245 2423 ἀνθρώπου
1288 2354 1455 2424 αὐτὴν
1497 2356 1631 2419 ὅλως
1681 2355 2022 2426 συνθήσεται.

449 2442 666 2495 Τούτων
698 2443 753 2496 δὲ
786 2444 858 2513 μὴ
905 2444 1093 2509 ὄντων,
1135 2445 1256 2498 τίνα
1299 2446 1491 2515 καιρὸν
1532 2446 1642 2517 ἔχει
1693 2450 1725 2519 ἡ
1761 2448 2028 2519 τριμερὴς

448 2532 629 2603 ἐκείνη
658 2534 751 2586 τοῦ
792 2534 1078 2605 ἀνθρώπου
1111 2538 1250 2607 τομὴ
1280 2539 1413 2604 (94),
1443 2534 1510 2610 ἧς
1554 2540 1615 2592 τὸ
1647 2539 1745 2610 μὲν
1784 2540 2027 2612 δίμοιρον

447 2624 750 2694 ἄνθρωπος,
782 2625 912 2687 Θεὸς
938 2627 993 2679 δὲ
1030 2628 1090 2680 τὸ
1124 2631 1504 2701 τριτημόριον;
1533 2633 1614 2684 Οὺ
1654 2632 1763 2699 γὰρ
1801 2631 1895 2693 ἂν,
1924 2650 2028 2702 φη-

450 2716 554 2779 σιν,
603 2716 672 2767 ἐν
716 2715 1029 2785 ὁμοιώματι
1068 2719 1379 2788 ἀνθρώπου
1413 2721 1673 2789 γεγονὼς
1714 2723 1830 2790 εἴη,
1866 2726 1916 2777 εί
1939 2724 2024 2793 μὴ

447 2808 751 2878 τυγχάνοι,
781 2810 1045 2878 καθάπερ
1069 2812 1397 2879 ἄνθρωπος,
1426 2814 1571 2879 νοῦς
1599 2814 1893 2884 ἕνσαρκρς
1922 2818 2023 2871 ὤν.

462 2900 601 2968 Ἐγὼ
628 2901 684 2953 δὲ
728 2902 775 2953 εἰ
820 2902 916 2970 μὲν
950 2905 1154 2966 ἐκεῖνος
1182 2906 1209 2955 ὁ
1244 2904 1527 2976 ἅνθρωπος
1572 2908 1731 2970 ἄνους
1773 2903 1861 2978 ἦν,
1895 2911 1949 2961 ἐν
1984 2905 2028 2978 ᾧ

448 2991 580 3054 Θεὸς
605 2993 903 3064 κατήλλαξε
944 2995 1034 3047 τὸν
1071 2995 1273 3065 κόσμον
1304 2997 1499 3067 ἑαυτῷ,
1544 3001 1715 3051 εἰπεῖν
1748 3000 1847 3052 οὐκ
1884 3003 2024 3071 ἔχω’

448 3083 669 3137 ὅτιδὲὸ
717 3085 889 3138 ταῦτα
939 3087 1184 3156 γράφων,
1232 3087 1335 3153 ἔξω
1382 3089 1615 3153 διανοίας
1665 3086 1753 3161 ἦν,
1808 3092 1923 3144 καθ’
1968 3092 2026 3145 ὃν

450 3175 655 3246 ἔγραφε
692 3175 867 3229 ταῦτα
900 3179 1110 3249 χρόνον,
1143 3177 1244 3232 κᾶν
1267 3179 1376 3248 ἐγὼ
1401 3181 1474 3252 μὴ
1498 3181 1657 3244 εἴπω,
1690 3183 1757 3235 τὰ
1784 3200 2028 3254 γεγραμ-

454 3269 590 3333 μένα
628 3270 744 3340 βοᾷ.
795 3271 919 3334 Πῶς
968 3272 1176 3339 γίνεται
1210 3273 1267 3325 ὲν
1314 3273 1617 3345 ὁμοιώματι
1660 3276 1969 3346 ἀνθρώπου,
2001 3281 2028 3330 6

2134 2098 2365 2151 corpore
2399 2092 2685 2146 constare;
2721 2081 2869 2134 aliud
2910 2095 3041 2134 vero
3084 2080 3358 2150 quoddam
3408 2079 3716 2134 caelestium

2135 2174 2417 2228 hominum
2472 2189 2645 2243 genus
2683 2188 2828 2238 esse,
2859 2173 3061 2242 quibus
3090 2172 3304 2226 ratione
3350 2186 3547 2227 carens
3576 2170 3720 2226 inest

2135 2266 2338 2329 anima,
2371 2280 2574 2334 corpus
2602 2272 2783 2318 autem
2818 2265 3142 2331 humanum,
3167 2272 3221 2319 et
3246 2256 3391 2319 Deus
3422 2264 3542 2319 loco
3566 2279 3721 2319 men-

2136 2358 2206 2411 tis
2241 2357 2632 2410 connniscetnr
2664 2356 2880 2423 animat,
2936 2365 3102 2426 atque
3142 2356 3393 2425 corporis
3447 2355 3729 2410 constitu—-

2134 2447 2303 2513 tioni;
2335 2462 2365 2502 e
2386 2461 2617 2516 quorum
2638 2461 2869 2502 numero
2896 2447 3172 2502 hominem
3202 2447 3358 2501 illum
3388 2461 3512 2501 esse
3538 2446 3733 2515 quiins

2135 2548 2281 2593 terra
2305 2539 2553 2608 apparuit
2585 2538 2920 2608 Apollinaris
2971 2539 3294 2594 arbitratur.
3333 2537 3539 2593 Verum
3586 2554 3731 2593 cum.

2134 2630 2281 2686 istud
2311 2629 2593 2683 hominum
2626 2644 2799 2699 genus
2832 2644 2934 2683 nec
2963 2644 3087 2684 esse
3122 2629 3470 2691 ostendatur,
3507 2644 3609 2683 nec
3632 2644 3722 2684 re-

2136 2738 2261 2777 vera
2293 2723 2387 2789 sit,
2422 2738 2484 2776 ac
2517 2730 2781 2790 pra'lerea
2805 2723 2897 2791 qui
2928 2737 2996 2775 ex
3020 2720 3247 2790 Virgine
3280 2728 3445 2776 natus
3473 2729 3578 2787 est,
3599 2726 3725 2775 tan-

2133 2830 2298 2883 quam
2329 2814 2477 2867 nulla
2509 2815 2562 2867 in
2596 2829 2653 2868 re
2680 2822 2891 2869 natura:
2924 2820 3129 2869 nostrae
3151 2814 3445 2883 particeps,
3486 2812 3706 2882 rejicia-

2104 2930 2109 2935 -
2134 2916 2246 2963 tur:
2276 2907 2569 2961 absurdum
2604 2906 3079 2973 etinconsequens
3099 2918 3223 2959 esse
3245 2902 3488 2956 arbitror
3513 2915 3721 2969 corpus

2134 3000 2352 3069 quidem
2374 3014 2569 3053 vocare
2585 2998 2728 3068 quod
2748 3012 2947 3066 corpus
2964 3012 3073 3050 non
3098 3003 3204 3057 est,
3218 2995 3457 3048 animam
3476 3007 3604 3048 vero
3618 2992 3723 3047 ho-

2133 3090 2298 3144 minis
2323 3105 2443 3159 qua:
2482 3089 2664 3142 itidem
2697 3088 2877 3140 anima
2909 3102 3019 3140 non
3048 3094 3151 3141 est.
3193 3083 3328 3138 Nam
3354 3083 3401 3139 si
3435 3084 3561 3152 quis
3589 3096 3715 3137 eam

2135 3190 2313 3235 mente
2331 3181 2611 3249 praaditam
2627 3196 2731 3234 non
2748 3196 2869 3235 esse
2885 3178 3140 3240 fateatur,
3165 3177 3211 3232 is
3230 3192 3457 3245 prorsus
3483 3189 3582 3229 nec
3600 3188 3728 3228 eam

2136 3274 2371 3347 hominis
2398 3289 2519 3328 esse
2540 3272 2822 3326 concedet.
2853 3270 2988 3325 Cum
3026 3279 3210 3323 autem
3259 3267 3376 3321 haec
3403 3266 3725 3320 nullatenus

450 3360 577 3415 ἄλλο
606 3334 659 3415 τι
693 3334 843 3433 inpii
871 3363 961 3415 τὸν
981 3334 1276 3434 ’ἄνθρωπον
1298 3334 1394 3432 ὢν,
1425 3334 1518 3419 καὶ
1550 3366 1725 3436 πάντη
1766 3334 1865 3439 τῆς
1887 3334 2027 3438 ἠμε-

2134 3334 2623 3435 εεεείροεδίιιιωιιὶ
2657 3363 2800 3415 bono
2830 3369 2915 3415 est
2953 3360 3220 3429 tripertita
3253 3358 3345 3412 illa
3376 3356 3615 3411 hominis
3640 3356 3725 3409 di—

449 3452 611 3523 τέρκς
642 3454 855 3523 φύσεως
885 3455 996 3526 (95)
1024 3472 1037 3518 ;
1070 3456 1131 3509 EE
1166 3455 1273 3526 γὰρ
1306 3458 1468 3528 νοερὰ
1511 3458 1658 3530 ψυχὴ
1708 3462 1803 3513 καὶ
1860 3462 2019 3532 σῶμα

449 3541 510 3591 τὸ
547 3540 882 3611 ἀνθρώπινον
930 3541 1237 3613 σύγκριμα’
1282 3546 1417 3614 μήτε
1466 3546 1522 3600 δὲ
1560 3548 1620 3599 τὸ
1662 3550 1821 3619 σῶμα
1846 3550 2025 3614 τοῦτο,

455 3628 592 3697 μήτε
622 3631 654 3697 ἡ
680 3629 824 3699 ψυχὴ
852 3631 1030 3701 ἐκείνη
1076 3634 1132 3683 ὲν
1168 3630 1245 3701 τῷ
1273 3634 1400 3705 παρ’
1430 3635 1594 3688 αὑτοῦ
1632 3639 2029 3694 ἁναπλασθέντι

451 3719 587 3776 ἐστὶ.
620 3719 736 3781 πῶς
764 3720 972 3789 δέχεται
1003 3723 1100 3791 τὴν
1132 3723 1388 3791 ὁμοίωσιν
1418 3725 1510 3778 τοῦ
1533 3727 1818 3797 ἀνθρώπου
1849 3732 1908 3783 τὸ
1929 3731 2030 3801 τῆς

450 3811 725 3883 ἡμετέρας
758 3812 986 3880 ἔκφυλον
1026 3813 1271 3880 φύσεως
1310 3816 1447 3869 Ἀλλ’
1484 3820 1583 3871 οὐκ
1619 3820 1902 3892 ἄνθρωπον
1926 3825 2027 3877 αὐ-

449 3900 541 3953 τὸν
583 3897 719 3953 εἷναί
774 3920 957 3972 φησιν,
1006 3903 1144 3957 ἀλλὰ
1194 3905 1443 3978 καθάπερ
1489 3908 1792 3981 ἄνθρωπον,
1845 3913 2026 3979 ἄνουν,

451 3994 711 4064 ἔνσαρκον
748 3995 894 4049 ὄντα.
926 3995 1113 4049 Ταῦτά
1134 3998 1279 4050 ἐστιν
1310 3999 1343 4052 ἃ
1367 4016 1434 4068 με
1467 4000 1641 4053 πείθει
1669 4001 1774 4068 ἔξω
1792 4004 2029 4070 διανοίας

450 4078 586 4135 εἶναι
630 4084 719 4137 τὸν
751 4086 1048 4155 γράφοντα.
1080 4087 1203 4150 Πῶς
1250 4088 1525 4157 ὁμοιοῦται
1562 4093 1627 4162 τῇ
1674 4092 1833 4161 φύσει
1864 4094 1924 4147 τὸ
1955 4096 2029 4166 μὴ

455 4176 679 4245 μέτοχον
707 4179 803 4247 τῆς
835 4178 1076 4246 (parteex;
1102 4180 1198 4241 Τίς
1226 4179 1282 4232 δέ
1317 4182 1463 4233 ἐστιν
1489 4183 1516 4234 6
1539 4182 1803 4255 ένσαρκος
1824 4188 2030 4251 ἐκεῖνος

450 4268 592 4334 νοῦς,
633 4272 661 4323 6
710 4272 963 4342 συμφυὴς
1010 4272 1120 4342 (96)
1154 4272 1254 4343 τῆς
1304 4275 1505 4343 σαρκὸς
1553 4278 1647 4329 καὶ
1702 4277 2026 4350 ἁχώριστος,

450 4362 536 4415 ἀεὶ
589 4364 825 4427 τοιοῦτος
874 4364 987 4429 ὥνς
1026 4367 1233 4420 Οὐκοῦν
1288 4369 1380 4421 καὶ
1409 4372 1473 4423 ἐκ
1522 4371 1765 4424 τοιούτου
1812 4371 2028 4435 πάντως

451 4453 634 4514 ὲστίνς
664 4455 736 4506 Οὐ
772 4454 881 4526 γὰρ
905 4454 971 4508 ἂν
997 4459 1080 4525 εἴη
1111 4457 1343 4529 γεννητὴ
1374 4458 1528 4528 σὰρξ,
1568 4460 1617 4512 εί
1655 4460 1728 4530 μὴ
1760 4460 1868 4512 ἀπὸ
1900 4478 2031 4533 σαρ-

451 4546 546 4609 κὸς
580 4548 807 4614 γένοιτο,
842 4550 1022 4612 καθώς
1058 4550 1191 4621 φησί
1236 4569 1337 4604 που
1381 4554 1409 4605 ὁ
1447 4552 1671 4623 Κύριος,
1704 4553 1784 4607 ὃτι
1833 4555 1899 4607 Τὸ
1932 4570 2029 4622 γε-

451 4636 821 4705 γεννημένον
869 4640 937 4691 ἐκ
992 4639 1100 4707 τῆς
1152 4642 1377 4708 σαρκὸς
1431 4641 1589 4709 σάρξ
1646 4643 1836 4697 ἐστιν.
1890 4643 2027 4695 Ἀλλ’

453 4728 677 4800 ὓστερον
698 4731 927 4798 γίνεται.
952 4733 1116 4785 Ποίαν
1132 4729 1223 4786 οῦν
1246 4734 1680 4803 περιτεθειμένος
1699 4736 1809 4804 (97)
1828 4737 2026 4806 σάρκα,

452 4821 716 4892 ἕνσαρκος
763 4824 1004 4890 γίνεται;
1038 4825 1146 4894 Τὴν
1197 4822 1398 4886 οὖσανς
1444 4826 1583 4879 Ἀλλ’
1612 4828 1675 4879 ὲκ
1702 4828 1802 4897 τῆς
1837 4829 2027 4898 αὐτῆς.

452 4910 563 4979 Τὴν
594 4910 669 4980 μὴ
696 4907 897 4977 οὖσαν;
936 4913 1143 4966 Οὐκοῦν
1171 4915 1229 4967 οὐ
1267 4916 1480 4987 λέγεται
1508 4916 1767 4989 ἕνσαρκος
1789 4933 1802 4945 °
1832 4918 1893 4970 οὐ
1923 4918 2030 4988 γὰρ

452 5003 519 5055 ἂν
547 5003 655 5072 (98)
686 5004 764 5073 τῷ
805 5005 877 5076 μὴ
912 5004 1023 5057 ὄντι
1060 5008 1469 5078 ὲπονομάζοιτο.

2139 3456 2296 3516 visio,
2330 3454 2622 3523 cujusduae
2662 3452 2883 3522 quidem
2920 3459 3102 3519 partes
3131 3457 3318 3505 essent
3344 3449 3531 3513 homo,
3560 3448 3723 3503 tertia

2138 3563 2265 3599 vero
2286 3562 2408 3614 pars
2431 3546 2607 3599 Deus?
2629 3544 2807 3613 Neque
2832 3544 2991 3605 enim,
3025 3543 3120 3605 ait,
3141 3543 3195 3595 in
3213 3540 3611 3595 similitudinem
3630 3539 3724 3594 ho-

2136 3640 2336 3690 minum
2366 3636 2537 3705 [actus
2557 3636 2767 3705 fuisset,
2800 3636 2904 3687 nisi
2938 3635 3108 3687 instar
3132 3632 3358 3685 hominis
3388 3648 3531 3685 meus
3564 3646 3725 3684 carne

2136 3728 2361 3797 prwdita
2388 3738 2542 3781 esset.
2599 3726 2708 3795 Ego
2738 3741 2893 3788 sane,
2955 3741 3020 3778 an
3060 3724 3151 3777 ille
3176 3722 3397 3791 quidem
3433 3722 3595 3775 homo
3617 3737 3714 3790 per

2136 3836 2295 3890 quem
2328 3818 2471 3874 Deus
2512 3817 2616 3872 sibi
2664 3816 2929 3869 mundum
2966 3813 3366 3877 reconciliavit,
3414 3822 3597 3866 mente
3628 3828 3722 3865 ca-

2137 3920 2305 3975 reret,
2336 3928 2444 3965 non
2487 3910 2762 3973 dixerim;
2823 3908 2975 3959 illum
3037 3920 3165 3959 vero
3196 3906 3288 3974 qui
3338 3905 3452 3958 haec
3507 3903 3727 3967 scribit,

2140 4015 2319 4059 mente
2348 4013 2566 4072 captum
2607 4016 2672 4055 eo
2726 4015 2837 4068 quo
2888 3998 3167 4053 scribebat
3226 4006 3472 4064 tempore
3528 3994 3719 4057 fuisse,

2138 4111 2450 4166 quanquam
2484 4094 2597 4162 ipse
2628 4107 2736 4145 non
2768 4092 2970 4153 dicam,
3010 4090 3131 4157 ejus
3156 4096 3338 4142 tamen
3376 4088 3583 4156 scripta
3606 4087 3719 4139 cla.

2137 4196 2310 4243 mant.
2351 4184 2638 4252 Quomodo
2690 4185 2740 4237 in
2776 4182 3193 4237 similitudinem
3244 4178 3486 4233 hominis
3519 4178 3578 4232 ﬁt
3625 4179 3725 4247 qui

2139 4280 2285 4334 aliud
2313 4278 2442 4349 quid
2466 4278 2533 4330 ab
2556 4275 3066 4329 bominediversnm
3094 4284 3179 4328 est.
3210 4280 3264 4326 et
3287 4288 3313 4324 a
3344 4279 3535 4325 nostra
3562 4286 3720 4340 pror-

2139 4390 2234 4430 sus
2266 4381 2457 4427 natura
2487 4368 2802 4438 discrepat?
2831 4367 2962 4421 Nam
2996 4368 3039 4420 si
3081 4383 3148 4421 ex
3184 4367 3371 4419 anima
3410 4373 3463 4417 et
3490 4379 3721 4432 corpore

2140 4469 2302 4522 homo
2342 4470 2581 4523 constat,
2616 4471 2669 4517 et
2704 4477 2909 4530 corpus
2951 4460 3054 4513 hoc
3080 4460 3373 4526 animaan
3406 4457 3496 4509 illa
3531 4456 3584 4508 in
3622 4454 3723 4507 ho~

2138 4558 2285 4611 mine
2310 4573 2469 4627 quem
2505 4557 2623 4625 ipse
2654 4553 2900 4614 conﬁxit,
2937 4568 3043 4605 non
3084 4551 3392 4617 reperitur;
3434 4545 3717 4616 quomodo

2138 4647 2316 4704 simile
2351 4647 2556 4701 homini
2609 4662 2734 4700 esse
2768 4645 2987 4713 poterit,
3038 4641 3181 4710 quoi
3218 4656 3245 4692 a
3291 4647 3478 4692 nostra
3515 4646 3715 4691 natura

2135 4739 2372 4793 alienum
2398 4739 2519 4793 est?
2610 4737 2714 4791 Sed
2742 4738 2895 4790 illum
2927 4750 3035 4787 non
3064 4748 3186 4785 esse
3224 4731 3526 4792 hominem,
3560 4727 3719 4787 dicit,

2138 4831 2234 4886 sed
2276 4832 2452 4884 instar
2483 4829 2742 4892 hominis,
2783 4834 2961 4879 mente
2996 4822 3350 4883 destitutum,
3378 4835 3542 4871 carne
3580 4833 3713 4888 pra:-

2139 4922 2337 4975 ditum.
2436 4919 2560 4973 Haec
2592 4928 2723 4971 sunt
2757 4932 2879 4985 quae
2915 4912 3045 4966 mihi
3088 4909 3318 4965 suadent
3370 4907 3568 4960 mentis
3612 4921 3721 4959 non

2140 5028 2265 5068 esse
2294 5021 2602 5079 compotem
2637 5010 2729 5077 qui
2772 5010 2885 5059 ba-e
2929 5002 3141 5058 scribit.
3191 4998 3478 5065 Quomodo
3513 5004 3725 5050 natura:

452 5094 615 5148 alicui
683 5097 1036 5160 assimilatur,
1094 5099 1241 5166 quod
1289 5099 1535 5167 ejusdem
1582 5101 1856 5168 particeps
1912 5116 2019 5155 non
2059 5102 2177 5155 est?
2207 5100 2470 5166 Qmenam
2544 5099 2711 5152 etiam
2764 5103 2851 5149 est
2896 5108 3050 5146 tuens
3118 5090 3209 5143 illa
3258 5102 3427 5140 carne
3474 5087 3719 5155 praedita,

452 5206 574 5257 quin
625 5191 802 5245 eidem
839 5193 988 5245 carni
1046 5194 1334 5260 congenita
1382 5205 1466 5248 est
1523 5195 1669 5249 etab
1704 5210 1766 5249 ea
1830 5197 2073 5263 separari
2151 5213 2259 5250 non
2311 5206 2525 5266 potest,
2590 5204 2918 5261 semperque
2972 5187 3099 5239 talis
3160 5181 3416 5237 exsistit?
3467 5180 3721 5249 Nunquid

453 5284 615 5337 etiam
643 5299 707 5337 ex
736 5284 842 5337 alia
884 5300 941 5337 re
976 5284 1078 5339 sibi
1109 5284 1274 5338 simili
1316 5300 1541 5353 prorsus
1576 5285 1893 5339 derivatur?
1921 5286 2106 5356 Neque
2132 5290 2278 5341 enim
2311 5302 2551 5357 unquam
2594 5298 2727 5340 caro
2759 5281 2903 5353 gigni
2981 5284 3184 5348 potest.
3254 5273 3360 5325 IliSi
3426 5289 3492 5326 ex
3558 5290 3723 5329 carne

2133 5436 2409 5505 loquitur.

527 5441 735 5509 (9|)lta
768 5456 937 5503 corn,
974 5449 1133 5493 antea
1168 5440 1412 5508 κτηνίας.

2205 5503 2316 5579 (95)
2353 5509 2752 5580 Sttpplendiiv_13_
2776 5512 2864 5579 bin
2888 5508 3102 5561 videtur
3124 5505 3357 5580 ἔκφυλον
3390 5503 3627 5580 φόσειρς,
3660 5507 3721 5552 ιιι

527 5513 637 5577 (92)
668 5512 823 5565 Corr.
857 5512 1011 5579 γένος
1038 5512 1093 5563 δέ
1115 5511 1166 5562 τί
1201 5512 1368 5562 ἐστιν.

527 5576 638 5647 (93)
682 5582 840 5635 Corr.
870 5576 1235 5647 ἀνθρώπινον,
1269 5580 1399 5643 Θεὸς
1425 5579 1479 5631 δὲ
1508 5578 1628 5631 ἀντὶ
1663 5576 1774 5629 νοῦ.

527 5652 640 5721 (94)
674 5650 730 5704 In
752 5659 903 5705 textu
949 5647 1069 5705 Vat.
1119 5649 1244 5703 cod.
1286 5651 1548 5703 scr-ibitur
1584 5647 1875 5719 ἀνθρώπου
1926 5647 2030 5716 ψυ-

455 5723 549 5791 χή,
583 5730 636 5774 at
670 5722 723 5775 in
759 5737 930 5792 marg.
969 5721 1180 5781 eadem,
1217 5735 1322 5792 qua
1347 5722 1577 5792 reliqua:
1632 5734 1800 5783 corr.,
1863 5734 2027 5792 manu

456 5790 752 5845 adnotatur
775 5808 864 5860 γρ.
885 5790 977 5844 καὶ
1006 5792 1169 5860 τομή,
1189 5799 1244 5842 ιιι
1270 5790 1604 5843 indicaretur
1624 5798 1852 5860 utroque
1870 5790 2031 5839 mmlo

455 5862 558 5929 legi
595 5878 773 5929 posse.
800 5859 909 5917 Nos
932 5859 1111 5913 tamen
1154 5860 1536 5928 corrigendum
1570 5859 1887 5913 censuimus
1929 5860 2029 5910 ἀν-

458 5928 675 6004 epodos
707 5933 866 6002 τομή,
894 5941 951 5985 ιιι
986 5932 1088 5987 sub
1123 5930 1337 5985 initium
1377 5932 1539 6001 hujus
1570 5946 1689 6001 cap.
1748 5928 2029 6001 Nyssenus

2134 5569 2258 5635 mox
2287 5569 2494 5633 s'ulnlit'.
2554 5574 2640 5631 vel
2671 5569 2974 5642 ἀλλότριον,
3029 5582 3123 5629 aut
3153 5569 3359 5645 aliquid
3403 5569 3611 5640 'simile,
3660 5583 3720 5627 ut

2134 5646 2376 5702 aut-toris
2401 5661 2597 5699 sensus
2629 5656 2865 5705 constet.

2208 5717 2319 5785 (96)
2352 5714 2511 5769 Corr.
2544 5714 2576 5783 ἢ
2615 5719 2895 5785 συμφυής.

2212 5782 2324 5849 (97)
2348 5790 2506 5838 Corr.
2544 5782 2977 5854 ⁴περιτιθέμενος.

2215 5860 2326 5931 (98)
2360 5857 2507 5912 Part.
2543 5852 2782 5910 dv‘co'rr.
2818 5852 2957 5909 add-
