4120 6394
414 447 552 503 ιεος
1683 449 1740 504 s.
1782 449 2109 506 cneconu
2146 449 2443 507 NYSSENI
3545 429 3684 502 teet

408 567 1166 638 nascatur,quemadmodum
1206 566 1407 622 alicubi
1428 568 1503 621 ait
1524 566 1806 630 Dominus,
1837 566 1990 634 Quod
2030 577 2214 621 natum
2252 577 2329 621 est
2359 582 2423 620 ea:
2467 581 2651 632 carne,
2708 581 2832 618 caro
2871 574 2947 619 eat
2971 563 3039 617 “.
3094 562 3196 619 Sed
3237 561 3470 632 inquiet,
3537 561 3686 618 Mens

407 663 500 720 illa
527 663 787 733 deinceps
817 678 984 718 carne
1006 662 1231 733 praedita
1266 673 1372 720 est.
1407 664 1633 731 Qualem
1666 663 1834 734 igitur
1863 677 2086 716 carnem
2125 660 2539 716 induenscarne
2559 658 2786 730 praedita
2817 658 3029 713 evadit?
3057 655 3315 726 Quaajam
3344 655 3690 711 exsistebat?

409 752 516 808 S:d
583 755 696 808 haec
754 769 863 808 non
919 755 1029 809 nisi
1084 754 1331 824 ejusdem
1399 755 1621 826 generis
1679 769 1804 810 esse
1862 761 2064 824 potest.
2124 751 2259 819 Quae
2298 767 2407 806 non
2439 749 2780 807 exsistebat?
2802 747 2945 821 Ergo
2984 763 3154 804 carne
3185 747 3410 820 praedita
3445 747 3554 801 dici
3579 763 3688 802 non

409 860 624 920 potest;
657 867 835 922 neque
863 852 1010 906 enim
1039 867 1108 907 ex
1176 867 1236 907 re
1313 867 1422 906 non
1461 853 1766 908 exsistente
1813 849 2288 906 denominaretur.

479 961 720 1018 XXXVI.
762 961 868 1017 Sed
903 961 1190 1018 videamus
1243 962 1612 1018 inevitabilem
1649 962 1772 1032 ejus
1819 979 1979 1036 argu-

2173 959 2312 1012 Ἀλλ’
2346 958 2544 1030 ἴδωμεν
2564 958 2661 1022 τὰς
2687 958 2962 1028 ἀφύκτους
2991 956 3156 1011 αὐτοῦ
3178 956 3287 1010 τῶν
3311 956 3689 1028 συλλογισμῶν

407 1065 720 1112 mentorum
781 1058 917 1122 vim,
943 1057 1144 1127 quibus
1191 1073 1293 1114 nos
1330 1059 1475 1127 cogit
1539 1068 1600 1112 ut
1637 1057 1979 1129 Unigenitum

2095 1049 2362 1119 ἀνάγκας,
2393 1049 2460 1101 δι’
2491 1042 2565 1101 ὧν
2594 1049 2742 1119 ἡμᾶς
2773 1047 2910 1119 πρὸς
2938 1046 3349 1115 ωγκατάὸασιν
3374 1046 3469 1100 τοῦ
3499 1047 3690 1118 ἔνσαρο

409 1151 576 1203 Deum
629 1159 864 1204 mentem
913 1166 1038 1205 esse
1065 1166 1233 1205 carne
1257 1153 1538 1220 praeditam
1597 1151 1989 1206 concedamus.

406 1240 468 1295 Si
507 1257 682 1306 mens,
742 1241 957 1312 inquit,
1023 1257 1182 1297 carne
1230 1239 1455 1311 prwditu
1541 1261 1645 1298 non
1695 1255 1772 1299 est
1804 1245 1992 1298 Domi-

403 1349 526 1396 nus,
558 1334 824 1400 sapientia
847 1335 1027 1404 utique
1083 1333 1208 1389 erit.
1260 1335 1304 1389 0
1335 1333 1711 1390 invincibilem
1737 1336 1992 1404 proposi-

402 1425 641 1478 tionem!
677 1425 926 1480 Alterum
967 1441 1033 1480 ex
1067 1425 1284 1480 duobus
1306 1426 1531 1481 omnino
1550 1442 1674 1483 esse
1699 1427 1991 1482 Dominum

402 1521 611 1580 censet,
629 1517 711 1571 vel
729 1525 965 1571 mentem
989 1532 1158 1572 carne
1181 1518 1491 1588 praeditam,
1511 1520 1595 1574 vel
1614 1521 1940 1589 sapientiam
1974 1539 1989 1577 :

402 1613 717 1676 propterea,
749 1608 948 1678 inquit,
981 1625 1211 1666 necesse
1249 1622 1334 1666 est
1365 1625 1491 1666 eum
1522 1611 1659 1666 illud
1689 1627 1834 1674 esse,
1883 1611 1990 1667 nisi

401 1698 507 1752 hoc
535 1706 640 1766 est,
673 1702 934 1770 quoniam
991 1718 1117 1756 eum
1180 1720 1334 1759 mens
1389 1719 1558 1759 carne
1615 1705 1844 1774 prtedita
1881 1720 1991 1759 non

401 1795 495 1855 sit,
548 1795 817 1863 sapientia
847 1795 995 1850 haud
1033 1796 1201 1850 dubio
1247 1805 1354 1858 est,
1385 1799 1761 1868 quodcunque
1794 1797 1989 1867 hujus-

399 1886 549 1939 ιιιοόί
578 1903 732 1942 mens
765 1903 873 1941 non
902 1896 1006 1943 est.
1043 1887 1186 1955 Quid
1212 1890 1378 1958 igitur
1415 1891 1593 1961 lapis?
1613 1891 1754 1958 Quid
1801 1906 1991 1945 scara-

301 2050 307 2056 Ι
401 1977 574 2032 beus?
619 1977 761 2044 Quid
794 1980 1034 2050 denique
1063 1989 1258 2036 cmtera
1283 1985 1467 2037 omnia
1499 1999 1622 2054 qua:
1666 1986 1769 2040 sub
1795 1987 1988 2042 oculos

401 2069 640 2123 cadunt?
677 2070 914 2126 Omnino
947 2073 1096 2126 enim
1130 2074 1364 2128 duorum
1422 2076 1657 2130 alterum
1701 2077 1876 2142 dabit,
1902 2079 1984 2134 vel

397 2179 520 2216 eam
552 2173 792 2219 mentem
823 2181 991 2221 carne
1019 2167 1305 2237 praeditam
1333 2185 1480 2233 esse,
1522 2171 1603 2224 vel
1634 2171 1984 2242 sapientiam.

396 2256 565 2326 Atqui
590 2273 769 2327 neque
800 2274 978 2326 mens,
1023 2275 1201 2330 neque
1224 2262 1491 2332 sapientia
1528 2264 1734 2335 aliquid
1790 2266 1984 2321 horum

395 2359 501 2402 est.
546 2348 771 2402 Corruit
793 2350 978 2421 itaque
1008 2352 1299 2422 scriptoris
1335 2356 1510 2410 nostri
1537 2357 1987 2426 prepositioom-

395 2456 607 2510 nesque
634 2442 757 2512 ejus
783 2444 1221 2502 machinationes
1262 2446 1546 2502 dissoluta:
1569 2458 1720 2515 sunt,
1749 2464 1874 2504 cum
1906 2452 1988 2522 ip-

396 2534 514 2588 sius
536 2535 790 2604 principii
834 2537 1198 2593 subversione
1224 2546 1336 2593 tota
1363 2540 1486 2610 ejus
1506 2543 1986 2612 argumentatione

394 2625 560 2678 simul
595 2627 936 2683 concidente.
974 2629 1269 2686 Ostensum
1303 2633 1575 2703 siquidem
1617 2651 1728 2690 non
1754 2644 1838 2691 est
1869 2636 1986 2691 haec

392 2718 504 2771 duo
526 2718 611 2773 ita
646 2720 791 2777 inter
816 2738 876 2779 se
919 2722 1160 2789 differre,
1196 2735 1256 2780 ut
1309 2727 1356 2782 si
1391 2729 1623 2783 alterum
1663 2729 1858 2784 horum
1883 2745 1982 2786 ex-

393 2811 580 2876 sistat,
602 2814 838 2867 alterum
870 2831 1130 2871 essenon
1161 2819 1354 2888 possit,
1385 2821 1470 2876 vel
1495 2831 1710 2889 contra,
1735 2823 1779 2877 si
1811 2839 1982 2877 unum

393 2919 505 2956 non
545 2906 802 2972 exsistat,
838 2909 1072 2964 alterum
1101 2927 1227 2966 esse
1259 2914 1486 2970 omnino
1536 2931 1762 2971 necesse
1791 2917 1883 2973 sit.
1917 2918 1984 2970 At

393 2996 530 3050 nihil
572 2998 762 3054 obstat
812 3002 949 3071 quin
991 3003 1073 3058 vel
1123 3004 1302 3060 eidem
1359 3015 1654 3079 utrumque
1686 3011 1841 3075 insit,
1897 3013 1981 3067 vel

391 3095 674 3142 neutrum.
703 3088 809 3145 Sed
843 3101 897 3146 et
930 3092 1044 3148 haec
1082 3097 1384 3165 propositio
1434 3116 1596 3167 quam
1641 3102 1860 3157 infirma
1891 3104 1980 3169 sit,

391 3192 458 3231 ex
486 3179 654 3233 altera
691 3197 814 3250 qua:
864 3183 992 3238 huic
1046 3190 1326 3266 contraria
1363 3207 1431 3245 ex
1463 3199 1619 3260 parte
1661 3196 1979 3263 respondet,

389 3271 698 3328 videmnus.
732 3276 792 3329 Si
830 3278 974 3330 enim
1018 3290 1279 3350 tanquam
1315 3300 1504 3338 verum
1542 3286 1647 3341 hoc
1685 3290 1976 3354 asseritur,

390 3362 438 3416 si
470 3375 692 3421 nonest
727 3382 880 3423 mens
915 3386 1080 3426 carne
1127 3375 1375 3443 praedita,
1425 3381 1695 3448 sapientia
1720 3385 1859 3450 erit;
1887 3400 1981 3438 ve-

386 3470 513 3510 rum
537 3473 758 3528 quoque
784 3464 889 3515 erit
914 3463 965 3516 id
998 3467 1144 3534 quod
1167 3483 1197 3520 e
1223 3471 1506 3524 contrario
1528 3472 1751 3540 dicitur,
1790 3491 1982 3548 nempe

389 3551 436 3602 si
475 3552 744 3620 sapientia
773 3564 877 3621 est,
917 3572 1070 3612 mens
1101 3575 1268 3614 carne
1300 3563 1527 3632 praedita
1565 3581 1673 3620 non
1717 3570 1844 3624 erit.
1884 3575 1980 3626 At-

327 3722 337 3730 ‘
387 3641 483 3708 qui
544 3644 870 3712 sapientiam
910 3663 1034 3704 esse
1093 3651 1400 3716 Christum,
1444 3657 1765 3730 quicunque
1815 3663 1975 3716 fidem

389 3732 674 3800 amplexus
709 3742 794 3789 est
824 3736 970 3791 ultro
1012 3744 1267 3796 concedit
1297 3762 1309 3798 :
1342 3761 1474 3814 ergo
1510 3747 1671 3816 juxta
1713 3753 1980 3822 sapientis

388 3823 555 3892 hujus
580 3828 962 3895 assertionem,
981 3833 1233 3889 eumdem
1256 3837 1538 3896 Christum
1562 3854 1796 3899 mentem
1815 3862 1981 3903 carne

387 3917 670 3986 przeditam
732 3936 843 3976 non
889 3938 1012 3980 esse
1046 3925 1378 3997 fatebimur;
1439 3933 1513 3988 ita
1565 3944 1625 3989 ut
1665 3955 1729 3991 ex
1775 3941 1980 3996 utrius-~

385 4027 494 4080 que
523 4014 854 4082 rationibus,
887 4033 1023 4088 quas
1055 4023 1232 4091 primo
1282 4033 1338 4079 et
1364 4028 1607 4084 secundo
1641 4031 1759 4087 loco
1789 4043 1978 4106 protu-

386 4106 470 4173 lit,
501 4117 556 4164 et
583 4125 648 4164 ex
685 4113 812 4168 aliis
840 4129 980 4186 quas
1011 4116 1078 4170 ad
1101 4122 1433 4175 sententiam
1459 4139 1616 4178 suam
1640 4127 1973 4185 confirman-

385 4202 512 4256 dam
546 4204 598 4257 in
637 4207 896 4277 priesenti
947 4209 1263 4282 subjungit,
1331 4213 1624 4273 Dominum
1691 4237 1802 4277 non
1854 4239 1977 4280 esse

385 4307 626 4351 mentem
656 4313 823 4353 carne
852 4303 1136 4372 praeditam
1187 4308 1428 4378 scriptor
1458 4311 1578 4380 ipse
1611 4313 1971 4374 demonstret.

386 4385 539 4442 Talis
572 4397 659 4444 est
706 4394 1034 4464 propositio,
1071 4396 1196 4453 talis
1249 4406 1303 4453 et
1368 4407 1698 4476 assumptio.
1761 4408 1973 4480 Ecquid

386 4498 517 4535 vero
588 4491 818 4553 utraque
887 4487 1114 4557 dignum
1187 4494 1474 4550 conclusio
1537 4499 1976 4570 complectitur?

382 4566 584 4624 Citristi
620 4572 690 4626 ad
728 4589 823 4628 nos
860 4593 1101 4637 accessus
1179 4599 1280 4638 non
1311 4586 1418 4655 fuit
1441 4589 1692 4647 adventus
1733 4592 1852 4657 Dei,
1877 4600 1968 4651 sed

384 4659 615 4716 hominis
671 4674 845 4718 ortus.
922 4669 1048 4730 Haec
1103 4674 1249 4730 dicta
1328 4683 1400 4734 illi
1471 4685 1722 4742 t'ideantv
1765 4687 1968 4757 quibus

385 4755 564 4808 aliena
631 4756 868 4828 superbe
922 4770 1278 4821 contemnere
1327 4773 1499 4828 moris
1550 4755 1802 4844 est;nos
1837 4798 1968 4840 vero

380 4848 700 4904 eorumdem
747 4850 1022 4909 fallaciam
1073 4865 1129 4912 et
1176 4858 1484 4917 fatuitatem
1545 4869 1733 4940 lugere
1771 4887 1969 4944 oppor-

387 4941 574 4995 tunius
623 4956 748 5000 esse
795 4945 1128 5016 judicantes,
1170 4952 1239 5006 ab
1276 4969 1468 5010 eorum
1511 4963 1793 5028 prolixiori
1832 4941 1970 5022 eon-

387 5029 672 5099 futatione,
696 5052 765 5091 ne
792 5038 1068 5099 derisores
1099 5059 1222 5101 esse
1249 5047 1550 5115 videamur,
1574 5063 1969 5126 temperamus.

384 5123 520 5188 Quis
549 5128 695 5184 enim
736 5147 1082 5206 nequaquam
1115 5139 1219 5194 sibi
1246 5142 1610 5204 cohaerentem
1664 5123 1964 5224 syllogismi

455 5324 500 5356 ’θ
531 5325 688 5382 .loan.
720 5344 800 5392 ιιι,
835 5328 888 5384 6.

454 5505 751 5582 (ξιθλᾳϐοιτ.
784 5509 1004 5582 ἐκείνην
1038 5508 1198 5570 εἶναι.

453 5577 529 5671 ςξ
745 5576 1227 5671 σίζει-πεπτωκότος,
1261 5595 1316 5643 et
1347 5604 1473 5644 mox
1499 5592 1662 5647 habet
1689 5594 1810 5648 οὐδὲ
1839 5597 1968 5671 γάρ.

563 5647 721 5722 Carr.
751 5646 1010 5722 ὑπάρχοι.

563 5719 639 5809 ita
674 5737 820 5775 corr.
842 5717 1014 5809 iit-{tea
1072 5729 1164 5809 καὶ
1196 5729 1286 5809 ’τῷ
1330 5735 1756 5804 συμπεράσματι
1792 5739 1955 5809 λέγει.

455 5790 530 5856 (4)
561 5789 620 5873 .ln
648 5801 795 5877 iextu
842 5792 973 5881 Vat;
995 5800 1119 5878 cod.
1156 5789 1289 5881 nihil
1321 5789 1573 5881 intonante
1617 5789 1762 5863 corr.
1794 5789 1958 5881 (iieg'i:

386 5865 620 5944 tui-~05;
646 5865 712 5933 ἡν
747 5865 907 5944 σοφία
935 5866 1093 5932 Θεοῦ,
1127 5872 1220 5944 sed
1257 5874 1542 5941 legendum
1583 5881 1810 5933 omnino
1838 5865 1961 5937 esse

387 5928 764 6002 ἐπιδημίαεκ
812 5928 1025 6008 integro
1066 5928 1400 6012 Apollinnuris
1435 5928 1956 6021 arguxﬁéiii‘é’ﬁlféi

2093 1159 2190 1196 κον
2232 1137 2370 1194 εἶναι
2399 1140 2524 1194 νοῦν
2555 1140 2647 1193 τὸν
2679 1140 2960 1211 Μονογενῆ
2996 1139 3130 1192 Θεὸν
3167 1139 3587 1207 συναναγκάζει.
3619 1142 3690 1194 El

2088 1233 2174 1305 μὴ
2205 1232 2371 1298 νοῦς,
2407 1233 2594 1302 φησὶν,
2633 1230 2935 1300 ἒνσαρκός
2955 1230 3130 1285 ἐστιν
3159 1233 3192 1285 ό
3226 1233 3462 1299 Κύριος,
3501 1234 3691 1302 σοφία

2093 1323 2172 1378 ἂν
2220 1323 2336 1390 εἴη.
2377 1324 2441 1376 ..Ω
2473 1323 2570 1394 τῆς
2610 1324 2824 1393 ἀμάχου
2878 1322 3235 1394 προτάσεωςί
3285 1322 3360 1376 Τὸ
3398 1322 3584 1394 ἕτερον
3629 1325 3691 1390 ἐξ

2093 1415 2421 1486 ἀμφοτέρων
2459 1413 2666 1468 οἴεσθαι
2695 1415 2913 1477 πάντως
2958 1409 3096 1468 εἶναι
3125 1414 3214 1468 τὸν
3249 1413 3473 1485 Κύριον,
3500 1414 3534 1485 ἢ
3564 1415 3688 1468 νοῦν

2092 1505 2223 1559 ἕνσα
2233 1521 2380 1577 ρκον,
2402 1505 2435 1576 ἢ
2460 1504 2669 1575 σοφίανο
2693 1505 2783 1559 διὰ
2804 1505 2963 1559 τοῦτό
2981 1523 3144 1577 φησιν
3168 1507 3374 1560 ἐκεῖνον
3391 1501 3528 1559 εἶναι
3552 1507 3685 1578 (99),

2094 1597 2142 1650 εἰ
2172 1594 2248 1666 μὴ
2274 1593 2431 1648 τοῦτό
2458 1597 2626 1662 ἐστιν,
2656 1595 2732 1649 ὅτ’
2760 1596 2827 1650 ἂν
2856 1597 2932 1666 μὴ
2971 1595 3096 1660 νοῦς
3136 1596 3401 1668 ἔνσαρκος
3430 1593 3488 1671 ᾗ,
3524 1601 3631 1652 πᾶν
3659 1600 3688 1651 ὃ

2098 1688 2174 1759 μή
2213 1691 2330 1742 ἐστι
2358 1687 2482 1752 νοῦς
2527 1687 2812 1761 ένσαρκος,
2841 1689 3004 1759 σοφία
3033 1689 3172 1743 ὲστί.
3219 1689 3282 1742 Τί
3316 1686 3412 1743 οὖν
3441 1692 3470 1744 ό
3505 1692 3684 1756 λίθοςς

2097 1779 2163 1830 Τί
2191 1777 2249 1834 δὲ
2276 1779 2305 1833 ὁ
2360 1778 2659 1850 κάνθαρος;
2685 1780 2750 1833 Τί
2790 1780 2848 1833 δὲ
2877 1779 2945 1834 τά
2977 1779 3140 1834 λοιπά
3165 1780 3279 1834 τῶν
3307 1783 3643 1850 φαινομένων
3668 1799 3684 1847 ;

2088 1867 2261 1923 Δώσει
2295 1869 2405 1942 γὰρ
2435 1871 2528 1923 ἐπὶ
2563 1869 2768 1925 τούτων
2803 1871 3022 1935 πάντως
3047 1870 3156 1925 τῶν
3179 1872 3272 1926 δύο
3316 1872 3380 1926 τὸ
3411 1873 3617 1943 ἕτερον,
3649 1874 3684 1943 ἢ

2089 1960 2214 2013 νοῦν
2236 1960 2379 2014 αὐτὰ
2401 1961 2682 2033 ἐνσαρκον,
2704 1961 2738 2034 ἢ
2759 1961 2950 2031 σοφίαν
2967 1956 3127 2015 εἶναι·
3147 1962 3283 2016 ἀλλὰ
3301 1962 3544 2034 μὴνοῦτε
3561 1963 3687 2028 νοῦς

2089 2047 2214 2102 οὗτε
2241 2051 2404 2120 σοφία
2435 2051 2642 2106 τούτων
2673 2052 2822 2106 ἐστὶν
2849 2052 3020 2106 οὐδέν.
3049 2051 3442 2108 Διαπέπτωκεν
3467 2053 3576 2125 ἄρα
3608 2055 3688 2124 τῷ

2088 2142 2413 2214 λογογράφῳ
2429 2145 2460 2216 ἡ
2479 2143 2765 2216 πρότασις,
2783 2145 2876 2198 καὶ
2887 2143 3111 2216 διερρύη
3125 2145 3234 2198 πᾶν
3248 2145 3310 2198 τὸ
3335 2145 3576 2218 σκαιώρη
3585 2165 3685 2217 μα,

2091 2238 2158 2306 τῇ
2190 2236 2289 2307 τῆς
2311 2236 2486 2307 ἀρχῆς
2510 2234 2752 2289 διαλύσει
2789 2235 3232 2300 διαπεπτωκότος
3264 2236 3338 2306 (i)
3368 2237 3462 2290 τοῦ
3504 2238 3683 2306 λόγου.

2019 2334 2066 2394 Β
2095 2326 2259 2382 Οὐδὲν
2307 2326 2416 2398 γὰρ
2453 2328 2666 2398 ἐδείχθη
2720 2327 2895 2381 ταῦτα
2945 2326 3045 2397 τὴν
3090 2328 3495 2399 ἀντιδιαστολὴν
3550 2329 3686 2400 πρὸς

2093 2419 2299 2490 ἄλληλα
2355 2421 2568 2491 ἔχοντα,
2600 2420 2742 2474 ὥστε
2789 2422 2837 2474 εί
2886 2419 2947 2474 τὸ
2997 2422 3184 2492 ἕτερον
3229 2421 3433 2475 τούτων
3463 2423 3570 2492 εἴη,
3607 2425 3684 2494 μὴ

2090 2507 2232 2565 εἶναι
2274 2511 2336 2566 τὸ
2365 2511 2570 2584 ἓτερον,
2602 2512 2634 2583 ἢ
2676 2512 2736 2566 τὸ
2771 2512 3027 2584 ἔμπαλιν,
3067 2515 3117 2566 εἰ
3147 2513 3208 2566 τὸ
3236 2513 3294 2566 ἓν
3323 2513 3398 2584 μὴ
3427 2515 3682 2587 ὑπάρχοι,

2089 2603 2152 2656 τὸ
2182 2604 2502 2675 λειπόμενον
2537 2606 2774 2675 ὑπάρχει
2807 2605 2882 2674 (2)
2915 2606 3152 2666 πάντως.
3193 2605 3352 2660 Ἀλλά
3378 2606 3576 2660 κωλύει
3600 2607 3687 2660 οὐ·

2089 2695 2178 2748 δὲν
2207 2697 2301 2748 καὶ
2326 2696 2612 2767 ἀμφότερα
2637 2692 2775 2750 εἶναι
2806 2696 2949 2752 κατὰ
2970 2697 3187 2760 ταύτὸν,
3216 2699 3310 2752 καὶ⁸
3339 2698 3450 2752 οὐδ’
3473 2699 3683 2770 ἕτερον.

2104 2783 2264 2838 Ἀλλὰ
2312 2785 2405 2838 καὶ
2450 2787 2515 2839 ἐκ
2570 2784 2664 2838 τοῦ
2702 2785 3062 2858 ἀντιστρόφου
3118 2787 3178 2840 τὸ
3221 2787 3322 2858 τῆς
3367 2789 3684 2858 προτάσεως

2090 2873 2394 2930 ἀσύστατον
2417 2874 2636 2944 ίδωμεν.
2666 2875 2729 2927 Εἰ
2755 2875 2864 2946 γὰρ
2888 2875 2964 2939 ὡς
3004 2875 3202 2947 ἀληθὲς
3237 2877 3578 2948 προτείνεται
3598 2877 3680 2941 τὸ,

2091 2967 2140 3018 εί
2178 2966 2251 3036 μὴ
2280 2967 2402 3029 νοῦς
2424 2968 2570 3019 ἐστιν
2604 2966 2887 3036 ἔνσαρκος,
2923 2967 3088 3038 σοφία
3113 2967 3178 3021 ἂν
3209 2969 3319 3038 εἴη·
3351 2969 3556 3042 ἀληθὲς
3585 2976 3682 3023 καὶ

2089 3058 2150 3115 τὸ
2175 3061 2240 3111 ὲκ
2282 3057 2376 3111 τοῦ
2408 3058 2768 3129 ἀντιστρόφου
2819 3060 3269 3129 ἀναφαινόμενον,
3313 3061 3394 3112 ὅτι
3439 3063 3487 3113 εἰ
3519 3062 3680 3130 σοφία

2089 3149 2228 3213 ἐστὶ,
2256 3149 2379 3213 νοῦς
2402 3149 2667 3221 ένσαρκος
2689 3150 2790 3203 ούκ
2817 3150 2984 3204 ἔστιν.
3016 3149 3175 3205 Ἀλλά
3198 3151 3306 3220 μὴν
3331 3151 3521 3219 σοφίαν
3540 3147 3681 3204 εἶναι

2089 3241 2182 3294 τὸν
2213 3242 2469 3310 Χριστὸν,
2493 3245 2601 3306 πᾶς
2628 3246 2656 3296 ό
2684 3242 3130 3315 παραδεξάμενος
3157 3243 3255 3314 τὴν
3283 3244 3468 3298 πίστιν
3499 3244 3679 3296 συντί-

2090 3331 2241 3386 Θεται
2261 3350 2275 3366 ·
2300 3333 2410 3404 ἄρα
2436 3333 2578 3387 κατά
2602 3334 2701 3405 τὴν
2721 3335 2815 3387 τοῦ
2858 3334 3019 3404 σοφοῦ
3046 3333 3330 3406 πρότασιν,
3350 3335 3410 3388 τὸ
3437 3336 3510 3407 μὴ
3537 3331 3680 3390 εἶναι.

2087 3425 2247 3479 αὐτὸν
2276 3425 2400 3479 νοῦν
2446 3427 2710 3497 ἔνσαρκον
2757 3427 3120 3497 ὁμολογεῖται,
3151 3427 3292 3482 ὥστε
3341 3429 3463 3481 κατ’
3501 3429 3682 3498 ἀμφό-

2085 3532 2218 3586 τερα
2250 3517 2388 3570 κατά
2413 3533 2472 3568 τε
2500 3517 2590 3569 τὸν
2621 3517 2858 3589 πρῶτον,
2887 3517 3097 3571 καὶτὸν
3121 3519 3391 3589 δεύτερον,
3419 3521 3511 3572 καὶ
3537 3520 3680 3574 κατὰ

2086 3604 2177 3660 τὸν
2209 3605 2303 3658 νῦν
2337 3605 2493 3674 λόγον
2518 3606 2680 3670 αὐτὸς
2707 3608 2734 3658 ὁ
2762 3607 3120 3678 λογογράφος,
3147 3607 3212 3661 δι’
3236 3600 3308 3660 ὧν
3339 3607 3680 3660 κατασκευά-

2009 3699 2052 3758 C
2090 3693 2192 3759 ζει,
2227 3697 2254 3749 ὃ
2285 3697 2556 3766 βούλεται,
2589 3698 2648 3750 τὸ
2689 3699 2764 3768 μὴ
2795 3693 2936 3751 εἷναι
2982 3698 3248 3769 ἕνσαρκον
3275 3697 3398 3751 νοῦν
3441 3699 3531 3753 τὸν
3565 3699 3680 3752 Κύ-

2088 3806 2203 3860 ριον
2243 3789 2614 3846 ἀποδείκνυσι.
2650 3790 2888 3858 Τοιαύτη
2922 3793 2955 3861 ἡ
2999 3791 3283 3862 πρότασις,
3315 3791 3538 3863 τοιαύτη
3581 3792 3678 3845 καὶ

2083 3884 2117 3950 ὴ
2149 3881 2238 3934 διὰ
2283 3881 2454 3952 μέσου
2509 3885 2844 3954 κατασκευή.
2886 3882 3071 3949 Ἀξιον
3115 3883 3442 3955 ἀμφοτέρων
3491 3883 3677 3937 καὶτὸ

2082 3975 2452 4047 συμπέρασμα
2474 3979 2526 4029 τί
2558 3976 2633 4046 (5)
2662 3976 2814 4045 λέγει
2833 3993 2849 4042 ;
2869 3978 2991 4030 Οὐκ
3007 3967 3085 4046 ἦν
3108 3975 3395 4046 ἐπιδημία
3423 3976 3572 4031 Θεοῦ
3595 3977 3672 4047 (4)

2077 4066 2116 4132 ἡ
2139 4065 2393 4132 Χριστοῦ
2423 4066 2748 4134 παρουσία,
2769 4065 2909 4119 ἀλλ’
2927 4063 3243 4132 ἀνθρώπου
3266 4065 3552 4134 γέννησις
3571 4065 3672 4136 (5).

2079 4156 2402 4210 Γελάτωσαν
2433 4157 2525 4211 ἐπὶ
2553 4159 2666 4220 τοῖς
2687 4156 3002 4228 εἰρημένοις
3031 4157 3146 4211 ὅσοι
3174 4158 3445 4230 ἀγέρωχοι
3466 4175 3480 4190 ·
3511 4161 3673 4230 ἡμεῖς

2075 4247 2133 4303 δὲ
2163 4248 2420 4320 δακρύειν
2441 4246 2696 4319 εὔκαιρον
2715 4247 2808 4300 ἐπὶ
2830 4250 2894 4318 τῇ
2919 4247 3104 4319 ἀπάτῃ
3120 4248 3228 4301 τῶν
3253 4251 3667 4321 εἰρημένων(6),

2077 4338 2172 4392 καὶ
2215 4341 2281 4409 τῇ
2321 4339 2641 4410 ματαιότητι
2685 4339 2988 4409 κρίναντες,
3024 4340 3116 4392 ἐπὶ
3152 4339 3334 4394 πλεῖον
3374 4342 3669 4412 διελέγχειν

2076 4429 2169 4483 τὸν
2201 4429 2378 4499 λόγον,
2407 4430 2484 4494 ὼς
2513 4429 2580 4484 ἂν
2609 4431 2682 4500 μὴ
2719 4429 3022 4498 γελοιάζειν
3061 4431 3338 4503 δόξαιμεν,
3373 4434 3670 4505 παραιτού-

2085 4521 2247 4590 μεθα.
2278 4522 2373 4586 Τίς
2397 4523 2508 4594 γάρ
2537 4523 2636 4576 ούκ
2662 4521 2727 4576 ἂν
2758 4523 2980 4586 εἰκότως
3005 4524 3283 4591 γελάσειεν
3312 4528 3404 4579 ἐπὶ
3419 4528 3484 4597 τῇ
3505 4527 3670 4578 ἀσυν-

2075 4615 2296 4684 αρτήτῳ
2345 4613 2439 4667 τοῦ
2486 4614 2848 4685 συλλογισμοῦ
2883 4613 2960 4685 (-7)
2994 4614 3166 4686 πλοκῇ
3194 4634 3209 4683 ;
3253 4617 3582 4689 Ἐκθήσομαι
3611 4618 3670 4674 δὲ

2074 4707 2173 4776 τὴν
2203 4705 2347 4772 λέξιν
2376 4705 2565 4776 αὐτὴν,
2612 4707 2755 4760 κατά
2782 4705 2842 4758 τὸ
2873 4705 3163 4760 ἀκόλουθον
3200 4705 3372 4770 οὕτως
3397 4708 3658 4778 ἔχουσαν·

2075 4799 2142 4850 Εἰ
2168 4796 2256 4867 μὴ
2285 4798 2430 4863 νοῦς
2468 4798 2766 4866 ἓνσαρκός
2799 4797 2969 4850 ἐστιν
3012 4799 3044 4851 ὁ
3089 4799 3322 4865 Κύριος,
3359 4799 3547 4867 σοφία
3587 4799 3667 4852 ἂν

2075 4886 2192 4952 εἴη,
2225 4887 2563 4956 φωτίζουσα
2605 4889 2759 4943 γοῦν
2789 4887 3104 4957 ἀνθρώπου
3125 4907 3136 4918 ·
3175 4890 3325 4959 αὕτη
3368 4891 3437 4943 δὲ
3469 4893 3566 4946 καὶ
3595 4893 3666 4946 ἐν

2075 4977 2266 5031 πᾶσιν
2300 4979 2377 5048 (8)
2411 4980 2765 5048 ἀνθρώποις.
2815 4985 2885 5036 Εἰ
2915 4982 2983 5035 δὲ
3029 4983 3234 5046 ταῦτα,
3268 4987 3379 5038 οὐκ
3412 4980 3492 5054 ἦν
3531 4984 3661 5038 ἐπι-

2075 5068 2257 5137 δημία
2283 5071 2430 5125 Θεοῦ
2459 5073 2497 5139 7)
2535 5071 2798 5141 Χριστοῦ
2837 5075 3162 5141 παρουσία,
3187 5073 3322 5130 ἀλλ’
3347 5075 3661 5142 ἀνθρώπου

2075 5163 2359 5232 γέννησις
2387 5163 2482 5234 (9).
2511 5164 2585 5217 Τὸ
2621 5165 2718 5236 μὲν
2770 5159 2863 5218 οὖν
2912 5165 3103 5235 σοφίαν
3158 5162 3298 5220 εἶναι
3341 5167 3431 5221 τὸν
3461 5165 3659 5238 Κύριον

2081 5537 2416 5613 mo§_sn_bdit
2441 5539 2734 5613 manifeste
2763 5550 3010 5613 apparet.

2255 5610 2423 5678 iCorr.
2459 5610 2706 5678 γένεσις..

2149 5674 2224 5754 (9)
2250 5677 2330 5754 ita
2371 5674 2540 5744 coria,
2582 5674 2740 5754 antea
2764 5683 2854 5736 ἐπὶ
2875 5686 2987 5754 τοῖς
3009 5684 3337 5754 εἰρημένοις.

2145 5749 2219 5824 (:1)
2244 5747 2327 5824 _lta
2349 5763 2522 5813 eorr.,
2556 5753 2700 5805 male
2737 5763 2894 5824 antea
2937 5747 3217 5824 λογισμοῦ.

2143 5820 2216 5897 (ξ)
2243 5819 2318 5897 ita
2345 5836 2506 5897 curri
2529 5832 2688 5877 antea
2719 5823 2859 5897 αὕτη
2889 5824 2943 5878 δὲ
2975 5819 3034 5877 τὸ
3063 5819 3120 5878 ἐν
3149 5827 3333 5883 πᾶσιν.

2142 5891 2215 5961 (9)
2251 5889 2408 5946 Corr.
2446 5889 2682 5960 γένεσις.
