4120 6394
411 458 550 516 1205

1573 452 1946 510 ADVERSUS
1978 448 2503 508 APOLLINAREM.

3541 437 3678 495 1206

408 576 778 646 ὑπερέχουσαν
806 571 981 626 πάντα
1001 570 1147 639 νοῦν,
1175 572 1350 635 οὐδεὶς
1383 571 1448 626 ἂν
1476 570 1583 624 τῶν
1630 569 1996 625 εὐσεϐούντων

2115 567 2442 635 :omplexum
2481 563 2607 635 jure
2661 559 2858 615 merito
2913 573 3023 614 non
3072 555 3292 612 riserit?
3346 553 3469 627 Ipsa
3499 566 3681 637 autern

408 669 730 739 ἀρνήσαιτο,
755 668 876 728 ταῖς
904 668 1108 733 φωναῖς
1134 664 1245 721 τῶν
1267 664 1438 732 ἁγίων
1459 664 1720 736 Πατέρων
1749 664 1842 716 καὶ
1868 664 2000 716 ἀπο·

410 760 612 816 στόλων
651 760 790 830 πρὸς
826 756 1002 811 ταῦτα
1045 755 1575 828 χειραγωγούμενος.
1599 757 1710 809 Καὶ
1749 755 1879 824 γὰρ,
1917 756 1999 808 ὅτι

411 849 602 918 Σοφία
630 847 884 918 ἐγενήθη
919 847 1065 918 ἡμῖν
1103 847 1264 917 παρὰ
1303 845 1411 900 τοῦ
1443 844 1613 912 Θεοῦ,
1646 845 1944 918 διαρρήδην
1972 845 2000 897 ὁ

410 942 620 1005 Παῦλος
657 941 783 1012 βοᾷο
832 940 949 1006 καὶ,
999 940 1082 993 ὅτι
1127 937 1430 1009 Ἐπεφάνη
1465 938 1611 1008 ἡμῖν
1637 937 1676 1005 η
1708 937 2000 1006 σωτήριος

413 1034 606 1104 χάρις,
663 1032 1037 1086 παιδεύουσα
1077 1029 1239 1101 ἡμᾶς
1293 1029 1676 1097 ἀρνήσασθαι
1716 1029 1836 1099 μὲν
1884 1027 2002 1101 τὴν

413 1125 716 1190 ἀσέϐειαν,
747 1125 821 1178 δι’
847 1125 1160 1192 ὁσιότητος
1183 1122 1251 1177 δὲ
1278 1123 1374 1176 καί
1395 1122 1786 1188 δικαιοσύνης
1813 1135 1999 1188 προσ-

413 1214 694 1284 δέχεσθαι
739 1215 854 1284 τὴν
880 1215 1185 1284 μακαρίαν
1229 1212 1468 1269 ἐλπίδα.
1515 1213 1627 1266 Καὶ
1670 1211 1847 1266 ταῦτα
1905 1208 1999 1266 τοῦ

427 1307 751 1361 Ἀποστόλου
784 1307 1068 1374 διεξιόντος
1105 1305 1420 1377 ἠκούσαμεν
1440 1322 1453 1335 ·
1488 1305 1616 1360 νοῦν
1643 1307 1700 1359 δὲ
1741 1304 2002 1377 ἐνσαρκον

413 1397 508 1451 τὸν
533 1399 815 1470 Μονογενῆ
837 1398 990 1464 Θεὸν,
1017 1398 1110 1451 τὸν
1139 1398 1231 1450 ἐπὶ
1264 1398 1498 1460 πάντων,
1519 1398 1615 1450 καὶ
1646 1397 1732 1450 διὰ
1761 1396 1998 1460 πάντων,

416 1491 513 1544 καὶ
536 1493 595 1544 ἐν
633 1491 818 1554 πᾶσιν,
852 1489 978 1543 οὕτε
1011 1489 1324 1560 ἠκούσαμεν
1349 1489 1456 1541 τῶν
1485 1488 1658 1557 ἁγίων
1684 1487 1847 1550 τινὸς,
1877 1486 2002 1542 οὕτε

416 1582 767 1651 παρενθεῖναι
799 1584 920 1646 ταῖς
969 1581 1140 1645 θείαις
1192 1583 1397 1650 φωναῖς
1424 1580 1536 1650 (10)
1568 1579 1668 1649 τὴν
1715 1579 2002 1632 ἀλλόκοτον

416 1673 621 1742 ταύτην
642 1673 1004 1743 καινοφωνίαν
1033 1674 1462 1744 καταδεχόμεθα,
1492 1673 1584 1726 καὶ
1608 1671 1840 1743 μάλιστα
1869 1672 2004 1743 πρὸς

414 1767 508 1820 τὸν
549 1765 748 1818 σκοπὸν
781 1765 1015 1836 ὁρῶντες
1043 1765 1135 1818 τοῦ
1181 1763 1365 1818 καινοῦ
1399 1764 1763 1834 λογογράφου,
1793 1763 1851 1826 ὃς
1884 1761 2007 1834 βού-

416 1859 568 1912 λεται
609 1859 699 1913 διὰ
744 1859 843 1927 τῆς
897 1857 1118 1929 ψυχρᾶς
1166 1857 1370 1928 ταύτης
1400 1857 1745 1926 κατασκευῆς
1774 1854 1866 1909 τοῦ
1913 1871 2004 1907 σο-

419 1950 688 2021 φίσματος
718 1949 967 2003 ἐκϐαλεῖν
1003 1949 1102 2020 μὲν
1144 1951 1238 2002 ἐπὶ
1268 1949 1362 2002 τοῦ
1404 1949 1610 2018 Κυρίου
1644 1946 1742 2018 τὴν
1785 1947 1884 2015 τῆς
1915 1963 2005 1998 σο-

419 2041 547 2110 φίας
602 2041 913 2112 ὁμολογίαν,
945 2041 1014 2095 δι’
1058 2037 1128 2113 ἦς
1167 2043 1342 2095 πάντα
1376 2041 1502 2093 νοῦν
1539 2038 1854 2108 σοφίζεσθαι
1891 2036 2002 2108 (11)

419 2133 903 2204 πεπιστεύκαμεν·
963 2132 1383 2204 ἀντεισαχθῆναι
1439 2132 1497 2186 δὲ
1547 2131 1648 2202 τὴν
1696 2129 2008 2204 παράλογον

418 2227 624 2295 ταύτην
651 2225 1014 2296 καινοφωνίαν
1047 2225 1182 2294 (12),
1218 2225 1304 2278 ἵνα
1334 2223 1457 2287 νοῦς
1494 2222 1756 2293 ἔνσαρκος
1783 2224 1811 2275 ὁ
1835 2223 2008 2275 Μονο-

419 2317 604 2388 γενὴς,
630 2318 724 2370 καὶ
759 2318 834 2388 μὴ
870 2317 1030 2388 σοφία
1073 2315 1532 2388 κατονομάζηται.
1583 2314 1726 2369 Ἐὰν
1759 2313 1868 2384 γὰρ
1898 2331 2008 2369 σο-

421 2409 550 2480 φία,
583 2409 765 2479 φησὶν,
804 2407 1174 2477 ἐμπιστευθῇ
1199 2407 1310 2477 (15)
1342 2404 1494 2462 εἶναι
1525 2409 1558 2461 ὁ
1586 2405 1825 2476 Κύριος,
1863 2407 1902 2474 ἡ
1938 2406 2008 2460 ἐν

422 2511 572 2566 πᾶσι
601 2511 836 2579 δηλαδὴ
879 2511 1226 2579 δεχομένοις
1257 2511 1369 2582 (id)
1409 2511 1524 2579 τὴν
1563 2510 1758 2580 χάριν,
1807 2510 2009 2564 οὐκέτι

422 2604 745 2674 ἐπιδημίαν
783 2604 930 2658 Θεοῦ
964 2603 1080 2670 τὴν
1116 2604 1376 2672 Χριστοῦ
1405 2605 1748 2670 παρουσίαν
1792 2605 2008 2671 ὁμολο-

425 2695 713 2767 γήσομεν,
737 2695 808 2758 ὠς
837 2694 1245 2765 ἡλλοτριωμένη
1269 2693 1361 2747 τοῦ
1389 2693 1524 2747 Θεοῦ
1549 2697 1645 2764 τῆς
1671 2694 1881 2762 σοφίας.
1915 2694 2011 2758 Τίς

422 2791 525 2843 οὐκ
557 2791 622 2843 ἂν
667 2788 760 2842 τὸν
803 2789 972 2859 ἄνδρα
1014 2789 1114 2858 τῆς
1147 2787 1505 2859 μελαγχολίας
1553 2785 1753 2855 ταύτης
1808 2786 2010 2839 οἰκτεί-

429 2897 574 2952 ροιεν
604 2880 748 2946 (i5);
792 2880 916 2933 Ἐὰν
963 2880 1176 2948 σοφίαν,
1210 2880 1393 2948 φησὶν,
1432 2874 1570 2931 εἶναι
1610 2876 2024 2946 πιστεύσωμεν,.

427 2973 528 3026 οὐκ
566 2972 717 3026 ἔσται
756 2971 890 3039 Θεοῦ
927 2973 1035 3044 (16)
1074 2971 1337 3042 ἐπιδημία
1368 2971 1401 3040 ἡ
1435 2968 1670 3040 Χριστοῦ
1717 2966 2010 3038 παρουσία,

434 3067 541 3130 Ὃς
570 3064 822 3135 ἐγενήθη
853 3064 997 3133 ἡμῖν
1037 3064 1224 3132 σοφία
1260 3062 1378 3116 ἀπὸ
1415 3060 1586 3124 Θεοῦ,
1625 3059 1762 3113 ἀλλὰ
1803 3057 2014 3127 ἀνθρώ-

431 3177 535 3212 που
576 3160 806 3228 γένεσις.
846 3159 972 3213 Ἐὰν
1022 3158 1184 3225 σοφία
1289 3156 1434 3225 (17);
1485 3155 1600 3207 Οὐκ
1641 3154 1877 3222 ἤκουσας
1916 3149 2013 3202 τοῦ

2099 657 2266 712 verba
2289 672 2354 710 eo
2388 668 2613 724 prorsus
2641 651 2836 706 ordine
2853 664 2963 720 quo
2987 649 3078 704 ille
3106 647 3402 718 disposuit,
3429 646 3518 702 hic
3547 646 3683 702 aﬁ’e-

2104 763 2242 812 ram,
2279 763 2401 816 quae
2438 748 2509 801 ita
2546 761 2606 801 se
2635 744 2842 800 habent
2875 761 2890 797 :
2945 737 3070 793 Nisi
3109 736 3366 792 Dominus
3405 749 3553 788 meus
3598 755 3685 794 es-

2100 851 2178 896 set
2203 856 2361 894 carne
2382 837 2633 904 praedita,
2682 835 2944 905 sapientia
2992 841 3146 896 esset,
3181 831 3408 884 hominis
3459 841 3685 885 mentem

2101 933 2437 988 illuminans.
2469 929 2597 985 Hazc
2631 939 2808 982 autem
2849 928 2904 982 in
2934 926 3179 980 omnibus
3243 923 3543 978 hominibus
3598 941 3684 978 re-

2101 1027 2325 1094 peritur.
2373 1023 2434 1079 Si
2465 1032 2641 1076 autem
2700 1022 2811 1076 hac
2833 1037 2956 1076 vera
3007 1028 3163 1085 sunt,
3214 1016 3418 1074 Christi
3467 1016 3535 1070 ad
3588 1035 3683 1072 nos

2104 1133 2346 1172 accessus
2369 1132 2474 1171 non
2502 1116 2605 1185 fuit
2639 1113 2894 1171 adventus
2960 1103 3080 1174 Dei,
3119 1102 3210 1160 sed
3246 1101 3474 1160 hominis
3510 1110 3683 1156 ortus.

2103 1211 2271 1282 Atqui
2295 1208 2586 1263 Dominum
2615 1221 2740 1263 esse
2791 1203 3119 1276 sapientiam
3148 1198 3367 1256 cunctis
3405 1197 3686 1252 mentibus

2103 1302 2503 1372 praecellentem
2540 1313 2702 1354 nemo
2737 1297 2865 1368 pius
2895 1293 3112 1350 inﬁcias
3147 1291 3329 1354 iverit,
3363 1297 3688 1344 sanctorum

2104 1394 2328 1452 Patrum
2382 1401 2437 1450 et
2489 1390 2866 1464 apostolorum
2921 1386 3085 1444 dictis
3139 1385 3207 1439 ad
3260 1383 3313 1439 id
3351 1379 3684 1440 credendum

2105 1486 2396 1543 adductus.
2441 1483 2651 1540 Diserte
2682 1496 2920 1551 namque
2961 1479 3165 1535 Paulus
3201 1477 3445 1531 clamat:
3483 1472 3687 1527 Factus

2103 1589 2181 1634 est
2204 1577 2352 1632 nobis
2386 1577 2647 1645 sapientia
2675 1591 2707 1628 a
2733 1571 2844 1627 Deo
2875 1572 2959 1640 ⁹τ;,
2983 1579 3076 1626 et:
3110 1569 3370 1640 Apparuit
3395 1566 3543 1620 nobis
3566 1581 3689 1636 gra-

2107 1673 2183 1727 tia
2205 1670 2485 1735 salutaris,
2514 1668 2758 1723 erudiens
2780 1684 2873 1720 nos
2912 1675 2968 1719 ut
2993 1665 3302 1735 abuegemus
3342 1659 3554 1731 quidem
3583 1660 3687 1712 im-

2104 1764 2375 1833 pietatem,
2405 1771 2584 1814 sancte
2617 1776 2737 1814 uero
2781 1771 2831 1813 et
2875 1759 3022 1828 juste
3068 1764 3422 1824 exspectemus
3477 1751 3688 1806 beatam

2108 1870 2250 1925 spem
2282 1854 2349 1906 9‘.
2401 1852 2526 1907 Haec
2557 1867 2690 1907 sane
2716 1851 3042 1922 Apostolum
3095 1849 3409 1918 loquentem
3465 1841 3687 1898 audivi-

2107 1963 2266 2002 mus:
2295 1943 2646 2018 Unigenitum
2679 1957 2809 1997 vero
2843 1940 3041 1995 Filium
3077 1939 3173 2009 qui
3204 1951 3372 2007 super
3400 1934 3602 1997 omnia,
3633 1939 3690 1987 et

2104 2054 2202 2109 per
2230 2037 2413 2092 omnia
2443 2045 2496 2091 et
2529 2036 2581 2088 in
2608 2034 2886 2098 omnibus,
2917 2041 3153 2086 mentem
3197 2043 3322 2084 esse
3351 2040 3517 2082 carne
3550 2039 3690 2095 prae-

2106 2133 2302 2194 ditam,
2332 2146 2432 2185 nec
2464 2145 2494 2183 a
2525 2129 2786 2200 quopiam
2836 2132 3153 2181 sanctorum
3189 2120 3531 2190 accepimus,
3589 2131 3693 2171 ne-

2106 2239 2213 2294 que
2242 2225 2383 2278 inter
2406 2221 2572 2275 verba
2603 2219 2803 2274 divinis
2823 2217 2987 2273 rebus
3027 2210 3407 2285 signiﬁcandis
3462 2222 3690 2264 accom-

2106 2317 2328 2372 modata
2365 2312 2638 2373 recenseri
2665 2311 2806 2365 hanc
2851 2324 2886 2363 a
2911 2323 3041 2363 vera
3091 2306 3195 2361 ﬁde
3227 2305 3461 2358 alienam
3491 2315 3690 2356 vocum

2107 2411 2406 2465 novitatem
2440 2405 2684 2462 sinemus
2706 2421 2730 2470 ;.
2757 2417 2822 2458 eo
2846 2401 2933 2456 vel
2985 2398 3225 2454 maxime
3267 2396 3316 2452 si
3363 2395 3430 2450 ad
3465 2407 3694 2464 scopum

2109 2505 2236 2558 novi
2265 2500 2432 2571 hujus
2457 2496 2744 2568 scriptoris
2779 2493 3162 2563 respiciamus,
3195 2487 3290 2559 qui
3342 2484 3543 2557 frigido
3584 2484 3693 2539 isto

2110 2595 2197 2651 sui
2230 2591 2584 2664 sophismatis
2613 2593 2881 2658 apparatu
2908 2583 3143 2653 rejicere
3171 2578 3392 2650 quidem
3431 2577 3548 2631 vult
3571 2590 3696 2630 eam

2111 2686 2509 2743 confessionem
2546 2696 2709 2753 quam
2741 2678 2809 2733 de
2836 2675 3058 2732 Domini
3110 2671 3379 2742 sapientia
3428 2668 3699 2724 habemus

2111 2789 2166 2835 et
2189 2793 2296 2848 qua
2326 2790 2542 2831 omnem
2577 2773 2874 2826 humanam
2923 2773 3160 2822 mentem
3218 2764 3521 2833 sapientem
3556 2755 3707 2815 εθῑοί

2112 2870 2388 2925 credimus
2420 2886 2432 2921 :
2468 2867 2522 2920 in
2553 2864 2674 2934 ejus
2707 2877 2837 2918 vero
2882 2861 3062 2914 locum
3094 2856 3354 2912 inducere
3394 2851 3697 2908 absurdam

2114 2961 2254 3015 hanc
2283 2973 2477 3014 vocum
2507 2957 2800 3010 novitatem
2836 2959 2894 3006 ut
2938 2949 3266 3019 Unigenitus
3322 2961 3477 3000 mens
3533 2956 3702 2996 carne

2113 3055 2359 3127 praadita,
2385 3066 2494 3106 non
2521 3063 2650 3104 vero
2737 3043 3006 3115 sapientia
3055 3039 3376 3110 appelletur.
3415 3033 3475 3089 Si
3511 3031 3713 3094 enim,

2115 3125 2312 3216 inquit,
2365 3137 2651 3192 Dominum
2688 3135 2966 3189 credamus
3023 3146 3136 3186 esse
3187 3125 3526 3195 sapientiam,
3581 3134 3701 3172 eam

432 3212 711 3323 upozpijtou
737 3251 986 3322 βοῶντος,
1021 3212 1108 3303 ὃτί
1142 3251 1204 3305 Ἡ
1229 3212 1527 3316 ’παρθένος
1549 3246 1619 3298 ἐν
1652 3212 1866 3314 ναστρὶ
1901 3241 2010 3308 λή-

2120 3212 2299 3306 neinpe
2341 3249 2458 3305 qua:
2510 3233 2567 3284 in
2596 3227 2838 3283 omnibus
2885 3225 3080 3278 divina:
3137 3219 3324 3292 gratia:
3368 3212 3702 3270 consortibus

2832 3316 2883 3323 -.
2934 3318 2947 3323 ,
3007 3317 3018 3323 ,
3118 3315 3128 3323 ,
3615 3299 3702 3323 η’,

432 3349 627 3414 ψεται,
663 3345 760 3398 καί
800 3344 1026 3408 τέξεται
1075 3345 1212 3396 υἱόν
1233 3357 1253 3404 ;
1285 3340 1399 3404 καὶ,
1447 3341 1528 3393 ὅτι
1560 3337 1808 3392 Παιδίον
1847 3337 2012 3404 ἐγεν-

432 3436 588 3504 νήοη
621 3434 804 3505 ἡμῖν;
836 3434 931 3487 καὶ
976 3434 1057 3486 ὅτι
1091 3432 1211 3495 Υἱὸς
1238 3430 1335 3502 τὴν
1367 3430 1545 3502 ἀρχὴν
1596 3428 1689 3481 ἐπὶ
1719 3427 1813 3481 τοῦ
1861 3427 2012 3497 ὤμου

433 3527 568 3598 ἔχει,
594 3527 670 3591 ὡς
709 3525 925 3596 ἰσχυρὸς
951 3525 1045 3578 καὶ
1069 3522 1311 3586 δυνατὸς,
1345 3523 1438 3575 καὶ
1464 3521 1525 3574 οὐ
1565 3520 1724 3590 μόνον
1751 3519 1844 3572 τοῦ
1876 3537 2018 3590 παρ-

434 3619 694 3685 ελθόντος,
723 3618 858 3670 ἀλλὰ
889 3616 1094 3669 καὶτοῦ
1125 3614 1407 3686 μέλλοντος
1440 3611 1632 3675 αἰῶνος
1653 3611 1880 3682 Πατήρ;

2122 3299 2401 3398 reperitur,
2444 3323 2590 3378 nullo
2635 3329 2789 3390 pacto
2819 3316 3018 3374 Christi
3061 3315 3128 3369 ad
3157 3329 3251 3367 nos
3275 3321 3567 3368 accessum,
3604 3299 3711 3356 Dei-

2122 3392 2402 3475 adventum
2434 3415 2600 3484 fuisse
2650 3410 2937 3482 fatebimur
2977 3421 2998 3460 :
3049 3417 3116 3458 ac
3179 3400 3227 3457 si
3275 3399 3515 3453 alienum
3571 3392 3706 3464 quid

2125 3519 2272 3569 esset
2300 3525 2331 3562 a
2358 3508 2469 3562 Deo
2503 3503 2793 3574 sapientia.
2821 3498 2956 3566 Quis
2994 3495 3234 3551 hominis
3267 3491 3434 3560 hujus
3473 3484 3705 3542 insaniae

2129 3619 2239 3659 non
2271 3596 2639 3655 misereatur?
2677 3594 2737 3647 Si
2789 3589 3139 3661 sapientiam,
3165 3583 3367 3654 inquit,
3403 3595 3530 3636 eum
3578 3589 3708 3632 esse

434 3709 745 3775 credemus,
773 3707 976 3761 Christi
1006 3706 1073 3760 ad
1119 3721 1220 3759 nos
1254 3719 1533 3767 accessus,
1567 3701 1672 3767 Qui
1701 3668 1874 3771 [ocius
1905 3716 1959 3754 es
1991 3696 2141 3753 nobis
2168 3693 2434 3764 sapientia
2481 3707 2515 3742 a
2561 3687 2669 3742 Deo
2703 3685 2772 3748 θ’,
2807 3698 2918 3737 non
2977 3681 3084 3734 erit
3130 3677 3224 3732 Dei
3281 3673 3568 3734 adventus,
3608 3668 3707 3724 sed

438 3801 676 3857 hominis
721 3808 898 3856 ortus.
968 3797 1024 3854 Si
1069 3797 1336 3867 sapientia
1406 3795 1551 3850 erit?
1599 3761 1718 3848 Non
1757 3792 1955 3847 audisti
2017 3761 2338 3861 prophetam
2399 3783 2475 3836 ita
2519 3780 2872 3841 clamantem,
2921 3771 3083 3842 Virgo
3110 3772 3166 3824 in
3218 3776 3365 3822 utero
3427 3761 3706 3832 concipiet,

427 3898 476 3944 et
514 3891 683 3960 pariet
728 3889 900 3952 ﬁlium
947 3889 995 3956 ¹;
1031 3897 1106 3951 et,
1137 3855 1411 3941 .Parvulus
1441 3897 1596 3938 natus
1622 3893 1700 3938 est
1723 3884 1873 3938 nobis
1913 3883 1973 3935 ’ἲ
2016 3855 2157 3947 Quin
2202 3884 2256 3930 et
2289 3877 2357 3929 ab
2388 3871 2581 3928 eodem
2611 3866 2783 3925 Filius
2828 3864 3194 3934 principatum
3250 3870 3416 3926 super
3449 3855 3711 3908 humeros

440 3983 647 4038 habens
724 3981 946 4044 dicitur,
1021 3988 1210 4049 utpote
1269 3979 1430 4033 fortis
1463 3985 1517 4032 et
1569 3985 1786 4048 potens,
1824 3983 1879 4030 et
1906 3988 2017 4028 non
2047 3969 2211 4025 modo
2234 3965 2514 4038 praeteriti.
2542 3961 2640 4017 sed
2665 3967 2721 4014 et
2761 3956 2935 4011 futuri
2965 3951 3155 4008 saeculi
3182 3949 3346 4003 Pater
3381 3947 3424 3999 ⁸.

519 4075 658 4129 Ἀλλ’
686 4076 936 4145 ἐάσωμεν
959 4075 1146 4129 τοῦτον
1167 4073 1259 4127 τὸν
1291 4071 1551 4144 ὀνειρώδη
1583 4073 1769 4143 λῆρον,
1800 4070 1880 4124 διὸ
1909 4068 2022 4137 (18)

437 4168 757 4240 ἁπεφῄνατο
800 4168 924 4221 νοῦν
980 4169 1243 4238 ἔνσαρκον
1277 4166 1440 4218 αὑτὸν
1486 4165 1597 4218 δεῖν
1631 4162 1771 4218 εἶναι
1817 4163 2019 4231 λέγειν,

442 4261 581 4330 μήτε
631 4261 823 4330 σοφίαν
856 4260 1217 4328 φωτίζουσαν,
1251 4256 1377 4312 οὔτε
1415 4256 1515 4327 τὴν
1556 4257 1666 4325 (19)
1692 4255 1780 4309 διὰ
1829 4254 2025 4325 γεννή-

441 4369 579 4416 σεως
625 4355 704 4417 είς
736 4353 832 4424 τὴν
866 4352 1008 4424 ζωὴν
1061 4350 1218 4422 ἡμῶν
1263 4350 1518 4421 πάροδον.
1545 4345 1774 4416 Ἕτερον
1818 4343 2026 4415 ἐπιχεί-

443 4463 628 4518 ρημαο
658 4449 726 4500 El
749 4447 834 4515 μὴ
866 4446 1012 4511 νοῦς
1038 4447 1355 4511 ἕνσαρκος,
1387 4440 1540 4511 φησὶ,
1577 4438 1821 4510 γέγονεν
1852 4440 1885 4491 ὀ
1914 4436 2025 4490 Ad.
2056 4473 2100 4528 ι)

441 4556 566 4608 γος,
614 4538 776 4591 ἀλλὰ
826 4539 1032 4606 σοφία.
1076 4537 1164 4590 Ἐν
1214 4528 1258 4602 ᾧ
1289 4533 1340 4584 τί
1385 4533 1548 4586 πάλιν
1601 4529 1791 4585 παθὼν
1835 4529 1948 4597 (20)
1996 4531 2025 4582 ὁ

445 4631 607 4702 σοφὸς
631 4628 1049 4682 ἀντιδιαστέλλει
1077 4628 1167 4680 τὸν
1199 4626 1322 4679 νοῦν
1351 4628 1416 4696 τῇ
1444 4625 1626 4694 σοφίᾳ,
1655 4623 1904 4692 καθάπερ
1932 4622 2025 4675 ἐπὶ

441 4723 554 4776 τῶν
584 4720 1102 4791 ἀντιδιακειμένωνς
1135 4719 1199 4771 Οί
1227 4718 1295 4771 δι’
1323 4716 1605 4788 ἀκριϐείας
1639 4714 1709 4766 τὰ
1737 4715 1867 4767 ὄντα
1888 4714 2026 4765 διαι-

448 4817 667 4891 ροῦντες
697 4832 848 4885 φασι,
879 4814 960 4867 Τὰ
1009 4809 1544 4878 ἀντιδιαστελλόμενα
1593 4806 1701 4858 τῶν
1746 4806 2026 4875 ὀνομάτων

445 4912 545 4982 τῆς
578 4909 821 4981 ἀλλήλων
867 4908 1170 4977 ὑποχωρεῖν
1218 4902 1541 4975 παρουσίας,
1586 4901 1662 4965 ὡς
1694 4899 1770 4969 τῷ
1813 4898 2029 4968 θανάτῳ

446 5003 547 5072 τὴν
574 5001 741 5073 ζωὴν,
770 5000 864 5053 καὶ
893 5001 958 5069 τῇ
997 4997 1111 5068 ζωῇ
1150 4996 1312 5049 πάλιν
1340 4994 1432 5048 τὸν
1461 4993 1711 5056 θάνατον,
1759 4993 1826 5062 τῇ
1858 4991 2028 5060 ἀρετῇ

446 5095 545 5166 τὴν
569 5096 787 5156 κακίαν,
818 5092 1046 5162 κάκείνῃ
1083 5088 1309 5158 ταύτην,
1336 5086 1431 5141 καὶ
1463 5086 1564 5140 ὅσα
1607 5084 1740 5140 ἄλλα
1769 5082 1912 5136 κατὰ
1939 5082 2030 5135 τὸν

448 5187 610 5240 αὑτὸν
640 5185 858 5253 λέγεται
886 5184 1103 5254 τρόπον.
1128 5180 1253 5244 Πῶς
1281 5180 1459 5232 τοίνυν
1486 5170 1639 5240 οὗτος
1666 5176 1806 5230 κατὰ
1835 5175 1894 5228 τὸ
1913 5170 2031 5227 ἶσον

2198 4059 2461 4118 XXXVII.
2497 4057 2606 4112 Sed
2639 4055 2965 4112 omittamus
3011 4062 3187 4120 nugas
3220 4047 3386 4100 hasce
3425 4041 3712 4099 somnian-

2123 4156 2259 4211 tium
2279 4152 2487 4209 deliriis
2500 4149 2727 4211 similes,
2743 4145 2943 4217 quibus
2960 4149 3195 4196 mentem
3219 4152 3386 4192 carne
3402 4134 3709 4206 praeditam.

2125 4263 2236 4304 non
2282 4259 2416 4301 vero
2450 4240 2775 4312 sapientiam
2811 4235 3235 4293 illuminantem.
3279 4227 3562 4282 Christum
3596 4223 3711 4279 dici

2126 4347 2404 4410 oportere,
2447 4349 2548 4389 nec
2575 4331 2827 4386 eumdem
2855 4329 2911 4382 in
2947 4328 3118 4381 vitam
3151 4312 3396 4380 nostram
3435 4315 3715 4372 nascendo

2131 4437 2438 4505 ingressum
2465 4428 2636 4483 fuisse
2656 4421 2997 4496 pronuntiat.
3027 4416 3103 4471 En
3123 4413 3272 4468 aliud
3291 4418 3676 4482 argumentum
3697 4421 3712 4458 :

2133 4498 2260 4580 Nisi
2334 4536 2500 4580 meus,
2549 4516 2749 4584 inquit,
2819 4527 2978 4566 carne
3030 4507 3257 4576 pra'dita
3315 4502 3539 4556 Verbum
3591 4498 3715 4566 fuit,

2131 4615 2396 4684 sapientia
2451 4611 2632 4679 utique
2666 4607 2792 4675 fuit.
2838 4603 2954 4669 Qua
2991 4602 3045 4653 in
3085 4593 3560 4667 argumentatione
3586 4589 3718 4661 quid

2133 4721 2314 4763 causa:
2363 4717 2557 4757 rursus
2598 4709 2685 4754 est
2723 4710 2825 4750 cur
2854 4694 3076 4762 sapiens
3126 4690 3231 4743 iste
3275 4693 3512 4739 mentem
3564 4697 3594 4734 a
3629 4696 3720 4736 sa-

2135 4799 2339 4870 pientia
2363 4794 2685 4862 distinguat,
2716 4781 3179 4858 quemadmodum
3213 4780 3267 4832 in
3306 4775 3574 4846 oppositis
3600 4771 3720 4827 ﬁeri

2137 4891 2310 4948 solet?
2364 4887 2565 4943 Verum
2603 4883 2698 4953 qui
2731 4887 2987 4935 accurate
3019 4871 3357 4930 diil'erentias
3403 4882 3587 4923 rerum
3623 4881 3722 4920 ex-

2138 4986 2364 5056 plicant,
2411 4982 2590 5040 aiunt,
2633 4990 2698 5031 ea
2740 4988 2866 5043 qua:
2917 4985 3017 5040 per
3067 4965 3469 5038 oppositionem
3523 4957 3722 5014 distin-

2139 5086 2382 5152 guuntur
2428 5076 2573 5130 inter
2619 5087 2678 5126 se
2738 5069 2861 5136 ejus
2905 5081 3029 5122 esse
3089 5069 3302 5117 natura:
3351 5066 3412 5114 ut
3465 5051 3722 5126 praesenti

2143 5144 2253 5227 uno
2303 5171 2536 5223 alterum
2559 5163 2738 5227 cedat,
2773 5159 2944 5215 veluti
2977 5155 3140 5212 morti
3171 5155 3280 5208 vita
3308 5163 3363 5206 et
3401 5150 3524 5204 vitae
3556 5144 3722 5201 vicis-

522 5341 610 5395 "l
646 5343 774 5398 Cor.
808 5359 849 5407 ι,
877 5343 966 5398 ⁵50.
1043 5341 1090 5372 ⁸³
1114 5339 1221 5394 Tit.
1247 5355 1309 5403 ιι,
1337 5339 1423 5392 11.
1499 5338 1543 5370 ’θ
1582 5336 1614 5391 l.
1652 5337 1781 5391 Cor.
1810 5351 1846 5397 ι,
1887 5335 1976 5389 50.

2115 5331 2214 5386 lsa.
2238 5343 2335 5390 vn,
2367 5326 2452 5380 14.
2532 5326 2552 5355 ³
2585 5321 2691 5377 lsa.
2731 5336 2809 5384 Ix,
2839 5319 2895 5374 6.
2969 5316 2992 5349 ³
3027 5315 3162 5371 ibid.

491 5487 639 5615 c(10)
667 5485 827 5542 Corr.
852 5484 908 5537 in
941 5497 1114 5553 marg.
1152 5498 1244 5552 γρ.
1266 5481 1500 5550 γραφαῖς
1529 5484 1584 5532 et
1614 5473 1750 5530 mox
1788 5491 2029 5544 κενοφω-

510 5577 596 5614 αν.

452 5577 596 5617 νιαν.

528 5630 641 5700 (11)
663 5629 821 5684 Corr.
848 5625 974 5680 νοῦν
996 5621 1344 5700 φωτίζεσθαι.

523 5692 637 5768 (12)
665 5700 822 5753 Corr.
862 5692 1218 5765 κενοφωνίαν.

659 5769 822 5842 C_orr.
847 5763 1309 5842 φησὶέπιστευθῇ..

527 5829 642 5906 (14)
674 5839 833 5894 Corr.
859 5829 920 5891 ἓν
953 5829 1084 5890 πᾶσι
1110 5829 1372 5906 γινομένη
1401 5833 1513 5897 τοῖς
1535 5829 1865 5902 δεχομένοις.

534 5911 646 5986 (15)
677 5909 834 5968 Corr.
858 5907 1198 5977 οίκτείρειεν.

2202 5469 2315 5537 (16)
2344 5467 2422 5520 ita
2444 5448 2619 5526 corr"
2651 5469 2813 5537 ant_ea
2838 5459 2937 5537 οῦκ
2967 5455 3122 5537 ἔσται
3146 5453 3204 5506 δὲ
3224 5448 3381 5505 Θεοῦ.

2203 5518 2314 5610 (ᾖ)
2347 5518 2526 5610 Ῐᾷιιττζ
2552 5518 2716 5610 σοφία
2736 5528 2825 5610 ᾖν.
2861 5529 2978 5610 Ego
3023 5536 3205 5580 tamen
3256 5537 3352 5592 per
3396 5518 3708 5587 interroga-

2130 5598 2337 5664 tio‘nei’n
2373 5609 2550 5661 locum
2577 5598 2722 5658 hunc
2745 5598 3036 5667 legendum
3073 5610 3198 5667 esse
3226 5606 3447 5667 censeo.

2203 5659 2510 5750 (viiii—Cb".
2535 5676 2589 5750 in
2619 5682 2773 5750 textu
2799 5659 2867 5742 δι’
2899 5662 2962 5724 οὗ
2983 5664 3313 5731 emendavit,
3340 5660 3434 5717 sed
3463 5659 3518 5715 in
3541 5669 3719 5730 marg.

2130 5745 2221 5804 διδ
2246 5745 2441 5803 iterum
2469 5745 2715 5814 scripsit.

2205 5820 2319 5884 (19)
2353 5820 2512 5872 Corr.
2541 5818 2678 5886 μήτε
2705 5815 2827 5886 τήν.

2212 5883 2325 5965 (20)
2346 5890 2502 5945 Corr.
2536 5883 2743 5959 μαθών.
