4120 6394
448 352 583 411 I207

1687 365 1744 420 S.
1779 360 2105 420 GRECORll
2136 361 2421 417 NYSSENI

3563 359 3583 413 ί
3596 356 3701 414 298

436 477 541 529 siin
590 491 762 542 mors,
813 479 1000 534 virtuti
1055 481 1247 536 vitium
1292 491 1345 537 et
1377 483 1507 538 huic
1535 483 1777 538 vicisSim
1819 482 1931 544 illa,
1962 489 2010 534 et

2121 481 2233 543 τοῖς
2285 478 2584 543 ἀντιθέτοις
2637 478 3059 547 ἀντιδιαστέλλει
3099 476 3176 548 τῷ
3218 477 3296 547 νῷ
3350 475 3448 544 τὴν
3485 478 3696 545 σοφίαν,

419 577 708 638 «quotquot
757 569 864 624 alia
914 571 1104 626 eadem
1144 573 1356 628 ratione
1402 573 1683 628 dicuntur.
1733 572 2018 640 Quomodo

438 657 604 727 igitur
647 659 736 714 hic
793 660 859 714 ad
899 661 1078 716 instar
1123 665 1502 733 oppositorum
1558 665 1631 718 ita
1703 674 1936 720 mentem
1986 679 2016 717 a

437 750 706 818 sapientia
757 751 1068 825 distinguit,
1099 757 1257 824 quasi
1308 757 1646 827 impossibile
1690 757 1763 812 sit
1807 757 1863 810 in
1910 770 2017 809 una

436 841 738 912 eademque
792 861 850 899 re
883 853 936 899 et
977 847 1123 900 circa
1177 865 1344 902 unum
1395 848 1757 921 eumdemque
1785 849 1895 905 duo
1924 850 2016 904 illa

437 933 602 987 simul
632 936 798 990 esse?
823 935 959 990 Nam
995 939 1115 993 ideo
1144 939 1298 1005 dicit,
1327 943 1385 997 Si
1409 957 1562 996 tuens
1594 957 1760 996 carne
1790 942 2014 1011 przedita

436 1040 544 1078 non
594 1034 760 1091 esset,
815 1029 1083 1098 sapientia
1151 1041 1316 1097 esset,
1374 1046 1438 1084 ac
1491 1032 1536 1086 si
1599 1033 1724 1102 quis
1780 1033 2012 1094 diceret,

438 1115 688 1169 n-orbum
723 1133 868 1181 esse,
903 1122 947 1175 si
991 1122 1202 1177 sanitas
1237 1140 1342 1177 non
1395 1124 1487 1178 sit.
1537 1125 1796 1189 Quaenam
1833 1129 2015 1196 itaque

434 1215 520 1260 est
575 1213 981 1278 argumentatio
1029 1213 1187 1267 ista?
1235 1213 1295 1269 Si
1328 1216 1381 1268 in
1436 1227 1623 1279 mente,
1680 1216 1874 1285 inquit,
1925 1234 2016 1270 sa-

432 1300 634 1364 pientia
662 1302 854 1363 inerat,
885 1319 987 1357 non
1019 1305 1284 1359 descendit
1325 1306 1395 1358 ad
1424 1324 1517 1361 nos
1556 1308 1828 1370 Dominus,
1855 1325 2016 1377 neque

435 1406 491 1443 se
539 1392 712 1461 ipsum
767 1395 1078 1450 exinanivit.
1108 1395 1152 1451 Ο
1191 1399 1297 1452 vim
1336 1401 1641 1468 argumenti
1690 1401 2016 1456 ineluctabi-

434 1479 586 1537 lem!
650 1483 937 1551 Quomodo
983 1492 1181 1544 astruit
1242 1509 1349 1546 non
1386 1493 1741 1550 descendisse
1790 1493 1855 1547 ad
1911 1510 2013 1550 nos

431 1569 724 1628 Dominum
759 1593 823 1631 ex
851 1594 915 1632 eo
942 1580 1085 1649 quod
1120 1583 1442 1636 ostendatur
1469 1585 1644 1654 ipsum
1689 1587 2010 1655 sapientiam

432 1668 595 1722 esse?
640 1668 827 1740 Itaque
881 1673 925 1728 si
976 1691 1040 1728 ex
1093 1692 1158 1729 co
1207 1677 1350 1745 quod
1411 1677 1674 1736 Dominus
1744 1683 2011 1751 sapientia

432 1762 522 1818 sit,
581 1759 702 1829 ejus
761 1761 828 1815 ad
878 1779 979 1818 nos
1019 1766 1324 1821 descensus
1376 1769 1647 1836 rejicitur,
1701 1773 2010 1827 necessario

2119 571 2266 625 ὥσπε
2275 590 2305 643 ρ
2325 572 2606 642 ἀμήχανον
2629 575 2686 624 ὲν
2703 571 2781 642 τῷ
2808 571 2978 642 αύτῷ,
2993 571 3088 624 καὶ
3114 570 3240 640 περὶ
3255 569 3346 622 τὸν
3367 569 3526 621 αὑτὸν
3556 565 3697 622 εἶναι

2117 664 2186 716 τὰ
2216 663 2336 727 δύος
2395 665 2486 716 Διό
2534 679 2718 734 φησιν,
2743 663 2802 716 Εἰ
2849 663 2924 734 μὴ
2978 660 3101 726 νοῦς
3151 661 3413 732 ἔνσαρκος
3460 655 3529 732 ἦν
3558 661 3694 731 (21),

2121 755 2281 823 σοφία
2321 749 2410 826 ἦν*
2444 754 2519 816 ὡς
2551 753 2604 806 εἶ
2651 770 2734 816 τις
2763 752 2930 821 λέγοι,
2965 755 3013 806 εἰ
3056 753 3130 822 μὴ
3175 752 3331 820 ὑγεία
3375 753 3511 811 ἐστὶ,
3543 752 3696 804 νόσον

2119 845 2276 901 εἶναι.
2319 848 2414 910 Τίς
2445 843 2537 901 οῦν
2568 849 2602 918 ή
2649 847 2956 918 κατασκευή
2985 862 3000 910 ;
3043 849 3113 900 Εἰ
3145 847 3351 914 σοφία,
3398 845 3583 915 φησὶν.
3618 840 3696 913 ἦν

2117 940 2187 993 ἐν
2233 939 2312 1006 τῷ
2340 939 2444 1005 νῷ,
2485 942 2559 993 οὺ
2615 939 2832 1008 κατέϐη
2871 942 2904 994 ὀ
2935 940 3172 1006 Κύριος,
3220 937 3363 992 οὐδὲ
3398 937 3698 991 ἐκένωσεν

2116 1034 2352 1088 ἑαυτόν.
2387 1034 2450 1085 ’Ὠ
2475 1035 2572 1103 τῆς
2611 1031 3081 1099 ἀνανταγωνίστου
3121 1029 3393 1097 ἁνάγκηςί
3440 1028 3563 1090 Πῶς
3591 1044 3694 1081 κα-

2115 1125 2440 1190 τασκευάζει
2477 1126 2537 1178 τὸ
2568 1125 2640 1196 μὴ
2666 1123 3102 1194 καταϐεϐηκέναι
3135 1123 3224 1176 τὸν
3270 1121 3472 1192 Κύριον
3497 1123 3561 1174 ὲκ
3597 1120 3691 1173 τοῦ

2115 1215 2303 1281 δεῖξαι,
2333 1218 2414 1270 ὅτι
2447 1217 2604 1285 σοφία
2630 1214 2730 1287 ἦν;
2771 1215 2978 1268 Οὐκοῦν
3011 1216 3059 1267 εί
3103 1216 3167 1266 ὲκ
3191 1213 3286 1266 τοῦ
3319 1212 3506 1280 σοφίαν
3531 1212 3692 1265 αὑτὸν

2115 1303 2273 1372 εἷναι,
2307 1307 2490 1362 ἀθετεῖ
2516 1309 2609 1361 καὶ
2649 1310 2679 1378 ἡ
2714 1307 2955 1369 κάθοδος,
2988 1309 3016 1360 6
3043 1307 3142 1376 τὴν
3170 1305 3468 1358 κατάϐασιν
3505 1304 3693 1374 ὁμολο-

2114 1399 2248 1470 γῶν,
2284 1400 2344 1453 τδ
2378 1399 2451 1470 μὴ
2502 1393 2640 1451 εἶναι
2673 1397 2862 1468 σοφίαν
2903 1397 2963 1462 ἐξ
2993 1397 3238 1466 ἀνάγκης
3271 1393 3688 1458 κατασκευάζει.

2128 1490 2288 1544 Ἀλλὰ
2320 1489 2424 1560 μὴν
2456 1489 2799 1559 ὁμολογεῖται
2835 1486 2988 1558 παρά
3027 1485 3121 1539 τοῦ
3160 1484 3530 1554 Ἀπολιναρίου
3557 1484 3690 1537 κάθ-

2115 1581 2252 1644 οδος.
2274 1583 2416 1650 Ἀρα
2437 1581 2545 1646 (τε)
2579 1583 2672 1634 καὶ
2697 1579 2756 1632 τὸ
2786 1577 2859 1649 μὴ
2895 1573 3035 1630 εἶναι
3058 1576 3246 1645 σοφίαν
3279 1575 3370 1627 τὸν
3396 1573 3691 1644 κατεληλυ-

2115 1673 2244 1727 θότα
2272 1673 2402 1744 παρ’
2435 1674 2644 1726 ἐκείνου
2680 1671 3104 1742 συνομολόγηται
3145 1668 3279 1737 ('23).
3315 1665 3550 1720 Τοιαῦτα
3597 1666 3689 1719 τοῦ

2115 1765 2361 1834 γενναίου
2385 1765 2452 1818 τὰ
2496 1764 2635 1834 σοφὰ
2664 1763 2804 1817 κατά
2838 1763 2937 1834 τῆς
2979 1760 3234 1830 ἀληθείας
3263 1761 3686 1830 ἐπιχειρήματα.

431 1849 681 1917 sequitur
732 1867 853 1905 eum
890 1855 981 1923 qui
1033 1855 1361 1910 descensum
1396 1857 1612 1913 Domini
1650 1859 1716 1914 ad
1747 1877 1846 1918 nos
1876 1878 2010 1916 con-

2116 1825 2247 1912 ίῖῖτα
2273 1860 2466 1925 ἐπάγει
2489 1825 2582 1912 διά
2603 1858 2701 1926 τῆς
2725 1825 3096 1926 ἀσυναυρτήτου
3121 1825 3532 1921 ἀκολουθίαςτῇ
3558 1866 3690 1920 προ-

433 1941 634 2004 litetur,
697 1946 946 1998 eumdem
1003 1945 1295 2001 Dominum
1363 1966 1470 2002 non
1516 1966 1639 2005 esse
1685 1953 2005 2021 sapientiam

430 2032 719 2088 aliirmare.
751 2037 915 2105 Atqui
955 2038 1289 2108 Apollinaris
1339 2040 1629 2094 Dominum
1661 2042 2009 2099 descendisse

430 2123 654 2179 fatetur.
697 2124 884 2197 itaque
915 2129 1067 2183 illum
1120 2131 1211 2200 qui
1247 2131 1551 2196 descendit,
1604 2150 1714 2188 non
1748 2150 1872 2192 esse
1915 2149 2007 2188 sa-

428 2216 688 2286 pientiam
727 2219 870 2274 idem
903 2223 1067 2277 etiam
1098 2225 1447 2280 eontiteatur.
1479 2225 1630 2281 Talia
1657 2229 2008 2299 suntegregii

427 2305 593 2373 hujus
654 2311 755 2362 viri
812 2311 949 2365 scita
998 2314 1264 2370 adversus
1319 2317 1606 2372 veritatem
1663 2331 2006 2390 argumenta.

428 2396 634 2454 Deinde
689 2401 819 2454 huic
875 2407 1235 2474 propositioni
1291 2425 1386 2478 per
1437 2410 1675 2480 ineptam
1746 2429 2012 2469 consecu-

427 2492 630 2545 tionem
682 2493 870 2547 subdit
928 2496 1226 2550 illationem
1258 2499 1418 2552 aliam
1472 2516 1536 2554 ex
1589 2517 1698 2554 non
1731 2505 2010 2559 concessis

429 2582 683 2649 petitam,
733 2599 854 2652 quae
917 2585 991 2638 ita
1055 2602 1113 2641 se
1162 2587 1324 2644 habet
1381 2609 1392 2643 :
1432 2590 1720 2661 Propterea
1759 2603 1809 2648 et
1855 2594 2010 2649 homo

424 2682 578 2735 erat;
640 2691 764 2727 nam
821 2675 976 2730 homo
1017 2679 1304 2732 secundum
1365 2680 1594 2735 Paulum
1631 2701 1775 2738 mens
1838 2695 1914 2740 est
1955 2687 2010 2740 in

424 2779 584 2818 carne
603 2767 797 2833 posita.
823 2765 1083 2822 Lectores
1111 2771 1343 2826 obsecro
1372 2788 1440 2826 ne
1461 2788 1489 2825 a
1517 2776 1675 2830 nobis
1704 2791 1800 2844 per
1821 2775 2007 2844 jocum

426 2855 555 2906 talia
583 2855 648 2908 ad
679 2858 848 2911 risum
879 2861 1315 2927 provocandum,
1341 2873 1602 2931 tanquam
1635 2880 1700 2918 ex
1725 2863 2008 2935 Apollina-

425 2946 503 2998 ris
534 2961 793 3016 persona,
828 2949 1063 3003 conticta
1121 2950 1293 3006 fuisse
1333 2953 1712 3022 arbitrentur;
1753 2972 1820 3010 ex
1875 2957 2008 3026 ipsis

427 3036 574 3088 enim
608 3035 730 3105 ejus
772 3037 994 3106 scriptis
1031 3039 1244 3095 discere
1279 3043 1403 3097 licet
1442 3054 1802 3098 memoratam
1843 3048 2006 3102 modo

427 3130 755 3182 sententiam
815 3131 882 3183 ad
940 3133 1170 3186 verbum
1229 3133 1437 3187 abillo
1494 3135 1761 3203 prolatam
1815 3137 2006 3192 fuisse.

428 3216 744 3272 Secundum
788 3236 1082 3288 quemnam
1148 3223 1332 3292 itaque
1390 3221 1618 3278 Paulum
1653 3241 1808 3280 mens
1847 3243 2013 3283 carne

428 3308 655 3376 pra-dita
711 3311 874 3364 homo
926 3313 1170 3370 dicitur?
1208 3313 1365 3370 Dicat
1429 3331 1496 3368 an
1546 3316 1784 3386 aliquem
1843 3319 2011 3373 alium

429 3398 684 3451 latentem
719 3400 899 3453 adhuc
947 3399 1182 3455 Paulum
1225 3403 1468 3458 habent?
1499 3403 1628 3458 Nam
1663 3423 1855 3463 servus
1881 3407 2012 3464 Jesu

427 3489 635 3542 Christi
694 3500 925 3545 vocatus
977 3491 1300 3562 Apostolus,
1358 3494 1414 3548 in
1459 3496 1718 3552 onmibus
1772 3500 1840 3551 ab
1895 3500 2013 3570 ipso

426 3582 668 3636 exaratis
727 3581 990 3652 Epistolis
1037 3585 1171 3637 nihil
1226 3587 1333 3640 tale
1381 3587 1690 3643 aﬂirniavit.
1740 3589 1794 3644 Si
1829 3593 2013 3662 itaque

427 3686 605 3738 neque
661 3672 832 3726 series
885 3674 1001 3741 ipsa
1060 3675 1351 3738 sermonis,
1409 3692 1588 3746 neque
1635 3679 2008 3734 testimonium

429 3767 598 3819 ullum
650 3768 770 3836 ejus
818 3769 1158 3823 assertiones
1207 3771 1554 3839 comprobat,
1607 3773 1878 3828 undenam
1913 3776 2012 3830 ab-

426 3856 592 3909 surda
640 3857 755 3912 haec
801 3858 1073 3927 dogmatis
1128 3862 1385 3915 conﬁctio
1442 3862 1601 3917 fidem
1651 3864 1854 3919 habet?
1904 3863 2012 3920 Sed

427 3965 623 4004 rursus
647 3952 936 4006 recensitis
963 3952 1074 4020 jam
1119 3953 1462 4022 argumentis
1499 3955 1649 4008 aliud
1689 3957 2007 4027 subjungit:

427 4043 716 4109 Quoniam,
757 4047 958 4115 inquit,
1011 4057 1246 4100 terrenus
1275 4048 1426 4101 homo
1475 4049 1592 4111 iste,
1661 4048 1816 4103 homo
1872 4061 2009 4112 erat,

425 4145 472 4186 et
530 4135 738 4204 quidem
796 4136 1038 4189 caelestis.
1094 4138 1296 4190 lterum
1347 4137 1470 4191 dico
1526 4138 1802 4192 hominem
1867 4139 2012 4194 hunc

425 4227 656 4279 oblitum
701 4243 825 4283 esse
856 4227 1041 4282 Mariae
1091 4231 1180 4282 cui
1219 4231 1514 4283 annuntiat
1561 4229 1800 4296 Gabriel,
1848 4248 2013 4302 super

424 4332 588 4388 quam
642 4320 862 4374 venisse
932 4321 1200 4389 Spiritum
1265 4331 1517 4376 sanctum
1574 4322 1853 4391 creditur,
1919 4327 2010 4380 cui

424 4411 721 4464 obumbrat
753 4411 930 4465 virtus
971 4413 1262 4476 Altissimi,
1313 4429 1435 4484 quae
1483 4411 1669 4470 Jcsum
1727 4417 1868 4486 parit
1913 4419 2006 4488 qui

2114 1953 2268 2004 τάσει
2318 1951 2486 2022 ταύτῃ
2518 1949 2630 2020 (9.4)
2671 1951 2770 2021 τὴν
2811 1951 2875 2002 ὲκ
2928 1946 3035 2000 τῶν
3095 1947 3170 2018 μὴ
3219 1945 3476 1999 τιθέντων
3526 1961 3694 1997 κατα-

2117 2042 2339 2114 σκευὴν,
2371 2042 2598 2112 ἔχουσαν
2647 2039 2847 2102 οῦτως·
2881 2043 2986 2091 Διὰ
3022 2037 3198 2090 τοῦτο
3241 2034 3339 2088 καὶ
3386 2033 3692 2102 ἅνθρωπος

2115 2131 2194 2205 ἦν
2213 2151 2227 2164 ·
2267 2133 2575 2202 ἅνθρωπος
2602 2131 2713 2200 γὰρ
2743 2131 2892 2196 νοῦς
2924 2129 2994 2182 ἐν
3014 2128 3193 2196 σαρκὶ
3223 2126 3376 2179 κατὰ
3408 2123 3515 2178 τὸν
3535 2123 3694 2178 Παῦ-

2113 2231 2246 2282 λον.
2284 2225 2660 2296 Παραιτοῦμαι
2698 2224 2753 2277 δὲ
2800 2225 2926 2286 τοὺς
2973 2219 3400 2289 ἐντυγχάνοντας
3446 2216 3520 2288 μὴ
3564 2215 3695 2286 παρ’

2117 2321 2272 2392 ἡμῶν
2306 2319 2509 2371 οἴεσθαι
2541 2317 2680 2370 κατά
2727 2333 2847 2368 τινα
2890 2312 3109 2366 ’παιδιὰν
3137 2311 3228 2363 ἐπὶ
3259 2310 3458 2378 γέλωτι
3492 2308 3561 2360 τὰ
3585 2325 3697 2360 τοι-

2117 2412 2277 2474 αῦτα,
2304 2411 2378 2474 ὡς
2412 2411 2473 2462 ὲκ
2498 2407 2791 2480 προσώπου
2818 2406 2913 2460 τοῦ
2953 2402 3327 2474 Ἀπολιναρίου
3355 2401 3697 2470 συμπλάσσε-

2119 2503 2267 2556 σθαι”
2301 2502 2477 2568 ἔξεστι
2522 2501 2629 2570 γὰρ
2661 2499 2755 2552 καὶ
2783 2497 2842 2562 ἐξ
2889 2495 3067 2550 αὐτῶν
3102 2493 3208 2547 τῶν
3255 2492 3382 2563 παρ’
3409 2489 3573 2543 αὐτοῦ
3601 2507 3696 2558 γε-

2115 2592 2453 2665 γραμμένων
2476 2588 2686 2660 μαθεῖν,
2717 2589 2797 2640 ὅτι
2824 2585 2963 2639 κατὰ
2987 2583 3084 2655 τὴν
3110 2581 3253 2647 λέξιν
3273 2581 3307 2632 ’ὁ
3328 2578 3459 2649 παρ’
3485 2577 3694 2630 ἐκείνου

2116 2685 2510 2755 προενήνεκται
2545 2680 2722 2750 λόγος,
2757 2677 2929 2740 οῦτως
2959 2676 3117 2746 ἔχων.
3162 2672 3318 2726 Κατά
3349 2673 3497 2722 ποῖον
3518 2667 3697 2721 τοίνυν

2114 2777 2328 2830 Παῦλον
2377 2775 2500 2838 νοῦς
2547 2773 2808 2842 ἕνσαρκος
2862 2768 3146 2838 ἄνθρωπος
3195 2764 3444 2831 λέγεται;
3475 2758 3696 2812 Είπάτω

2092 2871 2234 2923 ’τίνα
2258 2868 2442 2938 ἕτερον
2490 2870 2546 2919 ὲν
2576 2862 2804 2936 κρυπτῷ
2853 2861 2965 2932 ἔχει
2994 2858 3234 2921 Παῦλον;
3273 2857 3330 2908 '0
3365 2854 3472 2924 γὰρ
3512 2851 3695 2913 δοῦλος

2128 2959 2301 3028 Ἰησοῦ
2343 2955 2578 3028 Χριστοῦ
2612 2957 2640 3008 ὁ
2686 2953 2889 3023 κλητὸς
2931 2948 3274 3012 Ἀπόστολος,
3317 2948 3373 2999 ὲν
3403 2945 3535 2997 πᾶσι
3582 2945 3696 3006 τοῖς

2117 3053 2246 3124 παρ’
2287 3048 2450 3105 αὑτοῦ
2497 3046 2899 3118 γεγραμμένοις
2943 3041 3182 3096 τοιοῦτον
3232 3037 3385 3092 εἶπεν
3427 3036 3598 3088 οὐδέν.
3630 3035 3694 3087 Et

2040 3168 2083 3227 α
2115 3140 2208 3197 οῦν
2239 3143 2374 3212 μήτε
2406 3141 2439 3211 ἡ
2485 3137 2793 3196 ἀκολουθία,
2829 3136 2965 3205 μήτε
3012 3128 3359 3227 ήῃμαρτυρία
3404 3127 3494 3180 τὸν
3538 3125 3694 3227 λόγον

2117 3237 2418 3305 συνίστησι,
2451 3231 2613 3285 πόθεν
2642 3231 2673 3299 ἡ
2709 3228 2993 3300 ἀλλόκοτος
3023 3223 3160 3294 αῦτη
3203 3219 3594 3290 δογματοποιία
3632 3217 3695 3270 τὸ

2113 3326 2301 3381 πιστὸν
2352 3325 2499 3394 ἔχει;
2549 3321 2717 3374 Πάλιν
2763 3321 2947 3389 ἕτερον
2993 3319 3104 3379 τοῖς
3141 3314 3449 3384 είρημένοις
3499 3310 3695 3375 ἐπάγει

2111 3421 2307 3491 νόημα.
2356 3413 2595 3482 Ἐπειδὴ
2625 3413 2954 3478 ἄνθρωπος,
2992 3409 3177 3477 φησιν,
3208 3401 3286 3474 ἦν
3314 3403 3415 3457 καὶ
3437 3398 3694 3468 ἐπουρά-

2109 3530 2260 3575 νιος,
2296 3503 2477 3572 οὗτος
2509 3509 2542 3559 ό
2573 3505 2797 3574 χοϊκός.
2833 3501 2999 3555 Πάλιν
3033 3499 3175 3566 λέγω
3218 3493 3566 3563 ἐπιλελῆσθαι
3595 3492 3694 3561 τῆς

2111 3590 2411 3670 Μαρίας.ᾗ
2463 3592 2868 3662 εὐαγγελίζεται
2899 3594 2925 3644 6
2970 3589 3231 3659 Γαϐριὴλ,
3272 3588 3356 3655 ἐφ’
3387 3586 3453 3655 ἣν
3504 3583 3696 3651 ἐληλυ-

2114 3689 2262 3742 θέναι
2294 3689 2355 3740 τὺ
2390 3685 2542 3754 ἅγιον
2576 3684 2798 3752 Πνεῦμα
2829 3680 3163 3742 πιστεύεται,
3263 3675 3570 3738 ἐπισκιάζει
3598 3671 3694 3725 τοῦ

2125 3775 2380 3845 Ὑψίστου
2426 3775 2460 3843 ἡ
2508 3771 2759 3841 δύναμις,
2791 3770 2883 3838 ἀφ’
2928 3763 2995 3840 ἦς
3041 3769 3283 3821 τίκτεται
3311 3768 3338 3818 6
3381 3762 3607 3833 Ἰησοῦς,
3665 3763 3696 3815 6

2106 3867 2252 3938 ἒχων
2301 3867 2399 3936 τὴν
2442 3865 2615 3934 ἀρχὴν
2658 3866 2748 3916 ἐπὶ
2780 3862 2871 3916 τοῦ
2911 3861 3067 3932 ὤμου
3118 3859 3306 3923 αὑτοῦ,
3352 3857 3626 3910 τουτέστιν
3663 3855 3696 3907 6

2115 3958 2397 4030 βαστάζων
2451 3957 2535 4025 ἐφ’
2569 3956 2763 4010 ἑαυτοῦ
2792 3954 2890 4025 τὴν
2932 3954 3126 4024 ἀρχήν.
3171 3952 3336 4022 Ἀρχὴ
3371 3949 3428 4002 δὲ
3475 3947 3695 4009 πάντως

2113 4051 2260 4103 ἐστὶν
2288 4050 2315 4099 ὁ
2337 4047 2467 4110 Θεὸς
2505 4047 2696 4114 Λόγος,
2729 4048 2756 4097 6
2780 4047 2838 4097 ἐν
2865 4046 3004 4114 ἀρχῇ
3038 4043 3151 4113 (‘25)
3181 4040 3278 4104 ὣν,
3308 4040 3399 4093 καὶ
3422 4037 3562 4108 ἀρχὴ
3591 4037 3690 4103 ὢν,

2113 4140 2291 4203 καθώς
2323 4139 2456 4210 φησὶ
2481 4156 2581 4190 που
2625 4137 2726 4206 τῆς
2762 4135 2985 4205 Γραφῆς
3015 4135 3042 4185 ὁ
3066 4133 3240 4201 λόγος,
3273 4133 3356 4184 ὅτι
3399 4129 3538 4199 Ἐγώ
3573 4132 3692 4198 ειμι

2112 4233 2150 4298 ἠ
2178 4231 2352 4301 ἀρχή.
2395 4231 2465 4282 ’Ἡ
2495 4228 2672 4282 τοίνυν
2704 4227 2930 4290 δειξάτω
2959 4226 3032 4297 μὴ
3065 4228 3121 4278 ἐν
3163 4228 3232 4296 γῇ
3268 4224 3364 4295 τὴν
3394 4223 3689 4293 Παρθένον,

2111 4324 2464 4396 ἢᾶνθρωπον
2513 4322 2763 4392 οὐράνιον
2817 4319 2892 4392 μὴ
2944 4318 3248 4382 πλασσέτω,
3289 4315 3421 4386 μηδὲ
3458 4315 3695 4383 φοόείτω

2110 4417 2235 4476 τοὺς
2268 4411 2691 4483 ἀμαθεστέρους,
2719 4409 2794 4472 ὡς
2826 4410 2905 4472 εἰς
2937 4409 2997 4460 τὸ
3011 4411 3163 4464 Θεῖον
3199 4407 3690 4478 ἐξαμαρτάνοντας,

425 4502 790 4571 principatum
841 4502 1004 4558 habet
1039 4520 1202 4573 super
1255 4505 1516 4560 humeros
1568 4523 1721 4574 suos,
1787 4508 1889 4564 hoc
1924 4517 2006 4565 est

2112 4508 2184 4571 ὼς
2214 4507 2275 4559 τὸ
2318 4503 2656 4575 ἀνθρώπινον
2697 4502 2810 4573 (26)
2851 4499 3302 4570 παραδεξάμενοι,
3340 4499 3412 4569 μὴ
3460 4515 3691 4570 συνομο-

423 4592 518 4660 qui
551 4593 605 4645 in
639 4608 699 4646 se
734 4593 853 4662 ipso
874 4593 1240 4663 principatum
1275 4598 1432 4665 gerit.
1461 4598 1792 4668 Principium
1821 4610 2002 4656 autem

425 4691 752 4737 cunctarum
802 4700 986 4738 rerum
1041 4685 1184 4742 Deus
1242 4687 1477 4742 Verbum
1528 4701 1634 4753 est,
1692 4693 1787 4761 qui
1835 4701 1888 4746 et
1949 4694 2006 4748 in

427 4776 702 4847 principio
732 4786 874 4839 erat,
907 4784 960 4830 et
1011 4779 1336 4848 principium
1369 4792 1508 4842 erat,
1540 4784 2004 4851 quemadmodum

425 4867 626 4921 alicubi
652 4868 726 4920 ait
752 4865 1059 4936 Scriptura,
1085 4885 1297 4938 nempe,
1328 4871 1436 4938 Ego
1465 4891 1583 4926 sum
1604 4876 1923 4944 principium
1959 4878 2000 4933 ⁸.

425 4958 523 5013 Vel
558 4960 744 5028 itaque
778 4959 1032 5013 ostendat
1088 4960 1141 5013 in
1187 4969 1328 5015 terra
1369 4961 1642 5034 Virginem
1687 4982 1798 5021 non
1836 4969 2006 5025 exsti-

426 5052 580 5114 tisse,
617 5051 703 5104 vel
744 5049 1026 5106 hominem
1061 5052 1340 5108 caelestem
1375 5056 1576 5126 lingere
1604 5057 1851 5128 desinat;
1903 5075 2007 5114 nec

505 5229 528 5260 ⁸
555 5231 728 5300 Apoc.
763 5247 803 5296 ι,
831 5230 891 5285 8.

499 5410 611 5479 (2|)
660 5409 725 5478 Et
777 5412 865 5465 hic
917 5424 1064 5466 corr.
1120 5411 1434 5467 emendatio
1480 5414 1639 5469 nobis
1681 5413 1997 5469 necessaria

425 5481 545 5556 visa
568 5491 858 5556 est;_nain
916 5490 1076 5536 antea
1112 5484 1377 5551 scriptum
1433 5483 1630 5550 luerat,
1670 5487 1718 5538 εἰ
1765 5488 1840 5556 μὴ
1883 5483 2009 5546 νοῦς

428 5551 690 5660 ἔνσαρκος
711 5548 801 5623 ἦν,
827 5551 922 5615 ὡς.

498 5620 556 5660 (9.
584 5623 612 5660 λ
632 5623 751 5660 Dan-3
812 5623 904 5660 νηί

498 5620 778 5689 (22)Part.
812 5623 905 5676 καί
939 5622 1123 5676 addita
1156 5632 1241 5678 est
1269 5638 1298 5676 a
1330 5639 1476 5682 corr.

500 5691 617 5763 (25)
652 5692 811 5763 Corr.
853 5694 1316 5763 συνωμολόγηται.

501 5761 613 5832 (24)
650 5761 726 5816 ita
754 5778 924 5831 corr.,
950 5761 1110 5820 antea
1148 5761 1370 5835 ταύτην.

2111 4599 2318 4666 λογοῖεν
2345 4597 2404 4648 τὸ
2429 4595 2589 4647 θεῖον.
2633 4594 2698 4646 Ἦ
2727 4593 2823 4662 μὲν
2850 4592 2957 4662 γὰρ
2980 4594 3044 4644 ὲκ
3077 4591 3335 4659 γυναικὸς
3359 4589 3610 4658 γέννησις
3631 4589 3695 4642 τὸ

2110 4690 2445 4762 ἀνθρώπινον
2502 4690 2648 4757 ἔχει·
2698 4685 2817 4757 ἠδὲ
2867 4684 3131 4756 παρθενία
3178 4685 3565 4754 ύπηρετήσασα
3613 4682 3694 4753 τῷ

2108 4786 2274 4854 τόκῳ,
2309 4783 2368 4835 τὸ
2393 4781 2533 4852 ὑπὲρ
2573 4779 2857 4850 ἄνθρωπον
2886 4777 3104 4841 ἔδειξεν.
3144 4777 3304 4828 Ὥστε
3333 4775 3395 4828 τὸ
3444 4775 3541 4844 μὲν
3569 4792 3695 4843 γεν-

2109 4877 2269 4947 νηθὲν
2313 4875 2595 4946 ἄνθρωπος
2619 4889 2633 4904 ο
2663 4873 2696 4941 ἠ
2727 4871 2781 4923 δὲ
2831 4870 2965 4940 πρὸς
3001 4869 3100 4940 τὴν
3143 4868 3397 4938 γέννησιν
3441 4867 3691 4936 δύναμις,

2113 4970 2212 5023 οὐκ
2247 4967 2303 5033 ἐξ
2328 4964 2651 5035 ἀνθρώπιον,
2688 4961 2823 5015 ἀλλά
2843 4961 2930 5013 διὰ
2957 4960 3096 5012 Πνεύ
3107 4977 3272 5029 ματος
3299 4959 3454 5028 ἁγίου
3477 4960 3570 5012 καὶ
3592 4957 3694 5025 τῆς

2113 5060 2207 5114 τοῦ
2250 5059 2504 5129 Ὑψίστου
2530 5055 2830 5126 δυνάμεως.
2871 5052 3079 5107 Οὐκοῦν
3109 5053 3250 5106 κατά
3288 5051 3377 5105 τὸν
3402 5051 3573 5122 ἀληθῆ
3600 5050 3693 5104 λό-

2183 5411 2386 5534 (θὲδὶιιο
2420 5427 2595 5476 corr.;
2620 5421 2780 5468 antea
2809 5414 2956 5468 enim
2985 5421 3125 5478 erat,
3150 5415 3178 5466 6
3208 5414 3266 5466 ὲν
3294 5411 3436 5484 ἀρχὴ
3463 5411 3582 5481 (ita)
3614 5409 3691 5462 ὢν

2221 5483 2316 5534 ὡς.
2337 5492 2446 5534 etc.

2111 5483 2446 5561 xaBﬁggtc.
2554 5556 2565 5561 _
2629 5555 2640 5561 ᾳ
2696 5557 2706 5561 _
2758 5555 2774 5561 _
2842 5555 2852 5561 _
3092 5553 3124 5561 _
3338 5483 3341 5484 ⁷
3621 5549 3657 5561 Α.

2184 5553 2297 5627 (26)
2331 5553 2487 5627 Corr.
2519 5555 2654 5606 εἰτὸ
2685 5555 3042 5627 ἀνθρώπινον.
3091 5553 3259 5627 Porro
3299 5569 3352 5605 In
3404 5553 3693 5627 sequenti-

2112 5625 2215 5679 bus
2244 5625 2527 5692 legendum
2557 5624 2800 5688 censeo,'
2822 5625 2894 5696 μὴ
2931 5625 3358 5696 συνομολογοίεν,
3403 5624 3527 5696 licet
3559 5636 3694 5672 ron-

2114 5695 2342 5747 trarium
2375 5709 2594 5747 sensum
2630 5712 2735 5766 pra:
2767 5693 2833 5751 se
2860 5693 2996 5750 ierat
3051 5693 3172 5750 eod.
3225 5694 3340 5746 Vat.
3391 5693 3482 5759 qui
3526 5704 3692 5762 nega-

2116 5768 2225 5818 tiva
2257 5775 2395 5836 part.
2423 5773 2591 5820 caret.
