4120 6394
319 464 340 518 Ι
351 463 454 519 209

1483 453 1853 511 ADVERSUS
1889 454 2402 512 APOLLINAREM.

3437 455 3578 512 1210

311 593 406 646 γον
434 577 527 630 καὶ
551 575 832 648 ἄνθρωπός
856 578 972 630 ἐστι
1001 575 1094 630 καὶ
1115 575 1266 640 Θεὸς,
1297 574 1376 644 τῷ
1401 574 1662 646 ὁρωμένῳ
1688 572 1888 644 ἄνθρω-

2008 574 2059 630 le
2100 575 2415 630 rudioribus
2467 575 2738 631 sollicitus
2781 576 2873 641 sil,
2927 575 3089 648 quasi
3134 575 3189 630 in
3225 573 3569 632 divinitatem

315 687 433 732 πος,
465 668 542 739 τῷ
569 668 841 739 νοουμένῳ
870 667 1019 730 Θεός.
1067 668 1125 721 '0
1161 669 1218 722 δὲ
1247 667 1308 721 οὐ
1333 666 1490 720 τοῦτό
1519 682 1682 737 φησιν
1726 669 1783 718 ἐν
1812 666 1891 736 τῷ

314 760 759 832 συμπεράσματι,
794 759 872 832 τῷ
905 759 1213 832 φαινομένῳ
1236 760 1295 814 τὸ
1324 759 1486 826 Θεῖον,
1514 760 1578 813 οὐ
1608 757 1687 830 τῷ
1716 755 1890 828 νοητῷ

311 853 644 922 ὁριζόμενος.

313 955 397 999 cst
420 963 435 1011 ;

1999 668 2278 736 peccaturi
2338 669 2471 731 sint,
2526 675 2585 722 ut
2626 669 2719 738 qui
2765 668 3164 724 humanitatem
3200 668 3577 735 admittentes,

1998 755 2162 812 simul
2205 755 2372 810 etiam
2403 755 2747 811 divinitatem
2784 757 2840 811 in
2884 755 3110 811 Christo
3143 773 3253 812 non
3300 757 3412 812 sint
3441 771 3578 812 con-

1995 847 2218 903 fessuri.
2241 846 2376 900 Nam
2407 863 2473 902 ex
2500 849 2726 902 muliere
2767 854 2919 904 nasci
2946 849 3198 903 humanae
3241 848 3580 904 conditionis

520 945 808 1017 virginitas
881 961 1010 1002 vero
1070 944 1250 1017 partui
1311 944 1638 1009 inserviens,
1687 943 1834 1014 quod
1889 950 1973 998 est
2009 958 2175 1012 supra
2209 943 2504 997 humanam
2544 942 2916 998 conditionem
2945 943 3206 1008 ostendit,
3263 943 3339 997 ita
3377 951 3437 997 ut
3479 945 3580 1013 qui

313 1047 481 1094 natus
535 1047 618 1093 est
663 1055 729 1093 ex
779 1041 920 1108 ipsa,
968 1040 1135 1094 homo
1183 1039 1404 1110 quidem
1437 1041 1545 1106 sit;
1595 1039 1894 1110 generandi
1932 1054 2062 1094 vero
2107 1038 2340 1094 facultas
2393 1055 2505 1094 non
2573 1053 2639 1093 ex
2693 1038 3032 1106 hominibus,
3083 1038 3179 1094 sed
3252 1055 3318 1092 ex
3370 1035 3581 1108 Spiritu

315 1143 512 1187 sancto
545 1142 600 1188 et
649 1134 918 1189 Altissimi
962 1135 1166 1190 virtute
1200 1134 1542 1206 proﬂuxerit.
1577 1133 1890 1190 Secundum
1930 1149 2114 1189 veram
2169 1135 2354 1202 itaque
2401 1135 2666 1188 rationem
2722 1140 2778 1188 et
2822 1133 2986 1187 homo
3035 1142 3092 1188 et
3159 1132 3303 1187 Deus
3369 1143 3473 1192 est,
3514 1146 3582 1186 eo

313 1225 534 1294 quidem
559 1227 705 1296 quod
733 1227 978 1281 cernitur
1015 1226 1200 1290 homo,
1226 1242 1292 1282 eo
1322 1236 1502 1281 autem
1535 1227 1680 1297 quod
1716 1234 1899 1281 mente
1937 1227 2240 1297 percipitur
2284 1225 2449 1281 Deus.
2501 1225 2610 1281 Iste
2643 1235 2824 1281 autem
2851 1227 2956 1281 hoc
3018 1226 3074 1279 in
3114 1226 3200 1281 sui
3267 1223 3581 1293 argumenti

313 1318 670 1373 conclusione
751 1333 859 1372 non
939 1319 1094 1384 dicit,
1155 1319 1503 1375 divinitatem
1557 1336 1622 1376 eo
1675 1320 1822 1390 quod
1895 1320 2168 1380 cernitur.
2227 1335 2340 1374 non
2389 1333 2457 1374 eo
2512 1319 2661 1390 quod
2712 1326 2897 1374 mente
2959 1318 3392 1386 contemplatur,
3445 1315 3579 1369 deli-

319 1425 499 1464 tuens.

399 1499 558 1554 Ἀλλὰ
593 1498 729 1570 πρὸς
754 1498 814 1554 τὸ
841 1498 1037 1571 ἐφεξῆς
1063 1501 1394 1572 ἐπιχείρημα
1417 1500 1495 1571 τῷ
1530 1501 1673 1572 λόγῳ
1705 1501 1895 1573 μετὲλ--

318 1595 518 1662 οωμεν.
541 1593 606 1645 El
616 1591 764 1661 μετὰ
782 1590 889 1645 τοῦ
910 1591 1078 1656 θεοῦ,
1112 1593 1264 1662 φησὶ,
1297 1593 1408 1663 (‘27)
1443 1592 1555 1646 νοῦ
1581 1593 1776 1658 ὄντος,
1798 1592 1897 1647 καί

316 1679 685 1748 ἀνθρώπινος
717 1679 864 1745 νοῦς
888 1675 968 1749 ἦν
993 1680 1062 1733 ἐν
1084 1681 1333 1748 Χριστῷ.
1357 1683 1398 1735 Τ
1401 1681 1526 1735 οὖτο
1550 1684 1583 1752 ἡ
1612 1682 1896 1752 πρότασις.

330 1773 521 1841 Ἡμεῖς
564 1771 620 1824 δὲ
657 1770 738 1841 τῷ
786 1772 1065 1842 εἰρημένῳ
1113 1773 1746 1845 ἀντιπροτείνομενοτίς
1788 1775 1896 1829 τῶν

319 1864 490 1932 ἁγίων
512 1861 635 1915 νοῦν
661 1862 722 1914 τὸ
748 1864 902 1918 Θεῖον
933 1863 1169 1933 ὡρίσατο
1193 1882 1206 1930 ;
1239 1864 1398 1936 Παρὰ
1443 1867 1626 1930 ποίαις
1655 1867 1898 1936 Γραφαῖς

319 1955 513 2008 ταύτὸν
546 1949 682 2007 εἰναι
719 1953 796 2024 τῷ
824 1954 898 2022 νῷ
940 1955 1030 2008 τὸν
1061 1955 1192 2008 Θεὸν
1225 1956 1603 2028 ἐδιδάχθημεν,
1629 1959 1766 2012 ὥστε
1796 1976 1902 2012 πα-

324 2043 647 2115 ραδέξασθαι
683 2043 745 2096 τὸ
772 2043 1062 2115 λεγόμενον
1089 2046 1224 2116 (28),
1259 2047 1339 2100 ὅτι
1377 2048 1406 2094 ὁ
1443 2049 1540 2118 μὲν
1586 2049 1728 2102 κατὰ
1765 2051 1901 2120 Χρι-

325 2137 446 2190 στὸν
495 2135 800 2205 ἄνθρωπος,
847 2136 1040 2200 ἄνους·
1069 2140 1097 2190 ό
1134 2138 1266 2203 Θεὸς
1309 2139 1366 2191 δὲ
1419 2139 1541 2203 νοῦς
1582 2141 1660 2211 τῷ
1692 2143 1902 2214 ἀνοήτῳ

322 2228 564 2296 γί·.·εται;
597 2225 740 2298 Ἀρα
758 2228 862 2298 χρὴ
886 2229 978 2282 καὶ
1001 2229 1119 2282 ὅλον
1140 2231 1231 2283 τοῦ
1255 2233 1680 2304 ἐπιχειρήματος
1712 2234 1901 2288 τούτου

322 2318 672 2390 καταγράψαι
711 2319 802 2371 τὸν
836 2319 1064 2374 δνειδον·
1094 2321 1229 2374 ἀλλὰ
1259 2323 1475 2378 δέδοικα
1507 2324 1582 2394 μὴ
1612 2326 1902 2395 χλευασταί

323 2425 466 2471 τινες
485 2410 596 2470 τοῖς
625 2408 1010 2477 ἐντυγχάνουσι
1043 2410 1303 2482 δόξωμεν,
1341 2414 1418 2477 ὡς
1447 2415 1541 2468 ἐπὶ
1575 2416 1774 2483 γέλωτι
1805 2416 1904 2487 τὴν

323 2503 708 2574 ἀσχημοσύνην
755 2504 849 2556 τοῦ
898 2502 1236 2574 λογογράφου
1284 2506 1713 2577 δημοσιεύοντες.
1759 2510 1904 2580 Πλὴν

323 2591 399 2655 ὡς
428 2592 495 2647 ἂν
528 2594 602 2665 μὴ
634 2593 828 2665 ἀτελὴς
872 2594 1023 2664 μένοι
1053 2596 1086 2664 ή
1125 2595 1404 2665 πρότασις,
1440 2597 1502 2650 τὸ
1536 2600 1905 2670 συμπέρασμα

328 2683 489 2752 μόνον
530 2683 830 2752 ἐπαγαγεῖν
872 2683 1008 2749 δέον,
1040 2684 1132 2737 τὸν
1162 2683 1250 2737 διὰ
1275 2684 1387 2756 (29)
1423 2687 1587 2758 μέσου
1640 2691 1904 2760 συρφετὸν

326 2773 721 2845 ὑπερϐήσομαι.
753 2777 823 2828 Εἰ
844 2775 995 2843 μετὰ
1033 2777 1137 2829 τοῦ
1173 2777 1344 2840 Θεοῦ,
1377 2781 1528 2847 φησὶ,
1563 2781 1674 2834 νοῦ
1707 2783 1902 2848 ὄντος,

325 2866 423 2918 καί
459 2864 825 2932 ἀνθρώπινος
853 2865 964 2934 (50)
993 2862 1072 2935 ἦν
1107 2867 1177 2919 ἐν
1201 2868 1433 2934 Χριστῷ
1453 2870 1619 2936 νοῦς,
1655 2873 1765 2925 οὐκ
1792 2873 1907 2939 ἄρα

326 2956 678 3009 ἐπιτελεῖται
715 2957 784 3010 ἐν
821 2956 979 3021 αὐτῷ
1009 2957 1072 3010 τὸ
1098 2957 1207 3026 τῆς
1233 2959 1589 3026 σαρκώσεως
1618 2961 1810 3030 ἔργον.
1838 2965 1906 3016 Εἰ

327 3049 395 3101 δὲ
419 3050 504 3118 μὴ
532 3049 884 3102 ἐπιτελεῖται
917 3048 983 3102 τὸ
1012 3049 1122 3117 τῆς
1159 3051 1517 3119 σαρκώσεως
1538 3053 1714 3122 ἔργον
1739 3055 1806 3106 ἐν
1829 3054 1906 3120 τῷ

2074 1490 2366 1548 XXXVIII.
2405 1491 2508 1547 Sed
2557 1493 2624 1547 ad
2673 1503 3078 1564 argumentum,
3127 1497 3270 1564 quod
3309 1502 3580 1568 sequitur,

2003 1593 2190 1640 nostra
2233 1584 2617 1654 progrediatur
2653 1585 2848 1639 oratio.
2894 1582 2955 1639 Si
2998 1602 3116 1639 cum
3165 1587 3296 1656 Deo,
3351 1593 3446 1659 ait,
3491 1596 3584 1662 qui

2001 1693 2146 1730 mens
2179 1686 2279 1740 est,
2305 1675 2538 1730 humana
2565 1693 2767 1746 quoque
2805 1694 2948 1733 mens
2970 1689 3087 1732 erat
3113 1682 3168 1734 in
3196 1681 3428 1739 Christo.
3456 1685 3584 1741 “ac

2003 1769 2178 1838 prima
2229 1769 2552 1839 propositio.
2588 1767 2700 1826 Nos
2743 1778 2925 1826 autem
2964 1771 3092 1825 huic
3138 1775 3428 1830 assertioni
3467 1777 3583 1832 haec

2002 1860 2244 1915 vicissim
2296 1860 2941 1930 opponimus:Quisnam
2979 1873 3296 1920 sanctorum
3339 1877 3582 1924 mentem

2000 1963 2125 2003 esse
2152 1949 2491 2006 divinitatem
2526 1950 2750 2006 statuit?
2779 1953 3037 2020 Quaenam
3084 1953 3383 2026 Scriptura:
3413 1973 3582 2013 unum

2006 2039 2260 2110 idemque
2299 2057 2424 2096 esse
2467 2043 2638 2098 Deum
2689 2059 2754 2099 ac
2801 2053 3040 2101 mentem
3095 2063 3195 2103 nos
3247 2049 3484 2105 docuere
3523 2059 3584 2106 ut

2001 2133 2052 2187 ei
2091 2137 2492 2199 assentiamur,
2547 2135 2675 2188 dum
2723 2136 2801 2190 ait
2848 2136 3124 2192 hominem
3172 2139 3432 2208 quidem,
3488 2139 3612 2210 qui

2002 2231 2258 2286 Christus
2291 2236 2430 2289 erat,
2485 2235 2670 2282 mente
2721 2227 2988 2293 caruisse,
3035 2227 3203 2283 Deum
3241 2245 3371 2284 vero
3407 2230 3582 2286 eidem

2008 2333 2187 2378 niente
2214 2323 2480 2377 destituto
2529 2333 2762 2375 mentem
2819 2320 3020 2375 factum
3056 2321 3268 2378 fuisse?
3297 2323 3584 2394 Oporteret

2004 2429 2138 2470 sane
2189 2411 2646 2466 contumeliosum
2701 2411 2804 2464 hoc
2834 2421 3214 2481 argumentum
3251 2413 3458 2484 integre
3489 2414 3586 2468 de-

2005 2505 2287 2569 scribere;
2349 2501 2450 2556 sed
2497 2517 2691 2555 vereor
2724 2517 2791 2555 ne
2836 2502 3138 2557 lectoribus
3171 2504 3428 2560 irrisores
3461 2519 3587 2559 esse

2006 2597 2313 2659 videamur,
2363 2609 2427 2648 ac
2491 2593 2536 2647 si
2596 2593 2884 2661 scriptoris
2943 2595 3115 2649 nostri
3184 2594 3584 2650 deformitatem

2006 2690 2251 2744 omnium
2288 2685 2577 2740 cachinnis
2631 2700 3053 2754 exponeremus.
3110 2683 3312 2740 Verum
3363 2701 3432 2740 ne
3481 2687 3588 2740 im-

2009 2780 2253 2850 perfecta
2311 2785 2594 2831 remaneat
2642 2775 2945 2845 propositio
3002 2776 3118 2839 illa,
3176 2777 3587 2832 conclusionem

2008 2867 2458 2922 tantummodoin
2496 2866 2730 2919 medium
2766 2865 3149 2935 proferendam
3188 2883 3406 2932 censeo,
3434 2869 3588 2939 quis-

2007 2961 2194 3030 quiliis
2222 2974 2359 3029 quas
2404 2966 2598 3011 auctor
2629 2957 2906 3026 interiecit
2937 2958 3180 3014 omissis.
3215 2958 3276 3014 Si
3306 2976 3421 3013 cum
3454 2959 3587 3028 Deo,

2008 3053 2103 3114 ait,
2159 3052 2346 3105 mentis
2393 3051 2553 3104 vicem
2600 3049 2891 3120 supplente,
2923 3050 3157 3104 humana
3201 3068 3402 3122 quoque
3443 3069 3588 3108 mens

329 3142 698 3210 αὐτοκινήτῳ
723 3143 820 3196 καί
847 3143 932 3211 μὴ
962 3143 1324 3212 ἀναγκάστῳ
1352 3148 1464 3208 νοῒ,
1500 3148 1570 3200 ἐν
1611 3147 1690 3213 τῷ
1717 3150 1901 3217 ἑτεροο

2009 3150 2124 3194 erat
2162 3141 2215 3194 in
2268 3139 2503 3199 Christo,
2560 3156 2662 3192 non
2696 3155 2817 3208 ergo
2863 3139 2916 3192 in
2968 3141 3080 3208 ipso
3113 3140 3390 3210 conﬁcitur
3409 3141 3590 3196 incar-
3659 3171 3662 3174 ν

330 3232 581 3300 aur-ringi,
634 3233 731 3286 καί
781 3235 898 3289 ὑπὸ
950 3236 1054 3290 τοῦ
1106 3237 1268 3290 θείου
1333 3238 1444 3292 νοῦ
1503 3241 1904 3310 ἐνεργουμένη

329 3322 508 3389 σαρκὶ
533 3322 786 3375 τελεῖται
815 3325 879 3376 τὸ
916 3324 1112 3393 ἔργον,
1142 3325 1176 3377 ὅ
1210 3327 1340 3379 ἐστι
1365 3329 1548 3394 λύσις
1578 3330 1867 3398 ἁμαρτίας
1890 3347 1905 3362 ·

323 3413 758 3482 μεταλαμϐάνει
807 3413 875 3465 δὲ
915 3414 1024 3481 τῆς
1055 3416 1292 3481 λύσεως
1337 3421 1369 3471 ό
1403 3419 1472 3472 ἑν
1501 3421 1646 3490 ἡμῖν
1670 3424 1908 3476 αὐτοκί-

328 3521 512 3571 νητος
548 3504 714 3570 νοῦς,
769 3507 898 3559 καθ’
938 3506 1089 3560 ὅσον
1136 3509 1345 3562 οἰκειοῖ
1391 3511 1611 3564 ἑαυτὸν
1653 3515 1906 3582 Χριστῷ.

341 3595 504 3665 Ὁρᾷς
538 3593 654 3656 πῶς
688 3597 862 3649 οἰκεῖα
911 3599 977 3667 τῇ
1025 3599 1286 3667 προτάσει
1341 3602 1409 3653 τὰ
1445 3605 1906 3674 συμπεράσματα;

331 3688 482 3757 Τάχα
506 3687 561 3739 δέ
581 3705 723 3750 τινος
749 3689 1000 3741 ἐπαοιδοῦ
1025 3691 1116 3742 καὶ
1144 3691 1379 3762 γαληνοῦ
1406 3699 1420 3761 ἰ
1427 3693 1516 3761 51)
1538 3697 1908 3767 προσδεόμενα

335 3779 468 3848 πρὸς
483 3783 543 3835 τὸ
560 3783 831 3853 διακρῖναι
863 3781 993 3850 ἡμῖν
1036 3781 1107 3834 τὰ
1145 3783 1250 3835 τῶν
1280 3785 1544 3837 ἐνυπνίων
1572 3787 1866 3858 αἰνίγματα
1889 3831 1904 3853 ,

336 3869 473 3921 ὥστε
507 3871 678 3922 εἰπεῖν
705 3869 757 3923 τί
791 3871 1042 3942 σημαίνει
1070 3875 1102 3944 ἡ
1129 3873 1233 3925 τῶν
1269 3878 1528 3944 ῥημάτων
1556 3877 1758 3933 τούτων
1789 3898 1909 3934 και-

332 3961 566 4029 νοφωνία
597 3961 730 4031 (59.)
772 3961 835 4015 '0
871 3965 1260 4031 αὺτοκίνητος
1299 3967 1467 4032 νοῦς,
1507 3969 1604 4022 καὶ
1653 3970 1909 4039 ἑτεροκί-

330 4068 530 4118 νητος,
569 4053 727 4120 σὰρξ
754 4055 792 4122 ἡ
825 4054 1187 4110 ἐπιτελοῦσα
1211 4056 1323 4125 (55)
1362 4059 1427 4111 τὸ
1455 4060 1770 4131 ἔργοντῆς
1811 4067 1912 4119 λύ-

331 4159 506 4207 σεως,
546 4145 685 4198 Ἀλλ’
731 4146 974 4215 ἀφείσθω
1004 4149 1096 4200 καὶ
1152 4148 1322 4201 ταῦτα
1365 4154 1432 4222 τῇ
1477 4152 1756 4224 ἀγερωχίᾳ
1801 4157 1910 4210 τῶν

335 4233 472 4286 νέων
503 4236 1020 4305 καταχλευάζεσΘαι,
1055 4241 1214 4310 ἡμεῖς
1250 4241 1308 4294 δὲ
1333 4242 1470 4313 πρὸς
1494 4244 1562 4298 τὰ
1595 4245 1792 4317 ἐφεξῆς
1817 4248 1910 4301 τοῦ

333 4326 489 4396 λόγου
509 4329 857 4400 προΐωμεν-Ε
865 4335 886 4388 ἵ
899 4352 953 4389 τι
962 4335 1690 4409 π.ἰέον,(54)φησὶν,ἕτερος
1708 4338 1912 4408 ἐτέρου

331 4420 640 4490 κομίζεται,
674 4423 849 4476 τοῦτο
877 4423 950 4476 δι’
990 4424 1259 4492 ἄσκησιν
1275 4428 1531 4496 γίνεται·
1571 4432 1818 4500 οὐδεμία
1844 4433 1913 4486 δὲ

2007 3234 2237 3286 nationis
2273 3248 2417 3298 opus.
2459 3229 2518 3285 Si
2551 3242 2727 3284 autem
2749 3248 2853 3284 non
2893 3233 3172 3299 conﬁcitur
3201 3233 3590 3288 incarnationis

2010 3338 2137 3391 opus
2166 3323 2217 3375 in
2252 3333 2442 3384 mente,
2473 3338 2589 3391 qum
2619 3338 2716 3375 sua
2745 3333 2926 3390 sponte
2977 3333 3210 3376 movetur
3241 3335 3287 3376 et
3323 3340 3354 3377 a
3387 3325 3591 3380 nemine

2010 3415 2237 3483 cogitur,
2279 3427 2416 3467 certe
2465 3415 2517 3467 in
2567 3430 2746 3476 carne,
2792 3430 2909 3483 qua:
2944 3431 3038 3484 per
3071 3416 3234 3468 alium
3269 3427 3503 3470 movetur
3539 3424 3590 3470 et

2011 3525 2044 3560 a
2073 3508 2248 3560 uicina
2281 3517 2450 3560 mente
2496 3507 2691 3576 agitur,
2724 3508 2858 3559 idem
2892 3507 3275 3561 incarnationis
3304 3524 3434 3577 opus
3463 3524 3590 3562 con-

2009 3601 2209 3670 ﬁcitur,
2251 3597 2390 3667 quod
2437 3606 2515 3650 est
2561 3597 2778 3651 abolitio
2809 3599 3041 3665 peccati;
3067 3598 3224 3667 hujus
3257 3608 3433 3653 autem
3459 3599 3588 3652 abo-

2012 3692 2210 3745 litionis
2252 3700 2434 3743 nostra
2464 3705 2608 3742 mens
2656 3706 2774 3758 ante
2815 3707 2912 3742 sua
2947 3698 3128 3757 sponte
3175 3701 3430 3756 movetur,
3463 3707 3591 3760 par-

2012 3786 2170 3852 ticeps
2206 3784 2287 3852 ﬁt,
2341 3791 2598 3852 quatenus
2627 3781 2940 3850 adjungitur
2973 3780 3206 3837 Christo.
3241 3781 3403 3838 Vides
3425 3799 3590 3852 quam

2010 3874 2198 3930 amnes
2241 3875 2429 3943 prima:
2459 3873 2819 3943 propositioni
2855 3872 3244 3926 conclusiones
3285 3872 3589 3928 sint?For-

2013 3975 2158 4020 tasse
2208 3973 2390 4019 autem
2442 3965 2784 4018 incantatore
2829 3964 2910 4017 vel
2965 3979 3164 4033 gazaro
3208 3965 3393 4034 aliquo
3452 3980 3592 4034 opus

2010 4057 2118 4111 erit
2173 4055 2240 4108 ad
2300 4053 2622 4124 explicanda
2669 4052 2829 4107 nobis
2892 4053 3202 4122 hujusmodi
3252 4056 3590 4109 somniorum

2011 4151 2321 4220 :enigmata,
2363 4154 2417 4200 et
2465 4155 2524 4200 ut
2563 4146 2720 4201 nobis
2757 4145 3025 4200 edisserat
3060 4144 3191 4214 quid
3229 4145 3425 4200 horum
3469 4162 3591 4202 ver-

2012 4242 2204 4296 borum
2256 4239 2468 4294 novitas
2521 4238 2832 4308 signiticet:
2876 4237 3025 4292 Mens
3071 4253 3190 4304 qua:
3242 4253 3336 4306 per
3377 4254 3431 4292 se
3476 4254 3590 4291 mo-

2013 4345 2186 4396 vetur;
2231 4350 2374 4386 mens
2425 4348 2544 4398 quo:
2596 4331 2753 4400 pulsu
2793 4331 2964 4385 alieno
3017 4330 3235 4400 agitur;
3297 4347 3422 4384 caro
3474 4345 3590 4400 qua!

2015 4425 2319 4479 abolitionis
2367 4424 2567 4493 peccati
2617 4424 2880 4494 negotium
2938 4421 3162 4492 perﬁcit.
3217 4419 3325 4476 Sed
3381 4431 3437 4476 et
3474 4422 3594 4477 haec

330 4489 597 4575 ἄσκησις
631 4509 698 4562 ἐν
728 4510 956 4578 Χριστῷ
976 4527 989 4540 ⁸
1019 4489 1446 4581 οὐκήᾶραίνοῦς
1475 4517 1647 4570 ἐστιν
1682 4489 1904 4589 ἆνθρὼ-

2011 4520 2272 4588 juvenum
2326 4515 2640 4587 petulantia:
2683 4515 2976 4570 deridenda
3026 4513 3446 4582 relinquantur;
3489 4527 3593 4568 nos

331 4615 523 4665 πινος.
554 4600 677 4663 Πῶς
702 4601 972 4671 μέμνηται
996 4603 1095 4673 τῆς
1116 4606 1468 4660 Θεοπνεύστου
1492 4610 1711 4681 Γραφῆς
1735 4629 1749 4677 ;
1775 4615 1910 4666 Ποία

330 4689 423 4742 τοῦ
462 4690 722 4761 Βεσελεὴλ
751 4689 980 4760 ἄσκησις
1007 4692 1116 4744 τῶν
1152 4695 1354 4765 τεχνῶν
1388 4697 1770 4770 καθηγήσατο;
1803 4704 1908 4756 Πό-

331 4782 421 4834 Θεν
451 4782 506 4834 δὲ
545 4782 622 4848 τῷ
653 4782 956 4852 Σολομῶν-ει
998 4785 1105 4837 τῶν
1132 4787 1398 4840 τοσούτων
1429 4791 1461 4859 ἠ
1495 4791 1730 4859 γνῶσις;
1769 4795 1825 4848 '0
1851 4796 1908 4848 δὲ

329 4872 397 4924 τὰ
426 4873 698 4941 συκάμινα
737 4872 934 4936 κνίζων
981 4874 1180 4944 ’Λμὼς,
1223 4877 1338 4939 πῶς
1367 4877 1424 4943 ἐξ
1458 4880 1694 4934 αἰπόλων
1724 4883 1912 4936 τοσαύ-

329 4980 428 5031 την
460 4962 616 5032 ἔσχεν
649 4964 705 5013 ἐν
740 4965 1044 5035 προφητεία
1075 4967 1173 5036 τὴν
1212 4967 1475 5037 δύναμιν;
1506 4971 1614 5024 Καὶ
1642 4973 1789 5042 ὅμως
1818 4975 1912 5027 οὐ-

331 5051 440 5116 δεὶς
464 5054 569 5106 τῶν
591 5055 896 5124 εἰρημένων
927 5055 984 5118 ἐξ
1017 5057 1248 5126 οὐρανοῦ
1289 5060 1679 5132 καταϐέϐηκεν,
1707 5064 1826 5118 οὔτε
1852 5069 1910 5120 ἐν

331 5146 471 5215 ἀρχῇ
498 5143 584 5216 ἦν,
613 5145 736 5199 οὔτε
759 5142 854 5199 ἴσα
881 5147 1000 5218 Θεῷ
1027 5145 1111 5218 ἦν.

2015 4628 2144 4666 vero
2166 4611 2230 4664 ad
2257 4625 2318 4663 ea
2351 4625 2472 4679 quan
2518 4609 2570 4662 in
2603 4607 2776 4678 ipsius
2812 4612 3046 4659 tractatu
3077 4611 3381 4672 sequuntur
3408 4603 3595 4658 discu-

2015 4703 2195 4758 tienda
2245 4702 2624 4771 procedamus.
2670 4698 2731 4753 Si
2774 4696 2921 4766 quid,
2972 4697 3073 4757 ait,
3126 4695 3272 4748 aliud
3319 4694 3436 4762 plus
3486 4694 3593 4748 alio

2017 4795 2264 4863 acquirit,
2322 4792 2375 4844 id
2425 4792 2799 4845 exercitatione
2841 4789 2940 4858 ﬁt;
2975 4787 3126 4840 nulla
3181 4796 3353 4839 autem
3392 4787 3592 4838 exerci-

2022 4887 2153 4938 tatio
2203 4885 2258 4936 in
2326 4882 2578 4937 Christo:
2628 4897 2749 4950 ergo
2800 4895 2942 4932 mens
2986 4878 3216 4930 humana
3267 4892 3369 4930 non
3417 4884 3494 4929 est
3537 4877 3593 4929 in

2020 4975 2251 5030 Christo.
2299 4973 2514 5028 Siccine
2551 4971 2814 5026 divinitus
2849 4969 3126 5040 inspirata:
3157 4965 3453 5036 Scriptura:
3477 4981 3595 5020 ser-

2021 5083 2243 5121 monum
2264 5063 2676 5121 reminiscitur?
2703 5062 2966 5128 Quaenam
3001 5059 3324 5114 exercitatio
3355 5057 3593 5113 Beseieel

2019 5168 2167 5213 artes
2206 5159 2424 5213 edocuit
2459 5157 2520 5210 ⁸⁸2
2550 5155 2833 5210 Undenam
2879 5151 3157 5206 Salomoni
3187 5159 3264 5204 tot
3291 5158 3593 5203 tantarum-

333 5255 441 5307 que
468 5255 651 5294 rerum
689 5243 972 5310 cognitio?
1000 5243 1101 5308 Qui
1139 5260 1267 5298 vero
1297 5261 1618 5316 sycomoros
1649 5254 1906 5322 carpebat
1945 5255 2114 5311 Amos
2155 5256 2196 5319 °,
2226 5270 2333 5324 quo
2361 5262 2523 5324 pacto
2556 5250 2923 5306 armentarius
2952 5263 3078 5302 cum
3143 5254 3309 5310 esset,
3382 5253 3588 5298 tantam

409 5352 613 5408 lExod.
643 5371 794 5419 xxxi,
837 5356 890 5410 I.
967 5356 988 5387 ⁸
1013 5358 1181 5413 Amos
1219 5374 1319 5422 vn,
1348 5359 1439 5416 55.

406 5469 514 5542 (ῼῖ)
552 5468 789 5542 Verbum
815 5471 948 5542 φησί
983 5487 1127 5527 corr.
1157 5473 1284 5527 add.

407 5540 624 5618 (‘28)‘lt’a
651 5555 822 5618 corr._.
856 5540 994 5597 male
1013 5552 1196 5608 antea,
1237 5544 1376 5598 ὥστε
1411 5544 1798 5618 τὸλεγόμενον,
1850 5556 1906 5604 et

335 5625 483 5672 mox,
518 5611 546 5662 ὁ
577 5609 708 5673 Θεὸς
731 5610 872 5674 νοῦς.

405 5682 515 5741 (1'9)
547 5679 698 5733 Corr.
736 5681 826 5732 τὸν
856 5681 910 5733 δὲ
938 5681 1046 5735 διά.

407 5751 517 5824 ‘51))
551 5749 625 5824 Ita
650 5765 821 5824 corr._,
855 5753 992 5824 male
1017 5760 1197 5824 antea,
1228 5754 1324 5807 καὶ
1349 5754 1659 5824 ἄνθρωπος.

369 5820 519 5898 ,(51)
544 5819 698 5898 Corr.
725 5821 819 5872 καὶ
837 5822 1101 5898 γαςαροῦ,
1139 5840 1301 5891 quam
1340 5819 1627 5898 lectionem
1671 5827 1723 5879 in
1779 5842 1901 5898 ver-

336 5893 490 5945 sione
521 5895 706 5944 nostra
740 5893 910 5945 secuti
939 5909 1151 5959 sumus,
1179 5896 1432 5964 quamvis
1487 5895 1618 5966 quid
1655 5911 1758 5951 vox
1799 5897 1902 5952 ista

2001 5476 2273 5548 signiticet
2293 5477 2631 5548 ignoremus.
2661 5476 3035 5548 -—Scripserit
3065 5492 3213 5532 corr.
3247 5475 3580 5548 γαζαρηνοῦ.

2002 5545 2111 5602 non
2144 5545 2408 5618 γαζαροῦ.
2436 5546 2568 5618 Quae
2595 5547 2822 5618 quidem
2851 5545 2955 5601 vox
2987 5549 3228 5618 occurrit
3250 5545 3391 5618 apud
3416 5545 3583 5608 LXX,

2003 5618 2229 5687 lnterp.,
2263 5616 2392 5671 Ihm.
2417 5633 2490 5679 tv,
2512 5616 2564 5670 4.
2594 5617 2710 5688 Ubi
2725 5617 3026 5688 Theodotio
3045 5633 3143 5688 pro
3159 5616 3446 5672 Gazarenis
3470 5634 3591 5672 ver-

2001 5690 2064 5743 tit
2083 5685 2270 5751 θύτας,
2294 5687 2649 5756 sacriﬁculos.
2671 5685 2886 5742 Videsis
2908 5685 3181 5742 Nobilium
3209 5689 3275 5743 ad
3296 5688 3429 5741 DAN.
3456 5703 3495 5752 t,
3529 5703 3581 5741 c.

2077 5760 2187 5826 (5'2)
2222 5759 2380 5812 Cort‘.
2415 5757 2735 5826 κενοφωνία.

2083 5830 2195 5896 (55)
2232 5829 2308 5880 Ita
2329 5844 2499 5890 corn,
2536 5840 2693 5882 antea
2729 5829 2871 5882 enim
2903 5835 3042 5888 erat,
3073 5830 3106 5895 ἡ
3145 5827 3519 5885 ἐπιτάττουσα.

2086 5897 2196 5970 (54)
2233 5897 2468 5954 Verbum
2499 5899 2630 5969 φησί
2669 5915 2812 5954 corr.
2844 5899 2981 5954 scite
3016 5903 3140 5954 add.
