4120 6394
431 321 468 346 τ,

491 469 620 526 l9.”

1724 462 1782 519 S.
1816 461 2146 519 GREGURII
2167 461 2459 519 NYSSENI

3615 462 3753 519 1212

487 592 594 645 fuit
629 589 987 660 prophetandi
1014 587 1330 645 facultatem
1359 586 1629 656 adeptus?
1658 585 1724 640 Et
1756 595 1938 642 tamen
1961 601 2066 640 nec
2101 601 2295 642 eorum
2334 586 2633 658 quisquam
2700 601 2767 640 ex
2807 585 2948 640 celo
2989 583 3296 647 descendit,
3336 599 3438 639 nec
3485 583 3540 638 in
3605 584 3753 654 prin-

487 689 634 759 cipio
687 689 810 751 fuit,
863 703 966 744 nec
1009 687 1122 742 Deo
1154 686 1404 755 aequalis.

560 781 805 838 XXXIX.
849 781 957 838 Sed
999 790 1056 837 et
1093 783 1198 836 hoc
1249 787 1632 850 argumentum
1674 778 1892 835 silentio
1932 794 2071 850 prae-
2098 783 2146 840 A

489 881 788 939 tereamus,
824 889 888 930 ea
923 875 1271 945 potissimum
1306 873 1519 928 ratione
1552 871 1696 943 quod
1727 871 1884 927 aliine
1919 875 1990 928 sit
2021 871 2070 927 ei

489 983 614 1038 quae
660 967 840 1037 ipsum
875 965 1134 1036 praecedit
1181 965 1553 1029 conclusioni,
1599 965 1758 1034 cujus
1786 964 1952 1019 verba
1996 963 2072 1018 ita

491 1073 552 1114 se
588 1057 789 1112 habent
821 1076 835 1110 :
868 1056 1006 1127 Ergo
1038 1074 1140 1110 non
1181 1055 1422 1110 solvatur
1457 1056 1745 1108 humanum
1769 1071 1931 1125 genus
1981 1068 2074 1122 per

490 1149 682 1203 mentis
706 1159 756 1203 et
790 1153 950 1202 totius
985 1147 1211 1200 hominis
1243 1147 1679 1216 assumptionem,
1713 1145 1801 1200 sed
1835 1161 1928 1215 per
1955 1161 2076 1198 car-

489 1242 575 1294 nis
610 1240 1018 1310 susceptionem.
1060 1236 1187 1292 Haec
1225 1236 1450 1307 quidem
1486 1245 1572 1292 est
1605 1236 1911 1307 argumenti
1942 1250 2074 1289 con-

489 1331 703 1396 clusio;
751 1329 1117 1386 differentiam
1167 1343 1300 1383 vero
1352 1328 1494 1383 inter
1538 1328 1968 1398 assumptionem
2018 1334 2074 1380 et

491 1424 898 1493 susceptionem
935 1423 1012 1476 illi
1063 1430 1338 1492 exponant
1371 1421 1462 1491 qui
1512 1420 1758 1476 sedulam
1797 1434 2071 1490 gramma-

489 1514 618 1568 ticis
666 1512 1060 1584 frigiditatibus
1112 1526 1332 1581 operam
1384 1519 1608 1574 navant,
1660 1518 1720 1564 ut
1761 1511 1948 1580 pueris
1995 1524 2076 1563 se-

489 1607 734 1660 cundum
796 1613 967 1659 artem
1026 1605 1337 1659 edisseraut
1396 1600 1778 1672 hujuscemodi
1835 1600 2072 1671 partium

491 1693 767 1749 sermonis
807 1708 931 1763 qua:
966 1693 1374 1763 propositiones
1415 1699 1705 1757 vocantur,
1753 1691 1808 1745 in
1855 1690 2075 1745 modico

489 1785 725 1854 positam
784 1785 1239 1855 discrepantiam;
1290 1799 1393 1840 nos
1441 1785 1586 1839 enim
1632 1783 1966 1854 promiscue,
2017 1790 2074 1837 et

489 1886 808 1948 susceptum
834 1876 1040 1932 assumi
1064 1884 1120 1931 et
1147 1885 1492 1946 assumptum
1517 1874 1705 1930 itidem
1730 1873 1934 1943 suscipi
1961 1889 2072 1928 non

488 1967 835 2029 dubitamus,
871 1981 998 2020 cum
1054 1963 1338 2033 Scriptura
1391 1964 1554 2018 talem
1600 1963 1833 2018 istarum
1875 1977 2071 2017 vocum

489 2075 652 2116 usum
690 2074 793 2114 nos
827 2059 1040 2113 doceat.
1071 2055 1206 2112 Cum
1252 2057 1429 2126 gloria
1461 2063 1801 2124 susceperunt
1835 2071 1916 2108 me
1949 2093 1965 2119 ,
1997 2057 2076 2108 in-

2256 773 2415 828 Ἀλλά
2447 773 2689 842 σιγάσθω
2727 773 2821 828 καὶ
2860 771 3017 826 τοῦτο
3039 772 3100 827 τὸ
3137 772 3494 844 ἐπιχείρημα,
3522 773 3754 844 μάλιστα

2171 868 2260 922 διὰ
2287 867 2348 922 τὸ
2376 866 2653 938 προσφυὲς
2679 865 2771 918 τοῦ
2797 865 3150 936 προτεθέντος
3174 864 3325 936 αύτῷ
3351 867 3752 938 συμπεράσμα-

2171 977 2285 1023 τος,
2324 957 2497 1020 οὕτως
2527 957 2668 1011 κατά
2697 955 2794 1028 τὴν
2818 955 2963 1021 λέξιν
2988 956 3202 1026 ἔχοντος
3224 973 3238 988 ο
3281 958 3402 1010 vim
3430 956 3546 1025 ἄρα
3574 958 3752 1020 σώζε-

2171 1068 2267 1104 ται
2297 1050 2365 1104 τὸ
2393 1050 2768 1119 ἀνθρώπινον
2793 1047 2964 1118 γένος
2987 1047 3060 1101 δι’
3086 1047 3444 1116 ἀναλήψεως
3488 1048 3619 1114 νοῦ,
3653 1050 3752 1106 ταί

2173 1142 2320 1197 ὅλου
2346 1140 2682 1211 ἀνθρώπου,
2725 1139 2884 1195 ἀλλά
2926 1139 3024 1194 διὰ
3056 1141 3461 1210 προσλήψεως
3500 1144 3750 1212 σαρκός.

2175 1232 2248 1286 Τὺ
2281 1233 2379 1302 μὲν
2423 1231 2796 1302 συμπέρασμα
2832 1230 2991 1284 τοῦτο
3014 1244 3028 1259 ⁸
3062 1231 3162 1303 τὴν
3191 1233 3246 1286 δὲ
3286 1233 3386 1304 τῆς
3413 1233 3750 1305 ἀναλήψεως,

2175 1324 2294 1394 (καὶ
2347 1323 2702 1394 προσλήψεως
2737 1320 2889 1393 [55])
2938 1321 3204 1393 διαφορὰν
3254 1325 3665 1394 ὲρμηνευόντων
3702 1326 3753 1378 οε

2172 1420 2293 1480 ταῖς
2345 1417 2759 1487 γραμματικαῖς
2806 1415 3192 1486 ψυχρολογίαις
3238 1416 3748 1488 ὲμμελετήσαντες,

2174 1509 2316 1562 ὥστε
2360 1509 2468 1562 τῶν
2513 1509 2766 1562 τοιούτων
2810 1506 2904 1560 τοῦ
2932 1508 3092 1576 λόγου
3143 1509 3367 1579 μορίων,
3401 1507 3441 1562 ἃ,
3470 1509 3754 1580 προθέσεις

2174 1601 2662 1671 κατανομάζονται,
2709 1598 3043 1670 τεχνολογεῖν
3092 1602 3149 1654 ἐν
3200 1601 3505 1670 μειρακίοις
3549 1601 3647 1673 τὴν
3692 1604 3752 1655 έν

2174 1694 2339 1764 ὀλίγῳ
2381 1693 2697 1762 διαφωνίαν.
2742 1691 2932 1762 Ἡμεῖς
2957 1689 3067 1761 γὰρ
3098 1690 3193 1743 καὶ
3223 1690 3314 1743 τὸν
3345 1691 3752 1763 προσειλημμέ-

2176 1803 2263 1839 νον
2287 1783 2604 1856 ἀνειλῆφθαι
2629 1781 2938 1854 νομίζομεν,
2958 1781 3156 1835 καὶτὸν
3169 1783 3560 1853 ἀνειλημμένον
3583 1801 3750 1856 προσ-

2174 1874 2427 1944 ειλῆφθαι
2473 1873 2573 1927 οὐκ
2620 1871 3051 1944 ἀμφιϐάλλομεν,
3085 1871 3235 1942 παρὰ
3275 1874 3374 1943 τῆς
3410 1873 3626 1944 Γραφῆς
3649 1875 3750 1945 τὴν

2171 1965 2427 2036 τοιαύτην
2452 1965 2644 2036 χρῆσιν
2671 1963 2765 2016 τοῦ
2786 1963 2943 2032 λόγου
2968 1962 3366 2034 μεμαθηκότες.
3389 1966 3542 2019 Μετὰ
3564 1965 3748 2034 δόξης

2173 2057 2554 2126 προσέλαϐόν
2576 2073 2674 2126 με,
2702 2057 2865 2127 φησὶν
2893 2058 2922 2110 6
2945 2056 3140 2110 Δασίδ⁶
3177 2057 3273 2109 καὶ
3312 2057 3472 2110 πάλιν
3502 2058 3744 2130 ἑτέρωθι,

489 2150 612 2220 quit
643 2147 812 2202 David
834 2149 895 2216 7;
947 2155 1002 2202 et
1036 2162 1232 2202 rursus
1265 2147 1371 2200 alio
1413 2147 1466 2200 in
1504 2148 1644 2209 loco,
1691 2144 1866 2215 Elegit
1902 2144 2067 2200 David

2187 2147 2540 2214 Ἐξελέξατο
2592 2147 2770 2202 Δαὸὶδ
2825 2147 2932 2202 τὸν
2978 2146 3203 2202 δοῦλον
3244 2149 3451 2211 αὑτοῦ,
3493 2151 3590 2204 καὶ
3647 2151 3751 2205 ἀν-

489 2259 695 2297 servum
736 2256 913 2304 suum,
948 2249 997 2294 et
1043 2241 1337 2308 assumpsit
1367 2256 1485 2293 eum
1527 2242 1590 2293 de
1628 2237 1872 2309 gregibus
1897 2239 2070 2307 patris

489 2335 630 2390 sui“.
668 2333 834 2404 Igitur
863 2333 954 2402 qui
998 2347 1126 2387 cum
1161 2332 1336 2402 gloria
1370 2340 1662 2401 susceptus
1693 2337 1799 2392 est,
1837 2329 1882 2383 is
1907 2330 2069 2384 etiam

487 2435 810 2496 assumptus
847 2433 951 2489 est,
999 2432 1053 2479 et
1085 2425 1179 2494 qui
1211 2423 1282 2478 de
1314 2425 1571 2495 gregibus
1606 2432 1921 2491 assumptus
1964 2429 2069 2488 est,

487 2517 537 2572 is
560 2518 727 2571 etiam
765 2522 1060 2585 susceptus
1085 2521 1170 2568 est
1201 2531 1212 2568 :
1246 2514 1313 2568 ad
1347 2529 1508 2567 unam
1543 2514 1688 2569 enim
1712 2513 2072 2583 eamdemque

486 2624 604 2664 rem
647 2607 1066 2678 significandam
1111 2606 1220 2660 duo
1257 2606 1349 2659 illa
1385 2606 1550 2658 verba
1581 2613 1851 2676 usurpat;
1899 2609 1976 2662 ita
2011 2614 2071 2661 ut

483 2701 616 2771 quid
663 2701 768 2755 sibi
818 2700 970 2763 velit,
1023 2699 1115 2768 qui
1174 2697 1524 2769 Unigenitum
1569 2699 1646 2752 ait
1693 2715 1801 2754 non
1850 2717 2068 2756 assum-

483 2792 671 2862 prione
737 2790 833 2846 sed
890 2791 1240 2859 susceptione
1291 2790 1688 2845 incarnationis
1749 2793 2068 2864 mysterium

483 2881 861 2951 dispensasse,
917 2895 1020 2935 nec
1069 2881 1188 2951 ipse
1243 2880 1334 2950 qui
1387 2880 1457 2936 iis
1499 2882 1728 2938 vocibus
1779 2900 1913 2940 usus
1960 2893 2066 2950 est,

484 2974 723 3031 fortasse
764 2975 1148 3046 explicaverit.
1179 2974 1290 3044 Ego
1330 2982 1511 3030 autem
1542 2975 1596 3029 in
1636 2976 1756 3046 ejus
1803 2979 2069 3034 absurdo-

481 3081 604 3120 rum
632 3067 924 3122 verborum
974 3081 1136 3122 como
1177 3081 1486 3123 sermonem
1535 3067 1815 3139 refugiens
1848 3071 2070 3126 immer-

479 3175 649 3230 gere,
719 3160 985 3230 potiorem
1050 3161 1172 3230 ejus
1248 3174 1513 3229 nugarum
1575 3169 1782 3230 partem
1873 3162 2068 3220 lubens

477 3255 697 3320 omitto,
732 3264 881 3310 ratus
918 3256 1001 3308 vel
1034 3269 1102 3307 ex
1149 3252 1269 3323 ipsa
1309 3252 1438 3307 libri
1473 3252 1708 3309 lectione
1733 3253 1854 3324 ejus
1892 3253 2070 3310 dicto-

479 3369 603 3408 rum
649 3349 910 3422 ineptiam
948 3347 1086 3405 satis
1127 3359 1410 3419 superque
1442 3345 1719 3419 rcdargui,
1765 3347 1838 3403 ita
1877 3355 1937 3403 ut
1971 3348 2066 3418 qui

480 3449 682 3501 acriter
731 3443 998 3498 adversus
1061 3442 1205 3496 hanc
1233 3441 1483 3496 haeresim
1545 3439 1726 3496 invehi
1767 3440 1917 3505 velit,
1952 3455 2062 3495 non

480 3545 593 3591 tam
623 3535 948 3605 excogitatis
979 3549 1009 3586 a
1053 3548 1114 3588 se
1159 3530 1497 3602 argumentis
1530 3545 1694 3601 quam
1723 3545 1791 3586 ex
1817 3530 2067 3602 ipsismet

481 3625 788 3682 adversarii
837 3625 1043 3689 verbis,
1102 3623 1350 3692 ejusdem
1405 3621 1711 3677 fatuitatem
1770 3637 2066 3693 coarguere

477 3720 692 3791 possit;
716 3717 916 3787 quibus
937 3716 1086 3772 enim
1111 3714 1420 3769 rationibus
1443 3713 1790 3769 mendacium
1817 3723 2066 3769 astruere

476 3818 733 3871 conatur,
767 3804 962 3861 iisdem
996 3804 1132 3874 ipsis
1161 3817 1272 3874 pra:
1319 3802 1537 3856 inﬁrma
1570 3811 1628 3856 et
1674 3800 1936 3856 imbecilli
1968 3801 2066 3856 de-

477 3899 729 3954 fensione
791 3896 1128 3965 impietatem
1189 3892 1462 3962 dogmatis
1522 3892 1609 3946 sui
1678 3891 1852 3960 palam
1909 3889 2060 3944 facit.

478 3991 693 4046 Etenim
721 3990 769 4044 si
803 3988 1026 4051 homini,
1076 3985 1274 4056 inquit,
1309 3985 1539 4054 perfecto
1565 3983 1746 4038 unitas
1784 3995 1862 4038 est
1894 3983 2062 4052 perfe-

477 4095 594 4137 ctus
627 4082 790 4145 Deus,
839 4079 945 4132 duo
986 4079 1190 4147 utique,
1229 4094 1335 4132 non
1383 4092 1546 4130 unum
1575 4084 1765 4130 essent.
1803 4073 2064 4146 lmperl'e-

476 4181 625 4227 ctum
659 4173 847 4242 itaque
877 4185 1000 4226 cum
1037 4168 1279 4238 perfecto
1331 4168 1687 4236 conjunctum
1720 4183 1818 4238 pro
1847 4169 2063 4224 duobus

477 4265 547 4319 ab
591 4266 711 4334 ipso
761 4277 873 4317 non
927 4262 1218 4316 habentur.
1275 4259 1496 4315 Viditne
1545 4274 1782 4330 unquam
1828 4261 2063 4316 eximius

475 4357 582 4411 iste
625 4355 712 4410 vir
766 4368 969 4426 pueros
1013 4368 1214 4408 manus
1263 4351 1469 4422 digitos
1512 4361 1922 4415 enumerantes,
1969 4354 2062 4422 qui

473 4463 706 4521 parvum
749 4461 856 4503 una
906 4462 1031 4501 cum
1069 4459 1268 4515 magno
1314 4452 1589 4510 numerat,
1633 4459 1802 4498 unum
1842 4444 2060 4514 quidem

474 4543 769 4604 minorem,
830 4539 1096 4608 majorem
1151 4539 1382 4591 alterum
1447 4536 1725 4589 nominat?
1783 4536 1890 4591 Sed
1953 4537 2062 4591 duo

473 4642 660 4687 tamen
713 4647 838 4686 esse
889 4630 1045 4690 dicit,
1108 4628 1154 4681 si
1215 4635 1509 4694 utrumque
1567 4625 1731 4678 simul
1791 4632 2058 4680 numeret.

474 4721 668 4778 Omnis
718 4724 866 4777 enim
922 4733 1188 4775 numerus
1257 4717 1530 4773 unitatum
1583 4726 1668 4772 est
1716 4719 2056 4789 aggregatio,

2171 2239 2388 2293 ἐλαϐεν
2443 2237 2630 2292 αὐτὸν
2675 2239 2744 2292 ἐκ
2782 2238 2900 2292 τῶν
2927 2239 3220 2308 ποιμνίων
3247 2238 3354 2293 τοῦ
3385 2241 3606 2308 πατρὸς
3642 2243 3750 2294 αὑ-

2170 2330 2277 2385 τοῦ
2309 2329 2444 2402 (⁵56).
2475 2329 2684 2384 Οὐκοῦν
2709 2331 2800 2384 καὶ
2826 2331 2854 2384 6
2883 2329 3022 2402 μετά
3057 2329 3215 2402 δόξης
3253 2331 3619 2402 προσληφθεὶς
3660 2334 3754 2385 ἀν-

2171 2421 2398 2493 ελήφθη,
2416 2423 2507 2475 καὶ
2523 2423 2587 2476 ὲκ
2601 2421 2707 2476 τῶν
2721 2423 2986 2492 ποιμνίων
3008 2422 3354 2493 ἀναληφθεὶς,
3376 2423 3749 2495 προσελήφθη.

2172 2516 2306 2587 Περὶ
2330 2516 2439 2588 γὰρ
2468 2514 2561 2569 τοῦ
2591 2514 2754 2570 αὐτοῦ
2787 2514 2858 2568 τὰ
2892 2515 3006 2585 ('57)
3039 2515 3133 2569 δύο
3171 2515 3338 2583 λέγει,
3376 2514 3516 2568 ὥστε
3543 2517 3594 2569 τί
3627 2516 3754 2586 βού-

2170 2605 2320 2660 λεται
2352 2609 2382 2660 6
2433 2605 2625 2675 λέγων,
2677 2606 2777 2659 οὐκ
2820 2605 3107 2677 ἀναλήψει,
3162 2605 3296 2659 ἀλλά
3333 2606 3633 2676 προσλήψει
3675 2607 3753 2676 τῷ

2170 2699 2464 2766 Μονογενεῖ
2489 2698 2551 2751 τὸ
2595 2698 2736 2752 κατὰ
2764 2697 2857 2751 τὸν
2896 2697 3182 2769 ἄνθρωπον
3220 2699 3620 2765 οἰκονομεῖσθαι
3653 2717 3754 2769 μυ-

2171 2791 2412 2861 στήριον,
2453 2790 2562 2844 οὐδ’
2595 2789 2662 2846 ἂν
2691 2789 2854 2853 αὐτὸς
2890 2790 3033 2843 εἴποι
3065 2790 3223 2860 τάχα.
3268 2789 3408 2858 Ἐγὼ
3451 2791 3506 2844 δὲ
3537 2791 3758 2860 φεύγων

2169 2884 2237 2952 τῇ
2274 2879 2379 2934 ἰλύῖ
2425 2879 2534 2934 τῶν
2570 2881 2962 2952 ἀσυναρτήτων
3009 2879 3175 2935 αὑτοῦ
3229 2882 3489 2952 ῥημάτων
3540 2884 3754 2940 συνδια-

2170 2972 2454 3038 ϐαπτίζειν
2477 2973 2567 3027 τὸν
2593 2973 2770 3042 λόγον,
2797 2973 2866 3027 τά
2891 2973 3062 3027 πολλά
3096 2975 3196 3045 τῆς
3225 2974 3494 3047 φλυαρίας
3528 2977 3750 3046 ἀφίημι,

2173 3064 2356 3118 ἱκανὸν
2403 3064 2622 3135 ἔλεγχον
2669 3062 2808 3119 εἶναι
2849 3065 2952 3136 τῆς
3007 3067 3244 3131 ἀτοπίας
3280 3067 3390 3120 τῶν
3444 3068 3765 3139 λεγομένων.

2169 3157 2431 3228 οἰόμενος,
2470 3157 2638 3230 αὐτὴν
2673 3159 2764 3212 ἐπὶ
2802 3158 3004 3225 λέξεως
3027 3157 3192 3213 αὑτοῦ
3230 3160 3332 3231 τὴν
3359 3159 3468 3213 τῶν
3505 3177 3753 3232 γεγραμ-

2172 3248 2349 3319 μένων
2386 3249 2710 3318 ἀνάγνωσιν,
2739 3249 2812 3312 ὼς
2847 3250 2943 3303 καὶ
2977 3250 3068 3304 τὸν
3100 3251 3345 3322 σφοδρῶς
3384 3252 3754 3324 καταδραμεῖν

2169 3342 2266 3413 τῆς
2305 3341 2570 3413 αἱρέσεως
2608 3341 2878 3407 ἐθέλοντα,
2913 3343 2988 3414 μή
3034 3343 3101 3396 ἂν
3149 3343 3398 3397 τοσοῦτον
3431 3343 3490 3409 ἐξ
3535 3346 3753 3400 οίκείων

2169 3434 2444 3506 λογισμῶν
2474 3433 2740 3502 διελέγξαι
2783 3433 2882 3505 τὴν
2916 3435 3166 3500 ἀτοπίαν,
3204 3435 3280 3500 ὡς
3322 3437 3484 3500 αὐτὸς
3509 3437 3537 3489 ὁ
3559 3437 3747 3506 λόγος.

2169 3528 2234 3582 δι’
2261 3521 2335 3581 ὧν
2367 3529 2475 3598 γάρ
2496 3527 2894 3592 κατασκευάζει
2933 3528 2994 3582 τὸ
3017 3529 3232 3599 ψεῦδος,
3263 3533 3320 3584 ἐν
3349 3534 3415 3603 τῇ
3447 3532 3633 3604 ἀτονία
3649 3533 3750 3604 τῆς

2168 3619 2494 3691 συνηγορίας
2526 3619 2834 3690 ἀπογυμνοῖ
2865 3619 2963 3692 τὴν
2984 3621 3258 3675 ἀσέϐειαν.
3287 3624 3399 3678 Καὶ
3428 3625 3538 3692 γὰρ
3561 3627 3610 3679 εί
3638 3626 3751 3679 ἀνα

2168 3711 2378 3780 θρώπῳ
2411 3713 2637 3780 τελείῳ,
2674 3713 2830 3782 φησι,
2866 3708 3150 3783 συνῆφθη
3186 3715 3331 3783 Θεὸς
3359 3715 3601 3783 τέλειος,
3637 3717 3750 3772 δύο

2165 3804 2244 3857 ἂν
2267 3799 2449 3874 ἦσαν.
2479 3805 2551 3857 Τὸ
2577 3803 2634 3857 δὲ
2655 3805 2843 3868 ἀτελὲς
2867 3804 2975 3876 ἄρα
2999 3805 3078 3876 τῷ
3103 3807 3291 3878 τελείῳ
3317 3809 3748 3879 συντεθειμένον,

2164 3894 2265 3946 οὐκ
2297 3895 2355 3944 ὲν
2389 3893 2501 3964 (58)
2540 3893 2690 3947 δυάδι
2719 3894 2851 3964 παρ’
2877 3894 3040 3948 αὑτοῦ
3077 3895 3379 3967 θεωρεῖται.
3406 3899 3519 3951 Οὐκ
3554 3893 3691 3950 εἶδεν
3717 3901 3748 3951 6

2165 3985 2445 4052 γεννάδας,
2492 3984 2616 4038 οὐδὲ
2657 3984 2846 4038 παιδία
2875 3986 3004 4038 ποτὲ
3046 3987 3170 4051 τοὺς
3204 3987 3294 4040 ἐπὶ
3344 3987 3446 4058 τῆς
3487 3989 3747 4061 παλάμης

2164 4075 2459 4140 δακτύλους
2501 4075 2960 4147 ὲξαριθμούμενα,
2991 4079 3018 4130 ὁ
3064 4078 3154 4132 τὸν
3186 4078 3381 4150 μικρὸν
3424 4081 3504 4150 τῷ
3541 4080 3747 4152 μείζονι

2167 4169 2392 4239 συναριθ
2403 4169 2539 4239 μῶν,
2571 4170 2667 4224 ἕνα
2693 4171 2791 4239 μὲν
2818 4170 3073 4241 ὀνομάζει
3102 4173 3192 4226 τὸν
3217 4171 3624 4244 ἐλαττούμενον,
3650 4177 3750 4235 καὶ.¹

2165 4263 2257 4314 ἕνα
2280 4262 2368 4316 τὸν
2390 4263 2755 4333 ὑπερέχοντα;
2788 4267 2890 4318 Δύο
2923 4265 2978 4318 δὲ
3005 4267 3152 4336 ὅμως
3178 4261 3319 4320 εἷναί
3346 4283 3531 4336 φησιν,
3553 4269 3601 4319 εί
3626 4266 3743 4337 μετ’

2163 4355 2407 4425 ἀλλήλων
2449 4355 2788 4427 ἀμφοτέρους
2825 4358 3091 4425 λογίζοιτο
3130 4358 3265 4428 (59).
3306 4360 3420 4422 Πᾶς
3458 4358 3568 4430 γάρ
3619 4360 3747 4429 ἀρι-

2165 4444 2299 4514 θμὸς
2323 4444 2434 4514 (40)
2464 4446 2708 4515 μονάδων
2730 4446 2846 4499 ἐστὶ
2885 4447 3152 4512 σύνθεσις,
3180 4450 3240 4502 τὸ
3266 4450 3648 4522 ἀθροιζόμενον
3677 4453 3747 4505 ὲκ

2162 4537 2365 4590 τούτων
2395 4540 2453 4591 ὲν
2491 4538 2768 4610 κεφαλαίῳ
2814 4542 3112 4610 σημαίνων.
3143 4542 3203 4594 Ei
3239 4541 3295 4594 δὲ
3322 4544 3384 4594 τὸ
3417 4542 3743 4614 ἀριθμητὸν,

2161 4630 2190 4682 ὅ
2236 4627 2288 4682 τί
2317 4647 2420 4700 περ
2469 4630 2534 4683 ἂν
2572 4626 2627 4704 ᾗ,
2659 4633 2737 4702 τῷ
2770 4633 3256 4708 συναριθμουμένῳ
3285 4635 3742 4708 παρατιθέμενον,

2162 4720 2304 4773 κατὰ
2331 4722 2427 4792 τὴν
2473 4723 2585 4789 (lii)
2617 4723 2953 4795 πηλικότητα
2983 4724 3263 4790 πλεονάζει
3298 4727 3377 4797 τῷ
3404 4729 3554 4799 δγκῳ
3590 4727 3746 4797 παρά

475 4815 788 4871 summatim
830 4811 976 4883 quod
1026 4827 1089 4865 ex
1129 4810 1198 4864 iis
1252 4809 1572 4878 congeritur
1605 4809 1896 4863 denotans.
1939 4808 2056 4864 Etsi

2168 4813 2220 4866 τὸ
2247 4813 2465 4867 ἔλαττον
2499 4815 2630 4885 (42),
2666 4817 2722 4870 ἓν
2770 4819 2864 4872 καὶ
2902 4819 2962 4871 τὸ
2993 4820 3380 4890 ἐλαττούμενον
3426 4821 3600 4883 ἔσται,
3635 4820 3744 4874 κᾶν

475 4919 658 4962 autem
703 4906 848 4976 quod
896 4903 1178 4959 numerari
1211 4911 1412 4972 potest,
1456 4901 1838 4970 qualecunque
1865 4900 2051 4967 fuerit,

473 5001 656 5062 alteri,
681 4999 825 5069 quod
862 5013 970 5052 una
1001 5011 1125 5050 cum
1164 4995 1284 5064 ipso
1315 5000 1663 5055 numeratur,
1709 4993 2052 5061 adiunctum,

474 5091 782 5161 quantitate
801 5094 1021 5158 superet
1063 5085 1116 5139 id
1147 5083 1295 5155 quod
1328 5084 1512 5140 minus
1538 5093 1662 5149 est;
1697 5083 2054 5139 nihilominus

545 5278 563 5308 ⁷
601 5274 746 5330 Psal.
779 5287 950 5336 Lxxn,
1005 5271 1098 5330 24.
1174 5269 1196 5301 ⁸
1232 5268 1379 5324 Psal.
1404 5284 1610 5332 Lxxvn,
1643 5267 1730 5324 70.

553 5499 665 5566 (33)
699 5497 831 5563 Quae
879 5494 1246 5552 semicirculis
1285 5491 1648 5547 includuntur
1690 5505 1837 5545 corr.
1886 5505 2048 5545 manu

477 5583 605 5628 sunt
647 5569 852 5623 addita.

549 5640 659 5702 ιόϐ)
701 5638 877 5707 Super
896 5636 1062 5690 verba
1108 5634 1222 5696 illa,
1269 5632 1616 5707 τού-πατρὸς
1667 5629 1856 5707 αὐτού,
1904 5647 2052 5686 corr.

475 5712 714 5780 sei-ipsit,
743 5701 1052 5780 προϐάτων,
1079 5714 1138 5780 ut
1166 5719 1289 5780 cu_m
1337 5701 1713 5780 LXXd‘ntcrup.
1749 5702 2052 5780 edit:_con-

477 5772 686 5842 ουνιῖυι,
704 5772 845 5848 qua:
877 5777 1055 5832 habet.
1072 5776 1154 5848 ἐκ
1179 5773 1285 5828 τῶν
1310 5773 1576 5828 ποιμνίων
1607 5773 1714 5825 τῶν
1739 5772 2048 5842 προῦάτων.

552 5853 661 5909 (57)
691 5845 846 5904 corr.
881 5855 985 5900 art.
1021 5845 1147 5900 add.

546 5922 657 5993 (58)
683 5920 829 5975 Part.
855 5919 952 5971 οὐκ
971 5918 1047 5983 ἐν,
1069 5933 1096 5970 a
1125 5932 1295 5978 corn.
1317 5929 1483 5971 sensu
1512 5914 1582 5968 ita
1611 5922 1892 5983 pust-cute,
1921 5921 2050 5970 sunt

2159 4906 2382 4979 ἐλλείπῃ
2427 4909 2487 4961 τὸ
2527 4910 2775 4979 μέγεθος.
2810 4913 2926 4965 ”Οτ’
2959 4912 3024 4966 ἂν
3066 4913 3160 4984 μὲν
3198 4910 3292 4968 οὖν
3327 4914 3615 4984 ἰσομεγέθη
3646 4913 3745 4967 δύο

2160 4997 2238 5067 τῷ
2267 4998 2484 5070 ἀριθμῷ
2517 5001 2879 5073 διαλάϐωμεν,
2918 5004 3010 5058 δύο
3041 5006 3218 5059 τέλεια
3254 5005 3482 5077 λέγομεν
3506 5022 3520 5035 ·
3558 5005 3634 5060 ὅτ’
3672 5004 3747 5060 ἂν-

2159 5090 2216 5143 δὲ
2245 5090 2324 5160 τῷ
2359 5092 2547 5164 τελείῳ
2566 5095 2626 5147 τὸ
2651 5095 2836 5150 λειπὺν
2867 5099 3375 5171 συναριθμήσωμεν,
3404 5099 3498 5154 δύο
3527 5100 3624 5172 μὲν
3644 5099 3744 5154 καὶ

2162 5493 2380 5549 additae.

2234 5566 2348 5706 (59)
2377 5569 2454 5620 lta
2483 5581 2653 5629 curn,
2688 5577 2868 5625 antea.
2902 5570 3191 5640 νομίζοιτο.

2257 5635 2346 5701 ¹40)
2388 5635 2448 5691 In
2487 5653 2663 5706 marg.
2705 5638 2956 5706 ἀριθμός,
2999 5658 3191 5696 manu:

2257 5635 2346 5701 ¹40)
2388 5635 2448 5691 In
2487 5653 2663 5709 marg.
2705 5635 3162 5710 ἀριθμός,ἰη;ιιιυ
3187 5653 3341 5710 aeque
3368 5643 3538 5697 veteri
3575 5652 3734 5699 nota-

2165 5715 2218 5760 ΠΙ
2227 5722 2270 5760 1⁵.

2232 5777 2345 5853 (at)
2379 5775 2454 5853 l_ta
2493 5793 2660 5840 corr.,
2698 5781 3042 5853 antcarcapa‘t
3075 5782 3192 5853 try:

2235 5845 2440 5929 (_42)-ln
2467 5864 2638 5929 marg:
2673 5865 2789 5904 cor.
2827 5845 3139 5929 add-abbati
3166 5848 3351 5925 ἦττον,
3398 5873 3522 5929 qua
3566 5871 3736 5913 voces

2157 5911 2416 5974 addenda:
2452 5911 2751 5975 suntvfut'tc
2772 5929 2895 5992 post
2919 5921 3156 5976 ἔλαττον.
