4120 6394
299 475 437 533 6213

1469 469 1838 529 ADVERSUS
1874 467 2387 526 APOLLINAREM.

3411 464 3545 520 12M

295 599 436 652 οὕτω
467 596 581 667 (45)
615 595 814 666 φαμὲν,
844 593 978 648 ἀλλά
999 591 1060 647 τὸ
1083 593 1181 665 μὲν
1203 591 1465 657 ἐλλειπὲς,
1489 592 1549 645 τὸ
1573 592 1629 645 δὲ
1649 592 1872 648 τέλειον.

1990 605 2148 644 unum
2179 605 2395 660 quoque
2430 604 2526 659 per
2550 602 2610 644 se
2630 586 2736 643 erit
2764 586 2911 658 quod
2938 587 3121 642 minus
3156 594 3260 649 est,
3301 585 3552 654 quamvis

309 690 368 743 '0
398 688 456 743 δὲ
487 687 655 750 πολὺς
681 679 836 750 οὗτος
855 684 997 738 κατά
1025 684 1125 755 τὴν
1149 683 1518 755 ἀριθμητικὴν
1542 683 1875 753 ἐπιστήμην,

297 781 346 833 εί
381 779 480 850 μὲν
509 777 730 840 τελείως
760 776 1020 846 ἑκάτερον
1054 773 1196 828 κατὰ
1223 773 1322 844 τὴν
1345 770 1513 826 αὑτοῦ
1553 771 1715 840 φύσιν
1739 771 1876 841 ἔχει,

295 870 388 923 δύο
419 870 549 940 φησι
591 867 840 936 λέγεσθαι
869 868 937 921 τὰ
965 865 1108 920 οὕτω
1157 865 1422 934 λεγόμενα
1444 882 1459 897 ο
1495 865 1542 918 εἰ
1591 864 1646 917 δέ
1681 864 1742 917 τὸ
1782 863 1879 934 μὲν

298 961 554 1025 ἐλλείποι,
597 960 660 1013 τὸ
689 959 745 1012 δέ
782 958 968 1029 ἓτερον
997 957 1199 1009 τέλειον
1240 955 1346 1026 εἴη,
1383 955 1440 1010 ἐν
1474 955 1758 1026 ἀμφότερα
1789 971 1882 1024 γε-

298 1051 484 1106 νέσθαι
513 1052 648 1122 (44),
675 1051 774 1104 οὐκ
801 1045 918 1102 οἶδα
949 1049 1098 1110 ὅπως
1127 1045 1190 1098 τὸ
1218 1047 1405 1110 ἀτελὲς
1439 1045 1773 1115 συναλείφων
1803 1044 1881 1115 τῷ

301 1143 694 1217 περιττεύοντι,
744 1143 838 1195 καὶ
891 1140 980 1194 διὰ
1030 1140 1141 1194 τῶν
1199 1139 1456 1193 ἐναντίων
1504 1136 1736 1190 ἐπινοῶν
1766 1139 1882 1200 τοῖς

299 1233 636 1305 ἀσυμϐἀτοις
663 1231 762 1302 τὴν
792 1232 984 1284 ἕνωσιν
1013 1231 1146 1298 (45).
1178 1228 1392 1282 Τέλειον
1414 1226 1524 1298 γὰρ
1552 1227 1762 1296 τελείῳ,
1789 1227 1881 1280 καὶ

300 1326 489 1388 ἀτελὲς
528 1325 708 1378 ἀτελεῖ
758 1323 957 1394 μᾶλλον
997 1321 1297 1394 ἁρμόζεται
1341 1323 1408 1392 τῇ
1443 1320 1738 1391 ὁμοιότητι.
1771 1320 1884 1390 Τῆς

301 1417 357 1470 δὲ
384 1416 481 1470 τοῦ
516 1415 758 1470 ἐναντίου
795 1415 931 1486 πρὸς
965 1413 1025 1466 τὸ
1057 1412 1295 1466 ἐναντίον
1329 1409 1596 1474 ὲνώσεως,
1630 1409 1724 1463 τοῦ
1757 1411 1884 1464 ἀτε-

302 1507 427 1571 λοῦς
457 1525 598 1576 φημι
628 1505 764 1578 πρὸς
791 1505 852 1557 τὸ
882 1504 1105 1564 τέλειον,
1148 1502 1351 1572 λεγέτω
1374 1501 1465 1554 τὸν
1491 1501 1690 1572 τρόπον
1729 1502 1757 1554 6
1786 1501 1887 1571 τῆς

302 1599 497 1669 καινῆς
522 1596 726 1667 ταύτης
750 1593 1121 1666 ἀριθμητικῆς
1141 1591 1455 1663 νομοθέτης.
1509 1647 1515 1652 ,

1977 683 2360 752 magnitudine
2425 690 2715 751 superetur
2755 681 2824 735 ab
2865 681 3059 736 altero.
3109 678 3340 745 Quando
3389 678 3554 747 igitur

1975 771 2086 827 duo
2115 773 2344 841 aequalis
2374 770 2763 843 magnitudinis
2800 778 3185 840 supputamus.
3237 767 3347 822 duo
3376 765 3554 838 perfe-

1973 873 2063 919 cta
2117 865 2390 933 dicimus;
2441 865 2662 936 quando
2710 878 2840 917 vero
2880 861 3024 932 quod
3074 861 3256 914 minus
3306 867 3390 914 est
3447 873 3554 911 una

1975 972 2101 1012 cum
2137 957 2330 1026 majori
2372 971 2747 1018 numeramus,
2788 955 2897 1010 duo
2929 954 3179 1024 equidem
3215 960 3345 1007 tunc
3389 953 3554 1006 etiam

1977 1048 2235 1112 dicimus,
2270 1048 2364 1103 sed
2407 1047 2539 1103 illud
2579 1047 2799 1117 quidem
2834 1045 3237 1116 imperfectum,
3283 1045 3386 1098 hoc
3425 1058 3556 1098 vero

1980 1139 2282 1210 perfectum
2305 1155 2590 1194 vocamus.
2623 1139 2688 1192 At
2725 1138 2828 1194 iste
2873 1139 2927 1192 in
2981 1136 3325 1192 arithmetica
3372 1135 3558 1190 excel-

1979 1232 2098 1287 lens
2143 1229 2424 1298 facultate,
2461 1232 2507 1287 si
2541 1239 2834 1300 utrumque
2883 1244 2982 1285 sua
3014 1237 3209 1283 natura
3255 1228 3554 1299 perfectum

1979 1330 2084 1387 est,
2111 1321 2220 1376 duo
2252 1322 2358 1376 dici
2406 1323 2514 1378 ait:
2557 1323 2604 1378 si
2647 1338 2775 1377 vero
2825 1337 2992 1376 unum
3034 1321 3254 1391 quidem
3296 1318 3557 1389 imperfe~

1981 1420 2155 1478 ctum,
2222 1414 2454 1468 alterum
2516 1430 2648 1468 vero
2698 1412 3002 1484 perfectum
3049 1413 3141 1477 sit,
3195 1427 3262 1468 ex
3325 1420 3561 1480 utroque

1985 1519 2156 1558 unum
2209 1504 2328 1559 fieri
2374 1513 2551 1574 putat,
2585 1507 2774 1560 nescio
2816 1520 2925 1575 quo
2969 1515 3128 1574 pacto
3177 1501 3561 1572 imperfectum

1987 1610 2112 1650 cum
2159 1597 2519 1665 praestantiori
2566 1595 2934 1659 confundens,
2983 1602 3038 1650 et
3081 1595 3168 1649 his
3213 1609 3336 1664 qua:
3390 1592 3558 1647 simul

302 1700 452 1746 stare
477 1706 586 1746 non
625 1698 877 1760 possunt,
914 1688 1000 1742 vel
1022 1703 1087 1742 ex
1118 1702 1185 1741 eo
1206 1685 1353 1757 quod
1420 1685 1566 1740 inter
1597 1700 1657 1741 se
1722 1687 2000 1742 contraria
2055 1683 2167 1744 sint
2213 1691 2469 1745 unionem
2515 1689 2798 1762 afﬁngens.
2876 1690 3014 1744 Nam
3058 1689 3359 1760 perfectum
3435 1702 3561 1742 cum

303 1780 544 1852 perfecto
583 1788 637 1835 et
672 1778 1050 1849 imperfectum
1083 1793 1208 1832 cum
1243 1775 1567 1847 imperfecto
1598 1775 1780 1846 potius
1803 1779 1874 1833 ob
1912 1780 2328 1836 similitudinem
2353 1783 2718 1852 cepulantur;
2753 1797 2863 1852 qua
2895 1781 3109 1836 ratione
3175 1789 3356 1835 autem
3425 1794 3562 1833 eon—

307 1872 538 1926 trarium
569 1885 694 1926 cum
733 1870 1034 1932 contrario,
1071 1869 1175 1923 hoc
1224 1876 1310 1926 est
1344 1867 1720 1939 imperfectum
1757 1883 1883 1924 cum
1923 1870 2167 1942 perfecto
2201 1873 2454 1944 junctum
2491 1888 2659 1928 unum
2704 1872 2818 1939 tiat,
2859 1887 3012 1927 novae
3080 1871 3244 1942 hujus
3306 1869 3566 1926 arithme-

314 1972 440 2026 ticae
467 1969 782 2039 regularum
817 1968 1070 2023 conditor
1097 1966 1265 2022 dicat.

377 2062 490 2132 (46)
537 2060 676 2114 Ἀλλ’
700 2060 813 2129 οὐχ’
859 2061 1074 2131 ἡγεῖται
1121 2058 1353 2128 πρέπειν
1381 2056 1721 2129 ἀνθρώπινον
1760 2057 1884 2112 νοῦν

2057 2054 2170 2109 XL.
2217 2054 2320 2111 Sed
2367 2056 2511 2110 haud
2556 2056 2752 2111 decere
2781 2061 2938 2124 putat
2984 2053 3277 2108 humanam
3329 2065 3567 2112 mentem

305 2153 436 2224 περὶ
470 2151 561 2205 τὸν
588 2151 870 2221 Μονογενῆ
918 2150 1049 2203 Θεὸν
1081 2151 1304 2212 ἐννοεῖν,
1343 2150 1438 2203 καὶ
1467 2151 1565 2221 τὴν
1593 2151 1772 2204 αἰτίαν
1799 2150 1885 2203 λέ-

306 2261 414 2312 γει,
445 2243 527 2296 ὅτι
550 2241 779 2312 τρεπτὸς
799 2242 826 2293 6
850 2239 973 2302 νοῦς
999 2241 1027 2292 6
1053 2238 1411 2311 ἀνθρώπινος.
1439 2238 1646 2293 Οὐκοῦν
1671 2240 1699 2292 6
1725 2238 1886 2302 αὐτὸς

306 2335 462 2403 λόγος
499 2333 632 2403 μηδέ
661 2332 760 2402 τὴν
795 2330 975 2402 σάρκα
1010 2330 1087 2400 τῷ
1115 2329 1232 2402 Θεῷ
1260 2329 1612 2399 συγχωρείτω
1634 2344 1648 2357 ⁶
1684 2328 1745 2382 τὸ
1777 2328 1886 2401 γὰρ

307 2422 546 2496 τρεπτὴν
581 2423 749 2492 αὐτὴν
787 2417 948 2483 εἷναι,
1000 2421 1122 2474 οὐδέ
1168 2422 1196 2472 ὁ
1247 2419 1584 2491 λογογράφος
1623 2420 1886 2487 ἀντείποι,

309 2517 418 2572 ἀπὸ
459 2515 705 2584 νεότητος
757 2513 918 2583 μέχρι
961 2511 1308 2574 τελειώσεως,
1359 2510 1548 2582 ὥσπερ
1591 2510 1885 2582 ἐνδύματα,

313 2605 744 2677 μετενδυομένην
765 2605 864 2668 τὰς
888 2604 1121 2676 ἡλικίας.
1162 2606 1232 2656 Ἢ
1263 2602 1381 2666 πῶς
1414 2603 1516 2656 οὐκ
1544 2598 1613 2674 ἦν
1636 2602 1886 2674 τρεπτὸς,

310 2702 340 2753 6
369 2699 630 2770 πρότερον
661 2697 771 2767 (47)
808 2695 892 2749 ἐπ’
929 2695 1133 2766 ὠλένης
1163 2696 1268 2750 ὑπὸ
1295 2697 1391 2767 τῆς
1427 2695 1631 2768 μητρὸς
1669 2694 1893 2765 κομιζό-

315 2807 494 2861 μενος.
525 2785 640 2842 εἶτα
669 2789 726 2840 ἐν
767 2788 1017 2851 παιδίοις,
1053 2783 1171 2843 εἶτα
1217 2790 1274 2841 ἐν
1321 2788 1626 2859 μειρακίοις
1671 2788 1892 2858 γινόμε-

314 2898 403 2944 νος
426 2882 560 2948 (48),
597 2880 694 2934 καὶ
725 2879 867 2933 οὕτω
897 2880 1018 2932 κατ’
1064 2879 1243 2947 ὀλίγον
1278 2877 1555 2950 προελθὼν
1597 2881 1676 2942 είς
1704 2879 1764 2931 τὸ
1804 2879 1893 2932 τέ-

312 2971 474 3034 λειον,
504 2970 644 3024 ὥστε
678 2972 757 3033 είς
787 2970 900 3040 (49)
932 2969 994 3022 τὸ
1031 2969 1226 3041 μέτρον
1260 2969 1359 3039 τῆς
1391 2968 1737 3040 ἀνθρωπίνης
1775 2969 1894 3039 ἡλι-

314 3065 438 3127 κίας
464 3063 675 3128 ἐλθεῖν;
724 3064 785 3115 Εἰ
826 3057 918 3115 οὖν
943 3062 972 3113 ὁ
1015 3060 1141 3123 νοῦς
1171 3060 1259 3114 διὰ
1288 3061 1350 3114 τὸ
1381 3062 1612 3132 τρεπτὸν
1655 3060 1892 3114 ἀναϐάλ-

1993 2143 2048 2198 in
2086 2143 2376 2214 Unigenito
2424 2144 2535 2198 Deo
2583 2159 2904 2214 agnoscere,
2952 2143 3114 2212 cujus
3163 2145 3239 2198 rei
3295 2144 3566 2200 rationem

1994 2235 2169 2290 reddit
2205 2235 2350 2306 quod
2391 2235 2603 2292 scilicet
2648 2251 2804 2290 mens
2849 2236 3090 2291 hominis
3133 2245 3218 2291 est
3264 2237 3566 2293 mutabilis.

1991 2327 2156 2398 Atqui
2187 2326 2376 2382 eadem
2420 2327 2634 2382 ratione
2660 2343 2836 2398 neque
2878 2343 3102 2384 carnem
3133 2327 3246 2383 Deo
3273 2329 3567 2396 concedet;

1994 2433 2122 2472 nam
2167 2427 2221 2474 et
2264 2433 2485 2474 carnem
2518 2419 2831 2474 mutabilem
2877 2434 3006 2475 esse
3058 2435 3160 2474 nec
3200 2421 3304 2476 iste
3336 2420 3572 2491 scriptor

1995 2511 2235 2582 negabit,
2266 2525 2390 2566 cum
2432 2526 2517 2577 ea,
2558 2512 3010 2567 vestimentorum
3047 2512 3242 2577 instar,
3284 2514 3353 2569 ab
3388 2514 3573 2569 adole-

1997 2604 2203 2660 scentia
2231 2619 2412 2674 usque
2440 2604 2509 2657 ad
2543 2604 2844 2674 perfectum
2879 2605 3120 2662 hominis
3151 2608 3571 2674 incrementum,

1997 2697 2178 2752 varias
2215 2704 2407 2751 aetates
2457 2697 2668 2750 induat.
2706 2697 2802 2752 Vel
2833 2701 3108 2769 quomodo
3142 2701 3428 2755 mutationi
3463 2717 3575 2757 non

1997 2799 2117 2843 erat
2157 2789 2564 2868 obnoxius_qui
2599 2789 2753 2860 prius
2788 2791 2841 2845 in
2888 2793 3032 2848 ulnis
3057 2808 3086 2846 a
3119 2803 3291 2850 matre
3318 2795 3573 2865 gestaba-

1999 2887 2108 2944 tur,
2157 2887 2212 2932 et
2244 2879 2440 2934 deinde
2491 2878 2694 2944 infans,
2728 2896 2852 2935 mox
2903 2882 3224 2939 adolescens
3269 2887 3466 2952 evasit,
3499 2893 3578 2940 at-

1999 2987 2107 3041 que
2150 2973 2226 3024 ita
2275 2971 2536 3040 paulatim
2580 2987 2647 3026 eo
2695 2988 2870 3042 usque
2917 2976 3252 3031 maturitatis
3278 2988 3575 3046 provectus

2001 3061 2106 3116 fuit
2139 3073 2198 3117 ut
2235 3065 2302 3117 ad
2331 3063 2508 3117 virilis
2538 3063 2714 3120 aetatis
2752 3071 2955 3118 statum
3009 3069 3360 3137 pervenerit?
3390 3069 3578 3140 Itaque

3580 1331 3599 1357 ὕ

3576 1368 3586 1415 ι

314 3154 466 3208 λεται
500 3154 633 3222 (50),
667 3143 756 3208 δίἀ
791 3154 892 3224 τὴν
929 3153 1098 3224 αὐτὴν
1130 3152 1328 3214 αἰτίαν,
1379 3153 1513 3222 μηδὲ
1553 3155 1587 3223 ἡ
1621 3152 1756 3224 σὰρξ
1801 3152 1892 3205 ὑπ’

315 3244 483 3301 αὐτοῦ
534 3244 940 3315 συγχωρείσθω,
988 3244 1080 3297 καὶ
1133 3243 1274 3297 οὕτω
1320 3243 1509 3313 ψευδὲς
1568 3244 1686 3297 κατ’
1733 3244 1886 3297 αὐτὸν

2001 3243 2070 3298 de
2105 3258 2270 3300 causa
2309 3259 2410 3299 nec
2445 3259 2578 3299 caro
2613 3244 2683 3299 ab
2723 3246 2846 3316 ipso
2873 3246 3090 3303 admitti
3137 3247 3296 3304 debet
3340 3252 3392 3305 in
3419 3252 3581 3307 Chri-

315 3336 658 3408 δειχθὴσεται
696 3337 804 3403 (5|)
842 3337 902 3392 τὸ
943 3335 1274 3405 Εὑαγγέλιον
1317 3336 1485 3398 ἆπαν,
1521 3337 1615 3390 καὶ
1654 3337 1808 3390 κενὸν
1835 3335 1886 3389 τὲ

2003 3342 2125 3402 ειο;
2172 3349 2348 3404 eoque
2399 3343 2562 3405 pacto
2620 3335 2817 3392 falsum
2861 3353 2925 3392 ex
2977 3339 3098 3408 ejus
3151 3343 3421 3396 sententia
3455 3358 3582 3400 esse

319 3430 601 3500 κήρυγμα,
643 3429 738 3482 καὶ
769 3429 973 3501 ματαία
1003 3431 1035 3498 ή
1068 3429 1267 3491 πίστις.
1296 3429 1357 3481 Εἰ
1385 3429 1443 3482 δὲ
1471 3428 1569 3482 οὐκ
1590 3429 1886 3481 ἀπιστεῖται

2004 3428 2404 3481 monstrabitur
2454 3442 2617 3482 omne
2665 3428 3040 3499 Evangelium,
3091 3432 3308 3487 inanem
3357 3450 3581 3506 quoque

315 3517 378 3572 τὸ
416 3519 472 3569 ὲν
504 3519 667 3588 σαρκὶ
707 3517 1147 3588 πεςςανερῶσθαι,
1189 3517 1482 3590 καὶταύτῃ
1521 3521 1754 3590 τρεπτῇ,
1778 3519 1886 3572 οὺδέ

2002 3517 2453 3587 praedicationem
2495 3529 2551 3574 et
2605 3535 2799 3574 vanam
2845 3521 3030 3576 ﬁdem.
3082 3521 3270 3594 Itaque
3313 3526 3359 3580 si
3405 3527 3584 3581 credit

317 3607 380 3659 τὸ
410 3603 521 3675 (5‘2)
555 3605 678 3658 νοῦν
710 3607 924 3669 πάντως
953 3606 1036 3660 διὰ
1066 3609 1166 3677 τὴν
1192 3605 1361 3676 αὐτὴν
1389 3607 1565 3660 αἰτίαν
1596 3607 1886 3677 ἀπόϐλητοι

2002 3608 2288 3664 Christum
2335 3610 2390 3664 in
2437 3625 2613 3667 carne
2663 3627 2836 3682 eaque
2874 3614 3123 3669 mutabili
3170 3617 3578 3674 manifestatum

321 3696 432 3767 ἔχει
467 3696 578 3763 (55)
603 3713 616 3726 °
651 3695 763 3749 ἀλλ’
811 3695 999 3764 ὥσπερ
1032 3698 1088 3747 ἐν
1127 3697 1288 3764 σαρκὶ
1318 3695 1609 3766 γενόμενος
1638 3698 1738 3749 οὐκ
1775 3699 1886 3768 ἐμοι

2005 3700 2198 3766 fuisse,
2231 3706 2350 3771 pari
2381 3719 2600 3772 quoque
2625 3705 2836 3760 ratione
2868 3716 3102 3762 mentem
3133 3707 3186 3762 in
3232 3709 3422 3764 eodem
3464 3725 3584 3764 om-

319 3785 509 3858 λύνθη,
534 3785 706 3848 οὕτως
722 3785 841 3840 οὐδὲ
857 3785 947 3838 τὸν
970 3785 1094 3838 νοῦν
1124 3786 1587 3857 παραδεξάμενος,
1603 3790 1680 3852 εἰς
1699 3789 1886 3859 τροπὴ)

2005 3793 2138 3846 nino
2167 3792 2330 3848 debet
2371 3808 2709 3864 agnoscere:
2744 3796 2838 3850 sed
2865 3798 3327 3866 quemadmodum
3358 3815 3582 3856 carnem

320 3877 610 3947 ἠλοοιώθη.
652 3876 820 3931 Πάλιν
869 3876 924 3928 δὲ
969 3878 1058 3930 τὸν
1098 3878 1259 3930 αὑτὸν
1301 3878 1649 3949 ύπολήψομαι
1680 3880 1790 3950 (54)
1817 3881 1886 3933 λόι

2007 3899 2298 3939 assumens
2325 3885 2564 3954 pollutus
2607 3901 2714 3940 non
2746 3897 2866 3953 est,
2921 3888 2993 3941 ita
3039 3897 3093 3943 et
3131 3897 3365 3945 mentem
3407 3893 3586 3947 susci-

321 3985 439 4038 γον,
483 3968 775 4039 ἐκθέμενος
813 3967 911 4038 τὴν
959 3969 1116 4039 ῥῆσιν
1163 3969 1328 4022 αὑτοῦ
1377 3971 1468 4023 ἐπὶ
1519 3970 1733 4038 λέξεως.
1784 3974 1886 4026 Οὐκ

2019 3977 2196 4044 piens,
2235 3990 2344 4029 non
2375 3984 2460 4031 est
2490 3976 2544 4030 in
2591 3979 2757 4031 alium
2786 3995 3110 4036 conversus.
3148 3981 3363 4039 Rursus
3403 3993 3583 4040 autem

323 4061 458 4128 ἄρα,
495 4061 648 4131 φησι,
680 4058 921 4120 σώζεται
957 4060 1021 4113 τὸ
1055 4061 1430 4128 ἀνθρώπινον
1465 4063 1637 4130 γένος
1661 4063 1733 4116 δι’
1763 4065 1886 4118 ἀνα·

2011 4068 2113 4119 hac
2169 4065 2237 4120 de
2273 4081 2332 4122 re
2375 4081 2688 4121 sermonem
2738 4068 3054 4135 instituam,
3109 4071 3206 4125 sed
3261 4081 3422 4127 antea
3465 4075 3584 4144 ejus

323 4152 572 4221 λήψεως
591 4151 726 4215 νοῦ,
756 4151 856 4204 καὶ
888 4151 1035 4206 ὅλου
1061 4151 1374 4219 ἀνθρώπου
1391 4170 1405 4184 ο
1429 4154 1589 4208 ἀλλὰ
1611 4153 1708 4208 διὰ
1729 4170 1886 4223 προσ

2007 4156 2314 4212 orationem
2343 4157 2550 4212 eisdem
2579 4159 2760 4214 verbis
2788 4158 3042 4215 referam.
3072 4160 3380 4216 Humanum
3409 4165 3586 4237 itaque

323 4243 567 4311 ,λήψεως
583 4243 826 4311 σαρκὸς,
847 4235 888 4313 ᾖ
913 4243 1176 4312 φυσικὸν
1191 4243 1390 4314 pene
1414 4245 1882 4314 ἡγεμονεύεσθαι

2008 4265 2191 4318 genus,
2247 4251 2347 4312 ait.
2387 4265 2480 4319 per
2530 4253 2943 4320 assumptionem
2986 4256 3173 4309 mentis
3231 4266 3384 4326 atque
3423 4235 3584 4314 totius

325 4331 514 4385 ἐδεῖτο
541 4331 611 4384 δὲ
651 4331 946 4400 ἀτρέπτου
987 4332 1118 4395 νοῦ,
1161 4331 1247 4402 μὴ
1276 4335 1722 4400 ὑποπίπτοντας
1753 4335 1886 4402 αὐτ)

2015 4340 2242 4395 hominis
2273 4359 2379 4396 non
2423 4343 2687 4407 solvatur,
2716 4343 2808 4398 sed
2843 4360 2936 4413 per
2974 4349 3355 4416 susceptionem
3382 4353 3582 4418 carnis,

325 4423 425 4478 διὰ
468 4424 966 4492 ἐπιστημοσύνης
1017 4425 1358 4488 ἀσθένειαν,
1399 4428 1558 4481 ἀλλὰ
1605 4430 1886 4498 συναρμό-

2013 4433 2098 4485 cui
2129 4449 2160 4485 α
2191 4443 2386 4485 natura
2417 4433 2495 4486 ita
2524 4445 2889 4502 comparatum
2922 4445 3000 4490 est
3033 4446 3089 4489 ut
3115 4438 3180 4490 ab
3205 4439 3311 4494 alio
3337 4453 3585 4510 regatur;

328 4515 534 4582 ζοντος
565 4515 760 4583 αὐτὴν
803 4517 1098 4584 ἀϐιάστως
1135 4517 1344 4584 ἐαυτῷ.
1375 4519 1470 4583 Τίς
1508 4521 1606 4574 οὐκ
1634 4517 1793 4585 οἶδεν,
1826 4524 1883 4575 ὅτ

2011 4537 2141 4588 opus
2184 4531 2360 4575 autem
2410 4525 2562 4577 carni
2605 4533 2720 4578 erat
2766 4526 3088 4580 immutabili
3131 4541 3302 4583 mente
3331 4547 3448 4599 qua:
3485 4533 3588 4600 ipsi

327 4609 388 4661 τὸ
425 4608 674 4679 δεόμενον
720 4609 812 4661 τοῦ
845 4609 1126 4672 ἀνενδεοῦς
1161 4611 1345 4681 ἕτερον
1387 4615 1453 4682 τῇ
1496 4613 1652 4680 φύσει
1692 4613 1886 4667 πάντως

2010 4615 2358 4682 ρνωεεὶειιιίιε
2394 4614 2598 4683 defectu
2641 4633 2743 4670 non
2789 4618 3173 4687 obsequeretur,
3223 4623 3314 4675 sed
3349 4625 3589 4679 eamdem

330 4700 467 4761 ἐστὶ,
504 4699 678 4752 καὶτὸ
706 4701 948 4769 πεφυκὸς
970 4702 1418 4771 ἡγεμονεύεσθαι,
1445 4704 1537 4756 τοῦ
1569 4707 1627 4757 ὲν
1652 4707 1718 4775 τῇ
1750 4706 1885 4773 φύσε

2013 4709 2126 4761 sine
2151 4707 2264 4760 ulla
2303 4709 2574 4763 coactione
2607 4710 2709 4762 sibi
2742 4711 2844 4777 ipsi
2875 4721 3101 4778 aptaret.
3131 4710 3267 4778 Quis
3292 4714 3504 4784 ignorat
3537 4717 3590 4772 id

328 4791 390 4846 τὸ
423 4790 613 4861 ἄρχειν
647 4789 900 4861 ἕχοντος;
945 4791 1175 4861 Ὁμοίως
1208 4792 1350 4844 κατά
1386 4792 1478 4846 τὸν
1511 4791 1667 4861 λόγον
1695 4795 1792 4863 τῆς
1818 4795 1878 4847 οὐ

2015 4800 2160 4868 quod
2217 4801 2441 4856 alterius
2473 4816 2576 4871 ope
2619 4801 2861 4872 indigeat
2893 4803 3169 4859 diversum
3222 4822 3446 4875 prorsus
3489 4825 3590 4864 na-

334 4884 454 4946 σίας
488 4882 867 4953 παρήλλακται
885 4882 960 4945 ὼς
979 4884 1012 4951 ἡ
1037 4881 1142 4934 τῶν
1165 4883 1373 4951 ἀλόγων
1397 4884 1557 4950 φύσις
1583 4886 1886 4959 ὑποχειρίωι

2016 4899 2138 4946 tura
2173 4907 2294 4948 esse
2323 4893 2392 4948 ab
2423 4909 2489 4948 eo
2517 4893 2663 4964 quod
2697 4895 2843 4948 nulla
2874 4911 2934 4950 re
2973 4912 3110 4966 opus
3146 4899 3328 4962 habet;
3346 4909 3398 4954 et
3431 4902 3591 4971 cujus

332 4976 476 5044 ἔχειν
519 4977 584 5046 τῇ
630 4973 738 5027 τῶν
769 4971 1071 5045 ἀνθρώπων
1109 4975 1542 5046 κατεσκευάσθη,
1584 4978 1678 5033 καὶ
1719 4980 1746 5031 ὁ
1796 4979 1886 5046 (55

2017 4991 2211 5037 natura
2256 4983 2329 5037 ita
2375 4993 2690 5055 comparata
2739 4997 2842 5050 est,
2902 4999 2959 5041 ut
3002 4989 3070 5041 ab
3121 4990 3293 5044 altero
3352 5001 3590 5062 regatur,

335 5068 429 5120 ἀνθ
439 5083 617 5136 ρωπος
637 5066 736 5118 ούκ
765 5065 1054 5132 ἐπίκτητον
1077 5064 1175 5136 τὴν
1198 5066 1338 5118 κατὰ
1359 5067 1468 5119 τῶν
1488 5068 1695 5134 ἀλόγων
1715 5070 1886 5141 ἀρχὴν

2018 5089 2141 5129 eum
2185 5090 2405 5145 quoque
2439 5076 2508 5131 ab
2559 5077 2652 5130 illo
2688 5093 2913 5146 prorsus
2961 5077 3179 5135 diﬂ‘erre
3212 5082 3356 5151 quod
3399 5085 3465 5138 ad
3506 5100 3593 5139 re—

335 5157 449 5210 ἀ).λ’
480 5158 685 5214 οἰκείαν
736 5156 850 5227 ἔχει
889 5155 1022 5226 (56).
1059 5157 1122 5209 El.
1161 5152 1254 5212 οὖν
1282 5160 1507 5227 φυσικὸν
1550 5163 1616 5231 τῇ
1662 5164 1824 5233 σαρκὶ
1851 5181 1886 5217 τι

2016 5167 2252 5237 gendum
2299 5177 2486 5222 natum
2523 5168 2632 5223 sit?
2661 5168 2836 5223 Simili
2881 5170 3042 5226 modo
3086 5187 3186 5242 pro
3215 5175 3469 5229 essentia:
3510 5176 3594 5230 di-

2007 3152 2054 3207 si
2091 3152 2162 3206 ob
2189 3153 2607 3208 mutabilitatem
2637 3169 2791 3208 mens
2815 3155 3094 3226 irejicitur,
3145 3157 3334 3213 eadem
3361 3176 3580 3231 quoque

435 5355 503 5408 45

505 5355 526 5487 ζ
550 5355 710 5410 Corr.
741 5353 932 5418 οὕτως.

563 5425 720 5481 Corr.
739 5425 932 5487 γίνεσθ‹

435 5425 504 5478 Η

563 5425 720 5494 Corr.
739 5425 1001 5494 γίνεσθαι.

416 5495 528 5565 (45)
551 5493 725 5551 Verba
755 5493 872 5559 illa,
891 5496 992 5565 τὴν
1014 5494 1234 5558 «ἕνωσιν,
1263 5509 1408 5550 corr.
1442 5493 1563 5551 add.

415 5565 528 5635 (46)
560 5565 1159 5635 Laudathuncloeum
1190 5579 1366 5634 usque
1393 5565 1459 5620 ad
1485 5568 1576 5622 illa
1614 5569 1801 5633 verba,
1831 5568 1912 5635 είς

343 5631 1663 5716 1:ponijzﬁhhoubemquibusdalntanien-omissis,
1703 5631 1912 5711 Ειιιιιγᾷ

345 5704 487 5762 niius
511 5704 842 5774 Zigabenus.
870 5721 992 5775 pag.
1029 5704 1153 5770 527,
1184 5720 1327 5760 vers.
1363 5704 1524 5760 Haud
1549 5708 1714 5765 decet.

417 5777 530 5845 (47)
563 5775 721 5830 Corr.
752 5775 1012 5845 πρότερον
1039 5774 1152 5845 μέν.

707 5816 721 5830 α
752 5793 1012 5830 προτερον
1040 5793 1152 5830 μεν.

447 5792 530 5842 ιι)
563 5792 721 5830 uorr.
752 5792 1012 5846 προτερον
1039 5793 1077 5845 μ

447 5847 535 5917 48)
563 5845 720 5917 (ξοην.
747 5845 1055 5917 γενόμενος.

444 5909 530 5980 49)
562 5913 717 5972 Curr.
744 5909 849 5978 ἕως
877 5909 974 5980 είς,
1007 5923 1055 5969 et
1081 5930 1227 5980 mox,
1258 5909 1407 5987 ἦλθε.

2087 5361 2200 5429 (50)
2227 5362 2383 5418 Corr.
2415 5365 2796 5424 ἀποϐάλλεται.

2231 5434 2386 5510 ροιτ.
2420 5436 2895 5510 ἀποδειχθήσεται.

2086 5502 2199 5572 (52)
2229 5505 2386 5561 Corr.
2413 5505 2534 5558 οὐδὲ
2565 5502 2711 5571 νοῦςξ

2219 5575 2372 5648 C_0rr.
2396 5576 2456 5648 τὸ
2499 5577 2803 5648 ἀπόβλητον
2827 5579 2958 5644 ἔξει.

2085 5643 2198 5719 (ξι)
2231 5643 2389 5719 βοείη
2421 5643 2865 5719 ἐπᾳναλήψομαι.

2084 5714 2197 5783 (55)
2220 5715 2393 5770 Artic.
2413 5716 2633 5773 additur
2656 5714 2828 5773 'ma'nu
2863 5721 3080 5778 diversa
3101 5727 3289 5780 veteri.

2084 5785 2196 5870 (Siti)
2219 5783 2480 5839 Leontius
2508 5785 2842 5870 Byaantitnts
2867 5793 2959 5846 lib.
2993 5810 3007 5848 l
3086 5808 3276 5870 contra
3308 5797 3596 5870 Eutyrltem

2015 5865 2064 5938 et
2100 5853 2407 5938 Qioscorum
2454 5853 2595 5938 apud
2650 5858 2927 5938 Canisiutn
2965 5867 3197 5938 IomolV
3241 5853 3593 5938 Ammiano;

2015 5925 2318 5988 lectionum,
2351 5925 2612 5999 [333.728,
2657 5929 2802 5986 inter
2847 5934 2954 5987 alia
3001 5936 3316 5992 testimonia
3364 5925 3589 5996 Patrum
