4120 6394
553 466 709 565 ista

1825 496 1882 551 S.
1911 497 1948 551 G
1961 491 2237 549 [ιιῖοοιιιι
2292 489 2584 545 ΝῗδὸΕΝι

3683 473 3825 534 {ﬂii}

573 623 832 678 ver-sitatc
863 620 1174 675 institutum
1220 624 1305 674 est
1335 625 1396 671 ut
1444 615 1760 671 animalium
1807 613 2016 666 ratione
2058 626 2150 663 ca-

2258 605 2698 678 ἡγεμονεύεσθαι,
2734 603 2916 668 καθὼς
2945 619 3109 672 φησιν
3137 605 3164 657 ὁ
3200 598 3592 667 Ἀπολινάριος,
3620 595 3827 663 ἠγεμο-

577 715 816 770 rcntium
861 722 1059 768 natura
1095 712 1347 765 humanae
1386 708 1632 777 subjecta
1671 715 1838 766 esset,
1883 712 1939 758 et
1986 705 2148 756 homo

573 821 682 862 non
725 806 1084 861 adventitium
1117 802 1212 858 sed
1241 817 1353 857 sua:
1391 802 1636 855 innatum
1672 809 1884 852 naturai
1910 799 1962 849 in
1984 795 2148 850 bruta

574 900 800 953 haberet
842 897 1153 966 imperiunm.
1201 895 1259 948 Si
1295 893 1466 963 igitur
1497 907 1558 946 ea
1597 891 1783 945 carnis
1834 897 2031 942 natura
2065 892 2151 940 est

574 995 634 1041 ut
663 988 730 1040 ab
767 989 874 1040 alio
908 995 1155 1056 regatur,
1186 982 1647 1055 quemadmodum
1682 981 1758 1032 ait
1787 978 2146 1049 Apollinaris,

574 1077 792 1130 cunctis
839 1091 967 1130 vero
1011 1089 1247 1144 praeesse
1288 1082 1488 1127 natura
1530 1069 1790 1125 convenit
1838 1068 1969 1130 Deo,
2007 1082 2150 1136 quo-

573 1180 700 1219 nam
734 1173 914 1235 pacto,
953 1165 1047 1234 qui
1090 1164 1206 1218 haec
1237 1161 1512 1225 concedit,
1543 1160 1653 1214 duo
1697 1159 1789 1212 illa
1817 1173 1985 1212 unum
2017 1157 2147 1228 quid

573 1265 770 1312 natura
803 1257 870 1311 ab
895 1257 1051 1309 initio
1079 1269 1202 1310 esse
1229 1253 1492 1315 decernit,
1535 1265 1660 1306 cum
1698 1249 2052 1304 manifestum
2079 1250 2151 1304 sit

573 1348 830 1403 erunibus
863 1347 1022 1400 aliam
1056 1345 1310 1414 subjecti,
1344 1353 1399 1398 et
1435 1343 1598 1396 aliam
1634 1341 1754 1410 ejus
1798 1341 1889 1411 qui
1928 1347 2145 1409 praeest,

572 1453 692 1491 esse
725 1437 1014 1499 rationem,
1053 1434 1198 1488 aliud
1248 1432 1336 1486 cui
1377 1440 1572 1486 natura
1615 1431 1757 1484 inest
1797 1437 1856 1482 ut
1887 1429 2144 1490 ducatur,

572 1535 628 1582 et
656 1527 802 1581 aliud
835 1542 865 1582 e
900 1541 1165 1582 converso
1191 1524 1336 1595 quod
1360 1533 1546 1578 natum
1580 1529 1663 1577 est
1697 1521 1765 1574 ad
1796 1519 2151 1575 ducendum?

573 1617 630 1674 Si
670 1620 834 1688 igitur
866 1618 1155 1672 contraria:
1183 1616 1329 1669 inter
1371 1629 1430 1670 se
1460 1614 1823 1683 proprietates
1865 1611 1920 1664 in
1953 1612 2148 1664 horum

573 1710 861 1775 alterutro,
889 1723 1072 1773 carne,
1105 1707 1351 1776 inquam,
1378 1713 1433 1759 et
1467 1704 1754 1758 divinitate
1794 1701 2150 1771 conspiciun-

571 1808 684 1867 tur,
717 1800 994 1870 quomodo
1024 1799 1145 1853 duae
1169 1799 1287 1852 ista:
1315 1805 1524 1851 natura:
1549 1804 1676 1850 sunt
1704 1795 1843 1849 una?
1867 1792 2152 1860 Quomodo

572 1892 741 1945 etiam
811 1891 1050 1945 divinam
1109 1889 1404 1960 quamdam
1465 1895 1520 1942 et
1589 1888 1865 1952 cwlestem
1927 1899 2148 1939 carnem

2255 698 2403 751 νικὸν
2431 698 2486 750 δὲ
2510 700 2576 768 τῇ
2612 693 3040 770 φύςειτὸθεῖον,
3070 692 3186 756 πῶς
3214 695 3242 745 ὁ
3261 689 3432 744 ταῦτα
3460 682 3654 748 διδοὺς,
3683 683 3739 734 ἓν
3762 682 3823 747 ἐξ

2255 792 2428 863 ἀρχῆς
2461 786 2600 845 εἷναι
2631 789 2700 842 τὰ
2724 790 3006 860 ἀμφότερα
3031 789 3095 858 τῇ
3133 784 3287 853 φύσει
3320 778 3630 850 διορίζεται,
3657 776 3825 828 πᾶσιν

2255 882 2405 945 ὄντος
2444 881 2708 952 προδήλου
2745 880 2824 931 ὅτι
2845 878 3030 949 ἕτερος
3061 875 3155 930 τοῦ
3185 871 3515 942 ὑποχειρίου,
3548 869 3642 919 καὶ
3665 864 3826 925 ἄλλος

2255 967 2349 1020 τοῦ
2380 965 2792 1028 ἐπιστατοῦντος
2825 967 2852 1017 ὁ
2875 965 3049 1032 λόγος,
3081 964 3174 1017 καὶ
3205 961 3332 1014 ἄλλο
3358 959 3419 1012 τὸ
3447 954 3687 1025 πεφυκὸς
3710 952 3828 1023 ὁδη-

2255 1057 2492 1126 γεῖσθαι,
2530 1057 2624 1108 καὶ
2659 1056 2843 1127 ἕτερον
2889 1055 3071 1121 πάλιν,
3109 1048 3152 1120 ᾧ
3183 1052 3342 1121 φύσις
3374 1049 3435 1102 τὸ
3472 1045 3824 1119 ἡγεμονεύειν

2255 1150 2440 1214 ἐστίν;
2480 1149 2542 1201 Εἰ
2574 1143 2666 1202 οὖν
2704 1150 2762 1200 ὲν
2793 1149 2902 1210 τοῖς
2931 1146 3196 1209 ἀναντίοις
3227 1143 3508 1212 ίδιώμασιν
3540 1141 3574 1211 ἡ
3598 1138 3823 1209 θατέρου

2255 1242 2458 1296 τούτων
2493 1241 2775 1311 Θεωρεῖται
2817 1239 2996 1309 φύσις,
3032 1241 3130 1308 τῆς
3175 1234 3376 1308 σαρκὸς
3416 1234 3558 1302 λέγω
3607 1231 3825 1298 καὶτῆς
3861 1275 3921 1290 ,,,

2257 1333 2528 1403 θεότητος,
2554 1331 2670 1395 πῶς
2709 1331 2807 1402 μία
2836 1333 2890 1384 αἱ
2921 1329 3013 1383 δύο
3043 1328 3230 1398 φύσεις
3259 1327 3397 1392 είσί;
3425 1325 3552 1388 Πῶς
3591 1323 3648 1377 δὲ
3675 1320 3826 1375 θείαν

2256 1423 2376 1477 τινὰ
2419 1423 2512 1476 καὶ
2556 1421 2810 1493 οὐρανίαν
2861 1421 3038 1489 σάρκα
3084 1417 3446 1488 περιπλάσσει
3497 1413 3576 1484 τῷ
3632 1412 3823 1480 Λόγῳ;

2255 1517 2471 1572 Μᾶλλον
2491 1516 2547 1569 δὲ
2582 1515 2743 1569 αὑτὸν
2786 1514 3198 1583 προαποσαρκοῖ
3225 1510 3315 1562 τὸν
3340 1508 3534 1576 Λόγον,
3559 1505 3658 1558 οὐκ
3683 1503 3829 1554 οἱκο-

2256 1605 2495 1679 νομικῶς
2541 1606 2627 1657 ἐπ’
2663 1603 2906 1673 ἐσχάτων
2936 1600 3155 1674 ἡμερῶν
3201 1599 3300 1670 τὴν
3349 1595 3620 1668 ἡμετέραν
3666 1589 3826 1644 ὑπελ-

2257 1698 2416 1752 θόντα
2441 1697 2672 1768 μορφὴν,
2695 1694 2808 1748 ἀλλ’
2829 1694 2914 1746 ἀεὶ
2935 1691 3090 1745 τοῦτο
3107 1692 3256 1752 ὅντα,
3281 1688 3374 1743 καὶ
3399 1687 3485 1741 ἀεὶ
3504 1687 3560 1738 ὲν
3578 1683 3654 1754 τῷ
3676 1681 3827 1751 αύτῷ

2255 1789 2594 1860 διαμένοντα.
2635 1785 2694 1838 '0
2719 1784 2828 1854 γὰρ
2861 1783 3050 1836 ἐπιδεᾶ
3071 1781 3240 1849 λέγων
3259 1775 3398 1832 εἶναι
3429 1776 3523 1830 τοῦ
3555 1773 3832 1846 ἀτρέπτουν

2255 1881 2354 1952 τὴν
2381 1881 2576 1951 σάρκα,
2608 1879 2703 1930 καὶ
2729 1877 2822 1930 τοῦ
2853 1876 2964 1941 (57)
2995 1871 3404 1943 καθηγουμένου
3447 1863 3822 1942 προσδέεσθαι,

572 1982 756 2037 Verbo
797 1983 1033 2053 attingit?
1072 1957 1182 2035 lino
1220 1983 1422 2050 potius,
1476 1983 1655 2050 ipsum
1702 1979 1957 2044 Verbum,
2000 1986 2154 2034 ante-

2258 1971 2351 2043 τὴν
2373 1970 2644 2042 ἡμετέραν
2672 1968 2930 2039 ἄντικρυς
2971 1965 3117 2034 λέγει
3146 1965 3345 2036 σάρκα,
3380 1961 3477 2031 τὴν
3510 1958 3598 2012 διὰ
3618 1957 3677 2009 τὸ
3697 1972 3822 2028 τρε-

577 2091 740 2145 quam
811 2090 998 2128 revera
1063 2075 1406 2127 incarnatum
1456 2071 1639 2134 fuerit,
1686 2086 1905 2125 carnem
1949 2069 2151 2123 factum

575 2167 749 2222 fuisse
781 2166 933 2232 dicit,
968 2181 1030 2220 ac
1056 2166 1102 2220 si
1136 2165 1191 2218 in
1237 2163 1552 2217 novissimis
1582 2162 1777 2216 diebus
1810 2177 1906 2232 per
1934 2161 2155 2230 dispen-

575 2258 844 2314 sationem
877 2255 1127 2310 indutum
1160 2269 1268 2308 non
1300 2254 1461 2307 fuerit
1488 2251 1718 2307 formam
1765 2259 2029 2315 nostram,
2058 2251 2152 2305 sed

573 2364 790 2419 semper
821 2347 870 2400 id
899 2346 1174 2400 exstiterit
1209 2359 1535 2414 semperque
1567 2343 1620 2396 in
1652 2342 1842 2398 eodem
1887 2343 1981 2396 illo
2009 2349 2153 2395 statu

575 2440 958 2510 permanserit.
989 2437 1092 2503 Qui
1126 2438 1272 2492 enim
1318 2436 1758 2491 immutabilitate
1799 2442 1961 2503 atque
1989 2437 2153 2488 etiam

574 2533 805 2586 ductore
851 2546 989 2600 opus
1034 2530 1235 2583 habere
1266 2543 1485 2582 carnem
1529 2527 1625 2587 ait,
1673 2535 1914 2579 nostram
1962 2525 2156 2594 procul

575 2621 744 2675 dubio
776 2635 997 2675 carnem
1042 2619 1288 2681 denotat,
1323 2633 1445 2687 qua:
1475 2625 1699 2686 propter
1733 2623 1943 2669 natura)
1978 2625 2157 2669 muta-

573 2712 837 2766 bilitatem
888 2712 943 2764 in
976 2721 1260 2781 peccatum
1313 2709 1534 2762 labitur.
1568 2708 1626 2760 Si
1657 2721 1788 2760 vero
1835 2707 2060 2761 caeleste
2102 2713 2157 2760 et

575 2801 821 2856 divinum
857 2816 1082 2872 corpus,
1119 2802 1263 2856 sicut
1301 2801 1444 2855 idem
1487 2800 1584 2864 ait,
1625 2799 1679 2852 in
1711 2797 1894 2852 Verbo
1933 2799 2155 2869 conspi-

575 2892 758 2957 citur,
807 2894 1226 2947 mutabilitatem
1296 2891 1638 2960 rectorisque
1689 2889 2046 2958 indigentiam
2105 2890 2157 2944 ei

576 2985 826 3047 omnino,
884 2991 943 3038 ut
983 2999 1329 3052 consequens
1362 2993 1468 3046 est,
1499 2998 1610 3036 non
1659 2981 1905 3036 ascribit.
1935 2980 2031 3032 Hic
2067 2996 2158 3034 au-

576 3083 685 3128 tem
719 3090 828 3128 non
859 3084 1047 3129 noster
1080 3073 1175 3128 sed
1207 3073 1378 3128 divini
1411 3075 1524 3127 oris
1559 3089 1741 3127 sermo
1783 3080 1888 3135 est,
1923 3072 2016 3140 qui
2045 3085 2155 3125 non

575 3181 715 3234 opus
773 3180 896 3220 esse
945 3165 1112 3219 dicit’
1153 3165 1463 3219 valentibus
1509 3163 1806 3225 medicum,
1863 3162 1959 3217 sed
2011 3162 2153 3216 male

573 3253 926 3308 habentibus.
970 3254 1030 3307 in
1064 3254 1206 3309 caelo
1237 3253 1384 3308 enim
1435 3260 1593 3306 ortus
1635 3266 1700 3306 cx
1751 3260 1975 3320 peccato
2017 3265 2157 3304 mor-

574 3344 680 3398 bus
717 3359 827 3398 non
862 3343 1169 3413 reperitur,
1204 3343 1299 3398 sed
1329 3358 1431 3396 nos
1463 3341 1684 3411 quidem
1726 3341 1802 3394 illi
1845 3356 2038 3396 sumus
2065 3341 2158 3410 qni

576 3442 930 3506 peccatorum
973 3437 1166 3489 morbo
1202 3436 1536 3496 laboramus,
1580 3433 1674 3502 qui
1701 3448 1767 3486 ex
1809 3432 2030 3486 malitiae
2067 3433 2163 3485 ad-

577 3527 845 3582 missione
877 3536 1241 3597 aegrotamus;
1269 3541 1368 3581 nos
1390 3541 1456 3580 eo
1483 3525 1628 3595 quod
1655 3525 1708 3578 in
1738 3525 1939 3578 malum
1968 3523 2164 3578 mutati

580 3633 796 3682 sumus,
847 3618 1294 3672 immutabilitate
1339 3617 1696 3690 indiguimus,
1737 3617 1829 3686 qui
1872 3625 2162 3686 postquam

578 3709 720 3763 a'via
762 3709 993 3764 salutari
1039 3709 1446 3772 aberravimus,
1491 3708 1724 3763 ductore
1753 3707 1845 3777 qui
1900 3707 1967 3760 ad
2005 3706 2163 3760 boni-

585 3809 758 3854 tatem
803 3801 908 3855 iter
944 3799 1284 3864 ostenderet,
1338 3815 1478 3870 opus
1527 3799 1866 3854 habuimus:
1899 3798 1976 3851 ita
2013 3806 2074 3851 ut
2115 3800 2160 3853 si

578 3907 770 3947 revera
818 3893 934 3948 haec
972 3878 1271 3952 ﬂaminicae
1320 3891 1471 3946 carni
1521 3908 1622 3947 suo
1668 3890 1986 3946 testimonio
2023 3891 2162 3946 scri-

581 3991 708 4053 ptor
737 3984 843 4040 iste
873 3985 1091 4047 tribuit,
1135 3984 1310 4054 ipsam
1355 3999 1549 4052 nempe
1597 3991 1652 4036 et
1697 3998 1795 4037 sua
1839 3991 2036 4036 natura
2081 3983 2164 4036 sic

579 4082 950 4143 comparatam
984 4090 1109 4129 esse
1139 4082 1200 4128 ut
1230 4085 1478 4144 regatur,
1503 4081 1558 4128 et
1591 4075 1733 4129 duce
1761 4075 2158 4128 mutationibus

581 4179 928 4234 nequaquam
972 4165 1211 4219 obno'xio
1246 4180 1428 4236 egere,
1471 4166 1546 4219 nil
1583 4166 1728 4219 aliud
1767 4181 1930 4234 quam
1985 4175 2156 4220 terre-

2257 2063 2389 2116 πτὸν
2418 2062 2518 2131 τῆς
2547 2059 2757 2130 φύσεως
2783 2061 2862 2122 είς
2889 2056 3157 2128 ἁμαρτίαν
3182 2054 3473 2108 πεσοῦσαν.
3495 2051 3558 2104 Ei.
3579 2049 3633 2102 δὲ
3658 2049 3825 2118 ὑπερ-

2255 2153 2506 2227 ουράνιόν
2542 2171 2595 2206 τι
2638 2153 2732 2205 καὶ
2760 2151 2903 2204 θεῖον
2932 2149 3110 2219 σῶμα,
3145 2145 3327 2209 καθώς
3359 2160 3511 2214 φησι,
3546 2141 3827 2210 θεωρεῖται

2258 2247 2387 2318 περὶ
2418 2245 2508 2299 τὸν
2533 2245 2725 2312 Λόγον,
2739 2242 2859 2296 οὐδὲ
2879 2241 2938 2294 τὸ
2956 2239 3183 2312 τρεπτδν
3204 2237 3350 2308 αὐτῷ
3373 2237 3586 2296 πάντως
3605 2230 3743 2284 κατὰ
3767 2229 3829 2282 τὸ

2257 2337 2551 2392 ἀκόλουθον
2582 2336 2815 2392 δίδωσιν,
2866 2332 2988 2386 οὔτε
3022 2331 3082 2384 τὸ
3111 2328 3319 2392 ὲπιδεὲς
3354 2327 3448 2379 τοῦ
3478 2323 3787 2385 εὐθύνοντος
3807 2335 3826 2351 ⁶

2257 2431 2352 2483 καὶ
2379 2423 2532 2493 οὗτος
2563 2428 2661 2496 ούχ
2691 2425 2980 2496 ἡμέτερος,
3013 2421 3147 2475 ἀλλὰ
3171 2422 3268 2491 τῆς
3299 2418 3446 2481 θείας
3475 2416 3654 2484 φωνῆς
3682 2415 3829 2466 ἐστιν

2256 2532 2285 2582 ό
2317 2527 2472 2594 λόγος
2496 2525 2606 2588 (58)
2644 2525 2673 2576 ὀ
2715 2520 2904 2588 εἰπὼν,
2952 2518 3026 2590 μὴ
3069 2516 3273 2570 δεῖσθαι
3320 2515 3446 2576 τοὺς
3489 2509 3831 2579 ὑγιαίνοντας

2262 2616 2470 2687 ἰατροῦ,
2497 2613 2632 2668 ἀλλὰ
2645 2613 2771 2674 τοὺς
2799 2609 2983 2672 κακῶς
3008 2608 3244 2678 ἔχοντας.
3279 2605 3364 2657 Ἐν
3390 2602 3498 2673 γὰρ
3520 2599 3597 2672 τῷ
3617 2596 3830 2687 οὐρανῷ

2256 2711 2290 2780 ἡ
2324 2685 2385 2772 ἐξ
2424 2705 2697 2777 ἁμαρτίας
2730 2701 2883 2763 νόσος
2917 2701 3018 2752 οὐκ
3051 2699 3216 2757 ἔστιν,
3247 2693 3359 2748 ἀλλ’
3389 2694 3550 2764 ἡμεῖς
3590 2691 3685 2759 μὲν
3717 2685 3830 2780 (59)

2257 2778 2306 2852 οί
2336 2798 2435 2869 τὴν
2484 2795 2756 2867 ἁμαρτίαν
2788 2793 3136 2861 νοσήσαντες,
3166 2789 3215 2840 oi
3258 2785 3348 2840 διὰ
3383 2785 3483 2854 τῆς
3511 2780 3606 2836 τοῦ
3652 2778 3826 2835 κακοῦ

2259 2888 2572 2959 παραδοχῆς
2618 2884 3011 2952 ἀσθενήσαντες
3035 2897 3051 2910 ·
3095 2879 3258 2949 ἡμεῖς
3308 2875 3397 2929 διὰ
3445 2873 3506 2926 τὸ
3556 2870 3830 2944 τραπῆναι

2258 2981 2396 3050 πρὸς
2427 2979 2488 3031 τὸ
2528 2977 2698 3031 κακὸν
2734 2974 2827 3028 τοῦ
2862 2972 3130 3043 ἀτρέπτου
3175 2965 3604 3040 πφσδεὴθημεν,
3637 2966 3685 3015 οἱ
3729 2961 3829 3030 τῆς

2261 3069 2540 3138 σωζούσης
2591 3065 3060 3133 ἀποπλανηθέντες
3105 3059 3244 3123 ὁδοῦ,
3284 3056 3376 3111 τοῦ
3423 3051 3831 3124 καθηγουμένου

2259 3163 2397 3234 πρὸς
2420 3161 2480 3214 τδ
2518 3158 2723 3228 ἀγαθὸν
2759 3159 2816 3210 ὲν
2848 3156 3007 3227 χρείᾳ
3039 3153 3340 3222 γεγόναμεν
3359 3165 3376 3180 '
3400 3146 3540 3202 ὥστε
3571 3147 3620 3198 εί
3656 3144 3830 3215 ἀληθῆ

2259 3255 2433 3308 ταῦτα
2475 3255 2542 3324 τῇ
2590 3251 2727 3322 περι
2761 3249 2852 3301 τὸν
2899 3245 3104 3318 Κύριον
3154 3242 3316 3314 σαρκ).
3361 3238 3772 3310 προσμαρτυρεῖ
3802 3235 3839 3286 ὰ

2260 3345 2620 3418 λογογράιξος,
2667 3343 2749 3394 ὅτι
2791 3340 2884 3393 καὶ
2942 3339 3182 3406 πέφυκεν
3231 3330 3675 3405 ἡγεμονεύεσθαι,
3738 3326 3833 3418 καῖ

2261 3417 2532 3508 ἀτρέπτου
2559 3432 2652 3486 τοῦ
2691 3429 3106 3500 καθηγουμένου
3132 3425 3342 3498 χρῄζει,
3370 3423 3520 3477 οὐδὲν
3557 3421 3759 3489 ἕτερον.
3793 3417 3828 3488 ἦ

2259 3527 2322 3580 τὸ
2368 3525 2634 3597 ἡμέτερον
2667 3523 2946 3593 σύγκριμα
2976 3516 3317 3589 διερμηνεύει
3357 3515 3436 3584 τῷ
3479 3514 3642 3583 λόγῳ.
3681 3510 3744 3564 Et
3774 3510 3830 3562 δὲ

2261 3619 2320 3671 ὲν
2351 3621 2420 3689 τῇ
2451 3617 2612 3688 σαρκὶ
2649 3614 2889 3685 ὁρίζεται
2922 3612 3020 3680 τὴν
3061 3609 3311 3678 θεότητα,
3351 3606 3412 3658 τὸ
3443 3605 3498 3658 δὲ
3527 3607 3700 3667 Θεῖον,
3727 3601 3833 3663 ἕως

2262 3709 2328 3764 ἂν
2428 3707 2536 3778 (60)
2565 3707 2742 3772 τοῦτο,
2767 3706 2794 3757 ὃ
2821 3704 3058 3771 λέγεται,
3089 3699 3246 3755 ἄλλου
3265 3696 3358 3750 τοῦ
3389 3692 3702 3765 όδηγοῦντος
3731 3691 3832 3743 οὐκ

2259 3801 2550 3860 ἐπιδέεται,
2585 3799 2706 3852 οὐδὲ
2749 3796 2859 3866 γὰρ
2907 3794 3215 3863 ἐπιδέχεται
3245 3788 3342 3860 τὴν
3371 3785 3510 3859 πρὸς
3553 3783 3616 3836 τὸ
3652 3785 3843 3853 χεῖρον

2257 3890 2463 3962 τροπὴν
2503 3890 2595 3942 καὶ
2620 3888 2903 3941 ἀλλοίωσιν
2930 3899 2945 3912 ⁸
2973 3885 3148 3953 μάτην
3178 3875 3270 3933 οὖν
3297 3877 3407 3949 (61)
3434 3873 3580 3944 αὐτῷ
3616 3873 3685 3926 τὰ
3706 3871 3834 3940 περὶ

2258 3983 2356 4051 τῆς
2384 3980 2584 4051 σαρκὸς
2607 3977 2700 4031 νῦν
2721 3976 2985 4048 εἰρημένα
3005 3969 3433 4045 διερῤαψῴδηται
3457 3965 3570 4037 (6'2)
3592 3981 3607 3995 ·
3637 3963 3748 4036 (65)
3782 3962 3838 4012 εί

2259 4071 2371 4142 γὰρ
2419 4070 2538 4122 θεία
2566 4086 2650 4130 τις
2689 4066 2848 4136 αῦτη,
2882 4063 3039 4135 δῆλον
3079 4062 3159 4116 ὅτι
3209 4063 3304 4114 καὶ
3348 4059 3647 4131 ἄτρεπτος-θ
3690 4054 3739 4106 εί
3778 4051 3838 4104 δὲ

2259 4164 2496 4236 τρεπτὴ,
2529 4164 2744 4226 πάντως
2769 4162 2828 4216 ού
2859 4159 2999 4213 θεία.

583 4269 710 4309 nam
751 4261 996 4309 nostram
1045 4269 1284 4308 massam
1325 4271 1430 4310 suo
1467 4271 1720 4310 sermone
1750 4256 2020 4326 designat.
2097 4252 2194 4308 Sin
2264 4271 2398 4308 vero
2450 4270 2614 4308 carne
2673 4252 3010 4307 divinitatem
3070 4244 3514 4307 circumscribit,
3571 4239 3836 4293 divinitas

584 4354 787 4410 autem,
844 4359 1131 4415 quousque
1163 4346 1216 4400 id
1249 4347 1320 4402 sit
1347 4347 1492 4416 quod
1525 4362 1648 4401 esse
1689 4347 1910 4408 dicitur,
1971 4347 2099 4410 alio,
2132 4347 2228 4416 qui
2265 4361 2384 4401 eam
2414 4346 2577 4400 ducat
2611 4360 2672 4397 ac
2717 4351 2890 4414 regat,
2924 4357 3032 4396 non
3080 4339 3306 4409 indiget.
3342 4351 3464 4390 cum
3516 4331 3838 4386 conversio-

586 4448 712 4491 nem
756 4443 810 4490 et
850 4438 1208 4492 mutationem
1281 4440 1336 4492 in
1383 4439 1537 4508 pejus
1583 4455 1690 4493 non
1743 4440 1995 4492 admittat
2031 4465 2044 4501 ε
2088 4458 2219 4513 ergo
2275 4441 2552 4494 incassum
2597 4437 2834 4506 scriptor
2879 4436 2984 4489 iste
3018 4448 3138 4504 quae
3185 4430 3345 4484 modo
3380 4428 3448 4481 de
3481 4438 3647 4479 carne
3687 4421 3839 4474 dicta

583 4534 734 4592 sunt,
763 4529 1204 4594 consarcinavit;
1238 4545 1361 4583 nam
1394 4531 1435 4583 si
1465 4530 1647 4583 divina
1675 4530 1790 4585 haec
1813 4531 1995 4600 aliqua
2026 4545 2158 4584 caro
2197 4531 2322 4594 fuit,
2351 4547 2414 4588 ea
2450 4533 2638 4603 utique
2677 4538 2730 4584 et
2758 4527 3151 4591 immutabilis;
3183 4525 3269 4578 sin
3336 4535 3466 4575 vero
3532 4514 3836 4578 mutabilis,

583 4616 766 4669 divina
795 4617 1020 4670 omnino
1050 4633 1159 4671 non
1190 4617 1312 4672 fuit.

655 4819 677 4850 ’
716 4817 907 4872 Matth.
938 4834 1038 4882 vn,
1085 4817 1176 4871 12.

586 5040 665 5094 De
693 5039 898 5092 duabus
928 5040 984 5092 in
1030 5038 1242 5093 Christo
1282 5036 1488 5089 naturis
1535 5035 1679 5087 hunc
1713 5031 1939 5090 Nt'sseni
1981 5032 2156 5083 locum
2193 5035 2236 5086 D

590 5111 756 5164 refert
789 5125 961 5178 usque
986 5110 1051 5162 ad
1081 5108 1171 5162 illa
1189 5109 1374 5166 verba,
1415 5104 1626 5178 obtexi)
1676 5103 1885 5165 ὲπιδεὲς
1933 5101 2025 5178 τοῦ

589 5171 894 5241 θυνοῦντοςζ
932 5177 1076 5231 Idem
1110 5192 1346 5246 quoque,
1386 5183 1444 5229 ut
1471 5176 1701 5246 videtur,
1731 5179 1924 5246 auctor
1970 5173 2023 5224 in
2075 5171 2156 5221 al-

591 5259 708 5304 tero
765 5250 924 5316 longe
979 5243 1186 5316 fusiori
1220 5243 1385 5316 opere
1433 5245 1697 5316 adversus
1722 5243 1941 5296 eosdem
1971 5254 2160 5316 mono-

593 5319 831 5389 physitas
863 5310 1044 5371 adhuc
1072 5315 1216 5389 iued.
1246 5310 1390 5384 quod
1419 5328 1545 5389 cum
1593 5315 1723 5389 aliis
1751 5321 1968 5389 septem
2013 5310 2161 5389 elus-

591 5378 713 5443 ilein
772 5389 925 5441 libris
967 5396 1143 5441 exstat
1187 5378 1396 5440 in'tus.
1428 5384 1614 5438 codice
1656 5383 1993 5436 bibliothecae
2033 5378 2155 5431 Vat.

597 5460 755 5512 breve
778 5468 1156 5526 argumentum
1184 5471 1247 5510 ex
1275 5455 1378 5526 huc
1398 5455 1515 5526 ipso
1544 5453 1770 5526 Nysseui
1804 5455 1921 5526 loco
1941 5450 2158 5519 repetit,

594 5530 662 5581 ab
691 5527 797 5580 illis
832 5521 1020 5596 nempe
1061 5526 1262 5586 verbis,
1285 5525 1349 5576 Et
1378 5523 1471 5596 οῦν
1501 5526 1558 5576 ἐν
1582 5521 1703 5596 -τοῖς
1734 5521 2026 5596 ἐναντίοις,
2051 5529 2158 5574 etc.

599 5614 776 5665 usque
802 5598 867 5650 ad
897 5592 1006 5658 illa,
1051 5596 1168 5659 πῶς
1199 5596 1296 5665 μία
1330 5596 1385 5648 αἱ
1408 5594 1500 5647 δύο
1527 5594 1714 5661 φύσεις
1755 5592 1880 5643 εἰσί.

665 5688 775 5758 (57)
810 5688 864 5740 In
895 5687 1015 5741 Vat.
1045 5687 1168 5740 cod.
1197 5694 1300 5747 est.
1327 5685 1426 5758 ,τοῦ
1460 5686 1855 5758 6.4.,_sed_supra
1920 5687 2032 5758 art_._
2075 5681 2168 5734 lit-

593 5751 784 5812 terisa
819 5774 962 5812 corr.
991 5768 1044 5810 et
1069 5759 1238 5811 totius
1266 5757 1428 5810 etiam
1465 5754 1588 5810 cod.
1630 5754 1950 5806 charactere
1982 5751 2168 5804 diver-

595 5830 699 5883 sis.
721 5827 815 5881 sed
852 5828 1113 5896 antiquis,
1133 5837 1186 5881 et
1215 5835 1522 5879 atramento
1559 5824 1718 5893 pictis
1747 5823 2032 5888 scribitur,
2066 5820 2162 5875 καὶ

593 5897 713 5964 τοῦ,
747 5913 910 5963 quam
939 5897 1226 5954 lectionem
1260 5896 1430 5952 secuti
1457 5910 1670 5950 sumus.

2337 5033 2446 5095 (58)
2472 5031 2736 5093 Verbum,
2783 5032 2811 5082 ό
2850 5029 3026 5096 λόγος,
3063 5029 3308 5083 additum
3347 5041 3429 5083 est
3451 5027 3640 5083 eadem
3671 5045 3835 5084 manu

2264 5102 2478 5156 diversa
2510 5103 2702 5162 veleri,
2729 5108 2786 5151 ut
2820 5101 2872 5152 in
2905 5101 3225 5167 praecedenti
3252 5100 3470 5153 emend.

2334 5171 2443 5238 (59)
2483 5171 2546 5226 Εῑ
2569 5171 2659 5223 hic
2685 5169 2874 5222 eadem
2911 5185 3070 5222 manu
3111 5171 3403 5237 corrigitur
3439 5171 3599 5238 ἡμεῖς
3638 5171 3830 5238 ἐσμεν.

2345 5242 2456 5306 (60)
2499 5241 2623 5294 "ac
2656 5238 2817 5306 lectio
2847 5254 2876 5291 a
2902 5254 3047 5292 corr.
3088 5249 3208 5306 est;
3245 5256 3370 5293 nam
3414 5248 3575 5294 antea
3611 5251 3746 5305 erat,
3778 5241 3837 5292 τὸ

2263 5311 2319 5364 δὲ
2353 5303 2488 5366 Θεὸν
2517 5311 2621 5372 ἕως
2643 5309 2708 5362 ἂν

2339 5403 2450 5467 (61)
2483 5401 2618 5454 Adv.
2645 5398 2737 5456 οὖν
2764 5399 3054 5454 delendum
3087 5415 3207 5453 esse
3224 5415 3369 5453 corr.
3407 5399 3659 5455 advertit.

2342 5472 2452 5536 (69.)
2495 5471 2552 5524 1n
2581 5474 2703 5527 cod.
2739 5473 2860 5524 Vat.
2897 5469 3178 5531 scribitur,
3209 5469 3649 5541 διερρατώδηται,
3691 5471 3840 5524 nullo

2275 5541 2419 5611 quod
2450 5542 2644 5604 sciam,
2670 5557 2860 5602 sensu,
2887 5541 3128 5609 nihilque
3163 5550 3412 5611 monente
3431 5549 3536 5594 vet.
3563 5557 3707 5595 corr.
3739 5557 3840 5595 nos

2275 5608 2675 5667 emendandum
2706 5608 3052 5668 censuimus,
3074 5608 3520 5680 διερραψῲδηται.

2349 5682 2460 5750 (65)
2496 5684 2683 5752 Istum,
2715 5680 2964 5752 Nysseni
2986 5681 3168 5752 locum
3194 5696 3376 5752 usque
3411 5683 3478 5733 ad
3527 5681 3617 5752 illa
3661 5681 3836 5752 verba

2276 5749 2448 5823 πάθει
2464 5749 2824 5823 ἐνεχομένην,
2845 5751 3028 5823 laudat
3053 5749 3409 5823 unthymius
3456 5752 3511 5806 in
3569 5750 3842 5818 Panopiia

2277 5839 2400 5894 pag.
2421 5819 2727 5888 526,"vers.
2747 5819 2828 5878 ’Si
2853 5837 2954 5889 qua
2985 5819 3113 5888 fuit.
