4120 6394
248 351 387 407 1217

1415 334 1792 394 ADVERSUS
1828 329 2340 389 APOLLlNAREM.

3373 318 3512 376 1218

315 469 410 531 Τίς
443 467 509 520 ἂν
535 460 748 530 omet)
780 461 1035 527 διεξέλθοι
1068 461 1159 515 τὸν
1195 458 1598 529 συγκεχυμένον
1630 455 1825 508 τοῦτον

2001 448 2139 502 XLI.
2181 447 2318 514 Quis
2370 458 2610 512 unquam
2665 456 2926 496 enarrare
2980 439 3174 510 poterit
3227 439 3511 494 confusam

245 558 340 614 καὶ
383 557 683 612 ἀσύστατον
711 555 820 608 τῶν
863 554 1148 624 δογμάτων
1199 551 1366 624 μῦθον
1390 590 1404 612 ,
1441 548 1706 620 μηδέποτε
1732 545 1827 598 ἐπὶ

241 650 338 705 τοῦ
363 649 529 702 αὐτοῦ
557 648 826 717 βαίνοντα,
858 646 992 699 ἀλλά
1023 645 1163 700 κατά
1180 643 1280 708 τὰς
1309 641 1591 702 ἐνυπνίους
1623 653 1826 706 φαντα-

246 743 388 804 σίας,
410 741 536 793 ἄλλο
564 757 621 792 τε
663 738 788 792 ἄλλο
819 738 1172 808 φαινόμενον;
1197 734 1311 788 Νῦν
1362 734 1460 804 μέν
1504 749 1636 802 φησι
1679 730 1827 784 Θείαν

244 829 383 886 εἶναι
421 832 519 902 τήν
548 831 725 902 σάρκα
750 829 843 882 τοῦ
866 830 1039 896 Λόγου
1074 829 1166 880 καὶ
1198 825 1486 887 συναῖδιον,
1516 823 1676 876 πάλιν
1708 821 1827 873 ἐπί-

241 942 438 995 κτητον
477 923 571 976 καὶ
606 922 1103 992 προσειλημμὲνην,
1127 915 1245 971 εἶτα
1273 917 1566 988 ἀλλοτρίως
1588 915 1663 977 ὡς
1693 913 1829 983 πρὸς

242 1018 338 1087 τὴν
377 1016 656 1086 ἡμετέραν
691 1015 919 1084 ἔχουσαν
956 1013 1138 1081 φύσιν,
1179 1011 1277 1082 τὴν
1307 1008 1553 1081 παθητὴν
1579 1006 1693 1077 (65)
1734 1008 1829 1060 καὶ

243 1109 534 1179 ὲπίκηρονο
567 1106 748 1168 πάλιν,
775 1106 961 1158 ἐπιδεᾶ
979 1104 1072 1157 τοῦ
1107 1103 1444 1164 εὐθύνοντος,
1467 1101 1558 1153 καὶ
1587 1098 1666 1168 τῷ
1688 1097 1830 1152 κατά

243 1201 457 1271 τροπήν
484 1215 544 1250 τε
577 1197 671 1249 καὶ
713 1196 996 1250 ἀλλοίωσιν
1039 1195 1199 1248 πάθει
1231 1192 1590 1262 ὲνεχομένην,
1617 1190 1709 1243 καὶ
1741 1189 1828 1242 διὰ

243 1291 400 1343 τοῦτο
423 1291 590 1358 αὐτὴν
612 1289 771 1342 ἄνουν
801 1290 963 1352 ποιεῖ,
983 1288 1066 1340 ἵνα
1085 1285 1340 1356 ἰατρευθῇ
1365 1287 1430 1354 τῇ
1457 1283 1689 1352 θεότητι,
1713 1280 1827 1352 (66)

245 1382 434 1451 ὥσπερ
481 1379 736 1450 ἐμπόδιον
786 1378 1087 1450 ἡγούμενος
1132 1378 1223 1430 τὸν
1257 1375 1380 1429 νοῦν
1410 1376 1510 1446 τῆς
1543 1374 1693 1438 Θείας
1740 1374 1832 1428 ἐπ’

244 1471 546 1543 ἀνθρώπων
590 1469 912 1538 κηδεμονίας
933 1509 948 1528 ,
981 1469 1074 1520 καὶ
1103 1466 1564 1538 προσφιλέστερον
1600 1463 1679 1534 τῷ
1711 1462 1829 1534 Θεῷ

243 1561 305 1615 τὸ
350 1562 592 1629 ἀνόητον.
626 1557 833 1611 Οὐκοῦν
881 1557 1343 1628 μακαριστότερον
1387 1557 1554 1609 οἴεται
1599 1555 1660 1608 τὸ
1707 1553 1832 1608 νοῦν

249 1653 323 1724 μὴ
354 1652 518 1721 ἔχειν,
549 1651 708 1720 εἴπερ
736 1648 1231 1719 προσλαμϐάνεται,
1251 1646 1432 1710 καθώς
1457 1663 1620 1716 φησιν
1649 1637 1828 1710 οὗτος,

247 1745 397 1813 παρά
435 1741 570 1794 Θεοῦ
624 1741 688 1793 τὸ
738 1739 981 1809 ἀνόητον.
1020 1739 1085 1791 Τί
1136 1734 1230 1790 οὖν
1277 1737 1339 1790 οὑ
1383 1735 1689 1808 διορθοῦται
1739 1737 1830 1788 τὸν

1935 544 2075 596 hanc
2122 541 2455 608 minimeque
2510 536 2612 592 sibi
2672 542 3020 589 constantem
3070 532 3384 602 dogmatqu
3432 528 3514 583 fa.

1934 635 2116 689 bulam
2161 648 2282 702 quae
2331 630 2572 698 unuique
2610 635 2790 690 nutat,
2851 635 2926 687 et,
2975 625 3041 678 ad
3098 623 3274 678 instar
3321 623 3515 692 imagio

1934 743 2065 781 num
2135 740 2256 795 qua
2310 723 2362 778 in
2419 721 2632 776 somnis
2706 718 3146 787 conspiciuntur,
3209 729 3352 768 nunc
3410 713 3514 767 hoc

1935 834 2085 873 nunc
2132 818 2228 870 illo
2269 815 2432 869 modo
2467 811 2730 882 apparet?
2783 809 3064 878 Siquidem
3115 823 3259 860 nunc
3293 820 3514 859 carnem

1933 910 2098 965 Verbi
2165 908 2406 962 divinam
2463 915 2518 961 et
2572 905 2675 975 ipsi
2737 913 3062 957 coartcrnam
3111 916 3236 954 esse
3297 899 3514 959 asserit,

1935 1016 2085 1055 nunc
2119 999 2412 1054 ascititiam
2443 1007 2496 1054 et
2541 995 2758 1050 aliunde
2802 1003 3163 1062 assumptam,
3209 1007 3356 1044 ntmc
3396 990 3515 1042 vel~

1936 1093 2015 1146 uti
2075 1092 2350 1147 diversam
2401 1105 2432 1142 ιι
2499 1098 2694 1142 natura
2742 1094 2928 1140 nostra
2991 1101 3112 1154 qua:
3169 1083 3517 1152 passionibus

1938 1183 2204 1252 subjacet,
2243 1180 2499 1250 lluxaque
2533 1189 2587 1235 et
2617 1179 2828 1250 fragilis
2857 1188 2969 1243 est;
3003 1191 3149 1230 nunc
3192 1185 3402 1228 rectore
3433 1174 3518 1226 in-

1935 1275 2241 1346 digentem,
2310 1287 2460 1327 nunc
2524 1270 2844 1326 mutationis
2906 1277 2959 1323 et
3015 1267 3338 1320 variationis
3386 1267 3517 1319 vitio

1937 1367 2252 1428 obnoxiam,
2307 1380 2372 1418 ac
2416 1372 2702 1435 propterea
2752 1363 2925 1431 ipsam
2968 1367 3148 1413 mente
3197 1357 3515 1414 destitutam

1938 1453 2093 1523 ﬁngit
2156 1462 2217 1508 ut
2276 1469 2371 1524 per
2423 1453 2767 1506 divinitatem
2826 1449 2953 1503 huic
3007 1449 3150 1502 malo
3212 1447 3514 1511 medeatur,

1937 1555 2090 1602 ratus
2144 1549 2435 1601 humanam
2487 1555 2724 1602 mentem
2759 1542 3205 1613 in'ipedimentum
3240 1541 3510 1611 quodam-

1937 1639 2101 1692 modo
2144 1638 2258 1693 fore
2304 1638 2502 1692 divinae
2548 1653 2676 1708 erga
2727 1635 2977 1689 homines
3025 1633 3404 1704 providentiae.
3461 1643 3515 1685 et

1937 1732 2149 1800 gratius
2211 1730 2262 1784 id
2322 1729 2429 1783 Deo
2483 1744 2607 1784 esse
2662 1728 2806 1798 quod
2855 1732 3036 1780 mente
3102 1735 3305 1779 careat.
3377 1724 3519 1793 Ergo

247 1834 587 1905 Σολομῶντα,
634 1833 692 1895 ὃς
745 1847 930 1902 φησιν,
974 1831 1024 1881 '0
1068 1827 1128 1882 δὲ
1183 1827 1424 1898 νοήμων
1468 1827 1830 1895 κυϐέρνησιν

1939 1825 2148 1878 teatius
2170 1838 2291 1878 esse
2324 1829 2479 1892 putat
2515 1829 2697 1874 mente
2723 1819 2970 1882 destitui,
3021 1818 3066 1872 si
3099 1833 3127 1871 a
3161 1816 3290 1881 Deo,
3327 1833 3521 1885 quein-

248 1927 529 1992 κτήσεται
555 1941 573 1988 ;
605 1922 736 1990 Oeae
775 1922 883 1992 γὰρ
907 1920 1073 1991 ἄλλην
1103 1916 1256 1990 οἶμαι
1277 1920 1374 1989 τὴν
1397 1918 1722 1989 κυϐέρνησιν
1747 1919 1833 1970 ὲν-

246 2018 419 2071 ταῦθα
446 2015 598 2088 παρά
620 2014 713 2068 τοῦ
749 2011 1119 2084 παροιμιακοῦ
1141 2012 1457 2082 αἰνίγματος
1482 2009 1753 2078 λέγεσθαι,
1783 2010 1833 2062 εί

253 2109 330 2181 μὴ
348 2108 442 2180 τὴν
474 2107 748 2179 ἡμετέραν
772 2105 953 2174 φύσιν,
990 2104 1087 2176 τὴν
1124 2104 1182 2156 ὲν
1216 2103 1383 2174 κακίᾳ
1421 2100 1830 2172 χειμασθεῖσαν,

249 2203 344 2256 καὶ
373 2202 780 2271 ναυαγήσασαν,
807 2200 874 2269 τῇ
913 2198 1202 2266 ἐπιστασίᾳ
1225 2195 1318 2250 τοῦ
1347 2195 1599 2266 ἀληθινοῦ
1633 2193 1832 2265 κυϐερ-

251 2291 412 2361 νήτου
453 2290 588 2357 πρὸς
618 2288 708 2342 τὸν
741 2289 935 2358 λιμένα
965 2287 1058 2340 τοῦ
1091 2287 1236 2340 θείου
1277 2286 1580 2357 θελήματος
1616 2285 1835 2339 εύθυνο-

256 2381 442 2452 μένην.
466 2381 527 2433 Et
551 2375 642 2434 οῦν
673 2380 730 2432 ὲν
759 2381 822 2448 τῇ
848 2378 1001 2449 ἀνοίᾳ
1029 2376 1352 2448 ὁάνθρωπος
1383 2377 1635 2440 σώζεται,
1664 2378 1780 2441 πῶς
1805 2379 1836 2430 6

253 2475 469 2544 νοὴμων
515 2469 840 2541 κυδὲρνησιν
873 2472 1164 2540 κτήσεται;
1191 2469 1306 2520 Τίνι
1334 2469 1377 2521 δ’
1404 2468 1471 2523 ἂν
1512 2470 1834 2540 οἰκειότερον

253 2565 311 2617 ἐν
334 2563 491 2632 φύσει
517 2561 629 2632 (67)
659 2560 742 2631 εἴη
779 2563 841 2616 τὸ
856 2562 1044 2623 Θεῖον;
1079 2560 1220 2630 Πρὸς
1249 2559 1299 2611 τί
1328 2559 1525 2630 μᾶλλον
1565 2560 1838 2631 καταλλή-

254 2655 359 2719 λως
401 2653 541 2724 ἔχειν
587 2652 685 2723 τὴν
729 2651 876 2704 θείαν
917 2649 1075 2718 φύσιν
1103 2653 1131 2702 6
1171 2649 1428 2720 λογισμὸς
1469 2652 1780 2704 ὑποτίθεται
1817 2667 1833 2717 ;

256 2745 466 2816 Παχεῖά
490 2761 572 2806 τις
595 2744 686 2796 καὶ
716 2742 1007 2811 ἀντιτυπής
1035 2742 1180 2793 ἐστιν
1209 2742 1241 2811 ὴ
1274 2740 1428 2812 σὰρξ,
1457 2741 1551 2794 καὶ
1575 2741 1710 2812 πρὸς
1736 2741 1835 2810 τὴν

258 2836 434 2907 γεώδη
483 2835 642 2905 φύσιν
692 2833 965 2903 συγγενῶς
995 2832 1106 2901 ἔχει
1131 2850 1145 2863 ·
1173 2831 1359 2904 νοερὸν
1387 2833 1444 2886 δέ
1482 2851 1534 2886 τι
1569 2833 1664 2887 καὶ
1692 2834 1835 2902 ἀφα-

257 2932 344 2994 νὲς
376 2931 486 3001 (68)
536 2929 631 2982 καὶ
677 2925 1078 2996 ἀσχημάτιστον
1108 2926 1141 2994 ἡ
1177 2923 1404 2977 διάνοια.
1441 2925 1506 2976 Τί
1536 2924 1600 2977 ἂν
1639 2923 1838 2995 μᾶλλον

157 3083 169 3095 _
257 3023 580 3092 οἰκειότερον
609 3019 857 3090 εὑρεθείη
886 3019 949 3070 ἐκ
968 3015 1172 3068 τούτων
1201 3015 1336 3084 πρὸς
1369 3016 1429 3068 τὸ
1457 3016 1836 3088 συναρμοσθῆ-

257 3129 344 3165 ναι
361 3114 567 3188 Θεῷπδ
587 3111 733 3182 παχὺ
756 3109 848 3161 καὶ
868 3107 1094 3176 γεῶδες,
1126 3105 1158 3176 ἢ
1192 3106 1251 3158 τὺ
1292 3107 1494 3175 ἀναφές
1542 3125 1603 3163 τε
1630 3109 1725 3163 καὶ
1749 3109 1826 3160 ἀ-

261 3226 362 3280 σχη
373 3207 629 3279 μάτιστον
649 3199 907 3269 ;(69)Θὼς
926 3197 981 3250 δὲ
1032 3197 1424 3268 συναρμόζεται
1445 3197 1521 3268 τῷ
1545 3197 1662 3268 Θεῷ
1675 3197 1831 3268 σὰρξ,

256 3287 330 3353 ὥς
360 3305 544 3358 φησιν,
568 3287 858 3350 ἀδιάστως,
878 3290 910 3356 ἡ
938 3287 1424 3358 μεταλαμϐάνουσα
1459 3289 1560 3358 τῆς
1589 3288 1835 3359 καθαρᾶς

257 3383 491 3454 ἀρετῆς;
523 3382 617 3445 Τίς
650 3380 757 3451 γὰρ
797 3382 895 3433 οὐκ
938 3377 1075 3433 οἶδεν
1128 3383 1210 3434 ὅτι
1243 3382 1409 3452 ἀρετὴ
1465 3381 1834 3452 προαιρέσεώς

259 3476 372 3528 ἐστι
397 3474 724 3546 κατόρθωμα
746 3490 761 3538 ;
798 3472 860 3526 Ἦ
883 3473 937 3526 δὲ
970 3473 1104 3544 σὰρξ
1128 3473 1354 3544 ὄργανόν
1381 3475 1495 3526 ἐστι
1522 3474 1620 3543 τῆς
1644 3491 1828 3544 προαιο

264 3565 484 3637 ρέσεως,
517 3569 582 3635 τῇ
616 3568 756 3637 ὁρμῇ
797 3564 894 3634 τῆς
924 3565 1157 3628 διανοίας
1196 3565 1511 3634 ἐγκείμενον
1542 3564 1674 3633 (70),
1700 3564 1838 3636 πρὸς

258 3657 394 3728 ὅπερ
420 3657 484 3710 ἂν
505 3660 532 3709 ὁ
559 3657 722 3709 κινῶν
763 3657 892 3724 ἄγῃ.
939 3656 1073 3726 πρὸς
1105 3654 1261 3706 τοῦτο
1294 3654 1728 3725 μετατιθέμενον.
1771 3655 1836 3708 Ἡ

257 3749 317 3804 δὲ
350 3749 668 3819 προαίρεσις
698 3747 845 3799 οὐδὲν
893 3747 1075 3816 ἓτερον
1115 3747 1164 3798 εί
1198 3745 1272 3816 μὴ
1305 3746 1426 3809 νοῦς
1459 3747 1540 3810 τίς
1571 3748 1706 3813 ἐστι,
1743 3747 1838 3800 καὶ

260 3841 397 3912 πρός
441 3858 492 3892 τι
529 3841 782 3902 διάθεσις.
819 3841 881 3894 Εἰ
923 3836 1016 3894 οὗν
1053 3839 1488 3911 μεταλαμϐάνειν
1526 3842 1686 3911 φήσει
1723 3841 1834 3912 (71)

259 3931 352 3985 τὸν
382 3931 666 4001 ἄνθρωπον
713 3930 956 4001 καθαρᾶς
993 3931 1214 4005 ἀρετῆς,
1249 3931 1308 3983 ὲν
1332 3923 1376 3998 ᾧ
1401 3931 1525 3994 νοῦς
1560 3932 1658 3984 οὐκ
1699 3930 1835 3999 ἔστι,

260 4022 321 4077 τὸ
343 4023 442 4093 τὴν
469 4023 670 4092 ἀρετὴν
708 4022 966 4085 ἑκουσίως
1007 4021 1396 4092 ὑποδεχόμενον
1425 4021 1476 4074 τί
1516 4021 1581 4076 ἂν
1625 4024 1738 4094 εἴη;
1773 4023 1837 4076 Et

267 4113 341 4183 μὴ
369 4114 478 4184 ἄρα
508 4113 568 4165 τὸ
612 4112 964 4183 βεϐιασμένον
995 4112 1247 4166 ἁϐίαστον
1276 4113 1303 4164 6
1329 4111 1665 4183 λογογράφος
1707 4116 1834 4167 νοεῖ.

267 4205 386 4258 ”Οτ’
409 4205 598 4278 ἃνγάρ
633 4204 704 4275 μὴ
733 4205 826 4257 τοῦ
859 4203 949 4257 νοῦ
979 4203 1356 4274 συντιθεμένου
1380 4207 1445 4275 τῇ
1471 4204 1839 4276 προτιμοτέρᾳ

266 4299 428 4369 ῥοπῇ,
469 4296 572 4361 ἔξω
599 4296 708 4350 τῶν
746 4297 886 4350 κατά
938 4297 1135 4350 κακίαν
1165 4297 1550 4367 ἐνεργημάτων
1579 4295 1638 4348 τὸ
1682 4296 1840 4367 σῶμα

263 4389 508 4458 γένηται,
544 4389 786 4458 ἀνάγκης
841 4387 998 4458 ἔργον
1057 4388 1116 4440 ού
1151 4387 1523 4459 προαιρέσεως
1578 4387 1729 4440 ἔσται
1778 4390 1839 4440 τὸ

265 4477 725 4550 κατορθούμενονο
758 4480 786 4529 6
825 4477 994 4530 δὲδιά
1047 4476 1144 4546 τῆς
1189 4476 1296 4528 τῶν
1326 4475 1597 4546 λογισμῶν
1629 4476 1840 4548 ἐπικρί-
1875 4517 1918 4571 D

267 4585 404 4633 σεως
440 4569 550 4638 (72)
571 4568 631 4621 τὸ
663 4567 866 4635 ἀγαθὸν
895 4566 1343 4639 προαιρούμενος,
1368 4569 1629 4638 κρείττων
1662 4568 1841 4637 πάσης

264 4663 510 4730 ἀνάγκης
563 4661 657 4713 καὶ
713 4660 831 4731 βίας
869 4661 1032 4724 ἐστὶν,
1065 4659 1274 4712 οἴκοθεν
1315 4659 1452 4728 ἔχων
1492 4657 1590 4729 τὴν
1623 4657 1758 4728 πρὸς
1781 4657 1841 4710 τὸ

265 4756 509 4825 κρεῖττον
541 4753 736 4824 ῥοπήν.
763 4751 886 4814 Πῶς
908 4747 1000 4804 οὖν
1027 4750 1106 4820 τῷ
1148 4749 1494 4822 ἀπροαιρέτῳ
1523 4751 1550 4801 ὁ
1579 4748 1841 4819 λογογρά·

267 4862 364 4912 eo;
396 4843 730 4914 μαρτύρεται
759 4841 868 4910 (75»
897 4841 956 4893 τὸ
991 4840 1270 4902 ἀϐίαστον,
1294 4835 1354 4892 οὗ
1377 4839 1562 4908 μηδεὶς
1583 4837 1840 4907 λογισμὸς

267 4935 394 5000 ἴδιος
448 4936 582 5006 πρὸς
637 4933 698 4986 τὸ
751 4933 911 4986 καλὸν
946 4933 1333 5003 καθηγήσατο;
1371 4931 1444 4985 Τὸ
1486 4931 1592 5002 γὰρ
1644 4930 1720 5002 μὴ
1776 4932 1840 4984 ὲκ

339 5082 382 5111 ³ο
413 5079 570 5135 Prov.
598 5095 635 5144 ι,
661 5079 716 5134 5.

337 5238 448 5308 (64)
480 5237 556 5308 ita
585 5248 732 5290 corr.
755 5250 777 5308 Δς
811 5231 952 5308 male
975 5238 1156 5294 antea,
1185 5229 1266 5293 τίς
1285 5229 1351 5283 ἂν
1373 5228 1454 5282 οὐ.

482 5307 637 5378 ξοην.
668 5301 1022 5378 πψητικῄνη
1140 5370 1152 5378 ⁵
1315 5319 1318 5322 ’

337 5319 448 5378 (65)
482 5319 637 5361 uorr.
668 5319 998 5424 παυητικὲν.
1315 5319 1318 5322 ’

336 5377 450 5449 (66)
485 5375 560 5450 Et
581 5375 697 5450 haec
727 5375 868 5450 idem
947 5370 1226 5450 uthymius
1259 5369 1424 5450 paulo
1454 5369 1614 5423 aliter
1647 5368 1845 5450 reeitat

267 5437 567 5517 iisque_ad
610 5446 703 5498 illa
757 5443 924 5500 verba
951 5437 1062 5494 τὸν
1079 5439 1202 5494 νοῦν
1252 5437 1328 5510 μὴ
1354 5438 1519 5509 ἔχειν,
1561 5453 1686 5509 pag.
1714 5437 1842 5504 528,

266 5515 411 5572 veris.
447 5515 506 5570 Si
536 5516 747 5568 divinis.

337 5588 448 5656 (67)
479 5587 634 5641 Corr.
666 5589 721 5638 in
755 5599 929 5655 marg.
950 5581 1140 5639 scribit
1171 5577 1356 5651 ὲμφύη
1377 5581 1446 5644 εί,
1484 5578 1661 5646 nullo,
1696 5578 1843 5649 quod

267 5662 461 5721 sciam,
494 5672 682 5711 sensu.

339 5715 458 5798 (678}
507 5725 566 5780 in
617 5734 774 5798 ῑεειιιιιΔ
795 5722 920 5777 Vat.
968 5722 1104 5798 cod.
1150 5729 1233 5798 est
1279 5715 1679 5798 ἀφανέςϐοιγ.
1712 5720 1846 5798 ἀνειπ-

269 5790 456 5871 φανέςζ
493 5793 842 5860 emendavit;
890 5792 986 5850 sed
1026 5790 1574 5864 legendum‘vidctur
1621 5791 1846 5860 ἀναφές,

1935 1915 2228 1968 admodum
2266 1913 2371 1967 iste
2396 1915 2494 1973 ait,
2530 1911 2677 1982 quod
2715 1911 2834 1966 sine
2863 1917 3040 1964 mente
3063 1919 3168 1970 est,
3193 1909 3514 1964 assumitur.

1935 2006 2134 2073 Quidni
2175 2007 2342 2077 igitur
2385 2006 2737 2059 Salomonem
2793 2000 3075 2070 redarguit
3113 2001 3370 2063 aientem,
3418 1999 3518 2053 In-

1937 2100 2170 2168 telligens
2197 2096 2553 2167 gubernacula
2593 2093 2880 2163 possidebit
2907 2093 2987 2146 ὀἳ
3014 2091 3199 2160 Neque
3227 2093 3373 2146 enim
3408 2093 3517 2146 alia

1934 2192 2174 2245 arbitror
2207 2187 2577 2259 gubernacula
2623 2186 2712 2240 hic
2757 2184 3084 2254 pr0verbiali
3125 2185 3413 2254 amigmate
3443 2185 3520 2239 si-

1932 2281 2202 2354 gniﬁcari,
2247 2289 2442 2350 praeter
2484 2294 2648 2348 quam
2709 2285 2965 2330 naturam
3020 2288 3265 2331 nostram
3313 2279 3518 2347 peccati

1937 2382 2264 2446 tempestate
2305 2373 2566 2442 iactatam
2610 2370 3068 2440 naufragiumque
3117 2386 3356 2441 passam,
3398 2386 3520 2440 quae

1936 2467 2052 2520 veri
2107 2465 2492 2535 gubernatoris
2543 2463 2889 2532 inspectione
2943 2469 3108 2532 atque
3157 2477 3286 2517 cura
3324 2462 3393 2516 ad
3425 2478 3521 2516 vo-

1937 2559 2164 2613 luntatis
2231 2557 2432 2610 divina:
2489 2565 2710 2626 portum
2773 2555 3048 2626 dirigitur.
3101 2555 3159 2608 Si
3205 2556 3371 2626 igitur
3422 2571 3520 2625 per

1937 2650 2138 2705 mentis
2173 2649 2481 2704 carentiam
2532 2649 2696 2701 homo
2731 2647 2992 2711 salvator,
3029 2647 3308 2716 quomodo
3355 2647 3522 2702 intel-

1939 2738 2112 2807 ligens
2170 2737 2545 2808 gubernacula
2617 2737 2978 2806 possidebit?
3041 2737 3271 2791 Cuinam
3333 2740 3520 2808 aptius

1938 2829 2198 2883 divinitas
2267 2841 2460 2884 natura
2514 2829 2860 2882 conveniet?
2907 2829 3139 2884 Cuinam
3212 2832 3384 2900 magis
3441 2833 3520 2887 rei

1937 2921 2179 2975 divinam
2220 2929 2473 2974 naturam
2511 2936 2815 2990 congruere
2844 2922 2984 2976 ratio
3015 2925 3293 2994 suggerit?
3322 2926 3520 2979 Crassa

1940 3010 2189 3081 quaedam
2249 3028 2338 3067 res
2402 3019 2566 3081 atque
2619 3013 2793 3066 solida
2833 3021 2918 3068 est
2962 3028 3112 3081 caro,
3161 3023 3373 3069 etcum
3409 3026 3520 3070 ter-

1938 3119 2072 3158 rena
2129 3112 2325 3158 natura
2377 3105 2758 3175 cognationem
2813 3105 3008 3172 habet;
3071 3115 3127 3160 at
3173 3123 3304 3161 vero
3365 3125 3520 3163 mens

1942 3211 2033 3251 res
2089 3204 2177 3252 est
2224 3197 2466 3250 materia:
2513 3211 2735 3267 expers,
2789 3213 2891 3253 nec
2937 3207 3140 3254 tactum
3182 3199 3520 3270 ﬁguramque

1943 3291 2110 3346 ullam
2136 3291 2394 3348 admittit.
2431 3291 2634 3347 llarum
2666 3302 2789 3346 utra
2824 3293 2890 3347 ad
2921 3293 3366 3363 conjunctioncm
3393 3312 3519 3349 eum

1943 3382 2056 3436 Deo
2093 3383 2403 3437 habendam
2452 3385 2632 3453 aptior
2687 3384 3300 3448 invenietur,crassane
3349 3397 3522 3442 terre-

1940 3488 2121 3544 naque
2153 3488 2306 3537 caro,
2349 3489 2419 3527 an
2451 3489 2607 3530 mens
2640 3491 2761 3543 quae
2793 3491 2894 3530 nec
2922 3483 3127 3530 tactum
3158 3493 3260 3532 nec
3291 3478 3521 3550 ﬁguram

1943 3563 2218 3618 admittit?
2258 3563 2548 3629 Quomodo
2585 3565 2749 3620 etiam
2785 3567 2903 3622 sine
2935 3568 3045 3620 ulla
3085 3569 3194 3632 sui,
3230 3576 3287 3622 ut
3319 3569 3519 3640 inquit,

1943 3658 2225 3710 coactioue
2285 3672 2416 3711 caro
2468 3656 2578 3712 Deo
2642 3668 2882 3728 aptatur,
2932 3676 3054 3730 qua
3103 3677 3253 3730 pura:
3305 3663 3525 3718 virtutis

1943 3749 2220 3818 particeps
2280 3748 2555 3802 elIicitur?
2609 3749 2744 3814 Quis
2798 3751 2943 3805 enim
2999 3752 3213 3822 ignorat
3265 3755 3522 3810 virtutem

1943 3848 2156 3893 rectum
2206 3854 2330 3894 esse
2398 3840 2654 3909 eligentis
2712 3843 3014 3898 voluntatis
3069 3842 3331 3899 factum?
3393 3861 3524 3900 caro

1944 3939 2126 3986 autem
2168 3941 2253 3986 est
2297 3932 2550 4000 eligentis
2591 3933 2892 3988 voluntatis
2925 3934 3372 4001 instrumentum,
3407 3953 3525 3990 mo-

1947 4022 2085 4076 tioni
2117 4021 2336 4085 ,mentis
2385 4022 2679 4087 inha'rens,
2740 4033 2796 4079 et
2849 4025 2918 4080 iis
2969 4026 3226 4082 onmibus
3277 4028 3346 4082 ad
3400 4044 3524 4097 qua:

1944 4128 2172 4168 movens
2232 4114 2343 4183 agit
2394 4115 2801 4170 obsecundans.
2844 4115 3038 4174 Libere
3085 4125 3264 4173 autem
3317 4099 3524 4190 eligens

1945 4205 2201 4259 voluntas
2240 4205 2317 4258 nil
2357 4205 2504 4260 aliud
2537 4220 2698 4276 quam
2734 4223 2888 4262 mens
2935 4209 3183 4276 quaadam
3230 4221 3334 4275 est,
3366 4219 3420 4265 et
3453 4211 3525 4266 ad

1946 4295 2156 4366 aliquid
2203 4297 2479 4366 agendum
2538 4298 2774 4354 aﬂ‘ectio.
2826 4298 2883 4354 Si
2935 4301 3101 4371 igitur
3133 4303 3430 4367 hominem,
3468 4305 3524 4360 in

1946 4402 2056 4456 quo
2089 4401 2245 4440 mens
2294 4402 2402 4440 non
2442 4396 2547 4450 est,
2583 4404 2735 4456 pura:
2775 4391 2993 4448 virtutis
3041 4394 3361 4464 participem
3405 4394 3524 4450 ﬁeri

1946 4477 2111 4540 dicet,
2159 4475 2418 4546 quidnam
2446 4478 2552 4532 erit
2578 4479 2727 4548 quod
2767 4481 3025 4538 virtutem
3052 4483 3225 4540 libere
3248 4485 3526 4542 admittit?

1946 4568 2061 4624 Nisi
2104 4568 2244 4624 forte
2277 4569 2422 4638 quod
2471 4569 2525 4624 vi
2583 4573 2816 4642 cogitur,
2853 4589 2952 4644 pro
3002 4591 3066 4630 eo
3113 4577 3259 4646 quod
3315 4579 3522 4634 nullam

1947 4662 2058 4714 vim
2080 4661 2305 4730 patitur,
2330 4659 2568 4731 scriptor
2592 4661 2869 4734 intelligit.
2897 4664 3128 4732 Quando
3149 4669 3293 4724 enim
3323 4684 3526 4740 corpus

1948 4754 2085 4808 citra
2116 4752 2282 4805 ullam
2310 4752 2510 4806 mentis
2537 4753 2604 4807 ad
2632 4755 2862 4809 meliora
2903 4759 3328 4829 propensionem
3359 4770 3527 4832 atque

1948 4858 2232 4898 assensum
2289 4841 2538 4898 honestis
2585 4842 2641 4896 in
2694 4845 2910 4902 actibus
2951 4862 3234 4915 versatur,
3301 4867 3414 4907 non
3457 4868 3526 4907 ex

1949 4934 2123 4990 libera
2170 4933 2474 4999 voluntate,
2532 4933 2629 4990 sed
2660 4950 2726 4991 ex
2783 4941 3133 5007 necessitate,
3186 4951 3337 4999 recte
3381 4943 3526 5002 facta

1950 5237 2011 5286 ut
2031 5233 2195 5303 paulo
2234 5245 2358 5302 post
2395 5233 2577 5288 habet.

2020 5302 2132 5376 (69)
2164 5302 2332 5358 Breve
2356 5303 2709 5376 hochsseni
2736 5302 3141 5376 dictumusque
3157 5305 3225 5362 ad
3242 5305 3330 5361 illa
3358 5307 3524 5361 verba

1947 5372 2152 5445 ἀναφὲς
2192 5391 2250 5426 τε
2298 5375 2392 5428 καὶ
2448 5372 2890 5445 ἀσῇίημάτιστον,
2939 5372 3194 5432 laudatur
3226 5376 3296 5433 ab
3331 5377 3522 5434 eodem

1947 5441 2257 5517 Eu_t_b_y_m_io,
2292 5460 2415 5514 pag.
2450 5441 2752 5517 528,"vers.
2789 5443 2924 5517 Utra
2957 5448 3142 5517 magis.

2016 5511 2130 5583 (7'0)
2163 5511 2326 5570 Forte
2345 5511 2631 5584 legendum
2657 5513 2996 5585 ἐκκείμενον.

2022 5583 2135 5635 (71)
2162 5584 2320 5635 Corr.
2350 5592 2473 5635 (9-6:.
2925 5608 2931 5612 -

2022 5584 2138 5722 (71(
2162 5584 2320 5639 Corr.
2350 5592 2473 5662 φῄς.

2027 5653 2117 5726 (ξΙὲ
2173 5653 2329 5708 Corr.
2362 5655 2720 5726 ὑποκρίσεως,

2023 5725 2133 5796 (75)
2173 5725 2327 5780 Corr.
2368 5725 2748 5799 μαρτυρεῖται.
