4120 6394
566 348 704 408 1219

1883 349 1941 406 S.
1973 348 2300 405 GREGORII
2337 347 2624 402 NYSSENI

3682 347 3706 401 Ι
3717 347 3838 400 9.ἒο

563 469 916 540 provenient;
942 470 1034 541 qui
1054 469 1402 525 verobonum
1431 477 1628 524 exacto
1665 471 1899 526 rationis
1933 471 2141 540 judicio

2247 470 2622 543 προαιρέσεως
2644 470 3048 541 ἀναμάρτητον,
3081 467 3201 522 οὐδὲ
3234 466 3513 521 ἐπαινετόν
3542 467 3658 520 ἐστι
3689 470 3840 520 πάν-

561 562 734 632 eligit,
768 577 1094 632 quacunque
1131 563 1361 632 viatque
1392 563 1722 618 necessitate
1764 565 2016 635 superior
2040 574 2145 630 est,

563 660 749 723 utpote
781 654 873 722 qui
911 670 978 708 ex
1031 657 1324 724 semetipso
1353 655 1420 709 ad
1461 657 1689 710 meliora
1721 657 2145 726 propensionem

564 745 780 798 habeat.
809 744 1054 810 Quonam
1081 745 1245 816 igitur
1265 755 1423 816 pacto
1448 749 1682 817 scriptor
1699 759 1887 803 noster
1911 763 2033 801 eum
2053 747 2147 817 qui

565 833 685 887 sine
708 833 976 887 electione
993 848 1056 888 ac
1075 837 1357 904 proposito
1374 848 1654 906 operatur,
1675 837 1924 890 libertate
1945 838 2149 906 pollere

565 937 824 992 testatur,
863 945 1024 998 quem
1049 930 1192 982 nulla
1227 932 1461 999 propria:
1484 930 1684 981 mentis
1708 929 1851 981 actio
1883 929 1948 980 ad
1981 928 2148 983 bene-

567 1020 873 1076 faciendum
899 1021 1149 1076 induxit?
1165 1021 1321 1086 Quod
1333 1022 1477 1075 enitn
1498 1021 1624 1090 quis
1641 1036 1748 1073 non
1766 1020 1936 1075 libera
1950 1021 2148 1075 mentis

565 1115 829 1168 electione
869 1113 1074 1182 peccati
1101 1112 1173 1166 sit
1194 1127 1410 1181 expers,
1441 1111 1646 1164 nullam
1677 1125 1902 1180 prorsus
1933 1110 2146 1164 laudem

566 1213 848 1271 meretur;
890 1205 1132 1274 alioquin
1157 1220 1254 1260 eos
1283 1205 1468 1266 etiam,
1505 1204 1598 1272 qui
1626 1204 1881 1268 vinculis,
1910 1217 1978 1257 ne
2009 1203 2148 1257 male

565 1302 749 1362 agant,
784 1294 1176 1364 impediuntur,
1203 1293 1574 1355 laudabimus,
1604 1308 1745 1362 quos
1775 1293 1962 1363 utique
1982 1310 2012 1346 a
2031 1309 2147 1346 ma-

566 1384 632 1438 lis
662 1385 873 1439 actilius
902 1401 1011 1438 non
1041 1386 1292 1439 voluntas
1321 1393 1487 1448 arcet,
1520 1385 1613 1438 sed
1665 1385 1880 1438 vincula
1930 1403 1943 1439 :
1987 1385 2148 1455 Atqui

565 1489 796 1535 carnem,
820 1475 918 1536 ait,
951 1477 1065 1528 sine
1090 1475 1201 1526 ulla
1227 1473 1460 1542 ejusdem
1487 1475 1757 1528 coactione
1777 1475 2025 1530 divinitas
2047 1476 2146 1530 sibi

567 1565 812 1627 asciscit;
841 1580 1032 1634 nempe
1052 1580 1160 1618 non
1183 1573 1453 1628 coactum,
1475 1563 1621 1634 quod
1640 1565 2011 1619 voluntarium
2043 1575 2144 1632 est,

565 1664 743 1706 vocat.
778 1655 1022 1719 Quonam
1054 1656 1237 1725 itaque
1276 1667 1432 1725 pacto
1460 1656 1552 1724 qui
1607 1656 1826 1726 prepria
1861 1659 2146 1713 voluntate

566 1753 738 1806 caret,
760 1745 1016 1799 virtutem
1038 1760 1137 1800 sua
1150 1754 1344 1814 sponte
1364 1745 1646 1814 capesset?
1661 1745 1796 1799 Nam
1819 1746 2144 1809 deliberare,

566 1843 620 1887 et
649 1834 805 1898 velle,
836 1835 991 1888 utilia
1035 1837 1255 1905 eligere,
1295 1845 1349 1890 et
1375 1837 1538 1890 noxia
1576 1838 1772 1901 vitare,
1807 1837 1922 1892 haec
1960 1839 2143 1893 omnia

568 1925 918 1994 cogitationis
967 1927 1216 1982 actiones
1281 1936 1438 1994 sunt;
1497 1929 1739 1999 cogitare
1786 1941 1990 1993 autem,
2046 1931 2141 2002 qui

568 2026 758 2072 carent
806 2028 1006 2085 mente,
1062 2034 1170 2073 non
1223 2029 1474 2089 possunt.
1525 2020 1581 2076 Si
1624 2023 1811 2092 itaque
1840 2039 1972 2077 caro
2023 2025 2144 2078 sine

568 2110 678 2162 ulla
729 2110 812 2165 sui
853 2112 1140 2166 coactione
1171 2120 1392 2181 aptatur
1423 2111 1555 2176 Deo,
1589 2115 1691 2169 hac
1741 2114 1929 2185 utique
1959 2130 2136 2169 asser-

567 2198 716 2252 tione
755 2201 990 2268 scriptor
1023 2208 1258 2255 testatur
1309 2217 1529 2256 carnem
1584 2203 1821 2273 eligendi
1870 2210 2143 2274 potestate

565 2305 675 2343 non
714 2291 962 2356 destitui,
1023 2307 1122 2348 nec
1177 2303 1379 2350 temere
1419 2304 1473 2349 et
1536 2295 1939 2351 inconsiderate
1995 2295 2142 2366 quod

566 2379 670 2433 sibi
727 2382 1075 2435 commodum
1129 2391 1216 2438 est
1266 2393 1552 2454 appetere;
1603 2385 1749 2455 quod
1807 2395 1987 2440 autem
2035 2386 2143 2440 tale

565 2479 670 2533 est,
716 2473 930 2527 ratione
982 2488 1172 2529 carere
1215 2491 1374 2530 nemo
1426 2477 1796 2532 affirmaverit.
1853 2477 2143 2544 Quomodo

564 2564 711 2616 enini
766 2564 818 2617 in
875 2579 942 2618 eo
987 2568 1083 2634 qui
1128 2569 1344 2623 ratione
1391 2578 1542 2623 caret
1587 2570 1906 2625 deliberatio
1959 2571 2138 2639 aliqua

566 2655 752 2710 ﬁeret?
790 2656 972 2722 Quare
1016 2675 1126 2713 non
1184 2671 1420 2716 mentem
1470 2662 1631 2716 modo
1680 2665 1858 2718 inesse
1907 2664 2140 2725 homini,

565 2748 661 2802 sed
715 2756 771 2803 et
829 2766 942 2820 prze
993 2753 1204 2807 caeteris
1260 2753 1440 2808 inesse
1499 2753 1664 2809 dictis
1724 2756 1840 2811 suis
1903 2756 2144 2826 scriptor

564 2837 828 2906 a‘lirmat;
882 2857 1008 2895 nam
1061 2843 1368 2898 voluntarie
1425 2845 1660 2914 aliquem
1693 2853 1747 2899 et
1802 2861 1912 2899 non
1952 2857 2142 2901 coacte

563 2934 632 2988 ad
669 2934 872 2989 bonum
906 2938 1135 3000 moveri,
1178 2936 1471 3007 perfectam
1512 2940 1566 2991 in
1620 2954 1685 2994 eo
1722 2946 1960 2993 mentem
2018 2955 2142 2994 esse

564 3033 818 3087 testatur,
877 3035 931 3081 et
984 3027 1129 3096 quod
1173 3029 1374 3081 bonum
1423 3028 1527 3083 sibi
1569 3044 1891 3098 comparare
1921 3030 1993 3084 sit
2045 3047 2140 3086 co-

564 3114 788 3183 gitantis
830 3115 1105 3172 facultatis
1137 3119 1282 3172 actio
1330 3119 1383 3172 in
1415 3121 1778 3189 sequentibus
1816 3128 2003 3190 aperte
2046 3121 2142 3176 de-

2249 578 2375 626 τως,
2413 561 2444 630 ἢ
2477 560 2647 624 οὕτως
2672 561 2914 624 καὶτοὺς
2944 561 3048 614 ὑπὸ
3075 559 3288 630 δεσμῶν
3329 558 3463 629 πρὸς
3492 561 3838 630 κακουργίαν

2250 652 2623 723 κωλυομένους
2673 651 3069 723 ἐπαινεσόμεθα
3095 692 3108 714 ,
3141 651 3232 713 οῦς
3276 650 3532 720 ἀφίστησι
3573 652 3670 722 τῆς
3714 650 3838 702 τῶν

2249 743 2434 797 κακῶν
2487 744 2763 815 ἐνεργείας
2810 746 2838 796 ό
2887 743 3116 813 δεσμὸς,
3162 743 3260 812 οὐχ
3311 742 3343 812 ἠ
3396 741 3610 811 γνώμη.
3675 740 3844 795 Ἀλλ’

2248 832 2561 900 ἀϐιάστως,
2591 835 2744 904 φησὶ,
2761 833 2876 902 τὴν
2902 833 3097 901 σάρκα
3124 833 3162 900 ἡ
3195 833 3404 898 θεότης
3432 830 3793 902 προσάγεται
3811 847 3836 862 ο

2247 925 2308 978 τὸ
2337 926 2611 986 ἀόὶαστον,
2639 925 2860 996 δηλαδὴ,
2894 925 2955 978 τὸ
2991 923 3236 977 ἑκούσιον
3279 924 3446 990 λέγει.
3484 923 3607 986 Πῶς
3635 918 3728 976 οῦν
3760 923 3839 976 ἄν

2249 1034 2331 1080 τις
2352 1017 2632 1088 ἐθελαντὴς
2660 1019 2728 1087 τῇ
2773 1018 2940 1087 ἀρετῇ
2977 1015 3308 1087 προσαχθείη
3331 1055 3345 1079 ,
3375 1015 3583 1087 θέλημα
3628 1016 3838 1067 οἰκεῖον

2253 1110 2328 1181 μὴ
2372 1110 2744 1180 κεκτημένοςι
2785 1109 2860 1160 Τὸ
2900 1108 3008 1178 γὰρ
3050 1107 3468 1179 προαιρεῖσθαι,
3503 1106 3596 1160 καὶ
3640 1104 3838 1173 βούλε-

2250 1201 2393 1266 σθαι,
2428 1201 2519 1253 καὶ
2551 1202 2584 1270 ή
2616 1200 2710 1252 τοῦ
2744 1199 3116 1269 συμφέροντος
3149 1197 3365 1268 ἐκλογὴ,
3390 1197 3483 1249 καὶ
3511 1195 3657 1266 ὴτόῦ
3694 1194 3839 1264 βλά-

2248 1307 2471 1353 πτοντος
2496 1289 2765 1360 μεταϐολὴ
2788 1287 2920 1359 (74),
2945 1287 3116 1340 ταῦτα
3133 1287 3306 1340 πάντα
3333 1285 3570 1347 διανοίας
3595 1283 3710 1336 ἐστί
3729 1301 3742 1314 ·
3767 1283 3840 1335 τὸ

2247 1383 2303 1436 δὲ
2325 1381 2771 1437 διανοεῖσθαιτῶν
2790 1381 3029 1450 ἀνοήτων
3049 1381 3148 1432 οὐκ
3173 1378 3338 1433 ἔστιν.
3353 1379 3417 1430 Ei
3445 1371 3536 1429 οῦν
3550 1373 3840 1435 ἀὸιάστως

2247 1475 2325 1547 τῷ
2351 1474 2470 1545 Θεῷ
2519 1471 2953 1545 προσοικειοῦται
2999 1474 3033 1542 ὴ
3073 1470 3242 1541 σὰρξ,
3273 1470 3629 1542 μαρτυρεῖται
3673 1467 3838 1535 παρὰ

2247 1567 2450 1621 τούτων
2487 1566 2574 1619 διά
2625 1565 2719 1619 τοῦ
2782 1564 3121 1634 λογογράφου
3179 1563 3254 1634 μὴ
3293 1560 3669 1634 ἀπροαιρέτως
3709 1559 3834 1629 (75)

2248 1655 2383 1712 εἶναι
2411 1661 2443 1728 ἡ
2479 1656 2635 1726 σὰρξ,
2672 1657 2806 1728 μηδὲ
2833 1656 3069 1726 ἀκρίτως
3093 1671 3151 1707 τε
3177 1653 3271 1708 κα.)⁸
3295 1651 3707 1713 ἀνεπισκέπτως
3727 1648 3831 1702 τοῦ

2248 1751 2648 1812 λυσιτελοῦντος
2693 1752 2841 1819 σχεῖν
2875 1747 2983 1817 (76)
3005 1765 3016 1776 ·
3051 1746 3110 1798 τὸ
3145 1745 3201 1798 δὲ
3237 1743 3472 1797 τοιοῦτον
3498 1743 3597 1794 οὐκ
3628 1742 3694 1794 ἄν
3741 1757 3834 1804 τις

2179 1815 2220 1872 Β
2248 1844 2468 1912 ἀλογίαν
2512 1843 2674 1895 εἴποι.
2721 1815 2842 1904 ﬁt};
3029 1838 3095 1891 ἂν
3125 1837 3336 1905 γένοιτο
3370 1837 3427 1888 ὲν
3469 1833 3547 1903 τῷ
3586 1833 3769 1904 ἀλόγῳ
3798 1836 3832 1887 ὁ

2245 1937 2399 2004 λόγος
2421 1951 2434 1998 ;
2453 1934 2614 1985 Ὥστε
2642 1933 2704 1984 ὁύ
2742 1932 2899 2002 μόνον
2930 1925 3068 1982 εἶναι
3097 1927 3186 1980 τὸν
3207 1926 3329 1980 νοῦν
3355 1927 3411 1978 ἐν
3431 1925 3507 1996 τῷ
3529 1925 3829 1995 ἀνθρώπῳ,

2245 2022 2310 2075 δι’
2342 2016 2417 2076 ὧν
2445 2021 2591 2089 λέγει
2644 2019 2975 2079 συντίθεται,
3005 2016 3138 2070 ἀλλά
3174 2016 3266 2067 καὶ
3299 2014 3440 2086 ὑπὲρ
3471 2016 3600 2078 τοὺς
3631 2014 3830 2078 ἄλλους

2245 2110 2402 2166 εἶναι.
2441 2113 2507 2164 Ἡ
2534 2111 2642 2181 γὰρ
2676 2108 2918 2171 έκούσιός
2946 2125 3004 2160 τε
3035 2108 3128 2160 καὶ
3157 2107 3414 2168 ἀϐίαστος
3440 2105 3574 2176 πρὸς
3607 2105 3665 2158 τὸ
3687 2107 3830 2175 ἀγα.-

2245 2204 2336 2258 θὸν
2365 2203 2532 2275 ὁρμὴ,
2569 2201 2847 2273 μαρτυρία
2866 2200 2966 2270 τῆς
2995 2199 3088 2252 τοῦ
3113 2197 3204 2252 νοῦ
3233 2197 3564 2270 τελειότητος
3590 2198 3827 2266 γίνεται,

2245 2299 2339 2351 καὶ
2382 2299 2463 2351 ὅτι
2489 2295 2727 2359 διανοίας
2755 2295 2901 2347 ἐστὶν
2934 2295 2968 2363 ἡ
3006 2293 3141 2364 πρὸς
3171 2293 3231 2345 τὸ
3258 2294 3503 2363 κρεῖττον
3529 2289 3828 2354 οἰκείωσις,

2244 2391 2333 2445 διὰ
2363 2389 2470 2443 τῶν
2497 2387 2696 2458 ἐφεξῆς
2728 2385 3032 2458 εἰρημένων
3065 2385 3296 2454 μάλιστα
3317 2380 3834 2446 δείκνυται,οὑτωςὶ

2244 2479 2386 2533 κατά
2427 2476 2523 2548 τὴν
2556 2475 2698 2541 λέξιν
2749 2476 3003 2545 ἑχόντων,
3031 2474 3464 2539 Μεταδιδόντος
3495 2473 3622 2545 γὰρ,
3663 2474 3829 2544 φησὶ,

2244 2569 2352 2637 τῆς
2404 2567 2663 2638 καθαρᾶς
2719 2565 2938 2635 ἀρετῆς
2974 2565 3152 2620 παντὶ
3197 2558 3278 2627 τῷ
3319 2565 3640 2634 ὑποχειρίῳ
3699 2564 3828 2628 νῷ.

2244 2662 2307 2714 Ei
2343 2656 2436 2714 οὖν
2458 2663 2514 2712 ἐν
2539 2659 2616 2729 τῷ
2638 2657 2712 2728 νῷ
2735 2659 2931 2729 θεωρεῖ
2961 2659 3058 2728 τὴν
3095 2658 3192 2728 τῆς
3221 2657 3422 2728 ἀρετῆς
3454 2656 3830 2729 καθαρότητα,

2244 2753 2362 2818 πῶς
2396 2751 2651 2818 ἐξοικίζει
2692 2753 2790 2822 τῆς
2826 2750 3026 2822 σαρκὸς
3066 2750 3279 2822 ἐκείνης
3305 2751 3416 2822 (77)
3453 2753 3543 2804 τὸν
3579 2749 3725 2814 νοῦν,
3768 2753 3832 2804 ἐν

2243 2841 2277 2922 ᾖ
2306 2846 2405 2916 τὴν
2453 2844 2802 2916 καθαρότητα
2856 2843 3075 2914 βλέπεις
3119 2844 3354 2914 Ἀνάγκη
3387 2844 3494 2914 γὰρ
3523 2843 3580 2896 ἓν
3613 2843 3673 2908 ἐξ
3710 2845 3830 2913 ἀμ’

2245 2939 2487 3008 φοτέρων
2507 2937 2909 3008 διημαρτῆσθαι
2937 2935 3015 3007 τῷ
3041 2935 3203 3005 λόγῳ,
3234 2936 3266 3007 ἢ
3299 2937 3357 2988 τὸ
3391 2935 3658 3006 μεθεκτὴν
3680 2929 3830 2989 εἶναι

2242 3029 2320 3099 τῷ
2343 3029 2416 3098 νῷ
2441 3029 2535 3098 τὴν
2569 3026 2789 3098 ἀρετὴν,
2823 3026 2857 3096 ἢ
2889 3025 2950 3078 τὸ
2992 3025 3152 3079 ἄνουν
3196 3021 3334 3078 εἶναι
3362 3027 3461 3096 τὴν
3493 3026 3689 3097 σάρκα,
3719 3027 3831 3096 τὴν

2245 3121 2518 3185 ἀϐιάστως
2554 3123 2621 3190 τῇ
2657 3121 2826 3190 ἀρετῇ
2850 3118 2961 3188 (78)
2992 3119 3410 3190 προσαχθεῖσαν.

565 3218 924 3275 monstratur,
973 3229 1096 3281 quae
1130 3213 1196 3268 ad
1239 3215 1464 3269 verbum
1501 3214 1572 3267 ita
1609 3230 1670 3269 se
1719 3215 1941 3278 habent,
1988 3213 2292 3286 Largientis
2327 3214 2500 3279 enim,
2550 3213 2748 3283 inquit,
2818 3227 3009 3281 puram
3076 3213 3320 3264 virtutem
3365 3212 3510 3264 omni
3573 3211 3832 3279 subjectae

564 3305 745 3356 menti.
793 3303 850 3357 Si
897 3305 1063 3372 igitur
1119 3304 1173 3357 in
1226 3314 1405 3359 mente
1430 3307 1649 3364 virtutis
1683 3306 1973 3375 puritatem
2020 3320 2144 3361 esse
2216 3305 2440 3368 fatetur,
2481 3304 2754 3375 quomodo
2805 3314 3036 3356 mentem
3075 3304 3142 3358 ab
3211 3305 3298 3357 illa
3341 3319 3506 3359 carne
3561 3292 3834 3368 excludit,

567 3395 621 3448 in
669 3411 774 3465 qua
824 3397 1115 3466 puritatem
1163 3396 1454 3464 agnoscit?
1493 3393 1732 3451 Necesse
1782 3397 1926 3450 enim
1953 3405 2039 3450 est
2077 3399 2311 3451 alterum
2350 3397 2418 3452 de
2451 3396 2666 3452 duobus
2712 3395 2907 3453 falsum
2975 3413 3118 3460 esse,
3191 3405 3284 3452 aut
3324 3414 3521 3469 nempe
3586 3411 3829 3456 mentem

564 3487 789 3540 virtutis
844 3487 1161 3556 participem
1207 3502 1330 3542 esse
1377 3501 1560 3555 posse,
1607 3495 1703 3540 aut
1742 3497 1922 3543 mente
1951 3502 2142 3543 carere
2177 3502 2417 3554 carnem,
2460 3504 2582 3559 quae
2629 3489 2796 3545 libere
2840 3490 2946 3544 sibi
2993 3490 3251 3544 virtutem
3303 3499 3604 3560 comparat.

636 3600 792 3655 XLII.
825 3601 995 3656 Porro
1027 3617 1147 3671 qua:
1173 3601 1604 3670 praecedentibus
1634 3619 1736 3657 nec
1767 3604 2134 3667 colmrenter,

2315 3606 2453 3659 Ὅσα
2484 3605 2539 3658 δὲ
2572 3605 2878 3677 προσέθηκε
2920 3605 3061 3660 κατά
3104 3605 3164 3658 τὸ
3214 3605 3579 3677 ἀπρόσκολλόν
3614 3625 3674 3660 τε
3703 3607 3826 3680 (79)

565 3711 667 3750 nec
702 3705 1074 3751 consentanee
1128 3697 1430 3766 subiungit,
1495 3713 1965 3768 supervacaneum
2017 3715 2141 3754 esse

2241 3697 2336 3750 καὶ
2356 3697 2736 3760 ἀνακόλουθον,
2774 3697 3021 3769 περιττὸν
3059 3694 3210 3768 οἶμαι
3254 3697 3600 3763 διεξετάζειν,
3629 3699 3828 3754 τοῦτον

568 3785 806 3838 arbitror
833 3784 1121 3856 diligenter
1163 3793 1442 3849 excutere,
1483 3801 1604 3855 quae
1633 3786 1688 3839 in
1721 3787 1866 3840 hunc
1918 3787 2137 3840 modum

2241 3787 2429 3858 έχοντα
2458 3789 2548 3841 τὸν
2597 3789 2798 3859 τρόπον
2823 3803 2838 3820 ⁶
2869 3789 2978 3844 Καὶ
3019 3789 3189 3855 πᾶσι,
3229 3792 3381 3861 φησὶ,
3428 3790 3554 3857 τοῖς
3600 3790 3829 3859 νοσερῶς

567 3892 626 3931 se
645 3877 877 3932 habent:
898 3877 965 3932 Et
990 3877 1252 3941 omnibus,
1278 3878 1580 3948 inquit,qui
1608 3879 1896 3932 secundum
1918 3890 2140 3932 mentem

2241 3883 2655 3951 όμοιουμένοις
2681 3883 2933 3951 Χριστῷ,
2964 3883 3060 3936 καὶ
3076 3884 3162 3952 μὴ
3192 3883 3490 3952 σαρκικῶς
3509 3884 3828 3953 ἀνομοίου-

563 3970 858 4040 efﬁciuntur
879 3970 1079 4024 similes
1111 3969 1342 4034 Christo,
1374 3981 1422 4024 et
1454 3970 1742 4024 secundum
1793 3988 2006 4024 carnem
2061 3972 2139 4025 ei-

563 4062 681 4116 dem
714 4079 816 4116 non
850 4072 971 4116 sunt
999 4061 1304 4116 dissimiles.
1344 4061 1488 4127 Quid
1519 4063 1664 4116 enim
1696 4063 1799 4117 sibi
1834 4064 1964 4117 velit
2005 4077 2142 4116 nau-

563 4168 657 4209 sea
692 4155 798 4210 ista
833 4155 1122 4209 verborum
1166 4154 1530 4208 admiratores
1572 4157 1777 4209 erroris
1814 4154 1977 4224 hujus
2011 4153 2139 4208 edo-

564 4251 765 4311 ceant;
801 4260 901 4298 nos
965 4245 1108 4298 enim
1154 4245 1218 4298 ad
1263 4258 1328 4299 ea
1377 4261 1499 4314 qua:
1549 4244 1782 4300 subinde
1835 4255 2141 4316 sequuntur

562 4335 891 4390 excutienda
917 4336 1324 4405 progredimur.
1369 4336 1434 4388 Et
1466 4337 1512 4389 si
1540 4335 1762 4403 homini,
1802 4337 1999 4407 inquit,
2047 4353 2138 4390 co-

562 4427 776 4497 pulatus
801 4435 879 4480 est
922 4424 1083 4487 Deus,
1118 4426 1381 4495 perfectus
1441 4443 1620 4494 nempe
1655 4427 1907 4497 perfecto,
1960 4430 2138 4493 utique

561 4521 668 4572 duo
697 4527 891 4578 essent,
937 4517 1072 4569 alter
1119 4516 1330 4586 quidem
1392 4527 1586 4570 natura
1616 4515 1791 4571 Filius
1827 4518 1946 4581 Dei,
2003 4518 2138 4571 alter

563 4627 682 4665 vero
717 4609 1020 4678 adoptione.
1047 4609 1323 4664 Lubcnler
1353 4610 1466 4663 haec
1503 4611 1646 4664 scire
1676 4625 1928 4680 cuperem
1958 4610 2026 4663 ab
2052 4611 2136 4665 his

563 4701 654 4770 qui
693 4701 824 4753 talia
853 4700 1083 4753 callent:
1117 4700 1162 4753 si
1200 4707 1380 4752 mente
1413 4698 1692 4770 praeditum
1725 4700 2136 4768 perfectumque

559 4791 835 4846 hominem
863 4791 1030 4845 lilium
1064 4790 1378 4860 adoptivum
1410 4800 1628 4856 vocant,
1659 4792 1932 4847 hominem
1977 4792 2135 4862 ἀνόη-

559 4899 669 4948 τον,
701 4884 776 4937 ita
797 4885 942 4938 enim
976 4891 1158 4937 mente
1193 4898 1418 4952 prorsus
1444 4882 1763 4936 destitutum
1791 4891 2128 4950 nuncupant,

2233 3973 2459 4042 μένοις.
2503 3973 2567 4025 Τί
2599 3974 2709 4044 γὰρ
2760 3974 3006 4043 βούλεται
3042 3977 3075 4045 ὴ
3103 3975 3211 4029 τῶν
3264 3976 3569 4047 εἰρημένων
3598 3976 3821 4041 ναυτία,

2239 4063 2639 4117 διδασκέτωσαν
2691 4066 2866 4119 ταῦτα
2916 4067 2966 4118 οἱ
3021 4065 3334 4137 θαυμασταὶ
3382 4067 3483 4137 τῆς
3552 4066 3766 4136 ἀπάτης
3801 4083 3821 4099 ο

2239 4158 2396 4227 ἡμεῖς
2423 4157 2478 4208 δὲ
2511 4157 2645 4226 πρὸς
2675 4156 2742 4209 τά
2777 4157 2975 4228 ἐφεξῆς
3005 4157 3098 4210 τοῦ
3126 4159 3285 4226 λόγου
3311 4157 3680 4229 προέλθωμεν.
3706 4157 3820 4212 Καὶ

2237 4249 2290 4300 εἰ
2327 4246 2631 4314 ἀνθρώπῳ,
2668 4249 2800 4318 φησὶ
2821 4289 2836 4315 ,
2868 4248 3155 4319 συνήφθη
3190 4252 3224 4303 ό
3269 4249 3434 4315 Θεὸς,
3467 4249 3694 4314 τέλειος
3721 4267 3818 4302 τεο

2235 4337 2396 4401 λείῳ,
2425 4336 2535 4390 δύο
2569 4334 2645 4389 ἂν
2672 4333 2855 4405 ἦσαν,
2885 4333 2973 4404 εἷς
3004 4339 3121 4407 μὲν
3151 4339 3333 4407 φύσει
3370 4338 3500 4405 Υἱὸς
3532 4339 3700 4404 Θεοῦ,
3726 4333 3816 4404 εἷς

2236 4427 2305 4480 δὲ
2336 4429 2526 4493 θετός.
2572 4427 2770 4491 Ἡδέως
2811 4429 2876 4482 ἂν
2919 4429 3142 4500 μάθοιμι
3172 4430 3322 4501 παρά
3355 4432 3461 4484 τῶν
3490 4431 3561 4484 τά
3592 4431 3814 4484 τοιαῦτα

2237 4521 2712 4591 πεπαιδευμένων,
2759 4523 2807 4574 εξ
2852 4522 2941 4574 τὸν
2995 4522 3174 4576 ἔννουν
3212 4525 3321 4592 (30)
3363 4525 3454 4577 καὶ
3493 4524 3694 4577 τέλειον
3722 4527 3810 4578 ἄν·

2235 4613 2451 4684 θρωπον
2492 4617 2604 4667 υἱὸν
2637 4614 2788 4667 θετὸν
2821 4615 3056 4683 λέγουσι,
3094 4616 3186 4669 τὸν
3217 4616 3442 4687 ἀνόητον
3485 4615 3766 4688 ἄνθρωπον
3789 4657 3806 4681 ,

2234 4705 2376 4758 οὕτω
2403 4705 2510 4776 γὰρ
2540 4706 2756 4770 πάντως
2786 4707 2876 4758 τὸν
2903 4708 2976 4777 μὴ
3011 4706 3201 4777 έχοντα
3231 4707 3354 4760 νοῦν
3381 4705 3729 4778 ὀνομάζουσι,
3755 4707 3806 4762 τί

2233 4797 2640 4867 προσεροῦσιν;
2689 4799 2746 4851 Ὀ
2791 4798 2901 4870 γὰρ
2962 4799 3253 4870 μονογενὴς
3310 4799 3443 4862 Θεὸς
3489 4799 3650 4862 αὐτὸς
3687 4798 3802 4852 καθ’

2235 4888 2423 4940 ἑαυτὸν
2487 4889 2776 4960 ἀνελλιπὴς
2837 4891 2930 4944 καὶ
2977 4891 3178 4955 τέλειος
3221 4890 3325 4955 ὢν,
3381 4893 3480 4962 τὴν
3545 4892 3636 4945 τοῦ
3686 4892 3804 4960 ἀλη-

559 4977 834 5046 quomodo
897 4974 1298 5045 appellabunt?
1350 4972 1680 5045 Unigenitus
1736 4975 1882 5028 enim
1951 4975 2129 5039 Deus,

2241 4977 2384 5030 θινοῦ
2429 4978 2557 5031 Υἱοῦ
2612 4981 2979 5050 προσηγορίαν
3032 4982 3185 5051 ἔχει,
3221 4982 3662 5054 ὲπαληθευούσης
3710 4983 3802 5054 τὴν

559 5081 684 5120 cum
726 5081 792 5119 ex
819 5067 1118 5134 semetipso
1159 5065 1437 5135 perfectus
1489 5067 1560 5120 sit
1594 5057 1854 5134 nullaque
1883 5082 1941 5121 re
1993 5066 2126 5121 deli-

559 5157 692 5222 ciat,
723 5159 834 5211 veri
869 5157 1086 5227 quidem
1135 5155 1257 5211 Filii
1298 5157 1716 5227 appellationem
1773 5159 2004 5219 obtinet,
2037 5173 2132 5211 na-

559 5256 682 5304 tura
709 5250 828 5321 ipsa
861 5264 1048 5304 verum
1104 5249 1240 5304 illud
1279 5263 1478 5302 nomen
1515 5263 1638 5303 esse
1671 5249 2125 5315 demonstrante;

629 5429 741 5503 (74)
767 5431 923 5503 Corr.
962 5432 1224 5503 ἀποϐολή.

629 5501 739 5574 (ῖῇ)
769 5502 927 5556 Corr.
956 5501 1337 5574 ἀπροαίρετος.

775 5574 931 5642 porr.
963 5571 1127 5642 ἔχειν.

628 5639 742 5712 (Tit
773 5639 1148 5712 lngcodI'Vat.
1176 5651 1261 5698 est
1286 5643 1526 5712 σκείνης,
1583 5659 1684 5700 nos
1717 5644 2128 5702 emendavimus

555 5709 793 5788 ἐκείνηςἒ
819 5709 953 5766 Vide
981 5723 1158 5768 tamen
1177 5730 1243 5788 an
1279 5709 1562 5788 legendum
1590 5716 1661 5788 sit
1689 5717 1911 5788 σκηνῆς.

622 5779 738 5851 (78)
779 5779 856 5837 Ita
887 5799 1030 5838 corr.
1059 5800 1074 5849 ;
1105 5785 1261 5855 prius
1287 5779 1484 5856 ειῖίιιτῇ
1508 5787 1668 5856 ἀρχῇ.

2237 5069 2428 5140 κλῆσιν
2457 5071 2565 5140 (81)
2597 5075 2696 5142 τῆς
2735 5073 2948 5141 φύσεως
2973 5090 2986 5103 '
3024 5076 3057 5145 ἡ
3083 5077 3140 5128 δὲ
3173 5076 3456 5147 προσθήκη
3491 5075 3586 5128 τοῦ
3617 5077 3801 5146 ἡμιτε-

2236 5160 2360 5224 λοῦς
2415 5160 2696 5232 ἀνθρώπου
2727 5168 2877 5217 ποῖον
2924 5165 3094 5236 ὄνομα
3124 5165 3274 5236 ἔχεις
3306 5167 3366 5219 Ei
3395 5167 3502 5236 γὰρ
3539 5167 3569 5218 ό
3611 5167 3804 5229 τέλειος

2234 5251 2519 5323 ἄνθρωπος
2541 5252 2691 5318 θετὸς
2714 5256 2828 5320 υἱὸς
2859 5258 3000 5311 κατά
3046 5258 3135 5312 τὸν
3176 5259 3545 5330 Ἀπολινάριον
3571 5259 3800 5328 λέγεται,

2313 5437 2425 5507 (79)
2456 5437 2518 5490 Et
2545 5438 2658 5492 haec
2680 5453 2822 5493 corr.
2853 5441 3160 5496 emendatio
3187 5450 3305 5507 est;
3331 5457 3454 5497 nam
3489 5453 3646 5497 antea
3671 5441 3798 5498 scri-

2238 5515 2389 5580 ptum
2423 5509 2600 5580 fuerat
2629 5509 2965 5580 ἀπρόσκολόν
2992 5528 3070 5567 τε.

2308 5577 2606 5650 (80)__Curr.
2667 5577 2792 5650 banc
2839 5596 3060 5649 quoque
3109 5582 3416 5636 emendatio
3465 5592 3569 5650 est;
3596 5597 3716 5637 nam
3743 5581 3793 5636 in

2235 5653 2383 5703 textu
2425 5647 2542 5701 Vat.
2579 5648 2700 5703 cod.
2735 5647 2993 5704 scribitur
3019 5652 3066 5703 οἱ
3094 5652 3185 5704 τὸν
3218 5651 3418 5706 ἔννουν.

2307 5717 2420 5789 (8i)
2446 5719 2520 5772 lta
2550 5734 2694 5774 corr.
2728 5737 2742 5788 ;
2779 5730 2936 5777 antea
2967 5730 3086 5778 erat
3115 5725 3178 5793 τῇ
3205 5721 3414 5792 κλήσει.
