4120 6394
308 302 439 356 lilii

1484 290 1803 346 ADVERSU
1816 293 1853 344 ὃ
1892 288 2400 344 APOLLIHAREM.

3436 291 3573 346 1&2!

306 416 403 468 καὶ
434 415 461 465 6
491 409 751 481 ἡμιτελὴς
806 409 1114 480 ἄνθρωπος,
1145 409 1266 461 καθ’
1304 407 1331 460 6
1363 407 1668 478 ἄνθρωπος,
1704 406 1895 477 ἡμίθε-

2000 405 2432 458 additamentum
2466 407 2595 456 vero
2623 401 2933 471 imperl‘ecti
2990 400 3231 456 hominis
3278 405 3439 472 quale
3472 422 3573 462 no-

304 523 400 569 τος
426 503 669 574 δηλονότι
695 503 806 567 υίὸς
840 503 933 555 καὶ
961 496 1111 564 οὗτος
1132 498 1581 571 ὁνομασθήσεται,
1612 497 1890 568 ἡμισεύων

308 598 391 666 ἐφ’
410 594 601 649 ἑαυτοῦ
646 595 745 665 τὴν
778 592 874 647 τοῦ
916 591 1073 646 θετοῦ
1115 591 1304 663 κλῆσιν
1333 608 1346 621 ο
1379 589 1518 643 ὥστε
1560 590 1892 660 κυριώτερον

307 688 502 747 εἰπεῖν,
539 685 744 736 ἐκεῖνον
769 683 869 755 μὲν
890 684 1093 737 τέλειον
1122 682 1211 735 τὸν
1246 682 1397 734 θετὸν
1426 677 1585 744 εἶναι,
1618 681 1803 733 τοῦτον
1834 681 1892 734 δὲ

305 776 477 844 ἥμισυ
529 773 609 844 τῷ
656 774 767 844 (82)
805 774 1143 845 τριτημορίῳ
1174 772 1453 838 λείποντα,
1492 774 1632 825 κατὰ
1667 772 1727 824 τὸ
1771 771 1893 841 βού-

306 865 456 937 λημα
486 866 594 919 τῶν
619 868 738 929 ταῖς
765 864 1043 928 τοιαύταις
1074 867 1269 935 τομαῖς
1300 865 1411 933 (85)
1438 862 1893 933 μιστυλλευόντων

306 958 396 1010 τὸν
448 956 752 1026 ἄνθρωπον.
798 955 934 1008 Ἀλλ’
970 958 1017 1008 εί
1058 955 1403 1026 ἀνάρμοστόν
1437 954 1653 1025 ἐστιτῷ
1682 954 1800 1024 Θεῷ
1832 954 1894 1007 τὸ

308 1049 460 1103 θετὸν
480 1049 624 1118 ἔχειν
655 1048 791 1111 υἱὸν,
815 1048 1016 1118 ὁμοίως
1043 1048 1261 1109 πάντως
1292 1046 1385 1099 καὶ
1408 1046 1499 1097 ἐπὶ
1536 1043 1629 1097 τοῦ
1662 1044 1890 1108 τελείου,

254 1180 257 1183 -
307 1144 402 1197 καὶ
442 1144 534 1195 ἐπὶ
575 1140 669 1193 τοῦ
701 1141 922 1203 ἀτελοῦς
961 1142 1076 1193 ἐστι
1111 1140 1173 1193 τὸ
1199 1141 1537 1211 ἀνάρμοστον
1562 1152 1576 1165 ⁸
1608 1138 1808 1209 μᾶλλον
1836 1137 1893 1190 δὲ

306 1236 399 1288 καὶ
426 1234 587 1287 πλέον
606 1237 661 1287 ὲν
686 1233 764 1303 τῷ
802 1233 1311 1303 ήκρωτηριασμένῳ
1340 1231 1401 1284 τὸ
1438 1232 1657 1285 ἄτοπον.
1689 1231 1750 1283 El
1782 1230 1893 1299 γὰρ

307 1324 547 1396 ἀμυδρόν
570 1342 621 1377 τι
657 1324 793 1394 (84),
821 1323 916 1376 καὶ
949 1322 1054 1385 ἔξω
1076 1323 1176 1393 τῆς
1201 1322 1538 1393 θεοπρεποῦς
1569 1321 1893 1392 ὑπολήψεως

305 1418 366 1470 τὸ
394 1416 579 1489 ἄρτιον
616 1418 713 1487 τῆς
745 1414 1096 1486 ἀνθρωπίνης
1122 1412 1337 1481 φύσεως
1372 1412 1651 1484 ἐνομίσθη,
1685 1414 1813 1484 περὶ
1832 1412 1893 1465 τὸ

305 1509 459 1564 Θεῖον
480 1509 831 1581 βλεπόμενον,
892 1505 1071 1575 πολλῷ
1120 1505 1318 1576 μᾶλλον
1358 1506 1579 1577 αἰσχρὸν
1614 1505 1678 1558 ἂν
1717 1506 1802 1575 εἴη
1830 1505 1892 1559 τὸ

306 1598 693 1671 λελωϐημένην
737 1601 867 1670 περὶ
898 1598 1061 1652 αὐτὸν
1090 1597 1429 1668 καθορᾶσθαι
1457 1598 1556 1668 τὴν
1591 1596 1753 1666 φύσιν
1779 1639 1792 1652 .
1816 1598 1891 1650 Οὐ

307 1691 415 1760 γὰρ
437 1692 622 1763 ἐπειδὴ
661 1691 784 1755 νοῦς
813 1693 911 1744 οὐκ
941 1691 1078 1753 ἐστι,
1104 1690 1191 1744 διὰ
1220 1690 1377 1744 τοῦτο
1409 1692 1441 1760 ἡ
1467 1690 1604 1760 σὰρξ
1626 1690 1761 1761 πρὸς
1789 1689 1890 1760 τὴν

1995 512 2119 550 men
2160 495 2364 550 habet?
2427 492 2484 547 Si
2534 492 2680 547 enim
2725 492 3003 563 perfectus
3056 494 3224 548 homo
3285 495 3574 566 adoptivus

1992 586 2142 639 ﬁlius
2172 584 2329 652 juxta
2361 582 2734 653 Apollinarem
2771 581 2999 646 dicitur,
3045 584 3399 654 imperfectus
3433 602 3575 656 quo-

1992 688 2101 743 que
2164 673 2348 735 homo,
2407 681 2683 742 quatenus
2750 672 2913 726 homo
2968 680 3088 737 est,
3138 674 3573 745 semiadnptivus

1995 766 2182 834 utique
2219 764 2363 819 ﬁlius
2394 764 2704 829 vocabitur,
2768 780 2895 818 cum
2946 765 3171 820 dimidia
3240 775 3455 822 tantum
3505 786 3574 825 ex

1991 869 2147 927 parte
2174 855 2415 926 adoptivi
2464 855 2889 926 appellationem
2949 858 3238 913 obtineat:
3277 859 3350 912 ita
3387 868 3468 922 ut,
3528 863 3576 916 si

1993 950 2177 1019 aptius
2205 949 2350 1019 loqui
2400 951 2673 1013 volumus,
2720 950 2811 1004 ille
2839 950 3059 1020 quidem
3103 952 3379 1021 perfectus
3411 954 3575 1009 homo

1995 1039 2287 1110 ad0ptivus
2318 1040 2391 1095 sit
2420 1057 2435 1106 ;
2476 1039 2562 1093 hic
2592 1056 2721 1094 vero
2757 1041 3212 1112 semiadoptivus,
3262 1052 3449 1114 utpote
3479 1047 3575 1115 qui

1994 1132 2156 1185 tertia
2183 1132 2267 1186 sui
2301 1139 2455 1201 parte
2496 1146 2564 1186 ex
2623 1147 2817 1187 eorum
2870 1136 3139 1188 sententia
3207 1135 3423 1193 deﬁciat
3480 1139 3576 1208 qui

1995 1229 2105 1274 tam
2139 1223 2327 1277 multis
2372 1222 2714 1278 sectionibus
2759 1224 3036 1279 hominem
3071 1228 3125 1280 in
3160 1228 3399 1285 minutas
3435 1231 3578 1284 divi-

1994 1311 2133 1365 dunt
2164 1320 2369 1382 partes.
2400 1312 2568 1383 Atqui
2599 1314 2645 1368 si
2680 1313 2789 1368 Deo
2818 1331 2927 1369 non
2969 1320 3227 1373 convenit
3257 1321 3573 1391 adoptivum

1994 1405 2197 1461 habere
2220 1405 2416 1473 ﬁlium,
2452 1407 2571 1477 pari
2613 1423 2843 1477 prorsus
2873 1410 3087 1465 ratione
3131 1421 3239 1465 tant
3293 1414 3361 1468 de
3396 1415 3577 1483 perfe-

1994 1509 2084 1552 cto
2118 1514 2283 1568 quam
2314 1498 2382 1553 de
2416 1498 2742 1569 imperfecto
2780 1497 2923 1552 idem
2957 1501 3193 1557 dicetur.
3238 1501 3381 1568 Quin
3412 1513 3465 1558 et
3520 1504 3575 1557 id

1993 1591 2168 1661 magis
2204 1592 2254 1643 in
2287 1591 2541 1644 mutilato
2585 1592 2891 1647 absurdum
2925 1608 3050 1647 esse
3093 1593 3525 1663 deprehenditur
3555 1613 3571 1662 ;

1995 1697 2122 1735 nam
2181 1683 2228 1737 si
2275 1682 2487 1753 integra
2562 1692 2727 1753 atque
2764 1682 3007 1754 perfecta
3061 1685 3303 1740 hominis
3355 1695 3574 1754 natura,

306 1784 399 1836 τοῦ
438 1784 650 1853 Πατρὸς
703 1783 864 1853 φύσιν
910 1783 1126 1846 οἰκείως
1179 1781 1314 1853 ἔχει,
1346 1782 1483 1836 ἀλλὰ
1524 1781 1625 1853 τῆς
1675 1784 1772 1851 μὲν
1795 1782 1888 1834 τοῦ

1997 1790 2119 1827 eum
2158 1776 2306 1828 circa
2358 1774 2704 1829 divinitatem
2742 1777 3153 1841 consideratur,
3190 1778 3298 1833 vile
3346 1780 3476 1849 quid
3517 1789 3574 1835 et

308 1878 520 1949 Πατρδς
545 1877 753 1941 οὐσίας,
773 1876 973 1947 ὁμοίως
1006 1874 1290 1946 ἅνθρωπος
1316 1874 1429 1945 (85)
1452 1916 1468 1941 ,
1497 1876 1592 1927 καὶ
1621 1873 1740 1936 ὅλος
1760 1914 1774 1939 ,
1798 1872 1892 1925 καὶ

307 1966 368 2019 τὸ
418 1967 581 2036 μέρος
630 1965 981 2036 κεχώρισται,
1020 1965 1160 2017 κατὰ
1208 1964 1297 2017 τὸν
1334 1964 1435 2033 τῆς
1468 1963 1682 2033 φύσεως
1712 1963 1891 2029 λόγον,

309 2058 403 2110 καὶ
432 2058 713 2128 οὐθέτερον
744 2056 848 2110 τῶν
867 2057 923 2108 ὲν
943 2054 1236 2126 ἡμῖν,οὐτε
1258 2058 1287 2109 6
1320 2055 1463 2121 νοῦς,
1494 2055 1617 2108 οὔτε
1646 2055 1707 2107 τὸ
1734 2053 1894 2124 σῶμα

309 2151 446 2221 πρὸς
481 2151 578 2220 τὴν
618 2148 1017 2221 ὑπερκειμένην
1061 2148 1219 2218 φύσιν
1249 2147 1328 2219 τῷ
1374 2149 1519 2219 λόγῳ
1556 2150 1655 2219 τῆς
1706 2148 1894 2210 οὐσίας

309 2240 601 2310 ᾠκείωται.
642 2240 760 2293 Κᾶν
807 2241 1054 2311 οὐράνιόν
1092 2258 1144 2293 τι
1183 2240 1383 2310 σαρκὸς
1428 2236 1567 2303 εἶδος
1604 2240 1895 2311 ἁναπλάσῃ

311 2334 439 2403 περὶ
465 2329 525 2383 τὸ
550 2332 704 2385 Θεῖον
731 2334 758 2385 6
788 2332 977 2402 μῦθος,
1009 2333 1126 2386 οὐδὲ
1160 2332 1359 2404 μᾶλλον
1389 2332 1476 2385 διὰ
1516 2332 1675 2385 τοῦτο
1697 2331 1894 2401 ὁμοσύ-

313 2443 428 2479 σιον
476 2419 609 2476 εἶναι
657 2422 733 2493 τῷ
781 2424 899 2494 Θεῷ
933 2424 1030 2477 καὶ
1060 2425 1236 2494 Πατρὶ
1276 2423 1374 2495 τὴν
1414 2423 1594 2494 σάρκα
1625 2422 1839 2493 ἐκείνην
1866 2423 1895 2474 6

310 2516 690 2586 λελογισμένος
722 2515 1066 2587 συνθήσεται.
1095 2516 1158 2569 Εἰ
1189 2516 1244 2569 δὲ
1268 2515 1625 2585 ἠλλοτρίωται
1657 2514 1755 2583 τῆς
1788 2529 1895 2564 πα-

310 2605 509 2675 τρικῆς
537 2605 725 2668 οὐσίας
752 2608 786 2676 ἡ
814 2606 969 2675 σὰρξ,
993 2605 1109 2668 πῶς
1135 2605 1199 2658 ἂν
1220 2606 1303 2676 είη
1342 2605 1469 2669 Υἱὸς
1495 2605 1555 2657 τὸ
1576 2604 1853 2673 ἀλλότριον
1876 2618 1892 2665 ;

326 2699 563 2769 ’Λνάγκη
595 2697 704 2769 γὰρ
736 2699 885 2751 πᾶσα
904 2698 1016 2769 (86)
1041 2697 1101 2749 τὸ
1136 2696 1349 2766 ἀληθῶς
1370 2696 1435 2748 ὲκ
1460 2694 1605 2759 τινὸς
1625 2693 1703 2756 ὃν,
1723 2696 1897 2746 ἐκεῖνο

313 2791 453 2844 κατὰ
476 2794 572 2861 τὴν
617 2791 804 2845 οὐσίαν
838 2786 976 2843 εἶναι
1028 2790 1163 2859 ὅπερ
1196 2791 1224 2841 6
1264 2789 1530 2858 γεννήσας
1569 2788 1684 2839 ἐστί
1718 2804 1730 2816 ο
1762 2786 1896 2839 ἀλλὰ

316 2883 422 2954 μὴν
454 2885 482 2935 ὁ
530 2882 716 2954 Πατὴρ
760 2880 895 2952 σὰρξ
936 2883 1038 2935 οὐκ
1073 2881 1236 2933 ἐστιν.
1269 2879 1389 2932 Οὐδ’
1434 2879 1498 2932 ἂν
1538 2881 1566 2931 6
1598 2880 1656 2943 ἐξ
1689 2876 1895 2929 ἐκείνου

313 2977 531 3039 πάντως
565 2974 700 3044 σὰρξ
720 2976 801 3045 εἴη
825 2991 838 3005 ο
866 2974 926 3025 τὸ
951 2974 1059 3045 γὰρ
1092 2972 1486 3043 γεγεννημένον
1515 2972 1579 3024 ἐκ
1608 2970 1701 3023 τοῦ
1738 2969 1898 3022 πνεύ-

317 3084 506 3138 ματος,
544 3066 783 3135 πνεῦμα,
817 3067 910 3118 καὶ
935 3066 1057 3135 οὐχὶ
1109 3064 1246 3135 σὰρξ
1289 3062 1429 3117 εἶναι
1450 3064 1688 3132 λέγεται.
1715 3064 1777 3116 Εἰ
1805 3058 1898 3115 οῦν

316 3157 392 3229 μὴ
423 3156 568 3211 ἐστιν
616 3160 679 3209 ἐκ
715 3156 808 3208 τοῦ
844 3157 1053 3226 Πατρὸς
1081 3158 1113 3226 ἡ
1146 3154 1301 3226 σὰρξ,
1346 3156 1475 3218 Υἱὸς
1520 3155 1619 3207 οὐκ
1651 3154 1788 3207 ἔστι.
1832 3153 1897 3206 Τί

312 3245 406 3304 οῦν
444 3248 872 3320 ὀνομασθήσεται
897 3265 911 3313 ;
941 3250 1116 3319 Ὅπερ
1143 3251 1250 3318 γὰρ
1286 3248 1351 3301 ἂν
1375 3250 1440 3317 τῇ
1466 3247 1690 3318 οὐρανίᾳ
1714 3246 1899 3318 ἐκείνῃ

311 3346 379 3415 τῇ
416 3341 842 3414 μυθοποιηθείσῃ
874 3341 1022 3411 παρὰ
1048 3340 1143 3392 τοῦ
1165 3340 1504 3410 λογογράφου
1532 3339 1896 3409 ὲπινοήσωσιν

312 3432 517 3502 ὄνομα,
544 3431 701 3484 τοῦτο
739 3433 900 3500 ἡμεῖς
939 3432 1006 3500 τῇ
1043 3430 1100 3495 ἐξ
1156 3429 1459 3498 ἀνθρώπων
1512 3427 1898 3498 ἀναλειφθείσῃ

317 3524 483 3595 σαρκὶ
521 3523 661 3577 κατὰ
684 3523 745 3576 τὸ
767 3521 1056 3575 ἀκόλουθον
1083 3519 1433 3589 ἐπιθήσομεν,
1458 3520 1551 3571 καὶ
1580 3520 1715 3590 ὅπερ
1744 3517 1810 3571 ἂν
1838 3517 1898 3570 τὸ

313 3616 581 3687 ἡμέτερον
609 3616 938 3685 ὀνομάσωσι,
972 3612 1049 3683 τῷ
1079 3611 1228 3681 αὐτῷ
1260 3611 1485 3680 ὀνόματι
1510 3613 1730 3664 κάκεῖνο
1759 3610 1896 3680 κλη⁴

316 3706 558 3777 θήσεται.
587 3706 700 3756 Οὐκ
730 3703 874 3755 ἔστιν
904 3702 1032 3765 Υἱὸς
1064 3701 1124 3753 τὸ
1164 3701 1371 3770 γήϊνον,
1405 3699 1525 3750 οὐδὲ
1563 3701 1738 3751 ἐκεῖνο
1772 3699 1900 3751 πάν-

315 3815 443 3859 τως.
464 3796 626 3859 Θετὸς
660 3796 773 3856 υίὸς
805 3795 864 3847 τὸ
898 3794 1104 3864 γήϊνον,
1134 3791 1329 3845 οὐκοῦν
1350 3790 1746 3846 κάκεῖνο.Υἰῶν
1768 3790 1898 3854 δυὰς

317 3887 574 3949 ἐνταῦθα,
610 3888 768 3939 κάκεῖ
814 3886 1050 3946 πάντως.
1090 3878 1182 3946 Εἷς
1216 3883 1341 3945 Υἱὸς
1385 3885 1442 3936 ὲν
1470 3882 1660 3951 ἐκείνῳ
1692 3883 1725 3952 ή
1761 3882 1898 3952 σὰρξ

316 3982 472 4052 καὶὴ
512 3979 722 4049 θεότης,
757 3976 914 4031 τοῦτο
960 3976 1053 4029 καὶ
1101 3968 1225 4028 ὧδε.
1274 3973 1493 4044 Ἐπειδὴ
1540 3973 1647 4043 γὰρ
1696 3972 1899 4041 ὁμοίως

317 4072 592 4142 ἀφέστηκε
642 4070 744 4139 τῆς
781 4068 927 4131 θείας
971 4066 1157 4129 οὐσίας
1183 4069 1217 4136 ή
1268 4065 1445 4128 κτίσις
1498 4065 1667 4126 πᾶσα,
1696 4064 1758 4116 τὸ
1799 4064 1898 4133 μὲν

319 4162 423 4227 ἔξω
456 4158 596 4214 εἶναι
624 4161 722 4230 τῆς
751 4159 846 4213 τοῦ
879 4158 1092 4230 Πατρὸς
1120 4157 1353 4227 φύσεως,
1382 4156 1440 4209 τό
1463 4173 1524 4225 γε
1556 4156 1666 4227 (87)
1690 4157 1894 4226 γήῖνον,

320 4256 415 4307 καὶ
471 4254 722 4323 οὐράνιον
770 4252 964 4322 ἐπίσης
1026 4249 1488 4319 συνωμολόγηται.
1531 4248 1791 4300 Λείπεται
1843 4247 1899 4300 δὲ

318 4345 455 4413 ὅπερ
483 4343 548 4395 ἂν
576 4341 652 4411 τῷ
675 4341 862 4411 σκοπῷ
884 4342 983 4410 τῆς
1012 4339 1418 4409 φιλανθρωπίας
1453 4337 1743 4407 συμϐαίνῃ,
1776 4336 1899 4388 τοῦ·

318 4453 380 4490 το
437 4435 801 4505 εὐλογώτερον
847 4434 974 4503 περὶ
1005 4434 1096 4483 τὸν
1130 4431 1259 4483 Θεὸν
1290 4429 1516 4482 οἴεσθαι.
1554 4429 1663 4497 (88)
1690 4430 1899 4497 Ὀνομα

1996 1869 2065 1922 ab
2091 1867 2350 1936 opinione
2369 1883 2533 1937 quam
2556 1869 2622 1923 de
2646 1867 2758 1924 Deo
2782 1870 2982 1925 habere
3008 1886 3110 1925 nos
3131 1871 3306 1935 decet,
3332 1873 3574 1927 alienum

1996 1969 2272 2024 censetur,
2307 1961 2481 2013 multo
2516 1961 2691 2031 magis
2740 1969 2901 2031 turpe
2949 1963 3054 2016 erit
3108 1979 3358 2017 mancam
3410 1965 3577 2018 muti-

1996 2051 2217 2121 Iamque
2260 2053 2316 2106 in
2370 2053 2560 2107 eodem
2614 2054 2814 2108 intueri
2865 2062 3142 2111 naturam.
3192 2055 3382 2126 Neque
3429 2059 3575 2111 enim

1996 2158 2145 2208 caro,
2177 2145 2324 2215 quod
2350 2154 2534 2200 mente
2562 2156 2769 2209 careat,
2816 2147 3027 2202 idcirco
3088 2150 3418 2218 peculiarem
3474 2151 3579 2204 ali-

1996 2252 2160 2307 quam
2201 2253 2325 2291 cum
2384 2236 2563 2292 Patris
2618 2252 2812 2292 natura
2874 2241 3335 2295 necessitudinem
3391 2242 3576 2306 habet.

1997 2331 2093 2387 sed
2125 2346 2155 2384 a
2186 2330 2368 2387 Patris
2415 2331 2636 2401 quidem
2699 2332 3007 2387 substantia
3046 2341 3158 2386 tam
3215 2344 3358 2388 totus
3414 2335 3578 2389 Immo

1996 2439 2160 2494 quam
2201 2424 2323 2493 ejus
2365 2439 2517 2495 pars,
2554 2426 2770 2480 ratione
2803 2436 3013 2479 natura:
3037 2440 3192 2495 aeque
3222 2426 3574 2491 discernitur,

1996 2522 2053 2569 et
2084 2526 2337 2569 neutrum
2376 2529 2562 2570 eorum
2604 2531 2724 2585 quin
2754 2516 2913 2569 nobis
2947 2515 3156 2579 insunt,
3195 2516 3298 2570 hoc
3335 2523 3421 2570 est
3479 2531 3580 2571 ne-

1999 2622 2106 2676 que
2140 2623 2321 2673 mens,
2356 2623 2535 2678 neque
2568 2623 2771 2677 corpus
2793 2648 2807 2672 ,
2846 2607 2921 2660 illi
2964 2614 3175 2662 natura:
3208 2624 3332 2676 quae
3384 2623 3577 2663 omnes

1999 2697 2267 2768 dignitate
2298 2708 2521 2769 superat
2551 2699 2878 2754 substantiae
2906 2698 3124 2753 ratione
3155 2701 3471 2754 conveniet.
3513 2699 3580 2753 Et

1999 2790 2249 2860 quamvis
2274 2790 2503 2844 caeleste
2534 2791 2810 2859 quoddam
2858 2792 3046 2845 carnis
3097 2806 3271 2860 genus
3303 2791 3579 2847 divinitati

1999 2877 2116 2933 haec
2167 2877 2350 2933 fabula
2413 2878 2654 2947 aﬂittgat,
2715 2894 2823 2932 non
2867 2878 2989 2933 ideo
3047 2879 3579 2935 consubstantialem

2001 2967 2110 3024 Deo
2144 2983 2369 3023 carnem
2413 2968 2561 3021 illam
2601 2984 2725 3024 esse
2756 2970 2902 3024 ullus
2958 2985 3141 3025 rerum
3195 2985 3386 3039 aequus
3433 2971 3582 3025 aesti-

2000 3072 2177 3117 mator
2208 3063 2488 3118 fatebitur.
2542 3062 2714 3117 Porro
2745 3064 2791 3119 si
2851 3079 2980 3119 caro
3013 3065 3188 3120 aliena
3223 3076 3306 3119 est
3338 3082 3368 3120 a
3399 3065 3580 3122 Patris

1925 3131 1967 3188 θ
2001 3154 2348 3223 substantia,
2403 3155 2681 3224 quomodo
2735 3155 2907 3210 Filius
2955 3157 3061 3210 erit
3131 3158 3277 3227 quod
3339 3173 3368 3210 a
3418 3156 3581 3213 Patre

2005 3247 2247 3301 alienum
2284 3246 2413 3301 est?
2448 3245 2689 3302 Necesse
2722 3247 2866 3300 enim
2901 3263 3131 3316 prorsus
3177 3256 3263 3303 est
3310 3264 3433 3303 cum
3484 3250 3580 3319 qui

1999 3352 2127 3391 vere
2157 3352 2224 3391 ex
2254 3336 2440 3406 aliquo
2476 3346 2580 3397 est,
2624 3352 2734 3389 non
2765 3335 2914 3389 aliud
2959 3336 3120 3406 plane
3166 3339 3468 3393 secundum
3496 3355 3582 3394 es-

1999 3430 2236 3485 sentiam
2269 3445 2395 3485 esse
2427 3446 2593 3500 quam
2624 3431 2771 3500 quod
2803 3440 2889 3486 est
2922 3431 3011 3486 ille
3039 3433 3131 3501 qui
3163 3432 3387 3503 genuit:
3427 3434 3580 3503 atqui

1997 3519 2164 3575 Pater
2191 3536 2322 3576 caro
2350 3537 2460 3576 non
2493 3531 2598 3576 est.
2637 3524 2808 3593 Igitur
2845 3538 3021 3592 neque
3079 3524 3168 3578 ille
3224 3540 3455 3595 prorsus
3484 3528 3581 3596 qui

1998 3628 2063 3667 ex
2098 3612 2217 3683 ipso
2262 3620 2369 3677 est,
2406 3614 2511 3667 erit
2546 3630 2717 3677 caro;
2767 3614 2911 3684 quod
2943 3614 3089 3668 enim
3156 3626 3344 3671 natum
3383 3628 3466 3674 est
3512 3635 3581 3674 ex

2001 3704 2219 3772 Spiritu,
2248 3705 2478 3773 spiritus
2514 3706 2725 3775 utique,
2761 3722 2870 3759 non
2907 3722 3039 3759 caro
3081 3723 3205 3763 esse
3238 3710 3463 3764 dicitur.
3521 3710 3581 3767 Si

1999 3797 2183 3865 itaque
2215 3811 2322 3850 non
2356 3806 2440 3851 est
2469 3813 2538 3851 ex
2582 3798 2741 3852 Patre
2772 3813 2926 3864 caro,
2979 3814 3157 3868 neque
3193 3799 3365 3855 Filius
3400 3802 3582 3871 profe-

2000 3899 2091 3943 cto
2116 3890 2222 3943 erit
2254 3905 2319 3944 ex
2352 3888 2533 3945 Patre.
2570 3888 2713 3955 Quid
2752 3891 2921 3961 igitur
2956 3906 3086 3946 caro
3116 3892 3209 3946 illa
3252 3894 3586 3950 vocabitur?

1998 3982 2137 4035 Nam
2186 3982 2569 4051 qualecunque
2624 3997 2823 4036 nomen
2887 3984 3132 4040 cmlestis
3191 3985 3337 4041 illius
3394 3988 3582 4043 carnis

1998 4089 2161 4143 quam
2196 4074 2441 4129 fabulose
2474 4075 2625 4143 tingit
2653 4075 2913 4144 scriptor,
2969 4077 3430 4146 excogitaverint,
3494 4080 3584 4134 id-

2002 4167 2179 4236 ipsum
2216 4181 2318 4221 nos
2375 4167 2527 4220 carni
2590 4182 2657 4220 ex
2707 4166 3027 4224 hominibus
3079 4182 3399 4240 assumptze,
3446 4187 3583 4227 con-

1961 4250 2261 4326 'gruenter
2318 4256 2686 4323 imponemus.
2742 4264 2794 4311 et
2843 4272 3177 4327 quocunque
3220 4260 3439 4315 nomine
3479 4276 3583 4314 no-

2002 4355 2174 4401 stram
2206 4346 2506 4409 vocabunt,
2537 4346 2728 4401 eodem
2772 4363 3003 4417 prorsus
3042 4358 3096 4404 et
3147 4349 3238 4404 illa
3271 4352 3584 4408 vocabitur.

2008 4438 2120 4492 Non
2156 4446 2242 4493 est
2270 4436 2444 4493 Filius
2472 4438 2618 4507 quod
2653 4445 2931 4493 terrenum
2962 4448 3067 4495 est.
3098 4440 3287 4512 Itaque
3318 4459 3420 4499 nec
3451 4445 3585 4499 illud

318 4530 375 4583 δὲ
399 4527 546 4598 αὐτῷ
575 4500 725 4590 ίδιον,
757 4500 1101 4597 ὲφευρίσκειν
1130 4525 1240 4595 (89)
1267 4522 1601 4594 μηδὲν,ἀλλὰ
1633 4523 1710 4592 τῷ
1740 4524 1895 4574 πλεο-

2007 4530 2231 4584 cmleste
2266 4500 2503 4583 omnino-
2536 4527 2709 4585 Filius
2765 4530 2890 4584 erit.
2953 4500 3259 4602 Adoptivus
3291 4543 3377 4590 est
3439 4535 3587 4591 ﬁlius

319 4618 534 4684 νάζοντι
563 4618 654 4672 καὶ
696 4616 1082 4689 ἐπικρατοῦντι
1117 4616 1227 4684 (90)
1271 4613 1750 4684 συνονομάζεσθαι.
1786 4614 1896 4683 (91)

320 4712 587 4781 Καθάπερ
616 4711 709 4763 ἐπὶ
741 4709 834 4763 τοῦ
870 4709 1138 4777 πελάγους
1170 4709 1397 4776 γίνεταιο
1429 4710 1476 4760 εί
1507 4706 1615 4777 γάρ
1643 4724 1725 4770 τις
1772 4723 1901 4758 στα-

319 4803 453 4875 γόνα
474 4803 630 4870 ὄξους
680 4802 915 4874 ἐπιϐάλῃ
950 4801 1207 4873 θαλάττῃ,
1231 4801 1323 4854 καὶ
1354 4802 1386 4871 ἡ
1426 4798 1637 4867 σταγὼν
1660 4798 1902 4852 θάλασσα

416 4981 507 5050 82)
541 4979 698 5035 Corr.
728 4980 845 5050 ἦτοι
870 4975 967 5047 τῷ.

417 5045 506 5121 85)
533 5051 608 5105 Ita
637 5045 806 5116 coni;
839 5045 997 5121 antea
1019 5045 1264 5121 τόλμαις.

416 5114 505 5187 84)
538 5124 695 5177 Corr.
726 5114 911 5189 είγὰρ
942 5116 1166 5188 αἰσχρόν
1192 5132 1247 5169 τι
1275 5114 1389 5169 καί.

416 5192 507 5257 85)
539 5193 695 5247 Corr.
726 5190 820 5243 ἄνθ
830 5206 1026 5259 ρωπος.

394 5255 507 5333 (86)
538 5262 736 5333 Locum
770 5255 917 5333 hunc
959 5272 1132 5328 usque
1157 5257 1223 5312 ad
1259 5256 1348 5333 illa
1378 5257 1543 5312 verba
1588 5255 1903 5333 augebat

323 5328 559 5403 λέγεται,
583 5334 636 5386 in
662 5330 977 5396 Panopliam
1003 5328 1499 5403 adversushrgreses
1517 5344 1639 5403 cum
1662 5328 1787 5403 a_liis
1808 5330 1902 5403 bu-

318 5398 413 5471 jus
440 5403 780 5457 antirrhetici
808 5401 1083 5470 excerptis
1109 5400 1296 5453 retulit
1327 5398 1650 5470 Euthymius
1678 5398 1901 5470 Zigabe-

324 5490 451 5536 nus,
483 5490 605 5542 pag.
632 5472 757 5537 526,
800 5486 941 5527 vers.
978 5471 1083 5538 Qui
1113 5485 1247 5524 vere.

540 5543 892 5670 afﬂixit;
916 5610 1386 5682 habet'Nyssenus
1419 5611 1475 5664 in
1506 5608 1661 5667 Orat.
1690 5609 1767 5665 De
1792 5610 1904 5665 dei-

396 5694 437 5738 te
517 5684 619 5738 ‘ilii
670 5695 719 5738 et
774 5683 1006 5738 Spiritus
1051 5682 1113 5738 S.
1147 5690 1198 5737 et
1252 5680 1328 5738 De
1383 5682 1672 5738 Abraham.
1736 5697 1904 5738 prone

329 5680 437 5811 ante
488 5680 619 5742 Filii
670 5695 719 5742 et
774 5683 1006 5752 Spiritus
1051 5682 1113 5740 S.
1147 5680 1198 5737 ἐι
1252 5680 1328 5738 De
1383 5682 1672 5744 Abraham,
1736 5697 1905 5752 prope

371 5771 508 5813 nem.

2003 4618 2147 4689 quod
2195 4626 2472 4672 terrenum
2491 4627 2575 4673 est
2600 4636 2615 4683 ;
2648 4621 2893 4690 itaqueet
2913 4621 3045 4675 illud
3072 4623 3296 4679 caeleste
3320 4625 3446 4680 talis
3461 4626 3583 4681 erit.

2007 4709 2123 4764 Duo
2164 4709 2251 4763 hic
2290 4708 2425 4776 ﬁlii;
2472 4720 2526 4764 et
2559 4711 2676 4764 illic
2715 4726 2941 4782 quoque
2972 4713 3083 4767 duo
3123 4729 3351 4783 prorsus
3401 4728 3582 4771 erunt.

2009 4800 2167 4855 Unus
2195 4801 2252 4854 in
2281 4800 2375 4854 illo
2410 4801 2624 4856 cmlesti
2655 4800 2848 4870 Filius,
2876 4817 3007 4858 caro
3030 4812 3085 4860 et
3109 4805 3367 4861 divinitas
3392 4824 3408 4874 ;
3440 4806 3586 4863 istud

2223 4978 2382 5051 Qorr.
2420 4979 2768 5051 ὲφευρίσκον.

2076 5049 2187 5120 (90)
2221 5049 2379 5120 Qorr.
2414 5049 2796 5120 ἐπικρατοῦντί
2827 5067 2901 5103 τι.

2078 5118 2190 5190 (91)
2223 5118 2387 5190 Hanc,
2415 5118 2829 5175 similitudinem
2885 5121 3023 5176 aceti
3076 5129 3246 5190 gutta
3306 5123 3444 5177 mari
3488 5124 3585 5178 im-

2006 5189 2211 5264 miSsaz,
2235 5191 2319 5264 _in
2348 5189 2517 5264 simili
2585 5190 3044 5264 sensupaadhibet
3083 5189 3375 5264 ’Nyssenus
3417 5195 3492 5249 lib
3531 5212 3586 5247 tv

2005 5258 2207 5330 gontra
2229 5257 2565 5330 Eunomjumi
2586 5269 2641 5315 et
2676 5262 2729 5315 in
2751 5262 2889 5316 libro
2919 5273 3104 5316 contra
3137 5257 3496 5330 Apollinarem
3513 5266 3583 5320 ad

2004 5326 2532 5405 Theophilumﬂide
2545 5329 2825 5405 Petavium
2847 5332 2899 5384 in
2916 5326 3348 5405 T‘heologicorum
3364 5335 3587 5405 dogma—

2007 5410 2115 5454 tum
2151 5398 2305 5474 t._lV,
2338 5402 2431 5470 qui
2457 5410 2541 5456 est
2583 5401 2656 5474 _De
2682 5402 3083 5474 incarnatione,
3114 5398 3212 5457 iib.
3263 5420 3305 5474 ι,
3336 5398 3460 5474 cap‘.
3494 5406 3583 5470 15,

2006 5487 2163 5546 num.
2193 5471 2247 5531 8,
2270 5479 2324 5525 et
2351 5472 2651 5546 praesertim
2681 5471 2774 5525 lib.
2809 5488 2864 5546 x_,
2892 5487 3012 5546 cap.
3036 5473 3253 5546 1,num.
3279 5472 3313 5526 6
3342 5471 3583 5546 etseqq.

2006 5542 2097 5614 ubi
2124 5540 2429 5611 Nysscnum
2484 5542 2593 5614 hoc
2641 5542 2890 5614 exemplo
2929 5541 3398 5614 Eutycliianorum
3438 5540 3588 5599 erro-

2006 5611 2164 5684 ribus
2210 5626 2316 5665 non
2371 5611 2668 5684 prmivisse.
2700 5613 2915 5666 erudite
2947 5611 3321 5681 demonstrat;
3354 5613 3406 5667 id
3438 5617 3586 5684 quod

2010 5681 2200 5735 multis
2221 5692 2346 5735 ante
2371 5678 2647 5735 Petavittm
2675 5684 2892 5736 saeculis
2920 5684 3248 5743 Anastasius
3286 5678 3498 5742 Siuaita
3526 5686 3585 5742 iu

2017 5750 2220 5822 Hodegi
2255 5767 2377 5822 cap.
2414 5752 2480 5807 1⁸5
2512 5752 2722 5809 erudite
2750 5753 3023 5824 praestitit.
