4120 6394
497 307 636 364 1925
1697 304 1752 359 S.
1787 303 2115 361 CREGORII
2154 303 2448 358 NYSSENl
3611 303 3754 358 ιεει

495 437 545 482 et
577 429 632 482 in
663 439 879 481 terreno
916 426 1096 481 locum
1150 426 1332 481 habet.
1395 424 1529 480 Nam
1589 441 1713 479 cum
1750 435 1948 481 creata:
1982 443 2068 480 res

2182 427 2414 494 γίνεται,
2451 425 2995 495 συμμεταποιηθεῖσα
3047 425 3113 494 τῇ
3162 421 3427 486 θαλασσίᾳ
3473 420 3754 489 ποιότητι,

491 519 767 574 universa:
825 531 856 570 a
913 517 1101 571 divina
1142 518 1450 572 substantia
1507 518 1796 586 aequaliter
1845 517 2071 578 distent,

2182 515 2346 578 οὕτως
2378 519 2405 568 ὁ
2428 515 2672 585 ἀληθινὸς
2704 515 2824 578 Υἱὸς
2860 515 2953 569 καὶ
2988 515 3279 584 μονογενὴς
3301 509 3529 572 Θεὸς,τὸ
3557 510 3755 578 ἀπρόσ-

496 608 619 664 ideo
653 625 684 662 a
717 607 898 663 Patris
928 616 1124 662 natura
1167 617 1276 662 tam
1311 609 1547 662 alienum
1607 623 1726 662 esse
1794 617 2070 662 terrenum

495 700 641 770 quod
683 708 790 762 est,
828 714 992 770 quam
1027 698 1172 768 quod
1217 701 1440 752 cmleste
1493 697 1746 752 fatentur.
1812 698 2074 767 Superest

497 800 681 845 autem
714 799 773 843 ut
806 790 1072 859 quidquid
1107 789 1387 858 proposito
1422 787 1764 857 consilioque
1799 787 2074 842 l'ieneliciis

498 883 753 938 homines
789 882 1058 935 alliciendi
1095 882 1374 951 congruit,
1417 879 1466 932 id
1510 896 1671 932 omne
1707 881 1916 948 potiore
1951 880 2075 948 jure

497 979 566 1031 dc
595 976 706 1030 Deo
735 976 1052 1044 opinemur.
1093 973 1284 1028 Restat
1333 987 1550 1041 quoque
1588 980 1645 1023 ut
1701 987 1824 1024 cum
1877 986 2073 1025 nomen

496 1066 644 1135 quod
677 1067 724 1119 ei
758 1066 977 1134 proprie
1031 1065 1326 1118 conveniat
1361 1079 1469 1116 non
1534 1063 1860 1131 reperiantur,
1888 1077 1953 1116 ex
2009 1077 2076 1115 eo

495 1158 645 1227 quod
699 1157 755 1210 in
814 1157 936 1225 ipso
997 1157 1206 1210 eminet
1245 1154 1617 1222 abundatqne,
1654 1152 2077 1222 appelletur.Et

495 1249 960 1320 quemadmodum
1006 1248 1059 1300 iu
1127 1247 1266 1301 mari
1323 1247 1524 1301 accidit
1581 1246 1716 1299 utsi
1777 1247 1901 1313 quis
1935 1245 2074 1298 aceti

496 1349 705 1411 guttam
738 1340 791 1392 in
829 1337 964 1391 illud
1008 1338 1240 1404 injiciat,
1287 1345 1439 1404 gutta
1492 1335 1717 1407 quidem
1767 1335 1859 1387 illa
1927 1350 2078 1389 mare

498 1430 616 1495 ﬁat,
647 1433 702 1484 in
731 1445 886 1499 aquae
927 1429 1153 1482 marina:
1182 1429 1502 1498 qualitatem
1556 1434 1958 1480 transmutata:
2003 1427 2076 1478 ita

499 1525 592 1594 qui
635 1521 693 1576 in
740 1535 907 1574 carne
961 1519 1274 1574 hominibus
1331 1518 1711 1571 manifestatus
1761 1525 1864 1581 est,
1917 1531 2079 1571 verus

504 1610 730 1678 quidem
777 1617 862 1665 est
916 1607 1090 1663 Filius
1143 1617 1197 1663 et
1235 1607 1548 1676 unigenitus
1600 1606 1778 1672 Deus,
1842 1607 2081 1676 itemque

502 1700 688 1754 lumen
740 1698 1148 1760 inaccessibile,
1186 1707 1240 1752 et
1294 1713 1391 1767 per
1419 1711 1478 1751 se
1534 1696 1705 1765 ipsam
1740 1697 1930 1749 vivens
1989 1711 2080 1748 sa-

2179 627 2286 662 ιτον
2316 608 2450 676 φῶς,
2477 607 2567 659 καί
2593 610 2626 676 ἡ
2661 606 2907 678 αῦτοζωὴ
2944 605 3102 674 σοφία
3125 621 3182 656 τε
3217 603 3308 654 καὶ
3340 602 3605 671 ἁγιασμὸς
3628 642 3641 662 ,
3662 600 3755 652 καὶ

2174 698 2422 769 δύναμις,
2463 703 2552 754 καὶ
2586 702 2691 757 πᾶν
2726 700 2925 769 ὑψηλὸν
2959 699 3129 768 ὄνομά
3157 716 3215 750 τε
3245 697 3338 750 καί
3369 693 3754 764 νόημα,ταῦτα

2174 790 2202 840 ὁ
2229 789 2317 842 διὰ
2361 790 2560 861 σαρκός
2584 789 2917 860 φανερωθείς
2970 793 3084 851 τοῖς
3127 786 3432 858 ἀνθρώποις
3469 784 3602 837 ἐστί.
3644 783 3755 852 Τῆς

2174 881 2232 933 δὲ
2255 883 2453 951 σαρκὸς
2483 883 2617 952 (92),
2649 885 2714 951 τῇ
2759 882 2864 952 ἰδίᾳ
2914 882 3073 949 φύσει
3129 878 3328 950 σαρκὸς
3356 877 3544 946 οῦσης,
3591 891 3756 946 μετα,-

2177 973 2495 1044 ποιηθείσης
2527 974 2582 1026 δὲ
2613 973 2748 1044 πρὸς
2779 972 2838 1024 τὸ
2874 972 2972 1041 τῆς
3011 971 3318 1042 ἀφθαρσίας
3349 970 3461 1041 (95)
3497 967 3753 1034 πέλαγος,

2177 1065 2358 1128 καθώς
2389 1083 2552 1135 φησιν
2581 1068 2608 1118 ό
2647 1064 2966 1127 ’Λπὸστολος
2987 1104 2999 1125 ,
3032 1065 3111 1116 ὅτι
3146 1063 3430 1131 Κατεπόθη
3460 1059 3522 1112 τὸ
3565 1058 3756 1129 θνητὸν

2177 1157 2282 1208 ὑπὸ
2319 1157 2415 1226 τῆς
2464 1157 2606 1224 ζωῆς
2630 1199 2644 1220 ,
2679 1154 3098 1226 συμμετεῶ.ήθη
3136 1154 3228 1207 καὶ
3274 1154 3452 1206 πάντα
3495 1151 3566 1204 τὰ
3615 1149 3756 1202 κατά

2176 1247 2274 1318 τὴν
2323 1247 2499 1318 σάρκα
2540 1248 2661 1298 τότε
2709 1247 3008 1316 φαινόμενα
3074 1247 3208 1317 πρὸς
3252 1246 3349 1315 τὴν
3388 1245 3535 1298 θείαν
3575 1259 3636 1295 τε
3662 1243 3756 1294 καὶ

2177 1341 2452 1410 ἀκήρατον
2473 1339 2634 1407 φύσιν
2666 1356 2679 1369 ·
2714 1341 2773 1391 οὐ
2811 1338 3107 1410 βάρος,οὑκ
3136 1336 3293 1401 εἶδος,
3331 1337 3392 1389 οὐ
3423 1336 3634 1406 χρῶμα,
3655 1335 3756 1388 οὐκ

2178 1427 2490 1489 ἀντιτυπία,
2521 1427 2582 1478 οὐ
2612 1425 2940 1496 μαλακότης,
2969 1427 3067 1496 οὐχ
3092 1429 3125 1497 ὴ
3156 1425 3298 1479 κατά
3323 1425 3383 1477 τὸ
3413 1425 3575 1477 ποσὸν
3604 1439 3758 1493 περι·

2179 1518 2387 1588 γραφὴ.
2424 1519 2524 1570 οὐκ
2571 1518 2698 1571 ἄλλο
2741 1535 2796 1571 τι
2849 1519 2955 1571 τῶν
3003 1520 3124 1571 τότε
3158 1516 3577 1587 καθορωμένων,
3607 1513 3760 1568 οὐδὲν

2182 1607 2521 1678 παραμένει,
2551 1610 2650 1679 τῆς
2696 1609 2829 1679 πρὸς
2866 1611 2928 1661 τὸ
2962 1610 3114 1660 Θεῖον
3165 1607 3519 1677 ἀνακράσεως
3571 1605 3651 1668 εἰς
3691 1605 3760 1659 τὰ

2182 1697 2338 1751 θεῖκὰ
2371 1699 2633 1769 ἰδιώματα
2674 1700 2735 1752 τὸ
2765 1700 3015 1752 ταπεινὸν
3052 1699 3151 1767 τῆς
3201 1696 3511 1769 σαρκώδους
3543 1696 3761 1764 φύσεως

501 1789 733 1858 pientia,
762 1796 816 1841 et
840 1787 1228 1848 sanctiﬁcatio,
1266 1794 1319 1838 et
1351 1786 1552 1845 virtus,
1579 1793 1634 1838 et
1660 1783 1923 1853 quidquid
1948 1784 2076 1837 sub-

2182 1788 2574 1859 ἀναλαϐούσης.
2622 1791 2732 1859 (94)
2765 1790 2926 1841 Ὥστε
2983 1789 3225 1851 κίνδυνός
3272 1789 3420 1840 ἐστιν
3471 1787 3641 1850 οὐδεὶς
3680 1789 3761 1849 εἰς

500 1877 629 1932 Iinie
656 1878 762 1930 dici
799 1886 894 1932 aut
918 1876 1151 1947 cogitari
1183 1884 1378 1946 potest.
1407 1876 1476 1928 At
1500 1890 1684 1937 carne,
1715 1891 1834 1944 quae
1858 1875 2076 1944 propria

503 1976 698 2022 natura
762 1983 892 2021 caro
951 1975 1059 2031 est,
1129 1967 1184 2020 in
1249 1967 1792 2035 incorruptibilitatis
1856 1968 2078 2036 pelagus

501 2069 894 2120 transmutata,
927 2059 1389 2128 quemadmodum
1427 2058 1504 2111 ait
1541 2059 1834 2126 Apostolus
1859 2058 1924 2122 ιι,
1968 2058 2079 2112 Ab.

501 2160 749 2222 sorptum
786 2153 958 2207 fuisse
986 2150 1133 2221 quod
1174 2150 1401 2204 mortale
1426 2160 1510 2205 est
1540 2164 1570 2203 a
1603 2152 1734 2213 vita,
1779 2165 1885 2203 una
1917 2149 2079 2204 etiam

500 2260 626 2300 cum
660 2246 776 2314 ipsa
806 2260 972 2298 carne
1036 2231 1236 2296 cuncta
1294 2257 1416 2311 qua:
1477 2242 1780 2296 secundum
1833 2242 2082 2296 eamdem

499 2350 728 2392 carnem
763 2347 895 2391 tunc
924 2343 1321 2405 apparuerunt,
1355 2334 1409 2387 in
1455 2333 1696 2387 divinam
1754 2341 1808 2388 et
1859 2333 2083 2386 immor-

499 2427 666 2482 talem
700 2434 956 2480 naturam
979 2432 1312 2478 commutata
1349 2432 1516 2487 sunt;
1547 2437 1654 2476 non
1685 2422 1922 2493 pondus,
1973 2438 2080 2476 non

503 2516 700 2580 lonua,
745 2531 856 2570 non
886 2515 1058 2577 color,
1126 2529 1235 2568 non
1285 2513 1600 2575 renitentia,
1645 2529 1751 2565 non
1802 2513 2078 2574 mollities,

501 2623 612 2664 non
635 2623 916 2679 corporea:
943 2607 1268 2677 quantitatis
1296 2605 1761 2673 circumscriptio,
1792 2621 1901 2658 non
1931 2605 2082 2659 aliud

501 2699 784 2768 quidpiam
814 2713 1003 2752 eorum
1031 2713 1154 2766 quae
1185 2705 1314 2750 tunc
1347 2697 1400 2749 in
1430 2697 1550 2766 ipso
1577 2696 2078 2765 cmspiciebantur,

501 2788 1252 2860 permansit;commistione
1286 2787 1497 2842 scilicet
1523 2802 1644 2855 qua:
1703 2801 1826 2840 cum
1878 2785 2078 2839 divini-

502 2887 618 2936 tate
643 2880 783 2934 lacta
820 2878 945 2945 fuit,
979 2894 1198 2935 carnea:
1224 2887 1436 2934 natura:
1469 2879 1826 2932 humilitatem
1867 2877 1920 2930 in
1958 2893 2084 2948 pro-

504 2975 801 3044 prietatum
835 2973 1148 3028 divinarum
1205 2973 1546 3030 consortiqu
1593 2982 1926 3028 assumcnte.
1974 2972 2082 3026 Ita-

503 3082 611 3137 que
640 3067 851 3120 nullum
883 3065 1047 3120 nobis
1078 3065 1381 3134 periculum
1429 3071 1538 3128 est,
1573 3079 1641 3117 ne
1685 3064 1740 3116 in
1790 3072 2082 3132 quaterna—

503 3161 644 3212 rium
684 3173 972 3212 numerum
1015 3156 1305 3212 Trinitatis
1357 3158 1677 3228 mysterium
1733 3156 2078 3220 extendatur,

503 3263 563 3302 ιιι
602 3249 942 3318 Apollinaris
975 3249 1072 3314 ait,
1107 3264 1284 3318 neque
1329 3249 1553 3318 angelos
1590 3249 1642 3300 in
1681 3247 1918 3302 hominis
1967 3264 2084 3302 ser-

501 3341 732 3394 vitutem
766 3340 1084 3410 redigimus,
1128 3347 1188 3392 ut
1218 3340 1271 3392 in
1305 3354 1405 3393 sua
1439 3338 1705 3392 adversus
1739 3354 1840 3393 nos
1900 3339 2082 3393 fabula

501 3432 721 3484 asserit.
753 3429 873 3486 Non
910 3432 1055 3487 enini
1091 3430 1297 3484 homini
1324 3430 1571 3484 serviunt
1597 3429 1687 3497 qui
1723 3428 1953 3484 Domino
1994 3446 2077 3485 se-

504 3522 654 3591 ipsus
689 3523 977 3586 inclinant,
1015 3538 1196 3592 neque
1219 3537 1343 3575 eum
1367 3521 1599 3575 adorare
1624 3523 1957 3577 erubescunt
1986 3524 2078 3594 qui

502 3628 673 3667 carne
705 3625 960 3682 suscepta
992 3617 1042 3667 in
1078 3616 1180 3669 hoc
1218 3613 1424 3668 mundo
1471 3621 1723 3668 versatus
1757 3623 1862 3670 est.
1945 3615 2080 3672 Nam

501 3720 617 3756 cum
654 3706 943 3759 introducit
974 3707 1404 3776 primogenitum,
1429 3707 1625 3776 inquit,
1667 3708 1722 3760 in
1770 3709 1945 3763 orbem
1981 3722 2082 3764 ter-

499 3809 600 3862 ἀ,
628 3796 804 3850 dicit:
846 3797 915 3850 Et
966 3801 1184 3854 adorent
1239 3815 1358 3853 eum
1411 3815 1590 3852 omnes
1655 3801 1830 3869 angeli
1877 3802 1989 3871 ejus
2018 3804 2079 3859 ".

2179 1881 2410 1953 τετράδα
2443 1884 2572 1952 ἡμῖν
2619 1882 2708 1933 τὸν
2741 1882 2838 1950 τῆς
2879 1882 2921 1932 Τ
2927 1881 3105 1951 ριάδος
3154 1879 3309 1947 λόγον
3361 1877 3756 1941 πλατύνεσθαι,

2181 1971 2366 2035 καθὼς
2408 1975 2434 2026 ό
2481 1973 2850 2044 Ἀπολινάριος
2883 1973 3051 2040 λέγει,
3083 1971 3203 2024 οὐδὲ
3240 1971 3366 2033 τοὺς
3398 1969 3656 2038 ἀγγέλους
3680 1967 3762 2038 τῷ

2181 2061 2454 2132 ἀνθρώπῳ
2494 2061 2976 2131 δουλαγωγοῦμεν,
3004 2063 3078 2124 ώς
3123 2063 3151 2112 ὁ
3180 2061 3389 2112 ἐκείνου
3427 2059 3592 2129 μῦθος
3639 2057 3762 2111 καθ’

2181 2152 2336 2222 ἡμῶν
2363 2151 2533 2220 λέγει,
2565 2154 2639 2206 Οὐ
2669 2155 2777 2224 γὰρ
2815 2152 3087 2223 ἀνθρώπῳ
3119 2150 3460 2204 δουλεύουσιν
3485 2151 3532 2202 οἱ
3557 2148 3633 2218 τῷ
3665 2151 3764 2200 Δε-

2187 2245 2359 2316 σπότῃ
2388 2245 2613 2308 ἑαυτοὺς
2638 2245 2747 2315 (95)
2788 2245 3190 2306 ὑποκύπτοντες
3211 2285 3224 2308 ,
3253 2241 3373 2294 οὐδὲ
3416 2239 3768 2310 ἐπαισχύνον-

2182 2352 2270 2390 ται
2296 2335 2724 2407 προσκυνοῦντες
2762 2335 2838 2406 τῷ
2871 2335 2959 2389 διά
2988 2335 3190 2404 σαρκὸς
3221 2337 3287 2404 τῇ
3319 2331 3611 2402 οἰκουμένῃ
3643 2333 3769 2382 ἑπι-

2181 2430 2242 2498 δη
2255 2434 2502 2499 μήσαντν
2537 2426 2672 2500 [96])
2684 2430 2815 2482 Ὅτε
2836 2430 2939 2499 γὰρ
2951 2426 3237 2496 εἰσαγάγῃ
3252 2426 3358 2478 τὸν
3369 2422 3764 2492 πρωτότοκον,

2184 2521 2366 2590 φησὶν,
2398 2525 2484 2585 εἰς
2515 2519 2630 2587 τὴν
2656 2521 3038 2588 οἰκουμένην,
3068 2518 3257 2587 λέγει,
3289 2516 3394 2570 Kal.
3421 2528 3767 2581 προσκυνη-

2181 2611 2466 2665 σάτωσαν
2485 2612 2644 2678 αὐτῷ
2661 2611 2884 2677 πάντες
2907 2611 3146 2680 ἄγγελοι
3182 2609 3292 2675 (97)
3317 2592 3545 2672 αὐτοῦ).
3565 2605 3678 2659 Μία
3708 2603 3768 2656 δὲ

2183 2703 2384 2765 εἴσοδος
2404 2705 2494 2756 ἐπὶ
2525 2705 2624 2775 τὴν
2656 2703 2768 2768 (98)
2788 2702 3183 2772 οἰκουμένην,ή
3213 2699 3299 2752 διὰ
3328 2697 3420 2750 τοῦ
3445 2700 3604 2749 τόκου
3625 2695 3764 2756 ἐστὶ,

2184 2794 2277 2846 καὶ
2335 2795 2436 2847 οὐκ
2478 2795 2622 2848 ἔστιν
2659 2795 2859 2866 ἑτέρως
2915 2795 3065 2855 ἐντος
3114 2791 3207 2844 τοῦ
3245 2791 3358 2860 βίου
3406 2788 3515 2841 τῶν
3553 2785 3764 2857 ἀνθρώ-

2185 2905 2300 2940 πων
2337 2886 2608 2953 γενέσθαι,
2645 2885 2720 2958 μὴ
2747 2885 2852 2955 (99)
2875 2885 3047 2956 ταύτῃ
3065 2886 3130 2954 τῇ
3173 2882 3360 2952 εἰσόδῳ
3400 2880 3762 2952 χρησάμενον.

2184 2978 2392 3031 Οὐκοῦν
2421 2978 2519 3048 τὴν
2549 2978 2636 3031 διὰ
2671 2979 2872 3050 σαρκὸς
2902 2977 3066 3029 αὑτοῦ
3090 2975 3299 3043 γένεσιν
3330 2972 3531 3025 εἴσοδον
3565 2973 3644 3033 εἰς
3665 2969 3767 3038 τὴν

2184 3071 2509 3141 οἰκουμένην
2544 3068 2800 3138 ὀνομάζει
2840 3069 2868 3121 ὁ
2899 3068 3074 3135 λόγος.
3115 3069 3182 3120 Εἰ
3211 3063 3300 3120 οὖν
3331 3065 3621 3119 εἰσελθόντι
3665 3064 3767 3116 αὐ·-

2187 3161 2263 3231 τῷ
2294 3162 2370 3231 (Ι)
2399 3157 2478 3224 ε’ἰς
2518 3161 2614 3230 τὴν
2660 3160 2982 3230 οἰκουμένην
3038 3159 3239 3222 πάντες
3277 3157 3672 3230 προσκυνοῦσιν
3714 3154 3764 3209 οἰ

2188 3254 2434 3322 ἄγγελοι,
2468 3255 2501 3323 ἡ
2541 3253 2598 3306 δὲ
2645 3252 2846 3314 εἴσοδος
2889 3252 2976 3304 διὰ
3025 3252 3223 3321 σαρκός
3263 3251 3338 3320 (Εἰ)
3368 3252 3484 3302 ἐστι
3530 3249 3762 3316 γένεσις,

2186 3349 2284 3416 οὐχ
2313 3349 2472 3416 ἡμεῖς
2509 3343 2963 3414 δουλαγωγοῦμεν
2993 3343 3070 3413 τῷ
3107 3343 3352 3413 Δεσπότῃ
3381 3342 3442 3393 τὸ
3465 3340 3595 3393 ἴδιον
3626 3337 3764 3406 κτῆ-

2189 3456 2294 3510 μα’
2325 3438 2441 3491 ἀλλ’
2477 3438 2615 3507 αὑτὴ
2643 3437 2750 3489 τῶν
2779 3437 3028 3505 ἀγγέλων
3062 3438 3095 3506 ὴ
3134 3436 3294 3504 φύσις
3319 3435 3420 3488 οὐκ
3457 3433 3642 3500 ἀγνοεί
3665 3429 3764 3500 τὴν

2186 3528 2589 3597 ὑπερκειμένην
2637 3526 2837 3594 ἑαυτῆς
2872 3526 3189 3579 δεσποτείαν
3221 3526 3320 3595 (3).
3361 3524 3525 3575 Ὥστε
3560 3519 3764 3588 σιγάτω

2191 3620 2466 3692 προτιθεὶς
2499 3621 2574 3687 (ἰ)
2611 3620 2793 3670 ἐκεῖνα
2847 3616 2926 3687 τῷ
2971 3617 3115 3686 λόγῳ
3159 3617 3228 3669 τὰ
3281 3615 3515 3686 μάταια,
3547 3611 3614 3664 τὰ
3652 3609 3765 3662 ἄνω

2195 3712 2454 3783 ποιοῦμεν
2513 3712 2689 3773 κάτω,
2732 3710 3023 3781 θεοφόρους
3073 3708 3337 3778 ἀγγέλους
3393 3703 3632 3775 θεοφόρῳ
3670 3701 3770 3755 ἀνο

2192 3806 2219 3859 θ
2227 3805 2395 3878 ρώπῳ
2427 3801 2897 3864 καταδουλοῦντες.

501 3887 672 3944 Porro
707 3905 903 3960 praeter
957 3903 1174 3961 partum
1219 3893 1368 3946 nulla
1427 3909 1658 3962 prorsus
1712 3892 1881 3949 estin
1943 3894 2083 3949 hanc
2121 3897 2287 3952 vitam
2365 3895 2702 3965 ingrediendi
2773 3896 2934 3957 ratio,
2988 3905 3090 3946 nec
3145 3897 3327 3960 potest
3380 3885 3651 3958 quispiam
3709 3881 3766 3934 in

503 3981 786 4034 hominum
820 3981 929 4037 vita
961 3981 1312 4044 commorari,
1353 3982 1462 4036 nisi
1498 3982 1600 4036 hac
1655 3983 1740 4036 via
1790 3982 1954 4037 fuerit
1993 3985 2294 4055 ingressus.
2335 3985 2400 4039 Et
2442 3988 2568 4040 hinc
2598 3995 2679 4039 est
2744 3985 2890 4055 quod
2960 3985 3082 4054 ejus
3133 3985 3186 4037 in
3259 3996 3428 4034 carne
3502 3977 3768 4032 nativita-

504 4082 610 4126 tem
641 4072 948 4142 ingressum
986 4074 1328 4126 inmundum
1360 4072 1646 4143 Scriptura
1685 4085 1985 4145 nuncupat.
2039 4077 2094 4130 Si
2136 4078 2300 4149 igitur
2361 4080 2537 4149 ipsum
2577 4079 2631 4131 in
2679 4080 2866 4132 orbem
2911 4089 3182 4131 terrarum
3235 4075 3542 4144 ingressum
3587 4065 3769 4139 angeli

501 4174 693 4217 omnes
727 4163 984 4228 adorant,
1018 4179 1081 4218 ac
1107 4163 1231 4233 ejus
1264 4165 1547 4234 ingressus
1580 4165 1698 4233 ipsa
1731 4175 1816 4220 est
1867 4167 1922 4220 in
1951 4183 2117 4223 carne
2154 4170 2432 4235 nativitas,
2461 4187 2572 4226 non
2606 4188 2669 4226 ea
2702 4188 2826 4240 qua
2869 4169 3081 4224 Domini
3117 4169 3232 4238 jam
3294 4166 3434 4235 juris
3465 4173 3592 4219 sunt
3663 4175 3768 4218 nos

502 4250 734 4307 Domino
758 4253 1121 4323 subjicimus;
1172 4255 1266 4310 sed
1327 4257 1446 4326 ipsa
1504 4258 1823 4326 angelorum
1876 4267 2073 4312 natura
2144 4277 2299 4316 suam
2373 4262 2606 4318 Domino
2656 4262 3057 4332 suhjectionem
3107 4275 3217 4314 non
3277 4259 3515 4328 ignorat.
3577 4253 3766 4322 Itaque

501 4345 658 4398 sileat
684 4343 773 4398 ille
801 4345 895 4414 qui
961 4353 1164 4399 temere
1196 4360 1260 4399 ac
1298 4347 1537 4400 inaniter
1589 4349 1788 4403 asserit
1846 4364 1947 4404 nos
1997 4365 2060 4404 ea
2134 4369 2255 4422 qua:
2322 4369 2545 4410 sursum
2595 4363 2725 4411 sunt
2755 4354 3017 4409 deorsum
3067 4361 3302 4415 vertere,
3339 4349 3467 4404 dum
3521 4343 3763 4401 deiferos

502 4435 727 4507 angelos
757 4433 969 4488 homini
998 4435 1207 4490 deifero
1237 4438 1635 4507 Inancipainus.

574 4547 757 4606 XLIII.
797 4549 895 4605 His
923 4553 1090 4606 etiam
1121 4552 1357 4623 scriptor
1378 4553 1528 4608 addit
1556 4573 1566 4606 :
1597 4552 1656 4608 Si
1687 4555 1775 4608 ille
1797 4557 1885 4625 qui
1915 4555 2078 4608 Deum

2255 4556 2375 4609 Ἔτι
2407 4557 2544 4627 πρὸς
2571 4555 2782 4620 τούτοις
2819 4554 2982 4626 φησιν
3003 4571 3018 4586 ·
3053 4553 3121 4605 El
3155 4555 3188 4606 ὁ
3217 4550 3365 4605 Θεὸν
3403 4549 3760 4620 δεξάμενος,

500 4644 743 4711 suscipit,
802 4642 946 4697 Deus
985 4657 1136 4698 verus
1175 4653 1274 4708 est,
1331 4645 1487 4698 multi
1534 4647 1710 4714 uique
1756 4647 1833 4700 dii
1881 4658 2076 4710 essent,

501 4733 751 4801 quoniam
798 4733 951 4786 multi
989 4733 1156 4787 Deum
1184 4735 1498 4800 suscipiunt.
1539 4736 1649 4790 Nos
1685 4752 1812 4790 vero
1848 4737 1980 4806 quid
2013 4737 2079 4790 ad

502 4824 651 4877 haec?
680 4822 836 4888 Quod
879 4823 1098 4894 quidem
1141 4824 1284 4878 Deus
1317 4837 1431 4878 erat
1477 4826 1532 4878 in
1563 4823 1794 4892 Christo,
1825 4828 2080 4881 mundum

580 5003 617 5033 “
657 5002 699 5057 ll
735 5002 860 5056 Cor.
916 5019 968 5064 v,
1005 5002 1056 5056 4.
1163 5004 1204 5034 ’⁸
1247 5001 1409 5059 Ilebr.
1473 5021 1508 5065 ι,
1566 5004 1618 5056 6.

573 5156 682 5280 (Et?)
728 5156 804 5211 Ita
871 5173 1018 5211 corr.
1072 5158 1370 5228 antiquus;
1429 5167 1626 5221 antea,
1681 5158 1882 5229 σαρκός
1938 5159 2054 5211 ἐστι

511 5245 567 5280 ιη
597 5245 661 5280 ιο.

711 5297 866 5367 Corr.
901 5296 1001 5366 τῆς
1029 5295 1343 5359 ἀθανασίας.

569 5366 680 5436 (94)
716 5366 890 5422 Locus
919 5372 1016 5420 iste
1048 5370 1308 5436 usquead
1352 5367 1508 5419 linem
1551 5367 1715 5434 hujus
1747 5383 1866 5437 cap.
1894 5369 2072 5423 editus

498 5447 583 5507 est
619 5438 670 5490 in
701 5447 846 5491 ιοιηο
883 5439 895 5490 I
950 5453 1176 5506 operum
1213 5437 1462 5507 Nysseui,
1486 5455 1602 5506 pag.
1655 5439 1782 5501 879,
1817 5449 2070 5506 tanquam

500 5505 860 5577 fragmentum
894 5505 1012 5561 libri
1061 5505 1346 5574 cujusdam
1381 5505 1646 5562 adrersiis
1679 5505 2067 5577 Apollinarem.

575 5579 686 5646 (95)
729 5576 884 5630 Edita
920 5579 1146 5630 ἑαυτῶν.

549 5647 682 5770 ¹(96)
716 5647 837 5704 Haec
868 5665 1040 5719 usque
1069 5650 1135 5703 ad
1162 5649 1325 5702 alium
1361 5648 1764 5702 scmicirculum
1795 5647 1992 5703 desunt
2017 5649 2072 5702 in

573 5728 682 5770 IIIS.

499 5728 682 5772 CtltltS.

2188 4648 2330 4713 Θεός
2359 4647 2531 4700 ἐστιν
2554 4647 2860 4715 ἀληθινὸς,
2887 4644 3103 4699 πολλοὶ
3127 4643 3204 4697 ἂν
3226 4640 3350 4696 εἶεν
3379 4643 3521 4704 θεοὶ,
3555 4643 3762 4713 ἐπειδὴ

2186 4736 2401 4789 πολλοί
2430 4736 2704 4804 δέχονται
2737 4739 2842 4789 τὸν
2883 4738 3051 4789 Θεόν.
3085 4735 3147 4787 Τί
3180 4730 3272 4786 οὖν
3307 4735 3401 4788 καὶ
3435 4735 3568 4805 πρὸς
3607 4733 3764 4789 τοῦτο

2186 4827 2379 4895 ἡμεῖςς
2418 4827 2538 4878 Ὅτι
2580 4826 2684 4896 μὲν
2739 4827 2792 4878 '0
2829 4827 2973 4891 Θεὸς
3003 4825 3084 4893 ἦν
3131 4826 3201 4878 ἐν
3237 4824 3498 4893 Χριστῷ,
3535 4825 3764 4895 κόσμον

2252 5157 2362 5222 (97)
2389 5158 2542 5212 Corr.
2573 5160 2620 5210 οἰ
2652 5161 2892 5228 ἄγγελοι.

2254 5228 2364 5300 (98)
2395 5228 2534 5300 Cprr
2583 5232 2660 5291 εἰς
2690 5234 2808 5300 τήν.

2255 5297 2575 5384 (99)Ἐι1ἰιει
2630 5297 2780 5363 ἐντός
2811 5301 2905 5354 τοῦ
2963 5304 3078 5372 βίου
3132 5305 3380 5372 γενέσθαι
3428 5305 3520 5359 τὸν
3549 5305 3759 5378 ἀνθρω-

2183 5386 2302 5427 πον,
2336 5387 2431 5427 μη.

2529 5440 2858 5505 εἰσελθόντος
2890 5444 3076 5499 αὑτοῦ.

2253 5509 2328 5582 (ἓ)
2361 5509 2503 5582 ἕιίἰι.
2590 5511 2676 5563 διὰ
2709 5513 2927 5582 σαρκός.

2542 5579 2940 5656 ὑπερκειμένην
2970 5586 3118 5656 αὐτῷ
3147 5585 3485 5647 δεσποτείαν.

2253 5650 2330 5720 (ι)
2362 5651 2503 5714 Ειίἰῑ.
2535 5650 2846 5721 προστιθείς
