4120 6394
399 368 540 426 19.25

1557 382 1929 440 ADVERSCS
1975 385 2490 442 APOI.I.IN.\RE.\I.

3522 393 3658 450 ίῗξϐ

397 483 587 549 ἑαυτῷ
607 487 1071 554 καταλλάσσων,
1104 492 1282 556 ἱκανὸς
1305 493 1382 556 είς
1415 497 1718 569 μαρτυρίαν
1741 501 1768 552 6
1801 500 1972 569 μέγας

2080 503 2429 556 reconcilians
2465 501 2653 562 sibi“,
2705 501 2862 555 testis
2909 499 3139 554 idoneus
3187 515 3250 552 ac
3291 501 3531 570 locuples
3576 513 3660 560 est

400 573 630 640 Παῦλος.
668 579 730 630 ΕΞ
758 579 812 632 δέ
840 579 926 632 διὰ
955 583 1112 637 τοῦτο
1144 586 1312 639 οἴεται
1347 589 1374 640 ὁ
1401 591 1734 660 λογογράφος
1775 593 1978 663 πλῆθος

399 665 538 722 θεῶν
566 671 696 740 παρ’
739 671 896 743 ἡμῶν
943 675 1326 744 ἐπεισάγεσθαι
1365 679 1441 750 τῷ
1491 681 1829 752 κηρύγματι,
1899 686 1982 738 ὅτι

398 758 765 831 ὁμολογοῦμεν
797 764 856 814 ἐν
895 765 1116 836 Χριστῷ
1160 769 1250 822 τὸν
1285 769 1417 824 Θεὸν
1463 773 1638 843 ἐαυτῷ
1671 775 1748 845 (ὃ)
1777 776 1979 829 καταλ-

397 848 616 904 λάσσειν
661 852 752 906 τὸν
791 854 1016 926 κόσμον,
1061 858 1136 922 ὡς
1169 861 1262 913 καὶ
1295 862 1352 914 ἐν
1397 863 1704 934 ἀνθρώποις
1723 866 1818 918 τοῦ
1843 867 1977 920 Θεοῦ

397 943 704 1014 γινομένου,
752 947 924 1002 ταῦτα
969 951 1384 1024 ἀπολογούμεθα
1410 955 1506 1026 (6)·
1535 958 1598 1010 Εἰ
1640 959 1831 1012 πολλαὶ
1873 977 1978 1031 μηε

398 1036 553 1106 τέρες
583 1037 863 1108 παρθένοι,
903 1043 998 1095 καὶ
1049 1045 1187 1115 πρὸς
1226 1045 1426 1110 πολλὰς
1453 1048 1484 1118 ή
1510 1051 1976 1119 μυσταγωγίατοῦ

399 1127 661 1200 Γαϐριὴλ,
709 1132 804 1185 καὶ
833 1133 970 1203 πρὸς
999 1136 1238 1206 ἑκάστην
1273 1139 1306 1206 ἡ
1343 1137 1438 1190 τοῦ
1473 1139 1626 1206 ἁγίου
1661 1141 1978 1211 Πνεύματος

395 1221 696 1286 ἐπέλευσις,
743 1224 836 1278 καὶ
881 1227 913 1296 ή
967 1230 1062 1298 τῆς
1098 1227 1192 1280 τοῦ
1232 1229 1484 1298 Ὑψίστου
1518 1231 1799 1302 δυνάμεως
1837 1252 1978 1304 παρ-

393 1311 580 1364 ουσία·
641 1314 736 1366 καὶ
779 1309 827 1368 εί
873 1319 1002 1388 περ),
1060 1319 1136 1388 (7)
1183 1319 1390 1374 πολλῶν
1444 1323 1490 1374 οἱ
1535 1325 1806 1394 προφῆται
1878 1325 1976 1396 τὴν

397 1405 556 1474 χάριν
589 1405 973 1475 κηρύσσουσιν,
1009 1409 1148 1463 ὥστε
1191 1412 1566 1484 πληθυντικῶς
1601 1415 1800 1484 λέγειν,
1835 1419 1975 1471 Παι-

396 1493 481 1546 δία
509 1495 876 1568 ἐγεννήθησαν
921 1502 1052 1569 ἡμῖν
1080 1501 1154 1572 (8)
1187 1501 1314 1573 (καὶ
1355 1503 1458 1557 υἱοὶ
1487 1505 1748 1576 ἐδόθησαν
1789 1508 1974 1578 ἡμῖν),

397 1585 490 1638 καὶ
515 1587 580 1638 Αἱ
616 1587 873 1659 παρθένοι
903 1593 960 1642 ἐν
989 1595 1187 1663 γαστρὶ
1210 1595 1491 1666 λήψονται,
1521 1597 1615 1650 καὶ
1641 1597 1710 1650 τὰ
1735 1597 1976 1668 ὀνόματα

395 1679 503 1730 τῶν
533 1680 834 1750 τεχθέντων
881 1683 1100 1738 πάντων
1147 1687 1492 1758 Ἐμμανουήλ
1525 1691 1704 1742 ἐστιν·
1754 1691 1802 1743 εἰ
1835 1691 1974 1744 πάν-

393 1785 486 1831 τες
525 1768 661 1840 πεζῇ
691 1769 800 1823 τῶν
833 1774 1092 1843 κυμάτων
1120 1776 1503 1830 ἐπιδατεύουσι
1523 1820 1536 1843 ,
1573 1779 1667 1832 καὶ
1699 1781 1761 1850 τῇ
1791 1781 1966 1850 ἀφρά-

399 1877 508 1929 στῳ
550 1861 774 1932 δυνάμει
836 1865 936 1928 τὰς
976 1865 1244 1930 τοσαύτας
1299 1869 1540 1938 χιλιάίας
1588 1871 1675 1924 ἐπ’
1738 1871 1972 1942 ἐρημίας

395 1951 703 2021 τρέφουσιν,
740 1953 990 2020 αὔξοντες
1019 1955 1096 2026 τῷ
1129 1959 1274 2028 κόρῳ
1304 1959 1395 2010 τὸν
1435 1961 1616 2030 ἄρτον,
1647 1960 1736 2011 τὸν
1767 1961 1824 2011 ἐν
1853 1963 1973 2024 ταῖς

396 2043 550 2114 χερσὶ¹
591 2044 700 2096 τῶν
753 2046 1009 2116 μαθητῶν
1056 2050 1498 2120 γεωργούμενον·
1555 2053 1602 2103 εἰ
1647 2053 1842 2114 πάντες
1887 2069 1973 2104 νεν-

397 2134 564 2203 κροὺς
608 2137 1014 2207 τετραημὲρους
1056 2139 1121 2192 ἐκ
1163 2139 1270 2192 τῶν
1316 2143 1586 2211 χωμάτων
1632 2144 1970 2214 ἐγείρουσιν·

397 2227 444 2280 εί
484 2228 685 2290 πάντες
719 2229 880 2298 ἀμνοὶ
909 2229 1002 2282 τοῦ
1047 2231 1182 2285 Θεοῦ
1221 2232 1490 2301 γίνονται,
1523 2235 1615 2288 καὶ
1641 2236 1972 2308 ύπέρσὴμῶν

397 2317 585 2388 Πάσχα
646 2319 888 2384 θύονται,
941 2322 1034 2374 καὶ
1084 2323 1160 2393 τῷ
1213 2325 1430 2395 σταυρῷ
1478 2328 1810 2399 προσηλοῦσι
1875 2329 1972 2399 τὴν

397 2411 690 2481 ἁμαρτίαν,
737 2413 832 2465 καὶ
873 2412 1198 2466 καταλύουσι
1246 2413 1338 2468 τοῦ
1379 2416 1608 2470 θανάτου
1638 2417 1699 2471 τὸ
1739 2420 1970 2490 κράτος,

398 2503 491 2554 καὶ
537 2506 616 2564 εἰς
654 2503 966 2575 ὀφθαλμοὺς
997 2505 1070 2576 (9)
1117 2507 1226 2560 τῶν
1277 2507 1532 2578 μαθητῶν
1583 2511 1666 2574 εἰς
1711 2513 1974 2583 οὐρανοὺς

398 2595 785 2666 ἀνατρέχουσι,
833 2599 926 2650 καὶ
971 2601 1030 2651 ἐν
1071 2597 1216 2670 δεξιᾷ
1242 2599 1334 2652 τοῦ
1375 2599 1587 2671 [ἰατρὸς
1623 2601 1969 2666 καθέζονται’

399 2687 447 2737 εἰ
477 2687 670 2750 πάντες
697 2687 1000 2742 ἐλεύσονται
1025 2691 1204 2760 κρῖναι
1235 2689 1328 2762 τὴν
1348 2683 1669 2764 οἰκουμένην
1691 2697 1747 2746 ἐν
1767 2694 1972 2748 δικαιο-

399 2779 562 2852 σύνῃ,
597 2780 692 2832 καὶ
731 2781 787 2832 ἐν
817 2781 1040 2846 ὀνόματι
1091 2783 1306 2836 πάντων
1333 2785 1366 2854 ή
1396 2783 1503 2836 τῶν
1541 2785 1877 2855 ἐπουρανίων
1913 2803 1972 2838 τε

397 2871 490 2922 καὶ
537 2871 811 2939 ἐπιγείων,
855 2873 948 2926 και)¹
999 2873 1364 2944 καταχθονίων
1393 2875 1614 2943 γλῶσσα
1641 2876 1974 2946 ἐξομολογεῖ-

391 2979 504 3028 ται,
533 2962 774 3034 δώσομεν
799 2965 857 3018 τὸ
879 2966 1106 3030 πολλοὺς
1128 2963 1267 3018 εἶναι
1289 2966 1462 3030 θεοὺς,
1495 2963 1652 3040 εἴπερ
1678 2969 1735 3020 ἐν
1763 2968 1972 3032 τούτοις

395 3053 503 3108 εἷεν
537 3057 586 3108 oi
634 3056 817 3110 πολλοὶ
865 3061 976 3120 τοῖς
1025 3058 1416 3130 γνωρίσμασιν.
1451 3051 1524 3113 Ei
1566 3060 1621 3112 δὲ
1656 3054 1735 3123 εἷς
1771 3061 1970 3130 Κύριος

407 3145 629 3216 Ἰησοῦς,
681 3147 749 3201 δι’
793 3143 852 3203 οὗ
881 3149 1204 3214 ’.τὰ-πάντα,
1246 3151 1340 3204 καὶ
1385 3151 1485 3216 Ἐξ
1522 3151 1728 3214 αὑτοῦ,
1768 3151 1864 3204 καὶ
1899 3151 1970 3205 δι’

391 3239 610 3304 αὐτοῦ,
643 3241 739 3294 καὶ
771 3243 857 3307 εὶς
891 3243 1081 3295 αὐτὸν·
1114 3243 1184 3296 τὰ
1231 3243 1460 3307 πάντα,
1507 3244 1600 3296 καὶ
1639 3243 1766 3314 περὶ
1814 3244 1972 3314 μόνον

393 3329 556 3383 αὑτὸν
587 3331 621 3400 ἡ
669 3330 890 3400 τοιαύτη
942 3333 1052 3385 τῶν
1096 3334 1412 3403 θεοπρεπῶν
1455 3333 1740 3403 νοημάτων
1772 3334 1972 3405 ἀπαρί-

393 3418 629 3488 θμησις,
679 3419 760 3484 τίς
801 3421 1042 3484 κίνδυνος
1077 3421 1302 3484 πολλοὺς
1335 3421 1744 3492 ἀναπλασθῆναι
1780 3422 1967 3484 θεοὺς,

388 3509 468 3563 ὅτ’
507 3509 572 3563 ἂν
616 3509 896 3578 λέγωμεν,
931 3509 1064 3564 Θεὸν
1110 3511 1196 3564 διά
1233 3512 1432 3582 σαρκὸς
1465 3512 1708 3582 ἔμψυχον
1736 3530 1970 3576 πεφανε-

396 3598 641 3669 ρῶσθαι;
675 3601 796 3650 Ὅτι
842 3599 949 3669 γὰρ
985 3601 1268 3670 ἄνθρωπος
1297 3601 1357 3653 τὸ
1388 3601 1710 3672 φαινόμενον
1755 3597 1843 3671 ἦν,
1889 3602 1972 3664 τίς

391 3687 565 3753 οὕτως
615 3690 722 3741 τῶν
775 3691 1144 3758 εὑαγγελικῶν
1191 3692 1534 3760 διδαγμάτων
1587 3693 1846 3762 ἀνήκοος,
1897 3693 1972 3757 ὡς

394 3783 607 3848 ἀγνοεῖν
640 3783 700 3834 τὸ
734 3783 862 3852 παρ’
902 3783 1065 3836 αὐτοῦ
1097 3782 1187 3835 τοῦ
1221 3784 1472 3854 Σωτῆρος
1506 3785 1641 3854 πρὸς
1675 3785 1800 3848 τοὺς
1841 3785 1972 3838 Ἰου-

395 3876 574 3940 δαίους
606 3876 913 3947 λεγόμενον-
947 3878 1094 3932 Νυνὶ
1134 3877 1200 3930 δὲ
1248 3877 1466 3945 ζητεῖτέ
1507 3895 1584 3946 με
1628 3877 1973 3933 ἀποκτεῖναι

392 3964 738 4032 ἅνθρωπον,
793 3967 860 4032 ὃς
919 3968 1032 4032 τὴν
1078 3967 1369 4035 ἀλήθειαν
1423 3969 1568 4036 ὑμῖν
1625 3969 1974 4036 λελά.ληκα;

407 4055 568 4128 Ὁρᾷς
605 4057 711 4128 (10)
737 4049 794 4110 ἐν
823 4061 934 4122 τοῖς
975 4059 1306 4129 λεγομένοις,
1336 4061 1388 4111 τί
1422 4060 1481 4112 τὸ
1523 4059 1974 4129 ἁποκτεινόμενον

393 4149 530 4212 ὅλως
553 4149 663 4220 (Η)
693 4151 988 4216 ὑπέδειξεν,
1023 4151 1210 4212 εἰπὼν,
1243 4152 1478 4219 Ζητεῖτέ
1505 4169 1580 4220 με
1606 4153 1969 4216 ἀποκτεῖναι,

391 4241 456 4294 οὐ
487 4241 584 4313 τὴν
611 4243 886 4313 ἀλήθειαν,
921 4243 1054 4296 ἀλλὰ
1083 4244 1188 4295 τὸν
1213 4241 1546 4312 ἄνθρωπον,
1587 4243 1655 4295 δι’
1685 4238 1745 4296 οὗ
1775 4243 1972 4311 ἐφθέγ-

393 4348 522 4402 γετο
554 4335 586 4403 ἡ
625 4333 885 4404 ἀλήθειας
929 4337 1001 4388 Οὐ
1047 4335 1152 4404 γὰρ
1187 4333 1474 4405 ἄνθρωπος
1500 4331 1566 4406 ἦν
1603 4335 1631 4386 6
1657 4334 1831 4387 λαλῶν
1861 4335 1974 4404 (12)

393 4424 492 4496 τὴν
535 4425 818 4495 ἀλήθειαν·
853 4423 1012 4480 ἀλλὰ⁸
1034 4426 1292 4498 δηλονότι,
1321 4427 1350 4479 6
1391 4426 1490 4496 μὲν
1527 4425 1702 4479 λαλῶν
1727 4427 1858 4490 Θεὸς
1882 4425 1969 4500 ἦν,

2085 607 2317 658 magnus
2348 591 2570 646 Paulus.
2608 592 2664 646 Si
2701 607 2828 646 vero
2865 592 3100 660 scriptor
3140 599 3389 666 autumat
3431 591 3656 648 deorum

2081 685 2486 739 multitudinem
2522 691 2807 754 propterea
2852 699 2882 737 a
2931 684 3087 738 nobis
3117 685 3323 752 induci,
3352 687 3498 756 quod
3541 701 3656 758 pro-

2081 777 2300 832 fitemur
2321 778 2489 832 Deum
2516 777 2620 833 sibi
2656 779 2707 831 in
2733 777 2954 832 Christo
2987 777 3248 831 mundum
3283 779 3655 844 reconciliare,

2079 865 2236 932 quasi
2269 866 2458 921 multis
2487 881 2612 920 cum
2657 865 2970 922 hominibus
3008 881 3067 922 se
3097 865 3239 922 Deus
3274 869 3653 940 conjungeret.

2078 954 2450 1011 defensionem
2507 967 2752 1013 nostram
2815 958 2890 1011 ita
2942 958 3282 1013 instituimus
3323 957 3422 1014 :Si
3476 963 3660 1014 multa:

2079 1055 2282 1102 matres
2319 1049 2482 1102 simul
2511 1065 2576 1103 ac
2613 1049 2853 1118 virgines
2883 1049 3051 1114 fuere,
3089 1052 3134 1105 si
3181 1051 3368 1106 multis
3405 1051 3656 1106 mulieri-

2078 1135 2182 1190 bus
2227 1139 2426 1193 divinae
2475 1139 2873 1194 incarnationis
2935 1145 3251 1210 mysterium
3289 1140 3507 1197 Gabriel
3561 1157 3658 1195 an-

2077 1229 2352 1284 nuntiavit
2391 1245 2691 1300 earumque
2736 1231 2968 1300 singulis
3005 1230 3242 1301 Spiritus
3285 1243 3511 1288 sanctus
3563 1249 3657 1286 su-

2077 1325 2322 1391 pervenit
2360 1329 2415 1377 et
2449 1332 2654 1394 praesto
2696 1323 2800 1377 fuit
2835 1323 3104 1380 Altissimi
3129 1327 3345 1386 virtus;
3377 1335 3648 1394 praeterea

2077 1413 2200 1466 siin
2238 1413 2438 1467 multos
2465 1414 2717 1469 homines
2757 1423 2964 1467 tantam
3004 1429 3032 1466 a
3075 1412 3184 1468 Deo
3215 1415 3444 1482 gratiam
3482 1415 3653 1468 colla-

2077 1513 2184 1556 tam
2229 1504 2402 1559 fuisse
2451 1505 2726 1574 prOphetie
2769 1505 3064 1575 praedicant
3104 1513 3162 1557 ut
3207 1505 3262 1558 iu
3309 1506 3506 1574 plurali
3551 1521 3657 1558 nu.

2079 1609 2228 1648 mero
2257 1595 2463 1658 dicant,
2511 1594 2732 1650 Parvuli
2773 1597 2887 1650 uati
2920 1607 3046 1650 sunt
3081 1596 3260 1660 nobis,
3297 1596 3382 1666 (“et
3413 1595 3506 1650 ﬁlii
3541 1596 3653 1651 dati

2077 1695 2204 1739 sunt
2235 1685 2391 1740 nobis
2418 1687 2521 1752 Ηι);
2555 1685 2889 1758 et.\'irgines
2932 1687 2988 1741 in
3022 1695 3178 1741 utero
3223 1687 3535 1757 concipient
3571 1688 3649 1753 ¹⁵;

2077 1785 2131 1832 et
2147 1777 2404 1831 omnibus
2433 1793 2572 1846 quos
2600 1780 2911 1848 pepererint
2934 1793 3130 1832 nomen
3163 1779 3268 1833 erit
3294 1777 3649 1846 Emmanuel;

2006 1863 2046 1916 Β
2076 1870 2119 1922 si
2155 1883 2346 1922 omnes
2369 1869 2602 1938 pedibus
2644 1885 2808 1938 super
2843 1870 3019 1923 undas
3047 1868 3326 1932 incedunt,
3359 1877 3412 1924 et
3457 1869 3648 1925 iuell‘a—

2076 1960 2168 2014 bili
2197 1967 2465 2030 potestate
2505 1969 2585 2014 tot
2625 1969 2885 2031 tantaque
2933 1961 3215 2014 hominum
3263 1961 3431 2014 millia
3469 1961 3520 2014 iu
3557 1963 3654 2016 de-

2075 2059 2222 2106 serto
2251 2053 2518 2114 nutriunt.
2548 2051 2822 2109 edentium
2859 2053 3110 2108 satietate
3135 2067 3330 2122 panem
3366 2063 3649 2122 augentes,

2077 2143 2130 2196 in
2171 2143 2568 2213 discipulorum
2623 2145 2898 2206 manibus,
2951 2143 3116 2198 veluti
3147 2144 3482 2215 agricultura
3513 2159 3653 2214 qua-

2075 2233 2198 2287 dam
2243 2233 2707 2304 multiplicatum;
2758 2235 2804 2288 si
2848 2251 3039 2289 oumes
3071 2233 3472 2304 quatriduanos
3505 2250 3652 2289 mor—

2075 2332 2200 2379 tuos
2227 2339 2258 2380 e
2291 2325 2516 2381 tumulis
2544 2325 2824 2390 excitant;
2860 2325 2904 2380 si
2935 2341 3124 2382 omnes
3149 2325 3240 2380 Dei
3268 2327 3390 2396 agni
3429 2327 3566 2380 ﬁunt
3597 2337 3652 2382 et

2075 2431 2174 2486 pro
2199 2417 2357 2472 nobis
2381 2415 2592 2473 Pascha
2625 2417 2908 2472 immolant
2938 2425 2993 2472 et
3019 2409 3244 2486 amgunt
3274 2419 3424 2472 cruci
3459 2434 3652 2488 pecea-

2075 2517 2189 2560 tum
2246 2515 2299 2562 et
2349 2511 2541 2563 mortis
2586 2508 2880 2578 potentiam
2927 2507 3221 2562 destruunt
3271 2518 3325 2562 et
3368 2509 3653 2579 discipulis

2075 2597 2453 2666 spectantibus
2483 2601 2652 2654 ccelos
2687 2607 2937 2669 repetunt
2973 2607 3026 2654 et
3056 2601 3120 2654 ad
3161 2599 3339 2656 Patris
3367 2602 3646 2656 dexteram

2076 2687 2306 2756 sedent;
2369 2689 2412 2742 si
2471 2703 2664 2745 omnes
2711 2691 2930 2744 venturi
2981 2701 3108 2745 sunt
3156 2691 3406 2760 judicare
3461 2693 3648 2746 orbem

2078 2787 2347 2834 terrarum
2393 2781 2447 2834 in
2474 2781 2712 2848 justitia,
2741 2789 2795 2836 et
2847 2783 2901 2835 in
2944 2782 3188 2836 omnium
3235 2781 3458 2836 nomine
3484 2783 3652 2836 cmle-

2075 2871 2266 2934 stium,
2303 2871 2646 2925 terrestrium
2669 2877 2724 2925 et
2759 2871 3097 2926 infernarum
3123 2871 3307 2942 lingua
3331 2871 3647 2930 confitetur.

2075 2969 2204 3014 tunc
2239 2962 2423 3028 utique
2468 2961 2721 3016 dabimus
2753 2963 2957 3018 multos
3005 2977 3126 3018 esse
3165 2963 3319 3029 deos,
3365 2963 3410 3019 si
3451 2963 3651 3018 multos

2079 3051 2388 3116 hujusmodi
2415 3067 2536 3106 esse
2570 3051 2733 3106 modo
2762 3053 2942 3108 allatis
2972 3053 3188 3110 indiciis
3212 3053 3648 3124 dignoscerctur.

2079 3145 2144 3194 At
2187 3159 2314 3195 vero
2375 3143 2420 3196 si
2477 3159 2619 3199 unus
2673 3153 2755 3200 est
2799 3143 3062 3200 Dominus
3113 3144 3294 3212 Iesus,
3341 3162 3437 3216 per
3489 3161 3650 3216 quem

2075 3235 2276 3299 oumia,
2328 3247 2380 3289 et
2429 3251 2492 3290 ea:
2527 3235 2677 3304 ipso,
2717 3243 2764 3288 et
2802 3251 2892 3303 per
2929 3235 3132 3306 ipsum,
3173 3245 3218 3290 et
3258 3237 3310 3290 in
3360 3237 3470 3307 ipso
3523 3244 3652 3292 sunt

2072 3326 2246 3380 omnia
2279 3327 2344 3390 “,
2378 3337 2430 3381 et
2457 3332 2511 3380 in
2557 3327 2676 3397 ipso
2721 3335 2932 3382 tantum
2967 3329 3284 3397 hujusmodi
3321 3329 3524 3384 indicia
3564 3339 3650 3382 at-

2073 3433 2180 3488 que
2231 3417 2467 3488 insignia
2522 3417 2827 3473 divinitatis
2877 3433 3206 3474 enumerare
3263 3418 3409 3482 licet,
3453 3421 3650 3490 ecquid

2076 3511 2299 3580 periculi
2340 3523 2422 3566 est
2463 3527 2530 3565 ne
2579 3512 2762 3581 plures
2799 3511 2932 3565 deos
2976 3512 3480 3578 comminiscamur,
3523 3527 3649 3566 cum

2073 3603 2310 3658 dicimus
2337 3601 2503 3657 Deum
2527 3603 2763 3656 humana
2788 3602 3071 3671 praeditum
3101 3602 3282 3655 anima
3305 3617 3402 3674 per
3427 3617 3648 3657 carnem

2073 3694 2483 3749 manifestatum
2534 3693 2750 3748 fuisse?
2782 3692 2938 3758 Quod
2985 3693 3128 3747 enim
3165 3692 3216 3746 id
3260 3693 3406 3762 quod
3439 3695 3651 3763 conspi-

2073 3788 2341 3844 ciebatur,
2395 3787 2556 3839 homo
2601 3793 2783 3845 esset,
2829 3785 2954 3854 quis
3015 3785 3342 3854 evangelicae
3389 3784 3652 3840 doctrinae

2075 3894 2250 3948 usque
2295 3878 2430 3930 adeo
2487 3878 2712 3946 ignarus
2763 3885 2848 3930 est
2901 3883 2956 3930 ut
3017 3876 3228 3930 nesciat
3287 3877 3498 3931 dictum
3547 3877 3651 3932 hoc

2075 3970 2246 4038 ipsius
2295 3969 2595 4022 Salvatoris
2636 3967 2810 4021 nostri
2866 3967 2931 4020 ad
2967 3965 3184 4023 Judaeos
3217 3985 3230 4021 :
3269 3965 3426 4021 Nunc
3473 3979 3649 4022 autent

2072 4059 2307 4124 qurvritis
2340 4073 2422 4110 me
2443 4057 2739 4120 inter/icere
2765 4057 3046 4122 hominem,
3078 4058 3167 4126 qui
3197 4058 3470 4112 veritatem
3501 4058 3648 4113 vobis

2074 4149 2280 4202 locutus
2322 4165 2438 4201 sum
2465 4147 2540 4199 '7?
2569 4145 2762 4202 Viden’
2797 4147 2850 4200 in
2893 4149 2976 4201 bis
3021 4147 3227 4202 Christi
3259 4149 3441 4205 verbis
3488 4149 3650 4220 quid-

2075 4257 2198 4295 nam
2244 4241 2487 4295 occisum
2536 4238 2721 4304 fuerit,
2771 4239 3066 4294 manifeste
3114 4241 3438 4311 significari,
3515 4241 3642 4298 dum

2074 4333 2171 4396 ait,
2201 4332 2455 4400 Quwritis
2486 4347 2566 4384 me
2599 4329 2853 4394 occidere,
2907 4345 3014 4385 non
3055 4333 3362 4398 veritatem,
3419 4332 3517 4388 sed
3555 4333 3652 4386 Ito-

2075 4425 2264 4477 minem
2305 4439 2400 4493 per
2431 4437 2592 4492 quem
2625 4422 2828 4477 veritas
2877 4422 3238 4493 loquebatur?
3266 4421 3455 4494 Neque
3499 4425 3648 4480 enim

389 4519 422 4569 ὀ
467 4517 523 4569 δέ
575 4515 858 4590 ἄνθρωπος
903 4519 1184 4588 ἐμεσίτευε
1230 4517 1364 4588 πρὸς
1397 4517 1523 4579 τοὺς
1549 4516 1867 4588 ἀνθρώπους
1902 4521 1969 4592 τῇ

2077 4517 2259 4579 homo,
2303 4517 2397 4573 sed
2437 4515 2579 4571 Deus
2611 4515 2859 4586 profecto
2890 4523 3030 4576 erat,
3067 4518 3160 4586 qui
3201 4517 3528 4588 loquebatur
3554 4533 3649 4573 ve-

393 4605 502 4675 ἰδία
530 4609 680 4676 φωνῇ
731 4606 792 4658 τὸ
837 4606 1146 4677 λεγόμενον.
1193 4609 1270 4659 Δι’
1319 4607 1346 4659 ὃ
1379 4607 1473 4660 καὶ
1523 4607 1748 4678 μεσίτης
1779 4607 1972 4677 γέγονε

389 4697 530 4750 Θεοῦ
565 4699 676 4769 (15)
745 4697 839 4751 καὶ
868 4699 1188 4770 ἀνθρώπων,
1217 4700 1293 4761 ὡς
1322 4699 1380 4753 οὐ
1405 4699 1708 4770 δυναμένης
1746 4701 1844 4771 τῆς
1883 4701 1973 4755 ἀν-

389 4789 672 4860 θρωπίνης
718 4789 828 4860 (14)
887 4791 1099 4860 φύσεως
1144 4791 1364 4862 ἀκράτῳ
1415 4791 1710 4862 προσμῖξαι
1760 4795 1824 4863 τῇ
1876 4791 1970 4846 τοῦ

389 4881 528 4935 Θεοῦ
579 4884 832 4954 συνουσία
851 4924 866 4950 ,
917 4885 1010 4938 καὶ
1057 4885 1145 4938 διὰ
1171 4884 1328 4938 τοῦτο
1357 4884 1616 4954 δεομένης
1647 4886 1746 4952 τῆς
1779 4901 1972 4953 συγγε-

397 4974 520 5038 νοῦς
545 4977 680 5047 αὐτῇ
716 4977 811 5029 καὶ
842 4978 982 5030 κατὰ
1011 4977 1169 5046 φύσιν
1193 4979 1396 5048 φωνῆς,
1422 4977 1488 5030 δι’
1519 4971 1586 5046 ἦς
1611 4977 1758 5038 εἰκὸς
1786 4979 1972 5047 χωρεῖ-

397 5063 520 5117 σθαι
547 5063 646 5135 τὴν
681 5063 884 5118 ἄνωθεν
924 5066 1169 5135 δύναμιν.
1219 5062 1622 5117 Καταλειπτέον
1655 5061 1748 5114 καὶ
1779 5060 1969 5125 τοῦτο,

395 5157 530 5228 πρὸς
562 5157 616 5210 δὲ
642 5157 702 5210 τὸ
729 5158 926 5229 ἐφεξῆς
961 5156 1220 5229 τρεπτέον
1259 5155 1349 5208 τὸν
1387 5153 1562 5222 λόγον.
1604 5152 1816 5218 Οὐδὲν,
1867 5169 1969 5222 φη-

1471 5316 1516 5348 ι·
1545 5314 1644 5370 lsa.
1679 5329 1774 5378 vu,
1811 5311 1892 5367 M.

469 5318 514 5350 ¹³
535 5317 576 5372 ll
609 5319 733 5374 Cor.
763 5337 816 5387 ν,
857 5318 940 5372 l9.
1023 5319 1064 5351 ιδ
1095 5317 1199 5372 lsa.
1231 5335 1305 5380 Ix,
1343 5317 1394 5370 6.

468 5455 546 5526 (5)
578 5455 656 5510 Ita
689 5472 856 5522 corr.;
893 5456 1034 5510 male
1069 5465 1226 5510 antea
1259 5454 1422 5522 αὐτῷ.

467 5527 542 5596 (6)
579 5529 736 5580 (lorr.
765 5526 1194 5596 ἁποκρινόμεθα.

469 5594 545 5664 t7)
585 5596 822 5665 Praepos.
849 5594 976 5667 περί
1003 5594 1147 5649 corr.
1175 5594 1300 5649 add.

469 5667 544 5738 (8)
591 5667 722 5731 Quae
775 5666 1137 5721 semicirculis
1183 5666 1770 5738 comprehenduntur,
1817 5679 1966 5738 corr.

393 5735 548 5809 add.,
579 5739 670 5806 qui
704 5739 868 5809 etiam
918 5745 1044 5809 ante
1082 5735 1602 5809 verbunfmpOévo'.
1653 5745 1758 5792 art.
1801 5735 1966 5792 delet.

469 5806 550 5878 (9)
580 5810 734 5862 (Sorr.
759 5809 818 5858 ἐν
851 5807 1168 5877 ὀφθαλμοῖς.

725 5901 1000 5964 Ρηιιοι..
1037 5902 1154 5962 Gn.
1191 5902 1377 5964 XLV.

1972 5311 2016 5346 ¹⁸
2042 5311 2201 5368 Rom.
2235 5329 2313 5378 ιι,
2349 5312 2438 5367 56.

2074 4613 2320 4675 ritatem;
2376 4611 2540 4664 homo
2603 4624 2735 4672 vero
2791 4611 3012 4680 propria
3061 4611 3234 4679 ipsius
3297 4625 3430 4666 voce
3484 4611 3649 4680 hujus

2074 4703 2342 4760 sermonis
2389 4701 2530 4771 apud
2575 4701 2825 4758 homines
2871 4702 3222 4772 interpretem
3282 4709 3446 4772 atque
3493 4703 3653 4757 inter-

2074 4793 2322 4846 nuntium
2375 4793 2608 4862 agebat:
2645 4799 2980 4861 quapropter
3025 4792 3294 4844 mediator
3343 4807 3440 4846 seu
3488 4792 3652 4846 inter-

2073 4901 2199 4956 pres
2237 4883 2332 4938 Dei
2374 4883 2768 4952 hominumque
2807 4881 2986 4936 factus
3015 4889 3120 4947 est,
3155 4883 3358 4953 quippe
3399 4881 3654 4936 humanae

2075 4983 2288 5030 natura:
2316 4973 2385 5028 ad
2437 4989 2577 5044 pura
2615 4989 2740 5027 cum
2785 4973 2896 5027 Deo
2927 4973 3196 5044 colloquia
3244 4972 3328 5028 fas
3381 4988 3490 5027 non
3533 4981 3650 5028 erat

2075 5066 2354 5132 accedere,
2382 5080 2446 5121 ac
2479 5065 2707 5136 proinde
2733 5063 2876 5120 allini
2903 5080 2967 5119 ac
2996 5065 3240 5134 ejusdem
3273 5065 3490 5136 generis
3517 5081 3652 5119 voce

2073 5155 2374 5227 indigebat,
2405 5153 2566 5225 cujus
2603 5169 2705 5224 ope
2728 5169 2978 5224 superna:
3011 5153 3231 5210 virtutis
3267 5169 3431 5210 sensa
3461 5162 3652 5225 posset

2519 5315 2560 5346 "
2584 5312 2744 5369 Joan.
2779 5330 2896 5378 vui,
2921 5313 3008 5368 40.

2141 5451 2254 5522 (10)
2285 5451 2366 5522 ita
2391 5467 2560 5516 corn;
2595 5463 2752 5508 antea
2781 5451 2932 5522 ὁρᾷν.

2143 5520 2254 5590 (Η)
2293 5521 2418 5577 Hmc
2476 5523 2636 5578 lectio
2663 5520 2850 5578 nostra
2888 5529 3016 5586 est;
3062 5535 3186 5574 nam
3221 5521 3274 5577 in
3299 5521 3422 5578 cod.
3455 5520 3646 5584 scribi-

2073 5601 2182 5654 tur,
2219 5591 2359 5655 ὅλος.

2285 5661 2443 5735 (ΞΟΙὙ.
2477 5661 2762 5735 ᾄνθρωπος
2789 5665 2816 5715 6
2839 5659 3035 5715 λαλῶν.

2171 5733 2257 5798 15)
2293 5731 2454 5787 Corr.
2489 5731 2724 5800 λέγεται.

2171 5737 2257 5798 15)
2293 5737 2454 5787 Corr.
2489 5737 2724 5800 λέγεται.

2139 5737 2256 5872 (ιι)
2285 5802 2440 5859 Corr.
2471 5802 2834 5875 ἀνθρωπείας.

3215 5899 3300 5966 39
