4120 6394
474 332 611 385 {9‘27

1727 339 1784 394 S.
1811 337 2137 394 GREG-ORII
2169 340 2465 398 NYSSENI

3600 343 3738 398 1223

470 453 771 524 percipere.
808 451 912 505 Sed
955 459 1008 504 et
1041 453 1126 506 his
1167 453 1572 521 praetermissis,
1607 450 1673 510 ad
1703 472 1764 510 ea
1807 472 1928 526 quae
1966 473 2046 513 se-

2159 459 2261 522 σὶν,
2298 459 2484 525 οὕτως
2515 458 2732 525 ἥνωται
2764 457 2914 523 πρὸς
2961 455 3128 521 Θεὸν,
3156 456 3236 522 ὡς
3272 455 3382 527 (15)
3427 456 3467 524 ἡ
3505 457 3660 526 σὰρξ
3694 459 3734 527 ἡ

470 555 718 617 quuntur
754 546 1162 600 convertendus
1187 554 1270 600 est
1310 561 1490 600 sermo
1521 567 1534 602 :
1567 545 1744 610 Nihil,
1779 550 1874 616 ait,
1905 567 2048 620 mque

469 639 811 707 conjunctum
841 647 916 691 est
956 636 1082 700 Deo,
1117 647 1270 707 atque
1316 655 1441 693 caro
1479 639 1596 707 illa,
1633 657 1792 710 quam
1842 659 2047 696 assum-

466 733 595 801 psit.
629 729 674 785 Ο
696 729 979 785 eordatam
1007 729 1245 784 hominis
1280 731 1642 785 sententiam!
1673 731 1757 786 Nil
1795 733 1868 787 ita
1898 745 2048 790 arcte

467 823 824 891 coniunctum
856 830 941 878 est
974 821 1106 886 Deo,
1141 831 1304 892 atque
1336 838 1487 888 caro,
1517 840 1627 878 non
1657 827 1899 892 bonitas,
1934 843 2046 883 non

467 914 768 978 aeternitas,
796 928 908 966 non
945 914 1307 984 incorruptio,
1342 931 1448 969 non
1483 916 1896 986 omnipotentia,
1935 934 2046 974 non

469 1003 576 1056 alia
604 1003 872 1073 quaepiam
924 1019 1112 1058 earum
1154 1008 1440 1061 notionum
1485 1023 1607 1077 quae
1657 1007 1769 1062 Deo
1813 1009 2048 1063 maxime

469 1096 824 1162 conveniunt,
874 1097 967 1151 sed
1011 1097 1126 1151 Mne
1156 1098 1336 1151 omnia
1383 1098 1644 1152 inferiora
1687 1109 1817 1154 sunt
1861 1116 2044 1164 carne,

471 1187 671 1258 quippe
706 1203 828 1257 quae
865 1202 991 1242 cum
1025 1188 1135 1242 Deo
1186 1190 1472 1245 commista
1518 1197 1570 1242 et
1612 1206 1720 1244 una
1752 1207 1876 1245 cum
1929 1193 2047 1262 ipso

469 1278 660 1334 eﬂ‘ecta
715 1279 903 1342 fuerit,
945 1281 1016 1334 ob
1047 1281 1489 1350 coniunctionem
1545 1283 1691 1335 illam
1737 1300 1857 1352 quae
1902 1285 2049 1340 inter

470 1370 817 1425 divinitatem
864 1379 919 1425 et
961 1385 1186 1426 carnem
1231 1373 1405 1427 eidem
1461 1373 1754 1427 ascititiam
1812 1375 2048 1432 interve-

2152 550 2630 620 προσληφθεῖσα.
2661 550 2726 601 Ὢ
2752 553 2850 620 τῆς
2895 549 3371 619 περιεσκεμμένης
3404 547 3566 601 αὐτοῦ
3599 549 3734 601 ἀπο-

2152 644 2400 710 φάσεωςί
2432 643 2596 695 Οὐδὲν
2620 641 2802 701 οὕτως,
2823 642 3026 712 ἥνωται
3053 641 3189 711 πρὸς
3216 640 3369 701 Θεὸν,
3399 640 3474 702 ὡς
3504 641 3538 710 ἡ
3575 639 3730 709 σὰρξ,

2149 735 2269 788 οὐδὲ
2297 735 2330 805 ἡ
2361 737 2650 806 ἀγαθότης,
2676 736 2794 788 οὐδὲ
2823 738 2855 806 ἡ
2887 736 3122 805 ἀῖδιότης
3155 733 3290 804 (16),
3319 732 3440 786 οὐδὲ
3469 734 3504 803 ἡ
3527 733 3736 802 ἀφθαρ-

2151 826 2272 887 σία,
2306 826 2427 879 οὐδὲ
2468 825 2528 879 τὸ
2554 827 2645 878 ἐπὶ
2687 825 2903 878 πάντων
2940 825 3160 896 κράτος,
3201 821 3322 876 οὐδὲ
3373 821 3499 875 ἄλλο
3538 839 3588 873 τι
3627 821 3734 872 τῶν

2157 916 2475 987 θεοπρεπῶν
2505 917 2789 988 νοημάτων
2810 957 2822 978 ,
2859 916 2996 968 ἀλλὰ
3025 916 3200 968 πάντα
3235 913 3429 975 ταῦτα,
3464 913 3563 980 τῆς
3607 927 3734 978 σαρ-

2157 1010 2250 1074 κός
2278 1011 2392 1063 ἐστι
2425 1009 2650 1081 δεύτερα
2671 1050 2685 1074 ,
2718 1011 3003 1080 συγκρίσει
3052 1012 3118 1080 τῇ
3154 1007 3286 1077 πρὸς
3333 1006 3423 1059 τὸν
3456 1006 3610 1066 Θεὸν,
3641 1007 3732 1056 καὶ

2153 1107 2220 1175 τῇ
2255 1103 2390 1173 πρὸς
2429 1102 2634 1174 ταύτην
2660 1102 2758 1174 τῆς
2786 1102 2878 1155 τοῦ
2923 1101 3058 1154 Θεοῦ
3105 1099 3371 1164 ἐνώσεως,
3401 1099 3496 1152 καὶ
3530 1101 3730 1168 σαρκδς

2154 1196 2254 1266 τῆς
2288 1195 2694 1265 ἐπικτηθείσης.
2741 1193 3022 1264 Ὁμολογεῖ
3049 1193 3160 1263 (17)
3194 1192 3326 1246 αὐτὸ
3375 1191 3532 1244 τοῦτο
3575 1194 3602 1244 ὁ
3642 1190 3730 1241 λοι

2154 1287 2433 1358 γογράφος
2454 1303 2469 1318 ’
2497 1287 2525 1340 ὁ
2554 1285 2662 1355 γὰρ
2689 1283 3085 1356 προσειλῆφθαι
3111 1284 3277 1338 αὐτὴν
3307 1283 3498 1348 εἰπὼν,
3527 1283 3588 1335 τὸ
3613 1285 3730 1334 tm-

2156 1378 2522 1450 γενηματικδν
2552 1376 2722 1447 αὐτῆς
2749 1377 3066 1442 ἐνεδείξατο.

469 1462 570 1516 nit.
623 1461 738 1516 Hoc
777 1470 958 1516 autem
1007 1463 1188 1532 ipsum
1237 1466 1474 1534 scriptor
1539 1464 1769 1530 fatetur;
1841 1483 1968 1522 nam
2050 1472 2139 1541 qui
2177 1487 2402 1526 carnem
2449 1477 2784 1540 assumptam
2833 1468 3002 1524 fuisse
3047 1467 3205 1533 dicit,
3253 1467 3500 1523 eamdem
3541 1467 3728 1538 utique

469 1551 818 1607 adventitiam
847 1569 970 1610 esse
995 1555 1256 1614 declarat.

541 1706 728 1764 XLIV.
774 1709 902 1775 Sed,
952 1719 1006 1764 et
1041 1711 1126 1765 his
1156 1712 1560 1780 prmtermissis,
1608 1729 1671 1770 ea
1725 1716 1889 1770 etiam
1922 1734 2044 1788 qua:

468 1811 798 1874 sequuntur.
823 1803 1044 1858 silentio
1065 1805 1430 1868 obvolvimus,
1461 1815 1648 1876 utpote
1669 1823 1792 1878 quae
1822 1810 2044 1865 minime

471 1895 768 1950 lectoribus
819 1910 1015 1949 nocere
1052 1904 1275 1966 queant.
1327 1910 1383 1952 et
1432 1898 1485 1952 in
1523 1915 1582 1954 se
1626 1900 1863 1955 habeant
1896 1902 2042 1958 unde

469 1984 666 2039 fabula:
699 1985 850 2038 nulla
881 2001 946 2038 ex
991 1995 1146 2050 parte
1181 1987 1286 2041 sibi
1321 1988 1630 2044 constantis
1664 1989 1812 2045 ﬁctio
1855 1991 2042 2046 redar-

466 2082 687 2143 guatur.
744 2073 880 2127 Nam
917 2089 1041 2129 eum
1077 2077 1312 2145 primum
1345 2079 1627 2134 statuisset
1653 2081 1856 2135 nullam
1882 2081 2042 2136 aliam

466 2180 654 2218 earum
690 2180 875 2219 rerum
899 2182 1024 2235 qum
1065 2167 1133 2220 de
1185 2167 1295 2220 Deo
1330 2168 1692 2234 allirmantur,
1742 2187 1897 2243 teque
1933 2173 2042 2227 Do-

469 2255 618 2308 mino
645 2254 997 2323 coniunctam
1049 2272 1171 2311 esse
1220 2269 1383 2327 atque
1424 2275 1646 2315 carnem
1695 2262 1842 2316 illam
1877 2279 2042 2334 quam

467 2347 799 2415 assumpsit,
835 2362 960 2400 mox
991 2349 1045 2402 in
1078 2349 1439 2404 conclusione
1480 2350 1791 2420 subiungit,
1826 2369 1890 2409 ea
1921 2371 2045 2426 qum

469 2438 572 2490 hoc
593 2447 751 2507 pacto
772 2441 1063 2507 coniuncta
1090 2456 1198 2494 non
1219 2449 1368 2502 sunt,
1391 2457 1494 2497 nec
1517 2443 1708 2498 eodem
1740 2453 1902 2516 pacto
1944 2448 2010 2502 ad
2027 2476 2045 2490 -

468 2529 675 2580 oranda
708 2544 852 2590 esse,
896 2531 1026 2598 quin
1065 2537 1119 2583 et
1148 2531 1289 2586 bane
1326 2532 1488 2587 aliam
1521 2534 1835 2590 coronidem
1871 2537 2041 2600 addit,

470 2615 623 2669 Nihil
653 2629 827 2671 autem
862 2620 935 2672 ita
963 2619 1294 2674 adorandum
1323 2632 1420 2688 est,
1453 2624 1892 2694 quemadmodum
1919 2643 2044 2681 caro

469 2706 688 2762 Christi.
723 2707 848 2763 Haec
879 2725 1026 2773 vero,
1063 2719 1251 2779 utpote
1282 2728 1404 2781 qua:
1435 2714 1519 2768 vel
1557 2715 1743 2785 pueris
1778 2717 1914 2786 ipsis
1947 2719 2044 2772 ab-

469 2800 635 2853 surda
681 2801 867 2855 statim
915 2802 1230 2864 vidcantur,
1271 2805 1528 2859 consulto
1576 2806 1892 2876 silebimus;
1939 2808 2043 2878 ipsi

466 2895 612 2947 enim
659 2894 754 2963 qui
792 2893 982 2949 sedent
1014 2896 1066 2949 in
1114 2895 1236 2948 foro
1286 2896 1592 2967 luduntque
1621 2899 1801 2967 pueri,
1844 2900 1920 2952 ita
1963 2915 2046 2953 ra-

466 2986 986 3047 tioeinarentur:Si
1025 2996 1134 3040 tam
1183 2987 1524 3043 adorandum
1576 2990 1714 3043 nihil
1766 2998 1870 3052 est,
1903 2991 2046 3045 sicut

468 3092 624 3140 caro,
659 3093 792 3148 ergo
819 3079 996 3149 magis
1024 3080 1334 3134 veneranda
1369 3088 1454 3134 est
1485 3080 1687 3136 Christi
1715 3096 1846 3137 caro
1877 3097 2042 3152 quam

469 3169 583 3236 ipsa
615 3167 795 3223 Patris
823 3169 1103 3238 maiestas,
1152 3178 1205 3223 et
1239 3171 1657 3240 omnipotentia,
1689 3181 1742 3227 et
1772 3188 2045 3228 summum

468 3262 524 3314 in
567 3275 657 3315 res
702 3276 895 3315 omnes
949 3263 1263 3331 imperiunm,
1313 3271 1368 3316 et
1401 3265 1445 3318 si
1489 3263 1620 3332 quid
1672 3265 1822 3318 aliud
1851 3273 2048 3319 natura

466 3361 657 3406 nostra
685 3352 752 3408 de
782 3352 966 3407 divina
1014 3355 1256 3423 potentia
1287 3355 1470 3424 eloqui
1501 3356 1666 3421 valet,
1699 3356 1774 3410 ita
1816 3365 1876 3411 ut
1905 3373 2049 3428 prae-

468 3443 727 3499 termissa
779 3442 984 3511 Patris,
1034 3443 1182 3507 Filii,
1233 3454 1288 3501 et
1343 3445 1582 3516 Spiritus
1630 3449 1809 3503 sancti
1851 3448 2050 3502 adora-

470 3534 640 3597 :ione.
695 3536 868 3590 solam
924 3537 1196 3601 venerari,
1258 3544 1425 3608 atque
1473 3537 1703 3594 adorare
1751 3539 2047 3595 antelatam

470 3626 684 3680 ueteris
716 3627 974 3682 omnibus
1017 3628 1086 3682 ab
1118 3629 1226 3683 isto
1274 3643 1514 3690 carnem,
1549 3631 1838 3700 eidemque
1864 3629 2048 3685 omni-

469 3719 771 3789 potentiam
813 3721 1090 3776 ascribere
1116 3721 1438 3777 debeamus.
1469 3721 1643 3776 Porro
1674 3722 2050 3778 antecedenti-

471 3811 575 3866 bus
624 3812 822 3867 similis
857 3819 962 3876 est,
1003 3827 1128 3883 quae
1168 3813 1419 3883 sequitur
1452 3814 1802 3868 ratiocinatio
1835 3832 1848 3868 :
1884 3813 2048 3878 Caro,

472 3903 669 3974 inquit,
710 3902 924 3957 Domini
963 3903 1244 3966 aduratur,
1272 3915 1528 3976 quatenus
1557 3915 1638 3960 est
1675 3922 1783 3959 una
1824 3922 2050 3975 persona

469 4007 520 4051 et
551 4013 714 4049 unum
749 3997 954 4049 animal
977 4012 1099 4050 cum
1126 3998 1260 4063 ipso.
1313 3996 1553 4051 Duarum
1597 4012 1776 4052 rerum
1810 3999 2050 4054 mentio-

474 4103 596 4142 nem
626 4087 856 4150 l’aeiens,
882 4086 1100 4142 Domini
1129 4088 1384 4143 videlicet
1407 4097 1458 4142 et
1490 4088 1675 4142 carnis
1714 4088 1949 4150 Domini,
1983 4104 2048 4144 ex

475 4180 560 4231 nis
615 4177 832 4233 duobus
877 4193 1046 4232 unum
1078 4177 1283 4232 animal
1328 4177 1511 4234 edicit.
1551 4176 1710 4232 Nune
1751 4178 1863 4248 iam
1900 4187 2052 4249 patet

471 4263 607 4332 quid
652 4263 706 4317 in
741 4271 1011 4319 tractatus
1061 4265 1424 4334 inscriptione
1474 4265 1765 4336 signiﬁcet,
1814 4267 1943 4322 dum
1984 4269 2052 4323 de

2219 1712 2331 1765 Καὶ
2372 1709 2879 1783 παραδραμούμεθα
2914 1709 2981 1763 τὰ
3008 1709 3203 1778 ἐφεξῆς
3235 1708 3366 1777 (18),
3403 1711 3478 1772 ὡς
3507 1711 3726 1764 αὐτόθεν

2150 1799 2340 1871 ἔχοντα
2381 1799 2474 1852 τὸν
2518 1799 2738 1869 ἔλεγχον
2769 1800 2868 1870 τῆς
2912 1798 3216 1852 ἀσυστάτου
3245 1797 3596 1868 μυθοποιῖας,
3633 1801 3725 1853 καὶ

2149 1889 2359 1962 ἀϐλαϐῆ
2403 1890 2532 1943 ὅντα
2573 1893 2686 1954 τοῖς
2719 1889 3103 1959 ἐντυγχάνουσι
3146 1890 3549 1954 σιωπήσαντες’
3588 1909 3722 1961 προ-

2150 1982 2263 2046 θεὶς
2304 1983 2414 2054 γὰρ
2442 1983 2524 2047 τὸ,
2563 1981 2730 2053 μηδὲν
2774 1980 2901 2036 ἄλλο
2927 1980 3033 2033 τῶν
3063 1980 3154 2032 ἐπὶ
3187 1980 3298 2051 (19)
3337 1979 3470 2033 Θεοῦ
3498 1980 3720 2050 λεγομέο

2147 2089 2255 2128 νων
2306 2073 2478 2137 οὕτως
2529 2073 2768 2144 ἡνῶσθαι
2819 2071 2898 2142 τῷ
2959 2071 3182 2143 Κυρίῳ,
3217 2070 3289 2134 ὡς
3339 2071 3542 2141 ἥνωται
3590 2073 3726 2144 πρὸς

2149 2165 2312 2220 αὐτὸν
2357 2165 2390 2234 ἡ
2434 2164 2839 2235 προσληφθεῖσα
2873 2161 3030 2232 σὰρξ,
3067 2163 3344 2233 ἐπήγαγεν
3377 2164 3434 2215 ἐν
3476 2162 3554 2232 τῷ
3590 2179 3727 2234 συμ-

2149 2257 2500 2330 περάσματι,
2549 2258 2633 2310 ὅτι
2678 2255 2747 2309 τὰ
2797 2255 2870 2326 μὴ
2917 2253 3089 2318 οὕτως
3115 2254 3391 2325 ἡνωμένα,
3425 2255 3726 2318 οὑδόῦτως

2150 2347 2523 2422 προσκυνητὰ,
2555 2347 2747 2419 ἑτέραν
2791 2345 3068 2416 ἐπιτίθησι
3105 2346 3401 2417 κορωνίδα·
3438 2345 3630 2399 Οὐδὲν
3659 2347 3728 2399 δὲ

2150 2442 2338 2508 οὕτως
2379 2438 2837 2509 προσκυνητὸν,
2871 2438 2952 2504 ὡς
2996 2440 3036 2506 ἡ
3084 2439 3240 2508 σὰρξ
3289 2439 3398 2492 τοῦ
3444 2438 3724 2506 Χριστοῦ.

2151 2535 2337 2589 Ταῦτα
2365 2534 2440 2598 ὼς
2471 2535 2567 2587 καὶ
2592 2532 2826 2596 παιδίοις
2844 2531 3120 2603 γνώριμον
3159 2531 3349 2602 ἔχοντα
3372 2531 3468 2601 τὴν
3498 2531 3726 2585 ἀτοπίαν

2154 2627 2292 2699 μετὰ
2317 2629 2416 2698 τῆς
2463 2625 2672 2688 ἐννοίας
2702 2623 3108 2695 σιωπησώμεθα
3142 2623 3274 2693 (20).
3311 2623 3466 2676 Εἴποι
3510 2622 3620 2692 γὰρ
3661 2623 3728 2675 ἂν

2151 2720 2244 2773 καὶ
2267 2721 2387 2781 ταῖς
2426 2718 2654 2786 ἀγοραῖς
2685 2715 3032 2786 ἐγκαθήμενα
3066 2713 3274 2777 παιδία,
3306 2714 3401 2768 καὶ
3434 2713 3724 2778 παίζοντα·

2151 2809 2232 2862 ὅτι
2253 2808 2317 2861 Εἰ
2339 2807 2504 2879 μηδὲν
2525 2806 2698 2872 οὕτως
2730 2807 2849 2859 ἐστὶ
2873 2805 3266 2878 προσκυνητὸν,
3290 2803 3477 2875 ὥσπερ
3508 2805 3540 2875 ἡ
3566 2802 3726 2875 σὰρξ,

2151 2904 2259 2975 ἄρα
2303 2901 2716 2974 σεϐασμιωτέρα
2754 2901 2902 2955 ἐστὶν
2935 2903 2969 2972 ἡ
3011 2900 3103 2954 τοῦ
3135 2900 3368 2972 Χριστοῦ
3423 2898 3560 2970 σὰρξ
3633 2897 3726 2951 καὶ

2151 2996 2321 3066 αὐτῆς
2361 2997 2461 3066 τῆς
2500 2993 2593 3048 τοῦ
2623 2993 2836 3065 Πατρὸς
2872 2992 3308 3063 μεγαλειότητος,
3339 2993 3431 3045 καὶ
3459 2991 3559 3061 τῆς
3587 3009 3724 3043 παν-

2149 3086 2448 3158 τοδυνάμου
2485 3085 2733 3152 ἐξουσίας
2757 3125 2770 3146 ,
2817 3085 2912 3138 καὶ
2938 3087 3037 3156 τῆς
3067 3084 3283 3138 πάντων
3315 3085 3519 3154 ἀρχῆς,
3556 3083 3649 3138 καὶ
3676 3082 3730 3134 ετ

2150 3196 2201 3232 τι
2228 3179 2356 3233 ἄλλο
2376 3181 2545 3250 χωρεῖ
2567 3181 2600 3249 ἠ
2633 3177 2792 3247 φύσις
2813 3178 2969 3248 ἡμῶν
2995 3178 3124 3248 περὶ
3146 3176 3246 3245 τῆς
3274 3176 3422 3238 θείας
3446 3176 3728 3244 δυνάμεως

2149 3267 2509 3338 φθέγγεσθαι·
2550 3266 2692 3320 ὥστε
2737 3267 3128 3328 καταλιπόντας
3177 3266 3238 3318 τὸ
3286 3267 3609 3335 προσκυνεῖν
3636 3264 3728 3317 τὸν

2151 3359 2392 3430 Πατέρα,
2421 3360 2514 3412 καὶ
2539 3358 2631 3412 τὸν
2659 3358 2810 3422 Υίδν,
2844 3360 2938 3413 καὶ
2982 3359 3043 3412 τὸ
3072 3358 3294 3428 Πνεῦμα
3328 3356 3386 3410 τὸ
3413 3356 3589 3424 ἆγιον,
3628 3356 3728 3426 μό·

2149 3469 2247 3521 νην
2283 3450 2551 3516 σέϐεσθαι,
2579 3450 2674 3504 καὶ
2706 3452 3029 3519 προσκυνεῖν
3053 3449 3155 3520 τὴν
3186 3447 3336 3520 παρὰ
3371 3449 3560 3501 τούτου
3595 3465 3731 3518 προ-

2149 3560 2343 3614 τετιμη
2354 3543 2520 3614 μένην
2547 3542 2743 3614 σάρκα,
2776 3544 2874 3596 καὶ
2901 3542 3086 3614 ἐκείνῃ
3117 3541 3230 3610 (21)
3255 3541 3316 3593 τὸ
3342 3540 3484 3594 κατὰ
3512 3541 3730 3594 πάντων

2149 3636 2390 3690 τίθεσθαι
2438 3636 2659 3707 κράτος.
2709 3635 2931 3704 Ὅμοιον
2964 3634 3022 3688 δὲ
3069 3635 3183 3696 τοῖς
3210 3631 3729 3703 προαποδεδομένοις

2151 3727 2332 3780 καὶτὸ
2380 3726 2573 3797 ἐφεξῆς
2622 3725 2956 3796 ἐπιχείρημα
2985 3722 3120 3793 (ΞΞ),
3167 3721 3229 3777 Ἡ
3274 3720 3431 3790 σὰρξ
3470 3720 3575 3774 τοῦ
3612 3723 3730 3772 Κυ-

2142 3817 2306 3885 ρίου,
2327 3817 2480 3889 φησὶ,
2504 3814 2947 3885 προσκυνεῖται,
2971 3811 3118 3866 καθὸ
3140 3810 3208 3864 ἓν
3230 3811 3363 3864 ἐστι
3382 3810 3727 3877 πρόσωπον,

2151 3909 2250 3963 καὶ
2294 3908 2364 3962 ἓν
2412 3905 2563 3969 ζῶον
2599 3909 2728 3976 μετ’
2767 3903 2954 3960 αὑτοῦ
3004 3904 3140 3972 (25).
3189 3901 3292 3954 Δύο
3353 3900 3727 3970 μνημονεύσας

2151 3997 2491 4070 πραγμάτων
2538 3996 2672 4067 (24),
2714 3995 2920 4064 Κυρίου
2976 3994 3070 4046 καὶ
3123 3991 3325 4061 σαρκὸς
3376 3989 3614 4060 Κυρίου,
3669 3989 3728 4042 ἓν

2153 4091 2292 4155 ζῶον
2315 4091 2385 4144 τὰ
2415 4089 2507 4142 δύο
2540 4089 2782 4159 ἐποίησε.
2811 4085 2924 4140 Νῦν
2956 4083 3330 4140 ἀποκαλύπτει
3373 4082 3558 4150 σαφῶς
3585 4081 3646 4135 τὸ
3669 4082 3730 4134 ὲν

2149 4187 2216 4254 τῇ
2253 4183 2530 4253 ἐπιγραφῇ
2577 4179 2670 4233 τοῦ
2713 4178 2872 4247 λόγου
2925 4177 3274 4248 δηλούμενον,
3308 4175 3366 4228 ὲν
3458 4172 3730 4226 διδάσκειν

2152 4273 2648 4342 κατεπαγγέλλεται
2695 4271 2824 4342 περὶ
2872 4269 2973 4340 τῆς
3018 4269 3170 4332 θείας
3226 4265 3584 4338 σαρκώσεως,
3629 4265 3730 4336 τῆς

472 4356 658 4409 divina
713 4358 1112 4420 incarnatione,
1169 4357 1238 4411 ad
1292 4357 1710 4414 similitudinem
1765 4359 2046 4415 hominum

2156 4362 2274 4417 καθ’
2307 4363 2562 4432 ὁμοίωσιν
2598 4357 2906 4431 ἀνθρώπου·
2933 4358 3121 4427 ἐπειδὴ
3164 4356 3272 4428 γὰρ
3301 4354 3480 4425 ψυχῆς
3517 4353 3728 4442 σώματι

475 4449 638 4509 facta.
666 4464 725 4503 se
753 4464 854 4502 nos
878 4448 1167 4503 docturum
1194 4443 1316 4504 esse
1342 4451 1632 4519 promittit;
1655 4452 1784 4522 quia
1814 4468 2051 4524 namque

473 4533 657 4588 anima
691 4534 758 4589 ad
789 4549 990 4606 corpus
1013 4536 1326 4602 accedente,
1354 4553 1420 4592 ex
1453 4541 1802 4609 copulatione
1823 4543 2049 4597 istarum

474 4623 675 4681 diversi
723 4627 943 4696 generis
993 4642 1180 4682 rerum
1235 4637 1400 4697 atque
1443 4630 1721 4694 mistione,
1769 4631 2049 4686 hominum

475 4718 582 4771 vita
621 4728 860 4782 constat,
917 4733 1019 4774 nec
1075 4719 1235 4772 aliter
1289 4735 1391 4776 nos
1431 4722 1693 4776 constitui
1749 4739 1912 4791 quam
1957 4740 2053 4794 per

476 4808 674 4863 animae
732 4817 787 4862 et
848 4812 1098 4878 corporis
1159 4809 1612 4880 coniunctionem
1673 4814 1795 4880 jure
1855 4816 2050 4870 merito

687 4980 823 5058 _Tam
859 4984 945 5036 hic.
970 5001 1130 5058 quam
1162 4986 1302 5040 infra
1329 5002 1473 5041 corr.
1517 4987 1642 5041 add.
1672 4998 1812 5058 part.
1844 4989 1940 5050 ὼς.

687 5052 757 5128 lia
789 5069 932 5128 corr.
953 5072 967 5114 ;
990 5052 1144 5128 male
1172 5065 1330 5128 antea
1357 5058 1658 5128 παιδιότης.

549 5121 661 5197 id?)
695 5122 848 5197 (Sorr.
883 5124 1308 5197 ὲπικτισθείσης,
1339 5127 1414 5190 ὡς
1445 5121 1711 5197 όμολὸγεῖ.

549 5191 663 5268 (18)
689 5194 847 5246 (lorr.
894 5193 988 5268 καὶ
1046 5196 1205 5268 τοῦτο
1235 5191 1758 5268 παραδραμούμεθα,
1807 5209 1860 5253 et
1891 5202 2049 5257 inter-

477 5263 668 5331 pungit
700 5272 824 5314 ante
851 5263 918 5314 τὰ
948 5264 1165 5332 ἐφεξῆς.

516 5385 520 5389 ,
551 5331 662 5402 (19)
690 5334 844 5385 Corr.
877 5333 1023 5402 περί.

550 5400 830 5522 (Ξογίὲοξν.
865 5400 1004 5472 μετὰ
1031 5405 1131 5476 τῆς
1163 5406 1345 5470 ἀνοίας
1378 5408 1781 5480 σιωπησόμεθα,
1802 5417 1856 5462 et
1906 5427 2052 5478 mox,

604 5487 672 5522 τα
700 5489 839 5522 ταις.

477 5487 571 5524 και
604 5487 672 5522 τα
700 5487 839 5525 ταις.

557 5490 571 5522 ι
604 5490 672 5522 τα
700 5490 839 5536 ταις.

684 5541 840 5617 (_3_-vrr.
869 5544 964 5596 καὶ
985 5547 1042 5596 ἐν
1069 5545 1271 5617 ἐκείνῃ.

552 5609 662 5679 (22)
698 5611 808 5692 line
863 5616 1194 5705 Apoilinaris
1225 5609 1627 5705 argumentum,
1661 5633 1785 5705 cuin
1824 5619 2050 5705 l‘iysseni

479 5683 959 5760 responsione,_e{
982 5686 1084 5739 hoc
1127 5683 1819 5760 opere'desunipta,_rel'crt
1853 5683 2048 5760 Euthy-

480 5751 646 5816 mius,
675 5766 794 5822 pag.
859 5754 985 5820 529,
1029 5751 1178 5810 vers:
1203 5755 1362 5818 Caro,
1407 5751 1592 5827 inquit.
1625 5757 1728 5813 Sed
1765 5751 2047 5830 argumen-

2159 4451 2588 4523 συνδραμούσης,
2615 4452 2678 4503 ἐκ
2696 4449 2796 4520 τῆς
2815 4446 2922 4501 τῶν
2944 4445 3270 4517 ἑτερογενῶν
3300 4444 3501 4498 τούτων
3531 4441 3729 4516 μίξεὼς

2153 4561 2215 4596 τε
2241 4544 2336 4597 καὶ
2367 4540 2649 4604 κοινωνίας
2696 4538 3008 4592 συνίσταται
3043 4539 3075 4606 ἡ
3119 4536 3433 4607 ἀνθρωπίνη
3462 4532 3596 4601 ζωὴ,
3631 4531 3730 4586 καὶ

2153 4635 2253 4688 οὐκ
2279 4634 2344 4687 ἄν
2365 4652 2447 4697 τις
2477 4633 2604 4687 ἄλλο
2631 4649 2683 4685 τι
2710 4630 2821 4699 (9.5)
2855 4631 2954 4699 τὴν
2985 4628 3242 4682 σύστασιν
3271 4626 3429 4698 ἡμῶν
3453 4627 3726 4697 ὁρίσαιτο,

2155 4728 2294 4798 πλὴν
2321 4727 2572 4796 σώματος
2597 4726 2693 4778 καὶ
2725 4723 2904 4794 ψυχῆς
2938 4722 3221 4775 κοινωνίαν
3245 4738 3257 4748 ·
3290 4718 3448 4773 τοῦτο
3476 4718 3608 4772 αὐτὸ
3635 4716 3730 4771 καὶ

2159 4821 2285 4888 περὶ
2337 4819 2435 4888 τὴν
2482 4817 2628 4871 θείαν
2681 4817 2842 4886 φύσιν
2891 4813 3216 4884 φαντασθεὶς
3266 4815 3295 4867 ὁ
3358 4811 3726 4882 λογογράφος,

2159 5005 2270 5050 tum
2336 4996 2897 5070 Apollinaris__iisdem
2943 4993 3127 5048 verbis
3147 5004 3466 5070 expressum
3488 4988 3570 5070 ibi
3606 4987 3729 5070 iegi-

2157 5083 2324 5132 mus;
2363 5063 2469 5138 non
2504 5083 2633 5121 vero
2659 5066 2898 5138 Nysseni
2932 5063 3571 5138 ‘responsipneniueuins
3603 5067 3727 5111 tan-

2159 5131 2440 5192 tummodo
2483 5131 2729 5202 sensum,
2755 5153 2865 5191 non
2885 5131 3072 5190 itidem
3095 5135 3259 5188 verba
3284 5131 3606 5186 Euthvmius
3643 5144 3729 5182 re~

2157 5207 2297 5261 tulit.

2228 5277 2510 5352 (23)_Vide
2544 5293 2611 5332 an
2647 5274 3140 5352 interpungendum
3165 5273 3236 5327 sit
3255 5269 3502 5352 antejlla
3538 5267 3720 5352 perita,

2162 5339 2278 5417 μετ’
2309 5339 2495 5413 αὐτοῦ,
2525 5358 2587 5402 ut
2625 5339 2822 5404 sensus
2873 5339 2964 5408 sit,
2998 5358 3216 5398 carnem
3254 5339 3465 5395 Domini
3505 5339 3723 5417 adorari

2157 5434 2279 5472 cum
2315 5420 2452 5486 ipso,
2481 5425 2754 5492 quatenus
2797 5424 2880 5471 est
2915 5431 3022 5492 una
3047 5427 3297 5492 persona,
3323 5419 3378 5464 et
3407 5423 3573 5462 unum
3603 5421 3724 5492 ani-

2159 5489 2294 5553 mal;
2332 5484 2451 5541 nam
2477 5484 2720 5557 proxime
2746 5502 2981 5557 sequens
3000 5484 3330 5557 Apollinaris
3343 5484 3719 5552 argumentum

2161 5559 2286 5612 huic
2319 5555 2751 5626 interpretationi
2784 5555 2969 5610 favere
2992 5555 3230 5626 videtur.

2231 5629 2340 5696 (24)
2372 5627 2446 5681 lla
2468 5624 2649 5692 cortu;
2681 5634 2840 5680 antea
2881 5624 3168 5696 σωμάτωντ

2229 5693 2340 5769 ('25)
2375 5699 2448 5751 Ita
2483 5713 2665 5765 corn;
2697 5705 2854 5753 antea
2887 5693 2976 5751 καῖ
3010 5695 3110 5749 οὐκ
3128 5693 3255 5748 ἄλλο
3279 5707 3354 5746 τι.
