4120 6394
377 411 515 463 Ἰζὶὲὲξ)

1538 418 1628 470 Al)
1640 417 1858 475 γΕιιδυ
1872 419 1909 472 S
1946 415 2446 476 APOLLINAREM.

3487 419 3627 477 ιεεο

371 527 533 591 εὐθὺς
560 525 616 580 ἒν
648 543 708 578 τε
740 529 804 598 τῇ
845 528 1124 602 ἐπιγραφῇ
1158 532 1252 584 τοῦ
1286 532 1445 601 λόγου
1472 534 1737 593 διδάσκειν
1755 555 1948 592 κατεπ-

2069 538 2325 608 μιίερὶιιιη
2360 535 2746 599 aﬂiriiiai'erit;
2779 545 3063 605 propterea
3106 535 3210 590 hoc
3237 535 3415 606 ipsum
3455 535 3510 589 iii
3542 537 3615 587 di-

371 625 726 692 ayyéngmg',
821 619 902 672 ὅτι
953 621 1075 675 καθ’
1127 623 1384 692 ὁμοίωσιν
1437 626 1723 698 ἀνθρώπου
1759 629 1851 681 καὶ
1891 630 1951 681 τὸ

366 718 518 770 Θεῖον
539 717 598 768 ἐν
646 712 809 783 σαρκὶ
842 711 1161 785 θεωρεῖται,
1191 717 1286 770 κα).
1317 717 1411 770 νῦν
1448 721 1504 770 ὲν
1537 720 1612 791 τῷ
1645 721 1798 793 μέρει
1828 720 1953 773 τού-

370 821 464 856 του
494 802 588 856 τοῦ
614 803 774 871 λόγου
797 803 911 872 (26)
943 806 1132 875 σαφῶς
1169 809 1598 874 κατασκευάζει.
1631 811 1713 863 ὅτι
1751 813 1809 865 ἓν
1838 813 1953 864 ἐστι

373 893 685 963 πρόσωπον,
707 895 800 946 καὶ
823 895 959 959 ζῶον
987 897 1065 960 ἓν,
1087 898 1122 968 ἦ
1145 916 1203 951 τε
1224 900 1361 970 σάρξ
1385 906 1477 960 καὶ
1495 905 1522 956 ὀ
1545 903 1763 976 Κύριος,
1787 906 1957 960 ὡσαν-

373 986 422 1038 εὶ
486 983 664 1053 λέγοι,
735 987 946 1041 Παῦλον
983 989 1075 1043 τὸν
1116 991 1278 1045 αὐτὸν
1327 989 1466 1046 εἶναι
1496 992 1572 1062 τῷ
1611 992 1837 1065 κρυπτῷ
1863 993 1953 1046 τὸν

377 1075 700 1146 φαινόμενον
732 1079 866 1147 (27),
914 1079 1002 1134 διά
1066 1081 1166 1152 τὴν
1206 1083 1300 1136 τοῦ
1361 1085 1610 1154 σώματος
1667 1085 1803 1155 πρὸς
1855 1085 1954 1156 τὴν

375 1165 553 1237 ψυχὴν
611 1171 906 1238 συμφυΐαν.
949 1171 1013 1223 Τί
1063 1168 1156 1225 οῦν
1209 1174 1315 1245 ἄρα
1366 1175 1638 1242 ἐπεξιέναι
1688 1177 1955 1246 προσήκει

377 1258 488 1318 τοῖς
521 1257 830 1325 εἰρημένοις
872 1259 965 1312 καὶ
1016 1261 1433 1333 ἀντιμάχεσθαι;
1463 1265 1571 1318 Καὶ
1599 1264 1714 1328 πῶς
1755 1266 1854 1318 οὐκ
1890 1265 1956 1318 ἄν

377 1362 462 1410 τις
491 1348 638 1418 ἡμᾶς
666 1348 948 1418 ἀφραίνειν
978 1354 1346 1424 κατῃτιάσατο
1383 1358 1493 1418 τοῖς
1540 1356 1955 1428 παρεξευρημέ-

377 1453 488 1499 νοις
519 1438 628 1491 τῶν
673 1441 960 1510 νοημάτων
1005 1444 1418 1514 ὲνισταμένους;
1461 1446 1670 1500 Οὐκοῦν
1711 1448 1771 1500 τὸ
1821 1447 1957 1517 μετά

376 1519 533 1579 τοῦτο
553 1531 995 1601 κατανοήσωμεν.
1019 1536 1089 1587 El
1111 1536 1324 1603 μηδὲν,
1344 1537 1498 1608 φησὶ,
1523 1539 1747 1606 ποίημα
1769 1552 1957 1606 προσ-

381 1621 644 1686 κυνητὼρ
683 1623 832 1689 μετὰ
872 1623 976 1676 τοῦ
1005 1624 1247 1693 Κυρίου,
1279 1629 1358 1694 ὡς
1400 1631 1438 1697 ἡ
1461 1628 1617 1698 σὰρξ
1636 1630 1842 1683 αὑτοῦ.
1863 1629 1957 1692 Τίς

385 1710 782 1782 ἀγωνοθετήσει
818 1715 946 1784 περὶ
976 1717 1081 1769 τῶν
1109 1721 1166 1771 ὲν
1195 1719 1417 1790 ἀσεϐείᾳ
1445 1721 1726 1790 πρωτείων
1758 1722 1960 1790 ἀγωνι-

382 1802 594 1873 ζομένῳ
622 1804 699 1875 τῷ
739 1807 1095 1879 Ἀπολιναρίῳ
1127 1811 1261 1882 πρὸς
1290 1813 1380 1866 τὸν
1415 1812 1707 1882 Εὑνόμιον;
1743 1813 1825 1875 τίς
1853 1811 1960 1882 ἀρα

2056 629 2177 681 vina
2222 629 2387 681 etiam
2433 635 2630 682 natura
2667 627 2806 692 ﬁeri,
2845 629 3028 697 inepte
3061 627 3246 681 animo
3277 641 3380 682 suo
3411 628 3625 697 ﬁngens

2055 719 2316 789 scriptor,
2351 719 2534 774 statim
2577 728 2631 774 et
2660 719 2713 772 in
2748 719 2866 788 ipsa
2907 725 3180 773 tractatus
3223 718 3390 787 hujus
3429 719 3630 773 inscri-

2056 812 2240 881 ptione
2286 811 2792 864 demonstraturum
2846 823 2907 862 se
2952 808 3269 878 pollicetur,
3321 809 3632 864 divinitatis

2055 903 2498 971 conjunctionem
2531 917 2656 956 cuin
2686 915 2851 954 carne
2880 899 2946 952 ad
2988 898 3404 953 similitudinem
3451 901 3633 954 homi—

2052 994 2142 1048 nis
2172 992 2524 1063 spectandam
2555 1006 2708 1055 esse;
2732 999 2786 1045 et
2830 1005 2977 1044 nunc
3022 991 3078 1044 in
3107 991 3211 1044 hac
3244 991 3487 1058 ejusdem
3525 1001 3632 1045 trao

2056 1093 2235 1137 ctaiiis
2271 1090 2423 1152 parte
2453 1081 2745 1136 manifeste
2778 1080 3284 1146 astruere.nititur,
3323 1097 3543 1136 carnem
3579 1090 3634 1136 et

2058 1175 2346 1230 Dominum
2406 1189 2570 1228 unam
2625 1188 2917 1244 personam
2971 1182 3138 1242 atque
3197 1190 3366 1228 unum
3430 1175 3633 1229 animal

2057 1283 2200 1330 esse,
2230 1267 2389 1336 quasi
2423 1266 2631 1320 diceret
2675 1266 2730 1319 in
2779 1265 2948 1319 Paulo
2977 1265 3049 1320 ob
3077 1267 3326 1336 corporis
3349 1274 3404 1318 et
3435 1265 3634 1320 anima:

2058 1359 2498 1426 conjiinctionem
2541 1358 2682 1412 idem
2719 1373 2842 1412 esse
2891 1357 3035 1427 quod
3085 1358 3236 1422 latet,
3277 1366 3443 1427 atque
3497 1358 3634 1413 illud

2057 1450 2201 1520 quod
2237 1449 2481 1502 omnium
2530 1449 2707 1503 oculis
2756 1449 3022 1503 cernitur.
3075 1448 3214 1513 Quid
3244 1464 3376 1520 ergo
3405 1465 3468 1504 ea
3512 1465 3635 1519 quae

2061 1541 2222 1593 modo
2251 1539 2803 1593 commemoravimus
2845 1545 3102 1592 accurata
3133 1537 3519 1608 disquisitione
3547 1554 3636 1593 re—

2060 1631 2246 1686 fellere
2273 1630 2566 1685 convenit?
2595 1629 2730 1696 Quis
2762 1630 2925 1684 etiam
2952 1629 3147 1684 merito
3181 1644 3283 1684 nos
3311 1630 3636 1698 insipientia:

2061 1739 2169 1778 non
2214 1722 2557 1777 accusaverit
2589 1723 2734 1791 quod
2773 1721 2926 1775 hisce
2972 1735 3258 1790 perperam
3303 1721 3629 1789 excogitatis

2063 1813 2632 1883 argumentationibus
2682 1812 2992 1866 refutandis
3052 1811 3449 1866 immoremur?
3495 1810 3638 1882 Ergo

381 1894 487 1948 τῶν
528 1896 818 1965 ἀριστείων
870 1901 1089 1964 ἐν’τοίς
1133 1902 1276 1955 κατά
1316 1904 1416 1974 τῆς
1445 1903 1701 1974 ἀληθείας
1747 1903 1962 1974 ἱδρῶσιν

2069 1880 2209 1975 quod
2247 1905 2518 1973 sequitur,
2565 1904 2960 1973 expendamus.
3011 1902 3070 1956 Si
3095 1903 3264 1964 nulla,
3312 1903 3510 1973 inquit,
3554 1880 3636 1956 res

382 1984 778 2056 ἀξιωθήσεται;
817 1989 969 2060 Τάχα
1008 1993 1230 2062 ἄκριτος
1270 1995 1355 2044 ἐπ’
1405 1994 1732 2066 ἀμφοτέρων
1838 1995 1962 2067 νίκη

382 2080 461 2150 τῷ
512 2083 839 2155 ἀμφηρίστῳ
872 2085 983 2154 (:28)
1015 2086 1109 2138 καὶ
1157 2087 1401 2140 ίσοπαλεῖ
1428 2089 1525 2157 τῆς
1571 2089 1823 2152 ἀσεϐείας
1866 2108 1965 2142 κα-

383 2171 820 2244 ταλειφθήσεται.
885 2178 944 2228 '0
1002 2178 1098 2247 μὲν
1146 2177 1254 2249 γὰρ
1303 2179 1514 2249 ποίημα
1563 2177 1653 2232 τὸν
1703 2182 1963 2251 μονογενῆ

384 2263 515 2316 Θεὸν
547 2264 654 2334 (29)
688 2266 878 2334 λέγων.
910 2268 1096 2338 νοερόν
1119 2286 1178 2322 τε
1205 2271 1388 2333 αὑτὸν,
1420 2271 1517 2323 καὶ
1549 2270 1654 2335 ἔξω
1686 2273 1787 2340 τῆς
1815 2273 1963 2326 ἀντι-

384 2353 555 2433 τύπου
597 2355 811 2424 φύσεως
851 2352 990 2408 εἶναι
1023 2358 1122 2410 οὐκ
1151 2359 1494 2430 ἀπομάχεται
1519 2379 1532 2392 ο
1574 2363 1735 2429 αὐτὸς
1761 2364 1816 2416 δὲ
1851 2363 1962 2436 (50)

387 2442 636 2496 σύνθετον
667 2446 724 2510 ἐξ
765 2447 938 2517 ἀρχῆς
977 2447 1136 2498 αὑτὸν
1176 2447 1235 2512 ἐξ
1267 2450 1573 2521 ἑτεροφυῶν
1617 2453 1961 2518 ἀναπλάσας,

387 2535 451 2588 ἐκ
477 2536 677 2606 σαρκός
701 2554 761 2589 τε
801 2538 890 2590 καὶ
922 2537 1171 2610 θεότητος
1201 2544 1708 2613 συγκεκροτημένον
1740 2545 1797 2596 ἓν
1827 2542 1964 2599 εἷναι

388 2623 526 2688 ζῶον
554 2628 982 2692 κατασκευάζει,
1029 2630 1150 2682 καθ’
1183 2630 1440 2701 ὁμοίωσιν
1470 2635 1579 2704 (5-1)
1611 2638 1711 2706 τῆς
1753 2635 1966 2707 ἀνθρω-

387 2717 550 2788 πίνης
592 2719 821 2786 φύσεως.
867 2719 926 2772 'H
972 2722 1069 2791 μὲν
1113 2724 1220 2794 γὰρ
1259 2725 1352 2777 τοῦ
1381 2728 1684 2796 ποιήματος
1725 2730 1968 2799 προσκύο

386 2826 542 2878 νησις
569 2811 652 2862 ἐπ’
679 2810 879 2880 ἀμφοῖν
903 2810 992 2882 ἴση
1013 2831 1028 2845 ·
1059 2812 1172 2865 ἀλλ’
1200 2816 1409 2880 ἐκεῖνος
1441 2818 1538 2886 μὲν
1564 2820 1662 2888 τὴν
1691 2820 1882 2890 νοεράν
1906 2839 1966 2874 τε

389 2902 482 2954 καὶ
502 2901 786 2971 ἀσώματον
810 2903 968 2971 φύσιν
988 2905 1318 2974 πεποιῆσθαί
1342 2925 1526 2977 φησιν·
1550 2905 1702 2973 οὗτος
1722 2911 1779 2963 δὲ
1801 2929 1967 2983 προσ-

387 2992 565 3064 τίθησι
595 2997 689 3047 καὶ
721 2995 782 3048 τὸ
807 3038 820 3060 ,
857 2997 1106 3068 σαρκώδη
1134 2998 1292 3066 φύσιν
1319 2997 1458 3054 εἶναι
1484 3003 1610 3073 περὶ
1641 3003 1700 3056 τὺ
1734 3004 1965 3076 ποίημα,

390 3083 484 3135 καὶ
522 3083 722 3154 ταύτην
770 3089 1186 3156 προσκυνεῖσθαι
1235 3091 1393 3144 πλέον
1437 3093 1543 3146 τῶν
1580 3093 1779 3148 λοιπῶν
1814 3113 1970 3166 ποιη-

2064 2005 2242 2050 creata
2269 2013 2411 2066 usque
2444 1994 2724 2049 adoranda
2752 2011 2858 2048 una
2893 2010 3011 2047 cum
3045 1993 3271 2047 Domino
3295 2001 3396 2060 est,
3432 2011 3495 2047 ac
3521 1994 3637 2062 ejus

2063 2103 2210 2141 caro.
2261 2086 2460 2157 Ecquis
2499 2085 2790 2140 certamini
2839 2084 3053 2154 praeerit
3089 2084 3422 2155 prtemiaqiie
3474 2091 3640 2154 ponet

2064 2180 2366 2249 Apollinari
2421 2190 2584 2249 atque
2618 2178 2891 2232 Eunomio
2943 2180 3086 2232 inter
3129 2192 3190 2232 se
3229 2175 3298 2232 de
3344 2175 3640 2245 impietatis

2066 2273 2300 2341 primatu
2364 2270 2745 2324 certantibus?
2795 2269 2925 2324 Uter
2973 2283 3164 2324 eorum
3211 2267 3284 2323 ob
3329 2267 3641 2323 exantlatos

2066 2364 2331 2418 adversus
2355 2362 2640 2416 veritatem
2669 2362 2905 2422 labores.
2934 2362 3115 2431 palma
3140 2361 3341 2430 dignus
3365 2375 3488 2415 esse
3508 2375 3638 2414 cen-

2065 2454 2320 2508 sebitur?
2362 2453 2624 2508 Fortasse
2659 2453 2730 2506 ob
2767 2468 2948 2522 parem
2997 2454 3051 2506 in
3104 2451 3400 2507 asserenda
3447 2451 3638 2520 impie-

2064 2553 2176 2599 tate
2213 2546 2543 2600 certantium
2575 2545 2849 2610 ardorein,
2883 2559 3086 2614 anceps
3133 2544 3258 2611 erit,
3291 2558 3356 2598 ac
3385 2552 3640 2598 neutram

2067 2634 2120 2686 in
2154 2642 2361 2702 partem
2390 2635 2651 2687 inclinata
2697 2634 2946 2690 victoria.
2990 2633 3126 2688 Nam
3174 2635 3265 2690 ille
3298 2633 3642 2703 unigenitum

2065 2726 2234 2780 Deum
2269 2727 2470 2781 factum
2504 2743 2627 2783 esse
2656 2728 2958 2793 aﬂirmans,
2993 2726 3246 2782 eumdem
3292 2733 3474 2780 mente
3504 2738 3644 2794 prae-

2067 2817 2241 2871 ditum
2289 2824 2342 2870 et
2371 2833 2401 2871 a
2435 2832 2702 2886 corporea
2741 2825 2936 2872 natura
2972 2817 3211 2872 alienum
3245 2831 3371 2872 esse
3402 2830 3514 2870 non
3547 2831 3644 2869 ue-

2068 2917 2191 2978 gat;
2243 2907 2332 2961 hic
2368 2922 2497 2962 vero
2547 2909 2701 2962 illum
2753 2909 2932 2978 ipsum
2983 2909 3326 2979 unigenitum
3359 2907 3530 2962 Deum
3574 2922 3644 2961 ex

2069 2999 2300 3054 diversae
2328 3008 2538 3054 natura:
2576 3000 2739 3056 rebus
2773 3001 2840 3054 ab
2882 3000 3039 3054 initio
3067 3000 3434 3070 compositum
3473 2998 3646 3054 fuisse

2073 3089 2304 3160 ﬁngens,
2333 3090 2584 3145 eumdem
2612 3105 2780 3144 unum
2811 3105 2936 3144 esse
2959 3105 3021 3143 ex
3049 3105 3213 3144 carne
3243 3104 3307 3144 ac
3331 3089 3641 3152 divinitate,

395 3173 599 3243 μάτων,
639 3175 714 3239 ὡς
747 3178 843 3229 καὶ
883 3177 1062 3240 ἄλλοις
1111 3182 1386 3252 ποιήμασι
1422 3186 1840 3256 προσαγομένης
1869 3191 1966 3259 τῆς

2071 3181 2324 3236 humanae
2352 3187 2562 3234 naturae
2595 3181 2791 3244 instar,
2823 3179 3116 3234 conﬂatum
3150 3180 3352 3233 animal
3379 3195 3504 3235 esse
3533 3188 3642 3235 sta-

391 3266 833 3336 προσκυνήσεως,
856 3268 885 3320 ὂ
924 3271 1014 3322 καὶ
1042 3273 1152 3334 τοῖς
1178 3273 1246 3326 τά
1276 3274 1542 3344 Εὑνομίου
1572 3276 1970 3346 πρεσϐεύουσιν

391 3353 586 3419 ἀσεϐὲς
628 3354 766 3410 εἶναι
808 3359 1168 3428 ὁμολογεῖται.
1208 3365 1418 3418 Οὐκοῦν
1472 3367 1644 3436 ἐχέτω
1694 3369 1835 3422 κατὰ
1880 3370 1971 3423 τοῦ

391 3447 658 3519 Εὑνομίου
686 3451 750 3502 τὰ
788 3454 1101 3523 νικητήρια,
1139 3456 1232 3507 καὶ
1274 3456 1690 3523 ὲπαγαλλιάσθω
1719 3459 1831 3530 (52)
1861 3463 1974 3524 τοῖς

391 3540 491 3611 τῆς
521 3541 775 3606 ἀσεϐείας
804 3544 1085 3611 στεφάνοις
1114 3546 1586 3618 καλλωπιζόμενος
1609 3566 1623 3579 ·
1653 3550 1762 3620 ὅσῳ
1782 3551 1890 3622 γὰρ
1915 3552 1974 3604 ὲν

393 3633 459 3702 τῇ
479 3631 572 3683 ἀνθ
581 3634 788 3703 ρωπίνῃ
807 3634 963 3700 φύσει
980 3635 1080 3705 τῆς
1095 3636 1270 3707 ψυχῆς
1282 3640 1342 3691 τὸ
1359 3640 1516 3709 σῶμα
1532 3641 1969 3713 καταδεέστερον,

394 3719 647 3773 τοσοῦτον
684 3723 741 3773 ἑν
786 3725 898 3784 τοῖς
941 3723 1008 3775 τά
1050 3727 1330 3796 ποιήματα
1364 3727 1776 3797 προσκυνοῦσιν,
1817 3732 1845 3782 ὁ
1877 3730 1975 3800 τὴν

398 3812 573 3881 σάρκα
609 3817 929 3882 προσκυνεῖν
967 3816 1275 3884 νομοθετῶν
1303 3818 1411 3872 τῶν
1454 3819 1514 3871 τὸ
1546 3820 1731 3890 νοερὸν
1765 3821 1976 3892 ποίημα

400 3903 704 3973 σεϐομένων
738 3906 794 3956 ἐν
828 3905 904 3974 τῷ
935 3905 1077 3973 λόγῳ
1105 3909 1203 3977 τῆς
1229 3909 1484 3972 ἀσεϐείας
1513 3911 1662 3963 ἐστὶν
1703 3911 1976 3964 ἀτοπώτε-

403 4012 512 4066 ρος,
532 3997 624 4049 καὶ
649 3997 881 4065 μάλιστα
902 3998 950 4049 εί
977 3998 1069 4050 καὶ
1094 3997 1228 4051 ἄλλα
1250 4001 1671 4070 προσκυνεῖσθαι
1694 4005 1977 4072 ποιήματα

398 4087 566 4158 λέγοι,
598 4081 670 4142 ὧν
708 4089 766 4142 τὸ
795 4087 953 4140 πλέον
984 4090 1017 4158 ἡ
1054 4089 1192 4161 σάρξ
1214 4091 1304 4144 διὰ
1336 4093 1672 4162 συγκρίσεως
1711 4095 1852 4149 κατά
1879 4095 1977 4165 τὴν

400 4177 768 4250 πορσκύνησιν
806 4180 950 4251 ἔχει·
985 4180 1146 4235 Οὐδὲν
1182 4181 1320 4253 γὰρ,
1372 4184 1537 4253 φησὶ,
1570 4185 1781 4255 ποίημα
1808 4203 1978 4257 προσ-

399 4269 658 4340 κυνητὸν,
701 4269 777 4333 ὡς
828 4273 860 4340 ἡ
903 4270 1036 4341 σάρξ
1075 4271 1169 4324 τοῦ
1214 4272 1443 4343 Κυρίου.
1509 4275 1693 4328 Πάντα
1733 4275 1832 4345 μὲν
1869 4278 1977 4349 γάρ

400 4361 596 4433 ἐπίσης
635 4362 784 4416 κάτω
826 4364 922 4432 τῆς
957 4363 1102 4426 θείας
1131 4363 1241 4433 (55)
1287 4364 1403 4417 ἐστὶ
1443 4364 1744 4435 δυνάμεως,
1772 4367 1978 4438 ὅσαπερ

401 4456 459 4509 ὲν
485 4458 550 4525 τῇ
580 4455 752 4508 κτίσει
793 4454 1267 4525 καταλαμϐάνεται
1289 4494 1304 4519 ,
1346 4455 1448 4509 κᾶν
1474 4456 1761 4527 ἀσώματον
1790 4454 1846 4531 ᾖ,
1875 4458 1978 4512 κᾶν

2075 3273 2199 3326 tiiit.
2257 3270 2498 3342 Uterque
2546 3271 2690 3325 enim
2728 3282 3035 3325 creaturam
3091 3286 3244 3340 aeque
3283 3271 3500 3348 adorat;
3548 3269 3645 3325 sed

2075 3362 2378 3417 Eunomius
2421 3361 2644 3432 quidem
2677 3377 2821 3424 eam,
2871 3363 2974 3418 etsi
3026 3363 3250 3426 factam,
3287 3361 3647 3417 nihilominus

2075 3456 2452 3525 incorpoream
2503 3462 2558 3508 et
2601 3454 2956 3524 intelligentia
2993 3454 3277 3523 praeditam
3321 3469 3446 3509 esse
3473 3454 3646 3509 dicit:

2075 3548 2164 3602 hic
2196 3562 2326 3601 vero
2357 3563 2465 3601 non
2504 3547 2706 3601 factam
2741 3546 3140 3610 tantummodo,
3175 3547 3268 3602 sed
3299 3555 3356 3601 et
3389 3561 3648 3602 carneam

2074 3651 2196 3691 esse
2222 3635 2453 3688 allirmat
2481 3649 2712 3703 eamque
2741 3649 2852 3703 prae
2877 3636 3090 3690 caeteris
3121 3636 3394 3691 creaturis
3428 3635 3648 3690 adorari

2076 3735 2353 3796 oportere,
2404 3730 2561 3797 quasi
2615 3727 2864 3782 adoratio
2897 3727 3020 3779 aliis
3051 3742 3272 3796 quoque
3321 3727 3522 3783 creatis
3558 3742 3650 3782 re-

2076 3817 2177 3873 bus
2204 3820 2599 3888 impertiretur,
2629 3820 2774 3888 quod
2803 3827 2857 3873 et
2881 3819 2956 3872 illi
2985 3819 3078 3888 qui
3105 3817 3359 3872 Eunomii
3393 3819 3652 3889 dogmata

2077 3911 2409 3980 suspiciunt,
2446 3911 2671 3980 impium
2707 3925 2831 3965 esse
2883 3926 2991 3963 non
3037 3903 3354 3964 diﬁitentur.
3392 3908 3654 3966 Victoria:

2079 4001 2262 4066 itaque
2307 3999 2576 4054 adversus
2619 3998 2949 4053 Eunomium
2992 4001 3217 4069 praemia
3277 4000 3436 4064 ferat,
3491 4015 3654 4055 coro-

2077 4091 2275 4160 nisque
2330 4091 2629 4160 impietatis
2680 4097 2910 4145 ornatus
2951 4090 3228 4156 exsultet;
3283 4105 3407 4144 nam
3443 4099 3654 4161 quanto

2079 4183 2134 4236 in
2165 4182 2402 4235 humana
2435 4189 2630 4235 natura
2669 4196 2870 4251 corpus
2911 4180 3054 4235 intra
3088 4181 3324 4234 animam
3361 4189 3466 4248 est,
3497 4189 3654 4237 tanto

2079 4273 2222 4327 inter
2251 4280 2629 4327 creaturarum
2665 4273 2911 4328 cultores
2938 4272 3032 4342 qui
3065 4285 3286 4327 carnem
3317 4271 3653 4328 adorandam

2079 4381 2201 4420 esse
2243 4366 2454 4428 statuit,
2493 4366 2624 4430 illis,
2660 4375 2930 4435 quantum
2981 4364 3049 4418 ad
3097 4366 3456 4436 impietatem,
3492 4367 3656 4441 longe

2081 4458 2317 4527 ineptior
2361 4468 2463 4523 est,
2514 4457 2605 4525 qui
2656 4474 2768 4512 non
2816 4457 2920 4512 nisi
2973 4457 3334 4527 intelligentia
3367 4458 3651 4528 praeditam

403 4547 541 4618 μετὰ
572 4546 839 4617 σώματος.
883 4547 1021 4600 Ἀλλ’
1061 4548 1172 4618 ἔχει
1202 4549 1338 4619 πρὸς
1369 4550 1567 4620 ἑαυτὴν
1609 4551 1641 4620 ή
1671 4550 1848 4613 κτίσις
1886 4551 1966 4604 διὰ

2079 4559 2383 4605 creaturam
2433 4549 2650 4615 colunt;
2699 4551 2994 4618 praesertim
3051 4549 3098 4602 si
3147 4564 3254 4602 non
3309 4565 3474 4603 unam
3516 4549 3654 4618 ipse,

401 4641 739 4710 συγκρίσεως
794 4640 1118 4711 ὑπερϐολὴν,
1177 4641 1275 4693 καὶ
1335 4641 1660 4707 ἐλάττωσιν,
1717 4643 1814 4712 τῆς
1863 4642 1974 4696 τῶν

397 4731 705 4801 ἀσωμάτων
743 4732 957 4801 φύσεως
998 4716 1431 4804 προτερευούσης
1463 4734 1573 4803 (54)
1599 4733 1750 4804 παρά
1772 4733 1869 4805 τὴν
1889 4735 1974 4787 αί-

401 4823 603 4894 σθητήν
646 4841 705 4877 τε
741 4826 832 4878 καὶ
884 4826 1185 4898 σωματώδη
1241 4827 1592 4880 κατάστασιν.
1642 4826 1802 4878 Ὥστε
1841 4823 1976 4878 καθὸ

401 4917 498 4986 μὲν
523 4917 601 4987 τῷ
636 4919 896 4987 ποιήματι
928 4917 1209 4990 λατρεύειν
1242 4918 1444 4973 οἴονται
1471 4919 1580 4972 δεῖν
1616 4918 1880 4989 Εὑνόμιός
1916 4934 1974 4970 τε

398 5011 494 5061 καὶ
533 5010 926 5080 Ἀπολινάριος,
959 5011 1228 5074 ίσοπαλεῖς
1258 5013 1315 5064 ὲν
1335 5010 1413 5080 τῷ
1437 5010 1578 5078 λόγῳ
1602 5011 1702 5080 τῆς
1722 5009 1977 5073 ἀσεϐείας

397 5102 502 5153 εἰσὶ
535 5102 626 5154 καὶ
655 5103 1021 5172 ἀμφήριστον
1052 5105 1078 5155 ὁ
1105 5102 1161 5154 δὲ
1182 5104 1247 5172 τῇ
1284 5102 1446 5173 σαρκὶ
1478 5101 1627 5172 παρά
1652 5101 1750 5171 τὴν
1782 5099 1977 5171 νοεράν

400 5189 559 5259 φύσιν
587 5191 655 5244 τά
680 5193 918 5262 πρωτεῖα
952 5191 1151 5261 νέμων,
1185 5193 1244 5245 τὸ
1277 5191 1437 5245 πλέον
1465 5193 1544 5255 εἰς
1566 5191 1820 5244 ἀσέϐειαν
1841 5191 1973 5262 ἔχει.

412 5278 820 5333 ’Δκουσάτωσαν
853 5281 902 5332 οἱ
948 5280 1187 5350 μαθηταὶ
1221 5280 1319 5350 τῆς
1349 5280 1564 5351 ἀπάτης
1589 5281 1725 5351 πρὸς
1747 5279 1867 5334 τίνα
1895 5279 1972 5351 τῷ

399 5365 702 5433 διδασκάλῳ
731 5370 910 5426 αὐτῶν
943 5373 1036 5425 καί
1064 5371 1192 5442 περ),
1221 5371 1380 5424 τίνων
1406 5371 1440 5441 ή
1470 5369 1691 5441 ἀμιλλα.

477 5543 591 5619 (2g)
615 5543 692 5619 ita
720 5561 888 5614 corr.;
932 5555 1090 5602 antea
1118 5547 1214 5601 τοῦ
1248 5547 1610 5619 λογογράφου.

473 5614 586 5689 (:2?)
613 5616 688 5689 [la
717 5631 896 5683 corr.;
931 5627 1100 5689 antea
1114 5619 1174 5670 τὸ
1204 5614 1544 5689 φαινόμενον.

610 5683 688 5760 ξεει
723 5702 889 5760 corr.;
925 5683 1452 5760 ιιιιιρα’ἀμφορίστῳ.

608 5753 732 5807 Ηωο
755 5749 913 5825 lectio
946 5773 974 5810 a
997 5749 1162 5812 corr.‘
1184 5749 1286 5825 est;
1329 5749 1452 5814 iiain
1485 5765 1646 5814 antea
1670 5767 1786 5814 erat
1808 5758 1964 5814 Θεοῦ.

477 5822 590 5894 ('50)
621 5825 775 5881 Corr.
806 5822 956 5889 οὗτος
979 5827 1053 5882 δέ.

2081 4643 2174 4698 sed
2211 4643 2396 4712 plures
2443 4652 2727 4696 creaturas
2775 4639 3086 4696 adorandas
3101 4656 3226 4695 esse
3255 4639 3424 4706 dicat,
3457 4641 3660 4710 quibus

2082 4741 2396 4804 comparata
2457 4747 2586 4788 caro
2634 4733 2898 4800 majorem
2958 4747 3070 4801 prae
3123 4732 3231 4786 illis
3279 4732 3660 4787 adorationem

2081 4829 2338 4896 consequi
2375 4836 2650 4882 mereatur
2677 4844 2690 4878 :
2715 4823 2870 4880 Nulla
2901 4825 3071 4889 enim,
3106 4823 3306 4893 inquit,
3341 4831 3526 4878 creata
3569 4839 3661 4878 res

2083 4933 2237 4987 aeque
2270 4916 2547 4971 adoranda
2593 4924 2675 4970 est
2710 4925 2874 4986 atque
2914 4929 3046 4968 caro
3094 4913 3333 4968 Domini.
3370 4912 3504 4966 Nam
3541 4927 3662 4967 om—

2084 5008 2196 5073 nia,
2249 5022 2370 5077 qutr
2419 5007 2473 5060 in
2514 5020 2700 5061 rerum
2735 5012 3045 5059 creataruin
3086 5018 3319 5058 numero
3361 5003 3657 5066 habentur,

2086 5100 2205 5154 sive
2224 5113 2490 5167 corporea
2524 5097 2656 5158 sint,
2689 5096 2802 5150 sive
2826 5096 3172 5158 incorporea,
3202 5109 3355 5165 mque
3384 5094 3527 5149 infra
3558 5109 3658 5164 po-

2083 5199 2333 5246 testatein
2355 5189 2594 5244 divinam
2624 5197 2769 5251 sunt,
2813 5199 2869 5242 at
2911 5186 3268 5240 nihilominus
3308 5200 3398 5240 res
3439 5193 3656 5245 creaia‘,

2082 5282 2128 5336 si
2162 5282 2304 5334 inter
2349 5295 2408 5335 se
2441 5287 2852 5348 comparentur,
2916 5278 3035 5331 alia
3080 5277 3203 5331 aliis
3239 5277 3359 5346 plus
3401 5276 3655 5329 minusve

2083 5371 2366 5443 dignitatis
2420 5371 2655 5435 habent,
2706 5386 2830 5424 cum
2881 5371 3215 5439 incorporea
3280 5375 3484 5422 natura
3527 5381 3651 5422 eam

2149 5547 2262 5618 (51)
2287 5541 2464 5602 Verba
2500 5546 2622 5599 καθ’
2660 5546 2936 5618 ὁμοίωσιν,
2963 5560 2991 5598 a
3015 5560 3159 5600 corr.
3201 5553 3330 5600 sunt
3359 5541 3562 5598 addita.

2149 5616 2262 5686 (52)
2290 5618 2446 5672 Corr.
2474 5616 2886 5684 ὲπαγαλλέσθω.

2150 5619 2240 5686 (52
2290 5619 2446 5672 Corr.
2474 5619 2886 5684 ὲπαγαλλέσθω.

2150 5619 2262 5758 (55)
2288 5688 2378 5758 Alta
2413 5701 2558 5741 corr.
2587 5705 2601 5754 ;
2638 5688 2793 5756 prius
2823 5695 2942 5738 erat
2969 5684 3192 5758 xardtfrb
3213 5682 3335 5752 τῆς.

2149 5753 2264 5830 (54)
2286 5756 2362 5812 lta
2390 5772 2562 5823 corr.;
2593 5753 2749 5812 antea
2787 5753 3250 5827 προπορευούσης.
