4120 6394
455 445 593 499 ιεπε

1623 455 1990 512 ADVERSUS
2027 455 2542 513 APOLLINAREM.

3575 462 3711 517 ΗΖΝ

450 559 598 635 ’Λρα
628 561 725 616 οὑκ
755 562 978 634 ἀριθμεῖ
1005 563 1062 616 τὸ
1093 565 1356 620 οἰκετικὸν
1391 567 1448 620 ἐν
1475 569 1586 632 τοῖς
1625 567 1802 634 ζώοις,
1838 570 1918 622 ὅτι
1953 567 2026 639 μὴ

2142 568 2318 622 affecta
2371 571 2534 624 fuerit
2563 589 2574 622 :
2605 587 2732 641 ergo
2786 573 3041 642 quoniam
3092 573 3162 625 ita
3202 587 3324 628 sese
3373 585 3463 626 res
3500 569 3714 644 habuit,

453 656 816 720 αὐτεξουσίως
867 659 1228 726 οἰκονομεῖται
1287 659 1439 729 παρὰ
1493 659 1582 714 τὸν
1619 659 1765 730 βίον,
1815 664 1880 730 τῇ
1917 663 2035 712 ἐπι-

455 751 732 823 κρατούσῃ
774 749 1062 821 δυναστείᾳ
1089 750 1518 821 δεδουλωμένον;
1567 754 1654 806 Ἐν
1683 753 1792 822 γὰρ
1829 753 1906 822 τῷ
1941 754 2036 805 αὑ-

455 841 712 911 τεξουσίῳ
735 840 796 894 τὺ
825 841 960 905 ζῶον
991 839 1152 904 εἶναι,
1183 842 1305 896 τίνα
1345 843 1457 914 (45)
1487 845 1516 896 6
1555 843 1888 914 λογογράφος
1919 843 2036 914 ὀρί-

457 933 628 998 ζεται.
669 929 740 1006 ’ᾮ
781 935 836 988 δὲ
887 933 960 1005 μὴ
994 934 1258 1006 πάρεστιν
1303 936 1336 1006 ή
1369 936 1709 1006 αὐτοκρατὴς
1745 935 1842 990 τοῦ
1883 935 2037 1006 θελή-

461 1043 629 1096 ματος
667 1025 908 1094 κίνησις,
948 1027 1080 1097 μηδὲ
1121 1027 1258 1091 ζῶον
1307 1025 1518 1080 οἴεσθαι
1543 1025 1732 1080 τοῦτον
1777 1021 1916 1080 εἶναι
1945 1043 2033 1078 νο-

463 1118 694 1188 μοθετεῖ.
743 1119 952 1171 υὺκοῦν
997 1119 1186 1190 νεκρὸς
1219 1114 1287 1188 ἦν
1331 1120 1538 1180 ἐκεῖνος
1571 1120 1599 1170 ὁ
1649 1118 1895 1182 Χαναὰν,
1947 1118 2036 1171 ὅτε

459 1212 570 1273 τοῖς
607 1209 854 1278 ἀδελφοῖς
892 1209 982 1263 διὰ
1003 1211 1100 1280 τὴν
1145 1209 1370 1274 ἀταξίαν
1414 1207 1813 1280 κατεδουλώθη,
1846 1207 2038 1278 νεκρὸς

460 1305 487 1356 6
529 1303 746 1374 οἰκέτης
791 1303 883 1356 τοῦ
919 1303 1202 1374 Ἀϐραὰμ,
1234 1304 1426 1374 νεκρὸς
1457 1301 1604 1365 Γιεζὶ
1634 1301 1693 1354 τὸ
1727 1299 1824 1354 τοῦ
1864 1299 2037 1354 Ἐλισ-

462 1394 614 1446 σαίου
675 1392 993 1463 παιδάριον,
1041 1394 1136 1446 καὶ
1169 1393 1226 1446 ἐν
1269 1395 1382 1454 τοῖς
1425 1389 1564 1461 μετὰ
1607 1388 1780 1442 ταῦτα
1825 1387 2037 1458 χρόνοις

459 1485 650 1556 νεκρὸς
685 1487 712 1537 6
748 1485 1066 1554 Ὀνήσιμος,
1098 1487 1284 1554 νεκροὶ
1315 1484 1514 1546 πάντες
1555 1484 1605 1536 οἱ
1649 1481 2037 1553 ἑκατοντάρχαι

457 1575 817 1638 δουλεύοντες.
867 1576 978 1630 Καὶ
1007 1575 1057 1628 τί
1095 1575 1267 1630 ταῦτα
1297 1577 1441 1644 λέγω
1461 1615 1474 1640 ,
1510 1574 1727 1628 τεθνᾶσι
1757 1574 1956 1637 πάντες
1987 1576 2036 1628 οἱ

459 1668 858 1738 ὑπεζευγμένοι
907 1669 1024 1732 ταῖς
1061 1657 1170 1720 τῶν
1217 1665 1560 1738 κρατούντων
1601 1667 1816 1738 ἀρχαῖς,
1862 1666 1920 1718 ὲν
1957 1659 2036 1728 οἷς

459 1759 724 1812 κωλύεται
770 1759 830 1810 τὸ
879 1757 1220 1824 αὐτεξούσιον
1269 1757 1532 1827 βούλημα,
1575 1757 1734 1810 Ἀλλὰ
1764 1757 1856 1810 καὶ
1901 1751 1982 1820 οἷς
2009 1759 2037 1809 6

457 1851 669 1914 Παῦλος
702 1851 981 1920 νομοθετεῖ
1015 1853 1134 1914 ταῖς
1175 1849 1573 1921 ὑπερεχούσαις
1607 1847 1874 1913 ἐξουσίαις
1905 1849 2036 1902 ὑπο-

2137 660 2298 728 periit
2337 661 2490 728 juxta
2551 665 2816 731 poeticam
2857 665 3117 726 fabulam,
3174 665 3228 717 in
3285 665 3521 717 humana
3559 675 3717 719 natu-

2135 759 2196 798 ra
2253 747 2476 802 libertas
2509 750 2744 816 arbitrii,
2782 761 2836 806 et
2877 755 3020 807 servi
3063 753 3189 806 facti
3233 763 3362 807 sunt
3410 755 3608 823 angeli.
3647 755 3718 808 li-

2137 837 2253 892 beri
2301 840 2512 895 arbitrii
2575 844 2764 898 eadem
2823 844 2892 899 de
2927 859 3093 900 causa
3149 845 3420 914 jacturam
3473 847 3642 916 passi.
3673 845 3718 902 0

2135 927 2426 984 absurdam
2485 947 2680 985 vocum
2727 935 3060 989 novitatem!
3116 935 3306 1000 Qualis
3358 935 3522 990 etiam
3594 936 3716 990 illa-

2135 1020 2212 1073 tio
2251 1029 2335 1074 est
2381 1022 2583 1088 dicere,
2619 1021 2910 1096 Corruptio
2962 1035 3142 1082 autem
3199 1028 3456 1083 animalis
3503 1031 3718 1084 arbitrii

2137 1110 2386 1166 libertate
2419 1113 2647 1182 pra-diti,
2673 1124 2756 1172 est
2777 1117 2964 1174 eadem
2997 1119 3244 1176 libertate
3275 1121 3546 1190 privatum
3573 1137 3717 1176 esse.

2135 1201 2392 1273 Nunquid
2452 1221 2640 1262 servos
2687 1224 2752 1263 ex
2806 1211 3120 1264 animalium
3174 1212 3298 1267 albo
3375 1213 3535 1274 tollit,
3580 1228 3720 1282 quo-

2137 1294 2280 1348 niam
2317 1297 2368 1350 hi
2405 1298 2509 1354 sub
2545 1299 2890 1354 dominorum
2933 1311 3204 1372 potestate
3239 1304 3426 1373 positi,
3477 1319 3574 1375 per
3595 1306 3722 1360 vitae

2137 1389 2470 1444 curriculum
2533 1393 2602 1446 ab
2667 1393 2896 1450 alterius
2963 1397 3194 1450 arbitrio
3247 1396 3530 1466 pendent?
3583 1396 3718 1452 Nam

2138 1477 2292 1532 illum
2333 1483 2426 1550 qui
2485 1483 2642 1538 liberi
2685 1486 2902 1538 arbitrii
2959 1501 3186 1556 compos
3224 1496 3328 1552 est,
3364 1488 3566 1543 animal
3597 1493 3722 1544 esse

2137 1571 2376 1642 scriptor
2433 1571 2718 1643 decernit;
2765 1587 2818 1630 at
2851 1593 2984 1632 vero
3037 1579 3131 1647 qui
3207 1578 3380 1632 libero
3421 1579 3720 1634 voluntatis

2137 1673 2286 1718 motu
2317 1665 2653 1730 destituitur,
2703 1669 2848 1722 hunc
2905 1685 3078 1738 neque
3127 1671 3332 1724 animal
3383 1671 3720 1725 censendum

2137 1769 2260 1810 esse
2297 1757 2510 1810 statuit.
2585 1759 2752 1828 Igitur
2817 1771 3068 1814 mortuus
3136 1768 3256 1815 erat
3313 1761 3574 1816 Chanaan
3631 1762 3722 1818 ille

2137 1847 2360 1918 quando
2402 1849 2472 1903 ob
2523 1851 2878 1919 petulantiam
2937 1869 3130 1908 servus
3182 1852 3412 1908 eﬂ'ectus
3461 1861 3547 1910 est
3611 1853 3722 1906 fra-

458 1941 782 2006 τάσσεσθαι,
829 1947 1010 2014 νεκροὶ
1049 1941 1264 2004 πάντως
1307 1943 1434 2006 εἰσὶ,
1461 1942 1564 1994 κᾶν
1603 1941 1773 2011 ψυχαὶ
1805 1936 1926 2004 ὦσι,
1962 1945 2028 2014 τῇ

2142 1949 2279 1994 trum
2329 1943 2393 2004 ’9,
2455 1949 2706 1998 mortuus
2757 1953 2874 1998 erat
2917 1945 3214 1998 Abrabami
3263 1945 3532 2010 famulus,
3573 1959 3721 1999 mor-

457 2035 694 2107 ἁπουσίᾳ
718 2034 810 2087 τοῦ
842 2033 1188 2098 αὑτεξουσίου
1221 2033 1538 2106 φθαρέντες,
1573 2035 1667 2086 καὶ
1692 2035 1888 2105 μηκέτι
1917 2035 2034 2098 ζῶα

455 2124 924 2200 εἷναιδυηάμενοι.
967 2125 1138 2178 Τοῦτο
1183 2127 1294 2198 γὰρ
1339 2124 1552 2178 κελεύει
1581 2128 1610 2179 6
1655 2127 2030 2197 Ἀπολιναρίου

459 2217 644 2288 μῦθος,
673 2218 759 2272 ἵνα
777 2219 876 2288 τὴν
896 2217 1099 2288 ἄψυχον
1123 2217 1334 2288 εκείνην
1357 2219 1534 2286 σάρκα
1571 2219 1802 2290 συζεύξῃ
1832 2219 1908 2288 τῷ
1935 2219 2028 2272 ἐπὶ

465 2309 682 2362 πάντων
713 2309 851 2379 Θεῷ,
884 2309 982 2361 εἴτ’
1009 2305 1102 2364 οὖν
1129 2309 1352 2380 ἄψυχον,
1379 2310 1474 2362 εἴτ’
1505 2305 1597 2362 οὖν
1619 2311 1864 2380 ἀνόητον,
1899 2309 2034 2379 πρὸς

455 2401 740 2472 ἀμφότερα
780 2401 888 2472 γὰρ
915 2402 1110 2472 ἐπίσης
1153 2403 1180 2453 6
1206 2401 1373 2472 μῦθος
1401 2401 1607 2470 βλέπει.
1650 2402 1812 2454 Ἀλλὰ
1835 2402 1896 2454 τὸ
1929 2401 2027 2471 μὲν

453 2493 659 2562 ἄψυχον
697 2494 886 2564 νεκρός
925 2494 1062 2546 ἐστι.
1115 2493 1186 2544 Τὸ
1234 2493 1289 2544 δὲ
1337 2491 1460 2561 δίχα
1501 2492 1738 2556 διανοίας
1787 2492 2029 2563 ἔμψυχον

453 2582 647 2651 κτῆνος
687 2583 858 2646 ἐστιν,
891 2583 1028 2652 ὅπερ
1069 2581 1190 2634 οὑδὲ
1233 2581 1392 2643 αὑτὸς
1435 2577 1584 2644 οὗτος
1608 2581 1910 2650 ἀποφεύγει
1955 2582 2031 2644 ὡς

451 2672 672 2728 ἄτοπον,
693 2671 1096 2742 ἀφαιρούμενος
1119 2671 1218 2738 τῆς
1245 2669 1442 2740 σαρκὸς
1465 2671 1678 2739 ἐκείνης
1699 2670 1758 2722 τὸ
1783 2670 2033 2736 αὐτεξού-

455 2780 590 2816 σιονο
618 2763 724 2814 τῶν
749 2763 856 2834 γὰρ
895 2763 1103 2830 ἀλόγων
1139 2761 1287 2824 ἴδιον,
1315 2761 1374 2814 τὸ
1405 2761 1478 2832 μὴ
1505 2765 1588 2831 ἐφ’
1627 2762 1838 2815 ἑαυτῶν
1867 2759 2029 2825 εἶναι,

451 2856 566 2908 ἀλλ’
589 2855 948 2926 ὑποτετάχθαι
983 2858 1048 2926 τῇ
1083 2854 1175 2907 τοῦ
1198 2853 1482 2923 ἀνθρώπου
1511 2855 1675 2926 ἀρχῇ.

453 2947 686 3000 conﬁcta
742 2947 811 3000 ab
871 2947 1170 3016 Apollinari
1223 2945 1404 2997 fabula
1453 2945 1629 3014 jubet,
1707 2953 1766 2999 ut
1806 2963 2027 3002 carnem
2070 2945 2216 3000 illam
2280 2947 2460 3000 anima
2529 2947 2868 3010 destitutam,

2136 2041 2264 2088 tuus
2293 2044 2346 2088 ct
2385 2033 2534 2088 Giezi
2563 2051 2698 2104 puer
2737 2035 2938 2099 Elisaai,
2985 2045 3038 2092 et
3071 2038 3122 2090 in
3149 2039 3542 2106 posterioribus
3585 2045 3721 2092 tem-

2136 2123 2364 2192 poribus
2437 2136 2688 2178 mortuus
2741 2136 2856 2180 erat
2911 2124 3230 2190 Onesimus,
3287 2127 3488 2180 mortui
3556 2128 3720 2180 etiam

2137 2209 2492 2262 centuriones
2536 2225 2724 2264 omnes
2765 2211 2870 2265 sub
2901 2210 3128 2264 alterius
3191 2219 3456 2280 potestate
3509 2211 3722 2264 consti-

2136 2299 2260 2354 tuti.
2313 2299 2518 2354 Verum
2575 2303 2704 2372 quid
2739 2303 2852 2358 lucc
2895 2303 3020 2366 aio,
3059 2303 3262 2357 mortui
3309 2313 3440 2356 sunt
3489 2318 3718 2364 oumes,

2135 2391 2228 2460 qui
2284 2391 2630 2462 principibus
2670 2411 2848 2447 rerum
2897 2395 3136 2448 dominis
3187 2393 3522 2454 subduutur,
3583 2407 3722 2460 quo-

2137 2497 2256 2535 rum
2289 2486 2587 2539 voluntatis
2621 2485 2848 2539 libertas
2891 2485 3211 2554 impeditur.
3247 2483 3352 2539 Sed
3381 2493 3435 2538 et
3469 2484 3546 2536 illi
3581 2499 3726 2552 quos

2135 2572 2339 2630 Paulus
2385 2577 2606 2631 mandat
2659 2577 2891 2632 summis
2947 2577 3310 2646 potestatibus
3357 2575 3539 2636 subdi,
3581 2589 3724 2628 mur-

2141 2672 2236 2730 tui,
2281 2671 2507 2726 omnino
2551 2681 2699 2736 sunt,
2742 2673 2960 2726 tametsi
3029 2673 3210 2724 anima
3269 2670 3506 2740 praediti,
3571 2667 3726 2739 quod:

2137 2763 2386 2818 libertate
2415 2764 2624 2818 arbitrii
2653 2773 2902 2818 carentes
2949 2764 3229 2832 perierint,
3267 2778 3444 2832 neque
3483 2760 3720 2830 amplius

2141 2856 2281 2910 inter
2342 2855 2638 2910 animantia
2679 2857 2856 2908 locum
2889 2855 3088 2910 habere
3129 2856 3356 2923 possint.
3409 2853 3524 2906 lloc
3573 2851 3720 2906 enim

2953 2946 3064 3001 Deo
3111 2949 3204 3018 qui
3267 2955 3464 3000 cuncta
3531 2957 3726 3014 super-

451 3039 924 3109 eminet,juugat,
971 3039 1088 3094 sive
1145 3039 1324 3092 anima
1361 3040 1474 3092 sive
1519 3045 1696 3092 riterite
1745 3039 1932 3092 orbata
1975 3041 2046 3093 sit
2083 3053 2213 3094 caro
2243 3038 2354 3105 illa,
2385 3051 2676 3108 utrumque
2704 3041 2848 3094 enim
2881 3055 3034 3109 tuque
3095 3039 3318 3108 respicit
3368 3037 3569 3091 fabula.
3629 3035 3725 3088 At-

453 3133 544 3202 qui
585 3133 817 3186 cadaver
849 3131 1068 3201 quidem
1118 3138 1222 3192 est,
1267 3131 1410 3201 quod
1446 3131 1627 3182 anima
1666 3141 1854 3198 caret;
1899 3131 2046 3200 quod
2085 3148 2213 3186 vero
2256 3133 2490 3187 animam
2543 3132 2662 3188 sine
2717 3141 2897 3187 mente
2969 3133 3130 3186 habet
3192 3130 3498 3201 julnentum
3541 3129 3724 3197 utique

663 3225 714 3278 id
799 3224 946 3294 quod
1000 3239 1101 3278 nec
1145 3223 1381 3292 scriptor
1435 3221 1540 3276 iste
1589 3231 1850 3291 tanquam
1898 3223 2196 3278 absurdum
2271 3225 2500 3295 refugit,
2583 3226 2652 3278 ab
2701 3225 2790 3278 illa
2837 3241 3004 3279 carne
3069 3225 3268 3278 tollens
3303 3223 3604 3276 libertatem
3633 3233 3726 3272 ar-

455 3319 636 3382 bitrii;
697 3315 1094 3371 irrationalimn
1125 3315 1324 3385 quippe
1368 3315 1684 3369 animalium
1734 3318 2016 3387 proprium
2096 3327 2198 3381 est,
2270 3319 2510 3373 hominis
2577 3319 2808 3387 imperio
2857 3318 3074 3387 subjici.
3124 3331 3232 3370 non
3287 3331 3414 3370 vero
3469 3330 3582 3368 suae
3625 3327 3726 3383 po-

453 3236 535 3278 νει
563 3245 578 3291 ;

453 3410 670 3464 testatis
720 3423 864 3464 esse.

535 3500 670 3553 Ἀλλ’
692 3500 867 3554 ὲὰσθω
885 3497 1188 3560 καὶταῦτα,
1209 3500 1340 3571 πρὸς
1359 3500 1416 3553 δὲ
1441 3501 1508 3554 τὰ
1531 3499 1724 3569 ἐφεξῆς
1745 3498 1838 3551 τοῦ
1868 3498 2031 3566 λόγου

2207 3491 2394 3546 XLVI.
2443 3493 2584 3555 Sed,
2621 3503 2674 3548 et
2711 3493 2796 3548 bis
2839 3494 3094 3558 oudssis,
3139 3493 3206 3546 ad
3247 3495 3351 3548 alia
3389 3509 3680 3562 pergamus
3707 3537 3722 3560 ,

457 3593 816 3664 μετέλθωμεν·
842 3592 977 3658 λέξω
1011 3591 1070 3644 δὲ
1094 3593 1159 3660 τῇ
1191 3591 1426 3662 ἐμαυτοῦ
1463 3597 1616 3663 φωνῇ
1641 3595 1737 3662 τὴν
1763 3591 1857 3644 τοῦ
1883 3595 2040 3644 ἐναν-

452 3686 566 3738 τίου
588 3685 820 3738 διάνοιαν
849 3684 1135 3752 συντομίας
1160 3684 1335 3754 χάριν.
1373 3685 1466 3738 Ἐκ
1483 3686 1648 3755 τριῶν
1681 3680 1820 3736 εἷναι
1845 3685 1934 3736 τὸν
1955 3683 2043 3736 ἄν·

457 3777 669 3848 θρωπόν
706 3792 858 3843 φησι,
891 3775 1194 3844 πνεύματος
1215 3819 1228 3838 ,
1273 3777 1365 3829 καὶ
1392 3776 1570 3845 ψυχῆς
1589 3817 1603 3840 ,
1641 3777 1734 3828 καὶ
1765 3775 2034 3844 σώματος,

455 3869 530 3930 ὡς
553 3868 648 3920 καὶ
669 3866 761 3918 τοῦ
799 3866 1116 3919 Ἀποστόλου
1145 3866 1302 3919 τοῦτο
1321 3865 1408 3919 διὰ
1435 3867 1534 3936 τῆς
1565 3868 1702 3937 πρὸς
1719 3866 2042 3920 Θεσσαλονι-

457 3963 572 4024 κεῖς
603 3959 916 4030 Ἐπιστολῆς
940 3957 1374 4030 δογματίζοντος,
1399 3959 1492 4011 καὶ
1511 3959 1704 4025 ἐπάγει
1730 3958 1828 4026 τῆς
1855 3959 1884 4008 ὑ
1893 3975 2040 4026 μνῳ-

458 4052 576 4114 aia;
604 4051 715 4118 (46)
744 4051 852 4103 τῶν
882 4051 1050 4120 τριῶν
1079 4050 1284 4104 παίδων
1310 4049 1467 4103 τοῦτο
1504 4050 1564 4102 τὸ
1601 4050 1765 4121 μέρος
1788 4091 1802 4116 ,
1833 4049 1894 4102 τὸ
1931 4051 2043 4102 Εὑ-

457 4140 706 4209 λογεῖτε,
739 4141 1048 4208 πνεύματα
1076 4140 1174 4194 καὶ
1199 4139 1390 4208 ψυχαὶ
1413 4138 1678 4192 δικαίων·
1701 4138 1819 4192 εἶτα
1848 4139 2041 4204 καὶτὸ,

472 4229 569 4282 Ἐν
597 4231 907 4300 πνεύματι,
945 4231 1097 4301 φησὶ,
1125 4230 1436 4296 λατρεύειν
1473 4228 1553 4294 τῷ
1577 4230 1787 4296 Κυρίῳθ
1817 4231 1912 4282 καὶ¹
1939 4229 2038 4297 τὴν

459 4321 551 4375 τοῦ
583 4323 912 4392 Εὑαγγελίου
949 4324 1132 4394 φωνὴν
1167 4323 1556 4392 παρατίθεται,
1598 4323 1666 4376 δι’
1701 4317 1769 4393 ἦς
1799 4322 2046 4376 διδασκό-

465 4413 622 4483 μεθαν
655 4413 779 4476 τοὺς
807 4413 1242 4482 προσκυνοῦντας
1264 4413 1384 4484 Θεῷ
1405 4415 1518 4484 (47)
1543 4413 1599 4466 ὲν
1629 4412 1900 4480 πνεύματι
1931 4411 2044 4464 δεῖν

463 4509 802 4576 προσκυνεῖν.
845 4505 1027 4559 Ταῦτα
1060 4505 1365 4570 διεξελθὼν,
1410 4505 1731 4578 προστίθησι
1763 4501 1901 4558 εἷναί
1931 4505 2042 4574 (48)

461 4616 512 4650 τι
567 4597 710 4668 παρὰ
753 4587 945 4660 τοῦτο,
993 4597 1090 4666 τὴν
1127 4598 1307 4668 σάρκα
1347 4600 1444 4669 τὴν
1483 4597 2044 4668 ἀντιστρατευομένην

461 4691 538 4760 τῷ
583 4689 880 4758 πνεύματι·
923 4689 1126 4761 ταύτην
1167 4690 1224 4742 δὲ
1251 4692 1350 4744 οὐκ
1387 4691 1591 4759 ἅίξκυχον
1637 4690 1784 4756 λέγει
1807 4729 1820 4750 ς
1857 4688 1932 4751 ὡς
1957 4689 2045 4741 διὰ

461 4780 615 4832 τοῦτο
640 4779 750 4850 (:19)
792 4779 1100 4832 δείκνυσθαι
1141 4781 1322 4852 τρίτον
1361 4777 1498 4834 εἶναι
1537 4781 1596 4832 τὸ
1633 4780 1848 4850 πνεῦμα
1893 4779 2045 4850 παρᾶ

2145 3587 2283 3638 meis
2317 3593 2500 3638 autem
2537 3583 2718 3638 verbis
2745 3583 3047 3636 adversarii
3085 3583 3412 3638 sententiam
3447 3581 3678 3637 referam
3707 3625 3721 3646 ,

2145 3676 2433 3730 brevitatis
2473 3691 2660 3728 causa.
2707 3674 2786 3728 Ex
2825 3675 3008 3728 tribus
3047 3677 3213 3730 rebus
3255 3683 3515 3728 constare
3553 3675 3726 3728 Immi-

2146 3785 2269 3836 nem
2313 3767 2483 3830 dicit,
2523 3767 2757 3836 spiritu,
2801 3768 2983 3820 anima
3027 3777 3079 3819 et
3117 3783 3381 3835 corpore,
3421 3767 3580 3838 quasi
3625 3767 3727 3820 hoc

2147 3857 2449 3926 Apostolus
2502 3858 2558 3908 in
2615 3855 2858 3924 Epistula
2909 3858 2976 3909 ad
3029 3855 3550 3911 Thessalonicenses
3595 3857 3730 3910 deti-

2147 3946 2261 3999 niat
2301 3947 2344 3977 ²⁰
2381 3963 2394 4010 ;
2439 3945 2738 4015 subditque
2777 3945 2920 3998 hanc
2965 3947 3130 3998 trium
3185 3961 3482 4013 puerorum
3523 3947 3726 4000 cantici

2147 4047 2398 4107 partem,
2438 4051 2630 4105 nempe
2653 4077 2667 4101 ,
2705 4036 3041 4099 Benedicite,
3079 4039 3302 4106 spiritus
3333 4047 3380 4090 et
3415 4038 3612 4090 anima:
3637 4039 3730 4105 ju-

2147 4143 2349 4185 storum
2383 4131 2459 4196 ²¹;
2510 4129 2708 4185 deinde
2775 4137 2830 4184 et
2881 4129 3052 4193 illud,
3111 4128 3178 4194 Ιιι
3227 4131 3458 4198 spiritu,
3511 4131 3724 4199 inquit,

2146 4225 2339 4278 servire
2389 4223 2618 4276 Domino
2651 4223 2696 4252 ²²
2725 4238 2738 4286 ;
2773 4229 2828 4276 et
2861 4222 2954 4276 illa
2997 4220 3274 4292 Evangelii
3309 4223 3472 4276 verba
3505 4223 3732 4292 insuper

2148 4316 2338 4380 addit,
2375 4317 2577 4386 quibus
2609 4315 2874 4369 docemur
2913 4329 3007 4368 eos
3047 4314 3138 4383 qui
3183 4313 3414 4367 adorant
3439 4312 3642 4376 Deum,
3676 4316 3730 4368 in

2148 4407 2350 4476 spiritu
2392 4407 2628 4460 adorare
2666 4413 2944 4473 Oportere.
3007 4403 3130 4464 llam
3173 4403 3264 4456 ubi
3317 4403 3564 4470 pluribus
3617 4403 3733 4457 dis-

2153 4501 2356 4562 seruit,
2399 4497 2548 4552 aliud
2581 4497 2712 4566 quid
2747 4505 3012 4565 praeterea
3051 4496 3240 4550 subdit
3269 4497 3536 4548 exsistere
3558 4535 3572 4558 ,
3604 4509 3728 4548 car-

2155 4609 2279 4646 nem
2321 4591 2580 4644 videlicet
2621 4597 3020 4658 repugnantem
3061 4588 3279 4655 spiritui
3312 4605 3326 4652 ;
3371 4588 3510 4640 hanc
3549 4595 3728 4641 autem

2151 4699 2260 4738 non
2317 4683 2614 4737 inanimem
2673 4697 2793 4736 esse
2849 4681 3016 4742 dicit,
3070 4689 3127 4733 ut
3173 4697 3238 4732 eo
3279 4687 3440 4748 pacto
3481 4681 3734 4734 ostendat

2152 4776 2373 4828 tertium
2391 4774 2520 4843 quid
2557 4779 2750 4841 praeter
2767 4773 3006 4825 animam
3021 4779 3074 4822 et
3095 4787 3296 4839 corpus
3313 4785 3434 4824 esse
3451 4773 3728 4840 spiritum.

460 4869 558 4938 τὴν
586 4867 764 4940 ψυχὴν
793 4869 884 4921 καὶ
913 4869 974 4921 τὸ
1019 4869 1198 4940 σῶμα.
1241 4871 1304 4922 Ei
1343 4865 1436 4922 οὖν
1469 4871 1533 4922 ἐκ
1569 4869 1756 4940 τριῶν,
1790 4869 1974 4938 φησιν,
2016 4871 2037 4922 6

2153 4867 2206 4918 Si
2249 4841 2500 4934 igitur'ex
2531 4863 2728 4922 tribus,
2773 4861 2970 4929 inquit,
2996 4859 3158 4912 homo
3187 4867 3404 4912 emistat
3424 4897 3438 4922 ,
3471 4857 3732 4932 Dominus

463 4955 768 5026 ἅνθρωπος,
797 4957 1083 5026 ἄνθρωπος
1109 4957 1164 5010 δὲ
1191 4959 1282 5010 καὶ
1315 4961 1342 5010 6
1367 4957 1592 5030 Κύριος,
1620 4961 1683 5010 ὲκ
1709 4959 1874 5028 τριῶν
1907 4960 2046 5012 πᾶν·

461 5064 568 5110 τως
603 5047 718 5099 ἐστὶ
749 5048 840 5100 καὶ
872 5051 900 5102 6
943 5049 1178 5118 Κύριος,
1207 5049 1538 5120 πνεύματος,
1583 5051 1677 5104 καὶ
1719 5049 1920 5120 ψυχῆς,
1953 5053 2046 5104 καὶ

465 5137 736 5208 σώματος.
783 5139 898 5192 Ἵνα
944 5141 1122 5192 τοίνυν
1161 5141 1222 5192 τὸ
1259 5141 1702 5212 διημαρτημένον
1737 5141 1900 5194 αὑτοῦ
1949 5142 2047 5210 τῆς

465 5229 591 5298 περὶ
613 5229 720 5282 τῶν
742 5229 900 5282 θείων
929 5231 1160 5302 Γραφῶν
1183 5231 1502 5301 ὑπολήψεως
1529 5233 1750 5300 γένηται
1777 5231 1954 5300 δῆλον,
1989 5235 2044 5284 ἐν

463 5317 628 5389 ὀλίγῳ
659 5319 728 5374 τὰ
759 5321 878 5375 καθ’
906 5321 1138 5374 ’ἑκαστον
1169 5323 1277 5374 τῶν
1317 5323 1617 5394 εἰρημένων
1646 5323 2034 5392 διαληψόμεθα.

465 5409 576 5464 Καὶ
605 5411 820 5483 πρῶτον
851 5430 915 5481 γε
941 5413 1002 5466 τὸ
1039 5415 1392 5468 ἀποστολικὸν
1431 5415 1792 5486 ἐξετάσωμεν.
1824 5416 1898 5467 Οὑ
1931 5415 2036 5484 γὰρ

539 5590 582 5622 ¹⁹
615 5587 750 5644 Gen.
779 5605 856 5655 Ix,
883 5589 974 5644 25.
1055 5590 1100 5619 ²⁰
1131 5590 1150 5642 l
1180 5589 1373 5643 Thess.
1397 5605 1450 5650 v,
1487 5589 1576 5642 25.

539 5743 654 5814 (45)
685 5743 882 5814 Dictio,
915 5745 1058 5806 τίνα,
1089 5759 1496 5814 supervacanea
1527 5745 1738 5798 videtur
1771 5759 1912 5798 esse.

539 5812 652 5878 (46)
685 5813 840 5868 Corr.
872 5814 1154 5883 συνῳδίας.

543 5883 656 5950 (ﬁt
691 5883 848 5938 Carr.
875 5885 1027 5938 Θεὸν.

1656 5589 1698 5618 ἰ
1735 5587 1869 5640 Dan.
1917 5603 1998 5650 ιιι,
2034 5589 2120 5639 8:3.

2151 4963 2330 5007 autem
2371 4953 2534 5005 homo
2565 4961 2690 5015 est;
2731 4965 2862 5018 ergo
2913 4963 2976 5002 ex
3019 4949 3196 5002 tribus
3238 4963 3464 5016 prorsus
3503 4955 3723 5000 constat

2150 5053 2204 5100 et
2241 5045 2538 5107 Dominus,
2575 5044 2770 5112 spiritu
2807 5057 3000 5109 nempe
3023 5082 3036 5104 ,
3072 5033 3252 5094 anima
3281 5049 3334 5092 et
3366 5055 3619 5108 corpore.
3665 5037 3730 5093 Ut

2153 5147 2334 5190 autem
2371 5137 2726 5190 manifestum
2763 5137 2852 5188 liat
2887 5135 3090 5204 quibus
3129 5135 3180 5186 in
3223 5135 3388 5187 rebus
3433 5149 3540 5184 non
3583 5139 3732 5184 recte

2153 5229 2465 5282 divinarum
2499 5227 2834 5281 Litterarum
2856 5241 3078 5280 sensum
3111 5237 3461 5293 assequatur,
3497 5223 3732 5276 breviter

2148 5324 2212 5374 de
2252 5320 2486 5388 singulis
2525 5335 2664 5388 quos
2703 5319 2904 5388 allegat
2945 5317 3246 5386 Scriptura:
3287 5317 3422 5368 locis
3463 5311 3723 5367 tractabi-

2145 5431 2288 5468 mus.
2349 5413 2412 5466 ΕΙ
2467 5413 2702 5482 primum
2751 5411 2970 5481 quidem
3027 5411 3082 5464 in
3126 5409 3256 5463 illud
3297 5406 3450 5460 Pauli
3493 5403 3724 5474 apostoli

2203 5589 2248 5616 ν’
2285 5584 2446 5638 Rom.
2491 5603 2528 5650 ι,
2573 5585 2625 5638 9.

2225 5741 2333 5806 148)
2367 5743 2524 5794 (Iorr.
2555 5739 2910 5810 προστίθησιν
2936 5738 2994 5791 τὸ
3029 5739 3214 5806 ἕτερον
3241 5730 3402 5788 εἶναι.

2225 5815 2337 5881 i319)
2369 5815 2526 5866 Corr.
2557 5809 2643 5864 διὰ
2669 5809 2882 5862 τούτου.
