4120 6394
370 367 518 428 ίῖῦῦ

1660 382 1714 433 S.
1753 378 2075 434 (IllillLOliil
2113 381 2411 438 NYSSENI

3505 367 3642 424 {£56

377 486 766 561 inquiramus;
806 509 984 564 neque
1013 495 1159 550 cnim
1192 496 1245 550 in
1283 506 1394 551 tres
1429 498 1550 552 illas
1587 499 1638 551 in
1676 515 1814 567 quas
1845 515 1988 558 nos;

2092 506 2137 552 ὃν
2168 500 2454 571 ἄνθρωπον
2479 498 2624 568 τρισὶ
2661 497 2909 568 τμήμασι
2949 495 3339 567 καταμερίζων
3371 494 3402 548 0
3427 491 3647 558 Παῦλος

380 581 772 637 distribuimus
796 592 982 652 partes
1003 627 1017 652 ,
1051 586 1324 642 hominem
1350 588 1542 642 dividit
1562 589 1763 643 Paulus
1783 630 1798 654 ,
1825 591 1955 644 dum

383 672 451 726 ad
492 670 1021 732 Thessalonicenses
1058 677 1332 746 scribens,
1372 679 1663 734 Dominum
1703 691 1854 745 orat,
1903 690 1960 739 ut

382 765 491 835 ipsi
525 781 623 835 per
658 767 848 822 omnia
883 769 938 821 in
975 784 1236 838 corpore,
1277 771 1456 827 anima
1495 782 1550 828 et
1589 774 1784 844 spiritu
1827 789 1960 829 san—

384 857 700 913 ctificentur
730 860 795 913 ³³.
835 860 942 920 Sed
978 863 1224 932 quaedam
1255 863 1417 934 longe
1447 866 1738 921 sublimior
1767 867 1834 924 de
1866 882 1963 923 no-

384 961 514 1008 strae
547 954 672 1008 vitae
708 955 962 1012 inslituto
990 956 1413 1027 philosophandi
1446 962 1586 1013 ratio
1617 968 1701 1015 est
1730 976 1838 1015 non
1872 977 1964 1016 so-

388 1045 498 1096 lum
538 1045 644 1100 hoc
687 1046 741 1100 in
782 1047 944 1110 loco,
987 1050 1082 1103 sed
1128 1058 1182 1104 et
1221 1050 1313 1104 ubi
1348 1051 1415 1105 ad
1453 1051 1770 1108 Corinthios
1799 1053 1962 1108 verba

389 1134 542 1190 facit.
573 1137 734 1192 Novit
760 1139 904 1194 enim
937 1139 1011 1195 ibi
1037 1141 1312 1196 carnalem
1341 1143 1630 1212 quemdam
1662 1143 1962 1210 hominem,

388 1238 444 1283 et
481 1245 673 1284 rursus
708 1232 1046 1301 spiritualem
1089 1234 1259 1288 alium
1297 1235 1364 1299 ",
1417 1243 1472 1290 et
1525 1235 1765 1290 medium
1822 1237 1967 1290 inter

392 1320 494 1374 hos
546 1322 688 1377 duos
734 1325 1027 1384 animalem
1083 1326 1396 1393 hominem;
1430 1342 1554 1381 eum
1605 1327 1826 1396 quidem
1873 1327 1968 1397 qui

392 1413 903 1483 perturbationibus
942 1417 1217 1473 obnoxius
1256 1427 1370 1479 est,
1415 1419 1764 1489 terrenisque
1802 1420 1969 1476 rebus

392 1504 623 1560 inhaeret
645 1544 662 1568 ,
693 1507 972 1564 carnalem
1005 1523 1252 1575 vocans;
1286 1525 1410 1563 eum
1442 1524 1606 1579 vero,
1646 1527 1806 1580 quem
1846 1527 1972 1567 cor-

392 1597 546 1665 poris
585 1597 806 1653 sarcina
847 1615 956 1654 non
990 1608 1285 1671 aggravat,
1321 1600 1417 1657 sed
1455 1601 1512 1656 in
1545 1603 1779 1658 excelsis
1814 1619 1971 1658 men-

394 1698 504 1744 tem
534 1689 697 1745 habet
723 1692 996 1762 positam,
1048 1693 1389 1762 spiritualem
1432 1695 1727 1751 nominans
1757 1714 1772 1762 ;
1814 1695 1969 1750 illum

396 1782 614 1836 tandem
640 1821 655 1846 ,
690 1785 783 1853 qui
821 1792 1080 1840 neutrum
1114 1801 1306 1842 eorum
1354 1802 1586 1857 prorsus
1621 1795 1740 1852 est,
1786 1797 1841 1843 et
1886 1797 1970 1842 ta-

397 1887 521 1927 men
557 1889 681 1928 cum
712 1885 945 1946 utroque
976 1879 1420 1933 communionem
1457 1879 1652 1947 habet,
1685 1880 1971 1934 animalem

399 1965 702 2034 appellans.
742 1965 867 2022 llaec
897 1976 1076 2024 autem
1106 1984 1366 2025 asserens
1387 2011 1401 2035 ,
1432 1985 1536 2025 nec
1564 1972 1841 2025 carnalem
1878 1971 1976 2024 ho-

400 2057 604 2112 minem
654 2061 854 2114 mentis
907 2062 992 2114 vel
1043 2061 1240 2116 animae
1288 2062 1598 2118 actionibus
1653 2062 1975 2117 destitutum

401 2164 527 2204 esse
573 2149 742 2218 dicit,
793 2167 894 2206 nec
942 2153 1288 2223 spiritualem
1339 2169 1371 2208 a
1414 2154 1811 2224 conjunctione
1851 2171 1975 2210 cum

404 2233 589 2294 aiiima
633 2250 688 2296 et
734 2257 966 2312 corpore
1017 2245 1257 2298 alienum
1306 2260 1432 2301 esse
1477 2246 1755 2308 ostendit,
1804 2261 1979 2317 neque

407 2333 698 2392 animalem
754 2335 1030 2390 hominem
1074 2336 1159 2390 vel
1199 2346 1385 2391 mente
1409 2376 1424 2400 ,
1463 2337 1551 2392 vel
1585 2351 1754 2392 carne
1791 2352 1982 2392 carere

408 2425 641 2492 statuit;
678 2426 772 2480 sed
809 2427 1045 2498 singulis
1079 2428 1206 2482 vita:
1238 2429 1513 2485 institutis
1543 2444 1607 2484 ex
1644 2445 1709 2484 eo
1745 2430 1891 2500 quod
1926 2431 1980 2484 in

408 2532 739 2588 unoquoque
793 2535 987 2574 eorum
1040 2521 1214 2592 magis
1256 2521 1504 2588 eminet,
1553 2535 1752 2577 nomen
1804 2523 1983 2591 impo-

409 2610 491 2664 nit
519 2610 586 2664 ¹⁵.
622 2610 727 2676 Qui
759 2611 903 2665 enim
929 2613 1147 2677 judicat
1183 2614 1397 2680 omnia,
1437 2623 1488 2667 et
1528 2630 1560 2666 a
1599 2613 1804 2667 nemine
1838 2612 1986 2682 judi-

410 2709 589 2763 catur,
621 2710 676 2757 et
707 2702 754 2758 si
788 2718 1008 2759 carnem
1041 2712 1208 2774 atque
1254 2707 1493 2759 animam
1541 2705 1775 2766 habeat,
1812 2703 1984 2774 spiri-

411 2789 628 2845 ritualis
656 2793 1025 2849 nihilominus
1067 2803 1452 2864 nuncupatur;
1497 2805 1553 2849 et
1595 2796 1687 2865 qui
1736 2795 1985 2850 libidinis

412 2880 601 2937 furore
630 2885 887 2954 abreptus
908 2927 922 2948 ,
953 2887 1133 2941 cubile
1159 2897 1444 2956 paternum
1476 2889 1754 2943 invaserat
1785 2889 1854 2952 ’⁸,
1889 2903 1987 2942 nec

413 2973 597 3035 anima
621 3019 636 3042 ,
672 2991 776 3031 nec
811 2985 992 3032 mente
1025 2979 1253 3034 orbatus
1286 2987 1404 3034 erat
1433 2999 1445 3034 :
1487 2979 1741 3034 similiter
1779 2981 1943 3033 etiam
1972 3019 1985 3041 ,

415 3065 516 3136 qui
549 3067 692 3127 inter
728 3070 958 3139 probam
1003 3080 1167 3141 atque
1203 3072 1506 3141 improbam
1549 3073 1674 3127 vitae
1716 3074 1986 3131 rationem

2062 594 2204 648 κατά
2240 609 2305 661 γε
2348 592 2440 646 τὸν
2479 590 2746 662 ἡμέτερον
2767 588 2941 657 λόγον,
2991 589 3105 652 τοῖς
3153 585 3640 640 Θεσσαλονικεῦσιν

2061 687 2242 738 ἐκεῖνα
2269 686 2500 755 γράφει,
2537 681 2795 744 ὁλοτελῶς
2825 681 3020 743 αὐτοὺς
3052 677 3383 749 ἁγιασθῆναι
3413 676 3643 746 εὐχόμε-

2060 794 2152 841 νος
2178 776 2256 847 τῷ
2294 776 2506 846 Κυρίῳ,
2539 775 2596 829 ὲν
2643 772 2874 844 σώματι,
2904 772 2999 826 καὶ
3031 771 3176 842 ψυχῇ
3209 769 3308 823 καὶ
3347 767 3643 838 πνεύματι.

2074 869 2234 924 Ἀλλά
2266 869 2355 933 τίς
2386 869 2500 922 ἐστι
2531 866 2815 938 φιλοσοφία
2851 867 2980 938 περὶ
3007 866 3107 935 τῆς
3152 861 3295 916 κατὰ
3339 859 3527 915 τοῦτον
3552 858 3647 912 τδν

2065 961 2178 1032 βίον
2211 961 2581 1033 προαιρέσεως
2609 960 2881 1032 διαφόρως
2923 955 3249 1028 ὑψηλοτέρα,
3283 954 3383 1007 οὐκ
3412 950 3648 1007 ἐνταῦθα

2067 1055 2246 1126 μόνον,
2278 1052 2413 1107 ἀλλὰ
2436 1053 2531 1107 καὶ
2555 1056 2613 1107 ὲν
2641 1047 2723 1116 οἷς
2754 1051 2888 1123 πρὸς
2912 1049 3040 1111 τοὺς
3070 1045 3388 1119 Κορινθίους
3414 1044 3648 1097 ποιεῖται

2064 1145 2156 1199 τὸν
2188 1145 2365 1214 λόγον.
2413 1140 2536 1198 Οἵδε
2562 1144 2674 1214 γὰρ
2719 1144 2834 1196 ἐκεῖ
2876 1157 2998 1194 τινα
3041 1141 3296 1207 σάρκινον
3342 1134 3647 1207 ἄνθρωπον,

2066 1237 2160 1290 καὶ
2196 1235 2563 1308 πνευματικὸν
2609 1233 2771 1290 πάλιν
2808 1233 3017 1305 ἕτερον,
3067 1230 3163 1284 καὶ
3209 1228 3296 1282 διά
3343 1229 3510 1299 μέσου
3541 1226 3649 1280 τῶν

2066 1329 2160 1383 δύο
2189 1330 2281 1382 τὸν
2307 1327 2556 1399 ψυχικὸν,
2581 1326 2673 1380 τὸν
2706 1325 2802 1396 μὲν
2831 1322 3053 1395 ἐμπαθῆ
3084 1321 3178 1375 καὶ
3210 1318 3384 1390 ὑλώδη
3411 1360 3426 1383 ,
3456 1318 3650 1389 σάρκι-

2068 1435 2157 1472 νον
2180 1416 2622 1488 προσαγορεύων’
2651 1414 2744 1468 τὸν
2769 1413 2826 1466 δὲ
2856 1413 2930 1484 μὴ
2957 1411 3288 1483 βαρούμενον
3316 1409 3394 1478 τῷ
3419 1407 3653 1478 ὲφολκίῳ

2068 1510 2163 1564 τοῦ
2189 1510 2458 1582 σώματος,
2483 1508 2596 1562 ἀλλ’
2619 1511 2676 1562 ὲν
2693 1509 2806 1570 τοῖς
2824 1505 3045 1576 ὑψηλοῖς
3075 1503 3173 1572 τὴν
3209 1501 3444 1554 διάνοιαν
3462 1499 3654 1568 ἔχοντα

2071 1598 2436 1669 πνευματικὸν
2479 1596 2779 1668 ὀνομάζωνο
2828 1595 2919 1649 τὸν
2971 1592 3027 1646 δὲ
3078 1590 3373 1661 μηθέτερον
3409 1587 3650 1659 ἀκριϐῶς

2071 1693 2198 1746 ὄντα
2229 1695 2324 1746 καὶ
2356 1693 2491 1766 πρὸς
2529 1691 2641 1763 (50)
2685 1691 2942 1760 ἑκάτερον
2982 1688 3175 1759 ἔχοντα
3213 1687 3310 1758 τὴν
3344 1682 3652 1747 κοινωνίαν,

2071 1785 2299 1856 ψυχικὸν
2331 1785 2639 1840 ἀποκαλῶν.
2671 1783 2856 1837 Ταῦτα
2881 1783 2938 1836 δὲ
2965 1781 3159 1850 λέγων,
3194 1780 3318 1833 οὔτε
3346 1779 3438 1832 τὸν
3466 1777 3654 1848 σάρκι-

2076 1896 2163 1933 νον
2200 1879 2299 1950 τῆς
2335 1877 2477 1932 κατά
2500 1878 2591 1931 τὸν
2619 1875 2744 1930 νοῦν
2801 1875 2834 1946 ἢ
2870 1874 2968 1945 τὴν
2999 1873 3176 1944 ψυχὴν
3205 1871 3484 1943 ἐνεργείας
3506 1871 3657 1922 ἐστε-

2081 1970 2278 2040 ρῆσθαι
2303 1969 2471 2037 λέγει·
2499 1966 2622 2022 οὔτε
2645 1967 2737 2020 τὸν
2760 1963 3123 2036 πνευματικὸν
3139 1963 3237 2034 τῆς
3258 1961 3393 2032 πρὸς
3417 1960 3477 2012 τὸ
3501 1958 3659 2027 σῶμα

2079 2061 2172 2114 καὶ
2199 2059 2296 2130 τὴν
2327 2059 2504 2130 ψυχὴν
2540 2057 2860 2127 συμπλοκῆς
2887 2055 3165 2126 ἀλλότριον
3207 2053 3504 2116 δείκνισιν,
3539 2049 3660 2102 οὐδὲ

2085 2152 2178 2206 τὸν
2214 2150 2466 2221 ψυχικὸν,
2509 2149 2541 2221 ἢ
2581 2149 2761 2214 ἄνουν,
2804 2147 2838 2218 ἦ
2873 2147 3112 2218 ἄσαρκον
3161 2145 3508 2200 ὑποτίθεται·
3544 2136 3659 2196 ἀλλ’

2080 2247 2146 2299 ἐκ
2172 2245 2264 2299 τοῦ
2292 2241 2674 2306 πλεονάζοντος
2693 2240 2790 2304 τὰς
2813 2239 3128 2311 ἐπωνυμίας
3156 2239 3277 2301 ταῖς
3304 2235 3658 2306 προαιρέσεσι

2081 2338 2306 2392 τίθεται.
2345 2337 2418 2390 ’Ὃ
2445 2353 2508 2389 τε
2546 2335 2656 2404 γὰρ
2683 2333 3023 2403 ἀνα-κρίνων
3065 2333 3138 2386 τὰ
3178 2329 3377 2385 πάντα
3422 2327 3521 2382 καὶ
3562 2329 3664 2382 ὑπ’

2083 2429 2333 2497 οὐδενὸς
2380 2426 2884 2496 ἀνακρινόμενος,
2929 2424 3024 2479 καὶ
3077 2423 3342 2495 ἐνσαρκός
3387 2423 3524 2486 ἐστι,
3571 2420 3668 2472 καὶ

2084 2524 2324 2595 ἔμψυχος
2345 2563 2360 2585 ,
2393 2522 2489 2575 καὶ
2523 2519 2892 2589 πνευματικὸς
2930 2515 3257 2588 ὀνομάζεται
3277 2531 3290 2544 ·
3336 2514 3432 2568 καὶ
3462 2515 3490 2566 0
3528 2510 3667 2595 κατΙά

2215 2587 2376 2684 εῦνῆς
2399 2613 2497 2683 τῆς
2530 2587 2789 2682 πατρῴας
2813 2608 2892 2680 τῷ
2919 2587 3247 2678 τῆςσαρκὺς
3274 2605 3437 2658 πάθει
3465 2587 3668 2672 λυσσῆ-

2088 2725 2206 2772 σας,
2234 2705 2356 2760 οὕτε
2392 2704 2596 2774 ἄψυχος
2617 2698 2708 2773 ἦν,
2736 2700 2859 2756 οὔτε
2888 2699 3123 2762 διανοίας
3145 2697 3464 2768 κεχώριστοο
3493 2693 3673 2746 ὡσαύ-

2085 2818 2194 2863 τως
2214 2800 2270 2852 δὲ
2303 2800 2396 2852 καὶ
2422 2799 2450 2850 0
2485 2797 2646 2867 μέσος
2683 2795 2820 2865 ἔχων
2849 2793 2943 2846 τοῦ
2984 2809 3045 2844 τε
3090 2785 3376 2844 ἐπαινετοῦ
3398 2827 3412 2850 ,
3443 2786 3535 2841 καὶ
3575 2783 3672 2838 τοῦ

2090 2888 2560 2960 κατεγνωσμένου,
2591 2888 2650 2939 ἐν
2683 2885 2966 2956 ἑκατέροις
2996 2883 3134 2948 ἐστὶ,
3171 2881 3264 2935 καὶ
3297 2879 3421 2934 νοῦν
3447 2878 3584 2948 ἔχων
3614 2878 3673 2930 ὲν

2095 2983 2298 3054 ἑαυτῷ,
2322 2983 2416 3036 καὶ
2443 2982 2542 3051 τὴν
2566 2979 2729 3050 φύσιν
2748 2979 2849 3049 τῆς
2871 2976 3072 3049 σαρκὸς
3095 2973 3491 3046 περικείμενος·
3515 2969 3673 3032 ἀλλὰ,

2092 3073 2274 3137 καθὼς
2300 3073 2512 3143 εῐρηται
2530 3111 2544 3134 ,
2577 3071 2712 3143 πρὸς
2755 3069 2826 3122 τά
2875 3067 3177 3137 φαινόμενα
3201 3061 3295 3116 τοῦ
3321 3061 3436 3132 βίου
3479 3056 3677 3127 γνωρί-

416 3157 659 3214 medium
696 3167 879 3226 tenet,
916 3169 1108 3214 neutra
1144 3170 1330 3228 caret,
1365 3164 1566 3233 quippe
1600 3165 1692 3233 qui
1722 3172 1774 3218 et
1807 3177 1988 3222 mente

2095 3181 2275 3236 σματα
2296 3163 2393 3234 τῆς
2411 3159 2780 3233 προσηγορίας
2803 3158 3008 3230 κυρίως
3038 3152 3470 3226 ὲφαρμοζούσης,
3499 3149 3548 3202 οί
3579 3147 3680 3218 μὲν

417 3250 682 3321 praeditus
717 3262 836 3316 est,
873 3262 927 3308 et
956 3269 1125 3310 carne
1159 3255 1647 3325 circumvestitur;
1677 3259 1770 3313 sed
1805 3276 1988 3330 quem-

2096 3254 2482 3310 ἀπολαυστικοί
2514 3271 2574 3306 τε
2600 3252 2695 3306 καὶ
2726 3251 3019 3321 φιλήδονοι,
3047 3248 3141 3302 καὶ
3175 3247 3311 3318 πρὸς
3347 3243 3445 3306 τὰς
3475 3243 3680 3312 ἐριστι-

420 3341 716 3396 admodum
747 3343 1022 3408 diximus,
1055 3361 1120 3399 ex
1153 3361 1216 3400 eo
1247 3346 1394 3416 quod
1428 3348 1481 3401 in
1511 3363 1844 3420 unoquoque
1877 3353 1988 3407 vita:

2097 3347 2198 3411 κάς
2227 3347 2553 3416 φιλονεικίας
2583 3344 2836 3414 ἐκθύμως
2869 3342 3105 3413 ἔχοντες,
3133 3339 3380 3407 σάρκινοι
3404 3334 3678 3402 λέγονταιο

422 3447 621 3504 genere
649 3435 822 3505 magis
852 3445 1111 3506 apparet,
1142 3452 1338 3493 nomen
1366 3447 1491 3509 apte
1537 3441 1832 3498 desumens
1854 3442 1999 3513 Apo-

426 3527 604 3582 stolus
627 3567 641 3589 ,
682 3542 777 3581 eos
815 3528 1039 3598 quidem
1073 3529 1166 3598 qui
1213 3530 1587 3600 voluptatibus
1627 3548 1692 3586 ac
1729 3535 2000 3604 intempe-

425 3615 626 3672 rantiae.
645 3619 890 3673 serviunt
917 3625 974 3673 et
999 3621 1063 3673 ad
1091 3620 1305 3676 rixosas
1328 3623 1710 3679 contentiones
1733 3626 2001 3694 proclives

429 3718 593 3777 sunt,
627 3713 881 3768 carnales
910 3723 1110 3779 vocat;
1155 3713 1279 3768 illos
1318 3730 1482 3780 vero,
1520 3716 1614 3785 qui
1653 3700 1843 3772 omnes
1881 3719 2000 3787 qui-

431 3801 555 3857 dem
586 3789 931 3872 diju'dicant,
966 3805 1172 3858 nullam
1212 3821 1342 3860 vero
1372 3805 1564 3874 judicii
1605 3807 1673 3862 de
1707 3823 1764 3863 se
1797 3801 2004 3864 ferendi

434 3905 626 3947 ansam
672 3891 795 3946 aliis
837 3893 1114 3961 praebent,
1149 3895 1220 3948 ob
1259 3895 1381 3950 vita:
1417 3896 1812 3953 sublimitatem
1836 3939 1850 3964 ,
1883 3901 1999 3969 spi-

434 3982 665 4039 rituales
688 3985 935 4040 nominat
963 4003 979 4052 ;-
1001 3985 1233 4056 denique
1262 3987 1552 4042 animalem
1576 4001 1857 4062 nuncupat
1879 3995 1970 4064 qui
1992 4035 2006 4058 ,

436 4074 492 4131 in
527 4072 724 4131 horum
762 4075 944 4131 medio
979 4078 1226 4147 positus,
1271 4086 1424 4132 tanto
1468 4081 1741 4148 Spirituali
1784 4084 2012 4142 inferior

438 4175 546 4228 est,
577 4177 785 4236 quanto
813 4173 1066 4240 superior
1095 4170 1325 4225 carnali.
1357 4171 1624 4238 Quoniam
1656 4175 1824 4245 igitur
1848 4193 1970 4232 eum
1997 4221 2011 4243 ,

439 4259 533 4328 qui
566 4261 771 4314 virtute
805 4260 1074 4330 profecit,
1113 4277 1220 4315 non
1253 4263 1431 4316 solum
1462 4265 1578 4317 vult
1608 4265 1736 4320 vita:
1766 4267 2015 4322 sublimi-

440 4352 570 4405 tatis
623 4351 941 4406 testimonio
987 4351 1371 4420 comprobari,
1427 4352 1522 4407 sed
1569 4362 1622 4408 et
1675 4355 1902 4424 insuper
1947 4358 2012 4410 ad

443 4441 612 4496 Deum
660 4442 968 4512 respicere,
1004 4459 1130 4496 cum
1162 4444 1246 4496 vel
1288 4444 1540 4512 corporis
1584 4448 2024 4502 necessitati-bus.

2097 3442 2147 3494 οἱ
2169 3440 2224 3493 δὲ
2243 3439 2310 3493 τὰ
2329 3439 2504 3492 πάντα
2531 3437 2627 3508 μὲν
2653 3434 3055 3506 ἀνακρίνοντες,
3080 3430 3232 3484 αὐτοὶ
3252 3426 3520 3498 μηδεμίαν
3540 3440 3681 3495 παρ-

2099 3533 2314 3603 έχοντες
2356 3533 2470 3594 τοῖς
2513 3527 2856 3600 βουλομένοις
2894 3525 3232 3596 ἀνακρίσεως
3267 3521 3458 3591 λαϐὴν,
3492 3518 3580 3572 διά
3620 3514 3686 3569 τὸ

2103 3621 2302 3692 ὑψηλὸν
2340 3621 2441 3690 τῆς
2475 3619 2746 3682 πολιτείας
2779 3617 3139 3687 πνευματικοὶ
3172 3612 3548 3684 ὀνομάζονται·
3581 3609 3683 3678 ψυ-

2103 3714 2255 3785 χικὸν
2287 3714 2343 3766 δὲ
2373 3713 2464 3765 τὸν
2511 3712 2622 3783 (51)
2673 3709 2874 3781 μεταξὺ
2922 3707 3127 3761 τούτων
3177 3703 3388 3759 ὲστῶτά
3431 3718 3594 3771 φησι,
3625 3699 3686 3762 ὃς

2104 3804 2354 3858 τοσοῦτον
2379 3803 2684 3874 ὑποϐέϐηκε
2704 3801 2913 3864 τούτου,
2944 3801 3065 3852 ὅσον
3087 3795 3198 3867 (52)
3221 3795 3430 3848 ἐκείνου
3455 3794 3689 3862 ὑπεραν-

2108 3901 2353 3968 έστηκεν.
2425 3896 2642 3968 Ἐπειδὴ
2688 3895 2866 3950 τοίνυν
2928 3893 3172 3964 βούλεται
3219 3890 3311 3943 τὸν
3376 3887 3443 3940 δι’
3491 3882 3689 3956 ἀρετῆς

2109 3990 2479 4060 τελειούμενον
2521 3989 2596 4060 μὴ
2643 3988 2801 4057 μόνον
2834 3987 2891 4039 ἐν
2953 3985 3030 4055 τῷ
3069 3983 3256 4054 ὑψηλῷ
3297 3973 3688 4052 μαρτυρεῖσθαι

2115 4082 2236 4152 βίῳ,
2276 4080 2411 4134 ἀλλά
2437 4079 2538 4133 κᾶν
2565 4097 2618 4132 τι
2653 4078 2759 4132 τῶν
2803 4077 3127 4148 σωματικῶν
3157 4076 3349 4144 ἐνεργῇ
3391 4073 3527 4143 πρὸς
3559 4071 3690 4124 Θεὸν

2117 4174 2350 4244 βλέπειν,
2375 4171 2476 4225 κάν
2494 4190 2545 4224 τι
2567 4171 2674 4224 τῶν
2708 4170 2907 4241 μέσων,
2939 4169 3073 4240 μηδὲ
3088 4167 3257 4231 οὕτως
3278 4166 3371 4219 τοῦ
3404 4164 3538 4217 Θεοῦ
3559 4165 3693 4217 ἀπο-

2113 4262 2414 4316 λείπεσθαι.
2446 4261 2580 4314 Εἴτε
2629 4258 2740 4330 γὰρ
2781 4259 3029 4320 ἐσθίετε,
3076 4254 3259 4325 φησὶν,
3303 4252 3423 4307 εἴτε
3469 4251 3692 4314 πίνετε,

2116 4357 2234 4410 εἴτε
2254 4372 2308 4408 τι
2330 4354 2442 4421 (55)
2461 4353 2699 4415 ποιεῖτε,
2725 4350 2920 4404 πάντα
2945 4352 3032 4415 είς
3062 4348 3249 4412 δόξαν
3274 4345 3422 4400 Θεοῦ
3453 4341 3693 4406 ποιεῖτε,

2119 4450 2193 4511 ὡς
2239 4449 2332 4500 καὶ
2369 4446 2458 4500 διά
2503 4445 2611 4498 τῶν
2644 4446 2754 4516 (54)
2804 4442 3128 4513 σωματικῶν
3168 4439 3560 4511 ἀσχολημάτων
3600 4435 3696 4490 τοῦ

444 4532 654 4587 servire
679 4534 916 4602 cogitur,
954 4548 1017 4586 ac
1055 4541 1352 4603 praeterea,
1387 4535 1434 4588 si
1478 4535 1609 4604 quid
1655 4537 1803 4590 aliud
1848 4548 1970 4609 agat

2121 4537 2321 4591 σκοποῦ
2344 4537 2441 4607 τῆς
2463 4536 2613 4598 θείας
2634 4535 2792 4604 δόξης
2820 4532 2892 4604 μὴ
2912 4532 3261 4585 ἀποπίπτειν.
3289 4529 3389 4582 Διά
3408 4527 3566 4581 τοῦτο
3585 4528 3698 4590 τοῖς

443 4626 591 4695 quod
623 4633 738 4678 tam
777 4625 846 4678 ad
881 4626 1110 4691 animae,
1146 4641 1311 4696 quam
1347 4626 1415 4679 ad
1447 4628 1696 4698 corporis
1730 4629 2016 4689 facultates

444 4717 746 4788 pertineat,
775 4731 875 4771 nec
904 4725 1036 4772 tunc
1059 4717 1280 4788 quidem
1303 4716 1399 4771 Dei
1425 4719 1539 4772 vult
1564 4720 1811 4776 oblivisci
1837 4741 1850 4789 ,
1898 4724 2018 4780 Sive

444 4809 618 4864 enim,
657 4808 866 4875 inquit,
905 4809 1274 4870 manducatis,
1324 4809 1429 4862 sive
1477 4807 1689 4872 bibitis,
1723 4814 1827 4866 sive
1871 4817 2017 4869 aliud

445 4899 579 4968 quid.
607 4899 786 4968 facilis
812 4941 825 4958 ,
861 4901 1040 4952 omnia
1077 4900 1131 4952 in
1164 4898 1392 4969 gloriam
1431 4898 1529 4952 Dei
1558 4899 1719 4968 facite
1751 4904 1793 4933 ²τ
1817 4944 1830 4964 ,
1862 4904 1934 4957 ita
1963 4914 2020 4959 ut

447 4991 698 5058 corporis
726 4989 889 5043 etiam
922 4988 1346 5046 necessitatibus
1373 4996 1633 5043 vacantes
1663 4991 2019 5059 glorilicando

447 5081 560 5136 Deo
593 5097 810 5150 semper
839 5081 1237 5136 incumberent.
1270 5081 1481 5135 Idcirco
1509 5081 2022 5140 Thessalonicensi-

449 5174 589 5233 bus,
623 5172 714 5242 qui
747 5171 856 5242 jam
895 5187 990 5240 per
1021 5172 1202 5226 omnia
1239 5172 1304 5224 ad
1345 5171 1667 5239 perfectiora
1705 5175 1800 5226 nili
1833 5178 2020 5232 Crede-

523 5374 570 5407 ”
602 5371 839 5427 lThess.
875 5370 1036 5435 v,25.
1115 5370 1159 5400 ’π’
1188 5372 1211 5422 1-
1235 5371 1360 5423 Cur.
1400 5386 1458 5431 ll,
1502 5370 1595 5435 15;
1629 5385 1707 5434 Ill,
1744 5371 1919 5441 i;xv,
1951 5378 2040 5434 45.

529 5532 642 5600 (50)
676 5532 833 5587 Corr.
865 5531 1248 5602 ἀκριϐώσαντα
1273 5531 1367 5585 καὶ
1409 5530 1562 5600 πρὸς.

531 5603 642 5664 (51)
679 5603 753 5655 Ila
788 5618 935 5657 corr.
960 5620 973 5666 ;
1002 5612 1159 5654 antea
1189 5602 1267 5654 τό.

533 5674 643 5738 (32)
662 5674 815 5734 Corr.
847 5672 1157 5741 ὑποϐέϐηκε
1183 5673 1274 5724 τοῦ
1298 5672 1387 5723 τὸν
1413 5673 1553 5725 ὅσον.

532 5745 643 5814 (55)
706 5745 781 5796 Im
826 5758 993 5805 corr.,
1021 5753 1072 5794 et
1123 5759 1276 5797 sacer
1316 5751 1534 5807 textus;
1582 5745 1720 5800 male
1757 5743 1876 5801 Vat.
1907 5744 2028 5806 COd-

463 5815 703 5899 εοῖίχιιυξ
727 5815 986 5896 omiserat
1037 5831 1107 5865 τι.

2117 4627 2616 4695 Θεσσαλονικεῦσιν,
2665 4628 2764 4697 ἤδη
2810 4626 2897 4679 διά
2928 4624 3144 4678 πάντων
3176 4623 3311 4694 πρὸς
3349 4621 3413 4675 τὸ
3452 4615 3699 4691 κρεῖττον

2119 4722 2564 4793 ὑπειλημμένοις,
2583 4718 2803 4788 ὁλοτελῆ
2825 4717 2914 4771 τὸν
2936 4716 3205 4787 άγιασμὸν
3225 4714 3312 4768 διὰ
3334 4713 3431 4783 τῆς
3451 4712 3701 4780 εὐλογίας

2119 4797 2420 4886 χαρίζεται,
2455 4810 2643 4873 εἰπὼν,
2681 4810 2734 4861 Ὁ
2775 4808 2845 4862 δὲ
2874 4808 3016 4872 Θεὸς
3049 4805 3280 4876 ἀγιάσει
3311 4803 3468 4872 ὑμᾶς
3503 4805 3703 4855 ὁλοτε-

2119 4905 2266 4969 λεῖς,
2297 4903 2395 4956 καὶ
2429 4901 2770 4969 ὀλόκληρον
2795 4898 2963 4968 ὑμῶν
3000 4897 3065 4951 τὸ
3096 4895 3284 4964 σῶμα.
3316 4893 3414 4947 καί
3441 4894 3479 4960 ἡ
3506 4891 3702 4961 ¹ψυχὴ.

2122 4996 2219 5049 καί
2251 4995 2318 5048 τὸ
2367 4991 2642 5062 πνεῦμα,
2685 4991 2929 5044 τουτέστι
2978 4989 3085 5040 πᾶν
3131 4987 3191 5039 τὸ
3241 4984 3570 5054 σωματικὸν.
3610 4983 3706 5036 καὶ

2123 5085 2369 5156 ψυχικὸν,
2403 5084 2495 5137 καὶ
2531 5081 2892 5152 πνευματικὸν
2918 5078 3252 5148 ἐπιτήδευμα
3278 5076 3412 5146 πρὸς
3436 5074 3706 5144 ἁγιασμὸν

2127 5179 2330 5230 ϐλέποι.
2369 5173 2532 5235 Οὗτος
2559 5178 2586 5228 0
2608 5174 2872 5244 ἡμέτερος
2896 5171 3073 5240 λόγος.
3103 5171 3164 5222 Εἰ
3193 5168 3249 5220 δέ
3278 5184 3441 5236 φησιν
3475 5169 3503 5219 0
3550 5167 3695 5218 Ἀπι-

2120 5384 2164 5412 ²⁵
2203 5381 2372 5434 lCor.
2403 5394 2462 5440 ll,
2491 5379 2573 5433 15.
2650 5379 2694 5409 ²⁶
2727 5376 2744 5429 l
2777 5376 2881 5430 Cor
2920 5392 2973 5437 v,
3011 5375 3062 5428 1.
3141 5372 3233 5426 ’⁷1
3273 5372 3399 5427 Cor.
3427 5387 3484 5436 κ,
3521 5369 3583 5424 51

2206 5537 2317 5606 (54)
2373 5535 2450 5588 Ιιιε
2489 5534 2613 5606 Vat.
2670 5535 2794 5587 cod.
2829 5551 2844 5599 ;
2908 5532 3000 5588 sed
3048 5533 3338 5586 cuminter
3362 5535 3504 5598 part.
3537 5527 3626 5606 καί
3652 5535 3710 5582 et

2137 5598 2242 5661 art.
2290 5598 2398 5658 τῶν
2443 5605 2729 5674 vestigium
2777 5605 2952 5656 litum:
2997 5617 3296 5674 paucarum
3349 5598 3714 5669 quarumdam

2142 5679 2440 5732 litterarum
2479 5671 2756 5745 appareat,
2782 5690 2879 5727 nos
2907 5688 3070 5742 praep.
3113 5672 3203 5725 διά
3247 5671 3335 5724 hic
3378 5675 3718 5745 expunctaut

2148 5763 2177 5800 a
2206 5763 2350 5802 corr.
2389 5743 2563 5801 fuisse
2579 5743 2932 5814 conjeeimus.
