4120 6394
466 442 588 493 :25?
1626 448 2000 505 ADVERSUS
2039 444 2551 504 APOLLINAREM.

3572 449 3593 503 1
3606 451 3711 504 238

450 562 710 637 λινάριος,
749 564 840 621 διά
867 564 1056 619 τούτου
1088 564 1233 626 ἰδίως
1265 565 1355 619 τὸν
1384 564 1509 618 νοῦν
1537 566 1870 634 εὐλογεῖσθαι
1895 607 1908 629 ,
1938 566 2033 618 καὶ

2143 567 2356 628 bantur,
2396 567 2659 633 integrant
2694 563 3184 619 sanctiﬁcationem
3208 578 3306 617 sua
3333 561 3712 619 benedictione

448 658 511 711 τὸ
558 657 717 728 σῶμα
755 655 917 711 πάλιν
950 655 1044 709 καὶ
1077 655 1177 726 τὴν
1209 653 1389 726 ψυχὴν
1443 654 1751 719 ἰδιαζόντως
1798 656 2033 729 διαστεί-

449 752 536 804 λαι
556 750 668 821 (55)
692 750 789 819 τῆς
810 750 895 817 ἐφ’
916 748 1145 802 ἑκάστου
1164 746 1372 799 τούτων
1398 747 1643 817 εὐλογίας
1666 748 1764 819 τὴν
1784 748 2031 817 δύναμιν,

450 841 569 903 πῶς
597 840 891 910 ὁλόκληρον
923 839 984 891 τὺ
1014 839 1173 909 σῶμα
1204 838 1569 907 φυλάσσεται,
1602 840 1664 893 τὸ
1693 840 1872 910 πάντη
1892 883 1905 906 ,
1940 842 2035 893 καὶ

348 929 352 935 ’
450 932 670 995 πάντως
702 933 759 984 ἐν
786 929 865 1001 τῷ
899 929 1113 1000 θανάτῳ
1153 928 1615 1001 διαπεσούμενον;
1663 930 1787 994 Πῶς
1811 930 2035 999 ὁλόκλη-

453 1040 544 1093 ρον
574 1023 635 1076 τὸ
666 1022 733 1076 δι’
760 1020 1085 1093 ἐγκρατείας
1121 1018 1551 1091 ὐποπιεξόμενόν
1580 1038 1639 1073 τε
1680 1022 1774 1075 καὶ
1818 1022 2034 1091 ρικνού-

453 1132 632 1184 μενον,
667 1114 759 1167 καὶ
784 1113 870 1167 διὰ
896 1112 997 1182 τῆς
1030 1111 1397 1182 σκληροτέρας
1425 1111 1801 1180 δουλαγωγίας
1835 1112 2030 1180 σαθρο-

452 1205 811 1277 ποιούμενον;
854 1205 978 1267 Πῶς
1019 1203 1084 1257 ἀν
1125 1221 1207 1267 τις
1242 1203 1385 1255 εῐποι
1431 1203 1522 1256 τὸν
1567 1203 1781 1273 πτωχὸν
1831 1205 2036 1256 ἐκεῖνον

453 1297 699 1367 Λάζαρον
732 1296 807 1366 μὴ
835 1294 1267 1366 διημαρτηκέναι
1299 1298 1397 1366 τῆς
1422 1295 1692 1363 εὐλογίας,
1725 1296 1835 1358 τοῖς
1862 1293 2035 1346 τοιού-

449 1406 563 1453 τοις
586 1391 769 1442 ἓλκεσι
810 1388 1061 1458 βρύοντα,
1092 1386 1186 1440 καὶ
1214 1387 1301 1441 διὰ
1333 1386 1439 1439 τῶν
1476 1384 1685 1456 ἰχώρων
1713 1383 2033 1439 ἐκδαπανώ-

456 1498 646 1553 μενον;
711 1481 871 1535 Ἀλλὰ
891 1521 906 1545 ,
953 1480 1058 1535 κᾶν
1096 1478 1396 1550 παράδοξον
1434 1480 1630 1544 εἰπεῖν,
1660 1480 1716 1531 ἐν
1741 1477 1935 1547 ἐκείνῳ
1959 1478 2036 1548 τῷ

456 1577 667 1644 σώματι
698 1573 774 1643 τῷ
811 1572 1156 1643 διερῤυηκότι
1187 1575 1300 1635 τοῖς
1344 1571 1580 1638 ἕλκεσιν,
1634 1570 1853 1643 ἐντελὴς
1899 1565 1968 1640 ἦν
2001 1572 2035 1641 ἡ

451 1664 669 1733 εὐλογία
700 1663 793 1717 τοῦ
823 1664 1034 1716 Παύλου
1060 1679 1074 1693 ·
1114 1663 1406 1734 ὁλόκληρον
1432 1664 1544 1735 γὰρ
1577 1663 1744 1717 αὐτοῦ
1781 1664 1842 1717 τὸ
1874 1664 2037 1734 σῶμα

450 1759 516 1827 τῇ
543 1756 689 1827 ψυχῇ
715 1756 802 1809 διά
820 1757 916 1827 τῆς
940 1755 1316 1825 πνευματικῆς
1342 1755 1619 1819 πολιτείας
1642 1755 1871 1827 διεσώθη
1898 1756 2034 1826 (56),

450 1849 536 1902 ὃτι
588 1849 648 1901 οὐ
689 1847 1043 1916 κατεσπάσθη
1077 1849 1198 1909 ταῖς
1244 1847 1342 1917 τῆς
1388 1846 1587 1916 σαρκὸς
1632 1846 1899 1915 ἀνάγκαις
1927 1848 2037 1902 άπὸ

2137 661 2387 728 largitur,
2410 659 2660 727 inquiens
2682 677 2693 710 :
2719 657 2856 711 Deus
2878 668 3054 711 autem
3070 656 3362 726 sancti/Scel
3386 674 3471 711 vos
3492 672 3583 724 per
3601 675 3713 711 0m-

2126 752 2227 803 ἠξα
2248 792 2261 812 ,
2289 760 2339 803 et
2372 751 2633 819 integrum
2664 764 2852 815 corpus
2898 759 3127 802 vestrum
3148 792 3162 813 ,
3213 759 3263 801 et
3315 750 3496 802 anima
3522 760 3571 803 et
3608 752 3715 819 spi-

2137 845 2272 895 ritus
2308 842 2389 907 ‘3;
2430 842 2533 894 hoc
2562 852 2645 895 est
2682 839 2966 909 corporis,
3000 840 3196 893 animae
3231 846 3284 892 et
3318 839 3549 908 Spiritus
3582 857 3715 893 cura

2133 943 2299 1004 atque
2326 934 2566 988 studium
2600 947 2761 987 omne
2793 932 2858 985 ad
2890 930 3245 985 sanctitatem
3274 931 3556 1000 respiciat.
3595 930 3718 985 llaec

2139 1033 2324 1081 nostra
2354 1026 2421 1079 de
2451 1025 2555 1078 hoc
2584 1025 2832 1094 Apostoli
2867 1025 2987 1077 loco
3013 1022 3287 1078 sententia
3317 1030 3425 1079 est.
3464 1022 3621 1089 Quod
3668 1024 3715 1077 si

2136 1112 2469 1181 Apollinaris
2496 1112 2679 1173 dicat,
2713 1120 3000 1181 propterea
3034 1124 3267 1168 mentem
3294 1114 3528 1168 seorsim
3556 1129 3586 1167 a
3612 1129 3718 1167 ca:-

2136 1204 2304 1268 teris,
2330 1211 2494 1274 atque
2526 1203 2714 1258 itidem
2746 1219 2949 1274 corpus
2982 1213 3037 1259 et
3067 1204 3306 1258 animam
3337 1204 3595 1274 privatim
3625 1204 3718 1258 he-

2138 1297 2350 1361 nedici,
2400 1304 2460 1351 ut
2509 1296 2567 1350 in
2613 1310 2947 1365 unoquoque
2994 1312 3187 1351 eorum
3220 1297 3458 1367 propria:
3491 1297 3717 1352 benedi-

2138 1389 2334 1443 ctionis
2360 1386 2466 1441 vim
2492 1385 2856 1457 effectumque
2879 1386 3183 1441 discernat:
3212 1386 3489 1455 quomodo
3515 1400 3717 1455 corpus

2139 1482 2410 1550 integrum
2440 1488 2754 1551 permanet,
2802 1480 2946 1549 quod
2992 1480 3047 1534 in
3096 1490 3271 1535 morte
3318 1494 3719 1549 usquequaque

2138 1573 2418 1629 concidit?
2441 1572 2729 1639 Quomodo
2754 1572 3025 1641 integrum
3048 1571 3186 1638 erit,
3210 1571 3354 1639 quod
3385 1571 3719 1626 abstinentia

2138 1672 2494 1719 extenuatum
2531 1664 2779 1718 redditur
2805 1672 2971 1733 atque
3000 1679 3261 1733 rugosum
3287 1672 3340 1717 et
3368 1679 3479 1733 pm
3506 1661 3719 1715 duriori

2139 1755 2458 1826 captivitate
2504 1754 2886 1810 contabescit?
2930 1755 3217 1820 Quomodo
3268 1754 3470 1823 aliquis
3515 1753 3719 1807 dixerit

2142 1862 2441 1919 pauperem
2495 1847 2649 1901 illum
2700 1847 2970 1903 Lazarum
3017 1848 3399 1902 benedictione
3447 1847 3551 1901 hac
3607 1862 3719 1901 non

450 1938 552 2009 τῆς
577 1938 914 2010 ὑψηλοτέρας
941 1915 1154 2001 ἐλπίδος
1186 1938 1265 2001 είς
1301 1915 1363 1990 τι
1390 1915 1498 1991 τῶν
1528 1937 1794 2009 ἀπρεπῶν
1829 1938 2037 2008 νοημά-

2143 1915 2469 1995 lrustratum
2506 1940 2710 2003 fuisse,
2746 1941 2840 2011 qui
2877 1949 2955 1994 tot
2988 1941 3167 2011 plagis
3216 1940 3449 1996 allectus
3499 1949 3621 1996 erat
3666 1952 3721 1995 et

450 2050 579 2086 τωψ
608 2034 668 2086 οὐ
696 2033 808 2105 γὰρ
840 2031 1114 2103 παρέσχεν
1138 2033 1172 2101 ἡ
1202 2031 1338 2101 σάρξ
1363 2033 1429 2101 τῇ
1459 2030 1602 2101 ψυχῇ
1634 2032 2037 2102 περισπασμὸν,

451 2124 571 2177 οὐδὲ
596 2124 976 2194 ἐπεὼρυὸεἶτο
1008 2123 1204 2176 πάθεσι
1234 2125 1345 2185 τοῖς
1379 2124 1709 2194 σωματικοῖς
1738 2126 1771 2192 ἡ
1806 2124 2035 2178 διάνοια.

2148 2033 2302 2089 sanie
2333 2016 2803 2089 consumebatur?
2834 2032 2939 2088 Sed
2965 2071 2981 2097 ,
3032 2033 3161 2087 licet
3207 2034 3407 2086 mirum
3445 2032 3594 2086 dictu
3634 2031 3720 2084 vi-

2145 2123 2363 2188 deatur,
2396 2126 2451 2175 in
2481 2124 2573 2176 illo
2610 2131 2791 2178 tamen
2823 2138 3055 2194 corpore
3082 2163 3097 2188 ,
3132 2124 3277 2194 quod
3311 2125 3587 2179 ulceribus
3616 2121 3722 2177 dil-

451 2216 687 2282 ﬂuebat,
742 2217 898 2271 Pauli
957 2217 1269 2272 benedictio
1326 2218 1551 2288 plenum
1594 2219 1934 2273 sortiebatur
1981 2220 2279 2286 ell‘ectum;
2350 2234 2474 2274 nam
2544 2220 2665 2288 ejus
2706 2235 2907 2289 corpus
2947 2219 3016 2273 ab
3057 2219 3239 2274 anima
3279 2235 3376 2288 per
3419 2218 3721 2289 spiritualis

452 2310 578 2364 vita:
608 2310 959 2381 disciplinam
1002 2312 1275 2381 integrum
1316 2311 1663 2375 servabatur,
1705 2311 1967 2381 quoniam
2005 2327 2037 2366 a
2076 2312 2387 2367 sublimiori
2428 2328 2524 2381 spe
2561 2312 2631 2365 ad
2665 2311 3016 2366 inhonestum
3089 2310 3295 2380 aliquid
3367 2311 3720 2380 cogitandum

452 2403 715 2458 violentia
746 2404 933 2458 carnis
964 2419 1074 2458 non
1107 2404 1209 2457 fuit
1243 2404 1516 2459 adductus
1548 2422 1562 2470 ;
1599 2420 1723 2458 nam
1757 2418 1886 2458 caro
1919 2404 2157 2458 animam
2190 2405 2312 2475 ejus
2346 2422 2452 2459 non
2483 2405 2742 2461 distraxit
2762 2442 2787 2467 ,-
2844 2420 3020 2473 neque
3094 2405 3215 2474 ejus
3288 2416 3522 2459 mentem
3599 2404 3725 2459 ulla:

452 2495 707 2562 corporis
737 2496 1181 2563 perturbationes
1210 2496 1578 2566 exagitarunt.

524 2587 597 2641 Ἥ
650 2604 709 2639 τε
741 2585 847 2641 τῶν
878 2587 1048 2659 τριῶν
1077 2588 1319 2658 ὑμνῳδία
1356 2589 1582 2651 παίδων,
1625 2587 1909 2658 πνεύματα
1942 2588 2037 2641 καὶ

449 2680 629 2751 ψυχάς
654 2679 875 2733 δικαίων
902 2679 1039 2750 πρὸς
1064 2680 1349 2733 κοινωνίαν
1382 2680 1481 2750 τῆς
1520 2679 1826 2748 δοξολογίας
1856 2696 2038 2751 παρα-

450 2771 824 2843 λαμϐάνουσα,
853 2771 955 2824 οὐκ
986 2771 1091 2842 ἰδίᾳ
1119 2770 1217 2834 τάς
1241 2771 1418 2841 ψυχὰς
1444 2773 1613 2824 αἰνεῖν
1647 2770 2035 2835 διακελεύεται,

450 2863 548 2918 καὶ
579 2864 685 2935 ἰδίᾳ⁵
712 2863 821 2917 τῶν
852 2862 1039 2933 ψυχῶν
1067 2862 1135 2915 τὰ
1169 2863 1488 2932 πνεύματα,
1523 2861 1706 2925 καθὼς
1752 2866 1781 2916 ὁ
1828 2864 2040 2916 ’Δπολι-

451 2956 638 3027 νάριος
663 2955 853 3009 οἴεται.
894 2956 990 3019 Τίς
1019 2956 1126 3025 γάρ
1152 2956 1218 3008 ἂν
1257 2956 1463 3023 γένοιτο
1490 2958 1588 3025 τῆς
1617 2956 1794 3026 ψυχῆς
1823 2955 2039 3019 ἰδιάζων

451 3041 634 3110 αἶνος,
667 3044 740 3115 μὴ
767 3044 854 3098 διὰ
896 3045 994 3113 τῆς
1028 3044 1268 3107 διανοίας
1295 3043 1407 3114 (57)
1442 3042 1850 3114 πληρούμενος;
1892 3041 2040 3111 ψυχὴ

451 3136 563 3209 γὰρ
590 3136 826 3200 διανοίας
864 3136 1242 3207 κεχωρισμένη
1268 3176 1282 3195 ,
1312 3134 1493 3199 καθὼς
1531 3135 1630 3205 1ήδη
1674 3134 1933 3198 πολλάκις
1960 3134 2039 3187 ετ-

456 3246 640 3309 ρηταιν
682 3228 877 3298 κτῆνός
905 3228 1020 3279 ἔστι
1057 3227 1157 3296 τῆς
1185 3225 1409 3295 λογικῆς
1458 3242 1516 3278 τε
1564 3225 1657 3277 καὶ
1693 3224 2040 3294 διανοητικῆς
2066 3213 2110 3270 C

456 3320 733 3393 ἐνεργείας
760 3318 1047 3390 ἀμέτοχον.
1076 3319 1140 3370 Τί
1175 3312 1267 3371 οῦν
1298 3318 1406 3388 ἄρα
1425 3317 1518 3369 τὸν
1549 3315 1695 3377 νοῦν,
1737 3315 1922 3379 καθὼς
1948 3309 2040 3369 οῦ-

451 3412 542 3476 τός
571 3427 755 3481 φησιν,
779 3408 1111 3480 ἀποχωρίζει
1132 3409 1231 3479 τῆς
1257 3408 1435 3478 ψυχῆς
1461 3407 1617 3477 ἡμῶν
1643 3408 1777 3476 (58),
1808 3407 2042 3461 δεδόσθω

452 3503 675 3557 δυνατὸν
709 3498 847 3555 εἶναι
883 3500 1036 3573 παρὰ
1066 3501 1175 3553 τῶν
1208 3500 1533 3566 πνευμάτων
1576 3499 1915 3571 πληροῦσθαι
1948 3502 2042 3554 τὸν

454 3590 603 3655 αῐνον
630 3595 711 3663 τῷ
741 3592 859 3662 Θεῷ
882 3631 896 3653 ,
924 3590 1057 3644 διότι
1093 3589 1215 3643 νοῦν
1252 3585 1391 3642 εἶναι
1434 3589 1583 3657 λέγει
1628 3588 1698 3642 τὰ
1731 3589 2040 3660 πνεύματα.

456 3684 521 3738 Εἰ
543 3684 598 3735 δὲ
628 3682 725 3753 τὴν
754 3681 931 3751 ψυχὴν
964 3681 1090 3735 ἄλλο
1118 3698 1171 3733 τι
1213 3680 1365 3750 παρὰ
1416 3680 1508 3733 τὸν
1536 3679 1662 3733 νοῦν
1696 3681 1897 3744 οἴεται,
1926 3681 2044 3744 πῶς

457 3776 662 3829 αἰνέσει
689 3774 780 3828 τὸν
801 3774 934 3826 Θεὸν
963 3774 991 3825 ό
1018 3772 1245 3842 ἀνόητος
1268 3788 1282 3835 ;
1307 3772 1392 3835 τίς
1416 3772 1475 3837 ἐξ
1502 3772 1690 3835 ἀνοίας
1718 3772 1904 3843 ἀρέσει
1930 3772 2041 3840 (59)

455 3866 534 3936 τῷ
565 3864 684 3936 Θεῷ
716 3864 984 3935 ὐμνῳδίας
1008 3862 1105 3926 Τίς
1136 3862 1180 3916 δ’
1212 3861 1278 3915 ἂν
1309 3861 1388 3915 ἔτι
1412 3861 1572 3931 χρεία
1599 3862 1806 3929 γένοιτο
1831 3861 1926 3915 τοῦ
1951 3862 2043 3915 νοῦ

456 3961 523 4029 τῇ
557 3957 726 4027 ψυχῇ,
766 3955 925 4026 εἴπερ
962 3954 1057 4007 ἐπὶ
1100 3954 1199 4025 τῆς
1235 3952 1382 4017 θείας
1410 3951 1718 4021 δοξολογίας
1762 3954 2043 4025 αὐτάρκης

458 4051 542 4120 εἴη
572 4049 681 4120 (60)
712 4048 834 4102 καθ’
870 4046 1071 4118 ἑαυτὴν
1098 4044 1418 4116 ύμνῳδοῦσα
1446 4085 1461 4109 ,
1493 4045 1587 4098 καὶ
1631 4046 1793 4117 μηδὲν
1823 4046 1924 4117 τῆς
1948 4045 2041 4099 τοῦ

459 4141 551 4196 νοῦ
596 4140 886 4212 συνεργίας
927 4137 1333 4210 προσδεομένη;
1392 4137 1529 4190 Ἀλλ’
1578 4138 1638 4189 οὐ
1672 4136 1845 4191 ταῦτα
1892 4138 2046 4208 παρά

458 4234 565 4287 τῶν
609 4232 1041 4303 ἐξηγησαμένων
1079 4230 1216 4301 ἡμῖν.
1248 4229 1665 4301 μεμαθήκαμεν.
1726 4230 1867 4283 Ἀλλ’
1898 4231 2045 4283 ἐπει-

455 4325 523 4396 δὴ
555 4324 829 4393 ίσάγγελοί
855 4324 992 4376 εἰσιν
1021 4323 1076 4375 αἱ
1098 4320 1269 4390 ψυχαὶ
1293 4319 1429 4392 (61),
1449 4319 1560 4372 τῶν
1592 4319 1921 4390 σωματικῶν
1950 4320 2043 4373 λυ-

460 4417 636 4470 θεῖσαι
680 4415 913 4487 δεσμῶν,
947 4413 1131 4477 καθὼς
1157 4414 1185 4465 ὁ
1220 4412 1424 4483 Κύριος
1451 4412 1636 4481 λέγει,
1670 4412 1759 4466 διά
1789 4412 1947 4465 τοῦτο
1978 4415 2043 4483 τῇ

2215 2583 2425 2639 XLVII.
2464 2585 2751 2641 Canticum
2801 2601 3019 2656 quoque
3073 2587 3238 2639 trium
3292 2602 3615 2656 puerorum,
3667 2586 3723 2641 in

2144 2694 2255 2749 quo
2295 2678 2523 2748 spiritus
2556 2686 2612 2732 et
2651 2676 2848 2732 anima:
2884 2677 3163 2747 justorum
3209 2677 3277 2731 ad
3320 2677 3511 2732 laudes
3559 2678 3726 2731 simul

2145 2769 2255 2824 Deo
2292 2768 2569 2823 canendas
2596 2767 2957 2831 advocantur,
2991 2769 3202 2823 animas
3234 2768 3490 2837 privatim
3515 2808 3529 2831 ,
3568 2767 3726 2822 item-

2145 2877 2253 2931 que
2285 2860 2513 2930 spiritus
2544 2859 2777 2915 seorsim
2811 2859 2881 2913 ab
2911 2859 3109 2913 animis
3145 2858 3317 2913 Deum
3352 2858 3578 2912 laudare
3612 2872 3724 2912 nou

2141 2952 2335 3021 jubet,
2394 2950 2857 3021 quemadmodum
2912 2957 3100 3004 censet
3136 2949 3489 3020 Apollinaris.
3543 2948 3729 3019 Ecqua

2143 3044 2290 3098 enim
2324 3043 2485 3097 laude
2514 3044 2697 3097 anima
2731 3043 2851 3098 sola
2875 3086 2889 3108 ,
2925 3043 3043 3096 sine
3080 3042 3190 3095 ulla
3232 3042 3433 3097 mentis
3470 3042 3725 3105 actione,

2146 3135 2315 3190 Deum
2370 3136 2629 3204 prosequi
2677 3135 2927 3203 poterit?
2964 3150 3090 3189 nam
3139 3134 3358 3199 anima,
3405 3142 3588 3189 mente
3632 3149 3727 3189 ca-

2144 3243 2294 3291 rens,
2328 3227 2791 3297 quemadmodum
2816 3226 2929 3296 jam
2958 3241 3103 3297 saepe
3128 3227 3729 3303 diximusn‘jumentum

2143 3325 2228 3375 est
2248 3358 2262 3383 ,
2294 3317 2659 3372 ratiocinandi
2688 3324 2745 3371 et
2774 3316 3051 3387 cogitandi
3082 3315 3349 3370 facultate
3376 3315 3726 3371 destitutum.

2144 3411 2414 3479 Quoniam
2448 3411 2616 3482 igitur
2643 3410 2802 3480 juxta
2834 3409 3127 3476 scriptoris
3153 3409 3331 3463 nostri
3359 3410 3690 3464 sententiam
3711 3448 3727 3474 ,

2144 3507 2214 3561 ab
2243 3506 2424 3560 anima
2458 3511 2645 3558 nostra
2685 3515 2923 3558 mentem
2958 3503 3246 3574 Scriptura
3279 3502 3557 3572 sejungit,
3590 3519 3728 3557 con-

2144 3599 2370 3653 cedatur
2395 3611 2523 3667 ergo
2551 3596 2667 3651 fieri
2697 3611 2861 3665 posse
2885 3605 2943 3649 ut
2972 3611 3001 3650 a
3035 3597 3323 3667 spiritibus
3351 3596 3461 3651 Deo
3491 3597 3731 3651 laudatio

2146 3690 2428 3756 reddatur,
2460 3704 2587 3744 cum
2618 3689 2737 3759 ipse
2765 3689 3059 3759 spirituum
3101 3689 3327 3744 nomine
3363 3697 3602 3744 mentem
3641 3689 3731 3742 in—

2146 3783 2375 3853 telligat.
2408 3781 2467 3837 Si
2496 3790 2679 3837 autem
2709 3782 2948 3837 animam
2980 3781 3130 3836 aliud
3161 3782 3446 3852 quidpiam
3483 3797 3511 3834 a
3547 3792 3731 3836 mente

2145 3875 2425 3929 diversum
2479 3888 2604 3929 esse
2656 3880 2858 3943 putat,
2912 3873 3191 3943 quomodo
3251 3872 3501 3927 laudabit
3561 3873 3729 3926 Deum

2146 3966 2347 4021 mentis
2394 3965 2633 4035 expers?
2676 3963 2961 4031 Quomodo
3012 3965 3247 4035 hymnus
3292 3965 3401 4018 Deo
3454 3965 3698 4035 placebit

2147 4073 2307 4127 quem
2331 4059 2531 4112 mentis
2554 4058 2796 4112 carentia
2821 4044 3274 4115 concinnaverit?
3299 4056 3571 4112 Praeterea
3599 4058 3730 4127 quid

2146 4157 2327 4204 mente
2350 4164 2488 4219 opus
2515 4148 2623 4202 erit
2651 4149 2868 4208 animat,
2892 4149 2937 4201 si
2968 4147 3078 4202 Deo
3120 4148 3377 4202 laudibus
3402 4147 3733 4203 celebrando

2147 4240 2249 4295 sibi
2280 4240 2395 4294 sola
2424 4238 2675 4300 sulliciat,
2706 4255 2801 4308 per
2827 4255 2885 4293 se
2914 4238 3086 4293 solam
3121 4238 3383 4308 hymnum
3412 4252 3647 4299 canens,
3677 4245 3734 4289 et

2146 4332 2346 4387 mentis
2372 4331 2439 4384 ad
2482 4330 2533 4384 id
2575 4330 2940 4400 peragendum
2987 4329 3202 4383 auxilio
3240 4330 3380 4383 nihil
3425 4328 3681 4399 indigens
3706 4328 3733 4381 ἲ

2147 4424 2309 4493 Atqui
2343 4423 2473 4477 talia
2505 4439 2534 4477 a
2572 4424 2755 4478 sacris
2787 4422 3188 4493 interpretibus
3218 4436 3503 4492 nunquam
3536 4420 3734 4474 didici-

464 4507 603 4582 μετά
637 4508 744 4561 τῶν
774 4507 1099 4576 πνευμάτων
1149 4503 1381 4575 συζυγίᾳ
1408 4504 1509 4575 τὴν
1544 4504 1680 4575 πρὸς
1714 4504 1839 4565 τοὺς
1877 4504 2041 4572 ἀγγέ-

2150 4532 2291 4570 mus.
2332 4514 2438 4569 Sed
2473 4515 2735 4583 quoniam
2770 4515 2969 4568 animae
2999 4514 3285 4583 corporeis
3318 4514 3511 4567 solutae
3541 4512 3734 4564 vincu—

459 4601 584 4665 λούς
608 4601 715 4654 τῶν
740 4600 927 4671 ψυχῶν
950 4600 1238 4671 ὁμοτιμίαν
1256 4600 1285 4653 ό
1330 4597 1485 4667 λόγος
1506 4598 1859 4651 ἐνδείκνυταιο
1884 4597 2045 4650 πνεύο

464 4712 610 4767 ματα
660 4695 768 4763 γὰρ
813 4695 860 4746 οἱ
900 4694 1121 4761 ἄγγελοι
1156 4690 1300 4744 κατὰ
1342 4690 1436 4745 τὸν
1469 4690 1692 4762 εἰπόντα
1728 4692 2042 4761 Προφήτην,

472 4788 535 4839 '0
578 4785 764 4839 ποιῶν
791 4784 935 4850 τοὺς
976 4784 1269 4853 ἀγγέλους
1310 4782 1497 4837 αὑτοῦ
1537 4782 1882 4851 πνεύματα,
1924 4781 2043 4851 μεθ’

458 4866 534 4931 ῶν
576 4872 840 4943 ὐμνῳδεῖν
879 4873 929 4924 οἱ
968 4874 1115 4939 τρεῖς
1159 4871 1347 4933 παῖδες
1392 4872 1485 4924 καὶ
1524 4870 1621 4934 τὰς
1664 4869 1775 4923 τῶν
1820 4870 2044 4925 δικαίων

460 4962 669 5029 ἀξιοῦσι
702 4962 898 5033 ψυχάς.
945 4962 1004 5014 Ὀ
1035 4963 1091 5015 δέ
1116 4964 1308 5034 Σωτὴρ
1339 4963 1510 5031 λέγων
1541 4966 1601 5018 ἐν
1629 4963 1898 5033 πνεύματι
1933 4964 2043 5017 δεῖν

462 5057 788 5126 προσκυνεῖν
816 5054 905 5107 τὸν
941 5054 1092 5116 Θεὸν,
1124 5056 1185 5107 οὐ
1220 5056 1310 5108 τὸν
1345 5055 1467 5108 νοῦν
1496 5056 1645 5124 δηλοῖ
1670 5059 1735 5126 τῇ
1767 5073 2044 5127 προσηγο-

466 5147 557 5218 ρίᾳ
594 5146 689 5200 τοῦ
732 5146 1060 5217 πνεύματος,
1092 5147 1230 5200 ἀλλά
1272 5147 1332 5199 τὸ
1367 5149 1441 5218 μὴ
1470 5148 1580 5200 δεῖν
1624 5148 1938 5217 σωματικάς
1966 5166 2046 5201 τι-

535 5302 621 5357 ²⁸1
650 5302 845 5359 Thess.
878 5320 930 5367 v,
959 5303 1045 5357 55.
1124 5303 1169 5333 ’⁸
1208 5301 1341 5356 Luc.
1366 5319 1457 5366 xx,
1486 5303 1573 5357 '56.
1653 5304 1696 5335 ³ο
1722 5302 2017 5369 Ρεειιειιι,
2038 5305 2091 5359 Δ.

540 5458 652 5525 (55)
704 5458 863 5513 Corr.
902 5457 1173 5527 διαστείλῃ
1206 5474 1221 5522 ;
1272 5455 1367 5511 sed
1398 5454 1691 5527 fortasse,
1725 5457 2037 5527 legendum,

470 5528 795 5591 ἰδιαζόντως,
831 5528 906 5591 ὡς
926 5526 1251 5591 διαστεῖλαις
1287 5526 1443 5580 facile
1483 5527 1627 5581 enim
1672 5526 2041 5583 fuit’lihrario

467 5600 539 5655 ob
567 5598 798 5653 similem
826 5600 977 5653 vocis
1009 5596 1382 5652 antecedentis
1406 5597 1847 5653 terminationem
1890 5606 2036 5668 part.

468 5668 616 5722 illam
644 5669 910 5723 omittere.

563 5736 651 5808 56)
678 5738 833 5808 Qorr.
866 5755 989 5790 συνε
999 5737 1165 5808 σώθη.

568 5807 656 5878 57)
682 5806 839 5863 Corr.
879 5808 951 5878 μὴ
987 5808 1086 5877 τῆς
1113 5806 1372 5871 διανοίας.

563 5877 661 5951 58.,
688 5878 862 5951 Supra
890 5877 1069 5949 ψυχῆς
1111 5878 1283 5950 ἡμῶν,
1337 5894 1480 5934 corr.
1522 5878 1743 5948 scripsit
1798 5895 1888 5950 γρ.
1942 5879 2035 5933 καὶ

2154 4606 2222 4660 lis
2244 4645 2259 4668 ,
2293 4606 2540 4673 aequales
2575 4614 2706 4661 sunt
2736 4606 2983 4675 angelis,
3016 4604 3479 4675 quemadmodum
3518 4604 3594 4656 ait
3628 4602 3734 4657 Do.-

2152 4697 2336 4750 minus
2364 4696 2430 4758 ¹⁹,
2465 4704 2757 4766 prepterea
2793 4698 2920 4750 dum
2971 4697 3027 4749 in
3076 4696 3169 4748 illo
3214 4696 3383 4749 trium
3436 4708 3734 4763 puerorum

2150 4789 2368 4847 cantico
2392 4789 2680 4865 spiritibus
2711 4790 2907 4843 anima:
2927 4789 3263 4858 junguntur,
3299 4787 3605 4841 animarum
3639 4800 3733 4855 pa-

2153 4896 2267 4938 rem
2299 4896 2423 4935 esse
2457 4897 2581 4934 cum
2618 4881 2827 4951 angelis
2859 4880 3183 4951 dignitatem
3214 4879 3516 4947 Scriptura:
3550 4892 3736 4933 sermo

2152 4972 2534 5027 demonstrat:
2588 4975 2789 5043 quippe
2838 4972 3016 5043 angeli
3069 4972 3301 5041 spiritus
3354 4978 3519 5031 sunt,
3565 4971 3726 5037 juxta

2150 5062 2477 5134 Prophetam
2514 5065 2825 5129 dicentem,
2864 5065 2970 5131 Qui
2999 5066 3132 5134 facit
3162 5062 3375 5133 angelos
3410 5078 3537 5115 suos
3564 5061 3732 5129 spiri-

2157 5163 2241 5207 ¹²⁴³
2269 5154 2313 5185 ³⁰
2338 5172 2354 5221 ;
2384 5155 2717 5225 quibuscum
2744 5164 2857 5211 tres
2884 5156 3039 5226 pueri
3065 5156 3343 5225 justorum
3370 5168 3592 5223 quoque
3619 5151 3733 5205 ani.

2148 5460 2413 5531 ὐμνῳδία,
2457 5461 2602 5529 quod
2646 5460 2891 5515 indicare
2933 5460 3152 5514 videtur
3205 5460 3307 5531 legi
3343 5460 3509 5514 etiam
3548 5474 3729 5529 posse,

2155 5514 2336 5601 ψυχης
2370 5514 2633 5601 ὐμνῖρδία.

2219 5602 2328 5670 (59)
2352 5602 2431 5671 lta
2466 5617 2611 5655 corr.
2640 5618 2653 5665 ;
2683 5612 2837 5655 antea
2879 5603 3128 5671 ἁρμόσει.

2212 5674 2324 5739 (60)
2346 5670 2422 5725 lta
2445 5686 2621 5734 corr.;
2651 5685 2803 5724 antea
2836 5675 2903 5724 εἰ.

2217 5743 2329 5813 (61)
2360 5741 2821 5813 Ουτηίσάγγελοι
2852 5742 2957 5795 τῶν
2986 5740 3209 5795 δικαίων
3252 5741 3389 5795 εἰσὶν
3437 5743 3491 5794 αἱ
3533 5738 3722 5811 ψυχαί,

2144 5821 2198 5870 et
2225 5811 2355 5868 mox
2382 5811 2705 5866 éxkqui’czt
