4120 6394
422 350 444 404 1
457 344 560 405 259

1643 353 1700 409 S.
1743 351 2070 408 (EREGORII
2107 347 2401 407 NYSSENI

3539 334 3674 385 ΗΓ)

423 482 541 524 tuas
565 468 827 541 hymnum
861 468 969 525 [διιο
1007 488 1204 528 canere
1251 484 1544 544 postulant.
1592 473 1832 542 Denique
1867 474 1987 527 Sal-

2099 490 2191 535 νας
2223 472 2334 541 (62)
2383 473 2506 545 περὶ
2524 471 2580 524 τὸ
2599 468 2748 522 Θεῖον
2776 466 2873 529 τὰς
2903 461 3198 534 ὑπολήψεις
3229 460 3394 531 ἔχειν.
3455 459 3676 529 Ἐπειδὴ

421 569 580 614 vator
602 561 731 616 dum
759 563 863 625 ait,
901 563 1070 620 Deum
1094 565 1312 620 adorari
1339 574 1592 636 oportere
1618 567 1672 620 in
1703 569 1897 636 spiritu
1931 569 1996 632 3‘,

421 662 662 709 mentem
694 655 920 725 spiritus
949 659 1310 727 appellatione
1341 675 1449 713 non
1482 659 1704 714 denotat
1733 679 1747 727 ;
1790 661 1881 716 sed
1923 661 1999 730 nil

423 748 711 815 corporeis
765 749 929 803 rebus
978 751 1307 804 conveniens
1354 751 1420 804 de
1459 751 1744 806 divinitate
1785 752 1999 822 opinari

424 845 681 904 oportere
713 837 1006 908 significat.
1040 840 1175 893 Cum
1225 841 1367 894 enim
1411 838 1754 896 Samaritana
1805 843 2001 897 mulier

425 925 657 982 dixisset
695 928 760 982 ad
807 926 1134 992 Dominum,
1176 930 1230 985 in
1273 941 1455 986 monte
1500 930 1837 986 adorandum
1878 949 2000 988 esse

431 1017 597 1074 Deum
629 1019 696 1086 3',
729 1022 892 1075 veluti
929 1021 975 1076 is
1005 1024 1126 1077 loco
1152 1025 1742 1094 circumscriberetur;
1773 1042 1893 1096 qua).
1919 1042 2001 1082 as-

429 1110 597 1164 sertio
633 1111 714 1164 illi
747 1113 994 1181 opinioni
1027 1129 1271 1169 consona
1305 1124 1389 1170 est
1416 1131 1581 1186 quam
1622 1116 1690 1170 de
1721 1118 2000 1186 corporeis

431 1199 594 1254 rebus
621 1200 889 1256 habemus
913 1219 926 1268 ;
953 1213 1240 1274 propterea
1268 1205 1336 1260 ad
1363 1207 1705 1260 aberrantem
1725 1223 1753 1259 a
1773 1209 2001 1261 veritate

425 1290 712 1345 mulierem
739 1293 989 1348 Christus
1018 1296 1094 1347 ait
1119 1294 1287 1350 Deum
1318 1313 1441 1352 esse
1473 1298 1722 1366 spiritum
1742 1339 1755 1361 ,
1785 1298 1885 1353 hoc
1917 1310 2002 1354 εει

428 1380 848 1450 incorporeum,
899 1394 951 1436 et
992 1399 1088 1439 eos
1132 1387 1226 1455 qtti
1271 1385 1503 1440 adorant
1534 1403 1656 1442 eum
1696 1404 1803 1440 non
1840 1402 2002 1456 posse

427 1473 793 1542 corporaliter
825 1473 890 1528 ad
925 1476 1309 1546 incorporeum
1341 1479 1635 1542 accedere,
1665 1479 1757 1535 sed
1794 1482 1846 1534 itt
1883 1482 2000 1550 spi-

426 1561 536 1614 ritu
564 1567 619 1615 et
650 1563 879 1618 veritate
915 1565 1287 1620 adorationcm
1319 1568 1604 1638 adimpleri
1636 1571 1856 1626 debere.
1893 1571 2001 1624 Ad-

427 1653 785 1708 monitionem
817 1656 1020 1726 quippe
1048 1673 1200 1711 suam
1225 1700 1240 1724 ,
1266 1658 1422 1727 juxta
1451 1661 1721 1730 duplicem
1754 1663 2001 1720 mulieris

428 1745 795 1815 ignorantiam
843 1748 1096 1804 Christus
1143 1751 1464 1822 distinguit,
1522 1753 1650 1807 dum
1713 1755 1999 1810 veritatem

423 1838 645 1904 quidem
679 1853 707 1890 a
734 1837 910 1910 ﬁgura
929 1879 944 1904 ,
970 1841 1224 1910 spiritum
1257 1857 1384 1895 vero
1415 1843 1484 1897 ab
1513 1843 1863 1912 opinionibus
1887 1884 1901 1908 ,
1930 1846 1998 1899 ad
2033 1823 2074 1877 Β

426 1945 514 1982 res
543 1943 839 1999 corporeas
863 1933 1290 1988 accommodatis
1310 1973 1325 1996 ,
1351 1932 1638 1989 discernit.
1659 1935 1999 2006 Quapropter

428 2017 630 2076 Paulus
658 2037 879 2091 quoque
908 2025 1128 2078 veritati
1172 2039 1462 2080 assensum
1505 2027 1755 2096 praebens
1779 2067 1794 2092 ,
1827 2028 1998 2096 dicit,

426 2127 485 2164 se
527 2127 633 2165 non
681 2112 734 2165 in
773 2112 984 2184 ﬁgura,
1022 2131 1121 2169 nec
1154 2118 1208 2169 in
1245 2133 1511 2187 corpore,
1555 2120 1652 2174 sed
1689 2120 1742 2173 in
1800 2122 1998 2190 spiritu

425 2201 635 2256 servire
663 2199 898 2257 Domino
921 2203 986 2258 ³³.
1022 2205 1178 2271 Quod
1212 2216 1392 2262 autem
1427 2209 1572 2264 idem
1625 2209 1830 2268 Paulus
1880 2215 1995 2279 ait,

425 2292 656 2348 Carnem
688 2295 792 2365 legi
827 2294 922 2351 Dei
955 2313 1064 2352 non
1102 2299 1330 2369 subjici,
1365 2301 1419 2357 id
1460 2302 1636 2372 ipsum
1669 2304 1733 2358 ad
1773 2320 1997 2359 eorum-

425 2383 546 2437 dem
565 2381 833 2454 dogmatis
853 2401 1096 2442 errorem
1123 2390 1560 2461 redarguendum
1584 2393 1825 2464 apprime
1844 2395 1996 2462 facit;

425 2483 551 2528 nam
582 2489 918 2545 repugnare,
947 2485 1001 2532 et
1031 2481 1312 2550 captivare
1333 2521 1348 2543 ,
1381 2491 1436 2537 et
1461 2497 1567 2537 non
1599 2485 1794 2554 subjici
1820 2530 1832 2552 ,
1866 2487 1999 2539 alia-

425 2581 531 2635 que
557 2568 740 2622 omnia
765 2570 848 2624 his
889 2571 1091 2626 similia
1113 2614 1126 2634 ,
1154 2572 1220 2628 ad
1245 2573 1418 2631 libere
1445 2577 1695 2648 eligentis
1720 2579 1996 2636 facultatis

427 2672 581 2718 actus
622 2665 916 2734 pertinent.
959 2666 1114 2732 Quod
1157 2670 1203 2724 si
1255 2686 1409 2726 mens
1445 2688 1553 2726 non
1595 2675 1700 2740 sit,
1752 2675 1997 2745 profecto

420 2761 520 2800 nec
549 2751 713 2804 etiam
744 2753 914 2808 libere
938 2755 1173 2825 eligendi
1205 2757 1438 2815 facultas
1469 2762 1592 2817 erit.
1623 2761 1797 2828 Quam
1834 2765 1999 2836 igitur

2101 567 2205 638 γὰρ
2237 568 2268 638 ἡ
2305 566 2632 635 Σαμαρεῖτίς
2665 579 2794 632 φησι
2836 561 2970 631 πρὸς
3001 560 3089 611 τὸν
3129 557 3330 627 Κύριον
3372 556 3430 607 ὲν
3461 555 3538 626 τῷ
3562 553 3678 624 ὄρει

2099 658 2207 710 δεῖν
2246 658 2566 728 προσκυνεῖν
2614 653 2704 706 τὸν
2761 651 2911 712 Θεὸν,
2962 651 3037 712 ὡς
3093 646 3679 720 ὲμπεριγεγραμμένον

2099 751 2248 819 τόπῳ
2292 749 2425 820 (65),
2465 748 2598 815 ὅπερ
2628 747 2726 798 οὐκ
2769 743 2871 807 ἔξω
2909 743 3007 811 τῆς
3055 739 3373 810 σωματικῆς
3423 737 3678 800 ὑπονοίας

2101 842 2235 906 ἐστὶ,
2268 840 2355 894 διὰ
2392 839 2546 893 τοῦτό
2581 855 2710 909 φησι
2742 836 2876 906 πρὸς
2903 834 3001 902 τὴν
3032 831 3453 901 πεπλανημένην
3481 830 3543 880 ἐκ
3579 828 3678 897 τῆς

2101 932 2353 1004 ἀληθείας
2381 935 2408 985 6
2438 931 2638 999 Λόγος,
2671 930 2750 982 ὅτι
2783 924 3000 996 πνεῦμα
3023 927 3050 977 ὁ
3086 924 3216 987 Θεὸς
3245 922 3378 991 (64),
3404 919 3679 974 τουτέστιν

2102 1024 2422 1095 ἀσώματος,
2471 1024 2564 1076 καὶ
2603 1023 2727 1085 τοὺς
2757 1017 3194 1092 προσκυνοῦντας
3232 1013 3413 1078 αὑτὸν,
3460 1013 3532 1083 μὴ
3561 1011 3678 1079 (65)

2105 1115 2431 1186 σωματικῶς
2482 1114 2738 1169 δύνασθαι
2791 1108 3172 1182 προσεγγίζειν
3229 1105 3306 1174 τῷ
3370 1104 3679 1173 ἀσωμάτῳ,

2101 1207 2215 1261 ἀλλ’
2250 1209 2308 1258 ἐν
2344 1204 2610 1275 πνεύματι
2645 1204 2736 1256 καὶ
2768 1200 2994 1271 ἀληθείᾳ
3034 1197 3271 1269 πληροῦν
3301 1196 3401 1266 τὴν
3436 1193 3680 1266 προσκύ-

2103 1316 2276 1368 νησιν.
2339 1295 2777 1352 Ἀντιδιαστέλλει
2823 1294 2932 1364 γὰρ
2975 1291 3074 1354 τὰς
3103 1288 3458 1361 διορθωτικάς
3497 1286 3680 1355 φωνὰς

2101 1394 2220 1455 ταῖς
2247 1389 2460 1452 διπλαῖς
2487 1387 2750 1456 ἀγνοίαις,
2774 1385 2872 1455 τὴν
2899 1384 2995 1455 μὲν
3025 1382 3280 1452 ἀλήθειαν
3310 1378 3388 1448 τῷ
3412 1378 3586 1448 τύπῳ,
3615 1377 3680 1430 τὸ

2102 1485 2158 1538 δὲ
2203 1481 2418 1552 πνεῦμα
2457 1477 2801 1548 ἀντιδιαιρῶν
2834 1479 2953 1538 ταῖς
2987 1474 3322 1544 σωματικαῖς
3355 1469 3675 1540 ὑπολήψεσι.

2104 1575 2303 1628 Τούτου
2336 1574 2490 1644 χάριν
2529 1573 2623 1623 καὶ
2661 1573 2687 1623 6
2734 1567 2941 1629 Παῦλος
2981 1565 3105 1617 οὔτε
3138 1566 3196 1617 ὲν
3228 1563 3382 1633 τύπῳ
3405 1597 3420 1625 ,
3459 1558 3580 1613 οὕτε
3618 1561 3677 1611 ἐν

2105 1667 2338 1737 σώματι,
2378 1664 2491 1718 ἀλλ’
2519 1666 2575 1716 ἐν
2601 1661 2868 1730 πνεύματι
2894 1656 3174 1726 λατρεύειν
3206 1653 3340 1724 φησὶ
3370 1652 3448 1722 τῷ
3471 1651 3674 1720 Κυρίῳ,

2106 1760 2172 1828 τῇ
2211 1756 2440 1828 ἀληθεία
2469 1754 2752 1824 ἑπόμενος.
2789 1751 2862 1804 Τὸ
2895 1749 2952 1802 δὲ
2989 1748 3188 1816 λέγειν,
3223 1747 3302 1798 ὅτι
3337 1744 3402 1796 Ἦ
3431 1741 3564 1814 σὰρξ
3599 1741 3677 1809 τῷ

2102 1855 2252 1924 νόμῳ
2281 1851 2373 1905 τοῦ
2408 1848 2540 1903 Θεοῦ
2572 1849 2670 1917 οὐχ
2710 1845 3103 1905 ὑποτάσσεται,
3152 1837 3376 1894 αὐτόθεν
3425 1836 3536 1906 ἔχει
3577 1834 3676 1903 τῆς

2101 1945 2197 1999 τοῦ
2222 1944 2486 2013 δόγματος
2511 1939 2688 1993 αὐτῶν
2721 1935 2935 2004 ἀπάτης
2956 1934 3046 1986 τὸν
3083 1932 3325 2001 ἐλεγχονο
3354 1927 3415 1980 τὸ
3447 1927 3553 1996 γὰρ
3582 1927 3675 1977 ἀν-

2103 2031 2543 2105 τιστρατεύεσθαι
2564 2071 2578 2094 ,
2610 2028 2704 2082 κα).
2732 2023 3175 2098 αἰχμαλωτίζειν,
3216 2021 3310 2074 καὶ
3340 2019 3414 2106 μὴ
3443 2016 3677 2070 ὑποτάσ-

2106 2127 2292 2181 σεσθαι
2316 2165 2330 2189 ,
2361 2125 2454 2178 καὶ
2490 2123 2667 2176 πάντα
2707 2120 2774 2172 τὰ
2820 2115 3075 2180 τοιαῦτα,
3123 2109 3493 2184 προαιρέσεώς
3535 2112 3680 2162 ἐστιν

2104 2221 2474 2291 ἐνεργήματα.
2518 2214 2628 2267 Νοῦ
2669 2213 2725 2266 δὲ
2762 2213 2834 2282 μὴ
2864 2212 3034 2272 ὄντος,
3062 2207 3169 2262 οὐδ’
3203 2206 3267 2260 ἂν
3297 2207 3331 2276 ἡ
3366 2203 3679 2274 προαίρεσις

2104 2314 2212 2382 εἴη.
2273 2308 2478 2363 Οὐκοῦν
2527 2307 2593 2376 ἣν
2637 2321 2799 2374 φησιν
2862 2301 3230 2369 Ἀπολινάριος
3281 2299 3456 2366 σάρκα
3504 2294 3679 2363 ἐμψυ-

2105 2420 2196 2472 χον
2223 2399 2331 2468 (66)
2370 2398 2461 2450 καὶ
2500 2393 2918 2466 ἐμπροαίρετον,
2949 2389 3153 2458 ταύτην
3183 2386 3301 2439 οὐδὲ
3338 2384 3428 2437 τού
3464 2383 3552 2435 νοῦ
3589 2398 3677 2434 κε-

2104 2489 2368 2563 χωρίσθαι
2415 2487 2682 2559 ὁμολογεῖ.
2727 2484 2887 2536 Ἀλλὰ
2930 2483 3032 2535 κᾶν
3065 2477 3201 2550 σὰρξ
3237 2477 3465 2546 λέγηται
3498 2476 3678 2544 μόνον,

2102 2583 2191 2638 τὸν
2220 2583 2316 2653 τῆς
2354 2578 2766 2651 ἀνθρωπότητος
2794 2575 2904 2645 (67)
2938 2574 3093 2642 λόγον
3135 2573 3190 2623 ἐν
3222 2572 3385 2639 ἐαυτῇ
3417 2566 3678 2634 περιέχει,

2103 2677 2177 2740 ὡς
2226 2674 2299 2745 μὴ
2328 2669 2586 2725 δύνασθαί
2624 2684 2766 2730 τινος
2809 2666 2917 2718 τῶν
2947 2660 3417 2735 συμπληρωτικῶν
3447 2658 3545 2727 τῆς
3584 2658 3656 2726 φύ

2108 2784 2242 2829 σεως
2272 2765 2550 2824 λείποντος
2571 2800 2586 2828 ,
2619 2759 2904 2830 ἄνθρωπον
2932 2755 3188 2823 λέγεσθαι
3217 2753 3352 2823 (68).

428 2855 641 2898 carnem
710 2846 1037 2913 Apollinaris
1105 2852 1284 2906 anima
1319 2862 1373 2907 et
1409 2855 1578 2912 libere
1641 2858 1875 2928 eligendi
1945 2859 2203 2916 facultate
2260 2858 2539 2928 praeditam
2599 2853 2766 2916 dicit,
2818 2867 2936 2905 eam
2988 2851 3176 2919 utique
3224 2863 3324 2902 nec
3367 2854 3546 2900 mente
3587 2843 3680 2898 de-

429 2936 670 2991 stitutam
720 2953 842 2993 esse
884 2938 1103 2994 fatetur.
1154 2941 1259 2998 Sed
1299 2948 1550 3015 quamvis
1591 2964 1721 3003 caro
1762 2961 1971 3005 tantuut
2045 2951 2280 3014 dicatur,
2327 2949 2681 3003 nihilominus
2716 2953 2940 3006 cuncta,
2992 2956 3111 3012 quae
3157 2940 3407 2995 humana:
3477 2947 3678 2990 natura:

421 3028 792 3093 conveniunt,
825 3030 876 3085 in
913 3047 972 3087 se
1022 3035 1137 3103 ipsa
1189 3037 1475 3094 continere
1515 3041 1811 3098 dicendum
1857 3054 1985 3112 est;
2027 3046 2104 3100 ita
2135 3045 2380 3100 utbomo
2405 3042 2513 3096 dici
2547 3056 2654 3094 non
2683 3039 2886 3110 possit,
2925 3036 2971 3092 si
3014 3036 3195 3105 aliqua
3218 3048 3285 3088 ex
3351 3031 3459 3087 illis
3520 3031 3683 3085 rebus

422 3116 675 3182 deficiat,
710 3137 830 3189 qua:
875 3125 940 3177 ad
976 3124 1098 3194 ejus
1147 3137 1400 3182 naturam
1451 3132 1710 3189 omnibus
1751 3136 1998 3191 numeris
2036 3133 2426 3190 absolvendam
2458 3131 2835 3201 requiruntur.

496 3212 724 3270 XLVI".
756 3217 916 3287 Atqui
940 3235 1004 3272 ex
1035 3221 1222 3286 tribus,
1250 3223 1450 3292 inquit,
1499 3227 1648 3281 rebus
1676 3228 1829 3283 homo
1868 3247 1996 3284 con-
2025 3236 2067 3291 C

421 3319 550 3363 stat.
578 3308 928 3364 Concedatur
955 3312 1080 3378 hoc,
1131 3317 1384 3383 quamvis
1421 3318 1562 3371 ratio
1593 3318 1696 3373 ista
1746 3337 1999 3376 necessa-

421 3397 507 3452 rio
539 3413 643 3454 nos
681 3398 749 3452 ad
788 3402 1200 3457 assentiendum
1236 3420 1346 3459 non
1387 3406 1642 3461 adducat.
1671 3408 1772 3462 Sed
1801 3420 1850 3465 et
1891 3411 2000 3467 Do-

423 3491 619 3557 minus,
659 3493 859 3563 inquit,
890 3511 1009 3549 cum
1055 3495 1209 3549 homo
1240 3497 1474 3562 dicatur,
1517 3515 1580 3552 ea:
1610 3501 1780 3556 tribus
1830 3513 1879 3558 et
1911 3505 2000 3560 ille

421 3584 577 3640 rebus
608 3597 836 3651 constat,
867 3591 1057 3657 spiritu
1114 3608 1315 3661 nempe,
1360 3602 1409 3645 et
1450 3597 1631 3648 anima
1672 3606 1721 3650 et
1760 3614 1994 3666 corpore.

421 3679 533 3734 Nec
561 3680 689 3736 huic
723 3683 1006 3740 sententia:
1042 3685 1333 3739 admodum
1377 3689 1834 3759 repugnabimus;
1871 3707 1994 3745 nam

422 3773 628 3835 omnia,
673 3788 794 3842 qua:
825 3784 1075 3828 naturam
1107 3784 1352 3830 nostram
1387 3779 1710 3848 completam
1742 3779 1994 3846 reddunt,

423 3864 616 3933 siquis
652 3864 706 3918 in
746 3866 965 3921 homine
996 3867 1089 3921 illo
1121 3867 1401 3924 exstitisse
1430 3869 1597 3934 dicat,
1643 3887 1750 3946 non
1778 3873 1997 3927 aberra-

423 3953 500 4007 bit
528 3970 558 4007 :t
591 3971 737 4010 vero.
780 3955 883 4012 Sed
911 3967 959 4011 et
989 3958 1210 4012 caelestis
1240 3959 1391 4011 homo
1417 3969 1492 4012 cst
1527 3960 1613 4024 (de
1636 3960 1855 4016 Christo
1885 3962 1998 4017 haec

424 4043 578 4115 dicit)
612 4046 838 4115 itemque
893 4049 1110 4114 spiritus
1161 4049 1451 4118 viviﬁcaris.
1511 4048 1577 4103 Et
1623 4050 1724 4106 ista
1779 4068 1997 4123 quoque

421 4138 757 4206 probamus;
791 4156 915 4193 nam
947 4151 1000 4194 et
1027 4141 1141 4194 htec
1169 4151 1354 4196 nostra
1389 4142 1662 4196 sententia
1693 4152 1794 4209 est,
1829 4145 1873 4199 si
1919 4152 1999 4198 ta-

423 4244 544 4283 men
577 4230 646 4282 ab
679 4229 798 4299 ipso
825 4232 879 4284 in
909 4246 1054 4295 eum,
1103 4233 1158 4285 in
1199 4249 1360 4301 quem
1392 4235 1544 4287 decet
1581 4250 1801 4289 sensum
1855 4235 1997 4290 acci-

421 4319 620 4388 piatur.
660 4320 763 4386 Qui
794 4323 938 4376 enim
969 4338 1093 4376 cum
1128 4339 1193 4377 eo
1222 4323 1365 4394 quod
1423 4325 1644 4379 cosleste
1695 4334 1798 4388 est,
1847 4341 1999 4379 com-

418 4411 706 4475 miscetur,
743 4420 796 4466 et
831 4429 927 4482 per
968 4415 1108 4468 hanc
1136 4432 1259 4469 cum
1317 4433 1375 4470 re
1430 4418 1792 4487 praastautiori
1842 4435 1996 4472 com-

419 4501 755 4562 mistionem,
779 4502 923 4571 quod
948 4513 1219 4559 terrenum
1239 4516 1319 4560 est
1344 4507 1397 4559 in
1429 4508 1622 4562 melius
1643 4517 1993 4577 transmutat,

420 4592 466 4647 is
492 4591 616 4660 jure
659 4595 854 4649 merito
884 4611 991 4650 non
1022 4600 1320 4658 terrestris,
1355 4601 1452 4653 sed
1478 4602 1717 4658 cwlestis
1759 4602 1992 4658 dicetur.

417 4681 561 4736 idem
599 4684 666 4745 de
695 4686 1006 4741 vivificante
1043 4688 1240 4758 Spiritu
1279 4689 1608 4756 dicendum;
1665 4692 1757 4762 qui
1811 4700 1993 4747 autem

417 4775 592 4832 bonos
620 4785 775 4832 actus
806 4779 1032 4834 innobis
1063 4790 1342 4850 operatur,
1373 4791 1428 4838 et
1460 4784 1574 4852 ipse
1602 4784 1831 4853 spiritus
1858 4785 1995 4838 vivi-

418 4868 590 4922 ficans
624 4879 728 4924 est.
767 4869 875 4924 Sed
908 4871 1191 4928 videamus
1221 4875 1284 4928 ad
1315 4875 1444 4944 quid
1470 4876 1810 4945 probandum
1859 4878 1995 4932 alla-

419 4959 490 5014 tis
535 4961 697 5014 modo
755 4963 1060 5018 rationibus
1121 4967 1354 5036 scriptor
1389 4974 1590 5022 utatur.
1650 4967 1710 5023 Si
1763 4985 1827 5022 ea:
1881 4971 1992 5024 illis

489 5106 530 5136 ³³
563 5105 721 5159 Joatt.
766 5123 841 5171 tv,
869 5108 958 5162 94.
1035 5108 1080 5138 ³³
1113 5109 1242 5163 ibid.
1270 5109 1358 5163 20.
1463 5111 1509 5142 ³³
1549 5109 1708 5167 Rom.
1750 5129 1786 5176 l,
1811 5113 1863 5166 9.

490 5220 602 5290 (62)
633 5220 688 5274 In
714 5229 864 5274 textu
891 5219 1015 5273 Vat.
1057 5222 1180 5275 cod.
1206 5222 1404 5290 legitur
1435 5223 1570 5276 ἀλλά
1603 5225 1662 5276 τὸ
1687 5225 1795 5277 δεῖν
1831 5239 1994 5277 πνευι

421 5292 657 5362 ματικάς
713 5308 899 5355 τινας;
957 5293 1048 5345 sed
1106 5293 1264 5347 nobis
1325 5295 1516 5348 tnelior
1558 5295 1674 5349 visa
1723 5304 1808 5349 est
1846 5310 1993 5350 corr.

418 5361 747 5415 emendatio.

493 5431 606 5501 (65)
637 5433 794 5487 Corr.
821 5433 1408 5504 ἐμπεριγεγραμμένον
1431 5434 1508 5503 τῷ
1537 5436 1703 5504 τόπῳ.

495 5501 766 5572 (64)(3οΠ.
807 5503 888 5556 ὅτι
917 5501 993 5565 εἰς
1011 5505 1069 5554 τὸ
1104 5501 1319 5572 πνεῦμα
1352 5505 1379 5556 6
1413 5501 1560 5567 Θεὸς.

497 5571 610 5635 (65)
638 5573 1018 5629 Necessariam
1061 5583 1200 5640 part.
1239 5571 1312 5643 μή
1340 5591 1483 5628 corr.
1512 5575 1636 5628 adzl.

499 5645 610 5704 (Hi)
641 5645 796 5697 Corr.
826 5643 1067 5712 ἔμψυχόν
1097 5661 1154 5695 τε
1187 5645 1302 5695 καί.

499 5714 614 5777 ((ὶῖ)
639 5713 792 5767 Corr.
822 5713 911 5765 τὸν
941 5713 1149 5776 τελείας
1183 5714 1278 5779 τῆς
1310 5714 1743 5784 ἀνῡριυπὸτητος.

505 5784 616 5854 (63)
651 5784 802 5839 Corr.
835 5784 1121 5855 ἄνῦρωπον
1145 5783 1222 5836 ἔτι
1263 5785 1321 5836 τὸ
1362 5783 1678 5855 λειπόμενον
1718 5787 1987 5852 λέγεσῢει.

2184 3230 2335 3283 Ἀλλ’
2359 3229 2424 3280 ἐκ
2458 3225 2652 3294 τριῶν,
2683 3225 2868 3294 φησὶν,
2895 3223 2928 3274 o'
2947 3221 3272 3287 ἅνθρωπος.
3297 3217 3539 3272 Δεδόσοω
3556 3218 3682 3270 τοῦ-

2098 3341 2184 3382 το,
2228 3323 2329 3376 κᾶν
2367 3321 2440 3393 μὴ
2471 3321 2588 3372 κατ’
2620 3318 2863 3386 ἀνάγκην
2889 3315 3034 3385 ἡμᾶς
3064 3313 3092 3364 ὁ
3128 3312 3282 3379 λόγος
3311 3314 3376 3381 τῇ
3409 3327 3682 3378 συγκατα-

2102 3415 2247 3469 Θὲσει
2275 3412 2636 3484 προσάγηται.
2682 3407 2856 3462 Ἀλλὰ
2900 3405 2996 3458 καὶ
3025 3408 3058 3458 ό
3085 3405 3318 3472 Κύριος,
3353 3401 3678 3470 ἄνθρωπος,

2101 3508 2252 3578 φησὶ,
2267 3505 2607 3575 λεγόμειίος,
2623 3503 2691 3555 ἐκ
2709 3500 2882 3569 τριῶν
2905 3495 3200 3562 κάκεῖνος,
3226 3497 3560 3562 πνεύματος
3582 3494 3681 3547 καὶ

2100 3595 2303 3668 ’ψυχῆς
2351 3595 2449 3649 καὶ
2484 3594 2776 3661 σώματος.
2815 3591 2948 3644 Οὐδὲ
2977 3589 3153 3656 τούτῳ
3197 3587 3334 3648 τέως
3379 3585 3678 3654 ἀντιμαχόο

2103 3690 2260 3762 μεοα’
2293 3690 2470 3741 πάντα
2495 3685 2604 3757 γὰρ
2632 3687 2730 3738 ὅσα
2754 3683 2850 3753 τὴν
2870 3681 3143 3752 ἡμετέραν
3172 3677 3481 3748 συμπληροῖ
3498 3676 3677 3744 φύσιν,

2099 3783 2192 3838 καὶ
2230 3783 2357 3851 περὶ
2387 3782 2590 3833 ἐκεῖνον
2622 3776 2714 3831 τὸν
2741 3776 3026 3846 ἄνθρωπον
3063 3769 3201 3826 εἷναί
3231 3789 3313 3834 τις
3359 3770 3552 3848 λέγων,
3581 3771 3681 3840 οὐκ

2098 3870 2494 3944 ἁμαρτήσεται.
2553 3870 2737 3923 Ἀλλὰ
2803 3868 2898 3921 καὶ
2949 3863 3303 3932 ἐπουράνιος
3348 3861 3678 3930 ἅνθρωπος,

2099 3965 2225 4032 περὶ
2246 3963 2336 4016 τοῦ
2361 3961 2563 4034 Κυρίου
2585 3959 2742 4013 τοῦτο
2761 3958 2928 4026 λέγει,
2960 3956 3054 4010 καὶ
3081 3956 3316 4024 πνεῦμα
3338 3951 3676 4014 ζωοποιοῦν.

2099 4057 2208 4109 Καὶ
2251 4053 2424 4108 ταῦτα
2460 4051 2744 4122 δεχόμεθα’
2779 4049 3024 4120 ἡμετέρα
3055 4048 3182 4116 γὰρ,
3216 4047 3264 4097 εί
3308 4043 3444 4114 πρὸς
3472 4042 3532 4094 τὸ
3561 4041 3679 4094 δέον

2099 4145 2393 4216 ὲκληιροείη
2445 4143 2592 4214 αὐτῷ
2622 4143 2734 4211 (69)
2771 4143 2802 4211 ἡ
2833 4141 3060 4194 διάνοια.
3116 4140 3174 4191 Ὀ
3215 4137 3322 4206 γὰρ
3355 4133 3678 4205 ἀνακραθεὶς

2098 4237 2176 4307 τῷ
2214 4235 2556 4306 ἐπουρανίῳ,
2605 4234 2697 4288 καὶ
2746 4233 3116 4302 μεταποιήσας
3166 4228 3252 4282 διὰ
3295 4231 3394 4297 τῆς
3440 4227 3572 4295 πρὸς
3614 4226 3679 4277 τὸ

2101 4332 2343 4400 κρεῖττον
2366 4327 2644 4397 ἐπιμιξίας
2668 4326 2728 4378 τὸ
2758 4327 2962 4395 γήϊνον,
2996 4323 3094 4375 οὐκ
3119 4319 3184 4375 ἂν
3208 4321 3318 4390 (70)
3351 4316 3675 4390 χοῖκὸς,ἀλλ’

2101 4423 2419 4491 ἐπουράνιος
2439 4421 2667 4487 λέγοιτο.
2690 4420 2797 4471 Καὶ
2823 4421 2849 4470 o'
2867 4416 2942 4486 τῷ
2961 4414 3205 4485 ζωοποιῷ
3229 4413 3503 4482 Ιινεύματι
3525 4410 3635 4478 (Ἠ)
3657 4425 3672 4438 °

2101 4515 2128 4565 6
2152 4512 2204 4564 δὲ
2233 4511 2398 4564 ποιῶν
2427 4509 2511 4578 ἐφ’
2541 4507 2700 4578 ἡμῶν
2739 4507 2834 4576 τὴν
2862 4506 3163 4574 ἐνέργειαν,
3194 4504 3285 4556 καὶ
3319 4500 3533 4568 ττνεῦμά
3559 4501 3678 4551 ἐστι

2029 4575 2072 4629 D
2099 4600 2412 4664 ζωοποιοῦν.
2473 4599 2610 4651 Ἀλλ’
2660 4598 2854 4667 ἴδωμεν
2900 4595 3036 4665 πρὸς
3082 4595 3135 4646 τί
3184 4593 3380 4662 χρῆται
3407 4590 3517 4658 (72)
3563 4590 3676 4651 τοῖς

2094 4695 2401 4765 εἰρημένοις
2431 4696 2458 4745 6
2485 4690 2840 4762 λογογράφος.
2880 4691 2948 4741 El
2979 4688 3045 4740 ἐκ
3077 4685 3335 4750 πάντων,
3373 4683 3525 4754 φησὶ,
3555 4681 3677 4734 τῶν

2095 4789 2244 4840 ἴσων
2276 4786 2417 4854 ἡμῖν
2443 4786 2573 4838 ἐστι
2610 4784 2732 4849 τοῖς
2764 4780 2990 4852 χοϊκοῒς
3020 4783 3051 4831 o'
3081 4776 3435 4845 ἐποιιράνιος
3462 4775 3677 4841 dir-0pm-

2093 4893 2203 4943 πος
2227 4879 2357 4948 (75),
2383 4875 2557 4946 (ὥστε
2581 4874 2678 4928 καὶ
2701 4874 2765 4927 τὸ
2792 4871 3026 4940 πνεῦμα
3053 4870 3192 4922 ἴσον
3215 4869 3379 4934 ἔχειν
3404 4865 3528 4930 τοῖς
3551 4873 3676 4934 χοε-

2092 4970 2401 5042 κοῖς),οὑκ
2441 4966 2794 5036 ἐπουράνιος
2829 4964 2965 5019 ἀλλ’
2999 4961 3359 5029 ἐπουρανίου
3400 4956 3542 5013 Θεοῦ
3574 4954 3675 5010 δο-

2178 5224 2288 5292 (69)
2325 5223 2483 5277 Cort'.
2513 5217 2712 5276 αὐτῶν.

2177 5291 2288 5362 (70)
2322 5295 2476 5347 Corr.
2508 5293 2607 5344 οὐκ
2629 5293 2705 5344 ἔτι
2731 5291 2813 5344 ἄν.

2177 5352 2288 5428 (71)
2330 5363 2437 5437 Aut
2477 5364 2561 5437 hic
2607 5361 2864 5437 nonnulla
2908 5360 3124 5437 desunt,
3153 5363 3247 5437 aut
3285 5352 3547 5437 mendosa
3583 5361 3669 5411 est

2107 5427 2271 5503 hujus
2293 5435 2392 5486 loci
2430 5435 2611 5506 lectio,
2643 5431 2800 5499 cujus
2831 5429 3074 5506 Latinam
3109 5427 3408 5506 versionem
3441 5427 3516 5479 ita
3537 5440 3669 5506 con-

2105 5495 2468 5565 citinavimus,
2502 5512 2558 5554 ut
2588 5495 2815 5568 inti-ger,
2841 5501 2923 5551 vel
2963 5498 3108 5551 nulla
3145 5497 3197 5568 in
3246 5512 3303 5550 re
3337 5495 3666 5565 depravatul

2105 5589 2226 5630 esse
2263 5574 2527 5625 videatur.
2551 5567 2815 5626 Caeterum
2844 5567 3336 5638 iuterpunctionein
3369 5575 3497 5622 ante
3522 5571 3662 5638 part.

2105 5645 2198 5698 καί
2231 5659 2376 5695 corr.
2401 5644 2523 5695 add.

2176 5715 2287 5766 (7‘2l
2318 5713 2472 5766 Corr.
2503 5712 2783 5782 κέχρηται,

2174 5785 2283 5851 (⁸75)
2309 5778 2678 5839 δειιιίεἱιτίἰᾘὲ
2711 5781 2917 5837 inclusa
2946 5795 3089 5836 corr.
3119 5778 3244 5834 add.
