4120 6394
339 447 469 503 ιειι

1503 446 1878 505 ADVERSUS
1916 442 2432 501 APOLLINAREM.

3456 439 3478 491 1
3500 440 3594 491 ΜΞ

3538 468 3595 494 In;

338 571 523 642 χεῖον.
552 563 695 619 Πολὺ
737 564 837 635 μὲν
874 565 931 616 ἐν
965 563 1076 625 τοῖς
1103 560 1411 633 εἰρημένοις
1443 562 1559 614 ἐστὶ
1590 560 1651 615 τὸ
1678 561 1913 629 ἀσαφὲς,

2020 557 2282 624 omnibus,
2344 557 2541 625 inquit.
2597 554 2749 609 rebus
2789 571 2904 625 quae
2955 553 3205 615 innubis,
3262 553 3350 623 qui
3407 552 3599 607 terreni

337 663 430 717 καδι
459 657 811 729 δυσφώρατον
839 656 977 726 (74),
1003 655 1091 708 διὰ
1115 655 1215 725 τὴν
1237 654 1632 728 ἑρμηνευτικὴν
1687 654 1916 710 ἀτονίαν⁸

337 752 477 821 πλὴν
527 747 663 802 ἀλλὰ
724 746 904 818 ῥᾴδιον
959 744 1302 815 ἀνακαλύψαι
1353 744 1414 796 τὸ
1461 742 1720 814 βούλημα.
1779 744 1917 812 Φησὶ

335 842 467 916 γάρ,
514 842 561 894 εί
606 839 704 912 μὲν
742 837 965 909 ἐλλιπὴς
1009 839 1095 907 εἴη
1128 836 1205 906 τῷ
1246 837 1320 908 νῷ
1348 838 1554 900 ἐκεῖνος
1598 836 1782 905 (74*)ὁ
1823 836 1918 890 άν-

338 935 575 1006 θρωπος,
606 930 925 1003 ἐπουράνιον
948 930 1109 984 αὐτὸν
1137 925 1277 984 εἶναι
1303 946 1317 960 ·
1370 931 1417 983 εἰ
1460 929 1517 983 δὲ
1566 930 1755 1000 ἄρτιος
1801 930 1883 998 εἴη
1902 967 1918 990 ,

341 1025 538 1096 μηκέτι
582 1023 923 1095 ἐπουράνιον,
971 1018 1107 1073 ἀλλὰ
1137 1020 1339 1090 δοχείον
1377 1019 1626 1087 γενέσθαι
1663 1019 1774 1088 (73)
1824 1018 1919 1071 τοῦ

338 1115 661 1188 ἐπουρανίου
695 1113 853 1167 Θεοῦ.
904 1112 994 1166 Ἑν
1019 1111 1228 1175 τούτοις
1259 1111 1316 1164 δὲ
1348 1112 1401 1165 τί
1430 1112 1495 1167 ἄν
1521 1129 1605 1175 τις
1630 1111 1741 1165 τῶν
1770 1112 1920 1183 εἰρη-

342 1208 517 1278 μένων
549 1207 655 1278 πρὸ
681 1203 776 1259 τοῦ
820 1204 1003 1275 ἐτέρου
1031 1201 1371 1273 βδελύξαιτο;
1416 1201 1491 1255 Τὸ
1533 1201 1920 1273 ἐμποδίζεσθαι

336 1301 403 1368 τῇ
434 1298 711 1369 ἀραιότητι
755 1296 814 1351 τὸ
833 1295 984 1350 Θεῖον
1009 1291 1216 1346 οἴεσθαι
1237 1331 1253 1357 ,
1296 1292 1372 1355 ὡς
1409 1291 1740 1362 οἰκειοτέρας
1770 1290 1921 1363 παρὰ

340 1392 427 1442 τὸν
472 1389 595 1442 νοῦν
636 1389 734 1458 τῆς
781 1385 984 1456 σαρκὸς
1030 1383 1197 1454 οὔσης
1239 1382 1377 1456 πρὸς
1405 1383 1503 1454 τὴν
1532 1383 1635 1454 τῆς
1668 1383 1921 1454 θεότητος

338 1480 560 1534 ἕνωσιν·
614 1477 647 1547 ἢ
692 1477 752 1529 τὸ
775 1476 865 1530 τὸν
912 1474 1044 1528 Θεὸν
1100 1474 1199 1545 μὲν
1253 1472 1576 1545 ἐπουράνιον
1626 1473 1919 1527 πιστεύειν

340 1569 477 1626 εἶναι
494 1611 509 1635 ,
541 1571 630 1623 τὸν
659 1570 717 1624 δὲ
742 1568 1031 1639 δεξάμενον
1060 1569 1117 1621 ἐν
1139 1566 1316 1638 ἑαυτῷ
1343 1568 1435 1622 τὸν
1469 1567 1601 1622 Θεὸν
1637 1568 1729 1622 τὸν
1758 1567 1921 1641 οὐρά-

339 1680 470 1728 νιον,
500 1662 574 1733 μὴ
618 1663 734 1714 ἐκεῖ
777 1656 948 1725 εἶναι,
979 1660 1110 1713 ὅπου
1145 1662 1174 1713 6
1220 1659 1353 1724 Θεὸς
1396 1650 1533 1713 εἶναι
1570 1659 1916 1712 πιστεύεται·

338 1751 451 1804 ἀλλ’
484 1750 707 1822 ἑτέρωθι
743 1749 894 1823 παρὰ
922 1750 1012 1803 τὸν
1057 1751 1284 1822 οὐρανὸν
1325 1749 1440 1822 (76)
1478 1745 1618 1804 εἶναι
1665 1753 1757 1803 καὶ
1793 1751 1920 1805 ἄλλο

337 1860 388 1896 τι
422 1843 571 1914 παρὰ
607 1842 767 1896 τοῦτο
789 1841 1248 1913 κατονομάζεσθαι
1271 1859 1284 1908 ;
1313 1843 1375 1896 Εἰ
1407 1843 1535 1914 γὰρ,
1563 1843 1728 1913 φησὶν
1754 1842 1866 1914 (77)
1892 1845 1918 1896 ὁ

351 1936 740 2007 ’Λπολινάριος,
770 1935 1017 2007 οὐρανίου
1052 1935 1187 1990 Θεοῦ
1214 1935 1418 2006 δοχετόν
1448 1937 1616 1998 ἐστιν,
1650 1938 1678 1988 6
1698 1935 1752 1987 δὲ
1785 1934 1915 1998 Θεὸς

338 2030 397 2081 ἐν
434 2028 511 2098 τῷ
544 2028 758 2100 ούρανῷ
790 2028 939 2094 ἄνω,
976 2028 1154 2092 καθὼς
1185 2030 1214 2083 6
1257 2026 1686 2097 Ἐκκλησιαστὴς
1731 2027 1878 2094 λέγει
1899 2043 1913 2057 ο

336 2120 445 2191 ἄρα
468 2123 495 2173 6
519 2120 630 2192 (78)
667 2121 920 2191 χωρήσας
951 2122 1006 2173 ἐν
1035 2118 1211 2191 ἐαυτῷ
1234 2118 1328 2173 τὸν
1353 2119 1505 2185 Θεὸν,
1531 2119 1667 2189 μετὰ
1690 2117 1783 2172 τοῦ
1809 2136 1918 2190 χω·

340 2210 594 2283 ρηθέντος
635 2212 803 2277 ἐστὶν,
853 2211 1171 2280 ἐπουράνιος
1202 2211 1323 2265 ἀντὶ
1362 2206 1543 2282 χοϊκοῦ
1587 2210 1793 2282 κυρίως
1829 2210 1918 2264 λε-

336 2302 584 2374 γόμενος.
640 2302 726 2366 Ὠς
757 2302 852 2356 καὶ
884 2301 952 2355 δι’
985 2295 1059 2357 ὧν
1085 2319 1248 2371 φησιν
1289 2303 1317 2355 6
1349 2300 1716 2373 λογογράφος,
1756 2302 1916 2376 εἴπερ

333 2394 394 2446 τὸ
426 2392 716 2448 ἀκόλουθον
747 2395 860 2457 τοῖς
893 2393 1039 2457 ἰδίοις
1064 2393 1241 2461 λόγοις
1272 2394 1529 2447 ἐπίστατο
1559 2392 1692 2466 (79),
1729 2395 1916 2465 σαφῶς

333 2485 394 2537 τὸ
418 2484 593 2555 δόγμα
619 2486 718 2557 τῆς
737 2485 994 2558 ἀληθείας
1022 2485 1508 2551 κατασκευάζεται,
1530 2489 1596 2557 τῇ
1625 2484 1785 2558 σοφίᾳ
1807 2486 1915 2540 τῶν

335 2573 543 2645 ἐχθρῶν
570 2575 987 2646 κρατυνόμενον.

2024 666 2230 714 sumus,
2285 649 2489 718 pariter
2545 648 2916 717 aequaliterque
2965 648 3314 713 reperiuntur,
3370 645 3596 699 caelestis

2021 740 2176 795 homo
2214 751 2421 794 constat
2461 741 2560 809 (ita
2614 752 2668 792 ut
2709 740 2955 809 spiritum
2999 753 3218 807 quoque,
3279 733 3493 802 perinde
3533 750 3597 787 ac

2025 835 2218 888 terreni
2242 832 2501 897 homines,
2535 831 2767 900 habenti,
2793 848 2894 886 non
2913 830 3134 884 caelestis
3171 828 3270 882 erit
3292 868 3306 893 ,
3338 828 3427 882 sed
3475 838 3596 880 tan-

2023 935 2135 979 tum
2186 926 2408 979 cwlestis
2446 925 2545 978 Dei
2602 923 3005 990 receptaculum.
3060 921 3230 974 Multa
3279 920 3499 990 quidem
3539 917 3596 972 in

2024 1016 2175 1072 hisce
2212 1018 2395 1071 verbis
2422 1015 2756 1080 obscuritas,
2788 1028 2890 1068 nec
2925 1013 3055 1083 quid
3101 1013 3202 1067 sibi
3243 1014 3376 1066 velit
3405 1020 3598 1065 auctor

2022 1123 2134 1180 prae
2165 1109 2399 1164 absurda
2445 1106 2690 1178 ejusdem
2726 1106 3035 1161 elocutione
3067 1105 3436 1173 discernitur;
3496 1105 3594 1160 sed

2023 1201 2383 1256 nihilominus
2416 1199 2575 1256 facile
2615 1200 2719 1255 erit
2747 1199 2867 1268 ejus
2906 1200 3230 1255 sententiam
3280 1200 3460 1268 palam
3514 1199 3597 1253 t'a-

2023 1308 2167 1347 cere.
2198 1292 2287 1347 Ait
2315 1290 2484 1356 enim,
2525 1291 2799 1346 hominem
2861 1292 3036 1357 illum,
3089 1294 3134 1346 si
3162 1300 3341 1346 mente
3372 1291 3595 1360 quidem

2022 1393 2227 1453 careat,
2259 1387 2535 1441 cmlestem
2567 1401 2724 1452 esse;
2754 1384 2799 1440 si
2836 1401 2967 1440 vero
2990 1384 3141 1439 nulla
3176 1385 3260 1438 sui
3296 1395 3450 1454 parte
3494 1384 3594 1440 de—

2022 1477 2193 1541 ﬁeiat,
2248 1493 2357 1533 non
2414 1478 2648 1547 amplius
2685 1477 2983 1542 caelestem,
3038 1477 3131 1532 sed
3199 1476 3441 1532 caelestis
3497 1472 3592 1530 Dei

2023 1566 2426 1638 receptaculum
2469 1580 2612 1623 esse.
2674 1566 2728 1621 ln
2788 1567 2956 1622 hocce
3014 1568 3346 1637 Apollinaris
3407 1566 3592 1629 et‘l‘ato,

2021 1671 2332 1715 utrumnam
2364 1660 2487 1730 quis
2519 1659 2687 1728 magis
2713 1660 3088 1714 abominetur?
3122 1658 3593 1714 Perfectionemne

2021 1751 2292 1805 divinitati
2381 1752 2907 1821 impedimentoesse
2966 1766 3190 1807 censere
3227 1790 3243 1812 ,
3298 1749 3592 1819 quominus

2022 1844 2177 1897 carni
2202 1843 2591 1913 conjungatur,
2626 1843 2781 1912 quasi
2820 1858 2950 1896 caro
2998 1840 3471 1903 mentedestituta,
3496 1855 3593 1911 ap-

1951 1913 1988 1967 B
2025 1937 2133 1988 tior
2177 1934 2695 2003 convenientiorque
2729 1933 2795 1987 ad
2832 1933 3195 2002 recipiendam
3247 1931 3592 1987 divinitatem

2023 2026 2333 2092 exstiterit;
2365 2042 2431 2080 an
2465 2024 2632 2081 Deum
2661 2026 2877 2096 quidem
2907 2025 3185 2080 caelestem
3202 2040 3324 2080 esse
3343 2025 3589 2088 credere,

2023 2134 2147 2172 eum
2177 2133 2325 2183 vero,
2358 2118 2450 2187 qui
2484 2119 2760 2173 caelestem
2817 2116 2983 2172 Deum
3020 2117 3074 2171 in
3111 2118 3407 2186 semetipso
3452 2117 3593 2172 reei-

2022 2212 2158 2281 piat,
2189 2227 2298 2263 non
2343 2211 2414 2265 ibi
2445 2226 2566 2266 esse
2594 2211 2685 2265 ubi
2716 2207 2856 2265 Deus
2889 2226 3109 2265 manere
3164 2209 3443 2275 creditur;
3494 2206 3593 2262 sed

2024 2304 2133 2357 alio
2171 2304 2352 2373 potius
2381 2306 2434 2358 in
2468 2305 2589 2358 loco
2620 2319 2781 2373 quam
2812 2302 2867 2357 in
2902 2303 3042 2357 coelo
3067 2304 3355 2367 exsistere,
3394 2309 3450 2356 et
3482 2300 3593 2353 alio

2021 2393 2204 2462 potius
2237 2394 2477 2458 nomine,
2511 2409 2675 2465 quam
2706 2393 2947 2448 celestis
2982 2392 3219 2447 hominis
3256 2392 3595 2462 nuncupari?

2020 2482 2156 2538 Nam
2209 2485 2277 2548 si,
2302 2486 2457 2555 juxta
2500 2486 2890 2556 Apollinarem,
2937 2485 3180 2540 caelestis
3213 2484 3305 2538 Dei
3350 2494 3595 2550 recepta-

2023 2578 2206 2632 culum
2227 2579 2388 2633 liomo
2413 2586 2517 2642 est,
2550 2577 2691 2631 Deus
2710 2588 2889 2631 autem
2914 2578 2966 2630 in
2989 2578 3129 2630 coelo
3145 2591 3386 2638 sursum,
3411 2587 3603 2645 quem-

335 2667 626 2723 admodum
649 2666 1010 2723 Ecclesiastes
1032 2666 1109 2720 ait
1137 2665 1213 2720 "z
1247 2680 1376 2736 ergo
1414 2666 1507 2736 qui
1533 2665 1588 2720 in
1614 2665 1912 2736 semetipso
1940 2668 2107 2723 Deum
2146 2670 2365 2739 recipit,
2401 2677 2512 2727 un’o
2549 2669 2849 2740 eodemque
2905 2669 2959 2722 in
2993 2669 3112 2723 loco
3141 2676 3227 2723 est
3256 2669 3308 2721 in
3339 2683 3449 2738 quo
3503 2668 3597 2723 ille

336 2772 520 2818 manet
546 2778 705 2833 quem
732 2762 926 2833 recipit
956 2768 1013 2817 et
1050 2776 1151 2832 pro
1188 2762 1432 2817 terrestri
1461 2760 1702 2817 caelestis
1724 2762 1942 2832 proprie
1976 2776 2219 2821 vocatur.
2265 2764 2628 2833 Quamobrem
2670 2766 2714 2820 si
2743 2765 3083 2819 cohaerenter
3105 2764 3252 2834 loqui
3281 2764 3407 2819 velit
3430 2762 3593 2832 Apol-

336 2859 550 2923 linaris,
581 2858 814 2913 suismet
843 2856 1004 2912 dictis
1027 2857 1203 2926 palam
1238 2859 1436 2912 astruit
1473 2870 1661 2912 verum
1693 2856 1913 2926 dogma,
1951 2860 2097 2928 quod
2136 2862 2221 2916 vel
2273 2862 2388 2931 ipsa
2434 2861 2878 2915 adversariorum
2915 2861 3182 2931 sapientia
3217 2862 3594 2930 (ιοιιίίι-ιιιειιιιιν⁸

418 2946 578 3001 Ἀλλᾶ
606 2948 665 2999 τὸ
711 2946 906 3015 ἐφεξῆς
948 2946 1307 3016 ἐξετάσωμεν.
1352 2948 1421 2999 El
1464 2944 1531 2998 δὲ
1566 2946 1738 3016 ἡμεῖς
1771 2946 1908 3017 μὲν,

336 3041 520 3112 φησιν,
545 3038 613 3091 ἐκ
640 3038 814 3108 τριῶν
837 3053 853 3070 ⁸
892 3037 1067 3103 αὐτὸς
1094 3037 1162 3090 δὲ
1190 3038 1258 3091 ἐκ
1300 3038 1632 3107 τεσσάρων·
1667 3044 1779 3095 οὐκ
1808 3039 1914 3093 ἅν·-

338 3142 588 3199 ίιῖρωπος,
615 3131 776 3186 ἀλλὰ
823 3131 1270 3199 Ἀνθρωπόθεος.
1312 3134 1404 3204 Μὴ
1452 3134 1663 3201 γελάτω
1691 3133 1825 3206 πρὸς
1852 3134 1914 3187 τὸ
1941 3163 1983 3223 C

342 3224 659 3295 μωροφανὲς
685 3222 780 3276 τοῦ
817 3224 1057 3294 ῥήματος
1095 3223 1188 3277 καὶ
1227 3224 1452 3294 ἀνόητον
1498 3227 1526 3279 6
1570 3225 1913 3296 ἐντυγχάνων

337 3316 413 3387 τῷ
438 3316 601 3385 λόγῳ·
627 3312 929 3378 στεναζέτω
957 3313 1013 3366 δὲ
1036 3314 1232 3384 μᾶλλον
1257 3315 1393 3386 πρὸς
1420 3314 1518 3386 τὴν
1542 3315 1785 3370 ἑκούσιον
1811 3317 1916 3387 πή-

341 3424 505 3478 ρωσιν
553 3407 664 3459 τῶν
715 3407 781 3476 τῇ
832 3406 1027 3477 ἀλογίᾳ
1077 3405 1249 3479 ταύτῃ
1296 3405 1726 3476 δεδουλωμένων.
1790 3407 1915 3462 Ἐάν

339 3496 490 3551 πᾶσα
532 3497 565 3565 ἡ
598 3494 915 3566 ἀνθρωπίνη
942 3494 1102 3565 φύσις
1150 3497 1216 3565 τῇ
1256 3492 1618 3564 ἐπισκηνώσει
1643 3495 1744 3567 τῆς
1767 3492 1918 3560 θείας

339 3587 618 3658 δυνάμεως
668 3587 928 3659 σώζηται,
982 3585 1384 3658 Ἀνθρωπύθεος
1415 3587 1442 3639 ὁ
1482 3586 1593 3656 (80)
1636 3585 1768 3650 Θεὸς
1810 3586 1915 3641 Λό-

340 3698 433 3749 γος
464 3679 927 3751 ὀνομασθήσεται,
975 3678 1068 3732 καὶ
1107 3677 1360 3749 καθάπερ
1386 3680 1435 3732 οἱ
1471 3677 1663 3749 μῦθοι,
1699 3680 1764 3732 ἐκ
1804 3678 1918 3732 δια-

342 3772 523 3843 φόρων
547 3770 951 3841 συμπλέκοντες
979 3767 1216 3839 φύσεων,
1240 3770 1617 3841 τερατεύονται
1638 3770 1799 3836 ζῶον,
1823 3772 1918 3826 καὶ

342 3864 618 3933 σχήματα,
639 3862 731 3914 καὶ
751 3861 1005 3932 ὀνόματα,
1032 3860 1389 3931 ίππελάφους,
1411 3862 1505 3915 καὶ
1523 3863 1916 3933 τραγελάφους,

342 3953 439 4006 καὶ
468 3952 536 4005 τά
573 3951 797 4006 τοιαῦτα
826 3951 1153 4014 πλάσσοντες
1184 3969 1242 4004 τε
1277 3953 1371 4005 καὶ
1405 3952 1760 4023 ὀνομάζοντες
1779 3993 1793 4016 ,
1826 3953 1917 4006 οὖσι

341 4058 450 4107 τως
484 4043 578 4097 καὶ
603 4044 631 4096 ὁ
655 4043 773 4107 νέος
798 4041 1089 4114 μυθοποιὸς
1122 4041 1262 4096 κατὰ
1290 4042 1415 4106 τοὺς
1441 4042 1795 4108 διδασκάλους
1822 4046 1919 4098 αύ-

341 4134 436 4187 τοῦ
483 4136 581 4204 τῆς
612 4136 882 4206 ποιήσεως
912 4133 1303 4205 καταχλευάζει
1332 4134 1392 4188 τὸ
1425 4135 1566 4189 θεῖον
1598 4139 1917 4208 μυστήριον,

343 4224 556 4278 καὶτοῦ
595 4224 915 4278 Ἀποστόλου
952 4223 1247 4295 διαρρήδην
1275 4223 1532 4293 βοῶντος,
1570 4225 1650 4278 ὅτι
1688 4226 1780 4278 Δι’
1808 4226 1919 4295 (8|)

343 4312 655 4381 ἀνθρώπου
687 4312 1023 4380 ἀνάστασις
1046 4313 1116 4367 ἐκ
1151 4312 1399 4381 νεκρῶν,
1433 4314 1532 4385 οὐχ
1560 4314 1801 4385 ἡμίσεως
1830 4316 1922 4369 ἀν-

346 4404 586 4477 θρώπου,
610 4406 730 4458 οὐδὲ
761 4405 955 4477 μικρόν
982 4422 1035 4459 τι
1066 4406 1208 4477 ὑπὲρ
1234 4405 1296 4460 τὸ
1318 4406 1488 4477 ἥμισυ
1524 4406 1759 4478 ἔχοντος,
1785 4405 1921 4461 ἀλλὰ

2089 2950 2276 3006 XLIX.
2312 2951 2418 3008 Sed
2450 2969 2571 3023 qua:
2596 2952 2855 3022 deinceps
2872 2961 3175 3022 sequuntur
3191 2950 3595 3021 expendamus:

2020 3043 2083 3099 Si
2119 3052 2295 3097 autem
2324 3060 2419 3098 nos
2449 3041 2678 3114 quidem,
2715 3043 2910 3113 inquit,
2961 3057 3025 3096 ex
3057 3043 3224 3095 tribus
3270 3038 3596 3104 constamus,

2017 3134 2127 3204 ipse
2165 3150 2283 3188 vero
2310 3150 2374 3187 ex
2412 3142 2662 3204 quatuor,
2721 3151 2824 3187 non
2858 3133 3011 3187 homo
3058 3135 3182 3198 erit,
3235 3132 3324 3186 sed
3390 3132 3598 3185 Homo-

2022 3223 2180 3280 Deus.
2241 3223 2542 3279 Stultitiam
2575 3235 2739 3293 atque
2780 3224 3130 3288 dementiam,
3171 3238 3334 3293 quam
3386 3230 3599 3292 postre-

2016 3332 2162 3372 mum
2199 3316 2303 3372 hoc
2361 3317 2584 3372 verbum
2639 3316 2861 3381 redolet,
2905 3317 3075 3370 lector
3120 3331 3189 3371 ne
3239 3315 3445 3382 rideat;
3498 3314 3598 3371 sed

2016 3412 2198 3480 potius
2240 3409 2600 3467 voluntariam
2634 3424 2822 3464 eorum
2870 3409 3170 3463 caecitatem
3213 3406 3457 3477 deploret
3502 3408 3598 3477 qui

2016 3501 2240 3570 ineptiis
2300 3500 2450 3554 hisce
2503 3501 2906 3569 mancipantur.
2963 3494 3020 3552 Si
3080 3500 3319 3552 humana
3374 3506 3594 3562 natura,

2018 3593 2147 3648 dum
2176 3594 2361 3647 divina
2395 3594 2570 3647 virtus
2627 3593 2681 3646 in
2716 3593 2831 3662 ipsa
2858 3590 3146 3653 inhabitat,
3208 3590 3419 3660 integra
3470 3605 3596 3658 per-

2022 3686 2309 3750 manserit,
2347 3683 2491 3738 Deus
2524 3683 2760 3737 Verbum
2796 3683 3078 3737 vocabitur
3127 3680 3321 3736 Homo-
3338 3680 3507 3748 Deus;
3541 3688 3599 3735 et

2018 3775 2486 3845 quemadmodum
2541 3774 2757 3841 fabulae,
2806 3775 3053 3830 diversas
3095 3774 3257 3831 simul
3305 3773 3596 3845 jungentes

2020 3866 2472 3930 naturas,animal
2494 3866 2713 3935 aliquod
2739 3872 3147 3920 monstruosum
3167 3865 3603 3920 comminiscun-

2021 3967 2130 4025 tur,
2160 3958 2384 4028 ﬁguras,
2428 3967 2482 4013 et
2514 3958 2756 4021 nomina,
2800 3958 3148 4028 equicervos,
3206 3967 3260 4012 et
3320 3957 3601 4013 hircocer-

2020 4064 2139 4109 vos,
2174 4048 2390 4117 aliaque
2426 4047 2511 4103 his
2545 4048 2744 4102 similia
2775 4048 3044 4117 ﬁngentes
3098 4055 3263 4116 atque
3299 4047 3594 4100 nominan-

2023 4148 2144 4195 tes:
2184 4140 2257 4193 ita
2294 4147 2348 4195 et
2382 4154 2557 4194 novus
2588 4139 2690 4194 iste
2731 4138 3039 4194 fabularum
3108 4139 3379 4198 inventor.
3434 4137 3595 4207 juxta

2023 4230 2318 4299 magistros
2358 4230 2452 4300 qui
2485 4246 2608 4284 eum
2654 4231 2779 4282 talia
2811 4231 3067 4300 ﬁgmenta
3099 4230 3425 4293 docuerunt,
3455 4228 3598 4283 divi-

2023 4337 2151 4375 num
2181 4322 2497 4392 mysterium
2529 4322 2862 4387 subsannat;
2910 4332 2964 4376 et
3004 4336 3127 4376 cum
3158 4322 3452 4391 Apostolus
3486 4322 3597 4377 alta

2024 4426 2157 4465 voce
2194 4412 2392 4465 clamet
2451 4412 2521 4473 ³⁸,
2560 4411 2660 4465 Per
2707 4412 2971 4465 hominem
3011 4414 3324 4467 resurrectio
3354 4423 3593 4467 mortuo-

344 4494 422 4564 τῷ
455 4494 708 4565 ἁπολύτῳ
755 4496 854 4565 τῆς
885 4498 1068 4567 φωνῆς
1111 4495 1381 4564 άμείωτον
1415 4494 1789 4566 ἐνδειξαμένου
1823 4495 1919 4566 τὴν

2032 4519 2183 4567 rum;
2240 4504 2440 4573 quibus
2486 4503 2666 4558 verbis
2699 4518 2807 4557 non
2839 4503 3123 4558 dimidiqu
3164 4504 3460 4568 hominem,
3492 4520 3596 4560 nec

347 4584 528 4655 φύσιν,
561 4586 661 4655 τὴν
694 4585 1095 4657 σημαινομένην
1142 4586 1200 4637 ἐν
1243 4583 1322 4655 τῷ
1350 4584 1571 4655 ὀνόματι
1601 4599 1616 4615 °
1639 4580 1795 4647 οὗτος
1835 4602 1925 4655 μι-

345 4675 619 4747 νώταυρον
642 4676 772 4746 ἡμῖν
794 4676 881 4730 διὰ
900 4676 999 4746 τῆς
1026 4677 1253 4746 αἰσχρᾶς
1268 4675 1471 4747 ταύτης
1521 4676 1925 4748 ὀνοιιατοποιῖας

346 4771 696 4843 τερατεύεται
722 4770 784 4823 τὸ
813 4771 1106 4840 μυστήριον
1143 4768 1275 4840 (82),
1308 4768 1506 4831 πολλὰς
1536 4767 1790 4840 παρέχων
1816 4773 1926 4835 τοῖς

347 4865 645 4936 ἀλλοτρίοις
670 4865 769 4935 τῆς
808 4862 1043 4923 πίστεως
1073 4861 1345 4932 ἀφορμὰς,
1368 4861 1433 4914 δι’
1468 4854 1542 4913 ὧν
1575 4861 1818 4931 εἴρηκεν,
1847 4864 1927 4925 εἰς

347 4958 409 5021 τὸ
438 4956 718 5028 χλευάζειν
742 4955 831 5009 τὸν
863 4954 1021 5023 λόγον
1048 4954 1147 5022 τῆς
1174 4953 1424 5016 πίστεως.
1457 4954 1530 5005 Ού
1560 4953 1666 5027 γὰρ
1698 4955 1806 5008 ἐστι
1834 4956 1925 5009 τὸν

348 5045 623 5117 διασύρειν
650 5045 743 5097 ἐπὶ
771 5044 964 5112 γέλωτι
1009 5042 1079 5096 τὰ
1105 5042 1348 5113 δόγματα
1380 5042 1629 5109 θέλοντα,
1676 5045 1776 5117 τῆς
1801 5046 1924 5099 ἀτό-

352 5151 453 5189 που
483 5135 686 5206 ταύτης
734 5134 1033 5198 συνθέσεως
1062 5132 1154 5187 τὸν
1187 5134 1343 5202 λόγον
1374 5135 1486 5204 (85)
1520 5136 1920 5207 ἀποτραπῆναι,

422 5250 466 5278 δι.
497 5250 675 5305 Εειτιε,
701 5265 753 5316 γ’
780 5249 837 5304 2,
915 5249 960 5281 ³⁸
985 5248 1003 5302 l
1030 5249 1157 5305 Cor.
1192 5265 1281 5313 xv,
1303 5249 1395 5307 21.

424 5385 537 5453 (7-4)
566 5385 638 5437 lta
663 5401 833 5450 corr.;
860 5395 1016 5439 antea
1040 5393 1158 5438 erat
1195 5385 1547 5453 δυσφόρατον.
1575 5382 1710 5438 Vide
1745 5395 1922 5437 autem

356 5472 424 5527 an
458 5456 738 5523 legendum
781 5460 852 5509 sit
888 5456 1275 5527 δυσφόραστον,
1327 5458 1470 5525 quod
1521 5457 1742 5508 verbum
1782 5456 1925 5526 apud

357 5524 578 5577 Suidam
614 5528 902 5593 reperitur.

427 5595 559 5668 ﬁt“)
586 5594 741 5668 Cum
778 5595 996 5667 ἐλλιπὴς
1019 5595 1104 5667 εἴη
1128 5595 1204 5668 τῷ
1235 5595 1315 5650 νοῒ
1349 5598 1376 5649 ὁ
1410 5594 1714 5666 ἄνθρωπος,
1761 5595 1925 5666 οὐρά-

358 5680 471 5719 νιον
504 5665 684 5717 αὐτὸ).

428 5734 537 5794 (75)
567 5736 720 5786 (ὶιιιτ.
762 5734 1025 5800 γίνεσθαι.

429 5805 538 5866 (ili)
561 5805 718 5858 (Sorr.
754 5805 1019 5875 οὐράνιον.

428 5875 542 5943 (Π)
571 5876 726 5929 Gorl‘.
762 5874 938 5939 καθώς
970 5893 1151 5948 φησιν.

2024 4597 2191 4665 paulo
2224 4597 2345 4665 plus
2379 4594 2607 4649 dimidio
2636 4594 2928 4649 habentem
2964 4595 3240 4667 intelligit,
3292 4595 3389 4651 sed
3428 4596 3594 4651 abso-

2025 4688 2137 4742 lute
2178 4687 2454 4743 hominem
2482 4685 2734 4750 dicendo,
2769 4687 3030 4757 integram
3054 4702 3178 4742 esse
3204 4694 3455 4741 naturam
3476 4704 3599 4758 quae

2026 4779 2120 4833 illo
2140 4780 2362 4834 nomine
2396 4778 2742 4849 signiﬁcatur
2788 4778 3063 4845 ostendit;
3098 4780 3188 4833 hic
3225 4780 3595 4836 minotaurum

2025 4868 2185 4923 nobis
2216 4883 2312 4936 per
2344 4876 2555 4938 turpem
2603 4867 2744 4921 hanc
2774 4866 3053 4920 nominum
3089 4866 3359 4921 ﬁctionem
3410 4867 3599 4921 incar-

2031 4958 2269 5012 nationis
2299 4957 2617 5029 mysterium
2648 4972 2772 5012 esse
2810 4957 3119 5027 prodigiose
3143 4957 3427 5028 conﬁngit,
3453 4957 3600 5010 mul-

2032 5059 2113 5104 tas
2144 5049 2259 5105 suis
2297 5051 2349 5102 in
2400 5049 2582 5104 verbis
2626 5049 2693 5102 ad
2733 5048 3086 5104 deridendam
3143 5048 3303 5104 ﬁdem
3352 5056 3597 5105 nostrain

2033 5143 2146 5197 illis
2195 5142 2289 5210 qui
2347 5142 2416 5196 ab
2471 5144 2662 5197 eadem
2702 5142 3056 5207 dissentiunt,
3108 5156 3272 5196 ansas
3326 5141 3594 5211 prehensi.

2107 5389 2218 5462 (78)
2254 5391 2412 5462 Carr.
2443 5392 2549 5462 ἄρα
2577 5392 2671 5445 καὶ
2704 5395 2751 5445 ὁ.

2102 5460 2214 5529 (79)
2246 5460 2401 5514 Corr.
2432 5460 2715 5529 ἠπίστατο.

2103 5534 2213 5597 (δυ)
2241 5535 2360 5584 Art.
2408 5548 2551 5587 corr.
2570 5534 2695 5585 add.

2104 5534 2191 5597 (δυ
2241 5535 2360 5584 Art.
2408 5548 2551 5587 corr.
2570 5534 2695 5585 add.

2104 5533 2213 5668 (8|;
2244 5599 2416 5671 Ριξξι).
2444 5617 2586 5655 corr.
2616 5603 2703 5656 hic
2745 5606 2905 5657 etiam
2931 5604 3054 5659 add.

2103 5672 2389 5747 (82)_Corr.
2419 5689 2509 5747 γρ.
2548 5675 2652 5747 καὶΔ
2685 5678 2829 5727 ποιεῖ
2872 5675 2932 5727 τὸ
2994 5676 3309 5747 μυστήριον,
3354 5676 3601 5735 iudicans

2031 5740 2329 5813 iimietiam
2359 5740 2519 5813 modo
2551 5743 2652 5811 legi
2678 5760 2854 5813 posse.

2098 5811 2211 5881 (85)
2240 5813 2396 5868 Corr.
2421 5811 2499 5883 τῷ
2524 5811 2682 5884 λόγωι
