4120 6394
509 488 648 545 ιε’,ιδ

1751 484 1807 538 S.
1839 481 2169 540 GREGORH
2208 480 2508 538 NYSSENI

3636 478 3770 532 ιειι

508 601 668 659 Nullo
701 604 843 659 enim
870 610 1028 674 pacto
1054 603 1169 657 tieri
1192 611 1394 672 potest,
1427 611 1487 655 ut
1507 602 1804 671 quinostra
1826 601 2079 671 dogmata

2190 600 2293 654 κᾶν
2336 599 2395 653 τὸ
2429 599 2522 652 τοῦ
2552 597 2892 668 λογογράφου
2913 635 2928 657 ,
2959 596 3060 659 κᾶν
3100 595 3159 648 τὸ
3188 596 3451 667 ἡμέτερον
3482 597 3771 667 ἐπικρατέ-

511 697 808 755 deridenda
828 694 1041 749 cunctis
1067 694 1306 764 przebere
1332 694 1583 756 voluerit,
1613 693 1906 747 absurdam
1941 693 2083 748 hanc

508 788 661 843 vocis
699 787 1153 857 compositionem
1181 786 1588 855 praetermittat,
1637 785 1751 839 sive
1798 784 2084 855 scriptoris

510 880 864 939 sententiam,
900 878 1015 932 sive
1069 886 1313 930 nostram
1356 876 1635 929 meliorem
1688 890 1811 929 esse
1857 890 2089 929 censueo

512 976 614 1027 rit:
655 980 837 1026 utram
887 970 1031 1024 enim
1075 969 1401 1023 sententiam
1452 983 1635 1021 veram
1686 983 1809 1021 esse
1856 968 2081 1032 dixeris,

510 1077 794 1134 nunquam
826 1061 1027 1116 efficies
1060 1069 1120 1114 ut
1166 1060 1399 1113 duarum
1446 1066 1767 1112 naturarum
1805 1058 2083 1126 composi-

510 1154 586 1205 tio
647 1153 868 1207 nomine
906 1152 999 1207 illo
1038 1167 1146 1206 non
1171 1152 1526 1219 exprimatur.
1562 1150 1696 1203 Nam
1742 1151 1834 1220 qui
1865 1166 1896 1205 e
1944 1151 2084 1205 caalo

506 1258 730 1297 carnem
767 1259 890 1298 esse
919 1241 1072 1305 dicit,
1115 1257 1233 1298 eam
1263 1241 1451 1309 utique
1480 1256 1663 1296 veram
1697 1257 1923 1296 carnem
1955 1257 2080 1297 esse

508 1336 745 1390 astruit:
785 1350 913 1390 caro
942 1344 1145 1397 autem,
1180 1350 1300 1403 quae
1334 1335 1401 1388 ab
1435 1340 1675 1387 animata
1700 1332 1935 1403 quadam
1986 1347 2086 1387 na-

509 1435 633 1482 tura
687 1428 897 1498 regitur
937 1434 991 1481 et
1035 1428 1251 1481 vivendi
1306 1428 1361 1481 in
1426 1428 1717 1496 semetipsa
1772 1426 2084 1481 facultatem

508 1518 693 1583 habet,
730 1519 1188 1589 quemadmodum
1230 1519 1392 1573 etiam
1437 1520 1550 1572 vult
1575 1518 1929 1590 Apollinaris,
1988 1532 2085 1587 ap-

509 1609 855 1679 pellationem
923 1609 1157 1664 hominis
1197 1610 1417 1679 proprie
1466 1610 1708 1664 obtinet:
1765 1610 1859 1679 qui
1904 1616 2085 1663 autem

510 1699 688 1769 ipsam
722 1700 1022 1770 assumpsit
1048 1716 1252 1769 perque
1302 1715 1422 1756 eam
1462 1717 1520 1756 se
1540 1703 1717 1770 ipsum
1766 1700 2085 1756 manifesta-

510 1789 609 1855 vit,
648 1789 924 1847 diversum
979 1807 1203 1861 prorsus
1247 1792 1378 1863 quid
1430 1792 1497 1847 ab
1539 1793 1628 1848 illa
1676 1807 1841 1847 carne
1890 1801 2085 1847 natura

511 1888 595 1934 est
617 1899 631 1947 ;
661 1897 783 1935 nam
801 1893 855 1937 et
872 1883 1048 1952 ipsum
1070 1886 1460 1955 assumptionis
1478 1900 1673 1940 nomen
1713 1884 2083 1940 diversitatem

512 1982 719 2028 naturae
736 1983 843 2028 tam
861 1977 1126 2045 assumpti
1143 1952 1303 2047 quam
1322 1978 1650 2033 assumentis
1665 1978 1921 2032 ostendit.
1945 1976 2085 2044 Quid
2119 1952 2159 2004 Β

513 2062 679 2131 igitur
706 2065 928 2131 vetabit,
961 2067 1126 2121 etiam
1177 2067 1224 2122 si
1258 2067 1374 2122 haec
1400 2067 1577 2122 locum
1608 2067 1865 2129 habeant,
1915 2065 2084 2120 Deum

509 2157 604 2230 qui
642 2156 696 2210 in
742 2172 908 2213 carne
937 2159 1209 2229 apparuit,
1247 2160 1483 2213 absurda
1514 2159 1607 2213 illa
1642 2159 1883 2213 nominis
1943 2159 2088 2211 licti-

512 2262 616 2301 one
645 2248 878 2310 traduci,
914 2257 971 2302 ut
997 2251 1089 2319 qui
1126 2250 1201 2305 ita
1226 2250 1559 2306 constitutus
1606 2262 1690 2305 est
1726 2250 1880 2319 juxta
1914 2258 2086 2303 teme-

511 2336 719 2390 rarium
751 2337 1088 2407 Apollinaris
1125 2339 1453 2393 vocabulum
1485 2337 1834 2393 Homo-Deus
1866 2353 2085 2391 nuncu-

510 2430 707 2498 petur?
736 2428 869 2483 Nam
906 2446 1005 2483 nec
1029 2430 1370 2495 hircoccrvo,
1405 2432 1664 2500 quoniam
1684 2444 1844 2482 cervo
1873 2429 2086 2496 integro

512 2519 690 2572 media
718 2534 784 2573 ex
825 2528 976 2588 parte
1030 2520 1243 2589 species
1310 2520 1522 2573 hircina
1581 2520 1839 2588 adjuncta
1900 2518 2082 2583 fuerit,

511 2610 596 2663 vel
652 2625 682 2663 e
734 2611 1015 2664 contrario
1065 2612 1118 2665 in
1174 2612 1389 2665 illorum
1454 2612 1771 2665 animalium
1828 2612 2086 2666 mistione

510 2700 797 2764 acciderit,
836 2709 892 2753 ut
925 2702 1138 2771 integro
1164 2701 1317 2755 hirco
1351 2702 1571 2755 cervina
1603 2716 1730 2772 pars
1762 2701 2079 2765 accesserit,

511 2790 622 2845 tale
652 2792 857 2846 idcirco
898 2808 1096 2847 nomen
1122 2794 1170 2847 ei
1210 2794 1391 2848 fabula
1426 2793 1720 2861 imposuit;
1783 2792 1879 2847 sed
1927 2793 2083 2846 illum

512 2883 804 2951 utriusque
832 2890 1043 2937 naturae
1076 2883 1398 2953 participem
1431 2891 1708 2952 utcunque
1730 2897 1854 2937 esse
1880 2897 1941 2936 ea
1983 2897 2085 2936 no-

510 2972 675 3025 minis
717 2973 1118 3041 compositione
1165 2973 1476 3027 denotatur.
1507 2972 1869 3038 Quamobrem
1920 2973 1987 3035 si,
2025 2980 2085 3026 ut

510 3062 748 3131 scriptor
776 3063 1069 3127 existimat,
1100 3062 1156 3117 in
1192 3079 1303 3117 uno
1329 3064 1631 3133 eodemque
1660 3064 1824 3117 homo
1855 3071 1909 3117 et
1941 3063 2086 3119 Deus

508 3161 615 3216 est,
657 3155 1092 3224 qualemcunque
1124 3154 1232 3209 duo
1261 3156 1364 3209 ista
1401 3155 1544 3211 inter
1596 3171 1655 3209 se
1688 3156 2082 3210 connexionem

509 3241 763 3307 habeant,
820 3244 933 3298 sive
992 3251 1103 3296 tota
1162 3244 1451 3313 utriusque
1510 3252 1728 3308 natura,
1783 3244 1897 3298 sive
1955 3258 2082 3311 pars

508 3344 715 3388 tantum
751 3336 804 3389 in
835 3352 899 3391 ea
929 3337 1187 3391 mistione
1214 3342 1526 3398 concurrat,
1556 3350 1835 3405 nunquam
1883 3334 2079 3389 eﬂiciet

509 3434 566 3479 ut
605 3425 695 3478 illa
732 3427 970 3482 nominis
1005 3425 1337 3495 compositio
1371 3440 1480 3479 non
1508 3424 1579 3479 sit
1613 3424 1873 3479 absurda.
1919 3426 2079 3491 Quod

506 3515 554 3567 si
580 3515 786 3569 ethnici
817 3517 885 3570 ab
914 3517 1033 3587 ipso
1064 3517 1192 3570 talia
1226 3516 1427 3581 edocti,
1460 3518 1777 3587 mysterium
1828 3528 2078 3573 nostrum

2189 709 2379 763 στερον
2416 687 2552 744 εἶναι
2581 690 2725 762 δόξη’
2768 691 2870 759 δίτι
2895 688 3003 759 γὰρ
3031 688 3097 742 ἂν
3131 688 3190 752 ἐξ
3218 689 3539 759 ἀμφοτέρων
3553 689 3729 760 ,εἴπης
3749 730 3763 750 ,

2185 783 2283 854 τὴν
2308 785 2372 836 ἐκ
2406 782 2512 836 τῶν
2538 782 2630 836 δύο
2660 782 2873 851 φύσεων
2908 780 3152 833 σύνθεσιν
3185 781 3283 833 οὐκ
3317 781 3635 851 ἀφαιρήσεις
3671 780 3766 834 τοῦ

2185 878 2369 946 λόγου.
2398 878 2472 931 Οὐ
2502 876 2610 948 γὰρ
2630 878 2657 928 6
2689 876 2799 946 (84)
2826 876 3030 929 ἄνωθεν
3067 875 3247 945 φήσας
3277 871 3413 926 εἶναι
3442 875 3540 943 τὴν
3569 875 3765 944 σάρκα,

2184 969 2246 1021 τὸ
2277 969 2411 1039 μηδὲ
2441 967 2621 1038 σάρκα
2657 968 2826 1038 αὐτὴν
2856 962 2993 1019 εἶναι
3029 965 3447 1028 κατασκευάζειο
3483 968 3516 1035 ἡ
3544 965 3602 1017 δὲ
3634 965 3769 1034 σὰρξ

2186 1060 2414 1130 ἐμψύχῳ
2439 1059 2552 1129 (85)
2580 1060 2686 1112 τινί
2712 1060 2870 1127 φύσει
2895 1056 3240 1129 διοικουμὲνη
3263 1097 3278 1121 ,
3316 1058 3408 1110 καὶ
3449 1055 3683 1125 ζωτικὴν
3708 1059 3769 1109 ὲν

2186 1152 2351 1222 ἑαυτῇ
2412 1150 2639 1221 δύναμιν
2679 1150 2898 1220 ἔχουσα.
2943 1150 3125 1212 καθὼς
3176 1150 3270 1202 καὶ
3317 1150 3345 1201 6
3400 1148 3769 1219 Ἀπολινάριος

2188 1242 2475 1311 βούλεται,
2520 1243 2618 1312 τὴν
2663 1241 2756 1294 τοῦ
2805 1240 3091 1313 ἀνθρώπου
3147 1240 3517 1312 προσηγορίαν
3565 1240 3769 1310 κυρίως

2187 1334 2299 1405 ἔχει
2331 1334 2462 1405 (86)·
2498 1336 2526 1390 6
2560 1335 2616 1387 δὲ
2656 1332 3096 1403 προσλαϐόμενος
3126 1333 3318 1401 αὐτὴν,
3349 1333 3441 1384 καὶ
3481 1330 3671 1384 ἑαυτὸν
3699 1330 3769 1381 δι’

2188 1427 2405 1497 ἐκείνης
2452 1425 2809 1496 φανερώσας,
2838 1425 3024 1496 ἔτερος
3065 1427 3130 1495 τῇ
3182 1424 3341 1492 φύσει
3372 1422 3592 1487 πάντως
3636 1424 3767 1493 παρ’

2188 1517 2402 1588 ἐκείνην
2447 1518 2557 1588 (87)
2615 1517 2783 1569 ἐστίν’
2844 1515 2976 1569 αὐτὸ
3011 1515 3119 1586 γὰρ
3164 1514 3226 1567 τὸ
3267 1514 3364 1585 τῆς
3414 1513 3768 1584 προσλήψεως

2186 1608 2357 1679 ὄνομα
2379 1608 2476 1679 τὴν
2511 1607 2648 1661 κατὰ
2676 1606 2836 1677 φύσιν
2870 1607 3162 1679 ἑτερότητα
3193 1606 3287 1658 τοῦ
3326 1606 3765 1677 προσλαϐομὲνου

2188 1699 2340 1771 παρὰ
2367 1700 2425 1752 τὸ
2470 1699 2937 1770 προσειλημμένον
2987 1697 3341 1751 ἐνδείκνυται.
3377 1697 3525 1767 ((88)
3563 1698 3625 1749 Τί
3671 1693 3765 1749 οὖν

2187 1791 2247 1843 τὸ
2273 1791 2479 1845 κωλῦον
2507 1792 2659 1846 ἔσται
2683 1793 2724 1861 ),
2766 1792 2871 1845 κᾶν
2900 1791 3074 1845 ταῦτα
3108 1794 3286 1863 κρατῇ
3312 1832 3327 1854 ,
3377 1792 3469 1844 τὸν
3519 1794 3575 1843 ἐν
3605 1793 3765 1862 σαρκί⁹

2190 1883 2569 1954 φανερωθέντα
2598 1883 2730 1937 Θεὸν
2761 1883 2847 1936 διὰ
2876 1883 2975 1953 τῆς
3016 1883 3217 1935 ἀτόπου
3253 1882 3469 1952 ἐκείνης
3502 1883 3760 1951 ὀνοματο-

2189 1975 2370 2037 ποιῖας
2395 1972 2747 2045 ὑϐρίζεσθαι,
2774 1973 2914 2026 ὥστε
2947 1974 3039 2026 καὶ
3074 1974 3164 2026 τὸν
3197 1972 3367 2035 οὕτως
3402 1973 3762 2042 συνεστηκότα

2188 2066 2328 2119 κατὰ
2342 2065 2733 2137 τὴντολμηράν
2748 2066 2842 2119 τοῦ
2863 2067 3235 2135 Ἀπολιναρίου
3271 2066 3451 2136 φωνὴν
3468 2065 3764 2135 Ἄνθρωπό-

2187 2156 2307 2210 θεον
2324 2157 2575 2224 λέγεσθαι
2596 2176 2609 2221 ;
2631 2157 2763 2210 Οὐδὲ
2792 2156 2900 2227 γάρ
2920 2157 3011 2209 τὸν
3041 2156 3384 2229 τραγέλαφον
3404 2156 3537 2217 (89),
3574 2156 3761 2225 ἐπειδὴ

2186 2247 2291 2317 ὅλῳ
2316 2246 2392 2316 τῷ
2423 2246 2605 2315 ἐλάφῳ
2644 2246 2702 2312 ἐξ
2741 2246 2983 2316 ἡμίσεως
3013 2245 3291 2316 προσεφύη
3330 2245 3391 2297 τὸ
3418 2244 3687 2314 τράγειον,
3727 2242 3760 2312 ἢ

2184 2338 2246 2389 τὸ
2277 2337 2511 2408 ἔμπαλιν
2542 2338 2670 2407 περὶ
2696 2337 2795 2410 τὴν
2835 2336 2943 2389 τῶν
2973 2336 3129 2401 ζώων
3173 2337 3390 2404 ἐγένετο
3423 2333 3589 2406 μίξιν,
3623 2333 3762 2386 ὥστε

2185 2428 2427 2499 ἀκεραίῳ
2471 2428 2657 2498 τράγῳ
2688 2426 3030 2499 προσφυῆναι
3082 2426 3143 2479 τὸ
3178 2425 3397 2493 έλάφιον
3449 2424 3643 2494 μέρος,
3675 2422 3764 2475 διὰ

2186 2520 2344 2574 τοῦτο
2369 2521 2509 2574 κατὰ
2536 2520 2627 2572 τὸν
2659 2519 2945 2590 εἰρημένον
2979 2518 3178 2587 τρόπον
3206 2518 3236 2569 6
3270 2516 3433 2588 μῦθος
3459 2516 3761 2585 ὠνόμασεν,

2184 2612 2323 2665 ἀλλὰ
2354 2612 2416 2663 τὸ
2451 2610 2698 2664 ὁπωσοῦν
2743 2612 3033 2680 μετασχεῖν
3066 2609 3331 2679 ἑκατέρας
3357 2609 3455 2676 τῆς
3487 2608 3699 2675 φύσεως
3727 2606 3760 2673 ἡ

2184 2705 2293 2757 τῶν
2323 2703 2603 2773 ὀνομάτων
2634 2701 2879 2764 σύνθεσις
2907 2701 3268 2772 διερμηνεύει.
3298 2702 3459 2752 Ὥστε
3496 2699 3637 2751 κατὰ
3674 2698 3765 2749 τὸν

2186 2793 2548 2863 λογογράφον,
2600 2794 2648 2844 εἰ
2698 2791 2844 2843 ἐστιν
2881 2792 2908 2843 6
2943 2791 3104 2854 αὐτὸς
3149 2790 3429 2861 ἅνθρωπος
3472 2789 3567 2841 καὶ
3596 2787 3762 2851 Θεὸς,

2184 2883 2431 2937 ὁπωσοῦν
2453 2885 2552 2955 τὴν
2578 2885 2874 2953 συνάφειαν
2907 2883 3064 2953 ἔχων,
3091 2883 3199 2935 εἴτε
3226 2884 3403 2950 πάσης
3431 2879 3758 2949 συνδραμού-

2188 2992 2286 3046 σης
2310 2976 2408 3045 τῆς
2436 2974 2669 3043 φύσεως,
2704 2975 2813 3027 εἴτε
2835 2976 2929 3027 καὶ
2956 2972 3215 3035 ὲλλειπῶς
3243 2973 3352 3041 (90)
3384 2970 3632 3041 ἐχούσης,
3666 2971 3761 3041 τὴν

2184 3065 2381 3118 ἄτοπον
2413 3066 2624 3132 ἐκείνην
2661 3064 2753 3117 τοῦ
2782 3065 3045 3134 ὀνόματος
3081 3065 3353 3133 συνθήκην
3383 3064 3441 3115 οῦ
3473 3060 3759 3128 διαφεύξε-

2182 3173 2295 3210 ται.
2333 3156 2443 3209 Καὶ
2473 3159 2521 3209 εἰ
2554 3157 2723 3209 ταῦτα
2759 3156 2889 3225 παρ’
2925 3156 3086 3208 αὐτοῦ
3125 3155 3385 3226 μαθόντες
3420 3155 3467 3205 οί
3506 3153 3763 3221 ’Έλληνες

2185 3248 2493 3318 κωμῳδοῖεν
2521 3248 2679 3318 ήμῶν
2708 3248 2767 3301 τὸ
2799 3232 3114 3319 μυστήριον,
3159 3247 3373 3309 πάντως
3405 3247 3433 3299 6
3465 3246 3559 3316 τήν
3588 3246 3751 3314 ἀφορ-

2189 3339 2294 3409 μὴν
2340 3337 2636 3409 παρασχὼν
2684 3340 2781 3409 τῆς
2832 3338 3177 3410 βλασφημίας
3221 3340 3279 3390 ἐν
3322 3341 3387 3407 τῇ
3450 3337 3756 3405 προφητικῇ

2186 3429 2400 3501 κατάρᾳ
2445 3435 2750 3501 γενήσεται,
2795 3430 2829 3501 ἦ
2881 3448 3042 3500 φησιν
3082 3431 3215 3502 (91),
3256 3428 3402 3482 Οὐαὶ
3448 3425 3520 3479 δι’
3569 3422 3639 3481 οὗ
3691 3422 3761 3478 τὸ

2189 3518 2376 3587 ὄνομά
2400 3536 2519 3588 μου
2542 3519 2991 3589 ,βλασφημεῖται
3017 3521 3086 3573 ἐν
3114 3520 3235 3585 τοῖς
3262 3520 3521 3575 ἔθνεσιν.

505 3605 821 3669 deriserint,
855 3609 948 3678 qui
990 3608 1407 3678 blasphemandi
1464 3624 1652 3664 ansam
1690 3610 1982 3679 praebuerit
2036 3611 2084 3665 is
2123 3611 2462 3680 propheticis
2521 3611 2998 3667 maledictionibus
3029 3627 3255 3682 prorsus
3314 3613 3418 3666 erit
3462 3610 3756 3678 obnoxius,

501 3718 623 3775 quae
685 3701 961 3771 inquiunt,
1032 3700 1121 3755 Va:
1174 3701 1307 3767 illis,
1356 3716 1448 3769 per
1503 3719 1633 3773 quos
1687 3719 1871 3756 nomen
1917 3719 2090 3755 meum
2127 3701 2522 3770 blasphematur
2552 3702 2877 3771 ingentibus
2910 3705 2992 3757 ³⁸1

572 3796 634 3851 L.
695 3794 801 3849 Sed
846 3805 900 3848 et
942 3809 1005 3849 ea
1044 3810 1164 3863 quae
1200 3810 1395 3850 rursus
1434 3795 1871 3864 praecedentibus
1900 3796 2069 3860 addit,

500 3884 923 3958 perpendamus.
957 3882 1015 3937 Si
1050 3899 1114 3937 ea:
1159 3883 1384 3947 duobus,
1425 3885 1521 3949 ait,
1563 3884 1813 3953 perfectis
1832 3895 2074 3949 constat;

499 3994 591 4031 nec
620 3979 673 4031 in
722 3994 825 4047 quo
864 3976 1002 4030 Deus
1036 3985 1135 4041 est,
1182 3978 1235 4029 in
1271 3993 1329 4029 eo
1356 3977 1511 4029 homo
1548 3988 1662 4041 est;
1702 3994 1863 4047 neque
1896 3980 1947 4032 in
1973 3996 2075 4049 quo

498 4069 651 4123 homo
685 4079 781 4131 est,
841 4070 896 4122 in
945 4086 1004 4123 eo
1058 4068 1199 4122 Deus
1246 4078 1345 4122 est.
1392 4070 1557 4138 Atqui
1609 4070 1655 4124 si
1708 4084 1775 4124 ex
1836 4072 2075 4140 perfecto

498 4172 552 4216 et
590 4162 912 4231 imperfecto
957 4161 1116 4230 juxta
1173 4161 1544 4230 Apollinarem
1606 4162 1925 4231 conjunctio
1983 4163 2073 4216 illa

499 4256 618 4310 ﬁeri
671 4256 1028 4321 concedatur,
1079 4270 1264 4309 nonne
1299 4256 1365 4309 ab
1412 4256 1496 4310 his
1551 4257 1644 4325 qui
1700 4256 1829 4310 talia
1859 4256 2073 4310 elIutire

497 4347 703 4401 audent
763 4346 1019 4401 similiter
1075 4346 1371 4412 diceretur,
1406 4346 1680 4401 hominem
1740 4347 1795 4401 in
1850 4363 1914 4402 eo
1961 4363 2071 4401 non

495 4454 620 4493 esse
678 4439 732 4492 in
780 4454 890 4508 quo
938 4436 1081 4492 Deus
1128 4447 1235 4504 est,
1290 4445 1344 4491 et
1393 4437 1560 4491 Deum
1612 4439 1765 4493 ineo
1797 4454 1907 4493 non
1949 4454 2071 4495 esse

496 4529 550 4582 in
606 4544 714 4597 quo
772 4530 935 4582 homo
985 4529 1108 4583 est?
1149 4527 1293 4583 Sane
1332 4529 1437 4581 alia
1486 4544 1713 4599 prorsus
1765 4530 2069 4585 divinitatis

2251 3790 2352 3849 Οἷα
2377 3796 2432 3848 δὲ
2460 3798 2568 3858 τοῖς
2596 3796 2905 3866 εἰρημένοις
2930 3796 3248 3868 προστίθησι
3276 3798 3457 3863 πάλιν,
3487 3802 3754 3871 κατανοή-

2183 3902 2382 3956 σωμεν.
2424 3888 2493 3939 El
2518 3887 2585 3939 ἐκ
2613 3886 2743 3951 δύο,
2775 3889 2927 3957 φησὶ,
2961 3890 3225 3955 τελείων,
3260 3890 3397 3944 οὔτε
3428 3891 3499 3943 ἐν
3528 3884 3576 3955 ᾧ
3610 3894 3755 3958 Θεός

2179 3980 2377 4041 ἐστιν,
2412 3978 2483 4031 ἐν
2516 3980 2704 4044 τούτῳ
2741 3980 3051 4048 ἄνθρωπός
3089 3982 3277 4047 ἐστιν,
3312 3984 3449 4037 οὔτε
3474 3984 3544 4037 ἐν
3573 3978 3620 4050 ᾧ
3650 3986 3755 4039 ἇν-

2182 4074 2428 4135 (Ιρωπος,
2459 4069 2528 4121 ἐν
2554 4071 2740 4135 τούτῳ
2780 4072 2941 4136 Θεός.
2977 4070 3040 4124 Εἰ
3067 4072 3121 4124 δὲ
3154 4072 3212 4136 ἐξ
3240 4073 3621 4138 ἀπολείποντος
3657 4075 3754 4129 καὶ

2179 4158 2385 4209 τελείου
2414 4158 2555 4212 κατά
2580 4159 2670 4212 τὸν
2698 4160 2905 4212 ἐκείνου
2939 4160 3114 4228 λόγον,
3146 4158 3285 4215 εἶναι
3317 4163 3491 4236 δοθείη
3527 4164 3587 4217 τὸ
3622 4165 3753 4232 σύγ-

2177 4266 2350 4319 κριμα
2380 4250 2494 4319 (92)
2522 4290 2536 4313 ,
2579 4247 2666 4322 ἆρ’
2696 4253 2816 4322 οὐχὶ
2842 4254 2901 4305 τὸ
2946 4255 3056 4307 ἴσον
3105 4254 3254 4325 παρά
3282 4256 3388 4308 τῶν
3418 4256 3485 4309 τὰ
3528 4257 3753 4311 τοιαῦτα

2175 4342 2492 4412 τολμώντων
2526 4344 2841 4415 ῥηθήσεται,
2869 4346 2950 4398 ὅτι
2984 4347 3042 4399 ὲν
3060 4339 3104 4414 ᾧ
3132 4346 3264 4409 Θεός
3292 4350 3438 4401 ἐστιν
3465 4348 3751 4418 ἄνθρωπος

2174 4434 2275 4485 οὐκ
2313 4432 2424 4486 ἔστι
2450 4474 2463 4499 ,
2500 4435 2594 4487 καὶ
2624 4436 2682 4487 ὲν
2723 4427 2767 4503 ᾧ
2795 4436 3076 4505 ἄνθρωπός
3105 4439 3221 4490 ἐστι
3268 4438 3397 4502 Θεὸς
3428 4440 3525 4491 οὐκ
3564 4440 3747 4504 gmw;

2177 4525 2402 4597 ’Έτερος
2436 4526 2544 4597 γὰρ
2575 4529 2736 4581 παντὶ
2767 4528 2952 4599 τρόπῳ
2982 4533 3010 4585 ὃ
3028 4546 3087 4583 τε
3104 4529 3205 4599 τῆς
3224 4530 3492 4600 θεότητος,
3527 4534 3621 4585 καὶ
3648 4532 3751 4601 τῆς

498 4629 665 4689 atque
695 4620 800 4673 alia
830 4619 1187 4673 humanitatis
1215 4630 1300 4674 est
1349 4620 1514 4684 ratio,
1546 4628 1599 4675 et
1636 4637 1796 4675 nemo
1826 4639 2062 4693 unquam

2181 4618 2587 4689 ἀνθρωπότητος
2621 4619 2777 4688 λόγος
2801 4660 2815 4682 ,
2856 4621 2949 4673 καὶ
2979 4621 3079 4674 οὐκ
3108 4623 3174 4675 ἄν
3209 4639 3293 4684 τις
3318 4622 3415 4693 τὴν
3448 4623 3748 4677 ἐλάττωσιν

493 4710 733 4764 divinam
766 4718 1016 4764 naturam
1064 4710 1314 4764 humanae
1349 4720 1559 4766 natura:
1591 4714 1936 4769 mutilatione
1967 4716 2063 4769 de-

494 4802 637 4857 ﬁniri
671 4817 833 4873 posse
861 4803 1369 4872 eensuerit;neque
1409 4806 1556 4859 enim
1594 4806 1899 4862 divinitatis
1926 4808 2065 4862 ratio

494 4896 548 4948 in
580 4910 644 4949 eo
679 4896 782 4950 sita
814 4905 897 4950 est
927 4895 1073 4965 quod
1108 4894 1192 4948 vel
1226 4894 1464 4950 humana
1489 4906 1685 4950 natura
1716 4914 1823 4953 non
1857 4901 1949 4963 sit,
1980 4902 2062 4954 vel

494 4984 809 5053 imperfecta
860 4986 1099 5039 humana
1131 4993 1328 5039 natura
1377 4987 1469 5050 sit,
1514 4988 1609 5042 sed
1661 4996 1891 5060 utraque
1950 5007 2059 5057 res,

491 5076 535 5129 si
588 5076 820 5129 scorsim
874 5083 1055 5129 mente
1106 5076 1623 5145 comprehendatur,
1689 5083 1911 5151 propria
1957 5084 2061 5137 sibi

492 5182 831 5234 unaquaeque
885 5167 1108 5221 notione
1157 5167 1499 5238 intelligitur.
1550 5172 1681 5225 Nam
1731 5181 1785 5228 et
1820 5175 1911 5245 qui
1964 5176 2061 5232 Dei

494 5274 684 5311 ῑιεηιιρη
734 5258 905 5321 audit,
940 5266 1210 5328 quotquot
1231 5260 1298 5314 de
1321 5260 1433 5316 Deo
1465 5278 1565 5331 par
1585 5275 1669 5320 cst
1700 5266 1882 5323 animo
1924 5284 2058 5325 con-

564 5388 607 5420 “
643 5390 751 5443 lsa.
784 5406 881 5455 ιιι,
924 5391 989 5459 5;
1020 5394 1181 5447 Rom.
1206 5409 1267 5456 ιι,
1292 5393 1380 5445 24.

562 5528 670 5596 (84)
694 5530 850 5583 Corr.
881 5539 985 5584 art.
1014 5530 1141 5586 add.

560 5600 671 5671 (85)
690 5600 848 5671 Corr.
872 5601 930 5653 ὲν
959 5600 1170 5671 ἀψύχῳ.

559 5670 671 5736 (86)
697 5670 772 5722 Ita
801 5686 969 5735 corr.;
995 5670 1152 5725 antea
1175 5679 1288 5723 erat
1312 5670 1473 5738 ἔχειν.

559 5739 673 5811 (8Ἰ)
703 5740 776 5811 Ita
799 5755 971 5804 corr.;
988 5750 1168 5811 antea
1200 5743 1329 5811 παρ’
1353 5745 1585 5796 ἐκείνου.

560 5808 674 5881 (88)
704 5810 859 5881 gorr.
898 5810 1023 5864 add.
1050 5826 1173 5881 qua}
1204 5808 1568 5867 semicirculis
1603 5815 1983 5879 includuntur.

562 5880 673 5951 (89)
704 5877 770 5935 Et
791 5880 906 5937 haac
938 5877 1100 5939 lectio
1129 5895 1161 5937 a
1190 5896 1335 5939 corr.
1379 5891 1495 5953 est;
1539 5900 1664 5941 nam
1727 5899 1884 5947 antea
1915 5877 2060 5953 scri-

2172 4709 2272 4778 τῆς
2301 4709 2720 4781 ἀνθρωπότητος
2746 4751 2759 4775 ,
2792 4712 2917 4781 ὅρον
2959 4708 3095 4766 εἶναι
3124 4713 3221 4783 τῆς
3252 4713 3401 4776 θείας
3431 4716 3743 4787 ὑπονοήσειε

2173 4801 2413 4867 φύσεως·
2436 4803 2495 4854 οὐ
2522 4802 2630 4873 γὰρ
2650 4804 2708 4856 ἐν
2731 4803 2808 4873 τῷ
2834 4803 2990 4856 τοῦτο
3020 4804 3093 4875 μὴ
3128 4801 3285 4868 εἶναι,
3314 4807 3348 4877 ἢ
3377 4808 3580 4872 ἀτελῶς
3606 4805 3743 4865 εἶναι

2170 4893 2377 4956 ἐκεῖνός
2427 4896 2573 4947 ἐστιν
2608 4895 2717 4964 (95)
2745 4939 2758 4962 ,
2800 4895 2916 4948 ἀλλ’
2954 4898 3212 4968 ἑκάτερον
3244 4898 3328 4967 ἐφ’
3360 4900 3553 4952 ἑαυτοῦ
3594 4902 3742 4954 νοοῦ-

2172 5001 2349 5053 μενον,
2390 4986 2447 5038 ὲν
2484 4986 2631 5051 ἰδίοις
2658 4986 2940 5057 θεωρεῖται
2972 4989 3255 5058 νοήμασιν.
3290 4990 3357 5043 Ὀ
3383 5009 3440 5043 τε
3471 4992 3580 5065 γὰρ
3612 4994 3743 5047 Θεὸν

2168 5075 2425 5141 ἀκούσας,
2453 5078 2552 5129 ὅσα
2583 5080 2711 5148 περὶ
2745 5078 2879 5130 Θεοῦ
2915 5078 3111 5147 πρέπει
3138 5082 3297 5145 νοεῖν,
3327 5081 3416 5133 διὰ
3444 5084 3543 5154 τῆς
3578 5102 3741 5155 προσ-

2167 5168 2392 5237 ηγορίας
2444 5169 2647 5238 ταύτης
2715 5170 3189 5240 ωμπαρεδέξατο,
3247 5172 3341 5225 καὶ
3395 5176 3424 5227 6
3483 5176 3583 5246 τὴν
3644 5176 3741 5228 τοῦ

2164 5258 2449 5328 ἀνθρώπου
2489 5264 2857 5334 προσηγορίαν
2910 5264 3385 5336 παραδεξάμενος,
3430 5269 3609 5321 πᾶσαν
3643 5268 3742 5340 τὴν

2161 5548 2515 5628 ptum‘fuerat
2542 5551 2654 5628 τῷν
2681 5555 3060 5628 τραγελάφων.

2234 5618 2347 5690 (90)
2380 5621 2536 5690 Corr.
2567 5618 2821 5688 ἐλλιπῶς,

2376 5689 2531 5762 Carr.
2565 5691 2640 5755 ὥς
2672 5711 2827 5762 φησι.

2165 5760 2639 5902 μέθὲἐρξιεέ
2665 5760 2806 5822 male
2823 5775 2981 5825 antea
2999 5765 3137 5828 εῖναι
3162 5772 3406 5839 δοθέντος
3424 5776 3485 5830 τὸ
3510 5774 3736 5850 σύγκρι-

2235 5900 2348 5972 (95)
2378 5900 2535 5958 Corr.
2563 5905 2737 5959 ἐκεῖνό
2786 5910 2954 5966 ἐστιν.
