4120 6394
355 469 494 524 lilii

1513 474 1552 528 Α
1565 473 1840 528 DVERSU
1853 471 1890 526 S
1921 468 2436 527 APOLLINAREM.

3469 474 3610 530 1246

351 590 513 662 φύσιν
537 589 626 644 διὰ
648 585 746 659 τῆς
777 593 959 661 φωνῆς
986 589 1187 660 ταύτης
1217 589 1620 654 ἀνετυπώσατο,
1649 591 1746 645 καὶ
1781 589 1924 643 οὐδε-

2031 589 2162 659 cipi,
2221 589 2586 658 appellatione
2625 589 2719 643 illa
2769 589 3062 660 dignoscit,
3120 595 3170 644 et
3234 589 3324 660 qui
3368 591 3608 648 hominis

352 683 479 751 μίαν
507 679 768 750 σύγχυσιν
796 681 830 750 ἡ
860 679 1069 734 διάνοια
1097 680 1204 732 τῶν
1231 681 1538 750 λεγομένων
1565 681 1676 749 (94)
1708 679 1926 750 πάσχει,

347 769 488 823 ὥστε
521 773 580 823 ὲν
619 768 832 839 θατέρῳ
863 769 971 822 τῶν
1021 769 1298 839 ὀνομάτων
1335 770 1584 840 ἐννοῆσαι
1623 770 1682 822 τὸ
1719 763 1924 839 ἓὲερον.

349 861 483 914 Οὔτε
518 861 625 930 γὰρ
654 861 712 912 ὲν
745 860 920 930 τούτῳ
947 862 1141 926 ἐκεῖνο,
1173 859 1296 913 οὔτε
1333 861 1389 912 ὲν
1425 861 1618 932 ἐκείνῳ
1645 860 1802 912 τοῦτο
1833 877 1930 930 ση-

351 955 599 1024 μαίνεται
627 993 640 1016 ,
671 952 785 1006 ἀλλ’
819 953 1024 1006 ἕκαστα
1055 953 1162 1005 τῶν
1193 953 1470 1022 ὀνομάτων
1498 957 1564 1024 τῇ
1596 954 1736 1006 κατὰ
1771 953 1928 1020 φύσιν

349 1048 652 1118 παραμένει
699 1045 910 1116 διανοίᾳ
933 1085 949 1108 ,
981 1046 1075 1097 καὶ
1115 1044 1227 1114 (95)
1264 1045 1382 1097 κατ’
1429 1045 1615 1097 οὐδένα
1647 1047 1843 1118 τρόπον
1871 1049 1927 1101 αἱ

348 1141 612 1209 ἐμφάσεις
663 1138 842 1192 αὐτῶν
889 1138 1026 1207 πρὸς
1057 1137 1293 1206 ἀλλήλας
1333 1137 1824 1208 ὑπαλλαγήσονται.
1856 1140 1928 1192 Τὸ

347 1231 404 1283 δὲ
428 1231 633 1294 ἀτελὲς,
660 1231 754 1284 καὶ
781 1229 841 1281 τὸ
865 1229 978 1299 (96)
1007 1228 1234 1293 τέλειον,
1259 1228 1460 1298 ἐτέρων
1481 1229 1764 1298 νοημάτων
1797 1229 1928 1282 ὑπό-

349 1323 495 1386 θεσις
525 1323 603 1394 τῷ
637 1323 884 1376 ἀκούοντι
923 1322 1154 1389 γίνεται.
1218 1321 1434 1374 Τέλειον
1481 1321 1578 1390 μὲν
1607 1321 1714 1390 γάρ
1750 1338 1928 1392 φαμεν

347 1415 408 1467 τὸ
433 1414 975 1486 συμπεπληρωμένον
1003 1412 1080 1482 τῷ
1107 1413 1220 1482 ἰδίῳ
1241 1413 1382 1482 λόγῳ
1411 1414 1506 1482 τῆς
1535 1411 1744 1481 φύσεως
1763 1430 1774 1442 ·
1805 1415 1928 1466 ἀτε-

347 1506 438 1569 λὲς
468 1506 523 1558 δὲ
553 1505 613 1558 τὺ
653 1504 914 1559 ἐναντίον.
955 1503 1250 1573 Οὺθέτερον
1289 1503 1346 1556 δὲ
1377 1502 1580 1556 τούτων
1621 1505 1704 1572 ἐφ’
1734 1503 1924 1556 ἑαυτοῦ

348 1597 659 1666 λεγόμενον,
685 1595 807 1648 οὔτε
835 1595 1142 1668 ἄνθρωπον,
1165 1594 1289 1648 οὕτε
1313 1595 1444 1647 Θεὸν
1466 1594 1777 1665 ἐρμηνεύει,
1809 1595 1925 1648 ἀλλ’

349 1687 537 1757 ὥσπερ
563 1686 676 1757 (97)
708 1686 774 1740 ἂν
807 1685 1174 1755 συνονθμασθῇ
1203 1685 1507 1754 πράγματι,
1544 1683 1576 1752 ἢ
1608 1682 1851 1756 ὀνόματι,
1889 1683 1923 1754 ἢ

350 1778 578 1848 πλῆρες,
609 1776 642 1846 ἢ
666 1776 912 1838 ὲλλειπὲς
937 1775 1046 1845 (98)
1076 1775 1136 1827 τὸ
1163 1771 1490 1844 δηλούμενον
1513 1776 1710 1828 ἐννοεῖν
1741 1775 1926 1826 ὑποτί-

350 1869 520 1924 θεται.
545 1868 670 1931 Πῶς
691 1862 805 1930 οὖν,
838 1869 884 1919 εί
910 1866 1104 1935 ἀτελὴς
1134 1866 1220 1940 εἴη
1241 1867 1268 1918 ὁ
1289 1865 1592 1935 ἄνθρωπος,
1625 1865 1755 1928 Θεὸς
1784 1860 1924 1918 εἶναι

2035 696 2234 734 nomen
2270 681 2423 734 audit
2457 691 2706 733 naturam
2735 681 2852 750 ejus
2883 696 3099 734 omnem
3135 680 3318 734 animo
3355 683 3604 750 percipit,

2033 772 2352 840 nullamque
2384 771 2766 826 confusionem
2807 773 3012 842 patitur
3049 771 3352 828 dictionum
3391 773 3604 827 illarum

2031 864 2382 934 signiﬁcatio,
2419 872 2480 918 ut
2511 863 2568 918 in
2599 879 2788 918 eorum
2822 865 3086 918 alterutro
3135 864 3366 918 alterum
3401 864 3607 918 intelli—

2029 964 2210 1026 gatur.
2269 958 2408 1012 Nam
2458 971 2638 1026 neque
2709 958 2802 1010 illo
2859 957 3080 1010 nomine
3127 957 3294 1020 istud,
3353 971 3454 1010 nec
3501 957 3606 1010 hoc

2029 1052 2254 1106 nomine
2309 1049 2444 1104 illud
2500 1049 2866 1120 signiﬁcatur,
2913 1051 3008 1104 sed
3044 1049 3468 1119 unumquodque
3500 1065 3605 1102 no-

2028 1155 2158 1194 men
2208 1143 2624 1196 convenientem
2667 1149 2875 1196 natura:
2929 1157 3044 1194 suae
3095 1156 3316 1195 sensum
3370 1140 3602 1204 obtinet,

2027 1239 2084 1288 et
2129 1232 2280 1286 nullo
2329 1241 2490 1302 pacto
2535 1235 2849 1288 earumdem
2886 1235 3314 1304 signiﬁcationes
3370 1235 3604 1288 invicem

2027 1323 2356 1376 commutari
2402 1331 2658 1392 possunt.
2707 1325 2780 1378 At
2811 1325 3188 1395 imperfectum
3219 1335 3271 1379 et
3304 1325 3604 1394 perfectum

2027 1412 2275 1468 diversas
2333 1429 2563 1482 prorsus
2613 1415 2866 1470 notiones
2909 1415 2964 1469 in
3013 1416 3349 1470 audientium
3405 1415 3604 1480 animis

2027 1502 2375 1574 imprimunt;
2397 1505 2690 1574 perfectura
2713 1507 2856 1560 enim
2881 1505 3112 1560 dicimus
3133 1505 3278 1576 quod
3301 1506 3602 1560 secundum

2027 1596 2262 1666 propriaa
2291 1605 2502 1652 natum
2525 1597 2791 1651 rationem
2813 1599 3144 1668 completum
3179 1598 3604 1666 absolutumque

2025 1695 2148 1753 est;
2185 1685 2564 1756 imperfectum
2607 1703 2736 1742 vero
2771 1690 2916 1758 quod
2951 1689 3077 1742 huic
3112 1688 3450 1743 contrarium
3486 1696 3601 1753 est;

2025 1787 2282 1833 neutrum
2340 1788 2522 1834 autem
2587 1781 2804 1846 horum,
2860 1781 2904 1836 si
2959 1781 3209 1836 absolute
3261 1779 3602 1850 proferatur,

2025 1871 2328 1936 hominem,
2362 1881 2455 1926 aut
2485 1871 2652 1927 Deum
2693 1871 3004 1942 signiﬁcat;
3041 1871 3136 1926 sed
3175 1873 3484 1941 cuicunque
3524 1871 3604 1924 rei

348 1959 411 2012 τὸ
444 1959 628 2019 ἀτελὲς
661 1959 813 2028 παρὰ
850 1955 944 2010 τοῦ
1004 1955 1380 2026 Ἀπολιναρίοο
1418 1957 1916 2020 κατασκευάζεται,

2029 1965 2108 2018 vel
2157 1965 2368 2018 nomini
2425 1965 2776 2035 adjungatur,
2807 1963 2939 2018 facit
2968 1973 3026 2018 ut
3055 1964 3198 2037 quod
3225 1965 3453 2018 vocibus
3491 1963 3603 2019 illis

349 2052 423 2114 ὼς
455 2049 851 2120 συμϐαινούσης
903 2047 981 2117 τῷ
1023 2047 1164 2117 λόγῳ
1209 2047 1309 2116 τῆς
1337 2046 1586 2115 θεότητος
1607 2087 1622 2112 ,
1655 2047 1753 2118 τῆς
1782 2046 1922 2099 κατὰ

347 2141 448 2212 τὴν
475 2142 637 2210 φύσιν
673 2139 828 2211 ἡμῶν
863 2138 1210 2200 κολοϐὠσεως
1237 2153 1252 2202 ;

2025 2053 2372 2122 exprimitur,
2427 2054 2728 2126 perfectum
2765 2056 2851 2110 vel
2888 2071 3140 2109 mancum
3188 2071 3309 2111 esse
3339 2055 3605 2125 intelliga-

2028 2159 2172 2198 mus.
2219 2145 2506 2210 Quomodo
2547 2147 2713 2217 igitur
2761 2148 2804 2202 si
2847 2146 3198 2216 imperfectus
3244 2156 3388 2200 esset
3417 2145 3600 2209 homo,

354 2235 524 2291 Deum
608 2237 662 2291 in
713 2253 780 2292 eo
830 2251 954 2290 esse
1001 2235 1147 2303 quod
1211 2233 1594 2303 imperfectum
1645 2241 1731 2288 est
1803 2236 2140 2307 Apollinaris
2182 2242 2403 2306 astruit,
2454 2243 2610 2312 quasi
2687 2252 2896 2296 naturae
2942 2249 3147 2295 nostra:
3191 2240 3465 2294 mutilatio
3517 2237 3603 2290 di-

350 2333 563 2386 vinitati
619 2332 792 2402 magis
841 2330 1199 2384 conveniret?

421 2445 587 2498 Πάλιν
623 2443 680 2496 δὲ
723 2444 858 2514 πρὸς
891 2443 950 2496 τὺ
977 2443 1178 2512 ἐφεξῆς
1209 2442 1467 2513 προάγων
1493 2441 1582 2494 τὸν
1609 2442 1787 2510 λόγον,
1819 2459 1924 2512 φη-

353 2536 456 2589 σίν·
509 2539 588 2588 Οὺ
621 2535 864 2589 δύναται
905 2534 1112 2595 σώζειν
1155 2533 1260 2588 τὸν
1292 2537 1524 2602 κόσμον
1558 2537 1590 2587 ὀ
1622 2533 1929 2601 ἅνθρωπος

345 2627 462 2696 μὲν
479 2627 561 2680 ὢν
593 2627 700 2694 (99)
721 2666 734 2689 ,
784 2627 878 2678 καὶ
907 2625 979 2692 τῇ
1013 2624 1188 2692 κοινῇ
1221 2624 1342 2678 τῶν
1375 2622 1700 2690 ἀνθρώπων
1735 2621 1927 2692 φθορᾷ

351 2717 764 2786 ὑποκείμενος.
804 2718 950 2786 Φημὶ
986 2715 1144 2768 τοῦτο
1189 2713 1374 2782 κάγώ·
1425 2715 1472 2764 εἰ
1507 2715 1613 2783 γὰρ
1648 2713 1927 2783 αὐτάρκης

351 2807 420 2882 ἦν
455 2813 488 2880 ἡ
522 2809 831 2878 ἀνθρωπίνη
861 2807 1022 2874 φύσις
1053 2806 1188 2876 πρὸς
1213 2806 1272 2857 τὸ
1318 2806 1482 2874 ἑαυτῇ
1510 2803 1569 2856 τὸ
1593 2803 1795 2872 ἀγαθὸν
1822 2821 1922 2856 κα-

351 2901 756 2970 ταστήσασθαι,
803 2899 1053 2968 περιττὸν
1101 2899 1162 2951 τὸ
1223 2897 1540 2968 μυστήριον.
1590 2894 1806 2964 Ἐπειδὴ
1867 2895 1925 2948 δὲ

352 2991 632 3062 ἀμήχανον
650 2987 717 3060 ἦν
745 2988 849 3055 ἔξω
874 2988 1102 3042 θανάτου
1127 2987 1395 3054 γενέσθαι,
1433 2987 1506 3056 μὴ
1535 2983 1669 3038 Θεοῦ
1697 2985 1794 3054 τὴν
1823 2991 1934 3036 σω-’

352 3083 546 3154 τηρίαν
578 3082 931 3153 πορίσαντος,
963 3080 1050 3134 διὰ
1081 3081 1242 3134 τοῦτο
1287 3081 1347 3133 τὸ
1392 3079 1508 3148 φῶς
1541 3081 1600 3132 ἐν
1637 3081 1703 3150 τῇ
1739 3065 1928 3148 σκοτίᾳ

351 3173 558 3244 λάμπει
606 3172 694 3227 διὰ
735 3174 967 3244 σαρκὸς,
1005 3173 1072 3225 ἵν’
1103 3171 1321 3243 ὲξορίσῃ
1347 3170 1434 3224 διὰ
1476 3169 1678 3241 σαρκὸς
1713 3168 1811 3240 τὴν
1858 3169 1926 3222 ὲκ

349 3261 444 3315 τοῦ
478 3261 703 3324 σκότους
735 3261 1029 3314 ἀπώλειαν.
1074 3261 1226 3314 Ἀλλ’
1259 3260 1400 3314 οὐδὲ
1432 3260 1550 3314 ὑπὸ
1577 3259 1743 3324 Θεοῦ,
1770 3277 1842 3328 φη

345 3353 432 3423 μὴ
465 3353 628 3420 ἑπιμι
632 3351 879 3420 χθέντος
895 3351 1057 3420 ἡμῖν,
1081 3349 1398 3420 σωζόμεθα.
1418 3351 1734 3421 Σωφρωνεῖν
1752 3351 1927 3402 ἔοικεν

351 3448 409 3498 ὲν
439 3448 551 3508 τοῖς
592 3445 904 3515 λεγομένοις
936 3443 964 3496 ὁ
991 3442 1356 3514 λογογράφος,
1389 3443 1482 3495 καὶ
1519 3441 1654 3513 πρὸς
1674 3443 1801 3504 τοὺς
1827 3439 1927 3509 ἑμ-

352 3553 551 3605 φρονας
585 3535 874 3604 λογισμοὺς
911 3531 1008 3602 τὴν
1041 3531 1218 3602 ψυχὴν
1255 3532 1514 3598 ἐπανάγει
1539 3546 1551 3556 ·
1580 3532 1608 3582 ὁ
1641 3530 1748 3600 γὰρ
1780 3529 1926 3598 μίξιν

351 3629 518 3678 εἰπὼν
555 3625 662 3678 τῶν
687 3627 830 3680 κατὰ
855 3624 1015 3694 φύσιν
1047 3621 1346 3676 διεστώτων
1377 3621 1632 3690 σημαίνει
1666 3619 1764 3690 τὴν
1791 3619 1928 3672 ἓνω-

354 3731 456 3768 σιν.
495 3717 782 3783 Μίγνυται
814 3714 900 3776 δὲ,
945 3714 1104 3782 φησὶ,
1154 3711 1308 3780 σὰρξ
1350 3711 1687 3780 γενόμενος,
1727 3709 1928 3764 τουτέ-

351 3819 492 3856 στιν
523 3802 1055 3870 ἅνθρωπος-,καθὼς
1091 3801 1158 3853 τὸ
1185 3799 1558 3868 Εὐαγγέλιον
1597 3801 1796 3867 λέγει,
1829 3797 1928 3850 ὅτε

351 3897 506 3966 σὰρξ
531 3895 797 3964 ἐγένετο,
829 3893 963 3946 τότε
999 3893 1185 3946 αὑτὸν
1212 3891 1282 3944 ἐν
1317 3889 1464 3958 ἡμῖν
1496 3887 1921 3954 ἐσκηνωκέναι.

351 3988 488 4042 Οὐδὲ
535 3985 706 4039 ταῦτα
755 3983 848 4036 τοῦ
893 3983 1224 4050 ὑγιαίνοντος
1269 3981 1465 4050 ἀπᾴδει
1515 3979 1674 4048 λόῈλυ
1701 4020 1716 4045 υ
1763 3981 1809 4030 εί
1848 3981 1922 4050 μή

351 4099 402 4132 τι
435 4079 786 4149 παρασπαρεῖ
814 4077 888 4147 (1)
921 4074 1068 4144 αὐτῷ
1092 4073 1228 4144 μετὰ
1259 4071 1428 4124 ταῦτα
1460 4072 1556 4142 τῆς
1583 4070 1926 4135 ζιζανιώδους

353 4173 577 4242 σπορᾶς.
607 4165 772 4232 Οὗτος
795 4168 904 4239 γὰρ
926 4167 1210 4238 ἡμέτερος,
1239 4163 1436 4233 μᾶλλον
1467 4163 1524 4215 δὲ
1543 4163 1644 4232 τῆς
1666 4161 1924 4233 ἀληθείας

351 4265 380 4314 ὁ
412 4263 584 4330 λόγος,
617 4261 700 4313 ὅτι
740 4259 860 4312 τότε
901 4259 976 4328 (2)
1024 4258 1330 4328 ἐσκήνωσεν
1371 4255 1428 4308 ἐν
1466 4257 1621 4325 ἡμῖν,
1658 4255 1746 4307 ὅτε
1789 4252 1924 4324 σὰρξ

352 4354 598 4420 ἐγένετο,
638 4352 734 4405 καὶ
779 4351 840 4404 τὸ
883 4349 1139 4420 ἔμπαλιν,
1190 4349 1310 4400 τότε
1361 4347 1497 4418 σὰρξ
1530 4347 1780 4414 ἐγένετο,
1835 4346 1924 4398 ὅτε

351 4445 656 4514 ἐσκήνωσεν
690 4447 747 4497 ἐν
769 4445 898 4513 ἡμῖν
916 4442 1016 4512 (5).
1047 4442 1109 4493 Εἰ
1139 4435 1230 4493 οὖν
1263 4439 1323 4505 ἐξ
1350 4440 1559 4508 ἐκείνου
1585 4440 1618 4508 ἡ
1655 4436 1792 4506 σὰρξ
1830 4438 1923 4505 ἀφ’

349 4533 410 4592 οὗ
432 4541 464 4608 ἡ
486 4542 543 4591 ὲν
569 4540 700 4608 ἡμῖν
721 4537 1133 4606 κατασκήνωσις
1149 4572 1164 4595 ,
1187 4532 1294 4604 ἄρα
1317 4531 1446 4602 πρὶν
1469 4529 1922 4598 εὐαγγελισθῆναι

351 4631 457 4684 ὑπὸ
483 4629 574 4682 τοῦ
603 4628 839 4699 Γαϐριὴλ
863 4629 962 4698 τὴν
991 4625 1282 4696 Παρθένον,
1306 4623 1442 4696 σὰρξ
1470 4622 1680 4675 οὐδέπω
1704 4623 1732 4674 ὁ
1755 4621 1924 4688 Λόγος

348 4718 416 4792 ἦν
436 4737 448 4750 ·
481 4721 576 4775 καὶ
598 4720 796 4790 ψευδὴς
831 4721 860 4772 ό
887 4717 1058 4786 λέγων
1087 4720 1150 4769 ἐκ
1171 4717 1279 4769 τῶν
1307 4715 1514 4769 ἄνωθεν
1547 4713 1921 4784 καταϐεϐηκέ-

351 4831 437 4866 ναι
473 4813 606 4883 πρὸς
653 4812 800 4880 ἡμᾶς
841 4809 903 4862 τὸ
945 4807 1279 4878 ἀνθρώπινον
1333 4805 1430 4876 (4),
1482 4804 1618 4872 (καὶ
1653 4803 1758 4874 πρὸ
1826 4803 1924 4872 τῆς

350 4902 694 4974 ἀνθρωπίνης
728 4901 942 4970 φύσεως
971 4901 1146 4952 ἐκεῖνο
1175 4891 1314 4950 εἶναι
1345 4896 1437 4950 τὸν
1467 4894 1816 4964 ἄνθρωπον),
1855 4893 1922 4945 δι’

352 4991 410 5050 οὗ
462 4997 522 5047 τὸ
567 4995 706 5046 θεῖον
755 4993 820 5061 τῇ
859 4989 1172 5060 ἀνθρωπίνῃ
1223 4986 1528 5056 κατεμίχθη
1565 4985 1698 5056 ζωῇ.
1762 4983 1918 5038 Ἀλλ’

351 5087 492 5142 οὐδὲ
541 5087 696 5148 λύει,
728 5083 882 5154 φησὶ,
929 5081 1047 5148 τὴν
1092 5079 1210 5134 τῶν
1263 5078 1586 5146 ἀνθρώπων
1611 5077 1921 5144 ἁμαρτίαν,

349 5173 430 5246 μὴ
473 5176 548 5246 (5)
595 5177 916 5246 γενόμενος
945 5171 1254 5238 ἅνθρωπος
1296 5167 1709 5239 ἀναμάρτητος
1731 5209 1748 5234 ,
1777 5167 1916 5222 οὐδὲ

422 5357 530 5424 (94)
551 5356 706 5410 Corr.
725 5355 814 5408 διὰ
849 5354 956 5408 τῶν
983 5353 1312 5424 λεγομένων.

423 5427 534 5496 (95)
561 5427 708 5480 Part.
735 5425 828 5480 καί
847 5440 989 5478 corr.
1030 5425 1154 5496 add.

423 5492 535 5558 1⁷96⁷)
571 5496 632 5548 Et
663 5498 748 5549 hic
783 5507 886 5548 art.
911 5511 1054 5548 corr.
1089 5492 1213 5548 add.

425 5554 542 5634 (97}
561 5565 714 5618 Corr.
745 5565 858 5636 ἀλλ’
901 5565 1058 5636 ὅπερ.
1076 5565 1220 5634 Lego
1237 5562 1336 5616 ἀλλ
1350 5565 1366 5582 ’
1385 5554 1560 5633 ᾧπερ-

423 5639 534 5703 (98)
561 5638 718 5688 (Iorr.
749 5635 983 5698 ἐλλιπές.

423 5699 532 5775 (99)
556 5705 708 5759 Corr.
741 5707 768 5776 ο
795 5705 1096 5776 ἄνθρωπος.
1123 5705 1404 5772 ἄνθρωπος
1426 5699 1608 5776 μενων
1635 5703 1749 5766 καί,
1804 5717 1914 5771 quo

353 5769 524 5832 sensu
537 5775 854 5828 vertendum
885 5769 1058 5830 (Esset:
1087 5769 1328 5830 Mundam
1353 5769 1559 5842 salvere
1605 5789 1707 5826 non
1744 5769 1912 5842 potest

351 5849 526 5910 immo.
556 5847 642 5915 qui
672 5846 824 5898 homo
857 5857 1141 5912 permrmet,
1177 5856 1224 5895 et
1254 5841 1539 5905 communi,
1583 5853 1690 5912 etc.

423 5916 498 5984 (i)
535 5915 686 5970 (Sorr.
727 5917 1080 5986 παρασπαρῇ.

1851 3258 1924 3322 at,
1955 3228 1998 3288 Ο

2096 2445 2184 2498 LI.
2251 2444 2462 2500 Rursus
2511 2455 2689 2498 autem
2747 2445 2814 2498 ad
2869 2445 2976 2497 alia
3027 2459 3278 2514 pergens,
3335 2447 3416 2500 sic
3471 2446 3598 2502 ait:

2025 2523 2282 2584 Manduni
2328 2532 2536 2586 salvare
2590 2549 2692 2585 non
2733 2542 2902 2600 potest
2946 2533 3034 2600 qui
3067 2533 3221 2586 homo
3272 2533 3478 2604 quidem
3523 2545 3602 2588 est

2023 2631 2072 2674 et
2100 2625 2362 2675 communi
2385 2623 2650 2676 hominum
2689 2625 3016 2692 corruptioni
3047 2625 3300 2678 obnoxius
3331 2634 3430 2678 est.
3469 2624 3598 2680 Haac

2023 2722 2078 2764 et
2121 2726 2238 2764 mea
2287 2712 2522 2766 assertio
2575 2723 2694 2778 est,
2753 2729 2878 2766 nam
2923 2717 2971 2766 si
3011 2714 3252 2766 humana
3289 2719 3486 2767 natura
3533 2713 3604 2768 ad

2024 2801 2223 2854 bonum
2280 2803 2384 2856 sibi
2435 2803 2860 2872 comparandum
2905 2802 3018 2857 sola
3069 2801 3374 2872 sufﬁceret,
3409 2818 3605 2873 super—

2027 2907 2326 2946 vacaneum
2379 2895 2566 2962 utique
2599 2895 2994 2948 incarnationis
3026 2895 3349 2964 mysterium
3380 2895 3600 2950 fuisset.

2027 2981 2293 3047 Quoniam
2344 3000 2474 3039 vero
2535 2996 2767 3040 mortem
2819 2986 3052 3040 evadere
3086 3001 3194 3040 non
3251 2994 3486 3055 poterat,
3554 2989 3603 3042 si

2029 3073 2171 3129 Deus
2221 3076 2452 3130 salutem
2502 3077 2607 3145 ipsi
2662 3077 2974 3148 impertitus
3039 3093 3150 3131 non
3209 3079 3428 3142 fuisset,
3477 3095 3607 3149 pro-

2031 3174 2217 3234 pterea
2252 3167 2346 3220 lux
2401 3167 2454 3221 in
2513 3168 2756 3223 tenebris
2805 3183 2903 3237 per
2945 3183 3164 3224 carnem
3199 3171 3365 3234 lucet,
3418 3179 3476 3224 ut
3509 3187 3606 3240 per

2029 3255 2276 3309 eamdem
2339 3271 2558 3311 carnem
2593 3275 2660 3312 ex
2716 3258 2960 3314 tenebris
3013 3269 3188 3314 ortam
3243 3260 3604 3329 perditionem

2029 3346 2294 3400 eliminet.
2328 3347 2431 3402 Sed
2467 3365 2630 3417 neque
2654 3351 2946 3414 solvamur,
2982 3351 3096 3414 ait,‘
3122 3367 3155 3404 a
3201 3351 3329 3412 Dea,
3378 3352 3424 3405 si
3456 3352 3604 3406 nobis

2029 3438 2336 3491 commistus
2377 3456 2484 3492 non
2531 3441 2620 3493 sit.
2669 3439 2828 3495 Hisce
2881 3440 2935 3496 in
2987 3441 3171 3496 verbis
3223 3452 3370 3497 recte
3400 3443 3606 3498 sentire

2027 3539 2082 3584 et
2106 3531 2174 3584 ad
2211 3531 2573 3600 sapientiores
2600 3533 2963 3602 cogitationes
3003 3534 3244 3588 animum
3283 3543 3604 3590 convertere

2027 3623 2266 3690 scriptor
2297 3622 2514 3676 videtur
2540 3642 2554 3688 ;
2587 3639 2710 3676 nam
2743 3624 2836 3693 qui
2867 3625 3182 3678 mistionem
3235 3627 3386 3690 dicit,
3417 3643 3604 3682 rerum

2035 3713 2338 3766 secundum
2389 3721 2637 3768 naturam
2688 3713 3126 3784 discrepantium
3174 3717 3487 3772 unitionem
3523 3719 3603 3774 si-

2025 3804 2268 3872 gniﬁcat.
2311 3803 2570 3860 Miscetur
2614 3817 2790 3860 autem
2853 3807 3158 3872 nobiscum,
3213 3809 3420 3878 inquit,
3485 3827 3604 3862 cum

2027 3913 2174 3960 caro,
2225 3897 2321 3950 hoc
2367 3907 2466 3963 est,
2508 3897 2662 3952 homo
2693 3899 2868 3968 factus
2919 3901 3044 3967 fuit,
3078 3902 3518 3970 quemadmodum
3548 3905 3603 3957 iu

2027 3989 2308 4061 Evangelia
2341 3992 2558 4056 dicitur,
2590 4003 2711 4046 tunc
2756 4010 2964 4046 carnem
3015 3993 3215 4062 factum
3263 3995 3447 4062 fuisse,
3482 4012 3602 4050 cum

2025 4082 2280 4136 habitavit
2325 4084 2377 4136 in
2425 4083 2595 4138 nobis.
2636 4082 2747 4138 Nec
2797 4085 2901 4140 ista
2946 4100 2974 4138 a
3011 4095 3160 4140 recto
3205 4099 3459 4139 sermone
3485 4085 3602 4140 dis-

2027 4189 2160 4228 sona
2203 4183 2348 4238 sunt,
2402 4175 2508 4228 nisi
2569 4176 2755 4230 statim
2811 4177 2880 4230 ab
2933 4177 3056 4246 ipso
3103 4176 3289 4244 aliqua
3340 4176 3600 4244 deinceps

2025 4265 2594 4332 superseminarentur
2637 4266 2866 4320 zizania.
2905 4264 3038 4318 Nam
3091 4267 3177 4318 hic
3225 4272 3430 4328 noster,
3482 4265 3594 4319 iniu

2027 4355 2208 4422 potius
2242 4355 2414 4424 ipsius
2443 4356 2690 4412 veritatis
2723 4373 2906 4411 sermo
2948 4366 3051 4422 est,
3091 4367 3219 4410 tunc
3268 4373 3460 4426 nempe
3508 4358 3601 4410 ha-

2026 4444 2232 4498 bitasse
2285 4445 2340 4500 in
2387 4445 2571 4506 nobis,
2617 4447 2837 4514 quando
2885 4463 3012 4500 caro
3066 4447 3268 4501 factum
3311 4456 3416 4511 est,
3469 4455 3523 4502 et
3571 4463 3601 4502 e

2029 4536 2298 4590 contrario
2351 4542 2482 4590 tunc
2520 4553 2738 4591 carnem
2771 4537 2970 4591 factum
3008 4529 3152 4601 esse,
3183 4555 3306 4592 cum
3341 4539 3602 4592 habitavit

2029 4626 2083 4678 in
2130 4627 2312 4682 nobis.
2367 4626 2426 4680 Si
2472 4627 2636 4697 igitur
2691 4643 2758 4682 ex
2807 4629 2898 4681 illo
2939 4641 3180 4698 tempore
3239 4645 3368 4682 caro
3407 4632 3506 4682 fuit
3535 4647 3600 4683 cx

2021 4733 2132 4786 quo
2169 4717 2416 4773 habitare
2455 4720 2622 4788 coepit
2649 4719 2704 4772 in
2754 4721 2931 4782 nobis,
2958 4737 3087 4786 ιιι·εο
3121 4720 3358 4776 Verbum
3395 4737 3603 4791 nequa-

2019 4823 2182 4876 quam
2233 4823 2364 4862 caro
2400 4819 2523 4863 erat
2579 4819 2874 4880 antequam
2916 4812 3132 4866 Gabriel
3182 4811 3458 4882 Virginem
3505 4829 3602 4866 an-

2021 4899 2378 4966 nuntiasset;
2433 4909 2489 4954 et
2544 4903 2636 4970 qui
2691 4903 2821 4956 dicit
2862 4903 3256 4956 humanitalem
3313 4902 3474 4957 Verbi
3533 4903 3600 4956 ad

2020 5005 2122 5044 nos
2153 5007 2184 5043 e
2224 4993 2363 5045 caelo
2412 4992 2768 5048 descendisse
2819 4996 2895 5062 (et
2956 5003 3082 5050 ante
3128 5006 3360 5048 creatam
3410 4995 3602 5048 huma-

2032 5095 2156 5130 nam
2205 5089 2453 5132 naturam
2489 5081 2602 5148 jam
2639 5081 2772 5135 illud
2809 5085 3082 5134 hominem
3135 5068 3453 5149 exstitisse),
3505 5095 3601 5149 per

2023 5167 2168 5238 quod
2191 5167 2440 5222 humana:
2459 5178 2670 5224 naturze
2689 5171 2948 5226 divinitas
2969 5172 3255 5226 commista
3293 5170 3414 5234 fuit,
3449 5185 3602 5224 IIICI]-

2091 5349 2166 5416 (2)
2193 5349 2270 5404 Ita
2305 5352 2633 5415 corr.;male
2651 5363 2808 5405 antea
2839 5352 2919 5404 τό.

2090 5421 2165 5488 (5)
2198 5421 2355 5490 liunc
2391 5422 2568 5474 locum
2619 5437 2793 5490 usque
2829 5423 2894 5474 ad
2938 5421 3026 5474 illa
3059 5420 3392 5490 Apollinaris
3435 5421 3602 5475 verba

2019 5490 2130 5542 ἀλλ’
2162 5491 2280 5543 οὐδὲ
2301 5489 2436 5554 λύει,
2467 5493 2632 5544 rel'ert
2653 5489 3042 5561 Euthymiusin
3070 5489 3342 5561 P’anoplia:
3360 5499 3502 5559 part.
3524 5507 3560 5544 ιι
3584 5533 3602 5556 ,

2017 5565 2102 5614 tit.
2139 5561 2239 5632 15,
2296 5577 2420 5632 pag.
2451 5561 2554 5614 526
2576 5601 2592 5622 ,
2633 5577 2775 5616 vers.
2803 5560 2868 5615 Si
2901 5571 3025 5614 tunc
3071 5560 3314 5614 Verbum.

2091 5633 2164 5700 (xi)
2194 5631 2324 5696 Qua:
2377 5631 2742 5686 semicirculis
2770 5633 3124 5685 includuntur
3160 5647 3302 5686 corr.
3353 5631 3506 5700 add.,
3547 5641 3603 5684 ei

2020 5705 2161 5773 apud
2187 5701 2535 5773 Euthymium
2551 5717 2778 5773 quoque
2811 5703 3097 5755 habentur.

2095 5772 2171 5842 (5)
2192 5769 2349 5827 Forte
2374 5772 2658 5842 legendum
2691 5769 2743 5824 εἰ
2775 5773 2868 5841 μή,
2903 5780 2962 5825 ut
2991 5787 3116 5827 mox
3149 5771 3206 5826 in
3231 5770 3401 5838 altera
3429 5769 3602 5841 huius

2024 5843 2230 5912 periodi
2262 5851 2415 5912 parte
2436 5841 2611 5898 habet
2641 5841 2944 5918 Nyssenus.
