4120 6394
541 499 678 552 ΗΠ

1797 477 1855 531 S.
1886 470 2214 529 GREGORII
2246 465 2542 524 NYSSENI

3648 447 3796 500 itii3

537 617 648 670 dux
693 620 796 670 est.
848 609 950 664 Sed
1001 621 1181 676 neque,
1236 603 1330 670 ait,
1381 609 1594 670 peccata
1640 598 1911 656 hominum
1957 593 2118 656 delet,

2235 589 2338 658 τὴν
2373 587 2524 642 κατὰ
2549 583 2790 638 πάντων
2812 579 3137 648 ἀνθρώπιον
3165 573 3270 630 τοῦ
3310 573 3568 630 θανάτου
3604 572 3798 635 βασι-

540 723 646 761 mst
687 699 1042 770 impeccabilis
1075 697 1228 750 homo
1258 695 1430 764 factus
1478 691 1636 760 fuerit
1669 705 1686 743 :
1729 705 1891 758 neque
1923 686 2110 739 mortis

541 799 598 854 in
645 812 822 850 omnes
849 791 1080 846 homines
1115 788 1389 856 imperium
1423 784 1666 844 destruit,
1709 781 1812 834 nisi
1849 787 1907 832 ut
1962 781 2112 834 homo

541 897 779 942 mortuus
803 885 892 946 sit,
928 891 976 934 et
1007 879 1369 932 resurrexerit.
1397 873 1614 930 Utinam
1644 887 1817 942 usque
1852 869 1919 923 ad
1952 867 2112 922 ﬁnem

541 989 694 1036 recta
740 983 975 1048 saperet,
1030 987 1150 1043 quae
1191 969 1452 1026 Ecclesia:
1493 973 1639 1028 sunt,
1681 965 1948 1034 loquens!
2009 958 2116 1014 Sed

543 1074 746 1128 iterum
779 1070 846 1124 ad
881 1066 1160 1137 ingenium
1203 1061 1362 1124 redit,
1415 1067 1470 1114 et
1527 1057 1784 1113 Ecclesiae
1807 1053 2115 1109 doctrinam

545 1173 953 1229 accusans,nos
985 1154 1266 1226 propriam
1321 1150 1492 1206 solius
1531 1149 1784 1202 humana:
1814 1146 1869 1198 in
1899 1142 2118 1198 Christo

543 1264 756 1310 naturae
786 1253 956 1306 fuisse
1003 1257 1258 1308 mortem,
1291 1241 1608 1298 existimare
1642 1238 1736 1300 ait,
1767 1243 1822 1291 et
1849 1234 2115 1288 rationem

544 1348 834 1418 quamdam
855 1359 882 1396 a
911 1358 969 1398 se
997 1339 1382 1408 exc0gitatam,
1408 1332 1476 1386 ad
1510 1329 1836 1387 sententiam
1871 1333 2116 1381 nostram

547 1415 934 1494 confutandam
974 1429 1278 1500 subjungit,
1318 1441 1438 1496 qua:
1494 1423 1568 1478 ita
1617 1437 1678 1477 se
1733 1419 1928 1474 habet:
1968 1415 2118 1471 Mors

549 1543 725 1586 autem
751 1527 998 1588 hominis,
1039 1522 1235 1592 inquit,
1261 1527 1481 1574 mortem
1519 1531 1622 1570 non
1663 1512 1906 1567 destruit.
1941 1509 2120 1574 Quor-

550 1643 672 1683 sum
723 1633 918 1679 auctor
973 1622 1076 1676 ista
1122 1615 1362 1687 profert?
1413 1609 1618 1680 Nempe
1677 1617 1737 1662 ut
1776 1607 1950 1676 ipsius
1985 1601 2120 1657 Uni-

549 1719 718 1790 geniti
764 1715 1126 1775 divinitatem,
1187 1712 1361 1778 ipsam
1395 1705 1704 1762 veritatem,
1751 1700 1921 1769 ipsam
1953 1696 2118 1750 vitam

551 1815 605 1866 in
651 1809 832 1862 crucis
883 1805 1138 1876 passione
1191 1799 1471 1854 interiisse
1514 1791 1790 1856 ostendat,
1839 1791 1910 1843 ita
1966 1796 2026 1842 ut
2065 1786 2118 1840 in

551 1901 796 1956 triduani
855 1899 1002 1951 illius
1055 1893 1320 1963 temporis
1381 1887 1608 1960 periodo
1647 1885 1759 1938 vita
1803 1897 1912 1936 non
1955 1877 2124 1932 exsti-

551 1997 700 2056 terit,

550 2086 707 2146 ritas,
755 2097 860 2134 non
892 2081 1010 2149 ipsa
1039 2078 1258 2132 demum
1299 2070 1578 2128 divinitas.
1607 2065 1793 2134 Neque
1831 2063 1975 2117 enim
2016 2071 2125 2112 una

551 2175 838 2229 divinitate
884 2171 1234 2236 interempta,
1289 2164 1513 2218 alteram
1569 2156 1908 2213 divinitatem
1937 2165 2128 2220 super-

551 2267 734 2321 stitem
783 2263 952 2316 fuisse
1008 2260 1106 2322 ait,
1160 2252 1605 2326 quandoquidem
1666 2247 1854 2302 multis
1893 2245 1948 2299 in
1995 2243 2131 2298 locis

551 2357 732 2427 ipsum
789 2356 888 2408 hac
922 2351 990 2407 de
1043 2366 1100 2406 re
1132 2348 1396 2402 adversus
1419 2343 1610 2397 Arium
1638 2339 1901 2396 dimicare
1933 2350 2126 2390 unam-

549 2465 659 2519 que
685 2463 808 2503 csse
830 2445 1118 2498 Trinitatis
1147 2441 1408 2496 deitatem
1435 2443 1686 2492 astruere
1712 2438 1970 2500 apparet;
2003 2442 2124 2496 quae

549 2541 772 2610 quidem
805 2537 1084 2596 divinitas,
1115 2549 1240 2588 cum
1277 2533 1329 2584 in
1363 2530 1584 2584 Christo
1622 2509 1960 2584 occubuerit,
1996 2521 2122 2586 alia,

553 2643 612 2687 ut
652 2635 768 2702 ipse
803 2627 902 2684 sub
941 2633 1260 2697 argumento
1295 2621 1600 2684 conﬁrmat,
1653 2628 1994 2686 nequaquam
2030 2627 2124 2668 su-

550 2725 773 2797 perfuit.
821 2721 994 2776 Porro
1041 2733 1152 2772 non
1191 2715 1350 2770 video
1390 2710 1666 2782 quomodo
1714 2707 1837 2777 quis
1878 2706 2126 2760 dubitare

555 2817 728 2888 possit
773 2816 904 2884 quin
953 2811 1292 2865 divinitatem
1343 2804 1504 2858 morti
1551 2801 1842 2856 obnoxiam
1879 2798 1970 2851 ille
2022 2809 2131 2849 non

557 2911 743 2964 furiat.
779 2906 912 2960 Nam
947 2917 1096 2957 mors
1140 2898 1289 2952 aliud
1339 2897 1394 2950 in
1433 2893 1652 2949 homine
1701 2907 1810 2945 non
1862 2899 2130 2958 estquam

557 2998 848 3070 compositi
905 2991 1234 3056 dissolutio;
1293 2988 1536 3042 humano
1582 2982 1851 3054 siquidem
1903 2992 2134 3048 corpore

555 3095 612 3148 in
654 3069 779 3146 illas
809 3104 874 3144 ex
901 3086 1101 3157 quibus
1161 3087 1402 3140 constat,
1441 3083 1628 3146 partes
1675 3074 1966 3134 dissoluto,
2013 3069 2134 3123 ani-

555 3197 646 3237 ma
687 3180 850 3238 simul
896 3191 1018 3232 cum
1062 3187 1290 3242 corpore
1351 3185 1461 3224 non
1495 3165 1777 3230 concidit;
1836 3161 1932 3217 sed
1989 3161 2136 3231 quod

2219 679 2392 734 λείαν
2421 675 2722 738 καταλύει,
2749 674 2802 726 εὶ
2821 671 2906 741 μὴ
2937 671 3015 735 ὡς
3042 669 3348 735 ἅνθρωπος
3381 663 3657 726 ἀπέθανε,
3687 660 3798 715 καὶ

2220 771 2467 836 ἀνέστη.
2489 767 2614 820 Εἴθε
2649 764 2805 836 μέχρι
2835 763 3020 824 τέλους
3046 758 3124 831 ἦν¹
3143 757 3460 828 εὐγνώμων,
3499 757 3568 808 τὰ
3599 757 3661 808 ὲκ
3689 756 3794 824 τῆς

2235 861 2556 932 Ἐκκλησίας
2587 859 2980 928 φθεγγόμενοςῐ
3011 851 3172 908 Πάλιν
3191 851 3246 905 δὲ
3267 851 3400 921 πρὸς
3419 850 3604 904 ἑαυτὸν
3625 852 3790 903 ἐπαν-

2221 959 2436 1032 έρχεται
2503 952 2594 1006 καί
2624 969 2788 1022 φησι,
2831 951 2921 1004 τὸν
2966 943 3419 1016 ἐκκλησιαστικὸν
3468 940 3796 1010 αἰτιώμενος

2222 1047 2396 1116 λόγον,
2447 1047 2530 1099 ὅτι
2561 1045 2688 1116 περὶ
2717 1043 2806 1096 τὸν
2839 1041 3120 1112 ἄνθρωπον
3153 1035 3464 1107 θεωροῦμεν
3493 1034 3553 1087 τὸ
3583 1034 3752 1096 πάθος
3775 1071 3798 1097 ,

2223 1142 2317 1194 καὶ
2352 1140 2545 1207 ἐπάγει
2587 1137 2677 1191 τὸν
2713 1137 2841 1190 ἴδιον
2883 1134 3058 1204 λόγον,
3091 1133 3170 1196 εἰς
3209 1131 3430 1200 ἔλεγχον
3457 1128 3556 1198 τῆς
3587 1127 3796 1196 ὑπολή-
3825 1143 3828 1148 ·

2223 1233 2368 1302 ψεως
2396 1229 2574 1301 ἡμῶν,
2602 1229 2791 1298 ἔχοντα
2815 1225 3011 1289 οὕτως·
3029 1223 3106 1295 (6)
3155 1219 3482 1288 Ἀνθρώπου
3507 1219 3604 1284 δὲ,
3635 1217 3798 1289 ῳησὶ,

2226 1323 2502 1389 θάνατος,
2534 1323 2605 1376 οὐ
2634 1317 2912 1388 καταργεῖ
2935 1316 3042 1370 τόν
3070 1315 3346 1370 θάνατον.
3369 1311 3434 1364 Ti.
3455 1309 3800 1364 κατασκευά-

2226 1419 2333 1480 ζων
2362 1415 2537 1470 ταῦτὰ
2565 1430 2764 1486 φησιν;
2795 1411 2915 1464 ’Ότι
2955 1407 3117 1462 αὑτοῦ
3159 1407 3238 1477 (7)
3267 1405 3359 1458 τοῦ
3389 1401 3724 1472 Μονογενοῦς
3757 1403 3798 1471 ἡ

2225 1511 2438 1580 θεότης,
2479 1508 2615 1577 αὑτὴ
2657 1509 2690 1577 ἡ
2739 1503 2962 1574 ἀλήθεια
2994 1543 3007 1564 ,
3050 1500 3184 1571 αὑτὴ
3213 1503 3245 1570 ἡ
3279 1498 3390 1568 ζωὴ
3437 1499 3492 1548 ὲν
3541 1495 3616 1566 τῷ
3650 1493 3798 1547 κατὰ

2224 1603 2316 1655 τὸν
2369 1601 2595 1674 σταυρὸν
2651 1597 2810 1652 πάθει
2867 1592 3222 1664 ἁπενεκρώθη
3253 1632 3266 1654 ,
3303 1590 3442 1642 ὥστε
3499 1588 3634 1641 κατὰ
3693 1587 3800 1657 τὴν

2227 1693 2520 1764 τριήμερον
2552 1687 2764 1756 ἐκείνην
2794 1683 2887 1737 τοῦ
2916 1683 3104 1755 χρόνου
3139 1675 3502 1750 περιγραφὴν,
3539 1675 3611 1746 μὴ
3651 1672 3800 1742 ζωὴν

2228 1781 2409 1846 εῖναι,
2473 1781 2548 1854 μὴ
2607 1780 2871 1850 δύναμιν,
2941 1777 3016 1846 μὴ
3069 1771 3448 1840 δικαιοσύνην,
3502 1768 3574 1838 μὴ
3631 1765 3788 1834 φῶς,

2234 1878 2306 1948 μὴ
2356 1875 2632 1946 ἀλήθειαν,
2678 1871 2750 1941 μὴ
2797 1868 2964 1939 αὐτὴν
2997 1867 3094 1936 τὴν
3130 1865 3376 1934 θεότητα.
3425 1861 3498 1913 Οὐ
3529 1857 3634 1929 γὰρ
3667 1857 3800 1926 μιᾶς

744 2007 850 2046 non
899 1991 1092 2052 virtus,
1133 2002 1242 2040 non
1271 1981 1510 2054 justitia,
1565 1993 1675 2032 non
1726 1977 1842 2037 lux,
1877 1987 1985 2026 non
2025 1985 2120 2024 vc-

2235 1967 2596 2036 ὶποθανούσης
2631 1965 2916 2034 θεότητος,
2965 1961 3155 2029 ἑτέραν
3194 1954 3570 2020 ὑπολελεῖφθαι
3611 1950 3798 2016 λέγει,

2225 2064 2356 2117 διότι
2390 2057 2653 2130 πολλαχοῦ
2691 2057 2962 2110 δείκνυται
3005 2051 3198 2123 Ἂρεξῳ
3241 2047 3367 2118 περὶ
3402 2046 3586 2099 τούτου
3629 2041 3800 2112 μαχὸ-

2231 2170 2428 2226 μενος,
2473 2151 2572 2204 καὶ
2621 2149 2746 2220 μίαν
2779 2142 2917 2200 εἷναι
2963 2141 3385 2204 κατασκευάζων
3428 2139 3525 2206 τῆς
3569 2133 3800 2204 Τριὲιδος

2229 2246 2490 2314 θεότητα,
2522 2237 2589 2312 ἧς
2629 2243 2685 2293 ὲν
2723 2239 2895 2308 τούτῳ
2933 2234 3294 2305 νεκρωθείσης
3317 2271 3332 2294 ,
3373 2227 3554 2290 καθὼς
3599 2241 3804 2292 συγκα-

2229 2335 2553 2397 τασκευάζει
2583 2331 2659 2401 τῷ
2697 2329 2859 2398 λόγῳ,
2889 2326 3104 2386 πάντως
3129 2323 3288 2394 ἑτέρα
3309 2321 3408 2374 οὐκ
3427 2315 3514 2389 ἦν.
3545 2317 3652 2368 Καὶ
3680 2314 3802 2374 πῶς

2229 2426 2294 2480 ἄν
2327 2442 2409 2487 τις
2448 2423 2792 2491 ὑπονοήσειεν
2840 2417 3002 2470 αὐτὸν
3043 2415 3118 2484 (8)
3157 2413 3230 2484 μὴ
3259 2409 3455 2482 θνητὴν
3493 2409 3660 2460 ποιεῖν
3700 2405 3826 2474 τὴν·

2231 2517 2482 2588 θεότητα,
2525 2513 2750 2566 συνιδεῖν
2788 2512 2886 2562 οὐκ
2939 2509 3064 2578 ἔχω.
3102 2506 3235 2558 uta:
3275 2504 3383 2574 γὰρ
3432 2500 3615 2568 ἕτερόν
3653 2501 3802 2549 ἐστιν

2231 2609 2318 2662 ἐπ’
2349 2605 2633 2678 ἀνθρώπου
2665 2603 2912 2664 θάνατος,
2939 2602 2986 2652 εἰ
3019 2598 3092 2668 μὴ
3123 2595 3216 2648 τοῦ
3251 2593 3498 2648 συνθέτου
3525 2591 3762 2651 διάλυσις
3782 2606 3798 2621 ο

2231 2701 2352 2754 οὐδὲ
2382 2699 2490 2769 γὰρ
2520 2699 2576 2750 ὲν
2600 2697 2732 2768 ἡμῖν
2754 2690 2847 2747 τοῦ
2881 2691 3130 2761 σώματος
3157 2692 3236 2751 εἱς
3272 2687 3342 2740 τὰ
3382 2685 3441 2749 ἐξ
3472 2678 3546 2737 ὧν
3585 2682 3804 2748 σύγκει-

2233 2813 2321 2848 ται
2363 2792 2654 2862 λυομένου,
2689 2789 2782 2841 καὶ
2824 2788 2857 2855 ὴ
2889 2784 3032 2854 ψυχὴ
3067 2778 3436 2836 συνδιαπίπτει
3469 2779 3534 2846 τῇ
3566 2774 3804 2827 διαλύσει

2233 2887 2325 2940 τοῦ
2363 2885 2640 2956 σώματος·
2675 2879 2810 2935 ἀλλὰ
2837 2879 2896 2931 τὸ
2928 2879 3026 2948 μὲν
3057 2875 3304 2928 σύνθετον
3337 2871 3628 2928 διαλύεται,
3661 2867 3718 2920 τὸ
3745 2866 3804 2918 δὲ

2237 2977 2526 3056 ἀσύνθετον
2543 2973 2822 3029 ἀδιάλυτον
2849 2969 3013 3042 μένει.
3048 2969 3110 3020 Εἰ
3140 2963 3230 3019 οὖν
3249 2966 3424 3035 ψυχῆς
3452 2965 3546 3031 οὐχ
3576 2963 3804 3014 ἅπτεται

2237 3067 2486 3130 θάνατος,
2525 3065 2639 3126 πῶς
2667 3065 2700 3134 ἡ
2734 3063 2924 3131 θεότης
2967 3057 3383 3128 ἀπονεκροῦται,
3416 3056 3722 3122 λεγέτωσαν
3755 3052 3804 3104 οἱ

2240 3160 2314 3230 μὴ
2345 3159 2540 3220 εἰδότες
2566 3157 2601 3210 ἃ
2627 3157 2862 3224 λέγουσι.

559 3273 918 3343 compositum
971 3277 1054 3323 est
1121 3264 1474 3326 dissolvitur;
1517 3259 1662 3330 quod
1697 3265 1875 3311 autem
1933 3256 2003 3312 ab
2051 3254 2200 3308 omni
2240 3251 2637 3320 compositione
2663 3250 2898 3303 alienum
2949 3255 3054 3309 est,
3105 3245 3373 3312 integrum
3419 3245 3716 3309 permanet.
3747 3235 3808 3290 Si

558 3362 924 3432 igituranima
949 3357 1110 3412 morti
1145 3355 1384 3410 obnoxia
1422 3367 1532 3406 non
1565 3361 1670 3414 est,
1700 3363 1937 3419 quonam
2001 3355 2160 3415 pacto
2201 3345 2462 3400 divinitas
2515 3343 2740 3396 interire
2789 3345 2952 3410 queat
3003 3336 3191 3390 dicant
3243 3335 3334 3404 qui
3380 3329 3630 3387 nesciunt
3674 3329 3808 3400 quid

559 3461 876 3528 loquamur.

632 3517 742 3606 LII.
784 3547 1059 3600 Caeterum
1117 3555 1240 3611 qua:
1283 3539 1541 3606 deinceps
1577 3535 1642 3588 ad
1690 3533 1740 3587 id
1793 3532 2129 3602 probandum

2313 3523 2392 3578 Τὰ
2425 3522 2481 3574 δὲ
2515 3519 2745 3588 ἐχόμενα
2775 3517 2996 3582 τούτων,
3039 3517 3138 3569 ὅσα
3171 3517 3270 3586 τῆς
3295 3517 3465 3586 αὐτῆς
3491 3517 3604 3570 ἐστι
3639 3533 3806 3570 κατα-

563 3640 870 3710 subiungit.
923 3635 1120 3689 lubens
1152 3631 1435 3694 omittam;
1499 3643 1622 3682 nam
1679 3627 1733 3678 in
1779 3625 2132 3693 sequentibus

563 3733 737 3798 ipsam
797 3723 1074 3794 Unigeniti
1121 3720 1460 3775 divinitatem
1503 3723 1732 3770 mortem
1763 3714 1964 3769 obiisse
2002 3729 2134 3768 con-

565 3823 806 3880 iirtnans,
848 3818 946 3880 ait,
997 3813 1237 3866 Horninis
1289 3825 1430 3863 mors
1477 3817 1696 3861 mortem
1739 3823 1839 3860 non
1888 3805 2131 3868 destruit,

565 3922 732 3976 neque
776 3901 1001 3970 resurgit
1033 3899 1119 3968 qui
1153 3905 1388 3951 mortuus
1441 3909 1542 3947 non
1574 3901 1680 3956 est;
1713 3905 1776 3943 ex-
1801 3889 2010 3960 quibus,
2051 3890 2135 3943 in-

561 3996 704 4066 quit,
751 3993 989 4048 omnibus
1021 3997 1162 4059 putet
1209 3989 1382 4056 ipsum
1426 3983 1594 4037 Deum
1645 3982 1925 4046 interiisse,
1967 3997 2135 4049 quan-

557 4083 861 4156 doquidem,
915 4081 1109 4150 inquit,
1165 4077 1280 4146 ﬁeri
1342 4091 1445 4129 non
1503 4082 1729 4141 poterat,
1783 4080 1841 4124 ut
1891 4069 2132 4126 Christus

566 4180 724 4234 morti
775 4172 1152 4229 succumberet.
1202 4169 1332 4233 Quae
1365 4167 1566 4230 omnia,
1618 4173 1804 4234 utpote
1851 4162 2136 4216 manifeste

565 4275 774 4324 altisona
813 4275 866 4322 et
918 4262 1180 4327 absurda,
1241 4260 1460 4313 minimc
1507 4258 1595 4310 hic
1639 4255 1980 4309 discutienda
2013 4267 2136 4306 esse

565 4361 825 4421 arbitror,
869 4370 990 4408 cum
1041 4349 1292 4421 quisquis
1336 4353 1514 4402 mente
1563 4361 1668 4398 non
1727 4356 1897 4408 carct,
1938 4356 2034 4412 per
2079 4357 2137 4396 se

571 4452 749 4506 valeat
799 4449 942 4502 illius
977 4444 1308 4514 impietatem
1351 4449 1510 4508 atque
1553 4435 1880 4490 dementiam
1927 4433 2138 4504 perspi-

573 4559 720 4607 cere,
761 4541 854 4611 qui
907 4538 1072 4592 Deum
1112 4536 1310 4604 ipsum,
1347 4537 1574 4583 mortem
1615 4529 1667 4580 in
1697 4529 1911 4596 propria
1939 4534 2136 4579 natura

573 4644 916 4702 perpessum,
960 4627 1231 4680 interiisse
1269 4620 1605 4690 pronuntiat.
1660 4616 2037 4672 Verumtamen
2072 4619 2137 4670 il-

575 4725 666 4778 lud
698 4718 1076 4776 tantummodo
1111 4715 1254 4768 haud
1287 4715 1522 4767 alienum
1576 4711 1676 4765 erit
1711 4709 2009 4771 advertere,
2037 4724 2136 4762 nec

570 4815 753 4868 omnia
791 4827 911 4882 qua:
959 4818 1218 4876 tanquam
1261 4821 1288 4859 a
1331 4805 1488 4858 nobis
1536 4804 1678 4857 dicta
1726 4801 1960 4870 scriptor
2009 4815 2138 4870 pro-

2245 3616 2464 3683 σκευῆς,
2483 3612 2878 3682 ὑπερϐήσομαι.
2899 3609 3034 3677 Φησὶ
3052 3609 3158 3679 γὰρ
3177 3610 3232 3660 ἐν
3261 3612 3372 3671 τοῖς
3389 3608 3606 3678 ἐφεξῆς,
3635 3627 3806 3662 κατα·

2243 3707 2520 3770 σκευάζων
2577 3703 2637 3756 τὸ
2679 3702 2847 3771 αὐτὴν
2903 3700 3153 3755 τεθνάναι
3197 3701 3293 3753 τοῦ
3353 3700 3688 3768 Μονογενοΰς
3709 3701 3810 3771 τὴν

2241 3801 2489 3870 θεότητα.
2525 3799 2606 3850 ὅτι
2649 3793 2976 3863 Ἀνθρώπου
3009 3792 3262 3858 θάνατος
3297 3795 3368 3846 οὐ
3398 3793 3677 3863 uatum-si
3701 3795 3812 3847 τὸν

2241 3891 2519 3950 θάνατον,
2545 3887 2684 3942 οὐδὲ
2711 3888 3022 3940 ἀνίσταται
3045 3889 3076 3938 ό
3096 3885 3180 3953 μὴ
3211 3885 3554 3940 ἀποθανών·
3589 3885 3660 3950 ἐξ
3695 3881 3810 3952 ὧν,

2241 3983 2426 4052 φησὶν,
2467 3978 2746 4031 ἁπάντων
2771 3975 2984 4043 δῆλον,
3025 3973 3112 4026 ὅτι
3146 3974 3328 4039 ἀύτὸς
3358 3976 3390 4026 ὀ
3425 3973 3569 4037 Θεὸς
3593 3973 3814 4028 ἀπέθα-

2240 4090 2328 4137 νε,
2366 4071 2532 4134 καθὸ,
2557 4069 2740 4139 φησὶν,
2772 4069 2882 4120 οὐκ
2935 4063 3014 4134 ἦν
3042 4065 3301 4119 δυνατὸν
3335 4065 3675 4132 κρατεῖσθαι
3705 4067 3813 4118 τὸν

2241 4162 2502 4230 Χριστὸν
2551 4159 2668 4214 ὑπὸ
2717 4156 2823 4210 τοῦ
2874 4154 3152 4208 θανάτου.
3208 4155 3384 4225 "Amp
3431 4155 3508 4218 ὡς
3549 4154 3812 4225 πρόδηλον

2243 4255 2432 4325 ἔχοντα
2461 4253 2557 4323 τὴν
2601 4249 2847 4310 ἀτοπίαν,
2881 4249 3258 4319 παραδραμεῖν
3300 4243 3452 4318 οἶμαι
3493 4248 3600 4300 δεῖν
3629 4247 3814 4312 ἀνεξέ-

2241 4363 2431 4406 ταστα,
2465 4343 2660 4404 παντὸς
2693 4341 2786 4394 τοῦ
2819 4357 2881 4407 γε
2919 4339 3042 4392 νοῦν
3065 4341 3274 4408 ἔχοντος
3321 4339 3439 4391 καθ’
3469 4337 3659 4390 ἑαυτὸν
3691 4355 3814 4389 συν-

2247 4438 2372 4490 ιδεῖν
2396 4437 2470 4505 (9)
2494 4433 2785 4503 δυναμένου
2818 4433 2877 4484 τὸ
2903 4431 3092 4492 ἀσεϐές
3119 4447 3176 4481 τε
3207 4430 3298 4482 καὶ
3322 4430 3518 4484 ἄτοπον
3545 4427 3634 4482 τοῦ
3657 4429 3812 4500 διαρ-

2247 4529 2412 4599 ρήδην
2444 4524 2874 4594 ἀποφαινομένου
2921 4521 3080 4575 αὐτὸν
3119 4522 3208 4574 τὸν
3246 4521 3374 4573 Θεὸν
3413 4519 3702 4582 τεθνάναι,
3743 4523 3812 4591 τῇ

2248 4619 2350 4687 ἰδία
2406 4615 2596 4669 ἑαυτοῦ
2644 4614 2802 4684 φύσει
2850 4613 3158 4666 ὑποστάντα
3211 4611 3301 4663 τὸν
3351 4610 3602 4664 θάνατον.
3660 4609 3812 4681 Πλὴν

2242 4707 2492 4760 τοσοῦτον
2541 4705 2758 4774 εὔλογον
2803 4706 2930 4766 ἴσως
2980 4704 3094 4756 ἐστὶ
3131 4701 3672 4774 παρασημήνασθαι,
3723 4703 3809 4755 δτι

2243 4800 2362 4852 οὐδὲ
2401 4799 2501 4851 ὅσα
2556 4799 2620 4850 ὲκ
2671 4796 2763 4849 τοῦ
2807 4795 3076 4867 ἡμετέρου
3124 4795 3413 4865 προσώπου
3469 4794 3652 4863 λέγει,
3713 4811 3814 4847 κα-

570 4907 693 4966 i‘ert,
739 4901 1025 4956 mendacio
1083 4912 1217 4968 pura
1260 4905 1420 4964 atque
1473 4893 1736 4948 immunia
1803 4893 2129 4960 esse,quin-

2247 4892 2464 4962 θαρεύει
2499 4889 2592 4942 τοῦ
2625 4889 2873 4958 ψεύδους,
2902 4889 3012 4941 ἀλλ’
3051 4888 3196 4941 ἔστιν
3230 4890 3286 4940 ἐν
3323 4891 3537 4950 αὐτοῖς,
3571 4888 3606 4941 ἂ
3651 4905 3812 4940 συκο-

571 4995 682 5046 imo
751 4991 804 5042 in
846 4989 981 5058 ipsis
1050 4985 1311 5040 nonnulla
1369 4981 1614 5050 reperiri,
1659 4995 1780 5049 qua:
1831 4979 2138 5050 sycophan-

569 5097 748 5136 tarum
811 5095 960 5134 more
1008 5077 1076 5132 ad
1133 5083 1336 5130 nostra:
1389 5073 1510 5126 lidei
1563 5071 1948 5126 contumeliam
2003 5085 2138 5124 con-

573 5177 746 5229 linxil.
801 5173 890 5225 Ait
944 5172 1108 5233 enim,
1169 5186 1270 5223 nos
1321 5167 1500 5221 dicere
1541 5166 1818 5218 Christum
1873 5167 1942 5216 ab
1985 5164 2140 5218 initio

571 5283 679 5318 non
731 5265 922 5324 fuisse,
966 5261 1040 5312 ita
1091 5265 1149 5311 ut
1197 5255 1538 5312 solutmnodo
1571 5253 1809 5307 Verbum
1862 5254 1932 5308 sit
1974 5253 2138 5308 Deus.

568 5357 682 5411 Nos
733 5365 912 5408 autem
947 5353 1002 5406 in
1037 5349 1350 5404 novissimis
1399 5347 1591 5402 diebus
1641 5363 1735 5416 per
1780 5361 1998 5400 carnem
2038 5362 2145 5399 ma-

571 5449 883 5502 nil‘estatam
939 5443 1113 5498 fuisse
1145 5441 1238 5494 Dei
1279 5441 1562 5505 virtutem,
1614 5445 1668 5493 et
1715 5439 2060 5508 sapientiam,
2090 5445 2144 5492 et

573 5542 772 5604 lucem,
816 5547 869 5592 et
909 5537 1098 5599 vitam,
1138 5549 1259 5604 quae
1284 5532 1468 5587 omnia
1511 5529 1762 5585 Christus
1792 5537 1895 5594 est,
1947 5543 2152 5598 nequa-

648 5721 723 5790 (6)
747 5719 828 5774 Ab
863 5721 962 5772 hoc
1007 5717 1130 5790 loco
1160 5731 1358 5790 _usque
1392 5713 1458 5790 ad
1497 5711 1678 5790 linem
1709 5712 1944 5790 capituli
1967 5709 2151 5780 hujus,

575 5781 818 5860 quaedam
852 5789 1129 5860 excerpsit
1159 5781 1482 5860 Euthymius
1523 5781 1839 5853 Zigabenus
1859 5782 1948 5836 ubi
1985 5795 2149 5854 supra

579 5856 698 5932 βηξῑ,
744 5861 868 5917 5'29.
905 5876 1058 5932 vers.
1072 5857 1219 5912 Mors
1243 5856 1431 5925 inquit.

649 5933 722 5998 (7)
755 5935 846 5985 (20!
861 5945 905 5984 r.
939 5931 1092 6000 αὐτή.

2247 4983 2522 5053 φαντικλῶς
2567 4982 2660 5034 ἐπὶ
2699 4981 2914 5052 διαϐολῇ
2965 4981 3380 5050 συμπέπλασται
3419 4981 3512 5034 τοῦ
3545 4981 3810 5052 ἡμετέρου

2243 5073 2421 5141 λόγου.
2450 5072 2613 5139 Λέγει
2637 5071 2744 5141 γὰρ
2775 5072 2847 5142 μὴ
2875 5070 2933 5135 ἐξ
2959 5072 3131 5140 ἀρχῆς
3155 5067 3290 5123 εἶναι
3314 5071 3401 5124 τὸν
3424 5071 3656 5142 Χριστὸν
3681 5071 3811 5140 παρ’

2245 5165 2278 5234 ἡ
2287 5166 2400 5234 μῶν
2428 5161 2701 5231 λέγεσθαι,
2729 5161 2868 5214 ὥστε
2894 5162 2982 5214 τὸν
3003 5162 3175 5228 Λόγον
3199 5156 3336 5214 εἶναι
3363 5161 3514 5213 Θεὸν.
3551 5161 3736 5226 Ἡμεῖς
3757 5159 3812 5212 δὲ

2239 5255 2301 5307 τδ
2333 5253 2419 5308 ἐπ’
2469 5253 2711 5323 ἐσχάτων
2761 5253 2980 5325 ἡμερῶν
3019 5253 3109 5305 διὰ
3155 5253 3354 5322 σαρκὸς
3393 5250 3812 5322 πεφανερῶσθαι

2243 5347 2338 5416 τὴν
2365 5347 2592 5416 δύναμιν
2635 5347 2727 5399 τοῦ
2765 5345 2922 5410 Θεοῦ,
2955 5345 3047 5399 καὶ
3071 5345 3168 5416 τὴν
3203 5346 3410 5414 σοφίαν,
3443 5349 3536 5396 καὶ
3563 5345 3620 5396 τὸ
3661 5342 3772 5411 φῶς
3795 5383 3810 5404 ,

2248 5441 2342 5492 καὶ
2380 5441 2478 5508 τὴν
2528 5439 2694 5508 ζωὴν,
2749 5439 2892 5509 ἅπερ
2935 5438 3112 5491 πάντα
3155 5440 3184 5491 ὁ
3221 5437 3450 5508 Χριστός
3495 5439 3657 5498 ἐστιν,
3714 5437 3814 5488 οὐκ

2259 5532 2570 5603 ἀρνούμεθα
2599 5549 2610 5561 ·
2645 5531 2706 5584 τὸ
2731 5531 2786 5583 δὲ
2821 5531 3001 5600 λέγειν
3040 5531 3112 5602 μὴ
3140 5526 3278 5584 εἷναί
3317 5547 3444 5584 ποτε
3493 5529 3682 5592 ταῦτα,
3724 5529 3814 5580 τὸν

2332 5711 2408 5782 (8)
2433 5712 2634 5766 Locum
2683 5711 2828 5767 hunc
2873 5713 2992 5768 sine
3030 5717 3169 5782 part.
3221 5711 3467 5780 negativa
3504 5709 3812 5782 legendum

2257 5781 2400 5868 esse,
2437 5799 2502 5868 ex
2534 5783 2910 5862 sequentibus.
2945 5783 2998 5868 qi
3025 5781 3202 5840 fallor,
3243 5785 3388 5868 cl‘arc
3411 5781 3705 5847 colligitur.

2251 5923 2280 5975 δ
2309 5853 2403 5938 ..(9)
2435 5855 2589 5909 Corr.
2615 5849 2709 5905 τοῦ
2733 5869 2792 5905 τε
2807 5853 2930 5906 νοῦν
2955 5852 3188 5922 ἔχοντος,
3217 5851 3310 5904 καὶ
3338 5853 3412 5921 ἀφ
3429 5852 3442 5870 ‘
3459 5849 3650 5904 ἑαυτοῦ
3669 5865 3816 5902 συνι-

2281 5940 2380 5976 ειν.
