4120 6394
315 417 440 474 1249

1466 411 1838 468 ADVERSUS
1865 409 2376 466 APOLLINAREM.

3417 399 3552 449 iiii)

293 535 379 588 διὰ
407 533 609 586 τούτων
648 533 974 604 δηλούμενόν
1005 549 1066 586 τε
1103 535 1195 586 καὶ
1222 534 1637 604 ὀνομαζόμενον,
1675 534 1867 605 Κύριοι

1979 550 2140 603 quam
2179 533 2390 588 inﬁcias
2422 533 2600 598 imus;
2638 533 2818 586 dicere
2865 527 3043 584 autem
3079 531 3192 585 l-arc
3235 529 3416 582 omnia
3449 527 3551 580 ali-

293 627 386 678 καὶ
415 623 668 695 Χριστὸν,
709 625 859 678 οὐδὲν
885 625 1238 696 ἀνεκτότερον
1258 628 1335 689 εἰς
1355 625 1604 680 ἀσέϐειαν
1622 626 1722 696 τῆς
1745 644 1873 680 παν·

293 715 478 778 τελοῦς
507 717 789 786 ἀρνήσεως
818 715 912 768 τοῦ
948 717 1208 788 ὀνόματος
1238 717 1514 788 κρίνομεν.
1557 718 1616 771 Ὁ
1647 717 1756 790 γὰρ
1797 718 1870 790 μὴ

293 805 352 872 ἐξ
388 807 560 878 ἀρχῆς
603 806 772 875 λέγων
807 803 946 862 εἶναι
988 809 1220 881 Χριστὸν
1251 809 1505 881 (Χριστὸς
1537 810 1592 863 δὲ
1618 810 1751 864 Θεοῦ
1781 812 1871 865 δύ-

293 917 454 969 ναμις
477 943 489 966 ,
521 901 615 954 καὶ
639 901 772 955 Θεοῦ
817 902 1002 970 σοφία,
1034 903 1128 955 καὶ
1175 905 1280 956 πᾶν
1313 903 1512 974 ὑψηλόν
1537 921 1596 956 τε
1626 907 1716 958 καὶ
1756 904 1871 957 θεο-

293 992 500 1063 πρεπὲς
527 994 673 1045 ἐστιν
717 993 948 1063 ὄνομα),
979 993 1084 1045 οὐδ’
1117 993 1180 1046 ἂν
1217 994 1342 1046 ἄλλο
1371 1013 1420 1048 τι
1451 995 1594 1063 λέγοι
1636 992 1774 1050 εἶναι
1796 1037 1808 1057 ,
1841 997 1870 1050 ὃ

293 1081 380 1134 διὰ
426 1083 518 1135 τοῦ
568 1084 804 1152 μεγάλου
855 1085 1044 1137 τούτου
1093 1088 1291 1138 νοεῖται
1339 1087 1624 1157 ὀνόματος.
1659 1089 1870 1160 Ὥσπερ

294 1175 401 1243 γὰρ
431 1175 486 1225 έν
514 1177 578 1245 τῇ
604 1175 696 1227 τοῦ
727 1175 1013 1246 ἀνθρώπου
1040 1177 1381 1249 προσηγορίᾳ
1413 1179 1472 1232 τὸ
1493 1179 1707 1248 λογικόν
1731 1183 1865 1247 ἐστι,

296 1267 389 1318 καὶ
416 1267 476 1319 τὸ
515 1269 818 1338 ἐπιστήμης
848 1267 1113 1334 δεκτικὸν,
1145 1271 1240 1322 καὶ
1267 1270 1318 1322 εἴ
1343 1287 1397 1322 τι
1423 1269 1548 1324 ἄλλο
1585 1289 1870 1342 γνωριστι-

297 1356 392 1408 κδν
419 1355 518 1425 τῆς
552 1355 764 1424 φύσεως
797 1357 990 1426 ἰδίωμα
1027 1356 1271 1425 λέγεται·
1321 1360 1368 1410 εί
1401 1359 1456 1411 δέ
1482 1377 1566 1422 τις
1611 1361 1685 1431 μὴ
1729 1356 1869 1415 εἶναι

297 1448 446 1514 λέγοι
493 1449 582 1500 τὸν
632 1447 953 1519 ἄνθρωπον,
993 1449 1359 1519 συνανῄρηται
1403 1450 1619 1514 πάντως
1667 1455 1730 1521 τῇ
1773 1451 1868 1505 τοῦ

297 1540 558 1608 ὀνόματος
591 1539 844 1610 ἀθετήσει
892 1539 986 1591 καὶ
1033 1538 1102 1592 τά
1134 1539 1296 1593 λοιπά
1337 1541 1432 1611 τῆς
1480 1541 1690 1610 φύσεως
1725 1541 1868 1594 ἰδιώ-

299 1643 448 1695 ματα
472 1643 483 1655 ·
519 1626 607 1678 τὸν
655 1625 764 1696 (10)
805 1626 959 1679 αὐτὸν
991 1627 1189 1696 τρόπον
1222 1630 1249 1681 6
1281 1630 1512 1698 Χριστός
1539 1631 1684 1684 ἐστιν
1713 1632 1746 1702 ἡ
1782 1631 1870 1684 δύ-

295 1734 486 1787 ναμις,
511 1720 542 1786 ἡ
581 1717 762 1786 σοφία,
794 1718 822 1770 6
841 1719 1148 1790 χαρακτὴρ,
1175 1719 1234 1772 τὸ
1261 1719 1602 1791 ἀπαύγασμα
1625 1738 1638 1753 ·
1674 1722 1702 1774 6
1727 1725 1868 1776 ἐκεῖ⁴

294 1825 383 1861 νον
413 1809 472 1872 ἐξ
500 1810 672 1880 ἀρχῆς
711 1811 786 1879 μὴ
821 1807 960 1864 εἶναι
1002 1810 1202 1878 λέγων,
1238 1814 1490 1883 ἀθετήσει
1529 1814 1745 1878 πάντως
1777 1815 1870 1868 καὶ

1978 627 2196 697 quando
2253 642 2360 681 non
2407 626 2598 691 fuisse,
2659 624 2938 678 Clu-ismm
2993 633 3048 676 et.
3097 622 3408 678 Dominum.
3454 618 3548 686 qui

1977 719 2294 775 nominibus
2347 719 2498 773 hisce
2544 718 2702 772 nobis
2759 715 3053 770 innoteseit
3113 705 3274 778 atque
3300 711 3548 766 denomi-

1977 821 2159 874 natur,
2233 827 2388 881 aeque
2444 809 2848 864 intolerandum
2904 809 2975 862 ob
3034 805 3366 874 impietatem
3423 815 3551 856 esse

1973 905 2332 974 judicamus,
2390 919 2454 956 ac
2512 902 2557 956 si
2624 902 2872 956 absolute
2929 900 3194 969 planeque
3254 897 3550 964 ipsummet

1975 994 2178 1048 Christi
2244 1009 2307 1047 ac
2353 992 2562 1045 Domini
2621 1005 2820 1046 nomen
2867 995 3108 1058 negaret.
3169 986 3378 1054 Quippe
3422 999 3546 1037 cum

1975 1087 2228 1140 Christus
2261 1085 2354 1139 Dei
2385 1085 2558 1138 virtus
2589 1087 2660 1140 sit
2697 1081 2900 1152 Deique
2926 1081 3192 1150 sapientia
3215 1079 3256 1108 ³⁷
3289 1089 3342 1130 et
3373 1075 3548 1145 quod-

1976 1193 2192 1246 cunque
2223 1177 2564 1246 maguiﬁcum
2589 1176 2892 1243 divinthue
2917 1171 3184 1240 majestati
3213 1168 3546 1222 conveniens

1975 1285 2174 1324 nomen
2210 1269 2316 1322 diei
2375 1277 2468 1322 aut
2503 1266 2802 1336 excogitari
2859 1271 3073 1334 potest;
3123 1261 3216 1330 qui
3261 1260 3330 1312 ab
3389 1259 3548 1311 initio

1975 1360 2254 1414 Christum
2304 1372 2410 1412 non
2443 1373 2564 1411 esse
2605 1356 2822 1420 dixerit,
2871 1359 2917 1412 is
2975 1353 3220 1422 proiecto
3255 1365 3358 1404 nec
3396 1350 3544 1404 aliud

1975 1450 2253 1520 quidpiam
2284 1464 2472 1503 eorum
2510 1449 2576 1502 ab
2609 1449 2763 1500 initio
2785 1463 2906 1502 esse
2933 1445 3132 1500 dixerit
3165 1457 3285 1512 quae
3315 1449 3548 1511 augusto

1978 1543 2079 1598 hoc
2148 1540 2370 1595 nomine
2422 1539 2818 1610 signiﬁcantur.
2881 1536 3340 1604 Quemadmodum
3397 1533 3542 1587 enim

1974 1633 2097 1702 quis
2141 1631 2416 1686 hominem
2466 1647 2586 1684 esse
2621 1645 2846 1699 negans,
2895 1629 3078 1682 statim
3112 1635 3274 1696 atque
3305 1625 3544 1680 hominis

1974 1740 2172 1779 nomen
2230 1724 2430 1790 abolet,
2487 1733 2714 1784 caeteras
2779 1737 2994 1791 quoque
3043 1721 3290 1773 humana:
3335 1730 3544 1772 natura}

1973 1817 2334 1886 proprietates
2375 1815 2660 1869 sustulerit
2695 1829 2920 1870 necesse
2945 1821 3046 1874 est,
3080 1819 3362 1881 propterea
3397 1811 3539 1878 quod

245 1931 254 1940 -
293 1900 359 1952 τὰ
391 1900 504 1968 μετ’
541 1901 748 1953 ἐκείνου
784 1901 1065 1972 νοούμενα.
1113 1903 1205 1954 Διὸ
1228 1921 1408 1974 φαμεν
1437 1905 1526 1958 διὰ
1551 1905 1659 1958 τῶν
1698 1907 1867 1974 ἁγίων

1972 1907 2210 1960 hominis
2261 1905 2624 1975 appellatione
2677 1903 3046 1959 ratiocinandi
3091 1905 3174 1958 vis
3205 1911 3259 1958 et
3294 1901 3542 1956 discendi

293 1982 526 2061 Γρᾶερῶν
553 1993 902 2063 ὁδηγούμενοι
925 2033 938 2056 ,
972 1995 1058 2047 ἀεὶ
1090 1995 1180 2047 τὸν
1221 1997 1455 2066 Χριστὸν
1499 1991 1657 2060 εἶναι,
1684 2001 1747 2068 τῇ
1775 1999 1871 2052 τοῦ

295 2084 509 2154 Πατρὸς
551 2085 820 2154 ἀῖδιὸτητι
861 2086 1350 2157 συνθεωρούμενον.
1401 2089 1488 2152 Ὠς
1513 2090 1620 2160 γὰρ
1645 2093 1871 2144 πάντοτε

295 2175 424 2238 Θεὸς
451 2175 478 2226 6
525 2176 817 2246 μονογενὴς
847 2175 998 2238 Θεὸς,
1036 2179 1126 2230 καὶ
1159 2180 1264 2258 οὐκ⁸
1303 2180 1366 2230 ὲκ
1404 2181 1689 2248 μετουσίας
1730 2182 1874 2249 γίνε-

293 2284 380 2320 ται
416 2267 549 2338 (Η),
585 2267 704 2320 οὐδὲ
736 2267 822 2322 διά
854 2285 995 2330 τινος
1032 2270 1312 2338 προκοπῆς
1342 2271 1448 2322 ἀπὸ
1487 2275 1872 2342 ταπεινοτέρας

295 2361 678 2421 καταστάσεως
706 2360 797 2412 ἐπὶ
827 2359 924 2430 τὴν
951 2358 1182 2421 θεότητα
1208 2361 1448 2430 μέτεισιν
1469 2377 1481 2390 ·
1518 2361 1687 2425 οὕτως
1708 2365 1798 2415 καὶ
1839 2363 1870 2432 ἡ

292 2450 536 2522 δύναμις,
573 2453 665 2503 καὶ
690 2451 867 2520 σοφία,
903 2452 995 2504 καὶ
1027 2453 1132 2504 πᾶν
1172 2451 1468 2524 θεοπρεπὲς
1509 2453 1708 2524 ὄνομα.
1744 2471 1869 2506 συν-

296 2544 461 2598 αῖδιὸν
503 2547 617 2597 ὲστι
661 2547 724 2614 τῇ
771 2544 1020 2614 θεότητι,
1068 2544 1142 2606 ὡς
1174 2545 1339 2614 μηδὲν
1365 2546 1700 2612 ἐπιγίνεσθαι
1731 2547 1872 2600 κατά

296 2640 610 2711 προσθήκην
641 2641 720 2702 είς
743 2640 898 2704 δόξαν
927 2641 1026 2709 τῆς
1056 2641 1292 2710 φύσεως,
1321 2639 1348 2691 ὃ
1382 2639 1454 2710 μὴ
1484 2637 1542 2702 ἐξ
1571 2638 1741 2708 ἀρχῆς
1779 2633 1866 2708 ἦν·

296 2731 368 2783 Τὸ
390 2731 446 2783 δὲ
474 2731 565 2784 τοῦ
601 2730 837 2802 Χριστοῦ
865 2732 1034 2802 ὄνομα
1059 2775 1072 2796 ,
1099 2731 1461 2802 διαφερόντως
1494 2731 1672 2800 φαμὲν
1697 2729 1754 2793 ἐξ
1783 2732 1870 2782 ἀϊ-

295 2823 407 2876 δίου
443 2825 570 2894 περὶ
615 2823 704 2876 τὸν
733 2825 1007 2894 Μονογενῆ
1048 2822 1370 2894 θεωρεῖσθαι
1392 2863 1406 2885 ,
1439 2823 1530 2874 ὑπ’
1577 2823 1743 2890 αὐτῆς
1772 2823 1870 2890 τῆς

296 2916 388 2968 τοῦ
421 2917 681 2986 ὀνόματος
709 2917 1004 2986 ἐμφάσεως
1031 2917 1142 2988 (1⁸2)
1177 2917 1310 2988 πρὸς
1331 2917 1426 2987 τὴν
1457 2917 1719 2988 ὑπόληψιν
1743 2916 1870 2968 ταύ-

295 3027 394 3079 την
423 3009 941 3080 χειραγωγούμενοι.
971 3010 1082 3078 Τῆς
1114 3011 1222 3080 γάρ
1273 3011 1433 3078 ἁγίας
1479 3011 1708 3079 Τριάδος
1733 3010 1870 3064 διδα-

298 3101 522 3154 σκαλίαν
567 3102 810 3172 περιέχει
840 3103 873 3172 ἡ
904 3101 997 3154 τοῦ
1051 3103 1312 3172 ὀνόματος
1352 3103 1539 3157 τούτου
1572 3103 1830 3174 ὁμολογία
1853 3143 1868 3168 ,

297 3194 526 3246 ἑκάστου
549 3194 655 3246 τῶν
679 3193 1124 3264 πεπιστευμένων
1145 3195 1446 3266 προσώπων
1473 3197 1870 3266 ἐμφαινομένων

1974 1996 2212 2052 facilitas
2253 1998 2582 2060 continetur,
2625 2007 2678 2051 et
2722 1997 2766 2050 si
2803 2011 2922 2064 qua-
2967 1995 3070 2048 alia
3119 1995 3425 2064 proprietas
3459 1999 3546 2046 est

1975 2104 2080 2157 qua
2135 2099 2326 2142 natura
2385 2087 2624 2142 humana
2683 2102 2712 2139 a
2761 2087 2974 2140 caeteris
3028 2083 3404 2154 distinguitur.
3467 2083 3544 2135 ita

1972 2179 2225 2234 Christus
2275 2185 2360 2234 est
2403 2179 2597 2242 virtus,
2636 2177 2923 2247 sapientia,
2956 2176 3128 2245 ﬁgura
3161 2183 3214 2228 et
3261 2174 3542 2243 splendor,

1971 2280 2027 2326 et
2069 2271 2162 2340 qui
2217 2271 2371 2324 illum
2427 2271 2494 2324 ab
2546 2272 2701 2324 initio
2748 2286 2855 2324 non
2903 2285 3026 2323 esse
3073 2269 3225 2330 dicit,
3283 2269 3329 2322 is
3359 2268 3543 2335 utique

1971 2360 2038 2416 de
2071 2361 2250 2416 medio
2297 2375 2359 2416 ea
2411 2363 2626 2431 penitus
2662 2361 2804 2416 tollit
2858 2377 2979 2430 qua:
3015 2359 3079 2412 ad
3117 2359 3262 2414 illius
3291 2369 3542 2411 naturam

1971 2457 2242 2524 pertinere
2265 2465 2586 2510 noscuntur.
2616 2454 2958 2524 Quapropter
2981 2453 3194 2508 divinas
3227 2451 3542 2522 Scripturas

1971 2547 2168 2608 secuti,
2210 2563 2425 2616 semper
2448 2548 2724 2602 Christum
2754 2563 2877 2602 esse
2911 2547 3170 2606 dicimus,
3213 2547 3415 2616 quippe
3447 2545 3539 2613 qui

1969 2639 2212 2706 ejusdem
2243 2655 2304 2692 ac
2339 2639 2496 2694 Pater
2529 2639 2849 2693 mternitatis
2878 2655 2999 2693 esse
3027 2639 3374 2708 intelligatur.
3406 2637 3540 2692 Nam

1971 2731 2113 2784 sicut
2161 2731 2475 2800 unigenitus
2541 2732 2680 2786 Deus
2728 2746 2836 2784 non
2883 2731 3182 2786 divinitatis
3237 2732 3411 2784 factus
3458 2741 3543 2784 cst

1969 2823 2262 2894 particeps,
2292 2824 2388 2878 sed
2429 2824 2496 2877 ab
2529 2824 2684 2878 initio
2713 2839 2927 2893 semper
2955 2823 3096 2878 Deus
3148 2831 3251 2886 est,
3293 2840 3392 2878 nec
3425 2839 3546 2892 pm-

1970 2931 2160 2985 gressu
2201 2917 2383 2986 aliquo
2434 2916 2500 2970 ad
2539 2917 2878 2972 divinitatem
2929 2934 2994 2970 ex
3058 2917 3334 2970 humiliori
3395 2926 3541 2969 statu

1971 3011 2254 3080 pervenit:
2307 3012 2382 3064 ita
2428 3020 2483 3064 et
2531 3012 2724 3075 virtus,
2791 3019 2844 3064 et
2893 3010 3157 3076 sapientia
3192 3019 3244 3064 et
3273 3018 3542 3079 quotquot

1971 3102 2074 3156 alia
2104 3111 2227 3171 apte
2265 3111 2738 3172 congruenterque
2783 3101 2850 3156 de
2880 3101 2988 3156 Deo
3021 3102 3126 3156 dici
3166 3112 3414 3172 possunt,
3453 3105 3540 3158 di-

1971 3193 2182 3248 vinitati
2225 3202 2494 3250 coaeterna
2541 3205 2697 3260 sunt;
2736 3195 2808 3247 ita
2853 3204 2911 3246 ut
2959 3196 3103 3262 quod
3138 3195 3207 3248 ab
3243 3195 3400 3248 initio
3429 3213 3538 3250 non

294 3289 358 3356 τῇ
388 3286 728 3358 προσηγορίᾳ
755 3287 926 3358 ταύτῃ
951 3288 1092 3342 κατά
1117 3289 1177 3342 τὸ
1211 3291 1539 3360 πρόσφορον.
1569 3291 1675 3342 Καὶ
1704 3289 1778 3351 ὡς
1801 3290 1867 3342 ἂν

1970 3285 2156 3352 fuerit,
2209 3288 2262 3342 id
2312 3297 2500 3357 postea
2535 3287 2602 3342 ad
2655 3296 2863 3342 naturae
2921 3287 3116 3342 divinae
3168 3288 3394 3356 gloriam
3447 3305 3542 3342 ηρ-

299 3375 372 3446 μὴ
401 3379 528 3446 παρ’
563 3377 766 3429 ἑαυτῶν
812 3377 988 3446 λέγειν
1024 3397 1075 3432 τι
1103 3379 1408 3450 δοκοίημεν,
1432 3380 1500 3433 τά
1523 3384 1621 3452 τῆς
1656 3398 1868 3451 προφη-

293 3469 442 3532 τείας
469 3469 895 3540 παραθησόμεθα
929 3472 1250 3540 ρήματα.⁹0
1281 3475 1492 3540 (θρόνος
1515 3487 1650 3538 σου,
1679 3475 1864 3544 φησὶν,

296 3563 328 3613 o'
367 3561 538 3626 Θεὸς,
585 3563 672 3626 είς
701 3561 806 3614 τὸν
835 3561 1018 3614 αἰῶνα
1050 3563 1156 3616 τοῦ
1182 3563 1416 3629 αἰῶνος,
1445 3565 1666 3632 ῥάϐδος
1695 3567 1868 3619 εὐθύ-

296 3669 488 3719 τητος,
514 3653 552 3720 ἠ
583 3651 806 3718 ,ῥάϐδος
833 3652 942 3721 τῆς
972 3655 1297 3720 ,ϐασιλείας
1336 3670 1470 3708 σου.
1519 3655 1867 3724 Ἠγάπησας

298 3742 711 3810 δικαιοσύνην,
755 3742 854 3796 καὶ
881 3743 1182 3812 ἐμίσησας
1229 3745 1486 3814 ἀνομίαν
1509 3763 1522 3777 ·
1555 3745 1652 3798 διὰ
1692 3746 1867 3801 τοῦτο

297 3832 503 3900 ἔχρισέ
534 3847 608 3886 σε
633 3837 665 3886 0'
706 3833 868 3899 Θεὸς,
901 3837 934 3888 ὁ
968 3837 1109 3898 Θεός
1155 3848 1272 3888 σου
1293 3875 1306 3898 ,
1338 3835 1547 3889 ἔλαιον
1577 3837 1867 3905 ἀγαλλιά-

296 3941 449 3992 σεως
473 3927 628 3994 παρὰ
649 3927 790 3992 τοὺς
818 3928 1108 3995 μετόχους
1133 3943 1268 3981 σου.
1309 3929 1396 3980 Ἐν
1415 3928 1624 3992 τούτοις
1655 3929 1759 4001 γὰρ
1781 3929 1867 3984 διὰ

300 4018 397 4086 μὲν
421 4017 513 4069 τοῦ
544 4017 731 4086 θρόνου
753 4017 850 4087 τὴν
885 4020 976 4071 ἐπὶ
1017 4019 1232 4072 πάντων
1267 4019 1439 4090 ἀρχὴν
1471 4020 1812 4089 διασημαίνει
1840 4023 1868 4073 6

297 4107 475 4174 λόγος.
531 4108 596 4160 Ἢ
642 4109 698 4161 δὲ
741 4107 934 4178 ῥάϐδος
976 4110 1074 4178 τῆς
1107 4108 1400 4180 εὐθύτητος
1453 4111 1514 4163 τὸ
1571 4111 1866 4165 ἀδέκαστον

297 4198 698 4270 ἑρμηνεύειτῆς
723 4199 1050 4270 κρίσεως.Τὺ
1075 4201 1129 4254 δὲ
1153 4203 1251 4271 τῆς
1278 4203 1648 4271 ἀγαλλιάσεως
1669 4204 1863 4270 ἔλαιον,

296 4294 392 4363 τὴν
447 4293 538 4346 τοῦ
603 4293 754 4361 ἁγίου
807 4294 1116 4364 Πνεύματος
1167 4295 1466 4366 παρίστησι
1523 4296 1770 4367 δύναμιν,
1823 4292 1867 4364 ᾧ

298 4386 504 4458 χρίεται
551 4386 698 4456 παρά
729 4385 821 4438 τοῦ
873 4386 1004 4438 Θεοῦ
1027 4388 1056 4438 6
1093 4386 1244 4450 Θεὸς,
1291 4389 1566 4452 τουτέστι,
1594 4389 1744 4461 παρά
1771 4390 1864 4444 τοῦ

301 4476 510 4546 [ἰατρὸς
541 4478 569 4529 6
609 4475 948 4546 Μονογενὴς,
981 4477 1165 4545 ἐπειδὴ
1213 4477 1464 4548 ἠγάπησε
1501 4479 1863 4552 δικαιοσύνην,

300 4567 392 4620 καὶ
421 4565 680 4637 ἐμίσησεν
709 4565 944 4620 ἀδικίαν.
985 4567 1044 4620 Εἰ
1087 4567 1184 4636 μὲν
1223 4563 1314 4620 οὖν
1347 4563 1414 4638 ἦν
1447 4585 1598 4633 ποτε,
1637 4571 1726 4622 ὅτε
1767 4573 1864 4624 ούκ

297 4654 364 4730 ἦν
403 4657 553 4726 φίλος
589 4658 686 4727 τῆς
722 4655 1101 4726 δικαιοσύνης,
1153 4657 1344 4727 ἐχθρὸς
1389 4657 1444 4710 δὲ
1484 4661 1580 4728 τῆς
1613 4660 1858 4724 ἀδικίας,

295 4750 585 4804 ἀκόλουθον
618 4745 686 4820 ἦν
721 4748 779 4801 τὸ
810 4748 942 4818 μηδὲ
971 4748 1254 4819 κεχρίσθαι
1283 4749 1412 4800 ποτὲ
1437 4749 1632 4818 λέγειν,
1661 4751 1751 4804 τὸν
1777 4751 1864 4804 διὰ

293 4844 449 4896 τοῦτο
477 4841 756 4913 κεχρίσθαι
775 4840 1086 4910 λεγόμενον,
1113 4842 1194 4893 ὅτι
1215 4841 1470 4911 ἠγάπησε
1495 4842 1860 4914 δικαιοσύνην,

295 4935 387 4987 καὶ
422 4933 682 5004 ἐμίσησεν
724 4931 956 4984 ἀδικίαν.
1005 4933 1068 4984 Εἰ
1107 4931 1162 4984 δὲ
1209 4932 1438 4986 πάντοτε
1484 4933 1633 5002 φίλος
1662 4935 1864 4989 δίκαιον

295 5023 493 5094 σύνης,
545 5023 605 5075 οὐ
661 5021 770 5092 γὰρ
811 5021 876 5074 ἄν
917 5037 1048 5073 ποτε
1093 5020 1285 5073 ἑαυτὸν
1329 5023 1612 5092 μισήσειε,
1663 5023 1860 5076 δικαιο-

297 5115 428 5186 σύνη
466 5115 576 5184 (15)
608 5113 704 5179 ὢν,
733 5112 961 5166 πάντοτε
1000 5111 1239 5182 δηλονότι
1268 5111 1360 5164 καὶ
1393 5113 1450 5164 ἐν
1485 5112 1564 5182 τῷ
1605 5114 1863 5186 χρίσματι

297 5207 602 5276 θεωρεῖται.
639 5205 852 5274 Ὥσπερ
879 5199 969 5256 οὖν
995 5204 1023 5254 6
1043 5201 1248 5266 δίκαιος
1275 5203 1372 5254 οὐκ
1397 5203 1578 5267 ἄδικος
1609 5205 1740 5274 (14),
1776 5206 1866 5259 οὖ-

297 5314 404 5359 τως
430 5296 548 5348 οὑδὲ
577 5295 834 5366 ἀχριστος
874 5293 940 5346 ἂν
984 5292 1068 5362 εἴη
1107 5293 1236 5345 ποτὲ
1269 5293 1296 5344 6
1318 5295 1572 5362 χριστός·
1614 5299 1642 5348 6
1679 5297 1736 5350 δὲ
1769 5315 1866 5369 μη-

293 5391 481 5442 δέποτε
521 5389 772 5458 ἄχριστος
792 5428 806 5452 ,
839 5388 926 5440 ἀεὶ
957 5385 1174 5448 πάντως
1203 5385 1441 5455 χριστός.
1482 5387 1602 5440 ’Ὁτι
1629 5389 1806 5443 τοίνυν
1837 5393 1864 5444 6

366 5504 408 5536 ⁸⁷
437 5501 608 5556 lCor.
632 5501 780 5563 1,21.
859 5503 901 5534 ³⁸
927 5501 1077 5556 Psal.
1107 5515 1252 5562 \‘le,
1284 5500 1334 5563 7,
1372 5501 1425 5554 8.
1727 5483 1760 5508 ’

364 5646 472 5712 (lt);
512 5645 664 5697 tiorr.
696 5643 837 5695 κατά
864 5643 974 5696 τόν.

363 5717 470 5782 (Η)
499 5715 652 5768 Corr.
689 5713 844 5766 τοῦτο
873 5714 1104 5780 γίνεται.

361 5785 472 5856 (12)
509 5784 586 5856 Ita
621 5798 765 5838 corr.
793 5802 806 5848 ;
835 5795 992 5838 antea
1027 5784 1294 5856 φράσεως.

361 5851 474 5924 (15)
519 5855 674 5911 Corr.
717 5857 982 5924 μισήσειε,
1020 5851 1178 5918 αὑτὸς
1204 5851 1537 5920 δ;καιοσύνη.

1967 3394 2242 3450 quaquam
2297 3383 2471 3450 possit
2529 3379 2808 3434 accedere.
2863 3381 2932 3433 At
2985 3380 3189 3435 Christi
3243 3396 3437 3435 nomen
3485 3382 3536 3434 in

1971 3471 2260 3542 Unigenito
2306 3473 2516 3528 caeteris
2548 3473 2792 3542 ejusdem
2839 3471 3150 3527 nominibus
3180 3473 3540 3527 excellentius

1967 3579 2090 3620 esse
2125 3559 2382 3625 dicimus.
2427 3566 2494 3620 ab
2525 3566 2642 3634 ipsa
2687 3564 2922 3618 nominis
2949 3564 3109 3631 hujus
3142 3565 3540 3634 signiﬁcatione

1967 3657 2022 3711 in
2069 3657 2212 3711 hanc
2238 3663 2562 3712 sententiam
2603 3656 2846 3710 adducti.
2883 3655 3140 3708 Doctrina
3177 3656 3444 3725 siquidem
3473 3657 3541 3710 de

1968 3758 2156 3804 sancta
2193 3748 2464 3804 Trinitate
2511 3749 2749 3802 [nominis
2783 3747 2947 3817 hujus
2987 3748 3332 3802 conlessione
3362 3749 3539 3802 contis

1968 3851 2148 3906 netur,
2191 3859 2314 3897 cum
2369 3844 2593 3912 singulae
2625 3857 2890 3911 personae,
2935 3855 3070 3910 quas
3103 3840 3386 3894 Trinitatis
3417 3853 3540 3894 esse

1969 3937 2266 4000 credimus,
2301 3937 2404 3990 hac
2436 3936 2802 4004 appellatione
2831 3935 3220 3988 convenienter
3248 3931 3542 4000 designen-

1969 4035 2076 4080 tur.
2103 4025 2180 4081 Ne
2214 4035 2392 4080 autent
2420 4025 2697 4095 quidpiam
2728 4024 2796 4080 de
2815 4033 3003 4080 nostro
3027 4025 3205 4078 dicere
3233 4023 3536 4084 videamur,

1969 4119 2264 4188 prophetia:
2299 4117 2464 4172 verba
2513 4131 2887 4187 appouemus:
2928 4116 3168 4169 TIH'Otttts
3199 4125 3340 4176 tuus,
3378 4113 3538 4174 Deus.

1968 4210 2022 4262 in
2069 4209 2320 4262 sa‘culum
2364 4209 2584 4271 swculi;
2623 4223 2772 4278 virga
2825 4207 3148 4268 directionis,
3202 4206 3347 4275 virga
3392 4207 3539 4274 regni

1970 4303 2067 4354 tui.
2099 4300 2346 4354 Dilexisti
2374 4300 2668 4369 justitiam,
2711 4307 2760 4352 et
2794 4298 2962 4352 odisti
3001 4298 3374 4366 iniquitatem;
3411 4313 3540 4364 pro-

1967 4400 2144 4461 pterea
2203 4393 2426 4445 amitte
2475 4391 2637 4450 Deus,
2689 4389 2830 4444 Deus
2870 4389 3134 4456 tuus,oleo
3169 4387 3540 4442 exsultation.’s

1966 4499 2076 4552 pra:
2103 4483 2430 4538 consortibus
2455 4483 2560 4536 tuis
2578 4483 2642 4536 ³³.
2671 4480 2766 4537 llis
2785 4482 2928 4537 enim
2952 4482 3132 4536 verbis
3155 4497 3250 4552 per
3279 4481 3536 4534 thronum

1897 4574 2184 4658 unidem
2240 4587 2562 4629 cunctarum
2623 4589 2806 4628 rerum
2848 4573 3140 4644 imperium
3198 4572 3536 4642 designatur.

1933 4665 2137 4737 'Virga
2190 4676 2372 4722 autem
2429 4667 2750 4722 directiouis
2807 4666 3194 4722 rectitudiuem
3230 4664 3423 4734 judicii
3465 4665 3540 4719 si-

1971 4759 2216 4830 gniﬁcat.
2253 4758 2444 4813 Oleum
2496 4767 2676 4814 autem
2709 4758 3090 4813 exsultationis
3126 4758 3382 4812 virtutem
3419 4755 3541 4827 Spi-

1969 4853 2108 4906 ritus
2156 4853 2330 4906 sancti
2383 4852 2608 4906 denotat
2665 4865 2772 4920 qua
2831 4849 2974 4905 Deus
3038 4867 3070 4904 a
3119 4851 3229 4905 Deo
3294 4855 3542 4922 ungitur,

1970 4961 2184 5014 nempe.
2235 4960 2264 4998 a
2295 4943 2454 5000 Patre
2489 4945 2833 5014 Unigenitus,
2880 4947 3136 5016 quoniam
3167 4945 3543 5014 dilexitjusti-

1971 5035 2124 5096 tiam,
2154 5043 2207 5088 et
2237 5035 2362 5089 odio
2385 5035 2576 5089 habuit
2611 5035 2978 5106 iniquitatem.
3025 5035 3083 5089 Si
3131 5036 3295 5105 igitur
3328 5045 3540 5104 tempus

1968 5123 2090 5186 fuit,
2119 5140 2228 5194 quo
2267 5125 2544 5195 justitiam
2590 5141 2700 5180 non
2732 5126 2924 5182 diiexit
2953 5133 3008 5180 et
3043 5125 3384 5196 iniquitatem
3413 5127 3540 5179 odio

1963 5231 2074 5269 non
2109 5217 2316 5280 habuit,
2343 5233 2684 5285 consequens
2705 5225 2822 5272 erat
2853 5227 2910 5272 ut
2939 5233 3040 5273 nec
3068 5217 3361 5287 aliquando
3388 5217 3538 5270 illum

1965 5315 2188 5360 unctum
2247 5308 2418 5363 fuisse
2479 5308 2772 5364 aliirmaret
2830 5311 2926 5378 qui
2995 5317 3282 5379 propterea
3339 5317 3538 5362 unctus

1965 5398 2137 5454 fuisse
2179 5401 2400 5462 dicitur.
2437 5401 2694 5471 quoniam
2749 5402 2940 5458 dilexit
2981 5401 3276 5472 justitiam,
3323 5413 3376 5456 et
3411 5401 3539 5456 odio

2039 5623 2149 5692 (14)
2199 5627 2353 5683 Corr.
2415 5627 2602 5699 ὥσπερ
2651 5627 2744 5683 οὖν
2799 5631 3056 5683 οὐδέποτε
3116 5633 3144 5684 6
3187 5633 3391 5696 δίκαιος
3435 5633 3536 5687 οὐκ

1966 5693 2184 5758 ἄδικος;
2237 5699 2290 5752 in
2352 5715 2523 5769 marg.
2563 5693 2656 5771 γρ.
2695 5702 2788 5754 καὶ
2833 5701 3088 5756 οὐδέποτε
3135 5705 3163 5754 ὁ
3195 5693 3400 5766 δίκαιος
3423 5705 3536 5757 ἅδι-

1965 5783 2092 5891 ἰξοςῖ
2117 5771 2316 5836 quibus
2354 5771 2535 5827 verbis
2563 5781 2796 5842 utroque
2825 5773 2984 5827 modo
3031 5773 3132 5844 legi
3160 5789 3316 5842 posse
3360 5774 3535 5844 signi-

1988 5853 2066 5891 ica
2099 5877 2111 5891 .
