4120 6394
506 401 639 457 1251
1745 404 1803 459 S.
1835 402 2163 458 GREGORH
2199 401 2498 458 NYSSENI
2543 421 2546 426 ·

507 526 698 580 habuit
735 525 1103 598 iniquitatem.
1146 525 1304 593 Quod
1356 529 1402 584 si
1437 543 1652 598 semper
1689 527 1958 597 justitiam
1999 527 2085 582 di-

2193 530 2357 600 χρίων
2381 529 2496 581 ὲστῖ
2517 529 2707 600 Πατὴρ
2731 529 2840 602 (15)
2859 569 2874 592 ,
2904 529 2967 582 τὸ
2987 529 3041 583 δὲ
3063 529 3270 600 χρῖσμα
3288 527 3347 581 τὺ
3367 527 3522 596 ἅγιον
3541 526 3767 598 Πνεῦμά

509 616 659 678 luit,
703 631 881 686 neque
940 617 1084 670 enim
1135 616 1254 671 ﬁeri
1301 619 1497 688 potuit,
1555 625 1614 672 ut
1667 635 1726 673 se
1787 618 2082 689 aliquando

2193 623 2332 684 ἐστι,
2367 623 2476 685 πᾶς
2515 639 2600 686 τις
2637 623 2703 676 ἂν
2729 622 2972 676 σύνθοιτο
3003 621 3136 692 (16),
3156 625 3183 678 ὅ
3206 640 3267 692 γε
3294 621 3370 693 μὴ
3415 620 3768 690 κεκαλυμμέ-

505 715 636 770 odio
677 715 918 780 haberet,
957 730 1082 770 cum
1131 716 1363 785 ipsamet
1407 715 1622 783 justitia
1673 730 1889 784 semper
1915 715 2086 770 exsti-

2195 731 2283 777 νος
2301 714 2400 784 τὴν
2427 714 2653 785 καρδίαν
2679 715 2758 784 τῷ
2796 714 3076 786 Ἰουδαῐκῷ
3107 714 3551 786 προκαλύμματι.

504 813 654 876 terit,
689 814 880 882 utique
907 813 1058 866 nullo
1106 812 1173 866 ab
1203 813 1383 877 initio,
1435 813 1531 867 sed
1573 828 1640 868 ex
1705 811 1854 866 omni
1897 818 2143 880 tempore
2181 819 2402 877 unctus,
2456 812 2509 866 id
2549 821 2636 867 est
2687 811 2936 866 Christus
2991 827 3114 866 esse
3164 811 3509 880 intelligitur.
3565 808 3771 873 Quem-

507 903 804 958 admodum
879 903 1066 974 itaque
1117 904 1304 972 justus
1346 905 1585 972 injustas
1625 903 1944 972 neutiquam
2007 910 2112 967 est,
2188 903 2262 956 ita
2319 904 2482 956 etiam
2549 918 2830 972 nunquam
2891 903 3012 958 sine
3061 902 3318 955 unctione
3377 905 3600 961 unctus,
3652 897 3770 952 sive

508 993 783 1059 Christus,
813 1014 934 1052 esse
981 997 1199 1067 poterit.
1260 997 1627 1062 Quamobrem
1664 1011 1787 1049 eum
1821 989 1912 1064 qui
1947 996 2120 1065 ungit,
2163 995 2380 1048 Patrem
2407 1011 2551 1063 esse,
2578 997 2890 1050 unctiOnem
2921 1011 3050 1051 vero
3077 993 3336 1064 Spiritum
3364 1003 3615 1048 sanctqu
3644 1007 3770 1046 esse

3627 403 3766 456 ΕΞδΞδ⁸

509 1107 670 1148 nemo
714 1092 1026 1160 negaverit,
1077 1093 1181 1146 nisi
1235 1092 1329 1160 qui
1365 1105 1458 1146 cor
1499 1091 1730 1145 Iudaico
1779 1092 2083 1145 velamento
2123 1089 2284 1144 habet
2320 1092 2640 1147 obductum.

580 1180 716 1235 Llll.
751 1181 1036 1247 Quomodo
1071 1183 1239 1252 igitur
1272 1183 1348 1235 ait
1393 1197 1494 1235 nos
1521 1183 1589 1236 ab
1615 1179 1773 1237 initio
1804 1181 2088 1236 Christum

508 1288 622 1329 non
654 1273 822 1328 fuisse
843 1273 1064 1328 dicere?
1092 1275 1160 1326 At
1184 1289 1314 1327 vero
1337 1275 1464 1344 quia
1485 1273 1764 1328 Christum
1796 1274 1865 1328 ab
1882 1283 2090 1328 aeterno

509 1379 632 1419 esse
687 1362 946 1428 fatemur,
1002 1379 1112 1418 non
1165 1363 1378 1418 idcirco
1433 1379 1496 1419 ea
1545 1379 1708 1434 quam
1757 1365 2091 1433 Apollinaris

507 1455 774 1523 contingit
823 1469 1009 1518 carne,
1072 1457 1251 1526 ipsum
1307 1473 1584 1526 nunquam
1642 1472 1752 1511 non
1803 1457 2089 1527 praeditum

509 1545 681 1600 fuisse
713 1545 1063 1612 arbitramur,
1118 1549 1212 1602 sed
1241 1564 1366 1603 eum
1399 1550 1652 1604 novimus
1692 1558 1746 1604 et
1786 1551 1854 1603 ab
1881 1560 2087 1604 :rterno

509 1645 754 1704 tempore
788 1635 1066 1692 Christum
1101 1647 1154 1693 et
1183 1639 1474 1693 Dominum
1513 1656 1655 1704 esse,
1705 1657 1938 1711 eumque
1965 1657 2088 1695 rur-

511 1746 605 1783 sus
657 1739 783 1798 post
835 1731 1146 1800 passionem
1201 1733 1332 1787 illud
1382 1733 1524 1788 idem
1563 1751 1688 1789 esse
1740 1737 2085 1804 confitemur,

510 1820 970 1888 quemadmodum
1024 1823 1204 1890 inquit
1249 1825 1313 1878 ad
1345 1823 1563 1880 Iudaeos
1590 1825 1824 1882 Petrus:
1861 1828 1999 1894 Quia
2037 1841 2088 1884 et

510 1909 799 1964 Dominum
828 1929 967 1976 eum,
999 1923 1047 1966 et
1081 1912 1352 1968 Christum
1385 1917 1507 1984 fecit
1543 1917 1704 1984 Deus,
1739 1919 1874 1974 hunc
1905 1919 2090 1976 Jesum
2123 1899 2164 1954 Β

510 2022 663 2074 quem
698 2023 786 2060 vos
833 2007 1266 2076 cruci/ixistis".
1315 2008 1428 2063 lloe
1476 2019 1656 2065 autem
1712 2014 1786 2067 ita
1834 2013 2089 2080 dicimus,

512 2113 622 2152 non
648 2097 795 2168 quod
816 2099 957 2154 duos
973 2099 1248 2162 Christos,
1272 2101 1358 2156 vel
1385 2100 1642 2158 Dominos
1666 2103 1721 2158 in
1750 2120 1858 2158 una
1890 2105 2092 2162 Christi

512 2205 752 2260 persona
783 2191 1213 2262 eonspiciamus,
1263 2194 1358 2248 sed
1387 2193 1536 2263 quod
1578 2197 1895 2264 unigenilus
1927 2197 2090 2262 Deus,

513 2299 638 2337 cum
672 2284 756 2338 sui
789 2293 984 2337 natura
1017 2281 1164 2338 Deus
1195 2293 1345 2339 esset
1383 2300 1446 2340 ac
1492 2288 1680 2340 mundi
1713 2287 1998 2354 Dominus,
2038 2297 2094 2342 et

511 2383 891 2430 creaturarum
923 2376 1166 2430 omnium
1194 2375 1526 2444 dominator,
1569 2395 1864 2450 rerumque
1901 2383 2094 2436 condi-

513 2476 620 2536 lor,
653 2455 1002 2538 etlapsorum
1037 2478 1271 2534 erector,
1303 2478 1555 2524 naturam
1590 2479 1836 2525 nostram
1865 2488 1932 2526 ex
1967 2488 2093 2542 pec-

511 2569 636 2614 cato
666 2561 959 2631 collapsam
995 2576 1106 2616 non
1135 2563 1313 2617 solum
1351 2577 1378 2615 a
1416 2579 1514 2618 sua
1547 2565 1933 2618 communione
1982 2580 2090 2618 non

511 2654 726 2724 repelli,
767 2670 957 2709 verum
992 2655 1156 2710 etiam
1191 2655 1246 2708 in
1284 2656 1451 2708 vitam
1484 2656 1668 2710 denuo
1715 2658 1958 2726 recipere
1993 2673 2092 2727 pro

513 2763 729 2802 summa
779 2747 1118 2817 benignitate
1172 2763 1272 2802 sua
1317 2749 1573 2817 dignatus
1620 2757 1724 2804 est.
1763 2752 1934 2804 Porro
1975 2750 2093 2820 ipse

509 2835 768 2891 Christus
799 2837 906 2890 vita
947 2848 1065 2902 est;
1105 2838 1356 2908 ideoque,
1393 2848 1647 2910 vergente
1682 2840 1750 2894 ad
1792 2842 1951 2895 linem
1989 2843 2092 2896 hu-

513 2945 679 2984 iuano
708 2946 925 3001 genere,
960 2931 1167 2984 malitia
1198 2939 1387 2986 nostra
1413 2933 1524 3001 jam
1567 2935 1630 2986 ad
1660 2951 1934 2990 summum
1965 2953 2094 3005 pro-

513 3031 690 3084 vecta,
725 3032 878 3084 tunc,
911 3039 978 3076 ne
1008 3025 1178 3078 ullum
1209 3026 1432 3079 malitiae
1465 3042 1639 3096 genus
1672 3029 1912 3082 remedio
1937 3045 2093 3084 care-

514 3125 622 3177 ret,
677 3131 802 3168 cum
869 3124 1067 3172 nostra:
1123 3125 1334 3172 naturae
1389 3119 1696 3173 humilitate
1746 3122 2089 3177 commisceri

2257 1181 2383 1246 Πῶς
2411 1179 2503 1238 οὖν
2535 1185 2684 1254 ἡμᾶς
2716 1200 2850 1254 φησι
2889 1183 3069 1251 λέγειν
3099 1182 3174 1252 μὴ
3205 1182 3262 1248 ἐξ
3289 1181 3465 1252 ἀρχῆς
3499 1175 3638 1232 εἶναι
3677 1177 3769 1230 τὸν

2187 1274 2460 1344 Χριστόν;
2503 1276 2575 1328 Οὐ
2608 1275 2714 1346 μὴν
2765 1275 2950 1345 ἐπειδὴ
2981 1274 3212 1344 Χριστὸν
3243 1273 3428 1335 ἀϊδίως
3463 1267 3604 1324 εἶναι
3634 1272 3766 1340 ι’)ριοὁ

2187 1365 2346 1432 λογοῦ
2357 1382 2473 1435 μεν,
2510 1367 2611 1436 ἤδη
2635 1367 2728 1419 καὶ
2749 1365 2845 1436 τὴν
2870 1366 3000 1437 παρ’
3029 1365 3193 1418 αὑτοῦ
3229 1363 3556 1417 πλασθεῖσαν
3585 1362 3768 1432 σάρκα

2191 1459 2422 1512 πάντοτε
2457 1459 2586 1528 περὶ
2621 1457 2782 1511 αὐτὸν
2815 1457 3122 1527 ἐννοοῦμεν,
3153 1456 3266 1512 ἀλλ’
3299 1455 3520 1525 οἴδαμεν
3544 1453 3635 1506 τὸν
3669 1452 3764 1506 αὺ-

2193 1548 2283 1601 τὸν
2313 1549 2406 1602 κα).
2431 1548 2754 1619 προαιώνιον
2780 1549 3013 1621 Χριστόν
3035 1565 3098 1602 τε
3126 1549 3220 1602 καὶ
3259 1547 3482 1618 Κύριον,
3511 1546 3602 1598 καὶ
3629 1544 3766 1614 μετὰ

2163 1642 2254 1718 ,τὸ
2305 1641 2474 1706 πάθος
2520 1645 2681 1698 πάλιν
2719 1662 2778 1696 τε
2824 1645 2957 1698 αὐτὸ
2999 1641 3156 1697 τοῦτο
3209 1639 3574 1712 ὁμολογοῦμεν
3628 1637 3763 1708 (17),

2195 1735 2378 1799 καθώς
2433 1753 2565 1806 φησι
2622 1734 2754 1805 πρὸς
2794 1735 2919 1796 τοὺς
2965 1733 3248 1796 Ἰουδαίους
3305 1734 3332 1785 6
3385 1731 3628 1800 Πέτρος·
3682 1728 3766 1780 ὅτι

2193 1828 2416 1893 Κύριον
2444 1826 2542 1882 καὶ
2573 1827 2828 1894 Χριστὸν
2847 1825 3034 1880 αὑτὸν
3057 1825 3345 1890 ἐποίησεν
3367 1826 3398 1877 ό
3435 1822 3601 1889 Θεὸς,
3632 1819 3766 1874 τοῦ-

2191 1935 2300 1971 τον
2337 1917 2444 1972 τὸν
2484 1917 2740 1985 Ἰησοῦν,
2784 1918 2856 1971 ὃν
2889 1918 3060 1987 ὑμεῖς
3097 1915 3537 1984 ἐσταυρώσατε.
3599 1911 3766 1966 Τοῦτο

2189 2009 2245 2062 δέ
2274 2026 2453 2079 φαμεν
2487 2010 2586 2080 οὐχ
2630 2010 2707 2074 ὡς
2747 2009 2915 2063 δυάδα
2963 2008 3216 2080 Χριστῶν
3259 2009 3354 2060 καὶ
3387 2007 3606 2077 Κυρίων
3639 2005 3767 2075 περ).

2189 2103 2280 2156 τον
2315 2103 2408 2154 ἕνα
2451 2102 2770 2172 βλέποντες,
2807 2101 2921 2155 ἀλλ’
2955 2100 3141 2171 ἐπειδὴ
3185 2103 3248 2170 τῇ
3283 2100 3442 2166 φύσει
3475 2089 3613 2160 Θεὸς
3635 2097 3710 2148 ὢν
3737 2097 3767 2147 6

2195 2194 2486 2266 μονογενὴς
2519 2195 2650 2256 Θεὸς
2671 2233 2685 2256 ,
2718 2195 2812 2247 καὶ
2849 2193 2940 2246 τοῦ
2981 2194 3179 2255 παντὸς
3222 2191 3446 2262 Κύριος,
3487 2191 3580 2244 καὶ
3613 2191 3768 2260 βασι-

2191 2288 2317 2351 λεὺς
2362 2288 2544 2358 πάσης
2585 2287 2816 2348 κτίσεως
2841 2327 2854 2348 ,
2903 2285 2997 2340 καὶ
3039 2283 3264 2356 ποιητὴς
3292 2283 3400 2338 τῶν
3437 2283 3626 2346 ὄντων,
3673 2281 3768 2334 καὶ

2190 2379 2484 2450 διορθωτὴς
2531 2378 2640 2432 τῶν
2687 2377 3164 2442 διαπεπτωκότων,
3215 2377 3447 2447 ἤνεγκεν
3501 2377 3560 2428 ὲν
3597 2373 3766 2444 πολλῇ

2195 2469 2568 2541 μακροθυμίᾳ,
2594 2469 2654 2524 τὸ
2674 2471 2767 2523 καὶ
2789 2471 2887 2540 τὴν
2909 2469 3182 2540 ἡμετέραν
3203 2469 3312 2539 (18)
3333 2469 3492 2538 φύσιν
3507 2468 3567 2532 ἐξ
3591 2469 3772 2539 ἀμαρ-

2189 2563 2310 2625 τίας
2353 2562 2750 2626 διαπεσοῦσαν,
2795 2561 2868 2632 μὴ
2914 2561 3236 2616 ἀπώσασθαι
3273 2561 3372 2632 τῆς
3418 2561 3554 2630 πρὸς
3606 2561 3768 2613 αὑτὸν

2192 2654 2492 2717 κοινωνίας,
2542 2653 2677 2708 ἀλλὰ
2714 2653 2872 2705 πάλιν
2903 2653 2984 2713 είς
3023 2651 3120 2721 τὴν
3155 2650 3298 2726 ςευὴν
3334 2649 3766 2720 παραδέξασθαι.

2191 2745 2360 2808 Αὐτὸς
2391 2745 2449 2798 δέ
2477 2745 2623 2797 ἐστιν
2643 2735 2678 2814 ¹ἡ
2705 2743 2836 2814 ζωή·
2865 2742 2952 2796 διὰ
2967 2742 3123 2795 τοῦτο
3147 2743 3237 2794 ἐπὶ
3257 2741 3400 2794 τέλει
3429 2741 3522 2794 τοῦ
3553 2741 3768 2811 ἀνθρω-

2191 2838 2344 2890 πίνου
2379 2835 2515 2906 βίου,
2541 2835 2640 2906 ἤδη
2671 2834 2767 2902 τῆς
2797 2833 2993 2896 κακίας
3021 2831 3180 2902 ἡμῶν
3210 2831 3346 2902 πρὸς
3377 2831 3438 2884 τὸ
3469 2831 3768 2901 ἀκρότατον

2192 2925 2538 2995 αὐξηθείσης,
2575 2926 2649 2987 ὼς
2685 2925 2750 2976 ἂν
2800 2924 2965 2993 μηδὲν
3001 2921 3110 2992 (19)
3139 2921 3510 2992 ἀθεράπευτον
3538 2921 3636 2992 τῆς
3666 2937 3768 2972 πο-

2193 3019 2386 3089 νηρίας
2415 3015 2764 3085 ὑπολειφθείη
2785 3055 2800 3078 ,
2823 3015 2942 3068 τότε
2967 3013 3180 3083 δέχεται
3206 3015 3305 3086 τὴν
3335 3013 3471 3084 πρὸς
3499 3012 3558 3064 τὸ
3579 3030 3770 3066 ταπει-

2191 3113 2282 3166 νὸν
2311 3111 2466 3182 ἡμῶν
2499 3111 2595 3180 τῆς
2627 3109 2842 3178 φύσεως
2875 3107 3174 3178 ἐπιμιξίαν,
3223 3107 3318 3160 καὶ
3349 3107 3442 3160 τὸν
3483 3106 3769 3178 ἄνθρωπον

515 3223 624 3260 non
677 3208 974 3270 recusavit,
1029 3216 1083 3262 et
1133 3207 1188 3262 in
1240 3223 1299 3263 se
1331 3210 1451 3280 ipso
1489 3209 1762 3265 hominem
1803 3226 2092 3268 assumens

2195 3207 2250 3258 ὲν
2286 3201 2460 3272 ἐαυτῷ
2483 3199 2684 3264 λαϐὼν,
2715 3200 2810 3254 καὶ
2838 3200 2998 3262 αὐτὸς
3041 3200 3097 3252 ὲν
3134 3198 3212 3268 τῷ
3239 3197 3511 3270 ἀνθρώπῳ
3541 3200 3770 3268 γενόμε-

517 3299 742 3369 ipseque
768 3299 822 3354 in
855 3301 1074 3356 homine
1104 3302 1397 3365 exsislens,
1429 3305 1888 3372 quemadmodum
1920 3306 2090 3361 disci-

517 3389 664 3459 pulis
695 3390 810 3444 ait:
843 3388 953 3458 Ego
999 3391 1052 3443 in
1099 3391 1266 3452 vobis,
1313 3399 1362 3444 et
1392 3407 1477 3446 vos
1511 3393 1566 3444 in
1611 3409 1690 3447 me
1714 3393 1780 3458 5°,
1819 3395 2092 3451 hominem

516 3481 622 3534 sibi
655 3482 1027 3546 commistum,
1063 3481 1118 3535 id
1151 3481 1297 3552 quod
1335 3482 1451 3552 ipse
1493 3491 1612 3537 erat
1633 3485 1829 3550 eﬂ‘ecit,
1861 3501 2095 3556 cumque

516 3573 636 3641 ipse
662 3587 879 3642 semper
905 3573 1207 3629 altissimus
1241 3573 1426 3638 fuerit,
1461 3574 1667 3631 idcirco
1713 3577 1856 3647 quod
1893 3579 2096 3636 humile

517 3671 658 3724 erat,
689 3663 968 3725 exaltavit,
1001 3678 1127 3717 nam
1179 3679 1342 3733 super
1383 3667 1566 3720 omnia
1608 3667 1910 3724 altissimus
1943 3671 2094 3725 nulla

515 3753 852 3808 exultatione
887 3753 1184 3820 indigebat.
1217 3753 1457 3810 Verbum
1483 3767 1664 3812 autem
1696 3767 1815 3813 erat
1843 3760 2094 3818 Christus

516 3851 572 3898 et
619 3843 906 3910 Dominus,
961 3845 1125 3916 idque
1174 3845 1354 3916 ipsum
1405 3847 1494 3902 ille
1541 3848 1706 3902 etiam
1753 3852 1952 3918 evadit,
2003 3855 2094 3921 qui

518 3943 834 4006 assumptus
861 3936 985 4002 fuit,
1014 3945 1067 3992 et
1095 3953 1219 3991 cum
1255 3939 1540 3994 divinitate
1567 3941 1924 4011 commistus;
1968 3961 2092 3999 nam

519 4029 612 4096 qui
645 4027 908 4082 Dominus
937 4037 1040 4094 est,
1075 4029 1268 4084 iterum
1293 4030 1558 4086 Dominus
1584 4047 1690 4087 non
1723 4035 2092 4102 constituitur,

519 4119 614 4174 sed
665 4120 808 4174 servi
862 4119 1037 4174 forma
1093 4122 1164 4176 ad
1211 4123 1460 4178 eamdem
1507 4123 1724 4179 Domini
1777 4126 2093 4197 dignitatem

522 4213 858 4277 sublevatur,
890 4215 1240 4283 quamobrem
1287 4232 1423 4269 unus
1466 4215 1726 4272 Dominus
1754 4218 1913 4274 Iesus
1941 4219 2098 4276 Chri-

520 4311 632 4356 stus
677 4317 768 4372 Per
797 4318 946 4371 quem
992 4303 1171 4356 omnia
1193 4303 1261 4367 “,
1296 4304 1496 4364 dicitur
1545 4305 1794 4362 similiter
1820 4309 2094 4376 Christus,

520 4387 616 4456 qui
660 4395 785 4442 ante
830 4387 1027 4440 saecula
1059 4386 1300 4456 Spiritus
1339 4389 1568 4458 gloriam
1614 4389 1790 4446 induit
1821 4393 1908 4463 (id
1951 4394 2098 4449 enim

521 4479 819 4550 symbolice
857 4481 1042 4533 unctio
1087 4480 1389 4552 signiﬁcat)
1422 4489 1477 4536 ct
1509 4491 1632 4551 post
1662 4485 1972 4554 passionem
2003 4501 2098 4541 ea-

2195 3315 2281 3359 νος
2307 3337 2320 3360 ,
2367 3292 2550 3357 καθώς
2596 3309 2728 3362 φησι
2783 3291 2919 3362 πρὸς
2955 3289 3079 3353 τοὺς
3119 3289 3386 3360 μαθητὰς,
3418 3289 3500 3344 ὅτι
3537 3289 3677 3360 Ἐγὼ
3699 3291 3772 3345 ἐν

2193 3389 2356 3458 ὑμῖν,
2389 3386 2490 3440 καὶ
2515 3385 2685 3454 ὑμεῖς
2717 3385 2788 3438 ἐν
2813 3383 2966 3452 ἐμοὶ,
2999 3383 3136 3452 ὅπερ
3169 3382 3330 3444 αὐτὸς
3366 3379 3467 3455 ἦν,
3494 3382 3650 3436 τοῦτο
3677 3384 3772 3438 καὶ

2193 3483 2284 3535 τὸν
2315 3478 2688 3549 ἁνακραθέντα
2717 3476 3005 3546 ἐποίησεν
3053 3475 3217 3538 αὐτὸς
3261 3475 3318 3528 δὲ
3358 3473 3427 3546 ἦν
3473 3477 3561 3530 ἀεὶ
3599 3478 3770 3548 ὑπερ.

2198 3573 2446 3642 ὕψιστος,
2478 3571 2564 3624 διὰ
2596 3568 2755 3622 τοῦτο
2793 3570 2887 3622 καὶ
2915 3568 2973 3621 τὸ
3001 3567 3255 3621 ταπεινὸν
3287 3567 3642 3638 ὑπερύψωσεν
3666 3586 3678 3596 ·
3705 3570 3769 3622 οὐ

2196 3664 2305 3734 γὰρ
2334 3663 2397 3733 δὴ
2420 3665 2447 3715 ὁ
2474 3661 2614 3732 ὑπὲρ
2641 3663 2746 3713 πᾶν
2777 3658 3018 3729 ὕψιστος,
3045 3659 3122 3712 ἔτι
3141 3658 3235 3711 τοῦ
3266 3658 3546 3729 ὑψωθῆναι
3571 3660 3768 3715 ἐδέετο.

2197 3753 2427 3825 Χριστὸς
2469 3753 2524 3804 δὲ
2553 3751 2645 3804 καὶ
2675 3749 2878 3821 Κύριος
2906 3752 2934 3802 ὁ
2971 3750 3141 3814 Λόγος
3179 3745 3268 3820 ἦν,
3304 3749 3460 3803 τοῦτο
3497 3751 3589 3804 καὶ
3613 3753 3641 3805 6
3671 3754 3776 3823 ὲμρ

2201 3847 2412 3918 μιχθείς
2443 3863 2501 3897 τε
2534 3845 2628 3897 κα).
2652 3843 2982 3912 ἀναληφθεὶς
3007 3843 3063 3894 ἐν
3102 3845 3166 3914 τῇ
3202 3841 3416 3912 θεότητι
3441 3843 3679 3912 γίνεται·
3708 3845 3770 3895 οὺ

2197 3938 2306 4009 γὰρ
2331 3941 2359 3990 6
2399 3936 2473 3990 ὢν
2503 3937 2729 4008 Κύριος,
2761 3936 3252 4006 ἁναχειροτονείται
3283 3934 3442 3988 πάλιν
3471 3937 3550 3998 είς
3586 3935 3774 4006 κυριόὦ

2197 4047 2355 4101 τητα,
2397 4028 2510 4082 ἀλλ’
2541 4029 2574 4099 ή
2611 4025 2706 4080 τοῦ
2738 4026 2924 4079 δούλου
2961 4026 3142 4096 μορφὴ
3186 4026 3389 4095 Κύριος
3417 4026 3624 4093 γίνεται
3649 4044 3664 4058 °
3691 4027 3775 4080 διὸ

2198 4123 2292 4177 καὶ
2317 4117 2418 4187 Εἷς
2445 4122 2662 4190 Κύριος
2699 4117 2930 4184 Ἰησοῦς
2951 4115 3227 4184 Χριστὸς,
3257 4115 3332 4170 δι’
3353 4112 3426 4172 οὗ
3451 4117 3527 4170 τὰ
3553 4117 3772 4183 πάντα,

2197 4215 2412 4284 λέγεται
2438 4211 2669 4284 Χριστὸς
2693 4210 2976 4274 ὡσαύτως,
2993 4211 3022 4263 ὁ
3051 4208 3161 4281 (20)
3187 4211 3292 4280 πρὸ
3310 4209 3417 4262 τῶν
3445 4209 3654 4264 αἰώνων
3673 4211 3775 4280 τὴν

2197 4306 2352 4371 δόξαν
2393 4303 2487 4356 τοῦ
2531 4303 2844 4372 Πνεύματος
2883 4300 3261 4370 περικείμενος
3297 4300 3489 4370 (τοῦτο
3530 4299 3638 4371 γὰρ
3671 4318 3774 4372 cq-

2203 4401 2381 4470 μαίνει
2422 4398 2508 4450 διὰ
2552 4395 2837 4466 συμϐόλων
2863 4397 2896 4464 ἡ
2924 4397 3102 4466 χρῖσις
3130 4397 3170 4464 ),
3211 4395 3304 4448 καὶ
3337 4394 3474 4462 μετὰ
3508 4395 3568 4448 τὸ
3601 4395 3778 4459 πάθος

2201 4491 2291 4544 τὸν
2346 4489 2613 4544 ὲνωθέντα
2664 4487 2810 4558 αὐτῷ
2860 4488 3174 4558 ἄνθρωπον,
3216 4487 3294 4557 τῷ
3327 4487 3476 4556 αὐτῷ
3515 4487 3778 4559 χρίσματι

521 4570 646 4626 dem
703 4572 960 4625 unctione
1017 4572 1228 4625 unitum
1295 4571 1401 4627 sibi
1462 4573 1738 4630 hominem
1801 4575 2092 4645 decorans,

2200 4577 2569 4641 καλλωπίσας,
2591 4575 2824 4648 Χριστὸν
2852 4579 3014 4628 ποιεῖ’
3039 4576 3311 4641 Δόξασόν
3327 4595 3403 4648 με
3432 4577 3558 4649 γὰρ,
3591 4578 3776 4648 φησὶν,

518 4661 800 4717 Christum
833 4661 996 4729 facit;
1031 4662 1453 4735 nam:Clariﬁca
1484 4683 1585 4730 me,
1617 4667 1715 4730 ait,
1745 4670 1904 4738 quasi
1946 4669 2099 4725 dice-

519 4766 627 4822 ret,
667 4755 807 4828 Unge
843 4774 925 4811 me
954 4757 1125 4824 gloria
1147 4775 1306 4828 quam
1333 4757 1494 4812 habui
1526 4760 1666 4828 apud
1705 4769 1755 4815 te
1787 4761 2100 4832 priusquam

522 4852 750 4904 mundus
787 4861 920 4903 esset
942 4847 1008 4904 δ’.
1053 4848 1238 4903 Gloria
1271 4861 1473 4918 autem,
1519 4867 1640 4922 qua:
1673 4861 1799 4907 ante
1837 4854 2099 4909 mundum

521 4951 575 4996 et
604 4942 984 4997 universarum
1033 4958 1214 4997 rerum
1262 4945 1616 5011 creationem,
1663 4953 1716 4999 et
1764 4952 1891 5002 ante
1920 4946 2102 5000 omnia

523 5035 722 5088 saecula
753 5049 878 5090 esse
921 5034 1296 5104 dignoscitur,
1337 5049 1553 5105 quaque
1593 5035 1910 5107 unigenitus
1957 5034 2098 5092 Deus

522 5128 878 5193 «:lariﬁcatur,
902 5135 1088 5185 nostra
1107 5143 1241 5184 sane
1265 5129 1558 5197 sententia,
1589 5143 1700 5184 non
1725 5129 1830 5182 alia
1855 5143 2098 5200 unquam

594 5305 640 5338 ³³
665 5305 787 5360 Act.
827 5322 889 5370 ιι,
919 5305 1008 5360 56.
1086 5307 1131 5340 5°
1157 5305 1316 5362 Joan.
1350 5324 1461 5372 xw,
1487 5306 1578 5362 20.

737 5483 892 5556 Corr.
925 5485 953 5535 ὁ
987 5484 1203 5554 Πατήρ.

623 5553 706 5620 16)
743 5553 820 5607 lta
845 5569 1016 5620 corr.,
1050 5563 1208 5607 antea
1251 5553 1512 5608 συνθοῖτο.

623 5557 684 5608 16
743 5557 820 5607 lta
845 5569 1016 5620 corr.,
1050 5563 1208 5607 antea
1251 5557 1512 5608 συνθοῖτο.

593 5557 708 5696 (71)
744 5625 821 5696 lta
851 5640 1022 5689 corr.,
1055 5626 1192 5678 male
1223 5633 1381 5680 antea
1413 5625 1573 5678 πάλιν
1621 5642 1680 5676 τε
1717 5623 1880 5677 αὐτὸν
1906 5623 2094 5678 τοῦτον

519 5695 782 5767 ὁμολογοῤ
791 5713 946 5766 μενον
957 5737 967 5749 .

597 5766 710 5832 (18)
743 5765 806 5818 Et
837 5767 952 5820 haec
982 5765 1313 5819 correctoris
1344 5772 1426 5818 est
1459 5766 1804 5832 emendatio;
1838 5781 1961 5820 nam
1988 5781 2089 5820 an-

522 5843 608 5890 tea
635 5845 750 5892 erat
778 5836 838 5889 τὸ
874 5837 1010 5889 κατὰ
1041 5835 1139 5908 τὴν
1164 5835 1457 5906 ἡμετέραν.

1655 5307 1698 5339 ιι
1725 5305 1744 5358 1
1771 5305 1896 5362 Cor.
1951 5324 2068 5374 vm,
2108 5307 2162 5364 6.

2195 4670 2431 4733 ὡσανεὶ,
2487 4669 2729 4736 Χρῖο-ον,
2773 4669 2947 4738 ἔλεγε,
2983 4669 3056 4738 τῇ
3081 4670 3250 4740 δόξῃ,
3287 4670 3368 4740 ἣν
3411 4669 3576 4740 εἶχον
3617 4673 3778 4740 παρὰ

2196 4761 2296 4816 σοὶ
2335 4759 2450 4828 πρὸ
2477 4760 2583 4814 τοῦ
2623 4759 2730 4814 τὸν
2763 4761 2998 4829 κόσμον
3025 4759 3198 4816 εἶναι.
3248 4763 3306 4816 Ἥ
3336 4764 3392 4817 δὲ
3421 4765 3775 4834 προκόσμιος,

2197 4855 2288 4908 καὶ
2318 4853 2424 4925 πρὸ
2445 4853 2626 4924 πάσης
2649 4853 2899 4916 κτίσεως,
2925 4855 3018 4907 καὶ
3045 4857 3149 4926 πρὸ
3181 4857 3396 4910 πάντων
3424 4856 3636 4910 αἰώνων
3661 4857 3776 4926 (9.1)

2198 4943 2547 5014 θεωρουμένη
2575 4943 2735 5009 δόξα,
2845 4949 2872 5000 6
2907 4947 3196 5017 μονογενὴς
3243 4947 3373 5011 Θεὸς
3415 4948 3778 5013 ἐνδοξάζεται,

2205 5036 2304 5088 οὐκ
2330 5034 2394 5086 ἂν
2433 5033 2564 5102 ἄλλη
2597 5051 2682 5097 τις
2711 5035 2815 5106 εἴη,
2852 5039 2988 5090 κατὰ
3019 5038 3108 5091 τὸν
3149 5039 3415 5109 ἡμέτερον
3449 5039 3562 5106 (22)
3597 5039 3778 5107 λόγον,

2209 5127 2360 5196 παρὰ
2390 5125 2488 5195 τὴν
2520 5123 2674 5188 δόξαν
2707 5126 2801 5179 τοῦ
2851 5128 3064 5200 Πατρός
3109 5127 3221 5199 (9.5)
3251 5147 3263 5160 '
3303 5132 3470 5201 μόνην
3509 5131 3617 5202 γὰρ
3652 5149 3782 5202 προ-

2241 5309 2286 5341 “
2309 5309 2468 5364 Joan.
2505 5325 2640 5375 xvu,
2664 5311 2716 5366 6.

2425 5487 2501 5559 lla
2529 5501 2701 5559 corn,
2736 5495 2894 5540 antea
2919 5489 3058 5542 male
3095 5489 3250 5559 μηδέ.

2239 5557 2390 5681 d(l‘20)
2417 5557 2536 5612 Art.
2563 5557 2731 5618 hunc,
2758 5574 2879 5612 cum
2903 5557 3229 5628 praecedenti
3253 5564 3608 5633 interpunct.,
3629 5577 3781 5617 corr.

2277 5649 2290 5680 (
2319 5667 2330 5678 .

2205 5641 2307 5679 aau
2319 5667 2330 5678 .

2277 5649 2330 5680 (1.

2274 5697 2386 5766 (Si)
2416 5695 2572 5750 Corr.
2612 5697 2716 5767 πρὸ
2749 5699 2967 5750 πάντων
3007 5700 3111 5752 τῶν
3133 5701 3364 5758 αἰώνων.

2419 5769 2556 5842 Corr
2600 5769 2757 5842 κατᾲ
2790 5785 2851 5834 γε
2883 5770 2976 5822 τὸν
3005 5773 3288 5842 ἡμέτερον.

2274 5837 2386 5907 (25)
2415 5840 2569 5893 Corr.
2600 5838 2932 5907 Πνεύματος.
