4120 6394
344 369 482 425 H33

1501 371 1875 427 ADVERSUS
1905 371 2419 428 APOLLINAREM.

3447 377 3589 431 19223.5

338 485 554 537 αιώνιον
589 486 686 557 τὴν
721 487 882 555 ἁγίαν
933 487 1136 559 Τριάδα
1165 488 1193 540 6
1218 488 1317 559 τῆς
1363 487 1644 551 εὐσεϐείας
1686 487 1896 558 παραδίι

2019 489 2123 543 erit
2148 503 2180 542 a
2204 487 2383 543 Patris
2409 487 2577 557 gloria
2603 505 2618 554 ;
2650 487 2818 543 solam
2851 487 2994 543 enim
3021 486 3340 542 Trinitatem
3371 492 3590 547 sa‘culis

338 580 469 634 δωσι
509 581 685 650 λόγος.
731 583 792 635 '0
826 582 1112 649 ὑπάρχω-ν
1155 583 1268 649 πρὸ
1314 580 1432 634 τῶν
1472 579 1730 643 αἰώνων,
1779 581 1910 650 φησὶ

341 672 580 741 περὶτοῦ
613 674 877 744 Πατρὸςή
906 673 1232 744 προφητεία.
1275 675 1410 744 Περὶ
1437 673 1495 727 δὲ
1516 672 1854 742 Μονογενοῢς
1881 674 1910 726 6

351 761 690 825 ’Δπόστολος,
725 764 824 826 ὅτι,
858 764 937 816 Δι’
961 764 1145 818 αὐτοῦ
1172 767 1224 818 οἱ
1251 764 1464 831 αἰῶνες
1494 764 1794 833 ἐγένοντο,
1816 763 1911 816 καὶ

336 851 461 916 δόξα
491 853 597 923 πρὸ
627 853 734 906 τῶν
779 853 992 906 αἰώνων
1033 854 1159 925 περὶ
1184 856 1275 907 τὸν
1318 855 1575 925 μονογενῆ
1614 855 1744 907 Θεὸν
1779 855 1910 906 θεω·

343 941 576 1010 ρουμένη
595 983 608 1004 ,
637 943 697 994 τὸ
718 943 938 1013 Πνεῦμα
959 945 1072 996 ἐστι
1101 945 1160 997 τὸ
1191 944 1361 1012 ἅγιον.
1400 945 1575 1014 Ὅπερ
1619 939 1712 995 οὖν
1740 939 1806 1013 ἦν
1832 941 1910 1012 τῷ

338 1030 578 1099 Χριστῷ,
609 1031 684 1102 τῷ
708 1034 855 1102 παρὰ
879 1033 953 1103 τῷ
977 1035 1148 1104 Πατρὶ
1177 1034 1308 1098 ὄντι,
1341 1033 1444 1104 πρὸ
1475 1032 1568 1086 τοῦ
1591 1034 1681 1085 τὸν
1705 1033 1908 1102 κόσμον

344 1117 505 1185 εἶναι,
541 1123 698 1176 τοῦτο
730 1126 824 1177 καὶ
856 1125 934 1194 τῷ
971 1125 1224 1178 ἑνωθέντι
1261 1125 1395 1196 πρὸς
1419 1126 1508 1178 τὸν
1533 1125 1786 1196 Χριστὸν,
1817 1124 1908 1176 ἐπὶ

338 1212 480 1264 τέλει
514 1213 622 1266 τῶν
659 1214 870 1268 αἰώνων
893 1211 1120 1284 γίνεται.
1176 1216 1412 1283 Ἰησοῦν
1438 1217 1568 1287 γὰρ,
1617 1218 1770 1285 φησὶ,
1801 1216 1908 1268 τὸν

337 1303 455 1357 ἀπὸ
491 1302 774 1372 Ναζῖιρὲθ.
811 1305 882 1358 ὃν
906 1307 1150 1374 ἔχρισεν
1175 1309 1208 1359 ὁ
1235 1306 1378 1371 Θεὸς
1405 1304 1485 1370 τῷ
1513 1307 1808 1374 Πνεύματι
1827 1304 1908 1370 τῷ

338 1394 500 1464 ἁγίῳ·
595 1395 734 1447 ὥστε
768 1395 842 1466 μὴ
874 1398 1276 1464 συκοφαντείτω
1313 1397 1403 1450 τὸν
1435 1397 1699 1468 ἡμέτερον
1725 1397 1902 1465 λόγον,

336 1486 412 1547 ὡς
443 1487 475 1554 ἡ
485 1485 597 1554 μῶν
623 1486 697 1557 μὴ
724 1487 810 1539 ἀεὶ
837 1487 1066 1558 Χριστὸν
1087 1485 1178 1541 τὸν
1217 1488 1474 1559 μονογενῆ
1498 1487 1629 1540 Θεὸν
1657 1484 1792 1541 εἶναι
1821 1488 1905 1540 λεο

337 1580 542 1646 γόντων
561 1595 574 1608 ·
607 1579 741 1632 ἀλλὰ
771 1579 998 1633 πάντοτε
1025 1580 1122 1650 μὲν
1154 1581 1182 1632 6
1223 1579 1333 1650 (24)
1362 1579 1628 1650 Χριστὸς,
1658 1580 1749 1633 καὶ
1779 1581 1906 1649 περ).

335 1669 434 1738 τῆς
470 1669 812 1737 οἰκονομίας,
848 1668 940 1722 καὶ
969 1669 1104 1740 μετὰ
1142 1670 1328 1723 τοῦτο·
1375 1668 1659 1741 ἄνθρωπος
1695 1668 1750 1720 δὲ
1780 1668 1902 1722 οὔτε

338 1759 443 1828 πρὸ
471 1759 678 1822 τούτου,
716 1758 837 1812 οὔτε
879 1758 1016 1831 μετὰ
1040 1759 1232 1822 ταῦτα,
1263 1759 1378 1812 ἀλλ’
1416 1762 1473 1813 ὲν
1506 1759 1650 1831 μόνῳ
1678 1759 1754 1830 τῷ
1801 1760 1901 1830 τῆς

336 1851 645 1920 οἰκονομίας
691 1850 885 1922 καιρῷ.
933 1851 1070 1905 Οὔτε
1115 1851 1224 1923 γὰρ
1272 1852 1379 1923 πρὸ
1409 1855 1508 1922 τῆς
1551 1853 1830 1923 Παρθένου
1877 1856 1905 1907 ὁ

337 1941 621 2012 ἄνθρωπος
641 1985 655 2007 ,
687 1942 812 1996 οὔτε
847 1943 985 2013 μετὰ
1013 1943 1110 2014 τὴν
1139 1945 1218 2007 είς
1253 1943 1514 2014 οὐρανοὺς
1552 1942 1736 1996 ἄνοδον
1765 1945 1842 1995 ἔτι
1868 1947 1900 2014 ἡ

337 2033 472 2105 σὰρξ
500 2037 612 2105 (25)
635 2038 694 2089 ὲν
718 2039 830 2100 τοῖς
845 2038 1042 2108 ἑαυτῆς
1063 2037 1365 2108 ίδιώμασιν.
1383 2039 1453 2092 El
1473 2035 1578 2111 γὰρ
1599 2037 1699 2092 καὶ
1725 2037 1906 2107 ἐγνώ-

335 2125 539 2196 κειμέν
581 2141 758 2192 ποτε,
796 2130 951 2201 φησὶ,
996 2128 1147 2184 κατὰ
1169 2129 1365 2197 σάρκα
1408 2128 1707 2197 Χριστὸν,
1743 2129 1905 2183 ἀλλὰ

335 2219 453 2272 νῦν
490 2222 601 2273 οὐκ
637 2220 722 2274 ἔτι
763 2221 1162 2291 γινώσκομεν.
1207 2223 1282 2276 Οὐ
1340 2221 1450 2293 γὰρ
1501 2221 1612 2291 (9.6)
1653 2220 1838 2291 ἐπειδὴ
1877 2221 1906 2273 6

335 2309 470 2372 Θεὸς
521 2311 579 2362 ὲν
622 2311 798 2387 ,σαρκὶ
844 2312 1200 2384 ἐφανερώθη,
1259 2311 1394 2383 σὰρξ
1437 2312 1733 2382 διέμεινεν’
1785 2308 1898 2364 ἀλλ’

335 2399 522 2471 ἐπειδὴ
546 2401 778 2472 τρεπτὸν
820 2401 918 2471 μὲν
956 2401 1018 2454 τὸ
1053 2401 1410 2473 ἀνθρώπινον,
1462 2402 1731 2470 ἄτρεπτον
1765 2401 1820 2454 δὲ
1846 2401 1906 2454 τὸ

336 2491 511 2556 θεῖον,
546 2492 578 2561 ἡ
613 2492 710 2561 μὲν
735 2492 924 2561 θεότης
945 2493 1082 2562 πρὸς
1113 2495 1292 2546 πᾶσαν
1316 2493 1522 2563 τροπήν
1545 2493 1691 2544 ἐστιν
1713 2492 1904 2561 ἀκίνη-

332 2599 460 2645 τος,
500 2581 623 2636 οὗτε
665 2582 801 2654 πρὸς
841 2584 903 2637 τὸ
945 2586 1124 2655 χεῖρον
1161 2583 1271 2654 (27)
1305 2582 1655 2654 ἀλλοιουμένη
1697 2583 1777 2654 (τὸ
1807 2584 1905 2653 μὲν

333 2673 442 2744 γὰρ
469 2675 647 2745 χεῖρον
673 2676 735 2728 οὐ
766 2675 1150 2746 παραδέχεται,
1175 2675 1236 2728 τὸ
1264 2675 1323 2728 δὲ
1345 2678 1592 2746 κρεῖττον
1615 2677 1714 2729 οὐκ
1742 2677 1900 2747 ἔχει)-

335 2766 367 2833 ἡ
419 2764 475 2817 δὲ
514 2765 826 2838 ἀνθρωπίνη
856 2767 1015 2836 φύσις
1034 2769 1090 2820 ὲν
1115 2766 1357 2838 Χριστῷ(
1375 2767 1464 2834 28)
1490 2766 1624 2837 πρὸς
1638 2767 1699 2820 τὸ
1723 2771 1904 2838 κρεῖτ-

334 2869 426 2905 τον
458 2854 724 2925 κέχρηται
762 2857 829 2926 τῇ
868 2857 1078 2926 τροπῇ,
1111 2855 1216 2908 ἀπὸ
1244 2854 1338 2908 τοῦ
1386 2854 1625 2926 φθαρτοῦ
1666 2857 1801 2928 πρὸς
1847 2857 1906 2910 τὸ

333 2945 610 3017 ἄφθαρτον
666 2945 1038 3012 ἀλλοιωθεῖσα,
1074 2948 1181 3001 ἀπὸ
1233 2948 1326 3001 τοῦ
1365 2949 1630 3020 ἐπικήρου
1675 2949 1810 3020 πρὸς
1846 2950 1907 3003 τὸ

331 3039 625 3108 ἀκήρατον,
659 3039 766 3092 ἀπὸ
806 3040 899 3093 τοῦ
922 3039 1283 3111 ὀλιγοχρονίου
1318 3039 1452 3113 πρὸς
1477 3041 1539 3094 τὸ
1572 3041 1760 3106 ἀΐδιον,
1789 3041 1906 3094 ἀπὸ

2015 578 2252 646 priorem
2303 594 2426 633 esse
2473 594 2596 632 vera
2646 577 2781 632 ﬁdes
2831 594 2932 632 nos
2985 579 3163 634 docet.
3196 579 3300 646 Qui
3343 589 3420 633 est
3467 591 3588 635 ante

2013 669 2230 731 swcula,
2291 669 2358 723 de
2402 668 2562 722 Patre
2593 668 2668 722 ait
2706 668 2974 738 PrOpheta
2995 669 3060 734 ⁸³,
3100 677 3155 724 οι
3190 671 3257 724 de
3295 669 3588 741 Unigenito

2012 755 2172 820 Filio,
2193 758 2300 813 Per
2323 760 2517 826 ipsum,
2541 760 2616 813 ait
2634 759 2950 828 Apostolus,
2981 760 3177 814 scecula
3199 760 3343 828 facta
3369 772 3488 815 sunt
3505 762 3582 830 “;

2013 857 2068 904 ct
2094 849 2287 919 gloria,
2332 865 2451 919 quae
2501 858 2625 905 ante
2663 851 2861 905 saecula
2899 852 2952 904 in
2998 852 3276 921 unigenito
3308 851 3416 906 Deo
3461 868 3584 908 esse

2014 940 2355 1010 intelligitur,
2393 948 2618 996 sanctus
2642 943 2829 1012 utique
2855 942 3092 1012 Spiritus
3111 953 3212 998 cst.
3241 943 3395 1008 Quod
3422 945 3584 1012 igitur

2011 1036 2290 1103 proprium
2323 1033 2675 1100 eratChristi,
2707 1035 2833 1088 dum
2858 1035 3000 1105 apud
3025 1034 3264 1098 Patrem,
3291 1045 3581 1105 antequam

2012 1124 2248 1178 mundus
2271 1126 2618 1190 conderetur,
2644 1127 2956 1192 exsisteret,
2985 1128 3088 1182 hoc
3108 1127 3271 1182 etiam
3302 1129 3580 1198 proprium

2011 1216 2069 1269 ﬁt
2102 1217 2363 1282 hominis,
2405 1219 2496 1288 qui
2553 1234 2676 1273 cum
2730 1218 2950 1274 Christo
3005 1221 3060 1274 in
3108 1221 3430 1274 saeculorum
3477 1220 3580 1272 ﬁne

2009 1308 2338 1377 conjunctus
2389 1322 2492 1378 est;
2549 1325 2673 1364 nam
2727 1309 3007 1380 Scriptura
3071 1311 3267 1380 inquit,
3315 1309 3500 1365 Iesum
3548 1329 3581 1363 a

2010 1395 2304 1460 Nazareth,
2329 1415 2479 1468 quem
2506 1401 2658 1453 unxit
2680 1399 2821 1454 Deus
2847 1401 3050 1469 Spiritu
3076 1411 3256 1453 sancto
3280 1402 3346 1453 ⁸⁸.
3379 1399 3580 1465 Quam-

2007 1488 2192 1543 obrem
2228 1489 2552 1544 sententiam
2587 1505 2696 1544 non
2726 1491 3110 1552 calumnietur,
3146 1495 3300 1561 quasi
3333 1490 3578 1561 unigeni-

2009 1588 2121 1632 tum
2152 1578 2316 1635 Deum
2345 1596 2453 1636 non
2486 1597 2699 1652 semper
2723 1582 3000 1636 Christum
3033 1598 3153 1638 esse
3179 1581 3448 1646 dicamus,
3481 1580 3576 1636 sed

2006 1682 2220 1737 semper
2262 1670 2481 1737 quidem
2513 1678 2597 1724 est
2632 1672 2906 1734 Christus,
2955 1678 3071 1723 tum
3117 1677 3244 1725 ante
3288 1679 3401 1725 tum
3453 1677 3577 1740 post

2007 1758 2401 1815 incarnationis
2454 1759 2950 1830 dispensationem;
3007 1761 3170 1815 homo
3216 1775 3346 1816 vero
3399 1775 3577 1829 neque

2008 1857 2131 1902 ante
2160 1849 2325 1912 illam,
2358 1866 2532 1920 neque
2566 1859 2769 1922 postea,
2809 1851 2902 1906 sed
2935 1853 2991 1906 in
3035 1852 3154 1907 solo
3207 1852 3576 1921 dispensatiod

2005 1939 2092 1994 uis
2119 1948 2384 2010 tempore.
2420 1942 2606 2013 Neque
2637 1946 2781 1999 enim
2824 1947 2986 2000 homo
3021 1943 3125 1998 fuit
3157 1953 3284 1999 ante
3312 1943 3571 1998 nativita-

2006 2037 2112 2083 tem
2159 2047 2224 2086 ex
2259 2030 2498 2103 Virgine,
2557 2051 2654 2089 nec
2710 2037 2944 2106 amplius
2973 2045 3095 2106 post
3137 2036 3256 2105 ejus
3305 2037 3358 2089 in
3402 2037 3574 2090 caalos

2005 2121 2238 2177 reditum
2296 2139 2424 2179 caro
2479 2127 2594 2180 suis
2648 2127 2700 2180 in
2755 2128 3184 2197 proprietatibus
3220 2137 3570 2198 perseverat;

2004 2227 2128 2268 nam
2166 2214 2343 2285 inquit
2373 2215 2702 2286 Apostolus:
2734 2217 2800 2270 Et
2829 2220 2876 2272 si
2918 2220 3250 2288 cognovimus
3289 2218 3575 2273 secundum

2004 2319 2216 2360 carnem
2270 2305 2578 2372 Christum;
2635 2305 2726 2361 sed
2771 2323 2907 2360 nunc
2945 2311 3064 2376 jam
3105 2325 3206 2361 non
3244 2308 3479 2361 novimus
3503 2301 3570 2361 “.

2004 2394 2190 2465 Neque
2232 2395 2398 2451 etiam
2431 2398 2558 2466 quia
2590 2393 2731 2450 Deus
2761 2395 2814 2450 in
2859 2411 3023 2451 carne
3056 2397 3326 2466 apparuit,
3368 2396 3574 2450 idcirco

2005 2501 2135 2541 caro
2167 2487 2451 2559 immutata
2497 2488 2826 2557 permansit;
2871 2488 2964 2542 sed
3012 2489 3266 2557 quoniam
3317 2485 3577 2542 immuta-

2004 2577 2131 2634 bilis
2160 2580 2376 2650 quidem
2413 2580 2672 2635 divinitas
2709 2588 2812 2644 est,
2847 2577 3154 2636 humanitas
3190 2597 3317 2636 vero
3344 2580 3574 2636 mutabi-

2006 2670 2098 2737 lis,
2130 2680 2413 2741 propterea
2440 2671 2697 2726 divinitas
2723 2671 2940 2740 quidem
2975 2673 3140 2728 nullis
3179 2672 3572 2727 mutationibus

2007 2762 2240 2817 obnoxia
2266 2770 2371 2825 est,
2406 2777 2506 2817 nec
2530 2762 2583 2816 iu
2609 2763 2851 2816 deterius
2879 2765 3241 2830 convertitur;
3277 2779 3402 2817 nam
3428 2764 3574 2834 quod

2006 2853 2164 2923 pejus
2194 2861 2279 2908 est
2308 2869 2412 2906 non
2448 2853 2702 2918 admittit,
2736 2865 2791 2907 et
2816 2853 2959 2923 quod
2992 2853 3188 2907 melius
3217 2861 3300 2909 est
3329 2855 3574 2910 obtinere

2005 2961 2115 3000 non
2165 2952 2362 3014 potest.
2424 2946 2492 2998 At
2542 2960 2670 3000 vero
2723 2947 2959 3000 humana
3006 2953 3201 2999 natura
3261 2947 3316 3000 in
3354 2946 3575 3002 Christo

2005 3037 2362 3092 mutationem
2400 3038 2453 3090 in
2487 3037 2679 3091 melius
2719 3039 2968 3101 sortitur,
3017 3038 3142 3091 dum
3173 3053 3203 3091 e
3231 3039 3574 3107 corruptibili

331 3125 426 3178 τοῦ
462 3127 772 3197 σωματικοῦ
800 3128 893 3180 καὶ
917 3127 1491 3198 κατεσχηματισμένου
1516 3127 1653 3199 πρὸς
1677 3128 1738 3181 τὸ
1757 3129 1896 3183 ἀσώ-

2005 3133 2062 3184 in
2086 3129 2575 3198 incorruptibilem.
2607 3147 2636 3184 e
2659 3131 2802 3183 ﬂuxa
2835 3130 3122 3200 fragilique
3152 3129 3206 3182 in
3237 3131 3484 3186 stabilem
3510 3146 3574 3186 ac

333 3218 506 3290 ματόν
528 3235 587 3273 τε
614 3220 708 3274 καὶ
741 3219 1147 3292 ἀσχημάτιστον
1171 3218 1307 3288 (29).

414 3491 630 3565 Ἐπειδὴ
665 3494 721 3548 δέ
750 3512 910 3564 φασιν
947 3496 1094 3567 ἡμᾶς
1127 3493 1306 3564 λέγειν
1345 3493 1667 3548 πεπονθέναι
1694 3492 1785 3546 τὸν
1813 3493 1904 3547 ἄν·

335 3589 570 3660 θρωπον,
594 3588 655 3641 οὐ
676 3587 768 3642 τὸν
790 3587 941 3654 Θεὸν,
969 3587 1141 3641 ταῦτα
1163 3588 1290 3658 παρ’
1313 3586 1468 3658 ήμῶν
1493 3586 1899 3648 ἀκουσάτωσαν,

332 3679 414 3731 ὅτι
441 3678 540 3750 τὴν
569 3677 796 3748 θεότητα
825 3679 883 3732 ὲν
917 3676 1028 3748 (50)
1061 3676 1140 3748 τῷ
1168 3676 1425 3747 πάσχοντι
1448 3671 1584 3728 εἶναι
1610 3675 1902 3746 ὁμολογοῦ-

339 3785 459 3839 μεν,
493 3769 552 3821 οὐ
585 3769 690 3840 μὴν
714 3767 811 3840 τὴν
837 3767 1017 3837 ἀπαθῆ
1045 3766 1225 3836 φύσιν,
1250 3766 1470 3836 ἐμπαθῆ
1503 3765 1773 3834 γενέσθαι.
1815 3766 1902 3828 Ὠς

330 3859 381 3915 δ’
409 3861 476 3914 ἂν
503 3860 829 3928 σαφέστεοον
860 3859 1068 3927 γένοιτο
1100 3856 1160 3912 :6
1191 3858 1498 3929 λεγόμενον,
1543 3857 1745 3928 ταύτην
1785 3856 1901 3927 ἕχο-

1995 3228 2430 3292 permancntem,
2458 3236 2522 3275 ex
2538 3228 2895 3290 temporanea
2920 3222 2974 3275 in
3003 3223 3385 3286 immortalem,
3408 3238 3438 3277 e
3457 3238 3578 3278 cor-

1996 3327 2163 3384 porea
2213 3320 2266 3366 et
2318 3311 2544 3381 ﬁgurata
2586 3313 2640 3365 in
2683 3298 3062 3382 incorporeatu
3112 3313 3370 3382 nullaque
3401 3313 3572 3384 ﬁgura

1997 3418 2312 3473 expressam
2352 3412 2720 3473 permutatur.

2071 3493 2203 3549 LIV.
2230 3493 2498 3559 Quoniam
2525 3510 2656 3548 vero
2679 3503 2932 3551 asserunt
2959 3511 3061 3551 nos
3089 3495 3270 3551 dicere
3297 3496 3571 3552 hominem

2007 3600 2230 3656 passum
2281 3585 2470 3647 fuisse.
2519 3600 2627 3639 non
2667 3586 2856 3654 Deum,
2905 3588 3022 3642 haec
3067 3602 3097 3642 a
3126 3588 3283 3644 nobis
3311 3588 3569 3644 audiant:

2007 3675 2346 3730 divinitatem
2384 3675 2602 3744 quidem
2658 3677 2712 3730 in
2765 3693 2831 3732 eo
2876 3679 2968 3748 qui
3019 3694 3215 3750 passus
3260 3689 3344 3735 est
3391 3681 3571 3735 inesse

2007 3765 2264 3832 fatemur,
2312 3783 2422 3821 non
2472 3781 2601 3821 vero
2649 3767 2999 3837 impatibilem
3035 3779 3281 3824 naturam
3330 3771 3574 3826 evasisse

2007 3856 2306 3927 patibilem.
2338 3856 2408 3912 Ut
2441 3866 2620 3912 autem
2653 3860 2796 3929 quod
2821 3859 3052 3915 dicimus
3079 3860 3169 3915 ﬁat
3203 3861 3572 3928 manifestius,

400 4037 446 4071 “
481 4036 623 4094 Psal.
653 4051 768 4101 LIV,
797 4035 888 4091 20.
962 4034 1005 4068 “
1039 4033 1173 4090 Heb.
1210 4049 1249 4099 t,
1280 4033 1333 4088 2.
1409 4035 1454 4066 ⁸⁸
1482 4037 1602 4089 Act.
1640 4051 1694 4098 χ,
1727 4034 1817 4088 58.
1889 4031 1896 4060 ¹

2001 4031 2010 4086 |
2039 4032 2168 4089 Cor.
2198 4048 2253 4098 ν,
2277 4030 2368 4089 16.

403 4196 515 4265 (24)
542 4194 701 4265 Corr.
735 4193 882 4265 hunc
905 4198 1008 4265 art.
1041 4192 1202 4265 delet.

405 4259 519 4336 (25)
565 4263 690 4336 llaec
733 4262 970 4336 _Nysseni
1019 4264 1181 4336 verba
1239 4259 1588 4336 intelligenda
1622 4270 1750 4336 sunt
1775 4278 1888 4336 non

331 4331 854 4406 der'proprietatibus
889 4333 1092 4406 carnis,
1133 4347 1254 4401 quae
1309 4347 1345 4406 a
1374 4331 1879 4406 Grmcis__si501:o:oi,

332 4425 362 4463 a
402 4401 614 4460 IIatiitis
649 4402 919 4472 speciﬁcat
963 4401 1253 4462 dicuntur,
1306 4403 1423 4456 sine
1479 4401 1688 4472 quibus
1759 4401 1889 4454 car'o

1993 4200 2275 4264 uerentur,
2325 4192 2784 4264 quemadmodum
2822 4193 3106 4264 Nyssenus
3164 4194 3282 4264 ipse
3330 4194 3561 4254 inferius

1993 4276 2116 4332 cap.
2207 4263 2300 4325 57,
2344 4263 2606 4329 testatur,
2689 4265 2813 4318 hinc
2866 4263 3068 4319 factum
3127 4263 3243 4329 est,
3304 4274 3364 4319 ut
3420 4265 3562 4321 idem

1995 4331 2272 4402 Nyssenus
2305 4334 2566 4387 adversus
2599 4335 2964 4401 Apollinarem
3008 4334 3316 4404 disputans,
3347 4334 3559 4390 Christi

1996 4417 2231 4474 Carnem
2276 4404 2330 4456 in
2382 4404 2554 4457 cmlos
2605 4415 2962 4474 assumptam,
3005 4419 3105 4457 nec
3144 4405 3196 4458 in
3257 4407 3379 4460 suis
3433 4421 3560 4474 pro-

331 4471 745 4565 constareqtbn
796 4479 1011 4565 potest;
1062 4472 1158 4526 sed
1209 4473 1275 4526 de
1308 4471 1887 4565 pr0prietatiltus'illis,
1921 4511 1965 4565 Β
1995 4471 2323 4540 prietatibus
2379 4471 2912 4565 perseverasse—uec
2950 4475 3399 4565 (corruptuiitem,
3433 4471 3560 4554 'nec

327 4563 472 4616 quas
508 4544 873 4598 accidentales
927 4549 1155 4616 vocant,
1217 4549 1346 4616 puta
1383 4541 1835 4616 _corruptibilem
1866 4581 1879 4604 ,

332 4608 648 4670 mutabilem
687 4619 741 4665 et
794 4611 1145 4680 passionibus
1194 4608 1487 4666 obnoxiam
1544 4625 1684 4663 esse.
1725 4608 1882 4664 Post-

331 4687 520 4740 tremis
573 4689 785 4735 tantum
822 4681 972 4735 hisce
1014 4681 1436 4750 proprietatibus
1496 4680 1732 4750 Cltrtsti__
1761 4695 1883 4732 car—

332 4772 454 4809 nem
515 4762 631 4822 post
666 4745 1130 4822 resurrectionem
1155 4751 1398 4822 caruisse
1449 4750 1658 4802 censuit
1688 4745 1888 4818 Nysse-

330 4841 435 4880 nus
467 4841 482 4884 ;
516 4820 648 4877 _non
703 4835 830 4874 vero
869 4820 1136 4888 speciﬁcis
1182 4820 1291 4875 illis
1335 4834 1457 4888 quae
1508 4833 1728 4872 carnem
1788 4835 1884 4874 ue-

329 4895 588 4949 cessitate
634 4901 842 4944 natura:
889 4889 1240 4943 comitantur.
1291 4891 1486 4958 Aperte
1536 4888 1678 4941 enim
1749 4889 1885 4941 fate-

330 4974 422 5016 tur
465 4971 577 5016 tum
609 4961 718 5022 hic,
761 4969 874 5013 tum
931 4959 1080 5020 alibi,
1128 4958 1330 5013 Christi
1391 4973 1608 5011 carnem
1655 4965 1775 5026 post
1805 4973 1886 5012 re-

330 5033 722 5088 surrectionem
807 5029 1162 5082 mutationem
1237 5029 1292 5082 in
1369 5029 1562 5080 melius
1636 5028 1881 5079 sortitam

329 5103 523 5157 fuisse.
560 5101 701 5166 Quin
747 5107 802 5152 et
831 5099 886 5151 in
917 5098 1315 5152 resurrectione
1347 5097 1539 5150 factam
1578 5096 1743 5149 fuisse
1767 5098 1884 5150 ani-

331 5189 432 5226 mae
483 5187 606 5225 cum
673 5183 902 5237 corpore
978 5167 1275 5237 unitiouem
1315 5168 1408 5237 ait,
1457 5182 1507 5218 c.
1673 5177 1724 5237 et
1762 5174 1884 5234 post

330 5235 787 5294 resurrectionem
840 5237 1120 5292 Christum
1176 5235 1460 5289 Dominum
1504 5237 1556 5288 in
1602 5236 1737 5289 caelo
1766 5252 1887 5289 car-

331 5327 452 5363 nem
487 5312 806 5372 collocasse,
851 5315 905 5361 et
936 5307 1138 5360 Christi
1173 5321 1372 5373 corpus
1432 5306 1482 5357 itt
1540 5306 1694 5358 cmlis
1738 5307 1883 5358 exsi~

329 5393 496 5440 sterc,
525 5380 744 5433 disertis
788 5378 968 5431 verbis
1008 5377 1236 5429 allirtuat
1267 5377 1318 5427 itt
1356 5377 1459 5428 tiue
1509 5375 1670 5442 hujus
1721 5376 1885 5426 antir-

328 5450 546 5502 rltetici.
580 5449 682 5501 Sed
743 5449 998 5518 quoniam
1055 5445 1386 5514 Apollinaris
1424 5445 1496 5497 ita
1538 5459 1698 5497 unam
1734 5459 1882 5518 eatu-

328 5520 562 5588 demque
592 5514 810 5571 carneiu
837 5527 944 5588 tam
997 5527 1120 5588 ante
1171 5531 1331 5588 quam
1374 5525 1493 5584 post
1527 5514 1881 5588 resurrectio-

330 5584 787 5644 neut'Christum
851 5586 1104 5639 habuisse
1161 5584 1400 5654 putabat,
1445 5591 1503 5636 ut
1545 5599 1654 5636 non
1692 5584 1881 5654 _tnodo

331 5661 637 5715 substantia
696 5658 899 5717 carnis,
942 5656 1036 5710 sed
1089 5652 1370 5710 eteadem
1399 5655 1644 5722 corporis
1684 5652 1879 5716 forma,

290 5752 296 5760 -
333 5730 615 5783 erassities
647 5735 810 5796 atque
839 5728 1007 5779 moles
1052 5737 1369 5796 ercteraeque
1412 5724 1715 5796 passiones,
1741 5737 1880 5796 quas

330 5798 692 5854 occidentales
722 5792 928 5851 'vocant
961 5796 1257 5866 gloriﬁcata
1283 5792 1500 5849 'Cltristi
1551 5807 1714 5847 carne
1743 5792 1876 5846 reti-

1993 4556 2333 4609 eorpoream,
2411 4557 2510 4596 nec
2592 4543 2875 4611 ﬁguratam
2949 4542 3118 4598 fuisse
3165 4542 3558 4608 aﬁirtnaverit;

1986 4625 2095 4664 non
2143 4611 2291 4680 quod
2327 4612 2440 4680 ipse
2483 4611 2686 4666 Christi
2757 4627 2978 4666 carnem
3054 4614 3107 4665 in
3164 4615 3451 4668 aetheream
3507 4625 3560 4668 et

1987 4679 2228 4733 divinam
2275 4679 2590 4748 qualitatem
2645 4698 2969 4736 conversam
3018 4681 3208 4741 fuisse.
3259 4697 3383 4736 cum
3435 4684 3557 4735 Ori-

1985 4764 2121 4818 gene
2168 4750 2397 4820 ejusque
2445 4751 2665 4820 assecli,c
2719 4760 2953 4819 putaret;
3009 4752 3102 4804 sed
3138 4752 3283 4819 quod
3342 4767 3449 4804 non
3481 4753 3554 4806 ita

1986 4819 2320 4887 corpoream
2355 4828 2409 4872 et
2467 4819 2750 4887 ﬁguratam
2813 4836 2934 4874 esse
3003 4821 3247 4879 diceret.
3291 4825 3550 4889 quemad-

1985 4890 2210 4959 modum
2245 4889 2576 4959 Apollinaris
2617 4891 2954 4942 autumabat.
3009 4889 3124 4941 Nou
3196 4898 3358 4959 negat
3423 4907 3554 4959 ergo

1985 4957 2233 5011 absolute
2278 4955 2554 5028 Nyssenus
2607 4958 2658 5011 iu
2690 4959 2992 5026 glorilicato
3046 4955 3292 5012 Cltristi'
3319 4955 3551 5028 corpore

1986 5027 2349 5081 substantiam
2429 5027 2763 5096 ﬁguramque
2832 5029 3037 5089 carnis,
3094 5029 3186 5083 sed
3230 5028 3298 5082 ab
3361 5027 3550 5082 eodem

1986 5112 2216 5166 corpore
2245 5097 2491 5150 excludit
2535 5098 2802 5151 duntaxat
2831 5101 3138 5152 crassitietn
3173 5098 3344 5155 illam.
3382 5106 3550 5164 atque

1985 5166 2209 5232 ﬁguram
2266 5166 2437 5235 magis
2485 5167 2816 5232 seusihilem,
2858 5183 2979 5237 quae
3031 5167 3231 5221 Christi
3294 5169 3547 5220 humaui-

1985 5238 2081 5306 tati
2135 5237 2187 5289 in
2235 5245 2377 5289 statu
2439 5237 2786 5306 mortalitatis
2840 5239 3218 5306 competebat,
3273 5252 3549 5305 quamque

1983 5305 2039 5427 in
2073 5306 2263 5386 eodem
2315 5320 2542 5373 corpore
2572 5305 2749 5360 adhuc
2787 5305 3082 5375 pet-durare
3141 5308 3366 5376 putabat
3391 5311 3548 5375 Apol-

2007 5389 2193 5427 maris.

2007 5389 2193 5427 maris.

2053 5444 2164 5508 (26)
2191 5443 2344 5496 Corr.
2376 5444 2494 5496 οὐδὲ
2531 5444 2656 5512 γάρ.

2054 5512 2166 5581 ('27)
2202 5512 2474 5573 ltacorr.;
2510 5527 2663 5576 antea
2690 5517 2968 5570 contrario
3000 5532 3162 5570 sensu
3181 5515 3241 5567 :6
3275 5516 3540 5582 κρεῖττον.

2033 5583 2166 5651 ,(28)
2193 5583 2346 5652 Corr.
2381 5584 2436 5632 ἐν
2466 5582 2542 5651 τῷ
2567 5583 2800 5652 Χριστῷ.

2053 5653 2165 5724 (29)
2197 5651 2479 5724 Quomodo
2512 5657 2622 5706 hate
2649 5651 2994 5724 intelligenda
3023 5656 3155 5722 siut,
3186 5654 3306 5709 vide
3329 5656 3383 5709 itt
3413 5664 3543 5708 nota

1982 5721 2252 5793 superiori
2291 5721 2411 5793 25.Δ
2467 5791 2476 5793 _
2565 5757 2582 5765 -

2052 5789 2164 5864 (50)
2199 5791 2354 5846 Corr.
2390 5789 2616 5862 θεότητα
2654 5793 2749 5862 μὲν
2775 5796 2831 5847 ὲν
