4120 6394
515 411 656 467 4255

1764 413 1822 469 S.
1862 415 1950 470 εις
1962 413 2186 469 EGORII
2225 412 2515 468 NYSSENI

3637 417 3776 473 1255

513 525 630 582 hate
666 533 853 579 nostra
881 527 1149 580 sententia
1177 536 1295 578 est:
1329 527 1574 583 Humana
1604 541 1800 584 natura
1825 549 1888 586 ex
1913 534 2090 585 anima

2201 547 2299 600 μεν
2328 530 2423 601 τὴν
2465 531 2720 590 διάνοιαν,
2771 528 2851 580 ὅτι
2883 529 2916 598 ἡ
2957 528 3267 600 ἀνθρωπίνη
3296 529 3454 600 φύσις
3499 533 3561 584 ὲκ
3589 534 3781 602 νοερᾶς

513 614 792 668 intellectu
817 616 1062 684 praedita,
1087 617 1304 684 corpori
1330 619 1648 688 conjuncta,
1685 622 2096 676 subsistentiam

515 710 713 769 habet;
750 707 865 762 hazc
896 716 1078 761 autem
1119 710 1410 780 utriusque
1440 713 1757 782 conjunctio
1798 716 1876 775 ﬁt,
1926 725 2097 769 mate-

511 799 634 854 riali
653 799 884 869 quadam
905 801 1235 864 substantia,
1269 804 1432 856 veluti
1456 806 1692 874 quodam
1719 806 2094 874 fundamento,

513 901 642 946 ante
679 892 852 961 ipsius
880 894 1328 948 constitutionem
1383 897 1580 965 posita.
1618 897 1872 954 Materies
1913 909 2092 955 autem

514 983 628 1044 illa,
673 983 857 1038 divina
889 987 1090 1041 virtute
1134 989 1187 1040 iu
1221 989 1421 1042 animal
1455 988 1761 1053 eﬂonuata,
1819 993 1977 1045 homo
2015 994 2092 1053 lit,

513 1075 587 1128 ita
620 1082 678 1128 ut
720 1076 766 1130 si
795 1076 920 1146 quis
952 1077 1018 1128 ad
1069 1079 1271 1132 animal
1309 1079 1702 1134 etTormandum
1737 1086 2092 1137 conditricem

514 1162 609 1218 Dei
635 1164 892 1220 virtutem
926 1183 1030 1219 non
1063 1169 1412 1231 intervenire,
1450 1187 1514 1224 ex
1543 1175 1937 1241 suppositione,
1972 1192 2098 1229 con-

515 1257 696 1322 cedat,
729 1258 907 1314 otiosa
951 1275 1177 1328 prorsus
1223 1270 1386 1330 atque
1420 1263 1702 1317 immutata
1729 1275 1943 1319 maneat
1976 1282 2090 1320 ma~

514 1350 673 1412 teria,
717 1359 902 1419 utpote
951 1369 1071 1421 qnze
1121 1354 1283 1406 vitam
1329 1355 1398 1408 ab
1444 1354 1719 1410 eﬂ‘ectrice
1745 1358 1946 1412 virtute
1984 1374 2091 1412 non

514 1444 763 1513 accipiat.
794 1443 1266 1510 Quemadmodum
1310 1449 1473 1516 igitur
1513 1451 1566 1502 in
1613 1451 1770 1518 nobjs
1825 1452 2090 1505 viviliram

510 1535 803 1603 quamdam
854 1536 1106 1590 virtutem
1152 1539 1392 1596 materiae.
1431 1543 1784 1605 supervenire.
1833 1543 2092 1614 intelligi-

513 1641 659 1686 mus.
692 1643 784 1696 per
811 1642 974 1697 quam
1005 1629 1166 1682 homo
1183 1646 1246 1683 ex
1281 1632 1461 1684 anima
1495 1644 1546 1686 et
1570 1649 1798 1702 corpore
1831 1645 2091 1690 constans

512 1720 860 1774 elformatur:
899 1720 970 1774 ita
1001 1722 1052 1774 in
1086 1721 1252 1774 Maria
1287 1721 1508 1792 Virgine
1543 1724 1744 1779 factum
1782 1736 1949 1782 estut
1986 1730 2092 1782 Al—

512 1811 712 1865 tissimi
741 1812 934 1876 virtus,
973 1828 1069 1882 per
1112 1813 1476 1869 viviﬁcantem
1513 1813 1777 1886 Spiritum
1809 1821 1860 1872 in
1894 1821 2087 1873 imma-

2197 619 2397 688 ψυχῆς,
2434 619 2646 690 σώματι
2681 617 3105 690 συνδραμούσης,
3152 621 3248 688 τὴν
3284 622 3577 673 ὑπόστασιν
3620 623 3728 691 ἔχει
3757 639 3774 651 ·

2198 713 2390 782 φύεται
2421 713 2476 766 δὲ
2522 713 2582 766 τὸ
2609 713 3014 783 συναμφότερον
3045 714 3295 784 ἀφορμῆς
3333 732 3476 777 τινος
3507 717 3618 787 (51)
3663 716 3777 767 ὑλι-

2196 807 2296 877 κῆς
2324 805 2910 876 προκαταϐαλλομένης
2943 805 3104 857 αὑτοῦ
3133 807 3229 875 τῆς
3267 807 3594 867 συστάσεως.
3636 808 3696 858 Ἦ
3719 807 3777 860 δὲ

2197 897 2297 966 ὕλη
2326 899 2507 968 ἐκείνη
2537 896 2656 966 θεία
2686 895 2912 964 δυνάμει
2954 895 3453 966 ζωοπλαστηθεῖσα,
3489 897 3774 967 ἄνθρωπος

2194 989 2424 1056 γίνεται,
2457 987 2532 1052 ὡς
2578 989 2630 1041 εἴ
2670 1003 2733 1054 γε
2769 986 2882 1056 δοίη
2924 1003 3028 1050 τις,
3059 986 3177 1039 καθ’
3208 987 3484 1050 ὑπόθεσιν,
3523 989 3595 1058 μὴ
3639 1004 3777 1056 συμ-

2195 1082 2447 1148 παρεῖναι
2495 1079 2595 1149 τὴν
2640 1079 3033 1150 δημιουργικὴν
3077 1078 3173 1131 τοῦ
3215 1079 3350 1132 Θεοῦ
3382 1080 3610 1149 δύναμιν
3642 1079 3779 1147 πρὸς

2193 1170 2293 1240 τὴν
2332 1168 2425 1222 τοῦ
2458 1168 2833 1239 πλασσομένου
2871 1168 3156 1228 σύστασιν,
3197 1170 3340 1240 ἀργὴ
3375 1171 3590 1232 πάντως
3621 1171 3776 1240 μένει

2195 1263 2288 1314 καὶ
2334 1262 2609 1330 ἀκίνητος,
2649 1259 2722 1330 μὴ
2755 1259 3162 1329 ζωογονουμένη
3213 1261 3301 1314 διά
3345 1261 3443 1331 τῆς
3489 1263 3778 1330 ποιητικῆς

2193 1350 2472 1421 ἐνεργείας
2507 1351 2538 1419 ἡ
2576 1347 2693 1418 ὕλη.
2740 1350 2947 1418 Ὥσπερ
2989 1345 3081 1401 οὖν
3108 1349 3190 1416 ἐφ’
3221 1348 3373 1420 ἡμῶν
3405 1350 3660 1413 ζωοποιός
3691 1362 3778 1412 τις

2192 1444 2416 1514 δύναμις
2449 1442 2791 1513 ὲνθεωρεῖται
2831 1445 2898 1512 τῇ
2947 1441 3065 1512 ὕλῃ,
3103 1442 3194 1510 ἀφ’
3223 1438 3291 1514 ἦς
3327 1445 3355 1494 ὁ
3401 1443 3464 1494 ἐκ
3493 1444 3665 1512 ψυχῆς
3714 1459 3774 1493 τε

2193 1536 2288 1588 καὶ
2346 1533 2596 1604 σώματος
2657 1532 2925 1596 συνεστὼς
2991 1533 3273 1607 ἄνθρωπος
3343 1533 3770 1586 διαπλάσσεταιο

2192 1627 2361 1690 οὕτως
2378 1627 2469 1678 ἐπὶ
2483 1629 2580 1696 τῆς
2607 1624 2902 1694 παρθενίας
2931 1627 2962 1696 ἡ
2992 1626 3088 1678 τοῦ
3138 1626 3397 1694 Ὑψίστου
3417 1627 3663 1695 δύναμις,
3686 1625 3773 1679 διὰ

2192 1721 2288 1772 τοῦ
2318 1719 2706 1782 ζωοποιοῦντος
2740 1715 3056 1786 Πνεύματος
3085 1717 3262 1780 ἀΰλως
3391 1717 3636 1786 ἀμιάντῳ
3666 1717 3773 1768 σώ-

2196 1826 2327 1879 ματι
2362 1810 2650 1878 ὲμφυεῖσα,
2695 1806 2789 1859 καὶ
2831 1805 2962 1876 ὓλην
2991 1808 3089 1876 τῆς
3125 1807 3340 1878 σαρκὸς,
3385 1807 3480 1878 τὴν
3511 1807 3774 1877 ἀφθορίαν

512 1903 750 1955 culatum
778 1917 978 1970 corpus
1009 1903 1439 1958 immaterialiter
1480 1905 1777 1970 insinuata,
1818 1916 1872 1961 et
1904 1910 2086 1962 incor-

2192 1901 2288 1969 τῆς
2323 1898 2598 1972 Παρθένου
2645 1898 2986 1967 ποιησαμένη
3013 1938 3027 1958 ,
3050 1903 3054 1907 ’
3079 1898 3177 1968 τὴν
3223 1901 3287 1951 ἐκ
3319 1898 3412 1950 τοῦ
3444 1897 3774 1966 παρθενικοῦ

513 2002 726 2064 ruptam
757 1993 994 2066 Virginis
1011 1996 1304 2065 puritatem
1341 1997 1394 2050 in
1419 1999 1603 2053 carnis
1632 2001 1906 2053 materiam
1935 2016 2090 2054 assu-

512 2101 688 2149 mens,
725 2097 930 2155 partem
969 2088 1112 2140 illam
1161 2105 1226 2142 ex
1271 2089 1516 2158 virgineo
1553 2104 1782 2159 corpore
1828 2090 1894 2143 ail
1931 2090 2094 2144 emir-

512 2176 770 2229 manduin
828 2176 993 2230 fetum
1044 2179 1298 2230 collatam
1346 2181 1681 2249 susceperit;
1719 2197 1895 2251 eoque
1933 2194 2092 2252 pacto

512 2268 766 2322 conditus
819 2268 982 2323 fuerit
1027 2285 1202 2324 novus
1262 2286 1452 2325 revera
1492 2273 1676 2339 homo,
1729 2274 1823 2343 qui
1882 2259 2092 2342 primus

513 2359 772 2428 solusque
807 2359 966 2413 talum
1001 2359 1334 2413 subsistendi
1367 2362 1586 2416 modum
1625 2362 1678 2416 in
1712 2379 1771 2418 se
1801 2363 1918 2432 ipso
1945 2381 2093 2419 mon-

512 2449 728 2510 stravit,
761 2449 1085 2516 quidivino,
1123 2465 1231 2503 nou
1261 2450 1502 2506 humano
1523 2467 1674 2507 more
1698 2453 1964 2509 formatus
1985 2465 2088 2519 est,

511 2539 695 2593 divina
726 2541 926 2594 virtute
955 2541 1239 2611 aequaliter
1270 2559 1366 2612 per
1400 2553 1569 2598 totam
1602 2549 2092 2617 coagmentationis

512 2629 661 2683 illius
693 2639 945 2683 naturam
976 2634 1047 2684 ita
1082 2645 1396 2702 permeante
1420 2647 1477 2690 ut
1508 2647 1763 2691 neutrum
1791 2639 2092 2694 divinitatis

510 2737 705 2790 expers
735 2721 918 2784 fuerit,
973 2721 1067 2777 sed
1110 2739 1232 2778 cum
1266 2735 1520 2797 utroque,
1555 2732 1736 2782 anima
1775 2731 1994 2800 inquam
2038 2740 2093 2785 et

510 2827 761 2883 corpore,
782 2815 938 2883 juxta
965 2815 1252 2886 utriusque
1279 2820 1557 2873 modulum
1585 2821 1912 2876 coalesceret
1930 2833 2093 2894 atque

511 2914 856 2974 congrueret.
893 2906 1363 2973 Quemadmodum
1411 2912 1595 2981 igitur,
1639 2913 1766 2966 dum
1803 2915 1964 2969 homo
2009 2917 2092 2985 gi-

510 2999 796 3068 gnebatur,
831 3013 969 3067 epos
1005 3016 1112 3053 non
1143 3000 1332 3054 habuit
1363 3002 1508 3072 gigni
1540 3003 1798 3059 divinitas
1839 3007 2092 3060 omnibus

511 3090 725 3143 seculis
759 3091 1035 3160 antiquior
1083 3101 1135 3144 et
1185 3093 1238 3145 in
1300 3101 1564 3148 a-ternum
1601 3112 1951 3164 permanens,
1999 3099 2092 3152 sed

513 3183 680 3236 semel
703 3182 754 3234 in
778 3182 1014 3238 hominis
1037 3185 1386 3253 generatione
1406 3195 1569 3255 atque
1591 3196 1892 3250 structura,
1921 3206 2087 3244 unum

2196 1991 2446 2062 σώματος
2481 1989 2616 2060 πρὸς
2645 1989 2706 2042 τὸ
2753 1989 3122 2057 πλασσόμενον
3156 1992 3509 2059 συνεισφοράν
3543 1990 3771 2060 παρεδέ-

2197 2083 2344 2148 ξατο,
2373 2086 2466 2135 καὶ
2493 2081 2665 2143 οὕτως
2696 2080 2918 2150 ἐκτίσθη
2949 2083 2976 2133 ό
3009 2082 3193 2145 καινὸς
3222 2081 3297 2142 ὡς
3329 2081 3540 2151 ἀληθῶς
3567 2081 3774 2152 ἀνθρω-

2194 2191 2312 2236 πος,
2349 2174 2375 2224 ὁ
2411 2171 2624 2242 πρῶτος
2675 2171 2768 2222 κα).
2804 2171 2960 2239 μόνος
3007 2171 3096 2224 τὸν
3145 2170 3386 2223 τοιοῦτον
3431 2173 3626 2241 τρόπον
3671 2173 3774 2240 τῆς

2194 2264 2544 2326 ὑποστάσεως
2608 2263 2693 2330 ἐφ’
2740 2261 2934 2316 ἑαυτοῦ
2987 2262 3328 2328 καταδείξας,
3377 2265 3405 2315 ὁ
3457 2264 3592 2314 κατὰ
3639 2262 3774 2315 Θεὸν

2194 2357 2454 2418 κτισθεὶς,
2501 2354 2560 2406 οὐ
2605 2353 2746 2406 κατὰ
2792 2353 3109 2425 ἄνθρωπον,
3153 2355 3253 2425 τῆς
3299 2354 3449 2417 θείας
3495 2354 3774 2424 δυνάμεως

2193 2446 2333 2497 κατά
2365 2445 2424 2496 τὸ
2454 2439 2570 2496 ἴσον
2603 2444 2688 2496 διὰ
2715 2445 2894 2514 πάσης
2922 2444 3021 2514 τῆς
3041 2444 3133 2498 τοῦ
3167 2446 3537 2515 συγκρίματος
3560 2445 3775 2514 φύσεως

2192 2537 2502 2608 διηκούσης,
2539 2536 2614 2600 ὡς
2651 2537 2772 2608 μηδ’
2806 2537 2991 2609 ἕτερον
3021 2539 3134 2607 (52)
3170 2539 3418 2608 ἀμοιρεῖν
3449 2539 3548 2608 τῆς
3580 2537 3772 2606 θεότη-

2191 2646 2305 2691 τος,
2342 2629 2455 2680 ἀλλ’
2500 2631 2557 2681 ὲν
2601 2628 2952 2699 ἀμφοτέροις,
2985 2631 3042 2680 ἐν
3071 2630 3216 2700 ψυχῇ
3244 2629 3386 2698 λέγω
3416 2631 3508 2682 καὶ
3538 2630 3774 2700 σώματι,

2193 2717 2375 2780 καθὼς
2406 2717 2576 2780 είκδς,
2612 2716 2856 2788 ἑκατέρῳ
2883 2719 2992 2788 (55)
3033 2719 3324 2789 προσφυῶς
3358 2737 3415 2772 τε
3449 2721 3542 2772 καὶ
3576 2722 3778 2774 κατα).-

2191 2810 2363 2879 λήλως
2398 2804 2556 2862 εἶναι.
2597 2810 2804 2882 Ὥσπερ
2836 2807 2928 2864 οὖν
2969 2809 3061 2862 τοῦ
3100 2809 3386 2880 ἀνθρώπου
3427 2813 3773 2881 τικτομένου,

2191 2905 2223 2973 ἡ
2279 2902 2468 2971 θεότης
2515 2901 2608 2953 τοῦ
2655 2902 2980 2973 γεννηθῆναι
3029 2903 3129 2955 οὐκ
3177 2903 3373 2966 ἐδέετο,
3419 2903 3524 2976 πρὸ
3559 2904 3776 2956 πάντων

2193 2992 2402 3047 αἰώνων
2450 2986 2583 3044 οὖσα
2621 2993 2717 3045 καὶ
2761 2993 2841 3055 εἰς
2889 2993 2976 3044 ἀεὶ
3020 2991 3366 3060 διαμένουσα,
3402 2992 3514 3045 ἀλλ’
3544 2992 3689 3054 ἅπαξ
3716 2993 3775 3044 ἐν

2192 3085 2452 3155 γενομένη
2490 3085 2599 3154 (54)
2629 3085 2769 3138 κατά
2801 3087 2898 3154 τὴν
2931 3084 3188 3138 σύστασιν
3221 3086 3312 3138 τοῦ
3341 3087 3646 3157 ἀνθρώπου,
3677 3090 3774 3140 καὶ

2195 3174 2334 3228 κατὰ
2387 3175 2486 3246 τὴν
2542 3176 2794 3246 γέννησιν
2845 3175 2958 3245 [53)
3021 3175 3213 3247 ἐκείνῳ
3279 3179 3771 3246 συναναφαίνεταιο

513 3288 636 3326 cum
666 3273 783 3342 ipso
821 3272 978 3336 facta,
1013 3275 1066 3327 iu
1095 3275 1339 3340 ejusdem
1370 3277 1531 3329 etiam
1563 3279 1798 3332 hominis
1828 3293 1949 3334 ortu
1983 3299 2087 3335 una

2192 3266 2360 3329 οὕτως
2406 3267 2526 3320 οὐδὲ
2556 3268 2648 3321 τοῦ
2679 3269 2975 3338 ἀναστῆναι
3013 3267 3206 3339 χρῄζει
3250 3271 3282 3340 ὴ
3326 3271 3410 3323 ἀεὶ
3436 3271 3602 3334 ζῶσα,
3636 3271 3774 3324 ἀ).λά

512 3375 638 3415 cum
665 3362 758 3414 illo
791 3361 843 3414 iu
874 3365 1047 3416 lucem
1089 3364 1308 3430 editur;
1363 3366 1437 3419 ita
1493 3384 1593 3422 nec
1635 3385 1920 3439 resurgere
1955 3389 2091 3442 Opus

513 3449 678 3506 habet
710 3468 830 3521 qu:e
863 3469 1143 3522 nunquam
1179 3464 1392 3510 mortua
1423 3467 1527 3521 est,
1559 3459 1653 3513 sed
1686 3461 1739 3513 iu
1770 3477 1835 3515 eo
1859 3463 1947 3530 qui
1981 3465 2092 3518 vir-

513 3551 627 3597 tute
643 3543 822 3596 divina
850 3544 916 3597 ad
941 3546 1104 3599 vitam
1129 3545 1270 3600 redit
1295 3557 1347 3601 et
1378 3549 1494 3618 ipsa
1525 3553 1782 3621 resurgit,
1819 3569 1925 3606 non
1945 3557 2088 3623 quod

513 3632 772 3686 divinitas
802 3649 831 3686 a
866 3636 1095 3688 mortuis
1131 3638 1449 3702 suscitetur,
1491 3655 1664 3709 neque.
1692 3643 1836 3695 enim
1875 3646 2086 3709 cecidit,

513 3721 608 3776 sed
639 3722 767 3792 quia
799 3725 850 3777 in
901 3726 1079 3796 scipsa
1120 3743 1247 3781 eum
1283 3729 1376 3798 qui
1410 3731 1683 3785 ceciderat
1720 3735 1996 3788 excitavit.
2033 3736 2091 3792 Si

512 3813 676 3882 igitur
701 3814 976 3874 divinitas,
1010 3826 1193 3886 utpote
1223 3835 1342 3886 qua:
1376 3837 1590 3892 semper
1622 3825 1873 3886 exsistat,
1913 3845 2092 3897 neque

511 3909 661 3961 nasci
692 3923 868 3977 neque
908 3925 1195 3979 resurgere
1229 3927 1367 3980 OplIS
1401 3913 1582 3976 habet,
1621 3931 1963 3984 consequens
2007 3931 2092 3975 est

513 4000 714 4054 (Ihristi
767 4017 991 4069 quoque
1048 4003 1356 4070 passionem
1395 4006 1469 4058 ita
1527 4009 1733 4075 pet-tiri,
1778 4025 1882 4062 non
1931 4013 2088 4080 quasi

514 4092 774 4146 divinitas
818 4108 976 4161 passa
1013 4093 1104 4157 sit,
1161 4095 1255 4148 sed
1297 4097 1453 4164 quasi
1486 4101 1598 4166 ipsa
1633 4099 1893 4155 divinitas
1931 4104 1984 4155 iu
2025 4119 2090 4158 eo

513 4185 604 4251 qui
640 4185 946 4252 patiebatur
977 4185 1288 4248 exsisteret,
1321 4194 1393 4248 et,
1426 4204 1518 4257 per
1552 4190 1805 4246 unionem
1847 4210 1967 4246 cum
1997 4211 2090 4249 eo-

514 4277 635 4329 dem
667 4277 878 4340 initam,
913 4277 1058 4330 illius
1088 4280 1396 4345 passionem
1429 4281 1532 4334 sibi
1564 4299 1782 4354 quoque
1815 4287 2087 4354 propriam

513 4368 767 4421 elliceret.
826 4367 1016 4421 Divina
1070 4371 1270 4440 quippe
1327 4380 1522 4427 natura
1572 4383 1682 4427 tum
1732 4378 1927 4430 animae
1975 4388 2085 4431 tum

513 4458 753 4528 corpori,
793 4460 868 4512 uti
904 4461 1161 4526 diximus,
1213 4465 1523 4534 promiscue
1562 4467 1852 4532 insinuata,
1886 4487 2085 4524 unum-

2192 3361 2249 3412 ἐν
2290 3359 2367 3429 τῷ
2403 3361 2488 3412 διὰ
2534 3361 2633 3430 τῆς
2663 3361 2811 3423 θείας
2838 3361 3119 3432 δυνάμεως
3149 3365 3224 3424 εἰς
3264 3363 3361 3434 τὴν
3393 3364 3535 3433 ζωὴν
3599 3366 3772 3416 ἐπαν-

2193 3452 2446 3521 αγομένῳ
2491 3451 2791 3518 ἀνίσταται,
2825 3453 2924 3506 οὐκ
2953 3454 3088 3525 αὑτὴ
3125 3455 3234 3525 (56)
3269 3457 3582 3526 ἑγειρομένη
3631 3457 3775 3527 (οὐδὲ

2191 3545 2299 3615 γάρ
2344 3545 2810 3614 πέπτωκεν),ἀλλ’
2849 3547 2906 3599 ὲν
2946 3548 3108 3618 ἑαυτῇ
3137 3548 3229 3601 τὸν
3269 3549 3588 3601 πεπτωκότα
3628 3551 3772 3616 ἐγεί-

2195 3654 2380 3708 ρουσα..
2430 3639 2492 3690 Εἰ
2539 3633 2630 3690 οὖν
2682 3637 2743 3690 τὸ
2790 3638 2951 3692 Θεῖον
2980 3639 3101 3695 οὒτε
3140 3641 3462 3712 γεννήσεως,
3496 3639 3617 3694 οὔτε
3656 3643 3769 3712 (5ἷ)

2190 3729 2538 3791 ἀναστάσεως
2564 3729 2764 3792 δέεται,
2814 3730 3052 3802 δηλονότι
3096 3733 3192 3785 καὶ
3235 3733 3296 3784 τὸ
3343 3732 3531 3794 πάθος,
3567 3734 3664 3802 οὐχ
3693 3735 3771 3795 ὡς

2189 3830 2288 3899 τῆς
2321 3831 2572 3900 θεότητος
2601 3829 2934 3899 πασχούσης,
2971 3826 3317 3887 ἐπιτελεῖται,
3358 3825 3470 3877 ἀλλ’
3498 3825 3571 3887 ὡς
3604 3827 3661 3876 ἐν
3689 3825 3772 3895 τῷ

2191 3922 2451 3991 πάσχοντι
2483 3921 2669 3991 οὔσης,
2720 3922 2832 3984 καὶ,
2883 3917 2970 3972 διὰ
3017 3917 3116 3986 τῆς
3151 3915 3286 3987 πρὸς
3330 3916 3420 3968 τὸν
3467 3915 3770 3969 πεπονθότα

2188 4013 2452 4078 ὲνὼσεως,
2480 4013 2541 4065 τὸ
2567 4013 2772 4065 ἐκείνου
2802 4010 2973 4074 πάθος
2998 4010 3392 4080 οἰκειουμένης.
3434 4010 3494 4062 'H
3518 4011 3624 4080 γάρ
3649 4011 3772 4064 θεία

2190 4105 2370 4174 φύσις,
2411 4103 2592 4166 καθὼς
2623 4102 2834 4175 εἴρηται
2874 4101 3022 4170 (58),
3064 4103 3129 4170 τῇ
3159 4117 3220 4152 τε
3252 4101 3396 4171 ψυχῇ
3430 4102 3522 4153 καὶ
3555 4100 3632 4171 τῷ
3664 4101 3772 4152 cib-

2192 4210 2319 4262 ματι
2349 4191 2698 4262 καταλλήλως
2721 4193 3009 4261 ὲμφυεῖσα,
3030 4189 3123 4241 καὶ
3147 4187 3204 4241 ἓν
3223 4189 3359 4260 πρὸς
3388 4189 3644 4257 ἑκάτερον
3672 4207 3770 4257 γε-

2187 4283 2382 4355 νομένη
2403 4301 2415 4314 ·
2452 4283 2638 4355 ἐπειδὴ
2669 4283 2786 4349 (59)
2822 4279 3270 4350 Ὰμεταμέλητα,
3301 4281 3453 4351 φησὶ,
3478 4281 3584 4334 τοῦ
3617 4281 3770 4335 Θεοῦ

2184 4377 2258 4430 τὰ
2293 4377 2646 4446 χαρίσματα,
2665 4375 2940 4444 οὐδέτερον
2964 4373 3165 4427 τούτων
3191 4374 3480 4444 ὑποχωρεῖ,
3502 4372 3611 4443 [40]
3632 4373 3771 4427 ἀλλά

2187 4471 2267 4532 είς
2290 4469 2352 4522 τὸ
2380 4469 2623 4540 διηνεκὲς
2647 4469 2971 4539 παραμένει.
3010 4467 3144 4519 Οὐδὲ
3173 4467 3280 4536 γάρ
3303 4469 3416 4520 ἐστι
3442 4468 3502 4519 τὸ
3535 4467 3767 4537 χωρίζον

514 4566 619 4618 que
651 4566 774 4604 cum
812 4559 1044 4622 utroque
1075 4554 1238 4616 facta,
1287 4557 1565 4625 quoniam,
1596 4557 1722 4614 Sine
1760 4564 2080 4628 paenitentia,

2192 4562 2311 4614 τινὰ
2351 4563 2449 4632 τῆς
2491 4561 2626 4633 πρὸς
2659 4561 2748 4613 τὸν
2777 4560 2905 4613 Θεὸν
2937 4559 3249 4624 συναφείας,
3287 4559 3423 4630 πλὴν
3453 4560 3725 4629 ἁμαρτίας
3747 4577 3760 4588 ·

515 4641 714 4711 inquit,
755 4654 879 4697 sunt
911 4645 1050 4698 dona
1087 4645 1185 4699 Dei
1205 4647 1268 4707 ⁸⁷,
1307 4649 1374 4701 ab
1407 4664 1594 4704 eorum
1634 4659 1831 4705 neutro
1859 4653 2082 4717 recedit,

517 4735 612 4787 sed
637 4735 841 4804 jugiter
872 4745 1170 4805 permanet.
1197 4737 1343 4792 Nihil
1367 4741 1510 4794 enim
1536 4753 1617 4796 est
1639 4743 1782 4812 quod
1813 4744 2088 4800 hominem

2194 4647 2255 4707 οὗ
2286 4653 2342 4706 δὲ
2367 4655 2399 4723 ἡ
2429 4653 2540 4722 ζωὴ
2571 4652 2970 4724 ἀναμάρτητος,
3009 4650 3195 4703 τούτου
3225 4653 3437 4715 πάντως
3465 4653 3767 4721 ἀχώριστος

2196 4747 2230 4817 ή
2259 4747 2397 4816 πρὸς
2429 4745 2540 4814 (41)
2575 4747 2666 4798 τὸν
2691 4746 2820 4798 Θεὸν
2848 4746 3060 4807 ἓνωσις.

513 4827 822 4895 quempiam
865 4842 892 4880 a
925 4829 1312 4896 conjunctione
1334 4845 1458 4885 cum
1491 4831 1598 4887 Deo
1621 4844 1858 4904 separet,
1894 4844 2090 4905 praeter
2131 4845 2445 4904 peccaturi]:
2495 4838 2654 4903 cujus
2721 4846 2899 4890 autem
2951 4835 3054 4888 vita
3085 4837 3152 4890 ab
3182 4837 3326 4889 omni
3373 4837 3579 4906 peccati
3648 4835 3767 4892 labe

516 4911 776 4970 immunis
809 4924 911 4981 cst,
953 4918 1116 4987 hujus
1156 4934 1278 4973 cum
1317 4921 1424 4976 Deo
1460 4925 1774 4991 conjunctio
1805 4928 1958 4981 nullo
1990 4943 2227 4997 unquam
2264 4936 2423 4999 pacto
2455 4928 2635 4980 dirimi
2665 4939 2860 4996 potest.

588 5009 698 5064 LV.
732 5013 998 5077 Quoniam
1024 5016 1205 5084 itaque
1231 5016 1284 5069 iu
1309 5025 1524 5083 neutro,
1553 5019 1655 5075 hoc
1683 5031 1783 5086 est,
1821 5023 1874 5076 in
1909 5025 2087 5077 anima

515 5110 571 5156 et
595 5118 840 5172 corpore,
879 5116 1156 5172 peccatum
1196 5109 1368 5162 locum
1402 5109 1608 5174 habuit,
1650 5113 1702 5165 in
1735 5121 1963 5183 utroque
1988 5130 2087 5184 pro

606 5281 650 5313 ""
689 5279 846 5334 Rom.
895 5298 969 5344 ιι,
1012 5282 1099 5336 29.

590 5447 704 5516 (51)
739 5446 814 5500 Ita
843 5462 984 5500 corr.
1013 5467 1025 5506 :
1064 5448 1204 5501 male
1234 5455 1388 5499 antea
1426 5445 1659 5516 ἀμοιϐῆς
1687 5465 1850 5512 τινος.

594 5517 706 5582 (5ἓὶ)
735 5519 890 5570 Corr.
931 5519 1128 5587 μηοέτε
1139 5535 1246 5584 ρον.

593 5589 706 5656 (55)
734 5587 888 5641 Col'r.
924 5590 984 5638 ὲν
1010 5589 1271 5657 ἐκατέρῳ.

591 5659 705 5720 (54)
737 5657 812 5711 Ita
841 5674 1020 5732 corr._;
1056 5659 1194 5711 male,
1215 5664 1372 5710 antea
1399 5657 1543 5724 ἅπαξ
1568 5659 1922 5732 ἐγγενομένη,

595 5730 707 5794 (55)
742 5728 898 5781 Corr.
935 5729 1054 5794 γένε
1064 5745 1164 5781 σιν.

594 5801 707 5864 (56)
731 5799 888 5850 (Zorr.
926 5800 1022 5866 οὐχ
1057 5798 1215 5866 αὕτη.

590 5870 702 5940 (57)
735 5867 891 5924 Corr.
913 5866 973 5920 τὸ
1000 5871 1171 5941 Θεῐον,
1197 5871 1256 5925 τὸ
1279 5868 1364 5920 ἀεὶ
1392 5867 1470 5935 ὃν,
1503 5869 1626 5923 οὔτε

2280 5023 2432 5075 Ἐπεὶ
2459 5018 2550 5075 οὖν
2583 5023 2650 5074 δι’
2685 5023 3006 5095 ἀμφοτέρων
3033 5024 3091 5077 τὸ
3122 5024 3522 5094 ἀναμάρτητον,
3551 5023 3635 5078 διὰ
3666 5022 3772 5092 cf».

2195 5114 2295 5186 χῆς
2319 5115 2460 5182 λέγω
2491 5116 2583 5167 καὶ
2618 5115 2888 5186 σώματος,
2916 5119 2972 5170 ἐν
3003 5118 3247 5188 ἐκατέρῳ
3274 5118 3411 5170 κατά
3441 5116 3500 5168 τὸ
3532 5114 3677 5179 εἰκὸς
3698 5111 3771 5188 ἦν

2263 5457 2377 5532 (58)
2401 5459 2475 5532 Ιιέι
2501 5474 2670 5524 corr.;
2703 5467 2861 5514 antea
2885 5460 2978 5532 καὶ
3001 5461 3074 5522 ὡς
3105 5461 3337 5532 εἴρηται.

2273 5529 2384 5597 (59)
2423 5529 2578 5583 Corr.
2604 5532 2866 5602 γενομένη
2899 5531 2984 5582 διὰ
3005 5533 3103 5600 τῆς
3134 5529 3485 5601 ἀνακράσεως
3515 5550 3526 5561 ·
3556 5531 3736 5601 ὲπειίῆ
3758 5549 3774 5562 ’

2201 5607 2261 5671 ut
2314 5600 2386 5652 sit
2441 5617 2705 5671 imumque
2737 5600 2866 5655 'cum
2916 5612 3135 5670 utroque
3199 5600 3292 5671 per
3346 5600 3765 5657 commisticnem

2202 5668 2364 5732 facta.

2273 5741 2386 5812 (ί-υ)
2424 5741 2579 5812 Corr.
2615 5741 2898 5811 οὐθέτερον
2935 5741 3140 5812 τούτων
3177 5741 3469 5812 ἀποχωρεῖ.

2275 5811 2386 5880 (41)
2417 5811 2572 5866 C0rr.
2607 5807 2906 5883 ἀχώριστον
2932 5807 2999 5881 ἦν
3027 5813 3058 5880 ὴ
3084 5811 3240 5882 πρός.
