  <div class='ocr_page' id='page_1' title='image "/cluster/home/n/w/nwhite01/storage/ocr_20150623/45/nnc1.0046978445/640.png"; bbox 0 0 4120 6394; ppageno 0'>
   <div class='ocr_carea' id='block_1_1' title="bbox 322 381 458 436">
    <p class='ocr_par' dir='ltr' id='par_1_1' title="bbox 322 381 458 436">
     <span class='ocr_line' id='line_1_1' title="bbox 322 381 458 436; baseline 0.029 -4"><span class='ocrx_word' id='word_1_1' title='bbox 322 381 458 436; x_wconf 67' lang='grc'><strong>’1257</strong></span> 
     </span>
    </p>
   </div>
   <div class='ocr_carea' id='block_1_2' title="bbox 1490 383 2408 447">
    <p class='ocr_par' dir='ltr' id='par_1_2' title="bbox 1490 383 2408 447">
     <span class='ocr_line' id='line_1_2' title="bbox 1490 383 2408 447; baseline -0.002 -5"><span class='ocrx_word' id='word_1_2' title='bbox 1490 388 1862 447; x_wconf 67' lang='grc' dir='ltr'>Αυγειιευε</span> <span class='ocrx_word' id='word_1_3' title='bbox 1891 383 2408 445; x_wconf 76' lang='lat' dir='ltr'><strong>APOLLINAREM.</strong></span> 
     </span>
    </p>
   </div>
   <div class='ocr_carea' id='block_1_3' title="bbox 3440 379 3576 436">
    <p class='ocr_par' dir='ltr' id='par_1_3' title="bbox 3440 379 3576 436">
     <span class='ocr_line' id='line_1_3' title="bbox 3440 379 3576 436; baseline 0 -1"><span class='ocrx_word' id='word_1_4' title='bbox 3440 379 3576 436; x_wconf 64' lang='lat'><strong>1258</strong></span> 
     </span>
    </p>
   </div>
   <div class='ocr_carea' id='block_1_4' title="bbox 315 493 1899 572">
    <p class='ocr_par' dir='ltr' id='par_1_4' title="bbox 315 500 1890 570">
     <span class='ocr_line' id='line_1_4' title="bbox 315 500 1890 570; baseline 0.002 -15"><span class='ocrx_word' id='word_1_5' title='bbox 315 500 416 570; x_wconf 72' lang='grc' dir='ltr'>τῆς</span> <span class='ocrx_word' id='word_1_6' title='bbox 441 500 591 563; x_wconf 84' lang='grc' dir='ltr'>Θείας</span> <span class='ocrx_word' id='word_1_7' title='bbox 626 500 838 569; x_wconf 79' lang='grc' dir='ltr'>φύσεως</span> <span class='ocrx_word' id='word_1_8' title='bbox 878 501 913 569; x_wconf 84' lang='grc' dir='ltr'>ἡ</span> <span class='ocrx_word' id='word_1_9' title='bbox 959 501 1248 570; x_wconf 78' lang='grc' dir='ltr'>παρουσία.</span> <span class='ocrx_word' id='word_1_10' title='bbox 1285 501 1390 555; x_wconf 72' lang='grc' dir='ltr'><strong>Τοῦ</strong></span> <span class='ocrx_word' id='word_1_11' title='bbox 1436 502 1492 557; x_wconf 79' lang='grc' dir='ltr'>δὲ</span> <span class='ocrx_word' id='word_1_12' title='bbox 1538 505 1770 561; x_wconf 84' lang='grc' dir='ltr'>θανάτου</span> <span class='ocrx_word' id='word_1_13' title='bbox 1799 507 1890 561; x_wconf 72' lang='grc' dir='ltr'>τὸν</span> 
     </span>
    </p>
   </div>
   <div class='ocr_carea' id='block_1_5' title="bbox 2002 493 3573 572">
    <p class='ocr_par' dir='ltr' id='par_1_5' title="bbox 2002 493 3573 572">
     <span class='ocr_line' id='line_1_5' title="bbox 2002 493 3573 572; baseline -0.006 -14"><span class='ocrx_word' id='word_1_14' title='bbox 2002 503 2283 572; x_wconf 89' lang='lat' dir='ltr'><strong>utriusque</strong></span> <span class='ocrx_word' id='word_1_15' title='bbox 2315 499 2538 554; x_wconf 90' lang='lat' dir='ltr'><strong>modulo</strong></span> <span class='ocrx_word' id='word_1_16' title='bbox 2569 513 2808 568; x_wconf 56' lang='lat' dir='ltr'><strong>praesens</strong></span> <span class='ocrx_word' id='word_1_17' title='bbox 2837 503 2954 549; x_wconf 83' lang='lat' dir='ltr'><strong>erat</strong></span> <span class='ocrx_word' id='word_1_18' title='bbox 3001 503 3195 548; x_wconf 82' lang='lat' dir='ltr'><strong>natura</strong></span> <span class='ocrx_word' id='word_1_19' title='bbox 3224 495 3430 550; x_wconf 77' lang='lat' dir='ltr'><strong>divina.</strong></span> <span class='ocrx_word' id='word_1_20' title='bbox 3468 493 3573 549; x_wconf 87' lang='lat' dir='ltr'><strong>Sed</strong></span> 
     </span>
    </p>
   </div>
   <div class='ocr_carea' id='block_1_6' title="bbox 315 591 1890 668">
    <p class='ocr_par' dir='ltr' id='par_1_6' title="bbox 315 591 1890 668">
     <span class='ocr_line' id='line_1_6' title="bbox 315 591 1890 668; baseline 0.005 -24"><span class='ocrx_word' id='word_1_21' title='bbox 315 591 584 664; x_wconf 73' lang='grc' dir='ltr'>μερισμὸν</span> <span class='ocrx_word' id='word_1_22' title='bbox 609 592 707 662; x_wconf 81' lang='grc' dir='ltr'>τῆς</span> <span class='ocrx_word' id='word_1_23' title='bbox 737 591 918 662; x_wconf 77' lang='grc' dir='ltr'>ψυχῆς</span> <span class='ocrx_word' id='word_1_24' title='bbox 946 591 1054 645; x_wconf 76' lang='grc' dir='ltr'>ἀπὸ</span> <span class='ocrx_word' id='word_1_25' title='bbox 1081 593 1176 646; x_wconf 83' lang='grc' dir='ltr'>τοῦ</span> <span class='ocrx_word' id='word_1_26' title='bbox 1210 593 1459 664; x_wconf 87' lang='grc' dir='ltr'>σώματος</span> <span class='ocrx_word' id='word_1_27' title='bbox 1493 598 1890 668; x_wconf 72' lang='grc' dir='ltr'>ἐργασαμένου,</span> 
     </span>
    </p>
   </div>
   <div class='ocr_carea' id='block_1_7' title="bbox 315 683 1890 754">
    <p class='ocr_par' dir='ltr' id='par_1_7' title="bbox 315 683 1890 754">
     <span class='ocr_line' id='line_1_7' title="bbox 315 683 1890 754; baseline 0.005 -16"><span class='ocrx_word' id='word_1_28' title='bbox 315 685 375 738; x_wconf 85' lang='grc' dir='ltr'><strong>τὸ</strong></span> <span class='ocrx_word' id='word_1_29' title='bbox 431 684 528 754; x_wconf 81' lang='grc' dir='ltr'>μὲν</span> <span class='ocrx_word' id='word_1_30' title='bbox 581 683 833 736; x_wconf 87' lang='grc' dir='ltr'>σύνθετον</span> <span class='ocrx_word' id='word_1_31' title='bbox 877 683 1223 754; x_wconf 86' lang='grc' dir='ltr'>διετέμνετο·</span> <span class='ocrx_word' id='word_1_32' title='bbox 1276 687 1338 738; x_wconf 79' lang='grc' dir='ltr'><strong>τὸ</strong></span> <span class='ocrx_word' id='word_1_33' title='bbox 1385 687 1440 740; x_wconf 82' lang='grc' dir='ltr'>δὲ</span> <span class='ocrx_word' id='word_1_34' title='bbox 1484 689 1784 744; x_wconf 85' lang='grc' dir='ltr'>ἀσύστατον</span> <span class='ocrx_word' id='word_1_35' title='bbox 1829 695 1890 745; x_wconf 82' lang='grc' dir='ltr'><strong>οὐ</strong></span> 
     </span>
    </p>
   </div>
   <div class='ocr_carea' id='block_1_8' title="bbox 315 773 1886 852">
    <p class='ocr_par' dir='ltr' id='par_1_8' title="bbox 315 773 1886 852">
     <span class='ocr_line' id='line_1_8' title="bbox 315 773 1886 852; baseline 0.003 -25"><span class='ocrx_word' id='word_1_36' title='bbox 315 773 590 833; x_wconf 83' lang='grc' dir='ltr'>διίστατο,</span> <span class='ocrx_word' id='word_1_37' title='bbox 649 773 760 826; x_wconf 82' lang='grc' dir='ltr'>ἀλλ’</span> <span class='ocrx_word' id='word_1_38' title='bbox 805 773 1188 838; x_wconf 86' lang='grc' dir='ltr'>ἁδιασπάστως</span> <span class='ocrx_word' id='word_1_39' title='bbox 1238 777 1348 844; x_wconf 68' lang='lat'><strong>(42)</strong></span> <span class='ocrx_word' id='word_1_40' title='bbox 1400 778 1458 829; x_wconf 82' lang='grc' dir='ltr'><strong>ἐν</strong></span> <span class='ocrx_word' id='word_1_41' title='bbox 1511 781 1753 852; x_wconf 77' lang='grc' dir='ltr'>ἑκατέρῳ</span> <span class='ocrx_word' id='word_1_42' title='bbox 1801 778 1886 852; x_wconf 82' lang='grc' dir='ltr'>ἦν.</span> 
     </span>
    </p>
   </div>
   <div class='ocr_carea' id='block_1_9' title="bbox 318 865 1887 940">
    <p class='ocr_par' dir='ltr' id='par_1_9' title="bbox 318 865 1887 940">
     <span class='ocr_line' id='line_1_9' title="bbox 318 865 1887 940; baseline 0.006 -22"><span class='ocrx_word' id='word_1_43' title='bbox 318 865 625 937; x_wconf 78' lang='grc' dir='ltr'>Τεκμήριον</span> <span class='ocrx_word' id='word_1_44' title='bbox 653 866 708 919; x_wconf 83' lang='grc' dir='ltr'>δὲ</span> <span class='ocrx_word' id='word_1_45' title='bbox 726 866 818 920; x_wconf 78' lang='grc' dir='ltr'>τοῦ</span> <span class='ocrx_word' id='word_1_46' title='bbox 839 867 937 937; x_wconf 87' lang='grc' dir='ltr'><strong>μὲν</strong></span> <span class='ocrx_word' id='word_1_47' title='bbox 966 869 1022 920; x_wconf 81' lang='grc' dir='ltr'><strong>ἐν</strong></span> <span class='ocrx_word' id='word_1_48' title='bbox 1056 867 1267 939; x_wconf 85' lang='grc' dir='ltr'>σώματι</span> <span class='ocrx_word' id='word_1_49' title='bbox 1301 871 1412 938; x_wconf 76' lang='grc'><strong>(45)</strong></span> <span class='ocrx_word' id='word_1_50' title='bbox 1451 873 1540 924; x_wconf 85' lang='grc' dir='ltr'><strong>τὸν</strong></span> <span class='ocrx_word' id='word_1_51' title='bbox 1568 874 1696 928; x_wconf 85' lang='grc' dir='ltr'>Θεὸν</span> <span class='ocrx_word' id='word_1_52' title='bbox 1725 871 1887 940; x_wconf 81' lang='grc' dir='ltr'>εἶναι,</span> 
     </span>
    </p>
   </div>
   <div class='ocr_carea' id='block_1_10' title="bbox 314 957 1893 1035">
    <p class='ocr_par' dir='ltr' id='par_1_10' title="bbox 314 957 1893 1035">
     <span class='ocr_line' id='line_1_10' title="bbox 314 957 1893 1035; baseline 0.008 -26"><span class='ocrx_word' id='word_1_53' title='bbox 314 958 394 1021; x_wconf 79' lang='grc' dir='ltr'>τὸ,</span> <span class='ocrx_word' id='word_1_54' title='bbox 429 959 486 1010; x_wconf 79' lang='grc' dir='ltr'><strong>έν</strong></span> <span class='ocrx_word' id='word_1_55' title='bbox 527 957 809 1029; x_wconf 66' lang='grc' dir='ltr'>ἀφθαρσίᾳ</span> <span class='ocrx_word' id='word_1_56' title='bbox 851 958 1193 1030; x_wconf 76' lang='grc' dir='ltr'>φυλαχθῆναι</span> <span class='ocrx_word' id='word_1_57' title='bbox 1245 963 1344 1031; x_wconf 84' lang='grc' dir='ltr'>τὴν</span> <span class='ocrx_word' id='word_1_58' title='bbox 1398 964 1578 1034; x_wconf 84' lang='grc' dir='ltr'>σάρκα</span> <span class='ocrx_word' id='word_1_59' title='bbox 1613 967 1748 1035; x_wconf 72' lang='grc' dir='ltr'>μετὰ</span> <span class='ocrx_word' id='word_1_60' title='bbox 1799 968 1893 1020; x_wconf 81' lang='grc' dir='ltr'><strong>τὸν</strong></span> 
     </span>
    </p>
   </div>
   <div class='ocr_carea' id='block_1_11' title="bbox 317 1048 1893 1126">
    <p class='ocr_par' dir='ltr' id='par_1_11' title="bbox 317 1048 1893 1126">
     <span class='ocr_line' id='line_1_11' title="bbox 317 1048 1893 1126; baseline 0.006 -26"><span class='ocrx_word' id='word_1_61' title='bbox 317 1048 542 1102; x_wconf 86' lang='grc' dir='ltr'>θάνατον</span> <span class='ocrx_word' id='word_1_62' title='bbox 561 1066 574 1080; x_wconf 86' lang='grc'>·</span> <span class='ocrx_word' id='word_1_63' title='bbox 605 1049 737 1114; x_wconf 80' lang='grc' dir='ltr'>Θεὸς</span> <span class='ocrx_word' id='word_1_64' title='bbox 777 1050 834 1103; x_wconf 83' lang='grc' dir='ltr'><strong>δὲ</strong></span> <span class='ocrx_word' id='word_1_65' title='bbox 864 1051 1080 1115; x_wconf 80' lang='grc' dir='ltr'>πάντως</span> <span class='ocrx_word' id='word_1_66' title='bbox 1108 1053 1254 1105; x_wconf 77' lang='grc' dir='ltr'>ἐστὶν</span> <span class='ocrx_word' id='word_1_67' title='bbox 1293 1055 1326 1122; x_wconf 90' lang='grc' dir='ltr'><strong>ή</strong></span> <span class='ocrx_word' id='word_1_68' title='bbox 1369 1056 1644 1126; x_wconf 78' lang='grc' dir='ltr'>ἀφθαρσία</span> <span class='ocrx_word' id='word_1_69' title='bbox 1665 1074 1676 1088; x_wconf 91' lang='grc'><strong>·</strong></span> <span class='ocrx_word' id='word_1_70' title='bbox 1707 1057 1802 1110; x_wconf 84' lang='grc' dir='ltr'>τοῦ</span> <span class='ocrx_word' id='word_1_71' title='bbox 1837 1058 1893 1110; x_wconf 83' lang='grc' dir='ltr'>δὲ</span> 
     </span>
    </p>
   </div>
   <div class='ocr_carea' id='block_1_12' title="bbox 313 1141 1894 1220">
    <p class='ocr_par' dir='ltr' id='par_1_12' title="bbox 313 1141 1894 1220">
     <span class='ocr_line' id='line_1_12' title="bbox 313 1141 1894 1220; baseline 0.005 -28"><span class='ocrx_word' id='word_1_72' title='bbox 313 1141 414 1210; x_wconf 72' lang='grc' dir='ltr'><strong>τῆς</strong></span> <span class='ocrx_word' id='word_1_73' title='bbox 436 1141 611 1212; x_wconf 77' lang='grc' dir='ltr'>ψυχῆς</span> <span class='ocrx_word' id='word_1_74' title='bbox 631 1142 704 1212; x_wconf 83' lang='grc' dir='ltr'>μὴ</span> <span class='ocrx_word' id='word_1_75' title='bbox 729 1143 1105 1214; x_wconf 83' lang='grc' dir='ltr'>ἀποχωρῆσαι,</span> <span class='ocrx_word' id='word_1_76' title='bbox 1121 1146 1182 1199; x_wconf 72' lang='grc' dir='ltr'><strong>τὸ</strong></span> <span class='ocrx_word' id='word_1_77' title='bbox 1199 1148 1266 1200; x_wconf 77' lang='grc' dir='ltr'>δι’</span> <span class='ocrx_word' id='word_1_78' title='bbox 1288 1148 1502 1215; x_wconf 82' lang='grc' dir='ltr'>ἐκείνης</span> <span class='ocrx_word' id='word_1_79' title='bbox 1517 1148 1894 1220; x_wconf 80' lang='grc' dir='ltr'>ὁδοποιηθῆναι</span> 
     </span>
    </p>
   </div>
   <div class='ocr_carea' id='block_1_13' title="bbox 315 1231 1894 1310">
    <p class='ocr_par' dir='ltr' id='par_1_13' title="bbox 315 1231 1894 1310">
     <span class='ocr_line' id='line_1_13' title="bbox 315 1231 1894 1310; baseline 0.006 -28"><span class='ocrx_word' id='word_1_80' title='bbox 315 1231 391 1301; x_wconf 81' lang='grc' dir='ltr'><strong>τῷ</strong></span> <span class='ocrx_word' id='word_1_81' title='bbox 412 1233 579 1303; x_wconf 80' lang='grc' dir='ltr'>λῃστῇ</span> <span class='ocrx_word' id='word_1_82' title='bbox 607 1234 705 1303; x_wconf 74' lang='grc' dir='ltr'><strong>τὴν</strong></span> <span class='ocrx_word' id='word_1_83' title='bbox 723 1235 804 1296; x_wconf 83' lang='grc' dir='ltr'><strong>είς</strong></span> <span class='ocrx_word' id='word_1_84' title='bbox 827 1233 916 1286; x_wconf 77' lang='grc' dir='ltr'><strong>τὸν</strong></span> <span class='ocrx_word' id='word_1_85' title='bbox 943 1235 1268 1306; x_wconf 76' lang='grc' dir='ltr'>παράδεισον</span> <span class='ocrx_word' id='word_1_86' title='bbox 1291 1237 1512 1291; x_wconf 79' lang='grc' dir='ltr'>εἴσοδον.</span> <span class='ocrx_word' id='word_1_87' title='bbox 1544 1239 1762 1310; x_wconf 76' lang='grc' dir='ltr'>Ἐπειδὴ</span> <span class='ocrx_word' id='word_1_88' title='bbox 1787 1239 1894 1292; x_wconf 88' lang='grc' dir='ltr'>τοί-</span> 
     </span>
    </p>
   </div>
   <div class='ocr_carea' id='block_1_14' title="bbox 314 1310 1895 1398">
    <p class='ocr_par' dir='ltr' id='par_1_14' title="bbox 314 1310 1895 1398">
     <span class='ocr_line' id='line_1_14' title="bbox 314 1310 1895 1398; baseline 0.006 -26"><span class='ocrx_word' id='word_1_89' title='bbox 314 1340 408 1373; x_wconf 87' lang='grc' dir='ltr'><strong>νυν</strong></span> <span class='ocrx_word' id='word_1_90' title='bbox 438 1322 726 1393; x_wconf 78' lang='grc' dir='ltr'><strong>ἐπληρώθη</strong></span> <span class='ocrx_word' id='word_1_91' title='bbox 753 1324 814 1379; x_wconf 81' lang='grc' dir='ltr'><strong>τὸ</strong></span> <span class='ocrx_word' id='word_1_92' title='bbox 840 1310 1157 1395; x_wconf 81' lang='grc' dir='ltr'>μυστήριον,</span> <span class='ocrx_word' id='word_1_93' title='bbox 1181 1328 1280 1396; x_wconf 76' lang='grc' dir='ltr'>τῆς</span> <span class='ocrx_word' id='word_1_94' title='bbox 1303 1327 1450 1391; x_wconf 87' lang='grc' dir='ltr'>θείας</span> <span class='ocrx_word' id='word_1_95' title='bbox 1479 1327 1588 1397; x_wconf 70' lang='grc'>(44)</span> <span class='ocrx_word' id='word_1_96' title='bbox 1614 1329 1895 1398; x_wconf 86' lang='grc' dir='ltr'>δυνάμεως</span> 
     </span>
    </p>
   </div>
   <div class='ocr_carea' id='block_1_15' title="bbox 314 1413 1895 1488">
    <p class='ocr_par' dir='ltr' id='par_1_15' title="bbox 314 1413 1895 1488">
     <span class='ocr_line' id='line_1_15' title="bbox 314 1413 1895 1488; baseline 0.004 -21"><span class='ocrx_word' id='word_1_97' title='bbox 314 1413 390 1482; x_wconf 80' lang='grc' dir='ltr'>τῷ</span> <span class='ocrx_word' id='word_1_98' title='bbox 411 1413 581 1483; x_wconf 81' lang='grc' dir='ltr'>διπλῴ</span> <span class='ocrx_word' id='word_1_99' title='bbox 608 1415 704 1484; x_wconf 82' lang='grc' dir='ltr'><strong>τῆς</strong></span> <span class='ocrx_word' id='word_1_100' title='bbox 733 1413 1082 1485; x_wconf 82' lang='grc' dir='ltr'>ἀνθρωπίνης</span> <span class='ocrx_word' id='word_1_101' title='bbox 1111 1415 1326 1484; x_wconf 75' lang='grc' dir='ltr'>φύσεως</span> <span class='ocrx_word' id='word_1_102' title='bbox 1356 1418 1743 1488; x_wconf 80' lang='grc' dir='ltr'>ἐγγενομένης,</span> <span class='ocrx_word' id='word_1_103' title='bbox 1799 1421 1895 1473; x_wconf 58' lang='grc' dir='ltr'><strong>καί⁸</strong></span> 
     </span>
    </p>
   </div>
   <div class='ocr_carea' id='block_1_16' title="bbox 314 1504 1898 1578">
    <p class='ocr_par' dir='ltr' id='par_1_16' title="bbox 314 1504 1898 1578">
     <span class='ocr_line' id='line_1_16' title="bbox 314 1504 1898 1578; baseline 0.005 -22"><span class='ocrx_word' id='word_1_104' title='bbox 314 1507 380 1556; x_wconf 81' lang='grc' dir='ltr'>δι’</span> <span class='ocrx_word' id='word_1_105' title='bbox 417 1505 676 1574; x_wconf 83' lang='grc' dir='ltr'>ἐκατέρου</span> <span class='ocrx_word' id='word_1_106' title='bbox 705 1504 782 1576; x_wconf 81' lang='grc' dir='ltr'>τῷ</span> <span class='ocrx_word' id='word_1_107' title='bbox 814 1508 1070 1574; x_wconf 79' lang='grc' dir='ltr'>συγγενεῖ</span> <span class='ocrx_word' id='word_1_108' title='bbox 1101 1507 1257 1578; x_wconf 80' lang='grc' dir='ltr'>μέρει</span> <span class='ocrx_word' id='word_1_109' title='bbox 1281 1509 1379 1578; x_wconf 80' lang='grc' dir='ltr'>τὴν</span> <span class='ocrx_word' id='word_1_110' title='bbox 1411 1509 1674 1573; x_wconf 77' lang='grc' dir='ltr'>ζωοποιὸν</span> <span class='ocrx_word' id='word_1_111' title='bbox 1702 1513 1898 1564; x_wconf 75' lang='grc' dir='ltr'>ἐναπο-</span> 
     </span>
    </p>
   </div>
   <div class='ocr_carea' id='block_1_17' title="bbox 317 1593 1892 1669">
    <p class='ocr_par' dir='ltr' id='par_1_17' title="bbox 317 1593 1892 1669">
     <span class='ocr_line' id='line_1_17' title="bbox 317 1593 1892 1669; baseline 0.004 -24"><span class='ocrx_word' id='word_1_112' title='bbox 317 1593 548 1663; x_wconf 82' lang='grc' dir='ltr'>θεμένης</span> <span class='ocrx_word' id='word_1_113' title='bbox 581 1594 880 1663; x_wconf 79' lang='grc' dir='ltr'>ἐνέργειαν,</span> <span class='ocrx_word' id='word_1_114' title='bbox 916 1594 1002 1648; x_wconf 83' lang='grc' dir='ltr'>διὰ</span> <span class='ocrx_word' id='word_1_115' title='bbox 1050 1596 1148 1666; x_wconf 75' lang='grc' dir='ltr'>μὲν</span> <span class='ocrx_word' id='word_1_116' title='bbox 1182 1597 1281 1667; x_wconf 84' lang='grc' dir='ltr'>τῆς</span> <span class='ocrx_word' id='word_1_117' title='bbox 1321 1598 1522 1667; x_wconf 76' lang='grc' dir='ltr'>σαρκὸς</span> <span class='ocrx_word' id='word_1_118' title='bbox 1553 1597 1631 1668; x_wconf 81' lang='grc' dir='ltr'>τῷ</span> <span class='ocrx_word' id='word_1_119' title='bbox 1663 1597 1892 1669; x_wconf 88' lang='grc' dir='ltr'>σώματι,</span> 
     </span>
    </p>
   </div>
   <div class='ocr_carea' id='block_1_18' title="bbox 309 1685 1892 1760">
    <p class='ocr_par' dir='ltr' id='par_1_18' title="bbox 309 1685 1892 1760">
     <span class='ocr_line' id='line_1_18' title="bbox 309 1685 1892 1760; baseline 0.004 -22"><span class='ocrx_word' id='word_1_120' title='bbox 309 1685 402 1738; x_wconf 80' lang='grc' dir='ltr'>διὰ</span> <span class='ocrx_word' id='word_1_121' title='bbox 432 1685 489 1739; x_wconf 80' lang='grc' dir='ltr'><strong>δὲ</strong></span> <span class='ocrx_word' id='word_1_122' title='bbox 518 1686 614 1756; x_wconf 80' lang='grc' dir='ltr'>τῆς</span> <span class='ocrx_word' id='word_1_123' title='bbox 655 1685 833 1757; x_wconf 77' lang='grc' dir='ltr'>ψυχῆς</span> <span class='ocrx_word' id='word_1_124' title='bbox 865 1689 930 1758; x_wconf 79' lang='grc' dir='ltr'>τῇ</span> <span class='ocrx_word' id='word_1_125' title='bbox 961 1687 1129 1759; x_wconf 78' lang='grc' dir='ltr'>ψυχῇ,</span> <span class='ocrx_word' id='word_1_126' title='bbox 1157 1688 1256 1760; x_wconf 83' lang='grc' dir='ltr'>τῆς</span> <span class='ocrx_word' id='word_1_127' title='bbox 1300 1691 1493 1760; x_wconf 82' lang='grc' dir='ltr'>νοερᾶς</span> <span class='ocrx_word' id='word_1_128' title='bbox 1536 1689 1680 1756; x_wconf 83' lang='grc' dir='ltr'>λέγω</span> <span class='ocrx_word' id='word_1_129' title='bbox 1713 1693 1806 1747; x_wconf 74' lang='grc' dir='ltr'><strong>καὶ</strong></span> <span class='ocrx_word' id='word_1_130' title='bbox 1832 1694 1892 1745; x_wconf 78' lang='grc' dir='ltr'>οὐ</span> 
     </span>
    </p>
   </div>
   <div class='ocr_carea' id='block_1_19' title="bbox 314 1777 1894 1852">
    <p class='ocr_par' dir='ltr' id='par_1_19' title="bbox 314 1777 1894 1852">
     <span class='ocr_line' id='line_1_19' title="bbox 314 1777 1894 1852; baseline 0.005 -24"><span class='ocrx_word' id='word_1_131' title='bbox 314 1777 412 1846; x_wconf 79' lang='grc' dir='ltr'>τῆς</span> <span class='ocrx_word' id='word_1_132' title='bbox 447 1777 641 1845; x_wconf 84' lang='grc' dir='ltr'>ἀλόγου</span> <span class='ocrx_word' id='word_1_133' title='bbox 676 1777 967 1849; x_wconf 81' lang='grc' dir='ltr'>(κτηνῶδες</span> <span class='ocrx_word' id='word_1_134' title='bbox 999 1780 1108 1852; x_wconf 80' lang='grc' dir='ltr'>γὰρ</span> <span class='ocrx_word' id='word_1_135' title='bbox 1156 1782 1251 1834; x_wconf 75' lang='grc' dir='ltr'><strong>καὶ</strong></span> <span class='ocrx_word' id='word_1_136' title='bbox 1291 1782 1389 1834; x_wconf 80' lang='grc' dir='ltr'><strong>οὐκ</strong></span> <span class='ocrx_word' id='word_1_137' title='bbox 1415 1780 1752 1852; x_wconf 86' lang='grc' dir='ltr'>ἀνθρώπινόν</span> <span class='ocrx_word' id='word_1_138' title='bbox 1778 1785 1894 1837; x_wconf 74' lang='grc' dir='ltr'>ἐστι</span> 
     </span>
    </p>
   </div>
   <div class='ocr_carea' id='block_1_20' title="bbox 1997 586 3575 658">
    <p class='ocr_par' dir='ltr' id='par_1_20' title="bbox 1997 586 3575 658">
     <span class='ocr_line' id='line_1_20' title="bbox 1997 586 3575 658; baseline -0.005 -12"><span class='ocrx_word' id='word_1_139' title='bbox 1997 593 2087 647; x_wconf 91' lang='lat' dir='ltr'><strong>ubi</strong></span> <span class='ocrx_word' id='word_1_140' title='bbox 2123 607 2271 646; x_wconf 93' lang='lat' dir='ltr'><strong>mors</strong></span> <span class='ocrx_word' id='word_1_141' title='bbox 2303 600 2364 644; x_wconf 90' lang='lat' dir='ltr'><strong>ut</strong></span> <span class='ocrx_word' id='word_1_142' title='bbox 2410 605 2441 644; x_wconf 89' lang='lat' dir='ltr'><strong>a</strong></span> <span class='ocrx_word' id='word_1_143' title='bbox 2471 603 2700 658; x_wconf 90' lang='lat' dir='ltr'><strong>corpore</strong></span> <span class='ocrx_word' id='word_1_144' title='bbox 2739 587 2919 639; x_wconf 87' lang='lat' dir='ltr'><strong>anima</strong></span> <span class='ocrx_word' id='word_1_145' title='bbox 2957 586 3335 656; x_wconf 83' lang='lat' dir='ltr'><strong>sejungeretur</strong></span> <span class='ocrx_word' id='word_1_146' title='bbox 3375 586 3575 654; x_wconf 79' lang='lat' dir='ltr'><strong>eil&#39;eeit,</strong></span> 
     </span>
    </p>
   </div>
   <div class='ocr_carea' id='block_1_21' title="bbox 1995 677 3572 755">
    <p class='ocr_par' dir='ltr' id='par_1_21' title="bbox 1995 677 3572 755">
     <span class='ocr_line' id='line_1_21' title="bbox 1995 677 3572 755; baseline -0.004 -17"><span class='ocrx_word' id='word_1_147' title='bbox 1995 684 2142 755; x_wconf 91' lang='lat' dir='ltr'><strong>quod</strong></span> <span class='ocrx_word' id='word_1_148' title='bbox 2186 684 2403 752; x_wconf 84' lang='lat' dir='ltr'><strong>quidem</strong></span> <span class='ocrx_word' id='word_1_149' title='bbox 2459 681 2823 750; x_wconf 88' lang='lat' dir='ltr'><strong>compositum</strong></span> <span class='ocrx_word' id='word_1_150' title='bbox 2869 685 2989 731; x_wconf 88' lang='lat' dir='ltr'><strong>erat</strong></span> <span class='ocrx_word' id='word_1_151' title='bbox 3045 677 3375 732; x_wconf 86' lang='lat' dir='ltr'><strong>dissolutum</strong></span> <span class='ocrx_word' id='word_1_152' title='bbox 3434 677 3572 739; x_wconf 78' lang='lat' dir='ltr'><strong>fuit;</strong></span> 
     </span>
    </p>
   </div>
   <div class='ocr_carea' id='block_1_22' title="bbox 1994 768 3574 846">
    <p class='ocr_par' dir='ltr' id='par_1_22' title="bbox 1994 768 3574 846">
     <span class='ocr_line' id='line_1_22' title="bbox 1994 768 3574 846; baseline -0.007 -15"><span class='ocrx_word' id='word_1_153' title='bbox 1994 773 2411 846; x_wconf 71' lang='lat' dir='ltr'><strong>compositionis</strong></span> <span class='ocrx_word' id='word_1_154' title='bbox 2466 787 2598 826; x_wconf 86' lang='lat' dir='ltr'><strong>vero</strong></span> <span class='ocrx_word' id='word_1_155' title='bbox 2646 785 2842 840; x_wconf 68' lang='lat' dir='ltr'><strong>evpers</strong></span> <span class='ocrx_word' id='word_1_156' title='bbox 2889 768 3304 822; x_wconf 87' lang='lat' dir='ltr'><strong>dissolutionem</strong></span> <span class='ocrx_word' id='word_1_157' title='bbox 3353 783 3574 837; x_wconf 89' lang='lat' dir='ltr'><strong>passum</strong></span> 
     </span>
    </p>
   </div>
   <div class='ocr_carea' id='block_1_23' title="bbox 1995 860 3569 930">
    <p class='ocr_par' dir='ltr' id='par_1_23' title="bbox 1995 860 3569 930">
     <span class='ocr_line' id='line_1_23' title="bbox 1995 860 3569 930; baseline -0.006 -9"><span class='ocrx_word' id='word_1_158' title='bbox 1995 883 2102 921; x_wconf 77' lang='lat' dir='ltr'><strong>non</strong></span> <span class='ocrx_word' id='word_1_159' title='bbox 2137 875 2243 928; x_wconf 87' lang='lat' dir='ltr'><strong>est,</strong></span> <span class='ocrx_word' id='word_1_160' title='bbox 2284 864 2378 919; x_wconf 87' lang='lat' dir='ltr'><strong>sed</strong></span> <span class='ocrx_word' id='word_1_161' title='bbox 2413 865 2465 917; x_wconf 91' lang='lat' dir='ltr'><strong>in</strong></span> <span class='ocrx_word' id='word_1_162' title='bbox 2496 872 2730 930; x_wconf 91' lang='lat' dir='ltr'><strong>utroque</strong></span> <span class='ocrx_word' id='word_1_163' title='bbox 2767 861 2977 930; x_wconf 83' lang='lat' dir='ltr'><strong>integra</strong></span> <span class='ocrx_word' id='word_1_164' title='bbox 3007 860 3190 912; x_wconf 87' lang='lat' dir='ltr'><strong>divina</strong></span> <span class='ocrx_word' id='word_1_165' title='bbox 3215 867 3410 913; x_wconf 89' lang='lat' dir='ltr'><strong>natura</strong></span> <span class='ocrx_word' id='word_1_166' title='bbox 3445 874 3569 929; x_wconf 89' lang='lat' dir='ltr'><strong>per-</strong></span> 
     </span>
    </p>
   </div>
   <div class='ocr_carea' id='block_1_24' title="bbox 1995 954 3573 1022">
    <p class='ocr_par' dir='ltr' id='par_1_24' title="bbox 1995 954 3573 1022">
     <span class='ocr_line' id='line_1_24' title="bbox 1995 954 3573 1022; baseline -0.006 -10"><span class='ocrx_word' id='word_1_167' title='bbox 1995 959 2216 1014; x_wconf 89' lang='lat' dir='ltr'><strong>mansit.</strong></span> <span class='ocrx_word' id='word_1_168' title='bbox 2258 958 2526 1012; x_wconf 66' lang='lat' dir='ltr'><strong>Caeterum</strong></span> <span class='ocrx_word' id='word_1_169' title='bbox 2583 955 2926 1008; x_wconf 82' lang='lat' dir='ltr'><strong>divinitatem</strong></span> <span class='ocrx_word' id='word_1_170' title='bbox 2980 954 3031 1006; x_wconf 91' lang='lat' dir='ltr'><strong>in</strong></span> <span class='ocrx_word' id='word_1_171' title='bbox 3068 968 3298 1022; x_wconf 91' lang='lat' dir='ltr'><strong>corpore</strong></span> <span class='ocrx_word' id='word_1_172' title='bbox 3353 954 3573 1022; x_wconf 87' lang='lat' dir='ltr'><strong>quidem</strong></span> 
     </span>
    </p>
   </div>
   <div class='ocr_carea' id='block_1_25' title="bbox 1995 1047 3576 1121">
    <p class='ocr_par' dir='ltr' id='par_1_25' title="bbox 1995 1047 3576 1121">
     <span class='ocr_line' id='line_1_25' title="bbox 1995 1047 3576 1121; baseline -0.006 -15"><span class='ocrx_word' id='word_1_173' title='bbox 1995 1052 2300 1121; x_wconf 80' lang='lat' dir='ltr'><strong>perstitisse</strong></span> <span class='ocrx_word' id='word_1_174' title='bbox 2332 1057 2657 1120; x_wconf 82' lang='lat' dir='ltr'><strong>argumento</strong></span> <span class='ocrx_word' id='word_1_175' title='bbox 2695 1054 2800 1112; x_wconf 85' lang='lat' dir='ltr'><strong>est,</strong></span> <span class='ocrx_word' id='word_1_176' title='bbox 2830 1047 2974 1115; x_wconf 85' lang='lat' dir='ltr'><strong>quod</strong></span> <span class='ocrx_word' id='word_1_177' title='bbox 3009 1055 3132 1115; x_wconf 88' lang='lat' dir='ltr'><strong>post</strong></span> <span class='ocrx_word' id='word_1_178' title='bbox 3165 1053 3396 1098; x_wconf 90' lang='lat' dir='ltr'><strong>mortem</strong></span> <span class='ocrx_word' id='word_1_179' title='bbox 3446 1058 3576 1097; x_wconf 89' lang='lat' dir='ltr'><strong>caro</strong></span> 
     </span>
    </p>
   </div>
   <div class='ocr_carea' id='block_1_26' title="bbox 1993 1135 3576 1211">
    <p class='ocr_par' dir='ltr' id='par_1_26' title="bbox 1993 1135 3576 1211">
     <span class='ocr_line' id='line_1_26' title="bbox 1993 1135 3576 1211; baseline -0.005 -14"><span class='ocrx_word' id='word_1_180' title='bbox 1993 1144 2311 1211; x_wconf 90' lang='lat' dir='ltr'><strong>incorrupta</strong></span> <span class='ocrx_word' id='word_1_181' title='bbox 2345 1140 2745 1210; x_wconf 77' lang='lat' dir='ltr'><strong>permanserit;</strong></span> <span class='ocrx_word' id='word_1_182' title='bbox 2790 1154 2914 1192; x_wconf 91' lang='lat' dir='ltr'><strong>nam</strong></span> <span class='ocrx_word' id='word_1_183' title='bbox 2952 1136 3060 1189; x_wconf 74' lang='lat' dir='ltr'><strong>Deo</strong></span> <span class='ocrx_word' id='word_1_184' title='bbox 3089 1137 3323 1190; x_wconf 81' lang='lat' dir='ltr'><strong>maxime</strong></span> <span class='ocrx_word' id='word_1_185' title='bbox 3360 1135 3576 1205; x_wconf 88' lang='lat' dir='ltr'><strong>propria</strong></span> 
     </span>
    </p>
   </div>
   <div class='ocr_carea' id='block_1_27' title="bbox 1994 1228 3575 1303">
    <p class='ocr_par' dir='ltr' id='par_1_27' title="bbox 1994 1228 3575 1303">
     <span class='ocr_line' id='line_1_27' title="bbox 1994 1228 3575 1303; baseline -0.006 -14"><span class='ocrx_word' id='word_1_186' title='bbox 1994 1243 2079 1290; x_wconf 84' lang='lat' dir='ltr'><strong>est</strong></span> <span class='ocrx_word' id='word_1_187' title='bbox 2098 1235 2460 1303; x_wconf 88' lang='lat' dir='ltr'><strong>incorruptio.</strong></span> <span class='ocrx_word' id='word_1_188' title='bbox 2501 1231 2756 1286; x_wconf 87' lang='lat' dir='ltr'><strong>Eamdem</strong></span> <span class='ocrx_word' id='word_1_189' title='bbox 2780 1246 2908 1284; x_wconf 89' lang='lat' dir='ltr'><strong>vero</strong></span> <span class='ocrx_word' id='word_1_190' title='bbox 2932 1230 3268 1284; x_wconf 75' lang='lat' dir='ltr'><strong>divinitatem</strong></span> <span class='ocrx_word' id='word_1_191' title='bbox 3301 1228 3370 1281; x_wconf 90' lang='lat' dir='ltr'><strong>ab</strong></span> <span class='ocrx_word' id='word_1_192' title='bbox 3396 1229 3575 1281; x_wconf 88' lang='lat' dir='ltr'><strong>anima</strong></span> 
     </span>
    </p>
   </div>
   <div class='ocr_carea' id='block_1_28' title="bbox 1995 1319 3575 1390">
    <p class='ocr_par' dir='ltr' id='par_1_28' title="bbox 1995 1319 3575 1390">
     <span class='ocr_line' id='line_1_28' title="bbox 1995 1319 3575 1390; baseline -0.006 -10"><span class='ocrx_word' id='word_1_193' title='bbox 1995 1335 2128 1382; x_wconf 90' lang='lat' dir='ltr'><strong>tunc</strong></span> <span class='ocrx_word' id='word_1_194' title='bbox 2146 1344 2253 1381; x_wconf 86' lang='lat' dir='ltr'><strong>non</strong></span> <span class='ocrx_word' id='word_1_195' title='bbox 2290 1327 2458 1380; x_wconf 81' lang='lat' dir='ltr'><strong>fuisse</strong></span> <span class='ocrx_word' id='word_1_196' title='bbox 2490 1332 2780 1383; x_wconf 76' lang='lat' dir='ltr'><strong>secretam,</strong></span> <span class='ocrx_word' id='word_1_197' title='bbox 2813 1322 2940 1376; x_wconf 88' lang='lat' dir='ltr'><strong>inde</strong></span> <span class='ocrx_word' id='word_1_198' title='bbox 2969 1329 3116 1390; x_wconf 88' lang='lat' dir='ltr'><strong>patet</strong></span> <span class='ocrx_word' id='word_1_199' title='bbox 3133 1319 3279 1390; x_wconf 90' lang='lat' dir='ltr'><strong>quod</strong></span> <span class='ocrx_word' id='word_1_200' title='bbox 3308 1334 3403 1389; x_wconf 89' lang='lat' dir='ltr'><strong>per</strong></span> <span class='ocrx_word' id='word_1_201' title='bbox 3430 1319 3575 1372; x_wconf 85' lang='lat' dir='ltr'><strong>illam</strong></span> 
     </span>
    </p>
   </div>
   <div class='ocr_carea' id='block_1_29' title="bbox 1994 1411 3574 1491">
    <p class='ocr_par' dir='ltr' id='par_1_29' title="bbox 1994 1411 3574 1491">
     <span class='ocr_line' id='line_1_29' title="bbox 1994 1411 3574 1491; baseline -0.006 -16"><span class='ocrx_word' id='word_1_202' title='bbox 1994 1422 2196 1476; x_wconf 85' lang='lat' dir='ltr'><strong>latroni</strong></span> <span class='ocrx_word' id='word_1_203' title='bbox 2227 1421 2292 1474; x_wconf 90' lang='lat' dir='ltr'><strong>ad</strong></span> <span class='ocrx_word' id='word_1_204' title='bbox 2326 1419 2564 1491; x_wconf 85' lang='lat' dir='ltr'><strong>paradisi</strong></span> <span class='ocrx_word' id='word_1_205' title='bbox 2602 1420 2909 1487; x_wconf 82' lang='lat' dir='ltr'><strong>ingressum</strong></span> <span class='ocrx_word' id='word_1_206' title='bbox 2957 1416 3042 1468; x_wconf 90' lang='lat' dir='ltr'><strong>via</strong></span> <span class='ocrx_word' id='word_1_207' title='bbox 3083 1411 3354 1483; x_wconf 83' lang='lat' dir='ltr'><strong>patefacta</strong></span> <span class='ocrx_word' id='word_1_208' title='bbox 3391 1411 3574 1466; x_wconf 78' lang='lat' dir='ltr'><strong>fuerit.</strong></span> 
     </span>
    </p>
   </div>
   <div class='ocr_carea' id='block_1_30' title="bbox 1995 1504 3577 1583">
    <p class='ocr_par' dir='ltr' id='par_1_30' title="bbox 1995 1504 3577 1583">
     <span class='ocr_line' id='line_1_30' title="bbox 1995 1504 3577 1583; baseline -0.008 -16"><span class='ocrx_word' id='word_1_209' title='bbox 1995 1513 2291 1583; x_wconf 88' lang='lat' dir='ltr'><strong>Postquam</strong></span> <span class='ocrx_word' id='word_1_210' title='bbox 2345 1513 2512 1580; x_wconf 78' lang='lat' dir='ltr'><strong>igitur</strong></span> <span class='ocrx_word' id='word_1_211' title='bbox 2566 1509 2847 1578; x_wconf 87' lang='lat' dir='ltr'><strong>impletum</strong></span> <span class='ocrx_word' id='word_1_212' title='bbox 2902 1507 3001 1560; x_wconf 79' lang='lat' dir='ltr'><strong>fuit</strong></span> <span class='ocrx_word' id='word_1_213' title='bbox 3053 1504 3397 1576; x_wconf 85' lang='lat' dir='ltr'><strong>mysterium,</strong></span> <span class='ocrx_word' id='word_1_214' title='bbox 3451 1517 3577 1556; x_wconf 86' lang='lat' dir='ltr'><strong>cum</strong></span> 
     </span>
    </p>
   </div>
   <div class='ocr_carea' id='block_1_31' title="bbox 1996 1597 3580 1661">
    <p class='ocr_par' dir='ltr' id='par_1_31' title="bbox 1996 1597 3580 1661">
     <span class='ocr_line' id='line_1_31' title="bbox 1996 1597 3580 1661; baseline -0.011 -1"><span class='ocrx_word' id='word_1_215' title='bbox 1996 1604 2208 1660; x_wconf 89' lang='lat' dir='ltr'><strong>scilicet</strong></span> <span class='ocrx_word' id='word_1_216' title='bbox 2244 1602 2426 1656; x_wconf 89' lang='lat' dir='ltr'><strong>divina</strong></span> <span class='ocrx_word' id='word_1_217' title='bbox 2461 1600 2636 1654; x_wconf 88' lang='lat' dir='ltr'><strong>virtus</strong></span> <span class='ocrx_word' id='word_1_218' title='bbox 2684 1600 2900 1652; x_wconf 89' lang='lat' dir='ltr'><strong>duabus</strong></span> <span class='ocrx_word' id='word_1_219' title='bbox 2935 1597 3186 1649; x_wconf 77' lang='lat' dir='ltr'><strong>humana:</strong></span> <span class='ocrx_word' id='word_1_220' title='bbox 3212 1601 3422 1648; x_wconf 64' lang='lat' dir='ltr'><strong>natura:</strong></span> <span class='ocrx_word' id='word_1_221' title='bbox 3456 1606 3580 1661; x_wconf 89' lang='lat' dir='ltr'><strong>par-</strong></span> 
     </span>
    </p>
   </div>
   <div class='ocr_carea' id='block_1_32' title="bbox 1996 1682 3582 1762">
    <p class='ocr_par' dir='ltr' id='par_1_32' title="bbox 1996 1682 3582 1762">
     <span class='ocr_line' id='line_1_32' title="bbox 1996 1682 3582 1762; baseline -0.007 -16"><span class='ocrx_word' id='word_1_222' title='bbox 1996 1694 2143 1748; x_wconf 86' lang='lat' dir='ltr'><strong>tibus</strong></span> <span class='ocrx_word' id='word_1_223' title='bbox 2175 1707 2297 1747; x_wconf 90' lang='lat' dir='ltr'><strong>sese</strong></span> <span class='ocrx_word' id='word_1_224' title='bbox 2326 1692 2577 1762; x_wconf 83' lang='lat' dir='ltr'><strong>ingessit,</strong></span> <span class='ocrx_word' id='word_1_225' title='bbox 2609 1698 2662 1743; x_wconf 88' lang='lat' dir='ltr'><strong>et</strong></span> <span class='ocrx_word' id='word_1_226' title='bbox 2690 1705 2786 1758; x_wconf 89' lang='lat' dir='ltr'><strong>per</strong></span> <span class='ocrx_word' id='word_1_227' title='bbox 2813 1697 3125 1759; x_wconf 88' lang='lat' dir='ltr'><strong>utrumque,</strong></span> <span class='ocrx_word' id='word_1_228' title='bbox 3159 1688 3398 1741; x_wconf 87' lang='lat' dir='ltr'><strong>animum</strong></span> <span class='ocrx_word' id='word_1_229' title='bbox 3436 1682 3582 1740; x_wconf 73' lang='lat' dir='ltr'><strong>scili-</strong></span> 
     </span>
    </p>
   </div>
   <div class='ocr_carea' id='block_1_33' title="bbox 2004 1778 3578 1854">
    <p class='ocr_par' dir='ltr' id='par_1_33' title="bbox 2004 1778 3578 1854">
     <span class='ocr_line' id='line_1_33' title="bbox 2004 1778 3578 1854; baseline -0.007 -14"><span class='ocrx_word' id='word_1_230' title='bbox 2004 1795 2091 1840; x_wconf 90' lang='lat' dir='ltr'><strong>cet</strong></span> <span class='ocrx_word' id='word_1_231' title='bbox 2118 1794 2173 1840; x_wconf 89' lang='lat' dir='ltr'><strong>et</strong></span> <span class='ocrx_word' id='word_1_232' title='bbox 2207 1801 2428 1854; x_wconf 90' lang='lat' dir='ltr'><strong>corpus.</strong></span> <span class='ocrx_word' id='word_1_233' title='bbox 2463 1784 2760 1852; x_wconf 85' lang='lat' dir='ltr'><strong>unicuique</strong></span> <span class='ocrx_word' id='word_1_234' title='bbox 2807 1783 2970 1852; x_wconf 80' lang='lat' dir='ltr'><strong>parti,</strong></span> <span class='ocrx_word' id='word_1_235' title='bbox 2999 1781 3207 1836; x_wconf 86' lang='lat' dir='ltr'><strong>eisdem</strong></span> <span class='ocrx_word' id='word_1_236' title='bbox 3238 1778 3380 1834; x_wconf 75' lang='lat' dir='ltr'><strong>amni</strong></span> <span class='ocrx_word' id='word_1_237' title='bbox 3416 1787 3578 1847; x_wconf 89' lang='lat' dir='ltr'><strong>atque</strong></span> 
     </span>
    </p>
   </div>
   <div class='ocr_carea' id='block_1_34' title="bbox 316 1867 1899 1946">
    <p class='ocr_par' dir='ltr' id='par_1_34' title="bbox 316 1868 1890 1944">
     <span class='ocr_line' id='line_1_34' title="bbox 316 1868 1890 1944; baseline 0.004 -24"><span class='ocrx_word' id='word_1_238' title='bbox 316 1869 376 1920; x_wconf 64' lang='grc' dir='ltr'><strong>τδ</strong></span> <span class='ocrx_word' id='word_1_239' title='bbox 404 1868 672 1939; x_wconf 70' lang='grc' dir='ltr'>ἀνόητονγ</span> <span class='ocrx_word' id='word_1_240' title='bbox 696 1869 813 1922; x_wconf 85' lang='grc' dir='ltr'>τότε</span> <span class='ocrx_word' id='word_1_241' title='bbox 841 1871 874 1940; x_wconf 86' lang='grc' dir='ltr'>ή</span> <span class='ocrx_word' id='word_1_242' title='bbox 903 1870 962 1934; x_wconf 78' lang='grc' dir='ltr'><strong>ἐξ</strong></span> <span class='ocrx_word' id='word_1_243' title='bbox 986 1870 1164 1942; x_wconf 85' lang='grc' dir='ltr'>ἀρχῆς</span> <span class='ocrx_word' id='word_1_244' title='bbox 1193 1872 1523 1944; x_wconf 82' lang='grc' dir='ltr'>ὲγκραθεῖσα</span> <span class='ocrx_word' id='word_1_245' title='bbox 1546 1872 1625 1943; x_wconf 81' lang='grc' dir='ltr'>τῷ</span> <span class='ocrx_word' id='word_1_246' title='bbox 1657 1871 1890 1944; x_wconf 83' lang='grc' dir='ltr'>σώματι,</span> 
     </span>
    </p>
   </div>
   <div class='ocr_carea' id='block_1_35' title="bbox 2002 1867 3580 1946">
    <p class='ocr_par' dir='ltr' id='par_1_35' title="bbox 2002 1871 3580 1946">
     <span class='ocr_line' id='line_1_35' title="bbox 2002 1871 3580 1946; baseline -0.006 -16"><span class='ocrx_word' id='word_1_247' title='bbox 2002 1885 2261 1946; x_wconf 56' lang='lat' dir='ltr'><strong>cognatae,</strong></span> <span class='ocrx_word' id='word_1_248' title='bbox 2299 1876 2666 1928; x_wconf 83' lang='lat' dir='ltr'><strong>viviﬁcantem</strong></span> <span class='ocrx_word' id='word_1_249' title='bbox 2700 1874 2960 1926; x_wconf 87' lang='lat' dir='ltr'><strong>virtutem</strong></span> <span class='ocrx_word' id='word_1_250' title='bbox 2991 1871 3210 1933; x_wconf 91' lang='lat' dir='ltr'><strong>indidit,</strong></span> <span class='ocrx_word' id='word_1_251' title='bbox 3259 1885 3453 1939; x_wconf 90' lang='lat' dir='ltr'><strong>nempe</strong></span> <span class='ocrx_word' id='word_1_252' title='bbox 3485 1883 3580 1938; x_wconf 85' lang='lat' dir='ltr'><strong>per</strong></span> 
     </span>
    </p>
   </div>
   <div class='ocr_carea' id='block_1_36' title="bbox 318 1957 1890 2034">
    <p class='ocr_par' dir='ltr' id='par_1_36' title="bbox 318 1957 1890 2034">
     <span class='ocr_line' id='line_1_36' title="bbox 318 1957 1890 2034; baseline 0.003 -22"><span class='ocrx_word' id='word_1_253' title='bbox 318 1957 412 2012; x_wconf 74' lang='grc' dir='ltr'><strong>καὶ</strong></span> <span class='ocrx_word' id='word_1_254' title='bbox 435 1961 501 2029; x_wconf 81' lang='grc' dir='ltr'>τῇ</span> <span class='ocrx_word' id='word_1_255' title='bbox 526 1957 671 2030; x_wconf 72' lang='grc' dir='ltr'>ψυχῇ</span> <span class='ocrx_word' id='word_1_256' title='bbox 700 1958 909 2030; x_wconf 84' lang='grc' dir='ltr'>θεότης,</span> <span class='ocrx_word' id='word_1_257' title='bbox 941 1961 1036 2014; x_wconf 69' lang='grc' dir='ltr'>καὶ</span> <span class='ocrx_word' id='word_1_258' title='bbox 1063 1961 1223 2033; x_wconf 88' lang='grc' dir='ltr'>μέχρι</span> <span class='ocrx_word' id='word_1_259' title='bbox 1259 1961 1458 2024; x_wconf 77' lang='grc' dir='ltr'>παντὸς</span> <span class='ocrx_word' id='word_1_260' title='bbox 1487 1962 1890 2034; x_wconf 84' lang='grc' dir='ltr'>παραμείνασα,</span> 
     </span>
    </p>
   </div>
   <div class='ocr_carea' id='block_1_37' title="bbox 316 2049 1893 2121">
    <p class='ocr_par' dir='ltr' id='par_1_37' title="bbox 316 2049 1893 2121">
     <span class='ocr_line' id='line_1_37' title="bbox 316 2049 1893 2121; baseline 0.003 -19"><span class='ocrx_word' id='word_1_261' title='bbox 316 2051 375 2102; x_wconf 77' lang='grc' dir='ltr'>ὲν</span> <span class='ocrx_word' id='word_1_262' title='bbox 418 2052 483 2120; x_wconf 86' lang='grc' dir='ltr'>τῇ</span> <span class='ocrx_word' id='word_1_263' title='bbox 532 2049 826 2103; x_wconf 83' lang='grc' dir='ltr'>ἀναστάσει</span> <span class='ocrx_word' id='word_1_264' title='bbox 856 2049 951 2102; x_wconf 79' lang='grc' dir='ltr'>τοῦ</span> <span class='ocrx_word' id='word_1_265' title='bbox 983 2051 1235 2120; x_wconf 78' lang='grc' dir='ltr'>κειμένου</span> <span class='ocrx_word' id='word_1_266' title='bbox 1278 2051 1569 2121; x_wconf 73' lang='grc' dir='ltr'>ἐγείρεται,</span> <span class='ocrx_word' id='word_1_267' title='bbox 1619 2053 1714 2105; x_wconf 70' lang='grc' dir='ltr'>καὶ</span> <span class='ocrx_word' id='word_1_268' title='bbox 1750 2051 1893 2106; x_wconf 78' lang='grc' dir='ltr'>οὕτω</span> 
     </span>
    </p>
   </div>
   <div class='ocr_carea' id='block_1_38' title="bbox 316 2140 1894 2215">
    <p class='ocr_par' dir='ltr' id='par_1_38' title="bbox 316 2140 1894 2215">
     <span class='ocr_line' id='line_1_38' title="bbox 316 2140 1894 2215; baseline 0.003 -24"><span class='ocrx_word' id='word_1_269' title='bbox 316 2140 548 2210; x_wconf 82' lang='grc' dir='ltr'>Χριστὸς</span> <span class='ocrx_word' id='word_1_270' title='bbox 577 2142 641 2194; x_wconf 87' lang='grc' dir='ltr'>ὲκ</span> <span class='ocrx_word' id='word_1_271' title='bbox 671 2141 881 2215; x_wconf 82' lang='grc' dir='ltr'>νεκρῶν</span> <span class='ocrx_word' id='word_1_272' title='bbox 910 2141 1208 2213; x_wconf 88' lang='grc' dir='ltr'>ὲγηγέρθαι</span> <span class='ocrx_word' id='word_1_273' title='bbox 1253 2141 1490 2210; x_wconf 83' lang='grc' dir='ltr'>λέγεται,</span> <span class='ocrx_word' id='word_1_274' title='bbox 1532 2144 1561 2195; x_wconf 97' lang='lat'><strong>6</strong></span> <span class='ocrx_word' id='word_1_275' title='bbox 1603 2144 1762 2207; x_wconf 72' lang='grc' dir='ltr'>αὐτὸς</span> <span class='ocrx_word' id='word_1_276' title='bbox 1801 2144 1894 2196; x_wconf 54' lang='grc' dir='ltr'><strong>καί⁵</strong></span> 
     </span>
    </p>
   </div>
   <div class='ocr_carea' id='block_1_39' title="bbox 315 2233 1896 2307">
    <p class='ocr_par' dir='ltr' id='par_1_39' title="bbox 315 2233 1896 2307">
     <span class='ocr_line' id='line_1_39' title="bbox 315 2233 1896 2307; baseline -0.003 -16"><span class='ocrx_word' id='word_1_277' title='bbox 315 2233 390 2291; x_wconf 76' lang='grc' dir='ltr'><strong>ὢν</strong></span> <span class='ocrx_word' id='word_1_278' title='bbox 411 2235 661 2307; x_wconf 77' lang='grc' dir='ltr'>Χριστὸς,</span> <span class='ocrx_word' id='word_1_279' title='bbox 689 2236 781 2289; x_wconf 79' lang='grc' dir='ltr'><strong>καὶ</strong></span> <span class='ocrx_word' id='word_1_280' title='bbox 804 2234 1122 2305; x_wconf 84' lang='grc' dir='ltr'>γενόμενος·</span> <span class='ocrx_word' id='word_1_281' title='bbox 1151 2235 1224 2287; x_wconf 83' lang='grc' dir='ltr'><strong>ὢν</strong></span> <span class='ocrx_word' id='word_1_282' title='bbox 1250 2235 1347 2304; x_wconf 86' lang='grc' dir='ltr'><strong>μὲν</strong></span> <span class='ocrx_word' id='word_1_283' title='bbox 1375 2235 1514 2289; x_wconf 84' lang='grc' dir='ltr'><strong>κατά</strong></span> <span class='ocrx_word' id='word_1_284' title='bbox 1538 2237 1637 2305; x_wconf 83' lang='grc' dir='ltr'><strong>τὴν</strong></span> <span class='ocrx_word' id='word_1_285' title='bbox 1661 2234 1896 2306; x_wconf 85' lang='grc' dir='ltr'>προαιώ-</span> 
     </span>
    </p>
   </div>
   <div class='ocr_carea' id='block_1_40' title="bbox 316 2325 1894 2397">
    <p class='ocr_par' dir='ltr' id='par_1_40' title="bbox 316 2325 1894 2397">
     <span class='ocr_line' id='line_1_40' title="bbox 316 2325 1894 2397; baseline 0.001 -18"><span class='ocrx_word' id='word_1_286' title='bbox 316 2344 427 2380; x_wconf 85' lang='grc' dir='ltr'>νιον</span> <span class='ocrx_word' id='word_1_287' title='bbox 464 2326 758 2395; x_wconf 78' lang='grc' dir='ltr'>βασιλείαν,</span> <span class='ocrx_word' id='word_1_288' title='bbox 801 2326 1088 2396; x_wconf 83' lang='grc' dir='ltr'>γενόμενος</span> <span class='ocrx_word' id='word_1_289' title='bbox 1119 2325 1175 2379; x_wconf 78' lang='grc' dir='ltr'>δὲ</span> <span class='ocrx_word' id='word_1_290' title='bbox 1206 2326 1294 2378; x_wconf 77' lang='grc' dir='ltr'><strong>ὅτε</strong></span> <span class='ocrx_word' id='word_1_291' title='bbox 1327 2325 1742 2397; x_wconf 70' lang='grc' dir='ltr'>εὐηγγελίζοντο</span> <span class='ocrx_word' id='word_1_292' title='bbox 1781 2331 1894 2388; x_wconf 85' lang='grc' dir='ltr'>τοῖς</span> 
     </span>
    </p>
   </div>
   <div class='ocr_carea' id='block_1_41' title="bbox 317 2417 1896 2492">
    <p class='ocr_par' dir='ltr' id='par_1_41' title="bbox 317 2417 1896 2492">
     <span class='ocr_line' id='line_1_41' title="bbox 317 2417 1896 2492; baseline 0.001 -22"><span class='ocrx_word' id='word_1_293' title='bbox 317 2418 572 2488; x_wconf 79' lang='grc' dir='ltr'>ποιμέσιν</span> <span class='ocrx_word' id='word_1_294' title='bbox 605 2421 652 2472; x_wconf 92' lang='grc' dir='ltr'>οἱ</span> <span class='ocrx_word' id='word_1_295' title='bbox 689 2418 910 2487; x_wconf 81' lang='grc' dir='ltr'>ἄγγελοι</span> <span class='ocrx_word' id='word_1_296' title='bbox 942 2417 1039 2492; x_wconf 82' lang='grc' dir='ltr'>τὴν</span> <span class='ocrx_word' id='word_1_297' title='bbox 1071 2417 1312 2488; x_wconf 85' lang='grc' dir='ltr'>μεγάλην</span> <span class='ocrx_word' id='word_1_298' title='bbox 1343 2417 1538 2488; x_wconf 75' lang='grc' dir='ltr'>χαρὰν,</span> <span class='ocrx_word' id='word_1_299' title='bbox 1578 2419 1676 2489; x_wconf 79' lang='grc' dir='ltr'>τὴν</span> <span class='ocrx_word' id='word_1_300' title='bbox 1706 2419 1896 2489; x_wconf 86' lang='grc' dir='ltr'>ἐσομέ-</span> 
     </span>
    </p>
   </div>
   <div class='ocr_carea' id='block_1_42' title="bbox 316 2509 1896 2583">
    <p class='ocr_par' dir='ltr' id='par_1_42' title="bbox 316 2509 1896 2583">
     <span class='ocr_line' id='line_1_42' title="bbox 316 2509 1896 2583; baseline 0 -19"><span class='ocrx_word' id='word_1_301' title='bbox 316 2530 412 2583; x_wconf 84' lang='grc' dir='ltr'><strong>νην</strong></span> <span class='ocrx_word' id='word_1_302' title='bbox 438 2513 600 2566; x_wconf 75' lang='grc' dir='ltr'>παντὶ</span> <span class='ocrx_word' id='word_1_303' title='bbox 621 2512 697 2582; x_wconf 83' lang='grc' dir='ltr'>τῷ</span> <span class='ocrx_word' id='word_1_304' title='bbox 721 2510 833 2582; x_wconf 84' lang='grc' dir='ltr'>λαῷ</span> <span class='ocrx_word' id='word_1_305' title='bbox 857 2512 949 2564; x_wconf 78' lang='grc' dir='ltr'>ἐπὶ</span> <span class='ocrx_word' id='word_1_306' title='bbox 967 2513 1032 2581; x_wconf 84' lang='grc' dir='ltr'>τῇ</span> <span class='ocrx_word' id='word_1_307' title='bbox 1063 2511 1274 2578; x_wconf 79' lang='grc' dir='ltr'>γενέσει</span> <span class='ocrx_word' id='word_1_308' title='bbox 1293 2511 1386 2562; x_wconf 76' lang='grc' dir='ltr'>τοῦ</span> <span class='ocrx_word' id='word_1_309' title='bbox 1418 2511 1689 2581; x_wconf 82' lang='grc' dir='ltr'>Σωτῆρος,</span> <span class='ocrx_word' id='word_1_310' title='bbox 1707 2509 1896 2582; x_wconf 83' lang='grc' dir='ltr'>ὅς</span> 
     </span>
    </p>
   </div>
   <div class='ocr_carea' id='block_1_43' title="bbox 316 2601 1897 2673">
    <p class='ocr_par' dir='ltr' id='par_1_43' title="bbox 316 2601 1897 2673">
     <span class='ocr_line' id='line_1_43' title="bbox 316 2601 1897 2673; baseline -0.001 -17"><span class='ocrx_word' id='word_1_311' title='bbox 316 2605 468 2668; x_wconf 80' lang='grc' dir='ltr'>ἐστι,</span> <span class='ocrx_word' id='word_1_312' title='bbox 502 2606 656 2673; x_wconf 63' lang='grc' dir='ltr'>φησι,</span> <span class='ocrx_word' id='word_1_313' title='bbox 693 2603 968 2672; x_wconf 85' lang='grc' dir='ltr'>Χριστός,</span> <span class='ocrx_word' id='word_1_314' title='bbox 1026 2601 1228 2672; x_wconf 83' lang='grc' dir='ltr'>Κύριος</span> <span class='ocrx_word' id='word_1_315' title='bbox 1286 2603 1605 2673; x_wconf 74' lang='grc' dir='ltr'>προσφόρως</span> <span class='ocrx_word' id='word_1_316' title='bbox 1636 2601 1897 2673; x_wconf 81' lang='grc' dir='ltr'>ὀνομαζὸ-</span> 
     </span>
    </p>
   </div>
   <div class='ocr_carea' id='block_1_44' title="bbox 322 2690 1897 2763">
    <p class='ocr_par' dir='ltr' id='par_1_44' title="bbox 322 2690 1897 2763">
     <span class='ocr_line' id='line_1_44' title="bbox 322 2690 1897 2763; baseline -0.001 -17"><span class='ocrx_word' id='word_1_317' title='bbox 322 2710 480 2763; x_wconf 89' lang='grc' dir='ltr'>μενος</span> <span class='ocrx_word' id='word_1_318' title='bbox 523 2692 663 2745; x_wconf 85' lang='grc' dir='ltr'><strong>κατά</strong></span> <span class='ocrx_word' id='word_1_319' title='bbox 717 2693 808 2747; x_wconf 87' lang='grc' dir='ltr'><strong>τὸν</strong></span> <span class='ocrx_word' id='word_1_320' title='bbox 867 2692 1023 2761; x_wconf 88' lang='grc' dir='ltr'>λόγον</span> <span class='ocrx_word' id='word_1_321' title='bbox 1071 2690 1164 2744; x_wconf 78' lang='grc' dir='ltr'><strong>τοῦ</strong></span> <span class='ocrx_word' id='word_1_322' title='bbox 1197 2690 1455 2762; x_wconf 77' lang='grc' dir='ltr'>Γαϐριὴλ,</span> <span class='ocrx_word' id='word_1_323' title='bbox 1503 2691 1595 2744; x_wconf 78' lang='grc' dir='ltr'>τοῦ</span> <span class='ocrx_word' id='word_1_324' title='bbox 1650 2693 1897 2756; x_wconf 78' lang='grc' dir='ltr'>εἰπόντος</span> 
     </span>
    </p>
   </div>
   <div class='ocr_carea' id='block_1_45' title="bbox 320 2782 1896 2854">
    <p class='ocr_par' dir='ltr' id='par_1_45' title="bbox 320 2782 1896 2854">
     <span class='ocr_line' id='line_1_45' title="bbox 320 2782 1896 2854; baseline -0.001 -17"><span class='ocrx_word' id='word_1_325' title='bbox 320 2784 544 2850; x_wconf 83' lang='grc' dir='ltr'>Πνεῦμα</span> <span class='ocrx_word' id='word_1_326' title='bbox 569 2786 720 2852; x_wconf 74' lang='grc' dir='ltr'>ἅγιον</span> <span class='ocrx_word' id='word_1_327' title='bbox 743 2783 1126 2837; x_wconf 80' lang='grc' dir='ltr'>ἐπελεύσεσθαι</span> <span class='ocrx_word' id='word_1_328' title='bbox 1151 2785 1218 2854; x_wconf 81' lang='grc' dir='ltr'>τῇ</span> <span class='ocrx_word' id='word_1_329' title='bbox 1251 2782 1513 2854; x_wconf 76' lang='grc' dir='ltr'>Παρθένῳ</span> <span class='ocrx_word' id='word_1_330' title='bbox 1548 2783 1643 2836; x_wconf 82' lang='grc' dir='ltr'><strong>καὶ</strong></span> <span class='ocrx_word' id='word_1_331' title='bbox 1669 2783 1896 2853; x_wconf 89' lang='grc' dir='ltr'>δύναμιν</span> 
     </span>
    </p>
   </div>
   <div class='ocr_carea' id='block_1_46' title="bbox 331 2875 1894 2947">
    <p class='ocr_par' dir='ltr' id='par_1_46' title="bbox 331 2875 1894 2947">
     <span class='ocr_line' id='line_1_46' title="bbox 331 2875 1894 2947; baseline -0.001 -18"><span class='ocrx_word' id='word_1_332' title='bbox 331 2877 582 2946; x_wconf 70' lang='grc' dir='ltr'>Ὑψίστου</span> <span class='ocrx_word' id='word_1_333' title='bbox 606 2878 887 2931; x_wconf 81' lang='grc' dir='ltr'>ἐπισκιάσε</span> <span class='ocrx_word' id='word_1_334' title='bbox 897 2895 962 2932; x_wconf 91' lang='grc' dir='ltr'>ιν.</span> <span class='ocrx_word' id='word_1_335' title='bbox 987 2877 1046 2930; x_wconf 84' lang='lat'><strong>&#39;0</strong></span> <span class='ocrx_word' id='word_1_336' title='bbox 1066 2876 1242 2928; x_wconf 81' lang='grc' dir='ltr'>τοίνυν</span> <span class='ocrx_word' id='word_1_337' title='bbox 1263 2875 1404 2928; x_wconf 76' lang='grc' dir='ltr'>οὕτω</span> <span class='ocrx_word' id='word_1_338' title='bbox 1420 2875 1631 2947; x_wconf 78' lang='grc' dir='ltr'>τεχθεὶς</span> <span class='ocrx_word' id='word_1_339' title='bbox 1652 2876 1894 2941; x_wconf 78' lang='grc' dir='ltr'>εἰκότως,</span> 
     </span>
    </p>
   </div>
   <div class='ocr_carea' id='block_1_47' title="bbox 321 2964 1897 3037">
    <p class='ocr_par' dir='ltr' id='par_1_47' title="bbox 321 2964 1897 3037">
     <span class='ocr_line' id='line_1_47' title="bbox 321 2964 1897 3037; baseline -0.001 -17"><span class='ocrx_word' id='word_1_340' title='bbox 321 2968 412 3020; x_wconf 77' lang='grc' dir='ltr'><strong>καὶ</strong></span> <span class='ocrx_word' id='word_1_341' title='bbox 435 2968 464 3017; x_wconf 89' lang='lat'><strong>6</strong></span> <span class='ocrx_word' id='word_1_342' title='bbox 490 2966 725 3037; x_wconf 84' lang='grc' dir='ltr'>Χριστὸς</span> <span class='ocrx_word' id='word_1_343' title='bbox 758 2965 868 3036; x_wconf 69' lang='grc'><strong>(46)</strong></span> <span class='ocrx_word' id='word_1_344' title='bbox 911 2965 1003 3018; x_wconf 74' lang='grc' dir='ltr'><strong>καὶ</strong></span> <span class='ocrx_word' id='word_1_345' title='bbox 1031 2964 1234 3036; x_wconf 83' lang='grc' dir='ltr'>Κύριος</span> <span class='ocrx_word' id='word_1_346' title='bbox 1265 2965 1480 3033; x_wconf 85' lang='grc' dir='ltr'>λέγεται</span> <span class='ocrx_word' id='word_1_347' title='bbox 1508 2981 1523 2995; x_wconf 85' lang='lat'><strong><em>°</em></strong></span> <span class='ocrx_word' id='word_1_348' title='bbox 1565 2964 1769 3035; x_wconf 86' lang='grc' dir='ltr'>Κύριος</span> <span class='ocrx_word' id='word_1_349' title='bbox 1798 2966 1897 3034; x_wconf 85' lang='grc' dir='ltr'><strong>μὲν</strong></span> 
     </span>
    </p>
   </div>
   <div class='ocr_carea' id='block_1_48' title="bbox 318 3057 1898 3130">
    <p class='ocr_par' dir='ltr' id='par_1_48' title="bbox 318 3057 1898 3130">
     <span class='ocr_line' id='line_1_48' title="bbox 318 3057 1898 3130; baseline -0.001 -17"><span class='ocrx_word' id='word_1_350' title='bbox 318 3060 408 3113; x_wconf 83' lang='grc' dir='ltr'>διὰ</span> <span class='ocrx_word' id='word_1_351' title='bbox 438 3061 536 3130; x_wconf 83' lang='grc' dir='ltr'>τὴν</span> <span class='ocrx_word' id='word_1_352' title='bbox 581 3058 808 3128; x_wconf 86' lang='grc' dir='ltr'>δύναμιν</span> <span class='ocrx_word' id='word_1_353' title='bbox 852 3057 944 3110; x_wconf 79' lang='grc' dir='ltr'>τοῦ</span> <span class='ocrx_word' id='word_1_354' title='bbox 999 3057 1271 3127; x_wconf 69' lang='grc' dir='ltr'>Ὑψίστου,</span> <span class='ocrx_word' id='word_1_355' title='bbox 1316 3058 1547 3130; x_wconf 85' lang='grc' dir='ltr'>Χριστὸς</span> <span class='ocrx_word' id='word_1_356' title='bbox 1595 3058 1653 3112; x_wconf 82' lang='grc' dir='ltr'>δὲ</span> <span class='ocrx_word' id='word_1_357' title='bbox 1699 3058 1786 3112; x_wconf 77' lang='grc' dir='ltr'>διὰ</span> <span class='ocrx_word' id='word_1_358' title='bbox 1837 3058 1898 3111; x_wconf 82' lang='grc' dir='ltr'>τὸ</span> 
     </span>
    </p>
   </div>
   <div class='ocr_carea' id='block_1_49' title="bbox 321 3146 1896 3220">
    <p class='ocr_par' dir='ltr' id='par_1_49' title="bbox 321 3146 1896 3220">
     <span class='ocr_line' id='line_1_49' title="bbox 321 3146 1896 3220; baseline -0.001 -17"><span class='ocrx_word' id='word_1_359' title='bbox 321 3149 546 3220; x_wconf 81' lang='grc' dir='ltr'>Πνεῦμα</span> <span class='ocrx_word' id='word_1_360' title='bbox 598 3150 693 3219; x_wconf 80' lang='grc' dir='ltr'>τῆς</span> <span class='ocrx_word' id='word_1_361' title='bbox 741 3148 994 3220; x_wconf 87' lang='grc' dir='ltr'>χρίσεως.</span> <span class='ocrx_word' id='word_1_362' title='bbox 1056 3149 1130 3201; x_wconf 83' lang='grc' dir='ltr'><strong>Οὐ</strong></span> <span class='ocrx_word' id='word_1_363' title='bbox 1177 3147 1285 3219; x_wconf 80' lang='grc' dir='ltr'><strong>γὰρ</strong></span> <span class='ocrx_word' id='word_1_364' title='bbox 1329 3148 1357 3199; x_wconf 91' lang='lat'><strong>6</strong></span> <span class='ocrx_word' id='word_1_365' title='bbox 1403 3146 1725 3218; x_wconf 80' lang='grc' dir='ltr'>προαιώνιος</span> <span class='ocrx_word' id='word_1_366' title='bbox 1772 3149 1896 3202; x_wconf 88' lang='grc' dir='ltr'>τότε</span> 
     </span>
    </p>
   </div>
   <div class='ocr_carea' id='block_1_50' title="bbox 320 3223 1968 3314">
    <p class='ocr_par' dir='ltr' id='par_1_50' title="bbox 320 3223 1968 3314">
     <span class='ocr_line' id='line_1_50' title="bbox 320 3223 1968 3314; baseline -0.001 -19"><span class='ocrx_word' id='word_1_367' title='bbox 320 3244 554 3314; x_wconf 83' lang='grc' dir='ltr'>χρίεται,</span> <span class='ocrx_word' id='word_1_368' title='bbox 587 3242 722 3295; x_wconf 73' lang='grc' dir='ltr'>ἀλλὰ</span> <span class='ocrx_word' id='word_1_369' title='bbox 751 3242 880 3313; x_wconf 73' lang='grc' dir='ltr'>περὶ</span> <span class='ocrx_word' id='word_1_370' title='bbox 904 3235 963 3296; x_wconf 77' lang='grc' dir='ltr'>οὗ</span> <span class='ocrx_word' id='word_1_371' title='bbox 994 3242 1261 3312; x_wconf 53' lang='lat' dir='ltr'><strong>tmen/,6“</strong></span> <span class='ocrx_word' id='word_1_372' title='bbox 1285 3242 1416 3306; x_wconf 82' lang='grc' dir='ltr'><em>Υἱός</em></span> <span class='ocrx_word' id='word_1_373' title='bbox 1441 3259 1560 3310; x_wconf 79' lang='grc' dir='ltr'><strong>μου</strong></span> <span class='ocrx_word' id='word_1_374' title='bbox 1581 3237 1639 3294; x_wconf 82' lang='grc' dir='ltr'>εἷ</span> <span class='ocrx_word' id='word_1_375' title='bbox 1658 3241 1761 3304; x_wconf 87' lang='grc' dir='ltr'>σὺ,</span> <span class='ocrx_word' id='word_1_376' title='bbox 1785 3241 1900 3311; x_wconf 77' lang='grc' dir='ltr'><strong>ἐγὼ</strong></span> <span class='ocrx_word' id='word_1_377' title='bbox 1926 3223 1968 3281; x_wconf 75' lang='lat' dir='ltr'><strong>C</strong></span> 
     </span>
    </p>
   </div>
   <div class='ocr_carea' id='block_1_51' title="bbox 318 3332 1897 3404">
    <p class='ocr_par' dir='ltr' id='par_1_51' title="bbox 318 3332 1897 3404">
     <span class='ocr_line' id='line_1_51' title="bbox 318 3332 1897 3404; baseline -0.002 -16"><span class='ocrx_word' id='word_1_378' title='bbox 318 3333 587 3404; x_wconf 77' lang='grc' dir='ltr'>σήμερον</span> <span class='ocrx_word' id='word_1_379' title='bbox 603 3332 936 3403; x_wconf 74' lang='grc' dir='ltr'>γεγέννηκὰ</span> <span class='ocrx_word' id='word_1_380' title='bbox 953 3349 1046 3387; x_wconf 88' lang='grc' dir='ltr'>σε.</span> <span class='ocrx_word' id='word_1_381' title='bbox 1074 3333 1148 3387; x_wconf 85' lang='grc' dir='ltr'>Τὸ</span> <span class='ocrx_word' id='word_1_382' title='bbox 1166 3332 1274 3404; x_wconf 79' lang='grc' dir='ltr'><strong>γὰρ</strong></span> <span class='ocrx_word' id='word_1_383' title='bbox 1289 3333 1557 3401; x_wconf 79' lang='grc' dir='ltr'>σήμερον</span> <span class='ocrx_word' id='word_1_384' title='bbox 1571 3333 1678 3386; x_wconf 88' lang='grc' dir='ltr'><strong>τῶν</strong></span> <span class='ocrx_word' id='word_1_385' title='bbox 1695 3333 1787 3387; x_wconf 86' lang='grc' dir='ltr'><strong>δύο</strong></span> <span class='ocrx_word' id='word_1_386' title='bbox 1802 3332 1897 3386; x_wconf 78' lang='grc' dir='ltr'>τοῦ</span> 
     </span>
    </p>
   </div>
   <div class='ocr_carea' id='block_1_52' title="bbox 319 3424 1903 3498">
    <p class='ocr_par' dir='ltr' id='par_1_52' title="bbox 319 3424 1903 3498">
     <span class='ocr_line' id='line_1_52' title="bbox 319 3424 1903 3498; baseline -0.001 -19"><span class='ocrx_word' id='word_1_387' title='bbox 319 3428 511 3498; x_wconf 78' lang='grc' dir='ltr'>χρόνου</span> <span class='ocrx_word' id='word_1_388' title='bbox 527 3427 848 3497; x_wconf 82' lang='grc' dir='ltr'>τμημάτων,</span> <span class='ocrx_word' id='word_1_389' title='bbox 863 3425 958 3480; x_wconf 81' lang='grc' dir='ltr'>τοῦ</span> <span class='ocrx_word' id='word_1_390' title='bbox 978 3426 1368 3497; x_wconf 80' lang='grc' dir='ltr'>παρῳχηκὸτος</span> <span class='ocrx_word' id='word_1_391' title='bbox 1387 3443 1444 3479; x_wconf 85' lang='grc' dir='ltr'><strong>τε</strong></span> <span class='ocrx_word' id='word_1_392' title='bbox 1463 3425 1667 3478; x_wconf 78' lang='grc' dir='ltr'>καὶτοῦ</span> <span class='ocrx_word' id='word_1_393' title='bbox 1687 3424 1903 3496; x_wconf 84' lang='grc' dir='ltr'>μέλλον-</span> 
     </span>
    </p>
   </div>
   <div class='ocr_carea' id='block_1_53' title="bbox 323 3515 1904 3588">
    <p class='ocr_par' dir='ltr' id='par_1_53' title="bbox 323 3515 1904 3588">
     <span class='ocr_line' id='line_1_53' title="bbox 323 3515 1904 3588; baseline -0.002 -17"><span class='ocrx_word' id='word_1_394' title='bbox 323 3535 434 3582; x_wconf 84' lang='grc' dir='ltr'>τος,</span> <span class='ocrx_word' id='word_1_395' title='bbox 453 3517 512 3571; x_wconf 87' lang='grc' dir='ltr'><strong>τὸ</strong></span> <span class='ocrx_word' id='word_1_396' title='bbox 530 3519 694 3588; x_wconf 90' lang='grc' dir='ltr'>μέσον</span> <span class='ocrx_word' id='word_1_397' title='bbox 723 3518 888 3575; x_wconf 76' lang='grc' dir='ltr'>ἐστίν,</span> <span class='ocrx_word' id='word_1_398' title='bbox 920 3519 978 3571; x_wconf 90' lang='lat'><strong>&#39;0</strong></span> <span class='ocrx_word' id='word_1_399' title='bbox 1000 3518 1055 3570; x_wconf 81' lang='grc' dir='ltr'>δὲ</span> <span class='ocrx_word' id='word_1_400' title='bbox 1080 3519 1187 3570; x_wconf 88' lang='grc' dir='ltr'><strong>τῶν</strong></span> <span class='ocrx_word' id='word_1_401' title='bbox 1204 3517 1413 3571; x_wconf 87' lang='grc' dir='ltr'>αἰώνων</span> <span class='ocrx_word' id='word_1_402' title='bbox 1433 3515 1679 3587; x_wconf 78' lang='grc' dir='ltr'>ποιητὴς,</span> <span class='ocrx_word' id='word_1_403' title='bbox 1705 3515 1822 3578; x_wconf 85' lang='grc' dir='ltr'><strong>πῶς</strong></span> <span class='ocrx_word' id='word_1_404' title='bbox 1845 3518 1904 3568; x_wconf 83' lang='grc' dir='ltr'>ὲν</span> 
     </span>
    </p>
   </div>
   <div class='ocr_carea' id='block_1_54' title="bbox 328 3609 1900 3680">
    <p class='ocr_par' dir='ltr' id='par_1_54' title="bbox 328 3609 1900 3680">
     <span class='ocr_line' id='line_1_54' title="bbox 328 3609 1900 3680; baseline -0.002 -18"><span class='ocrx_word' id='word_1_405' title='bbox 328 3611 480 3680; x_wconf 88' lang='grc' dir='ltr'>μέρει</span> <span class='ocrx_word' id='word_1_406' title='bbox 504 3609 594 3662; x_wconf 80' lang='grc' dir='ltr'>τοῦ</span> <span class='ocrx_word' id='word_1_407' title='bbox 626 3609 816 3680; x_wconf 87' lang='grc' dir='ltr'>χρόνου</span> <span class='ocrx_word' id='word_1_408' title='bbox 861 3611 952 3663; x_wconf 74' lang='grc' dir='ltr'><strong>καὶ</strong></span> <span class='ocrx_word' id='word_1_409' title='bbox 974 3612 1225 3678; x_wconf 84' lang='grc' dir='ltr'>γεννᾶται</span> <span class='ocrx_word' id='word_1_410' title='bbox 1259 3611 1352 3662; x_wconf 76' lang='grc' dir='ltr'><strong>καὶ</strong></span> <span class='ocrx_word' id='word_1_411' title='bbox 1391 3609 1600 3679; x_wconf 83' lang='grc' dir='ltr'>χρίεται</span> <span class='ocrx_word' id='word_1_412' title='bbox 1628 3625 1643 3674; x_wconf 87' lang='grc'>;</span> <span class='ocrx_word' id='word_1_413' title='bbox 1681 3609 1840 3660; x_wconf 82' lang='grc' dir='ltr'>Ὥστε</span> <span class='ocrx_word' id='word_1_414' title='bbox 1867 3609 1900 3677; x_wconf 78' lang='grc' dir='ltr'>ἡ</span> 
     </span>
    </p>
   </div>
   <div class='ocr_carea' id='block_1_55' title="bbox 325 3699 1904 3773">
    <p class='ocr_par' dir='ltr' id='par_1_55' title="bbox 325 3699 1904 3773">
     <span class='ocr_line' id='line_1_55' title="bbox 325 3699 1904 3773; baseline -0.001 -20"><span class='ocrx_word' id='word_1_415' title='bbox 325 3701 512 3770; x_wconf 76' lang='grc' dir='ltr'>θεότης</span> <span class='ocrx_word' id='word_1_416' title='bbox 541 3702 634 3754; x_wconf 74' lang='grc' dir='ltr'><strong>καὶ</strong></span> <span class='ocrx_word' id='word_1_417' title='bbox 662 3701 721 3753; x_wconf 80' lang='grc' dir='ltr'><strong>οὐ</strong></span> <span class='ocrx_word' id='word_1_418' title='bbox 762 3701 1011 3773; x_wconf 85' lang='grc' dir='ltr'>τέθνηκε,</span> <span class='ocrx_word' id='word_1_419' title='bbox 1064 3703 1156 3754; x_wconf 79' lang='grc' dir='ltr'><strong>καὶ</strong></span> <span class='ocrx_word' id='word_1_420' title='bbox 1192 3703 1482 3771; x_wconf 79' lang='grc' dir='ltr'>ἐγήγερται</span> <span class='ocrx_word' id='word_1_421' title='bbox 1509 3720 1520 3732; x_wconf 90' lang='grc'><strong>·</strong></span> <span class='ocrx_word' id='word_1_422' title='bbox 1569 3701 1630 3754; x_wconf 85' lang='grc' dir='ltr'><strong>ού</strong></span> <span class='ocrx_word' id='word_1_423' title='bbox 1676 3699 1904 3768; x_wconf 86' lang='grc' dir='ltr'>τέθνηκε</span> 
     </span>
    </p>
   </div>
   <div class='ocr_carea' id='block_1_56' title="bbox 324 3788 1902 3860">
    <p class='ocr_par' dir='ltr' id='par_1_56' title="bbox 324 3788 1902 3860">
     <span class='ocr_line' id='line_1_56' title="bbox 324 3788 1902 3860; baseline 0.005 -20"><span class='ocrx_word' id='word_1_424' title='bbox 324 3788 453 3860; x_wconf 86' lang='grc' dir='ltr'>γὰρ,</span> <span class='ocrx_word' id='word_1_425' title='bbox 481 3791 562 3842; x_wconf 82' lang='grc' dir='ltr'>ὅτι</span> <span class='ocrx_word' id='word_1_426' title='bbox 591 3789 703 3860; x_wconf 71' lang='grc'><strong>(47)</strong></span> <span class='ocrx_word' id='word_1_427' title='bbox 733 3789 795 3843; x_wconf 85' lang='grc' dir='ltr'><strong>τὸ</strong></span> <span class='ocrx_word' id='word_1_428' title='bbox 829 3790 904 3860; x_wconf 83' lang='grc' dir='ltr'>μὴ</span> <span class='ocrx_word' id='word_1_429' title='bbox 948 3792 1198 3843; x_wconf 81' lang='grc' dir='ltr'>συντεθὲν</span> <span class='ocrx_word' id='word_1_430' title='bbox 1231 3791 1290 3843; x_wconf 80' lang='grc' dir='ltr'><strong>οὐ</strong></span> <span class='ocrx_word' id='word_1_431' title='bbox 1325 3790 1596 3846; x_wconf 83' lang='grc' dir='ltr'>διαλύεται</span> <span class='ocrx_word' id='word_1_432' title='bbox 1620 3830 1635 3854; x_wconf 89' lang='grc'><strong>,</strong></span> <span class='ocrx_word' id='word_1_433' title='bbox 1672 3790 1902 3860; x_wconf 78' lang='grc' dir='ltr'>ἐγήγερ-</span> 
     </span>
    </p>
   </div>
   <div class='ocr_carea' id='block_1_57' title="bbox 325 3877 1904 3956">
    <p class='ocr_par' dir='ltr' id='par_1_57' title="bbox 325 3877 1904 3956">
     <span class='ocr_line' id='line_1_57' title="bbox 325 3877 1904 3956; baseline -0.002 -22"><span class='ocrx_word' id='word_1_434' title='bbox 325 3898 416 3936; x_wconf 85' lang='grc' dir='ltr'><strong>ται</strong></span> <span class='ocrx_word' id='word_1_435' title='bbox 460 3881 537 3945; x_wconf 79' lang='grc' dir='ltr'>δὲ,</span> <span class='ocrx_word' id='word_1_436' title='bbox 582 3883 665 3935; x_wconf 84' lang='grc' dir='ltr'><strong>ὅτι</strong></span> <span class='ocrx_word' id='word_1_437' title='bbox 694 3883 754 3935; x_wconf 83' lang='grc' dir='ltr'>ὲν</span> <span class='ocrx_word' id='word_1_438' title='bbox 778 3881 856 3952; x_wconf 81' lang='grc' dir='ltr'><strong>τῷ</strong></span> <span class='ocrx_word' id='word_1_439' title='bbox 879 3881 1093 3934; x_wconf 88' lang='grc' dir='ltr'>λυθέντι</span> <span class='ocrx_word' id='word_1_440' title='bbox 1117 3877 1268 3946; x_wconf 81' lang='grc' dir='ltr'>οὖσα,</span> <span class='ocrx_word' id='word_1_441' title='bbox 1311 3883 1476 3956; x_wconf 79' lang='grc' dir='ltr'>ἑαυτῇ</span> <span class='ocrx_word' id='word_1_442' title='bbox 1505 3880 1904 3950; x_wconf 80' lang='grc' dir='ltr'>συνεπαρθῆναι</span> 
     </span>
    </p>
   </div>
   <div class='ocr_carea' id='block_1_58' title="bbox 323 3971 1904 4046">
    <p class='ocr_par' dir='ltr' id='par_1_58' title="bbox 323 3971 1904 4046">
     <span class='ocr_line' id='line_1_58' title="bbox 323 3971 1904 4046; baseline -0.001 -20"><span class='ocrx_word' id='word_1_443' title='bbox 323 3973 418 4026; x_wconf 76' lang='grc' dir='ltr'>τὸν</span> <span class='ocrx_word' id='word_1_444' title='bbox 451 3972 591 4027; x_wconf 87' lang='grc' dir='ltr'>κατὰ</span> <span class='ocrx_word' id='word_1_445' title='bbox 614 3972 704 4026; x_wconf 79' lang='grc' dir='ltr'><strong>τὸν</strong></span> <span class='ocrx_word' id='word_1_446' title='bbox 734 3972 898 4045; x_wconf 85' lang='grc' dir='ltr'>νόμον</span> <span class='ocrx_word' id='word_1_447' title='bbox 929 3975 1029 4046; x_wconf 82' lang='grc' dir='ltr'>τῆς</span> <span class='ocrx_word' id='word_1_448' title='bbox 1056 3972 1402 4044; x_wconf 84' lang='grc' dir='ltr'>ἀνθρωπίνης</span> <span class='ocrx_word' id='word_1_449' title='bbox 1417 3971 1660 4036; x_wconf 88' lang='grc' dir='ltr'><strong>¹πεσόντα</strong></span> <span class='ocrx_word' id='word_1_450' title='bbox 1691 3971 1904 4039; x_wconf 81' lang='grc' dir='ltr'>φύσεως</span> 
     </span>
    </p>
   </div>
   <div class='ocr_carea' id='block_1_59' title="bbox 327 4065 1905 4139">
    <p class='ocr_par' dir='ltr' id='par_1_59' title="bbox 327 4065 1905 4139">
     <span class='ocr_line' id='line_1_59' title="bbox 327 4065 1905 4139; baseline -0.001 -20"><span class='ocrx_word' id='word_1_451' title='bbox 327 4066 757 4139; x_wconf 80' lang='grc' dir='ltr'>παρεσκεύασεν,</span> <span class='ocrx_word' id='word_1_452' title='bbox 788 4066 864 4130; x_wconf 84' lang='grc' dir='ltr'><strong>ὡς</strong></span> <span class='ocrx_word' id='word_1_453' title='bbox 915 4065 981 4120; x_wconf 73' lang='grc' dir='ltr'>ἂν</span> <span class='ocrx_word' id='word_1_454' title='bbox 1010 4066 1254 4138; x_wconf 75' lang='grc' dir='ltr'>ἐκατέρῳ</span> <span class='ocrx_word' id='word_1_455' title='bbox 1282 4068 1438 4137; x_wconf 86' lang='grc' dir='ltr'>μέρει</span> <span class='ocrx_word' id='word_1_456' title='bbox 1465 4065 1526 4119; x_wconf 86' lang='grc' dir='ltr'><strong>τὸ</strong></span> <span class='ocrx_word' id='word_1_457' title='bbox 1548 4067 1745 4119; x_wconf 76' lang='grc' dir='ltr'>οἰκεῖον</span> <span class='ocrx_word' id='word_1_458' title='bbox 1770 4081 1905 4137; x_wconf 83' lang='grc' dir='ltr'>προ-</span> 
     </span>
    </p>
   </div>
   <div class='ocr_carea' id='block_1_60' title="bbox 328 4155 1904 4231">
    <p class='ocr_par' dir='ltr' id='par_1_60' title="bbox 328 4155 1904 4231">
     <span class='ocr_line' id='line_1_60' title="bbox 328 4155 1904 4231; baseline -0.001 -19"><span class='ocrx_word' id='word_1_459' title='bbox 328 4159 610 4231; x_wconf 73' lang='grc' dir='ltr'>φερομένῳ</span> <span class='ocrx_word' id='word_1_460' title='bbox 640 4159 910 4230; x_wconf 78' lang='grc' dir='ltr'>παροῦσα,</span> <span class='ocrx_word' id='word_1_461' title='bbox 944 4159 1043 4230; x_wconf 81' lang='grc' dir='ltr'><strong>τὴν</strong></span> <span class='ocrx_word' id='word_1_462' title='bbox 1068 4158 1176 4211; x_wconf 83' lang='grc' dir='ltr'><strong>τῶν</strong></span> <span class='ocrx_word' id='word_1_463' title='bbox 1210 4158 1478 4228; x_wconf 86' lang='grc' dir='ltr'>σωμάτων</span> <span class='ocrx_word' id='word_1_464' title='bbox 1507 4157 1668 4226; x_wconf 84' lang='grc' dir='ltr'>φύσιν</span> <span class='ocrx_word' id='word_1_465' title='bbox 1695 4157 1782 4210; x_wconf 75' lang='grc' dir='ltr'>διὰ</span> <span class='ocrx_word' id='word_1_466' title='bbox 1810 4155 1904 4210; x_wconf 80' lang='grc' dir='ltr'>τοῦ</span> 
     </span>
    </p>
   </div>
   <div class='ocr_carea' id='block_1_61' title="bbox 321 4248 1902 4324">
    <p class='ocr_par' dir='ltr' id='par_1_61' title="bbox 321 4248 1902 4324">
     <span class='ocr_line' id='line_1_61' title="bbox 321 4248 1902 4324; baseline -0.002 -19"><span class='ocrx_word' id='word_1_467' title='bbox 321 4251 598 4322; x_wconf 84' lang='grc' dir='ltr'>σώματος,</span> <span class='ocrx_word' id='word_1_468' title='bbox 620 4252 716 4324; x_wconf 81' lang='grc' dir='ltr'><strong>τὴν</strong></span> <span class='ocrx_word' id='word_1_469' title='bbox 741 4251 798 4305; x_wconf 84' lang='grc' dir='ltr'>δὲ</span> <span class='ocrx_word' id='word_1_470' title='bbox 825 4251 932 4309; x_wconf 79' lang='grc' dir='ltr'><strong>τῶν</strong></span> <span class='ocrx_word' id='word_1_471' title='bbox 951 4251 1137 4321; x_wconf 83' lang='grc' dir='ltr'>ψυχῶν</span> <span class='ocrx_word' id='word_1_472' title='bbox 1163 4249 1252 4303; x_wconf 82' lang='grc' dir='ltr'><strong>διὰ</strong></span> <span class='ocrx_word' id='word_1_473' title='bbox 1275 4251 1373 4321; x_wconf 81' lang='grc' dir='ltr'>τῆς</span> <span class='ocrx_word' id='word_1_474' title='bbox 1401 4249 1577 4321; x_wconf 79' lang='grc' dir='ltr'>ψυχῆς</span> <span class='ocrx_word' id='word_1_475' title='bbox 1597 4248 1870 4316; x_wconf 81' lang='grc' dir='ltr'>ὲξιάσαιτο</span> <span class='ocrx_word' id='word_1_476' title='bbox 1888 4265 1902 4277; x_wconf 73' lang='grc'><strong><em>⁵</em></strong></span> 
     </span>
    </p>
   </div>
   <div class='ocr_carea' id='block_1_62' title="bbox 328 4340 1905 4413">
    <p class='ocr_par' dir='ltr' id='par_1_62' title="bbox 328 4340 1905 4413">
     <span class='ocr_line' id='line_1_62' title="bbox 328 4340 1905 4413; baseline -0.003 -17"><span class='ocrx_word' id='word_1_477' title='bbox 328 4343 488 4396; x_wconf 86' lang='grc' dir='ltr'>πάλιν</span> <span class='ocrx_word' id='word_1_478' title='bbox 515 4343 571 4395; x_wconf 84' lang='grc' dir='ltr'>δὲ</span> <span class='ocrx_word' id='word_1_479' title='bbox 597 4343 662 4395; x_wconf 81' lang='grc' dir='ltr'>δι’</span> <span class='ocrx_word' id='word_1_480' title='bbox 690 4345 888 4413; x_wconf 78' lang='grc' dir='ltr'>ἑαυτῆς</span> <span class='ocrx_word' id='word_1_481' title='bbox 920 4342 978 4394; x_wconf 83' lang='grc' dir='ltr'><strong>τὸ</strong></span> <span class='ocrx_word' id='word_1_482' title='bbox 1004 4341 1417 4412; x_wconf 81' lang='grc' dir='ltr'>διακεκριμένον</span> <span class='ocrx_word' id='word_1_483' title='bbox 1442 4340 1708 4404; x_wconf 84' lang='grc' dir='ltr'>ὲνώσασα,</span> <span class='ocrx_word' id='word_1_484' title='bbox 1744 4343 1801 4393; x_wconf 83' lang='grc' dir='ltr'><strong>ὲν</strong></span> <span class='ocrx_word' id='word_1_485' title='bbox 1827 4340 1905 4410; x_wconf 81' lang='grc' dir='ltr'>τῷ</span> 
     </span>
    </p>
   </div>
   <div class='ocr_carea' id='block_1_63' title="bbox 325 4430 1904 4502">
    <p class='ocr_par' dir='ltr' id='par_1_63' title="bbox 325 4430 1904 4502">
     <span class='ocr_line' id='line_1_63' title="bbox 325 4430 1904 4502; baseline -0.001 -19"><span class='ocrx_word' id='word_1_486' title='bbox 325 4432 670 4502; x_wconf 83' lang='grc' dir='ltr'>ἐπαιρομένῳ</span> <span class='ocrx_word' id='word_1_487' title='bbox 696 4433 995 4491; x_wconf 83' lang='grc' dir='ltr'>ἀνίσταται.</span> <span class='ocrx_word' id='word_1_488' title='bbox 1031 4431 1375 4501; x_wconf 70' lang='grc' dir='ltr'><strong>Καὶῶσπερρ</strong></span> <span class='ocrx_word' id='word_1_489' title='bbox 1409 4430 1606 4483; x_wconf 81' lang='grc' dir='ltr'>κωλύει</span> <span class='ocrx_word' id='word_1_490' title='bbox 1627 4431 1734 4501; x_wconf 82' lang='grc' dir='ltr'><strong>γὰρ</strong></span> <span class='ocrx_word' id='word_1_491' title='bbox 1754 4431 1904 4489; x_wconf 78' lang='grc' dir='ltr'>οὐδὲν</span> 
     </span>
    </p>
   </div>
   <div class='ocr_carea' id='block_1_64' title="bbox 329 4523 1904 4594">
    <p class='ocr_par' dir='ltr' id='par_1_64' title="bbox 329 4523 1904 4594">
     <span class='ocr_line' id='line_1_64' title="bbox 329 4523 1904 4594; baseline -0.001 -19"><span class='ocrx_word' id='word_1_492' title='bbox 329 4523 656 4592; x_wconf 85' lang='grc' dir='ltr'>σωματικῶς</span> <span class='ocrx_word' id='word_1_493' title='bbox 701 4524 762 4576; x_wconf 83' lang='grc' dir='ltr'><strong>τὸ</strong></span> <span class='ocrx_word' id='word_1_494' title='bbox 814 4525 1109 4594; x_wconf 82' lang='grc' dir='ltr'>μυστήριον</span> <span class='ocrx_word' id='word_1_495' title='bbox 1156 4523 1255 4593; x_wconf 84' lang='grc' dir='ltr'><strong>τῆς</strong></span> <span class='ocrx_word' id='word_1_496' title='bbox 1304 4523 1445 4576; x_wconf 84' lang='grc' dir='ltr'>κατὰ</span> <span class='ocrx_word' id='word_1_497' title='bbox 1481 4523 1581 4593; x_wconf 78' lang='grc' dir='ltr'><strong>τὴν</strong></span> <span class='ocrx_word' id='word_1_498' title='bbox 1611 4523 1904 4576; x_wconf 78' lang='grc' dir='ltr'>ἀνάστασιν</span> 
     </span>
    </p>
   </div>
   <div class='ocr_carea' id='block_1_65' title="bbox 325 4614 1904 4686">
    <p class='ocr_par' dir='ltr' id='par_1_65' title="bbox 325 4614 1904 4686">
     <span class='ocr_line' id='line_1_65' title="bbox 325 4614 1904 4686; baseline 0 -19"><span class='ocrx_word' id='word_1_499' title='bbox 325 4615 636 4685; x_wconf 68' lang='grc' dir='ltr'>οἰκονομίας</span> <span class='ocrx_word' id='word_1_500' title='bbox 661 4615 992 4680; x_wconf 81' lang='grc' dir='ltr'>ἐνδείξασθαι</span> <span class='ocrx_word' id='word_1_501' title='bbox 1016 4633 1028 4646; x_wconf 86' lang='grc'><strong>·</strong></span> <span class='ocrx_word' id='word_1_502' title='bbox 1058 4614 1308 4686; x_wconf 87' lang='grc' dir='ltr'>καθάπερ</span> <span class='ocrx_word' id='word_1_503' title='bbox 1336 4614 1514 4667; x_wconf 89' lang='grc' dir='ltr'>τοίνυν</span> <span class='ocrx_word' id='word_1_504' title='bbox 1555 4615 1666 4685; x_wconf 71' lang='grc'><strong>(48)</strong></span> <span class='ocrx_word' id='word_1_505' title='bbox 1704 4617 1752 4667; x_wconf 86' lang='grc' dir='ltr'>εἰ</span> <span class='ocrx_word' id='word_1_506' title='bbox 1781 4615 1904 4684; x_wconf 86' lang='grc' dir='ltr'>διχῆ</span> 
     </span>
    </p>
   </div>
   <div class='ocr_carea' id='block_1_66' title="bbox 329 4707 1907 4779">
    <p class='ocr_par' dir='ltr' id='par_1_66' title="bbox 329 4707 1907 4779">
     <span class='ocr_line' id='line_1_66' title="bbox 329 4707 1907 4779; baseline 0 -20"><span class='ocrx_word' id='word_1_507' title='bbox 329 4707 572 4778; x_wconf 79' lang='grc' dir='ltr'>κάλαμος</span> <span class='ocrx_word' id='word_1_508' title='bbox 601 4707 956 4779; x_wconf 83' lang='grc' dir='ltr'>διασχισθείη,</span> <span class='ocrx_word' id='word_1_509' title='bbox 988 4707 1078 4766; x_wconf 87' lang='grc' dir='ltr'><strong>καί</strong></span> <span class='ocrx_word' id='word_1_510' title='bbox 1124 4726 1205 4772; x_wconf 86' lang='grc' dir='ltr'><strong>τις</strong></span> <span class='ocrx_word' id='word_1_511' title='bbox 1247 4709 1388 4761; x_wconf 86' lang='grc' dir='ltr'><strong>κατά</strong></span> <span class='ocrx_word' id='word_1_512' title='bbox 1418 4707 1478 4760; x_wconf 79' lang='grc' dir='ltr'>τὸ</span> <span class='ocrx_word' id='word_1_513' title='bbox 1529 4707 1586 4766; x_wconf 77' lang='grc' dir='ltr'>ἓν</span> <span class='ocrx_word' id='word_1_514' title='bbox 1626 4707 1796 4777; x_wconf 86' lang='grc' dir='ltr'>πέρας</span> <span class='ocrx_word' id='word_1_515' title='bbox 1840 4707 1907 4759; x_wconf 84' lang='grc' dir='ltr'><strong>τά</strong></span> 
     </span>
    </p>
   </div>
   <div class='ocr_carea' id='block_1_67' title="bbox 328 4798 1907 4872">
    <p class='ocr_par' dir='ltr' id='par_1_67' title="bbox 328 4798 1907 4872">
     <span class='ocr_line' id='line_1_67' title="bbox 328 4798 1907 4872; baseline -0.002 -18"><span class='ocrx_word' id='word_1_516' title='bbox 328 4801 472 4872; x_wconf 82' lang='grc' dir='ltr'>ἄκρα</span> <span class='ocrx_word' id='word_1_517' title='bbox 502 4800 612 4853; x_wconf 88' lang='grc' dir='ltr'><strong>τῶν</strong></span> <span class='ocrx_word' id='word_1_518' title='bbox 639 4800 734 4852; x_wconf 80' lang='grc' dir='ltr'>τοῦ</span> <span class='ocrx_word' id='word_1_519' title='bbox 769 4801 1016 4872; x_wconf 84' lang='grc' dir='ltr'>καλάμου</span> <span class='ocrx_word' id='word_1_520' title='bbox 1059 4800 1364 4871; x_wconf 88' lang='grc' dir='ltr'>τμημάτων</span> <span class='ocrx_word' id='word_1_521' title='bbox 1397 4798 1666 4864; x_wconf 78' lang='grc' dir='ltr'>ἑνώσειεν,</span> <span class='ocrx_word' id='word_1_522' title='bbox 1703 4799 1820 4852; x_wconf 86' lang='grc' dir='ltr'>ὅλον</span> <span class='ocrx_word' id='word_1_523' title='bbox 1850 4800 1907 4865; x_wconf 80' lang='grc' dir='ltr'>ἐξ</span> 
     </span>
    </p>
   </div>
   <div class='ocr_carea' id='block_1_68' title="bbox 330 4889 1904 4962">
    <p class='ocr_par' dir='ltr' id='par_1_68' title="bbox 330 4889 1904 4962">
     <span class='ocr_line' id='line_1_68' title="bbox 330 4889 1904 4962; baseline -0.004 -16"><span class='ocrx_word' id='word_1_524' title='bbox 330 4891 576 4962; x_wconf 84' lang='grc' dir='ltr'>ἀνάγκης</span> <span class='ocrx_word' id='word_1_525' title='bbox 607 4891 669 4943; x_wconf 80' lang='grc' dir='ltr'><strong>τὸ</strong></span> <span class='ocrx_word' id='word_1_526' title='bbox 693 4892 887 4962; x_wconf 84' lang='grc' dir='ltr'>τμῆμα</span> <span class='ocrx_word' id='word_1_527' title='bbox 931 4891 1024 4944; x_wconf 77' lang='grc' dir='ltr'>τοῦ</span> <span class='ocrx_word' id='word_1_528' title='bbox 1056 4891 1301 4960; x_wconf 84' lang='grc' dir='ltr'>καλάμου</span> <span class='ocrx_word' id='word_1_529' title='bbox 1330 4889 1466 4961; x_wconf 82' lang='grc' dir='ltr'>πρὸς</span> <span class='ocrx_word' id='word_1_530' title='bbox 1514 4890 1574 4943; x_wconf 86' lang='grc' dir='ltr'><strong>τὸ</strong></span> <span class='ocrx_word' id='word_1_531' title='bbox 1616 4890 1738 4947; x_wconf 86' lang='grc' dir='ltr'>ὅλον</span> <span class='ocrx_word' id='word_1_532' title='bbox 1781 4907 1904 4947; x_wconf 70' lang='grc' dir='ltr'>συν.</span> 
     </span>
    </p>
   </div>
   <div class='ocr_carea' id='block_1_69' title="bbox 330 4983 1911 5056">
    <p class='ocr_par' dir='ltr' id='par_1_69' title="bbox 330 4983 1911 5056">
     <span class='ocr_line' id='line_1_69' title="bbox 330 4983 1911 5056; baseline 0 -20"><span class='ocrx_word' id='word_1_533' title='bbox 330 4983 733 5056; x_wconf 85' lang='grc' dir='ltr'>αρμοσθήσεται</span> <span class='ocrx_word' id='word_1_534' title='bbox 778 4985 866 5038; x_wconf 86' lang='grc' dir='ltr'><strong>διὰ</strong></span> <span class='ocrx_word' id='word_1_535' title='bbox 892 4984 992 5054; x_wconf 79' lang='grc' dir='ltr'><strong>τῆς</strong></span> <span class='ocrx_word' id='word_1_536' title='bbox 1021 4985 1079 5036; x_wconf 82' lang='grc' dir='ltr'>ὲν</span> <span class='ocrx_word' id='word_1_537' title='bbox 1107 4983 1186 5052; x_wconf 82' lang='grc' dir='ltr'>τῷ</span> <span class='ocrx_word' id='word_1_538' title='bbox 1215 4983 1296 5035; x_wconf 74' lang='grc' dir='ltr'>ἑνὶ</span> <span class='ocrx_word' id='word_1_539' title='bbox 1324 4985 1518 5053; x_wconf 85' lang='grc' dir='ltr'>πέρατι</span> <span class='ocrx_word' id='word_1_540' title='bbox 1546 4984 1818 5054; x_wconf 77' lang='grc' dir='ltr'>συμϐολῆς</span> <span class='ocrx_word' id='word_1_541' title='bbox 1850 5001 1911 5039; x_wconf 83' lang='grc' dir='ltr'><strong>τε</strong></span> 
     </span>
    </p>
   </div>
   <div class='ocr_carea' id='block_1_70' title="bbox 331 5073 1904 5148">
    <p class='ocr_par' dir='ltr' id='par_1_70' title="bbox 331 5073 1904 5148">
     <span class='ocr_line' id='line_1_70' title="bbox 331 5073 1904 5148; baseline -0.001 -20"><span class='ocrx_word' id='word_1_542' title='bbox 331 5077 424 5128; x_wconf 71' lang='grc' dir='ltr'>καὶ</span> <span class='ocrx_word' id='word_1_543' title='bbox 453 5075 720 5144; x_wconf 77' lang='grc' dir='ltr'>σφίγξεως</span> <span class='ocrx_word' id='word_1_544' title='bbox 745 5076 880 5148; x_wconf 77' lang='grc' dir='ltr'>πρὸς</span> <span class='ocrx_word' id='word_1_545' title='bbox 912 5075 972 5129; x_wconf 82' lang='grc' dir='ltr'>τὸ</span> <span class='ocrx_word' id='word_1_546' title='bbox 1001 5074 1186 5144; x_wconf 74' lang='grc' dir='ltr'>ἕτερον</span> <span class='ocrx_word' id='word_1_547' title='bbox 1213 5074 1388 5145; x_wconf 86' lang='grc' dir='ltr'>πέρας</span> <span class='ocrx_word' id='word_1_548' title='bbox 1414 5073 1904 5146; x_wconf 77' lang='grc' dir='ltr'>συναρμοζὸμενον·</span> 
     </span>
    </p>
   </div>
   <div class='ocr_carea' id='block_1_71' title="bbox 333 5166 1908 5239">
    <p class='ocr_par' dir='ltr' id='par_1_71' title="bbox 333 5166 1908 5239">
     <span class='ocr_line' id='line_1_71' title="bbox 333 5166 1908 5239; baseline 0.001 -20"><span class='ocrx_word' id='word_1_549' title='bbox 333 5167 505 5231; x_wconf 71' lang='grc' dir='ltr'>οὕτως</span> <span class='ocrx_word' id='word_1_550' title='bbox 533 5171 568 5239; x_wconf 79' lang='grc' dir='ltr'>ἡ</span> <span class='ocrx_word' id='word_1_551' title='bbox 599 5171 656 5221; x_wconf 84' lang='grc' dir='ltr'>ὲν</span> <span class='ocrx_word' id='word_1_552' title='bbox 706 5168 900 5238; x_wconf 81' lang='grc' dir='ltr'>ἐκείνῳ</span> <span class='ocrx_word' id='word_1_553' title='bbox 942 5167 1043 5237; x_wconf 77' lang='grc' dir='ltr'>τῆς</span> <span class='ocrx_word' id='word_1_554' title='bbox 1076 5167 1256 5238; x_wconf 74' lang='grc' dir='ltr'>ψυχῆς</span> <span class='ocrx_word' id='word_1_555' title='bbox 1307 5167 1442 5236; x_wconf 73' lang='grc' dir='ltr'>πρὸς</span> <span class='ocrx_word' id='word_1_556' title='bbox 1469 5166 1530 5218; x_wconf 76' lang='grc' dir='ltr'><strong>τὸ</strong></span> <span class='ocrx_word' id='word_1_557' title='bbox 1561 5166 1721 5237; x_wconf 84' lang='grc' dir='ltr'>σῶμα</span> <span class='ocrx_word' id='word_1_558' title='bbox 1751 5185 1908 5236; x_wconf 80' lang='grc' dir='ltr'>γενο-</span> 
     </span>
    </p>
   </div>
   <div class='ocr_carea' id='block_1_72' title="bbox 409 5347 1328 5414">
    <p class='ocr_par' dir='ltr' id='par_1_72' title="bbox 409 5347 1328 5414">
     <span class='ocr_line' id='line_1_72' title="bbox 409 5347 1328 5414; baseline 0.004 -14"><span class='ocrx_word' id='word_1_559' title='bbox 409 5348 455 5380; x_wconf 64' lang='lat'><strong>‘9</strong></span> <span class='ocrx_word' id='word_1_560' title='bbox 489 5347 644 5401; x_wconf 77' lang='lat' dir='ltr'><strong>Rom.</strong></span> <span class='ocrx_word' id='word_1_561' title='bbox 680 5365 755 5414; x_wconf 78' lang='lat' dir='ltr'><strong>vr,</strong></span> <span class='ocrx_word' id='word_1_562' title='bbox 781 5349 837 5404; x_wconf 77' lang='grc'><strong>4.</strong></span> <span class='ocrx_word' id='word_1_563' title='bbox 914 5349 958 5381; x_wconf 82' lang='grc'><strong>’⁸⁸</strong></span> <span class='ocrx_word' id='word_1_564' title='bbox 989 5349 1123 5404; x_wconf 87' lang='lat' dir='ltr'><strong>Luc.</strong></span> <span class='ocrx_word' id='word_1_565' title='bbox 1155 5365 1215 5413; x_wconf 82' lang='grc' dir='ltr'><strong>ιι,</strong></span> <span class='ocrx_word' id='word_1_566' title='bbox 1244 5350 1328 5408; x_wconf 75' lang='lat' dir='ltr'><strong>il.</strong></span> 
     </span>
    </p>
   </div>
   <div class='ocr_carea' id='block_1_73' title="bbox 409 5527 1914 5614">
    <p class='ocr_par' dir='ltr' id='par_1_73' title="bbox 409 5527 1914 5614">
     <span class='ocr_line' id='line_1_73' title="bbox 409 5527 1914 5614; baseline -0.002 -31"><span class='ocrx_word' id='word_1_567' title='bbox 409 5529 516 5614; x_wconf 39' lang='lat'><strong>(&#39;42)</strong></span> <span class='ocrx_word' id='word_1_568' title='bbox 549 5529 708 5583; x_wconf 84' lang='lat' dir='ltr'><strong>Corr.</strong></span> <span class='ocrx_word' id='word_1_569' title='bbox 733 5528 794 5580; x_wconf 78' lang='grc' dir='ltr'><strong>τὸ</strong></span> <span class='ocrx_word' id='word_1_570' title='bbox 821 5529 877 5581; x_wconf 75' lang='grc' dir='ltr'>δὲ</span> <span class='ocrx_word' id='word_1_571' title='bbox 910 5527 1202 5582; x_wconf 83' lang='grc' dir='ltr'>ἀσύνθετον</span> <span class='ocrx_word' id='word_1_572' title='bbox 1234 5528 1292 5580; x_wconf 83' lang='grc' dir='ltr'><strong>ού</strong></span> <span class='ocrx_word' id='word_1_573' title='bbox 1332 5527 1586 5591; x_wconf 84' lang='grc' dir='ltr'>διίστατο,</span> <span class='ocrx_word' id='word_1_574' title='bbox 1615 5528 1730 5580; x_wconf 80' lang='grc' dir='ltr'>ἀλλ’</span> <span class='ocrx_word' id='word_1_575' title='bbox 1765 5529 1914 5584; x_wconf 83' lang='grc' dir='ltr'>ἀδια-</span> 
     </span>
    </p>
   </div>
   <div class='ocr_carea' id='block_1_74' title="bbox 339 5617 566 5662">
    <p class='ocr_par' dir='ltr' id='par_1_74' title="bbox 339 5617 566 5662">
     <span class='ocr_line' id='line_1_74' title="bbox 339 5617 566 5662; baseline 0.004 -9"><span class='ocrx_word' id='word_1_576' title='bbox 339 5617 566 5662; x_wconf 83' lang='grc' dir='ltr'>στατως.</span> 
     </span>
    </p>
   </div>
   <div class='ocr_carea' id='block_1_75' title="bbox 405 5670 1172 5742">
    <p class='ocr_par' dir='ltr' id='par_1_75' title="bbox 405 5670 1172 5742">
     <span class='ocr_line' id='line_1_75' title="bbox 405 5670 1172 5742; baseline -0.001 -19"><span class='ocrx_word' id='word_1_577' title='bbox 405 5671 520 5738; x_wconf 73' lang='grc'><strong>(45)</strong></span> <span class='ocrx_word' id='word_1_578' title='bbox 551 5672 706 5742; x_wconf 71' lang='lat' dir='ltr'><strong>Corr.</strong></span> <span class='ocrx_word' id='word_1_579' title='bbox 742 5670 913 5742; x_wconf 13' lang='grc' dir='ltr'>ὲνᾷτῷ</span> <span class='ocrx_word' id='word_1_580' title='bbox 938 5670 1172 5742; x_wconf 76' lang='grc' dir='ltr'>σώματι.</span> 
     </span>
    </p>
   </div>
   <div class='ocr_carea' id='block_1_76' title="bbox 409 5740 1920 5811">
    <p class='ocr_par' dir='ltr' id='par_1_76' title="bbox 409 5740 1920 5811">
     <span class='ocr_line' id='line_1_76' title="bbox 409 5740 1920 5811; baseline -0.004 -13"><span class='ocrx_word' id='word_1_581' title='bbox 409 5743 518 5809; x_wconf 65' lang='grc'><strong>(4-4)</strong></span> <span class='ocrx_word' id='word_1_582' title='bbox 547 5741 704 5800; x_wconf 87' lang='lat' dir='ltr'><strong>Corr.</strong></span> <span class='ocrx_word' id='word_1_583' title='bbox 739 5740 1036 5811; x_wconf 77' lang='grc' dir='ltr'>ἐπληρώθη</span> <span class='ocrx_word' id='word_1_584' title='bbox 1080 5741 1170 5794; x_wconf 75' lang='grc' dir='ltr'><strong>τοῦ</strong></span> <span class='ocrx_word' id='word_1_585' title='bbox 1222 5740 1450 5795; x_wconf 80' lang='grc' dir='ltr'>θανάτου</span> <span class='ocrx_word' id='word_1_586' title='bbox 1491 5741 1550 5794; x_wconf 55' lang='grc' dir='ltr'><strong>τδι</strong></span> <span class='ocrx_word' id='word_1_587' title='bbox 1598 5742 1920 5811; x_wconf 77' lang='grc' dir='ltr'>μυστήριον,</span> 
     </span>
    </p>
   </div>
   <div class='ocr_carea' id='block_1_77' title="bbox 335 5812 635 5882">
    <p class='ocr_par' dir='ltr' id='par_1_77' title="bbox 335 5812 635 5882">
     <span class='ocr_line' id='line_1_77' title="bbox 335 5812 635 5882; baseline 0.003 -18"><span class='ocrx_word' id='word_1_588' title='bbox 335 5812 437 5882; x_wconf 71' lang='grc' dir='ltr'><strong>τῆς</strong></span> <span class='ocrx_word' id='word_1_589' title='bbox 467 5812 635 5876; x_wconf 79' lang='grc' dir='ltr'>θείας.</span> 
     </span>
    </p>
   </div>
   <div class='ocr_carea' id='block_1_78' title="bbox 660 5907 1335 5969">
    <p class='ocr_par' dir='ltr' id='par_1_78' title="bbox 660 5907 1335 5969">
     <span class='ocr_line' id='line_1_78' title="bbox 660 5907 1335 5969; baseline 0.001 -2"><span class='ocrx_word' id='word_1_590' title='bbox 660 5909 908 5969; x_wconf 67' lang='lat' dir='ltr'><strong>Parcet</strong></span> <span class='ocrx_word' id='word_1_591' title='bbox 981 5907 1093 5967; x_wconf 69' lang='lat' dir='ltr'><strong>(in.</strong></span> <span class='ocrx_word' id='word_1_592' title='bbox 1149 5908 1198 5966; x_wconf 80' lang='grc' dir='ltr'>Χ</span> <span class='ocrx_word' id='word_1_593' title='bbox 1215 5908 1335 5968; x_wconf 77' lang='lat' dir='ltr'><strong>LV.</strong></span> 
     </span>
    </p>
   </div>
   <div class='ocr_carea' id='block_1_79' title="bbox 2000 1962 3577 2036">
    <p class='ocr_par' dir='ltr' id='par_1_79' title="bbox 2000 1962 3577 2036">
     <span class='ocr_line' id='line_1_79' title="bbox 2000 1962 3577 2036; baseline -0.004 -15"><span class='ocrx_word' id='word_1_594' title='bbox 2000 1981 2219 2022; x_wconf 88' lang='lat' dir='ltr'><strong>carnem</strong></span> <span class='ocrx_word' id='word_1_595' title='bbox 2254 1967 2473 2036; x_wconf 86' lang='lat' dir='ltr'><strong>quidem</strong></span> <span class='ocrx_word' id='word_1_596' title='bbox 2506 1966 2748 2034; x_wconf 87' lang='lat' dir='ltr'><strong>corpori.</strong></span> <span class='ocrx_word' id='word_1_597' title='bbox 2808 1980 2903 2034; x_wconf 89' lang='lat' dir='ltr'><strong>per</strong></span> <span class='ocrx_word' id='word_1_598' title='bbox 2933 1964 3167 2018; x_wconf 90' lang='lat' dir='ltr'><strong>animam</strong></span> <span class='ocrx_word' id='word_1_599' title='bbox 3202 1978 3331 2016; x_wconf 90' lang='lat' dir='ltr'><strong>vero</strong></span> <span class='ocrx_word' id='word_1_600' title='bbox 3361 1962 3577 2023; x_wconf 55' lang='lat' dir='ltr'><strong>animat.</strong></span> 
     </span>
    </p>
   </div>
   <div class='ocr_carea' id='block_1_80' title="bbox 2001 2054 3580 2126">
    <p class='ocr_par' dir='ltr' id='par_1_80' title="bbox 2001 2054 3580 2126">
     <span class='ocr_line' id='line_1_80' title="bbox 2001 2054 3580 2126; baseline -0.003 -14"><span class='ocrx_word' id='word_1_601' title='bbox 2001 2058 2236 2112; x_wconf 89' lang='lat' dir='ltr'><strong>animam</strong></span> <span class='ocrx_word' id='word_1_602' title='bbox 2281 2060 2506 2126; x_wconf 88' lang='lat' dir='ltr'><strong>inquam</strong></span> <span class='ocrx_word' id='word_1_603' title='bbox 2541 2066 2722 2112; x_wconf 90' lang='lat' dir='ltr'><strong>mente</strong></span> <span class='ocrx_word' id='word_1_604' title='bbox 2771 2056 3052 2126; x_wconf 58' lang='lat' dir='ltr'><strong>praeditam</strong></span> <span class='ocrx_word' id='word_1_605' title='bbox 3097 2063 3152 2110; x_wconf 87' lang='lat' dir='ltr'><strong>et</strong></span> <span class='ocrx_word' id='word_1_606' title='bbox 3204 2071 3310 2109; x_wconf 90' lang='lat' dir='ltr'><strong>non</strong></span> <span class='ocrx_word' id='word_1_607' title='bbox 3350 2054 3580 2108; x_wconf 84' lang='lat' dir='ltr'><strong>rationis</strong></span> 
     </span>
    </p>
   </div>
   <div class='ocr_carea' id='block_1_81' title="bbox 1999 2146 3578 2218">
    <p class='ocr_par' dir='ltr' id='par_1_81' title="bbox 1999 2146 3578 2218">
     <span class='ocr_line' id='line_1_81' title="bbox 1999 2146 3578 2218; baseline -0.004 -15"><span class='ocrx_word' id='word_1_608' title='bbox 1999 2157 2314 2218; x_wconf 81' lang='lat' dir='ltr'><strong>expertem;</strong></span> <span class='ocrx_word' id='word_1_609' title='bbox 2353 2164 2477 2203; x_wconf 92' lang='lat' dir='ltr'><strong>nam</strong></span> <span class='ocrx_word' id='word_1_610' title='bbox 2525 2148 2668 2218; x_wconf 88' lang='lat' dir='ltr'><strong>quod</strong></span> <span class='ocrx_word' id='word_1_611' title='bbox 2711 2158 2891 2202; x_wconf 84' lang='lat' dir='ltr'><strong>mente</strong></span> <span class='ocrx_word' id='word_1_612' title='bbox 2930 2159 3100 2208; x_wconf 83' lang='lat' dir='ltr'><strong>caret,</strong></span> <span class='ocrx_word' id='word_1_613' title='bbox 3143 2146 3442 2200; x_wconf 88' lang='lat' dir='ltr'><strong>belluimnn</strong></span> <span class='ocrx_word' id='word_1_614' title='bbox 3477 2154 3578 2207; x_wconf 87' lang='lat' dir='ltr'><strong>est,</strong></span> 
     </span>
    </p>
   </div>
   <div class='ocr_carea' id='block_1_82' title="bbox 2000 2234 3581 2305">
    <p class='ocr_par' dir='ltr' id='par_1_82' title="bbox 2000 2234 3581 2305">
     <span class='ocr_line' id='line_1_82' title="bbox 2000 2234 3581 2305; baseline -0.005 -13"><span class='ocrx_word' id='word_1_615' title='bbox 2000 2254 2110 2292; x_wconf 87' lang='lat' dir='ltr'><strong>non</strong></span> <span class='ocrx_word' id='word_1_616' title='bbox 2153 2239 2485 2302; x_wconf 90' lang='lat' dir='ltr'><strong>humanum;</strong></span> <span class='ocrx_word' id='word_1_617' title='bbox 2533 2245 2664 2292; x_wconf 91' lang='lat' dir='ltr'><strong>tunc</strong></span> <span class='ocrx_word' id='word_1_618' title='bbox 2709 2251 2830 2305; x_wconf 73' lang='lat' dir='ltr'><strong>qua:</strong></span> <span class='ocrx_word' id='word_1_619' title='bbox 2860 2236 2929 2290; x_wconf 87' lang='lat' dir='ltr'><strong>ab</strong></span> <span class='ocrx_word' id='word_1_620' title='bbox 2965 2235 3119 2289; x_wconf 86' lang='lat' dir='ltr'><strong>initio</strong></span> <span class='ocrx_word' id='word_1_621' title='bbox 3159 2234 3375 2304; x_wconf 86' lang='lat' dir='ltr'><strong>corpori</strong></span> <span class='ocrx_word' id='word_1_622' title='bbox 3417 2241 3581 2302; x_wconf 86' lang='lat' dir='ltr'><strong>atque</strong></span> 
     </span>
    </p>
   </div>
   <div class='ocr_carea' id='block_1_83' title="bbox 2001 2328 3582 2395">
    <p class='ocr_par' dir='ltr' id='par_1_83' title="bbox 2001 2328 3582 2395">
     <span class='ocr_line' id='line_1_83' title="bbox 2001 2328 3582 2395; baseline -0.004 -13"><span class='ocrx_word' id='word_1_623' title='bbox 2001 2330 2196 2382; x_wconf 64' lang='lat' dir='ltr'><strong>animae</strong></span> <span class='ocrx_word' id='word_1_624' title='bbox 2229 2329 2514 2382; x_wconf 82' lang='lat' dir='ltr'><strong>commista</strong></span> <span class='ocrx_word' id='word_1_625' title='bbox 2546 2328 2644 2381; x_wconf 81' lang='lat' dir='ltr'><strong>fuit</strong></span> <span class='ocrx_word' id='word_1_626' title='bbox 2684 2328 2944 2382; x_wconf 84' lang='lat' dir='ltr'><strong>divinitas</strong></span> <span class='ocrx_word' id='word_1_627' title='bbox 2975 2340 3295 2395; x_wconf 85' lang='lat' dir='ltr'><strong>semperque</strong></span> <span class='ocrx_word' id='word_1_628' title='bbox 3331 2338 3582 2395; x_wconf 84' lang='lat' dir='ltr'><strong>perman-</strong></span> 
     </span>
    </p>
   </div>
   <div class='ocr_carea' id='block_1_84' title="bbox 2001 2419 3581 2490">
    <p class='ocr_par' dir='ltr' id='par_1_84' title="bbox 2001 2419 3581 2490">
     <span class='ocr_line' id='line_1_84' title="bbox 2001 2419 3581 2490; baseline -0.002 -17"><span class='ocrx_word' id='word_1_629' title='bbox 2001 2422 2090 2487; x_wconf 87' lang='lat' dir='ltr'><strong>sit,</strong></span> <span class='ocrx_word' id='word_1_630' title='bbox 2129 2422 2183 2475; x_wconf 91' lang='lat' dir='ltr'><strong>in</strong></span> <span class='ocrx_word' id='word_1_631' title='bbox 2219 2422 2620 2475; x_wconf 86' lang='lat' dir='ltr'><strong>resurrectione</strong></span> <span class='ocrx_word' id='word_1_632' title='bbox 2645 2420 2785 2490; x_wconf 86' lang='lat' dir='ltr'><strong>ejus,</strong></span> <span class='ocrx_word' id='word_1_633' title='bbox 2821 2422 2912 2489; x_wconf 89' lang='lat' dir='ltr'><strong>qui</strong></span> <span class='ocrx_word' id='word_1_634' title='bbox 2941 2419 3222 2476; x_wconf 91' lang='lat' dir='ltr'><strong>occubuit.</strong></span> <span class='ocrx_word' id='word_1_635' title='bbox 3257 2419 3581 2481; x_wconf 86' lang='lat' dir='ltr'><strong>suscitatur,</strong></span> 
     </span>
    </p>
   </div>
   <div class='ocr_carea' id='block_1_85' title="bbox 2003 2509 3581 2583">
    <p class='ocr_par' dir='ltr' id='par_1_85' title="bbox 2003 2509 3581 2583">
     <span class='ocr_line' id='line_1_85' title="bbox 2003 2509 3581 2583; baseline 0.001 -17"><span class='ocrx_word' id='word_1_636' title='bbox 2003 2523 2166 2583; x_wconf 85' lang='lat' dir='ltr'><strong>atque</strong></span> <span class='ocrx_word' id='word_1_637' title='bbox 2196 2514 2268 2566; x_wconf 89' lang='lat' dir='ltr'><strong>ita</strong></span> <span class='ocrx_word' id='word_1_638' title='bbox 2290 2512 2541 2568; x_wconf 88' lang='lat' dir='ltr'><strong>Christus</strong></span> <span class='ocrx_word' id='word_1_639' title='bbox 2569 2528 2598 2564; x_wconf 94' lang='lat' dir='ltr'><strong>a</strong></span> <span class='ocrx_word' id='word_1_640' title='bbox 2628 2512 2860 2566; x_wconf 86' lang='lat' dir='ltr'><strong>mortuis</strong></span> <span class='ocrx_word' id='word_1_641' title='bbox 2888 2514 3261 2566; x_wconf 76' lang='lat' dir='ltr'><strong>resurrexisse</strong></span> <span class='ocrx_word' id='word_1_642' title='bbox 3288 2510 3492 2564; x_wconf 85' lang='lat' dir='ltr'><strong>dicitur</strong></span> <span class='ocrx_word' id='word_1_643' title='bbox 3513 2509 3581 2567; x_wconf 75' lang='lat'><strong>&quot;.</strong></span> 
     </span>
    </p>
   </div>
   <div class='ocr_carea' id='block_1_86' title="bbox 2003 2600 3583 2675">
    <p class='ocr_par' dir='ltr' id='par_1_86' title="bbox 2003 2600 3583 2675">
     <span class='ocr_line' id='line_1_86' title="bbox 2003 2600 3583 2675; baseline -0.003 -17"><span class='ocrx_word' id='word_1_644' title='bbox 2003 2606 2095 2675; x_wconf 86' lang='lat' dir='ltr'><strong>qui</strong></span> <span class='ocrx_word' id='word_1_645' title='bbox 2127 2605 2344 2674; x_wconf 86' lang='lat' dir='ltr'><strong>quidem</strong></span> <span class='ocrx_word' id='word_1_646' title='bbox 2376 2611 2428 2658; x_wconf 89' lang='lat' dir='ltr'><strong>et</strong></span> <span class='ocrx_word' id='word_1_647' title='bbox 2457 2602 2778 2675; x_wconf 85' lang='lat' dir='ltr'><strong>jamdudum</strong></span> <span class='ocrx_word' id='word_1_648' title='bbox 2810 2603 3062 2657; x_wconf 84' lang='lat' dir='ltr'><strong>Christus</strong></span> <span class='ocrx_word' id='word_1_649' title='bbox 3096 2613 3214 2657; x_wconf 88' lang='lat' dir='ltr'><strong>erat</strong></span> <span class='ocrx_word' id='word_1_650' title='bbox 3248 2610 3302 2655; x_wconf 89' lang='lat' dir='ltr'><strong>et</strong></span> <span class='ocrx_word' id='word_1_651' title='bbox 3329 2600 3583 2656; x_wconf 75' lang='lat' dir='ltr'><strong>Christus</strong></span> 
     </span>
    </p>
   </div>
   <div class='ocr_carea' id='block_1_87' title="bbox 2004 2695 3581 2764">
    <p class='ocr_par' dir='ltr' id='par_1_87' title="bbox 2004 2695 3581 2764">
     <span class='ocr_line' id='line_1_87' title="bbox 2004 2695 3581 2764; baseline -0.005 -12"><span class='ocrx_word' id='word_1_652' title='bbox 2004 2711 2116 2752; x_wconf 89' lang='lat' dir='ltr'><strong>tum</strong></span> <span class='ocrx_word' id='word_1_653' title='bbox 2148 2699 2365 2753; x_wconf 87' lang='lat' dir='ltr'><strong>demum</strong></span> <span class='ocrx_word' id='word_1_654' title='bbox 2412 2697 2590 2751; x_wconf 83' lang='lat' dir='ltr'><strong>factus</strong></span> <span class='ocrx_word' id='word_1_655' title='bbox 2633 2695 2769 2752; x_wconf 77' lang='lat' dir='ltr'><strong>fuit:</strong></span> <span class='ocrx_word' id='word_1_656' title='bbox 2819 2703 2936 2750; x_wconf 91' lang='lat' dir='ltr'><strong>erat</strong></span> <span class='ocrx_word' id='word_1_657' title='bbox 2963 2695 3182 2764; x_wconf 90' lang='lat' dir='ltr'><strong>quidem</strong></span> <span class='ocrx_word' id='word_1_658' title='bbox 3220 2696 3376 2763; x_wconf 75' lang='lat' dir='ltr'><strong>juxta</strong></span> <span class='ocrx_word' id='word_1_659' title='bbox 3422 2709 3581 2746; x_wconf 87' lang='lat' dir='ltr'><strong>suum</strong></span> 
     </span>
    </p>
   </div>
   <div class='ocr_carea' id='block_1_88' title="bbox 2004 2786 3583 2857">
    <p class='ocr_par' dir='ltr' id='par_1_88' title="bbox 2004 2786 3583 2857">
     <span class='ocr_line' id='line_1_88' title="bbox 2004 2786 3583 2857; baseline -0.004 -14"><span class='ocrx_word' id='word_1_660' title='bbox 2004 2792 2073 2844; x_wconf 84' lang='lat' dir='ltr'><strong>ab</strong></span> <span class='ocrx_word' id='word_1_661' title='bbox 2108 2791 2264 2844; x_wconf 90' lang='lat' dir='ltr'><strong>initio</strong></span> <span class='ocrx_word' id='word_1_662' title='bbox 2297 2798 2351 2844; x_wconf 89' lang='lat' dir='ltr'><strong>et</strong></span> <span class='ocrx_word' id='word_1_663' title='bbox 2386 2801 2511 2843; x_wconf 85' lang='lat' dir='ltr'><strong>ante</strong></span> <span class='ocrx_word' id='word_1_664' title='bbox 2538 2792 2721 2843; x_wconf 89' lang='lat' dir='ltr'><strong>omnia</strong></span> <span class='ocrx_word' id='word_1_665' title='bbox 2750 2788 2948 2844; x_wconf 60' lang='lat' dir='ltr'><strong>sarcula</strong></span> <span class='ocrx_word' id='word_1_666' title='bbox 2966 2803 3213 2857; x_wconf 82' lang='lat' dir='ltr'><strong>regnum,</strong></span> <span class='ocrx_word' id='word_1_667' title='bbox 3245 2786 3424 2840; x_wconf 81' lang='lat' dir='ltr'><strong>factus</strong></span> <span class='ocrx_word' id='word_1_668' title='bbox 3453 2799 3583 2839; x_wconf 89' lang='lat' dir='ltr'><strong>vero</strong></span> 
     </span>
    </p>
   </div>
   <div class='ocr_carea' id='block_1_89' title="bbox 2003 2879 3584 2955">
    <p class='ocr_par' dir='ltr' id='par_1_89' title="bbox 2003 2879 3584 2955">
     <span class='ocr_line' id='line_1_89' title="bbox 2003 2879 3584 2955; baseline -0.006 -17"><span class='ocrx_word' id='word_1_669' title='bbox 2003 2894 2087 2940; x_wconf 90' lang='lat' dir='ltr'><strong>est</strong></span> <span class='ocrx_word' id='word_1_670' title='bbox 2120 2883 2339 2955; x_wconf 87' lang='lat' dir='ltr'><strong>quando</strong></span> <span class='ocrx_word' id='word_1_671' title='bbox 2368 2883 2679 2953; x_wconf 81' lang='lat' dir='ltr'><strong>pastoribus</strong></span> <span class='ocrx_word' id='word_1_672' title='bbox 2724 2881 2901 2948; x_wconf 88' lang='lat' dir='ltr'><strong>angeli</strong></span> <span class='ocrx_word' id='word_1_673' title='bbox 2943 2879 3405 2933; x_wconf 86' lang='lat' dir='ltr'><strong>annuntiaverunt</strong></span> <span class='ocrx_word' id='word_1_674' title='bbox 3447 2892 3584 2946; x_wconf 80' lang='lat' dir='ltr'><strong>gau-</strong></span> 
     </span>
    </p>
   </div>
   <div class='ocr_carea' id='block_1_90' title="bbox 2004 2967 3580 3045">
    <p class='ocr_par' dir='ltr' id='par_1_90' title="bbox 2004 2967 3580 3045">
     <span class='ocr_line' id='line_1_90' title="bbox 2004 2967 3580 3045; baseline -0.007 -16"><span class='ocrx_word' id='word_1_675' title='bbox 2004 2977 2154 3030; x_wconf 88' lang='lat' dir='ltr'><strong>dium</strong></span> <span class='ocrx_word' id='word_1_676' title='bbox 2190 2990 2467 3045; x_wconf 87' lang='lat' dir='ltr'><strong>magnum,</strong></span> <span class='ocrx_word' id='word_1_677' title='bbox 2498 2973 2643 3042; x_wconf 89' lang='lat' dir='ltr'><strong>quod</strong></span> <span class='ocrx_word' id='word_1_678' title='bbox 2676 2973 2919 3026; x_wconf 79' lang='lat' dir='ltr'><strong>futurum</strong></span> <span class='ocrx_word' id='word_1_679' title='bbox 2947 2977 3069 3024; x_wconf 88' lang='lat' dir='ltr'><strong>erat</strong></span> <span class='ocrx_word' id='word_1_680' title='bbox 3113 2969 3258 3022; x_wconf 90' lang='lat' dir='ltr'><strong>omni</strong></span> <span class='ocrx_word' id='word_1_681' title='bbox 3290 2968 3490 3037; x_wconf 90' lang='lat' dir='ltr'><strong>p0pulo</strong></span> <span class='ocrx_word' id='word_1_682' title='bbox 3528 2967 3580 3019; x_wconf 92' lang='lat' dir='ltr'><strong>in</strong></span> 
     </span>
    </p>
   </div>
   <div class='ocr_carea' id='block_1_91' title="bbox 2008 3053 3581 3134">
    <p class='ocr_par' dir='ltr' id='par_1_91' title="bbox 2008 3053 3581 3134">
     <span class='ocr_line' id='line_1_91' title="bbox 2008 3053 3581 3134; baseline -0.007 -13"><span class='ocrx_word' id='word_1_683' title='bbox 2008 3067 2309 3121; x_wconf 87' lang='lat' dir='ltr'><strong>Salvatoris</strong></span> <span class='ocrx_word' id='word_1_684' title='bbox 2353 3053 2658 3130; x_wconf 72' lang='lat' dir='ltr'><strong>nativitate,</strong></span> <span class='ocrx_word' id='word_1_685' title='bbox 2717 3066 2808 3134; x_wconf 70' lang='lat' dir='ltr'><strong>qui</strong></span> <span class='ocrx_word' id='word_1_686' title='bbox 2848 3075 2942 3129; x_wconf 76' lang='lat' dir='ltr'><strong>est,</strong></span> <span class='ocrx_word' id='word_1_687' title='bbox 2994 3062 3173 3130; x_wconf 89' lang='lat' dir='ltr'><strong>inquit</strong></span> <span class='ocrx_word' id='word_1_688' title='bbox 3215 3059 3498 3127; x_wconf 83' lang='lat' dir='ltr'><strong>Scriptura</strong></span> <span class='ocrx_word' id='word_1_689' title='bbox 3515 3057 3581 3117; x_wconf 68' lang='grc' dir='ltr'><strong>δ”,</strong></span> 
     </span>
    </p>
   </div>
   <div class='ocr_carea' id='block_1_92' title="bbox 2003 3148 3585 3225">
    <p class='ocr_par' dir='ltr' id='par_1_92' title="bbox 2003 3148 3585 3225">
     <span class='ocr_line' id='line_1_92' title="bbox 2003 3148 3585 3225; baseline -0.009 -13"><span class='ocrx_word' id='word_1_690' title='bbox 2003 3155 2244 3214; x_wconf 77' lang='lat' dir='ltr'><strong>Christus</strong></span> <span class='ocrx_word' id='word_1_691' title='bbox 2314 3157 2599 3220; x_wconf 89' lang='lat' dir='ltr'><strong>Dominus,</strong></span> <span class='ocrx_word' id='word_1_692' title='bbox 2660 3157 2906 3225; x_wconf 86' lang='lat' dir='ltr'><strong>apposite</strong></span> <span class='ocrx_word' id='word_1_693' title='bbox 2954 3162 3008 3208; x_wconf 87' lang='lat' dir='ltr'><strong>et</strong></span> <span class='ocrx_word' id='word_1_694' title='bbox 3060 3160 3420 3221; x_wconf 76' lang='lat' dir='ltr'><strong>congruenter</strong></span> <span class='ocrx_word' id='word_1_695' title='bbox 3481 3148 3585 3200; x_wconf 89' lang='lat' dir='ltr'><strong>hoc</strong></span> 
     </span>
    </p>
   </div>
   <div class='ocr_carea' id='block_1_93' title="bbox 2003 3240 3585 3319">
    <p class='ocr_par' dir='ltr' id='par_1_93' title="bbox 2003 3240 3585 3319">
     <span class='ocr_line' id='line_1_93' title="bbox 2003 3240 3585 3319; baseline -0.005 -17"><span class='ocrx_word' id='word_1_696' title='bbox 2003 3249 2295 3319; x_wconf 86' lang='lat' dir='ltr'><strong>insignitus</strong></span> <span class='ocrx_word' id='word_1_697' title='bbox 2342 3248 2584 3310; x_wconf 89' lang='lat' dir='ltr'><strong>nomine,</strong></span> <span class='ocrx_word' id='word_1_698' title='bbox 2631 3248 2786 3316; x_wconf 81' lang='lat' dir='ltr'><strong>juxta</strong></span> <span class='ocrx_word' id='word_1_699' title='bbox 2822 3245 3097 3301; x_wconf 86' lang='lat' dir='ltr'><strong>Gabrielis</strong></span> <span class='ocrx_word' id='word_1_700' title='bbox 3151 3243 3315 3298; x_wconf 87' lang='lat' dir='ltr'><strong>verba</strong></span> <span class='ocrx_word' id='word_1_701' title='bbox 3363 3240 3454 3310; x_wconf 89' lang='lat' dir='ltr'><strong>qui</strong></span> <span class='ocrx_word' id='word_1_702' title='bbox 3508 3240 3585 3294; x_wconf 64' lang='lat' dir='ltr'><strong>ait</strong></span> 
     </span>
    </p>
   </div>
   <div class='ocr_carea' id='block_1_94' title="bbox 2004 3337 3585 3410">
    <p class='ocr_par' dir='ltr' id='par_1_94' title="bbox 2004 3337 3585 3410">
     <span class='ocr_line' id='line_1_94' title="bbox 2004 3337 3585 3410; baseline -0.008 -16"><span class='ocrx_word' id='word_1_703' title='bbox 2004 3341 2269 3410; x_wconf 90' lang='lat' dir='ltr'><strong>Spiritum</strong></span> <span class='ocrx_word' id='word_1_704' title='bbox 2316 3350 2568 3395; x_wconf 89' lang='lat' dir='ltr'><strong>sanctum</strong></span> <span class='ocrx_word' id='word_1_705' title='bbox 2619 3339 2673 3394; x_wconf 93' lang='lat' dir='ltr'><strong>in</strong></span> <span class='ocrx_word' id='word_1_706' title='bbox 2703 3337 2982 3407; x_wconf 74' lang='lat' dir='ltr'><strong>Virginem</strong></span> <span class='ocrx_word' id='word_1_707' title='bbox 3014 3342 3491 3405; x_wconf 86' lang='lat' dir='ltr'><strong>superventurum,</strong></span> <span class='ocrx_word' id='word_1_708' title='bbox 3530 3341 3585 3384; x_wconf 90' lang='lat' dir='ltr'><strong>et</strong></span> 
     </span>
    </p>
   </div>
   <div class='ocr_carea' id='block_1_95' title="bbox 2004 3421 3583 3488">
    <p class='ocr_par' dir='ltr' id='par_1_95' title="bbox 2004 3421 3583 3488">
     <span class='ocr_line' id='line_1_95' title="bbox 2004 3421 3583 3488; baseline -0.006 -4"><span class='ocrx_word' id='word_1_709' title='bbox 2004 3432 2271 3487; x_wconf 83' lang='lat' dir='ltr'><strong>Altissimi</strong></span> <span class='ocrx_word' id='word_1_710' title='bbox 2326 3431 2582 3485; x_wconf 84' lang='lat' dir='ltr'><strong>virtutem</strong></span> <span class='ocrx_word' id='word_1_711' title='bbox 2649 3431 2823 3485; x_wconf 86' lang='lat' dir='ltr'><strong>eidem</strong></span> <span class='ocrx_word' id='word_1_712' title='bbox 2882 3423 3419 3482; x_wconf 78' lang='lat' dir='ltr'><strong>obumbraturam“.</strong></span> <span class='ocrx_word' id='word_1_713' title='bbox 3477 3421 3583 3488; x_wconf 85' lang='lat' dir='ltr'><strong>Qui</strong></span> 
     </span>
    </p>
   </div>
   <div class='ocr_carea' id='block_1_96' title="bbox 2002 3517 3581 3591">
    <p class='ocr_par' dir='ltr' id='par_1_96' title="bbox 2002 3517 3581 3591">
     <span class='ocr_line' id='line_1_96' title="bbox 2002 3517 3581 3591; baseline -0.005 -15"><span class='ocrx_word' id='word_1_714' title='bbox 2002 3522 2172 3591; x_wconf 87' lang='lat' dir='ltr'><strong>igitur</strong></span> <span class='ocrx_word' id='word_1_715' title='bbox 2227 3521 2329 3575; x_wconf 94' lang='lat' dir='ltr'><strong>hoc</strong></span> <span class='ocrx_word' id='word_1_716' title='bbox 2377 3531 2540 3591; x_wconf 88' lang='lat' dir='ltr'><strong>pacto</strong></span> <span class='ocrx_word' id='word_1_717' title='bbox 2582 3521 2800 3590; x_wconf 83' lang='lat' dir='ltr'><strong>genitus</strong></span> <span class='ocrx_word' id='word_1_718' title='bbox 2833 3527 2937 3583; x_wconf 88' lang='lat' dir='ltr'><strong>est,</strong></span> <span class='ocrx_word' id='word_1_719' title='bbox 2997 3527 3112 3571; x_wconf 91' lang='lat' dir='ltr'><strong>tum</strong></span> <span class='ocrx_word' id='word_1_720' title='bbox 3161 3517 3412 3572; x_wconf 86' lang='lat' dir='ltr'><strong>Christus</strong></span> <span class='ocrx_word' id='word_1_721' title='bbox 3466 3522 3581 3568; x_wconf 89' lang='lat' dir='ltr'><strong>tum</strong></span> 
     </span>
    </p>
   </div>
   <div class='ocr_carea' id='block_1_97' title="bbox 2003 3607 3585 3681">
    <p class='ocr_par' dir='ltr' id='par_1_97' title="bbox 2003 3607 3585 3681">
     <span class='ocr_line' id='line_1_97' title="bbox 2003 3607 3585 3681; baseline -0.007 -15"><span class='ocrx_word' id='word_1_722' title='bbox 2003 3613 2268 3668; x_wconf 85' lang='lat' dir='ltr'><strong>Dominus</strong></span> <span class='ocrx_word' id='word_1_723' title='bbox 2303 3612 2428 3681; x_wconf 89' lang='lat' dir='ltr'><strong>jure</strong></span> <span class='ocrx_word' id='word_1_724' title='bbox 2459 3613 2654 3666; x_wconf 91' lang='lat' dir='ltr'><strong>merito</strong></span> <span class='ocrx_word' id='word_1_725' title='bbox 2705 3611 2935 3674; x_wconf 87' lang='lat' dir='ltr'><strong>dicitur;</strong></span> <span class='ocrx_word' id='word_1_726' title='bbox 2974 3608 3239 3663; x_wconf 89' lang='lat' dir='ltr'><strong>Dominus</strong></span> <span class='ocrx_word' id='word_1_727' title='bbox 3267 3607 3484 3677; x_wconf 88' lang='lat' dir='ltr'><strong>quidem</strong></span> <span class='ocrx_word' id='word_1_728' title='bbox 3516 3609 3585 3658; x_wconf 89' lang='lat' dir='ltr'><strong>ob</strong></span> 
     </span>
    </p>
   </div>
   <div class='ocr_carea' id='block_1_98' title="bbox 2003 3700 3586 3770">
    <p class='ocr_par' dir='ltr' id='par_1_98' title="bbox 2003 3700 3586 3770">
     <span class='ocr_line' id='line_1_98' title="bbox 2003 3700 3586 3770; baseline -0.008 -10"><span class='ocrx_word' id='word_1_729' title='bbox 2003 3706 2258 3761; x_wconf 89' lang='lat' dir='ltr'><strong>virtutem</strong></span> <span class='ocrx_word' id='word_1_730' title='bbox 2290 3705 2578 3767; x_wconf 83' lang='lat' dir='ltr'><strong>Altissimi,</strong></span> <span class='ocrx_word' id='word_1_731' title='bbox 2617 3703 2871 3758; x_wconf 88' lang='lat' dir='ltr'><strong>Christus</strong></span> <span class='ocrx_word' id='word_1_732' title='bbox 2901 3717 3029 3756; x_wconf 87' lang='lat' dir='ltr'><strong>vero</strong></span> <span class='ocrx_word' id='word_1_733' title='bbox 3056 3701 3129 3755; x_wconf 87' lang='lat' dir='ltr'><strong>ob</strong></span> <span class='ocrx_word' id='word_1_734' title='bbox 3157 3700 3424 3770; x_wconf 77' lang='lat' dir='ltr'><strong>Spiritum</strong></span> <span class='ocrx_word' id='word_1_735' title='bbox 3457 3712 3586 3752; x_wconf 67' lang='lat' dir='ltr'><strong>san~</strong></span> 
     </span>
    </p>
   </div>
   <div class='ocr_carea' id='block_1_99' title="bbox 2003 3793 3583 3868">
    <p class='ocr_par' dir='ltr' id='par_1_99' title="bbox 2003 3793 3583 3868">
     <span class='ocr_line' id='line_1_99' title="bbox 2003 3793 3583 3868; baseline -0.001 -18"><span class='ocrx_word' id='word_1_736' title='bbox 2003 3805 2171 3851; x_wconf 81' lang='lat' dir='ltr'><strong>ctum.</strong></span> <span class='ocrx_word' id='word_1_737' title='bbox 2203 3797 2389 3868; x_wconf 86' lang='lat' dir='ltr'><strong>Neque</strong></span> <span class='ocrx_word' id='word_1_738' title='bbox 2430 3797 2574 3850; x_wconf 89' lang='lat' dir='ltr'><strong>enim</strong></span> <span class='ocrx_word' id='word_1_739' title='bbox 2636 3806 2766 3849; x_wconf 90' lang='lat' dir='ltr'><strong>tunc</strong></span> <span class='ocrx_word' id='word_1_740' title='bbox 2806 3796 3027 3864; x_wconf 87' lang='lat' dir='ltr'><strong>ungitur</strong></span> <span class='ocrx_word' id='word_1_741' title='bbox 3067 3793 3158 3862; x_wconf 91' lang='lat' dir='ltr'><strong>qui</strong></span> <span class='ocrx_word' id='word_1_742' title='bbox 3205 3801 3440 3846; x_wconf 59' lang='lat' dir='ltr'><strong>aeternus</strong></span> <span class='ocrx_word' id='word_1_743' title='bbox 3478 3798 3583 3868; x_wconf 80' lang='lat' dir='ltr'><strong>est.</strong></span> 
     </span>
    </p>
   </div>
   <div class='ocr_carea' id='block_1_100' title="bbox 2005 3864 3587 3951">
    <p class='ocr_par' dir='ltr' id='par_1_100' title="bbox 2005 3864 3587 3951">
     <span class='ocr_line' id='line_1_100' title="bbox 2005 3864 3587 3951; baseline -0.008 -9"><span class='ocrx_word' id='word_1_744' title='bbox 2005 3887 2100 3942; x_wconf 88' lang='lat' dir='ltr'><strong>sed</strong></span> <span class='ocrx_word' id='word_1_745' title='bbox 2133 3886 2224 3940; x_wconf 88' lang='lat' dir='ltr'><strong>ille</strong></span> <span class='ocrx_word' id='word_1_746' title='bbox 2255 3887 2321 3940; x_wconf 91' lang='lat' dir='ltr'><strong>de</strong></span> <span class='ocrx_word' id='word_1_747' title='bbox 2351 3902 2458 3949; x_wconf 85' lang='lat' dir='ltr'><strong>quo</strong></span> <span class='ocrx_word' id='word_1_748' title='bbox 2491 3886 2714 3944; x_wconf 89' lang='lat' dir='ltr'><strong>dicitur,</strong></span> <span class='ocrx_word' id='word_1_749' title='bbox 2750 3883 2920 3938; x_wconf 78' lang='lat' dir='ltr'><strong>Filius</strong></span> <span class='ocrx_word' id='word_1_750' title='bbox 2956 3900 3099 3936; x_wconf 79' lang='lat' dir='ltr'><strong>meus</strong></span> <span class='ocrx_word' id='word_1_751' title='bbox 3133 3899 3186 3936; x_wconf 76' lang='lat' dir='ltr'><strong>es</strong></span> <span class='ocrx_word' id='word_1_752' title='bbox 3211 3893 3287 3942; x_wconf 82' lang='lat' dir='ltr'><strong>tu,</strong></span> <span class='ocrx_word' id='word_1_753' title='bbox 3314 3897 3406 3951; x_wconf 87' lang='lat' dir='ltr'><strong>ego</strong></span> <span class='ocrx_word' id='word_1_754' title='bbox 3434 3864 3587 3932; x_wconf 79' lang='lat' dir='ltr'><strong>hodie</strong></span> 
     </span>
    </p>
   </div>
   <div class='ocr_carea' id='block_1_101' title="bbox 2004 3971 3589 4052">
    <p class='ocr_par' dir='ltr' id='par_1_101' title="bbox 2004 3971 3589 4052">
     <span class='ocr_line' id='line_1_101' title="bbox 2004 3971 3589 4052; baseline -0.005 -22"><span class='ocrx_word' id='word_1_755' title='bbox 2004 3980 2159 4052; x_wconf 76' lang='lat' dir='ltr'><strong>genui</strong></span> <span class='ocrx_word' id='word_1_756' title='bbox 2189 3987 2237 4031; x_wconf 86' lang='lat' dir='ltr'><strong>te</strong></span> <span class='ocrx_word' id='word_1_757' title='bbox 2257 3978 2326 4031; x_wconf 80' lang='lat'><strong>“.</strong></span> <span class='ocrx_word' id='word_1_758' title='bbox 2359 3976 2476 4030; x_wconf 79' lang='lat' dir='ltr'><strong>Vox</strong></span> <span class='ocrx_word' id='word_1_759' title='bbox 2515 3976 2660 4030; x_wconf 90' lang='lat' dir='ltr'><strong>enim</strong></span> <span class='ocrx_word' id='word_1_760' title='bbox 2717 3975 2885 4029; x_wconf 81' lang='lat' dir='ltr'><strong>Hodie</strong></span> <span class='ocrx_word' id='word_1_761' title='bbox 2933 3975 3204 4044; x_wconf 79' lang='lat' dir='ltr'><strong>signiﬁcat</strong></span> <span class='ocrx_word' id='word_1_762' title='bbox 3250 3972 3395 4042; x_wconf 94' lang='lat' dir='ltr'><strong>quod</strong></span> <span class='ocrx_word' id='word_1_763' title='bbox 3444 3971 3589 4024; x_wconf 84' lang='lat' dir='ltr'><strong>inter</strong></span> 
     </span>
    </p>
   </div>
   <div class='ocr_carea' id='block_1_102' title="bbox 2005 4062 3584 4140">
    <p class='ocr_par' dir='ltr' id='par_1_102' title="bbox 2005 4062 3584 4140">
     <span class='ocr_line' id='line_1_102' title="bbox 2005 4062 3584 4140; baseline -0.006 -16"><span class='ocrx_word' id='word_1_764' title='bbox 2005 4071 2142 4125; x_wconf 90' lang='lat' dir='ltr'><strong>duas</strong></span> <span class='ocrx_word' id='word_1_765' title='bbox 2168 4070 2429 4140; x_wconf 87' lang='lat' dir='ltr'><strong>temporis</strong></span> <span class='ocrx_word' id='word_1_766' title='bbox 2465 4077 2669 4139; x_wconf 85' lang='lat' dir='ltr'><strong>partes,</strong></span> <span class='ocrx_word' id='word_1_767' title='bbox 2707 4068 2964 4138; x_wconf 71' lang='lat' dir='ltr'><strong>praeteriti</strong></span> <span class='ocrx_word' id='word_1_768' title='bbox 2997 4067 3250 4120; x_wconf 90' lang='lat' dir='ltr'><strong>videlicet</strong></span> <span class='ocrx_word' id='word_1_769' title='bbox 3287 4073 3342 4118; x_wconf 82' lang='lat' dir='ltr'><strong>et</strong></span> <span class='ocrx_word' id='word_1_770' title='bbox 3393 4062 3584 4122; x_wconf 84' lang='lat' dir='ltr'><strong>l&#39;uturi,</strong></span> 
     </span>
    </p>
   </div>
   <div class='ocr_carea' id='block_1_103' title="bbox 2008 4155 3586 4228">
    <p class='ocr_par' dir='ltr' id='par_1_103' title="bbox 2008 4155 3586 4228">
     <span class='ocr_line' id='line_1_103' title="bbox 2008 4155 3586 4228; baseline -0.006 -12"><span class='ocrx_word' id='word_1_771' title='bbox 2008 4163 2244 4218; x_wconf 91' lang='lat' dir='ltr'><strong>medium</strong></span> <span class='ocrx_word' id='word_1_772' title='bbox 2275 4171 2379 4218; x_wconf 88' lang='lat' dir='ltr'><strong>est.</strong></span> <span class='ocrx_word' id='word_1_773' title='bbox 2416 4162 2752 4216; x_wconf 66' lang='lat' dir='ltr'><strong>chulorum</strong></span> <span class='ocrx_word' id='word_1_774' title='bbox 2791 4176 2923 4215; x_wconf 81' lang='lat' dir='ltr'><strong>vero</strong></span> <span class='ocrx_word' id='word_1_775' title='bbox 2953 4161 3203 4214; x_wconf 87' lang='lat' dir='ltr'><strong>conditor</strong></span> <span class='ocrx_word' id='word_1_776' title='bbox 3231 4155 3507 4228; x_wconf 90' lang='lat' dir='ltr'><strong>quomodo</strong></span> <span class='ocrx_word' id='word_1_777' title='bbox 3532 4155 3586 4207; x_wconf 91' lang='lat' dir='ltr'><strong>in</strong></span> 
     </span>
    </p>
   </div>
   <div class='ocr_carea' id='block_1_104' title="bbox 2007 4246 3589 4325">
    <p class='ocr_par' dir='ltr' id='par_1_104' title="bbox 2007 4246 3589 4325">
     <span class='ocr_line' id='line_1_104' title="bbox 2007 4246 3589 4325; baseline -0.007 -17"><span class='ocrx_word' id='word_1_778' title='bbox 2007 4255 2188 4325; x_wconf 90' lang='lat' dir='ltr'><strong>aliqua</strong></span> <span class='ocrx_word' id='word_1_779' title='bbox 2241 4255 2502 4325; x_wconf 87' lang='lat' dir='ltr'><strong>temporis</strong></span> <span class='ocrx_word' id='word_1_780' title='bbox 2561 4261 2714 4324; x_wconf 89' lang='lat' dir='ltr'><strong>parte</strong></span> <span class='ocrx_word' id='word_1_781' title='bbox 2763 4254 2912 4308; x_wconf 89' lang='lat' dir='ltr'><strong>nasci</strong></span> <span class='ocrx_word' id='word_1_782' title='bbox 2967 4252 3116 4322; x_wconf 88' lang='lat' dir='ltr'><strong>atqui</strong></span> <span class='ocrx_word' id='word_1_783' title='bbox 3177 4252 3306 4322; x_wconf 82' lang='lat' dir='ltr'><strong>ungi</strong></span> <span class='ocrx_word' id='word_1_784' title='bbox 3367 4246 3589 4319; x_wconf 85' lang='lat' dir='ltr'><strong>potest?</strong></span> 
     </span>
    </p>
   </div>
   <div class='ocr_carea' id='block_1_105' title="bbox 2005 4344 3590 4413">
    <p class='ocr_par' dir='ltr' id='par_1_105' title="bbox 2005 4344 3590 4413">
     <span class='ocr_line' id='line_1_105' title="bbox 2005 4344 3590 4413; baseline -0.006 -12"><span class='ocrx_word' id='word_1_785' title='bbox 2005 4347 2370 4413; x_wconf 86' lang='lat' dir='ltr'><strong>Quamobrem</strong></span> <span class='ocrx_word' id='word_1_786' title='bbox 2402 4347 2660 4400; x_wconf 85' lang='lat' dir='ltr'><strong>divinitas</strong></span> <span class='ocrx_word' id='word_1_787' title='bbox 2694 4354 2747 4398; x_wconf 90' lang='lat' dir='ltr'><strong>et</strong></span> <span class='ocrx_word' id='word_1_788' title='bbox 2792 4360 2900 4398; x_wconf 89' lang='lat' dir='ltr'><strong>non</strong></span> <span class='ocrx_word' id='word_1_789' title='bbox 2948 4344 3172 4401; x_wconf 86' lang='lat' dir='ltr'><strong>interiit.</strong></span> <span class='ocrx_word' id='word_1_790' title='bbox 3207 4352 3261 4397; x_wconf 88' lang='lat' dir='ltr'><strong>et</strong></span> <span class='ocrx_word' id='word_1_791' title='bbox 3290 4352 3467 4396; x_wconf 85' lang='lat' dir='ltr'><strong>tamen</strong></span> <span class='ocrx_word' id='word_1_792' title='bbox 3498 4356 3590 4393; x_wconf 64' lang='lat' dir='ltr'><strong>req</strong></span> 
     </span>
    </p>
   </div>
   <div class='ocr_carea' id='block_1_106' title="bbox 2008 4434 3588 4504">
    <p class='ocr_par' dir='ltr' id='par_1_106' title="bbox 2008 4434 3588 4504">
     <span class='ocr_line' id='line_1_106' title="bbox 2008 4434 3588 4504; baseline 0 -13"><span class='ocrx_word' id='word_1_793' title='bbox 2008 4438 2284 4502; x_wconf 73' lang='lat' dir='ltr'><strong>surrexit;</strong></span> <span class='ocrx_word' id='word_1_794' title='bbox 2321 4451 2427 4489; x_wconf 90' lang='lat' dir='ltr'><strong>non</strong></span> <span class='ocrx_word' id='word_1_795' title='bbox 2453 4436 2677 4493; x_wconf 86' lang='lat' dir='ltr'><strong>interiit.</strong></span> <span class='ocrx_word' id='word_1_796' title='bbox 2708 4436 2967 4504; x_wconf 86' lang='lat' dir='ltr'><strong>quoniam</strong></span> <span class='ocrx_word' id='word_1_797' title='bbox 2996 4434 3140 4504; x_wconf 86' lang='lat' dir='ltr'><strong>quod</strong></span> <span class='ocrx_word' id='word_1_798' title='bbox 3171 4436 3588 4504; x_wconf 90' lang='lat' dir='ltr'><strong>compositionis</strong></span> 
     </span>
    </p>
   </div>
   <div class='ocr_carea' id='block_1_107' title="bbox 2009 4527 3590 4597">
    <p class='ocr_par' dir='ltr' id='par_1_107' title="bbox 2009 4527 3590 4597">
     <span class='ocr_line' id='line_1_107' title="bbox 2009 4527 3590 4597; baseline -0.002 -15"><span class='ocrx_word' id='word_1_799' title='bbox 2009 4543 2206 4597; x_wconf 74' lang='lat' dir='ltr'><strong>expers</strong></span> <span class='ocrx_word' id='word_1_800' title='bbox 2257 4534 2342 4581; x_wconf 86' lang='lat' dir='ltr'><strong>est</strong></span> <span class='ocrx_word' id='word_1_801' title='bbox 2386 4542 2496 4580; x_wconf 91' lang='lat' dir='ltr'><strong>non</strong></span> <span class='ocrx_word' id='word_1_802' title='bbox 2528 4527 2885 4593; x_wconf 86' lang='lat' dir='ltr'><strong>dissolvitur;</strong></span> <span class='ocrx_word' id='word_1_803' title='bbox 2942 4527 3242 4581; x_wconf 75' lang='lat' dir='ltr'><strong>resurrexit</strong></span> <span class='ocrx_word' id='word_1_804' title='bbox 3273 4542 3421 4586; x_wconf 87' lang='lat' dir='ltr'><strong>vero,</strong></span> <span class='ocrx_word' id='word_1_805' title='bbox 3455 4543 3590 4595; x_wconf 85' lang='lat' dir='ltr'><strong>quo-</strong></span> 
     </span>
    </p>
   </div>
   <div class='ocr_carea' id='block_1_108' title="bbox 2009 4616 3585 4688">
    <p class='ocr_par' dir='ltr' id='par_1_108' title="bbox 2009 4616 3585 4688">
     <span class='ocr_line' id='line_1_108' title="bbox 2009 4616 3585 4688; baseline 0 -15"><span class='ocrx_word' id='word_1_806' title='bbox 2009 4618 2155 4673; x_wconf 85' lang='lat' dir='ltr'><strong>niam</strong></span> <span class='ocrx_word' id='word_1_807' title='bbox 2183 4619 2235 4671; x_wconf 91' lang='lat' dir='ltr'><strong>in</strong></span> <span class='ocrx_word' id='word_1_808' title='bbox 2267 4634 2332 4672; x_wconf 88' lang='lat' dir='ltr'><strong>eo</strong></span> <span class='ocrx_word' id='word_1_809' title='bbox 2358 4618 2502 4686; x_wconf 91' lang='lat' dir='ltr'><strong>quod</strong></span> <span class='ocrx_word' id='word_1_810' title='bbox 2539 4618 2868 4672; x_wconf 78' lang='lat' dir='ltr'><strong>dissolutum</strong></span> <span class='ocrx_word' id='word_1_811' title='bbox 2900 4616 3003 4671; x_wconf 85' lang='lat' dir='ltr'><strong>fuit</strong></span> <span class='ocrx_word' id='word_1_812' title='bbox 3036 4617 3330 4682; x_wconf 83' lang='lat' dir='ltr'><strong>exsistens,</strong></span> <span class='ocrx_word' id='word_1_813' title='bbox 3363 4616 3412 4671; x_wconf 92' lang='lat' dir='ltr'><strong>id</strong></span> <span class='ocrx_word' id='word_1_814' title='bbox 3443 4620 3585 4688; x_wconf 91' lang='lat' dir='ltr'><strong>quod</strong></span> 
     </span>
    </p>
   </div>
   <div class='ocr_carea' id='block_1_109' title="bbox 2011 4709 3588 4780">
    <p class='ocr_par' dir='ltr' id='par_1_109' title="bbox 2011 4709 3588 4780">
     <span class='ocr_line' id='line_1_109' title="bbox 2011 4709 3588 4780; baseline -0.001 -15"><span class='ocrx_word' id='word_1_815' title='bbox 2011 4710 2310 4766; x_wconf 88' lang='lat' dir='ltr'><strong>secundum</strong></span> <span class='ocrx_word' id='word_1_816' title='bbox 2366 4711 2616 4765; x_wconf 83' lang='lat' dir='ltr'><strong>humanae</strong></span> <span class='ocrx_word' id='word_1_817' title='bbox 2670 4717 2879 4764; x_wconf 65' lang='lat' dir='ltr'><strong>naturae</strong></span> <span class='ocrx_word' id='word_1_818' title='bbox 2930 4709 3076 4780; x_wconf 85' lang='lat' dir='ltr'><strong>leges</strong></span> <span class='ocrx_word' id='word_1_819' title='bbox 3127 4709 3419 4772; x_wconf 90' lang='lat' dir='ltr'><strong>ceciderat,</strong></span> <span class='ocrx_word' id='word_1_820' title='bbox 3481 4726 3588 4763; x_wconf 85' lang='lat' dir='ltr'><strong>una</strong></span> 
     </span>
    </p>
   </div>
   <div class='ocr_carea' id='block_1_110' title="bbox 2012 4801 3593 4871">
    <p class='ocr_par' dir='ltr' id='par_1_110' title="bbox 2012 4801 3593 4871">
     <span class='ocr_line' id='line_1_110' title="bbox 2012 4801 3593 4871; baseline -0.004 -12"><span class='ocrx_word' id='word_1_821' title='bbox 2012 4820 2196 4859; x_wconf 89' lang='lat' dir='ltr'><strong>secum</strong></span> <span class='ocrx_word' id='word_1_822' title='bbox 2225 4812 2284 4858; x_wconf 87' lang='lat' dir='ltr'><strong>ut</strong></span> <span class='ocrx_word' id='word_1_823' title='bbox 2322 4804 2684 4859; x_wconf 89' lang='lat' dir='ltr'><strong>suscitaretur</strong></span> <span class='ocrx_word' id='word_1_824' title='bbox 2713 4801 2912 4864; x_wconf 73' lang='lat' dir='ltr'><strong>ell&#39;ecit,</strong></span> <span class='ocrx_word' id='word_1_825' title='bbox 2955 4813 3034 4866; x_wconf 93' lang='lat' dir='ltr'><strong>ut,</strong></span> <span class='ocrx_word' id='word_1_826' title='bbox 3075 4803 3131 4856; x_wconf 90' lang='lat' dir='ltr'><strong>in</strong></span> <span class='ocrx_word' id='word_1_827' title='bbox 3173 4810 3402 4871; x_wconf 90' lang='lat' dir='ltr'><strong>utraque</strong></span> <span class='ocrx_word' id='word_1_828' title='bbox 3437 4810 3593 4871; x_wconf 83' lang='lat' dir='ltr'><strong>parte</strong></span> 
     </span>
    </p>
   </div>
   <div class='ocr_carea' id='block_1_111' title="bbox 2012 4894 3592 4966">
    <p class='ocr_par' dir='ltr' id='par_1_111' title="bbox 2012 4894 3592 4966">
     <span class='ocr_line' id='line_1_111' title="bbox 2012 4894 3592 4966; baseline -0.003 -16"><span class='ocrx_word' id='word_1_829' title='bbox 2012 4906 2224 4951; x_wconf 66' lang='lat' dir='ltr'><strong>natura:</strong></span> <span class='ocrx_word' id='word_1_830' title='bbox 2273 4911 2385 4951; x_wconf 67' lang='lat' dir='ltr'><strong>suae</strong></span> <span class='ocrx_word' id='word_1_831' title='bbox 2423 4895 2788 4966; x_wconf 84' lang='lat' dir='ltr'><strong>proprietates</strong></span> <span class='ocrx_word' id='word_1_832' title='bbox 2827 4894 3119 4949; x_wconf 77' lang='lat' dir='ltr'><strong>exhibente</strong></span> <span class='ocrx_word' id='word_1_833' title='bbox 3169 4907 3414 4955; x_wconf 85' lang='lat' dir='ltr'><strong>manens,</strong></span> <span class='ocrx_word' id='word_1_834' title='bbox 3470 4908 3592 4947; x_wconf 90' lang='lat' dir='ltr'><strong>cor-</strong></span> 
     </span>
    </p>
   </div>
   <div class='ocr_carea' id='block_1_112' title="bbox 2013 4985 3592 5058">
    <p class='ocr_par' dir='ltr' id='par_1_112' title="bbox 2013 4985 3592 5058">
     <span class='ocr_line' id='line_1_112' title="bbox 2013 4985 3592 5058; baseline -0.004 -17"><span class='ocrx_word' id='word_1_835' title='bbox 2013 5004 2143 5058; x_wconf 90' lang='lat' dir='ltr'><strong>pore</strong></span> <span class='ocrx_word' id='word_1_836' title='bbox 2173 4989 2390 5058; x_wconf 90' lang='lat' dir='ltr'><strong>quidem</strong></span> <span class='ocrx_word' id='word_1_837' title='bbox 2426 5001 2718 5055; x_wconf 90' lang='lat' dir='ltr'><strong>corporum</strong></span> <span class='ocrx_word' id='word_1_838' title='bbox 2751 4993 2982 5051; x_wconf 68' lang='lat' dir='ltr'><strong>naturaa,</strong></span> <span class='ocrx_word' id='word_1_839' title='bbox 3011 4985 3190 5039; x_wconf 90' lang='lat' dir='ltr'><strong>anima</strong></span> <span class='ocrx_word' id='word_1_840' title='bbox 3225 5000 3352 5038; x_wconf 89' lang='lat' dir='ltr'><strong>vero</strong></span> <span class='ocrx_word' id='word_1_841' title='bbox 3385 4985 3592 5037; x_wconf 53' lang='lat' dir='ltr'><strong>animm</strong></span> 
     </span>
    </p>
   </div>
   <div class='ocr_carea' id='block_1_113' title="bbox 2016 5075 3588 5145">
    <p class='ocr_par' dir='ltr' id='par_1_113' title="bbox 2016 5075 3588 5145">
     <span class='ocr_line' id='line_1_113' title="bbox 2016 5075 3588 5145; baseline -0.005 -12"><span class='ocrx_word' id='word_1_842' title='bbox 2016 5095 2136 5134; x_wconf 88' lang='lat' dir='ltr'><strong>rum</strong></span> <span class='ocrx_word' id='word_1_843' title='bbox 2190 5079 2373 5131; x_wconf 88' lang='lat' dir='ltr'><strong>itidem</strong></span> <span class='ocrx_word' id='word_1_844' title='bbox 2427 5085 2636 5131; x_wconf 67' lang='lat' dir='ltr'><strong>natura:</strong></span> <span class='ocrx_word' id='word_1_845' title='bbox 2688 5077 3034 5142; x_wconf 89' lang='lat' dir='ltr'><strong>mederetur;</strong></span> <span class='ocrx_word' id='word_1_846' title='bbox 3089 5085 3144 5129; x_wconf 88' lang='lat' dir='ltr'><strong>et</strong></span> <span class='ocrx_word' id='word_1_847' title='bbox 3188 5091 3402 5138; x_wconf 89' lang='lat' dir='ltr'><strong>rursus,</strong></span> <span class='ocrx_word' id='word_1_848' title='bbox 3443 5075 3588 5145; x_wconf 87' lang='lat' dir='ltr'><strong>quod</strong></span> 
     </span>
    </p>
   </div>
   <div class='ocr_carea' id='block_1_114' title="bbox 2015 5169 3590 5242">
    <p class='ocr_par' dir='ltr' id='par_1_114' title="bbox 2015 5169 3590 5242">
     <span class='ocr_line' id='line_1_114' title="bbox 2015 5169 3590 5242; baseline -0.005 -15"><span class='ocrx_word' id='word_1_849' title='bbox 2015 5179 2326 5242; x_wconf 80' lang='lat' dir='ltr'><strong>separatum</strong></span> <span class='ocrx_word' id='word_1_850' title='bbox 2358 5178 2498 5236; x_wconf 87' lang='lat' dir='ltr'><strong>erat,</strong></span> <span class='ocrx_word' id='word_1_851' title='bbox 2530 5186 2626 5240; x_wconf 90' lang='lat' dir='ltr'><strong>per</strong></span> <span class='ocrx_word' id='word_1_852' title='bbox 2670 5170 3019 5241; x_wconf 86' lang='lat' dir='ltr'><strong>semetipsam</strong></span> <span class='ocrx_word' id='word_1_853' title='bbox 3055 5170 3268 5233; x_wconf 79' lang='lat' dir='ltr'><strong>uniens,</strong></span> <span class='ocrx_word' id='word_1_854' title='bbox 3313 5169 3367 5223; x_wconf 90' lang='lat' dir='ltr'><strong>in</strong></span> <span class='ocrx_word' id='word_1_855' title='bbox 3400 5184 3464 5222; x_wconf 92' lang='lat' dir='ltr'><strong>eo</strong></span> <span class='ocrx_word' id='word_1_856' title='bbox 3496 5169 3590 5236; x_wconf 85' lang='lat' dir='ltr'><strong>qui</strong></span> 
     </span>
    </p>
   </div>
   <div class='ocr_carea' id='block_1_115' title="bbox 1403 5348 2193 5413">
    <p class='ocr_par' dir='ltr' id='par_1_115' title="bbox 1403 5348 2193 5413">
     <span class='ocr_line' id='line_1_115' title="bbox 1403 5348 2193 5413; baseline -0.005 -8"><span class='ocrx_word' id='word_1_857' title='bbox 1403 5349 1449 5382; x_wconf 84' lang='grc'><strong>⁸⁸</strong></span> <span class='ocrx_word' id='word_1_858' title='bbox 1476 5350 1606 5405; x_wconf 89' lang='lat' dir='ltr'><strong>ibid.</strong></span> <span class='ocrx_word' id='word_1_859' title='bbox 1636 5350 1726 5405; x_wconf 77' lang='lat'><strong>55.</strong></span> <span class='ocrx_word' id='word_1_860' title='bbox 1803 5351 1844 5384; x_wconf 71' lang='grc' dir='ltr'>’ί</span> <span class='ocrx_word' id='word_1_861' title='bbox 1880 5348 2022 5405; x_wconf 81' lang='lat' dir='ltr'><strong>Psal.</strong></span> <span class='ocrx_word' id='word_1_862' title='bbox 2054 5365 2114 5413; x_wconf 86' lang='grc' dir='ltr'><strong>ιι,</strong></span> <span class='ocrx_word' id='word_1_863' title='bbox 2143 5352 2193 5408; x_wconf 84' lang='lat'><strong>7.</strong></span> 
     </span>
    </p>
   </div>
   <div class='ocr_carea' id='block_1_116' title="bbox 2095 5523 3585 5596">
    <p class='ocr_par' dir='ltr' id='par_1_116' title="bbox 2095 5523 3585 5596">
     <span class='ocr_line' id='line_1_116' title="bbox 2095 5523 3585 5596; baseline -0.001 -17"><span class='ocrx_word' id='word_1_864' title='bbox 2095 5528 2213 5596; x_wconf 65' lang='lat'><strong>(45)</strong></span> <span class='ocrx_word' id='word_1_865' title='bbox 2249 5527 2404 5581; x_wconf 87' lang='lat' dir='ltr'><strong>Corr.</strong></span> <span class='ocrx_word' id='word_1_866' title='bbox 2423 5528 2450 5580; x_wconf 87' lang='grc' dir='ltr'>ὃ</span> <span class='ocrx_word' id='word_1_867' title='bbox 2477 5528 2612 5588; x_wconf 83' lang='grc' dir='ltr'>ἐστι,</span> <span class='ocrx_word' id='word_1_868' title='bbox 2639 5541 2800 5579; x_wconf 85' lang='lat' dir='ltr'><strong>secus</strong></span> <span class='ocrx_word' id='word_1_869' title='bbox 2822 5533 2988 5595; x_wconf 89' lang='lat' dir='ltr'><strong>atque</strong></span> <span class='ocrx_word' id='word_1_870' title='bbox 3019 5541 3172 5580; x_wconf 82' lang='lat' dir='ltr'><strong>sacer</strong></span> <span class='ocrx_word' id='word_1_871' title='bbox 3200 5530 3379 5578; x_wconf 75' lang='lat' dir='ltr'><strong>textus</strong></span> <span class='ocrx_word' id='word_1_872' title='bbox 3403 5523 3585 5582; x_wconf 79' lang='lat' dir='ltr'><strong>habet.</strong></span> 
     </span>
    </p>
   </div>
   <div class='ocr_carea' id='block_1_117' title="bbox 2095 5598 2816 5668">
    <p class='ocr_par' dir='ltr' id='par_1_117' title="bbox 2095 5598 2816 5668">
     <span class='ocr_line' id='line_1_117' title="bbox 2095 5598 2816 5668; baseline -0.001 -18"><span class='ocrx_word' id='word_1_873' title='bbox 2095 5599 2206 5668; x_wconf 69' lang='grc'><strong>(46)</strong></span> <span class='ocrx_word' id='word_1_874' title='bbox 2239 5598 2398 5652; x_wconf 90' lang='lat' dir='ltr'><strong>Corr.</strong></span> <span class='ocrx_word' id='word_1_875' title='bbox 2432 5599 2525 5668; x_wconf 76' lang='grc' dir='ltr'><strong>καὶ</strong></span> <span class='ocrx_word' id='word_1_876' title='bbox 2563 5598 2816 5667; x_wconf 80' lang='grc' dir='ltr'>Χριστός.</span> 
     </span>
    </p>
   </div>
   <div class='ocr_carea' id='block_1_118' title="bbox 2097 5667 2946 5737">
    <p class='ocr_par' dir='ltr' id='par_1_118' title="bbox 2097 5667 2946 5737">
     <span class='ocr_line' id='line_1_118' title="bbox 2097 5667 2946 5737; baseline 0 -17"><span class='ocrx_word' id='word_1_877' title='bbox 2097 5671 2209 5734; x_wconf 73' lang='grc' dir='ltr'><strong>(Π)</strong></span> <span class='ocrx_word' id='word_1_878' title='bbox 2233 5669 2392 5721; x_wconf 81' lang='lat' dir='ltr'><strong>Corr.</strong></span> <span class='ocrx_word' id='word_1_879' title='bbox 2424 5667 2806 5737; x_wconf 81' lang='grc' dir='ltr'>τέθνηκεμὲν,</span> <span class='ocrx_word' id='word_1_880' title='bbox 2845 5667 2946 5720; x_wconf 83' lang='grc' dir='ltr'>ὅτι.</span> 
     </span>
    </p>
   </div>
   <div class='ocr_carea' id='block_1_119' title="bbox 2095 5736 2791 5812">
    <p class='ocr_par' dir='ltr' id='par_1_119' title="bbox 2095 5736 2791 5812">
     <span class='ocr_line' id='line_1_119' title="bbox 2095 5736 2791 5812; baseline -0.001 -20"><span class='ocrx_word' id='word_1_881' title='bbox 2095 5741 2205 5812; x_wconf 69' lang='grc'><strong>(48)</strong></span> <span class='ocrx_word' id='word_1_882' title='bbox 2237 5738 2394 5792; x_wconf 87' lang='lat' dir='ltr'><strong>Corr.</strong></span> <span class='ocrx_word' id='word_1_883' title='bbox 2427 5737 2554 5793; x_wconf 84' lang='lat' dir='ltr'><strong>add.</strong></span> <span class='ocrx_word' id='word_1_884' title='bbox 2575 5736 2791 5791; x_wconf 76' lang='grc' dir='ltr'>τοίνυν.</span> 
     </span>
    </p>
   </div>
  </div>
