4120 6394
540 434 674 489 1259

1727 445 1784 501 S.
1829 445 2155 502 GllEGORll
2193 446 2236 499 N
2249 447 2483 503 YSSENI

3655 448 3803 504 19.60

536 554 830 618 exaltatur,
863 557 981 626 ipsa
1010 573 1228 629 quoque
1266 563 1522 632 resurgit.
1559 562 1622 616 Et
1654 565 2112 634 quemadmodum

2224 566 2355 636 μένη
2384 567 2472 619 διὰ
2510 567 2609 636 τῆς
2651 567 2999 629 ἀναστάσεως
3047 565 3238 627 sum;
3265 604 3278 626 ,
3326 563 3504 616 πᾶσαν
3556 564 3692 615 κατὰ
3737 563 3801 612 τὸ

537 649 585 700 si
638 649 850 704 arundo
888 653 994 720 (nil
1030 655 1174 709 enim
1225 666 1371 710 vetat
1415 658 1710 726 quominus
1762 660 2120 714 similitudine

536 757 602 793 ex
636 745 914 810 corporeis
940 746 1104 800 rebus
1137 747 1301 814 petita
1341 749 1661 820 mysterium
1693 751 2119 820 dispensationis

539 847 661 898 quae
698 848 792 902 per
843 839 1298 894 resurrectionem
1331 839 1474 894 facta
1524 849 1609 896 est
1638 843 2004 914 explicemus)
2064 845 2118 896 in

541 923 676 978 duas
711 934 892 994 partes
927 928 1230 993 scindatur,
1281 933 1488 1001 etquis
1529 932 1582 986 in
1632 949 1737 987 una
1779 936 2121 989 extremitate

543 1016 888 1072 summitates
932 1018 1244 1087 hujusmodi
1276 1021 1506 1074 duarum
1550 1025 1786 1091 partium
1835 1025 2119 1080 arundinis

541 1107 912 1176 conjunxerit,
945 1127 1172 1166 necesse
1201 1121 1284 1168 est
1315 1122 1374 1167 ut
1405 1129 1508 1168 una
1535 1131 1663 1185 pars
1697 1124 1802 1169 tota
1834 1118 2119 1171 arundinis

541 1215 667 1253 cum
709 1201 879 1256 altera
908 1210 1018 1256 tota
1054 1213 1205 1274 parte
1239 1206 1543 1274 copuletur,
1575 1207 1700 1275 quia
1731 1207 1986 1260 nimirum
2024 1224 2120 1276 per

544 1295 708 1348 unius
734 1298 1092 1352 extremitatis
1119 1299 1535 1354 commissuram
1583 1309 1744 1368 atque
1773 1303 2120 1354 constrictio-

545 1400 666 1439 nem
710 1388 877 1441 altera
904 1403 1122 1458 quoque
1153 1390 1472 1446 extremitas
1501 1390 1664 1445 simul
1693 1401 1930 1462 aptatur.
1965 1393 2041 1445 lta
2067 1402 2120 1447 et

546 1479 598 1532 in
645 1478 863 1534 Christo
895 1482 1090 1534 animae
1123 1495 1249 1534 cum
1299 1496 1527 1551 corpore
1578 1484 1752 1537 unitio
1788 1501 1882 1554 per
1930 1502 2118 1540 resur-

545 1571 843 1624 rectionem
879 1572 1044 1632 l'acta,
1095 1580 1284 1636 totam,
1315 1583 1586 1643 quatenus
1627 1592 1792 1629 unum
1845 1578 1972 1646 quid
2013 1587 2116 1642 est,

546 1663 838 1717 humanam
870 1673 1140 1728 naturam,
1177 1665 1229 1716 in
1277 1667 1513 1719 animam
1548 1676 1600 1721 ct
1625 1684 1824 1737 corpus
1853 1687 1948 1739 per
1976 1686 2120 1723 mor-

544 1765 652 1809 tem
683 1756 941 1824 bipartito
971 1756 1198 1810 scissam
1237 1772 1431 1813 rursus
1455 1759 1764 1814 coalescere
1798 1760 1946 1828 lacit,
1988 1762 2118 1815 dum

546 1862 642 1916 spe
675 1849 1094 1903 resurrectionis
1125 1848 1520 1917 disjunctarum
1562 1867 1746 1906 rerum
1791 1868 2116 1908 concursum

545 1939 741 2002 ellieit;
778 1950 831 1994 et
863 1940 964 1994 hoc
998 1951 1082 1994 est
1121 1941 1268 2010 quod
1303 1955 1334 1993 ιι
1381 1939 1550 1996 Paulo
1583 1942 1803 2010 dicitur,
1851 1943 2127 1998 Christum

546 2045 740 2097 nempe
771 2030 1144 2084 resurrexisse
1183 2046 1211 2083 a
1248 2030 1515 2095 mortuis,
1556 2033 1825 2101 primitias
1854 2035 2141 2088 dormien--

547 2121 681 2172 tium
717 2121 782 2182 θ’,
821 2131 871 2174 et
907 2121 1049 2175 sicut
1079 2123 1133 2174 in
1157 2121 1327 2175 Adam
1354 2137 1545 2176 omnes
1570 2125 1847 2187 morimur,
1884 2127 1952 2178 ita
1985 2134 2037 2180 ct
2074 2126 2126 2179 in

543 2213 768 2267 Christo
790 2227 981 2266 omnes
1005 2212 1263 2266 vivificari
1292 2212 1358 2265 ⁵³.
1389 2212 1521 2265 Nam
1541 2213 1694 2281 juxta
1725 2216 1944 2268 allatum
1969 2215 2129 2269 modo

547 2304 834 2358 arundinis
859 2305 1194 2373 exetnplum,
1221 2321 1284 2358 ex
1320 2320 1383 2360 ea
1406 2305 1623 2374 quidem
1655 2309 1995 2360 extremitate
2019 2324 2127 2376 qua

546 2399 615 2450 ab
650 2397 856 2450 Adamo
889 2397 1104 2456 initium
1141 2400 1328 2458 sumit,
1369 2409 1561 2450 natura
1594 2407 1778 2452 nostra
1811 2414 1907 2468 per
1941 2415 2128 2468 pecca-

544 2497 659 2542 tum
691 2489 863 2543 scissa
895 2488 1027 2549 fuit,
1065 2489 1245 2541 anima
1273 2487 1521 2542 videlicet
1551 2505 1579 2542 a
1605 2504 1833 2558 corpore
1861 2506 1956 2559 per
1986 2507 2129 2544 mor-

550 2593 656 2634 tem
689 2589 977 2651 separata;
1010 2596 1077 2634 ex
1110 2595 1172 2634 ea
1206 2595 1336 2634 vero
1372 2589 1525 2650 parte
1553 2596 1658 2649 qua
1695 2581 1971 2636 Christum
2005 2598 2129 2651 per-

547 2675 730 2743 tingit.
761 2674 950 2729 eadem
983 2674 1220 2727 humana
1264 2681 1462 2726 natura
1507 2673 1561 2727 in
1592 2676 1877 2743 pristinum
1927 2684 2126 2729 statum

549 2767 879 2828 restituitur,
939 2765 1068 2820 dum
1119 2765 1172 2817 in
1205 2763 1407 2818 Christi
1462 2765 1698 2819 hominis
1729 2767 2128 2821 resurrectione

549 2859 793 2912 scissura
826 2858 937 2925 jam
970 2856 1112 2911 facta
1148 2856 1362 2926 penitus
1390 2856 1666 2910 coalescit.
1701 2856 1993 2926 Propterea
2024 2859 2126 2927 igi-

547 2959 638 3003 tur
666 2949 828 3003 simul
866 2963 988 3002 cum
1018 2963 1083 3002 eo
1111 2947 1207 3016 qui
1253 2961 1350 3017 pro
1382 2945 1537 3001 nobis
1567 2954 1816 3000 mortuus
1843 2955 1927 3000 est
1957 2949 2126 3000 mori-

550 3055 694 3102 mur,
754 3055 865 3093 non
919 3040 1063 3093 hanc
1109 3039 1233 3092 dico
1267 3037 1632 3092 necessariam
1675 3052 2128 3107 communemque

551 3140 760 3188 natura
789 3143 993 3189 nostra:
1034 3140 1305 3197 mortem;
1355 3133 1459 3184 hoc
1497 3130 1641 3185 enim
1671 3137 1725 3185 et
1756 3129 1939 3184 invitis
1974 3130 2125 3184 acci-

2223 659 2442 728 συνεχὲς
2482 659 2581 727 τὴν
2623 657 2970 728 ἀνθρωπίνην
3013 657 3194 724 φύσιν,
3244 656 3363 724 διχῆ
3409 653 3521 722 (49)
3568 653 3654 706 διά
3697 650 3799 704 τοῦ

2221 747 2468 812 Θανάτου,
2516 748 2661 820 ψυχῇ
2694 767 2752 802 τε
2784 749 2875 801 καὶ
2924 747 3132 818 σώματι
3183 747 3610 817 μεμερισμένην,
3659 745 3800 813 πρὸς

2223 840 2496 909 συμφυΐαν
2526 841 2668 909 ἄγει,
2717 843 2781 911 τῇ
2809 839 2982 892 ἑλπίδι
3016 840 3114 909 τῆς
3145 839 3493 901 ἀναστάσεως
3539 838 3636 906 τὴν
3673 853 3803 887 συν-

2219 931 2421 1003 δρομὴν
2453 933 2560 985 τῶν
2605 931 2959 1002 διεστηκότων
3003 932 3288 1002 ἀρμόσασα
3307 947 3320 960 ·
3375 929 3649 984 καὶτοῦτο
3677 931 3801 980 ἐστι

2221 1025 2278 1076 τὸ
2299 1023 2450 1094 παρὰ
2469 1024 2562 1077 τοῦ
2584 1025 2795 1079 Παύλου
2819 1025 3125 1095 λεγόμενον,
3144 1026 3226 1078 ὅτι
3247 1025 3478 1095 Χριστὸς
3500 1023 3663 1094 ἑγήγε
3673 1039 3802 1093 ρται

2221 1118 2282 1169 ἑκ
2307 1117 2534 1186 νεκρῶν,
2562 1119 2782 1189 ἀπαρχὴ
2808 1117 2914 1170 τῶν
2943 1116 3376 1186 κεκοιμημένων,
3407 1115 3500 1167 καὶ
3526 1113 3713 1184 ὥσπερ
3736 1115 3803 1166 ἑν

2219 1208 2296 1278 τῷ
2336 1209 2505 1278 Ἀδὰμ
2528 1209 2723 1272 πάντες
2745 1209 3182 1279 ἀποθνήσκομεν,
3207 1207 3378 1270 οὕτως
3399 1210 3456 1260 ὲν
3474 1207 3552 1278 τῷ
3575 1204 3804 1276 Χριστῷ

2221 1299 2421 1362 πάντες
2443 1299 2975 1370 ζωοποιηθησόμεθα.
3014 1300 3168 1352 Κατά
3200 1299 3306 1369 γάρ
3337 1299 3396 1351 τὸ
3426 1297 3518 1350 τοῦ
3550 1295 3804 1367 καλάμου

2223 1391 2542 1460 ὑπόδειγμα,
2579 1391 2683 1444 ὑπὸ
2713 1391 2819 1460 (30)
2853 1390 2950 1461 μὲν
2979 1390 3073 1443 τοῦ
3110 1390 3250 1443 κατά
3282 1389 3372 1443 τὸν
3412 1389 3582 1458 Ἀδάμ
3623 1389 3807 1458 πέρα.-

2219 1501 2331 1548 τος,
2359 1485 2392 1553 ἡ
2426 1483 2585 1552 φύσις
2631 1483 2784 1552 ἡμῶν
2829 1483 2917 1536 διά
2959 1483 3058 1553 τῆς
3112 1483 3386 1554 ἁμαρτίας
3435 1479 3680 1550 ἐσχίσθη,
3718 1478 3806 1549 τῷ

2221 1575 2434 1646 θανάτῳ
2461 1579 2560 1646 τῆς
2606 1575 2782 1646 ψυχῆς
2823 1575 2930 1628 ἀπὸ
2971 1575 3066 1628 τοῦ
3111 1575 3361 1644 σώματος
3392 1573 3754 1644 διαιρεθείσης
3787 1589 3802 1602 ’

2221 1669 2326 1722 ἀπὸ
2350 1669 2404 1722 δὲ
2431 1670 2525 1721 τοῦ
2556 1671 2693 1722 κατὰ
2721 1669 2810 1722 τὸν
2845 1668 3078 1740 Χριστὸν
3122 1668 3319 1738 μέρους
3353 1666 3512 1719 πάλιν
3556 1667 3589 1735 ή
3637 1664 3807 1733 φύσις

2221 1763 2418 1832 ἑαυτὴν
2463 1761 2869 1832 ἀναλαμϐάνει,
2919 1761 3093 1829 πάντη
3147 1759 3244 1827 τῆς
3291 1756 3602 1828 διαιρέσεως
3664 1755 3808 1823 πρὸς

2230 1853 2428 1923 ἑαυτὴν
2457 1853 2516 1904 ὲν
2557 1855 2622 1922 τῇ
2658 1853 2948 1904 ἀναστάσει
2993 1851 3085 1904 τοῦ
3134 1849 3271 1902 κατά
3317 1849 3405 1900 τὸν
3437 1846 3664 1919 Χριστὸν
3702 1846 3808 1897 dv-

2233 1946 2448 2018 θρώπου
2482 1946 2883 2016 συμφυομένης.
2935 1946 3031 1999 Διά
3068 1945 3224 1997 τοῦτο
3251 1943 3428 1995 τοίνυν
3461 1939 3804 2005 συναποθνή-

2234 2055 2433 2108 σκομεν
2475 2037 2552 2108 τῷ
2599 2038 2737 2108 ὑπὲρ
2780 2038 2936 2108 ἡμῶν
2965 2034 3306 2099 ἀποθανόντι,
3352 2034 3412 2086 οὐ
3445 2033 3626 2085 τοῦτον
3655 2030 3808 2096 λέγω

2230 2127 2319 2181 τὸν
2341 2127 2634 2196 ἀναγκαῖόν
2660 2145 2716 2180 τε
2752 2128 2846 2181 καὶ
2874 2127 3051 2180 κοινὸν
3082 2128 3181 2198 τῆς
3208 2126 3420 2195 φύσεως
3452 2122 3604 2194 ἡμῶν
3636 2121 3808 2174 θάνα-

2228 2239 2319 2274 τον
2356 2237 2369 2250 ο
2421 2220 2577 2272 τοῦτο
2614 2219 2721 2290 γάρ
2749 2221 2841 2272 καὶ
2875 2219 2950 2290 μὴ
2986 2219 3319 2288 βουλομένων
3349 2221 3649 2286 γενήσεται·
3683 2211 3804 2265 ἀλλ’

2229 2312 2413 2382 ἐπειδὴ
2446 2311 2522 2381 τῷ
2561 2311 2818 2374 ἑκουσίως
2847 2311 3168 2364 ἀποθανόντι
3201 2308 3658 2378 συναποθνήσκειν
3691 2303 3806 2374 χρὴ

2229 2405 2479 2468 θέλοντας
2521 2405 2654 2474 (Si),
2689 2406 2951 2474 προσήκει
2981 2404 3070 2456 τὸν
3109 2405 3173 2455 ἐκ
3207 2401 3574 2471 προαιρέσεως
3617 2397 3805 2457 αὐτοῖς

2227 2497 2510 2567 ἐπινοῆσαι
2539 2497 2766 2552 θάνατον
2792 2515 2805 2528 °
2837 2497 2897 2550 οὐ
2926 2500 3032 2567 γάρ
3077 2498 3190 2549 ἑστι
3217 2495 3302 2548 διά
3326 2493 3418 2546 τοῦ
3453 2507 3802 2561 κατηναγκα-

2176 2622 2195 2634 ..
2228 2587 2482 2657 σμένουὴ
2514 2588 2646 2653 πρὸς
2679 2588 2738 2641 τὸ
2762 2588 3005 2640 ἑκούσιον
3037 2587 3284 2656 μίμησις.
3327 2583 3539 2652 Ἐπειδὴ
3570 2583 3744 2634 τοίνυν
3769 2582 3807 2634 ὁ

2229 2679 2292 2730 ἑκ
2323 2677 2533 2746 φύσεως
2567 2677 2910 2747 ἐπικείμενος
2953 2675 3166 2745 ἑκάστῳ
3210 2675 3454 2736 θάνατος,
3497 2673 3668 2741 πάντη
3705 2669 3806 2722 καὶ

2227 2771 2444 2832 πάντως
2476 2769 2706 2837 γίνεται,
2733 2769 2827 2822 καὶ
2859 2768 3216 2838 βουλομένων,
3261 2766 3354 2818 καὶ
3386 2764 3480 2834 μὴ,
3521 2763 3622 2815 οὐκ
3651 2762 3713 2814 ἂν
3741 2760 3804 2812 δέ

2227 2877 2308 2921 τις
2341 2858 2402 2912 τὸ
2447 2859 2665 2922 πάντως
2695 2857 2982 2928 γενόμενον
3011 2855 3087 2926 τῷ
3118 2855 3346 2924 ἑκουσίῳ
3375 2852 3664 2918 λογίσαιτο’
3711 2847 3805 2900 διὰ

2225 2949 2382 3002 τοῦτο
2425 2950 2609 3020 ἕτερον
2650 2950 2850 3021 τρόπον
2901 2948 2978 3018 τῷ
3029 2947 3288 3008 ἑκουσίως
3333 2942 3653 2999 ἀποθανόντι
3687 2939 3800 3006 (52)

2227 3041 2761 3112 συναποθνήσκομεν,
2789 3040 2866 3110 τῷ
2900 3039 3146 3111 μυστικῷ
3179 3037 3328 3091 ὕδατι
3360 3035 3447 3088 διὰ
3474 3033 3567 3086 τοῦ
3604 3031 3801 3102 βαπτί-

2227 3149 2432 3202 σματος
2477 3132 2892 3202 ἑνθαπτόμενοι·
2972 3128 3395 3198 Συνετάφημεν
3465 3124 3570 3194 γὰρ
3619 3117 3802 3184 αὐτῷ,

550 3222 664 3285 det,
701 3222 796 3277 sed
830 3222 1089 3291 quoniam
1123 3235 1220 3291 par
1245 3227 1330 3274 est
1365 3228 1423 3274 ut
1447 3220 1495 3274 ei
1521 3220 1614 3290 qui
1646 3219 1948 3275 voluntarie
1975 3235 2123 3274 mor-

2229 3223 2382 3293 φησὶ,
2416 3222 2514 3276 διὰ
2539 3221 2644 3276 τοῦ
2675 3222 3095 3292 ,βαπτίσματος
3119 3223 3205 3286 εις
3233 3219 3339 3273 τὸν
3363 3215 3622 3271 θάνατοι·
3647 3230 3659 3244 ·
3711 3213 3803 3264 ἴνα

550 3319 680 3366 tuus
699 3320 782 3366 est
802 3312 1055 3367 iubentes
1076 3311 1428 3380 volentesque
1450 3310 1891 3374 commoriamnr,
1919 3310 2124 3366 idcirco

551 3404 860 3458 voluntaria
908 3412 964 3457 et
993 3417 1114 3472 quae
1151 3404 1204 3455 in
1259 3409 1525 3472 potestate
1575 3409 1762 3455 nostra
1798 3402 1974 3471 posita
2028 3405 2121 3468 sit,

2228 3316 2294 3384 τῇ
2331 3314 2560 3385 μιμήσει
2600 3313 2695 3366 τοῦ
2729 3313 2955 3368 θανάτου
3005 3310 3412 3381 ἑπακολουθήσῃ
3461 3307 3571 3378 (53)
3619 3304 3714 3358 καὶ
3766 3305 3804 3372 ἡ

2228 3408 2327 3477 τῆς
2356 3408 2702 3470 ἀναστάσεως
2729 3407 2975 3477 μίμησις.

552 3499 735 3567 aliqua
785 3498 945 3552 nobis
985 3495 1302 3566 reperienda
1346 3510 1496 3551 mors
1545 3503 1650 3557 est,
1721 3511 1844 3549 cum
1897 3496 2008 3551 ﬁeri
2080 3515 2187 3554 non
2227 3502 2400 3570 possit
2435 3510 2493 3555 ut
2542 3517 2606 3554 eo
2642 3500 2788 3571 quod
2842 3501 3010 3554 invite
3047 3514 3111 3553 ac
3149 3505 3514 3568 repugnanter
3568 3495 3645 3558 lit,
3681 3508 3804 3563 quze

555 3592 858 3646 voluntaria
910 3598 1040 3646 sunt
1091 3590 1388 3644 imitentur.
1423 3588 1690 3654 Quoniam
1743 3590 1908 3660 igitur
1953 3609 2122 3658 mors,
2200 3607 2384 3665 utpote
2410 3612 2531 3667 qua:
2569 3608 2778 3650 natura:
2824 3596 2938 3664 lege
2971 3595 3224 3649 omnibus
3255 3593 3473 3648 deﬁnita
3537 3599 3641 3652 cst,
3685 3599 3800 3643 tum

551 3686 859 3741 volentibus
899 3692 1013 3738 tum
1043 3683 1355 3740 nolentibus
1384 3683 1608 3738 omnino
1634 3684 1852 3747 accidit,
1894 3695 1948 3739 et
1978 3688 2122 3756 quod
2160 3693 2474 3745 necessario
2544 3691 2600 3744 tit
2649 3691 3012 3746 voluntarium
3072 3704 3231 3743 nemo
3276 3702 3510 3757 unquam
3579 3684 3803 3746 dixerit,

552 3785 836 3848 propterea
866 3776 973 3829 alio
1001 3774 1217 3830 diverso
1244 3775 1426 3837 modo,
1461 3786 1655 3846 sponte
1685 3777 2372 3847 morienticommorimur,
2427 3788 2654 3855 mystica
2725 3799 2918 3850 nempe
2966 3783 3020 3836 in
3098 3797 3238 3852 aqua
3305 3796 3402 3850 per
3467 3779 3800 3847 baptismum

554 3871 782 3941 sepulti;
814 3883 958 3935 nam,
1001 3868 1328 3938 Consepulu’,
1363 3868 1540 3939 inquit
1563 3868 1628 3934 ³⁵,
1662 3887 1844 3924 sumus
1875 3889 1994 3924 cum
2070 3875 2163 3927 illo
2195 3891 2288 3944 per
2323 3878 2638 3946 baptismum
2670 3880 2721 3932 in
2752 3888 2992 3944 mortem,
3040 3886 3098 3930 ut
3133 3876 3325 3929 mortis
3365 3873 3652 3927 imitationi
3720 3889 3808 3926 re-

554 3963 911 4018 surrectionis
943 3979 1160 4035 quoque
1193 3965 1426 4038 imitatio
1452 3964 1802 4034 respondeat.

624 4050 758 4113 LVI.
797 4057 902 4112 Sed
952 4058 1019 4111 ad
1072 4057 1175 4112 alia
1221 4071 1532 4127 pergamus.
1578 4057 1872 4122 Quomodo,
1921 4058 2118 4128 inquit,

555 4151 693 4204 Deus
737 4153 798 4219 ﬁt
828 4153 1007 4216 homo,
1070 4150 1208 4204 Deus
1273 4166 1384 4204 esse
1431 4165 1534 4203 non
1588 4148 1846 4216 desinens,
1897 4150 1944 4203 si
1981 4168 2123 4204 men-

559 4247 622 4295 tis
701 4244 813 4296 loco
887 4260 987 4296 non
1037 4250 1308 4295 statuatur
1360 4242 1414 4294 in
1474 4239 1743 4295 homine?
1799 4240 2123 4311 lntelligitne

559 4335 674 4404 ipse
728 4347 847 4404 qua:
921 4334 1214 4405 loquitur?
1288 4333 1636 4388 Divinitatem
1728 4333 2119 4387 immutabilem

556 4441 678 4479 esse
740 4425 910 4489 dicit,
983 4425 1146 4495 idque
1218 4433 1417 4485 recte;
1485 4436 1605 4474 nam
1669 4421 1815 4490 quod
1908 4436 2122 4490 semper

2296 4062 2436 4133 Πρὸς
2448 4061 2502 4114 δὲ
2519 4060 2576 4114 τὸ
2590 4058 2784 4132 ἑφεξῆς
2800 4059 2892 4112 τοῦ
2910 4059 3065 4126 λόγου
3087 4056 3447 4128 μετέλθωμεν·
3472 4051 3624 4118 Πῶς,
3643 4053 3802 4121 φησι,

2227 4155 2370 4219 Θεὸς
2401 4153 2709 4222 ἅνθρωπος
2742 4153 2987 4222 γίνεται,
3017 4150 3101 4220 μὴ
3131 4147 3522 4219 μεταϐληθεὶς
3548 4145 3662 4199 ἀπὸ
3691 4145 3804 4197 τοῦ

2223 4242 2375 4298 εἶναι
2405 4245 2565 4309 Θεὸς,
2585 4245 2634 4297 εὶ
2653 4244 2736 4312 μὴ
2769 4242 2912 4307 νοῦς
2940 4242 3008 4294 ἐν
3037 4239 3322 4308 ἀνθρώπῳ
3342 4235 3595 4302 κατέστη
3619 4230 3806 4304 ξτΛρα

2227 4340 2456 4407 συνῆκεν
2469 4338 2610 4406 ἆπερ
2628 4335 2945 4404 ἐφθέγξατο.
2963 4335 3021 4387 Ἀ
3032 4332 3360 4404 μετάὸλητον
3385 4330 3531 4397 λέγει
3549 4329 3608 4380 τὸ
3623 4327 3802 4387 Θεῖον,

2227 4430 2316 4482 καὶ
2349 4427 2525 4491 καλῶς
2560 4426 2717 4479 τοῦτο
2731 4427 2877 4494 λέγει
2897 4425 3029 4496 (54)·
3065 4424 3124 4476 τὸ
3155 4422 3261 4493 γὰρ
3276 4421 3362 4474 ἀεὶ
3383 4419 3640 4480 ὡσαύτως
3657 4417 3802 4487 ἔχον,

560 4533 726 4570 unum
783 4525 836 4570 et
885 4516 1026 4570 idem
1088 4524 1142 4570 et
1181 4515 1268 4570 sui
1331 4514 1505 4569 simile
1573 4520 1677 4577 est,
1737 4514 1880 4567 aliud
1943 4515 2010 4568 ab
2055 4530 2122 4568 eo

2225 4519 2407 4587 ἔτερόν
2441 4535 2490 4570 τι
2523 4519 2654 4588 παρ’
2679 4519 2705 4569 ὃ
2737 4519 2869 4578 ἑστι,
2905 4515 3167 4584 γίνεσθαι,
3206 4513 3365 4582 φύσιν
3392 4514 3493 4565 οὐκ
3520 4511 3653 4580 ἔχει·
3686 4509 3804 4563 ἀλλ’

558 4610 704 4680 quod
766 4617 852 4664 est
904 4609 1020 4664 ﬁeri
1053 4613 1245 4678 suapte
1293 4615 1485 4660 natura
1534 4621 1639 4659 non
1678 4613 1893 4675 potest;
1949 4605 2040 4659 sed
2068 4607 2120 4660 in

559 4705 665 4755 alio
709 4703 924 4771 quidem
952 4717 1074 4756 esse
1120 4707 1330 4770 potest,
1376 4699 1520 4753 aliud
1571 4713 1698 4752 vero
1728 4698 1843 4752 ﬁeri
1894 4715 1996 4751 non
2027 4714 2124 4769 po-

560 4803 680 4849 test.
724 4794 864 4860 Quid
897 4794 1082 4862 igitur,
1128 4800 1188 4846 ut
1227 4791 1554 4861 Apollinaris
1601 4791 1697 4854 ait,
1737 4805 1888 4845 mens
1934 4790 2023 4844 illa
2069 4793 2122 4844 in

559 4887 780 4941 homine
835 4886 979 4940 fuit?
1019 4882 1275 4954 Nunquid
1325 4883 1684 4938 immutabilis
1744 4894 1952 4937 natura:
2009 4899 2123 4936 ma-

555 4980 808 5046 jcstatcm
859 4976 1106 5038 retinuit,
1135 4991 1201 5028 an
1232 4990 1363 5029 vero
1405 4989 1433 5028 e
1478 4973 1698 5028 sublimi
1749 4972 1840 5026 illo
1885 4981 2027 5028 statu
2057 4971 2122 5027 ad

561 5071 818 5123 humilem
872 5067 1106 5122 transitu
1152 5065 1317 5129 facto,
1365 5066 1437 5118 ita
1479 5065 1728 5118 humanae
1777 5072 1981 5118 natura
2029 5079 2124 5118 an-

557 5159 756 5228 gustiis
782 5172 841 5210 se
873 5158 1046 5226 ipsam
1091 5155 1332 5221 inclusit,
1358 5164 1414 5208 ut
1445 5161 1648 5223 quanta
1675 5153 1788 5206 haec
1833 5162 1938 5217 est,
1973 5163 2121 5207 tanta

624 5270 670 5302 ⁵⁸
704 5267 723 5322 1
757 5270 884 5324 Cor.
917 5285 1006 5332 xv,
1041 5269 1132 5330 ‘20,
1162 5267 1252 5322 22.
1326 5267 1372 5299 ⁵³
1401 5267 1531 5321 ibid.
1569 5265 1659 5320 2‘2.

629 5383 896 5452 (49)Adv.
922 5384 1043 5453 διχῆ
1078 5399 1221 5437 corr.
1261 5381 1385 5453 add.

629 5451 738 5524 (50)
792 5453 948 5508 Corr.
973 5451 1105 5507 ἀπό.
1139 5453 1261 5507 Mox
1285 5452 1491 5515 addidi,
1536 5467 1702 5507 sensu
1737 5451 1811 5524 ita
1839 5461 2120 5524 poscente,

559 5521 892 5648 [irququdL
923 5539 1044 5592 quae
1076 5541 1169 5595 per
1188 5523 1398 5578 librarii
1424 5537 1670 5578 errorem
1697 5522 1900 5576 omissa
1938 5521 2040 5576 fuit
2067 5523 2122 5576 in

559 5613 642 5648 cm
667 5634 681 5647 .
769 5603 841 5648 at.

557 5595 681 5649 cod.
719 5595 841 5648 Vat.

629 5665 741 5734 (δέ)
767 5664 925 5734 Corr.
957 5665 1256 5727 ἐθέλοντας.

629 5731 741 5802 (5‘2)
770 5731 844 5787 lta
863 5751 1032 5801 corr.;
1053 5744 1230 5796 antea,
1258 5732 1699 5788 συναποθανόντι.

629 5807 740 5868 (55)
761 5805 824 5858 Et
848 5807 961 5859 haec
988 5806 1316 5862 correctoris
1337 5806 1649 5860 emendatio
1667 5811 1774 5868 est;
1791 5810 1949 5858 antea
1971 5803 2115 5858 enim

555 5886 672 5932 erat
705 5875 1046 5946 ἀκολουθήσῃ

1737 5265 1783 5296 ⁵⁸
1804 5263 1961 5318 Rom.
1989 5282 2063 5331 νι,
2098 5268 2151 5320 4.

2228 4613 2286 4663 ὲν
2314 4612 2483 4681 ἑτέρῳ
2523 4610 2621 4680 μὲν
2658 4610 2883 4677 γίνεται,
2917 4610 3100 4679 ἓτερον
3127 4608 3183 4660 δὲ
3211 4609 3270 4659 οὺ
3298 4607 3524 4674 γίνεται.
3562 4603 3626 4656 Τί
3657 4599 3750 4656 οὖν
3775 4606 3805 4656 ὁ

2227 4703 2349 4766 νοῦς
2377 4705 2600 4766 ἐκεῖνος.
2648 4701 2827 4765 καθὼς
2871 4703 2898 4753 ὁ
2933 4702 3041 4769 (ὃὸ)
3083 4701 3452 4769 ’Δπολινάριος
3482 4699 3650 4766 λέγει,
3683 4699 3711 4751 ὁ
3743 4699 3801 4748 ἑν

2225 4792 2496 4865 ἀνθρώπῳ
2549 4794 2873 4862 γενόμενοςς
2929 4788 3075 4861 Ἀρα
3135 4791 3192 4843 ὲν
3247 4789 3325 4860 τῷ
3387 4786 3656 4860 μεγαλείῳ
3703 4787 3803 4856 τῆς

2226 4881 2600 4952 ἀμεταϐλήτου
2642 4883 2876 4951 διέμεινε
2909 4883 3142 4950 φύσεως,
3184 4881 3218 4951 ἢ
3267 4879 3399 4950 πρὸς
3443 4880 3506 4932 τὸ
3547 4876 3805 4932 ταπεινὸν

2231 4972 2516 5041 πεποίηται
2551 4971 2649 5041 τὴν
2682 4972 3029 5041 μετάστασιν,
3063 4972 3130 5040 τῇ
3171 4969 3266 5022 τοῦ
3301 4967 3638 5040 ἀνθρωπίνου
3669 4967 3802 5038 βρα-

2231 5063 2419 5134 χύτητι
2466 5064 2653 5117 ἑαυτὸν
2696 5063 3130 5133 ἑμπεριγράψας,
3182 5063 3274 5114 καὶ
3322 5061 3444 5124 ὅσος
3475 5055 3627 5122 οὗτός
3660 5061 3801 5124 ἐστι,

2229 5156 2480 5220 τοσοῦτος
2511 5157 2622 5227 (56)
2650 5158 2896 5220 κάκεῖνος
2929 5156 3251 5227 γενόμενος;
3282 5155 3394 5224 (57)
3453 5153 3659 5208 Οὐκοῦν
3684 5150 3802 5216 ἴσος

2299 5382 2410 5524 γει)
2439 5384 2595 5439 Corr.
2621 5385 2991 5456 ἀμετάϐλητον
3017 5381 3154 5437 εἶναι
3188 5383 3355 5451 λέγει.

2322 5456 2412 5520 55)
2447 5457 2564 5508 Art.
2598 5472 2742 5508 corr.
2767 5456 2892 5509 add.

2322 5456 2412 5520 55)
2447 5457 2564 5508 Art.
2598 5472 2742 5508 corr.
2767 5456 2892 5509 add.

2301 5525 2411 5590 (56)
2448 5527 2606 5580 Corr.
2640 5525 2915 5580 τοσοῦτον.

2299 5595 2410 5664 (57)
2449 5596 2604 5649 llunc
2632 5596 2808 5648 locum
2848 5599 2898 5648 in
2924 5598 3199 5666 epitomen
3230 5603 3576 5666 contractum
3626 5609 3802 5666 usque

2327 5663 2416 5718 illa
2451 5668 2632 5736 verba.
2661 5667 2796 5736 πρὸς
2825 5668 2886 5719 τὸ
2915 5663 3292 5735 εὖτελέστερον
3319 5663 3607 5736 ἠλλοιώθη,
3631 5665 3798 5716 refert

2232 5733 2558 5816 Euthymius
2589 5733 2901 5806 Zigabenus
2934 5739 2986 5792 in
3020 5733 3300 5806 Panoplia,
3332 5751 3455 5808 pag.
3487 5734 3610 5801 .529,
3649 5746 3793 5785 vers.

2225 5821 2424 5874 pl'lllIO.
