  <div class='ocr_page' id='page_1' title='image "/cluster/home/n/w/nwhite01/storage/ocr_20150623/45/nnc1.0046978445/642.png"; bbox 0 0 4120 6394; ppageno 0'>
   <div class='ocr_carea' id='block_1_1' title="bbox 295 400 426 454">
    <p class='ocr_par' dir='ltr' id='par_1_1' title="bbox 295 400 426 454">
     <span class='ocr_line' id='line_1_1' title="bbox 295 400 426 454; baseline -0.008 0"><span class='ocrx_word' id='word_1_1' title='bbox 295 400 426 454; x_wconf 62' lang='lat' dir='ltr'><strong>HG!</strong></span> 
     </span>
    </p>
   </div>
   <div class='ocr_carea' id='block_1_2' title="bbox 1511 393 2431 452">
    <p class='ocr_par' dir='ltr' id='par_1_2' title="bbox 1511 393 2431 452">
     <span class='ocr_line' id='line_1_2' title="bbox 1511 393 2431 452; baseline 0.002 -4"><span class='ocrx_word' id='word_1_2' title='bbox 1511 394 1642 448; x_wconf 74' lang='grc' dir='ltr'><strong>Αω·</strong></span> <span class='ocrx_word' id='word_1_3' title='bbox 1654 393 1830 451; x_wconf 65' lang='grc' dir='ltr'><strong>[Ξῧὸιᾷ</strong></span> <span class='ocrx_word' id='word_1_4' title='bbox 1843 396 1881 449; x_wconf 86' lang='lat' dir='ltr'>S</span> <span class='ocrx_word' id='word_1_5' title='bbox 1920 393 2431 452; x_wconf 68' lang='lat' dir='ltr'><strong>A&#39;POLLIN‘AREM.</strong></span> 
     </span>
    </p>
   </div>
   <div class='ocr_carea' id='block_1_3' title="bbox 3434 401 3572 455">
    <p class='ocr_par' dir='ltr' id='par_1_3' title="bbox 3434 401 3572 455">
     <span class='ocr_line' id='line_1_3' title="bbox 3434 401 3572 455; baseline -0.014 0"><span class='ocrx_word' id='word_1_6' title='bbox 3434 401 3572 455; x_wconf 62' lang='grc'><strong>1262</strong></span> 
     </span>
    </p>
   </div>
   <div class='ocr_carea' id='block_1_4' title="bbox 295 508 1913 596">
    <p class='ocr_par' dir='ltr' id='par_1_4' title="bbox 295 508 1888 596">
     <span class='ocr_line' id='line_1_4' title="bbox 295 508 1888 596; baseline 0.003 -33"><span class='ocrx_word' id='word_1_7' title='bbox 295 514 323 563; x_wconf 86' lang='lat'><strong>6</strong></span> <span class='ocrx_word' id='word_1_8' title='bbox 350 508 689 580; x_wconf 78' lang='grc' dir='ltr'>ἀνῡρὼπινος</span> <span class='ocrx_word' id='word_1_9' title='bbox 730 511 853 576; x_wconf 82' lang='grc' dir='ltr'>νοῦς</span> <span class='ocrx_word' id='word_1_10' title='bbox 897 512 1014 566; x_wconf 82' lang='grc' dir='ltr'>ἐστι</span> <span class='ocrx_word' id='word_1_11' title='bbox 1058 515 1124 584; x_wconf 81' lang='grc' dir='ltr'>τῇ</span> <span class='ocrx_word' id='word_1_12' title='bbox 1171 512 1419 596; x_wconf 65' lang='grc' dir='ltr'>θεότηῖι,</span> <span class='ocrx_word' id='word_1_13' title='bbox 1469 515 1647 585; x_wconf 72' lang='grc' dir='ltr'>εἴπερ,</span> <span class='ocrx_word' id='word_1_14' title='bbox 1705 513 1888 577; x_wconf 77' lang='grc' dir='ltr'>καθώς</span> 
     </span>
    </p>
   </div>
   <div class='ocr_carea' id='block_1_5' title="bbox 2019 508 3572 596">
    <p class='ocr_par' dir='ltr' id='par_1_5' title="bbox 2026 515 3572 588">
     <span class='ocr_line' id='line_1_5' title="bbox 2026 515 3572 588; baseline 0.001 -20"><span class='ocrx_word' id='word_1_15' title='bbox 2026 524 2043 568; x_wconf 90' lang='grc' dir='ltr'><strong>ι</strong></span> <span class='ocrx_word' id='word_1_16' title='bbox 2113 517 2227 585; x_wconf 88' lang='lat' dir='ltr'><strong>ipsa</strong></span> <span class='ocrx_word' id='word_1_17' title='bbox 2297 515 2579 572; x_wconf 73' lang='lat' dir='ltr'><strong>evaserit?</strong></span> <span class='ocrx_word' id='word_1_18' title='bbox 2621 516 2790 588; x_wconf 77' lang='lat' dir='ltr'><strong>lgitur</strong></span> <span class='ocrx_word' id='word_1_19' title='bbox 2837 516 3111 572; x_wconf 77' lang='lat' dir='ltr'><strong>divinitati</strong></span> <span class='ocrx_word' id='word_1_20' title='bbox 3188 516 3415 587; x_wconf 83' lang='lat' dir='ltr'><strong>aequalis</strong></span> <span class='ocrx_word' id='word_1_21' title='bbox 3487 527 3572 570; x_wconf 85' lang='lat' dir='ltr'><strong>est</strong></span> 
     </span>
    </p>
   </div>
   <div class='ocr_carea' id='block_1_6' title="bbox 298 603 1879 678">
    <p class='ocr_par' dir='ltr' id='par_1_6' title="bbox 298 603 1879 678">
     <span class='ocr_line' id='line_1_6' title="bbox 298 603 1879 678; baseline 0.004 -23"><span class='ocrx_word' id='word_1_22' title='bbox 298 619 463 672; x_wconf 77' lang='grc' dir='ltr'>φησιν</span> <span class='ocrx_word' id='word_1_23' title='bbox 490 607 521 656; x_wconf 89' lang='lat'><strong>6</strong></span> <span class='ocrx_word' id='word_1_24' title='bbox 559 603 952 676; x_wconf 80' lang='grc' dir='ltr'>’Δπολινᾶριος,</span> <span class='ocrx_word' id='word_1_25' title='bbox 999 605 1456 678; x_wconf 82' lang='grc' dir='ltr'>νοῦς’ἀνορώπου</span> <span class='ocrx_word' id='word_1_26' title='bbox 1486 609 1519 677; x_wconf 88' lang='grc' dir='ltr'><strong>ή</strong></span> <span class='ocrx_word' id='word_1_27' title='bbox 1555 608 1674 661; x_wconf 85' lang='grc' dir='ltr'>Θεία</span> <span class='ocrx_word' id='word_1_28' title='bbox 1718 610 1879 677; x_wconf 80' lang='grc' dir='ltr'>φύσις</span> 
     </span>
    </p>
   </div>
   <div class='ocr_carea' id='block_1_7' title="bbox 299 695 1878 769">
    <p class='ocr_par' dir='ltr' id='par_1_7' title="bbox 299 695 1878 769">
     <span class='ocr_line' id='line_1_7' title="bbox 299 695 1878 769; baseline 0.003 -21"><span class='ocrx_word' id='word_1_29' title='bbox 299 695 532 764; x_wconf 74' lang='grc' dir='ltr'>ἐγένετο.</span> <span class='ocrx_word' id='word_1_30' title='bbox 564 697 626 750; x_wconf 81' lang='grc' dir='ltr'><strong>ΕΞ</strong></span> <span class='ocrx_word' id='word_1_31' title='bbox 657 695 763 768; x_wconf 84' lang='grc' dir='ltr'><strong>γὰρ</strong></span> <span class='ocrx_word' id='word_1_32' title='bbox 794 698 993 766; x_wconf 81' lang='grc' dir='ltr'>ὁμοίως</span> <span class='ocrx_word' id='word_1_33' title='bbox 1021 700 1054 769; x_wconf 72' lang='grc' dir='ltr'>ὴ</span> <span class='ocrx_word' id='word_1_34' title='bbox 1089 697 1403 768; x_wconf 85' lang='grc' dir='ltr'><strong>ἀνθρωπίνη</strong></span> <span class='ocrx_word' id='word_1_35' title='bbox 1447 699 1661 769; x_wconf 84' lang='grc' dir='ltr'>δέχεται</span> <span class='ocrx_word' id='word_1_36' title='bbox 1695 700 1878 768; x_wconf 82' lang='grc' dir='ltr'><strong>φύσις,</strong></span> 
     </span>
    </p>
   </div>
   <div class='ocr_carea' id='block_1_8' title="bbox 305 785 1881 860">
    <p class='ocr_par' dir='ltr' id='par_1_8' title="bbox 305 785 1881 860">
     <span class='ocr_line' id='line_1_8' title="bbox 305 785 1881 860; baseline 0.003 -22"><span class='ocrx_word' id='word_1_37' title='bbox 305 787 334 854; x_wconf 77' lang='grc' dir='ltr'>ἢ</span> <span class='ocrx_word' id='word_1_38' title='bbox 365 785 454 841; x_wconf 85' lang='grc' dir='ltr'><strong>τὸν</strong></span> <span class='ocrx_word' id='word_1_39' title='bbox 484 787 606 840; x_wconf 92' lang='grc' dir='ltr'>νοῦν</span> <span class='ocrx_word' id='word_1_40' title='bbox 630 788 728 840; x_wconf 73' lang='grc' dir='ltr'><strong>τὸν</strong></span> <span class='ocrx_word' id='word_1_41' title='bbox 758 788 1047 859; x_wconf 74' lang='grc' dir='ltr'>ᾒμέτερον,</span> <span class='ocrx_word' id='word_1_42' title='bbox 1081 788 1113 860; x_wconf 78' lang='grc' dir='ltr'>ἢ</span> <span class='ocrx_word' id='word_1_43' title='bbox 1151 790 1272 842; x_wconf 76' lang='grc' dir='ltr'>ἀντὶ</span> <span class='ocrx_word' id='word_1_44' title='bbox 1314 789 1407 842; x_wconf 85' lang='grc' dir='ltr'><strong>τοῦ</strong></span> <span class='ocrx_word' id='word_1_45' title='bbox 1463 789 1552 842; x_wconf 90' lang='grc' dir='ltr'><strong>νοῦ</strong></span> <span class='ocrx_word' id='word_1_46' title='bbox 1601 791 1691 843; x_wconf 82' lang='grc' dir='ltr'><strong>τὸν</strong></span> <span class='ocrx_word' id='word_1_47' title='bbox 1726 791 1881 854; x_wconf 81' lang='grc' dir='ltr'>Θεὸν,</span> 
     </span>
    </p>
   </div>
   <div class='ocr_carea' id='block_1_9' title="bbox 304 879 1886 954">
    <p class='ocr_par' dir='ltr' id='par_1_9' title="bbox 304 879 1886 954">
     <span class='ocr_line' id='line_1_9' title="bbox 304 879 1886 954; baseline 0.001 -22"><span class='ocrx_word' id='word_1_48' title='bbox 304 879 594 951; x_wconf 80' lang='grc' dir='ltr'>ίσομεγέθη</span> <span class='ocrx_word' id='word_1_49' title='bbox 619 879 786 934; x_wconf 84' lang='grc' dir='ltr'>ταῦτα</span> <span class='ocrx_word' id='word_1_50' title='bbox 811 881 876 934; x_wconf 82' lang='grc' dir='ltr'>ἂν</span> <span class='ocrx_word' id='word_1_51' title='bbox 900 881 986 952; x_wconf 84' lang='grc' dir='ltr'><strong>εῐη</strong></span> <span class='ocrx_word' id='word_1_52' title='bbox 1013 881 1260 951; x_wconf 79' lang='grc' dir='ltr'>ἀλλήλοις</span> <span class='ocrx_word' id='word_1_53' title='bbox 1283 881 1378 933; x_wconf 77' lang='grc' dir='ltr'>καὶ</span> <span class='ocrx_word' id='word_1_54' title='bbox 1406 881 1703 947; x_wconf 85' lang='grc' dir='ltr'>ίσοστάσια,</span> <span class='ocrx_word' id='word_1_55' title='bbox 1729 883 1886 954; x_wconf 86' lang='grc' dir='ltr'>εῐπερ</span> 
     </span>
    </p>
   </div>
   <div class='ocr_carea' id='block_1_10' title="bbox 305 964 1887 1054">
    <p class='ocr_par' dir='ltr' id='par_1_10' title="bbox 305 964 1887 1054">
     <span class='ocr_line' id='line_1_10' title="bbox 305 964 1887 1054; baseline 0.001 -30"><span class='ocrx_word' id='word_1_56' title='bbox 305 975 362 1024; x_wconf 82' lang='grc' dir='ltr'>ἐν</span> <span class='ocrx_word' id='word_1_57' title='bbox 392 964 436 1039; x_wconf 80' lang='grc' dir='ltr'>ᾧ</span> <span class='ocrx_word' id='word_1_58' title='bbox 463 975 718 1042; x_wconf 83' lang='grc' dir='ltr'>χωρεῖται</span> <span class='ocrx_word' id='word_1_59' title='bbox 752 975 780 1026; x_wconf 91' lang='lat'><strong>6</strong></span> <span class='ocrx_word' id='word_1_60' title='bbox 809 972 952 1036; x_wconf 84' lang='grc' dir='ltr'>νοῦς,</span> <span class='ocrx_word' id='word_1_61' title='bbox 998 975 1054 1026; x_wconf 81' lang='grc' dir='ltr'>ὲν</span> <span class='ocrx_word' id='word_1_62' title='bbox 1085 972 1268 1054; x_wconf 61' lang='lat' dir='ltr'><strong>1061:th</strong></span> <span class='ocrx_word' id='word_1_63' title='bbox 1285 974 1378 1026; x_wconf 73' lang='grc' dir='ltr'><strong>καὶ</strong></span> <span class='ocrx_word' id='word_1_64' title='bbox 1420 975 1452 1044; x_wconf 81' lang='grc' dir='ltr'><strong>ή</strong></span> <span class='ocrx_word' id='word_1_65' title='bbox 1495 973 1684 1044; x_wconf 82' lang='grc' dir='ltr'>θεότης</span> <span class='ocrx_word' id='word_1_66' title='bbox 1729 988 1887 1044; x_wconf 89' lang='grc' dir='ltr'>περι-</span> 
     </span>
    </p>
   </div>
   <div class='ocr_carea' id='block_1_11' title="bbox 306 1066 1888 1138">
    <p class='ocr_par' dir='ltr' id='par_1_11' title="bbox 306 1066 1888 1138">
     <span class='ocr_line' id='line_1_11' title="bbox 306 1066 1888 1138; baseline 0.003 -22"><span class='ocrx_word' id='word_1_67' title='bbox 306 1066 634 1137; x_wconf 80' lang='grc' dir='ltr'>λαμόἀνοιτο</span> <span class='ocrx_word' id='word_1_68' title='bbox 662 1084 676 1098; x_wconf 81' lang='grc'><em>’</em></span> <span class='ocrx_word' id='word_1_69' title='bbox 725 1067 801 1131; x_wconf 83' lang='grc' dir='ltr'>ὡς</span> <span class='ocrx_word' id='word_1_70' title='bbox 841 1067 895 1120; x_wconf 72' lang='grc' dir='ltr'><strong>εἴ</strong></span> <span class='ocrx_word' id='word_1_71' title='bbox 918 1085 1002 1130; x_wconf 86' lang='grc' dir='ltr'>τις</span> <span class='ocrx_word' id='word_1_72' title='bbox 1031 1067 1238 1137; x_wconf 77' lang='grc' dir='ltr'>ἀγγείῳ</span> <span class='ocrx_word' id='word_1_73' title='bbox 1264 1069 1369 1120; x_wconf 77' lang='grc' dir='ltr'>τινὶ</span> <span class='ocrx_word' id='word_1_74' title='bbox 1403 1067 1544 1138; x_wconf 86' lang='grc' dir='ltr'><strong>κενῴ</strong></span> <span class='ocrx_word' id='word_1_75' title='bbox 1577 1068 1690 1137; x_wconf 69' lang='grc'><strong>(58)</strong></span> <span class='ocrx_word' id='word_1_76' title='bbox 1720 1070 1888 1134; x_wconf 82' lang='grc' dir='ltr'>σῖτον,</span> 
     </span>
    </p>
   </div>
   <div class='ocr_carea' id='block_1_12' title="bbox 307 1157 1889 1230">
    <p class='ocr_par' dir='ltr' id='par_1_12' title="bbox 307 1157 1889 1230">
     <span class='ocr_line' id='line_1_12' title="bbox 307 1157 1889 1230; baseline 0.001 -20"><span class='ocrx_word' id='word_1_77' title='bbox 307 1158 342 1228; x_wconf 81' lang='grc' dir='ltr'>ἣ</span> <span class='ocrx_word' id='word_1_78' title='bbox 379 1157 560 1228; x_wconf 74' lang='grc' dir='ltr'>ἕτερόν</span> <span class='ocrx_word' id='word_1_79' title='bbox 587 1176 638 1211; x_wconf 87' lang='grc' dir='ltr'><strong>τι</strong></span> <span class='ocrx_word' id='word_1_80' title='bbox 670 1159 776 1211; x_wconf 80' lang='grc' dir='ltr'>τῶν</span> <span class='ocrx_word' id='word_1_81' title='bbox 813 1159 1143 1229; x_wconf 80' lang='grc' dir='ltr'>σπερμάτων</span> <span class='ocrx_word' id='word_1_82' title='bbox 1185 1161 1544 1230; x_wconf 83' lang='grc' dir='ltr'>ἁπομετροίη,</span> <span class='ocrx_word' id='word_1_83' title='bbox 1579 1162 1680 1213; x_wconf 80' lang='grc' dir='ltr'><strong>οὐκ</strong></span> <span class='ocrx_word' id='word_1_84' title='bbox 1710 1161 1777 1214; x_wconf 79' lang='grc' dir='ltr'>ἄν</span> <span class='ocrx_word' id='word_1_85' title='bbox 1805 1177 1889 1225; x_wconf 88' lang='grc' dir='ltr'>τις</span> 
     </span>
    </p>
   </div>
   <div class='ocr_carea' id='block_1_13' title="bbox 306 1247 1893 1320">
    <p class='ocr_par' dir='ltr' id='par_1_13' title="bbox 306 1247 1893 1320">
     <span class='ocr_line' id='line_1_13' title="bbox 306 1247 1893 1320; baseline 0.004 -22"><span class='ocrx_word' id='word_1_86' title='bbox 306 1247 451 1299; x_wconf 77' lang='grc' dir='ltr'>εἴποι</span> <span class='ocrx_word' id='word_1_87' title='bbox 475 1247 535 1300; x_wconf 85' lang='grc' dir='ltr'><strong>τδ</strong></span> <span class='ocrx_word' id='word_1_88' title='bbox 578 1247 655 1318; x_wconf 82' lang='grc' dir='ltr'><strong>τῷ</strong></span> <span class='ocrx_word' id='word_1_89' title='bbox 681 1247 830 1317; x_wconf 81' lang='grc' dir='ltr'>αὐτῷ</span> <span class='ocrx_word' id='word_1_90' title='bbox 878 1249 1061 1320; x_wconf 79' lang='grc' dir='ltr'>μέτρῳ</span> <span class='ocrx_word' id='word_1_91' title='bbox 1093 1248 1393 1318; x_wconf 78' lang='grc' dir='ltr'>ἰσούμενον,</span> <span class='ocrx_word' id='word_1_92' title='bbox 1431 1250 1572 1302; x_wconf 85' lang='grc' dir='ltr'>κατὰ</span> <span class='ocrx_word' id='word_1_93' title='bbox 1620 1251 1682 1303; x_wconf 84' lang='grc' dir='ltr'><strong>τὸ</strong></span> <span class='ocrx_word' id='word_1_94' title='bbox 1728 1252 1893 1304; x_wconf 82' lang='grc' dir='ltr'>ποσὸν</span> 
     </span>
    </p>
   </div>
   <div class='ocr_carea' id='block_1_14' title="bbox 307 1337 1895 1413">
    <p class='ocr_par' dir='ltr' id='par_1_14' title="bbox 307 1337 1895 1413">
     <span class='ocr_line' id='line_1_14' title="bbox 307 1337 1895 1413; baseline 0.004 -22"><span class='ocrx_word' id='word_1_95' title='bbox 307 1339 585 1409; x_wconf 72' lang='grc' dir='ltr'>διαφέρειν</span> <span class='ocrx_word' id='word_1_96' title='bbox 616 1339 710 1393; x_wconf 86' lang='grc' dir='ltr'><strong>τοῦ</strong></span> <span class='ocrx_word' id='word_1_97' title='bbox 743 1340 902 1395; x_wconf 77' lang='grc' dir='ltr'>ἄλλου</span> <span class='ocrx_word' id='word_1_98' title='bbox 934 1357 947 1370; x_wconf 88' lang='grc'><strong>·</strong></span> <span class='ocrx_word' id='word_1_99' title='bbox 991 1337 1108 1405; x_wconf 78' lang='grc' dir='ltr'>ίσος</span> <span class='ocrx_word' id='word_1_100' title='bbox 1137 1342 1246 1413; x_wconf 82' lang='grc' dir='ltr'><strong>γάρ</strong></span> <span class='ocrx_word' id='word_1_101' title='bbox 1279 1345 1394 1396; x_wconf 87' lang='grc' dir='ltr'>ὲστι</span> <span class='ocrx_word' id='word_1_102' title='bbox 1427 1341 1597 1411; x_wconf 76' lang='grc' dir='ltr'>πυρὸς</span> <span class='ocrx_word' id='word_1_103' title='bbox 1625 1345 1744 1407; x_wconf 81' lang='grc' dir='ltr'>ταῖς</span> <span class='ocrx_word' id='word_1_104' title='bbox 1771 1343 1895 1396; x_wconf 82' lang='grc' dir='ltr'><strong>ὀλύ-</strong></span> 
     </span>
    </p>
   </div>
   <div class='ocr_carea' id='block_1_15' title="bbox 311 1433 1896 1506">
    <p class='ocr_par' dir='ltr' id='par_1_15' title="bbox 311 1433 1896 1506">
     <span class='ocr_line' id='line_1_15' title="bbox 311 1433 1896 1506; baseline 0.003 -22"><span class='ocrx_word' id='word_1_105' title='bbox 311 1448 456 1502; x_wconf 80' lang='grc' dir='ltr'>ραις,</span> <span class='ocrx_word' id='word_1_106' title='bbox 489 1433 618 1485; x_wconf 83' lang='grc' dir='ltr'>ὅταν</span> <span class='ocrx_word' id='word_1_107' title='bbox 661 1433 1114 1487; x_wconf 83' lang='grc' dir='ltr'>ἁποκενωθέντων</span> <span class='ocrx_word' id='word_1_108' title='bbox 1158 1433 1250 1487; x_wconf 85' lang='grc' dir='ltr'><strong>τοῦ</strong></span> <span class='ocrx_word' id='word_1_109' title='bbox 1291 1434 1544 1505; x_wconf 79' lang='grc' dir='ltr'>μεδίμνου</span> <span class='ocrx_word' id='word_1_110' title='bbox 1584 1434 1692 1486; x_wconf 83' lang='grc' dir='ltr'><strong>τῶν</strong></span> <span class='ocrx_word' id='word_1_111' title='bbox 1723 1453 1896 1506; x_wconf 86' lang='grc' dir='ltr'>σπερ-</span> 
     </span>
    </p>
   </div>
   <div class='ocr_carea' id='block_1_16' title="bbox 316 1524 1896 1599">
    <p class='ocr_par' dir='ltr' id='par_1_16' title="bbox 316 1524 1896 1599">
     <span class='ocr_line' id='line_1_16' title="bbox 316 1524 1896 1599; baseline 0.003 -23"><span class='ocrx_word' id='word_1_112' title='bbox 316 1524 504 1592; x_wconf 80' lang='grc' dir='ltr'>μάτων</span> <span class='ocrx_word' id='word_1_113' title='bbox 548 1525 772 1579; x_wconf 78' lang='grc' dir='ltr'>ἐκείνων</span> <span class='ocrx_word' id='word_1_114' title='bbox 805 1525 917 1595; x_wconf 79' lang='lat'>(59)</span> <span class='ocrx_word' id='word_1_115' title='bbox 967 1525 1354 1599; x_wconf 82' lang='grc' dir='ltr'>ἁντιπληρώσῃ</span> <span class='ocrx_word' id='word_1_116' title='bbox 1386 1527 1447 1579; x_wconf 79' lang='grc' dir='ltr'><strong>τὸ</strong></span> <span class='ocrx_word' id='word_1_117' title='bbox 1493 1526 1679 1598; x_wconf 76' lang='grc' dir='ltr'>ἕτερον</span> <span class='ocrx_word' id='word_1_118' title='bbox 1712 1525 1896 1598; x_wconf 74' lang='grc' dir='ltr'>ἔργον.</span> 
     </span>
    </p>
   </div>
   <div class='ocr_carea' id='block_1_17' title="bbox 313 1612 1899 1686">
    <p class='ocr_par' dir='ltr' id='par_1_17' title="bbox 313 1612 1899 1686">
     <span class='ocr_line' id='line_1_17' title="bbox 313 1612 1899 1686; baseline 0.003 -23"><span class='ocrx_word' id='word_1_119' title='bbox 313 1612 524 1665; x_wconf 76' lang='grc' dir='ltr'>Οὐκοῦν</span> <span class='ocrx_word' id='word_1_120' title='bbox 554 1615 601 1666; x_wconf 81' lang='grc' dir='ltr'>εἰ</span> <span class='ocrx_word' id='word_1_121' title='bbox 631 1613 753 1666; x_wconf 76' lang='grc' dir='ltr'>ἀντὶ</span> <span class='ocrx_word' id='word_1_122' title='bbox 780 1613 872 1667; x_wconf 83' lang='grc' dir='ltr'><strong>τοῦ</strong></span> <span class='ocrx_word' id='word_1_123' title='bbox 899 1614 991 1667; x_wconf 90' lang='grc' dir='ltr'><strong>νοῦ</strong></span> <span class='ocrx_word' id='word_1_124' title='bbox 1022 1617 1054 1686; x_wconf 78' lang='grc' dir='ltr'><strong>ἠ</strong></span> <span class='ocrx_word' id='word_1_125' title='bbox 1089 1614 1281 1686; x_wconf 80' lang='grc' dir='ltr'>θεότης</span> <span class='ocrx_word' id='word_1_126' title='bbox 1315 1616 1547 1684; x_wconf 82' lang='grc' dir='ltr'>γίνεται,</span> <span class='ocrx_word' id='word_1_127' title='bbox 1589 1617 1687 1670; x_wconf 78' lang='grc' dir='ltr'>οὐκ</span> <span class='ocrx_word' id='word_1_128' title='bbox 1716 1616 1781 1670; x_wconf 78' lang='grc' dir='ltr'>ἄν</span> <span class='ocrx_word' id='word_1_129' title='bbox 1814 1634 1899 1680; x_wconf 82' lang='grc' dir='ltr'>τις</span> 
     </span>
    </p>
   </div>
   <div class='ocr_carea' id='block_1_18' title="bbox 315 1705 1901 1781">
    <p class='ocr_par' dir='ltr' id='par_1_18' title="bbox 315 1705 1901 1781">
     <span class='ocr_line' id='line_1_18' title="bbox 315 1705 1901 1781; baseline 0.006 -25"><span class='ocrx_word' id='word_1_130' title='bbox 315 1705 676 1778; x_wconf 73' lang='grc' dir='ltr'>ὑπερϐάλλειν</span> <span class='ocrx_word' id='word_1_131' title='bbox 702 1709 845 1760; x_wconf 77' lang='grc' dir='ltr'>εἴποι</span> <span class='ocrx_word' id='word_1_132' title='bbox 871 1708 1021 1778; x_wconf 78' lang='grc' dir='ltr'>παρᾶ</span> <span class='ocrx_word' id='word_1_133' title='bbox 1052 1709 1142 1762; x_wconf 72' lang='grc' dir='ltr'><strong>τὸν</strong></span> <span class='ocrx_word' id='word_1_134' title='bbox 1170 1710 1294 1762; x_wconf 88' lang='grc' dir='ltr'>νοῦν</span> <span class='ocrx_word' id='word_1_135' title='bbox 1323 1712 1420 1781; x_wconf 82' lang='grc' dir='ltr'>τὴν</span> <span class='ocrx_word' id='word_1_136' title='bbox 1451 1711 1702 1781; x_wconf 86' lang='grc' dir='ltr'>θεότητα,</span> <span class='ocrx_word' id='word_1_137' title='bbox 1742 1711 1901 1781; x_wconf 75' lang='grc' dir='ltr'>εἴπερ</span> 
     </span>
    </p>
   </div>
   <div class='ocr_carea' id='block_1_19' title="bbox 316 1797 1898 1874">
    <p class='ocr_par' dir='ltr' id='par_1_19' title="bbox 316 1797 1898 1874">
     <span class='ocr_line' id='line_1_19' title="bbox 316 1797 1898 1874; baseline 0.004 -25"><span class='ocrx_word' id='word_1_138' title='bbox 316 1797 518 1866; x_wconf 70' lang='grc' dir='ltr'>ὁμοίως</span> <span class='ocrx_word' id='word_1_139' title='bbox 559 1799 749 1866; x_wconf 76' lang='grc' dir='ltr'>ἐκείνῳ</span> <span class='ocrx_word' id='word_1_140' title='bbox 782 1803 1038 1872; x_wconf 88' lang='grc' dir='ltr'>χωρεῖται</span> <span class='ocrx_word' id='word_1_141' title='bbox 1069 1802 1163 1854; x_wconf 81' lang='grc' dir='ltr'>καὶ</span> <span class='ocrx_word' id='word_1_142' title='bbox 1194 1802 1333 1874; x_wconf 81' lang='grc' dir='ltr'>αὑτὴ</span> <span class='ocrx_word' id='word_1_143' title='bbox 1373 1802 1479 1856; x_wconf 80' lang='grc' dir='ltr'>ὑπὸ</span> <span class='ocrx_word' id='word_1_144' title='bbox 1524 1803 1624 1873; x_wconf 84' lang='grc' dir='ltr'><strong>τῆς</strong></span> <span class='ocrx_word' id='word_1_145' title='bbox 1664 1802 1898 1872; x_wconf 84' lang='grc' dir='ltr'>φύσεως.</span> 
     </span>
    </p>
   </div>
   <div class='ocr_carea' id='block_1_20' title="bbox 326 1886 1904 1967">
    <p class='ocr_par' dir='ltr' id='par_1_20' title="bbox 326 1886 1904 1967">
     <span class='ocr_line' id='line_1_20' title="bbox 326 1886 1904 1967; baseline 0.003 -24"><span class='ocrx_word' id='word_1_146' title='bbox 326 1893 396 1943; x_wconf 81' lang='grc' dir='ltr'><strong>Ἦ</strong></span> <span class='ocrx_word' id='word_1_147' title='bbox 425 1886 516 1944; x_wconf 81' lang='grc' dir='ltr'>οὗν</span> <span class='ocrx_word' id='word_1_148' title='bbox 537 1887 654 1954; x_wconf 79' lang='grc' dir='ltr'><strong>ἷσός</strong></span> <span class='ocrx_word' id='word_1_149' title='bbox 684 1894 832 1945; x_wconf 79' lang='grc' dir='ltr'>ἐστιν</span> <span class='ocrx_word' id='word_1_150' title='bbox 857 1895 885 1946; x_wconf 98' lang='lat'><strong>6</strong></span> <span class='ocrx_word' id='word_1_151' title='bbox 914 1893 1036 1959; x_wconf 80' lang='grc' dir='ltr'>νοῦς</span> <span class='ocrx_word' id='word_1_152' title='bbox 1065 1897 1129 1966; x_wconf 77' lang='grc' dir='ltr'>τῇ</span> <span class='ocrx_word' id='word_1_153' title='bbox 1165 1894 1398 1967; x_wconf 86' lang='grc' dir='ltr'>θεότητι,</span> <span class='ocrx_word' id='word_1_154' title='bbox 1425 1896 1608 1960; x_wconf 86' lang='grc' dir='ltr'>καθὼς</span> <span class='ocrx_word' id='word_1_155' title='bbox 1630 1897 1658 1949; x_wconf 91' lang='lat'><strong>6</strong></span> <span class='ocrx_word' id='word_1_156' title='bbox 1692 1896 1904 1950; x_wconf 83' lang='grc' dir='ltr'>Ἀπολι-</span> 
     </span>
    </p>
   </div>
   <div class='ocr_carea' id='block_1_21' title="bbox 320 1982 1906 2059">
    <p class='ocr_par' dir='ltr' id='par_1_21' title="bbox 320 1982 1906 2059">
     <span class='ocr_line' id='line_1_21' title="bbox 320 1982 1906 2059; baseline 0.006 -27"><span class='ocrx_word' id='word_1_157' title='bbox 320 1984 506 2054; x_wconf 79' lang='grc' dir='ltr'>νὰριος</span> <span class='ocrx_word' id='word_1_158' title='bbox 540 1982 808 2053; x_wconf 84' lang='grc' dir='ltr'>βούλεται,</span> <span class='ocrx_word' id='word_1_159' title='bbox 845 1985 940 2038; x_wconf 68' lang='grc' dir='ltr'><strong>καὶ</strong></span> <span class='ocrx_word' id='word_1_160' title='bbox 981 1986 1091 2039; x_wconf 83' lang='grc' dir='ltr'>ἀπὸ</span> <span class='ocrx_word' id='word_1_161' title='bbox 1134 1986 1325 2040; x_wconf 85' lang='grc' dir='ltr'>τούτου</span> <span class='ocrx_word' id='word_1_162' title='bbox 1371 1988 1506 2059; x_wconf 76' lang='grc' dir='ltr'>πρὸς</span> <span class='ocrx_word' id='word_1_163' title='bbox 1537 1989 1713 2041; x_wconf 81' lang='grc' dir='ltr'>ἐκεῖνο</span> <span class='ocrx_word' id='word_1_164' title='bbox 1743 2005 1906 2058; x_wconf 84' lang='grc' dir='ltr'>μετα-</span> 
     </span>
    </p>
   </div>
   <div class='ocr_carea' id='block_1_22' title="bbox 325 2074 1908 2152">
    <p class='ocr_par' dir='ltr' id='par_1_22' title="bbox 325 2074 1908 2152">
     <span class='ocr_line' id='line_1_22' title="bbox 325 2074 1908 2152; baseline 0.004 -26"><span class='ocrx_word' id='word_1_165' title='bbox 325 2074 478 2138; x_wconf 77' lang='grc' dir='ltr'>στὰς,</span> <span class='ocrx_word' id='word_1_166' title='bbox 509 2075 608 2128; x_wconf 77' lang='grc' dir='ltr'><strong>οὒκ</strong></span> <span class='ocrx_word' id='word_1_167' title='bbox 632 2075 896 2148; x_wconf 77' lang='grc' dir='ltr'><strong>ἠλλοιώθη</strong></span> <span class='ocrx_word' id='word_1_168' title='bbox 915 2095 928 2108; x_wconf 88' lang='grc'><strong>·</strong></span> <span class='ocrx_word' id='word_1_169' title='bbox 962 2078 994 2148; x_wconf 78' lang='grc' dir='ltr'><strong>ἢ</strong></span> <span class='ocrx_word' id='word_1_170' title='bbox 1026 2078 1446 2151; x_wconf 82' lang='grc' dir='ltr'>καταδεέστερον</span> <span class='ocrx_word' id='word_1_171' title='bbox 1474 2083 1501 2133; x_wconf 88' lang='lat'><strong>6</strong></span> <span class='ocrx_word' id='word_1_172' title='bbox 1526 2079 1650 2142; x_wconf 83' lang='grc' dir='ltr'>νοῦς</span> <span class='ocrx_word' id='word_1_173' title='bbox 1675 2079 1828 2152; x_wconf 78' lang='grc' dir='ltr'>παρὰ</span> <span class='ocrx_word' id='word_1_174' title='bbox 1850 2080 1908 2133; x_wconf 85' lang='grc' dir='ltr'><strong>τὸ</strong></span> 
     </span>
    </p>
   </div>
   <div class='ocr_carea' id='block_1_23' title="bbox 323 2167 1910 2243">
    <p class='ocr_par' dir='ltr' id='par_1_23' title="bbox 323 2167 1910 2243">
     <span class='ocr_line' id='line_1_23' title="bbox 323 2167 1910 2243; baseline 0.004 -25"><span class='ocrx_word' id='word_1_175' title='bbox 323 2167 503 2231; x_wconf 60' lang='grc' dir='ltr'>(θεῖον,</span> <span class='ocrx_word' id='word_1_176' title='bbox 537 2171 565 2222; x_wconf 92' lang='lat'><strong>6</strong></span> <span class='ocrx_word' id='word_1_177' title='bbox 609 2169 765 2222; x_wconf 83' lang='grc' dir='ltr'>τοῦτο</span> <span class='ocrx_word' id='word_1_178' title='bbox 799 2170 910 2240; x_wconf 90' lang='grc'><strong>(60)</strong></span> <span class='ocrx_word' id='word_1_179' title='bbox 963 2171 1021 2237; x_wconf 77' lang='grc' dir='ltr'><strong>ἐξ</strong></span> <span class='ocrx_word' id='word_1_180' title='bbox 1056 2171 1266 2225; x_wconf 78' lang='grc' dir='ltr'>ἐκείνου</span> <span class='ocrx_word' id='word_1_181' title='bbox 1309 2173 1596 2242; x_wconf 82' lang='grc' dir='ltr'>γενόμενος</span> <span class='ocrx_word' id='word_1_182' title='bbox 1617 2213 1632 2235; x_wconf 91' lang='grc'><strong>,</strong></span> <span class='ocrx_word' id='word_1_183' title='bbox 1684 2173 1818 2243; x_wconf 81' lang='grc' dir='ltr'>πρὸς</span> <span class='ocrx_word' id='word_1_184' title='bbox 1850 2173 1910 2225; x_wconf 85' lang='grc' dir='ltr'><strong>τὸ</strong></span> 
     </span>
    </p>
   </div>
   <div class='ocr_carea' id='block_1_24' title="bbox 325 2262 1912 2333">
    <p class='ocr_par' dir='ltr' id='par_1_24' title="bbox 325 2262 1912 2333">
     <span class='ocr_line' id='line_1_24' title="bbox 325 2262 1912 2333; baseline 0.003 -20"><span class='ocrx_word' id='word_1_185' title='bbox 325 2262 703 2333; x_wconf 70' lang='grc' dir='ltr'>εὖτελέστερον</span> <span class='ocrx_word' id='word_1_186' title='bbox 731 2263 1018 2333; x_wconf 67' lang='grc' dir='ltr'><strong>⁴ὴλλοιώϐη.</strong></span> <span class='ocrx_word' id='word_1_187' title='bbox 1063 2263 1224 2318; x_wconf 82' lang='grc' dir='ltr'>Ἀλλὰ</span> <span class='ocrx_word' id='word_1_188' title='bbox 1253 2265 1334 2328; x_wconf 79' lang='grc' dir='ltr'>τίς</span> <span class='ocrx_word' id='word_1_189' title='bbox 1359 2267 1458 2319; x_wconf 79' lang='grc' dir='ltr'><strong>οὐκ</strong></span> <span class='ocrx_word' id='word_1_190' title='bbox 1486 2262 1626 2319; x_wconf 77' lang='grc' dir='ltr'>οἶδεν</span> <span class='ocrx_word' id='word_1_191' title='bbox 1659 2267 1741 2320; x_wconf 85' lang='grc' dir='ltr'><strong>ὅτι</strong></span> <span class='ocrx_word' id='word_1_192' title='bbox 1771 2265 1912 2318; x_wconf 82' lang='grc' dir='ltr'>κατὰ.</span> 
     </span>
    </p>
   </div>
   <div class='ocr_carea' id='block_1_25' title="bbox 324 2351 1911 2427">
    <p class='ocr_par' dir='ltr' id='par_1_25' title="bbox 324 2351 1911 2427">
     <span class='ocr_line' id='line_1_25' title="bbox 324 2351 1911 2427; baseline 0.002 -24"><span class='ocrx_word' id='word_1_193' title='bbox 324 2355 388 2406; x_wconf 73' lang='grc' dir='ltr'>τδ</span> <span class='ocrx_word' id='word_1_194' title='bbox 407 2351 522 2406; x_wconf 69' lang='grc' dir='ltr'>ἴσον</span> <span class='ocrx_word' id='word_1_195' title='bbox 552 2354 856 2423; x_wconf 78' lang='grc' dir='ltr'>ὑποϐέϐηκε</span> <span class='ocrx_word' id='word_1_196' title='bbox 888 2356 954 2424; x_wconf 83' lang='grc' dir='ltr'>τῇ</span> <span class='ocrx_word' id='word_1_197' title='bbox 982 2355 1259 2426; x_wconf 81' lang='grc' dir='ltr'>ἀπροσίτῳ</span> <span class='ocrx_word' id='word_1_198' title='bbox 1281 2373 1340 2408; x_wconf 90' lang='grc' dir='ltr'><strong>τε</strong></span> <span class='ocrx_word' id='word_1_199' title='bbox 1368 2356 1461 2409; x_wconf 71' lang='grc' dir='ltr'>καὶ</span> <span class='ocrx_word' id='word_1_200' title='bbox 1476 2355 1911 2427; x_wconf 81' lang='grc' dir='ltr'>ἀπροσπελάστῳ</span> 
     </span>
    </p>
   </div>
   <div class='ocr_carea' id='block_1_26' title="bbox 330 2445 1913 2519">
    <p class='ocr_par' dir='ltr' id='par_1_26' title="bbox 330 2445 1913 2519">
     <span class='ocr_line' id='line_1_26' title="bbox 330 2445 1913 2519; baseline 0.002 -23"><span class='ocrx_word' id='word_1_201' title='bbox 330 2445 490 2511; x_wconf 75' lang='grc' dir='ltr'>φύσει</span> <span class='ocrx_word' id='word_1_202' title='bbox 524 2445 632 2517; x_wconf 97' lang='grc'><strong>(61)</strong></span> <span class='ocrx_word' id='word_1_203' title='bbox 686 2448 792 2500; x_wconf 79' lang='grc' dir='ltr'><strong>πᾶν</strong></span> <span class='ocrx_word' id='word_1_204' title='bbox 840 2447 901 2499; x_wconf 80' lang='grc' dir='ltr'><strong>τὸ</strong></span> <span class='ocrx_word' id='word_1_205' title='bbox 947 2448 1003 2502; x_wconf 85' lang='grc' dir='ltr'><strong>έν</strong></span> <span class='ocrx_word' id='word_1_206' title='bbox 1045 2449 1112 2518; x_wconf 80' lang='grc' dir='ltr'>τῇ</span> <span class='ocrx_word' id='word_1_207' title='bbox 1149 2447 1321 2500; x_wconf 78' lang='grc' dir='ltr'>κτίσει</span> <span class='ocrx_word' id='word_1_208' title='bbox 1351 2447 1657 2519; x_wconf 83' lang='grc' dir='ltr'>νοούμενον,</span> <span class='ocrx_word' id='word_1_209' title='bbox 1688 2447 1762 2512; x_wconf 81' lang='grc' dir='ltr'><strong>ὡς</strong></span> <span class='ocrx_word' id='word_1_210' title='bbox 1789 2447 1913 2519; x_wconf 77' lang='grc' dir='ltr'>ῐσην</span> 
     </span>
    </p>
   </div>
   <div class='ocr_carea' id='block_1_27' title="bbox 329 2536 1915 2610">
    <p class='ocr_par' dir='ltr' id='par_1_27' title="bbox 329 2536 1915 2610">
     <span class='ocr_line' id='line_1_27' title="bbox 329 2536 1915 2610; baseline 0.002 -22"><span class='ocrx_word' id='word_1_211' title='bbox 329 2536 429 2607; x_wconf 77' lang='grc' dir='ltr'><strong>τὴν</strong></span> <span class='ocrx_word' id='word_1_212' title='bbox 461 2537 571 2608; x_wconf 71' lang='lat'>(6:2)</span> <span class='ocrx_word' id='word_1_213' title='bbox 622 2538 848 2608; x_wconf 82' lang='grc' dir='ltr'>τροπὴν,</span> <span class='ocrx_word' id='word_1_214' title='bbox 896 2537 996 2591; x_wconf 82' lang='grc' dir='ltr'>κᾶν</span> <span class='ocrx_word' id='word_1_215' title='bbox 1025 2541 1106 2601; x_wconf 81' lang='grc' dir='ltr'>είς</span> <span class='ocrx_word' id='word_1_216' title='bbox 1147 2539 1370 2610; x_wconf 77' lang='grc' dir='ltr'>κτίσμα,</span> <span class='ocrx_word' id='word_1_217' title='bbox 1411 2539 1514 2593; x_wconf 77' lang='grc' dir='ltr'><strong>κᾶν</strong></span> <span class='ocrx_word' id='word_1_218' title='bbox 1543 2541 1622 2602; x_wconf 85' lang='grc' dir='ltr'><strong>εἰς</strong></span> <span class='ocrx_word' id='word_1_219' title='bbox 1666 2538 1790 2592; x_wconf 87' lang='grc' dir='ltr'>νοῦν</span> <span class='ocrx_word' id='word_1_220' title='bbox 1831 2557 1915 2602; x_wconf 82' lang='grc' dir='ltr'>τις</span> 
     </span>
    </p>
   </div>
   <div class='ocr_carea' id='block_1_28' title="bbox 333 2627 1914 2701">
    <p class='ocr_par' dir='ltr' id='par_1_28' title="bbox 333 2627 1914 2701">
     <span class='ocr_line' id='line_1_28' title="bbox 333 2627 1914 2701; baseline 0.003 -23"><span class='ocrx_word' id='word_1_221' title='bbox 333 2627 480 2697; x_wconf 74' lang='grc' dir='ltr'>λέγοι</span> <span class='ocrx_word' id='word_1_222' title='bbox 507 2629 941 2701; x_wconf 75' lang='grc' dir='ltr'>μεταϐεϐλῆσθαι</span> <span class='ocrx_word' id='word_1_223' title='bbox 971 2630 1031 2682; x_wconf 65' lang='grc' dir='ltr'>τὸ</span> <span class='ocrx_word' id='word_1_224' title='bbox 1047 2630 1230 2689; x_wconf 84' lang='grc' dir='ltr'>Θεῑον;</span> <span class='ocrx_word' id='word_1_225' title='bbox 1259 2631 1420 2684; x_wconf 84' lang='grc' dir='ltr'>Ὥστε</span> <span class='ocrx_word' id='word_1_226' title='bbox 1449 2631 1496 2684; x_wconf 81' lang='grc' dir='ltr'>εἰ</span> <span class='ocrx_word' id='word_1_227' title='bbox 1521 2631 1581 2684; x_wconf 83' lang='grc' dir='ltr'><strong>τὸ</strong></span> <span class='ocrx_word' id='word_1_228' title='bbox 1611 2631 1670 2683; x_wconf 87' lang='grc' dir='ltr'><strong>ὲν</strong></span> <span class='ocrx_word' id='word_1_229' title='bbox 1700 2630 1777 2700; x_wconf 81' lang='grc' dir='ltr'><strong>νῷ</strong></span> <span class='ocrx_word' id='word_1_230' title='bbox 1802 2629 1914 2698; x_wconf 78' lang='lat'>(65)</span> 
     </span>
    </p>
   </div>
   <div class='ocr_carea' id='block_1_29' title="bbox 331 2721 1914 2794">
    <p class='ocr_par' dir='ltr' id='par_1_29' title="bbox 331 2721 1914 2794">
     <span class='ocr_line' id='line_1_29' title="bbox 331 2721 1914 2794; baseline 0.002 -22"><span class='ocrx_word' id='word_1_231' title='bbox 331 2721 584 2789; x_wconf 73' lang='grc' dir='ltr'>γενέσθαι</span> <span class='ocrx_word' id='word_1_232' title='bbox 626 2723 834 2792; x_wconf 73' lang='grc' dir='ltr'>τροπὴν</span> <span class='ocrx_word' id='word_1_233' title='bbox 884 2723 914 2774; x_wconf 90' lang='lat'><strong>6</strong></span> <span class='ocrx_word' id='word_1_234' title='bbox 968 2722 1339 2794; x_wconf 76' lang='grc' dir='ltr'>’Λπολινὰριος</span> <span class='ocrx_word' id='word_1_235' title='bbox 1384 2722 1500 2792; x_wconf 67' lang='grc'><strong>(64)</strong></span> <span class='ocrx_word' id='word_1_236' title='bbox 1554 2723 1654 2775; x_wconf 74' lang='grc' dir='ltr'>οὐκ</span> <span class='ocrx_word' id='word_1_237' title='bbox 1721 2722 1914 2785; x_wconf 80' lang='grc' dir='ltr'>οἴεται,</span> 
     </span>
    </p>
   </div>
   <div class='ocr_carea' id='block_1_30' title="bbox 332 2812 1916 2885">
    <p class='ocr_par' dir='ltr' id='par_1_30' title="bbox 332 2812 1916 2885">
     <span class='ocr_line' id='line_1_30' title="bbox 332 2812 1916 2885; baseline -0.001 -19"><span class='ocrx_word' id='word_1_238' title='bbox 332 2812 456 2867; x_wconf 76' lang='grc' dir='ltr'>οὐδὲ</span> <span class='ocrx_word' id='word_1_239' title='bbox 501 2814 560 2866; x_wconf 71' lang='grc' dir='ltr'>τὸ</span> <span class='ocrx_word' id='word_1_240' title='bbox 609 2812 731 2883; x_wconf 85' lang='grc' dir='ltr'>δίχα</span> <span class='ocrx_word' id='word_1_241' title='bbox 781 2813 1018 2878; x_wconf 83' lang='grc' dir='ltr'>διανοίας</span> <span class='ocrx_word' id='word_1_242' title='bbox 1068 2815 1469 2885; x_wconf 80' lang='grc' dir='ltr'>καταμιχθῆναι</span> <span class='ocrx_word' id='word_1_243' title='bbox 1511 2813 1590 2884; x_wconf 80' lang='grc' dir='ltr'>τῷ</span> <span class='ocrx_word' id='word_1_244' title='bbox 1623 2813 1916 2885; x_wconf 83' lang='grc' dir='ltr'>ἀνθρώπῳ,</span> 
     </span>
    </p>
   </div>
   <div class='ocr_carea' id='block_1_31' title="bbox 339 2909 1917 2981">
    <p class='ocr_par' dir='ltr' id='par_1_31' title="bbox 339 2909 1917 2981">
     <span class='ocr_line' id='line_1_31' title="bbox 339 2909 1917 2981; baseline 0 -19"><span class='ocrx_word' id='word_1_245' title='bbox 339 2913 753 2981; x_wconf 73' lang='grc' dir='ltr'>προσμαρτυρεῖ</span> <span class='ocrx_word' id='word_1_246' title='bbox 777 2910 854 2980; x_wconf 82' lang='grc' dir='ltr'>τῷ</span> <span class='ocrx_word' id='word_1_247' title='bbox 885 2910 1242 2980; x_wconf 81' lang='grc' dir='ltr'>ἀνακραθέντι</span> <span class='ocrx_word' id='word_1_248' title='bbox 1282 2910 1343 2963; x_wconf 85' lang='grc' dir='ltr'><strong>τὸ</strong></span> <span class='ocrx_word' id='word_1_249' title='bbox 1384 2909 1764 2965; x_wconf 74' lang='grc' dir='ltr'>ἀναλλοίωτονο</span> <span class='ocrx_word' id='word_1_250' title='bbox 1799 2909 1917 2962; x_wconf 78' lang='grc' dir='ltr'>ἀλλ’</span> 
     </span>
    </p>
   </div>
   <div class='ocr_carea' id='block_1_32' title="bbox 339 3001 1921 3075">
    <p class='ocr_par' dir='ltr' id='par_1_32' title="bbox 339 3001 1921 3075">
     <span class='ocr_line' id='line_1_32' title="bbox 339 3001 1921 3075; baseline -0.001 -20"><span class='ocrx_word' id='word_1_251' title='bbox 339 3005 497 3072; x_wconf 79' lang='grc' dir='ltr'>εἴπερ</span> <span class='ocrx_word' id='word_1_252' title='bbox 529 3003 638 3075; x_wconf 81' lang='grc'><strong>(65)</strong></span> <span class='ocrx_word' id='word_1_253' title='bbox 667 3003 767 3056; x_wconf 78' lang='grc' dir='ltr'><strong>οὐκ</strong></span> <span class='ocrx_word' id='word_1_254' title='bbox 791 3001 1078 3072; x_wconf 71' lang='grc' dir='ltr'>ἠλλοιώθη,</span> <span class='ocrx_word' id='word_1_255' title='bbox 1111 3001 1247 3074; x_wconf 80' lang='grc' dir='ltr'>σὰρξ</span> <span class='ocrx_word' id='word_1_256' title='bbox 1276 3001 1586 3072; x_wconf 83' lang='grc' dir='ltr'>γενόμενος,</span> <span class='ocrx_word' id='word_1_257' title='bbox 1623 3001 1756 3054; x_wconf 83' lang='grc' dir='ltr'>πολὺ</span> <span class='ocrx_word' id='word_1_258' title='bbox 1785 3001 1921 3070; x_wconf 86' lang='grc' dir='ltr'><strong>μᾶλ-</strong></span> 
     </span>
    </p>
   </div>
   <div class='ocr_carea' id='block_1_33' title="bbox 337 3091 1920 3166">
    <p class='ocr_par' dir='ltr' id='par_1_33' title="bbox 337 3091 1920 3166">
     <span class='ocr_line' id='line_1_33' title="bbox 337 3091 1920 3166; baseline -0.001 -20"><span class='ocrx_word' id='word_1_259' title='bbox 337 3097 430 3150; x_wconf 75' lang='grc' dir='ltr'>λον</span> <span class='ocrx_word' id='word_1_260' title='bbox 454 3097 511 3150; x_wconf 81' lang='grc' dir='ltr'>ὲν</span> <span class='ocrx_word' id='word_1_261' title='bbox 535 3094 611 3166; x_wconf 79' lang='grc' dir='ltr'>τῷ</span> <span class='ocrx_word' id='word_1_262' title='bbox 633 3094 888 3166; x_wconf 83' lang='grc' dir='ltr'>ἀτρέπτῳ</span> <span class='ocrx_word' id='word_1_263' title='bbox 915 3094 1170 3162; x_wconf 85' lang='grc' dir='ltr'>διέμεινε,</span> <span class='ocrx_word' id='word_1_264' title='bbox 1207 3092 1300 3146; x_wconf 76' lang='grc' dir='ltr'><strong>καὶ</strong></span> <span class='ocrx_word' id='word_1_265' title='bbox 1327 3092 1460 3162; x_wconf 80' lang='grc' dir='ltr'>πρὸς</span> <span class='ocrx_word' id='word_1_266' title='bbox 1484 3093 1574 3144; x_wconf 83' lang='grc' dir='ltr'><strong>τὸν</strong></span> <span class='ocrx_word' id='word_1_267' title='bbox 1608 3091 1731 3145; x_wconf 85' lang='grc' dir='ltr'>νοῦν</span> <span class='ocrx_word' id='word_1_268' title='bbox 1765 3108 1920 3161; x_wconf 83' lang='grc' dir='ltr'>ποιη-</span> 
     </span>
    </p>
   </div>
   <div class='ocr_carea' id='block_1_34' title="bbox 1985 607 3570 680">
    <p class='ocr_par' dir='ltr' id='par_1_34' title="bbox 1985 607 3570 680">
     <span class='ocr_line' id='line_1_34' title="bbox 1985 607 3570 680; baseline 0 -17"><span class='ocrx_word' id='word_1_269' title='bbox 1985 624 2140 664; x_wconf 89' lang='lat' dir='ltr'><strong>mens</strong></span> <span class='ocrx_word' id='word_1_270' title='bbox 2174 610 2432 674; x_wconf 86' lang='lat' dir='ltr'><strong>humana,</strong></span> <span class='ocrx_word' id='word_1_271' title='bbox 2475 609 2544 672; x_wconf 88' lang='lat' dir='ltr'><strong>si,</strong></span> <span class='ocrx_word' id='word_1_272' title='bbox 2589 608 3047 678; x_wconf 80' lang='lat' dir='ltr'><strong>quemadmodum</strong></span> <span class='ocrx_word' id='word_1_273' title='bbox 3100 607 3176 662; x_wconf 88' lang='lat' dir='ltr'><strong>ait</strong></span> <span class='ocrx_word' id='word_1_274' title='bbox 3211 609 3570 680; x_wconf 86' lang='lat' dir='ltr'><strong>Apollinaris,</strong></span> 
     </span>
    </p>
   </div>
   <div class='ocr_carea' id='block_1_35' title="bbox 1987 698 3568 756">
    <p class='ocr_par' dir='ltr' id='par_1_35' title="bbox 1987 698 3568 756">
     <span class='ocr_line' id='line_1_35' title="bbox 1987 698 3568 756; baseline -0.003 -1"><span class='ocrx_word' id='word_1_275' title='bbox 1987 716 2140 756; x_wconf 90' lang='lat' dir='ltr'><strong>mens</strong></span> <span class='ocrx_word' id='word_1_276' title='bbox 2197 701 2436 755; x_wconf 83' lang='lat' dir='ltr'><strong>hominis</strong></span> <span class='ocrx_word' id='word_1_277' title='bbox 2474 702 2616 755; x_wconf 76' lang='lat' dir='ltr'><strong>facta</strong></span> <span class='ocrx_word' id='word_1_278' title='bbox 2661 709 2746 754; x_wconf 89' lang='lat' dir='ltr'><strong>est</strong></span> <span class='ocrx_word' id='word_1_279' title='bbox 2792 701 2977 755; x_wconf 89' lang='lat' dir='ltr'><strong>divina</strong></span> <span class='ocrx_word' id='word_1_280' title='bbox 3036 709 3253 756; x_wconf 86' lang='lat' dir='ltr'><strong>natura.</strong></span> <span class='ocrx_word' id='word_1_281' title='bbox 3309 698 3366 754; x_wconf 89' lang='lat' dir='ltr'><strong>Si</strong></span> <span class='ocrx_word' id='word_1_282' title='bbox 3421 702 3568 753; x_wconf 89' lang='lat' dir='ltr'><strong>enim</strong></span> 
     </span>
    </p>
   </div>
   <div class='ocr_carea' id='block_1_36' title="bbox 1986 791 3575 861">
    <p class='ocr_par' dir='ltr' id='par_1_36' title="bbox 1986 791 3575 861">
     <span class='ocr_line' id='line_1_36' title="bbox 1986 791 3575 861; baseline -0.001 -16"><span class='ocrx_word' id='word_1_283' title='bbox 1986 807 2241 861; x_wconf 78' lang='lat' dir='ltr'><strong>peraeque</strong></span> <span class='ocrx_word' id='word_1_284' title='bbox 2291 791 2528 844; x_wconf 89' lang='lat' dir='ltr'><strong>humana</strong></span> <span class='ocrx_word' id='word_1_285' title='bbox 2568 799 2763 844; x_wconf 84' lang='lat' dir='ltr'><strong>natura</strong></span> <span class='ocrx_word' id='word_1_286' title='bbox 2795 792 2877 846; x_wconf 86' lang='lat' dir='ltr'><strong>vel</strong></span> <span class='ocrx_word' id='word_1_287' title='bbox 2911 800 3161 846; x_wconf 90' lang='lat' dir='ltr'><strong>nostram</strong></span> <span class='ocrx_word' id='word_1_288' title='bbox 3208 800 3450 846; x_wconf 91' lang='lat' dir='ltr'><strong>mentem</strong></span> <span class='ocrx_word' id='word_1_289' title='bbox 3486 791 3575 844; x_wconf 85' lang='lat' dir='ltr'><strong>vel</strong></span> 
     </span>
    </p>
   </div>
   <div class='ocr_carea' id='block_1_37' title="bbox 1988 883 3575 954">
    <p class='ocr_par' dir='ltr' id='par_1_37' title="bbox 1988 883 3575 954">
     <span class='ocr_line' id='line_1_37' title="bbox 1988 883 3575 954; baseline -0.001 -17"><span class='ocrx_word' id='word_1_290' title='bbox 1988 886 2189 938; x_wconf 87' lang='lat' dir='ltr'><strong>mentis</strong></span> <span class='ocrx_word' id='word_1_291' title='bbox 2247 884 2368 936; x_wconf 90' lang='lat' dir='ltr'><strong>loco</strong></span> <span class='ocrx_word' id='word_1_292' title='bbox 2433 883 2600 937; x_wconf 86' lang='lat' dir='ltr'><strong>Deum</strong></span> <span class='ocrx_word' id='word_1_293' title='bbox 2644 885 2858 953; x_wconf 85' lang='lat' dir='ltr'><strong>recipit,</strong></span> <span class='ocrx_word' id='word_1_294' title='bbox 2908 885 3284 954; x_wconf 86' lang='lat' dir='ltr'><strong>magnitudine</strong></span> <span class='ocrx_word' id='word_1_295' title='bbox 3333 885 3575 953; x_wconf 68' lang='lat' dir='ltr'><strong>aequales</strong></span> 
     </span>
    </p>
   </div>
   <div class='ocr_carea' id='block_1_38' title="bbox 1990 977 3578 1046">
    <p class='ocr_par' dir='ltr' id='par_1_38' title="bbox 1990 977 3578 1046">
     <span class='ocr_line' id='line_1_38' title="bbox 1990 977 3578 1046; baseline -0.001 -18"><span class='ocrx_word' id='word_1_296' title='bbox 1990 990 2054 1029; x_wconf 88' lang='lat' dir='ltr'><strong>ac</strong></span> <span class='ocrx_word' id='word_1_297' title='bbox 2100 992 2259 1046; x_wconf 85' lang='lat' dir='ltr'><strong>pares</strong></span> <span class='ocrx_word' id='word_1_298' title='bbox 2295 977 2437 1030; x_wconf 89' lang='lat' dir='ltr'><strong>inter</strong></span> <span class='ocrx_word' id='word_1_299' title='bbox 2472 991 2530 1030; x_wconf 91' lang='lat' dir='ltr'><strong>se</strong></span> <span class='ocrx_word' id='word_1_300' title='bbox 2569 984 2754 1030; x_wconf 85' lang='lat' dir='ltr'><strong>essent</strong></span> <span class='ocrx_word' id='word_1_301' title='bbox 2783 977 3039 1031; x_wconf 86' lang='lat' dir='ltr'><strong>divinitas</strong></span> <span class='ocrx_word' id='word_1_302' title='bbox 3076 987 3129 1030; x_wconf 85' lang='lat' dir='ltr'><strong>et</strong></span> <span class='ocrx_word' id='word_1_303' title='bbox 3172 993 3326 1030; x_wconf 88' lang='lat' dir='ltr'><strong>mens</strong></span> <span class='ocrx_word' id='word_1_304' title='bbox 3383 977 3578 1029; x_wconf 81' lang='lat' dir='ltr'><strong>huma-</strong></span> 
     </span>
    </p>
   </div>
   <div class='ocr_carea' id='block_1_39' title="bbox 1992 1067 3580 1136">
    <p class='ocr_par' dir='ltr' id='par_1_39' title="bbox 1992 1067 3580 1136">
     <span class='ocr_line' id='line_1_39' title="bbox 1992 1067 3580 1136; baseline -0.001 -16"><span class='ocrx_word' id='word_1_305' title='bbox 1992 1081 2084 1129; x_wconf 84' lang='lat' dir='ltr'><strong>na,</strong></span> <span class='ocrx_word' id='word_1_306' title='bbox 2119 1067 2560 1136; x_wconf 78' lang='lat' dir='ltr'><strong>quandoquidem</strong></span> <span class='ocrx_word' id='word_1_307' title='bbox 2602 1068 2657 1120; x_wconf 91' lang='lat' dir='ltr'><strong>in</strong></span> <span class='ocrx_word' id='word_1_308' title='bbox 2706 1082 2772 1120; x_wconf 89' lang='lat' dir='ltr'><strong>eo</strong></span> <span class='ocrx_word' id='word_1_309' title='bbox 2819 1069 2962 1135; x_wconf 88' lang='lat' dir='ltr'><strong>quod</strong></span> <span class='ocrx_word' id='word_1_310' title='bbox 3016 1079 3256 1123; x_wconf 89' lang='lat' dir='ltr'><strong>mentem</strong></span> <span class='ocrx_word' id='word_1_311' title='bbox 3309 1069 3458 1136; x_wconf 81' lang='lat' dir='ltr'><strong>capit</strong></span> <span class='ocrx_word' id='word_1_312' title='bbox 3503 1067 3580 1120; x_wconf 85' lang='lat' dir='ltr'><strong>di-</strong></span> 
     </span>
    </p>
   </div>
   <div class='ocr_carea' id='block_1_40' title="bbox 1993 1159 3581 1230">
    <p class='ocr_par' dir='ltr' id='par_1_40' title="bbox 1993 1159 3581 1230">
     <span class='ocr_line' id='line_1_40' title="bbox 1993 1159 3581 1230; baseline 0.001 -19"><span class='ocrx_word' id='word_1_313' title='bbox 1993 1160 2194 1214; x_wconf 88' lang='lat' dir='ltr'><strong>vinitas</strong></span> <span class='ocrx_word' id='word_1_314' title='bbox 2245 1175 2461 1230; x_wconf 87' lang='lat' dir='ltr'><strong>quoque</strong></span> <span class='ocrx_word' id='word_1_315' title='bbox 2505 1161 2896 1215; x_wconf 82' lang='lat' dir='ltr'><strong>contineretur.</strong></span> <span class='ocrx_word' id='word_1_316' title='bbox 2956 1159 3132 1215; x_wconf 82' lang='lat' dir='ltr'><strong>Veluti</strong></span> <span class='ocrx_word' id='word_1_317' title='bbox 3185 1162 3229 1215; x_wconf 92' lang='lat' dir='ltr'><strong>si</strong></span> <span class='ocrx_word' id='word_1_318' title='bbox 3291 1160 3414 1230; x_wconf 83' lang='lat' dir='ltr'><strong>quis</strong></span> <span class='ocrx_word' id='word_1_319' title='bbox 3452 1176 3581 1214; x_wconf 88' lang='lat' dir='ltr'><strong>vase</strong></span> 
     </span>
    </p>
   </div>
   <div class='ocr_carea' id='block_1_41' title="bbox 1995 1251 3580 1322">
    <p class='ocr_par' dir='ltr' id='par_1_41' title="bbox 1995 1251 3580 1322">
     <span class='ocr_line' id='line_1_41' title="bbox 1995 1251 3580 1322; baseline 0.001 -18"><span class='ocrx_word' id='word_1_320' title='bbox 1995 1252 2178 1321; x_wconf 87' lang='lat' dir='ltr'><strong>aliquo</strong></span> <span class='ocrx_word' id='word_1_321' title='bbox 2207 1266 2383 1306; x_wconf 90' lang='lat' dir='ltr'><strong>vacuo</strong></span> <span class='ocrx_word' id='word_1_322' title='bbox 2431 1251 2768 1307; x_wconf 81' lang='lat' dir='ltr'><strong>frumentum</strong></span> <span class='ocrx_word' id='word_1_323' title='bbox 2828 1254 2910 1306; x_wconf 90' lang='lat' dir='ltr'><strong>vel</strong></span> <span class='ocrx_word' id='word_1_324' title='bbox 2971 1253 3265 1322; x_wconf 85' lang='lat' dir='ltr'><strong>quodpiam</strong></span> <span class='ocrx_word' id='word_1_325' title='bbox 3314 1253 3457 1304; x_wconf 85' lang='lat' dir='ltr'><strong>aliud</strong></span> <span class='ocrx_word' id='word_1_326' title='bbox 3491 1267 3580 1305; x_wconf 89' lang='lat' dir='ltr'><strong>se-</strong></span> 
     </span>
    </p>
   </div>
   <div class='ocr_carea' id='block_1_42' title="bbox 1998 1341 3584 1412">
    <p class='ocr_par' dir='ltr' id='par_1_42' title="bbox 1998 1341 3584 1412">
     <span class='ocr_line' id='line_1_42' title="bbox 1998 1341 3584 1412; baseline -0.002 -15"><span class='ocrx_word' id='word_1_327' title='bbox 1998 1359 2121 1398; x_wconf 91' lang='lat' dir='ltr'><strong>men</strong></span> <span class='ocrx_word' id='word_1_328' title='bbox 2161 1343 2500 1406; x_wconf 86' lang='lat' dir='ltr'><strong>dimetiatur,</strong></span> <span class='ocrx_word' id='word_1_329' title='bbox 2537 1358 2695 1397; x_wconf 89' lang='lat' dir='ltr'><strong>nemo</strong></span> <span class='ocrx_word' id='word_1_330' title='bbox 2728 1343 2916 1412; x_wconf 88' lang='lat' dir='ltr'><strong>utique</strong></span> <span class='ocrx_word' id='word_1_331' title='bbox 2949 1343 3151 1397; x_wconf 83' lang='lat' dir='ltr'><strong>dixerit</strong></span> <span class='ocrx_word' id='word_1_332' title='bbox 3205 1341 3256 1394; x_wconf 88' lang='lat' dir='ltr'><strong>id</strong></span> <span class='ocrx_word' id='word_1_333' title='bbox 3311 1341 3456 1410; x_wconf 89' lang='lat' dir='ltr'><strong>quod</strong></span> <span class='ocrx_word' id='word_1_334' title='bbox 3489 1356 3584 1395; x_wconf 88' lang='lat' dir='ltr'><strong>ca-</strong></span> 
     </span>
    </p>
   </div>
   <div class='ocr_carea' id='block_1_43' title="bbox 1998 1433 3583 1506">
    <p class='ocr_par' dir='ltr' id='par_1_43' title="bbox 1998 1433 3583 1506">
     <span class='ocr_line' id='line_1_43' title="bbox 1998 1433 3583 1506; baseline -0.003 -16"><span class='ocrx_word' id='word_1_335' title='bbox 1998 1435 2120 1490; x_wconf 88' lang='lat' dir='ltr'><strong>dem</strong></span> <span class='ocrx_word' id='word_1_336' title='bbox 2155 1453 2410 1492; x_wconf 81' lang='lat' dir='ltr'><strong>mensura</strong></span> <span class='ocrx_word' id='word_1_337' title='bbox 2443 1445 2689 1506; x_wconf 69' lang='lat' dir='ltr'><strong>aequatur</strong></span> <span class='ocrx_word' id='word_1_338' title='bbox 2720 1437 3026 1506; x_wconf 84' lang='lat' dir='ltr'><strong>quantitate</strong></span> <span class='ocrx_word' id='word_1_339' title='bbox 3069 1437 3137 1488; x_wconf 88' lang='lat' dir='ltr'><strong>ab</strong></span> <span class='ocrx_word' id='word_1_340' title='bbox 3180 1436 3288 1490; x_wconf 88' lang='lat' dir='ltr'><strong>alio</strong></span> <span class='ocrx_word' id='word_1_341' title='bbox 3321 1433 3583 1500; x_wconf 80' lang='lat' dir='ltr'><strong>dili&#39;erre;</strong></span> 
     </span>
    </p>
   </div>
   <div class='ocr_carea' id='block_1_44' title="bbox 2000 1529 3585 1597">
    <p class='ocr_par' dir='ltr' id='par_1_44' title="bbox 2000 1529 3585 1597">
     <span class='ocr_line' id='line_1_44' title="bbox 2000 1529 3585 1597; baseline -0.004 -15"><span class='ocrx_word' id='word_1_342' title='bbox 2000 1529 2210 1597; x_wconf 71' lang='lat' dir='ltr'><strong>aequale</strong></span> <span class='ocrx_word' id='word_1_343' title='bbox 2243 1529 2390 1582; x_wconf 88' lang='lat' dir='ltr'><strong>enim</strong></span> <span class='ocrx_word' id='word_1_344' title='bbox 2431 1537 2516 1582; x_wconf 85' lang='lat' dir='ltr'><strong>est</strong></span> <span class='ocrx_word' id='word_1_345' title='bbox 2574 1529 2907 1582; x_wconf 80' lang='lat' dir='ltr'><strong>frumentum</strong></span> <span class='ocrx_word' id='word_1_346' title='bbox 2957 1541 3160 1588; x_wconf 56' lang='lat' dir='ltr'><strong>avena},</strong></span> <span class='ocrx_word' id='word_1_347' title='bbox 3197 1541 3320 1579; x_wconf 90' lang='lat' dir='ltr'><strong>cum</strong></span> <span class='ocrx_word' id='word_1_348' title='bbox 3354 1539 3585 1578; x_wconf 88' lang='lat' dir='ltr'><strong>evacua—</strong></span> 
     </span>
    </p>
   </div>
   <div class='ocr_carea' id='block_1_45' title="bbox 2002 1617 3586 1688">
    <p class='ocr_par' dir='ltr' id='par_1_45' title="bbox 2002 1617 3586 1688">
     <span class='ocr_line' id='line_1_45' title="bbox 2002 1617 3586 1688; baseline -0.001 -16"><span class='ocrx_word' id='word_1_349' title='bbox 2002 1627 2091 1675; x_wconf 85' lang='lat' dir='ltr'><strong>tus</strong></span> <span class='ocrx_word' id='word_1_350' title='bbox 2150 1620 2256 1675; x_wconf 87' lang='lat' dir='ltr'><strong>illis</strong></span> <span class='ocrx_word' id='word_1_351' title='bbox 2308 1622 2609 1676; x_wconf 84' lang='lat' dir='ltr'><strong>seminibus</strong></span> <span class='ocrx_word' id='word_1_352' title='bbox 2661 1621 2910 1686; x_wconf 86' lang='lat' dir='ltr'><strong>modius,</strong></span> <span class='ocrx_word' id='word_1_353' title='bbox 2959 1621 3026 1674; x_wconf 92' lang='lat' dir='ltr'><strong>ad</strong></span> <span class='ocrx_word' id='word_1_354' title='bbox 3087 1619 3235 1674; x_wconf 85' lang='lat' dir='ltr'><strong>aliud</strong></span> <span class='ocrx_word' id='word_1_355' title='bbox 3300 1634 3438 1688; x_wconf 85' lang='lat' dir='ltr'><strong>opus</strong></span> <span class='ocrx_word' id='word_1_356' title='bbox 3488 1617 3586 1671; x_wconf 84' lang='lat' dir='ltr'><strong>ad-</strong></span> 
     </span>
    </p>
   </div>
   <div class='ocr_carea' id='block_1_46' title="bbox 2003 1711 3583 1784">
    <p class='ocr_par' dir='ltr' id='par_1_46' title="bbox 2003 1711 3583 1784">
     <span class='ocr_line' id='line_1_46' title="bbox 2003 1711 3583 1784; baseline -0.003 -18"><span class='ocrx_word' id='word_1_357' title='bbox 2003 1712 2243 1767; x_wconf 82' lang='lat' dir='ltr'><strong>hibetur.</strong></span> <span class='ocrx_word' id='word_1_358' title='bbox 2286 1711 2454 1784; x_wconf 73' lang='lat' dir='ltr'><strong>lgitur</strong></span> <span class='ocrx_word' id='word_1_359' title='bbox 2483 1713 2527 1768; x_wconf 83' lang='lat' dir='ltr'><strong>si</strong></span> <span class='ocrx_word' id='word_1_360' title='bbox 2556 1713 2755 1768; x_wconf 89' lang='lat' dir='ltr'><strong>mentis</strong></span> <span class='ocrx_word' id='word_1_361' title='bbox 2792 1715 2970 1767; x_wconf 92' lang='lat' dir='ltr'><strong>locum</strong></span> <span class='ocrx_word' id='word_1_362' title='bbox 3030 1712 3294 1766; x_wconf 71' lang='lat' dir='ltr'><strong>divinitas</strong></span> <span class='ocrx_word' id='word_1_363' title='bbox 3326 1720 3583 1780; x_wconf 80' lang='lat' dir='ltr'><strong>occupat,</strong></span> 
     </span>
    </p>
   </div>
   <div class='ocr_carea' id='block_1_47' title="bbox 2006 1803 3589 1874">
    <p class='ocr_par' dir='ltr' id='par_1_47' title="bbox 2006 1803 3589 1874">
     <span class='ocr_line' id='line_1_47' title="bbox 2006 1803 3589 1874; baseline -0.001 -18"><span class='ocrx_word' id='word_1_364' title='bbox 2006 1819 2166 1858; x_wconf 88' lang='lat' dir='ltr'><strong>nemo</strong></span> <span class='ocrx_word' id='word_1_365' title='bbox 2211 1807 2398 1874; x_wconf 89' lang='lat' dir='ltr'><strong>utique</strong></span> <span class='ocrx_word' id='word_1_366' title='bbox 2446 1805 2646 1858; x_wconf 80' lang='lat' dir='ltr'><strong>dixerit</strong></span> <span class='ocrx_word' id='word_1_367' title='bbox 2701 1805 3039 1859; x_wconf 81' lang='lat' dir='ltr'><strong>divinitatem</strong></span> <span class='ocrx_word' id='word_1_368' title='bbox 3101 1817 3280 1858; x_wconf 83' lang='lat' dir='ltr'><strong>mente</strong></span> <span class='ocrx_word' id='word_1_369' title='bbox 3322 1803 3589 1858; x_wconf 77' lang='lat' dir='ltr'><strong>excellen-</strong></span> 
     </span>
    </p>
   </div>
   <div class='ocr_carea' id='block_1_48' title="bbox 2007 1895 3580 1966">
    <p class='ocr_par' dir='ltr' id='par_1_48' title="bbox 2007 1895 3580 1966">
     <span class='ocr_line' id='line_1_48' title="bbox 2007 1895 3580 1966; baseline -0.004 -16"><span class='ocrx_word' id='word_1_370' title='bbox 2007 1897 2201 1950; x_wconf 89' lang='lat' dir='ltr'><strong>tiorem</strong></span> <span class='ocrx_word' id='word_1_371' title='bbox 2251 1912 2395 1959; x_wconf 89' lang='lat' dir='ltr'><strong>esse,</strong></span> <span class='ocrx_word' id='word_1_372' title='bbox 2431 1913 2555 1949; x_wconf 80' lang='lat' dir='ltr'><strong>cum</strong></span> <span class='ocrx_word' id='word_1_373' title='bbox 2611 1897 2769 1949; x_wconf 88' lang='lat' dir='ltr'><strong>istam</strong></span> <span class='ocrx_word' id='word_1_374' title='bbox 2809 1896 3034 1966; x_wconf 83' lang='lat' dir='ltr'><strong>perinde</strong></span> <span class='ocrx_word' id='word_1_375' title='bbox 3077 1910 3140 1948; x_wconf 89' lang='lat' dir='ltr'><strong>ac</strong></span> <span class='ocrx_word' id='word_1_376' title='bbox 3193 1895 3340 1947; x_wconf 85' lang='lat' dir='ltr'><strong>illam</strong></span> <span class='ocrx_word' id='word_1_377' title='bbox 3392 1895 3580 1946; x_wconf 88' lang='lat' dir='ltr'><strong>Imma-</strong></span> 
     </span>
    </p>
   </div>
   <div class='ocr_carea' id='block_1_49' title="bbox 2007 1985 3590 2057">
    <p class='ocr_par' dir='ltr' id='par_1_49' title="bbox 2007 1985 3590 2057">
     <span class='ocr_line' id='line_1_49' title="bbox 2007 1985 3590 2057; baseline -0.006 -16"><span class='ocrx_word' id='word_1_378' title='bbox 2007 2002 2079 2041; x_wconf 86' lang='lat' dir='ltr'><strong>na</strong></span> <span class='ocrx_word' id='word_1_379' title='bbox 2114 1997 2308 2041; x_wconf 87' lang='lat' dir='ltr'><strong>natura</strong></span> <span class='ocrx_word' id='word_1_380' title='bbox 2362 1989 2568 2057; x_wconf 84' lang='lat' dir='ltr'><strong>capiat.</strong></span> <span class='ocrx_word' id='word_1_381' title='bbox 2646 1985 2742 2040; x_wconf 86' lang='lat' dir='ltr'><strong>Vel</strong></span> <span class='ocrx_word' id='word_1_382' title='bbox 2805 1988 2967 2057; x_wconf 78' lang='lat' dir='ltr'><strong>igitur</strong></span> <span class='ocrx_word' id='word_1_383' title='bbox 3017 1985 3245 2055; x_wconf 59' lang='lat' dir='ltr'><strong>aequalis</strong></span> <span class='ocrx_word' id='word_1_384' title='bbox 3294 1993 3378 2038; x_wconf 88' lang='lat' dir='ltr'><strong>est</strong></span> <span class='ocrx_word' id='word_1_385' title='bbox 3439 1998 3590 2035; x_wconf 73' lang='lat' dir='ltr'><strong>mens</strong></span> 
     </span>
    </p>
   </div>
   <div class='ocr_carea' id='block_1_50' title="bbox 2009 2078 3591 2148">
    <p class='ocr_par' dir='ltr' id='par_1_50' title="bbox 2009 2078 3591 2148">
     <span class='ocr_line' id='line_1_50' title="bbox 2009 2078 3591 2148; baseline -0.006 -16"><span class='ocrx_word' id='word_1_386' title='bbox 2009 2078 2316 2142; x_wconf 86' lang='lat' dir='ltr'><strong>divinitati,</strong></span> <span class='ocrx_word' id='word_1_387' title='bbox 2361 2087 2420 2131; x_wconf 88' lang='lat' dir='ltr'><strong>ut</strong></span> <span class='ocrx_word' id='word_1_388' title='bbox 2461 2078 2797 2148; x_wconf 84' lang='lat' dir='ltr'><strong>Apollinaris</strong></span> <span class='ocrx_word' id='word_1_389' title='bbox 2852 2085 3061 2140; x_wconf 86' lang='lat' dir='ltr'><strong>censet,</strong></span> <span class='ocrx_word' id='word_1_390' title='bbox 3103 2083 3157 2130; x_wconf 89' lang='lat' dir='ltr'><strong>et</strong></span> <span class='ocrx_word' id='word_1_391' title='bbox 3207 2091 3237 2130; x_wconf 88' lang='lat' dir='ltr'><strong>e</strong></span> <span class='ocrx_word' id='word_1_392' title='bbox 3293 2089 3393 2128; x_wconf 93' lang='lat' dir='ltr'><strong>suo</strong></span> <span class='ocrx_word' id='word_1_393' title='bbox 3449 2082 3591 2126; x_wconf 87' lang='lat' dir='ltr'><strong>statu</strong></span> 
     </span>
    </p>
   </div>
   <div class='ocr_carea' id='block_1_51' title="bbox 2010 2166 3595 2230">
    <p class='ocr_par' dir='ltr' id='par_1_51' title="bbox 2010 2166 3595 2230">
     <span class='ocr_line' id='line_1_51' title="bbox 2010 2166 3595 2230; baseline -0.006 -5"><span class='ocrx_word' id='word_1_394' title='bbox 2010 2172 2066 2225; x_wconf 90' lang='lat' dir='ltr'><strong>in</strong></span> <span class='ocrx_word' id='word_1_395' title='bbox 2115 2171 2260 2224; x_wconf 90' lang='lat' dir='ltr'><strong>illam</strong></span> <span class='ocrx_word' id='word_1_396' title='bbox 2312 2186 2575 2224; x_wconf 79' lang='lat' dir='ltr'><strong>conversa</strong></span> <span class='ocrx_word' id='word_1_397' title='bbox 2607 2211 2620 2230; x_wconf 91' lang='lat'><strong>,</strong></span> <span class='ocrx_word' id='word_1_398' title='bbox 2670 2186 2775 2223; x_wconf 88' lang='lat' dir='ltr'><strong>non</strong></span> <span class='ocrx_word' id='word_1_399' title='bbox 2830 2170 3113 2222; x_wconf 88' lang='lat' dir='ltr'><strong>immutata</strong></span> <span class='ocrx_word' id='word_1_400' title='bbox 3151 2167 3296 2228; x_wconf 79' lang='lat' dir='ltr'><strong>fuit;</strong></span> <span class='ocrx_word' id='word_1_401' title='bbox 3351 2167 3431 2220; x_wconf 84' lang='lat' dir='ltr'><strong>vel</strong></span> <span class='ocrx_word' id='word_1_402' title='bbox 3465 2166 3595 2219; x_wconf 89' lang='lat' dir='ltr'><strong>divi-</strong></span> 
     </span>
    </p>
   </div>
   <div class='ocr_carea' id='block_1_52' title="bbox 2011 2259 3595 2329">
    <p class='ocr_par' dir='ltr' id='par_1_52' title="bbox 2011 2259 3595 2329">
     <span class='ocr_line' id='line_1_52' title="bbox 2011 2259 3595 2329; baseline -0.006 -13"><span class='ocrx_word' id='word_1_403' title='bbox 2011 2262 2180 2316; x_wconf 82' lang='lat' dir='ltr'><strong>nitate</strong></span> <span class='ocrx_word' id='word_1_404' title='bbox 2215 2277 2369 2315; x_wconf 91' lang='lat' dir='ltr'><strong>mens</strong></span> <span class='ocrx_word' id='word_1_405' title='bbox 2423 2269 2508 2317; x_wconf 88' lang='lat' dir='ltr'><strong>est</strong></span> <span class='ocrx_word' id='word_1_406' title='bbox 2555 2262 2810 2323; x_wconf 75' lang='lat' dir='ltr'><strong>interior,</strong></span> <span class='ocrx_word' id='word_1_407' title='bbox 2865 2269 2918 2313; x_wconf 87' lang='lat' dir='ltr'><strong>et</strong></span> <span class='ocrx_word' id='word_1_408' title='bbox 2970 2260 3113 2329; x_wconf 87' lang='lat' dir='ltr'><strong>quod</strong></span> <span class='ocrx_word' id='word_1_409' title='bbox 3175 2259 3232 2312; x_wconf 92' lang='lat' dir='ltr'><strong>in</strong></span> <span class='ocrx_word' id='word_1_410' title='bbox 3282 2273 3402 2310; x_wconf 87' lang='lat' dir='ltr'><strong>eam</strong></span> <span class='ocrx_word' id='word_1_411' title='bbox 3464 2272 3595 2309; x_wconf 91' lang='lat' dir='ltr'><strong>con-</strong></span> 
     </span>
    </p>
   </div>
   <div class='ocr_carea' id='block_1_53' title="bbox 2013 2349 3594 2417">
    <p class='ocr_par' dir='ltr' id='par_1_53' title="bbox 2013 2349 3594 2417">
     <span class='ocr_line' id='line_1_53' title="bbox 2013 2349 3594 2417; baseline -0.005 -9"><span class='ocrx_word' id='word_1_412' title='bbox 2013 2370 2205 2408; x_wconf 86' lang='lat' dir='ltr'><strong>versus</strong></span> <span class='ocrx_word' id='word_1_413' title='bbox 2251 2362 2335 2408; x_wconf 88' lang='lat' dir='ltr'><strong>est</strong></span> <span class='ocrx_word' id='word_1_414' title='bbox 2383 2354 2434 2407; x_wconf 88' lang='lat' dir='ltr'><strong>in</strong></span> <span class='ocrx_word' id='word_1_415' title='bbox 2491 2355 2732 2408; x_wconf 84' lang='lat' dir='ltr'><strong>deterius</strong></span> <span class='ocrx_word' id='word_1_416' title='bbox 2785 2361 2869 2408; x_wconf 89' lang='lat' dir='ltr'><strong>est</strong></span> <span class='ocrx_word' id='word_1_417' title='bbox 2941 2358 3358 2406; x_wconf 84' lang='lat' dir='ltr'><strong>commutatum.</strong></span> <span class='ocrx_word' id='word_1_418' title='bbox 3427 2349 3594 2417; x_wconf 86' lang='lat' dir='ltr'><strong>Atqui</strong></span> 
     </span>
    </p>
   </div>
   <div class='ocr_carea' id='block_1_54' title="bbox 2013 2441 3597 2513">
    <p class='ocr_par' dir='ltr' id='par_1_54' title="bbox 2013 2441 3597 2513">
     <span class='ocr_line' id='line_1_54' title="bbox 2013 2441 3597 2513; baseline -0.005 -14"><span class='ocrx_word' id='word_1_419' title='bbox 2013 2445 2228 2500; x_wconf 77' lang='lat' dir='ltr'><strong>cunctis</strong></span> <span class='ocrx_word' id='word_1_420' title='bbox 2261 2455 2448 2499; x_wconf 89' lang='lat' dir='ltr'><strong>notum</strong></span> <span class='ocrx_word' id='word_1_421' title='bbox 2490 2455 2572 2499; x_wconf 82' lang='lat' dir='ltr'><strong>est</strong></span> <span class='ocrx_word' id='word_1_422' title='bbox 2623 2455 2818 2498; x_wconf 88' lang='lat' dir='ltr'><strong>natura</strong></span> <span class='ocrx_word' id='word_1_423' title='bbox 2855 2445 2944 2496; x_wconf 91' lang='lat' dir='ltr'><strong>illa</strong></span> <span class='ocrx_word' id='word_1_424' title='bbox 2981 2459 3146 2513; x_wconf 83' lang='lat' dir='ltr'><strong>quam</strong></span> <span class='ocrx_word' id='word_1_425' title='bbox 3219 2456 3380 2495; x_wconf 90' lang='lat' dir='ltr'><strong>nemo</strong></span> <span class='ocrx_word' id='word_1_426' title='bbox 3434 2441 3597 2493; x_wconf 82' lang='lat' dir='ltr'><strong>attin-</strong></span> 
     </span>
    </p>
   </div>
   <div class='ocr_carea' id='block_1_55' title="bbox 2014 2533 3596 2610">
    <p class='ocr_par' dir='ltr' id='par_1_55' title="bbox 2014 2533 3596 2610">
     <span class='ocr_line' id='line_1_55' title="bbox 2014 2533 3596 2610; baseline -0.008 -17"><span class='ocrx_word' id='word_1_427' title='bbox 2014 2555 2141 2610; x_wconf 76' lang='lat' dir='ltr'><strong>gere</strong></span> <span class='ocrx_word' id='word_1_428' title='bbox 2175 2548 2270 2592; x_wconf 85' lang='lat' dir='ltr'><strong>aut</strong></span> <span class='ocrx_word' id='word_1_429' title='bbox 2300 2553 2520 2608; x_wconf 72' lang='lat' dir='ltr'><strong>aequare</strong></span> <span class='ocrx_word' id='word_1_430' title='bbox 2571 2547 2780 2608; x_wconf 79' lang='lat' dir='ltr'><strong>potest,</strong></span> <span class='ocrx_word' id='word_1_431' title='bbox 2809 2536 3089 2592; x_wconf 81' lang='lat' dir='ltr'><strong>inferioris</strong></span> <span class='ocrx_word' id='word_1_432' title='bbox 3133 2551 3287 2604; x_wconf 81' lang='lat' dir='ltr'><strong>aeque</strong></span> <span class='ocrx_word' id='word_1_433' title='bbox 3327 2533 3596 2587; x_wconf 80' lang='lat' dir='ltr'><strong>conditio-</strong></span> 
     </span>
    </p>
   </div>
   <div class='ocr_carea' id='block_1_56' title="bbox 2018 2631 3600 2701">
    <p class='ocr_par' dir='ltr' id='par_1_56' title="bbox 2018 2631 3600 2701">
     <span class='ocr_line' id='line_1_56' title="bbox 2018 2631 3600 2701; baseline -0.007 -17"><span class='ocrx_word' id='word_1_434' title='bbox 2018 2633 2104 2688; x_wconf 89' lang='lat' dir='ltr'><strong>nis</strong></span> <span class='ocrx_word' id='word_1_435' title='bbox 2142 2647 2266 2687; x_wconf 90' lang='lat' dir='ltr'><strong>esse</strong></span> <span class='ocrx_word' id='word_1_436' title='bbox 2313 2631 2578 2701; x_wconf 89' lang='lat' dir='ltr'><strong>quidquid</strong></span> <span class='ocrx_word' id='word_1_437' title='bbox 2645 2633 2698 2684; x_wconf 90' lang='lat' dir='ltr'><strong>in</strong></span> <span class='ocrx_word' id='word_1_438' title='bbox 2747 2639 3059 2685; x_wconf 84' lang='lat' dir='ltr'><strong>ereatarum</strong></span> <span class='ocrx_word' id='word_1_439' title='bbox 3119 2642 3300 2682; x_wconf 87' lang='lat' dir='ltr'><strong>rerum</strong></span> <span class='ocrx_word' id='word_1_440' title='bbox 3368 2641 3600 2678; x_wconf 88' lang='lat' dir='ltr'><strong>numero</strong></span> 
     </span>
    </p>
   </div>
   <div class='ocr_carea' id='block_1_57' title="bbox 2017 2716 3600 2792">
    <p class='ocr_par' dir='ltr' id='par_1_57' title="bbox 2017 2716 3600 2792">
     <span class='ocr_line' id='line_1_57' title="bbox 2017 2716 3600 2792; baseline -0.006 -17"><span class='ocrx_word' id='word_1_441' title='bbox 2017 2722 2273 2786; x_wconf 83' lang='lat' dir='ltr'><strong>habetur,</strong></span> <span class='ocrx_word' id='word_1_442' title='bbox 2321 2723 2394 2776; x_wconf 84' lang='lat' dir='ltr'><strong>ita</strong></span> <span class='ocrx_word' id='word_1_443' title='bbox 2440 2730 2501 2776; x_wconf 86' lang='lat' dir='ltr'><strong>ut</strong></span> <span class='ocrx_word' id='word_1_444' title='bbox 2549 2737 2645 2792; x_wconf 86' lang='lat' dir='ltr'><strong>par</strong></span> <span class='ocrx_word' id='word_1_445' title='bbox 2689 2722 2761 2776; x_wconf 90' lang='lat' dir='ltr'><strong>sit</strong></span> <span class='ocrx_word' id='word_1_446' title='bbox 2789 2721 3040 2783; x_wconf 89' lang='lat' dir='ltr'><strong>mutatio,</strong></span> <span class='ocrx_word' id='word_1_447' title='bbox 3079 2720 3124 2774; x_wconf 89' lang='lat' dir='ltr'><strong>si</strong></span> <span class='ocrx_word' id='word_1_448' title='bbox 3166 2721 3289 2788; x_wconf 90' lang='lat' dir='ltr'><strong>quis</strong></span> <span class='ocrx_word' id='word_1_449' title='bbox 3323 2717 3488 2771; x_wconf 89' lang='lat' dir='ltr'><strong>Deum</strong></span> <span class='ocrx_word' id='word_1_450' title='bbox 3521 2716 3600 2770; x_wconf 86' lang='lat' dir='ltr'><strong>vel</strong></span> 
     </span>
    </p>
   </div>
   <div class='ocr_carea' id='block_1_58' title="bbox 2021 2812 3600 2877">
    <p class='ocr_par' dir='ltr' id='par_1_58' title="bbox 2021 2812 3600 2877">
     <span class='ocr_line' id='line_1_58' title="bbox 2021 2812 3600 2877; baseline -0.008 -8"><span class='ocrx_word' id='word_1_451' title='bbox 2021 2816 2076 2869; x_wconf 90' lang='lat' dir='ltr'><strong>in</strong></span> <span class='ocrx_word' id='word_1_452' title='bbox 2110 2815 2348 2870; x_wconf 91' lang='lat' dir='ltr'><strong>hominis</strong></span> <span class='ocrx_word' id='word_1_453' title='bbox 2380 2822 2638 2875; x_wconf 83' lang='lat' dir='ltr'><strong>mentem,</strong></span> <span class='ocrx_word' id='word_1_454' title='bbox 2674 2814 2757 2867; x_wconf 89' lang='lat' dir='ltr'><strong>vel</strong></span> <span class='ocrx_word' id='word_1_455' title='bbox 2782 2813 2835 2865; x_wconf 92' lang='lat' dir='ltr'><strong>in</strong></span> <span class='ocrx_word' id='word_1_456' title='bbox 2869 2812 3032 2865; x_wconf 87' lang='lat' dir='ltr'><strong>aliam</strong></span> <span class='ocrx_word' id='word_1_457' title='bbox 3064 2823 3448 2877; x_wconf 88' lang='lat' dir='ltr'><strong>quamcunque</strong></span> <span class='ocrx_word' id='word_1_458' title='bbox 3489 2822 3600 2859; x_wconf 91' lang='lat' dir='ltr'><strong>rem</strong></span> 
     </span>
    </p>
   </div>
   <div class='ocr_carea' id='block_1_59' title="bbox 2023 2899 3602 2962">
    <p class='ocr_par' dir='ltr' id='par_1_59' title="bbox 2023 2899 3602 2962">
     <span class='ocr_line' id='line_1_59' title="bbox 2023 2899 3602 2962; baseline -0.008 -3"><span class='ocrx_word' id='word_1_459' title='bbox 2023 2914 2261 2960; x_wconf 86' lang='lat' dir='ltr'><strong>creatam</strong></span> <span class='ocrx_word' id='word_1_460' title='bbox 2337 2914 2605 2959; x_wconf 87' lang='lat' dir='ltr'><strong>mutatum</strong></span> <span class='ocrx_word' id='word_1_461' title='bbox 2686 2904 2858 2959; x_wconf 77' lang='lat' dir='ltr'><strong>fuisse</strong></span> <span class='ocrx_word' id='word_1_462' title='bbox 2948 2902 3321 2956; x_wconf 78' lang='lat' dir='ltr'><strong>aﬂirmaveril.</strong></span> <span class='ocrx_word' id='word_1_463' title='bbox 3396 2899 3602 2962; x_wconf 80' lang='lat' dir='ltr'><strong>Quam-</strong></span> 
     </span>
    </p>
   </div>
   <div class='ocr_carea' id='block_1_60' title="bbox 2021 2995 3604 3065">
    <p class='ocr_par' dir='ltr' id='par_1_60' title="bbox 2021 2995 3604 3065">
     <span class='ocr_line' id='line_1_60' title="bbox 2021 2995 3604 3065; baseline -0.008 -14"><span class='ocrx_word' id='word_1_464' title='bbox 2021 2999 2207 3052; x_wconf 85' lang='lat' dir='ltr'><strong>obrem</strong></span> <span class='ocrx_word' id='word_1_465' title='bbox 2236 2998 2281 3051; x_wconf 93' lang='lat' dir='ltr'><strong>si</strong></span> <span class='ocrx_word' id='word_1_466' title='bbox 2327 3013 2392 3051; x_wconf 82' lang='lat' dir='ltr'><strong>ex</strong></span> <span class='ocrx_word' id='word_1_467' title='bbox 2440 2995 2769 3065; x_wconf 83' lang='lat' dir='ltr'><strong>Apollinaris</strong></span> <span class='ocrx_word' id='word_1_468' title='bbox 2823 2995 3115 3059; x_wconf 88' lang='lat' dir='ltr'><strong>sententia,</strong></span> <span class='ocrx_word' id='word_1_469' title='bbox 3185 3007 3291 3045; x_wconf 90' lang='lat' dir='ltr'><strong>non</strong></span> <span class='ocrx_word' id='word_1_470' title='bbox 3363 2996 3604 3042; x_wconf 88' lang='lat' dir='ltr'><strong>mutatur</strong></span> 
     </span>
    </p>
   </div>
   <div class='ocr_carea' id='block_1_61' title="bbox 2024 3082 3606 3154">
    <p class='ocr_par' dir='ltr' id='par_1_61' title="bbox 2024 3082 3606 3154">
     <span class='ocr_line' id='line_1_61' title="bbox 2024 3082 3606 3154; baseline -0.009 -9"><span class='ocrx_word' id='word_1_471' title='bbox 2024 3091 2318 3154; x_wconf 87' lang='lat' dir='ltr'><strong>divinitas,</strong></span> <span class='ocrx_word' id='word_1_472' title='bbox 2350 3089 2482 3143; x_wconf 90' lang='lat' dir='ltr'><strong>dum</strong></span> <span class='ocrx_word' id='word_1_473' title='bbox 2519 3089 2768 3142; x_wconf 72' lang='lat' dir='ltr'><strong>humanae</strong></span> <span class='ocrx_word' id='word_1_474' title='bbox 2812 3087 3011 3140; x_wconf 88' lang='lat' dir='ltr'><strong>mentis</strong></span> <span class='ocrx_word' id='word_1_475' title='bbox 3045 3086 3224 3137; x_wconf 86' lang='lat' dir='ltr'><strong>locum</strong></span> <span class='ocrx_word' id='word_1_476' title='bbox 3268 3082 3453 3143; x_wconf 90' lang='lat' dir='ltr'><strong>subit,</strong></span> <span class='ocrx_word' id='word_1_477' title='bbox 3481 3096 3606 3149; x_wconf 88' lang='lat' dir='ltr'><strong>pro-</strong></span> 
     </span>
    </p>
   </div>
   <div class='ocr_carea' id='block_1_62' title="bbox 343 3177 1913 3258">
    <p class='ocr_par' dir='ltr' id='par_1_62' title="bbox 343 3182 1913 3258">
     <span class='ocr_line' id='line_1_62' title="bbox 343 3182 1913 3258; baseline -0.002 -20"><span class='ocrx_word' id='word_1_478' title='bbox 343 3189 578 3258; x_wconf 79' lang='grc' dir='ltr'>σάμενος</span> <span class='ocrx_word' id='word_1_479' title='bbox 604 3187 702 3257; x_wconf 81' lang='grc' dir='ltr'>τὴν</span> <span class='ocrx_word' id='word_1_480' title='bbox 731 3187 1050 3257; x_wconf 76' lang='grc' dir='ltr'>ἀνάκρασιν.</span> <span class='ocrx_word' id='word_1_481' title='bbox 1082 3187 1144 3238; x_wconf 75' lang='lat' dir='ltr'><strong>Et</strong></span> <span class='ocrx_word' id='word_1_482' title='bbox 1173 3185 1228 3238; x_wconf 84' lang='grc' dir='ltr'><strong>δὲ</strong></span> <span class='ocrx_word' id='word_1_483' title='bbox 1254 3183 1331 3254; x_wconf 84' lang='grc' dir='ltr'><strong>τῷ</strong></span> <span class='ocrx_word' id='word_1_484' title='bbox 1350 3186 1408 3237; x_wconf 86' lang='grc' dir='ltr'>ὲν</span> <span class='ocrx_word' id='word_1_485' title='bbox 1430 3183 1504 3254; x_wconf 81' lang='grc' dir='ltr'><strong>νῷ</strong></span> <span class='ocrx_word' id='word_1_486' title='bbox 1520 3182 1770 3250; x_wconf 84' lang='grc' dir='ltr'>γενέσθαι</span> <span class='ocrx_word' id='word_1_487' title='bbox 1788 3200 1913 3236; x_wconf 86' lang='grc' dir='ltr'>κατ-</span> 
     </span>
    </p>
   </div>
   <div class='ocr_carea' id='block_1_63' title="bbox 2019 3177 3605 3258">
    <p class='ocr_par' dir='ltr' id='par_1_63' title="bbox 2026 3177 3605 3240">
     <span class='ocr_line' id='line_1_63' title="bbox 2026 3177 3605 3240; baseline -0.009 -2"><span class='ocrx_word' id='word_1_488' title='bbox 2026 3185 2170 3238; x_wconf 86' lang='lat' dir='ltr'><strong>fecto</strong></span> <span class='ocrx_word' id='word_1_489' title='bbox 2200 3199 2298 3238; x_wconf 79' lang='lat' dir='ltr'><strong>nec</strong></span> <span class='ocrx_word' id='word_1_490' title='bbox 2339 3184 2502 3236; x_wconf 88' lang='lat' dir='ltr'><strong>etiam</strong></span> <span class='ocrx_word' id='word_1_491' title='bbox 2556 3181 2875 3240; x_wconf 85' lang='lat' dir='ltr'><strong>mutabitur,</strong></span> <span class='ocrx_word' id='word_1_492' title='bbox 2921 3179 2966 3233; x_wconf 93' lang='lat' dir='ltr'><strong>si</strong></span> <span class='ocrx_word' id='word_1_493' title='bbox 3011 3193 3136 3231; x_wconf 90' lang='lat' dir='ltr'><strong>cum</strong></span> <span class='ocrx_word' id='word_1_494' title='bbox 3173 3177 3393 3230; x_wconf 89' lang='lat' dir='ltr'><strong>homine</strong></span> <span class='ocrx_word' id='word_1_495' title='bbox 3421 3181 3605 3226; x_wconf 75' lang='lat' dir='ltr'><strong>mente</strong></span> 
     </span>
    </p>
   </div>
   <div class='ocr_carea' id='block_1_64' title="bbox 340 3246 1913 3348">
    <p class='ocr_par' dir='ltr' id='par_1_64' title="bbox 340 3246 1913 3348">
     <span class='ocr_line' id='line_1_64' title="bbox 340 3246 1913 3348; baseline -0.004 -18"><span class='ocrx_word' id='word_1_496' title='bbox 340 3246 534 3348; x_wconf 73' lang='grc' dir='ltr'>ηγορεῖ</span> <span class='ocrx_word' id='word_1_497' title='bbox 712 3246 939 3346; x_wconf 68' lang='grc' dir='ltr'>τροπην,</span> <span class='ocrx_word' id='word_1_498' title='bbox 969 3274 1064 3328; x_wconf 71' lang='grc' dir='ltr'><strong>καὶ</strong></span> <span class='ocrx_word' id='word_1_499' title='bbox 1090 3276 1123 3345; x_wconf 79' lang='grc' dir='ltr'>ὴ</span> <span class='ocrx_word' id='word_1_500' title='bbox 1154 3273 1291 3344; x_wconf 83' lang='grc' dir='ltr'>πρὸς</span> <span class='ocrx_word' id='word_1_501' title='bbox 1303 3246 1416 3344; x_wconf 49' lang='grc' dir='ltr'>’τὴν</span> <span class='ocrx_word' id='word_1_502' title='bbox 1445 3246 1622 3343; x_wconf 44' lang='lat' dir='ltr'><strong>adp-xu</strong></span> <span class='ocrx_word' id='word_1_503' title='bbox 1650 3272 1913 3334; x_wconf 83' lang='grc' dir='ltr'>οἰκείωσις</span> 
     </span>
    </p>
   </div>
   <div class='ocr_carea' id='block_1_65' title="bbox 2019 3246 3604 3348">
    <p class='ocr_par' dir='ltr' id='par_1_65' title="bbox 2029 3265 3604 3341">
     <span class='ocr_line' id='line_1_65' title="bbox 2029 3265 3604 3341; baseline -0.01 -13"><span class='ocrx_word' id='word_1_504' title='bbox 2029 3274 2289 3328; x_wconf 90' lang='lat' dir='ltr'><strong>destituto</strong></span> <span class='ocrx_word' id='word_1_505' title='bbox 2322 3272 2718 3341; x_wconf 75' lang='lat' dir='ltr'><strong>coniungatur;</strong></span> <span class='ocrx_word' id='word_1_506' title='bbox 2747 3270 2841 3325; x_wconf 85' lang='lat' dir='ltr'><strong>sed</strong></span> <span class='ocrx_word' id='word_1_507' title='bbox 2867 3271 2911 3324; x_wconf 90' lang='lat' dir='ltr'><strong>si</strong></span> <span class='ocrx_word' id='word_1_508' title='bbox 2947 3268 3185 3324; x_wconf 85' lang='lat' dir='ltr'><strong>Verbum</strong></span> <span class='ocrx_word' id='word_1_509' title='bbox 3213 3281 3342 3320; x_wconf 90' lang='lat' dir='ltr'><strong>caro</strong></span> <span class='ocrx_word' id='word_1_510' title='bbox 3402 3265 3604 3316; x_wconf 75' lang='lat' dir='ltr'><strong>factum</strong></span> 
     </span>
    </p>
   </div>
   <div class='ocr_carea' id='block_1_66' title="bbox 341 3361 1919 3440">
    <p class='ocr_par' dir='ltr' id='par_1_66' title="bbox 341 3361 1919 3440">
     <span class='ocr_line' id='line_1_66' title="bbox 341 3361 1919 3440; baseline -0.004 -18"><span class='ocrx_word' id='word_1_511' title='bbox 341 3371 444 3424; x_wconf 73' lang='grc' dir='ltr'>οὐκ</span> <span class='ocrx_word' id='word_1_512' title='bbox 483 3369 742 3440; x_wconf 77' lang='grc' dir='ltr'>ἐκφεύγει</span> <span class='ocrx_word' id='word_1_513' title='bbox 788 3369 1004 3431; x_wconf 80' lang='grc' dir='ltr'>πάντως</span> <span class='ocrx_word' id='word_1_514' title='bbox 1035 3367 1133 3439; x_wconf 79' lang='grc' dir='ltr'>τὴν</span> <span class='ocrx_word' id='word_1_515' title='bbox 1173 3365 1504 3437; x_wconf 86' lang='grc' dir='ltr'>κατηγορίαν</span> <span class='ocrx_word' id='word_1_516' title='bbox 1552 3363 1653 3434; x_wconf 85' lang='grc' dir='ltr'><strong>τῆς</strong></span> <span class='ocrx_word' id='word_1_517' title='bbox 1695 3361 1919 3416; x_wconf 80' lang='grc' dir='ltr'>ἁλλοιὼ-</span> 
     </span>
    </p>
   </div>
   <div class='ocr_carea' id='block_1_67' title="bbox 349 3480 508 3526">
    <p class='ocr_par' dir='ltr' id='par_1_67' title="bbox 349 3480 508 3526">
     <span class='ocr_line' id='line_1_67' title="bbox 349 3480 508 3526; baseline 0.006 -11"><span class='ocrx_word' id='word_1_518' title='bbox 349 3480 508 3526; x_wconf 80' lang='grc' dir='ltr'>σεως.</span> 
     </span>
    </p>
   </div>
   <div class='ocr_carea' id='block_1_68' title="bbox 2030 3360 3607 3430">
    <p class='ocr_par' dir='ltr' id='par_1_68' title="bbox 2030 3360 3607 3430">
     <span class='ocr_line' id='line_1_68' title="bbox 2030 3360 3607 3430; baseline -0.008 -12"><span class='ocrx_word' id='word_1_519' title='bbox 2030 3381 2140 3418; x_wconf 86' lang='lat' dir='ltr'><strong>non</strong></span> <span class='ocrx_word' id='word_1_520' title='bbox 2169 3373 2435 3418; x_wconf 87' lang='lat' dir='ltr'><strong>mutatum</strong></span> <span class='ocrx_word' id='word_1_521' title='bbox 2481 3363 2605 3425; x_wconf 80' lang='lat' dir='ltr'><strong>fuit,</strong></span> <span class='ocrx_word' id='word_1_522' title='bbox 2660 3363 2831 3416; x_wconf 92' lang='lat' dir='ltr'><strong>multo</strong></span> <span class='ocrx_word' id='word_1_523' title='bbox 2867 3361 3038 3430; x_wconf 83' lang='lat' dir='ltr'><strong>magis</strong></span> <span class='ocrx_word' id='word_1_524' title='bbox 3084 3360 3429 3412; x_wconf 83' lang='lat' dir='ltr'><strong>immutatum</strong></span> <span class='ocrx_word' id='word_1_525' title='bbox 3482 3369 3607 3423; x_wconf 89' lang='lat' dir='ltr'><strong>per-</strong></span> 
     </span>
    </p>
   </div>
   <div class='ocr_carea' id='block_1_69' title="bbox 2033 3449 3609 3520">
    <p class='ocr_par' dir='ltr' id='par_1_69' title="bbox 2033 3449 3609 3520">
     <span class='ocr_line' id='line_1_69' title="bbox 2033 3449 3609 3520; baseline -0.008 -11"><span class='ocrx_word' id='word_1_526' title='bbox 2033 3457 2257 3520; x_wconf 89' lang='lat' dir='ltr'><strong>mansit,</strong></span> <span class='ocrx_word' id='word_1_527' title='bbox 2293 3455 2424 3509; x_wconf 89' lang='lat' dir='ltr'><strong>dum</strong></span> <span class='ocrx_word' id='word_1_528' title='bbox 2458 3456 2626 3509; x_wconf 89' lang='lat' dir='ltr'><strong>menti</strong></span> <span class='ocrx_word' id='word_1_529' title='bbox 2662 3455 3010 3509; x_wconf 83' lang='lat' dir='ltr'><strong>eomlnistum</strong></span> <span class='ocrx_word' id='word_1_530' title='bbox 3045 3452 3167 3506; x_wconf 80' lang='lat' dir='ltr'><strong>fuit.</strong></span> <span class='ocrx_word' id='word_1_531' title='bbox 3205 3450 3360 3517; x_wconf 80' lang='lat' dir='ltr'><strong>Quod</strong></span> <span class='ocrx_word' id='word_1_532' title='bbox 3399 3449 3444 3502; x_wconf 89' lang='lat' dir='ltr'><strong>si</strong></span> <span class='ocrx_word' id='word_1_533' title='bbox 3488 3461 3609 3499; x_wconf 86' lang='lat' dir='ltr'><strong>mu-</strong></span> 
     </span>
    </p>
   </div>
   <div class='ocr_carea' id='block_1_70' title="bbox 349 3536 3608 3622">
    <p class='ocr_par' dir='ltr' id='par_1_70' title="bbox 349 3536 3608 3622">
     <span class='ocr_line' id='line_1_70' title="bbox 349 3536 3608 3622; baseline -0.006 -15"><span class='ocrx_word' id='word_1_534' title='bbox 349 3556 610 3609; x_wconf 82' lang='lat' dir='ltr'><strong>tationem</strong></span> <span class='ocrx_word' id='word_1_535' title='bbox 651 3552 763 3608; x_wconf 83' lang='lat' dir='ltr'><strong>lieri</strong></span> <span class='ocrx_word' id='word_1_536' title='bbox 810 3569 875 3608; x_wconf 77' lang='lat' dir='ltr'><strong>ex</strong></span> <span class='ocrx_word' id='word_1_537' title='bbox 912 3567 979 3605; x_wconf 93' lang='lat' dir='ltr'><strong>eo</strong></span> <span class='ocrx_word' id='word_1_538' title='bbox 1021 3550 1269 3622; x_wconf 80' lang='lat' dir='ltr'><strong>arguitur</strong></span> <span class='ocrx_word' id='word_1_539' title='bbox 1319 3548 1463 3620; x_wconf 89' lang='lat' dir='ltr'><strong>quod</strong></span> <span class='ocrx_word' id='word_1_540' title='bbox 1516 3548 1571 3603; x_wconf 89' lang='lat' dir='ltr'><strong>in</strong></span> <span class='ocrx_word' id='word_1_541' title='bbox 1608 3547 1803 3601; x_wconf 87' lang='lat' dir='ltr'><strong>mentis</strong></span> <span class='ocrx_word' id='word_1_542' title='bbox 1852 3546 2030 3600; x_wconf 88' lang='lat' dir='ltr'><strong>locum</strong></span> <span class='ocrx_word' id='word_1_543' title='bbox 2080 3548 2470 3612; x_wconf 86' lang='lat' dir='ltr'><strong>substituatur,</strong></span> <span class='ocrx_word' id='word_1_544' title='bbox 2510 3546 2761 3600; x_wconf 87' lang='lat' dir='ltr'><strong>eamdem</strong></span> <span class='ocrx_word' id='word_1_545' title='bbox 2800 3560 3030 3615; x_wconf 87' lang='lat' dir='ltr'><strong>prorsus</strong></span> <span class='ocrx_word' id='word_1_546' title='bbox 3074 3543 3429 3596; x_wconf 81' lang='lat' dir='ltr'><strong>mutationem</strong></span> <span class='ocrx_word' id='word_1_547' title='bbox 3472 3536 3608 3598; x_wconf 76' lang='lat' dir='ltr'><strong>ﬁeri,</strong></span> 
     </span>
    </p>
   </div>
   <div class='ocr_carea' id='block_1_71' title="bbox 346 3642 1899 3721">
    <p class='ocr_par' dir='ltr' id='par_1_71' title="bbox 346 3642 1899 3721">
     <span class='ocr_line' id='line_1_71' title="bbox 346 3642 1899 3721; baseline -0.006 -16"><span class='ocrx_word' id='word_1_548' title='bbox 346 3668 417 3705; x_wconf 74' lang='lat' dir='ltr'><strong>ex</strong></span> <span class='ocrx_word' id='word_1_549' title='bbox 465 3667 532 3706; x_wconf 91' lang='lat' dir='ltr'><strong>eo</strong></span> <span class='ocrx_word' id='word_1_550' title='bbox 575 3651 718 3721; x_wconf 89' lang='lat' dir='ltr'><strong>quod</strong></span> <span class='ocrx_word' id='word_1_551' title='bbox 761 3664 980 3704; x_wconf 85' lang='lat' dir='ltr'><strong>carnem</strong></span> <span class='ocrx_word' id='word_1_552' title='bbox 1027 3647 1132 3702; x_wconf 90' lang='lat' dir='ltr'><strong>sibi</strong></span> <span class='ocrx_word' id='word_1_553' title='bbox 1177 3645 1550 3716; x_wconf 79' lang='lat' dir='ltr'><strong>copulaverit,</strong></span> <span class='ocrx_word' id='word_1_554' title='bbox 1604 3642 1899 3698; x_wconf 85' lang='lat' dir='ltr'><strong>constabit.</strong></span> 
     </span>
    </p>
   </div>
   <div class='ocr_carea' id='block_1_72' title="bbox 426 3783 1934 3858">
    <p class='ocr_par' dir='ltr' id='par_1_72' title="bbox 426 3783 1934 3858">
     <span class='ocr_line' id='line_1_72' title="bbox 426 3783 1934 3858; baseline -0.005 -17"><span class='ocrx_word' id='word_1_555' title='bbox 426 3789 546 3841; x_wconf 74' lang='grc' dir='ltr'><strong>Ἔτι</strong></span> <span class='ocrx_word' id='word_1_556' title='bbox 570 3789 702 3858; x_wconf 70' lang='grc' dir='ltr'>φησὶ</span> <span class='ocrx_word' id='word_1_557' title='bbox 731 3788 821 3852; x_wconf 74' lang='grc' dir='ltr'>(τὰ</span> <span class='ocrx_word' id='word_1_558' title='bbox 846 3787 956 3856; x_wconf 81' lang='grc' dir='ltr'>γὰρ</span> <span class='ocrx_word' id='word_1_559' title='bbox 984 3787 1039 3840; x_wconf 81' lang='grc' dir='ltr'>ἐν</span> <span class='ocrx_word' id='word_1_560' title='bbox 1065 3785 1143 3856; x_wconf 84' lang='grc' dir='ltr'>τῷ</span> <span class='ocrx_word' id='word_1_561' title='bbox 1177 3784 1326 3855; x_wconf 84' lang='grc' dir='ltr'>μέσῳ</span> <span class='ocrx_word' id='word_1_562' title='bbox 1353 3784 1612 3855; x_wconf 86' lang='grc' dir='ltr'>παρίημι)</span> <span class='ocrx_word' id='word_1_563' title='bbox 1640 3801 1652 3812; x_wconf 88' lang='grc'><strong>·</strong></span> <span class='ocrx_word' id='word_1_564' title='bbox 1691 3785 1758 3836; x_wconf 81' lang='lat' dir='ltr'><strong>Ei</strong></span> <span class='ocrx_word' id='word_1_565' title='bbox 1786 3783 1934 3852; x_wconf 79' lang='grc' dir='ltr'>μετὰ</span> 
     </span>
    </p>
   </div>
   <div class='ocr_carea' id='block_1_73' title="bbox 353 3874 1932 3946">
    <p class='ocr_par' dir='ltr' id='par_1_73' title="bbox 353 3874 1932 3946">
     <span class='ocr_line' id='line_1_73' title="bbox 353 3874 1932 3946; baseline -0.004 -15"><span class='ocrx_word' id='word_1_566' title='bbox 353 3878 471 3946; x_wconf 78' lang='grc' dir='ltr'><strong>τὴν</strong></span> <span class='ocrx_word' id='word_1_567' title='bbox 498 3877 838 3932; x_wconf 80' lang='grc' dir='ltr'>ἀνάστασιν</span> <span class='ocrx_word' id='word_1_568' title='bbox 860 3878 1002 3941; x_wconf 85' lang='grc' dir='ltr'><strong>Θεὸς</strong></span> <span class='ocrx_word' id='word_1_569' title='bbox 1031 3875 1257 3946; x_wconf 71' lang='grc' dir='ltr'>γέγονε,</span> <span class='ocrx_word' id='word_1_570' title='bbox 1281 3875 1380 3928; x_wconf 75' lang='grc' dir='ltr'>καὶ</span> <span class='ocrx_word' id='word_1_571' title='bbox 1412 3874 1610 3928; x_wconf 85' lang='grc' dir='ltr'>οὐκέτι</span> <span class='ocrx_word' id='word_1_572' title='bbox 1637 3875 1810 3928; x_wconf 79' lang='grc' dir='ltr'>ἐστὶν</span> <span class='ocrx_word' id='word_1_573' title='bbox 1833 3874 1932 3926; x_wconf 77' lang='grc' dir='ltr'><strong>ἄν·</strong></span> 
     </span>
    </p>
   </div>
   <div class='ocr_carea' id='block_1_74' title="bbox 355 3963 1942 4036">
    <p class='ocr_par' dir='ltr' id='par_1_74' title="bbox 355 3963 1942 4036">
     <span class='ocr_line' id='line_1_74' title="bbox 355 3963 1942 4036; baseline -0.004 -15"><span class='ocrx_word' id='word_1_574' title='bbox 355 3973 609 4036; x_wconf 77' lang='grc' dir='ltr'>θρωπος,</span> <span class='ocrx_word' id='word_1_575' title='bbox 642 3966 768 4031; x_wconf 83' lang='grc' dir='ltr'><strong>πῶς</strong></span> <span class='ocrx_word' id='word_1_576' title='bbox 815 3966 947 4029; x_wconf 77' lang='grc' dir='ltr'><strong>Υἱὸς</strong></span> <span class='ocrx_word' id='word_1_577' title='bbox 972 3965 1084 4035; x_wconf 88' lang='grc'><strong>(66)</strong></span> <span class='ocrx_word' id='word_1_578' title='bbox 1133 3965 1238 4019; x_wconf 86' lang='grc' dir='ltr'><strong>τοῦ</strong></span> <span class='ocrx_word' id='word_1_579' title='bbox 1272 3965 1586 4033; x_wconf 82' lang='grc' dir='ltr'>ἀνθρώπου</span> <span class='ocrx_word' id='word_1_580' title='bbox 1614 3963 1942 4018; x_wconf 79' lang='grc' dir='ltr'>ἀποστελεῖ</span> 
     </span>
    </p>
   </div>
   <div class='ocr_carea' id='block_1_75' title="bbox 358 4054 1938 4127">
    <p class='ocr_par' dir='ltr' id='par_1_75' title="bbox 358 4054 1938 4127">
     <span class='ocr_line' id='line_1_75' title="bbox 358 4054 1938 4127; baseline -0.004 -15"><span class='ocrx_word' id='word_1_581' title='bbox 358 4059 502 4124; x_wconf 86' lang='grc' dir='ltr'>τοὺς</span> <span class='ocrx_word' id='word_1_582' title='bbox 527 4057 821 4127; x_wconf 74' lang='grc' dir='ltr'><strong>ἀγγέλους</strong></span> <span class='ocrx_word' id='word_1_583' title='bbox 845 4056 1066 4119; x_wconf 85' lang='grc' dir='ltr'><strong>αὑτοῦ;</strong></span> <span class='ocrx_word' id='word_1_584' title='bbox 1098 4055 1205 4110; x_wconf 78' lang='grc' dir='ltr'><strong>Καὶ</strong></span> <span class='ocrx_word' id='word_1_585' title='bbox 1231 4054 1358 4121; x_wconf 79' lang='grc' dir='ltr'><strong>πῶς</strong></span> <span class='ocrx_word' id='word_1_586' title='bbox 1380 4056 1646 4124; x_wconf 71' lang='grc' dir='ltr'>ὀψόμεθα</span> <span class='ocrx_word' id='word_1_587' title='bbox 1666 4054 1771 4108; x_wconf 82' lang='grc' dir='ltr'>τὸν</span> <span class='ocrx_word' id='word_1_588' title='bbox 1799 4055 1938 4107; x_wconf 73' lang='grc' dir='ltr'><strong>Υἱὸν</strong></span> 
     </span>
    </p>
   </div>
   <div class='ocr_carea' id='block_1_76' title="bbox 359 4144 1937 4219">
    <p class='ocr_par' dir='ltr' id='par_1_76' title="bbox 359 4144 1937 4219">
     <span class='ocr_line' id='line_1_76' title="bbox 359 4144 1937 4219; baseline -0.005 -13"><span class='ocrx_word' id='word_1_589' title='bbox 359 4153 466 4207; x_wconf 83' lang='grc' dir='ltr'><strong>τοῦ</strong></span> <span class='ocrx_word' id='word_1_590' title='bbox 491 4149 803 4219; x_wconf 78' lang='grc' dir='ltr'>ἀνθρώπου</span> <span class='ocrx_word' id='word_1_591' title='bbox 830 4149 1158 4217; x_wconf 76' lang='grc' dir='ltr'><strong>ἐρχόμενον</strong></span> <span class='ocrx_word' id='word_1_592' title='bbox 1178 4145 1276 4200; x_wconf 77' lang='grc' dir='ltr'><strong>ἐπὶ</strong></span> <span class='ocrx_word' id='word_1_593' title='bbox 1300 4145 1420 4199; x_wconf 85' lang='grc' dir='ltr'>τῶν</span> <span class='ocrx_word' id='word_1_594' title='bbox 1444 4144 1714 4215; x_wconf 65' lang='grc' dir='ltr'>νεφελῶν</span> <span class='ocrx_word' id='word_1_595' title='bbox 1735 4163 1754 4211; x_wconf 87' lang='grc'><em>;</em></span> <span class='ocrx_word' id='word_1_596' title='bbox 1807 4145 1937 4211; x_wconf 88' lang='grc' dir='ltr'><strong>Πῶς</strong></span> 
     </span>
    </p>
   </div>
   <div class='ocr_carea' id='block_1_77' title="bbox 359 4235 1933 4308">
    <p class='ocr_par' dir='ltr' id='par_1_77' title="bbox 359 4235 1933 4308">
     <span class='ocr_line' id='line_1_77' title="bbox 359 4235 1933 4308; baseline -0.004 -13"><span class='ocrx_word' id='word_1_597' title='bbox 359 4243 430 4295; x_wconf 81' lang='grc' dir='ltr'>δὲ</span> <span class='ocrx_word' id='word_1_598' title='bbox 467 4241 563 4295; x_wconf 76' lang='grc' dir='ltr'>καὶ</span> <span class='ocrx_word' id='word_1_599' title='bbox 604 4239 748 4308; x_wconf 74' lang='grc' dir='ltr'>πρὶν</span> <span class='ocrx_word' id='word_1_600' title='bbox 790 4238 1106 4308; x_wconf 83' lang='grc' dir='ltr'>ἐνωθῆναι,</span> <span class='ocrx_word' id='word_1_601' title='bbox 1154 4236 1254 4292; x_wconf 79' lang='grc' dir='ltr'>καὶ</span> <span class='ocrx_word' id='word_1_602' title='bbox 1296 4235 1707 4305; x_wconf 80' lang='grc' dir='ltr'>ἀποθεωθῆναι</span> <span class='ocrx_word' id='word_1_603' title='bbox 1736 4236 1896 4305; x_wconf 76' lang='grc' dir='ltr'>λέγει</span> <span class='ocrx_word' id='word_1_604' title='bbox 1921 4253 1933 4264; x_wconf 90' lang='grc'><strong>·</strong></span> 
     </span>
    </p>
   </div>
   <div class='ocr_carea' id='block_1_78' title="bbox 367 4327 1938 4404">
    <p class='ocr_par' dir='ltr' id='par_1_78' title="bbox 367 4327 1938 4404">
     <span class='ocr_line' id='line_1_78' title="bbox 367 4327 1938 4404; baseline -0.003 -18"><span class='ocrx_word' id='word_1_605' title='bbox 367 4357 389 4386; x_wconf 72' lang='grc' dir='ltr'><strong>ι</strong></span> <span class='ocrx_word' id='word_1_606' title='bbox 424 4334 565 4404; x_wconf 64' lang='grc' dir='ltr'><strong>Ἐγὼ</strong></span> <span class='ocrx_word' id='word_1_607' title='bbox 607 4332 701 4385; x_wconf 75' lang='grc' dir='ltr'>καὶ</span> <span class='ocrx_word' id='word_1_608' title='bbox 732 4335 766 4385; x_wconf 84' lang='grc' dir='ltr'><strong><em>ό</em></strong></span> <span class='ocrx_word' id='word_1_609' title='bbox 803 4330 1007 4398; x_wconf 79' lang='grc' dir='ltr'>Πατὴρ</span> <span class='ocrx_word' id='word_1_610' title='bbox 1049 4330 1118 4384; x_wconf 80' lang='grc' dir='ltr'>ἐν</span> <span class='ocrx_word' id='word_1_611' title='bbox 1158 4330 1374 4398; x_wconf 83' lang='grc' dir='ltr'>ἐσμεν;</span> <span class='ocrx_word' id='word_1_612' title='bbox 1406 4348 1426 4381; x_wconf 69' lang='grc' dir='ltr'><strong>ι</strong></span> <span class='ocrx_word' id='word_1_613' title='bbox 1476 4327 1660 4381; x_wconf 86' lang='grc' dir='ltr'>Ταῦτα</span> <span class='ocrx_word' id='word_1_614' title='bbox 1690 4328 1938 4392; x_wconf 80' lang='grc' dir='ltr'>διέξεισιν</span> 
     </span>
    </p>
   </div>
   <div class='ocr_carea' id='block_1_79' title="bbox 364 4420 1940 4494">
    <p class='ocr_par' dir='ltr' id='par_1_79' title="bbox 364 4420 1940 4494">
     <span class='ocr_line' id='line_1_79' title="bbox 364 4420 1940 4494; baseline -0.004 -14"><span class='ocrx_word' id='word_1_615' title='bbox 364 4429 590 4489; x_wconf 78' lang='grc' dir='ltr'>ἐκεῖνος,</span> <span class='ocrx_word' id='word_1_616' title='bbox 628 4425 715 4478; x_wconf 72' lang='grc' dir='ltr'>διὰ</span> <span class='ocrx_word' id='word_1_617' title='bbox 754 4424 862 4476; x_wconf 85' lang='grc' dir='ltr'><strong>τῶν</strong></span> <span class='ocrx_word' id='word_1_618' title='bbox 897 4421 1198 4494; x_wconf 80' lang='grc' dir='ltr'>εἰρημένων</span> <span class='ocrx_word' id='word_1_619' title='bbox 1236 4421 1657 4485; x_wconf 72' lang='grc' dir='ltr'>κατασκευάζων</span> <span class='ocrx_word' id='word_1_620' title='bbox 1689 4420 1822 4490; x_wconf 84' lang='grc'><strong>(67),</strong></span> <span class='ocrx_word' id='word_1_621' title='bbox 1857 4422 1940 4474; x_wconf 84' lang='grc' dir='ltr'>ὅτι</span> 
     </span>
    </p>
   </div>
   <div class='ocr_carea' id='block_1_80' title="bbox 362 4510 1940 4587">
    <p class='ocr_par' dir='ltr' id='par_1_80' title="bbox 362 4510 1940 4587">
     <span class='ocr_line' id='line_1_80' title="bbox 362 4510 1940 4587; baseline -0.004 -17"><span class='ocrx_word' id='word_1_622' title='bbox 362 4517 516 4570; x_wconf 73' lang='grc' dir='ltr'>οὐδὲν</span> <span class='ocrx_word' id='word_1_623' title='bbox 543 4515 680 4587; x_wconf 85' lang='grc' dir='ltr'>πρὸς</span> <span class='ocrx_word' id='word_1_624' title='bbox 708 4515 768 4566; x_wconf 87' lang='grc' dir='ltr'>τὺ</span> <span class='ocrx_word' id='word_1_625' title='bbox 799 4513 1070 4584; x_wconf 81' lang='grc' dir='ltr'>θειότερον</span> <span class='ocrx_word' id='word_1_626' title='bbox 1097 4514 1130 4582; x_wconf 85' lang='grc' dir='ltr'>ὴ</span> <span class='ocrx_word' id='word_1_627' title='bbox 1165 4510 1261 4564; x_wconf 89' lang='grc' dir='ltr'><strong>τοῦ</strong></span> <span class='ocrx_word' id='word_1_628' title='bbox 1303 4511 1554 4581; x_wconf 85' lang='grc' dir='ltr'>σώματος</span> <span class='ocrx_word' id='word_1_629' title='bbox 1592 4510 1750 4578; x_wconf 78' lang='grc' dir='ltr'>φύσις</span> <span class='ocrx_word' id='word_1_630' title='bbox 1811 4528 1940 4581; x_wconf 82' lang='grc' dir='ltr'>μετ-</span> 
     </span>
    </p>
   </div>
   <div class='ocr_carea' id='block_1_81' title="bbox 370 4600 1946 4676">
    <p class='ocr_par' dir='ltr' id='par_1_81' title="bbox 370 4600 1946 4676">
     <span class='ocr_line' id='line_1_81' title="bbox 370 4600 1946 4676; baseline -0.008 -15"><span class='ocrx_word' id='word_1_631' title='bbox 370 4605 601 4676; x_wconf 82' lang='grc' dir='ltr'>εποιήθη</span> <span class='ocrx_word' id='word_1_632' title='bbox 627 4621 642 4633; x_wconf 88' lang='grc'><strong>·</strong></span> <span class='ocrx_word' id='word_1_633' title='bbox 691 4604 804 4657; x_wconf 83' lang='grc' dir='ltr'>ἀλλ’</span> <span class='ocrx_word' id='word_1_634' title='bbox 828 4605 910 4657; x_wconf 81' lang='grc' dir='ltr'>ὅτι</span> <span class='ocrx_word' id='word_1_635' title='bbox 937 4604 1064 4675; x_wconf 71' lang='grc' dir='ltr'>περὶ</span> <span class='ocrx_word' id='word_1_636' title='bbox 1089 4602 1251 4656; x_wconf 72' lang='grc' dir='ltr'>αὑτὸν</span> <span class='ocrx_word' id='word_1_637' title='bbox 1277 4603 1333 4654; x_wconf 88' lang='grc' dir='ltr'>αἱ</span> <span class='ocrx_word' id='word_1_638' title='bbox 1358 4600 1561 4671; x_wconf 83' lang='grc' dir='ltr'>τρίχες,</span> <span class='ocrx_word' id='word_1_639' title='bbox 1592 4603 1639 4653; x_wconf 82' lang='grc' dir='ltr'><strong>οἱ</strong></span> <span class='ocrx_word' id='word_1_640' title='bbox 1665 4602 1875 4671; x_wconf 71' lang='grc' dir='ltr'>ὅνυχες,</span> <span class='ocrx_word' id='word_1_641' title='bbox 1910 4603 1946 4672; x_wconf 77' lang='grc' dir='ltr'>ἡ</span> 
     </span>
    </p>
   </div>
   <div class='ocr_carea' id='block_1_82' title="bbox 369 4693 1948 4772">
    <p class='ocr_par' dir='ltr' id='par_1_82' title="bbox 369 4693 1948 4772">
     <span class='ocr_line' id='line_1_82' title="bbox 369 4693 1948 4772; baseline -0.003 -19"><span class='ocrx_word' id='word_1_642' title='bbox 369 4699 556 4772; x_wconf 78' lang='grc' dir='ltr'>μορφὴ</span> <span class='ocrx_word' id='word_1_643' title='bbox 586 4697 719 4769; x_wconf 84' lang='grc'><strong>(68),</strong></span> <span class='ocrx_word' id='word_1_644' title='bbox 757 4697 818 4749; x_wconf 81' lang='grc' dir='ltr'>τὸ</span> <span class='ocrx_word' id='word_1_645' title='bbox 850 4699 1056 4767; x_wconf 79' lang='grc' dir='ltr'>σχῆμα,</span> <span class='ocrx_word' id='word_1_646' title='bbox 1087 4697 1121 4767; x_wconf 79' lang='grc' dir='ltr'>ἡ</span> <span class='ocrx_word' id='word_1_647' title='bbox 1162 4693 1254 4749; x_wconf 84' lang='grc' dir='ltr'><strong>τοῦ</strong></span> <span class='ocrx_word' id='word_1_648' title='bbox 1279 4695 1444 4763; x_wconf 71' lang='grc' dir='ltr'>ὄγκου</span> <span class='ocrx_word' id='word_1_649' title='bbox 1475 4694 1810 4766; x_wconf 75' lang='grc' dir='ltr'>περιγραφὴ,</span> <span class='ocrx_word' id='word_1_650' title='bbox 1850 4697 1948 4748; x_wconf 66' lang='grc' dir='ltr'>καὶ</span> 
     </span>
    </p>
   </div>
   <div class='ocr_carea' id='block_1_83' title="bbox 441 4873 1686 4949">
    <p class='ocr_par' dir='ltr' id='par_1_83' title="bbox 441 4873 1686 4949">
     <span class='ocr_line' id='line_1_83' title="bbox 441 4873 1686 4949; baseline -0.01 -10"><span class='ocrx_word' id='word_1_651' title='bbox 441 4886 488 4918; x_wconf 82' lang='grc'><strong>⁸⁵</strong></span> <span class='ocrx_word' id='word_1_652' title='bbox 522 4883 714 4939; x_wconf 81' lang='lat' dir='ltr'><strong>Matth.</strong></span> <span class='ocrx_word' id='word_1_653' title='bbox 742 4897 890 4945; x_wconf 71' lang='lat' dir='ltr'><strong>xxiv,</strong></span> <span class='ocrx_word' id='word_1_654' title='bbox 922 4881 1010 4949; x_wconf 78' lang='lat'><strong>30,</strong></span> <span class='ocrx_word' id='word_1_655' title='bbox 1043 4879 1131 4934; x_wconf 80' lang='grc'><strong>51.</strong></span> <span class='ocrx_word' id='word_1_656' title='bbox 1211 4878 1258 4908; x_wconf 81' lang='grc'>⁸⁸</span> <span class='ocrx_word' id='word_1_657' title='bbox 1290 4875 1451 4930; x_wconf 75' lang='lat' dir='ltr'><strong>Joan.</strong></span> <span class='ocrx_word' id='word_1_658' title='bbox 1502 4891 1558 4940; x_wconf 77' lang='grc' dir='ltr'><strong>κ,</strong></span> <span class='ocrx_word' id='word_1_659' title='bbox 1594 4873 1686 4927; x_wconf 81' lang='grc'><strong>50.</strong></span> 
     </span>
    </p>
   </div>
   <div class='ocr_carea' id='block_1_84' title="bbox 451 5069 1953 5156">
    <p class='ocr_par' dir='ltr' id='par_1_84' title="bbox 451 5069 1953 5156">
     <span class='ocr_line' id='line_1_84' title="bbox 451 5069 1953 5156; baseline -0.013 -15"><span class='ocrx_word' id='word_1_660' title='bbox 451 5086 562 5156; x_wconf 82' lang='lat'>(58)</span> <span class='ocrx_word' id='word_1_661' title='bbox 585 5083 664 5156; x_wconf 78' lang='lat' dir='ltr'><strong>lta</strong></span> <span class='ocrx_word' id='word_1_662' title='bbox 695 5081 1016 5156; x_wconf 70' lang='lat' dir='ltr'><strong>necessario</strong></span> <span class='ocrx_word' id='word_1_663' title='bbox 1040 5080 1172 5135; x_wconf 89' lang='lat' dir='ltr'><strong>mihi</strong></span> <span class='ocrx_word' id='word_1_664' title='bbox 1209 5075 1500 5150; x_wconf 82' lang='lat' dir='ltr'><strong>legendum</strong></span> <span class='ocrx_word' id='word_1_665' title='bbox 1530 5073 1774 5138; x_wconf 90' lang='lat' dir='ltr'><strong>videtur,</strong></span> <span class='ocrx_word' id='word_1_666' title='bbox 1824 5069 1953 5124; x_wconf 88' lang='lat' dir='ltr'><strong>licet</strong></span> 
     </span>
    </p>
   </div>
   <div class='ocr_carea' id='block_1_85' title="bbox 377 5151 1228 5222">
    <p class='ocr_par' dir='ltr' id='par_1_85' title="bbox 377 5151 1228 5222">
     <span class='ocr_line' id='line_1_85' title="bbox 377 5151 1228 5222; baseline -0.018 -8"><span class='ocrx_word' id='word_1_667' title='bbox 377 5161 433 5214; x_wconf 80' lang='lat' dir='ltr'><strong>iu</strong></span> <span class='ocrx_word' id='word_1_668' title='bbox 453 5151 575 5210; x_wconf 80' lang='lat' dir='ltr'><strong>eod.</strong></span> <span class='ocrx_word' id='word_1_669' title='bbox 601 5155 724 5208; x_wconf 88' lang='lat' dir='ltr'><strong>Vat.</strong></span> <span class='ocrx_word' id='word_1_670' title='bbox 757 5153 828 5208; x_wconf 89' lang='lat' dir='ltr'><strong>sit</strong></span> <span class='ocrx_word' id='word_1_671' title='bbox 855 5151 1045 5222; x_wconf 79' lang='grc' dir='ltr'>καινῷ.</span> <span class='ocrx_word' id='word_1_672' title='bbox 1225 5179 1228 5182; x_wconf 82' lang='lat'><strong><em>~</em></strong></span> 
     </span>
    </p>
   </div>
   <div class='ocr_carea' id='block_1_86' title="bbox 453 5217 1308 5296">
    <p class='ocr_par' dir='ltr' id='par_1_86' title="bbox 453 5217 1308 5296">
     <span class='ocr_line' id='line_1_86' title="bbox 453 5217 1308 5296; baseline -0.013 -14"><span class='ocrx_word' id='word_1_673' title='bbox 453 5229 568 5296; x_wconf 64' lang='lat'>(519)</span> <span class='ocrx_word' id='word_1_674' title='bbox 601 5224 712 5279; x_wconf 82' lang='lat' dir='ltr'><strong>Vox</strong></span> <span class='ocrx_word' id='word_1_675' title='bbox 745 5223 968 5277; x_wconf 74' lang='grc' dir='ltr'>ἐκείνων</span> <span class='ocrx_word' id='word_1_676' title='bbox 989 5217 1140 5296; x_wconf 38' lang='lat' dir='ltr'><strong>~eorr.</strong></span> <span class='ocrx_word' id='word_1_677' title='bbox 1179 5217 1308 5296; x_wconf 77' lang='lat' dir='ltr'><strong>add.</strong></span> 
     </span>
    </p>
   </div>
   <div class='ocr_carea' id='block_1_87' title="bbox 453 5281 1949 5365">
    <p class='ocr_par' dir='ltr' id='par_1_87' title="bbox 453 5281 1949 5365">
     <span class='ocr_line' id='line_1_87' title="bbox 453 5281 1949 5365; baseline -0.012 -15"><span class='ocrx_word' id='word_1_678' title='bbox 453 5281 566 5365; x_wconf 80' lang='grc'><strong>(66)</strong></span> <span class='ocrx_word' id='word_1_679' title='bbox 588 5296 662 5350; x_wconf 86' lang='lat' dir='ltr'><strong>lta</strong></span> <span class='ocrx_word' id='word_1_680' title='bbox 691 5309 865 5365; x_wconf 66' lang='lat' dir='ltr'><strong>corr.;</strong></span> <span class='ocrx_word' id='word_1_681' title='bbox 898 5294 1040 5347; x_wconf 87' lang='lat' dir='ltr'><strong>male</strong></span> <span class='ocrx_word' id='word_1_682' title='bbox 1061 5303 1220 5346; x_wconf 90' lang='lat' dir='ltr'><strong>antea</strong></span> <span class='ocrx_word' id='word_1_683' title='bbox 1242 5291 1270 5342; x_wconf 86' lang='lat'><strong>6</strong></span> <span class='ocrx_word' id='word_1_684' title='bbox 1292 5288 1518 5350; x_wconf 77' lang='grc' dir='ltr'>τούτους</span> <span class='ocrx_word' id='word_1_685' title='bbox 1543 5286 1637 5340; x_wconf 91' lang='lat' dir='ltr'><strong>sed</strong></span> <span class='ocrx_word' id='word_1_686' title='bbox 1661 5281 1949 5353; x_wconf 77' lang='lat' dir='ltr'><strong>legendum</strong></span> 
     </span>
    </p>
   </div>
   <div class='ocr_carea' id='block_1_88' title="bbox 382 5363 931 5422">
    <p class='ocr_par' dir='ltr' id='par_1_88' title="bbox 382 5363 931 5422">
     <span class='ocr_line' id='line_1_88' title="bbox 382 5363 931 5422; baseline -0.011 -1"><span class='ocrx_word' id='word_1_687' title='bbox 382 5363 602 5422; x_wconf 83' lang='lat' dir='ltr'><strong>videtur</strong></span> <span class='ocrx_word' id='word_1_688' title='bbox 632 5365 726 5418; x_wconf 78' lang='grc' dir='ltr'>καὶ</span> <span class='ocrx_word' id='word_1_689' title='bbox 755 5363 931 5418; x_wconf 86' lang='grc' dir='ltr'>τοῦτο.</span> 
     </span>
    </p>
   </div>
   <div class='ocr_carea' id='block_1_89' title="bbox 454 5428 1951 5506">
    <p class='ocr_par' dir='ltr' id='par_1_89' title="bbox 454 5428 1951 5506">
     <span class='ocr_line' id='line_1_89' title="bbox 454 5428 1951 5506; baseline -0.009 -15"><span class='ocrx_word' id='word_1_690' title='bbox 454 5438 567 5505; x_wconf 87' lang='grc'><strong>(61)</strong></span> <span class='ocrx_word' id='word_1_691' title='bbox 599 5435 756 5491; x_wconf 89' lang='lat' dir='ltr'><strong>Corr.</strong></span> <span class='ocrx_word' id='word_1_692' title='bbox 787 5434 883 5506; x_wconf 80' lang='grc' dir='ltr'><strong>τὴν</strong></span> <span class='ocrx_word' id='word_1_693' title='bbox 925 5431 1218 5504; x_wconf 82' lang='grc' dir='ltr'>ἁπρόσιτόν</span> <span class='ocrx_word' id='word_1_694' title='bbox 1255 5446 1313 5482; x_wconf 85' lang='grc' dir='ltr'><strong>τε</strong></span> <span class='ocrx_word' id='word_1_695' title='bbox 1366 5430 1458 5482; x_wconf 72' lang='grc' dir='ltr'>καὶ</span> <span class='ocrx_word' id='word_1_696' title='bbox 1501 5428 1951 5498; x_wconf 85' lang='grc' dir='ltr'>ἀπροσπέλαστον</span> 
     </span>
    </p>
   </div>
   <div class='ocr_carea' id='block_1_90' title="bbox 383 5525 566 5560">
    <p class='ocr_par' dir='ltr' id='par_1_90' title="bbox 383 5525 566 5560">
     <span class='ocr_line' id='line_1_90' title="bbox 383 5525 566 5560; baseline -0.011 0"><span class='ocrx_word' id='word_1_697' title='bbox 383 5525 566 5560; x_wconf 64' lang='grc' dir='ltr'>ευσιν.</span> 
     </span>
    </p>
   </div>
   <div class='ocr_carea' id='block_1_91' title="bbox 387 5545 1208 5645">
    <p class='ocr_par' dir='ltr' id='par_1_91' title="bbox 387 5545 1208 5645">
     <span class='ocr_line' id='line_1_91' title="bbox 387 5545 1208 5645; baseline -0.011 -12"><span class='ocrx_word' id='word_1_698' title='bbox 387 5545 570 5643; x_wconf 41' lang='grc' dir='ltr'><strong>τυ(</strong></span> <span class='ocrx_word' id='word_1_699' title='bbox 589 5578 749 5630; x_wconf 90' lang='lat' dir='ltr'><strong>Corr.</strong></span> <span class='ocrx_word' id='word_1_700' title='bbox 781 5576 905 5645; x_wconf 84' lang='grc' dir='ltr'>ῐσην</span> <span class='ocrx_word' id='word_1_701' title='bbox 928 5569 1065 5627; x_wconf 73' lang='grc' dir='ltr'>εἶναι</span> <span class='ocrx_word' id='word_1_702' title='bbox 1087 5573 1208 5642; x_wconf 79' lang='grc' dir='ltr'>τήν.</span> 
     </span>
    </p>
   </div>
   <div class='ocr_carea' id='block_1_92' title="bbox 461 5632 1386 5714">
    <p class='ocr_par' dir='ltr' id='par_1_92' title="bbox 461 5632 1386 5714">
     <span class='ocr_line' id='line_1_92' title="bbox 461 5632 1386 5714; baseline -0.011 -14"><span class='ocrx_word' id='word_1_703' title='bbox 461 5632 574 5714; x_wconf 78' lang='grc'><strong>(65)</strong></span> <span class='ocrx_word' id='word_1_704' title='bbox 606 5649 682 5700; x_wconf 89' lang='lat' dir='ltr'><strong>Ita</strong></span> <span class='ocrx_word' id='word_1_705' title='bbox 707 5632 1018 5700; x_wconf 37' lang='lat' dir='ltr'><strong>eorrfmale</strong></span> <span class='ocrx_word' id='word_1_706' title='bbox 1052 5632 1209 5698; x_wconf 71' lang='lat' dir='ltr'><strong>antea</strong></span> <span class='ocrx_word' id='word_1_707' title='bbox 1239 5642 1294 5692; x_wconf 80' lang='grc' dir='ltr'><strong>ὲν</strong></span> <span class='ocrx_word' id='word_1_708' title='bbox 1323 5632 1386 5708; x_wconf 81' lang='grc' dir='ltr'><strong>ᾧ.</strong></span> 
     </span>
    </p>
   </div>
   <div class='ocr_carea' id='block_1_93' title="bbox 462 5706 1953 5784">
    <p class='ocr_par' dir='ltr' id='par_1_93' title="bbox 462 5706 1953 5784">
     <span class='ocr_line' id='line_1_93' title="bbox 462 5706 1953 5784; baseline -0.008 -11"><span class='ocrx_word' id='word_1_709' title='bbox 462 5706 573 5784; x_wconf 63' lang='grc'><strong>(64)</strong></span> <span class='ocrx_word' id='word_1_710' title='bbox 619 5716 798 5770; x_wconf 84' lang='lat' dir='ltr'><strong>Locus</strong></span> <span class='ocrx_word' id='word_1_711' title='bbox 842 5717 944 5769; x_wconf 90' lang='lat' dir='ltr'><strong>iste</strong></span> <span class='ocrx_word' id='word_1_712' title='bbox 991 5714 1112 5769; x_wconf 90' lang='lat' dir='ltr'><strong>sine</strong></span> <span class='ocrx_word' id='word_1_713' title='bbox 1151 5721 1288 5781; x_wconf 86' lang='lat' dir='ltr'><strong>part.</strong></span> <span class='ocrx_word' id='word_1_714' title='bbox 1343 5706 1592 5784; x_wconf 76' lang='lat' dir='ltr'><strong>negativa</strong></span> <span class='ocrx_word' id='word_1_715' title='bbox 1654 5706 1858 5784; x_wconf 78' lang='lat' dir='ltr'><strong>legitur</strong></span> <span class='ocrx_word' id='word_1_716' title='bbox 1901 5708 1953 5761; x_wconf 92' lang='lat' dir='ltr'><strong>in</strong></span> 
     </span>
    </p>
   </div>
   <div class='ocr_carea' id='block_1_94' title="bbox 394 5778 1953 5852">
    <p class='ocr_par' dir='ltr' id='par_1_94' title="bbox 394 5778 1953 5852">
     <span class='ocr_line' id='line_1_94' title="bbox 394 5778 1953 5852; baseline -0.008 -9"><span class='ocrx_word' id='word_1_717' title='bbox 394 5778 519 5843; x_wconf 80' lang='lat' dir='ltr'><strong>cod.</strong></span> <span class='ocrx_word' id='word_1_718' title='bbox 549 5787 710 5852; x_wconf 85' lang='lat' dir='ltr'><strong>Vat.;</strong></span> <span class='ocrx_word' id='word_1_719' title='bbox 771 5786 866 5840; x_wconf 76' lang='lat' dir='ltr'><strong>sed</strong></span> <span class='ocrx_word' id='word_1_720' title='bbox 914 5799 1034 5837; x_wconf 85' lang='lat' dir='ltr'><strong>eam</strong></span> <span class='ocrx_word' id='word_1_721' title='bbox 1080 5778 1399 5852; x_wconf 73' lang='lat' dir='ltr'><strong>neerssario</strong></span> <span class='ocrx_word' id='word_1_722' title='bbox 1453 5779 1540 5831; x_wconf 84' lang='lat' dir='ltr'><strong>hic</strong></span> <span class='ocrx_word' id='word_1_723' title='bbox 1589 5778 1953 5852; x_wconf 69' lang='lat' dir='ltr'><strong>repotiemlaiii</strong></span> 
     </span>
    </p>
   </div>
   <div class='ocr_carea' id='block_1_95' title="bbox 393 5849 1952 5924">
    <p class='ocr_par' dir='ltr' id='par_1_95' title="bbox 393 5849 1952 5924">
     <span class='ocr_line' id='line_1_95' title="bbox 393 5849 1952 5924; baseline -0.011 -9"><span class='ocrx_word' id='word_1_724' title='bbox 393 5875 540 5924; x_wconf 77' lang='lat' dir='ltr'><strong>esse,</strong></span> <span class='ocrx_word' id='word_1_725' title='bbox 574 5849 882 5914; x_wconf 14' lang='lat' dir='ltr'><strong>nonﬁmodo</strong></span> <span class='ocrx_word' id='word_1_726' title='bbox 911 5855 1253 5924; x_wconf 81' lang='lat' dir='ltr'><strong>subsequens</strong></span> <span class='ocrx_word' id='word_1_727' title='bbox 1277 5850 1459 5906; x_wconf 79' lang='lat' dir='ltr'><strong>statim</strong></span> <span class='ocrx_word' id='word_1_728' title='bbox 1488 5852 1701 5918; x_wconf 78' lang='lat' dir='ltr'><strong>negatio</strong></span> <span class='ocrx_word' id='word_1_729' title='bbox 1727 5849 1952 5912; x_wconf 79' lang='lat' dir='ltr'><strong>indicat,</strong></span> 
     </span>
    </p>
   </div>
   <div class='ocr_carea' id='block_1_96' title="bbox 2102 3771 3608 3843">
    <p class='ocr_par' dir='ltr' id='par_1_96' title="bbox 2102 3771 3608 3843">
     <span class='ocr_line' id='line_1_96' title="bbox 2102 3771 3608 3843; baseline -0.001 -14"><span class='ocrx_word' id='word_1_730' title='bbox 2102 3774 2264 3829; x_wconf 84' lang='lat' dir='ltr'><strong>LVII.</strong></span> <span class='ocrx_word' id='word_1_731' title='bbox 2306 3773 2571 3828; x_wconf 63' lang='lat' dir='ltr'><strong>Praeterea</strong></span> <span class='ocrx_word' id='word_1_732' title='bbox 2601 3773 2777 3843; x_wconf 88' lang='lat' dir='ltr'><strong>inquit</strong></span> <span class='ocrx_word' id='word_1_733' title='bbox 2813 3775 2829 3842; x_wconf 97' lang='lat'><strong>(</strong></span> <span class='ocrx_word' id='word_1_734' title='bbox 2856 3788 2978 3826; x_wconf 91' lang='lat' dir='ltr'><strong>nam</strong></span> <span class='ocrx_word' id='word_1_735' title='bbox 3003 3787 3125 3842; x_wconf 75' lang='lat' dir='ltr'><strong>quze</strong></span> <span class='ocrx_word' id='word_1_736' title='bbox 3153 3771 3206 3824; x_wconf 93' lang='lat' dir='ltr'><strong>in</strong></span> <span class='ocrx_word' id='word_1_737' title='bbox 3253 3771 3433 3825; x_wconf 90' lang='lat' dir='ltr'><strong>medio</strong></span> <span class='ocrx_word' id='word_1_738' title='bbox 3460 3783 3608 3832; x_wconf 86' lang='lat' dir='ltr'><strong>sunt.</strong></span> 
     </span>
    </p>
   </div>
   <div class='ocr_carea' id='block_1_97' title="bbox 2033 3863 3610 3940">
    <p class='ocr_par' dir='ltr' id='par_1_97' title="bbox 2033 3863 3610 3940">
     <span class='ocr_line' id='line_1_97' title="bbox 2033 3863 3610 3940; baseline -0.003 -18"><span class='ocrx_word' id='word_1_739' title='bbox 2033 3871 2460 3940; x_wconf 55' lang='lat' dir='ltr'><strong>praetermitto):</strong></span> <span class='ocrx_word' id='word_1_740' title='bbox 2508 3867 2568 3921; x_wconf 83' lang='lat' dir='ltr'><strong>Si</strong></span> <span class='ocrx_word' id='word_1_741' title='bbox 2594 3877 2710 3934; x_wconf 85' lang='lat' dir='ltr'><strong>post</strong></span> <span class='ocrx_word' id='word_1_742' title='bbox 2778 3866 3214 3920; x_wconf 76' lang='lat' dir='ltr'><strong>resurrectionem</strong></span> <span class='ocrx_word' id='word_1_743' title='bbox 3250 3863 3390 3917; x_wconf 81' lang='lat' dir='ltr'><strong>Deus</strong></span> <span class='ocrx_word' id='word_1_744' title='bbox 3447 3868 3610 3918; x_wconf 74' lang='lat' dir='ltr'><strong>evasit</strong></span> 
     </span>
    </p>
   </div>
   <div class='ocr_carea' id='block_1_98' title="bbox 2032 3951 3614 4026">
    <p class='ocr_par' dir='ltr' id='par_1_98' title="bbox 2032 3951 3614 4026">
     <span class='ocr_line' id='line_1_98' title="bbox 2032 3951 3614 4026; baseline -0.004 -14"><span class='ocrx_word' id='word_1_745' title='bbox 2032 3969 2081 4012; x_wconf 83' lang='lat' dir='ltr'><strong>et</strong></span> <span class='ocrx_word' id='word_1_746' title='bbox 2131 3975 2233 4012; x_wconf 85' lang='lat' dir='ltr'><strong>non</strong></span> <span class='ocrx_word' id='word_1_747' title='bbox 2268 3958 2502 4026; x_wconf 77' lang='lat' dir='ltr'><strong>amplius</strong></span> <span class='ocrx_word' id='word_1_748' title='bbox 2557 3957 2709 4010; x_wconf 81' lang='lat' dir='ltr'><strong>homo</strong></span> <span class='ocrx_word' id='word_1_749' title='bbox 2762 3966 2863 4016; x_wconf 84' lang='lat' dir='ltr'><strong>est,</strong></span> <span class='ocrx_word' id='word_1_750' title='bbox 2926 3953 3187 4026; x_wconf 83' lang='lat' dir='ltr'><strong>quomodo</strong></span> <span class='ocrx_word' id='word_1_751' title='bbox 3237 3951 3410 4005; x_wconf 79' lang='lat' dir='ltr'><strong>Filius</strong></span> <span class='ocrx_word' id='word_1_752' title='bbox 3445 3955 3614 4006; x_wconf 68' lang='lat' dir='ltr'><strong>Itami-</strong></span> 
     </span>
    </p>
   </div>
   <div class='ocr_carea' id='block_1_99' title="bbox 2035 4043 3616 4115">
    <p class='ocr_par' dir='ltr' id='par_1_99' title="bbox 2035 4043 3616 4115">
     <span class='ocr_line' id='line_1_99' title="bbox 2035 4043 3616 4115; baseline -0.003 -13"><span class='ocrx_word' id='word_1_753' title='bbox 2035 4050 2118 4102; x_wconf 83' lang='lat' dir='ltr'><strong>nis</strong></span> <span class='ocrx_word' id='word_1_754' title='bbox 2154 4047 2321 4100; x_wconf 80' lang='lat' dir='ltr'><strong>mittet</strong></span> <span class='ocrx_word' id='word_1_755' title='bbox 2351 4047 2565 4115; x_wconf 79' lang='lat' dir='ltr'><strong>angelos</strong></span> <span class='ocrx_word' id='word_1_756' title='bbox 2596 4063 2718 4099; x_wconf 83' lang='lat' dir='ltr'><strong>suos</strong></span> <span class='ocrx_word' id='word_1_757' title='bbox 2747 4049 2771 4100; x_wconf 87' lang='lat'><strong><em>?</em></strong></span> <span class='ocrx_word' id='word_1_758' title='bbox 2801 4044 2867 4098; x_wconf 86' lang='lat' dir='ltr'><strong>Et</strong></span> <span class='ocrx_word' id='word_1_759' title='bbox 2899 4043 3160 4113; x_wconf 82' lang='lat' dir='ltr'><strong>quomodo</strong></span> <span class='ocrx_word' id='word_1_760' title='bbox 3192 4043 3488 4096; x_wconf 80' lang='lat' dir='ltr'><strong>videbimus</strong></span> <span class='ocrx_word' id='word_1_761' title='bbox 3522 4043 3616 4097; x_wconf 76' lang='lat' dir='ltr'><strong>Fi-</strong></span> 
     </span>
    </p>
   </div>
   <div class='ocr_carea' id='block_1_100' title="bbox 2036 4135 3617 4199">
    <p class='ocr_par' dir='ltr' id='par_1_100' title="bbox 2036 4135 3617 4199">
     <span class='ocr_line' id='line_1_100' title="bbox 2036 4135 3617 4199; baseline -0.003 -7"><span class='ocrx_word' id='word_1_762' title='bbox 2036 4141 2167 4193; x_wconf 83' lang='lat' dir='ltr'><strong>lium</strong></span> <span class='ocrx_word' id='word_1_763' title='bbox 2224 4138 2450 4192; x_wconf 81' lang='lat' dir='ltr'><strong>hominis</strong></span> <span class='ocrx_word' id='word_1_764' title='bbox 2507 4139 2788 4192; x_wconf 77' lang='lat' dir='ltr'><strong>venientem</strong></span> <span class='ocrx_word' id='word_1_765' title='bbox 2840 4141 2891 4189; x_wconf 86' lang='lat' dir='ltr'><strong>in</strong></span> <span class='ocrx_word' id='word_1_766' title='bbox 2945 4136 3168 4188; x_wconf 82' lang='lat' dir='ltr'><strong>nubibus</strong></span> <span class='ocrx_word' id='word_1_767' title='bbox 3198 4137 3312 4188; x_wconf 72' lang='lat' dir='ltr'><strong>caeli</strong></span> <span class='ocrx_word' id='word_1_768' title='bbox 3343 4138 3386 4166; x_wconf 73' lang='grc'><strong>⁵⁸</strong></span> <span class='ocrx_word' id='word_1_769' title='bbox 3415 4137 3438 4188; x_wconf 83' lang='lat'><strong>?</strong></span> <span class='ocrx_word' id='word_1_770' title='bbox 3471 4135 3617 4199; x_wconf 83' lang='lat' dir='ltr'><strong>Quo-</strong></span> 
     </span>
    </p>
   </div>
   <div class='ocr_carea' id='block_1_101' title="bbox 2034 4228 3613 4298">
    <p class='ocr_par' dir='ltr' id='par_1_101' title="bbox 2034 4228 3613 4298">
     <span class='ocr_line' id='line_1_101' title="bbox 2034 4228 3613 4298; baseline -0.004 -13"><span class='ocrx_word' id='word_1_771' title='bbox 2034 4232 2189 4285; x_wconf 86' lang='lat' dir='ltr'><strong>modo</strong></span> <span class='ocrx_word' id='word_1_772' title='bbox 2241 4233 2401 4285; x_wconf 82' lang='lat' dir='ltr'><strong>etiam</strong></span> <span class='ocrx_word' id='word_1_773' title='bbox 2432 4233 2760 4298; x_wconf 71' lang='lat' dir='ltr'><strong>priusquam</strong></span> <span class='ocrx_word' id='word_1_774' title='bbox 2815 4246 2948 4281; x_wconf 73' lang='lat' dir='ltr'><strong>imus</strong></span> <span class='ocrx_word' id='word_1_775' title='bbox 3022 4245 3140 4280; x_wconf 85' lang='lat' dir='ltr'><strong>cum</strong></span> <span class='ocrx_word' id='word_1_776' title='bbox 3213 4228 3319 4282; x_wconf 83' lang='lat' dir='ltr'><strong>Deo</strong></span> <span class='ocrx_word' id='word_1_777' title='bbox 3371 4229 3536 4295; x_wconf 83' lang='lat' dir='ltr'><strong>ﬁeret,</strong></span> <span class='ocrx_word' id='word_1_778' title='bbox 3567 4239 3613 4280; x_wconf 81' lang='lat' dir='ltr'><strong>et</strong></span> 
     </span>
    </p>
   </div>
   <div class='ocr_carea' id='block_1_102' title="bbox 2035 4319 3621 4393">
    <p class='ocr_par' dir='ltr' id='par_1_102' title="bbox 2035 4319 3621 4393">
     <span class='ocr_line' id='line_1_102' title="bbox 2035 4319 3621 4393; baseline -0.001 -17"><span class='ocrx_word' id='word_1_779' title='bbox 2035 4323 2392 4393; x_wconf 81' lang='lat' dir='ltr'><strong>deiﬁcaretur,</strong></span> <span class='ocrx_word' id='word_1_780' title='bbox 2445 4325 2568 4376; x_wconf 84' lang='lat' dir='ltr'><strong>ait:</strong></span> <span class='ocrx_word' id='word_1_781' title='bbox 2625 4322 2734 4393; x_wconf 79' lang='lat' dir='ltr'><strong>Ego</strong></span> <span class='ocrx_word' id='word_1_782' title='bbox 2794 4331 2842 4374; x_wconf 85' lang='lat' dir='ltr'><strong>et</strong></span> <span class='ocrx_word' id='word_1_783' title='bbox 2894 4321 3056 4374; x_wconf 88' lang='lat' dir='ltr'><strong>Pater</strong></span> <span class='ocrx_word' id='word_1_784' title='bbox 3105 4337 3269 4372; x_wconf 83' lang='lat' dir='ltr'><strong>unum</strong></span> <span class='ocrx_word' id='word_1_785' title='bbox 3321 4337 3503 4373; x_wconf 77' lang='lat' dir='ltr'><strong>sumus</strong></span> <span class='ocrx_word' id='word_1_786' title='bbox 3529 4319 3621 4374; x_wconf 66' lang='lat'><strong>“1&#39;</strong></span> 
     </span>
    </p>
   </div>
   <div class='ocr_carea' id='block_1_103' title="bbox 2039 4412 3617 4479">
    <p class='ocr_par' dir='ltr' id='par_1_103' title="bbox 2039 4412 3617 4479">
     <span class='ocr_line' id='line_1_103' title="bbox 2039 4412 3617 4479; baseline -0.006 -8"><span class='ocrx_word' id='word_1_787' title='bbox 2039 4416 2164 4471; x_wconf 60' lang='lat' dir='ltr'><strong>Haec</strong></span> <span class='ocrx_word' id='word_1_788' title='bbox 2212 4417 2300 4470; x_wconf 89' lang='lat' dir='ltr'><strong>ille</strong></span> <span class='ocrx_word' id='word_1_789' title='bbox 2351 4424 2411 4470; x_wconf 88' lang='lat' dir='ltr'><strong>ut</strong></span> <span class='ocrx_word' id='word_1_790' title='bbox 2458 4423 2686 4477; x_wconf 87' lang='lat' dir='ltr'><strong>astruat,</strong></span> <span class='ocrx_word' id='word_1_791' title='bbox 2755 4412 2976 4467; x_wconf 89' lang='lat' dir='ltr'><strong>humani</strong></span> <span class='ocrx_word' id='word_1_792' title='bbox 3031 4412 3280 4479; x_wconf 85' lang='lat' dir='ltr'><strong>corporis</strong></span> <span class='ocrx_word' id='word_1_793' title='bbox 3364 4419 3617 4463; x_wconf 89' lang='lat' dir='ltr'><strong>naturam</strong></span> 
     </span>
    </p>
   </div>
   <div class='ocr_carea' id='block_1_104' title="bbox 2040 4502 3621 4578">
    <p class='ocr_par' dir='ltr' id='par_1_104' title="bbox 2040 4502 3621 4578">
     <span class='ocr_line' id='line_1_104' title="bbox 2040 4502 3621 4578; baseline -0.006 -15"><span class='ocrx_word' id='word_1_794' title='bbox 2040 4511 2348 4564; x_wconf 86' lang='lat' dir='ltr'><strong>nullatenus</strong></span> <span class='ocrx_word' id='word_1_795' title='bbox 2392 4509 2446 4561; x_wconf 94' lang='lat' dir='ltr'><strong>in</strong></span> <span class='ocrx_word' id='word_1_796' title='bbox 2514 4507 2685 4578; x_wconf 79' lang='lat' dir='ltr'><strong>magis</strong></span> <span class='ocrx_word' id='word_1_797' title='bbox 2749 4505 2995 4558; x_wconf 89' lang='lat' dir='ltr'><strong>divinum</strong></span> <span class='ocrx_word' id='word_1_798' title='bbox 3060 4502 3350 4572; x_wconf 84' lang='lat' dir='ltr'><strong>quemdam</strong></span> <span class='ocrx_word' id='word_1_799' title='bbox 3421 4508 3621 4554; x_wconf 86' lang='lat' dir='ltr'><strong>statum</strong></span> 
     </span>
    </p>
   </div>
   <div class='ocr_carea' id='block_1_105' title="bbox 2055 4592 3616 4669">
    <p class='ocr_par' dir='ltr' id='par_1_105' title="bbox 2055 4592 3616 4669">
     <span class='ocr_line' id='line_1_105' title="bbox 2055 4592 3616 4669; baseline -0.008 -14"><span class='ocrx_word' id='word_1_800' title='bbox 2055 4601 2361 4663; x_wconf 87' lang='lat' dir='ltr'><strong>transiisse,</strong></span> <span class='ocrx_word' id='word_1_801' title='bbox 2392 4595 2488 4651; x_wconf 89' lang='lat' dir='ltr'><strong>sed</strong></span> <span class='ocrx_word' id='word_1_802' title='bbox 2530 4613 2739 4669; x_wconf 86' lang='lat' dir='ltr'><strong>ungues</strong></span> <span class='ocrx_word' id='word_1_803' title='bbox 2761 4638 2774 4660; x_wconf 91' lang='lat'><strong>,</strong></span> <span class='ocrx_word' id='word_1_804' title='bbox 2838 4596 3065 4666; x_wconf 89' lang='lat' dir='ltr'><strong>capillos</strong></span> <span class='ocrx_word' id='word_1_805' title='bbox 3087 4635 3101 4658; x_wconf 93' lang='lat'><strong>,</strong></span> <span class='ocrx_word' id='word_1_806' title='bbox 3163 4595 3388 4663; x_wconf 82' lang='lat' dir='ltr'><strong>ﬁguram</strong></span> <span class='ocrx_word' id='word_1_807' title='bbox 3409 4635 3422 4654; x_wconf 93' lang='lat'><strong>,</strong></span> <span class='ocrx_word' id='word_1_808' title='bbox 3459 4592 3616 4645; x_wconf 88' lang='lat' dir='ltr'><strong>babi-</strong></span> 
     </span>
    </p>
   </div>
   <div class='ocr_carea' id='block_1_106' title="bbox 2054 4684 3625 4766">
    <p class='ocr_par' dir='ltr' id='par_1_106' title="bbox 2054 4684 3625 4766">
     <span class='ocr_line' id='line_1_106' title="bbox 2054 4684 3625 4766; baseline -0.006 -19"><span class='ocrx_word' id='word_1_809' title='bbox 2054 4703 2168 4748; x_wconf 90' lang='lat' dir='ltr'><strong>tnm</strong></span> <span class='ocrx_word' id='word_1_810' title='bbox 2225 4695 2529 4766; x_wconf 86' lang='lat' dir='ltr'><strong>molemque</strong></span> <span class='ocrx_word' id='word_1_811' title='bbox 2591 4692 2860 4762; x_wconf 86' lang='lat' dir='ltr'><strong>corporis,</strong></span> <span class='ocrx_word' id='word_1_812' title='bbox 2923 4689 3157 4758; x_wconf 87' lang='lat' dir='ltr'><strong>denique</strong></span> <span class='ocrx_word' id='word_1_813' title='bbox 3224 4695 3454 4741; x_wconf 58' lang='lat' dir='ltr'><strong>exteras</strong></span> <span class='ocrx_word' id='word_1_814' title='bbox 3511 4684 3625 4741; x_wconf 77' lang='lat' dir='ltr'><strong>sive</strong></span> 
     </span>
    </p>
   </div>
   <div class='ocr_carea' id='block_1_107' title="bbox 2060 5063 3624 5138">
    <p class='ocr_par' dir='ltr' id='par_1_107' title="bbox 2060 5063 3624 5138">
     <span class='ocr_line' id='line_1_107' title="bbox 2060 5063 3624 5138; baseline -0.006 -14"><span class='ocrx_word' id='word_1_815' title='bbox 2060 5067 2155 5124; x_wconf 89' lang='lat' dir='ltr'><strong>sed</strong></span> <span class='ocrx_word' id='word_1_816' title='bbox 2202 5076 2312 5122; x_wconf 90' lang='lat' dir='ltr'><strong>tota</strong></span> <span class='ocrx_word' id='word_1_817' title='bbox 2377 5065 2608 5138; x_wconf 79' lang='lat' dir='ltr'><strong>Nysseni</strong></span> <span class='ocrx_word' id='word_1_818' title='bbox 2668 5063 3096 5138; x_wconf 72' lang='lat' dir='ltr'><strong>argumentatio,</strong></span> <span class='ocrx_word' id='word_1_819' title='bbox 3153 5077 3216 5115; x_wconf 86' lang='lat' dir='ltr'><strong>ac</strong></span> <span class='ocrx_word' id='word_1_820' title='bbox 3279 5063 3624 5131; x_wconf 89' lang='lat' dir='ltr'><strong>potissimum</strong></span> 
     </span>
    </p>
   </div>
   <div class='ocr_carea' id='block_1_108' title="bbox 2054 5133 3169 5209">
    <p class='ocr_par' dir='ltr' id='par_1_108' title="bbox 2054 5133 3169 5209">
     <span class='ocr_line' id='line_1_108' title="bbox 2054 5133 3169 5209; baseline -0.009 -15"><span class='ocrx_word' id='word_1_821' title='bbox 2054 5149 2330 5209; x_wconf 81' lang='lat' dir='ltr'><strong>postrema</strong></span> <span class='ocrx_word' id='word_1_822' title='bbox 2365 5133 2486 5205; x_wconf 79' lang='lat' dir='ltr'><strong>ejus</strong></span> <span class='ocrx_word' id='word_1_823' title='bbox 2511 5152 2666 5207; x_wconf 87' lang='lat' dir='ltr'><strong>pars,</strong></span> <span class='ocrx_word' id='word_1_824' title='bbox 2699 5142 2885 5209; x_wconf 76' lang='lat' dir='ltr'><strong>aperte</strong></span> <span class='ocrx_word' id='word_1_825' title='bbox 2907 5133 3169 5209; x_wconf 77' lang='lat' dir='ltr'><strong>declarat.</strong></span> 
     </span>
    </p>
   </div>
   <div class='ocr_carea' id='block_1_109' title="bbox 2123 5203 3066 5279">
    <p class='ocr_par' dir='ltr' id='par_1_109' title="bbox 2123 5203 3066 5279">
     <span class='ocr_line' id='line_1_109' title="bbox 2123 5203 3066 5279; baseline -0.008 -16"><span class='ocrx_word' id='word_1_826' title='bbox 2123 5209 2238 5279; x_wconf 78' lang='lat'>(65)</span> <span class='ocrx_word' id='word_1_827' title='bbox 2260 5209 2336 5262; x_wconf 88' lang='lat' dir='ltr'><strong>lta</strong></span> <span class='ocrx_word' id='word_1_828' title='bbox 2369 5203 2529 5279; x_wconf 51' lang='lat' dir='ltr'><strong>corr;</strong></span> <span class='ocrx_word' id='word_1_829' title='bbox 2547 5213 2701 5279; x_wconf 57' lang='lat' dir='ltr'><strong>antea</strong></span> <span class='ocrx_word' id='word_1_830' title='bbox 2723 5208 2786 5279; x_wconf 7' lang='grc' dir='ltr'><strong>,ὃς</strong></span> <span class='ocrx_word' id='word_1_831' title='bbox 2817 5203 3066 5272; x_wconf 83' lang='grc' dir='ltr'>ἐπείπερ.</span> 
     </span>
    </p>
   </div>
   <div class='ocr_carea' id='block_1_110' title="bbox 2123 5276 2782 5348">
    <p class='ocr_par' dir='ltr' id='par_1_110' title="bbox 2123 5276 2782 5348">
     <span class='ocr_line' id='line_1_110' title="bbox 2123 5276 2782 5348; baseline -0.011 -14"><span class='ocrx_word' id='word_1_832' title='bbox 2123 5276 2234 5348; x_wconf 88' lang='grc'><strong>(66)</strong></span> <span class='ocrx_word' id='word_1_833' title='bbox 2258 5279 2414 5332; x_wconf 80' lang='lat' dir='ltr'><strong>Corr.</strong></span> <span class='ocrx_word' id='word_1_834' title='bbox 2449 5276 2615 5348; x_wconf 70' lang='grc' dir='ltr'><strong>πεῖ)ςρ</strong></span> <span class='ocrx_word' id='word_1_835' title='bbox 2639 5277 2782 5341; x_wconf 79' lang='grc' dir='ltr'><strong>Υἱός.</strong></span> 
     </span>
    </p>
   </div>
   <div class='ocr_carea' id='block_1_111' title="bbox 2125 5342 3620 5418">
    <p class='ocr_par' dir='ltr' id='par_1_111' title="bbox 2125 5342 3620 5418">
     <span class='ocr_line' id='line_1_111' title="bbox 2125 5342 3620 5418; baseline -0.005 -15"><span class='ocrx_word' id='word_1_836' title='bbox 2125 5342 2237 5418; x_wconf 86' lang='grc'><strong>(67)</strong></span> <span class='ocrx_word' id='word_1_837' title='bbox 2274 5352 2332 5403; x_wconf 82' lang='grc' dir='ltr'><strong>1η</strong></span> <span class='ocrx_word' id='word_1_838' title='bbox 2365 5364 2538 5416; x_wconf 81' lang='lat' dir='ltr'><strong>marg.</strong></span> <span class='ocrx_word' id='word_1_839' title='bbox 2571 5345 2693 5418; x_wconf 84' lang='lat' dir='ltr'><strong>Vat.</strong></span> <span class='ocrx_word' id='word_1_840' title='bbox 2727 5344 2848 5398; x_wconf 89' lang='lat' dir='ltr'><strong>cod.</strong></span> <span class='ocrx_word' id='word_1_841' title='bbox 2892 5357 3055 5418; x_wconf 87' lang='lat' dir='ltr'><strong>manu</strong></span> <span class='ocrx_word' id='word_1_842' title='bbox 3092 5343 3308 5418; x_wconf 82' lang='lat' dir='ltr'><strong>diversa</strong></span> <span class='ocrx_word' id='word_1_843' title='bbox 3337 5359 3363 5395; x_wconf 84' lang='lat' dir='ltr'><strong>a</strong></span> <span class='ocrx_word' id='word_1_844' title='bbox 3405 5342 3620 5412; x_wconf 74' lang='lat' dir='ltr'><strong>reliquo</strong></span> 
     </span>
    </p>
   </div>
   <div class='ocr_carea' id='block_1_112' title="bbox 2055 5415 3628 5484">
    <p class='ocr_par' dir='ltr' id='par_1_112' title="bbox 2055 5415 3628 5484">
     <span class='ocr_line' id='line_1_112' title="bbox 2055 5415 3628 5484; baseline -0.008 -10"><span class='ocrx_word' id='word_1_845' title='bbox 2055 5415 2229 5484; x_wconf 67' lang='lat' dir='ltr'><strong>textu,</strong></span> <span class='ocrx_word' id='word_1_846' title='bbox 2254 5420 2347 5473; x_wconf 88' lang='lat' dir='ltr'><strong>sed</strong></span> <span class='ocrx_word' id='word_1_847' title='bbox 2390 5415 2579 5477; x_wconf 88' lang='lat' dir='ltr'><strong>veteri.</strong></span> <span class='ocrx_word' id='word_1_848' title='bbox 2614 5417 2681 5470; x_wconf 91' lang='lat' dir='ltr'><strong>ad</strong></span> <span class='ocrx_word' id='word_1_849' title='bbox 2730 5418 2875 5469; x_wconf 83' lang='lat' dir='ltr'><strong>hunc.</strong></span> <span class='ocrx_word' id='word_1_850' title='bbox 2924 5416 3100 5466; x_wconf 89' lang='lat' dir='ltr'><strong>locum</strong></span> <span class='ocrx_word' id='word_1_851' title='bbox 3161 5415 3331 5484; x_wconf 81' lang='lat' dir='ltr'><strong>lector</strong></span> <span class='ocrx_word' id='word_1_852' title='bbox 3374 5424 3628 5484; x_wconf 81' lang='lat' dir='ltr'><strong>monetur</strong></span> 
     </span>
    </p>
   </div>
   <div class='ocr_carea' id='block_1_113' title="bbox 2056 5483 3626 5558">
    <p class='ocr_par' dir='ltr' id='par_1_113' title="bbox 2056 5483 3626 5558">
     <span class='ocr_line' id='line_1_113' title="bbox 2056 5483 3626 5558; baseline -0.01 -13"><span class='ocrx_word' id='word_1_853' title='bbox 2056 5493 2142 5546; x_wconf 87' lang='lat' dir='ltr'><strong>his</strong></span> <span class='ocrx_word' id='word_1_854' title='bbox 2167 5483 2370 5558; x_wconf 79' lang='lat' dir='ltr'><strong>verbis,</strong></span> <span class='ocrx_word' id='word_1_855' title='bbox 2413 5487 2847 5558; x_wconf 84' lang='grc' dir='ltr'>Σημείωσαι,ὃτι</span> <span class='ocrx_word' id='word_1_856' title='bbox 2891 5484 2950 5536; x_wconf 79' lang='grc' dir='ltr'><strong>τὸ</strong></span> <span class='ocrx_word' id='word_1_857' title='bbox 3001 5484 3162 5558; x_wconf 75' lang='grc' dir='ltr'>ῥητὸν</span> <span class='ocrx_word' id='word_1_858' title='bbox 3216 5483 3372 5558; x_wconf 76' lang='grc' dir='ltr'>τοῦτο</span> <span class='ocrx_word' id='word_1_859' title='bbox 3416 5483 3626 5550; x_wconf 70' lang='grc' dir='ltr'>πειραὶ.-</span> 
     </span>
    </p>
   </div>
   <div class='ocr_carea' id='block_1_114' title="bbox 2057 5553 3624 5622">
    <p class='ocr_par' dir='ltr' id='par_1_114' title="bbox 2057 5553 3624 5622">
     <span class='ocr_line' id='line_1_114' title="bbox 2057 5553 3624 5622; baseline -0.008 -7"><span class='ocrx_word' id='word_1_860' title='bbox 2057 5579 2263 5615; x_wconf 85' lang='grc' dir='ltr'>σευται.</span> <span class='ocrx_word' id='word_1_861' title='bbox 2316 5553 2508 5620; x_wconf 63' lang='lat' dir='ltr'><strong>Nota,&quot;</strong></span> <span class='ocrx_word' id='word_1_862' title='bbox 2537 5558 2734 5610; x_wconf 83' lang='lat' dir='ltr'><strong>dictum</strong></span> <span class='ocrx_word' id='word_1_863' title='bbox 2799 5558 2892 5608; x_wconf 85' lang='lat' dir='ltr'><strong>hoc</strong></span> <span class='ocrx_word' id='word_1_864' title='bbox 2947 5554 3201 5622; x_wconf 68' lang='lat' dir='ltr'><strong>falsatum</strong></span> <span class='ocrx_word' id='word_1_865' title='bbox 3247 5553 3431 5621; x_wconf 76' lang='lat' dir='ltr'><strong>fuisse.</strong></span> <span class='ocrx_word' id='word_1_866' title='bbox 3497 5559 3624 5622; x_wconf 73' lang='lat' dir='ltr'><strong>Qun:</strong></span> 
     </span>
    </p>
   </div>
   <div class='ocr_carea' id='block_1_115' title="bbox 2053 5621 3630 5699">
    <p class='ocr_par' dir='ltr' id='par_1_115' title="bbox 2053 5621 3630 5699">
     <span class='ocr_line' id='line_1_115' title="bbox 2053 5621 3630 5699; baseline -0.009 -13"><span class='ocrx_word' id='word_1_867' title='bbox 2053 5635 2218 5686; x_wconf 80' lang='lat' dir='ltr'><strong>verba</strong></span> <span class='ocrx_word' id='word_1_868' title='bbox 2250 5633 2316 5685; x_wconf 92' lang='lat' dir='ltr'><strong>de</strong></span> <span class='ocrx_word' id='word_1_869' title='bbox 2336 5629 2669 5699; x_wconf 85' lang='lat' dir='ltr'><strong>Apollinaris</strong></span> <span class='ocrx_word' id='word_1_870' title='bbox 2699 5643 2795 5690; x_wconf 91' lang='lat' dir='ltr'><strong>ne,</strong></span> <span class='ocrx_word' id='word_1_871' title='bbox 2831 5641 2897 5680; x_wconf 88' lang='lat' dir='ltr'><strong>an</strong></span> <span class='ocrx_word' id='word_1_872' title='bbox 2944 5621 3176 5694; x_wconf 79' lang='lat' dir='ltr'><strong>Nysseni</strong></span> <span class='ocrx_word' id='word_1_873' title='bbox 3228 5631 3380 5676; x_wconf 74' lang='lat' dir='ltr'><strong>textu</strong></span> <span class='ocrx_word' id='word_1_874' title='bbox 3431 5621 3630 5676; x_wconf 48' lang='lat' dir='ltr'><strong>intelli‘</strong></span> 
     </span>
    </p>
   </div>
   <div class='ocr_carea' id='block_1_116' title="bbox 2054 5701 2628 5776">
    <p class='ocr_par' dir='ltr' id='par_1_116' title="bbox 2054 5701 2628 5776">
     <span class='ocr_line' id='line_1_116' title="bbox 2054 5701 2628 5776; baseline -0.016 -18"><span class='ocrx_word' id='word_1_875' title='bbox 2054 5703 2227 5776; x_wconf 76' lang='lat' dir='ltr'><strong>genda</strong></span> <span class='ocrx_word' id='word_1_876' title='bbox 2260 5702 2388 5776; x_wconf 67' lang='lat' dir='ltr'><strong>sint,</strong></span> <span class='ocrx_word' id='word_1_877' title='bbox 2417 5701 2628 5776; x_wconf 60' lang='lat' dir='ltr'><strong>ignoro.</strong></span> 
     </span>
    </p>
   </div>
   <div class='ocr_carea' id='block_1_117' title="bbox 2126 5769 2705 5841">
    <p class='ocr_par' dir='ltr' id='par_1_117' title="bbox 2126 5769 2705 5841">
     <span class='ocr_line' id='line_1_117' title="bbox 2126 5769 2705 5841; baseline -0.01 -16"><span class='ocrx_word' id='word_1_878' title='bbox 2126 5774 2236 5841; x_wconf 86' lang='lat'>(68)</span> <span class='ocrx_word' id='word_1_879' title='bbox 2265 5773 2419 5828; x_wconf 87' lang='lat' dir='ltr'><strong>Corr.</strong></span> <span class='ocrx_word' id='word_1_880' title='bbox 2451 5771 2485 5838; x_wconf 74' lang='grc' dir='ltr'>ἡ</span> <span class='ocrx_word' id='word_1_881' title='bbox 2509 5769 2705 5839; x_wconf 78' lang='grc' dir='ltr'>τροφή.</span> 
     </span>
    </p>
   </div>
  </div>
