4120 6394
475 428 607 480 1265

1731 435 1786 488 S.
1833 435 2162 492 GREGURII
2195 437 2492 495 NYSSENI

3607 448 3752 502 Η.Βὸ

467 545 770 600 exteriores
795 546 910 601 sive
937 547 1232 603 interiores
1249 548 1494 617 ejusdem
1513 553 1762 621 corporis
1787 563 1970 623 partes
1997 556 2054 608 in
2085 587 2097 618 λ

2197 559 2226 610 ἀ
2259 557 2440 622 λοιπὰ,
2484 557 2746 628 δηλονότι,
2795 560 2894 612 ὅσα
2926 575 2983 612 τε
3013 559 3331 631 φαινόμενα.
3375 561 3468 614 καὶ
3501 562 3598 615 ὅσα
3632 563 3752 632 (69)

469 634 694 690 Christo
718 635 898 692 adhuc
941 637 1260 694 immutatas
1289 653 1632 708 permanere.
1661 641 1772 714 Ego
1799 659 1932 700 vero
1955 661 2064 701 non

471 737 724 796 oportere
755 729 980 782 humilia
1004 729 1140 784 adeo
1163 738 1324 800 atque
1351 731 1564 800 abjccta
1593 733 1662 787 de
1695 734 1808 790 Deo
1831 737 2066 806 opinari,

473 818 726 886 pluribus
751 821 984 888 probare
1009 837 1473 892 supervacaneum
1505 823 1760 894 arbitror,
1786 843 1908 882 cum
1935 845 2071 898 Ipse-
2111 825 2114 830 ’

477 919 584 962 met
619 910 1056 965 adversariorum
1111 929 1312 974 sermo,
1358 930 1522 984 quam
1569 921 1810 974 absurda
1851 921 1927 976 sit
1953 923 2068 976 hac

477 1003 748 1056 sententia
782 1003 958 1071 palam
1013 1003 1198 1058 faciat.
1253 1002 1456 1060 Verum
1507 1023 1577 1060 ne
1615 1009 1799 1064 divina
1849 1013 2068 1082 eloquia

480 1091 547 1146 ad
585 1091 782 1148 fabulae
817 1091 986 1162 hujus
1019 1094 1403 1150 conﬁctionem
1459 1098 1740 1168 quidpiam
1791 1101 1894 1156 sibi
1935 1119 2070 1156 cou-

481 1183 626 1239 lerre
655 1193 900 1250 censeat,
935 1185 1194 1240 brevibus
1249 1189 1464 1257 singula
1496 1207 1726 1259 quaeque
1755 1193 1874 1262 ejus
1912 1195 2062 1246 dicta

481 1295 822 1350 percurram.
896 1279 1204 1344 Quoniam,
1257 1281 1362 1344 ait,
1414 1283 1508 1352 qui
1557 1285 1614 1336 in
1664 1286 1904 1341 universi
1939 1303 2072 1340 con-
2147 1288 2160 1296 “

485 1372 854 1428 summatione
911 1375 1136 1442 angelos
1179 1375 1367 1438 mittit,
1415 1372 1585 1431 Filius
1635 1376 1876 1432 hominis
1929 1377 2074 1434 dici-

487 1473 608 1528 tur,
681 1464 808 1518 hinc
879 1465 1209 1519 credendum
1262 1481 1386 1520 esse
1427 1474 1583 1534 putat
1645 1467 1799 1522 illum
1863 1471 1918 1524 in
2004 1471 2074 1526 iis

487 1573 610 1627 qua
671 1558 914 1613 humano
969 1560 1188 1630 corpori
1261 1559 1480 1629 propria
1545 1571 1708 1626 sunt,
1793 1577 2072 1632 nunquam

489 1667 600 1705 non
651 1667 774 1706 esse
829 1669 924 1722 per
979 1661 1150 1708 totam
1197 1653 1560 1712 aaternitatem
1611 1669 2068 1723 permansurum;

491 1759 592 1798 nec
655 1743 937 1815 Evangelii
989 1745 1280 1800 verborum
1340 1748 1626 1811 meminit,
1677 1748 1732 1801 in
1775 1763 1886 1818 quo
1945 1750 2076 1801 mul-

493 1836 658 1890 toties
723 1837 978 1892 Christus
1038 1836 1304 1892 Dominus
1354 1853 1450 1894 ore
1505 1839 1730 1910 proprio
1769 1838 1939 1894 Deum
1973 1841 2070 1910 qui

2167 666 2226 701 τε
2262 649 2470 728 κρύφια
2513 650 2619 700 τῶν
2649 650 2832 720 μερῶν
2859 651 2967 703 τῶν
2998 651 3092 704 τοῦ
3125 649 3392 722 σώματος.
3437 651 3578 716 Ἐγὼ
3603 654 3656 706 δὲ
3689 655 3754 706 τὸ

2172 739 2268 810 μὲν
2305 739 2378 809 μὴ
2417 739 2528 810 (70)
2573 739 2682 792 δεῖν
2723 739 2896 804 οὕτως
2947 742 3252 814 χαμαιριφῆ
3295 744 3389 796 καὶ
3438 743 3754 814 χαμαίζηλα

2169 835 2296 902 περὶ
2319 833 2410 884 τὸν
2435 833 2566 886 Θεὸν
2597 835 2815 897 ἐννοεῖν,
2853 833 3102 903 περιττὸν
3140 833 3274 904 ἡγοῦ
3283 853 3382 903 μαι
3409 835 3552 906 λόγῳ
3583 853 3680 888 κατ
3691 855 3756 888 α-

2171 925 2547 988 σκευάζεσθαι,
2581 925 2743 978 αὑτοῦ
2769 925 2862 978 τοῦ
2893 927 3004 995 (71)
3031 925 3139 978 τῶν
3169 927 3426 980 ἐναντίων
3453 927 3632 994 λόγου,
3655 929 3758 980 καὶ

2168 1018 2233 1070 δι’
2269 1018 2459 1070 ἑαυτοῦ
2485 1019 2583 1087 τὴν
2609 1018 2840 1072 ἀτοπίαν
2871 1020 3260 1091 κηρύσσοντος.
3304 1019 3392 1081 Ὠς
3414 1017 3458 1071 δ’
3495 1019 3559 1071 ἂν
3588 1019 3659 1088 μὴ
3683 1021 3760 1071 τὲ

2171 1111 2291 1162 θεῖα
2319 1109 2476 1179 λόγια
2505 1113 2785 1182 συνεργεῖν
2831 1109 2980 1182 αὕτῷ
3006 1109 3143 1182 πρὸς
3179 1111 3279 1181 τὴν
3311 1111 3630 1176 μυθοποιῒαν
3663 1111 3759 1161 λ’)-

2170 1203 2394 1270 γίζοιτο,
2421 1203 2509 1255 διὰ
2535 1203 2782 1273 βραχέων
2810 1205 3040 1257 ἕκαστον
3069 1205 3175 1256 τῶν
3201 1205 3508 1274 εἰρημένων
3533 1205 3760 1274 διαδρα-

2175 1293 2376 1362 μοῦμαι
2413 1293 2546 1364 (72).
2621 1294 2857 1364 Ἐπειδὴ,
2921 1294 3104 1365 φησὶν,
3158 1295 3217 1348 ὲν
3259 1297 3326 1364 τῇ
3363 1295 3639 1363 συντελείᾳ
3659 1295 3762 1347 τοῦ

2174 1383 2370 1446 παντὸς
2401 1385 2429 1435 ὀ
2457 1385 2581 1448 τοὺς
2620 1385 2886 1454 ἀγγέλους
2929 1383 3276 1438 ἀποστέλλων
3310 1386 3438 1449 Υἱὸς
3469 1385 3766 1458 ἀνθρώπου

2171 1477 2408 1544 λέγεται,
2452 1475 2540 1529 διὰ
2567 1477 2724 1530 τοῦτο
2757 1477 2918 1548 μέχρι
2954 1475 3153 1539 παντὸς
3189 1477 3361 1530 οἴεται
3409 1479 3518 1530 δεῖν
3562 1480 3616 1529 ἐν
3645 1483 3766 1538 τοῖς

2173 1567 2530 1638 ἀνθρωπίνοις
2553 1566 2570 1634 Ῐ
2591 1567 2702 1630 (75)
2733 1567 2893 1620 αὑτὸν
2923 1565 3195 1638 ίδιώμασι]
3259 1567 3538 1620 πιστεύειν
3575 1563 3714 1620 εἶναι
3749 1583 3766 1598 ο

2175 1662 2267 1714 καὶ
2316 1661 2378 1712 οὐ
2430 1659 2702 1730 μέμνηται
2748 1661 2846 1728 τῆς
2888 1659 2981 1711 τοῦ
3015 1659 3345 1728 Εὑαγγελίου
3381 1663 3586 1729 φωνῆς,
3623 1660 3768 1712 ὅπου

2174 1750 2439 1820 πολλαχοῦ
2485 1749 2575 1802 διά
2619 1749 2728 1802 τῶν
2762 1749 2904 1802 ίδίων
2937 1750 3110 1818 λόγων
3147 1753 3174 1804 6
3221 1752 3446 1822 Κύριος,
3477 1751 3770 1822 ἄνθρωπον

2175 1843 2267 1895 τὸν
2314 1843 2406 1895 ἐπὶ
2451 1842 2669 1895 πάντων
2699 1841 2832 1894 Θεὸν
2877 1842 3285 1911 κατωνόμασεν.
3335 1843 3656 1912 Ἀνθρωπος
3691 1838 3770 1912 ἦν

493 1935 580 1982 est
614 1943 780 1997 super
802 1929 987 1983 omnia
1013 1929 1082 1992 ⁵⁷,
1117 1929 1392 1985 hominem
1428 1931 1932 2001 appellavitllomo
1959 1939 2076 1984 erat

2197 1933 2587 2004 νίκοδεσπὸτης,
2637 1935 2666 1984 ὁ
2713 1935 2823 1996 τοῖς
2855 1937 3118 2002 γεωργοῖς
3147 1935 3236 1987 τὸν
3268 1934 3568 2004 ἀμπελῶνα
3607 1935 3766 1986 ἐκδό-

495 2021 911 2087 paterfamilias,
967 2021 1060 2092 qui
1104 2022 1320 2076 vineam
1369 2023 1624 2094 agricolis
1651 2024 1870 2090 locavit,
1913 2034 1968 2078 et.
1999 2025 2078 2077 l‘a—

496 2119 586 2164 cta
640 2126 926 2166 servorum
985 2112 1177 2180 caede,
1238 2115 1578 2185 unigenitum
1637 2131 1854 2186 quoque
1907 2116 2076 2170 ﬁlium

499 2219 658 2256 suum
713 2204 898 2270 misit,
947 2219 1108 2274 quem
1149 2205 1311 2260 iidem
1359 2207 1610 2278 agricola:
1652 2216 1806 2263 extra
1865 2209 2078 2263 vineam

498 2294 782 2362 ejicientcs
823 2295 1234 2350 occiderunt“.
1276 2295 1478 2366 Ecquis
1519 2297 1624 2352 fuit
1679 2298 1844 2352 homo
1871 2299 1962 2352 ille
1987 2299 2079 2366 qui

500 2384 670 2440 ﬁlium
709 2387 1050 2457 unigenitum
1103 2387 1296 2441 misit?
1331 2387 1532 2457 Ecquis
1591 2389 1753 2442 etiam
1811 2387 1912 2442 fuit
1941 2388 2084 2442 ﬁlius

499 2477 590 2532 ille
631 2477 726 2548 qui
779 2485 936 2532 extra
988 2477 1204 2534 vineam
1237 2488 1467 2534 necatus
1529 2480 1674 2534 fuit?
1704 2481 1847 2546 Quin
1898 2491 1952 2536 et
1981 2483 2084 2536 sub

501 2573 649 2628 illius
699 2573 962 2642 parabola
1031 2573 1123 2645 qui
1167 2574 1278 2628 ﬁlio
1329 2575 1548 2644 nuptias
1621 2575 1748 2629 fecit
1773 2577 1842 2640 δ’,
1905 2590 2086 2630 nonne

499 2666 649 2722 hunc
681 2667 900 2737 ipsum,
963 2677 1222 2738 tauquam
1297 2669 1610 2734 hominem,
1665 2667 1947 2738 Scriptura
1993 2669 2088 2724 dc-

504 2760 741 2816 scribit?
797 2761 940 2828 Quid
981 2762 1025 2818 si
1074 2761 1384 2818 diceremus
1425 2761 1704 2816 Christum
1759 2777 1948 2816 eorum
2004 2762 2090 2815 in-

505 2855 748 2910 ﬁrmitati
799 2855 1221 2920 consulturum,
1259 2855 1356 2924 qui
1411 2855 1518 2909 sibi
1571 2855 1708 2924 ipsis
1735 2856 1967 2909 similem
2033 2856 2088 2908 in

505 2961 572 3002 e.o
611 2958 866 3001 naturam
899 2947 1287 3018 despicientes,
1331 2947 1398 3002 ad
1445 2951 1568 3017 ejus
1605 2948 1944 3003 divinitatem
1969 2963 2092 3003 cre-

508 3036 742 3092 dendam
799 3037 984 3092 induci
1038 3053 1148 3092 non
1192 3038 1710 3106 poterant,idcirco
1739 3037 1943 3094 ‘Filium
1997 3039 2095 3092 ho-

511 3128 677 3183 minis
712 3129 768 3182 in
799 3129 994 3183 ultimo
1023 3128 1234 3196 judicio
1267 3128 1562 3184 missurum
1606 3127 1826 3199 angelos
1865 3128 2092 3194 dixisse,

2183 2041 2362 2094 μενος,
2407 2027 2436 2078 ὁ
2469 2025 2606 2095 μετὰ
2645 2024 2744 2094 τὴν
2785 2023 2895 2076 τῶν
2936 2024 3163 2078 οἰκετῶν
3207 2025 3507 2096 ἀναίρεσιν,
3551 2025 3642 2077 καὶ
3671 2025 3774 2076 τὸν

2183 2117 2446 2186 μονογενῆ
2495 2115 2660 2170 αὑτοῦ
2691 2115 2816 2168 Υἱὸν
2855 2116 3202 2179 ἀποστείλας,
3253 2115 3312 2169 ὃν
3355 2117 3672 2178 ἐκϐαλόντες
3716 2117 3774 2167 οἱ

2181 2209 2415 2278 γεωργοὶ
2447 2207 2552 2272 ἔξω
2575 2207 2668 2260 τοῦ
2699 2207 3020 2278 ἀμπελῶνος
3047 2207 3348 2276 φονεύουσι.
3385 2208 3481 2270 Τίς
3506 2209 3562 2260 δὲ
3591 2207 3778 2275 ρ-

2183 2317 2276 2371 χεν
2302 2303 2506 2364 ἐκεῖνος
2533 2303 2562 2354 6
2593 2299 2874 2372 ἄνθρωπος
2904 2301 2932 2352 ὁ
2961 2301 3050 2353 τὸν
3079 2301 3344 2370 μονογενῆ
3379 2299 3632 2370 πέμψας;
3669 2299 3774 2360 Τίς

2183 2395 2240 2446 δὲ
2286 2397 2315 2447 ό
2359 2393 2463 2458 ἔξω
2493 2393 2587 2446 τοῦ
2631 2393 2956 2462 ἀμπελῶνος
2989 2393 3269 2461 φονευθεὶς
3309 2393 3456 2458 υΞός;
3503 2394 3560 2445 '0
3591 2393 3646 2445 δὲ
3675 2391 3780 2444 τοῦ

2187 2485 2306 2539 υἱοῦ
2323 2487 2449 2550 τοὺς
2468 2486 2678 2555 γάμους
2693 2485 2979 2548 ἐπιτελῶν,
2991 2485 3091 2539 οὐκ
3110 2485 3272 2546 αὐτὸς
3288 2483 3650 2554 ἀνθρωπικῶς
3668 2483 3784 2535 ὑπὸ

2186 2577 2281 2631 τοῦ
2309 2578 2482 2645 Λόγου
2499 2577 2790 2632 διεσκευάσ
2803 2577 2866 2646 θη
2891 2594 2906 2641 ;
2930 2577 2990 2628 Εἰ
3020 2575 3076 2628 δὲ
3093 2575 3198 2648 χρὴ
3223 2576 3317 2628 καὶ
3341 2573 3548 2646 reﬂ-:0]
3579 2577 3776 2634 εἰπεῖν,

2187 2671 2268 2723 ὅτι
2317 2669 2528 2740 βοηθῶν
2570 2672 2636 2740 τῇ
2687 2667 2938 2739 ἀσθενείᾳ
2985 2667 3094 2720 τῶν
3148 2667 3630 2737 καταφρονούντων
3677 2667 3784 2736 τῆς

2188 2761 2520 2833 όμοιοειδοῦς
2549 2762 2730 2824 αὐτοῖς
2759 2761 2973 2829 φύσεως
2994 2801 3010 2826 ,
3061 2759 3156 2813 καὶ
3188 2760 3276 2812 διά
3303 2759 3459 2812 τοῦτο
3490 2759 3782 2812 πιστεῦσαι

2191 2855 2354 2910 αὑτοῦ
2383 2858 2448 2926 τῇ
2483 2855 2698 2926 Θεότητι
2731 2856 2806 2926 μὴ
2837 2855 3185 2925 δυναμένων,
3237 2855 3308 2918 ὡς
3347 2855 3412 2908 ἂν
3454 2854 3686 2925 μάλιστα
3721 2852 3786 2904 τὸ

2192 2947 2389 3018 χαῦνον
2431 2948 2530 3017 τῆς
2571 2947 2808 3010 διανοίας
2841 2949 3020 3002 αὐτῶν
3049 2947 3128 3019 τῷ
3174 2948 3324 3018 φόϐῳ
3367 2947 3672 3008 συστείλας,
3703 2949 3787 3008 εἰς

2195 3041 2376 3094 πίστιν
2421 3039 2710 3102 τονώσειε,
2761 3040 2896 3110 φησὶ
2935 3039 2995 3092 τὸ
3043 3039 3193 3110 παρά
3235 3037 3329 3091 τοῦ
3379 3035 3510 3089 Υίοῦ
3555 3035 3649 3088 τοῦ
3685 3037 3784 3087 ἀν-

2197 3131 2413 3204 θρώπου
2444 3133 2569 3195 τοὺς
2596 3130 2861 3200 ἀγγέλους
2889 3133 2946 3184 ἐν
2971 3133 3037 3202 τῇ
3070 3131 3250 3202 κρίσει
3285 3129 3622 3200 πέμπεσθαι,
3651 3127 3719 3179 ἵν’
3751 3128 3786 3196 ἡ

513 3235 623 3289 quo
659 3219 962 3276 imbecilles
1015 3219 1372 3290 inﬁrmasque
1405 3235 1596 3276 eorum
1636 3227 1846 3276 mentes
1901 3221 2097 3276 timore

2199 3221 2308 3275 τῶν
2341 3221 2585 3293 φοϐερῶν
2611 3219 2906 3291 προσδοκία
2933 3219 3030 3289 τὴν
3065 3219 3201 3290 πρὸς
3231 3217 3290 3271 τὺ
3317 3217 3642 3288 φαινόμενον
3685 3217 3788 3270 αὖ-

515 3321 798 3383 correptas
851 3315 906 3368 in
941 3311 1044 3368 ﬁde
1093 3317 1418 3378 roboraret,
1447 3327 1512 3368 ac
1557 3313 1887 3368 terribilium
1917 3329 2098 3368 rerum

515 3407 920 3477 exspectatione
975 3403 1290 3460 eorumdcm
1343 3403 1489 3458 circa
1533 3419 1627 3468 ea,
1686 3419 1807 3473 qua:
1881 3403 2108 3457 suismet

519 3501 694 3556 oculis
745 3497 1117 3568 aspiciebant,
1167 3495 1538 3550 incredulitati
1599 3495 1958 3549 mederetur?
2005 3494 2108 3549 Sed

519 3604 570 3649 et
603 3591 862 3656 videbitis,
921 3589 1135 3658 inquit,
1171 3586 1372 3642 Filium
1429 3585 1658 3640 hominis
1709 3587 1990 3640 venientem
2056 3589 2110 3640 iu

523 3685 746 3738 nubibus
780 3681 896 3736 caeli
926 3697 1044 3734 cum
1103 3681 1292 3734 virtute
1359 3677 1529 3732 multa
1584 3687 1634 3732 et
1690 3679 1968 3747 majestate
2043 3680 2109 3729 °°.

523 3777 640 3832 Hoc
675 3791 808 3832 sane
861 3773 1104 3844 apprime
1148 3771 1409 3827 convenit
1463 3785 1588 3828 cum
1653 3769 1724 3825 iis
1779 3785 1902 3840 qua:
1955 3781 2112 3824 antea

525 3867 855 3924 tradidimus
907 3869 1021 3924 sive
1073 3865 1140 3921 de
1198 3864 1420 3920 homine
1453 3863 1548 3919 illo
1589 3863 1683 3933 qui
1712 3863 1927 3918 vineam
1966 3863 2115 3934 plan-

531 3963 683 4024 tavit,
712 3972 767 4016 et
802 3961 870 4015 de
923 3959 1033 4014 alio
1071 3958 1291 4012 homine
1335 3957 1430 4027 qui
1483 3956 1595 4010 filio
1641 3971 1744 4010 suo
1787 3955 2005 4024 nuptias
2039 3953 2115 4007 l‘c-

528 4057 644 4120 cit,
683 4055 798 4109 sive.
829 4051 896 4108 de
945 4067 1111 4108 sensu
1156 4061 1316 4120 quem
1358 4049 1470 4102 illis
1523 4049 1820 4119 Scriptura.-
1855 4048 1989 4102 locis
2019 4047 2116 4100 tri-

529 4147 625 4203 bui
667 4145 865 4200 debere
919 4142 1228 4198 docuimus.
1277 4137 1420 4204 Quin
1469 4146 1525 4191 et
1581 4137 1956 4205 evangelicum
2009 4151 2120 4190 ser-

531 4251 750 4290 monem
795 4247 1139 4304 nequaquam
1175 4231 1402 4299 abjectze
1443 4229 1571 4283 huic
1609 4227 1942 4298 Apollinaris
1999 4227 2114 4296 opi-

532 4330 686 4386 nioni
735 4327 950 4392 favere,
1003 4341 1176 4394 neque
1230 4339 1329 4378 nos
1373 4323 1430 4376 in
1487 4339 1608 4378 eam
1655 4321 1988 4377 sententiam
2023 4320 2120 4373 ad-

537 4421 758 4480 ducere,
812 4427 871 4472 ut
910 4433 1231 4486 corporeum
1287 4415 1566 4486 quidpiam
1611 4415 1664 4468 iu
1729 4413 1953 4468 Christo
1997 4427 2120 4467 esse

539 4525 860 4566 censeamus
888 4553 901 4574 ,
955 4527 1020 4565 ex
1058 4527 1122 4564 eo
1174 4511 1322 4562 c'are
1356 4509 1766 4562 demonstratur
1815 4504 1958 4574 quod
1999 4510 2122 4573 post

2208 3314 2316 3367 τῶν
2362 3313 2618 3368 ἀπιστίαν
2671 3311 3082 3383 θεραπεύσειεν.
3151 3311 3338 3366 Ἀλλὰ
3387 3313 3486 3365 καὶ
3541 3311 3788 3379 ὄψεσθε.

2210 3405 2366 3476 φησὶ,
2399 3405 2506 3458 τόν
2525 3405 2658 3458 Υίὸν
2689 3405 2794 3458 τοῦ
2828 3403 3143 3471 ἀνθρώπου
3175 3403 3502 3472 ἐρχόμενον
3534 3403 3632 3456 ἐπὶ
3671 3401 3796 3456 τῶν

2210 3497 2486 3568 νεφελῶν
2533 3497 2640 3550 τοῦ
2673 3497 2935 3563 οὐρανοῦ
2956 3495 3105 3565 μετὰ
3136 3495 3323 3562 δόξης
3355 3493 3454 3548 καί
3484 3493 3798 3564 δυνάμεως

2212 3588 2468 3656 πολλῆς.
2517 3587 2627 3642 Καὶ
2657 3587 2815 3641 τοῦτο
2848 3587 3062 3656 συνᾴδει
3095 3589 3207 3649 τοῖς
3249 3586 3794 3656 προαποδεδομένοις,

2211 3683 2320 3736 εἴτε
2347 3683 2554 3736 ἐκείνου
2587 3679 2680 3734 τοῦ
2709 3679 2994 3751 ἀνθρώπου
3027 3679 3120 3732 τοῦ
3147 3679 3239 3732 τὸν
3263 3679 3557 3750 ἀμπελῶνα
3601 3677 3800 3748 φυτεύ-

2214 3791 2425 3836 σαντος,
2471 3772 2564 3826 καὶ
2589 3771 2682 3826 τὸν
2711 3772 2888 3842 γάμον
2921 3770 3000 3841 τῷ
3047 3769 3160 3841 (74)
3219 3769 3320 3840 υίῷ
3365 3769 3799 3834 ἐπιτελέσαντος,

2215 3869 2326 3921 εἴτε
2367 3865 2508 3920 κατά
2550 3865 2649 3936 τὴν
2700 3863 3166 3936 προαποδοθεῖσαν
3213 3861 3474 3916 διάνοιαν.
3549 3861 3660 3914 Καὶ
3719 3861 3806 3912 ὅτι

2215 3962 2390 4030 πάντη
2440 3959 2538 4028 τῆς
2583 3957 2844 4026 ταπεινῆς
2876 3955 2971 4009 τοῦ
3015 3955 3388 4026 Ἀπολιναρίου
3423 3952 3742 4024 ὑπολήψεως
3777 3952 3808 4004 ό

2215 4052 2374 4120 λόγος
2420 4050 2785 4119 ἀπήλλακται,
2839 4050 2934 4101 καὶ
2965 4049 3077 4118 (75)
3132 4048 3286 4101 οὐδὲν
3331 4047 3642 4117 σωματικὸν
3675 4047 3809 4116 περὶ

2215 4143 2375 4197 αὑτὸν
2405 4145 2602 4194 ἐννοεῖν
2643 4142 2670 4192 6
2713 4141 2955 4203 τοιοῦτος
3001 4139 3312 4192 ὑποτίθεται
3347 4139 3524 4208 λόγος,
3561 4135 3738 4206 σαφὴς
3773 4139 3807 4206 ἡ

2216 4235 2488 4301 ἀπόδειξις
2519 4236 2582 4288 ὲκ
2611 4233 2703 4286 τοῦ
2735 4232 3090 4303 προσκεῖσθαι
3117 4231 3198 4302 τῷ
3216 4233 3382 4302 λόγῳ,
3401 4231 3478 4300 τῷ
3507 4229 3602 4300 τὴν
3631 4231 3810 4298 ἐμφα-

2217 4347 2364 4385 νειαν
2393 4329 2557 4381 αὑτοῦ
2609 4327 2706 4396 τὴν
2735 4329 2828 4379 ἐπὶ
2855 4327 3002 4379 τέλει
3029 4325 3140 4378 τῶν
3171 4326 3378 4378 αἰώνων
3414 4325 3690 4394 μηνύοντι,
3727 4324 3808 4374 ὃτι

2223 4416 2377 4485 ἐντῇ
2404 4417 2551 4485 δόξῃ
2575 4416 2681 4470 τοῦ
2708 4417 2938 4484 Πατρός
2975 4415 3161 4470 αὐτοῦ
3196 4417 3492 4487 ὀφθήσεται
3535 4415 3599 4482 τῇ
3631 4411 3810 4464 κτίσει

2219 4513 2246 4563 ὁ
2278 4508 2500 4580 Κύριος,
2541 4508 2614 4572 ὠς
2644 4509 2889 4578 ἁνάγκην
2935 4503 3072 4560 εἶναι
3117 4508 3225 4561 τῶν
3271 4507 3574 4578 εἰρημένων
3607 4503 3744 4572 (76).
3775 4506 3806 4573 ἦ

541 4619 849 4660 sermonem
901 4603 1053 4656 illum
1101 4615 1210 4670 quo
1256 4601 1376 4670 ejus
1439 4597 1492 4652 in
1535 4598 1642 4652 ﬁne
1675 4597 1998 4652 saeculorum
2029 4610 2097 4663 ap

2197 4612 2200 4634 ι
2229 4602 2321 4654 καὶ
2350 4601 2439 4654 τὸν
2481 4601 2702 4671 Πατέρα
2733 4599 2976 4670 νομίζειν
3015 4599 3380 4669 ἀνθρωπικῶς
3407 4595 3808 4656 διεσκευάσθαι,

541 4696 742 4766 paritio
773 4693 1148 4762 signiﬁcatur,
1181 4695 1366 4746 statim
1407 4691 1698 4760 subjiciat,
1729 4699 1962 4743 cunctos
1993 4697 2124 4742 tunc

541 4787 762 4840 visuros
809 4799 930 4840 esse
971 4783 1256 4838 Dominum
1301 4780 1356 4832 in
1404 4777 1574 4848 gloria
1615 4780 1797 4834 Patris
1830 4779 1916 4830 sui
1953 4779 1992 4808 ⁶¹
2018 4797 2034 4845 ;
2065 4787 2126 4832 ut

543 4893 607 4934 ex
660 4878 828 4932 dictis
861 4875 1174 4933 necessario
1217 4872 1555 4930 censendum
1607 4873 1716 4937 sit,
1777 4873 1861 4926 vel
1907 4871 2126 4926 Patrem

543 4986 764 5040 quoque
819 4971 1054 5025 humana
1087 4966 1371 5036 praeditum
1422 4981 1545 5020 esse
1593 4965 1805 5028 forma,
1847 4973 1904 5018 ut
1959 4963 2128 5019 Filius

549 5064 638 5133 qui
691 5063 746 5116 in
809 5063 987 5132 specie
1054 5061 1292 5113 humana
1363 5057 1636 5112 videndus
1691 5065 1814 5120 est,
1851 5057 1904 5110 in
1954 5057 2126 5126 gloria

555 5157 726 5211 Patris
773 5161 1076 5224 appareat;
1123 5153 1208 5208 vel
1262 5151 1308 5206 si
1354 5159 1597 5222 paternae
1632 5148 1819 5218 gloriae
1869 5150 2130 5217 maiestas

559 5263 878 5321 juaeunque
935 5246 1110 5300 forma
1142 5252 1236 5300 aut
1283 5243 1468 5314 specie
1503 5239 1708 5296 visibili
1755 5248 1942 5304 caret,
1973 5239 2128 5295 fateri

2221 4689 2309 4746 ἵνα
2335 4695 2364 4746 6
2387 4691 2526 4745 κατὰ
2548 4691 2609 4743 τὸ
2637 4690 2976 4762 ἀνθρώπινον
3007 4691 3194 4761 σχῆμα
3221 4689 3544 4759 φαινόμενος
3573 4687 3723 4750 Υἱὸς,
3751 4689 3814 4738 ἐν

2221 4787 2288 4855 τῇ
2308 4783 2402 4836 τοῦ
2429 4783 2640 4856 Πατρός
2669 4783 2930 4854 φαίνηται
2963 4783 3092 4856 δόξῃ
3109 4799 3124 4812 ·
3155 4781 3188 4851 ἢ
3220 4783 3376 4852 εἴπερ
3399 4778 3678 4850 καθαρεύῃ
3699 4778 3810 4847 (77)

2225 4877 2407 4946 πάσης
2438 4877 2676 4947 μορφῆς,
2719 4879 2778 4930 ὲν
2815 4877 2946 4930 εἴδει
2984 4876 3382 4948 θεωρουμένης,
3415 4876 3447 4943 ὴ
3481 4871 3580 4944 τῆς
3614 4887 3812 4940 πατρι-

2227 4969 2332 5036 κῆς
2368 4966 2525 5038 δόξης
2556 4969 3020 5040 μεγαλοπρέπεια,
3077 4967 3208 5038 μηδὲ
3243 4966 3406 5018 αὐτὸν
3453 4962 3812 5034 ἀνθρωπικῶς

2233 5060 2688 5130 σχηματίζεσθαι,
2737 5061 2829 5114 τὸν
2877 5061 2934 5112 ὲν
2979 5063 3046 5131 τῇ
3095 5057 3188 5112 τοῦ
3237 5058 3448 5129 Πατρὺς
3483 5053 3812 5125 ὀφθήσεσθαι

2233 5153 2358 5225 δόξῃ
2391 5153 2878 5224 ἐπαγγελλόμενον.
2917 5155 3084 5224 Ἄλλη
3113 5153 3222 5224 γὰρ
3243 5151 3368 5217 δόξα
3390 5151 3698 5222 ἀνθρώπου,
3723 5149 3816 5201 καὶ

2236 5239 2372 5312 ἄλλη
2410 5241 2534 5308 δόξα
2569 5241 2661 5295 τοῦ
2690 5242 2783 5294 ἐπὶ
2809 5243 3024 5296 πάντων
3055 5241 3207 5295 Θεοῦ.
3271 5242 3476 5306 Ἀλλὰ,
3515 5241 3670 5310 φησὶ,
3719 5238 3814 5292 διὰ

620 5403 666 5436 ⁵⁷
699 5404 857 5458 Rom.
895 5417 970 5468 Ix,
1026 5402 1080 5456 5.
1155 5400 1202 5433 ⁸⁸
1245 5397 1438 5452 Matth.
1475 5412 1590 5460 xxv,
1641 5395 1712 5450 35
1743 5411 1863 5464 sqq.
1939 5397 1984 5428 ⁵⁹
2018 5395 2097 5450 illa

2197 5438 2208 5450 .
2247 5401 2452 5466 xxn,2.
2531 5401 2574 5430 ⁶⁰
2604 5385 2792 5453 Matth.
2825 5415 2973 5460 xxxv,
3008 5399 3097 5454 '50.
3139 5401 3182 5430 ⁶¹
3219 5399 3410 5454 Matth.
3447 5415 3560 5466 va,
3589 5399 3676 5452 9.7.

622 5541 736 5608 (69)
759 5541 920 5612 Cprr.
951 5542 1042 5596 καὶ
1073 5541 1173 5595 ὅσα
1199 5537 1424 5612 κρύφια.

627 5613 742 5684 (70)
767 5611 1148 5670 Necessarium
1190 5609 1332 5684 part.
1363 5609 1672 5684 negativam
1708 5624 1856 5664 corr.
1889 5611 2016 5665 add.

631 5679 745 5750 (71)
777 5684 896 5754 Art.
927 5698 1148 5754 quoque
1185 5679 1278 5754 τού
1302 5695 1450 5736 corr.
1481 5679 1607 5734 add.

627 5753 740 5826 (72)
774 5751 957 5826 βοτη(
977 5751 1406 5826 ἐπιδραμοῦμαι.

630 5821 743 5887 (75)
771 5825 884 5878 Duo
909 5823 1022 5879 haec
1053 5821 1218 5877 verba
1253 5821 1469 5875 uncinis
1497 5821 1713 5878 inclusa
1743 5835 1890 5876 corr.
1923 5822 2049 5876 add.

629 5893 836 5961 l74)lta
857 5911 1026 5960 corr.;
1055 5895 1193 5948 male
1225 5901 1382 5947 antea
1412 5889 1490 5962 τῷ
1523 5892 1670 5964 αὐτῷ
1703 5892 2133 5958 ἐπιτελέσαντος.

2308 5543 2420 5613 (75)
2445 5542 2566 5596 Ιιαξο
2587 5540 2820 5612 Nysseni
2843 5544 3004 5597 verba
3029 5558 3094 5596 eo
3119 5542 3278 5594 nmdo
3293 5551 3423 5595 sunt
3443 5541 3816 5613 intelligentia,

2235 5611 2348 5684 quo
2373 5611 2712 5684 superius’in
2741 5613 2890 5684 notis
2916 5613 2982 5665 ad
3006 5627 3129 5684 cap.
3154 5629 3286 5684 riu,
3315 5613 3482 5681 hujus
3515 5611 3700 5684 operis
3739 5612 3816 5663 si-

2238 5683 2668 5754 miliaejiusdem
2693 5683 2858 5754 verba
2887 5683 3113 5754 intelligi
3135 5683 3332 5738 debere
3367 5683 3706 5737 monuimus.

2311 5753 2422 5822 (76)
2447 5753 2603 5807 Corr.
2634 5751 2860 5823 διὰ-τῶν
2883 5751 3212 5823 εἰρημένων.

2315 5821 2427 5896 (77)
2467 5823 2624 5878 Corr.
2649 5821 2962 5892 καθαρεύει.
