4120 6394
352 451 488 506 1265

1508 440 1883 502 ADVERSUS
1915 444 2437 499 APOLLINAREM.

3480 445 3621 504 1266

349 566 576 636 σαρκὸς
617 564 1035 633 διαλεγόμενος
1065 564 1188 631 τοῖς
1241 562 1596 632 ἀνθρώποις,
1643 562 1732 617 ὅτι
1775 564 1924 633 Ἐγὼ

2043 563 2192 619 :tiain
2247 561 2510 618 debemus
2553 559 2750 615 Filium
2813 561 3050 617 humana
3110 578 3292 632 specie
3326 563 3620 634 ﬁguratum

351 659 451 712 καὶ
497 660 530 710 ό
561 654 763 723 Πατὴρ
792 654 862 708 ἕν
917 655 1122 723 ἐσμεν.
1181 656 1243 707 Ὢ
1276 656 1374 724 τῆς
1418 654 1602 718 ἀνοίας
1657 653 1753 707 τοῦ
1795 655 1930 708 ἀπό-

347 750 513 814 δειξιν
537 748 760 810 οἴεσθαι,
789 745 886 800 ἀνθ
898 749 1142 817 ρωπικὴν
1165 747 1230 799 αὑ
1241 745 1326 799 τοῦ
1351 745 1488 817 μετὰ
1516 745 1690 800 ταῦτα
1711 748 1927 817 γενήσε-

351 842 475 894 σθαι
501 840 599 911 τὴν
637 839 957 910 ἐμφάνειαν,
991 839 1052 891 τὸ
1080 840 1285 900 εἰπεῖν,
1345 837 1431 890 διὰ
1461 837 1662 910 σαρκὸς
1696 837 1928 906 φθεγγό-

354 951 512 1004 μενον
543 933 633 985 τὸν
661 932 862 1002 Κύριον
892 932 948 983 ἓν
981 927 1115 983 εἷναι
1147 931 1280 1000 πρὸς
1313 931 1403 984 τὸν
1435 930 1654 1000 Πατέρα
1680 931 1691 982 !
1719 930 1928 984 Οὐκοῦν

350 1027 438 1078 διὰ
463 1027 667 1078 τούτων
700 1027 914 1085 πάντως
941 1023 1337 1086 κατασκευάζει
1367 1021 1444 1093 τῷ
1472 1022 1637 1092 λόγῳ,
1679 1024 1738 1076 τὸ
1771 1025 1930 1094 ἀκρι-

353 1117 463 1190 ϐῶς
492 1119 548 1168 ὲν
580 1117 744 1186 σαρκὶ
773 1117 866 1168 καὶ
891 1116 980 1168 τὸν
1033 1115 1250 1186 Πατέρα
1299 1112 1420 1184 ζῇν.
1478 1115 1540 1166 ΕΞ
1575 1114 1682 1186 γὰρ
1708 1117 1736 1168 ὁ
1761 1113 1929 1168 εἰπὼν

352 1209 409 1264 ἓν
435 1207 572 1264 εἶναι
602 1210 714 1279 (78)
758 1209 948 1262 ἑαυτὸν
990 1207 1126 1278 πρὸς
1170 1205 1262 1258 τὸν
1291 1206 1527 1277 Πατέρα,
1578 1207 1639 1259 οὐ
1687 1207 1828 1260 κατὰ
1870 1207 1932 1259 τὸ

356 1301 742 1372 πνευματικὸν,
792 1301 928 1354 ἀλλὰ
974 1299 1114 1353 κατὰ
1163 1298 1227 1369 τὸτ
1266 1297 1628 1368 ἀνθρώπινον,
1676 1299 1858 1363 καθὼς
1903 1301 1932 1353 ὁ

368 1392 740 1463 Ἀπολινάριος
768 1391 960 1454 οἴεται,
997 1393 1135 1444 νοεῖν
1175 1374 1491 1444 ’ὑποτίθεται
1537 1391 1634 1462 τὴν
1681 1391 1930 1461 ἑνότητα,

354 1484 462 1552 ἄρα
492 1481 648 1535 τοῦτό
676 1482 823 1533 ἐστιν
851 1483 879 1535 ὁ
906 1480 1116 1550 Πατὴρ,
1151 1480 1288 1551 ὅπερ
1318 1480 1435 1532 τότε
1477 1479 1618 1532 κατὰ
1645 1479 1933 1552 ἄνθρωπον

354 1576 382 1625 ὁ
415 1573 540 1636 Υἱὸς
569 1574 796 1643 ἑωρᾶτο.
842 1571 999 1624 Ἀλλὰ
1030 1571 1135 1642 μὴν
1160 1569 1265 1634 ἔξω
1293 1571 1471 1640 πάσης
1499 1571 1818 1642 σωματικῆς
1849 1575 1933 1625 ὲν-

355 1665 500 1727 νοίας
514 1663 576 1718 τὸ
597 1663 882 1734 Θετον·ἄρα
907 1664 969 1715 οὐ
996 1663 1136 1717 κατὰ
1149 1662 1210 1715 τὸ
1227 1660 1565 1732 ἀνθρώπινον
1588 1662 1816 1733 σχῆμαή
1841 1662 1931 1716 τοῦ

355 1756 486 1809 Tia-3
518 1756 653 1827 πρὸς
681 1756 772 1809 τὸν
823 1755 1044 1826 Πατέρα
1087 1755 1282 1817 ἓνωσις
1322 1748 1413 1824 ἦν,
1463 1751 1599 1806 ἀλλὰ
1649 1752 1793 1806 κατὰ
1835 1753 1934 1825 τὴν

356 1848 640 1902 κοινωνίαν
673 1848 771 1918 τῆς
800 1846 948 1910 θείας
982 1845 1195 1915 φύσεώς
1228 1862 1288 1898 τε
1333 1844 1426 1898 καὶ
1469 1843 1771 1914 δυνάμεως.
1820 1847 1933 1899 Καὶ

2031 669 2140 709 non
2213 668 2359 722 esse,
2402 668 2563 723 quem
2618 657 2674 706 in
2745 654 2920 724 gloria
2990 653 3172 710 Patris
3236 658 3620 726 appariturum

2031 744 2316 815 Scriptura
2355 745 2679 814 pollicetur;
2713 745 2818 799 alia
2845 753 2932 802 est
2969 748 3114 802 enim
3155 749 3325 818 gloria
3350 750 3616 816 hominis,

2028 844 2085 890 et
2152 837 2259 890 alia
2289 837 2463 906 gloria
2517 836 2656 902 Dei,
2709 839 2802 909 qui
2849 846 2935 895 est
2991 855 3159 909 super
3217 843 3423 896 omnia.
3476 842 3617 908 Sed,

2029 928 2231 997 inquit,
2261 944 2352 996 per
2382 946 2596 984 carnem
2626 930 2862 985 homines
2897 931 3164 986 allocutus
3195 944 3273 986 est
3293 974 3308 997 ,
3339 933 3468 989 dum
3500 936 3618 990 ait:

2032 1018 2142 1089 Ego
2179 1032 2228 1074 et
2267 1021 2433 1075 Pater
2492 1038 2655 1074 unum
2682 1039 2864 1077 sumus
2887 1023 2953 1078 ⁵³.
2991 1022 3036 1076 Ο
3073 1024 3405 1080 dementiam
3440 1027 3612 1082 homi-

2030 1115 2118 1167 nis
2177 1116 2270 1183 qui
2328 1115 2604 1170 Christum
2639 1116 2692 1170 in
2749 1115 2855 1170 ﬁne
2900 1117 3085 1196 διεσμιί
3158 1117 3398 1172 humana
3443 1119 3618 1173 forma

2030 1207 2411 1275 appariturum
2468 1223 2535 1261 ex
2583 1223 2650 1262 eo
2701 1206 3072 1262 demonstrari
3125 1215 3280 1279 putat
3328 1210 3476 1280 quod
3558 1210 3616 1265 in

2031 1313 2198 1352 carne
2232 1300 2447 1368 positus
2477 1297 2677 1352 dixerit
2704 1318 2716 1353 :
2754 1297 2866 1368 Ego
2913 1309 2963 1353 et
3007 1299 3175 1354 Pater
3203 1317 3364 1355 unum
3396 1302 3618 1357 sumus!

2033 1387 2177 1458 Ergo
2233 1405 2331 1444 sua
2387 1389 2491 1442 hac
2545 1389 2964 1445 ratiocinatione
3026 1405 3254 1460 prorsus
3329 1393 3618 1446 conﬁrmat

2032 1479 2249 1534 Patrem
2296 1495 2515 1550 quoque
2569 1481 2626 1535 in
2672 1496 2838 1536 carne
2886 1483 3046 1551 plane
3112 1485 3315 1538 vivere.
3357 1481 3415 1538 Si
3465 1484 3613 1538 enim

2033 1572 2126 1640 qui
2187 1571 2267 1625 ait
2315 1587 2373 1626 se
2422 1571 2602 1641 ipsum
2652 1587 2822 1627 unum
2880 1589 3007 1628 esse
3059 1589 3182 1628 cum
3238 1574 3438 1638 Patre,
3495 1575 3620 1628 uni-

2034 1673 2199 1718 tatem
2248 1664 2397 1716 illam
2447 1679 2556 1719 non
2613 1664 2928 1736 spirituali,
2993 1665 3086 1719 sed
3140 1663 3380 1718 humano
3421 1663 3613 1721 modo.

2031 1765 2094 1810 ut
2156 1756 2489 1825 Apollinaris
2538 1766 2748 1820 censet,
2780 1756 3189 1826 intelligendam
3249 1769 3372 1811 esse
3409 1753 3616 1823 signiﬁ-

2033 1854 2143 1912 cat,
2172 1861 2302 1916 ergo
2339 1845 2502 1901 Pater
2530 1847 2664 1902 illud
2721 1847 2900 1917 ipsum
2951 1855 3036 1903 est
3066 1846 3213 1918 quod
3255 1857 3387 1901 tunc
3423 1861 3619 1902 secun-

356 1942 437 1993 ὃτι
457 1941 630 1994 ταῦτα
653 1939 838 1994 τοῦτον
859 1939 971 2009 ἔχει
991 1938 1080 1992 τὸν
1095 1937 1396 2009 τρόπον,ὲκ
1417 1935 1622 1989 τούτων
1644 1937 1708 1991 ἂν
1729 1937 1938 2006 γένοιτο

2043 1937 2164 1993 dum
2223 1938 2516 1993 humanam
2575 1949 2828 1994 naturam
2885 1938 3056 1994 Filius
3113 1955 3237 1994 esse
3295 1939 3614 2010 apparebat.

362 2032 596 2102 μάλιστα
621 2031 803 2102 δῆλον,
845 2032 902 2084 ὲν
942 2025 1023 2093 οἷς
1055 2047 1188 2101 φησι
1230 2029 1365 2100 πρὸς
1407 2029 1496 2081 τὸν
1541 2029 1830 2084 Φίλιππον·
1887 2035 1930 2084 0

353 2123 624 2192 ἑωρακὼς
649 2123 774 2192 ἐμὲ,
807 2121 1026 2189 ἑώρακε
1053 2123 1161 2176 τὸν
1179 2120 1429 2188 Πατέρα.
1472 2121 1535 2172 Ἢ
1566 2120 1673 2191 γὰρ
1698 2122 1930 2193 ἀκριϐὴς

353 2214 455 2282 τῆς
482 2213 574 2267 τοῦ
606 2212 735 2266 Υἱοῦ
769 2212 1185 2282 μεγαλειότητος
1213 2211 1559 2281 κατανόησις,
1594 2210 1844 2282 καθάπερ
1872 2215 1931 2265 ἐν

355 2306 522 2359 εἰκόνι
553 2305 616 2358 τὸ
642 2305 949 2375 ἀρχέτυπον
975 2302 1191 2373 βλέπειν
1219 2301 1651 2373 παρασκευάζει.

2035 2029 2199 2101 Atqui
2228 2029 2484 2086 divinitas
2515 2031 2585 2086 ab
2623 2033 2770 2086 omni
2814 2033 3038 2085 notione
3062 2071 3076 2095 ,
3107 2048 3271 2101 quam
3324 2045 3621 2101 corporea-

2036 2137 2159 2177 rum
2201 2138 2384 2178 rerum
2434 2123 2719 2190 habemus,
2769 2125 2926 2194 longe
2973 2124 3149 2178 aliena
3192 2131 3294 2179 est.
3342 2123 3482 2195 Ergo
3510 2139 3620 2178 nos

2038 2215 2339 2270 secundum
2421 2217 2714 2270 humanam
2770 2216 3001 2270 formam
3063 2215 3185 2270 Filii
3263 2231 3388 2270 cum
3463 2217 3622 2271 Patre

2038 2307 2224 2362 unitas
2261 2316 2413 2372 erat,
2448 2310 2542 2362 sed
2589 2307 2892 2362 secundum
2942 2308 3385 2362 communionem
3425 2307 3623 2362 divinae

355 2409 563 2454 natura:
594 2408 756 2468 atque
797 2397 1033 2452 virtutis.
1091 2395 1217 2450 Haec
1271 2405 1452 2451 autem
1488 2398 1561 2450 ita
1617 2413 1676 2452 se
1725 2396 1928 2453 habere
1995 2414 2062 2452 ex
2114 2416 2180 2456 eo
2237 2401 2582 2471 potissimum
2629 2400 2914 2470 apparebit
2967 2401 3114 2469 quod
3193 2399 3258 2454 ad
3308 2398 3622 2469 Philippum

355 2493 466 2555 ait,
526 2490 631 2557 Qui
691 2487 825 2544 uidet
865 2505 986 2554 me,
1023 2489 1160 2544 uidet
1215 2497 1262 2543 et
1301 2488 1518 2542 Patrem
1545 2487 1612 2540 ⁸³.
1683 2487 1820 2542 Nam
1871 2489 1966 2558 qui
2039 2491 2282 2558 perfecte
2337 2491 2459 2545 Filii
2517 2493 2948 2561 magnitudinem
3007 2493 3190 2545 animo
3247 2491 3515 2562 percipit,
3573 2491 3623 2544 is

357 2581 514 2636 facile
560 2581 737 2650 ipsum
791 2580 1172 2652 primigenium
1202 2581 1322 2650 ejus
1375 2582 1815 2650 excmplar,hoc
1846 2590 1932 2637 est
1969 2582 2186 2639 Patrem
2217 2626 2230 2646 .
2273 2587 2429 2655 quasi
2485 2586 2538 2639 in
2591 2586 2827 2655 imagine
2872 2585 3166 2653 conspicit.

427 2673 544 2726 Τῶν
567 2675 625 2728 δὲ
654 2673 852 2743 ἐφεξῆς
875 2673 936 2726 τὸ
966 2673 1336 2745 ἀσυνάρτητον
1367 2676 1459 2728 καὶ
1489 2675 1827 2746 ἀδιανόητον,
1861 2675 1940 2739 ὼς

355 2765 418 2819 ἂν
447 2766 520 2836 μὴ
553 2766 727 2836 μάτην
754 2767 1189 2838 ὲμφιλοχωροίην
1218 2769 1330 2830 τοῖς
1381 2767 1652 2837 ματαίοις,
1700 2766 1939 2838 ὑπερϐή-

2113 2677 2298 2736 LVlll.
2332 2679 2505 2734 Porro
2532 2694 2722 2734 eorum
2754 2694 2875 2747 quae
2907 2685 3218 2746 sequuntur
3274 2674 3626 2730 inconcinni—
3690 2727 3701 2737 ,

2035 2779 2199 2827 tatem
2232 2773 2756 2840 obscuritatemqne,
2791 2787 2857 2824 ne
2888 2770 3075 2824 stultis
3109 2768 3162 2821 in
3198 2769 3363 2822 rebus
3424 2767 3624 2818 immo-

358 2874 542 2926 σομαι.
575 2857 640 2909 δι’
664 2851 738 2908 ὧν
766 2857 886 2910 οὐδὲ
915 2857 944 2909 ὅ
962 2874 1013 2910 τι
1045 2856 1294 2926 βούλεται
1321 2857 1499 2925 λέγειν
1528 2858 1760 2929 φανερὸν
1792 2860 1937 2911 ποιεῖ

2043 2863 2141 2915 rari
2173 2863 2383 2928 videar,
2431 2862 2887 2931 praetermittam:
2934 2859 3140 2930 quippe
3194 2858 3286 2927 qui
3329 2857 3464 2913 adeo
3495 2872 3627 2911 con-

355 2950 466 3010 τοῖς
495 2947 857 3009 ἐπιστατικῶς
885 2946 1236 3001 ἀκολουθοῦσι
1265 2950 1331 3018 τῇ
1364 2951 1673 3019 συγγραφῇ.
1727 2947 1792 3001 Τί
1824 2950 1934 3019 γὰρ

2043 2954 2154 3009 Γιιεο
2183 2963 2349 3026 atque
2395 2954 2577 3023 inepte
2632 2955 2838 3005 scribat
2872 2959 2930 3004 ut
2965 2967 3034 3005 ne
3092 2950 3347 3004 eruditus
3405 2946 3624 3017 quidem

356 3040 504 3110 αὐτῷ
534 3039 772 3092 συντελεῖ
800 3038 935 3109 πρὸς
962 3039 1053 3091 τὸν
1082 3039 1238 3105 λόγον
1273 3039 1354 3102 τὸ,
1393 3040 1626 3108 μηδένα
1653 3038 1934 3107 ἁρπάζειν

355 3132 422 3182 ἐκ
450 3130 560 3198 τῆς
595 3129 792 3197 χειρὸς
823 3128 1008 3182 αὑτοῦ
1052 3130 1122 3182 τὰ
1157 3128 1406 3182 δοθέντα
1443 3128 1602 3195 αὐτῷ
1629 3129 1789 3197 παρὰ
1829 3131 1935 3183 τοῦ

356 3224 582 3288 Πατρός
615 3224 895 3289 πρόϐατα,
947 3220 1175 3273 συνιδεῖν
1206 3221 1314 3290 ,οὐκ
1358 3219 1498 3292 ἔχω·
1550 3221 1644 3274 καὶ
1679 3221 1763 3274 ὅτι
1817 3225 1938 3274 Πα-

356 3312 528 3380 τρικῇ
551 3315 778 3380 θεότητι
808 3312 970 3365 ἕλκει
1003 3311 1152 3379 πρὸς
1186 3311 1404 3364 ἑαυτὸν
1430 3310 1504 3366 τὰ
1521 3308 1802 3377 πρόϐατα·
1819 3306 1933 3372 καὶ,

2041 3045 2346 3113 doctusque
2396 3043 2570 3097 lector
2620 3042 2751 3111 quid
2804 3041 2908 3095 sibi
2968 3040 3098 3095 velit
3154 3038 3512 3106 intelligentia
3579 3041 3633 3087 et

2044 3133 2520 3190 animadversione
2547 3134 2766 3202 assequi
2822 3133 3015 3217 pqssit.
3061 3130 3202 3197 Quid
3236 3130 3381 3184 enim
3425 3128 3530 3198 ipsi
3558 3130 3626 3181 ad

2046 3225 2374 3280 sententiam
2435 3240 2593 3279 suam
2654 3222 3090 3278 conﬁrmandam
3146 3220 3430 3284 conferat,
3481 3219 3629 3289 quod

2049 3315 2144 3378 ait,
2182 3317 2441 3369 neminem
2483 3316 2696 3372 scilicet
2752 3331 2816 3368 ea:
2878 3315 2993 3383 ejus
3057 3329 3215 3366 manu
3286 3329 3400 3366 ores
3449 3328 3633 3381 rapere

355 3401 588 3468 Ιξὶπρὸς
611 3401 718 3454 τὸν
743 3404 990 3471 Πατέρα,
1039 3405 1223 3472 φησιν,
1262 3403 1482 3470 ἥνωται
1521 3402 1778 3471 Χριστὸς
1824 3402 1937 3470 πρὸ

2043 3421 2191 3474 posse
2221 3421 2343 3476 qua:
2404 3407 2508 3476 ipsi
2549 3423 2579 3460 a
2642 3407 2802 3461 Patre
2836 3406 3067 3460 traditae
3122 3415 3273 3468 sunt,
3328 3405 3631 3475 intelligere

359 3493 780 3560 ἀναστάσεως,
830 3493 958 3561 πῶς
1006 3493 1156 3562 πρὸς
1190 3493 1297 3547 τὸν
1339 3495 1408 3546 ἐν
1453 3494 1612 3559 αὐτῷ
1650 3493 1800 3547 Θεὸν
1831 3496 1942 3561 οὐχ

364 3586 581 3652 ἥνωται
607 3603 624 3650 ;
661 3586 832 3640 Τοῦτο
865 3586 972 3657 γὰρ
1005 3585 1194 3656 ὥσπερ
1221 3583 1536 3654 ἐξεπίτηδες
1562 3585 1722 3647 αὐτὸς
1749 3584 1942 3637 ἑαυτοῦ

361 3676 458 3746 τὴν
498 3676 814 3747 μυθοποιίαν
837 3675 1094 3745 ἐλέγχων,
1121 3674 1476 3745 παρεντίθησι
1505 3677 1625 3738 ταῖς
1653 3675 1814 3739 ἰδίαις
1846 3692 1944 3728 κα-

361 3768 678 3829 τασκευαῖς,
704 3765 770 3817 δι’
799 3759 874 3819 ὧν
901 3765 1281 3819 ἀποδείκνυται
1308 3767 1342 3835 ἡ
1373 3764 1468 3817 τοῦ
1495 3764 1786 3836 ἀνθρώπου
1807 3767 1946 3837 πρὸς

361 3860 424 3911 τὸ
473 3859 627 3911 Θεῖον
665 3856 928 3926 διαίρεσίς
954 3874 1012 3909 τε
1044 3858 1137 3910 καὶ
1159 3857 1372 3917 ἓνωσις.
1413 3857 1469 3908 Ὀ
1494 3857 1602 3928 γὰρ
1628 3857 1818 3924 εἰπὼν,
1861 3858 1944 3912 ὅτι

362 3954 425 4004 Εἰ
454 3950 591 4022 πρὸς
621 3951 710 4002 τὸν
744 3950 962 4022 Πατέρα
990 3949 1196 4019 ἥνωται
1230 3949 1484 4018 Χριστὸς,
1519 3948 1638 4013 πῶς
1677 3951 1813 4022 πρὸς
1853 3951 1944 4002 τὸν

362 4045 420 4096 ἐν
464 4040 612 4112 αὐτῷ
652 4040 783 4094 Θεὸν
827 4041 925 4111 οὐχ
970 4042 1216 4112 ἥνωταις
1267 4041 1378 4111 (79)
1407 4039 1594 4104 Οὕτως
1621 4041 1716 4094 καὶ
1748 4043 1776 4094 ὁ
1807 4042 1944 4095 κατὰ

363 4135 596 4204 Χριστὸν
629 4132 933 4204 ἄνθρωπος,
973 4133 1160 4205 ἔτερος
1197 4133 1293 4197 ὢν,
1343 4134 1421 4204 τῷ
1464 4137 1522 4187 ἐν
1554 4135 1702 4205 αὑτῷ
1740 4135 1947 4206 ἥνωται

363 4226 502 4298 Θεῷ.
533 4225 716 4280 Ταῦτα
743 4225 944 4291 τοίνυν,
980 4225 1055 4289 ὡς
1082 4225 1306 4279 αὐτόθεν
1332 4227 1420 4280 διὰ
1450 4227 1552 4297 τῆς
1581 4227 1941 4296 ἀναγνώσεως

365 4319 653 4390 ἐλέγχοντα
686 4319 746 4373 τὸ
773 4318 1186 4388 πεπλανημένον
1228 4318 1322 4371 τοῦ
1367 4319 1639 4390 δόγματος
1665 4319 1826 4374 αὑτοῦ
1854 4320 1949 4372 καὶ

365 4415 688 4477 ἀσύστατον,
733 4411 1195 4484 παραδραμοῦμαι
1240 4411 1320 4481 τῷ
1366 4411 1508 4482 λόγῳ
1544 4428 1560 4444 ο
1623 4412 1838 4466 ἐκείνου
1892 4411 1949 4464 δὲ

369 4509 530 4576 μόνον
572 4505 1072 4576 ὲπιμνησθήσομαι⁶
1115 4504 1178 4556 '0
1219 4502 1444 4572 Σωτὴρ,
1491 4503 1644 4575 φησι,
1689 4504 1951 4558 πέπονθε

365 4601 600 4664 πεῖναν,
643 4600 740 4654 καὶ
781 4598 989 4667 δίψαν,
1037 4597 1134 4651 καὶ
1190 4599 1478 4668 κάματον,
1518 4597 1618 4652 καὶ
1665 4599 1948 4668 ἀγωνίαν,

365 4693 466 4747 καὶ
486 4694 711 4761 λύπην.
741 4691 836 4756 Τίς
863 4690 936 4744 ὢν
964 4693 992 4744 ὁ
1019 4691 1246 4762 Σωτήρ;
1293 4692 1352 4743 ὐ
1379 4689 1532 4756 Θεὸς,
1561 4689 1725 4761 φησιν
1755 4692 1810 4742 ἐν
1840 4694 1952 4754 τοῖς

2044 3513 2278 3566 nequeo,
2312 3497 2778 3567 quemadmodum
2809 3507 2863 3552 et
2895 3497 3050 3561 illud,
3101 3496 3232 3552 Oves
3264 3496 3332 3550 ad
3367 3514 3421 3550 se
3454 3497 3631 3566 ipsum

2043 3593 2266 3651 paterna
2299 3585 2576 3640 divinitate
2605 3587 2809 3651 trahit;
2842 3603 2904 3640 ac
2933 3594 3194 3656 prmterea
3227 3588 3372 3656 quod
3406 3587 3628 3657 inquit:

2047 3675 2108 3730 Si
2137 3693 2275 3731 unus
2307 3693 2426 3732 cum
2460 3679 2623 3734 Patre
2681 3691 2802 3733 ante
2833 3681 3271 3733 resurrectionem
3319 3680 3495 3748 factus
3553 3688 3632 3732 est

2045 3766 2316 3835 Christus,
2349 3770 2610 3840 quomodo
2665 3787 2801 3826 unus
2835 3787 2953 3823 cum
2989 3769 3115 3836 Deo,
3150 3773 3240 3840 qui
3270 3773 3326 3825 in
3362 3773 3475 3840 ipso
3530 3782 3629 3834 est,

2047 3862 2222 3930 factus
2255 3878 2360 3916 non
2402 3862 2554 3930 fuit?
2589 3861 2703 3916 Hoc
2757 3863 2903 3917 enim
2964 3871 3224 3933 tanquam
3283 3863 3410 3917 data
3466 3879 3631 3932 opera

2047 3955 2331 4010 fabulosas
2362 3955 2612 4011 ﬁctiones
2640 3971 2771 4011 suas
2812 3958 3046 4025 ipsemet
3082 3954 3415 4025 redarguere
3444 3956 3629 4020 vellet,

2046 4047 2288 4117 propriis
2328 4047 2753 4116 probationibus
2799 4049 3017 4113 inserit,
3079 4047 3284 4117 quibus
3342 4044 3633 4100 ostendere

2047 4147 2280 4193 conatur
2311 4154 2419 4209 qua
2480 4138 2694 4194 ratione
2752 4139 3064 4195 humanitas
3124 4137 3182 4192 in
3216 4137 3435 4192 Christo
3490 4145 3545 4191 et
3601 4152 3634 4190 a

2049 4232 2161 4287 Deo
2202 4240 2512 4302 separetur,
2561 4239 2618 4284 et
2665 4247 2790 4285 cum
2842 4230 3035 4285 eodem
3071 4228 3459 4299 conjungatur.
3495 4225 3632 4279 Nam

2053 4323 2145 4394 qui
2180 4324 2255 4377 ait
2286 4341 2299 4378 :
2335 4322 2393 4376 Si
2431 4339 2574 4378 unus
2632 4339 2756 4377 cum
2809 4323 2972 4378 Patre
3005 4321 3187 4376 factus
3220 4329 3306 4375 est
3354 4317 3631 4376 Christus.

2052 4415 2329 4487 quomodo
2361 4431 2504 4470 unus
2536 4430 2660 4468 cum
2687 4417 2795 4469 Deo
2817 4416 2911 4484 qui
2945 4416 2998 4468 in
3021 4414 3142 4483 ipso
3167 4421 3254 4468 est
3282 4427 3391 4466 non
3420 4410 3636 4466 evasit?

2051 4504 2130 4560 lta
2167 4513 2222 4560 et
2258 4505 2423 4559 homo
2445 4502 2726 4566 Christus,
2763 4504 2908 4558 alius
2964 4504 3260 4567 exsistens,
3301 4501 3412 4556 Deo
3443 4501 3538 4571 qui
3579 4500 3635 4553 in

2051 4599 2174 4670 ipso
2199 4607 2286 4652 est
2318 4597 2651 4666 coniunctus
2685 4596 2805 4650 fuit.
2841 4595 2939 4651 llis
2998 4597 3165 4665 igitur
3221 4592 3632 4666 praetermissis,

2058 4698 2241 4760 utpote
2269 4705 2392 4759 qua:
2425 4705 2496 4744 ex
2538 4688 2873 4758 semetipsis,
2931 4689 3160 4757 solaque
3224 4688 3485 4748 lectione,
3536 4685 3636 4739 do-

367 4788 472 4860 πρὸ
501 4786 712 4851 τούτου,
761 4786 822 4838 οὐ
861 4785 954 4838 δύο
988 4786 1274 4857 πρόσωπα,
1319 4783 1396 4846 ὡς
1429 4784 1618 4855 ἐτέρου
1653 4783 1752 4854 μὲν
1798 4783 1938 4848 ὄντος

2052 4781 2252 4852 gmatis
2292 4781 2457 4850 hujus
2505 4795 2724 4834 errores
2773 4787 2830 4833 et
2890 4779 3314 4834 inconstantiam
3354 4778 3632 4842 refellunt,

363 4878 521 4943 Θεοῦ,
568 4877 754 4950 ἑτέρου
799 4876 855 4928 δὲ
901 4873 995 4928 τοῦ
1025 4875 1334 4947 ἀνθρώπου.
1386 4873 1595 4928 Οὐκοῦν
1625 4877 1653 4928 ὁ
1685 4875 1817 4937 Θεὸς
1846 4875 1946 4928 πέ-

2054 4874 2184 4928 illud
2215 4871 2602 4928 tantummodo
2627 4870 3081 4926 commemorabo
3111 4888 3124 4923 :
3163 4869 3415 4925 Salvator
3443 4887 3634 4940 passus

364 4971 579 5037 πονθεν,
598 4971 741 5040 ἅπερ
771 4969 964 5022 παθεῖν
980 4967 1140 5021 αὑτὸν
1159 4967 1368 5038 εἴρηκε,
1389 4969 1498 5022 Kal
1519 4966 1740 5038 πάσχει
1760 4969 1870 5037 (80)
1893 4969 1938 5022 τί

2049 4975 2148 5030 est,
2201 4963 2401 5035 inquit,
2465 4963 2683 5033 famem,
2740 4963 2906 5025 sitim,
2963 4961 3232 5026 laborem,
3282 4978 3551 5031 angorem,
3589 4974 3639 5014 et

365 5061 779 5131 ἀπαράὸεκτον
813 5060 1062 5126 πάθους,
1096 5062 1206 5114 οὐκ
1235 5060 1467 5129 ἀνάγκῃ
1506 5061 1745 5129 φύσεως
1777 5061 1938 5115 (1602)-

2055 5060 2351 5113 tristitiam.
2380 5057 2516 5124 Quis
2550 5065 2635 5112 est
2668 5055 2922 5110 Salvator
2956 5054 3100 5108 iste?
3147 5053 3291 5108 Deus
3324 5064 3428 5115 est,
3463 5055 3640 5122 inquit

365 5154 575 5221 λήτου,
622 5152 884 5220 καθάπερ
922 5150 1252 5220 ἄνθρωπος,
1306 5152 1446 5205 ἀλλ’
1479 5152 1808 5219 ἀκολουθίᾳ
1846 5153 1956 5221 ερύ-

366 5263 537 5313 σεως.
565 5241 712 5318 *Αρα
732 5246 816 5308 τίς
847 5244 1145 5314 ἐπαρκέσει
1163 5243 1447 5312 διελέγχων
1475 5243 1544 5297 τὰ
1576 5243 1781 5315 μάταια
1805 5262 1818 5310 ;
1864 5245 1950 5296 Ἐν

365 5341 469 5392 τίνι
494 5338 770 5408 διαφέρειν
815 5335 1001 5406 βλέπει
1041 5334 1140 5404 τὴν
1183 5335 1428 5401 ἀνάγκην
1456 5337 1556 5406 τῆς
1583 5334 1818 5404 φύσεως,
1855 5336 1949 5388 καὶ

366 5431 465 5502 τὴν
492 5429 813 5484 ἀκολουθίαν
836 5428 936 5498 τῆς
970 5427 1218 5496 (passing;
1267 5429 1327 5478 'H
1367 5428 1474 5498 γὰρ
1507 5427 1731 5498 ἀλήθεια
1755 5429 1948 5482 ταύτὸν

367 5526 425 5576 ἐν
471 5521 715 5591 ἐκατέρῳ
765 5519 953 5590 βλέπει
982 5520 1043 5572 τὸ
1074 5519 1468 5590 σημαινόμενον
1494 5535 1506 5548 ·
1561 5517 1670 5573 οἷόν
1703 5537 1754 5572 τι
1783 5519 1944 5590 λέγω,

473 5655 518 5686 ⁶¹
545 5651 702 5708 Joan.
737 5669 787 5715 x,
822 5653 910 5706 50.
988 5652 1034 5682 ⁶³
1080 5649 1238 5706 Joau.
1295 5668 1406 5714 xiv,
1463 5652 1515 5707 9.

447 5836 557 5897 (78)
593 5833 669 5889 lta
699 5848 884 5902 corn;
913 5848 1068 5891 antea
1090 5839 1118 5889 6
1146 5833 1316 5889 εἰπὼν
1356 5829 1517 5890 εἶναι.

444 5907 553 5977 (79)
582 5907 681 5963 llic
716 5907 976 5962 nonnulla
1012 5907 1204 5963 deesse
1223 5905 1495 5961 videntur.

2055 5152 2110 5205 in
2151 5148 2614 5220 praecedentibus,
2657 5162 2767 5202 non
2817 5146 2940 5200 duae
2980 5159 3251 5215 persona,
3309 5145 3467 5214 quasi
3535 5162 3638 5197 una

2057 5259 2291 5314 persona
2335 5241 2478 5297 Deus
2509 5249 2676 5303 esset,
2709 5239 2882 5294 altera
2913 5240 3098 5291 homo.
3133 5237 3307 5306 Igitur
3362 5237 3506 5291 Deus
3549 5237 3639 5289 illa

2058 5352 2254 5408 passus
2291 5345 2395 5395 est,
2441 5348 2561 5403 quae
2613 5331 2868 5387 eumdem
2905 5345 3131 5400 passum
3169 5329 3343 5384 fuisse
3371 5329 3531 5394 dixit,
3573 5327 3640 5380 Et

2054 5429 2277 5498 patitur,
2314 5425 2405 5494 qui
2435 5425 2743 5493 passionum
2785 5437 3117 5492 nequaquam
3160 5437 3332 5491 capax
3382 5430 3481 5486 est,
3537 5437 3642 5473 non

2057 5519 2394 5590 repugnantis
2442 5525 2649 5570 naturte
2681 5515 3010 5579 necessitate,
3057 5511 3506 5584 quemadmodum
3540 5512 3639 5566 ho—

2128 5832 2239 5904 (80)
2275 5831 2432 5889 Corr.
2465 5832 2558 5886 uad.
2583 5830 2698 5896 πῶς
2727 5830 2948 5901 πάσχει.
