4120 6394
461 410 598 466 {£67

1724 415 1781 470 S.
1822 411 2148 469 (IREGORII
2189 414 2485 471 NYSSENE

3595 396 3742 463 nos

458 543 576 589 mo,
632 523 722 578 sed
792 530 1000 576 natura
1053 524 1421 593 consequentia
1478 533 1629 594 atque
1689 527 2026 579 comitantia.

2149 527 2460 581 Ἀκόλουθόν
2475 523 2695 581 ἐστιτδν
2715 523 2787 594 μὴ
2816 521 3124 590 ὑγιαίνοντα
3151 521 3248 585 τὰς
3271 519 3444 590 ὄψεις,
3474 517 3727 582 ἀσθενῶς

457 616 713 685 Nunquid
761 615 963 684 aliquis
1025 615 1434 686 ineptiisohisce
1490 618 1884 686 redarguendis
1937 632 2034 686 par

459 712 607 761 erit?
640 707 886 772 Quanam
942 708 996 761 in
1059 723 1116 762 re
1173 707 1392 762 differre
1442 708 1590 761 videt
1650 713 2032 765 necessitatem

455 808 692 858 naturae.
720 807 774 852 et
815 800 1265 853 consecutionem
1325 800 1564 854 natura}?
1629 799 1828 870 Reipsa
1886 803 2034 856 enim

461 906 567 943 una
599 889 899 959 eademque
940 891 1282 960 signiﬁcatio
1315 892 1371 945 in
1437 903 1672 962 utroque
1729 895 2034 962 deprehen-

459 983 640 1045 ditur,
685 983 849 1035 veluti
913 997 1040 1034 cum
1093 982 1235 1046 dico,
1286 983 1638 1054 Consequens
1676 995 1759 1037 est
1819 993 1877 1038 ut
1937 984 2031 1053 qui

460 1076 746 1129 oculorum
778 1075 968 1128 morbo
1001 1074 1234 1138 laborat,
1278 1092 1420 1146 aegre
1468 1076 1686 1144 videat;
1743 1086 1794 1132 et
1839 1093 2032 1133 rursus

463 1166 514 1216 id
551 1165 727 1230 ipsum
759 1164 867 1228 aio,
903 1163 1032 1216 dum
1067 1163 1278 1233 inquin,
1308 1162 1680 1222 Necessarium
1714 1174 1798 1220 est
1839 1175 1895 1218 ut
1936 1169 2031 1235 qui

463 1256 640 1306 oculis
680 1261 928 1323 ἄλει-οισι,
955 1254 1001 1308 is
1026 1254 1276 1309 hebetem
1297 1257 1582 1309 oculorum
1617 1258 1788 1310 aciem
1811 1257 2029 1312 habeat.

461 1345 717 1414 Nunquid
763 1360 872 1399 non
929 1345 1068 1400 idem
1119 1355 1204 1401 est
1255 1348 1542 1416 utriusque
1601 1348 1731 1401 dicti
1794 1351 2036 1405 sensus?

461 1435 594 1487 Nam
625 1435 717 1504 qui
754 1435 1133 1489 necessitatem
1163 1435 1329 1497 dixit,
1365 1436 1416 1489 id
1460 1436 1610 1506 quod
1663 1453 1727 1490 ex
1761 1453 2033 1493 consecu-

463 1524 610 1576 tione
641 1524 907 1592 contingit
942 1523 1251 1593 significat;
1285 1536 1336 1577 et
1361 1526 1454 1592 qui
1498 1526 1619 1594 ejus
1676 1527 1751 1580 rei
1787 1529 2033 1582 meminit

462 1629 586 1682 quae
615 1621 822 1667 natura:
854 1615 1187 1683 proprietate
1218 1630 1569 1686 consequens
1589 1626 1673 1673 est
1712 1626 1771 1672 ut
1799 1620 2030 1682 accidat,

462 1708 509 1761 is
562 1705 708 1776 quod
765 1707 1142 1760 necessarium
1203 1714 1288 1760 est
1338 1708 1636 1764 denotavit.
1700 1709 1812 1763 Cur
1867 1712 2036 1776 igitur

463 1801 683 1868 sapiens
712 1805 899 1852 noster
927 1800 1186 1868 scriptor,
1239 1814 1352 1868 non~
1403 1809 1614 1854 naturae
1681 1803 2029 1863 necessitate.

464 1893 559 1946 sed
593 1901 802 1945 naturae
826 1892 1217 1960 consequentia
1257 1903 1421 1960 atque
1455 1895 1797 1956 comitantia,
1832 1909 2035 1951 uestrae

463 1993 674 2039 naturae
713 1984 1002 2053 passiones
1036 1983 1307 2037 Salvatori
1349 1985 1462 2037 vult
1511 1988 1836 2042 ascribere?
1873 1989 2036 2056 Opor-

463 2077 623 2137 tebat,
667 2075 862 2142 inquit.
901 2073 969 2125 ad
1004 2072 1407 2132 similitudinem
1456 2073 1726 2129 hominum
1761 2080 2034 2146 passiones

459 2167 606 2220 cieri.
637 2167 739 2231 Qui
767 2165 925 2228 dixit,
957 2166 1248 2231 oportebat,
1282 2179 1468 2218 nonne
1522 2167 1808 2223 manifeste
1843 2186 2034 2225 neces-

465 2261 666 2312 sarium
698 2271 821 2310 esse
877 2255 1286 2324 pronuntiavit?
1327 2254 1520 2310 Nonne
1581 2260 1667 2312 hic
1727 2261 2033 2332 Scriptura:

2134 618 2276 688 ἔχειν
2299 619 2426 687 περὶ
2453 618 2550 688 τὴν
2573 618 2778 686 ὅρασιν.
2812 614 2922 668 Καὶ
2949 614 3107 667 πάλιν
3135 613 3196 666 τὸ
3217 613 3348 665 αὐτὸ
3369 611 3525 665 τοῦτό
3550 605 3722 679 φημι,

2132 711 2215 762 ὅτι
2253 706 2821 780 Ἀναγκαῖόνὲστιν,εἰ
2848 705 3024 775 μήτις
3048 704 3215 773 ὑγιῶς
3239 703 3352 773 ἔχοι
3383 703 3489 755 τῶν
3519 700 3720 768 ὄψεων,

2132 801 2377 854 ἀσθενεῖν
2408 800 2594 854 τοῦτον
2627 799 2753 868 περὶ
2793 797 2898 867 τὴν
2929 799 3139 866 ὅρασιν.
3185 791 3312 865 ’Ἆρ’
3341 794 3402 846 οὐ
3430 791 3625 845 ταύτὸν
3657 792 3729 842 ἐν

2131 891 2408 961 ἑκατέροις
2458 889 2635 952 ἐστίνς
2678 889 2750 940 ’⁸0
2773 905 2831 941 τε
2865 887 2975 958 γὰρ
3007 887 3105 958 τὴν
3135 886 3383 956 ἀνάγκην
3431 883 3622 944 εἰπὼν,
3655 883 3725 934 τὸ

2132 982 2191 1045 ἐξ
2218 980 2508 1035 ἀκολούθου
2528 979 2820 1050 συμϐαῖνον
2847 975 3130 1042 ἐνέδειξεν·
3164 976 3193 1029 ὅ
3215 993 3272 1028 τε
3302 973 3396 1027 τοῦ
3423 970 3724 1026 ἀκολούθου

2136 1076 2414 1147 μνησθεὶς,
2463 1075 2522 1128 τὸ
2552 1075 2848 1140 ἀναγκαῖον
2875 1073 3138 1143 ἐσήμανε.
3186 1070 3252 1122 Τί
3287 1065 3381 1123 οὖν
3408 1068 3652 1139 βούλεται
3681 1066 3724 1136 ἡ

2134 1170 2294 1238 σοφία
2317 1167 2414 1221 τοῦ
2443 1167 2808 1236 λογογράφου,
2841 1164 2915 1235 μὴ
2944 1163 3156 1234 ἀνάγκῃ
3183 1162 3418 1232 φύσεως,
3451 1161 3567 1213 ἀλλ’
3589 1162 3722 1212 ἀκο-

2131 1261 2317 1331 λουθίᾳ
2353 1260 2565 1328 φύσεως
2588 1257 2665 1327 τῷ
2695 1257 2912 1326 Σωτῆρι
2949 1255 3062 1326 (81)
3104 1255 3440 1325 προσάπτειν
3467 1252 3536 1304 τὰ
3570 1250 3717 1320 πάθη

2130 1353 2229 1422 τῆς
2263 1351 2508 1420 φύσεως;
2555 1348 2738 1412 Ἔδει,
2771 1348 2924 1417 φησὶ,
2962 1347 3089 1401 καθ’
3125 1347 3440 1414 ὁμοιότητα
3463 1342 3580 1396 τῶν
3611 1344 3720 1396 ἀν-

2133 1445 2378 1511 θρώπων
2401 1444 2470 1496 τὰ
2491 1440 2648 1508 πάθη
2673 1438 3012 1507 κινηθῆναι.
3051 1440 3118 1492 ’⁸0
3143 1456 3201 1490 τε
3233 1437 3353 1491 ἔδει
3383 1436 3495 1504 (8‘2)
3525 1433 3717 1494 εἰπὼν,

2133 1537 2192 1589 οὐ
2223 1533 2470 1604 φανερῶς
2492 1533 2588 1603 τὴν
2613 1530 2862 1599 ἀνάγκην
2882 1528 3140 1599 ἐϐόησενς
3175 1527 3286 1597 Οὐχ
3315 1525 3454 1595 αὕτη
3475 1526 3572 1594 τῆς
3603 1523 3724 1593 (83)

2133 1626 2173 1678 Γ
2179 1625 2355 1696 ραφῆς
2389 1627 2421 1694 ἡ
2456 1622 2653 1693 χρῆσίς
2685 1624 2840 1684 ἐστι;
2897 1621 3004 1674 ttat
3035 1618 3097 1683 ἐξ
3122 1617 3300 1671 αὐτῶν
3327 1617 3381 1668 δὲ
3407 1617 3516 1667 τῶν
3544 1615 3712 1679 Εὐαγ-

2134 1717 2332 1785 γελίων
2377 1716 2610 1785 πάρεστι
2661 1713 2762 1775 τὰς
2804 1711 3106 1774 ἀποδείξεις
3154 1709 3254 1762 τοῦ
3307 1707 3466 1774 λόγου
3511 1705 3712 1758 λαϐεῖν.

2150 1808 2386 1878 Ἀνάγκη
2419 1805 2595 1859 ἐλθεῖν
2621 1805 2690 1858 τά
2724 1803 3030 1857 σκάνδαλασ
3074 1801 3166 1854 καὶ
3208 1800 3316 1870 γὰρ
3346 1800 3428 1852 δεῖ
3467 1797 3717 1866 γενέσθαι

2139 1899 2330 1954 ταῦτα.
2366 1899 2498 1968 Οὐχὶ
2544 1898 2640 1968 μία
2676 1896 2944 1962 ἑκατέρας
2971 1895 3087 1947 ἐστὶ
3120 1893 3217 1961 τῆς
3251 1893 3434 1962 φωνῆς
3470 1890 3718 1951 διάνοιας

2149 1991 2210 2042 '0
2237 1989 2342 2060 γάρ
2373 1987 2561 2050 εἰπὼν,
2591 1984 2884 2056 ἀνάγκη[ν]
2901 1981 3037 2036 εἶναι
3067 1983 3238 2035 ἐλθεῖν
3254 1982 3320 2034 τά
3338 1979 3625 2043 σκάνδαλα,
3653 1980 3720 2031 τὸ

2137 2082 2246 2134 δεῖν
2299 2079 2471 2132 ἐλθεῖν
2512 2077 2581 2131 τὰ
2629 2077 2900 2131 σκάνδαλα
2933 2076 3021 2128 διὰ
3050 2078 3148 2145 τῆς
3184 2075 3367 2143 φωνῆς
3399 2072 3714 2136 ἐνεδείξατο.

2137 2175 2248 2228 Καὶ
2272 2175 2300 2226 ὁ
2327 2171 2516 2235 εἰπὼν,
2545 2173 2640 2222 Δεῖ
2666 2169 2919 2238 γενέσθαι
2949 2166 3063 2237 (84)
3089 2167 3280 2230 ταῦτα,
3319 2166 3378 2219 τὸ
3408 2164 3725 2234 ἀναγκαίως

2136 2265 2347 2334 ὀφεῖλον
2380 2264 2459 2326 είς
2490 2262 2651 2334 ἔργον
2682 2262 2853 2314 ἐλθεῖν
2886 2260 3292 2330 προεμήνυσεν.

457 2363 594 2400 usus
621 2348 748 2401 est?
781 2346 924 2412 Quin
961 2356 1016 2402 et
1043 2362 1105 2400 ex
1140 2347 1450 2417 Evangeliis
1485 2349 1620 2419 ipsis
1653 2353 1706 2405 in
1764 2365 2016 2426 promptu
2057 2367 2142 2414 est
2178 2356 2477 2412 locutionis
2505 2355 2672 2423 hujus
2713 2353 3067 2423 probationes
3134 2353 3432 2406 desumere
3470 2367 3483 2402 :
3525 2363 3717 2403 neces-

459 2440 664 2492 sarium
693 2446 778 2493 est
814 2445 872 2492 ut
903 2439 1122 2492 veniant
1155 2441 1411 2492 scandala
1437 2441 1502 2505 εδ,
1528 2457 1652 2493 nam
1683 2453 1734 2496 et
1761 2447 1874 2500 lucc
1941 2463 2064 2502 esse
2134 2454 2349 2518 oportet
2369 2446 2436 2496 θ’.
2495 2443 2690 2498 Nonne
2749 2458 2855 2495 una
2913 2441 3200 2508 utriusque
3255 2439 3385 2492 dicti
3445 2438 3723 2492 sententia

450 2535 712 2604 cst?qui
765 2534 910 2588 enim
986 2535 1062 2587 ait
1113 2537 1484 2590 necessarium
1548 2554 1671 2592 esse
1722 2547 1777 2592 ut
1840 2545 2061 2597 veniant
2137 2543 2418 2608 scandala,
2451 2540 2498 2594 is
2545 2548 2808 2609 oportere
2837 2544 2894 2590 ut
2960 2536 3224 2589 scandala
3271 2534 3492 2587 veniant
3539 2534 3718 2590 verbis

458 2630 565 2683 illis
596 2627 884 2698 designat;
915 2633 969 2680 et
1007 2626 1098 2696 qui
1139 2628 1236 2692 ait,
1268 2627 1390 2682 llaec
1424 2629 1539 2684 fieri
1578 2640 1811 2700 oportet,
1853 2635 2002 2702 quod
2040 2634 2356 2691 necessario
2388 2632 2455 2686 ad
2484 2629 2741 2686 effectum
2767 2630 2928 2683 debet
2953 2627 3180 2697 produci
3217 2625 3511 2696 signiﬁcat.

530 2781 665 2836 LIX.
694 2782 800 2836 Sed
825 2788 877 2836 et
907 2797 1081 2851 nugas
1106 2781 1357 2848 confuse,
1401 2799 1464 2837 ac
1509 2793 1711 2841 temere
1747 2788 1798 2839 in
1850 2789 2033 2843 stultis

457 2876 578 2944 ejus
618 2874 1128 2928 ratiocinationibus
1181 2883 1514 2944 congestas,
1568 2893 1708 2946 quas
1767 2879 2028 2950 deinceps

459 2968 687 3035 profert,
727 2982 920 3021 rursus
971 2967 1404 3035 praatermittam.
1447 2965 1648 3021 Verum
1702 2987 1869 3040 prepe
1919 2983 2031 3025 tra-

458 3070 638 3113 ctatus
675 3061 832 3113 finem
865 3060 939 3112 ita
990 3059 1085 3124 ait,
1119 3059 1348 3126 Corpore
1395 3063 1556 3113 etiam
1609 3067 1663 3114 in
1704 3066 1848 3117 caztis
1890 3067 2032 3117 exsi-

2215 2789 2378 2843 Ἀςλλά
2427 2789 2588 2842 πάλιν
2619 2787 2711 2840 καὶ
2756 2785 2847 2838 τὸν
2893 2783 3094 2854 ἐφεξῆς
3130 2781 3510 2853 ὑπερϐήσομαι
3529 2779 3716 2838 ὕθλον,

2130 2882 2315 2953 χύδην,
2349 2881 2440 2934 καὶ
2475 2880 2549 2943 ὡς
2577 2880 2788 2949 ἔτυχεν,
2823 2879 2888 2930 ἐκ
2921 2873 3163 2946 ματαίων
3199 2871 3475 2942 λογισμῶν
3513 2888 3694 2941 συμπε

2132 2972 2463 3043 φορημένον.
2509 2971 2646 3040 Φησὶ
2691 2970 2747 3022 δὲ
2787 2967 2923 3038 πρὸς
2973 2965 3052 3036 τῷ
3104 2965 3247 3018 τέλει
3288 2963 3381 3016 τοῦ
3415 2962 3594 3029 λόγου,
3630 2963 3717 3015 ὅτι

2130 3065 2239 3120 Καὶ
2266 3065 2334 3118 ἐν
2352 3062 2586 3132 οὐρανῷ
2609 3062 2782 3127 ὄντος
2805 3059 2910 3114 τοῦ
2933 3057 3227 3127 σώματος,
3245 3055 3374 3126 μεθ’
3404 3053 3566 3124 ἡμῶν
3589 3055 3721 3107 ἐστι

459 3163 658 3212 stente,
712 3151 984 3202 nobiscum
1045 3159 1122 3202 est
1175 3165 1336 3220 usque
1402 3150 1470 3202 ad
1528 3156 2030 3209 consummationem

2135 3156 2304 3225 μέχρι
2325 3155 2435 3223 τῆς
2460 3154 2817 3218 συντελείας
2841 3151 2945 3205 τοῦ
2982 3148 3219 3215 αἰῶνος.
3259 3147 3353 3209 Τίς
3373 3149 3400 3200 ὁ
3424 3145 3720 3216 μεθ’·ἠμῶν

460 3242 661 3295 atecnli.
698 3240 963 3305 Quisnam
998 3239 1086 3292 ille
1122 3242 1215 3304 sit,
1258 3242 1348 3309 qui
1385 3242 1670 3296 nobiscum
1725 3255 1809 3300 est
1857 3246 2032 3302 nescit

460 3334 714 3401 scriptor,
774 3339 958 3399 aperte
1014 3345 1281 3398 separatis
1313 3332 1460 3400 quod
1516 3333 1758 3406 disjungi
1821 3341 2031 3406 nequit.

460 3422 592 3474 Nam
625 3423 668 3475 si
701 3437 899 3489 corpus
932 3421 1149 3490 quidem
1183 3421 1236 3473 in
1274 3422 1414 3474 cmlo
1444 3423 1700 3488 collocat,
1743 3426 2031 3481 nobiscum

463 3531 590 3567 vero
618 3529 736 3567 esse
773 3512 1055 3565 hominum
1086 3511 1239 3575 dicit,
1286 3512 1709 3579 disjunctionem
1742 3518 2033 3586 quamdam

463 3618 624 3672 atque
689 3605 1090 3672 separationem
1151 3604 1253 3658 hac
1306 3622 1405 3659 sua
1440 3606 1798 3663 distinctione
1850 3611 2033 3678 palam

465 3690 696 3743 inducit.
729 3689 862 3743 Nam
898 3707 1007 3744 non
1058 3692 1237 3761 inquit
1290 3708 1492 3762 corpus
1548 3695 1668 3764 ejus
1704 3704 1756 3748 et
1807 3697 1858 3750 in
1895 3700 2036 3752 cwlo

463 3799 685 3837 manere
711 3793 766 3837 et
795 3784 1077 3838 nobiscum
1103 3797 1242 3844 esse,
1263 3783 1357 3837 sed
1385 3803 1617 3858 corpore
1649 3791 1700 3841 in
1735 3791 1891 3843 cmlis
1938 3809 2033 3845 ex-

463 3877 708 3930 sistente.
751 3876 894 3948 Ergo
939 3892 1064 3930 cum
1101 3893 1199 3930 nos
1232 3876 1284 3930 in
1320 3878 1475 3932 ccelis
1505 3895 1612 3932 non
1645 3883 1840 3945 simus,
1887 3885 2034 3937 aliud

460 3966 590 4031 quid
619 3966 686 4020 ab
717 3981 780 4020 eo
816 3965 962 4036 quod
1007 3967 1063 4019 in
1098 3967 1254 4021 cmlis
1309 3975 1414 4027 est,
1476 3984 1707 4038 corpore
1758 3972 2034 4027 diversum

461 4057 748 4111 nobiscum
781 4057 874 4127 qui
915 4057 970 4110 in
1009 4065 1154 4110 terra
1188 4057 1438 4127 degimus
1465 4075 1588 4114 esse
1618 4061 1875 4116 credidit.
1910 4063 2034 4120 Haec

461 4156 586 4199 sunt
632 4149 893 4202 sublimes
944 4146 1276 4217 Apollinaris
1336 4151 1620 4205 doctrinae.
1677 4151 1790 4208 Nos
1851 4164 2032 4209 autem

461 4241 696 4294 dicimus
730 4241 1032 4303 Christum,
1067 4249 1358 4310 postquam
1402 4258 1464 4298 ea
1515 4245 1767 4304 dixisset,
1826 4262 2035 4302 assmu-

462 4341 613 4400 ptum
648 4332 818 4386 fuisse
849 4333 902 4385 in
934 4333 1128 4397 cmlos,
1156 4342 1211 4387 et
1256 4349 1380 4388 eum
1423 4336 1516 4401 qui
1551 4345 1870 4406 assumptus
1910 4339 2035 4405 fuit,

462 4424 747 4477 nobiscum
797 4440 936 4486 esse,
965 4425 1282 4494 nullamque
1328 4426 1379 4479 in
1415 4442 1480 4480 eo
1514 4427 1838 4482 divisionem
1878 4446 2033 4498 repe-

459 4513 595 4578 riri;
629 4513 722 4566 sed
755 4513 1212 4581 quemadmodum
1263 4522 1346 4567 est
1396 4515 1447 4567 in
1495 4517 1679 4581 nobis,
1739 4517 2035 4587 unicuique

2139 3245 2234 3311 ὣν,
2285 3245 2471 3315 σαφῶς
2503 3246 2534 3297 ὁ
2563 3244 2898 3314 λογογράφος
2942 3240 3176 3313 μερίζων
3212 3239 3274 3292 τὸ
3300 3237 3596 3309 ἀμέριστον
3653 3238 3721 3290 οὐ

2139 3335 2403 3404 συνίησιν.
2437 3335 2500 3388 Et
2532 3333 2640 3404 γὰρ
2665 3333 2726 3385 τὸ
2759 3333 2856 3403 μὲν
2893 3330 3049 3400 σῶμα
3076 3328 3152 3399 τῷ
3188 3328 3402 3398 οὐρανῷ
3437 3327 3548 3399 (85)
3579 3327 3716 3380 ἀπο-

2136 3427 2361 3489 τίθεται,
2396 3426 2510 3497 μεθ’
2533 3425 2687 3496 ήμῶν
2706 3424 2764 3478 δέ
2788 3420 2924 3476 εἷναί
2953 3439 3089 3491 φησι
3109 3420 3200 3472 τὸν
3222 3419 3444 3490 Κύριον,
3471 3417 3724 3488 φανερῶς

2135 3518 2401 3582 διάζευξίν
2434 3535 2556 3571 τινα
2600 3518 2694 3570 καὶ
2750 3515 3014 3587 μερισμὸν
3056 3515 3121 3583 τῇ
3149 3512 3378 3582 ,τοισῖύτῃ
3425 3511 3519 3563 τοῦ
3559 3510 3718 3580 λόγου

2136 3609 2386 3680 διαστολῇ
2438 3607 2862 3680 κατεργάζεται.
2911 3606 2987 3658 Οὐ
3027 3605 3134 3674 γὰρ
3168 3601 3319 3656 εἶπεν
3359 3603 3441 3654 ὅτι
3466 3603 3526 3655 τὸ
3560 3602 3719 3671 σῶμα

2138 3699 2301 3753 αὐτοῦ
2351 3700 2444 3753 καὶ⁹
2495 3703 2553 3753 ἐν
2585 3698 2801 3770 οὐρανῷ
2833 3697 3001 3769 μένει,
3046 3696 3141 3749 καὶ
3190 3694 3311 3764 μεθ’
3342 3695 3500 3764 ἡμῶν
3546 3696 3716 3755 ἐστιν,

2137 3792 2273 3845 ἀλλὰ
2311 3793 2405 3844 τοῦ
2451 3791 2698 3862 σώματος
2739 3793 2795 3844 ἐν
2843 3787 3056 3862 οὐρανῷ
3103 3787 3255 3850 ὄντος
3303 3785 3449 3857 [(86)
3476 3781 3631 3856 ἡμῶν
3662 3786 3728 3839 δὲ

2137 3886 2237 3936 οὐκ
2260 3886 2316 3935 ἐν
2345 3883 2559 3954 οὐρανῷ
2587 3881 2799 3953 ὅντων).
2867 3882 3008 3951 Ἀρα
3040 3879 3227 3950 ἕτερον
3259 3895 3313 3931 τι
3341 3877 3490 3949 παρά
3515 3876 3576 3928 τὸ
3605 3876 3719 3946 (87)

2137 3977 2195 4028 ἐν
2238 3975 2484 4044 οὐρανοῖς
2512 3974 2571 4026 ὃν
2602 3973 2759 4044 σῶμα
2817 3973 2933 4042 μεθ’
2983 3973 3017 4040 ἡ
3028 3971 3142 4042 μῶν
3165 3968 3273 4022 τῶν
3302 3969 3394 4021 ἐπὶ
3424 3969 3526 4039 γῆς
3550 3967 3718 4020 ὅντων

2138 4065 2490 4118 πεπίστευκε.
2525 4063 2711 4116 Ταῦτα
2740 4061 2808 4114 τὰ
2847 4061 3027 4132 conta:
3065 4059 3162 4113 τοῦ
3217 4057 3593 4128 Ἀπολιναρίου
3635 4057 3716 4110 δι-

2135 4156 2406 4225 δάγματα.
2459 4153 2651 4224 Ἡμεῖς
2689 4153 2746 4205 δέ
2777 4169 2978 4222 φαμεν,
3017 4151 3102 4204 ὅτι
3125 4149 3303 4204 ταῦτα
3327 4149 3496 4201 εἰπὼν
3525 4147 3716 4218 ἀνελή-

2137 4246 2264 4317 φθη,
2310 4245 2400 4299 καὶ
2429 4249 2458 4301 ὁ
2483 4245 2596 4316 (88)
2628 4244 2959 4314 ἀναληφθεὶς
2987 4245 3107 4312 μεθ’
3135 4242 3291 4313 ἡμῶν
3318 4244 3463 4302 ἐστι,
3495 4241 3589 4292 mi.
3619 4259 3716 4310 με-

2137 4337 2330 4407 ρισμὸς
2375 4339 2430 4388 ἐν
2466 4337 2657 4407 ἐκείνῳ
2702 4337 2896 4398 οὐδεὶς,
2940 4335 3053 4388 ἀλλ’
3085 4334 3274 4405 ὥσπερ
3321 4333 3378 4384 ἐν
3424 4331 3535 4401 (89)
3585 4333 3718 4400 ἡμῖν

2135 4429 2302 4490 ἐστιν,
2341 4428 2556 4498 ἑκάστῳ
2597 4427 2807 4498 παρὼν,
2839 4427 2933 4480 καὶ
2965 4429 3023 4478 ἐν
3057 4425 3206 4495 μέσῳ
3237 4423 3546 4492 γενόμενος,
3574 4421 3718 4473 οὕτω

2137 4521 2229 4572 καὶ
2260 4519 2370 4589 (90)
2418 4522 2510 4573 ἐπὶ
2541 4521 2717 4573 πάντα
2752 4520 2928 4590 διήκει
2975 4517 3045 4570 τά
3076 4518 3175 4586 τῆς
3220 4515 3452 4576 κτίσεως
3481 4514 3723 4582 πέρατα,

459 4614 673 4668 astans,
702 4614 754 4659 et
787 4606 842 4659 in
871 4607 1050 4661 medio
1091 4607 1262 4660 nostri
1297 4622 1546 4671 manens,
1603 4609 1672 4662 ita
1703 4618 1757 4662 et
1791 4625 1886 4678 per
1918 4626 2030 4663 om-

2136 4613 2413 4683 ὁμοτίμοις
2439 4615 2572 4666 πᾶσι
2597 4615 2707 4676 τοῖς
2728 4612 2821 4664 τοῦ
2844 4612 3046 4680 κόσμου
3074 4608 3261 4679 μέρεσι
3293 4604 3712 4675 ἐμφαινόμενος,

459 4713 558 4751 nes
599 4709 928 4768 pervagatur
983 4711 1289 4754 creatarum
1336 4717 1517 4754 rerum
1580 4701 1841 4754 terminos
1891 4713 1944 4755 et
1979 4703 2032 4755 in

460 4787 718 4839 onmibus
747 4804 902 4857 azque
948 4791 1136 4844 mundi
1197 4791 1444 4860 partibus
1507 4791 1914 4846 manifestatur.
1977 4791 2033 4846 Si

458 4882 621 4934 nobis
661 4883 944 4950 corporeis
999 4882 1416 4951 incorporaliter
1471 4883 1661 4945 adest,
1717 4886 2034 4940 caelestibus

461 4976 649 5042 utique
686 4974 1046 5043 corporaliter
1093 4991 1199 5028 non
1252 4975 1450 5030 aderit.
1489 4973 1646 5028 Nunc
1701 4986 1880 5031 autem
1937 4979 2036 5041 ait,

460 5065 531 5116 ita
561 5063 796 5118 divisum
828 5063 1138 5126 Dominum,
1172 5065 1223 5116 in
1253 5064 1516 5133 subjectis
1543 5065 1648 5118 sibi
1695 5065 1879 5130 rebus,
1911 5067 2029 5121 sine

459 5154 569 5206 ulla
596 5153 957 5224 congruentia
990 5153 1293 5222 ordiueque
1324 5169 1551 5222 prorsus
1576 5157 1877 5214 contrario.
1906 5172 2028 5212 esse

531 5337 574 5364 ⁸⁸
606 5336 790 5390 Matth.
821 5352 975 5396 xvm,
1000 5333 1051 5387 7.
1130 5336 1174 5366 °"
1210 5335 1340 5391 Luc.
1373 5353 1506 5401 xvn,
1550 5337 1600 5389 1.

530 5495 639 5562 (81)
667 5492 1000 5562 Verbum—tif}
1027 5491 1240 5563 Σωτῆρι
1269 5507 1413 5545 corr.
1448 5493 1571 5546 add.

531 5565 641 5629 (85h
664 5565 819 5618 (Jorr.
847 5567 874 5616 ὁ
904 5565 962 5616 τὸ
986 5563 1135 5615 εῖδει.

532 5636 643 5702 (85)
672 5636 830 5687 (Sorr.
867 5635 964 5702 οὐχ
986 5632 1124 5702 αὐτη
1155 5634 1249 5684 καὶ
1278 5632 1394 5700 τῆς.

529 5705 638 5773 (84)
677 5706 832 5758 Corr.
869 5704 948 5756 δεῖ
969 5703 1074 5773 γὰρ
1102 5702 1376 5773 γενέσθαι.

531 5709 618 5768 1⁸4
677 5709 832 5758 (Sorr.
869 5709 948 5756 δεῖ
969 5709 1074 5773 γάρ
1102 5709 1376 5770 γενέσθαι.

531 5709 642 5839 “iiii
688 5773 759 5827 lla
782 5791 926 5828 corr.
951 5791 963 5837 ;
996 5783 1152 5827 antea
1179 5772 1257 5841 τῷ
1283 5773 1540 5842 οὐρανίῳ.

534 5845 644 5913 436)
673 5845 801 5914 Quae
839 5846 1053 5900 uncinis
1085 5842 1445 5899 includuntur
1477 5857 1618 5896 corr.
1662 5842 1782 5895 adit.

2134 4703 2196 4757 Εἰ
2245 4707 2304 4758 ἐν
2349 4707 2481 4775 ἡμῖν
2515 4707 2626 4767 τοῖς
2678 4704 3011 4773 σωματικοῖς
3057 4698 3171 4770 (91)
3218 4696 3544 4766 ἀσωμάτως,
3595 4695 3715 4748 οὐδὲ

2131 4800 2244 4859 τοῖς
2272 4797 2663 4868 ὑπερκοσμίοις
2692 4797 2750 4848 ἐν
2782 4792 3018 4864 σώματι.
3064 4790 3203 4844 Νυνὶ
3238 4789 3294 4842 δέ
3328 4805 3510 4858 φησιν,
3540 4786 3717 4850 οὕτως

2136 4905 2200 4958 με
2213 4886 2466 4954 ρισθέντα
2493 4887 2582 4939 τὸν
2611 4886 2834 4958 Κύριον,
2868 4882 3252 4953 ἀκαταλλήλως
3281 4881 3339 4932 ἐν
3364 4881 3473 4942 τοῖς
3503 4879 3712 4946 ὑποχει-

2135 4979 2269 5050 ρίοις
2299 4977 2385 5030 διὰ
2408 4977 2516 5030 τῶν
2562 4979 2820 5031 ἐναντίων
2853 4975 3120 5045 γίνεσθαι,
3162 4974 3275 5034 τοῖς
3312 4972 3408 5040 μὲν
3437 4969 3712 5040 σαρκίνοις

2135 5073 2425 5140 ἀσώματον
2456 5069 2591 5139 (92),
2626 5072 2739 5132 τοῖς
2795 5068 2850 5121 δὲ
2883 5068 3193 5137 ἀσωμάτοις
3233 5065 3290 5114 ἐν
3331 5062 3561 5131 σώματι.
3625 5057 3717 5109 Ἐν

2135 5161 2245 5230 γὰρ
2266 5158 2342 5229 τῷ
2367 5158 2580 5229 οὐρανῷ
2611 5156 2938 5228 καθιδρύσας
2965 5160 3062 5228 τὴν
3095 5154 3292 5224 σάρκα,
3327 5145 3711 5220 πνευματικῶς

2211 5488 2321 5558 (87)
2349 5488 2426 5542 lta
2453 5502 2624 5552 corr.;
2651 5486 2971 5558 maleantca
2987 5483 3172 5554 ἕτερον
3195 5500 3313 5535 τινα
3336 5480 3487 5552 παρά
3518 5481 3704 5544 :6,ctc.

2210 5556 2323 5626 (88)
2360 5561 2479 5614 Art.
2519 5573 2664 5612 corr.
2700 5556 2836 5626 add.

2209 5620 2323 5697 (89)
2355 5630 2513 5682 Corr.
2552 5628 2665 5682 ἀλλ’
2693 5620 2844 5695 ᾧπερ
2876 5627 2956 5697 ἐν.

2207 5694 2317 5766 (90)
2345 5701 2501 5754 Corr.
2533 5694 2841 5767 γενόμενος,
2869 5694 3044 5763 τούτῳ
3073 5696 3184 5748 καὶ.

2206 5763 2311 5834 (⁵91)
2343 5771 2498 5825 Corr.
2532 5763 2579 5820 εἰ
2615 5763 2743 5836 ἡμῖν
2767 5769 2880 5828 τοῖς
2913 5767 3241 5836 σωματικοῖς
3286 5765 3606 5835 ἀσώματος,

2205 5841 2314 5913 (9⁸2.)
2344 5843 2502 5896 Gort‘.
2540 5838 2868 5908 ἀσωμάτωςο
