4120 6394
417 304 548 368 ωτι

1691 318 1751 376 S.
1791 317 2122 377 CREGORII
2146 312 2445 377 NYSSEM

3554 320 3703 380 {272

410 431 491 485 Ac
520 430 570 487 si
601 429 819 501 quidem
854 426 968 485 ﬁeri
999 439 1181 502 posset
1211 442 1267 488 ut
1299 433 1525 490 omnino
1547 442 1730 489 votum
1763 437 1968 506 propbe

2101 437 2388 509 ὑπάρχειν,
2424 435 2684 507 ἐμφανῶς
2716 431 2783 508 ἦν
2807 435 2877 489 ἂν
2902 436 2962 490 τὲ
2997 428 3237 490 τοιοῦτον
3265 434 3343 507 τῷ
3369 437 3531 491 παντὶ
3563 453 3703 507 προ-

410 522 579 577 ticum
609 522 986 593 perﬁceretur,
1020 536 1075 580 et
1098 523 1395 581 deﬁcerent
1431 537 1748 597 peccatores
1780 545 1811 583 a
1847 536 1993 585 terra

408 626 463 672 et
494 615 694 685 iniqui,
732 617 806 670 ita
849 626 902 671 ut
937 633 1046 672 non
1079 620 1325 680 essent’,
1356 634 1444 674 res
1476 635 1540 674 ea
1573 619 1714 675 foret
1736 622 1993 679 omnibus

408 708 771 778 praeferenda.
797 707 1097 779 Postquam
1133 720 1313 766 autem
1347 712 1642 781 przevalent
1675 713 1990 782 iniquorum

407 815 712 864 sermones,
747 801 950 871 quibus
1002 810 1196 857 contra
1234 804 1520 859 veritatem
1574 805 1643 860 ab
1689 806 1989 862 adversarii

407 894 741 962 adjumentis
792 896 936 949 vires
986 895 1210 960 dantur,
1254 897 1519 967 praeclare
1568 898 1856 955 nobiscum
1903 899 1990 970 agi

404 986 702 1050 videbitur,
748 987 794 1042 si
829 988 970 1041 mala
1006 988 1197 1044 saltem
1238 989 1565 1044 imminuere
1606 999 1771 1060 atque
1818 990 1991 1060 impc-

405 1078 526 1133 dire
566 1081 863 1149 possimus,
894 1092 965 1136 ne
998 1098 1120 1153 qua:
1153 1083 1209 1136 in
1249 1083 1368 1138 dies
1396 1082 1720 1141 ell‘eruntur.
1758 1082 1992 1137 deterio-

405 1182 527 1224 rum
557 1186 739 1225 rerum
777 1172 1115 1226 incrementa
1162 1173 1379 1242 longius
1421 1174 1812 1242 provehantur.
1846 1172 1987 1239 Quid

405 1271 586 1317 autem
633 1263 748 1318 haec
778 1265 942 1318 verba
976 1265 1077 1319 sibi
1122 1262 1351 1319 volunt?
1382 1265 1486 1331 Qui
1520 1266 1855 1335 Apollinaris
1887 1265 1988 1317 do-

338 1344 342 1355 ’
404 1355 682 1423 gmatibus
723 1354 930 1420 favent,
961 1358 1484 1427 reprehensionibus
1519 1360 1572 1410 iu
1624 1372 1726 1411 nos
1760 1357 1984 1426 paratis,

408 1462 497 1500 res
561 1463 692 1502 suas
758 1449 1004 1505 stabilire
1059 1458 1364 1511 conantur,
1426 1451 1646 1504 carnale
1709 1448 1983 1511 Verbum,

406 1543 571 1605 atque.
618 1539 940 1592 saeculorum
1001 1540 1341 1595 conditorem
1398 1541 1637 1596 hominis
1683 1538 1880 1593 Filium
1933 1547 1988 1591 et

406 1629 690 1683 mortalem
721 1628 839 1683 Filii
878 1631 1137 1687 deitatem
1180 1630 1463 1689 facientes.
1502 1629 1799 1687 Proferunt
1836 1633 1984 1686 enim

403 1730 665 1789 tanquam
726 1722 1055 1791 quibusdam
1115 1724 1169 1777 iu
1231 1725 1503 1779 catholica
1551 1725 1798 1780 Ecclesia
1846 1724 1985 1779 duos

2101 527 2410 598 τιμότερον.
2463 526 2682 596 Ἐπειδὴ
2722 525 2779 579 δὲ
2815 526 2867 578 οἰ
2915 524 3063 594 λόγοι
3104 525 3213 579 τῶν
3264 526 3483 597 ἀνόμων
3521 525 3698 596 ὑπερε-

2104 620 2399 690 ισχύουσιν,
2429 621 2487 672 ἐν
2506 621 2573 691 τῇ
2596 618 2697 672 τοῦ
2723 618 3101 687 ἀντικειμένου
3131 618 3388 691 συνεργίᾳ
3420 619 3519 689 τὴν
3548 620 3696 673 κατὰ

2099 712 2199 782 τῆς
2257 709 2514 782 ἀληθείας
2566 711 2780 782 ἔχοντες
2832 710 3083 781 δύναμιν,
3136 712 3424 781 ἀγαπητὸν
3474 711 3542 765 ἂν
3600 712 3690 783 εἴη

2099 801 2401 856 ἐλαττῶσαι
2439 797 2531 855 οῦν
2561 801 2630 854 τὰ
2666 801 2834 865 κακά,
2868 800 2965 855 καὶ
2998 800 3239 855 κωλῦσαι
3274 801 3406 873 πρὸς
3433 803 3494 855 τὸ
3525 800 3697 857 πλέον

2100 893 2395 965 προϊοῦσαν
2421 894 2519 966 τὴν
2549 893 2658 948 τῶν
2691 893 2950 965 χειρόνων
2976 893 3297 964 ἐπαύξησιν.
3328 895 3392 946 Τί
3419 890 3511 948 οῦν
3536 896 3689 949 ἐστιν

2097 988 2126 1041 ὃ
2159 1005 2337 1059 φημι;
2372 989 2434 1041 υἰ
2455 988 2568 1050 τοῖς
2595 986 2690 1040 τοῦ
2742 986 3122 1058 Ἀπολιναρίου
3157 986 3390 1057 δόγμασι
3433 986 3688 1041 συνιστά-

2100 1099 2271 1152 μενοι,
2304 1081 2392 1135 διὰ
2428 1081 2525 1151 τῆς
2556 1080 2678 1134 καθ’
2725 1080 2884 1151 ἡμῶν
2931 1079 3190 1150 μέμψεως
3237 1080 3523 1151 κρατύνειν
3567 1083 3691 1133 ἐπι-

2097 1170 2339 1241 χειροῦσι
2374 1171 2442 1224 τά
2476 1160 2602 1233 ἴδια,
2638 1171 2892 1241 σάρκινον
2920 1171 3014 1223 τὸν
3038 1170 3209 1237 Λόγον
3233 1172 3326 1225 καὶ
3351 1171 3689 1242 δημιουργὸν

2095 1262 2203 1316 τῶν
2237 1261 2447 1315 αἰώνων
2482 1263 2573 1315 τὸν
2607 1261 2701 1315 τοῦ
2729 1260 3016 1332 ἀνθρώπου
3054 1261 3200 1327 Υἰὸν,
3227 1264 3324 1316 καὶ
3364 1262 3563 1335 θνητὴν
3587 1264 3683 1317 τοῦ

2097 1353 2226 1406 Υἰοῦ
2252 1352 2753 1418 κατασκευάζοντες
2772 1352 2871 1424 τὴν
2894 1352 3148 1424 θεότητα.
3183 1353 3525 1424 Προφέρουσι
3550 1354 3681 1425 γάρ,

2095 1440 2169 1509 ὡς
2221 1446 2380 1499 τινῶν
2412 1445 2520 1498 τῶν
2572 1445 2713 1499 κατᾶ
2747 1443 2844 1517 τὴν
2868 1446 3181 1518 Καθολικὴν
3230 1448 3555 1518 Ἐκκλησίαν
3587 1448 3683 1502 δύο

2095 1536 2505 1608 πρεσϐευόντων
2551 1538 2701 1601 υἱοὺς
2731 1538 2791 1590 ἐν
2837 1537 2916 1607 τῷ
2962 1534 3213 1607 δόγματι,
3244 1538 3336 1593 τὸν
3381 1539 3502 1610 μὲν,
3542 1540 3685 1593 κατὰ

2095 1625 2257 1704 φύσιν
2281 1631 2430 1689 ὄντα,
2457 1622 2548 1684 τδν
2580 1630 2656 1694 δὲ,
2697 1631 2840 1684 κατὰ
2869 1624 3018 1684 θέσιν
3051 1627 3279 1704 ὕστερον
3307 1633 3677 1703 προσγενόμε-

2092 1742 2201 1779 νον.
2234 1725 2346 1777 Οὐκ
2375 1718 2492 1776 οἴδα
2529 1723 2660 1793 παρ’
2689 1723 2814 1776 ὅτου
2859 1722 2920 1775 τὸ
2956 1715 3200 1776 τοιοῦτον
3242 1725 3557 1795 ἀκηκοότες,
3584 1725 3681 1778 καὶ

404 1810 548 1866 ﬁlios
579 1813 889 1869 colentibus
921 1815 973 1867 in
1015 1815 1289 1885 dogmate,
1334 1833 1502 1870 unum
1535 1816 1755 1886 quidem
1786 1831 1977 1870 secun-

2088 1810 2225 1888 πρὸς
2266 1818 2419 1867 ποῖον
2453 1812 2970 1884 διαπληκτιζόμενοι
3011 1816 3305 1886 πρόσωπον
3327 1833 3341 1848 ⁸
3384 1816 3538 1870 οῦπω
3569 1818 3679 1889 γὰρ

402 1906 533 1961 dum
568 1917 839 1972 naturam,
885 1915 1118 1964 alterum
1153 1919 1334 1965 autem
1384 1913 1687 1973 secundum
1737 1910 1989 1978 adoptio-

2094 1909 2268 1978 ἔγνων
2294 1903 2386 1961 τὸν
2413 1905 2586 1960 ταῦτα
2612 1904 3162 1978 παραφθεγξάμεναν.

400 2018 548 2070 nem,
579 2012 767 2074 postea
795 2006 1148 2074 acquisitum.
1174 2008 1373 2062 Nescio
1399 2022 1430 2062 a
1462 2024 1574 2079 quo
1603 2007 1732 2063 talia
1757 2005 2068 2071 audientes,
2103 2012 2199 2059 aut
2226 2017 2355 2058 cum
2416 2017 2524 2073 qua
2554 2016 2790 2072 persona
2852 2000 3172 2071 luctantes;
3232 2003 3473 2061 nondum
3531 2004 3675 2060 enim

399 2098 627 2167 cognovi
652 2096 745 2166 qui
786 2097 914 2150 talia
945 2095 1203 2153 eli'utiret.

470 2187 860 2245 Verumtamen
900 2193 1159 2260 quoniam
1198 2193 1358 2247 istam
1390 2202 1761 2264 proponeutes
1791 2194 1984 2249 adver-
2016 2243 2024 2249 .

398 2291 522 2337 sum
570 2297 672 2337 nos
703 2295 948 2346 cauSam,
981 2298 1046 2337 ex
1100 2298 1165 2338 eo
1213 2285 1361 2353 quod
1398 2285 1656 2340 videntur
1698 2288 1803 2342 tale
1833 2286 1983 2357 ﬂagi-

397 2375 535 2428 tium
583 2374 930 2445 impugnare,
974 2377 1426 2447 suasppinioncs
1458 2383 1845 2443 corroborant,
1889 2382 1984 2437 bo-

397 2481 528 2521 num
569 2478 653 2521 est
689 2475 747 2520 ut
778 2474 868 2521 tua
912 2469 964 2521 in
1006 2470 1228 2523 Christo
1267 2470 1549 2539 perfectio,
1592 2481 1754 2541 prout
1782 2474 1877 2528 tibi
1927 2474 1980 2528 in

395 2567 636 2614 mentem
668 2560 916 2629 injeccrit
951 2560 1190 2630 Spiritus
1225 2572 1473 2625 sanctus,
1509 2577 1699 2618 eorum
1723 2566 1974 2621 occasio-

397 2666 496 2704 nes
526 2657 772 2720 amputet
801 2651 895 2721 qui
922 2665 1176 2721 qurcruut
1203 2654 1471 2709 adversus
1502 2672 1604 2710 nos
1630 2657 1975 2723 occasiones,

395 2750 449 2794 et
480 2740 807 2809 persuadeat
839 2742 922 2797 eis
947 2745 1038 2812 qui
1079 2761 1174 2812 per
1199 2745 1530 2799 calumniam
1571 2747 1685 2801 lunt:
1716 2746 1977 2806 Ecclesiae

400 2831 493 2885 Dei
534 2833 754 2886 crimini
783 2841 1027 2899 Vertunt,
1074 2837 1287 2888 nullum
1331 2835 1601 2904 ejusmodi
1638 2839 1781 2905 apud
1812 2840 1976 2893 Chri-

397 2926 609 2978 stianos
655 2940 779 2980 esse
818 2926 1013 2996 dogma
1074 2943 1252 2996 neque
1310 2930 1617 2997 praedicari.
1663 2930 1781 2986 Non
1827 2934 1972 2987 enim

396 3025 681 3086 propterea
714 3017 861 3087 quod
893 3019 948 3071 in
985 3020 1305 3076 novissimis
1326 3021 1520 3076 diebus
1548 3023 1601 3077 in
1635 3026 1798 3079 terris
1825 3026 1976 3082 visus

393 3118 475 3163 est
509 3109 760 3163 conditor
813 3111 1164 3177 saeculorum,
1216 3120 1271 3166 et
1319 3125 1445 3169 cum
1488 3115 1803 3172 hominibus
1840 3132 1972 3172 cou-
1998 3147 2044 3204 ε

399 3210 646 3255 versatus
683 3210 789 3268 est,
834 3203 957 3258 ideo
998 3205 1107 3258 duo
1156 3204 1248 3259 ﬁlii
1292 3206 1346 3260 in
1386 3206 1629 3261 Ecclesia
1681 3225 1975 3275 numeran-

395 3302 505 3356 tur,
542 3311 685 3349 unus
720 3295 972 3351 conditor
998 3297 1340 3362 saeculorum,
1367 3308 1422 3353 et
1452 3300 1592 3352 alter
1621 3301 1713 3370 qui
1751 3302 1972 3363 incon-

394 3387 764 3441 sunnnatioue
810 3389 1135 3444 saeculorum
1194 3405 1289 3459 per
1335 3404 1556 3443 carnem
1606 3392 1845 3447 humano
1877 3410 1968 3461 ge-

394 3477 509 3530 neri
561 3479 894 3547 apparuerit.
930 3474 1143 3532 Etenim
1177 3482 1223 3533 si
1269 3481 1394 3548 quis
1428 3497 1494 3534 ex
1529 3483 1791 3553 unigeniti
1846 3482 1969 3539 Filii

394 3569 484 3623 Dei
512 3570 852 3638 apparitione
879 3571 931 3624 in
964 3586 1150 3633 carne,
1191 3586 1312 3640 qua:
1344 3572 1774 3640 dispensationis
1806 3592 1969 3631 causa

391 3661 533 3714 facta
578 3670 682 3725 est,
717 3662 940 3733 colligat
968 3662 1173 3718 editum
1221 3666 1391 3722 fuisse
1423 3668 1599 3723 ﬁlium.
1622 3669 1878 3730 alterum.
1924 3672 1971 3724 is

389 3753 752 3810 dinumeratis
801 3755 964 3808 etiam
1018 3757 1276 3814 omnibus
1321 3773 1443 3828 qua:
1481 3775 1540 3814 se
1585 3760 1720 3816 viris
1764 3762 1971 3818 sanctis

388 3850 711 3904 obtulerunt
753 3851 1193 3922 apparitionibus
1227 3865 1353 3909 ante
1406 3855 1676 3925 unigeniti
1710 3853 1805 3911 Dei
1844 3856 1967 3912 Filii

388 3942 850 4002 incarnationem,
880 3951 935 3998 et
960 3942 1032 3998 iis
1056 3958 1179 4013 qua:
1207 3954 1327 4015 post
1354 3946 1502 4000 illam
1537 3947 1749 4019 sanctis
1770 3963 1969 4005 rursus

388 4034 585 4088 oblata:
631 4040 783 4099 sunt,
829 4051 927 4105 pro
978 4051 1206 4093 numero
1253 4038 1453 4093 divinae
1503 4039 1970 4098 manifestationis

388 4125 795 4181 multitudinem
850 4133 1054 4182 statuet
1110 4130 1370 4195 liliorum,
1425 4131 1640 4201 eritque
1699 4132 1775 4200 illi
1821 4146 1968 4193 unus

386 4220 605 4290 quidem
656 4219 821 4282 ﬁlius,
868 4221 960 4276 ille
993 4224 1087 4289 qui
1141 4238 1265 4277 cum
1314 4223 1627 4279 Abrahamo
1664 4225 1968 4282 collocutus

386 4318 492 4376 est,
533 4314 666 4365 alter
702 4327 831 4366 vero
864 4313 954 4384 qui
983 4310 1171 4368 lsaaco
1201 4315 1485 4385 apparuit;
1517 4325 1572 4371 et
1600 4318 1693 4387 qui
1723 4334 1848 4372 cum
1873 4311 1967 4373 Ja-

387 4403 527 4457 cobo
563 4403 853 4472 pugnavit;
891 4405 1032 4459 alius
1070 4406 1235 4459 etiam
1278 4412 1331 4461 et
1362 4408 1635 4473 diversus,
1672 4411 1764 4479 qui
1794 4413 1965 4469 variis

2159 2180 2310 2255 Πλὴν
2328 2180 2734 2254 ὲπειδὴταύτην
2766 2183 3206 2254 προστησάμενοι
3232 2182 3359 2238 καθ’
3385 2185 3543 2256 ἡμῶν
3574 2185 3676 2260 τὴν

2081 2272 2361 2335 ὑπόθεσιν,
2391 2272 2480 2325 διὰ
2512 2271 2606 2326 τοῦ
2640 2272 2816 2327 δοκεῖν
2853 2276 2922 2345 τῇ
2970 2274 3171 2346 ἀτοπίᾳ
3212 2275 3382 2348 ταύτῃ
3425 2279 3677 2347 συμπλέο

2079 2371 2296 2432 κεσθαι,
2347 2367 2448 2432 τὰς
2506 2366 2717 2421 ἑαυτῶν
2762 2367 3063 2439 ὑπολήψεις
3107 2370 3457 2440 κρατύνουσι,
3494 2371 3671 2435 καλῶς

2080 2462 2146 2515 ἂν
2177 2460 2289 2531 ἔχοι
2315 2459 2413 2531 τὴν
2442 2459 2541 2531 σὴν
2572 2461 2632 2513 ἐν
2656 2458 2876 2531 Χριστῷ
2905 2461 3236 2531 τελειότητα,
3270 2460 3455 2526 καθὼς
3496 2462 3562 2517 ἄν
3591 2482 3673 2517 σοι

2078 2551 2170 2608 ἐπὶ
2204 2553 2328 2607 νοῦν
2372 2554 2572 2622 ἀγάγοι
2606 2554 2666 2607 τὸ
2710 2552 2941 2623 Πνεῦμα
2984 2553 3045 2606 τὸ
3088 2548 3263 2622 ἅγιον.
3303 2555 3537 2626 ἐκκόψαι
3574 2557 3673 2620 τὰς

2077 2647 2335 2719 ἀφορμὰς
2372 2648 2480 2701 τῶν
2515 2647 2820 2718 ζητούντων
2866 2646 2967 2711 τὰς
3017 2647 3137 2701 καθ’
3186 2647 3346 2719 ἡμῶν
3388 2650 3669 2722 ἀτορμάς,

2074 2740 2173 2796 καὶ
2200 2745 2386 2794 πεῖσαι
2430 2743 2557 2804 τοὺς
2599 2740 2773 2795 ταῦτα
2818 2741 3231 2809 συκοφαντικῶς
3277 2742 3671 2808 ἐπικαλοῦντας

2075 2834 2144 2903 τῇ
2169 2831 2263 2884 τοῦ
2297 2828 2432 2885 Θεοῦ
2477 2827 2795 2904 Ἐκκλησία,
2826 2833 2907 2886 ὅτι
2933 2831 3058 2887 οὗτε
3081 2833 3199 2887 ἔστι
3227 2835 3404 2907 δόγμα
3426 2837 3671 2891 τοιοῦτον

2078 2925 2138 2976 ἐν
2179 2925 2545 2995 Χριστιανοῖς.
2582 2924 2706 2978 οὔτε
2750 2920 3108 2997 κηρύσσεται.
3163 2921 3298 2981 Οὐδὲ
3327 2930 3455 2999 γάρ.
3479 2931 3677 3001 ἐπειδὴ

2076 3014 2104 3068 6
2135 3014 2243 3091 τῶν
2279 3013 2492 3069 αἰώνων
2519 3016 2749 3087 ποιητὴς
2784 3019 2871 3071 ἐπ’
2903 3018 3150 3088 ἐσχάτων
3187 3018 3296 3072 τῶν
3328 3022 3550 3091 ἡμερῶν
3574 3024 3667 3075 ἐπὶ

2076 3109 2179 3177 γῆς
2206 3090 2412 3178 ¹ώςοθη,
2453 3109 2546 3161 καὶ
2593 3111 2707 3172 τοῖς
2748 3108 3059 3182 ἀνθρώποις
3100 3090 3536 3185 συνανεστράφη,
3578 3115 3675 3169 διὰ

2077 3199 2233 3254 τοῦτο
2251 3200 2346 3254 δύο
2371 3201 2477 3255 υἱοὶ
2503 3203 2647 3255 κατὰ
2673 3201 2774 3274 τὴν
2813 3203 3140 3275 Ἐκκλησίαν
3170 3205 3553 3275 ἀριθμοῦνται,
3584 3201 3667 3272 εἷς

2074 3295 2104 3345 ὁ
2133 3294 2361 3365 ποιητὴς
2391 3294 2500 3348 τῶν
2534 3293 2767 3357 αἰώνων,
2822 3297 2918 3350 καὶ
2971 3297 3129 3361 ἄλλος
3172 3301 3201 3351 ό
3244 3298 3339 3352 ἐπὶ
3390 3300 3668 3373 συντελείᾳ

2073 3388 2183 3440 τῶν
2229 3386 2446 3440 αἰώνων
2491 3387 2580 3441 διά
2614 3383 2818 3459 σαρκὸς
2845 3389 3182 3460 φανερωθείς
3350 3392 3673 3465 ἀνθρωπίνη

2075 3477 2209 3549 ζωῇ.
2241 3478 2302 3531 ΕΞ
2330 3478 2439 3549 γάρ
2464 3496 2550 3541 τις
2581 3480 2680 3549 τὴν
2705 3480 3018 3550 οἰκονομίαν
3049 3474 3143 3533 τοῦ
3181 3482 3503 3552 μονογενοῦς
3533 3484 3663 3537 Υἰοῦ

2072 3571 2167 3624 τοῦ
2193 3571 2327 3625 Θεοῦ
2356 3573 2444 3625 διὰ
2488 3572 2689 3644 σαρκὸς
2721 3575 3043 3644 ἐπιφάνειαν
3075 3576 3157 3630 εἰς
3185 3570 3372 3646 ἐτέρου
3404 3577 3534 3630 Υεοῦ
3566 3596 3667 3631 κα-

2072 3663 2344 3735 τασκευὴν
2375 3664 2666 3735 λαμϐάνοι,
2698 3659 2855 3728 οὗτος
2884 3666 3198 3739 ἀριθμήσας
3228 3670 3323 3721 καί
3355 3668 3536 3733 πάσας
3563 3669 3665 3731 τὰς

2071 3759 2186 3821 τοῖς
2210 3757 2385 3826 ἁγίοις
2409 3752 2710 3829 γενομένας
2735 3758 3054 3828 θεοφανείας
3075 3760 3182 3829 πρὸ
3199 3760 3300 3829 τῆς
3319 3760 3462 3815 κατὰ
3484 3761 3665 3831 σάρκα

2070 3845 2164 3900 τοῦ
2198 3847 2520 3918 μονογενοῦς
2552 3846 2685 3902 Υἰοῦ
2730 3847 2825 3902 τοῦ
2854 3847 2988 3901 Θεοῦ
3024 3848 3406 3922 φανερώσεως,
3440 3852 3532 3907 καὶ
3562 3852 3669 3916 τὰς

2073 3941 2218 4012 μετὰ
2260 3942 2436 3997 ταῦτα
2473 3941 2636 3997 πάλιν
2682 3944 2798 4007 τοῖς
2849 3936 3028 4012 ἁγίοις
3071 3944 3468 4014 γεγενημένας,
3518 3946 3661 3999 κατὰ

2069 4028 2160 4087 τὸν
2200 4033 2433 4105 ἀριθμὸν
2472 4033 2574 4104 τῆς
2606 4032 2798 4105 θεῖκῆς
2825 4034 3125 4105 ἐμφανείας
3178 4031 3309 4088 υἰῶν
3350 4036 3555 4108 πλῆθος
3583 4035 3663 4090 εἷ-

2070 4143 2157 4179 ναι
2203 4125 2624 4190 κατασκευάσει,
2664 4127 2760 4179 καὶ
2811 4126 2964 4180 ἐσται
3000 4126 3148 4198 αὐτῷ
3197 4126 3278 4192 εἷς
3327 4130 3425 4199 μέν
3467 4132 3600 4195 υίὸς,
3632 4136 3663 4186 6

2068 4215 2148 4287 τῷ
2190 4217 2442 4289 Ἀϐραάμ
2468 4216 2816 4288 χρηματίσας
2835 4260 2850 4281 ,
2885 4218 3074 4290 ἔτερος
3102 4214 3179 4281 δὲ,
3209 4222 3237 4273 6
3266 4223 3551 4292 ἐπιφανεὶς
3578 4225 3669 4295 τῷ

2086 4307 2272 4363 Ἰσαάκ
2293 4324 2306 4338 ·
2353 4309 2448 4362 καὶ
2472 4310 2501 4361 6
2522 4308 2603 4378 τῷ
2661 4307 2854 4371 Ἰακὼό
2887 4312 3276 4380 συμμαχήσας,
3311 4312 3498 4384 ἕτερος
3518 4332 3531 4345 ·
3564 4318 3659 4370 καί

2068 4400 2245 4466 ἄλλος,
2272 4401 2302 4454 6
2340 4400 2419 4471 τῷ
2439 4402 2645 4472 Μωῦσῇ
2677 4403 2864 4470 φανεὶς
2903 4403 2959 4454 ἐν
2985 4402 3260 4473 διαφόροις
3292 4406 3655 4476 ἐπιφανείαις,

389 4491 827 4559 apparitionibus
885 4491 1056 4569 Moysi
1110 4509 1171 4549 se
1220 4495 1464 4551 ostendit
1502 4497 1557 4551 in
1630 4499 1855 4566 lumine,
1908 4503 1961 4555 in

2080 4495 2124 4545 ὲν
2169 4492 2328 4561 φωτὶ,
2362 4492 2420 4543 ἐν
2455 4491 2657 4562 γνόφῳ,
2690 4494 2747 4544 ἐν
2792 4490 2969 4562 στύλῳ
3013 4493 3276 4563 νεφέλης,
3310 4495 3370 4547 ἐν
3413 4498 3479 4566 τῇ
3520 4514 3663 4551 κατα

386 4584 642 4649 caligine,
672 4583 725 4638 in
760 4586 1016 4640 columna
1052 4587 1235 4652 nubis,
1280 4590 1334 4642 in
1366 4590 1579 4645 visione
1607 4590 1743 4647 facie
1781 4594 1845 4647 ad
1884 4595 1971 4647 fa-

385 4673 548 4736 ciem,
586 4676 639 4727 in
674 4678 1110 4745 posterioribus;
1142 4680 1285 4734 alius
1315 4696 1507 4736 rursus
1541 4682 1683 4739 ﬁlius
1716 4685 1807 4755 qui
1836 4701 1962 4740 cum

384 4762 588 4836 Moysis
636 4781 962 4825 successore
1006 4772 1060 4824 iu
1098 4773 1217 4826 acie
1251 4773 1426 4838 stetit,
1463 4781 1518 4828 et
1560 4775 1701 4830 alius
1740 4777 1831 4846 qui
1865 4772 1964 4831 Jo-

386 4857 512 4909 bqu
549 4875 643 4926 per
666 4860 938 4914 turbinem
967 4863 1243 4919 allocutus
1280 4876 1367 4918 est
1387 4903 1402 4927 ,
1429 4866 1633 4936 quique
1664 4867 1716 4920 in
1744 4869 1965 4923 excelso

383 4945 585 5026 throno
627 4946 781 5002 Isaiae
828 4951 1099 5018 apparuit,
1138 4959 1193 5004 et
1240 4954 1336 5023 qui
1388 4954 1627 5009 humana
1675 4958 1858 5026 specie
1896 4959 1965 5013 ab

385 5022 671 5088 Ezechiele
706 5037 956 5092 oratione
984 5040 1297 5110 descriptus
1323 5054 1401 5098 est
1427 5060 1441 5106 ;
1475 5045 1679 5115 quique
1704 5054 1825 5115 post
1861 5048 1951 5101 illa

382 5114 611 5179 Paulum
649 5128 703 5181 in
750 5130 870 5183 luce
904 5132 1295 5200 circuinl'ulsit,
1336 5145 1390 5190 et
1421 5138 1514 5206 qui
1563 5114 1863 5195 anteistud
1908 5142 1962 5195 in

384 5227 569 5272 monte
597 5216 760 5274 Petro
788 5220 843 5275 in
869 5225 1176 5282 excelsiore
1200 5227 1375 5297 gloria
1404 5230 1680 5299 apparuit.

452 5308 609 5375 Quod
651 5312 701 5367 si
743 5313 845 5368 hoc
878 5316 1176 5372 absurdum
1214 5321 1482 5391 planeque
1522 5321 1753 5394 impium
1782 5331 1867 5379 est
1904 5333 1964 5379 ut

383 5409 484 5469 pro
537 5419 768 5459 numero
824 5407 1168 5465 diversarum
1226 5415 1630 5483 apparitionum
1695 5417 1962 5488 unigeniti

382 5486 505 5544 Filii
546 5489 636 5546 Dei
668 5501 746 5547 tot
773 5497 938 5551 etiam
981 5499 1122 5555 ﬁlios
1155 5503 1525 5573 assignemus,
1557 5521 1742 5576 parem
1780 5486 1961 5577 profe-

382 5588 475 5636 eto
530 5585 929 5644 absurditatcm
979 5592 1214 5647 incurrit
1270 5597 1325 5651 is.
1366 5598 1459 5667 qui
1506 5614 1575 5653 ex.
1623 5598 1965 5670 apparitione

455 5754 474 5793 ί
502 5753 650 5822 Psal.
678 5777 799 5830 cm,
834 5770 932 5827 55.

262 6202 551 6290 Δ

2071 4584 2304 4639 ενώπιον
2332 4585 2472 4655 ὄψει,
2502 4586 2561 4638 ἐν
2598 4585 2709 4649 τοῖς
2741 4586 3008 4651 ὀπισθίοις
3030 4605 3043 4617 ·
3080 4587 3238 4653 ἄλλος
3273 4589 3435 4643 πάλιν
3464 4591 3596 4656 υἰδς,
3628 4596 3657 4647 6

2070 4676 2152 4747 τῷ
2199 4676 2427 4748 διαδόχῳ
2471 4675 2563 4729 τοῦ
2614 4678 2858 4741 Μωσέως
2913 4681 3480 4753 συμπαραταξάμενος
3514 4699 3527 4709 ’
3560 4684 3658 4737 καὶ

2071 4770 2249 4834 ἄλλος,
2299 4772 2327 4823 6
2353 4770 2442 4822 διά
2481 4769 2742 4832 λαίλαπος
2773 4769 2851 4839 τῷ
2897 4768 3017 4822 Ἰὼϐ
3060 4771 3439 4841 χρηματίσας”
3489 4772 3584 4825 καὶ
3628 4776 3659 4827 ὁ

2069 4862 2162 4916 ἐπὶ
2188 4860 2393 4932 ὑψηλοῦ
2421 4860 2612 4931 θρόνου
2645 4861 2721 4932 τῷ
2777 4861 2974 4933 Ἡσαΐᾳ
3004 4865 3215 4931 φανεὶς,
3248 4864 3343 4917 καί
3373 4865 3403 4915 6
3444 4864 3655 4936 ἀνθρω-

2064 4953 2210 5024 πικῷ
2249 4954 2487 5023 σχήματι
2512 4952 2667 5023 παρὰ
2696 4952 2793 5006 τοῦ
2835 4954 3094 5025 ’ῐεζεκιὴλ
3120 4953 3196 5024 τῷ
3226 4954 3370 5026 λόγῳ
3410 4955 3656 5030 ὑπογρα-

2064 5046 2219 5113 φείς⁴
2251 5044 2343 5098 καὶ
2390 5047 2419 5098 6
2466 5044 2607 5114 μετά
2633 5045 2806 5099 ταῦτα
2837 5048 2895 5098 ἐν
2940 5047 3081 5116 φωτὶ
3129 5047 3522 5119 καταστράψας
3563 5050 3655 5102 τὸν

2065 5135 2311 5190 Παῦλον·
2349 5136 2443 5189 καὶ
2476 5137 2582 5208 πρὸ
2614 5138 2828 5201 τούτου,
2862 5139 2891 5190 6
2932 5139 3027 5193 ἐπὶ
3069 5140 3161 5192 τοῦ
3197 5139 3356 5212 ὅρους
3387 5142 3498 5204 τοῖς
3528 5138 3659 5214 περί

2063 5226 2159 5284 τὸν
2190 5229 2396 5300 Πέτρον
2423 5231 2479 5282 ἐν
2510 5229 2815 5303 ὑψηλοτέρα
2845 5230 2968 5303 δόξῃ
3000 5230 3208 5301 φανείς,

2137 5322 2199 5374 Εἰ
2251 5319 2309 5372 δὲ
2359 5318 2517 5373 τοῦτο
2566 5320 2766 5375 ἄτοπον
2817 5321 2912 5374 καὶ
2960 5321 3239 5385 παντελῶς
3289 5316 3504 5387 ἀσεδὲς,
3556 5325 3657 5385 τάς

2067 5413 2315 5476 ποικίλας
2363 5412 2458 5466 τοῦ
2495 5416 2814 5484 μονογενοῦς
2848 5415 2979 5468 Υἰοῦ
3023 5415 3116 5470 τοῦ
3157 5415 3293 5469 Θεοῦ
3335 5415 3656 5483 θεοφανείας

2070 5511 2148 5571 εἰς
2193 5504 2423 5577 ἀριθμὸν
2472 5505 2605 5560 υἱῶν
2656 5508 3060 5579 καταμερίζειν,
3106 5508 3203 5580 τὴν
3257 5510 3395 5580 ίσηνι
3426 5508 3656 5563 ἀτοπίαν

2073 5601 2185 5671 ἕχει
2236 5597 2330 5653 καὶ
2382 5597 2481 5669 τὴν
2511 5598 2603 5652 διά
2650 5601 2850 5670 σαρκὸς
2900 5603 3217 5671 ἐπιφάνειαν
3266 5602 3521 5675 ἀφορμὴν
3573 5604 3661 5666 εἰς
