4120 6394
357 442 494 504 1:273

1515 442 1884 502 ADVERSUS
1923 443 2434 500 APOLLINAHEM.

3483 444 3619 502 1274

351 571 537 641 ἑτέρου
587 569 704 622 υίοῦ
738 565 1080 639 κατασκευὴν
1117 583 1234 620 ποιε
1295 565 1405 620 θαι.
1444 565 1682 636 υἰόμεθα
1721 565 1829 636 γὰρ
1861 567 1941 617 ὅτι

2048 577 2142 631 per
2169 577 2390 618 carnem
2419 563 2484 618 ad
2534 565 2975 620 constituendum
3017 566 3246 621 alterum
3285 567 3452 622 filium
3481 569 3623 625 arri-

351 662 494 714 κατὰ
523 662 584 712 τὸ
617 661 813 730 μέτρον
859 660 955 729 τῆς
1001 660 1230 712 ἑκάστου
1263 657 1542 727 δυνάμεως
1570 658 1677 711 τῶν
1715 658 1941 727 δεχομέ-

350 768 458 807 ν.υν
498 755 594 824 τὴν
630 752 777 805 θείαν
803 753 1149 820 ἐπιφάνειαν,
1180 751 1265 802 ἀεὶ
1293 751 1482 818 γέγονε
1514 748 1614 818 τῆς
1644 747 1942 820 ὑπερεχού-

356 862 451 914 σης
494 843 707 912 φύσεως
753 845 786 913 ἡ
837 842 1092 904 όπτασία,
1150 841 1350 912 μείζων
1384 842 1482 910 μὲν
1527 841 1619 893 καὶ
1650 839 1945 910 θεοπρεπε-

355 937 523 1007 στέρα
550 940 659 998 τοῖς
685 936 1002 1006 δυναμένοις
1026 933 1348 987 καθικέσθαι
1372 932 1465 985 τοῦ
1497 931 1684 996 ὕψους,
1707 931 1944 983 ἐλάττων

353 1029 530 1081 δὲκαὶ
565 1026 1079 1100 σμικροπεπεστέρα
1115 1028 1228 1088 τοῖς
1271 1026 1575 1094 ἁχωρήτοις
1635 1022 1729 1074 τοῦ
1767 1021 1945 1091 μείζο-

355 1136 464 1182 νος.
499 1112 572 1172 Οὖ
605 1119 764 1191 χάριν
801 1119 898 1188 οὐχ
929 1118 1130 1186 ὁμοίως
1166 1118 1288 1179 ταῖς
1321 1115 1719 1185 προλαεούσαις
1749 1114 1945 1180 ἐπιφα-

356 1214 526 1275 νείαις
559 1215 616 1264 ὲν
641 1213 707 1280 τῇ
741 1211 827 1263 διὰ
859 1209 1060 1279 σαρκὸς
1091 1208 1370 1277 οἰκονομία
1413 1209 1477 1276 τῇ
1508 1206 1614 1259 τῶν
1643 1203 1946 1275 ἀνθρώπων

357 1307 467 1374 ζωῇ
506 1302 872 1371 ἐπιφαίνεται.
915 1299 1054 1351 Ἀλλ’
1086 1299 1274 1369 ἐπειδὴ
1303 1299 1522 1360 πάντες,
1562 1295 1741 1358 καθώς
1783 1311 1944 1364 φησιν

362 1401 390 1450 ό
434 1397 745 1468 Προφήτης,
798 1393 1075 1458 ἐξέκλιναν
1123 1411 1184 1445 τε
1261 1393 1354 1444 καὶ
1394 1390 1803 1462 ἡχρειώθησαν,
1853 1389 1944 1440 καὶ

355 1491 455 1541 οὐκ
483 1485 572 1558 ἦν,
609 1484 790 1549 καθὼς
823 1486 1157 1556 γέγραπται,
1204 1485 1232 1535 ὁ
1259 1483 1552 1553 δυνάμενος
1585 1479 1820 1533 συνιέναι
1850 1480 1944 1530 καὶ⁹

359 1581 655 1650 ἐκζητῆσαι
685 1579 746 1631 τὸ
778 1580 878 1648 τῆς
923 1579 1176 1647 Θεότητος
1209 1576 1362 1646 ὕψος,
1394 1576 1478 1629 διὰ
1511 1575 1667 1627 τοῦτο
1709 1577 1773 1644 τῇ
1813 1589 1945 1642 σαρι⁴

357 1673 668 1743 κωδεστέρᾳ
709 1673 872 1741 γενεᾷ
919 1671 1338 1740 ἐπιφαινόμενος
1386 1670 1414 1720 ὁ
1464 1666 1758 1738 μονογενὴς
1794 1666 1940 1729 Υἱὸς,

359 1763 494 1832 σὰρξ
529 1765 759 1830 γίνεται,
803 1761 944 1814 κατὰ
989 1760 1086 1830 τὴν
1137 1757 1452 1829 βραχύτητα
1501 1757 1595 1810 τοῦ
1653 1757 1942 1826 δεχομένου

359 1854 545 1906 ἑαυτὸν
581 1853 882 1915 συστείλας·
918 1851 1116 1922 μᾶλλον
1148 1851 1226 1911 δὲ,
1261 1851 1440 1912 καθώς
1473 1867 1635 1917 φησιν
1663 1850 1695 1919 ἡ
1728 1848 1939 1919 Γραφὴ,

2046 657 2122 722 pit
2167 658 2536 711 occasionem.
2582 657 2673 712 Sic
2718 659 2863 713 enim
2921 674 3212 715 censemus
3246 677 3346 732 pro
3395 663 3620 718 modulo

2045 747 2322 802 facultatis
2356 764 2544 803 eorum
2576 751 2669 821 qui
2711 751 2928 806 divinas
2970 753 3342 822 apparitioncs
3385 755 3624 825 excipie-

2043 841 2196 905 bant,
2247 858 2462 912 semper
2520 845 2668 900 illius
2729 861 2999 916 supremae
3047 863 3109 902 ac
3153 849 3625 918 praestantissime

2045 941 2259 986 natura:
2309 933 2545 987 oblatam
2608 952 2732 990 esse
2768 937 3052 1012 visionem,
3091 942 3353 1007 majorem
3401 941 3622 1009 quidem

2044 1037 2108 1076 ac
2163 1022 2271 1077 Deo
2311 1024 2618 1093 digniorem
2683 1027 2768 1082 his
2821 1029 2911 1097 qui
2953 1031 3173 1099 assequi
3230 1031 3623 1085 sublimitatem

2045 1116 2193 1168 illam
2248 1124 2523 1186 poterant,
2559 1119 2826 1173 minorem
2864 1136 2990 1176 vero
3028 1132 3194 1192 atque
3233 1123 3446 1176 ordinis
3486 1121 3626 1176 infe-

2045 1209 2206 1262 rioris
2241 1209 2306 1263 iis
2343 1210 2436 1280 qui
2469 1210 2697 1279 majoris
2735 1227 2964 1281 capaces
2999 1229 3109 1267 non
3139 1221 3316 1268 erant.
3351 1213 3623 1280 Quocirca

2043 1317 2222 1370 neque
2253 1302 2418 1356 simili
2461 1303 2671 1356 ratione
2715 1315 2879 1373 atque
2909 1304 2962 1358 in
2999 1306 3430 1374 praecedentibus
3460 1320 3626 1375 appa-

2043 1393 2336 1448 ritionibus
2373 1395 2425 1447 in
2477 1394 2886 1464 dispensatione
2916 1396 3220 1449 secundum
3265 1411 3483 1450 carnem
3527 1411 3623 1466 ge-

2044 1484 2160 1536 neri
2208 1484 2449 1538 humano
2492 1500 2614 1540 sese
2661 1487 2838 1539 ollert.
2873 1483 3076 1539 Verum
3117 1487 3378 1556 quoniam
3408 1501 3622 1551 omnes,

2044 1585 2104 1630 ut
2134 1577 2309 1645 inquit
2339 1576 2609 1646 Propheta
2633 1577 2678 1642 ³,
2720 1577 3165 1644 declinaverunt,
3200 1578 3362 1632 siuml
3399 1579 3625 1632 inutiles

2045 1669 2176 1722 facti
2214 1679 2377 1735 sunt;
2428 1685 2607 1739 neque
2660 1679 2798 1732 erat,
2852 1671 2995 1725 sicut
3045 1674 3307 1740 scriptum
3359 1670 3498 1736 est‘,
3528 1671 3624 1742 qui

2045 1765 2230 1827 posset
2271 1756 2592 1827 intelligere,
2649 1763 2704 1812 et
2737 1760 3056 1828 perquirere
3105 1761 3491 1816 sublimitatem
3537 1763 3620 1815 di-

2043 1846 2309 1910 vinitatis,
2351 1858 2656 1917 propterea,
2701 1857 2761 1900 ut
2805 1851 2982 1919 magis
3030 1852 3238 1905 carnali
3283 1853 3624 1922 generationi

357 1944 551 1996 ἑαυτὸν
593 1942 858 2009 κενώσας,
907 1942 992 1994 ἵνα
1043 1942 1164 1994 ὅσον
1211 1941 1442 2010 χωρεῖή
1479 1939 1658 2006 φύσις,
1688 1936 1941 1990 τοσοῦτον

2048 1949 2305 2008 appareat
2341 1938 2658 2008 unigenitus
2683 1939 2875 2003 Filius,
2907 1956 3037 1996 caro
3071 1941 3148 2007 fit,
3183 1958 3351 2012 seque
3382 1959 3480 2012 pro
3509 1944 3622 1998 cxi-

357 2033 591 2103 δέξηται.
629 2031 702 2084 Τὸ
743 2033 852 2103 γὰρ
879 2027 1018 2113 εἷνὶαι
1047 2031 1144 2102 τὴν
1173 2032 1366 2100 γενεὰν
1399 2029 1635 2099 ἐκείνην,
1667 2028 1816 2098 παρὰ
1842 2030 1942 2090 τὰς

361 2125 767 2196 προλαϐούσας,
821 2123 1185 2194 κατάκριτον,
1243 2121 1430 2190 σαφῶς
1492 2122 1642 2192 παρᾶ
1692 2120 1791 2191 τῆς
1847 2118 1942 2171 τοῦ

361 2217 563 2289 Κυρίου
595 2219 774 2288 φωνῆς
806 2217 1220 2287 μεμαθήκαμεν,
1247 2218 1302 2268 ἐν
1332 2211 1412 2278 οἷς
1440 2215 1728 2284 Σοδομίτας
1755 2231 1813 2267 τε
1842 2215 1943 2266 αὒ-

368 2307 463 2360 τῶν
491 2307 874 2378 ἁνεκτοτέρους
902 2304 1038 2360 εἷναί
1065 2324 1218 2376 φησι,
1258 2306 1353 2358 καὶ
1388 2307 1434 2358 Ν
1443 2307 1698 2369 ινευῖτας,
1726 2306 1819 2358 καὶ
1845 2306 1944 2376 τὴν

366 2396 450 2449 τοῦ
485 2397 660 2449 Νότου
711 2396 1026 2466 βασίλισσαν
1055 2396 1404 2465 κατακρίνειν
1452 2397 1509 2447 ὲν
1535 2397 1601 2466 τῇ
1651 2393 1946 2446 ἀναστάσει

368 2488 456 2558 τὴν
486 2488 680 2556 γενεὰν
711 2489 948 2558 ἐκείνην,
982 2490 1010 2540 ό
1055 2486 1598 2556 Κύριοςδεωρίσατο.
1632 2487 1694 2538 ΕΞ
1726 2485 1824 2556 μὲν
1852 2480 1944 2537 οὖν

366 2581 560 2641 πάντες
591 2578 732 2633 κατὰ
777 2580 867 2631 τὸν
900 2579 1139 2632 Μωῦ“σέα
1170 2578 1410 2640 δυνατῶς
1442 2574 1584 2647 εἶχον
1641 2577 1790 2640 ἐντὸς
1852 2594 1944 2644 γε·

355 2670 539 2722 νέσθαι
565 2669 660 2721 τοῦ
693 2669 915 2737 γνόφου,
950 2671 1006 2721 ὲν
1033 2663 1076 2735 ᾧ
1109 2666 1246 2721 εἶδεν
1275 2672 1302 2723 ὁ
1342 2670 1581 2738 Μωῦσῆς
1605 2668 1674 2720 τὰ
1701 2668 1906 2720 ἀθέατα
1927 2684 1940 2695 ·

358 2757 390 2828 ἦ
423 2761 563 2814 κατὰ
588 2762 677 2814 τὸν
722 2761 922 2832 ὑψηλὴν
966 2762 1194 2823 Παῦλον,
1223 2761 1390 2833 τριῶν
1431 2760 1675 2831 οὐρανῶν
1704 2762 1944 2830 ὑπεραρ-

357 2855 540 2923 θῆναι,
590 2856 683 2907 καὶ
716 2855 772 2906 ἐν
823 2849 908 2922 τῷ
952 2855 1266 2926 παραδείσῳ
1295 2855 1423 2923 περὶ
1457 2854 1561 2906 τῶν
1607 2853 1746 2922 ὑπὲρ
1789 2851 1945 2919 λόγον

369 2946 701 3016 πραγμάτων
725 2946 1037 3016 διδαχθῆναι
1065 2945 1134 2998 τὰ
1176 2946 1388 3016 ἄρρητα
1408 2963 1421 2975 ·
1458 2944 1490 3014 ἢ
1539 2944 1679 2997 κατὰ
1705 2944 1796 2996 τὸν
1845 2943 1942 3012 ζη-

363 3035 534 3106 λωτὴν
579 3037 786 3100 Ἠλίαν,
808 3037 885 3107 τῷ
915 3038 1046 3106 πυρὶ
1074 3036 1209 3107 πρὸς
1239 3037 1332 3088 τὸν
1357 3035 1592 3106 αἰθέριον
1619 3034 1792 3104 χῶρον
1823 3051 1946 3086 συν-

367 3128 681 3199 επαρθῆναι,
727 3131 820 3182 καὶ
869 3129 942 3199 μὴ
981 3130 1310 3200 βαρυνθῆναι
1337 3128 1415 3198 τῷ
1445 3127 1680 3196 ὲφολκίῳ
1718 3125 1810 3178 τοῦ
1843 3125 1946 3178 σώ-

365 3235 530 3287 ματος
551 3233 564 3246 ⁶
597 3218 630 3288 ἦ
660 3220 800 3272 κατὰ
828 3219 919 3272 τὸν
960 3219 1220 3288 Ἰεζεκιήλ
1250 3235 1308 3270 τε
1340 3220 1434 3271 καὶ
1480 3219 1708 3270 Ἡσαΐαν
1731 3219 1822 3270 ἐπὶ
1849 3217 1944 3269 τοῦ

2044 2031 2256 2099 guitate
2279 2029 2400 2098 ejus
2431 2045 2461 2084 a
2519 2047 2628 2102 quo
2665 2033 2936 2101 excipitur
2965 2035 3275 2101 contrahit;
3309 2036 3390 2090 vel
3419 2037 3622 2105 potius,

2045 2128 2104 2175 ut
2143 2136 2266 2175 cum
2319 2121 2603 2190 Scriptura
2658 2124 2914 2192 loquar“,
2965 2126 3208 2194 seipsum
3260 2128 3526 2190 exinanit,
3568 2137 3626 2181 ut

2044 2221 2310 2282 quantum
2374 2217 2520 2284 capit
2581 2225 2821 2279 natura,
2887 2224 3098 2271 tantum
3155 2219 3416 2288 excipiat.
3473 2218 3622 2273 Illam

2044 2305 2192 2358 enim
2223 2307 2655 2375 generationem,
2682 2317 2880 2377 praeter
2917 2321 3145 2363 caeteras
3177 2325 3298 2378 quae
3329 2325 3626 2380 praecesse-

2045 2407 2189 2462 rant,
2221 2399 2568 2453 damnationi
2592 2401 2884 2454 obnoxiam
2910 2400 3082 2457 fuisse
3113 2403 3290 2471 palam
3313 2417 3380 2457 ex
3408 2401 3627 2456 Domini

2044 2506 2178 2546 voce
2220 2490 2533 2558 didicimus,
2581 2507 2706 2545 eum
2754 2493 2821 2546 iis
2865 2493 3265 2548 tolerabiliores
3308 2493 3630 2548 Sodomitas

2046 2597 2110 2636 ac
2140 2581 2409 2637 Ninivitas
2441 2582 2612 2637 fuisse
2638 2583 2831 2646 dicit“,
2861 2592 2916 2638 et
2949 2585 3190 2653 reginam
3221 2584 3414 2638 Austri
3458 2599 3616 2655 gene-

2047 2672 2316 2726 rationem
2341 2672 2486 2724 illam
2508 2673 2560 2724 in
2584 2674 2984 2726 resurrectione
3009 2672 3498 2727 condemnaturam
3519 2672 3624 2726 Do-

2048 2761 2230 2814 minus
2270 2761 2701 2829 pronuntiavit’.
2752 2761 3046 2816 Enimvero
3080 2763 3124 2816 si
3147 2779 3341 2817 omnes
3383 2772 3442 2816 ut
3481 2763 3625 2836 Moy-

2047 2867 2134 2906 ses
2153 2851 2438 2919 caliginem
2465 2852 2670 2921 ingredi
2701 2853 3025 2921 potuissent,
3047 2855 3229 2923 inqua
3251 2855 3385 2907 vidit
3413 2854 3633 2926 Moyses

2047 2959 2166 3013 qua:
2205 2945 2439 3013 spectari
2489 2959 2599 2997 non
2655 2945 2955 3013 possunt“;
3011 2956 3104 2999 aut
3163 2946 3624 3015 quemadmodum

2047 3035 2300 3092 sublimis
2326 3036 2416 3089 ille
2445 3035 2669 3101 Paulus,
2695 3053 2860 3107 supra
2892 3045 3004 3091 tres
3039 3038 3210 3092 caelos
3242 3041 3439 3102 attolli,
3465 3048 3627 3109 atque

2047 3131 2101 3182 in
2139 3128 2396 3195 paradiso
2441 3128 2509 3181 de
2561 3128 2792 3182 secretis
2833 3128 3018 3183 doceri
3067 3129 3252 3192 rebus,
3295 3145 3414 3200 qum
3444 3131 3636 3184 verbis-

2046 3219 2224 3274 efferri
2264 3236 2372 3273 non
2430 3221 2737 3287 possunt“;
2792 3229 3037 3274 autcum
3085 3222 3178 3274 illo
3235 3222 3354 3275 zelo
3405 3221 3630 3275 ardente

365 3312 548 3382 θρόνου
577 3311 678 3380 τῆς
706 3311 864 3382 δόξης
899 3311 1043 3373 ἰδεῖν,
1085 3311 1116 3382 ἢ
1143 3310 1248 3363 ὑπὸ
1273 3311 1380 3363 τῶν
1415 3309 1687 3381 Χερουϐὶμ
1720 3309 1939 3378 ἐπαιρό-

2051 3312 2162 3364 Elia
2215 3328 2381 3365 curru
2427 3313 2585 3381 igneo
2625 3313 2678 3365 in
2736 3313 2914 3366 locum
2966 3313 3265 3369 :ethereum
3315 3313 3626 3376 transferri,

366 3418 560 3469 μενον,
609 3401 642 3470 ἢ
688 3401 794 3453 ὑπὸ
837 3400 946 3452 τῶν
997 3400 1249 3471 Σεραφὶμ
1301 3400 1693 3470 δοξαζόμενον,
1748 3399 1856 3451 οὐδ’
1883 3397 1947 3450 ἂν

365 3493 576 3560 ἐγένετο
605 3493 822 3556 πάντως
846 3494 1004 3564 χρεία
1029 3495 1126 3564 τῆς
1153 3493 1240 3546 διὰ
1269 3495 1470 3560 σαρκὸς
1505 3493 1598 3544 τοῦ
1630 3491 1765 3544 Θεοῦ
1788 3489 1946 3561 ἡμῶν

366 3586 714 3653 ἐπιφανείας,
769 3587 986 3639 πάντων
1060 3586 1319 3638 τοιούτων
1385 3585 1577 3640 ὄντων.
1645 3584 1798 3636 Ἐπεὶ
1867 3582 1944 3643 δὲ,

366 3677 546 3740 καθὼς
590 3679 618 3729 ό
660 3678 861 3748 Κύριος
896 3678 1065 3746 λέγει,
1115 3677 1275 3746 γενεὰ
1311 3679 1522 3747 πονηρὰ
1569 3677 1660 3729 καὶ
1706 3675 1950 3746 μοιχαλὶς

364 3765 431 3840 ἦν
458 3774 490 3838 ἡ
524 3772 684 3838 γενεὰ
719 3771 900 3840 ἐκείνη
924 3786 937 3799 ⁸
977 3770 1186 3840 πονηρὰ
1216 3769 1336 3840 μὲν,
1369 3769 1455 3822 διὰ
1487 3769 1567 3834 τὸ,
1607 3768 1787 3830 καθώς
1818 3785 1948 3838 φησι

369 3862 428 3913 τὸ
456 3861 799 3928 Εὐαγγέλιον,
849 3861 966 3913 ὅλον
1013 3861 1131 3912 τότε
1175 3860 1265 3912 τὸν
1299 3859 1500 3928 κόσμον
1540 3860 1595 3910 ὲν
1622 3857 1698 3926 τῷ
1731 3856 1948 3927 πονηρῷ

370 3952 580 4006 κεῖσθαι
605 3970 617 3982 ·
654 3953 897 4022 μοιχαλὶς
942 3951 1022 4013 δὲ,
1052 3950 1139 4003 διὰ
1194 3949 1255 4002 τὸ
1289 3949 1593 4002 ἀποστάσαι
1641 3947 1810 4018 αὐτὴν
1855 3945 1948 3998 τοῦ

369 4046 572 4115 ἁγαθοῦ
614 4047 871 4118 νυμφίου,
904 4046 998 4098 καὶ
1028 4043 1107 4114 τῷ
1145 4044 1234 4097 διὰ
1269 4042 1467 4104 κακίας
1517 4038 1823 4111 μοιχεύοντι
1853 4037 1950 4100 τὰς

367 4140 542 4212 ψυχὰς
573 4140 946 4209 ἁνακραθῆναι
965 4154 978 4168 ·
1011 4138 1202 4190 τούτου
1231 4137 1388 4206 χάριν
1414 4137 1443 4188 ὀ
1466 4133 1717 4203 ἀληθινὸς
1744 4133 1947 4202 ἰατρὸς,

365 4233 494 4295 τοὺς
547 4231 731 4294 κακῶς
777 4231 1000 4301 ἔχοντας
1056 4228 1394 4299 θεραπεύων,
1433 4226 1510 4289 ὡς
1555 4224 1808 4294 ἐπεζήτει
1853 4222 1950 4294 τὴν

372 4321 669 4393 θεραπείαν
710 4324 742 4391 ἠ
785 4321 957 4384 νόσος,
989 4319 1130 4373 οὕτω
1160 4320 1472 4389 προσήγαγε
1498 4315 1574 4386 τῷ
1616 4314 1952 4386 ἀρρωστοῦν-

372 4431 424 4467 τι
472 4415 568 4484 τὴν
620 4413 953 4482 ἐπιμέλειαν,
1000 4411 1202 4482 τρόπον
1261 4411 1382 4476 τινα
1434 4406 1836 4478 συνασθενήσας
1883 4407 1947 4477 τῇ

372 4504 623 4575 ἀσθενείᾳ
648 4506 742 4574 τῆς
773 4505 1049 4575 ἡμετέρας
1082 4502 1313 4571 φύσεως,
1347 4501 1438 4554 καὶ
1461 4500 1596 4570 σὰρξ
1640 4500 1948 4568 γενόμενος,

368 4599 492 4667 ἥτις
553 4599 610 4649 ἐν
655 4599 720 4668 τῇ
765 4597 935 4667 αὐτῆς
985 4596 1143 4665 φύσει
1205 4593 1643 4662 συνουσιωμένην
1692 4590 1803 4660 ἔχει
1850 4589 1948 4660 τὴν

370 4687 672 4751 ἀτθένειαν,
724 4686 906 4750 καθὼς
950 4687 1186 4740 διδάσκει
1227 4686 1259 4756 ἡ
1302 4684 1420 4737 θεία
1465 4683 1637 4753 φωνὴ,
1687 4685 1767 4735 ὅτι
1811 4700 1829 4731 ι
1874 4681 1946 4734 Τὸ

374 4783 471 4850 μὲν
523 4781 737 4851 πνεῦμα
782 4779 1081 4868 πρόθυμοχ,
1135 4780 1168 4849 ἡ
1211 4777 1267 4830 δὲ
1304 4775 1461 4847 σὰρξ,
1528 4775 1779 4846 ἀσθενής.
1816 4793 1833 4825 ι
1882 4774 1945 4868 Ei

375 4872 472 4940 μὲν
515 4867 605 4924 οὖν
650 4871 709 4924 τὸ
768 4872 910 4926 θεῖον
950 4863 1128 4938 ὲντθτῷ
1160 4867 1486 4938 ἀνθρωπίνῳ
1511 4865 1821 4935 γενόμενον,
1853 4863 1945 4916 καὶ

372 4963 431 5013 ὲν
473 4960 550 5029 τῷ
587 4959 764 5029 θνητῷ
799 4959 862 5011 τὸ
903 4958 1202 5021 ἀθάνατον,
1261 4956 1353 5010 καὶ
1399 4956 1459 5008 τὸ
1505 4954 1729 5008 δυνατὸν
1767 4954 1822 5005 ἐν
1870 4953 1947 5022 τῷ

371 5053 606 5113 ἀσθενεῖ,
656 5054 854 5117 καὶ-ὲν
899 5051 975 5121 τῷ
1016 5047 1238 5120 τρεπτῷ
1269 5065 1327 5100 τε
1375 5047 1471 5101 καὶ
1513 5047 1852 5116 φθειρομένῳ
1893 5045 1953 5097 τὸ

373 5143 729 5196 ἀναλλοίωτόν
758 5159 816 5194 τε
859 5143 952 5195 καὶ
985 5143 1280 5211 ἄφθαρτον,
1329 5139 1540 5210 ἀφῆκεν
1573 5141 1848 5210 ἐπιμεῖναι
1877 5139 1953 5208 τῷ

374 5234 551 5304 θνητῷ
580 5235 640 5286 τὸ
679 5233 891 5304 θνητὸν,
926 5233 959 5303 ἢ
997 5235 1062 5304 τῇ
1115 5233 1290 5303 φθορᾷ
1331 5231 1392 5283 τὸ
1443 5229 1698 5300 φθαρτὸν,
1745 5231 1840 5283 καὶ
1885 5230 1952 5283 τὰ

374 5326 506 5378 ἄλλα
538 5328 649 5388 τοῖς
672 5325 849 5388 ἄλλοις
887 5324 1029 5378 κατὰ
1057 5324 1146 5377 τὸν
1183 5323 1347 5376 αὐτὸν
1371 5321 1591 5393 τρόπον,
1639 5322 1864 5376 εἰκότως
1891 5321 1953 5373 ἄν

371 5435 455 5480 τις
482 5418 648 5471 δυάδα
678 5417 756 5488 τῷ
783 5417 894 5488 Υἱῷ
920 5416 1015 5470 τοῦ
1047 5415 1180 5468 Θεοῦ
1208 5414 1565 5485 ὲνεθεὼρησε,
1591 5413 1698 5465 τῶν
1728 5412 1867 5466 κατὰ
1893 5414 1953 5466 τὸ

371 5507 613 5560 ἐναντίον
643 5507 1030 5578 θεωρουμένων
1059 5505 1315 5576 ἑκάτερον
1366 5502 1671 5565 ἰδιαζόντως
1710 5501 1792 5570 ἐφ’
1826 5503 1953 5554 ἑαυο

371 5596 462 5650 τοῦ
491 5597 762 5670 ἀριθμῶν.
790 5599 852 5651 Εἰ
874 5598 931 5651 δὲ
957 5597 1018 5650 τὺ
1043 5596 1234 5667 θνητὸν
1258 5597 1316 5649 ἐν
1347 5595 1424 5665 τῷ
1453 5593 1702 5664 ἀθανάτῳ
1725 5594 1950 5663 γενόμε-

448 5807 467 5837 ³
503 5806 646 5861 Psal.
676 5823 796 5870 xm,
828 5809 880 5862 5.
971 5808 990 5839 ⁸
1019 5805 1122 5863 Isa.
1159 5822 1247 5863 XL.
1280 5809 1364 5862 15.

375 5877 621 5948 ἦΙΙᾼῌοικ
663 5895 760 5943 xu,
805 5879 839 5931 2
872 5895 992 5948 sqq.

379 5947 422 5979 “
458 5946 479 6001 ι
511 5947 674 6004 δυαιιι
711 5965 765 6014 v,
801 5950 882 6004 19.

1461 5809 1481 5839 ’⁵
1516 5807 1748 5880 Philipp.
1781 5826 1838 5868 It.
1882 5812 1930 5866 7.

1090 5879 1130 5907 ¹⁰
1175 5876 1240 5929 IV
1283 5879 1412 5948 Reg.
1455 5895 1512 5940 ιι,
1561 5881 1640 5932 ll.

962 5947 1002 5980 ’³
1037 5949 1226 6002 Matth.
1266 5947 1410 6014 sm,
1444 5951 1529 6002 41.

2008 5812 2028 5842 ⁶
2063 5811 2254 5867 Matth.
2319 5831 2368 5873 ι,
2422 5815 2500 5866 lii.

1749 5885 1785 5913 ¹¹
1824 5883 2023 5938 Ειυυιι.
2063 5900 2117 5949 x,
2167 5886 2212 5938 Ι.

2050 3419 2225 3472 neque
2251 3403 2501 3474 corporis
2525 3403 2666 3458 mole
2697 3417 2761 3457 ac
2783 3405 3021 3474 pondere
3051 3407 3265 3474 gravari
3289 3383 3365 3472 '3;
3392 3405 3472 3460 vel
3503 3421 3638 3458 cum.

2049 3492 2402 3549 Ezechiele“
2470 3503 2635 3564 atque
2705 3493 2911 3549 Isaia“
2969 3497 3247 3552 sedentem
3326 3498 3378 3550 in
3445 3497 3637 3567 gloria:

2050 3586 2248 3639 throno
2299 3587 2568 3651 contueri,
2633 3596 2726 3639 aut
2785 3601 2950 3656 supra
3002 3587 3299 3642 Cherubim
3352 3588 3628 3642 sublatum

2049 3687 2145 3729 aut
2193 3692 2223 3729 a
2273 3677 2559 3747 Seraphim
2606 3679 3001 3741 collaudatum,
3052 3679 3188 3734 nihil
3217 3681 3441 3749 penitus
3491 3695 3646 3750 Opus.

2050 3768 2246 3822 fuisset
2292 3769 2393 3821 hac
2440 3768 2532 3821 Dei
2577 3769 2882 3823 secundum
2920 3786 3144 3824 carnem
3185 3773 3548 3841 apparitione,
3583 3773 3641 3826 si-

2051 3863 2186 3914 tales
2221 3874 2412 3913 omnes
2451 3859 2707 3914 fuissent.
2747 3859 2852 3914 Sed
2882 3863 3162 3929 quoniam,
3211 3870 3271 3916 ut
3310 3863 3488 3932 inquit
3528 3863 3645 3918 Do-~

2053 3952 2234 4006 minus
2257 3952 2322 4015 ³⁸,
2370 3952 2653 4022 generatio
2699 3968 2864 4022 prava
2895 3962 2950 4007 et
2983 3953 3230 4007 adultera
3261 3963 3380 4009 erat
3413 3955 3504 4009 illa
3533 3972 3632 4025 ge-

2051 4044 2308 4097 neratio:
2346 4058 2512 4112 praVa
2563 4044 2805 4112 quidem,
2859 4046 3028 4114 quod,
3070 4045 3215 4099 sicut
3265 4046 3336 4100 ait
3384 4046 3647 4119 Evange--

2053 4133 2271 4198 lium”,
2309 4142 2457 4190 totus
2487 4135 2728 4190 mundus
2760 4137 2814 4188 in
2867 4138 3109 4207 maligno
3147 4147 3260 4192 tum
3296 4140 3508 4208 positus
3542 4157 3648 4195 es--

2052 4237 2167 4295 set;
2215 4227 2458 4281 adultera
2485 4243 2616 4281 vero
2655 4229 2800 4298 quod
2837 4231 3102 4298 optimum
3155 4247 3316 4285 suum
3364 4247 3628 4302 sponsum

2052 4321 2406 4381 deseruisset,
2467 4320 2629 4389 eique
2680 4323 2774 4390 qui
2825 4337 2920 4390 per
2950 4321 3359 4391 improbitatem
3418 4325 3631 4380 animas
3702 4397 3707 4402 Ι

2053 4411 2322 4465 adulterio
2356 4412 2569 4481 polluit,
2627 4411 2820 4467 fuisset
2853 4415 3139 4468 commista
3167 4432 3178 4466 :
3232 4430 3350 4469 eam
3397 4416 3466 4470 oh
3498 4431 3630 4470 cau-

2053 4519 2168 4558 sam
2202 4520 2364 4556 verus
2401 4505 2646 4557 medicus
2677 4510 2769 4573 qui
2805 4507 2946 4560 male
2969 4506 3231 4560 habentes
3265 4517 3440 4569 curat,
3469 4517 3632 4577 prout.

2053 4593 2381 4646 medicinam
2417 4596 2643 4646 morbus
2672 4594 2947 4662 exigebat,
2997 4594 3072 4649 ita
3104 4595 3375 4650 laboranti
3422 4598 3637 4654 solliei-

2052 4683 2298 4737 tudinem
2327 4699 2481 4738 suam
2509 4693 2563 4739 et
2593 4687 2932 4739 curationem
2965 4685 3235 4749 adhibuit,
3275 4696 3334 4740 ut
3366 4688 3630 4758 quodam-

2054 4775 2214 4828 modo
2246 4775 2408 4827 simul
2444 4791 2585 4845 :eger
2619 4777 2737 4844 ipse
2767 4777 2832 4828 ad
2877 4783 3087 4829 natura:
3119 4785 3318 4831 nostra:
3351 4779 3631 4848 aegritudi-

2053 4882 2176 4921 nem
2231 4884 2289 4922 se
2332 4868 2720 4932 conformaret,
2758 4879 2811 4922 et
2867 4884 2997 4921 caro
3048 4869 3198 4923 fieret
3255 4885 3376 4938 qua!
3424 4878 3641 4924 naturae

2055 4974 2168 5012 sua:
2211 4974 2274 5012 ac
2302 4960 2624 5013 substantia:
2672 4961 2888 5014 insitam
2935 4960 3098 5014 habet
3135 4960 3531 5026 infirmitatem,
3573 4975 3636 5016 ut.

2050 5051 2208 5103 nobis
2239 5049 2328 5103 Dei
2356 5051 2529 5119 ipsius
2550 5051 2710 5104 verba
2747 5060 3059 5105 testantur:
3100 5070 3114 5101 ι
3141 5049 3380 5120 Spiritus
3410 5053 3629 5120 quidem

2052 5152 2336 5210 promptus
2366 5149 2474 5194 est.
2506 5155 2636 5194 caro
2664 5149 2845 5195 autem
2873 5141 3091 5194 infirma
3117 5141 3180 5193 ¹⁵.
3209 5159 3227 5191 ι
3258 5139 3549 5194 Enimvero
3581 5140 3634 5195 si.

2051 5233 2197 5302 quod
2241 5232 2486 5285 divinum
2547 5243 2665 5286 erat
2711 5248 2834 5286 cum
2887 5231 2941 5285 in
3001 5232 3340 5285 humanitate
3389 5233 3625 5302 positum
3699 5229 3703 5234 ”

2054 5324 2269 5386 fuisset,
2300 5331 2354 5376 et
2384 5324 2527 5391 quod
2560 5333 2676 5377 erat
2705 5324 3017 5377 immortale
3042 5323 3095 5375 in
3131 5323 3372 5387 mortali,
3406 5333 3456 5376 et
3485 5324 3629 5391 quod

2061 5424 2258 5484 pulells
2295 5416 2348 5466 in
2385 5414 2622 5479 inﬁrmo,
2659 5429 2711 5470 et
2756 5415 2808 5468 in
2855 5413 3104 5468 mutabili
3155 5422 3321 5484 atque
3363 5414 3635 5483 corrupti-

2059 5507 2150 5560 bili
2203 5507 2347 5575 quod
2392 5505 2728 5561 immutabile
2771 5513 2890 5562 erat
2940 5515 2994 5558 et
3045 5505 3483 5576 incorruptibile,
3517 5522 3646 5560 nia»

2062 5613 2192 5651 nere
2236 5599 2484 5667 permisit
2517 5603 2569 5652 in
2613 5601 2943 5654 mortalitate
2988 5600 3236 5662 mortale,
3280 5601 3638 5670 corruptibilc

2579 5815 2596 5843 ⁷
2631 5813 2816 5869 Matth.
2849 5831 2946 5876 XII,
2972 5815 3062 5868 42.
3141 5815 3160 5841 ’³
3189 5811 3364 5866 Exod.
3407 5826 3500 5872 XX,
3541 5811 3638 5872 2%.

2325 5885 2362 5914 ’³
2396 5883 2497 5938 lsa.
2531 5901 2600 5948 vt,
2649 5887 2664 5937 l
2800 5887 2840 5917 ¹³
2863 5885 3062 5941 Matth.
3104 5901 3202 5949 xu,
3234 5883 3300 5938 59
3328 5899 3349 5949 ι
3377 5897 3516 5950 xvtt,
3544 5883 3633 5938 ω.
