4120 6394
392 427 532 486 1‘27?

1519 423 1887 480 ADVERSUS
1928 424 2438 482 APOLLINABEM.

3489 421 3649 480 1278

389 553 579 625 δυῐκὴν
625 551 932 623 σημασίαν,
988 550 1259 621 μηδεμιᾶς
1302 547 1562 618 διαφορᾶς
1605 549 1696 601 τὸν
1742 547 1969 618 ἀριθμὸν

2077 550 2168 619 qui
2236 549 2350 603 fieri
2393 555 2594 618 potest,
2649 556 2706 602 ut
2735 548 2882 619 quod
2931 561 3100 602 unum
3133 555 3235 610 est,
3270 546 3326 600 in
3363 546 3645 602 notionem

393 643 758 716 μεριζόύσηςς
798 643 862 694 Ἢ
899 642 1006 710 γὰρ
1033 641 1221 709 θεότης
1257 640 1319 691 τὸ
1348 639 1598 690 ταπεινὸν
1626 639 1970 710 ύπερύψωσε,

389 741 484 786 καὶ
531 735 606 804 τῷ
658 731 1135 802 κατωνομασμὲνῳ
1173 729 1533 798 ἀνθρωπικῶς
1585 730 1644 782 τὸ
1685 730 1824 800 ὑπὲρ
1868 731 1973 782 πᾶν

391 821 529 878 εἶναι
580 826 747 895 ὄνομα
782 823 1108 894 ἐχαρίσατο·
1155 822 1214 873 τὸ
1263 822 1576 890 ὑποχείριον
1627 821 1720 873 καὶ
1765 820 1971 883 δοῦλον,

393 917 581 988 κύριον
610 917 702 970 καὶ
731 915 953 986 βασιλέα
979 914 1200 982 ἐποίησε
1220 930 1234 944 ο
1287 911 1468 974 καθὼς
1502 914 1530 963 ὁ
1562 913 1766 982 Πέτρος
1787 913 1968 982 φησὶν,

394 1013 476 1064 δτι
513 1010 712 1079 Κύριον
734 1009 895 1060 αὑτὸν
938 1007 1033 1059 καὶ
1059 1007 1289 1076 Χριστὸν
1317 1005 1344 1056 ὁ
1375 1005 1506 1067 Θεὸς
1536 1004 1778 1072 ἐποίησε.
1815 1001 1975 1055 N006-

399 1117 498 1172 μεν
538 1104 646 1172 γὰρ
692 1100 780 1154 διὰ
826 1098 921 1151 τοῦ
968 1097 1202 1170 Χριστοῦ
1255 1096 1554 1166 βασιλείαν,
1602 1097 1697 1148 καὶ
1733 1095 1820 1148 διὰ
1873 1095 1972 1165 τὴν

395 1193 595 1262 ἀκριϐῆ
643 1194 868 1262 ἑνότητα
913 1191 1010 1260 τῆς
1051 1207 1112 1242 τε
1153 1188 1587 1260 προσληφθείσης
1617 1187 1837 1258 σαρκὸς,
1879 1187 1973 1240 καὶ

391 1283 493 1350 τῆς
543 1281 986 1353 προσλαϐομένης
1041 1280 1312 1351 θεότητος,
1375 1280 1852 1350 ἁντιμεθίστανται
1905 1279 1973 1331 τὰ

389 1376 660 1442 ὀνόματα⁹
698 1373 840 1426 ὥστε
867 1374 961 1426 καὶ
1005 1372 1064 1425 τὸ
1107 1371 1446 1442 ἀνθρώπινον
1467 1371 1546 1440 τῷ
1596 1370 1748 1440 θείῳ,
1791 1371 1972 1424 καὶτὸ

400 1469 542 1521 θεῖον
569 1463 645 1534 τῷ
667 1463 994 1534 ἀνθρωπίνῳ
1018 1462 1500 1531 κατονομάζεσθαι.
1519 1462 1609 1514 Διὸ
1629 1463 1722 1514 καὶ
1738 1464 1766 1514 ό
1789 1463 1972 1515 ἐσταυ-

393 1556 633 1626 ρωμένος
684 1554 885 1626 Κύριος
907 1555 1006 1624 τῆς
1030 1553 1187 1624 δόξης
1210 1555 1314 1606 ὑπὸ
1343 1555 1436 1609 τοῦ
1462 1555 1672 1608 Παύλου
1705 1557 1968 1620 καλεῖται,

391 1646 483 1698 καὶ
531 1648 559 1698 ὁ
605 1645 1077 1716 προσκυνούμενος
1131 1645 1236 1698 ὑπὸ
1272 1646 1450 1716 πάσης
1503 1647 1731 1710 κτίσεως
1767 1648 1874 1701 τῶν
1909 1666 1970 1702 τε

391 1736 748 1806 ἐπουρανίων,
785 1738 879 1789 καὶ
905 1736 1182 1803 ἐπιγείων,
1219 1738 1313 1789 καὶ
1338 1737 1724 1808 καταχθονίων,
1765 1739 1970 1810 Ἰησοῦς

389 1829 733 1898 ὀνομάζεται.
764 1830 865 1884 Διά
895 1829 1102 1884 τούτων
1138 1829 1248 1902 γὰρ
1279 1833 1537 1903 ήάληθής
1572 1851 1631 1886 τε
1664 1835 1757 1887 καὶ
1793 1835 1971 1888 ἀδιαί-

2073 638 2344 706 duplicem
2375 639 2670 701 dividatur.
2705 655 2829 692 cum
2880 639 3028 692 nulla
3067 637 3139 692 sit
3174 634 3502 700 differentia,
3536 652 3646 706 qua

2072 729 2283 783 numeri
2338 728 2624 784 distinctio
2671 729 2918 783 nitatur?
2979 727 3247 781 Divinitas
3304 725 3451 780 enim
3498 725 3642 794 quod

2072 821 2279 875 humile
2325 820 2449 884 fuit,
2504 821 2956 892 superexaltavit,
3012 827 3067 874 et
3109 821 3157 872 ei
3213 816 3359 888 quod
3407 816 3646 870 humano

2073 925 2225 964 more
2283 911 2692 976 nominabatur,
2732 911 2925 980 largita
2980 917 3085 972 est,
3129 916 3188 963 ut
3248 923 3430 977 .super
3485 922 3646 960 omne

2071 1025 2268 1066 nomen
2311 1023 2490 1078 esset;
2529 1014 2672 1082 quod
2706 1013 2986 1067 subditum
3026 1018 3080 1065 et
3111 1024 3328 1065 servum
3370 1014 3508 1067 erat,
3540 1007 3646 1059 do-

2073 1101 2280 1154 minum
2333 1119 2626 1173 regemque
2670 1102 2818 1164 fecit,
2870 1103 3013 1158 sicut
3045 1109 3098 1154 et
3143 1099 3336 1153 Petrus
3372 1097 3551 1166 inquit
3572 1096 3640 1159 ’°,

2073 1190 2364 1247 Dominum
2391 1210 2514 1248 eum
2551 1205 2605 1248 et
2651 1194 2932 1248 Christum
2968 1193 3097 1247 fecit
3147 1191 3310 1244 Deus.
3356 1188 3459 1242 Per
3491 1188 3645 1241 Chri-

2073 1292 2217 1337 stum
2259 1285 2403 1338 enim
2451 1301 2679 1355 regnum
2723 1285 3100 1356 intelligimus,
3157 1289 3211 1336 et
3273 1291 3494 1350 propter
3549 1294 3646 1331 ex-

2073 1384 2254 1430 actam
2282 1378 2539 1431 unionem
2572 1388 2868 1446 assumptae
2900 1377 3084 1429 carnis
3113 1384 3167 1429 et
3197 1371 3528 1427 assumentis
3557 1371 3644 1422 di-

2071 1467 2320 1521 vinitatis
2343 1468 2823 1522 communicantur
2851 1475 2904 1522 et
2936 1474 3126 1519 mutuo
3155 1463 3359 1517 dantur
3396 1463 3644 1523 nomina,

2073 1557 2148 1610 ita
2197 1565 2255 1610 ut
2285 1566 2339 1611 et
2370 1558 2668 1611 humanum
2713 1575 2773 1611 ex
2803 1557 3011 1620 divino,
3054 1565 3110 1612 et
3143 1556 3388 1610 divinum
3439 1570 3506 1609 ex
3538 1554 3642 1607 hu-

2073 1661 2237 1700 mano
2282 1648 2686 1702 denominetur.
2723 1647 3068 1716 Quapropter
3116 1654 3172 1701 et
3214 1645 3308 1713 qui
3341 1644 3642 1699 crucifixus

2072 1748 2158 1792 est
2190 1736 2454 1793 Dominus
2497 1739 2683 1809 gloria:
2728 1754 2756 1792 a
2790 1737 2959 1792 Paulo
2991 1737 3295 1801 vocatur",
3331 1744 3385 1791 et
3435 1735 3525 1790 ille
3547 1737 3641 1804 qui

2075 1830 2143 1882 ab
2173 1829 2321 1883 omni
2351 1839 2604 1884 creatura
2639 1832 2969 1894 caelestium,
3001 1829 3348 1886 terrestrium
3388 1837 3441 1882 ct
3472 1827 3642 1882 infer-

395 1939 544 1992 ρετος
591 1923 782 1985 ἓνωσις
816 1921 1176 1993 ἑρμηνεύεται
1211 1924 1274 1976 ὲκ
1310 1925 1402 1977 τού
1433 1926 1528 1978 καὶ
1554 1925 1654 1996 τὴν
1692 1925 1969 1998 ἄφραστον

2072 1935 2267 1974 norum
2318 1919 2577 1976 aduratur
2597 1923 2684 1987 “,
2743 1920 2906 1976 Jesus
2953 1921 3291 1975 nominatur.
3351 1917 3450 1975 His
3494 1917 3640 1972 enim

388 2014 489 2083 τῆς
517 2014 766 2084 θεότητος
791 2015 946 2079 δόξαν
975 2019 1040 2087 τῇ
1085 2016 1179 2070 τοῦ
1220 2016 1350 2069 1⁸ίοῦ
1386 2019 1728 2090 προσηγορίᾳ
1767 2020 1966 2090 σημαία

391 2106 594 2168 νεσθαι,
619 2107 747 2160 ὅταν
776 2110 925 2160 πᾶσα
958 2107 1096 2180 σὰρξ
1117 2107 1578 2178 ἐξομολογήσηται
1608 2110 1701 2163 καὶ
1726 2111 1965 2179 γλῶσσα,

391 2199 474 2250 ὅτι
512 2197 712 2268 Κύριος
777 2197 980 2268 Ἰησοῦς
1035 2199 1268 2270 Χριστὸς
1297 2201 1375 2262 εἰς
1417 2199 1574 2265 δόξαν
1619 2199 1776 2263 Θεοῦ,
1826 2202 1967 2256 ὥστε

388 2289 477 2340 τὸν
521 2289 590 2341 τὰ
631 2289 778 2358 πάθη
822 2289 916 2342 τοῦ
955 2290 1188 2361 σταυροῦ
1229 2291 1684 2360 καταδεξάμενον,
1732 2293 1826 2346 καὶ
1871 2311 1969 2345 πε-

393 2381 681 2452 ρονηθέντα
740 2381 925 2452 ἥλοις,
991 2384 1083 2436 καὶ¹
1127 2383 1464 2454 διαπαρέντα
1517 2385 1706 2456 λόγχῃ.
1764 2385 1968 2458 Κύριον

391 2472 544 2542 δόξης
575 2473 678 2526 ύπδ
707 2473 800 2526 τοῦ
843 2471 1058 2528 Παύλου
1091 2475 1611 2547 προσαγορεύεσθαι.
1654 2478 1714 2530 Εἰ
1751 2474 1842 2530 οὖν
1876 2480 1969 2532 καὶ

387 2563 448 2615 τὸ
478 2563 812 2634 ἀνθρώπινον
840 2566 941 2618 οὐκ
976 2567 1033 2618 ἐν
1065 2568 1186 2629 τοῖς
1220 2564 1433 2636 φύσεως
1477 2567 1724 2637 ἰδιώμασι
1757 2568 1965 2622 δείκνυ-

387 2672 498 2718 ται,
536 2655 671 2708 ἀλλὰ
704 2655 904 2726 Κύριος
932 2657 1030 2726 τῆς
1062 2657 1219 2725 δόξης
1249 2655 1429 2722 ⁵ἐστὶν,
1462 2659 1562 2710 οὐκ
1591 2658 1657 2711 ἂν
1686 2659 1742 2712 δέ
1772 2678 1858 2719 τις
1899 2663 1971 2714 εἰ-

391 2748 515 2797 πεῖν
541 2745 632 2798 δύο
665 2747 891 2816 κυρίους
915 2745 1072 2815 δόξης
1093 2745 1402 2816 τολμήσειε,
1434 2746 1620 2815 μαθὼν
1647 2747 1726 2800 δτι
1756 2744 1834 2812 εἷς
1865 2748 1972 2800 Κύ-

391 2854 504 2907 ριος
549 2837 752 2907 Ἰησοῦς
796 2837 1048 2907 Χριστὸς,
1089 2835 1154 2890 δι’
1189 2829 1248 2888 οὗ
1293 2837 1359 2889 τὰ
1392 2839 1588 2890 πάντα·
1639 2839 1801 2891 πόθεν
1839 2841 1969 2910 ἡμῖν

391 2928 706 2981 ἐπικαλοῦσι
748 2929 855 2981 τῶν
900 2923 1031 2981 υίὶῦν
1071 2927 1168 2996 τὴν
1209 2928 1378 2981 δυάδα
1427 2930 1479 2981 οἱ
1526 2929 1623 3000 τὴν
1660 2929 1781 2982 καθ’
1813 2929 1969 3000 ἡμῶν

391 3019 723 3090 κατηγορίαν
782 3020 1136 3090 εὐπρόσωπον
1185 3021 1441 3092 ἀφορμὴν
1499 3023 1578 3084 εἰς
1628 3020 1970 3092 κατασκευὴν

391 3111 496 3162 τῶν
544 3110 687 3164 ἰδίων
729 3109 1045 3184 ύπολήψεων
1089 3111 1554 3183 προϐαλλόμενοις
1612 3109 1693 3163 Τά
1736 3110 1835 3180 μὲν
1878 3107 1971 3164 οὖν

391 3206 522 3274 παρ’
545 3203 699 3273 ἡμῶν
723 3204 800 3267 εἰς
826 3203 1138 3271 ἀπολογίαν.
1165 3203 1389 3256 τοιαῦτα
1409 3222 1422 3235 ·
1446 3203 1717 3274 ζητοῦμεν
1738 3203 1793 3256 δὲ
1820 3203 1969 3274 παρὰ

389 3293 488 3362 τῆς
524 3294 620 3364 σῆς
647 3295 702 3347 ὲν
729 3293 946 3365 Χριστῷ
970 3293 1307 3366 τελειότητος
1337 3294 1557 3364 μείζονα
1590 3294 1683 3348 καὶ
1711 3294 1969 3348 τελειοτέ-

393 3401 492 3455 ραν
536 3386 634 3456 τῆς
677 3385 932 3456 ἀληθείας
963 3385 1060 3457 τὴν
1093 3386 1429 3456 συμμαχίαν,
1481 3387 1555 3449 ὡς
1595 3386 1660 3440 ἂν
1700 3387 1969 3457 μηδεμίαν

394 3475 564 3544 ἔχοιεν
599 3477 741 3530 κατά
784 3478 882 3545 τῆς
924 3477 1177 3548 ἀληθείας
1206 3479 1284 3542 είς
1314 3478 1644 3547 κατηγορίαν
1683 3477 1876 3548 λαϐὴν.
1922 3479 1972 3531 οἱ

392 3565 478 3619 διὰ
526 3567 626 3636 τῆς
667 3567 786 3621 καθ’
834 3568 988 3639 ἡμῶν
1045 3568 1302 3639 μέμψεως
1339 3569 1436 3634 τὰς
1491 3568 1626 3633 ἰδίας
1675 3568 1970 3639 ὑπολήψεις

394 3658 771 3729 κρατύνοντες.

470 4000 516 4031 ³ο
557 3999 669 4050 Art.
705 4015 761 4064 ll,
789 3997 878 4052 56.
956 4000 995 4030 ¹¹
1031 3997 1198 4052 lCnr.
1239 4016 1296 4061 ll,
1331 4002 1381 4054 8.
1461 4002 1507 4030 "
1536 3999 1766 4070 Philipp.
1812 4017 1871 4062 Il,
1909 4001 1988 4057 l0.

402 4191 574 4219 mo..—

513 4207 538 4212 --
546 4206 574 4213 ..-

513 4206 642 4216 --υ-ο.--
659 4207 684 4216 π-

691 4208 702 4218 .
715 4206 1572 4217 *ος-ικμ-ῌ-..Ψο-ἡ
1581 4211 1800 4218 -ι--..ο-⁴
1813 4211 1930 4219 -..-

1311 4355 1585 4444 ANG.
1708 4356 1968 4446 MAI]

1931 4212 2302 4221 σ-η--σ-ι-

2070 2029 2198 2067 vera
2244 2014 2635 2084 individuaque
2669 2015 2796 2068 unio
2840 2013 3173 2076 declaratur,
3207 2029 3270 2066 ex
3304 2027 3370 2066 eo
3398 2011 3542 2082 quod
3588 2017 3644 2064 et

2069 2099 2361 2157 ineli'abilis
2391 2105 2563 2173 gloria
2590 2102 2897 2158 divinitatis
2933 2100 3054 2155 Filii
3097 2103 3461 2172 appellatione
3499 2103 3644 2156 desi-

2070 2202 2286 2260 gnetur,
2315 2208 2438 2248 cum
2463 2194 2644 2249 omnis
2674 2210 2805 2249 caro
2829 2196 3159 2249 confiteatur
3191 2202 3246 2247 et
3277 2193 3486 2263 lingua,
3511 2193 3642 2262 quia

2068 2283 2332 2340 Dominus
2369 2284 2528 2341 Jesus
2573 2285 2828 2342 Christus
2862 2287 2915 2340 iu
2961 2287 3133 2357 gloria
3177 2293 3261 2340 est
3316 2284 3407 2340 Dei
3439 2284 3640 2347 Patris,
3703 2342 3709 2351 _

2070 2376 2144 2429 ita
2180 2385 2238 2430 ut
2280 2379 2373 2446 qui
2423 2380 2606 2434 crucis
2651 2386 2921 2434 tormenta
2973 2379 3046 2432 sit
3091 2394 3320 2447 passus,
3364 2384 3419 2432 et
3471 2377 3642 2431 clavis

2069 2467 2351 2534 confixus,
2407 2485 2470 2523 ac
2512 2469 2700 2524 lancea
2740 2469 3094 2533 vulneratus,
3144 2485 3175 2522 a
3230 2467 3398 2523 Paulo
3455 2468 3643 2538 gloria:

2073 2556 2335 2612 Dominus
2369 2558 2693 2628 appelletur.
2745 2556 2801 2612 Si
2836 2573 2967 2627 ergo
3001 2557 3146 2628 quod
3188 2557 3486 2611 humanum
3534 2569 3638 2620 est,

2070 2663 2179 2702 non
2211 2649 2265 2703 in
2297 2651 2726 2720 proprietatibus
2756 2658 2966 2704 naturae
3005 2666 3128 2705 esse
3177 2651 3514 2716 ostenditur,
3545 2651 3641 2705 sed

2070 2741 2258 2810 gloria:
2285 2739 2550 2797 Dominus
2590 2751 2696 2805 est,
2725 2757 2900 2812 neque
2943 2742 3065 2797 ideo
3097 2743 3223 2812 quis
3263 2742 3421 2797 binos
3454 2742 3643 2812 gloriae

2069 2832 2325 2886 dominos
2371 2834 2592 2888 auderet
2637 2833 2924 2899 aﬂirmare,
2956 2850 3078 2888 cum
3127 2851 3296 2888 unum
3343 2851 3464 2890 esse
3501 2836 3643 2890 didi-

2073 2926 2243 2980 cisset.
2282 2923 2469 2980 Jesum
2519 2925 2832 2990 Christum,
2886 2941 2982 2995 per
3020 2941 3180 2995 quem
3228 2926 3415 2980 omnia
3455 2948 3468 2982 :
3502 2927 3643 2982 unde

2070 3032 2257 3087 quaeso
2287 3055 2301 3077 .
2357 3017 2518 3072 nobis
2577 3017 2848 3071 binarium
2893 3032 3176 3071 numerum
3224 3017 3458 3072 filiorum
3504 3020 3644 3089 obji-

2072 3110 2247 3173 ciunt,
2298 3119 2392 3162 aut
2443 3108 2732 3164 confictam
2781 3110 2835 3163 in
2889 3124 2991 3165 nos
3043 3111 3473 3174 accusationem,
3524 3123 3644 3164 tau-

2071 3217 2233 3271 quam
2280 3201 2586 3271 speciosam
2634 3200 2975 3255 occasionem
3013 3200 3078 3254 ad
3111 3217 3242 3257 suas
3285 3202 3641 3257 stabiliendas

2069 3291 2358 3361 Opiniones
2389 3291 2734 3362 praetexunt?
2763 3291 2887 3346 llaec
2922 3302 3048 3346 sunt
3095 3293 3262 3361 igitur
3285 3308 3406 3363 quae
3436 3294 3502 3346 ad
3551 3294 3643 3346 tic-

2071 3382 2376 3439 fensionem
2411 3393 2658 3438 nostram
2709 3383 2902 3438 afferre
2953 3399 3246 3454 possumus
3271 3405 3288 3440 :
3320 3401 3348 3438 a
3392 3393 3483 3438 tua
3516 3402 3642 3440 vero

2070 3477 2128 3532 in
2153 3477 2373 3532 Christo
2405 3477 2738 3546 perfectione
2771 3478 2948 3546 majus
2977 3493 3040 3532 ac
3079 3478 3377 3546 perfectius
3423 3477 3489 3532 ad
3520 3494 3645 3548 pro-

2077 3569 2424 3640 pugnandam
2491 3569 2650 3624 Iidem
2699 3569 3003 3624 subsidium
3063 3571 3380 3640 exigimus:
3418 3587 3485 3625 ne
3537 3588 3644 3640 qua

2078 3664 2184 3716 illis
2225 3678 2357 3717 ansa
2417 3662 2482 3715 ad
2523 3663 2806 3717 veritatem
2859 3663 3232 3718 insectandam
3281 3665 3642 3735 relinquatur,

2070 3754 2161 3820 qui
2199 3766 2264 3803 ex
2317 3760 2501 3806 nostra
2556 3753 2983 3820 reprehensione
3022 3768 3120 3806 sua
3171 3763 3478 3806 commenta
3524 3769 3648 3806 cor-

2071 3844 2353 3897 roborant.

2079 4355 2714 4449 PRIEFATIO

1445 4546 1511 4600 IN
1552 4545 1922 4603 OPUSCULA
1987 4545 2126 4603 ΠΕΟ
2186 4547 2596 4616 SEQUENTIA.

1613 4706 1758 4754 (Bibl.
1784 4720 1889 4755 nov.
1919 4713 1950 4754 t.
1981 4705 2062 4761 Η,
2108 4705 2244 4753 Rom.
2270 4705 2426 4767 18W.)

466 5048 504 5104 Ι.
567 5047 690 5105 Fuit
754 5051 856 5106 hoc
918 5050 1276 5121 complurium
1342 5059 1624 5104 auctorum
1702 5058 1944 5105 veterum
1981 5045 2172 5120 latum,
2237 5060 2295 5107 ut
2340 5053 2582 5123 ipsorum
2627 5053 2782 5118 libri,
2821 5053 2875 5108 in
2929 5054 3213 5113 codicibus
3261 5067 3419 5114 antea
3474 5059 3652 5116 laten-

398 5150 499 5203 tes,
549 5151 673 5211 post
726 5144 978 5198 inventos
1029 5153 1186 5212 typos
1252 5141 1396 5194 haud
1457 5142 1641 5194 statim
1693 5141 1904 5212 integra
1964 5143 2203 5198 editione
2233 5143 2552 5213 prodirent,
2592 5143 2686 5199 sed
2736 5145 3025 5199 identidem
3082 5156 3136 5202 et
3187 5163 3284 5218 per
3341 5150 3646 5218 intervalla,

395 5247 557 5304 prout
615 5253 675 5292 se
726 5236 940 5307 singula
996 5252 1159 5306 opera
1221 5236 1593 5305 quaerentibus
1641 5236 1982 5292 obtulerunt.
2023 5237 2183 5291 Certe
2225 5246 2280 5291 et
2336 5252 2566 5307 magnus
2607 5237 2696 5292 ille
2761 5237 3057 5308 Gregorius
3101 5240 3287 5312 Nyssaz
3336 5245 3649 5333 episc0pus’

399 5338 520 5400 post
545 5329 868 5384 minutiores
896 5329 1102 5400 aliquot
1132 5328 1420 5390 editiones,
1457 5328 1673 5381 duobus
1727 5327 1944 5381 demum
1994 5330 2156 5384 tomis
2188 5330 2484 5393 collectus,
2517 5327 2741 5386 Parisiis
2770 5346 2915 5386 anno
2967 5334 3102 5388 1615
3132 5336 3499 5405 spiendidiore
3534 5327 3654 5396 luce

394 5437 656 5476 coruscus
705 5423 1015 5492 apparebat.
1081 5421 1187 5475 Sed
1218 5436 1343 5474 ecce
1375 5433 1521 5482 mox,
1556 5430 1816 5487 sequente
1859 5435 2002 5474 anno
2037 5419 2208 5487 1616,
2241 5419 2478 5474 Jacohus
2535 5419 2826 5479 Gretserus
2876 5427 3076 5479 lautam
3136 5426 3365 5498 Nysseni
3429 5436 3654 5487 mantis-

395 5528 510 5565 sam
541 5529 608 5567 ex
655 5511 1052 5566 Germanorum
1093 5512 1378 5566 codicibus
1428 5510 1749 5574 excitabat;
1783 5525 1944 5578 quam
2001 5513 2372 5581 typographus
2421 5509 2748 5567 Parisiensis
2797 5513 3050 5569 Morellus
3079 5531 3224 5570 anno
3289 5518 3424 5572 1618
3457 5525 3652 5590 raptim

397 5620 669 5667 recusam,
697 5605 827 5658 tomi
861 5605 945 5659 sui
979 5603 1296 5673 posterioris
1325 5599 1678 5670 appendicem
1717 5601 1865 5653 fecit.
1909 5597 2110 5654 Verum
2145 5607 2375 5654 eatenus
2400 5615 2488 5654 res
2517 5615 2623 5653 non
2656 5601 2828 5664 stetit,
2860 5605 3058 5657 etenim
3113 5603 3172 5656 L.
3229 5605 3291 5658 Α.
3351 5606 3656 5679 Zacagnins

397 5697 738 5751 bibliotheca:
781 5696 1058 5750 Vaticance
1100 5695 1409 5767 prmfcctus,
1447 5707 1584 5746 nova
1617 5701 1780 5761 atque
1809 5692 2030 5762 copiosa
2060 5691 2290 5763 Nysseni
2324 5693 2656 5746 incrementa
2691 5694 2938 5748 exhibuit
2968 5696 3020 5748 in
3053 5712 3152 5750 suo
3212 5699 3474 5765 praeclaro
3530 5681 3651 5755 Col:

399 5791 752 5842 lectaueorum
781 5789 1074 5849 volumine,
1113 5802 1256 5839 anno
1289 5785 1422 5840 l698
1454 5785 1642 5838 Ruina:
1671 5786 1910 5854 vulgato.
1954 5786 2192 5856 Denique
2219 5786 2256 5839 Ι.
2293 5784 2352 5840 Β.
2387 5785 2743 5842 Caraceiolus
2793 5785 3025 5842 Pisanus
3081 5799 3399 5846 antecessur
3447 5802 3655 5864 septem

401 5880 636 5938 incditas
663 5881 890 5953 Nysscni
934 5881 1215 5952 epistolas,
1255 5882 1306 5932 in
1344 5877 1584 5934 Slcdicco
1639 5879 1828 5936 codice
1875 5880 2124 5935 inventas
2162 5877 2449 5933 Florentia:
2482 5880 2624 5950 typis
2661 5880 2900 5935 tradidit.
2933 5879 3084 5936 Nunc
3117 5898 3216 5939 nos
3275 5885 3534 5953 postremi
3586 5886 3660 5942 ad
