4120 6394
471 436 608 495 ίῒῖῠ
1704 437 1762 493 S.
1805 437 2130 494 GREGORII
2168 436 2461 495 NYSSENI
3601 436 3738 490 1280

468 553 827 607 wmulandas
862 551 1097 623 ‘Nysseni
1130 553 1399 608 editiones
1428 552 1765 614 accedimus.
1795 552 2017 607 duobus
2039 553 2219 607 adhuc
2254 554 2455 610 additis
2490 555 2626 609 tanti
2657 552 2835 609 Patris
2865 555 3193 610 tractatibus
3231 551 3524 625 dogmatici
3574 566 3738 622 gene-

468 645 564 710 ris,
605 659 746 712 quos
782 641 1076 699 Vaticanus
1114 644 1285 700 codex
1323 644 1462 700 i906
1494 645 1876 714 bombycinus,
1905 655 2084 711 vetus,
2122 651 2336 716 amplus
2365 656 2419 703 et
2457 647 2691 720 Nysseni
2721 663 2947 718 Operam
2983 648 3199 716 plenus,
3260 647 3420 701 nobis
3480 644 3738 715 suppedi-

468 742 621 797 tavit.
653 745 786 810 Quae
816 740 927 794 duo
955 740 1160 809 scripta
1191 753 1316 791 eum
1349 735 1539 791 Graece
1576 746 1789 790 tantum
1842 735 2298 808 festinanterque,
2332 741 2538 810 absque
2572 741 2680 794 ulla
2741 740 3130 802 declaratione,
3167 739 3271 794 sub
3331 737 3491 792 ﬁnem
3563 734 3738 789 nostri

467 835 798 904 scriptorum
829 842 1075 888 veterum
1110 831 1410 885 voluminis
1440 830 1820 898 superioribus
1847 832 2008 885 annis
2044 831 2507 902 impresserimus,
2546 849 2714 899 nuiic,
2749 833 2938 888 codice
2970 849 3166 888 rursus
3203 835 3472 902 inspecto,
3526 833 3738 887 mendis

467 928 720 990 sublatis,
751 925 1034 996 particulis
1066 923 1358 992 suppletis,
1397 920 1849 990 interpretatione
1901 929 2092 976 nostra
2124 921 2318 978 Latina
2353 940 2478 978 cum
2515 925 2742 979 scholiis
2776 925 2983 995 aliquot
3041 927 3249 990 addita,
3284 924 3384 980 SS.
3437 925 3738 981 Bibliorum

465 1019 626 1070 etiam
663 1017 993 1070 testimoniis
1020 1013 1228 1072 citatis,
1255 1028 1323 1064 ex
1361 1013 1510 1065 calce
1539 1011 1684 1064 illius
1721 1009 1923 1064 veteris
1955 1012 2023 1064 ad
2057 1010 2223 1078 hujus
2251 1013 2377 1065 novi
2406 1013 2700 1067 volmninis
2731 1022 2897 1084 caput
2924 1030 3265 1069 revocamus.

541 1108 600 1163 ll.
643 1111 709 1163 Ut
735 1116 915 1161 autem
945 1119 1261 1158 sermonum
1295 1102 1486 1154 horum
1513 1100 1716 1168 justam
1751 1098 1955 1152 faciant
2017 1100 2248 1154 lectores
2281 1099 2722 1163 aestimationem,
2781 1113 3041 1167 mentem,
3073 1119 3280 1173 quaeso,
3315 1111 3636 1158 convertant
3668 1103 3736 1157 ad

466 1219 528 1257 ca
565 1211 812 1268 tempora
848 1198 1051 1267 quibus
1086 1196 1219 1248 vixit
1253 1193 1576 1260 Gregorius,
1609 1192 1940 1245 Arianorum
1972 1191 2316 1262 aliorumque
2350 1193 2734 1247 haereticorum
2781 1195 3120 1264 plenissima,
3180 1198 3282 1250 sub
3316 1197 3534 1250 Arianis
3567 1198 3737 1266 impe-

467 1296 741 1350 ratoribus
763 1291 1091 1347 Constantio
1142 1298 1305 1358 atque
1333 1285 1581 1350 Valente,
1611 1286 1704 1356 qui
1735 1285 1806 1339 ob
1835 1284 2219 1340 orlhodoxiam
2261 1285 2656 1356 proﬂigandam
2687 1286 3050 1358 lneresimque
3081 1289 3419 1343 teterrimam
3453 1289 3736 1342 stabilien~

465 1391 588 1444 dam
620 1391 764 1441 vires
780 1385 1174 1456 propemodum
1203 1382 1400 1435 summi
1437 1381 1651 1450 imperii
1681 1379 2096 1434 exhauriebant.
2127 1379 2284 1434 Tunc
2304 1380 2371 1434 ad
2405 1390 2638 1436 caeteras
2672 1383 2924 1438 miserias
2963 1385 3199 1438 accessit
3234 1385 3438 1452 impius
3476 1382 3733 1438 Macedo-

466 1482 616 1544 nius,
649 1480 739 1547 qui
775 1479 859 1532 his
891 1485 1158 1544 occupata
1196 1473 1492 1544 Byzantina
1522 1474 1672 1538 sede,
1709 1473 1864 1528 virus
1892 1488 2050 1528 suum
2082 1475 2354 1544 praecipue
2385 1473 2651 1530 adversus
2701 1477 2878 1530 sancti
2913 1477 3151 1548 Spiritus
3198 1478 3439 1531 divmam
3495 1477 3732 1546 dignita-

465 1580 572 1626 tem
606 1570 817 1626 eﬂudit.
853 1568 958 1623 Sed
981 1584 1138 1626 ecce.
1169 1581 1372 1636 magno
1403 1565 1716 1619 Theodosio
1755 1566 2022 1635 principe,
2060 1567 2732 1637 Constantinopolitanum
2774 1571 3010 1637 primum
3046 1570 3384 1624 celebratum
3441 1569 3542 1623 fuit
3588 1585 3734 1622 anno

462 1667 563 1722 581
598 1667 855 1738 generale
885 1664 1209 1724 concilium,
1250 1661 1574 1715 sedentibus
1612 1661 1709 1725 ibi,
1771 1664 1914 1716 inter
1951 1662 2110 1726 alios,
2147 1663 2541 1719 illustrissimis
2571 1661 2833 1717 Ecclesia:
2864 1662 3117 1720 Patribus
3145 1677 3198 1720 et
3233 1667 3611 1720 haereticorum
3644 1668 3731 1721 sui

463 1761 722 1829 temporis
746 1759 985 1820 malleis,
1014 1755 1222 1826 Cyrillo
1261 1751 1779 1824 Hierosolymitano,
1810 1752 2072 1823 Gregorio
2103 1753 2373 1826 Nysseno,
2432 1754 2698 1825 Gregorio
2750 1754 3133 1822 Nazianzeno,
3182 1758 3575 1828 Amphilochio
3615 1758 3731 1814 Ico-

460 1857 660 1910 llit'nSi.
689 1854 845 1909 Circa
880 1854 969 1908 illa
1004 1851 1261 1906 videlicet
1297 1860 1568 1921 tempora,
1599 1866 1887 1905 sermones
1916 1851 1972 1903 hi
2015 1849 2272 1922 Nysseni,
2309 1860 2363 1906 et
2411 1857 2682 1923 posterior
2740 1860 3068 1928 praesertim,
3131 1861 3433 1931 conscripti
3487 1861 3726 1915 fuerunt.

459 1944 671 2000 Etenim
708 1946 859 2016 prior
890 1943 1339 2016 προσφωνητικός
1368 1941 1591 2013 quidam
1627 1942 1845 1995 videtur
1870 1940 1939 1995 ad
1967 1949 2178 1995 certum
2211 1943 2489 2000 hominem
2525 1949 2755 2015 missus,
2804 1952 2923 2005 sive
2960 1952 3007 2006 is
3042 1952 3389 2008 orthodoxus
3419 1953 3583 2007 fuerit
3614 1953 3731 2007 sive

460 2041 512 2092 in
548 2042 784 2096 hostimn
819 2042 1023 2095 castris
1057 2042 1419 2104 constitutus,
1451 2039 1541 2094 cui
1575 2038 1698 2092 Filii
1725 2039 2072 2095 divinitatem
2104 2050 2298 2097 auctor
2324 2046 2539 2102 suadet.
2571 2047 2707 2103 Nam
2747 2051 3049 2121 propositis
3077 2053 3183 2107 sibi
3219 2053 3334 2105 Arii
3373 2065 3438 2105 ac
3477 2047 3726 2110 Sabellii,

460 2134 874 2203 praesertimque
936 2132 1156 2186 Achillii
1211 2132 1545 2184 Arianorum
1583 2131 1871 2200 praecipui,
1904 2131 2312 2200 objectioni-bus
2362 2150 2430 2190 ex
2483 2136 2784 2210 Evangelio
2843 2141 3123 2213 Pauloque
3179 2143 3426 2214 apostolo
3474 2142 3728 2212 sumptis.

457 2223 712 2279 dissolvit
747 2240 842 2279 eas
878 2231 1159 2293 peracute,
1191 2223 1431 2292 ﬁdeique
1463 2224 1751 2277 veritatem
1787 2238 2206 2292 quaqueversus
2261 2231 2582 2284 couuuunit.
2618 2232 2797 2303 Atque
2826 2235 2930 2290 hoc
2957 2239 3141 2292 statim
3173 2238 3348 2307 prima
3413 2237 3472 2291 in
3532 2235 3728 2305 pagina

383 2361 386 2365 .
457 2317 701 2371 notabile
736 2317 1003 2380 occurrit,
1037 2315 1185 2386 quod
1217 2317 1498 2386 Nyssenus
1531 2316 1608 2370 ait
1634 2333 1662 2370 a
1693 2314 2023 2374 Sabe‘llianis
2056 2318 2270 2376 Patrem
2303 2320 2512 2377 dictum
2553 2325 2876 2400 υἰοπάτορα,
2925 2331 3054 2400 quia
3081 2330 3482 2386 confundentes
3511 2328 3728 2383 Patrem

456 2427 579 2464 cum
614 2411 778 2476 Filio,
811 2411 900 2464 illa
939 2411 1332 2464 vocabulorum
1365 2411 1757 2480 conjunctione
1783 2429 1956 2467 unum
1987 2414 2350 2484 eumdemque
2388 2414 2607 2471 Patrem
2642 2435 2764 2476 esse
2792 2437 2856 2476 ac
2887 2421 3084 2477 Filium
3141 2423 3498 2479 denotabant.
3538 2421 3730 2490 Neque

455 2522 483 2557 a
523 2519 582 2558 se
611 2505 863 2558 dissentit
895 2505 1180 2573 Nyssenus
1212 2505 1266 2556 in
1301 2501 1459 2558 Orat.
1514 2502 1577 2557 Η
1615 2515 1805 2559 contra
1836 2505 2156 2559 Eunomium
2190 2513 2232 2561 ι.
2266 2507 2329 2570 ΙΙ,
2360 2522 2416 2576 p.
2456 2507 2582 2574 753,
2611 2512 2704 2564 ubi
2767 2513 2882 2568 ait:
2934 2513 3041 2580 Qui
3101 2515 3430 2570 vocabulum
3460 2512 3585 2568 Filii
3618 2528 3728 2566 non

455 2600 522 2654 ad
553 2613 860 2667 personam,
882 2599 979 2654 sed
1009 2597 1076 2651 ad
1097 2610 1354 2653 naturam
1395 2599 1686 2665 referrent,
1713 2615 1812 2656 eos
1840 2599 1895 2652 in
1933 2599 2318 2654 haereticorum
2357 2617 2609 2658 errorem
2656 2607 2978 2679 incursuros
3007 2609 3103 2679 qui
3151 2609 3412 2664 dicuntur
3451 2607 3728 2678 Hyopato-

462 2712 576 2751 res.
612 2694 884 2748 Nimirum
909 2695 1038 2762 quia
1067 2709 1192 2748 cum
1228 2695 1300 2749 sit
1332 2711 1442 2749 una
1467 2696 1649 2751 Patris
1676 2694 1912 2764 F-iliique
1953 2703 2176 2760 natura,
2211 2697 2323 2766 jam
2365 2699 2648 2753 distinctio
2683 2676 3042 2770 personarum
3075 2703 3227 2758 nulla
3276 2676 3730 2771 supereritdCla.

456 2791 572 2842 rius
599 2789 778 2841 adhuc
814 2787 1052 2858 Cyrillus
1080 2788 1135 2840 in
1169 2782 1334 2842 Joan.
1379 2804 1501 2857 cap.
1536 2803 1660 2852 VIII,
1697 2803 1752 2858 p.
1773 2789 1886 2842 245
1912 2806 1925 2842 :
1956 2788 2109 2842 Alius
2138 2798 2215 2843 est
2241 2789 2407 2843 Pater
2437 2808 2468 2843 a
2487 2789 2656 2856 Filio,
2685 2810 2780 2847 nec
2808 2807 2864 2848 ut
2897 2794 3217 2865 quibusdam
3253 2792 3529 2849 ineruditis
3555 2794 3729 2847 uisum

450 2891 526 2932 est
564 2880 848 2944 Iucreticis,
887 2879 1188 2949 Hyiopator
1237 2895 1326 2932 seu
1357 2877 1655 2948 Fitiopater
1697 2879 2025 2934 inducendus
2067 2891 2166 2936 est.
2211 2881 2339 2935 Item
2379 2897 2557 2937 canon
2581 2899 2656 2937 vn
2685 2884 3729 2957 Constantinopolitanus;Sabellianos

450 2976 545 3046 qui
579 2975 983 3046 hyiopatoriam
1011 2975 1233 3037 docent,
1269 2983 1376 3029 etc.
1407 2976 1648 3045 Denique
1679 2975 2005 3030 Ammonius
2037 2976 2092 3029 in
2129 2975 2332 3030 Catena
2364 2979 2432 3030 ad
2456 2977 2651 3032 Jobum
2679 2975 2764 3041 1,1
2792 2993 2807 3031 :
2837 2979 3083 3046 Sabellii,
3125 2982 3324 3053 inquit,
3357 2983 3599 3037 haeresim
3635 2997 3731 3049 per

451 3073 547 3126 hoc
565 3072 770 3136 evertit,
807 3071 984 3125 Patris
1022 3087 1082 3122 ac
1111 3069 1245 3122 Filii
1286 3071 1614 3140 hypostasim
1664 3071 1948 3142 designans
1979 3087 1996 3132 ;
2025 3087 2129 3124 non
2182 3074 2323 3124 enim
2354 3071 2748 3142 hyiopatoriam
2801 3073 3042 3130 Ecclesia
3075 3076 3336 3130 admittit.
3389 3077 3579 3133 Refert
3611 3077 3726 3131 haec

450 3168 635 3221 omnia
666 3165 1000 3225 testimonia,
1036 3179 1176 3218 novo
1207 3174 1398 3218 nostro
1433 3173 1664 3232 excepto
1686 3203 1700 3226 ,
1739 3163 2030 3226 Suicerus,
2066 3163 2159 3232 qui
2199 3172 2379 3217 tamen
2413 3181 2441 3216 a
2479 3164 2729 3235 Nysseno
2749 3168 3030 3234 dissentit,
3065 3185 3132 3222 ac
3165 3169 3392 3234 fallitur,
3431 3171 3558 3224 dum
3585 3168 3726 3222 Filio

449 3257 634 3326 potius
669 3271 832 3325 quam
879 3253 1025 3308 Patri
1058 3254 1246 3307 datum
1287 3254 1638 3324 llyiopatoris
1683 3269 1883 3307 nomen
1927 3270 1956 3306 a
1987 3253 2316 3308 Sabellianis
2352 3263 2524 3323 putat.
2568 3256 2786 3313 Etenim
2845 3270 3039 3329 praeter
3095 3277 3259 3330 quam
3310 3261 3456 3332 quod
3490 3261 3723 3333 Nysseni

448 3350 749 3404 auctoritas
798 3350 1088 3419 perspicua
1135 3359 1256 3415 est,
1308 3347 1655 3402 Sabellianos
1709 3347 1908 3400 Filium
1970 3363 2076 3400 non
2129 3347 2444 3411 admisisse,
2511 3349 2607 3404 sed
2663 3350 2878 3406 Patrem
2925 3354 3328 3420 tantummodo,
3381 3355 3724 3423 exploratum

447 3443 671 3497 aliunde
702 3450 808 3497 est.
847 3441 1235 3496 Verumtamen
1285 3445 1458 3494 multo
1503 3443 1726 3511 gravius
1764 3458 1928 3509 qltam
1962 3434 2383 3496 Suicerus‘l'alli
2413 3445 2553 3498 mihi
2579 3444 2818 3499 Allatius
2873 3448 3088 3500 videtur
3147 3447 3343 3517 (cujus
3392 3450 3722 3502 emendandi

447 3550 635 3599 causa,
671 3536 717 3588 si
750 3536 852 3588 hoc
887 3536 939 3588 in
981 3541 1194 3587 tantum
1245 3534 1424 3587 virum
1459 3534 1582 3588 licet
1614 3533 1849 3596 audere,
1887 3533 2174 3601 superiora
2235 3534 2551 3589 testimonia
2609 3536 2879 3591 invocavi.
2909 3554 2922 3604 ι
2958 3537 3008 3591 ls
3039 3537 3185 3590 enim
3235 3548 3422 3591 contra
3463 3536 3716 3607 Creyg/il.

445 3631 681 3687 exercit.
725 3631 811 3692 l0,
848 3631 901 3683 in
935 3637 1261 3701 argumento
1290 3645 1340 3699 p.
1387 3627 1510 3687 165.
1546 3623 1918 3681 deﬁniendum
1957 3627 2064 3681 sibi
2100 3629 2358 3697 proponit
2384 3645 2506 3698 quae
2535 3630 2606 3684 sit
2629 3630 2978 3699 υἱοπατορξας
3033 3630 3279 3686 lueresis.
3337 3630 3474 3684 Tum
3530 3646 3582 3700 p.
3617 3631 3722 3685 itii)

446 3730 520 3781 ita
563 3727 757 3781 scribit
785 3745 796 3778 τ
834 3723 942 3779 Sub
987 3724 1208 3777 Damasi
1237 3733 1438 3793 papatu
1467 3731 1655 3775 exorta
1689 3723 1906 3775 hwresis
1935 3733 2037 3785 est,
2069 3723 2176 3775 sive
2204 3721 2270 3774 ab
2299 3721 2515 3777 Arianis
2547 3723 2915 3785 disseminata,
2949 3723 3053 3777 sive
3097 3722 3164 3775 ab
3212 3722 3334 3775 aliis
3386 3732 3566 3784 enata,
3601 3739 3720 3790 qua:

445 3826 525 3876 uti
554 3799 770 3875 Patrem
802 3818 956 3886 Filii,
992 3821 1068 3874 ita
1102 3818 1306 3872 Filium
1342 3817 1577 3886 Spiritus
1606 3817 1781 3871 sancti
1810 3820 2099 3886 genitorem
2130 3818 2462 3871 asseverabat
2490 3833 2510 3872 :
2547 3820 2723 3889 sicque
2760 3819 2892 3873 duos
2933 3821 3072 3884 filios
3104 3819 3159 3873 in
3204 3817 3467 3873 Trinitate
3515 3821 3717 3872 substi-

446 3917 645 3981 tuebat,
684 3916 885 3970 Filium
922 3925 971 3970 et
1007 3914 1268 3985 Spiritum
1299 3923 1544 3968 sanctum
1571 3931 1591 3979 ;
1617 3922 1667 3966 et
1697 3913 1830 3966 duos
1876 3923 2076 3982 patres,
2111 3916 2331 3967 Patrem
2360 3931 2422 3970 ac
2453 3914 2678 3970 Filium.
2712 3915 2778 3969 Et
2809 3932 3004 3971 rursus
3035 3931 3090 3986 p.
3120 3914 3259 3970 187:
3308 3915 3566 3970 Auctores
3591 3933 3718 3986 ergo

445 4012 796 4084 νὶοπατορίας
824 4014 1064 4082 generari
1091 4011 1354 4080 Spiritum
1381 4027 1413 4063 a
1443 4008 1629 4076 Filio;
1659 4011 1880 4081 ideoque
1916 4007 2152 4075 Filium,
2187 4010 2421 4078 Spiritus
2469 4011 2687 4067 Patrem
2725 4013 3069 4077 asserebant;
3107 3991 3177 4068 iet
3235 4011 3335 4066 hac
3386 4030 3443 4068 re
3493 4012 3628 4068 duos
3658 4017 3717 4068 in

447 4108 712 4163 Trinitate
737 4119 936 4178 patres,
974 4107 1191 4161 Patrem
1219 4108 1544 4176 ingenitum,
1576 4114 1626 4159 et
1669 4103 1873 4158 Filium
1908 4106 2143 4175 genitum
2184 4106 2631 4171 introducebant;
2685 4116 2735 4160 et
2783 4108 2915 4162 duos
2947 4108 3109 4177 ﬁlios,
3168 4105 3375 4161 Filium
3435 4108 3633 4163 scilicet
3661 4120 3714 4162 et

445 4207 710 4276 Spiritum
741 4215 1004 4259 sanctum.
1035 4203 1193 4268 Falli,
1232 4205 1482 4274 inquam,
1517 4203 1651 4256 mihi
1687 4201 1904 4255 videtur
1924 4201 2198 4269 Allatius;
2240 4219 2367 4256 nam
2401 4204 2676 4273 praedictis
2713 4204 2767 4258 in
2807 4205 3140 4260 testimoniis
3169 4219 3448 4275 nunquam
3479 4204 3546 4261 de
3584 4206 3718 4277 Spi-

446 4303 554 4361 ritu
590 4306 782 4355 sancto
810 4300 1020 4368 agitur,
1064 4313 1343 4368 nunquam
1379 4297 1645 4367 quaeritur
1687 4303 1870 4350 utrum
1919 4295 2158 4364 Spiritus
2210 4305 2435 4352 sanctus
2485 4297 2606 4350 Filii
2661 4299 2732 4352 sit
2773 4296 2965 4351 Filius.
3017 4297 3187 4368 Igitur
3220 4297 3564 4370 hyiopatoria
3596 4313 3712 4352 non

447 4393 702 4447 dicitura
725 4390 1000 4460 praedictis
1028 4391 1202 4443 sacris
1228 4389 1549 4444 auctoribus
1589 4388 1658 4443 de
1701 4386 1842 4440 Filio
1879 4394 2142 4456 tanquam
2187 4387 2452 4458 Spiritum
2513 4398 2765 4444 sanctum
2800 4389 3075 4460 gignente,
3115 4389 3209 4444 sed
3266 4398 3482 4444 tantum
3515 4391 3584 4446 de
3621 4407 3714 4445 er-

445 4501 572 4540 rore
606 4485 832 4540 Sabellii
864 4487 960 4555 qui
996 4496 1056 4538 ut
1085 4485 1281 4539 Filium
1321 4501 1445 4539 cum
1488 4483 1651 4539 Patre
1681 4483 2064 4549 confunderet,
2097 4482 2310 4538 Patrem
2346 4487 2617 4555 copulatis
2657 4486 2940 4540 vocabulis
2971 4486 3269 4557 υἱοπὰτορα.
3333 4487 3708 4558 nuncupabat.

444 4579 600 4646 Quod
633 4581 677 4634 si
714 4579 910 4634 haaresi
944 4595 972 4632 a
1001 4578 1238 4633 Damaso
1263 4579 1535 4633 damnatm
1573 4578 1777 4647 (Labb.
1806 4577 2012 4631 Conril.
2057 4586 2097 4629 t.
2123 4577 2187 4640 ll,
2225 4595 2277 4647 p.
2301 4579 2406 4632 895
2429 4589 2482 4633 et
2512 4580 2636 4648 θυι)
2661 4580 3016 4648 hyiOpatoriaa
3044 4595 3246 4634 nomen
3283 4580 3565 4649 imponere
3586 4585 3708 4634 vult

442 4673 705 4740 Allatius,
740 4673 787 4727 is
817 4682 968 4728 certe
1006 4675 1312 4728 secundum
1345 4671 1605 4744 Nysseni,
1641 4673 1856 4742 Cyr-illi,
1877 4673 2220 4742 aliorumque
2247 4685 2482 4728 mentem
2513 4690 2620 4728 non
2659 4675 2902 4743 loquitur
2931 4689 2947 4739 ;
2977 4674 3119 4744 apud
3148 4691 3288 4743 quos
3309 4674 3594 4745 hyiopator
3624 4687 3710 4730 est

443 4763 606 4821 Pater
639 4781 765 4818 cum
801 4764 944 4818 Filio
979 4763 1266 4829 confusus,
1301 4781 1410 4819 non
1450 4765 1622 4820 Filius
1657 4764 1896 4834 Spiritus
1927 4766 2105 4820 sancti
2138 4775 2313 4836 pater.
2349 4763 2735 4819 Verumtamen
2773 4766 2838 4818 de
2867 4765 2970 4818 hac
3017 4765 3267 4819 vocabuli
3307 4767 3703 4830 controversia,

441 4861 754 4916 doctiorum
788 4870 908 4914 esto
929 4861 1224 4929 judicium.

515 4953 606 5006 ΙΙΙ.
641 4951 923 5008 Posterior
951 4952 1325 5021 prolixiorque
1353 4947 1588 5020 Nysseni
1621 4963 1801 5002 sermo
1851 4949 2091 5019 Spiritus
2126 4953 2305 5004 sancti
2340 4952 2706 5019 majestatem,
2733 4951 2786 5006 et
2822 4967 2946 5006 cum
2993 4951 3155 5006 Patre
3214 4950 3463 5022 Filioque
3517 4968 3669 5023 requa

442 5047 672 5107 litatem,
703 5046 970 5100 adversus
1008 5042 1427 5097 Macedonianos
1463 5050 1691 5108 tuetur;
1723 5043 1959 5108 objectis
1993 5043 2098 5097 sibi
2139 5043 2510 5112 rel‘utatisque
2556 5042 3183 5098 Pneumatomachorum
3233 5046 3601 5114 argumentis,
3648 5058 3703 5099 et

443 5141 665 5208 insuper
699 5139 765 5193 de
795 5153 898 5194 suo
929 5138 1129 5191 additis
1165 5135 1348 5206 gravis
1378 5135 1638 5204 ponderis
1674 5135 2209 5190 conﬁrmationibus.
2243 5135 2363 5190 Jam
2399 5151 2530 5190 vero
2560 5135 2786 5190 secundi
2815 5137 2981 5204 hujus
3016 5137 3286 5192 sermonis
3317 5138 3545 5210 contigit
3569 5139 3702 5193 mihi

427 5239 489 5283 ut
522 5231 832 5285 testimonia
856 5244 1077 5298 quoque
1099 5229 1450 5298 antiquorum
1495 5226 1875 5287 nanciscerer,
1917 5240 2039 5294 quae
2069 5240 2121 5294 p.
2157 5224 2227 5277 2O
2255 5224 2379 5292 (col.
2417 5224 2578 5293 l507)
2603 5225 2659 5278 in
2685 5225 2909 5280 Scholia
2936 5228 3190 5296 exposui.
3211 5225 3279 5282 Et
3323 5230 3471 5299 quod
3501 5232 3722 5286 adAlla-

428 5321 567 5376 tium
600 5323 796 5376 attinet
823 5320 896 5376 ibi
920 5321 1171 5391 paritera
1207 5335 1292 5375 me
1310 5320 1611 5384 laudatum,
1633 5319 1868 5373 lectores
1888 5331 2105 5376 moneo,
2131 5316 2506 5370 testimonium
2535 5315 2676 5370 idem
2709 5317 2778 5371 ab
2817 5332 2883 5370 co
2915 5319 3085 5387 repeti
3123 5320 3176 5374 iu
3200 5320 3397 5390 synodi
3423 5321 3712 5391 Ephesinze

456 5410 717 5465 Viudiciis
748 5427 870 5482 cap.
901 5411 989 5466 70.
1033 5414 1214 5482 Atque
1249 5422 1308 5466 ut
1336 5414 1508 5482 septis
1542 5413 1752 5467 nostris
1782 5413 1946 5482 paulo
1976 5413 2334 5475 excedamus,
2374 5419 2564 5464 narrat
2612 5410 2779 5464 etiam
2817 5406 3121 5459 Bandinius
3179 5404 3233 5457 iu
3275 5401 3536 5474 Catalogo
3588 5406 3707 5459 Bib.

450 5505 615 5557 Laur.
645 5503 739 5557 Gr.
773 5513 816 5558 t.
849 5502 936 5566 lll,
971 5521 1024 5574 p.
1050 5505 1174 5558 524.
1209 5513 1415 5569 narrat,
1468 5507 1716 5575 inquam,
1754 5504 1808 5558 in
1848 5504 2091 5558 Mediceo
2125 5503 2312 5558 codice
2335 5515 2550 5566 octavo,
2586 5500 2732 5554 Plut.
2767 5499 2858 5562 86,
2885 5498 3027 5552 inter
3059 5496 3208 5550 varia
3243 5495 3466 5550 Patrum
3518 5513 3711 5552 excer-

450 5603 539 5665 pta
589 5594 695 5666 legi
731 5596 896 5648 etiam
921 5594 1164 5665 Gregorii
1195 5595 1425 5664 A'ysseni
1458 5595 1819 5665 fragmentum
1846 5610 1910 5648 ex
1940 5596 2181 5650 oratione
2211 5595 2275 5647 de
2307 5595 2512 5661 Spiritu
2537 5601 2721 5646 sancto
2769 5599 2954 5643 contra
3010 5587 3448 5642 Macedonianos.
3482 5586 3620 5640 Num
3655 5586 3710 5640 id

447 5701 578 5740 vero
604 5686 658 5740 in
683 5687 907 5740 citatum
947 5688 1015 5741 ab
1055 5688 1175 5740 aliis
1207 5685 1413 5740 Graecis
1439 5694 1532 5754 (ut
1562 5686 1616 5738 in
1650 5686 1782 5742 adu.
1817 5693 2050 5755 nostra)
2088 5687 2317 5750 incidat,
2351 5703 2420 5740 an
2452 5686 2728 5741 diversum
2764 5683 2856 5744 sit,
2895 5679 3144 5749 equidem
3180 5681 3300 5734 sine
3341 5680 3552 5734 codicis
3581 5677 3701 5731 Flo-

448 5780 650 5834 rentini
682 5779 1022 5850 inspectione
1079 5782 1304 5835 delinire
1352 5796 1587 5850 nequeo.
1633 5779 1738 5835 Sed
1770 5781 1983 5836 etiamsi
2016 5780 2068 5834 id
2104 5780 2243 5834 forte
2269 5780 2476 5834 nostris
2512 5779 2564 5833 in
2595 5779 2812 5849 paginis
2835 5795 2941 5834 non
2973 5779 3264 5849 legeretur,
3319 5777 3476 5830 locus
3530 5777 3576 5831 ei
3617 5793 3708 5831 suo

447 5880 630 5937 uet'ost
665 5873 718 5927 in
749 5875 945 5929 lacuna
986 5874 1039 5928 in
1081 5890 1245 5944 quam
1286 5872 1532 5928 Vaticani
1568 5877 1839 5931 sermonis
1871 5873 1994 5929 ﬁnis
2035 5874 2381 5943 dcmcrgitur.
