4120 6394
354 445 483 503 1281

1385 438 1756 496 ADVERSUS
1779 397 2008 497 sinuat
2043 439 2128 494 ET
2170 442 2560 500 sanemus:

3471 438 3610 502 i282

1185 759 1411 846 ΤΟΥ
1510 762 1653 846 EN
1718 747 2077 846 ΑΓΙΟΙΣ
2176 755 2794 842 ΓΡΗΓΟΡΙΟΥ

1940 943 2158 994 ΛΟΓΟΣ

786 1113 1204 1226 ΚΑΤΑ
1276 1111 1830 1227 ΑΡΕΙΟΥ
1916 1113 2192 1223 ΚΑΙ
2289 1103 3186 1224 ΣΑΒΕΑΛΙΟΥ.

1419 1518 1512 1606 S.
1593 1519 1698 1604 P.
1780 1519 1897 1605 N.
1977 1516 2540 1606 GREGORII

1878 1708 2108 1763 SERMO

685 1912 1489 2031 ADVERSUS.
1595 1911 2046 2025 ARIUM
2181 1907 2360 2019 ET
2461 1904 3294 2020 SABELLIUM.

437 2294 504 2341 α’.
542 2305 560 2336 ι
607 2283 962 2356 Ἐξηρεύξατο
987 2285 1020 2355 ἡ
1046 2283 1240 2354 καρδία
1271 2299 1371 2352 μου
1398 2283 1554 2350 λόγον
1573 2281 1775 2350 ἀγαθὸν
1805 2281 1938 2351 (1),ι

2120 2282 2170 2334 1.
2205 2301 2222 2332 ι
2258 2281 2532 2336 Erucravit
2566 2297 2659 2332 cur
2689 2297 2864 2334 meum
2889 2281 3110 2334 verbum
3144 2281 3363 2342 bonum,
3404 2299 3420 2330 ι
3457 2295 3625 2349 nuper

371 2379 573 2450 ἀρτίως
607 2379 635 2430 ὁ
668 2376 971 2446 Ψαλμῳδὸς
1017 2376 1189 2443 ἔλεγε.
1223 2374 1424 2426 Τοῦτον
1453 2375 1544 2426 τὸν
1565 2374 1764 2441 ἀγαθὸν
1795 2374 1950 2441 λόγον

368 2469 463 2522 τοῦ
519 2467 652 2522 Θεοῦ
673 2469 719 2520 οί
760 2467 857 2537 μὲν
895 2465 1037 2519 κατὰ
1066 2467 1284 2536 Ἀρειον
1311 2465 1405 2517 καὶ
1447 2464 1710 2534 ’Δχίλλιον
1741 2465 1817 2534 (2)
1851 2467 1950 2536 τὴν

368 2558 739 2629 ἀσεϐεστάτην
799 2557 982 2628 φωνὴν
1036 2558 1374 2628 προϊέμενοι,
1409 2557 1718 2626 ἐτόλμησαν
1747 2557 1953 2627 κτίσμα

370 2653 466 2705 καὶ
487 2650 611 2720 ποίη
621 2667 698 2719 μα
721 2648 1064 2720 διακηρύξαι,
1085 2649 1180 2702 καὶ
1201 2648 1430 2712 πολλοὺς
1444 2651 1508 2719 τῇ
1541 2648 1747 2701 ἑαυτῶν
1770 2649 1952 2717 ἐφείλ-

373 2761 542 2798 κυσαν
570 2743 765 2814 πλάνῃ.
795 2743 858 2795 Οί
891 2741 948 2794 δὲ
972 2740 1110 2794 κατὰ
1136 2740 1443 2803 Σαὸέλλιον,
1467 2741 1726 2794 τάναντία
1750 2741 1954 2794 τούτων

372 2833 712 2905 φρονοῦντες,
773 2833 1016 2902 ἀναιρεῖν
1063 2831 1164 2901 μὲν
1193 2830 1487 2902 πειρῶνται
1525 2829 1623 2900 τὴν
1660 2830 1954 2884 ὑπόστασιν

371 2924 464 2977 τοῦ
493 2921 625 2977 Υίοῦ
652 2939 664 2952 ο
719 2921 881 2975 αὑτὸν
909 2921 965 2974 δὲ
1002 2920 1093 2974 τὸν
1119 2920 1340 2990 Πατέρα
1375 2920 1470 2972 ’ένα
1508 2919 1634 2974 ὄντα
1663 2920 1811 2973 δυσὶν
1837 2921 1954 2973 ὀνό-

375 3033 506 3088 μασι
532 3015 856 3085 γεραίροντα
899 3012 1153 3083 οἰόμενοι,
1196 3011 1499 3083 υίοπάτορα
1543 3012 1619 3082 ('5)
1675 3029 1954 3084 προσαγο-

376 3106 642 3179 ρεύουσιν.
668 3107 732 3159 Αἱ
757 3105 811 3158 δὲ
839 3104 1095 3174 ἑκάτεραι
1138 3102 1287 3167 δόξαι
1325 3096 1485 3156 αὗται
1514 3102 1700 3174 ὥσπερ
1732 3104 1956 3172 παγίδες

371 3199 466 3253 δύο
525 3198 792 3251 τέθεινται
843 3195 948 3249 ὑπὸ
980 3194 1090 3248 τῶν
1127 3193 1652 3264 προηγορευμένων⁸
1698 3194 1856 3248 δίεισι
1898 3193 1955 3246 δὲ

379 3291 516 3362 μέση
548 3307 633 3352 τις
658 3289 776 3352 ὁδὸς
803 3287 962 3357 στενὴ
1007 3287 1102 3339 καὶ
1133 3285 1470 3354 τεθλιμμένη
1499 3288 1532 3355 ἡ
1563 3285 1848 3353 ἀπάγουσα
1877 3287 1956 3349 είς

373 3383 471 3455 τὴν
487 3382 652 3451 ζωὴν,
681 3379 823 3434 κατά
848 3379 908 3432 τὸ
941 3377 1273 3446 Εὑαγγέλιον
1293 3394 1305 3408 ·
1335 3377 1537 3447 ταύτης
1562 3379 1612 3430 οί
1643 3378 1825 3431 πολλοὶ
1848 3380 1957 3432 τῶν

375 3473 676 3546 ἀνθρώπων
701 3472 1058 3534 ἐκκλίνοντες,
1092 3470 1192 3540 τῆς
1221 3470 1414 3541 ἑτέρας
1437 3471 1660 3541 θήραμα
1691 3472 1952 3539 γίνονται.

376 3565 448 3616 Σὺ
470 3564 527 3616 δέ
556 3581 646 3634 μοι
673 3563 850 3625 δοκεῖς
881 3561 955 3631 (4)
977 3559 1270 3614 δεδοικέναι
1310 3560 1411 3623 τὰς
1435 3561 1708 3632 ἑκατέρων
1736 3562 1957 3632 ἐμπτώ-

2055 2373 2343 2429 Psalmista
2397 2374 2538 2428 dixit
2566 2374 2604 2426 ¹.
2662 2373 2772 2428 lloc
2833 2373 3036 2426 bonum
3100 2374 3325 2425 verbum
3387 2372 3499 2424 Arii
3572 2386 3626 2423 et

2053 2467 2271 2521 Acbillii
2325 2465 2549 2521 asset-Ite
2599 2464 3068 2534 irreligiosissimo
3106 2462 3269 2517 etiam
3324 2465 3446 2517 ausi
3498 2474 3627 2518 sunt

2053 2567 2361 2614 creaturam
2412 2559 2790 2627 facturamque
2841 2556 3156 2627 praedicare,
3214 2555 3521 2624 multosque
3571 2557 3626 2610 in

2054 2666 2296 2706 errorem
2360 2664 2519 2705 suum
2580 2656 2986 2719 pertraxerunt.
3053 2647 3349 2701 Sabelliani
3408 2653 3625 2712 autem,

2055 2741 2334 2796 contraria
2373 2741 2459 2796 his
2488 2742 2807 2801 sentientes.
2839 2737 2959 2791 Filii
2993 2737 3210 2807 quidem
3248 2753 3532 2806 personam
3561 2739 3630 2793 de

2055 2834 2233 2888 medio
2261 2833 2448 2886 tollere
2480 2844 2783 2896 conantur;
2816 2832 2992 2900 ipsum
3024 2845 3151 2883 vero
3189 2827 3422 2893 Patrem,
3461 2846 3628 2884 unum

2056 2925 2270 2979 duobus
2298 2924 2612 2977 nominibus
2636 2923 2920 2992 praeditum
2942 2931 3209 2989 putantes,
3227 2921 3627 2990 hyiopatorem,

2057 3017 2112 3070 id
2144 3024 2228 3071 est
2258 3013 2458 3068 Filium
2487 3015 2647 3068 simul
2677 3013 3014 3083 Patremque,
3058 3013 3354 3082 appellant.
3390 3011 3629 3080 Utraque

2057 3107 2278 3175 quidem
2313 3105 2607 3168 sententia,
2639 3120 2737 3159 ceu
2772 3104 2970 3173 duplex
3004 3105 3252 3172 laqueus,
3290 3119 3319 3157 a
3355 3105 3629 3174 praedictis

2059 3197 2399 3263 intenditur;
2431 3198 2604 3251 media
2641 3213 2768 3250 vero
2800 3196 3002 3249 incedit
3034 3204 3262 3263 angusta
3297 3196 3542 3266 quaedam
3577 3207 3631 3250 et

2058 3295 2209 3341 arcta
2249 3289 2358 3348 via,
2390 3303 2511 3355 qua:
2543 3287 2606 3340 ed
2634 3287 2816 3350 vitam,
2854 3295 2912 3340 ut
2941 3287 3012 3338 ait
3040 3286 3409 3356 Evangelium,
3435 3287 3586 3340 ducit
3612 3304 3628 3351 ;

2058 3393 2088 3431 a
2123 3393 2228 3446 qua
2259 3378 2412 3430 tnulti
2459 3379 2708 3430 homines
2747 3376 3114 3437 declinantes,
3163 3377 3216 3430 in
3273 3377 3443 3431 altera
3479 3393 3634 3445 gras—

2058 3470 2324 3522 sationem
2389 3469 2694 3538 patiuntur.
2743 3465 2822 3519 Tu
2876 3477 3061 3520 autem
3128 3466 3259 3518 mihi
3319 3466 3522 3521 videris
3577 3469 3630 3520 in

2059 3567 2346 3627 utramque
2377 3567 2585 3627 partem
2624 3559 2832 3627 lapsum
2867 3559 3080 3622 timere,
3112 3557 3344 3626 ideoque
3371 3565 3426 3611 et
3459 3558 3632 3625 ipsam

379 3671 513 3717 σεις,
550 3655 644 3707 καὶ
676 3653 843 3724 αὐτὴν
871 3651 1200 3719 ἀποφεύγειν
1237 3652 1336 3720 τὴν
1365 3651 1623 3723 ἀληθείας
1677 3652 1813 3719 ὁδὸν,
1842 3654 1952 3707 οἰό-

2059 3649 2310 3720 defugere
2340 3652 2584 3704 veritatis
2616 3651 2780 3714 viam,
2829 3650 2956 3702 dum
2991 3666 3183 3704 censes
3232 3666 3343 3704 non
3374 3662 3634 3720 oportere

381 3762 539 3815 μενος
578 3745 654 3816 μὴ
700 3744 809 3797 δεῖν
837 3743 966 3814 περὶ
992 3744 1127 3797 Θεοῦ
1159 3743 1316 3811 λόγον
1343 3742 1955 3815 προχειρίζεσθαι.“ορα

376 3838 554 3890 τοίνυν
594 3835 691 3907 μὴ,
741 3837 808 3905 τῇ
848 3833 955 3888 τῶν
986 3834 1130 3889 δυοῖν
1162 3835 1340 3905 πλάνῃ
1381 3833 1796 3904 εὐλαϐούμενος,
1822 3837 1952 3888 ἀσε-

377 3930 532 3991 ϐείας
573 3926 840 3997 τιμωρίαν
877 3926 1132 3998 ὀφλήσεις
1157 3942 1172 3958 ο
1213 3926 1374 3990 αὐτὸς
1414 3929 1444 3980 ὁ
1496 3925 1685 3998 Σωτὴρ
1717 3926 1823 3998 πρὸ
1854 3927 1956 3995 τῆς

378 4017 611 4096 ἀληθοῦς
630 4017 748 4071 ὁδοῦ
777 4015 1022 4087 έστηκὼς
1049 4015 1287 4087 κέκραγε
1307 4016 1480 4084 λέγων
1504 4034 1549 4067 οι
1600 4016 1738 4084 Ἐγώ
1772 4018 1888 4086 εἰμι
1920 4019 1953 4087 ὴ

379 4111 494 4173 ὁδὸς
514 4111 608 4164 καὶ
635 4113 668 4181 ἡ
703 4109 951 4178 ἀλήθεια.
992 4127 1010 4161 ι
1043 4107 1132 4179 Μὴ
1161 4107 1415 4180 ἐκκλίνῃς
1447 4110 1529 4173 είς
1550 4109 1620 4162 τά
1648 4108 1796 4175 δεξιά
1817 4110 1850 4178 ἢ
1877 4112 1954 4173 είς

379 4202 446 4256 τὰ
467 4200 750 4274 ἀριστερὰ,
779 4201 924 4264 ὅπως
971 4199 1242 4271 μηδετέρᾳ
1271 4199 1449 4252 αὐτῶν
1483 4199 1811 4272 προστύχῃς.
1845 4203 1956 4254 Καὶ

381 4291 575 4344 πάλιν-
619 4310 636 4341 ι
685 4288 824 4358 Ἐγώ
867 4292 980 4359 εἰμι
1019 4292 1052 4360 ἡ
1103 4289 1242 4360 θύρα
1293 4289 1399 4342 τῶν
1439 4290 1747 4360 προϐάτωνο
1795 4295 1823 4345 ὁ
1880 4293 1954 4364 μὴ

381 4382 564 4436 εἰσιὼν
591 4383 656 4434 δι’
683 4380 839 4452 ἐμοῦ,
866 4381 1000 4434 ἀλλὰ
1040 4380 1330 4452 ἀλλαχόθεν
1367 4381 1691 4447 ἀναϐαίνων,
1719 4382 1956 4453 κλέπτης

381 4476 498 4527 ἐστὶ
526 4475 618 4527 καὶ¹
689 4473 910 4546 λῃστὴς,
947 4492 966 4524 ι
1018 4472 1078 4535 ὃς
1105 4473 1200 4525 καὶ
1243 4471 1348 4525 ὑπὸ
1390 4471 1614 4540 παγίδος
1647 4473 1808 4536 ἁλοὺς
1855 4475 1960 4527 ἀπ-

381 4565 602 4620 ολεῖται.
627 4565 998 4617 Ἀκουέτωσαν
1016 4563 1194 4616 τοίνυν
1212 4563 1261 4615 οἱ
1278 4561 1414 4632 πρὸς
1435 4562 1533 4633 τὴν
1552 4561 1660 4614 τῶν
1679 4564 1955 4634 ἑκατέρων

381 4658 588 4728 πλάνην
615 4656 1002 4727 ἐπιτρέψαντες
1029 4657 1119 4709 τὸν
1141 4655 1285 4720 νοῦν,
1321 4655 1396 4718 ὼς
1429 4653 1570 4707 κατὰ
1598 4654 1758 4722 φύσιν
1783 4659 1811 4708 ὁ
1844 4657 1956 4708 Σω-

382 4750 485 4821 τὴρ
541 4748 696 4820 ἡμῶν
734 4748 938 4818 Ἰησοῦς
981 4747 1217 4818 Χριστὸς
1274 4746 1398 4811 Υἱὸς
1447 4746 1579 4798 Θεοῦ
1611 4746 1724 4799 ἔστι
1762 4765 1820 4799 τε
1861 4750 1955 4801 καὶ

383 4840 869 4912 προσαγορεύεται,
893 4841 986 4892 καὶ
1027 4839 1088 4891 οὐ
1114 4838 1322 4909 ποίημα
1346 4837 1420 4890 ὣν
1447 4838 1586 4891 κατά
1615 4839 1808 4908 χρῆσιν
1837 4840 1954 4891 ὀνο-

457 4983 472 5012 ¹
496 4981 639 5036 l’sal.
669 4997 814 5044 μιν,
839 4979 893 5032 2.
970 4981 990 5010 ³
1028 4977 1186 5031 Joan.
1223 4994 1332 5040 xw,
1362 4978 1415 5032 6.
1492 4977 1513 5008 ³
1543 4975 1704 5030 Joan.
1730 4994 1784 5041 χ,
1831 4978 1882 5034 7.

455 5116 531 5184 (l)
595 5113 745 5166 “anc
797 5112 992 5182 psalmi
1051 5112 1378 5184 locutionem
1437 5113 1825 5184 intellexerunt
1886 5115 1951 5167 de

386 5182 549 5239 Verbi
597 5184 786 5238 aeterni
823 5183 1174 5252 generatione
1205 5183 1540 5236 Athanasius
1577 5182 1629 5234 in
1676 5198 1956 5237 commen-

385 5259 546 5317 tario,
584 5269 686 5308 nec
727 5269 831 5307 non
882 5253 1120 5323 Cyrillus
1162 5253 1288 5323 item
1333 5254 1389 5306 in
1436 5253 1956 5323 sua_explanatione

387 5326 527 5394 apud
587 5341 728 5390 nos;
771 5321 1008 5391 denique
1063 5331 1117 5376 et
1165 5322 1489 5394 Ambrosius
1540 5321 1616 5376 De
1663 5323 1953 5391 uirginibus

387 5390 478 5448 lib.
511 5411 592 5461 ιιι,
633 5411 754 5464 cap.
781 5395 846 5464 rt.
866 5390 1156 5464 Quinvero
1194 5390 1505 5464 aliiPatres
1535 5408 1642 5446 non
1665 5394 1732 5446 de
1752 5390 1956 5464 attento

387 5465 585 5525 Verbo,
624 5461 716 5518 sed
760 5463 826 5517 de
875 5463 1216 5531 prOphetico,
1252 5461 1339 5514 hic
1381 5463 1714 5529 cogitarunt.
1750 5463 1955 5516 idcirco

383 5534 806 5605 Augustinusiu
859 5549 956 5605 sua
1003 5532 1195 5601 psalmi
1224 5532 1400 5605 huius
1451 5533 1955 5605 niveum-ratione

384 5599 498 5659 ait':
532 5604 662 5667 Quis
683 5603 813 5656 dicit
839 5606 862 5658 ?
901 5599 1080 5663 Pater,
1107 5619 1175 5654 an
1216 5599 1480 5668 Propheta
1505 5603 1528 5654 ?
1573 5600 1951 5654 Intellexerunt

383 5675 521 5727 enim
545 5674 762 5741 quidam
780 5672 956 5726 Patris
982 5687 1256 5738 personam
1288 5673 1510 5727 dicentis
1537 5688 1555 5724 :
1577 5690 1594 5723 ι
1623 5671 1948 5731 Erat-tavit,»

384 5752 519 5804 etc.,
544 5745 961 5797 commendantis
992 5742 1138 5796 nobis
1157 5743 1486 5795 nativitatem
1515 5741 1799 5810 quamdam
1830 5742 1955 5809 inef-

305 5871 312 5888 ‘
388 5812 622 5888 Ῑιώίίειηξ
678 5812 835 5866 hunc
896 5813 961 5888 ad
1021 5814 1268 5888 prioreul
1309 5812 1456 5865 illam
1520 5813 1953 5888 nobilioremque

389 5885 718 5938 Sententiam
765 5883 975 5938 accedit
1013 5880 1524 5954 nosterl‘iyssenus.
1577 5880 1685 5937 Sed
1716 5897 1812 5936 cur
1855 5886 1951 5946 ait,

2059 3741 2127 3796 de
2159 3740 2266 3795 Deo
2300 3743 2462 3795 verba
2496 3740 2634 3794 fieri.
2665 3743 2810 3795 Cave
2842 3742 3008 3811 igitur
3034 3757 3121 3806 ne,
3150 3742 3279 3794 dum
3312 3742 3368 3795 in
3403 3753 3634 3812 utraque

2061 3835 2142 3887 ria
2177 3849 2417 3888 errorem
2458 3835 2700 3897 metuis,
2734 3835 3159 3904 irreligiositatis
3197 3849 3414 3903 pinnam
3448 3835 3635 3888 incur-

2058 3943 2147 3980 ras
2173 3946 2186 3980 :
2217 3943 2450 3994 namque
2481 3927 2596 3996 ipse
2627 3927 2885 3982 Servator
2918 3929 2971 3981 in
3002 3945 3141 3983 verae
3172 3929 3272 3983 viae
3295 3929 3472 3997 capite
3501 3943 3635 3982 con-

2060 4021 2289 4073 stitutus
2323 4019 2582 4072 clamavit
2619 4019 2848 4074 dicens:
2899 4039 2916 4069 ι
2960 4018 3072 4089 Ego
3119 4035 3238 4073 sum
3267 4021 3352 4073 via
3409 4027 3464 4074 et
3491 4022 3636 4073 veri-
3680 4030 3688 4038 '

2063 4121 2146 4164 tas
2173 4112 2213 4163 ‘.
2247 4130 2266 4161 ι
2300 4110 2443 4164 Cave
2479 4112 2533 4164 in
2580 4110 2858 4166 dexteram
2897 4113 3245 4166 sinistramre
3279 4121 3484 4181 partem
3527 4113 3635 4168 tle-

2063 4203 2210 4265 vies,
2244 4218 2314 4257 ne
2354 4203 2495 4257 forte
2550 4203 2606 4256 in
2659 4213 2852 4256 neutra
2918 4204 3214 4258 consistas.
3279 4203 3343 4258 Et
3398 4219 3632 4260 rursus:

2069 4313 2087 4345 ι
2121 4294 2232 4364 Ego
2277 4311 2396 4350 sum
2428 4295 2629 4348 ostium
2664 4296 2867 4347 ovium.
2921 4294 3023 4360 Qui
3083 4292 3178 4364 per
3213 4312 3298 4349 me
3323 4310 3431 4349 non
3463 4297 3638 4350 intro-

2067 4387 2210 4452 ierit,
2245 4386 2339 4441 sed
2367 4387 2586 4440 aliunde
2611 4388 2868 4450 subierit,
2899 4387 2984 4440 fur
3013 4395 3096 4441 est
3140 4395 3193 4439 et
3235 4386 3376 4440 latro
3399 4387 3440 4450 ³,
3479 4406 3498 4438 ι
3542 4389 3636 4456 qui

2066 4479 2231 4530 etiam
2283 4477 2479 4548 laqueo
2519 4487 2712 4546 captus
2748 4480 2966 4547 peribit.
3003 4477 3243 4530 Audiant
3282 4492 3413 4547 ergo
3439 4479 3532 4547 qui
3567 4477 3636 4532 ad

2065 4571 2391 4622 alterutrum
2427 4571 2541 4622 Arii
2580 4571 2660 4624 vel
2692 4569 2914 4623 Sabellii
2946 4583 3186 4623 errorem
3211 4576 3449 4623 mentem
3479 4585 3635 4625 suam

2063 4668 2490 4725 converterunt,
2535 4663 2782 4727 audiant,
2823 4663 3069 4731 inquam,
3142 4663 3490 4718 Servatorem
3538 4677 3640 4716 no-

2064 4763 2237 4804 strum
2273 4751 2462 4808 Jesum
2504 4754 2787 4809 Christum
2826 4755 3128 4809 naturalem
3172 4753 3268 4809 Dei
3295 4769 3416 4810 esse
3439 4753 3635 4809 Filium

2063 4855 2115 4896 et
2152 4845 2432 4913 appellari,
2477 4862 2583 4899 non
2627 4855 2805 4900 autem
2855 4863 2953 4900 ceu
2990 4858 3322 4910 creaturam,
3369 4848 3636 4903 abusione

2058 5113 2279 5194 ἀρτίως,
2319 5114 2368 5194 id
2394 5124 2480 5194 est
2521 5131 2703 5178 nuper,
2726 5115 3028 5194 _Psali_nista
3051 5119 3238 5194 dixit?
3260 5128 3476 5194 t‘tempe
3507 5127 3635 5194 quia

2061 5183 2240 5236 thema
2278 5187 2445 5238 veluti
2500 5187 2770 5240 sermonis
2809 5188 2891 5240 sui
2927 5199 3118 5241 contra
3180 5183 3432 5252 Ariauos'.
3490 5183 3635 5250 hunc

2060 5253 2263 5328 psalmi
2286 5256 2630 5328 versiculum;
2657 5259 2958 5324 sumpsisse
2987 5256 3266 5328 Nysseuus
3295 5263 3528 5319 videtur.

2131 5322 2206 5388 (‘2)
2239 5324 2525 5389 Achillius,
2589 5325 2705 5380 sive
2769 5322 3050 5388 Achillas;
3098 5330 3362 5387 diaconus
3397 5333 3635 5389 Alexan-

2059 5392 2273 5464 drinus,
2320 5396 2464 5449 inter
2490 5397 2799 5464 praecipuos
2853 5405 2908 5450 et
2959 5398 3323 5456 ferventior-es
3363 5405 3475 5456 Arii
3539 5424 3634 5459 su-

2061 5463 2412 5539 t_lales_atque
2442 5463 3033 5539 consectaneosLapud
3087 5469 3365 5525 Socratem
3413 5473 3558 5529 Hist.
3593 5491 3633 5539 ι,

2060 5533 2114 5593 ’5,
2144 5543 2198 5586 et
2224 5532 2630 5589 Theodoretum
2667 5537 2792 5588 item
2833 5532 2978 5590 Hist.
3019 5555 3056 5599 ι,
3091 5540 3142 5592 4.

2238 5600 2585 5682 adnotemus
2601 5606 2917 5659 vocabulum
2942 5609 3311 5682 Sabellianum
3335 5610 3635 5682 hyiopator.

2132 5673 2208 5739 (4)
2238 5675 2503 5742 Loquitur
2545 5676 2819 5752 Nyssenns
2856 5692 2978 5752 cum
3029 5679 3238 5752 aliquo,
3289 5673 3392 5734 cui
3433 5673 3636 5752 petenti

2063 5743 2165 5815 hoc
2200 5753 2432 5798 tractatu
2471 5743 2764 5815 respondet
2794 5763 2807 5811 ;
2844 5749 2922 5799 vel
2972 5743 3152 5815 potius
3209 5743 3549 5808 dubitantem
3585 5757 3639 5809 in

2063 5814 2323 5892 religione
2381 5814 2674 5878 hominem,
2729 5828 2820 5868 aut
2876 5814 3100 5872 omnino
3169 5821 3490 5878 haereticuin
3538 5824 3639 5878 ob-

2054 5895 2260 5956 Jurgat.
