4120 6394
522 428 661 484 1985

523 553 780 618 quadam,
829 547 1073 601 humano
1119 561 1269 602 more
1321 545 1517 601 Filium
1572 549 1879 611 nominari;
1931 564 2104 616 neque

523 656 646 693 cum
686 640 946 693 habuisse
982 639 1222 701 initium,
1259 639 1353 693 sed
1377 647 1641 692 aeternum
1682 639 2101 708 esse;ideoque

525 746 620 799 per
646 730 861 784 intinita
895 730 1095 785 saacula
1132 731 1187 785 in
1221 731 1442 800 propria
1474 731 1760 801 hypostasi
1795 746 1917 784 cum
1942 728 2103 785 l’atre

524 833 903 891 regnaturum.

594 915 650 969 2.
689 914 852 983 Atqui
886 913 1033 968 dicet
1064 913 1302 969 fortasse
1346 914 1547 983 aliquis
1574 933 1585 968 :
1611 914 1784 969 Omne
1822 918 1967 985 quod
2000 918 2103 970 ini-

526 1004 605 1059 tio
636 1014 806 1070 caret,
843 1007 947 1060 erit
979 1006 1109 1060 item
1147 1006 1468 1074 ingenitum.
1512 1004 1796 1071 Quomodo
1838 1022 1967 1075 ergo
2011 1006 2101 1060 Fi—

525 1098 635 1153 lius
675 1105 823 1151 recte
868 1096 1085 1151 dicetur
1136 1112 1258 1150 esse
1297 1097 1504 1167 absque
1561 1095 1754 1161 initio,
1807 1097 1966 1164 cujus
2017 1099 2101 1151 vel

525 1191 702 1259 ipsum
738 1203 935 1241 nomen
975 1188 1193 1241 initium
1236 1189 1625 1242 demonstrat?
1657 1187 1792 1241 Nam
1836 1188 2008 1242 Filius
2036 1206 2102 1242 ex

521 1297 588 1336 eo
618 1280 761 1350 quod
794 1281 865 1334 sit
902 1281 1120 1350 genitus
1142 1282 1479 1333 nominatur.
1530 1279 1684 1344 Quod
1724 1290 1901 1333 autem
1939 1297 2103 1350 gene-

523 1375 663 1428 ratio
692 1374 975 1428 notionem
1020 1373 1160 1426 initii
1202 1372 1505 1435 contineat,
1544 1387 1706 1425 nemo
1758 1372 1997 1440 negabit.
2043 1370 2100 1424 Si

521 1481 653 1535 ergo
686 1464 856 1519 Filius
891 1471 995 1526 est,
1020 1465 1131 1533 jam
1157 1465 1317 1518 nobis
1348 1450 1567 1517 constat
1606 1480 1728 1517 eum
1761 1479 1826 1517 ex
1876 1478 2102 1532 genera-

533 1559 683 1611 tione
721 1557 935 1610 initium
971 1570 1093 1609 esse
1128 1557 1423 1609 sortitum:
1464 1566 1515 1609 et
1559 1556 1792 1607 fortasse
1825 1556 1987 1607 etiam
2041 1554 2101 1607 fi-

523 1661 645 1699 nem
684 1660 806 1699 esse
844 1645 1197 1706 habiturum,
1240 1643 1381 1696 dicet
1413 1644 1610 1711 aliquis
1667 1643 2098 1711 philosophicam

523 1736 790 1789 rationem
820 1748 1059 1788 secutus.
1087 1732 1229 1797 Quin
1273 1732 1409 1785 adeo
1445 1732 1738 1800 Apostolus
1774 1732 1887 1783 ait‘
1923 1732 2097 1799 ipsum

523 1830 640 1883 t'ore
691 1828 999 1896 subjectum
1052 1826 1127 1879 illi
1186 1825 1279 1894 qui
1336 1823 1510 1878 eidem
1579 1832 1779 1877 cuncta
1843 1825 2096 1892 subjecit,

521 1918 778 1988 Patrique
805 1918 913 1971 Deo
951 1933 1177 1986 regnum
1223 1916 1593 1971 traditurum:
1635 1917 1989 1985 quamobrem
2015 1932 2100 1966 ar-

522 2013 710 2065 bitrari
749 2012 872 2064 licet
911 2011 1087 2079 ipsum
1140 2009 1285 2062 haud
1352 2010 1633 2063 exstitisse
1679 2016 1973 2076 antequam
2019 2007 2099 2077 gi-

521 2112 800 2173 gneretur.
842 2117 1145 2170 rursusque
1174 2101 1226 2153 in
1262 2101 1491 2154 nihilum
1528 2101 1641 2154 fore
1664 2101 2095 2155 dissolvendum.

521 2196 737 2264 Agesis,
786 2209 997 2247 meeum
1038 2194 1346 2247 conscende
1389 2193 1441 2245 in
1495 2200 1666 2245 tutam
1716 2193 1838 2245 lidei
1892 2208 2093 2253 arcem,

522 2304 613 2346 ne.
656 2288 814 2357 quasi
852 2287 1093 2339 violento
1133 2288 1258 2339 llatu
1293 2286 1361 2339 ab
1417 2286 1611 2338 horum
1649 2296 2095 2353 argntiietitorum

521 2379 711 2431 fraude
733 2378 1012 2446 abreptus.
1042 2377 1284 2445 pulveris
1311 2378 1484 2430 instar
1516 2393 1677 2444 quem
1704 2388 1898 2432 ventus
1931 2380 2094 2446 rapit,

517 2478 675 2525 extra
732 2477 1021 2538 angustam
1082 2477 1398 2536 rectamque
1463 2469 1606 2520 viam
1667 2469 1721 2520 in
1774 2469 2096 2537 perditionis

520 2560 783 2615 barathra
816 2560 1145 2630 projiciaris.
1176 2557 1311 2611 Nam
1360 2559 1404 2612 si
1450 2558 1778 2612 universalis
1816 2558 1976 2612 Pater
2012 2560 2095 2611 in—

518 2653 736 2723 genitus
795 2659 879 2706 est
922 2658 977 2705 et
1026 2662 1287 2709 aeternus.
1330 2651 1554 2718 sapiens
1593 2660 1915 2719 potensque,
1945 2654 2093 2719 Apo-

518 2744 694 2799 stolus
758 2752 976 2808 autem,
1017 2742 1146 2795 dum
1212 2742 1369 2795 ﬁdem
1420 2757 1546 2810 erga
1607 2740 1790 2795 Jesum
1856 2745 2093 2805 nuntiat,

516 2835 698 2905 ipsum
739 2834 994 2889 omnibus
1028 2835 1287 2907 praedicat
1318 2848 1416 2886 ceu
1456 2833 1736 2887 Christum
1790 2833 1883 2888 Dei
1925 2836 2096 2887 virtu-

517 2934 624 2980 tem
663 2932 717 2980 et
758 2926 849 2980 Dei
912 2927 1239 2993 sapientiam
1267 2925 1310 2989 ⁸,
1358 2926 1636 2993 quomodo
1695 2925 1897 2978 audent
1953 2935 2093 2979 tem-

516 3018 668 3088 poris
701 3016 968 3072 limitibus
1002 3017 1331 3071 concludere
1374 3016 1619 3084 ejusdem
1659 3019 2091 3085 generationem,

518 3125 695 3179 neque
727 3118 986 3162 aeternam
1027 3116 1079 3161 et
1104 3108 1311 3177 absque
1337 3107 1495 3159 initio
1538 3106 1832 3174 reputare?
1870 3104 2002 3158 Nam
2048 3106 2091 3159 si

517 3199 817 3254 secundum
856 3198 1248 3250 nonnullorum
1285 3197 1599 3265 opinionem
1624 3196 1802 3264 spatio
1832 3196 2093 3264 temporis

517 3292 826 3347 Servatoris
895 3290 1068 3344 nostri
1133 3289 1413 3357 generatio
1478 3288 1804 3350 cohibetur,
1857 3288 2095 3339 violatur

516 3386 693 3441 honor
718 3400 824 3438 non
858 3384 983 3437 Filii
1023 3382 1422 3444 tantummodo,
1464 3395 1652 3433 verum
1688 3380 1849 3432 etiam
1892 3377 2091 3439 l’atris,

510 3481 667 3549 juxta
702 3480 877 3547 ipsius
912 3475 1031 3529 Filii
1058 3476 1265 3529 dictum
1296 3493 1308 3527 :
1352 3492 1371 3525 ι
1402 3472 1588 3543 Neque
1618 3488 1701 3525 me
1731 3473 1885 3526 scitis
1919 3487 2093 3540 neque

515 3571 728 3624 Patrem
768 3569 809 3622 ⁸.
864 3567 965 3632 Qui
1003 3581 1111 3619 non
1167 3564 1490 3619 honoriﬁcat
1551 3563 1771 3623 Filium,
1836 3578 1937 3615 nec
1990 3562 2093 3615 Pa-

514 3676 653 3718 trem
707 3661 925 3731 quidem
968 3658 1371 3718 honoriticat’;
1422 3676 1440 3708 ι
1497 3657 1748 3710 videlicet
1787 3656 1944 3718 quasi
2002 3657 2091 3709 ille

516 3770 625 3809 non
668 3754 943 3809 exstiterit
994 3761 1285 3820 antequam
1316 3751 1650 3821 gigneretur.
1690 3751 1772 3804 vel
1814 3752 1971 3819 quasi
2005 3750 2091 3803 hic

513 3846 769 3896 virtutem
820 3841 1256 3911 sapientiamque
1292 3854 1403 3892 non
1458 3838 1712 3892 habuerit
1766 3840 2087 3908 priusquam

514 3932 688 3987 Filius
724 3933 826 4003 ipsi
867 3940 1033 3987 esset.
1067 3932 1237 3985 Porro
1280 3938 1713 3984 consentaneum
1772 3931 1875 3983 erit
1928 3937 1984 3982 ut
2035 3928 2091 3982 hi

511 4025 825 4079 existiment
875 4039 943 4077 ne
981 4023 1146 4077 Deum
1196 4021 1415 4092 quidem
1444 4020 1746 4081 exstitisse,
1795 4029 2088 4089 antequam

512 4115 639 4171 Filii
693 4115 854 4169 Pater
902 4116 1193 4169 evaderet:
1238 4131 1361 4168 nam
1400 4129 1509 4183 quo
1540 4122 1702 4182 pacto
1752 4112 1895 4167 Deus
1932 4113 2091 4167 fuerit

1797 428 1852 483 S.
1895 428 2219 483 GREGORII
2263 428 2553 484 NYSSENI

3659 420 3821 474 1285

2134 554 2171 610 Α
2211 548 2461 619 μάζεται,
2490 552 2678 620 ὥσπερ
2703 553 2883 621 ἡμεῖς,
2912 552 3056 615 Υἱός·
3088 553 3179 604 καὶ
3203 553 3285 605 ὅτι
3309 551 3408 605 οὐκ
3432 551 3569 621 ἔχων
3596 550 3813 621 ἀρχὴν.

2211 641 2345 695 ἀλλὰ
2384 642 2588 703 ἀΐδιος·
2650 640 2739 693 διὰ
2788 642 2945 695 τοῦτο
2994 643 3089 695 καί
3122 644 3178 695 ἐν
3226 643 3602 713 ἁτελευτήτοις
3631 645 3821 695 aias:

2208 732 2326 785 κατ’
2357 733 2491 786 ἰδίαν
2516 733 2810 785 ὑπόστασιν
2841 734 3258 803 συμϐασιλεῦσει
3282 734 3359 804 τῷ
3382 733 3577 805 Πατρί.

2279 908 2344 976 β’.
2393 909 2530 961 Ἀλλ’
2566 908 2693 971 ἴσως
2733 910 2873 962 εἴποι
2903 928 2987 973 τις
3021 910 3084 964 ἄν
3111 927 3127 943 ⁶
3172 912 3284 964 Πᾶν
3314 910 3374 963 τὸ
3412 910 3666 982 ἄναρχον,
3698 912 3812 963 καὶ

2205 1000 2499 1070 ἀγέννητον
2522 1002 2587 1053 ἂν
2621 1002 2737 1072 εἴη·
2774 1001 2890 1063 πῶς
2938 1003 2965 1054 ὁ
3002 1001 3127 1063 Υἰὸς
3172 1003 3395 1061 εἰκότως
3426 1003 3491 1057 ἂν
3520 1020 3809 1072 προσαγο-

2208 1093 2416 1162 ρεύοιτο
2468 1094 2732 1164 ἄναρχος,
2787 1088 2849 1146 οὑ
2896 1095 2990 1146 καὶ
3048 1092 3285 1165 τοῦνομα
3344 1095 3580 1165 ἔμφασιν
3615 1096 3810 1165 ἀρχῆς

2204 1184 2315 1253 ἔχει
2343 1203 2357 1250 ;
2395 1184 2522 1246 Υἱὸς
2552 1185 2658 1255 γὰρ
2682 1186 2745 1237 ὲκ
2772 1185 2864 1237 τοῦ
2905 1185 3233 1253 γεγενῆσθαι
3270 1186 3603 1255 ὠνόμασται.
3633 1186 3807 1238 Γένε-

2206 1293 2289 1339 σις
2314 1277 2370 1330 δὲ
2413 1279 2494 1330 ὅτι
2552 1278 2641 1329 ὑπ’
2694 1279 2834 1347 ἀρχῇ
2892 1278 3305 1343 ὑποπέπτωκεν,
3348 1280 3445 1331 οὐκ
3481 1279 3543 1331 ἄν
3575 1296 3656 1341 τις
3693 1280 3805 1331 ἀν-

2207 1369 2413 1439 ῄναιτο.
2448 1369 2511 1420 Εἰ
2554 1365 2645 1422 οῦν
2691 1370 2819 1432 Υἰὸς
2850 1370 3125 1438 τυγχάνει,
3153 1370 3403 1440 δηλοῦται
3434 1373 3566 1440 ἡμῖν
3601 1372 3661 1423 ἐκ
3684 1372 3805 1440 τῆς

2203 1461 2506 1527 γεννήσεως
2555 1459 2728 1528 ἀρχὴν
2784 1458 3015 1529 εἰληφώς
3037 1478 3048 1488 ·
3083 1462 3213 1523 ἴσως
3248 1460 3303 1512 δὲ
3335 1460 3428 1513 καὶ
3465 1462 3615 1524 τέλος
3651 1462 3739 1526 EE:
3753 1482 3799 1528 ι,

2204 1551 2345 1602 εἴποι
2371 1567 2454 1611 τις
2491 1549 2555 1602 ἂν
2588 1550 2729 1602 κατά
2770 1550 2860 1601 τὸν
2904 1551 3188 1619 φιλόσοφον
3216 1551 3372 1619 λόγον
3392 1568 3404 1580 ·
3435 1551 3528 1603 καὶ
3554 1554 3583 1604 ὁ
3625 1553 3804 1604 Ἀπό-

2206 1642 2386 1705 στολος
2412 1643 2466 1694 δέ
2501 1659 2632 1712 φησι
2673 1643 3112 1711 ὑποταγήσεσθαι
3156 1645 3317 1697 αὑτὸν
3349 1642 3426 1713 τῷ
3459 1643 3799 1709 ὑποτάξαντι

2203 1735 2349 1804 αὑτῷ
2380 1736 2445 1787 τὰ
2480 1736 2676 1795 πάντα,
2703 1737 2796 1788 καὶ
2818 1735 3159 1805 παραδώσειν
3188 1736 3349 1789 αὑτὸν
3382 1734 3482 1804 τὴν
3511 1734 3798 1803 βασιλείαν

2202 1829 2278 1898 τῷ
2312 1829 2483 1898 Πατρί
2520 1830 2612 1881 καὶ
2651 1828 2795 1898 Θεῷ·
2853 1828 2926 1891 ὡς
2962 1827 3292 1897 ὑπειλῆφθαι
3330 1828 3491 1880 αὑτὸν
3529 1829 3627 1880 οὑκ
3654 1828 3798 1881 ὄντα.

2133 1949 2173 2002 Β
2205 1921 2309 1991 πρὸ
2340 1918 2431 1972 τοῦ
2488 1920 2799 1988 γεννᾶσθαι,
2840 1921 3001 1973 πάλιν
3028 1921 3108 1982 εἰς
3138 1921 3198 1973 τὸ
3226 1920 3299 1991 μὴ
3327 1919 3462 1974 εἶναι
3490 1924 3789 1992 χωρήσειν.

2212 2008 2471 2079 Ἀνὰϐηθί
2516 2026 2604 2079 μοι
2656 2010 2747 2061 ἐπὶ
2789 2009 2887 2078 τῆς
2938 2010 3211 2079 ἀσφαλοῦς
3252 2012 3509 2075 πίστεως,
3656 2030 3795 2065 συν-

2202 2100 2490 2171 αρπασθῇς
2534 2099 2722 2169 ὥσπερ
2775 2099 2926 2169 βιαία
2963 2104 3096 2172 πνοῇ
3125 2104 3190 2171 τῇ
3215 2101 3323 2155 τῶν
3355 2102 3607 2155 τοιούτων
3645 2104 3795 2168 λογι-

2203 2194 2353 2263 σμῶν
2396 2191 2598 2262 ἀπάτῃ.
2624 2192 2698 2253 ὡς
2724 2192 2883 2261 χνοῦς
2915 2192 2973 2244 ὃν
3003 2194 3250 2262 ἐκρίπτει
3276 2194 3303 2244 ό
3332 2196 3549 2262 ἄνεμος,
3593 2196 3654 2244 ἐκ
3683 2194 3792 2261 τῆς

2202 2285 2395 2353 στενῆς
2422 2285 2517 2335 καὶ
2555 2282 2771 2344 εὐθείας
2796 2284 2915 2335 ὁδοῦ
2942 2286 3032 2336 ἐπὶ
3064 2283 3313 2354 βάραθρα
3351 2286 3448 2353 τῆς
3487 2285 3785 2347 ἀπωλείας.

2201 2374 2261 2423 Εἰ
2290 2371 2395 2442 γὰρ
2418 2375 2445 2423 ὁ
2478 2372 2664 2442 Πατὴρ
2710 2370 2816 2423 τῶν
2862 2372 2999 2425 ὅλων
3024 2374 3315 2444 ἀγέννητος
3348 2376 3441 2426 καὶ
3471 2376 3657 2437 ἀΐδιος,
3690 2392 3786 2427 σο-

2199 2463 2295 2529 φός
2330 2480 2388 2513 τε
2420 2464 2513 2515 καὶ
2564 2463 2805 2529 δυνατὸς,
2849 2465 2876 2514 ὁ
2918 2464 2962 2516 δ’
2997 2465 3334 2531 Ἀπόστολος,
3365 2466 3462 2537 τὴν
3504 2469 3583 2529 εἰς
3620 2468 3789 2520 αὑτὸν

2200 2552 2379 2604 πίστιν
2433 2554 2938 2623 εὐαγγελιζόμενος,
2996 2556 3341 2628 διακηρὺττει
3380 2562 3513 2612 πᾶσι
3549 2561 3788 2630 Χριστὸν¹

2198 2642 2331 2694 Θεοῦ
2382 2642 2611 2713 δύναμιν
2670 2647 2761 2698 καὶ
2818 2646 2953 2699 Θεοῦ
3007 2650 3218 2715 σοφίαν,
3256 2650 3372 2713 πῶς
3413 2651 3478 2703 ἂν
3511 2652 3785 2721 τολμῶσιν

2200 2736 2303 2787 ὑπὸ
2333 2736 2521 2804 χρόνον
2544 2736 2698 2803 ἄγειν
2727 2737 2891 2789 αὑτοῦ
2916 2737 3012 2809 τὴν
3049 2742 3318 2811 γέννησιν,
3355 2744 3450 2795 καὶ
3485 2743 3583 2795 οὐκ
3612 2744 3783 2796 ἀΐδιον

2196 2827 2317 2879 οὐδὲ
2366 2828 2601 2899 ἄναρχον
2628 2830 3033 2901 ὑπολαμϐάνειν
3067 2850 3080 2897 ;
3140 2834 3202 2886 Εἰ
3249 2834 3357 2905 γάρ
3392 2835 3534 2889 κατά
3567 2838 3665 2907 τήν
3699 2854 3783 2889 τι-

2196 2936 2301 2971 νων
2348 2920 2614 2989 ὑπόληψιν
2638 2920 2743 2972 ὑπὸ
2795 2924 2985 2993 χρόνου
3043 2926 3235 2995 μοῖραν
3276 2926 3562 2979 πέπτωκεν
3604 2930 3636 2996 ή
3684 2927 3781 2981 τοῦ

2197 3010 2445 3080 Σωτῆρος
2493 3013 2651 3080 ἡμῶν
2701 3014 2936 3080 γένεσις,
3008 3017 3303 3086 ὴτίμασται
3347 3018 3425 3070 ἔτι
3463 3020 3523 3071 οὑ
3564 3020 3723 3089 μόνον
3753 3024 3781 3073 ό

2197 3099 2345 3161 Υἰὸς,
2378 3101 2511 3152 ἀλλά
2547 3104 2638 3155 καὶ
2683 3104 2711 3154 ὁ
2760 3105 2950 3175 Πατὴρ
2989 3106 3129 3157 κατά
3157 3107 3253 3175 τὴν
3283 3107 3374 3160 τοῦ
3400 3109 3530 3161 Υἱοῦ
3557 3112 3739 3181 φωνήν
3761 3130 3776 3142 ν

2203 3210 2219 3241 ‹
2244 3191 2380 3244 Οὔτε
2434 3194 2533 3262 ἐμὲ
2587 3195 2767 3248 οἴδατε
2823 3196 2945 3247 οῦτε
2981 3198 3068 3249 τὸν
3109 3199 3345 3270 Πατέρα.
3386 3201 3442 3253 Ὀ
3479 3201 3552 3271 μὴ
3608 3202 3779 3272 τιμῶν

2123 3289 2163 3344 C
2196 3285 2287 3337 τὸν
2330 3286 2470 3345 Υἱὸν,
2511 3286 2570 3337 οῦ
2606 3289 2740 3356 τιμᾷ
2769 3287 2858 3338 τὸν
2899 3288 3145 3357 Πατέρα·
3186 3308 3202 3339 ι
3242 3289 3297 3352 ὃς.
3330 3290 3446 3358 μὲν,
3489 3292 3563 3353 ὡς
3591 3292 3687 3343 οὑκ
3705 3292 3782 3343 ὢν

2200 3377 2305 3447 πρὸ
2331 3378 2423 3429 τοῦ
2454 3378 2724 3444 γενέσθαι,
2750 3380 2807 3441 ὃς
2841 3381 2917 3441 δὲ,
2948 3381 3023 3442 ὡς
3055 3382 3128 3450 μὴ
3150 3381 3286 3451 ἔχων
3320 3382 3548 3452 δύναμιν
3570 3384 3663 3437 καὶ
3691 3401 3783 3435 σο-

2200 3466 2325 3534 φίαν
2355 3468 2459 3538 πρὸ
2487 3468 2580 3520 τοῦ
2622 3465 2760 3522 εἶναι
2788 3470 2877 3522 τὸν
2902 3470 3050 3523 Υἰόν.
3103 3472 3434 3536 Ἀκολοὺθως
3461 3474 3505 3527 δ’
3547 3474 3613 3527 ἂν
3646 3476 3780 3527 ὑποο

2199 3558 2524 3628 λαμϐάνοιεν
2571 3562 2621 3613 οἱ
2657 3561 2887 3613 τοιοῦτοι
2930 3562 3063 3631 μηδὲ
3110 3562 3241 3615 Θεὸν
3274 3561 3410 3615 εἶναι
3440 3564 3531 3615 τὸν
3562 3564 3781 3633 Πατέρα

2201 3653 2351 3713 ποτὲ,
2386 3652 2515 3723 πρὶν
2548 3652 2799 3721 γενέσθαι
2830 3652 2923 3705 τοῦ
2964 3652 3094 3705 Υἰοῦ
3116 3669 3129 3683 ⁸
3167 3653 3283 3717 πῶς
3311 3655 3420 3725 γὰρ
3447 3655 3512 3707 ἂν
3542 3654 3693 3719 Θεὸς,
3728 3657 3777 3707 εἰ

2202 3742 2276 3813 μὴ
2298 3742 2526 3813 δύναμιν
2546 3744 2637 3795 καὶ
2660 3743 2850 3812 σοφίαν
2904 3744 3197 3814 ἐκέκτητος
3255 3746 3314 3797 Εἰ
3348 3746 3405 3797 δὲ
3445 3748 3531 3799 ἀεὶ⁸
3558 3746 3634 3798 ὢν
3647 3748 3779 3809 Θεὸς

2199 3834 2302 3887 ὑπὸ
2317 3834 2426 3887 τῶν
2451 3835 2608 3887 θείων
2629 3837 2759 3906 ἡμῖν
2778 3835 3009 3906 ι’ραφῶν
3046 3835 3413 3903 τεθέσπισται,
3442 3839 3528 3891 ἀεὶ
3556 3840 3662 3910 ἄρα
3692 3857 3779 3892 σο-

2197 3925 2324 3993 φίαν
2375 3926 2468 3979 καὶ
2520 3925 2769 3995 δύναμιν,
2814 3927 3059 3980 τοὺτέστι
3091 3929 3182 3979 τὸν
3213 3929 3467 3999 Χριστὸν,
3493 3930 3631 4000 ἔχων
3657 3932 3777 4001 μεθ’

2197 4019 2390 4071 ἑαυτοῦ
2421 4019 2752 4081 πιστευτέος.

2098 4153 2112 4175 ,
2144 4113 2250 4165 nisi
2283 4113 2541 4167 virtutem
2584 4128 2647 4167 ac
2680 4114 3005 4183 sapientiam
3039 4114 3392 4184 possederit?
3429 4114 3547 4169 Jam
3574 4134 3701 4172 vero
3726 4119 3775 4171 si

513 4211 681 4267 Deum
715 4211 781 4264 ab
807 4218 1011 4265 aeterno
1037 4211 1389 4264 exsistentem
1421 4209 1618 4263 divina:
1640 4209 1797 4263 nobis
1836 4208 2135 4278 Scriptura:
2173 4216 2465 4274 testantur,
2512 4209 2557 4263 is
2603 4210 2926 4279 sapientiam
2952 4227 3169 4283 semper
3247 4221 3412 4285 atque
3487 4216 3769 4275 virtutem.

512 4306 569 4362 id
600 4315 683 4359 est
723 4304 1004 4359 Christum
1027 4342 1041 4365 ,
1077 4318 1264 4357 secum
1301 4303 1562 4359 habuisse
1611 4301 1922 4357 credendus
1943 4309 2048 4355 est.

580 4396 635 4451 3.
675 4395 891 4449 Memini
929 4404 1111 4447 autem
1150 4410 1237 4447 me
1296 4404 1455 4448 antea
1487 4396 1839 4464 promittere,
1879 4394 1995 4448 fore
2030 4400 2091 4445 ut

512 4488 689 4542 Patris
724 4486 1014 4556 imaginem
1072 4494 1236 4555 atque
1286 4484 1405 4539 Filii
1461 4495 1720 4555 tanquam
1765 4487 1816 4539 in
1863 4486 2086 4554 speculo

509 4582 666 4635 vobis
709 4580 1146 4634 demonstrarem
1172 4617 1186 4640 ,
1218 4578 1661 4648 quandoquidem
1703 4579 1945 4632 humano
1973 4593 2090 4630 ser-

509 4674 655 4726 moni
686 4688 770 4726 res
798 4670 997 4725 divinae
1027 4678 1237 4723 natura:
1271 4686 1376 4723 non
1398 4670 1702 4739 suhjacent.
1735 4671 1868 4723 Nam
1896 4680 1947 4724 et
1974 4671 2089 4738 ipse

510 4764 652 4819 Deus
684 4763 829 4817 haud
882 4762 1185 4816 secundum
1231 4764 1504 4831 propriam
1546 4763 1944 4831 magnitudinis
1976 4761 2085 4814 vir-

504 4864 680 4910 tutem
716 4856 999 4909 nobiscum
1026 4856 1285 4924 loquitur,
1312 4855 1403 4908 sed
1438 4870 1591 4908 suam
1644 4854 1898 4907 humanis
1928 4852 2085 4906 audi-

506 4945 656 4999 tibus
682 4960 870 4999 vocem
907 4952 1252 5013 attemperat,
1279 4963 1389 5014 quo
1423 4944 1539 4998 ﬁeri
1565 4946 1738 5014 possit
1768 4957 1825 4998 ut
1845 4945 2083 4997 divinam

499 5053 698 5093 vocem
729 5039 956 5091 auribus
993 5037 1384 5105 percipiamus.
1418 5036 1888 5101 Quemadmodum
1921 5036 2083 5088 etiam

510 5131 830 5183 immensam
885 5139 938 5182 et
988 5128 1600 5196 incomprehensibilem
1654 5127 2082 5197 magnitudinem

506 5236 659 5273 suam
712 5219 967 5273 huinanis
1016 5218 1399 5271 accommodat
1458 5218 1692 5283 visibus,
1726 5226 1780 5271 ct
1839 5233 1962 5271 cum
2014 5218 2087 5271 sit

509 5313 671 5375 Deus,
704 5310 868 5364 homo
924 5312 1208 5380 apparuit;
1281 5309 1583 5363 exinanivit
1627 5310 1771 5363 enim
1832 5310 2088 5377 scmetip~

504 5420 646 5467 sum,
676 5403 901 5455 formam
938 5403 1079 5457 servi
1116 5402 1457 5472 accipiens",
1493 5409 1551 5455 ut
1580 5416 1868 5470 possemus
1909 5400 2087 5454 horni«

506 5510 603 5549 nes
635 5492 801 5548 Deum
834 5494 1037 5546 videre.
1069 5492 1241 5546 Sicuti
1279 5502 1410 5563 ergo
1437 5493 1715 5547 credimus
1752 5490 1945 5553 Deum,
1980 5491 2083 5545 etsi

505 5585 674 5640 homo
734 5601 842 5639 non
896 5586 985 5647 sit,
1025 5585 1302 5639 hominem
1362 5585 1709 5654 apparuisse,
1766 5598 2083 5653 quanquam

505 5687 699 5749 suapte
738 5687 938 5733 natura
982 5678 1125 5733 Deus
1156 5679 1322 5732 fuerit
1362 5686 1416 5730 et
1446 5678 1537 5741 sit,
1563 5678 1689 5746 quia
1720 5678 2083 5731 immensura-

506 5770 669 5826 bilem
697 5785 851 5836 suam
881 5771 1321 5841 magnitudinem
1358 5784 1588 5839 corpore
1617 5769 2078 5839 circumscripsit,

572 5882 643 5937 ιι
679 5881 806 5937 Cor.
843 5900 930 5945 xv,
968 5884 1163 5943 2i.€.’8.
1242 5885 1261 5913 ⁵
1295 5882 1311 5935 l
1348 5883 1471 5939 Cor.
1508 5901 1545 5950 ι,
1570 5884 1660 5939 ΞΗ.
1739 5886 1757 5914 ⁵
1786 5883 1946 5939 Joan.
1988 5901 2081 5939 vnt

2263 4400 2332 4461 γ’.
2380 4394 2679 4463 Μέμνημαι
2730 4394 2786 4446 δὲ
2840 4396 3205 4466 ὑποσχόμενος
3247 4396 3552 4467 ἔμπροσθεν
3583 4399 3776 4470 ὥσπερ

2190 4485 2255 4537 δι’
2312 4487 2576 4555 ἐσόπτρου
2617 4486 2811 4550 δείξειν
2860 4488 2987 4556 ὑμῖν
3029 4487 3128 4558 τὴν
3162 4490 3346 4542 εἰκόνα
3392 4490 3499 4542 τῶν
3524 4492 3650 4561 περὶ
3683 4492 3775 4544 τὸν

2191 4577 2406 4647 Πατέρα
2438 4579 2530 4630 καὶ
2561 4578 2651 4630 τὸν
2692 4577 2818 4630 Υἰόν
2839 4596 2851 4608 ·
2896 4580 3124 4652 ἐπείπερ
3178 4580 3503 4651 ἀνθρωπίνῳ
3533 4582 3674 4651 λόγῳ
3704 4584 3774 4635 τὰ

2190 4670 2332 4721 κατὰ
2358 4670 2454 4739 τὴν
2486 4670 2633 4722 θείαν
2671 4671 2830 4737 φύσιν
2872 4672 2969 4741 οὑχ
3020 4673 3401 4727 ὑποτέτακται.
3452 4674 3639 4726 Ὁπότε
3663 4676 3773 4742 γὰρ

2191 4766 2353 4828 αὑτὸς
2375 4768 2402 4818 ὁ
2426 4766 2555 4829 Θεὸς
2583 4769 2643 4820 οὑ
2668 4767 2806 4819 κατὰ
2839 4767 2936 4837 τὴν
2960 4768 3093 4820 ἰδίαν
3120 4766 3211 4821 τοῦ
3242 4769 3503 4838 μεγέθους
3543 4769 3771 4839 δύναμιν

2191 4859 2483 4913 διείλεκται
2513 4862 2669 4930 ἡμῖν,
2719 4859 2854 4912 ἀλλὰ
2896 4862 3202 4930 συμμετρεῖ
3243 4862 3361 4921 ταῖς
3404 4860 3769 4930 ἀνθρωπίναις

2190 4950 2380 5013 ἀκοαῖς
2432 4951 2530 5021 τὴν
2562 4950 2779 5029 ’ἑαυτοῦ
2838 4952 3040 5021 φωνὴν,
3070 4952 3218 5013 ὅπως
3242 4946 3344 5004 οἷοί
3378 4968 3434 5004 τε
3460 4945 3607 5021 ὦμεν
3649 4956 3771 5015 ταῖς

2190 5045 2379 5105 ἀκοαῖς
2405 5043 2501 5112 τὴν
2532 5043 2680 5096 θείαν
2704 5043 2883 5113 φωνὴν
2901 5042 3276 5108 ὑποδέξασθαι.
3304 5044 3411 5097 Καὶ
3436 5043 3544 5113 γάρ
3568 5061 3649 5096 τοι
3674 5047 3772 5096 καὶ

2189 5132 2249 5183 τὸ
2279 5133 2602 5185 ἀνύποιστον
2650 5135 2743 5185 καί⁵
2783 5133 3153 5204 ἀπερίληπτον
3180 5134 3405 5203 μέγεθος
3436 5135 3599 5187 αὑτοῦ
3630 5152 3767 5205 συμυ

2193 5227 2381 5293 μετρεῖ
2413 5227 2531 5287 ταῖς
2563 5224 2672 5277 τῶν
2719 5224 3021 5293 ἀνθρώπων
3051 5225 3227 5294 ὄψεσι,
3266 5227 3358 5277 καὶ
3386 5226 3516 5289 Θεὸς
3545 5225 3641 5286 ὢν,
3672 5229 3770 5280 ἀν-

2187 5315 2402 5386 θρωπος
2429 5316 2635 5384 πέφηνε
2656 5330 2669 5344 ·
2717 5316 2950 5369 ὲκένωσε
2985 5319 3092 5387 γὰρ
3120 5318 3309 5371 ἑαυτὸν
3340 5322 3551 5389 μορφὴν
3580 5320 3769 5373 δούλου

2184 5405 2384 5468 λαϐὼν,
2416 5408 2502 5459 ἵνα
2546 5406 2863 5477 δυνηθῶμεν
2897 5410 2945 5461 οἰ
2987 5409 3260 5479 ἄνθρωποι
3288 5411 3582 5463 θεάσασθαι
3615 5412 3769 5464 Θεόν.

2186 5500 2396 5567 Ὥσπερ
2416 5494 2507 5551 οὖν
2524 5499 2870 5568 πεπείσμεθα
2903 5501 2981 5552 ὅτι
3005 5502 3103 5554 οῦκ
3128 5502 3202 5554 ὢν
3224 5503 3528 5573 ἄνθρωπος,
3560 5504 3768 5572 πέφηνε

2187 5593 2285 5661 μὲν
2315 5590 2619 5661 ἄνθρωπος,
2663 5592 2802 5645 κατά
2846 5592 3005 5659 φύσιν
3040 5594 3096 5646 δὲ
3133 5594 3264 5657 Θεὸς
3304 5592 3370 5665 ἦν
3410 5613 3468 5647 τε
3499 5598 3592 5648 καὶ
3624 5595 3765 5657 ἔστι,

2188 5681 2249 5733 τὸ
2287 5681 2655 5751 ἀπερίληπτον
2693 5680 2918 5751 μέγεθος
2947 5682 3110 5734 αὑτοῦ
3154 5684 3365 5754 σώματι
3396 5683 3765 5755 περιγράψας,

2190 5773 2282 5826 καὶ
2313 5773 2376 5825 δι’
2406 5772 2620 5835 ἑαυτοῦ,
2650 5772 2836 5841 ὥσπερ
2857 5773 2922 5825 δι’
2960 5774 3247 5844 ἐσόπτρου,
3282 5775 3340 5827 τὸ
3360 5776 3477 5829 ὅλον
3507 5777 3639 5845 ἡμῖν
3669 5774 3771 5843 μὲο

2092 5929 2104 5951 ,
2140 5886 2224 5941 19.
2302 5886 2319 5916 ⁷
2346 5884 2506 5939 Joan.
2537 5903 2587 5952 ν,
2620 5886 2709 5939 25.
2778 5886 2798 5916 ⁸
2827 5885 3059 5960 Philipp.
3097 5904 3155 5955 tt,
3185 5889 3231 5941 7.
