4120 6394
388 431 528 486 1285

1409 423 1780 491 Αονείιευε
1815 432 2037 488 ARIUM
2078 431 2165 485 ET
2195 433 2608 494 SABELLIUM.

3505 447 3641 503 1286

381 551 541 620 γεθος
594 546 688 600 τοῦ
719 547 851 603 Θεοῦ
887 550 1130 619 πειρήνας
1150 591 1163 613 ,
1205 551 1268 604 ἶν’
1299 551 1487 625 ῶσπερ
1533 554 1760 625 διόπτρᾳ
1791 552 1956 624 τούτῳ

2069 560 2233 622 atque
2259 557 2315 610 in
2346 573 2405 612 se
2439 558 2578 626 ipso,
2618 567 2874 632 tanquam
2913 561 2964 616 in
2998 567 3241 635 speculo,
3279 576 3448 624 totam
3479 576 3639 628 nobis

383 642 738 713 χρησάμενοι,
769 643 863 694 καὶ
889 642 983 694 τοῦ
1013 645 1224 713 Πατρὸς
1244 644 1431 697 θεαταὶ
1453 647 1736 717 γενώμεθα
1758 629 1963 724 εἰκὼν

384 733 492 803 γὰρ
517 732 610 786 τοῦ
638 733 870 803 ἀοράτου
899 734 1034 788 Θεοῦ
1065 737 1205 790 κατὰ
1228 737 1319 790 τὸν
1334 738 1651 792 Ἀπόστολον
1680 732 1963 812 τιήχάνων

385 823 624 895 εῐρηκενσ
656 843 674 875 σ
698 825 754 877 '0
773 825 1031 896 ἑωρακὼς
1051 827 1172 897 ἐμὲ,
1202 829 1411 900 ἑώρακε
1437 831 1525 883 τὸν
1546 831 1786 902 Πατέρα·
1813 853 1831 882 ι
1871 831 1964 884 οὖ-

383 932 492 979 τως
518 919 612 970 καὶ
633 916 720 970 διὰ
755 918 863 972 τῶν
885 921 943 971 ἐν
963 922 1082 982 ταῖς
1101 921 1343 990 Γραφαῐς
1373 923 1515 976 κατὰ
1535 925 1594 977 τὸ
1631 925 1825 994 μέτρον
1854 925 1962 978 τῶν

385 1006 564 1060 ἀκοῶν
585 1009 741 1078 ἡμῶν
757 1011 1082 1081 εἰρημένων,
1127 1011 1200 1082 μὴ
1230 1015 1574 1084 ἁρμοζόντων
1602 1016 1658 1068 δὲ
1682 1017 1964 1088 πολλαχῶς

384 1101 450 1169 τῇ
488 1098 701 1165 θεότητι
739 1101 807 1154 δι’
828 1103 1110 1157 ἀσθένειαν
1143 1104 1324 1172 λόγου,
1367 1107 1642 1174 ἀναλόγως
1668 1108 1962 1180 θεωρῶμεν

385 1191 547 1244 αὐτὸν
577 1195 641 1264 τῇ
665 1193 874 1265 διανοίᾳ
898 1212 913 1226 ·
948 1194 1136 1267 ὥσπερ
1161 1198 1269 1268 γὰρ
1302 1199 1432 1261 Θεὸς
1459 1199 1670 1270 σώματι
1697 1203 1963 1273 περιγρα-

386 1302 518 1348 mo;
553 1288 687 1358 ἡμῖν
713 1281 890 1340 ὦπται
914 1287 1001 1342 διὰ
1026 1288 1125 1352 τὰς
1151 1289 1322 1359 ὄψεις,
1354 1290 1526 1356 οῦτως
1577 1294 1672 1346 καὶ
1708 1296 1737 1347 6
1771 1294 1956 1363 λόγος,

387 1378 708 1450 μικρότερος
745 1379 778 1451 ἢ
806 1381 947 1435 κατὰ
986 1381 1138 1448 Θεὸν,
1173 1385 1510 1454 κεκήρυκται
1538 1387 1624 1440 διὰ
1647 1387 1744 1452 τὰς
1771 1389 1958 1454 ἀκοάς.

453 1655 515 1709 δ’.
571 1655 845 1709 Δέδεικται
895 1655 972 1720 δὲ,
1027 1655 1217 1727 ὥσπερ
1250 1656 1589 1727 προέφημεν,
1637 1656 1723 1709 διὰ
1757 1656 1962 1728 ταύτης

380 1747 481 1817 τῆς
538 1746 761 1816 Γραφῆς
803 1747 879 1811 ὡς
934 1747 1272 1819 ἀνθρώπινος
1320 1748 1476 1812 λόγος
1519 1749 1652 1802 Θεόν
1685 1765 1744 1801 τε
1773 1750 1867 1801 καὶ
1891 1749 1961 1802 τὰ

383 1839 502 1891 κατ’
536 1839 696 1892 αὑτὸν
723 1840 822 1892 ούκ
845 1838 911 1893 ἂν
941 1839 1233 1906 ὲνδέξαιτο.
1264 1840 1482 1911 Ἐπειδὴ
1510 1841 1617 1911 γὰρ
1646 1841 1744 1910 οὐχ
1767 1839 1957 1892 ὑπολέ-

381 1930 566 1984 λειπτο
621 1931 785 2002 μέρος
840 1929 996 2000 λόγου
1050 1933 1112 1985 τὸ
1164 1932 1364 2003 μηνύον
1417 1932 1514 2003 τὴν
1548 1933 1823 2002 ἀῖδιότητα
1862 1931 1956 1984 τοῦ

382 2023 534 2086 Υἰοῦ,
555 2026 619 2094 τῇ
659 2022 912 2094 προθέσει
937 2021 1122 2096 ὥσπερ
1152 2025 1432 2094 αἰνίγματι
1455 2024 1706 2095 σημαίνει
1737 2024 1960 2096 σύγχρο-

384 2131 473 2165 νον
498 2108 636 2166 εἶναι
663 2113 740 2183 τῷ
771 2113 945 2185 Πατρὶ
974 2117 1007 2185 ἡ
1046 2115 1236 2186 Γραφὴ
1253 2115 1484 2184 λέγουσα
1504 2133 1517 2146 ·
1557 2137 1575 2168 ι
1610 2118 1723 2188 Πρὸ
1752 2119 1959 2187 ἐωσιρόυ

385 2221 479 2274 pou
511 2205 774 2276 ὲγέννησὰ
831 2222 920 2258 σε’
965 2227 982 2258 ι
1021 2207 1134 2271 καὶ,
1163 2227 1181 2258 ι
1224 2208 1336 2279 Πρὸ
1367 2208 1583 2262 πάντων
1610 2209 1719 2262 τῶν
1756 2210 1958 2279 βουνῶν

382 2299 546 2368 γεννᾷ
590 2315 656 2365 με
694 2318 710 2348 ι
755 2299 848 2352 καὶ
880 2299 1108 2353 ἑκάστου
1155 2301 1656 2372 δημιουργήματος.
1702 2304 1870 2356 Τοῦτο
1899 2304 1958 2356 τὸ

387 2389 549 2459 μέρος
583 2389 678 2442 τοῦ
702 2389 859 2458 λόγου
890 2391 1203 2462 προτιθεῖσα
1233 2393 1265 2462 ἡ
1297 2392 1507 2464 Γραφὴ,
1544 2393 1776 2465 ἄναρχον
1796 2396 1957 2448 αὐτὸν

382 2481 671 2549 ἀποφαίνει
696 2497 710 2511 °
755 2481 815 2535 τὸ
858 2483 966 2553 γὰρ
1011 2484 1480 2556 προῦπερϐατικὸν
1516 2487 1731 2540 πάντων
1753 2486 1831 2549 ὃν,
1863 2491 1958 2542 καὶ

385 2571 617 2638 μάλιστα
634 2573 743 2637 ὅτε,
771 2571 996 2643 πρὸτῶν
1013 2574 1246 2639 αἰώνων,
1274 2574 1443 2645 λέγει,
1477 2579 1556 2640 εἰς
1580 2577 1640 2630 τὸ
1667 2578 1835 2632 ἀΐδιον
1865 2579 1958 2631 καὶ

381 2662 617 2734 ἄναρχον
663 2664 855 2732 τρέπει
884 2665 1042 2734 ἡμῶν
1077 2665 1168 2718 τὸν
1196 2665 1341 2720 νοῦν.
1386 2667 1510 2730 Πῶς
1532 2663 1624 2721 οῦν
1657 2667 1738 2738 τῷ
1784 2669 1959 2739 Πατρὶ

383 2756 569 2807 συναεὶ
604 2754 1009 2828 [καθε]ξόμενος
1044 2757 1120 2829 (5)
1160 2759 1222 2810 τὸ
1250 2759 1374 2823 Υἱὸς
1401 2753 1539 2812 εἶναι
1589 2760 1680 2814 καὶ
1703 2761 1956 2830 γεγεννῆ-

385 2845 507 2899 σθαι
561 2847 986 2917 ἐπιγέγραπται,
1042 2850 1224 2902 εἰκόνα
1272 2867 1352 2903 σοι
1411 2849 1615 2904 τούτων
1671 2851 1955 2922 προτείνω,

383 2938 613 3011 ἐπείπερ
640 2938 748 2994 τῶν
772 2942 909 2994 κατὰ
943 2940 1099 3009 φύσιν
1132 2942 1190 2993 ού
1223 2941 1554 2995 καθικνεῖται
1587 2943 1615 2996 6
1659 2941 1837 3010 λόγος,
1861 2945 1958 3013 τὴν

381 3033 576 3086 ἀκτῖνα
602 3032 707 3086 ὑπὸ
752 3031 848 3084 τοῦ
882 3033 1055 3102 ἡλίου.
1096 3033 1218 3096 Πῶς
1245 3035 1346 3087 οὐκ
1368 3034 1432 3088 ἂν
1456 3037 1684 3105 φήσειας
1711 3035 1957 3104 τετέχθαι

381 3124 478 3176 καὶ
504 3124 565 3177 τὸ
590 3123 704 3193 φῶς
733 3125 836 3178 ὑπὸ
861 3125 953 3178 τοῦ
978 3125 1168 3196 λύχνου
1193 3143 1208 3189 ;
1244 3127 1379 3178 Ἀλλ’
1409 3126 1596 3198 ὥσπερ
1621 3127 1680 3180 ού
1699 3128 1958 3198 πρότερον

2065 641 2158 698 Dei
2191 648 2618 716 magnitudinem
2645 652 2904 716 ostendit,
2943 661 3000 736 u_t
3021 670 3086 710 eo
3117 657 3280 713 veluti
3315 661 3639 732 conspicillo

2065 740 2302 796 utentes,
2335 732 2514 792 Patris
2549 754 2766 808 quoque
2795 732 3128 810 spectatores
3173 747 3466 813 heremus;
3507 767 3634 805 nam

2063 839 2188 878 cum
2247 826 2426 895 imago
2495 829 2585 883 Dei
2644 831 2938 889 invisibilis
2968 835 3057 901 sit,
3116 845 3258 894 teste
3303 841 3567 910 Apostolo
3591 846 3634 908 ’,

2063 916 2200 971 dixit.
2222 920 2266 950 ¹⁰
2300 937 2313 973 :
2344 939 2362 970 ‹
2403 920 2504 986 Qui
2534 923 2666 976 vidit
2697 940 2800 988 me,
2839 926 2976 980 vidit
3004 928 3219 985 Patrem
3254 950 3267 986 :
3307 953 3325 984 ι
3363 934 3436 988 ita
3469 936 3633 990 etiam

2065 1026 2159 1080 per
2198 1026 2264 1065 ea
2296 1028 2415 1081 qua:
2452 1015 2504 1069 iu
2548 1013 2846 1086 Scripturis
2889 1019 3082 1074 idonea
3143 1025 3362 1092 quidem
3420 1027 3628 1082 auditui

2063 1111 2256 1157 nostro
2308 1105 2588 1172 dicuntur,
2620 1110 2752 1178 quin
2796 1117 2977 1166 tamen
3000 1112 3270 1168 divinitati
3316 1117 3634 1189 plerumque

2064 1193 2175 1248 sint
2230 1209 2493 1266 congrua,
2553 1199 2625 1252 ob
2682 1203 2954 1256 sermonis
3009 1206 3188 1259 nostri
3259 1208 3633 1265 inﬁrmitatem

2061 1288 2456 1356 proportionali
2485 1289 2649 1343 modo
2686 1290 2867 1360 ipsum
2918 1303 3100 1348 mente
3147 1296 3451 1364 intuemur;
3506 1316 3633 1354 nam

2063 1377 2206 1431 sicut
2234 1378 2374 1433 Deus
2410 1395 2641 1449 corpore
2698 1383 3156 1454 circumscriptus
3200 1389 3404 1443 nostris
3455 1405 3513 1444 se
3537 1393 3636 1446 ob-

2061 1469 2187 1522 tulit
2219 1471 2522 1539 obtutibus,
2557 1475 2632 1526 ita
2655 1475 2817 1528 etiam
2850 1491 3052 1538 sermo,
3088 1480 3180 1547 qui
3207 1495 3337 1534 sane
3369 1481 3510 1535 infra
3541 1483 3635 1538 Dei

2059 1561 2380 1632 dignitatem
2416 1574 2519 1628 est,
2553 1566 2776 1622 auribus
2804 1569 3010 1624 nostris
3041 1570 3386 1640 praedicatur.

2130 1655 2191 1708 4.
2239 1654 2681 1711 Demonstratum
2719 1659 2903 1728 itaque
2953 1670 3057 1728 est,
3100 1672 3159 1714 ut
3208 1663 3319 1732 jam
3370 1665 3631 1730 diximus,

2062 1744 2363 1815 Scriptum
2396 1747 2560 1817 hujus
2611 1750 2926 1806 testimonio
2970 1751 3270 1807 humanum
3321 1771 3633 1813 sermonem

2060 1833 2202 1888 haud
2255 1852 2417 1904 posse
2459 1838 2627 1893 Deum
2690 1856 2886 1910 resque
2936 1843 3056 1912 ejus
3095 1846 3454 1916 aequiparare.
3495 1847 3632 1904 Nam

2064 1927 2191 1995 quia
2213 1929 2362 1981 nulla
2401 1930 2562 1987 nobis
2602 1935 2845 2002 suppetit
2866 1950 2993 2004 pars
3035 1939 3328 2004 sermonis,
3360 1955 3480 2008 quae
3509 1939 3632 1996 Filii

2063 2020 2422 2076 aeternitatem
2469 2023 2725 2092 denotet,
2775 2026 3067 2080 verborum
3120 2029 3628 2097 circumlocutione,

2064 2120 2225 2182 prout
2268 2115 2533 2183 sequitur,
2571 2123 2829 2187 tanquam
2868 2120 3152 2189 aenigmate
3206 2122 3477 2192 signiﬁcat
3503 2139 3635 2179 con-

2065 2207 2418 2274 temporalem
2467 2223 2591 2263 esse
2636 2207 2783 2261 Patri
2827 2209 3026 2296 [filium
3081 2210 3388 2282 Scriptura,
3441 2215 3636 2271 dicens

2065 2296 2318 2352 videlicet
2356 2317 2368 2351 :
2401 2317 2418 2348 ι
2455 2299 2595 2353 Ante
2624 2299 2908 2354 luciferum
2945 2305 3106 2373 genui
3136 2313 3186 2358 te
3222 2305 3283 2369 “,
3326 2324 3344 2357 ι
3373 2322 3470 2360 nec
3501 2322 3633 2368 non.

2073 2407 2091 2436 ε
2131 2391 2270 2444 Ante
2353 2405 2544 2446 omnes
2598 2393 2765 2448 colles
2800 2413 2818 2445 ι
2878 2402 2932 2449 et
2987 2398 3286 2466 quamlibet
3328 2409 3635 2455 creaturam

2074 2499 2094 2532 ι
2131 2482 2303 2551 gignit
2332 2497 2416 2536 me
2441 2484 2503 2536 “.
2538 2502 2556 2534 ι
2599 2482 2708 2539 Hac
2739 2485 2952 2553 adjecta
2984 2490 3252 2543 sermonis
3281 2499 3454 2559 parte,
3488 2491 3639 2546 Scri-

2065 2582 2223 2643 ptura
2262 2573 2458 2628 Filium
2481 2576 2687 2644 absque
2720 2577 2873 2631 initio
2890 2595 3011 2634 esse
3039 2578 3306 2646 declarat;
3338 2599 3462 2637 nam
3491 2587 3635 2656 quod

2071 2666 2255 2720 omnia
2290 2667 2521 2730 excedit,
2556 2669 2857 2736 praesertim
2890 2684 3012 2722 cum
3042 2678 3094 2724 et
3130 2683 3254 2726 ante
3293 2675 3486 2728 saecula
3517 2692 3639 2731 esse

2067 2761 2304 2822 dicatur,
2348 2759 2400 2813 id
2459 2759 2680 2829 inquam
2728 2761 2792 2814 ad
2841 2764 3331 2832 sempiternitatem
3391 2767 3638 2838 initiique

2065 2852 2408 2921 negationem
2441 2857 2678 2904 mentem
2733 2860 2976 2906 nostram
3004 2855 3294 2908 convertit.
3350 2857 3640 2923 Quomodo

2066 2945 2230 3013 igitur
2256 2942 2347 3012 qui
2383 2957 2506 2996 cum
2548 2941 2710 2996 Patre
2765 2944 3097 2997 :eternaliter
3146 2947 3418 3010 considet,
3459 2948 3630 3006 Filius

2065 3043 2120 3088 et
2139 3033 2355 3103 genitus
2391 3033 2665 3095 tituletur,
2691 3033 3004 3102 exemplum
3039 3034 3158 3096 tibi,
3193 3037 3638 3108 quandoquidem

2066 3128 2143 3180 rei
2173 3133 2422 3179 naturam
2456 3140 2636 3179 sermo
2677 3141 2786 3178 non
2822 3128 3155 3194 assequitur,
3187 3129 3238 3181 in
3298 3131 3433 3185 solis
3482 3131 3639 3185 radio

381 3220 410 3269 6
425 3217 594 3286 ἥλιος,
621 3217 812 3271 ἔπειτα
836 3219 869 3287 ἡ
892 3218 1066 3281 ἀκτὶς,
1098 3217 1210 3270 ἀλλ’
1231 3217 1346 3288 ἅμα
1361 3219 1437 3288 τῷ
1459 3214 1595 3272 εἶναι
1625 3219 1657 3291 ἢ
1681 3220 1956 3287 γεγονέναι

2071 3231 2335 3287 propono.
2369 3215 2570 3282 Quidni
2599 3216 2762 3270 etiam
2795 3216 2950 3271 dicas
2978 3226 3186 3286 partam
3209 3235 3332 3275 esse
3361 3237 3388 3274 a
3416 3222 3636 3278 lucerna

380 3308 474 3361 τὸν
506 3308 678 3378 ἥλιον,
713 3308 828 3362 ἐστι
848 3327 908 3362 τε
934 3309 1028 3363 καὶ
1056 3310 1276 3377 γέγονεν
1305 3310 1517 3380 ηάκτίς
1541 3325 1554 3339 ’
1593 3310 1688 3363 καὶ
1717 3311 1833 3376 ἅμα
1879 3311 1956 3381 τῷ

383 3401 621 3473 ὑπάρξαι
657 3402 748 3454 τὸν
771 3401 979 3471 λύχνον,
1012 3401 1221 3471 ὑπῆρξε
1250 3401 1342 3454 καί
1358 3403 1418 3454 τὸ
1449 3401 1562 3471 φῶς
1583 3421 1595 3434 ο
1625 3404 1718 3456 καὶ
1745 3404 1803 3456 τὸ
1835 3421 1957 3471 γεν-

381 3493 622 3564 νώμενον
652 3492 758 3546 ὑπὸ
787 3494 882 3546 τοῦ
914 3492 1126 3563 λύχνου,
1163 3495 1222 3545 οὐ
1259 3494 1396 3564 μετά
1431 3511 1550 3546 τινα
1579 3494 1786 3564 χρόνον,
1822 3495 1956 3548 ἀλλὰ

384 3587 481 3640 σὺν
533 3585 683 3656 αύτῷ
724 3583 1060 3654 γεννώμενον
1112 3584 1357 3652 φαίνεται
1384 3602 1398 3615 ·
1452 3585 1623 3648 οὕτως
1647 3585 1706 3638 ού
1741 3586 1956 3656 πρῶτος

383 3679 534 3741 Θεὸς,
571 3678 866 3748 μετέπειτα
890 3677 946 3729 δὲ
977 3679 1009 3746 ή
1036 3677 1197 3744 σοφία
1225 3675 1411 3742 αὑτοῦ,
1437 3677 1550 3729 ἀλλ’
1569 3677 1684 3747 ἅμα
1709 3677 1787 3748 τῷ
1815 3673 1953 3731 εἶναι

379 3770 473 3822 τὸν
500 3771 633 3823 Θεὸν
659 3769 769 3821 τῶν
802 3769 958 3830 ὅλων,
986 3764 1054 3840 ἦν
1082 3769 1138 3821 δὲ
1161 3768 1410 3828 πάντοτε,
1437 3763 1504 3839 ἦν
1538 3769 1644 3838 ἄρα
1681 3771 1774 3822 καὶ
1801 3772 1833 3839 ἡ
1870 3788 1956 3824 σο-

383 3863 499 3930 φία,
529 3860 800 3914 τούτέστιν
821 3861 849 3912 ὁ
875 3860 1128 3931 Χριστόςο
1162 3859 1338 3912 καίτοι
1385 3861 1698 3931 γεννωμένη
1728 3863 1832 3915 ὑπὸ
1861 3864 1952 3917 τοῦ

381 3950 537 4014 Θεοῦ,
567 3951 661 4004 καὶ
688 3951 933 4020 γέννημα
990 3949 1212 4012 εἰκότως
1245 3951 1706 4021 προσαγορεύεται
1733 3955 1765 4020 ἡ
1796 3954 1956 4022 σοφία

380 4043 471 4096 τοῦ
493 4043 760 4096 διαδεικνυ
768 4041 926 4112 μένου
944 4041 1131 4112 αὐτην.
1148 4041 1220 4093 Τὸ
1247 4041 1324 4101 δὲ,
1346 4060 1362 4090 ι
1390 4041 1501 4112 Πρὸ
1519 4043 1733 4096 πάντων
1751 4044 1954 4112 βουνῶν

379 4135 542 4204 γεννᾷ
607 4151 694 4204 με,
735 4132 1038 4203 ι-ὲμφαίνει
1095 4133 1324 4186 πάντοτε
1366 4131 1700 4204 γεννώμενον
1728 4139 1838 4198 τοῖς
1871 4137 1956 4189 ἀν-

382 4225 619 4296 θρώποις
646 4226 750 4278 ὑπὸ
776 4225 869 4277 τοῦ
896 4224 1107 4296 Πατρὸς
1135 4225 1226 4277 τὸν
1251 4225 1496 4294 Σωτῆρα.
1541 4228 1649 4279 Καὶ
1678 4227 1758 4288 τὸ,
1799 4247 1816 4279 ‹
1854 4229 1956 4299 Σή-

385 4335 548 4388 μερον
581 4316 885 4388 γεγέννηκά
921 4335 1002 4379 σε,
1044 4338 1062 4369 ι
1090 4319 1266 4371 καίτοι
1304 4321 1805 4390 προγεγεννημένον
1862 4324 1954 4374 καὶ

380 4410 466 4462 ἀεὶ
500 4409 744 4469 συνόντα.
775 4409 876 4461 ύπὸ
906 4410 1095 4478 χρόνου
1131 4409 1284 4479 μέρει
1308 4409 1368 4462 τὸ
1389 4409 1652 4478 σήμερον⁴
1682 4413 1888 4480 ἄγουσα
1917 4417 1949 4484 ἡ

379 4500 567 4572 Γραφὴ
622 4501 894 4570 σημαίνει,
957 4501 1042 4553 ἀεὶ
1084 4502 1195 4563 τοῖς
1224 4499 1456 4571 καθεξῆς
1492 4503 1769 4573 προῖοῦσιν
1807 4505 1952 4575 αὐτῷ

2061 3309 2288 3363 lucem?
2345 3309 2453 3364 Sed
2514 3308 2677 3362 sicuti
2749 3325 2858 3362 non
2923 3319 3006 3365 est
3068 3323 3223 3364 antea
3275 3313 3397 3378 sol,
3451 3322 3636 3383 postea

2064 3403 2310 3470 radius;
2379 3402 2477 3457 sed
2535 3402 2699 3457 simul
2761 3417 2886 3456 cum
2965 3403 3270 3458 substantia
3333 3415 3640 3476 naturaque

2059 3495 2214 3556 solis,
2261 3501 2314 3547 ct
2343 3501 2428 3549 est
2455 3501 2509 3548 et
2536 3493 2777 3563 gignitur
2811 3493 3031 3559 radius;
3089 3505 3144 3548 et
3196 3497 3355 3549 simul
3396 3512 3517 3550 cum
3553 3498 3638 3550 lu-

2058 3602 2244 3650 cerna,
2284 3587 2374 3639 lux
2401 3601 2616 3655 quoque
2642 3586 2896 3652 exsistit;
2926 3595 2979 3640 et
3007 3586 3149 3654 quod
3212 3603 3240 3640 a
3280 3588 3502 3642 lucerna
3549 3590 3635 3658 gi-

2058 3681 2261 3750 gnitur,
2293 3694 2399 3731 non
2425 3687 2549 3746 post
2577 3677 2797 3745 aliquod
2824 3685 3057 3746 tempus,
3083 3678 3177 3732 sed
3208 3693 3332 3731 cum
3375 3679 3492 3747 ipsa
3533 3696 3632 3743 pa-

2059 3773 2191 3825 riter
2219 3771 2461 3840 genilum
2487 3776 2708 3837 apparet
2734 3784 2747 3820 :
2783 3769 2862 3822 sic
2884 3783 2992 3821 non
3021 3777 3175 3822 antea
3211 3767 3352 3824 Deus
3377 3780 3480 3829 est,
3508 3787 3636 3840 pos-

2059 3873 2143 3916 tca
2181 3877 2308 3914 vero
2359 3860 2627 3930 sapientia
2682 3860 2823 3929 ejus,
2871 3861 2966 3914 sed
3013 3875 3118 3913 una
3155 3875 3279 3913 cuin
3339 3863 3635 3918 exsistente

2057 3950 2296 4003 omnium
2359 3948 2504 4011 Deo,
2567 3949 2659 4017 qui
2715 3964 2928 4018 semper
2983 3949 3220 4012 exstitit,
3275 3963 3394 4004 erat
3448 3954 3635 4022 utique

2056 4044 2216 4096 etiam
2261 4041 2548 4108 sapientia,
2597 4040 2649 4092 id
2687 4032 2774 4094 est
2803 4040 3076 4106 Christus,
3105 4057 3414 4112 quanquam
3445 4059 3636 4113 reapse

2059 4134 2241 4200 genita
2271 4146 2300 4183 a
2328 4129 2438 4183 Deo
2474 4130 2597 4192 fuit,
2631 4138 2886 4198 recteque
2931 4133 3177 4199 genitura
3210 4133 3517 4200 appellatur
3543 4149 3634 4186 sa-

2056 4223 2258 4292 pientia
2285 4223 2432 4274 illius
2457 4221 2549 4290 qui
2577 4222 2749 4290 ipsam
2782 4221 3041 4274 ostendit.
3071 4219 3248 4274 Verba
3277 4229 3482 4282 autem,
3515 4241 3534 4272 ι
3566 4221 3630 4274 Ιζι

2057 4324 2180 4367 ante
2207 4328 2398 4367 omnes
2425 4312 2592 4367 colles
2621 4310 2792 4380 gignit
2828 4327 2934 4372 me,
2969 4330 2987 4361 ι
3028 4310 3413 4365 demonstrant
3475 4327 3631 4380 pror—

2056 4421 2152 4460 sus
2180 4405 2419 4474 genitum
2453 4404 2766 4458 hominibus
2804 4418 2833 4455 a
2879 4401 3042 4457 Patre
3084 4402 3452 4457 Servatorem.
3493 4403 3630 4457 Tum

2055 4507 2108 4552 et
2141 4497 2323 4559 verba,
2360 4513 2380 4546 ι
2415 4494 2586 4548 Hodie
2609 4494 2770 4564 genui
2803 4505 2853 4547 te
2889 4495 2952 4557 ¹³,
3005 4512 3022 4545 ι
3063 4493 3130 4548 de
3184 4494 3297 4562 jam
3357 4495 3540 4563 genito
3579 4505 3633 4548 et

379 4593 690 4663 γεννᾶσθαι,
717 4594 871 4662 ἄχρις
904 4583 964 4644 οὗ
993 4593 1052 4644 τὸ
1078 4591 1342 4662 σήμερον
1361 4594 1624 4649 καλεῖται.
1656 4597 1724 4649 Εἰ
1747 4614 1875 4649 ποτε
1896 4597 1950 4650 δὲ

2062 4605 2243 4644 secum
2263 4589 2567 4642 exsistente
2599 4585 2889 4649 dicuntur;
2921 4585 3048 4639 dum
3086 4595 3270 4639 tamen
3300 4586 3629 4640 vocabulum
3721 4596 3726 4600 '

377 4684 437 4739 τὸ
461 4683 723 4753 σήμερον
745 4682 823 4751 τῷ
855 4681 1041 4750 κόσμῳ
1063 4679 1236 4752 τούτῳ
1263 4682 1691 4753 συμπεριορισθῇ
1713 4685 1824 4746 τοῖς
1856 4683 1948 4734 τέ-

377 4778 544 4837 λεσιν,
576 4775 758 4829 ούκέτι
788 4775 1060 4841 γεννᾶται,
1110 4774 1223 4827 ἀλλ’
1252 4773 1399 4837 am:
1422 4777 1532 4837 τοῖς
1563 4776 1732 4829 ἆπασι
1761 4792 1950 4844 γεγεν-

377 4869 627 4942 νημένος,
661 4868 753 4920 καὶ
782 4867 996 4920 πάντων
1027 4865 1220 4935 κριτὴς
1249 4865 1343 4918 καὶ
1367 4865 1623 4933 δικαστὴς
1663 4865 1948 4930 καθεσθεὶς

379 4960 594 5024 ζώντων
624 4959 718 5011 καὶ
765 4955 974 5026 νεκρῶν
1023 4956 1104 5018 εἰς
1154 4955 1321 5007 αἰῶνα
1384 4953 1686 5023 βασιλεύσει
1721 4957 1818 5009 σὺν
1869 4957 1947 5027 τῷ

378 5051 572 5123 Πατρί.

2058 4682 2209 4736 hodie
2239 4683 2340 4737 sub
2390 4681 2653 4750 temporis
2704 4677 3068 4733 conditionem
3117 4678 3283 4730 trahit
3325 4677 3630 4748 Scriptura,

2057 4775 2294 4830 declarat
2350 4789 2566 4843 seraper
2606 4772 2781 4834 illum,
2841 4770 3268 4841 procedentibus
3323 4787 3387 4824 ex
3439 4771 3632 4824 ordine

2055 4870 2197 4933 aliis,
2236 4868 2408 4938 gigni,
2446 4867 2618 4921 donec
2652 4865 2968 4934 praedictum
2993 4863 3146 4917 hodie
3167 4863 3628 4932 pronuntiabitur.

2057 4961 2112 5014 Si
2159 4961 2379 5030 quando
2425 4966 2605 5013 autem
2660 4956 2812 5010 hodie
2859 4955 3046 5009 mundi
3103 4956 3208 5009 ﬁne
3254 4955 3629 5017 concludetur,

2063 5064 2193 5108 tunc
2257 5052 2398 5106 haud
2442 5049 2648 5106 diutius
2677 5048 2937 5117 gignitur,
2969 5047 3062 5102 sed
3096 5047 3260 5100 semel
3291 5045 3630 5114 cunctisjam

377 5147 611 5212 genitus.
645 5149 699 5197 et
729 5140 970 5196 omnium
1005 5139 1172 5209 judex
1213 5138 1526 5209 at'biterquc
1560 5141 1757 5197 sedens
1793 5144 2042 5202 virorum
2115 5165 2178 5204 ac
2235 5154 2596 5207 mortuorum,
2655 5142 2985 5197 mtcrnaliter
3033 5156 3156 5195 cum
3217 5139 3378 5194 Patre
3440 5152 3634 5208 regna-

379 5237 480 5291 bit.

448 5332 508 5377 ε’.
533 5326 650 5378 Ἵνα
673 5324 730 5376 δὲ
760 5322 832 5393 μὴ
855 5322 948 5375 καί
972 5321 1052 5382 τὸ,
1079 5340 1096 5372 ι
1122 5320 1325 5390 Κύριος
1345 5320 1525 5373 ἕκτισέ
1544 5339 1608 5392 με
1631 5323 1804 5394 ἀρχὴν
1819 5327 1954 5380 ὁδῶν

375 5419 538 5471 αὑτοῦ
571 5421 648 5479 εἰς
678 5418 810 5486 ἔργα
861 5415 1048 5477 αὑτοῦ,
1089 5433 1106 5464 ι
1144 5415 1340 5482 ἐμποιῇ
1402 5413 1692 5482 λογισμοὺς
1720 5421 1831 5474 τοῖς
1878 5418 1954 5471 δι-

377 5508 632 5578 εφθορόσι
675 5508 774 5577 τὴν
825 5506 1084 5568 διάνοιαν,
1109 5503 1228 5556 οὐδὲ
1265 5501 1422 5554 τοῦτο
1455 5505 1728 5573 παριτέον.
1754 5509 1814 5559 Οί
1842 5508 1954 5579 γὰρ

376 5602 630 5672 ἑρμηνεῖς
661 5598 832 5669 βραχύ
856 5615 908 5651 τι
938 5598 1036 5668 τῆς
1069 5595 1344 5667 Ἐὂραῖδος
1372 5595 1654 5663 ἁκριὸεἰας
1688 5598 1794 5651 τῶν
1823 5600 1958 5670 Γραο

448 5755 468 5786 ⁹
494 5754 612 5810 Col.
641 5769 680 5818 ι,
717 5754 802 5808 l5.
880 5755 922 5786 ¹⁰
950 5753 1108 5809 Joan.
1151 5768 1260 5816 xlv,
1295 5751 1348 5807 9.
1429 5751 1469 5782 “
1505 5748 1651 5808 Psal.
1682 5767 1793 5818 cu,
1826 5754 1877 5808 5.

447 5897 532 5969 (Si)
563 5897 640 5951 lta
681 5895 804 5950 cod.

1989 5756 2032 5786 ¹²
2064 5753 2227 5811 Prov.
2264 5772 2378 5822 vm,
2409 5755 2499 5810 25.

2133 5325 2184 5378 5.
2212 5320 2516 5388 Quominns
2545 5328 2724 5372 autem
2752 5333 2814 5371 ea
2844 5317 3008 5371 verba
3045 5335 3058 5371 :
3087 5333 3103 5366 ι
3136 5316 3633 5372 Dominus'creavit

2063 5432 2148 5472 me
2173 5415 2388 5469 initium
2416 5414 2628 5466 viarum
2651 5425 2874 5465 suarum
2907 5408 2973 5463 ad
3006 5424 3168 5478 opera
3201 5423 3299 5462 sua
3326 5409 3391 5469 “,
3420 5428 3437 5460 ι
3466 5411 3633 5464 ratio-

2062 5509 2204 5562 cinia
2230 5508 2446 5561 illorum
2468 5503 2797 5558 conturbent
2818 5503 2909 5572 qui
2938 5510 3169 5556 mentem
3193 5510 3508 5570 corruptam
3540 5518 3634 5573 [se-

2063 5609 2210 5664 runt,
2233 5616 2300 5655 ne
2331 5599 2383 5654 id
2400 5596 2620 5669 quidem
2643 5594 3081 5664 praetereundum
3106 5599 3210 5648 est.
3235 5591 3444 5647 Etenim
3472 5593 3638 5648 inter-

2603 5754 2647 5787 "
2681 5753 2825 5807 Psal.
2859 5766 2919 5816 ιι,
2967 5750 3017 5803 7.
3096 5749 3140 5780 ¹⁸
3181 5746 3341 5804 Prov.
3385 5764 3504 5815 ruv,
3536 5747 3629 5802 2'2.
