4120 6394
451 417 611 471 .1287
1674 404 1733 458 ’3.

1788 401 2116 458 (ιιιπςοῆιι
2153 401 2445 456 ΝΥΞΞΕΝΙ

3598 402 3620 454 1
3635 401 3734 454 5:88

474 541 652 604 pretcs
684 546 872 599 parum
906 529 1033 599 quid
1062 529 1130 582 ah
1161 527 1440 583 llebraicaa
1472 527 1758 594 scripturae
1791 530 2051 576 accurato

2158 520 2273 588 φῶν
2337 523 2412 582 εἰς
2444 519 2540 591 τὴν
2580 519 2860 590 Ἑλληνίδα
2901 518 3351 590 περιτραπέντες,
3405 513 3559 570 εἶπον
3609 518 3733 587 μὲν,

473 639 659 688 sensu,
703 623 832 676 dum
869 622 921 674 in
957 619 1232 674 Grzecum.
1265 625 1667 678 converterent,
1708 615 2050 669 declinantes

470 717 728 771 dixerunt
749 715 940 767 creavit
967 729 984 766 :
1017 713 1108 766 sed
1138 726 1330 780 reapse
1357 711 1608 763 instituto
1630 707 1884 761 examine
1928 705 2052 774 fecit

472 809 655 877 potius
690 806 1016 876 comperies.
1057 802 1379 872 Quanquam
1411 802 1580 854 dictio
1612 815 1830 868 quoque
1855 798 2050 850 creavit

475 901 635 963 me,si
673 899 862 954 sedulo
891 897 1294 960 consideretur,
1313 895 1454 946 haud
1482 891 1704 946 diﬂ‘erre
1728 907 1755 942 a
1775 889 2051 942 locutione

475 995 596 1063 fecit
621 1010 699 1046 me
721 992 1013 1045 videbitur.
1038 987 1172 1042 Nam
1199 988 1244 1042 si
1271 987 1498 1040 dixisset
1521 983 1920 1043 tantummodo,
1942 980 2051 1033 Do-

474 1088 648 1140 minus
669 1085 862 1138 creavit
883 1099 982 1144 me,
1011 1081 1369 1148 quaestionem
1402 1077 1682 1131 nonnullis
1729 1074 2047 1142 injecisset;

473 1178 569 1232 sed
594 1177 722 1247 quia
751 1172 958 1226 addidit
994 1173 1206 1224 initium
1256 1171 1458 1223 viarum
1507 1182 1726 1220 suarum
1774 1163 1841 1217 ad
1892 1179 2050 1231 Opera

472 1287 592 1333 sua,
612 1263 1237 1336 perspicueintelligitur
1255 1262 1435 1314 dicere
1464 1278 1476 1314 :
1505 1259 1767 1310 Dominus
1797 1257 1922 1310 fex-it
1943 1270 2047 1320 me,

474 1370 533 1415 ut
569 1361 784 1431 praesim
815 1357 1075 1428 operibus
1103 1357 1244 1422 ejus,
1265 1364 1318 1406 et
1346 1352 1561 1405 initium
1589 1351 1792 1401 viarum
1826 1362 2048 1400 suarum

473 1452 605 1504 mihi
639 1449 934 1504 commisit.
973 1446 1330 1512 Quandonam
1387 1443 1531 1496 enim
1589 1441 1777 1493 habuit
1835 1439 2049 1491 initium

471 1544 682 1598 viarum
732 1555 960 1596 suarum
1019 1536 1226 1590 Pater?
1255 1536 1337 1589 vel
1377 1534 1594 1604 quando
1644 1541 1899 1601 operator
1940 1545 2048 1584 non

473 1637 611 1692 fuit?
642 1635 728 1690 vel
756 1650 787 1688 a
813 1646 1052 1704 quonam
1085 1630 1382 1701 potentiam
1409 1626 1774 1681 cteﬂicaciam
1801 1621 2052 1692 accepit?

470 1728 606 1782 Nam
631 1729 676 1782 si
708 1725 1056 1797 quisdicitur
1078 1740 1186 1778 non
1221 1721 1403 1775 omnia
1436 1733 1653 1787 semper
1699 1715 1840 1785 apud
1869 1730 1928 1772 se
1960 1715 2052 1767 ha-

474 1821 680 1882 buisse,
710 1820 778 1873 ab
805 1819 992 1886 aliquo
1025 1816 1131 1868 alio
1181 1813 1461 1883 accepisse
1483 1809 1853 1879 (agnoscitur,
1884 1807 1957 1860 ita
1990 1816 2048 1858 ut

472 1913 672 1983 aliquis
697 1912 833 1964 alter
851 1909 1128 1978 anthuior
1157 1908 1276 1977 ipso
1300 1906 1442 1958 Deus
1477 1902 1829 1973 intelligatur.
1862 1920 1881 1953 ι
1911 1899 2048 1965 Quis

471 2011 652 2057 autem
689 2003 840 2072 prior
871 1999 1040 2062 dedit,
1075 2006 1129 2053 et
1155 1997 1486 2052 retribuetur
1517 1994 1602 2046 ei?
1636 2013 1652 2043 ι
1690 1991 1868 2062 inquit
1893 1991 2047 2045 Scri—

471 2101 630 2162 plura
657 2093 724 2145 ¹⁵.
759 2089 876 2144 Jam
915 2091 958 2144 si
987 2090 1055 2143 ab
1075 2105 1139 2143 eo
1171 2095 1298 2142 sunt
1327 2087 1530 2144 omnia.
1559 2083 1803 2154 prnl‘ecm
1834 2083 2047 2136 initimn

469 2184 682 2236 viarum
732 2182 854 2250 ejus
904 2187 1069 2250 atque
1121 2195 1347 2246 operum
1387 2192 1666 2246 nunquam
1719 2175 2046 2238 invenietur,

468 2274 564 2329 sed
597 2283 940 2345 operatorem
967 2289 1182 2342 semper
1215 2287 1339 2326 eum
1365 2269 1536 2323 fuisse
1565 2267 1861 2322 constabit.
1891 2266 2048 2331 Quod

471 2376 516 2422 si
547 2368 728 2422 omnia
758 2383 853 2436 per
875 2365 1072 2420 Filium
1104 2365 1247 2417 facta
1273 2370 1422 2426 sunt,
1455 2369 1508 2415 et
1536 2362 1656 2415 sine
1687 2361 1805 2429 ipso
1840 2360 2047 2412 factum

467 2471 550 2514 est
581 2461 715 2513 nihil
743 2459 808 2520 ".
841 2473 1057 2526 semper
1091 2456 1279 2526 utique
1311 2455 1672 2524 operatricem
1724 2453 2048 2522 sapientiam

469 2549 610 2620 apud
642 2566 698 2604 se
729 2549 988 2602 habuisse
1018 2561 1244 2616 prorsus
1272 2554 1517 2615 apparet.
1541 2542 1660 2595 Jam
1693 2543 1798 2597 etsi
1832 2557 2050 2610 semper

467 2651 729 2711 operatur
777 2639 956 2700 Pater,
1000 2638 1118 2689 sine
1153 2633 1290 2688 Filio
1336 2643 1518 2686 autem
1553 2633 1754 2686 factum
1787 2631 2049 2691 estnihil.

468 2746 814 2799 nequaquam
846 2729 915 2783 ob
945 2728 1242 2781 dit-tionem
1276 2734 1510 2777 creatum
1527 2722 1690 2792 fuisse
1714 2723 2048 2787 existiment,

469 2824 590 2876 ideo
619 2830 806 2890 postea
839 2818 1041 2870 factum
1090 2831 1231 2879 esse,
1265 2823 1326 2868 ut
1379 2815 1508 2867 exin
1571 2824 1908 2881 operaretur.
1944 2811 2052 2864 Sed

469 2911 673 2967 locutio
706 2909 911 2964 Creavit
948 2925 1026 2961 me
1045 2908 1251 2960 initium
1283 2906 1489 2960 viarum
1518 2921 1737 2958 suarum
1758 2903 2049 2970 signiﬁcat,

472 3007 602 3061 mihi
633 3007 747 3058 vias
783 3020 911 3057 suas
949 3002 1314 3063 commisisse,
1358 3008 1418 3053 ut
1445 2999 1549 3054 sub
1583 2999 1894 3067 principatu
1931 3011 2052 3051 meo

471 3102 613 3164 sint;
667 3099 1030 3168 principatum
1083 3110 1211 3147 vero
1247 3093 1390 3147 haud
1433 3093 1696 3162 temporis
1758 3091 1913 3153 dicit,
1957 3089 2052 3144 sed

471 3193 744 3264 potentiae.
778 3190 1021 3258 Namque
1042 3196 1095 3241 ct
1126 3187 1361 3257 apostoli
1386 3188 1539 3239 aiunt
1572 3185 1749 3253 ipsqu
1781 3190 1834 3237 ct
1867 3181 2050 3235 Domi-

473 3301 600 3338 num
649 3301 678 3337 a
740 3283 847 3337 Deo
907 3283 1107 3334 factum
1149 3296 1272 3334 eSsc
1313 3289 1368 3333 et
1396 3278 1674 3331 Christum
1714 3276 1776 3330 ⁸⁷.
1814 3274 1971 3340 Quod
2005 3275 2050 3329 si

472 3378 592 3444 fecit
652 3376 915 3430 facturam
968 3384 1019 3428 et
1052 3373 1383 3426 creationem
1444 3370 1706 3424 denotare
1764 3367 2053 3439 placuerit,

471 3471 610 3524 duos
643 3485 775 3524 sane
804 3468 1014 3528 fecerit,
1043 3467 1272 3519 alterum
1315 3463 1536 3532 quidem
1581 3461 1894 3526 Dominum,
1918 3460 2055 3513 alte-

398 3567 400 3570 ’
473 3579 593 3617 rum
634 3561 932 3614 Christum.
983 3556 1138 3622 Quod
1187 3563 1366 3609 autem
1412 3554 1654 3609 christus
1706 3561 2056 3622 nuncupetur

473 3671 591 3717 rex,
629 3668 788 3706 nemo
817 3652 1052 3721 ignorat,
1085 3647 1180 3703 sed
1214 3657 1395 3700 tamen
1446 3645 1570 3713 fecit
1604 3645 1743 3700 duas
1776 3643 2055 3713 signiﬁcat

476 3755 774 3819 potestates
803 3761 830 3797 a
867 3743 1028 3796 Patre
1060 3741 1134 3794 illi
1169 3741 1424 3804 traditas,
1473 3738 1810 3792 Dominicam
1845 3738 2056 3793 scilicet

472 3851 528 3897 et
561 3840 820 3910 regalem,
844 3837 926 3891 vel
957 3835 1137 3905 potius
1167 3849 1328 3888 unam
1360 3840 1680 3902 potestatem
1717 3831 1935 3886 duabus
1969 3832 2054 3886 vel

475 3935 725 4006 piuribus
777 3927 1238 4000 appellationibus
1277 3925 1580 3996 praeditam.
1618 3922 1844 3992 Utrique
1891 3923 2057 3992 igitur

475 4029 579 4082 sibi
610 4023 977 4094 persuadeant
1009 4019 1099 4089 qui
1153 4018 1418 4070 alterutro
1450 4029 1639 4070 errore
1676 4025 1805 4069 sunt
1835 4015 2054 4078 irretiti,

472 4119 670 4173 Filium
703 4129 918 4184 semper
950 4127 1072 4167 cum
1104 4109 1266 4166 Patre
1297 4109 1594 4172 exstitisse,
1623 4108 1860 4178 genitum
1892 4106 2055 4161 simul

475 4219 530 4266 et
560 4211 768 4278 absque
797 4207 980 4261 initio.
1011 4203 1145 4258 Nam
1196 4203 1314 4257 sine
1340 4202 1500 4257 initio
1543 4217 1737 4271 reapse
1789 4211 1894 4265 est,
1927 4201 2054 4270 quia

476 4316 603 4354 cum
636 4299 798 4352 Patre
827 4296 898 4351 ab
927 4301 1134 4348 aeterno
1155 4293 1398 4358 exstitit;
1433 4292 1652 4360 genitus
1687 4303 1892 4352 autem,
1926 4292 2055 4360 quia

477 4409 508 4447 ιι
530 4392 688 4445 Patre
715 4399 773 4443 ut
801 4394 946 4442 esset
981 4386 1209 4439 sortitus
1239 4393 1324 4440 est
1357 4403 1370 4438 :
1411 4385 1570 4437 veluti
1603 4385 1840 4440 diximus
1870 4385 1937 4438 de
1967 4384 2055 4437 lu-

475 4496 687 4546 cerna,
737 4493 859 4547 quae
933 4490 1100 4529 causa
1164 4473 1477 4544 splendoris
1540 4481 1671 4538 est,
1729 4490 1908 4542 neque
1973 4483 2052 4526 ta-

2157 611 2391 664 Ἕκτισέ
2408 611 2484 679 (6)
2505 611 2794 682 με,εὖροις
2819 611 2945 664 δ’ἆν
2971 612 3290 681 ἐρευνήσας,
3325 607 3609 677 Ἐποίησέ
3633 627 3732 678 με.

2152 701 2342 770 Ὅμως
2359 702 2523 756 δὲκαὶ
2544 702 2871 764 τὸ,”Εκτισέ
2893 721 2985 772 με,
3008 703 3249 774 ἀκριϐῶς
3262 701 3568 772 νοούμενον,
3589 701 3738 756 οὐδὲν

2151 794 2353 864 ἀπᾷδον
2369 795 2486 858 τοῦ,
2513 795 2790 862 Ἐποίησέ
2819 813 2915 864 με,
2941 797 3233 848 δείκνυται.
3261 795 3323 848 Εἰ
3360 795 3490 866 γὰρ,
3523 796 3736 862 Κύριος

2151 887 2355 940 ἕκτισέ
2379 905 2478 954 με,
2512 889 2722 958 εἰρήκει
2755 889 2936 958 μόνον,
2962 888 3184 959 ζήτημά
3200 887 3732 941 τισικαταλέλοιπεν·

2152 981 2271 1034 ἐπεὶ
2291 982 2346 1035 δὲ
2363 982 2720 1052 προσέθηκεν,
2757 983 2954 1052 ἀρχὴν
2971 982 3126 1036 ὁδῶν
3145 981 3330 1036 αὐτοῦ
3355 985 3441 1046 εὶς
3465 981 3608 1048 ἔργα
3631 984 3738 1034 αὐ·

2150 1075 2279 1139 τοῦ,
2313 1075 2498 1143 σαφῶς
2541 1073 2606 1126 ἂν
2664 1077 2834 1128 νοοῖτο
2867 1078 3142 1146 εἰρηκυῖα,
3175 1073 3375 1145 Κύριος
3411 1073 3632 1140 ἐποίησέ
3666 1089 3739 1141 με

2153 1166 2462 1220 ἐπιτάττειν
2508 1166 2614 1220 τῶν
2682 1166 2859 1237 ἔργων
2893 1165 3080 1233 αὑτοῦ,
3124 1167 3218 1218 καὶ
3266 1166 3436 1236 ἀρχὴν
3465 1165 3570 1216 τῶν
3599 1164 3739 1220 ὁδῶν

2152 1257 2318 1311 αὐτοῦ
2349 1257 2644 1328 ὲνεχείρισέ
2665 1277 2774 1326 μοι.
2799 1259 2935 1311 Πότε
2967 1259 3076 1328 γὰρ
3099 1258 3256 1327 ἔσχεν
3281 1258 3453 1329 ἀρχὴν
3480 1257 3614 1310 ὁδῶν
3641 1257 3740 1310 ab-

2150 1350 2244 1403 τοῦ
2269 1351 2297 1402 ὁ
2322 1351 2544 1422 ΙΙατήρ;
2576 1351 2607 1419 ἦ
2642 1351 2772 1404 πότε
2826 1351 2926 1404 ούκ
2951 1347 3020 1422 ἦν
3050 1351 3307 1421 ὲνεργήςς
3342 1351 3374 1419 ἦ
3414 1351 3562 1420 παρὰ
3589 1348 3739 1411 τίνος

2149 1441 2211 1494 τὸ
2243 1441 2502 1496 δύνασθαι
2535 1443 2628 1496 καὶ
2669 1443 2730 1495 τὸ
2762 1444 3003 1512 ἐνεργεῖν
3038 1442 3228 1513 εἴληφε
3255 1461 3268 1508 ;
3303 1443 3376 1495 Τὸ
3403 1441 3510 1510 γὰρ
3545 1442 3619 1512 μὴ
3648 1443 3737 1493 ἀεὶ

2149 1535 2219 1588 τὰ
2286 1536 2461 1589 πάντα
2512 1536 2654 1607 ἔχειν
2681 1539 2811 1607 παρ’
2851 1536 3048 1608 ἐαυτῷ,
3083 1535 3415 1606 ἐμφαντικὸν
3472 1536 3587 1587 ἐστι
3636 1531 3734 1586 τοῦ

2153 1627 2283 1698 παρ’
2339 1626 2498 1679 ἄλλου
2561 1627 2704 1690 τινὸς
2751 1627 3052 1696 εἰληφέναι,
3116 1625 3194 1689 ὡς
3220 1627 3408 1697 ἕτερόν
3447 1642 3569 1678 τινα
3601 1623 3736 1677 Θεὸν

2153 1718 2521 1790 πρεσϐύτερον
2546 1718 2710 1772 αὐτοῦ
2753 1719 3007 1774 νοεῖσθαι.
3055 1736 3075 1770 ι
3111 1719 3206 1782 Τίς
3241 1719 3298 1772 δὲ
3329 1719 3606 1789 προέδωκε
3640 1716 3734 1770 καί

2153 1811 2649 1882 ἀνταποδοθήσεται
2715 1812 2899 1883 αύτῷς
2944 1833 2962 1864 ι
3003 1813 3170 1882 φησὶν
3229 1816 3262 1882 ή
3299 1811 3513 1881 Γραφή.
3566 1811 3628 1862 El
3674 1810 3733 1864 δὲ

2153 1905 2283 1972 παρ’
2313 1903 2477 1956 αὑτοῦ
2502 1903 2572 1956 τὰ
2601 1906 2801 1966 πάντα,
2834 1905 2956 1959 οὐδέ
2984 1922 3115 1958 ποτε
3161 1905 3268 1976 ἄρα
3303 1905 3448 1975 ἀρχὴ
3477 1903 3612 1956 ὁδῶν
3639 1903 3737 1954 αὑ-

2150 1994 2245 2047 τοῦ
2277 1996 2370 2048 καὶ
2396 1995 2571 2066 ἔργων
2609 1996 2773 2050 αὑτοῦ
2811 1997 3186 2068 εὑρεθήσεται,
3218 1999 3331 2050 ἀλλ’
3355 1999 3444 2049 ἀεὶ
3481 1998 3732 2066 ἐνεργής.

2152 2091 2226 2152 Εἰ,
2248 2091 2304 2143 δὲ
2321 2090 2497 2144 πάντα
2525 2092 2611 2144 διὰ
2639 2091 2732 2144 τοῦ
2786 2091 2915 2145 Υἱοῦ
2947 2092 3159 2160 γέγονε,
3209 2091 3303 2144 καὶ
3345 2095 3514 2160 χωρὶς
3569 2089 3735 2142 αὐτοῦ

2153 2183 2368 2250 ἐγένετο
2381 2183 2499 2236 οὐδὲ
2528 2184 2608 2248 ἒν,
2635 2184 2722 2236 ἀεὶ
2747 2183 2854 2254 ἄρα
2875 2184 2972 2252 τὴν
2997 2182 3368 2253 ἐργαζομένην
3400 2185 3590 2249 σοφίαν
3604 2184 3736 2251 παρ’

2153 2274 2331 2345 ἑαυτῷ
2377 2275 2520 2345 ἔχειν
2567 2271 3207 2344 ἀναφανδὸνδείκνυται.
3270 2273 3331 2326 Εἰ
3374 2273 3429 2325 δὲ
3458 2273 3544 2325 ἀεὶ
3573 2272 3736 2342 ὲργά-

2154 2367 2304 2431 ζεται
2333 2370 2361 2420 ὁ
2387 2367 2595 2438 Πατὴρ,
2649 2368 2816 2438 χωρὶς
2865 2365 2922 2418 δὲ
2947 2365 3040 2418 τοῦ
3088 2365 3218 2417 Υἱοῦ
3250 2365 3402 2417 οὐδὲν
3429 2365 3732 2434 εἴργασται,

2156 2459 2352 2528 μήπως
2377 2458 2436 2510 τὸ
2472 2459 2742 2510 ἐκτίσθαι
2780 2457 3159 2526 ὑπειλήφασιν,
3203 2456 3424 2522 ὕστερον
3479 2472 3606 2508 ποτε
3647 2456 3731 2506 δε-

2151 2549 2612 2620 δημιουργῆσθαι,
2647 2551 3066 2621 ἴναὲργὰζηται.
3100 2548 3258 2602 Ἀλλὰ
3287 2548 3628 2611 τὸ,”Εκτισέ
3660 2564 3738 2614 με

2153 2639 2350 2708 ἀρχὴν
2382 2637 2536 2693 ὁδῶν
2554 2639 2763 2704 αὑτοῦ,
2787 2639 3040 2710 σημαίνει
3059 2638 3140 2694 ὅτι
3165 2629 3493 2708 Ἐνεχείρισέ
3527 2655 3613 2706 μοι
3636 2638 3737 2701 τὰς

2152 2733 2306 2796 ὁδοὺς
2358 2731 2544 2795 αὑτοῦ,
2583 2732 2648 2784 ἶν’
2684 2725 2815 2783 ὦσιν
2849 2732 2953 2783 ὑπὸ
2985 2731 3084 2802 τὴν
3132 2730 3269 2802 ἐμὴν
3318 2732 3489 2800 ἀρχήν
3518 2747 3531 2759 ’
3563 2729 3736 2799 ἀρχὴν

2154 2827 2263 2896 γὰρ
2309 2826 2369 2878 οὐ
2411 2823 2666 2896 χρονικὴν
2705 2822 2875 2892 λέγει,
2905 2823 3040 2876 ἀλλὰ
3091 2823 3192 2894 τὴν
3242 2822 3597 2893 κρατητικήν.
3626 2822 3737 2873 Καὶ

2153 2921 2262 2990 γὰρ
2297 2921 2389 2971 καὶ
2414 2921 2460 2970 οἱ
2490 2916 2778 2970 ἀπόστολοί
2813 2933 2999 2984 φασιν,
3039 2915 3120 2967 ὅτι
3149 2915 3240 2966 καὶ
3258 2913 3462 2984 Κύριον
3491 2914 3582 2964 καὶ
3604 2914 3739 2982 Χρι-

2157 3009 2280 3062 στδν
2305 3009 2467 3063 αὐτὸν
2483 3008 2756 3079 ἐποίησεν.
2782 3007 2844 3058 Εἰ
2871 3007 2927 3060 δὲ
2951 3005 3030 3067 τὸ,
3073 3004 3376 3072 Ἐποίησε,
3410 3003 3618 3074 ποίημα
3645 3005 3737 3057 καὶ

2156 3102 2362 3170 κτίσμα
2403 3099 2738 3170 ὀνομάζοιτο,
2789 3099 2881 3152 δύο
2911 3099 2976 3152 ἂν
3017 3093 3126 3150 εἶέν
3154 3114 3297 3159 τινες
3329 3096 3420 3160 οὓς
3459 3097 3734 3166 ἐποίησεν,

2078 3208 2121 3266 C
2155 3195 2340 3268 ἓτερον
2375 3196 2472 3265 μὲν
2494 3194 2718 3265 Κύριον,
2750 3194 2936 3262 ἕτερον
2964 3192 3020 3244 δὲ
3048 3192 3299 3262 Χριστόν.
3325 3189 3557 3263 Χριστὸς
3582 3192 3638 3243 δὲ
3656 3192 3737 3243 ὃτι

2159 3287 2412 3358 βασιλεὺς
2460 3286 2946 3357 προσαγορεύεται,
2994 3285 3168 3337 οὐδενὶ
3219 3283 3378 3337 τοῦτο
3425 3284 3732 3350 ἄγνωστονο

2158 3379 2292 3433 ἀλλὰ
2309 3379 2391 3442 τὸ,
2426 3379 2729 3444 Ἐποίησε,
2749 3376 3001 3447 σημαίνει
3023 3375 3114 3429 δύο
3141 3376 3313 3446 ἀρχὰς
3334 3375 3739 3447 ἐγκεχειρίσθαι

2155 3471 2304 3541 αὐτῷ
2343 3469 2494 3540 παρὰ
2541 3469 2634 3523 τοῦ
2670 3469 2904 3538 Πατρδς,
2941 3469 3039 3539 τὴν
3087 3468 3183 3538 μὲν
3214 3468 3523 3539 Κυριακὴν,
3548 3469 3645 3536 τὴν
3677 3467 3738 3522 δὲ

2158 3562 2465 3634 βασιλικὴν,
2498 3562 2696 3631 μᾶλλον
2727 3561 2782 3614 δὲ
2821 3562 2948 3630 μίαν
2985 3561 3156 3632 ἀρχὴν
3189 3561 3312 3614 δυσὶ
3347 3563 3738 3634 προσηγορίαις

2157 3653 2577 3726 γεραιρομένην,
2723 3652 2983 3707 πλείοσιν.
3020 3653 3304 3721 Ἐκὰτεροι
3328 3655 3506 3707 τοίνυν
3547 3654 3737 3710 πεπεί-

2158 3747 2368 3802 σθωσαν
2399 3749 2448 3799 οἱ
2486 3749 2605 3810 ταῖς
2655 3746 2942 3816 ἑκατέραις
2976 3747 3351 3816 ἐνειλημμένοι
3381 3747 3630 3813 πλάναις,
3661 3747 3737 3810 ὡς

2155 3838 2243 3891 ἀεὶ
2271 3839 2366 3890 σὺν
2394 3836 2472 3906 τῷ
2507 3838 2682 3906 Πατρὶ
2714 3839 2741 3890 ὁ
2771 3837 2897 3901 Υἱὸς
2925 3837 3180 3906 γεννητὸς
3208 3837 3322 3907 ἅμα
3370 3840 3464 3891 καὶ
3503 3838 3740 3909 ἄναρχός

2157 3933 2324 3985 ἐστιν.
2353 3931 2621 4002 Ἀναρχος
2657 3930 2754 4000 μὲν
2792 3930 2870 4000 τῷ
2902 3931 2990 3984 ἀεὶ
3033 3934 3269 3984 συνεῖναι
3294 3931 3370 4000 τῷ
3392 3933 3583 4002 Πατρὶ,
3611 3949 3726 3999 γεν-

2155 4023 2316 4091 νητὸς
2357 4023 2412 4074 δὲ
2455 4022 2532 4093 τῷ
2583 4022 2672 4075 τὸν
2709 4023 2928 4094 Πατέρα
2957 4023 3249 4093 ἐσχηκέναι
3301 4024 3394 4078 τοῦ
3437 4020 3575 4077 εἶναι
3601 4043 3614 4055 ο
3660 4025 3740 4088 ὡς

2156 4115 2366 4187 ἔφημεν
2414 4117 2506 4169 ἐπὶ
2562 4116 2656 4169 τοῦ
2713 4115 2907 4186 λύχνου
2973 4118 3236 4179 εἰπόντες,
3275 4119 3356 4171 ὅτι
3411 4119 3583 4182 αἴτιος
3637 4118 3738 4187 μὲν

2157 4207 2314 4269 αὐτὸς
2359 4207 2452 4259 τοῦ
2505 4206 2762 4276 φέγγους,
2812 4206 2872 4259 οὐ
2933 4207 3112 4276 μέντοι
3162 4207 3425 4279 πρότερον
3467 4208 3561 4260 τοῦ
3599 4207 3739 4276 φέγ-

2157 4314 2304 4365 γους,
2369 4297 2483 4348 ἀλλ’
2515 4299 2806 4369 ὀμόχρονος
2844 4299 3135 4368 τυγχάνει·
3181 4299 3351 4362 οὕτως
3389 4301 3482 4353 καὶ
3525 4301 3605 4362 εις
3644 4301 3740 4354 τὸν

2157 4387 2329 4440 αἰῶνα
2384 4387 2570 4450 ἔσται,
2625 4389 2718 4442 καὶ
2774 4388 3029 4442 οὐδέποτε
3085 4389 3348 4443 παύσεται
3395 4390 3691 4459 βασιλεύων
3722 4407 3736 4421 ·

2158 4480 2454 4551 ἐπειδήπερ
2473 4480 2592 4533 οὐδὲ
2615 4480 2835 4549 ἤρξατο,
2853 4479 2965 4532 ἀλλ’
2983 4482 3066 4533 ἀεὶ
3092 4481 3446 4551 συνηργηκὼς
3461 4482 3539 4552 τῷ
3562 4483 3742 4552 Πατρὶ

476 4590 601 4630 men
688 4581 818 4626 ante
907 4567 1257 4639 splendorem
1335 4574 1453 4630 est,
1511 4566 1608 4621 sed
1674 4575 2051 4636 contempora-

2159 4573 2754 4642 ἑαυτὸν-συνεμφαίνει,
2796 4573 2886 4625 διὰ
2916 4573 3010 4625 τοῦ
3042 4574 3351 4645 εἰρηκέναι·
3391 4595 3409 4625 ι
3456 4575 3513 4626 'U
3549 4576 3740 4645 Πατήρ

477 4667 566 4726 lis.
603 4664 695 4719 Sic
745 4663 910 4717 etiam
962 4660 1019 4716 in
1051 4667 1312 4714 aeternum
1353 4659 1616 4722 manebit,
1665 4666 1718 4712 et
1775 4674 2052 4726 nunquam

478 4770 707 4826 regnare
730 4751 978 4817 desinet;
1007 4749 1444 4820 quandoquidem
1501 4749 1644 4802 haud
1700 4749 1921 4816 incepit,
1959 4749 2055 4802 sed

476 4863 683 4906 secum
709 4844 873 4898 Patre
927 4857 1143 4912 semper
1200 4840 1417 4910 operari
1455 4840 1719 4903 declarat,
1767 4856 1890 4894 eum
1927 4843 2002 4895 ait
2039 4861 2051 4896 :

485 4961 504 4993 ι
541 4939 698 4994 Pater
752 4951 905 4991 meus
941 4949 1136 5003 usque
1175 4934 1338 4987 modo
1370 4941 1647 5002 operatur,
1689 4943 1741 4987 et
1795 4951 1894 5003 ego
1923 4951 2054 5004 ope-

480 5031 662 5087 ror”.
707 5049 724 5080 ι
767 5026 875 5081 Sed
903 5027 1028 5094 quia
1071 5026 1278 5078 locutio
1325 5041 1486 5094 usque
1535 5025 1688 5078 modo
1728 5028 1794 5079 ad
1827 5029 2052 5080 alteram

481 5123 740 5188 refertur,
777 5136 974 5189 nempe
1023 5133 1087 5171 ex
1113 5134 1250 5187 quo;
1277 5117 1405 5186 quia
1459 5132 1524 5168 ea:
1575 5118 1756 5186 quoin
1817 5128 2059 5186 tempore

484 5222 768 5279 versatur;
816 5213 1017 5274 omissa
1062 5207 1222 5262 .lesus
1278 5207 1550 5261 locutione
1577 5223 1644 5260 ex
1672 5225 1792 5276 quo,
1812 5222 1864 5263 et
1898 5227 2059 5280 usque

485 5307 640 5361 modo
667 5312 877 5360 tantum
902 5301 1113 5366 dicens.
1140 5298 1535 5354 demonstravit
1553 5314 1613 5354 se
1635 5302 1816 5354 omnia
1845 5318 2061 5372 semper

2167 4683 2268 4736 μου
2282 4666 2386 4728 ἓως
2415 4664 2538 4737 ἄρτι
2567 4665 2877 4734 ἐργάζεται,
2897 4664 3051 4733 κάγὼ
3078 4665 3376 4737 ἐργάζομαι
3400 4683 3413 4696 ·
3445 4686 3462 4716 ι
3489 4664 3742 4737 ἐπιζητεῖ

2162 4759 2306 4812 δὲτὸ
2356 4759 2467 4825 ἕως
2510 4759 2658 4827 ἄρτι,
2689 4758 2750 4810 τὸ
2792 4759 2891 4826 ἀεί
2935 4754 3253 4829 οὗ·ὲπειδὴ
3299 4758 3359 4810 τὸ
3391 4758 3491 4826 ἀφ’
3541 4755 3635 4822 οὗ,
3679 4761 3741 4812 ὲν

2162 4853 2338 4922 χρόνῳ
2365 4851 2642 4921 τυγχάνει,
2684 4849 2929 4921 πα[ρεὶ”1ς
2985 4852 3047 4903 τὸ
3085 4851 3185 4918 ἀφ’
3214 4845 3307 4915 οὗ,
3356 4851 3416 4902 τὸ
3455 4851 3566 4914 ἕως
3607 4850 3741 4919 ἄρτι

2166 4941 2324 5011 μόνον
2372 4942 2573 4998 εἰπὼν.
2627 4939 2886 5010 ἐνέφηνεν
2937 4939 3024 4992 ἀεὶ
3070 4938 3140 4991 τὰ
3192 4939 3369 4992 πάντα
3422 4938 3575 5010 αὐτῷ
3621 4956 3742 4992 συνο

2161 5031 2467 5102 ειργᾶσθαι.
2494 5031 2814 5101 Ἐργάζεται
2836 5031 2944 5102 γὰρ
2972 5031 3075 5094 ἕως
3095 5031 3217 5102 ἄρτι
3245 5031 3414 5100 φύων,
3432 5031 3738 5100 ζωογονῶν,

2160 5123 2360 5189 αὔξων,
2387 5123 2566 5176 πάντα
2610 5121 2870 5193 ἡνιοχῶν⁹
2909 5123 3004 5175 καί
3050 5123 3170 5175 οὐδέ
3201 5141 3329 5176 ποτε
3362 5123 3652 5176 παύσεται·
3673 5127 3740 5178 οὺ

2159 5217 2266 5286 γὰρ
2298 5217 2526 5286 ἁρμόσει
2544 5214 2663 5284 Θεῷ
2691 5215 2753 5267 τὸ
2795 5215 3006 5286 ἀργεῖν,
3035 5213 3144 5267 οὐδ’
3171 5215 3534 5286 ἀποκαμεῖται
3567 5221 3741 5289 ἐργα-

2159 5312 2384 5380 ζόμενος
2415 5308 2502 5361 ἵνα
2521 5306 2816 5377 παύσηται.

483 5417 607 5456 cum
639 5399 800 5454 Patre
830 5413 953 5453 esse
977 5406 1282 5467 operatum.
1315 5395 1587 5465 Operatur
1615 5399 1759 5452 enim
1793 5416 1966 5470 usque
1995 5411 2156 5464 modo
2186 5405 2522 5477 producens,
2558 5401 2864 5462 vivilicans,
2910 5412 3140 5467 augens,
3163 5406 3360 5452 cuncta
3391 5398 3739 5467 gubernans;

484 5508 584 5548 nec
613 5505 854 5561 unquam
884 5489 1136 5555 desinet;
1167 5504 1343 5559 neque
1369 5489 1514 5543 enim
1538 5489 1646 5544 Deo
1670 5495 1923 5547 convenit
1956 5501 2150 5566 otium,
2181 5514 2358 5570 neque
2391 5495 2688 5552 lassabitur
2716 5507 2973 5563 operans,
3005 5492 3079 5546 ita
3111 5501 3167 5546 ut
3199 5496 3247 5546 ei
3274 5494 3460 5562 requie
3481 5506 3620 5562 Opus
3641 5494 3739 5549 sit.

565 5611 606 5643 "
631 5611 788 5667 Rom.
815 5627 890 5679 lx,
915 5610 1004 5664 ‘55.
1085 5610 1128 5641 “
1153 5607 1311 5665 Joan.
1343 5625 1382 5673 ι,
1404 5611 1458 5666 5.
1537 5612 1580 5642 ⁸⁷
1601 5613 1720 5666 Act.
1756 5630 1816 5675 ιι,

2019 5617 2062 5647 ¹⁸
2103 5616 2263 5671 Joan.
2290 5633 2344 5681 ν,
2383 5615 2471 5670 l7.

561 5733 636 5818 (εξ)
669 5734 1292 5818 Ηειιιςιιὶριιειθιιιιιετιειρ
1334 5775 1349 5802 ,
1388 5732 1718 5791 Chaldaicus
1747 5749 1881 5803 mg,
1914 5740 2056 5810 vnlg.
2139 5737 2255 5793 Lat.
2314 5739 2589 5806 possedit,
2637 5737 2770 5790 itala
2843 5746 2998 5791 vetus
3053 5733 3196 5803 apud
3252 5749 3353 5788 nos
3407 5733 3462 5787 in
3516 5732 3738 5794 Speculo

491 5802 552 5860 Β.
572 5802 876 5874 Augustini
904 5807 1116 5858 crearit.
