4120 6394
350 340 488 395 1289

1376 336 1752 395 Αοτεῐιευδ
1786 336 2010 393 ARIUM
2043 336 2129 391 ET
2172 337 2586 394 SABELLIUM.

3490 334 3629 388 I190

422 470 496 528 ς’.
530 459 698 535 Οἶμαι
731 464 829 535 μὲν
882 459 977 518 οὖν
1002 466 1128 527 τοὺς
1167 464 1567 536 ’Ᾱρειοπλανείς
1599 463 1789 534 ὥσπερ
1814 481 1931 518 συν»

2113 463 2165 517 6.
2208 461 2415 532 Opinor
2444 471 2625 517 autem
2666 461 2788 515 illos
2838 461 2931 532 qui
2971 460 3088 515 Arii
3122 475 3310 517 errore
3350 462 3622 523 laborant,

345 553 553 625 ντγορίᾳ
604 554 905 625 κεχρῆσθαι
947 558 1035 624 ’τῇ
1082 556 1428 625 Εὑαγγελικῇ
1465 558 1613 625 φωνῇ
1665 554 1933 624 λεγούσῃ·

357 664 377 697 ο
417 647 475 699 Ὀ
493 644 713 716 πέμψας
742 663 808 716 με
840 646 1040 715 μείζων
1071 664 1172 715 μου
1200 646 1315 699 ἐστί
1340 648 1417 716 (7)
1443 663 1454 675 °
1485 666 1503 697 ι
1546 641 1712 715 ἀφ’οὗ
1735 647 1940 717 κτίσμα

354 737 446 790 καὶ
477 736 688 805 ποίημα
734 736 896 789 αὑτὸν
930 736 1284 808 ὑπειλήφασι.
1326 739 1437 791 Καὶ
1467 736 1529 789 τὸ
1559 737 1830 790 ἀντειπεῖν

354 828 856 900 προσαγορεύσαντι
881 829 1216 886 ,διδάσκαλον
1248 829 1453 899 ἀγαθόν
1477 845 1490 857 ·
1529 847 1547 880 ‹
1587 830 1775 893 Ούδεὶς
1800 831 1939 898 ἀγα-

353 923 446 985 θὸς
474 924 521 975 εί
556 923 628 993 μὴ
658 918 737 985 εἷς
755 924 783 974 ὁ
805 923 956 986 Θεὸς,
988 941 1006 974 ›
1028 923 1282 976 ὑπόνοιαν
1310 923 1739 994 ὲμπεποιηκέναι
1762 925 1942 987 αὑτᾶς

354 1013 641 1095 ἄνθρωπον
661 1015 811 1078 ὄντα,
848 1016 1291 1086 καταχρηστικὴν
1320 1016 1689 1087 προσηγορίαν
1715 1017 1943 1086 ἐσχηκέ-

356 1122 444 1158 ναι
470 1105 559 1158 τὸν
584 1105 727 1158 Υἱόν.
745 1104 853 1158 Καὶ
874 1106 953 1171 τὸ,
972 1124 995 1157 ‹
1025 1107 1212 1171 Οὐδεὶς
1230 1101 1334 1159 οἶδε
1357 1105 1454 1178 τὴν
1482 1104 1944 1178 συντελε[σ]τικὴν

354 1192 571 1265 ἡμέραν
603 1196 695 1247 καὶ
721 1194 817 1266 τὴν
851 1194 1022 1265 ὤραν,
1052 1196 1160 1249 οὐδ’
1186 1200 1234 1251 οἰ
1279 1196 1498 1265 ἄγγελοι
1539 1196 1647 1250 τῷν
1677 1196 1941 1267 οὐρανῶν,

354 1287 480 1339 οὑδὲ
512 1289 540 1339 ὁ
568 1287 715 1350 Υίδς,
757 1308 773 1339 ι
811 1290 867 1340 ἐν
896 1291 1007 1351 τοῖς
1036 1288 1178 1342 κατά
1208 1290 1434 1360 Μάρκον
1473 1290 1807 1361 εἰρημένοις,
1847 1309 1865 1340 ι
1896 1292 1946 1343 εί

365 1379 439 1450 μὴ
470 1381 499 1432 ὁ
529 1378 718 1449 Πατὴρ
751 1380 929 1448 μόνος,
966 1400 984 1431 ι
1019 1381 1294 1451 ἀλλότριον
1318 1383 1415 1451 τῆς
1454 1382 1728 1453 πατρικῆς
1758 1381 1946 1445 οὐσίας

360 1472 645 1539 γεγονέναι
678 1472 768 1524 τὸν
810 1472 937 1524 Υίὸν
965 1473 1220 1527 ὑπόνοιαν
1256 1475 1439 1537 αὐτοῖς
1471 1476 1715 1543 ἐμποιεῖν
1739 1473 1944 1542 οἴομαι.

362 1564 428 1615 Οί
455 1563 511 1615 δὲ
541 1562 681 1615 κατὰ
708 1562 1016 1624 Σαόὲλλιον,
1051 1582 1069 1614 ι
1093 1563 1233 1632 Ἐγὼ
1255 1566 1348 1617 καὶ¹
1373 1566 1401 1617 ὁ
1428 1566 1613 1635 Πατὴρ
1634 1565 1692 1617 ἓν
1722 1566 1943 1634 ἐσμενοι

364 1656 481 1715 καὶ,
515 1673 533 1705 ‹
570 1657 625 1707 '0
656 1655 754 1725 ἐμὲ
784 1655 1065 1727 ἑωρακὼς,
1088 1655 1301 1727 ἑώρακε
1324 1660 1413 1712 τὸν
1432 1657 1671 1727 Πατέρα·
1703 1676 1720 1707 ι
1742 1657 1837 1709 καὶ
1864 1656 1946 1723 τὸ,

2046 570 2145 608 ceu
2176 554 2485 624 patrocinio
2533 553 2771 623 quodam
2826 554 2903 607 uti
2934 553 3268 623 Evangelico
3304 552 3625 607 testimonio

2045 647 2263 701 dicente
2294 665 2307 700 :
2345 664 2364 697 ι
2397 646 2501 713 Qui
2531 646 2681 701 misit
2712 660 2819 709 me,
2850 646 3025 714 major
3055 661 3140 699 me
3164 654 3250 700 est
3272 645 3346 711 ¹⁹;
3377 664 3396 697 ι
3423 661 3487 701 ex
3517 662 3628 716 quo

2046 738 2202 792 dicto
2228 746 2469 809 arguunt
2522 738 2799 792 Christum
2840 752 2965 792 esse
2997 744 3307 792 creaturam
3342 745 3506 806 atque
3548 739 3629 790 Ia-

2048 839 2285 884 cturam.
2308 829 2535 898 Insuper
2561 830 2691 899 quia
2721 828 2881 883 Jesus
2900 829 2949 882 ei
2976 844 3007 881 a
3032 843 3141 897 quo
3168 828 3429 897 magister
3449 828 3627 883 bonus

2048 920 2227 974 fuerat
2258 922 2563 992 appellatus
2595 920 2942 992 responderit
2972 939 2987 974 :
3027 939 3046 969 ε
3084 918 3254 973 Nemo
3286 921 3482 981 bonus,
3521 920 3625 972 nisi

2049 1014 2202 1067 SUIIIS
2230 1011 2372 1068 Deus
2401 1016 2480 1078 ²⁰;
2518 1033 2535 1065 ι
2573 1014 2699 1067 hinc
2720 1014 2823 1068 sibi
2851 1012 3165 1082 opinionem
3192 1011 3447 1080 iujectam
3474 1013 3631 1065 aiunt

2051 1104 2205 1176 illum
2240 1122 2365 1159 cum
2400 1107 2564 1159 homo
2594 1113 2763 1170 esset,
2802 1103 3023 1159 nonnisi
3056 1103 3339 1158 abusivam
3381 1102 3502 1157 Filii
3531 1119 3627 1174 ap-

2052 1198 2398 1266 pellationiem
2423 1198 2698 1253 habuisse.
2723 1197 2855 1251 Item
2870 1195 3038 1250 illud:
3060 1214 3079 1245 ‹
3101 1193 3275 1249 Nemo
3291 1203 3627 1250 nostri-mam

2049 1296 2193 1352 diem
2235 1296 2495 1351 horamve
2527 1295 2699 1360 novit,
2746 1310 2817 1350 ne
2846 1294 3023 1365 angeli
3075 1294 3340 1347 caelorum
3389 1290 3633 1360 quidem,

2052 1404 2236 1459 neque
2262 1387 2458 1453 Filius,
2504 1407 2523 1439 ι
2552 1398 2610 1441 ut
2636 1396 2720 1442 est
2749 1388 2894 1457 apud
2924 1386 3164 1440 Marcum
3192 1384 3261 1447 ²¹,
3306 1402 3323 1434 ι
3351 1382 3446 1437 sed
3482 1381 3635 1435 solus

2052 1481 2235 1545 Pater,
2268 1500 2286 1532 ι
2324 1481 2398 1539 id,
2438 1481 2683 1549 inquam,
2726 1479 2962 1533 alienum
2993 1491 3118 1531 eum
3151 1474 3319 1531 fuisse
3347 1489 3377 1527 a
3412 1481 3637 1542 paterna

2055 1574 2389 1635 substantia,
2418 1572 2553 1641 ipsis
2587 1585 2779 1625 creare
2823 1568 3194 1637 suspicionem
3240 1565 3500 1620 arbitror.
3539 1562 3639 1615 Sa-

2060 1666 2279 1720 belliani
2346 1672 2551 1729 autem,
2584 1663 2712 1717 dum
2770 1660 3077 1715 locutiones
3116 1673 3130 1712 :
3177 1676 3195 1709 ι
3258 1659 3370 1729 Ego
3393 1664 3447 1710 et
3477 1655 3638 1709 Pater

374 1764 391 1795 ι
431 1746 560 1798 Ὅτε
589 1745 866 1817 παραδιδῷ
890 1746 988 1818 τὴν
1017 1745 1293 1816 βασιλείαν
1316 1745 1395 1816 τῷ
1419 1748 1591 1815 Πατρὶ
1617 1748 1711 1799 καὶ
1742 1746 1889 1818 Θεῷ·
1921 1767 1939 1800 ι

2064 1774 2225 1812 unum
2251 1772 2445 1811 sumus
2478 1758 2561 1818 ¹²;
2602 1774 2620 1806 ι
2655 1762 2709 1809 et
2743 1753 2943 1807 aliam:
2986 1772 3004 1803 ι
3044 1750 3148 1817 Qui
3193 1765 3278 1803 me
3310 1748 3466 1807 vidit,
3504 1746 3641 1799 vidit

363 1836 428 1888 οὑ
460 1837 576 1905 μετ’
606 1837 892 1907 ἀκριϐείας
931 1838 1163 1908 κρίσεως
1190 1838 1583 1906 ἀνεγνωκότες,
1619 1840 1699 1901 εἰς
1723 1840 1823 1909 τὴν
1850 1856 1951 1909 με·

363 1928 561 1999 γίστην
582 1930 683 1999 τῆς
718 1931 974 1995 ἀσεῦείας
1026 1931 1415 1985 ἑκπεπτώκασι
1447 1931 1677 2002 πλάνην,
1719 1932 1954 2001 οἰόμενοι

367 2020 457 2074 διὰ
499 2020 597 2091 μὲν
642 2020 991 2088 λειποταξίαν
1019 2023 1367 2094 ἀνθρωπίνην
1409 2022 1831 2096 προεληλυθέναι
1866 2022 1955 2075 τὸν

374 2109 501 2162 Υἰδν
558 2111 621 2163 ὲκ
670 2110 763 2163 τοῦ
798 2112 1011 2183 Πατρὸς
1049 2113 1436 2183 προσκαίρως,
1481 2108 1636 2176 αὖθις
1701 2114 1758 2166 δὲ
1819 2113 1957 2184 μετά

372 2202 471 2273 τὴν
544 2202 825 2273 διόρθωσιν
880 2204 986 2256 τῶν
1054 2205 1406 2275 ἀνθρωπίνων
1472 2204 1958 2275 πλημμελημάτων

368 2294 739 2348 ἀναλελυκότα
769 2295 981 2349 ἐνδῦναί
1008 2314 1067 2348 τε
1120 2298 1211 2349 καὶ
1241 2297 1610 2367 ἀναμεμίχθαι
1648 2296 1729 2367 τῷ
1759 2299 1955 2369 Πατρί.

368 2388 487 2440 Οὑκ
517 2389 851 2456 ἀνέγνωκας,
882 2382 926 2441 ὦ
961 2388 1380 2461 Σαϐελλιόφρον,
1408 2390 1502 2442 καὶ
1523 2390 1638 2443 τόδε
1671 2390 1731 2442 τὸ
1764 2391 1960 2461 χωρίον

371 2484 472 2548 τῇς
497 2478 855 2549 ἀποστολικῆς
872 2480 1116 2549 Γραφῆς.
1136 2480 1164 2532 ὃ
1190 2481 1476 2550 ἀντισταίη
1506 2497 1597 2534 σου
1616 2484 1681 2551 τῇ
1702 2481 1921 2552 δοκήσει
1942 2498 1957 2546 ;

375 2571 511 2639 φησὶ
533 2570 641 2641 γὰρ
667 2571 788 2640 μεθ’
820 2571 982 2642 ἕτερα
1002 2588 1016 2602 ·
1046 2590 1063 2623 t
1095 2570 1252 2625 Κατά
1274 2572 1371 2642 τὴν
1400 2574 1681 2644 ἐνέργειαν
1707 2573 1799 2626 τοῦ
1834 2574 1964 2643 κρά-

375 2680 503 2724 τους
531 2663 631 2731 τῆς
669 2663 850 2733 ἰσχύος
874 2664 1060 2727 αὑτοῦ,
1094 2664 1160 2735 ἦν
1194 2666 1498 2736 ἐνήργηκεν
1526 2666 1585 2718 ἐν
1613 2665 1688 2737 τῷ
1718 2668 1960 2736 Χριστῷ,

380 2755 600 2826 ἐγείρας
630 2754 791 2808 αὑτὸν
825 2757 889 2808 ἐκ
915 2756 1144 2826 νεκρῶν,
1174 2756 1267 2809 καὶ
1295 2756 1525 2821 καθίσας
1548 2759 1604 2809 ὲν
1626 2757 1773 2828 δεξιᾷ
1796 2757 1961 2811 αὑτοῦ

380 2846 442 2896 ὲν
476 2848 586 2907 τοῖς
623 2845 965 2917 ἐπουρανίοις
990 2845 1244 2917 ὑπεράνω
1270 2847 1449 2917 πάσης
1492 2847 1666 2918 ἀρχῆς
1689 2848 1784 2900 καὶ
1816 2848 1965 2914 ἐξου-

388 2937 507 3001 σίας
541 2938 633 2991 καὶ
659 2937 939 3007 δυνάμεως
967 2938 1060 2990 καὶ
1080 2936 1401 3008 κυριότητος
1430 2938 1524 2990 καὶ
1546 2938 1747 3001 παντὸς
1769 2940 1966 3008 ὀνομα-

383 3028 637 3101 ζομένου,
663 3031 722 3083 οὐ
750 3030 909 3100 μόνον
931 3030 987 3083 ἐν
1012 3030 1094 3099 τῷ
1118 3030 1275 3083 αἰῶνι
1306 3030 1501 3100 τούτῳ,
1535 3031 1593 3083 ἀλ
1604 3031 1669 3083 λὰ
1698 3032 1790 3084 καὶ
1816 3034 1871 3084 ὲν
1890 3031 1967 3100 τῷ

2546 1798 2561 1822 ν

2058 1859 2113 1903 et
2142 1849 2358 1905 Patrem
2392 1850 2472 1915 ³³;
2504 1867 2522 1899 ι
2560 1858 2615 1901 et
2654 1845 2892 1914 denique
2924 1844 3087 1897 aliam
3115 1860 3128 1895 :
3165 1860 3183 1892 ι
3226 1841 3363 1895 Cum
3394 1836 3634 1893 tradide-

2059 1943 2128 1997 rit
2160 1956 2388 2013 regnum
2414 1939 2560 1994 Patri
2579 1938 2779 1993 Deo":
2802 1956 2819 1988 ι
2847 1937 2947 1991 bas
2977 1935 3197 2003 inquam
3222 1932 3492 1986 dictiones
3508 1928 3638 1981 dum

2058 2032 2177 2086 sine
2212 2038 2473 2085 accurato
2499 2028 2713 2099 judicio
2742 2028 3006 2097 legerent,
3035 2026 3090 2078 in
3116 2024 3413 2077 maximum
3448 2018 3643 2087 impie-

2059 2122 2190 2177 tatis
2216 2137 2463 2178 errorem
2515 2120 2824 2192 prazcipites
2853 2117 3198 2177 deciderunt,
3237 2113 3641 2172 existimantes,

2062 2223 2281 2285 propter
2314 2213 2554 2268 hominis
2585 2228 2614 2265 a
2648 2212 2755 2265 Deo
2784 2208 3168 2269 defectionem,
3190 2203 3391 2257 Filium
3425 2218 3455 2257 ε
3481 2200 3643 2255 Patre

2062 2307 2401 2377 processisse
2450 2303 2846 2374 temporaliter,
2876 2299 2972 2356 sed
3005 2296 3258 2352 eumdem
3292 2308 3489 2349 rursus
3518 2299 3644 2362 post

2062 2399 2423 2477 humanorum
2476 2401 2826 2465 peccatorum
2880 2387 3305 2450 correctionem,
3364 2399 3644 2440 reversmu

2062 2472 2274 2545 celasse
2303 2494 2477 2542 semet
2514 2493 2569 2540 et
2603 2499 2730 2539 cum
2771 2482 2933 2536 Patre
2979 2476 3419 2534 commiscuisse.
3452 2472 3646 2543 Nonne

2063 2597 2190 2636 vero
2225 2580 2424 2651 legisti,
2456 2594 2490 2633 o
2525 2576 2853 2638 Sabelliane,
2879 2573 3027 2627 hunc
3067 2585 3287 2641 quoque
3331 2567 3647 2635 apostolica!

2064 2674 2369 2744 Scriptura:
2403 2673 2607 2735 locum,
2632 2668 2726 2738 qui
2756 2664 3003 2736 opinioni
3035 2672 3141 2717 tua:
3169 2658 3539 2716 contradicit?
3560 2656 3650 2710 Ait

2062 2766 2207 2819 enim
2243 2770 2368 2833 post
2386 2762 2492 2815 alia
2522 2778 2535 2814 :
2575 2779 2593 2811 ‹
2635 2757 2947 2813 Secundum
2979 2752 3353 2824 operationem
3390 2747 3650 2818 potentia:

2067 2855 2283 2909 virtutis
2311 2855 2453 2923 ejus,
2489 2865 2654 2921 quam
2682 2856 2941 2919 operatus
2987 2851 3073 2899 est
3111 2844 3166 2905 in
3195 2840 3439 2899 Christo.
3474 2837 3651 2892 susci-

2068 2957 2189 3014 tans
2217 2960 2342 3001 eum
2392 2958 2423 2996 a
2458 2941 2711 3005 mortuis,
2740 2937 3191 3003 eoustituensque
3235 2931 3303 2985 ad
3360 2930 3645 2983 dexteram

2070 3051 2224 3092 suam
2264 3036 2319 3090 in
2368 3032 2688 3089 caelestibus
2718 3042 2888 3098 super
2940 3039 3159 3079 omnem
3196 3019 3564 3093 principatum
3598 3022 3655 3068 et

388 3122 657 3192 μέλλοντι.
701 3142 720 3173 ι
762 3123 883 3175 Οὐδ’
938 3123 970 3193 ἡ
1017 3122 1347 3193 εύαγγελικὴ
1401 3124 1551 3195 φωνή
1598 3140 1657 3176 σε
1688 3124 1865 3177 πείθει
1904 3126 1962 3177 οὐ

2070 3137 2417 3199 potestatem,
2441 3126 2812 3192 virtutemque
2837 3134 2901 3173 ac
2932 3116 3385 3174 dominationem,
3415 3119 3468 3164 et
3490 3122 3655 3162 omne

386 3212 724 3284 πρόσκαιρον
750 3209 886 3266 εἶναι
912 3214 1002 3267 τὸν
1027 3214 1173 3274 rem,
1207 3213 1322 3266 ἀλλ’
1353 3214 1435 3266 ὅτι
1466 3216 1558 3267 καὶ
1586 3216 1619 3285 ἡ
1647 3215 1703 3268 ἐν
1734 3214 1810 3287 τῷ
1843 3215 1969 3285 μέλ-

386 3304 534 3358 λοντι
560 3306 714 3358 αἰῶνι
742 3306 881 3359 κατά
909 3305 1128 3358 πάντων
1148 3306 1271 3376 δίκη
1297 3307 1697 3378 ὲγκεχείρισται
1722 3308 1797 3377 τῷ
1822 3308 1968 3379 Υῐῷς

2067 3237 2291 3283 nomen,
2324 3219 2469 3289 quod
2521 3214 2839 3270 nominatur
2874 3225 2984 3264 non
3022 3207 3201 3263 solum
3232 3205 3286 3258 in
3351 3203 3453 3256 hoc
3478 3214 3657 3253 sarcu-

2066 3316 2140 3373 lo.
2174 3311 2269 3367 sed
2305 3310 2469 3365 etiam
2498 3308 2553 3362 in
2585 3305 2772 3360 futuro
2797 3303 2866 3357 ".
2906 3320 2925 3355 ι
2963 3298 3151 3368 Neque
3173 3295 3275 3350 tibi
3331 3290 3657 3361 Evangelica

392 3418 412 3450 ι
463 3398 522 3451 Ὀ
550 3398 659 3469 γάρ
712 3399 924 3470 Πατὴρ.
959 3417 976 3449 ι
1012 3402 1165 3471 φησὶ,
1207 3418 1226 3450 ι
1262 3400 1437 3469 κρίνει
1496 3400 1725 3454 οὑδὲνα’
1769 3401 1868 3471 τὴν
1913 3400 1963 3453 δὲ

2065 3421 2169 3459 vox
2204 3402 2519 3474 persuadet,
2552 3413 2659 3452 non
2688 3410 2813 3451 esse
2833 3390 3191 3461 temporalem
3212 3385 3439 3445 Filium,
3472 3382 3565 3437 sed
3602 3380 3658 3434 in

386 3492 569 3562 κρίσιν
625 3493 805 3545 πᾶσαν
859 3492 1057 3545 δέδωκε
1106 3491 1184 3560 τῷ
1215 3491 1348 3561 Υίῷ,
1386 3491 1472 3544 ἵνα
1499 3492 1697 3562 τιμῶσι
1726 3493 1817 3545 τὸν
1842 3492 1963 3547 Υίὸν

2068 3469 2253 3550 futuro
2310 3505 2529 3563 quoque
2576 3485 2777 3543 saecqu
2810 3482 3072 3536 traditum
3120 3492 3245 3532 esse
3292 3472 3561 3543 judicium
3592 3469 3662 3523 do

386 3583 571 3645 καθὼς
594 3583 791 3652 τιμῶσι
815 3583 905 3635 τὸν
930 3582 1169 3652 Πατέρα’
1209 3602 1225 3632 δ
1259 3583 1352 3635 καὶ
1372 3582 1598 3653 ἑτέρωθί
1625 3600 1728 3635 που
1752 3586 1779 3637 ό
1813 3583 1963 3637 ’Λπό-

2069 3586 2326 3643 munibus
2350 3582 2526 3637 Filio?
2557 3578 2692 3633 Nam
2730 3595 2749 3628 ‹
2814 3573 2997 3634 Pater,
3051 3589 3069 3622 ι
3120 3566 3301 3637 inquit
3349 3563 3659 3653 Scriptura,

392 3673 603 3736 στολος·
640 3692 657 3724 ‹
712 3675 799 3725 Ἐν
844 3677 910 3744 τῇ
972 3674 1312 3742 ἀποκαλύψει
1334 3673 1429 3726 τοῦ
1470 3674 1672 3742 Κυρίου
1718 3674 1912 3745 Ἰησοῦ,
1950 3694 1969 3727 ι

390 3766 547 3834 φησὶ,
587 3783 604 3814 ι
643 3765 736 3817 ἀπ’
776 3764 1004 3834 ούρανοῦ
1045 3765 1161 3835 μετ’
1202 3765 1447 3833 ἀγγέλων
1483 3765 1765 3835 δυνάμεως
1786 3766 1975 3830 αὑτοῦ,

393 3859 451 3909 ὲν
478 3857 636 3925 φλογὶ
658 3856 845 3926 πυρὸς,
887 3856 1061 3919 διδοὺς
1088 3857 1364 3926 ἐκδίκησιν
1402 3859 1515 3920 τοῖς
1557 3857 1631 3927 μὴ
1658 3857 1822 3911 εἰδόσι
1848 3858 1980 3911 Θεὸν

394 3949 491 4003 καὶ
520 3952 630 4011 τοῖς
690 3948 763 4019 μὴ
816 3948 1150 4001 ὑπακούουσι
1198 3947 1275 4018 τῷ
1302 3949 1618 4020 Εὑαγγελίῳ
1647 3948 1741 4002 τοῦ
1775 3950 1979 4022 Κυρίου

395 4041 552 4110 ήμῶν
598 4040 774 4110 Ἰησοῦ
826 4039 1082 4109 Χριστοῦ.
1120 4058 1138 4091 ι
1175 4040 1318 4110 Ὂρα
1344 4041 1459 4105 πῶς
1487 4043 1535 4093 oi
1568 4041 1642 4112 μὴ
1677 4042 1979 4096 ὑπακούον-

394 4150 483 4195 τες
512 4132 667 4201 δίκην
718 4133 949 4197 τίσουσι,
974 4132 1155 4202 φησὶν,
1182 4131 1400 4202 ὄλεθρον
1429 4131 1666 4195 αἰώνιον,
1697 4132 1825 4186 ὅταν
1852 4133 1981 4207 ἔλθῃ

396 4223 774 4294 ἐνδοξασθῆναι
794 4224 853 4276 ὲν
881 4226 989 4286 τοῖς
1016 4223 1189 4290 ἁγίοις
1210 4223 1396 4277 αὑτοῦ.
1416 4225 1635 4277 Τίσουσι
1656 4225 1713 4279 δὲ
1743 4225 1821 4296 τῷ
1843 4227 1977 4296 Υίῷ,

394 4313 453 4365 ἓν
482 4319 543 4369 σὺ
576 4314 769 4384 μηκέτι
795 4310 931 4366 εἶναι
966 4312 1291 4381 ὑπείληφας.

2081 3696 2099 3729 ι
2142 3694 2252 3732 non
2279 3675 2493 3746 judicat
2519 3682 2875 3743 quemquam,
2907 3663 3004 3719 sed
3031 3676 3194 3716 omne
3213 3657 3484 3746 judicium
3511 3651 3664 3746 dedit

2074 3766 2238 3823 Filio.
2277 3738 2337 3817 ut
2367 3738 2560 3816 omnes
2599 3738 2971 3813 honoriﬁceut
2998 3748 3196 3803 Filium
3244 3745 3391 3801 sicut
3433 3738 3664 3795 honori-

2080 3857 2249 3912 I'icaut
2284 3854 2498 3908 Patrem
2517 3851 2585 3904 ".
2613 3868 2631 3900 ι
2668 3847 2734 3903 Et
2770 3844 2900 3899 alibi
2933 3839 3273 3911 Apostolus;
3310 3854 3330 3886 ‹
3361 3834 3421 3888 in
3452 3829 3663 3887 revela-

2082 3950 2229 4003 tioue
2262 3943 2473 3999 Domini
2504 3940 2657 4003 Jesu,
2706 3956 2724 3989 ι
2757 3937 2854 4001 ait,
2887 3952 2908 3985 ‹
2966 3932 3033 3986 de
3080 3929 3223 3985 cmlo
3270 3941 3395 3981 cum
3453 3920 3666 3991 angelis

2082 4039 2300 4095 virtutis
2347 4037 2467 4107 ejus
2504 4034 2558 4089 in
2608 4032 2827 4085 ﬂamma
2878 4025 3024 4096 ignis
3066 4018 3335 4076 sumentis
3368 4013 3663 4069 vindictam

2082 4131 2150 4186 de
2186 4130 2256 4184 iis
2285 4098 2518 4199 qui'non
2566 4118 2830 4177 obediunt
2865 4111 3163 4183 Evangelio
3210 4105 3419 4162 Domini
3487 4098 3664 4156 nostri

2084 4223 2209 4279 Iesu
2259 4219 2459 4278 Christi
2490 4217 2558 4271 ⁸⁷.
2617 4234 2635 4266 ι
2690 4209 2913 4264 Videsis
2973 4201 3251 4275 quomodo
3308 4206 3668 4253 contumaces

2011 4316 2052 4370 ῐΙ
2091 4314 2386 4387 perferent,
2422 4308 2619 4379 inquit,
2653 4316 2868 4375 poenas,
2895 4298 3120 4353 exitium
3141 4291 3357 4348 scilicet
3380 4285 3669 4387 sempiter~

397 4422 550 4468 nunt,
584 4421 707 4459 eum
763 4404 973 4459 venerit
1021 4375 1319 4474 glorilicari
1368 4403 1511 4457 inter
1563 4410 1786 4458 sanctos
1824 4416 1977 4461 suos.
2024 4375 2243 4471 Pierias,
2287 4375 2529 4473 inquam,
2562 4396 2777 4452 solvent
2820 4388 2981 4450 Filio.
3016 4399 3178 4456 quem
3216 4388 3275 4434 tu
3345 4375 3491 4431 haud
3561 4387 3667 4427 am.

400 4500 548 4571 plius
579 4499 848 4552 exsistere
880 4495 1149 4565 opinaris.

472 4597 536 4659 ζ’.
570 4596 634 4647 Εἰ
678 4594 737 4647 δὲ
766 4591 943 4662 βούλει
965 4591 1168 4660 γνῶναι
1198 4591 1227 4643 ὃ
1255 4591 1308 4642 τί
1339 4582 1473 4644 πότέ
1500 4591 1614 4644 ἐστι
1646 4594 1729 4656 τὸ,
1766 4613 1783 4645 t
1811 4595 1982 4648 Ὅταν

401 4687 676 4759 παραδιδῷ
693 4687 791 4757 τὴν
823 4683 1093 4755 βασιλείαν
1116 4682 1191 4753 τῷ
1206 4682 1379 4752 Πατρὶ
1401 4683 1494 4737 κα)⁸
1517 4683 1637 4755 Θεῷ
1655 4684 1815 4755 (8.9),
1831 4706 1848 4737 ι
1884 4688 1982 4740 οὐκ

400 4779 782 4852 ἀποκρυπτέον
835 4795 939 4842 σοι,
969 4778 1017 4829 εί
1051 4777 1146 4829 καὶ
1187 4775 1567 4840 δυσεπίδεκτος
1591 4777 1689 4847 τῆς
1724 4779 1982 4850 ἀληθείας

480 4929 521 4960 ¹¹⁵
551 4924 708 4978 Joau.
744 4937 858 4985 xlv,
888 4922 983 4976 ‘28.
1062 4919 1108 4953 '°
1137 4918 1326 4973 Matth.
1356 4936 1470 4979 XIX.
1509 4920 1594 4973 I7.

1671 4922 1714 4951 "
1748 4920 1918 4973 Marc.
1961 4934 2082 4975 xm.
2117 4916 2205 4970 32.

2160 4588 2211 4641 7.
2245 4585 2302 4640 Si
2333 4596 2463 4637 vero
2485 4589 2819 4650 cognoscere
2847 4585 2975 4625 aves
3005 4565 3136 4638 quid
3168 4563 3443 4635 signiﬁcet
3470 4561 3663 4629 dictio,

2093 4702 2113 4735 ι
2147 4682 2284 4737 Cum
2313 4673 2602 4731 tradiderit
2648 4680 2873 4738 regnum
2922 4660 3068 4716 Patri
3108 4658 3215 4713 Deo
3236 4662 3305 4725 ’⁸,
3355 4674 3374 4708 ι
3430 4669 3500 4709 ne
3559 4653 3665 4709 hoc

2087 4770 2305 4843 quidem
2336 4775 2388 4819 te
2414 4762 2624 4819 celabo.
2658 4767 2976 4829 quanquam
3013 4748 3157 4803 haud
3192 4747 3354 4801 facile
3380 4754 3665 4801 veritatem

2284 4914 2329 4943 ’ί
2363 4908 2519 4961 Jean.
2556 4922 2609 4961 ι,
2647 4903 2736 4956 '50.
2813 4900 2859 4929 ”
2897 4894 3057 4949 Joau.
3086 4892 3276 4957 xtv,9.
3388 4890 3437 4922 ²³
3465 4888 3639 4944 ICor.

400 5014 493 5063 xv,
526 4964 983 5063 εἶίῨἻιῖῑΗιιὲἔξ
1014 5008 1051 5057 ι,
1082 4964 1471 5047 ιθῖ’“⁷ἱε’ζιὸἐὲιῖἷ
1504 4964 1563 5051 (νζ
1580 4964 1686 5058 '22,
1730 4964 1939 5045 «ἑὲῗἻτ

2064 4964 2251 5041 ῘῚῖε-έε.
2294 5000 2349 5043 ι,
2383 4980 2436 5043 7,
2472 4982 2526 5031 8.
2604 4976 2650 5006 ³⁸
2691 4972 2707 5024 I
2745 4971 2875 5026 Cor.
2917 4982 3009 5031 xv,
3038 4964 3129 5018 24.

478 5178 563 5245 (7)
600 5176 656 5231 S.
684 5175 1025 5230 Gaudentius
1051 5172 1200 5245 Brix.
1236 5177 1524 5245 ep.totu_m
1557 5166 1754 5245 scribit
1781 5180 1984 5245 sermo.

407 5236 556 5301 ni-in'
602 5264 763 5302 suum
825 5246 888 5300 I9
934 5246 1002 5299 de
1075 5244 1180 5297 hoc
1222 5236 1392 5296 divini
1439 5239 1752 5292 Servatoris
1808 5236 1980 5295 dicto,

410 5319 593 5386 aitque
640 5319 743 5371 sub
788 5316 992 5370 initio:
1038 5332 1057 5365 ‹
1102 5312 1254 5367 Hanc
1294 5308 1759 5386 habentlueretiei
1794 5306 1982 5358 Ariani

410 5377 835 5441 famosissima":
866 5386 1249 5454 quzestionem,
1280 5396 1386 5449 qua
1418 5378 1612 5432 Filium
1635 5377 1743 5454 _I)ei
1772 5392 1868 5454 ore
1899 5389 1986 5454 sa-

410 5457 616 5525 crilego
639 5447 902 5510 minorem
937 5456 1096 5508 Patre
1129 5447 1395 5525 suo_esse_
1417 5447 1778 5525 contendunt,
1810 5447 1985 5525 ipsius

411 5516 787 5607 testiinonium
825 5522 1486 5607 proferentes.’Quoniaut
1517 5518 1681 5571 Pater
1713 5516 1886 5585 major
1910 5531 1987 5568 me

410 5607 510 5651 est.
562 5589 866 5650 Excaecavit
908 5612 1004 5650 eos
1054 5595 1294 5664 nequitia
1336 5589 1519 5664 curdi_s
1558 5603 1771 5664 eorum.
1815 5599 1982 5664 etc.)

416 5665 489 5719 De
520 5667 620 5719 hoc
647 5666 937 5720 itemdicto
970 5652 1299 5735 habes'apud
1331 5677 1429 5715 nos
1463 5658 1655 5735 Seripr.
1685 5666 1784 5735 yet.
1839 5652 1997 5735 t_._|V.

414 5738 751 5792 celebratum
793 5752 821 5789 a
852 5735 1039 5789 Graaca
1068 5725 1313 5789 Ecclesia
1342 5725 1655 5787 concilium.
1688 5726 1753 5780 Et
1781 5725 1998 5796 quidem

582 5831 850 5890 ιἈτιιοι..
886 5830 1004 5889 Gn.
1037 5828 1229 5891 XLV.

2093 5168 2248 5220 locus
2280 5170 2363 5215 est
2396 5162 2484 5213 hic
2536 5164 2801 5210 Iuvetcre
2854 5160 3018 5220 atque
3067 5146 3342 5220 hodierna
3393 5140 3669 5220 theologia

2082 5212 2526 5305 ᾁῇξιίῖῖιιὲὲιιέίιηε
2553 5245 2568 5293 ;
2600 5227 2667 5281 de
2696 5238 2807 5293 quo
2832 5238 2862 5275 a
2885 5212 2983 5305 me
3026 5219 3179 5305 plura
3222 5216 3386 5270 verba
3424 5212 3537 5266 Iicri
3565 5226 3669 5292 su:

2081 5296 2483 5376 peivacauenm
2520 5305 2625 5359 est,
2676 5296 2979 5365 praesertim
3024 5296 3147 5412 post
3193 5302 3257 5342 ea
3298 5299 3420 5355 quae
3467 5296 3669 5351 εει-ψει

2082 5379 2210 5413 ..ις-ιι
2242 5375 2305 5413 ml
2347 5372 2541 5413 Arimm
2574 5368 2870 5413 fragmenta
2901 5369 2941 5413 ι.
3051 5400 3063 5412 .

2082 5368 2210 5429 olim
2241 5375 2307 5427 ad
2339 5372 2541 5424 Ariana
2572 5368 2870 5435 fragmenta
2901 5369 2941 5414 t.

2333 5422 2539 5496 Deliae
2572 5422 2728 5513 Pauli
2760 5434 2907 5487 dicto
2954 5432 3223 5497 integram
3264 5433 3339 5513 ,οι
3376 5422 3667 5513 prplixaru

2333 5487 2975 5582 ἶ)ἷαῖἰὶοιιιξιιιᾴΝγεεςρυε,
3015 5487 3137 5579 (ιιῖῴ
3162 5487 3429 5582 exstat‘ih
3457 5493 3595 5563 Opp.
3621 5487 3667 5552 I,

2090 5604 2145 5655 p.
2175 5570 2435 5639 κῶς-853.
2471 5582 2597 5635 Item
2640 5570 2789 5632 Zeno
2815 5570 3147 5628 Veronensis
3178 5574 3474 5622 tractatqu
3508 5578 3671 5618 suum

2092 5664 2327 5712 sextum.

3360 5793 3429 5853 81
