4120 6394
469 374 615 434 1291·

471 603 561 642 ιιιι·
612 589 835 645 citatum
882 593 1052 648 illud:
1116 614 1134 645 ι
1181 594 1359 652 Nolite
1398 597 1672 667 projicere
1723 599 2050 666 margaritas

475 691 685 736 vestras
733 691 860 739 ante
907 700 1104 754 porcos
1135 688 1200 741 ".
1247 707 1265 739 ι
1325 689 1430 742 Sed
1468 699 1650 744 tamen
1704 688 1873 744 Deum
1923 689 2050 742 imi-

472 780 618 836 tans,
656 789 808 842 spem
839 775 1040 831 bonam
1069 779 1336 842 retinebo,
1368 788 1422 835 et
1445 797 1514 836 ne
1553 781 1893 850 irreligiosos
1927 781 2048 851 qui-

468 865 591 917 dem
650 867 937 922 veritatem
997 870 1209 924 celabo.
1276 870 1420 926 l‘luit
1472 873 1617 927 enim
1680 889 1834 942 aeque
1879 872 2047 936 Deus,

469 955 834 1027 diurnamque
860 959 1034 1014 lucem
1057 977 1210 1031 aeque
1229 961 1634 1031 aliunditjustis
1660 972 1714 1017 et
1742 963 1961 1032 injustis
1981 963 2046 1016 ³⁸.

471 1045 550 1101 Tu
586 1063 714 1102 vero
737 1051 1054 1106 cbaritatem
1093 1062 1298 1107 tantam
1317 1063 1598 1125 expertus.
1627 1057 1910 1110 veritatem
1939 1071 2049 1109 non

468 1143 762 1212 exquires?
792 1143 910 1197 Non
945 1147 1214 1214 praebebis
1251 1149 1450 1204 mentis
1500 1149 1773 1211 auditum,
1828 1160 1887 1202 ut
1927 1164 2050 1217 per-

471 1232 687 1286 suaderi
717 1233 811 1289 tibi
837 1236 1012 1304 possit
1062 1237 1269 1292 nullam
1299 1236 1598 1308 Scripturae
1630 1249 1838 1308 partem
1893 1239 2048 1294 alteri

470 1322 872 1377 contradicere.
919 1325 1013 1379 aed
1062 1326 1246 1380 omnia
1287 1328 1520 1383 invicem
1566 1343 1810 1384 consona
1842 1344 1963 1384 esse
1997 1338 2052 1384 et

470 1413 879 1467 consentanea?
908 1413 1091 1484 itaque
1123 1433 1233 1471 non
1265 1428 1347 1472 est
1383 1418 1449 1472 ad
1478 1421 1764 1474 sententiae
1792 1428 1896 1474 tuaa
1923 1437 2054 1474 nor-

471 1516 615 1554 mam
674 1503 1024 1572 intelligenda
1080 1506 1249 1561 dictio
1286 1525 1299 1561 :
1342 1525 1360 1559 ι
1400 1506 1557 1563 Tunc
1595 1509 1712 1579 ipse
1767 1509 2052 1579 subjectus

467 1596 573 1646 erit
596 1595 665 1657 ei,
701 1596 795 1664 qui
827 1596 1063 1664 subjecit
1087 1599 1190 1653 sibi
1220 1599 1402 1652 omnia
1429 1599 1508 1667 ³¹;
1543 1621 1560 1651 ›
1591 1601 1742 1667 item,
1778 1620 1798 1652 ι
1828 1602 1894 1654 Et
1924 1617 2051 1656 cum

469 1685 756 1742 tradiderit
789 1703 1013 1756 regnum
1050 1690 1197 1744 Patri
1234 1705 1287 1747 et
1316 1689 1425 1746 Deo
1449 1692 1515 1746 ³³.
1553 1712 1572 1745 ι
1601 1691 1736 1746 Nam
1768 1694 1813 1749 si
1842 1694 1897 1747 in
1935 1709 2053 1748 om-

472 1779 634 1854 nilms
661 1777 839 1834 factus
865 1790 951 1834 est
985 1781 1184 1834 similis
1223 1783 1462 1836 humano
1484 1785 1693 1853 generi,
1725 1793 1780 1839 et
1807 1801 2054 1855 compas-

1702 386 1760 442 Β.
1802 385 2129 442 GREGORII
2160 382 2448 438 NYSSENI

467 495 700 566 recipis;
735 497 974 568 mihique
995 501 1289 570 quominus
1319 502 1372 557 id
1401 518 1555 576 agam
1581 505 1863 560 adversari
1894 505 2044 559 vide-
2073 506 2118 562 A
2146 503 2450 573 τετύχηκας
2477 518 2491 530 ⁸

3594 378 3736 437 ιεςε

2543 499 2635 553 καί
2685 516 2774 570 μοι
2823 499 2970 553 δοκεῖ
3001 493 3316 552 ἀνθιστάναι
3351 495 3431 568 τῷ
3460 497 3609 566 παρὰ
3635 513 3732 551 τον

2153 589 2387 665 Χριστοῦ
2419 593 2818 665 προστάγματι,
2847 612 2864 643 ι
2898 593 2990 662 Μή
3017 591 3200 661 βάλετε
3232 591 3358 651 τοὺς
3387 589 3735 660 μαργαρίτας

2152 685 2305 756 ὑμῶν
2341 683 2647 754 ἔμπροσθεν
2678 683 2784 736 τῶν
2808 683 3026 753 χοίρων.
3074 701 3092 734 ι
3142 681 3301 734 Ἀλλά
3330 679 3462 732 Θεὸν
3487 682 3750 750 μιμησάο·

2155 794 2334 846 μενος,
2364 774 2594 828 ἐλπίδων
2627 772 2835 843 μεθέξω
2880 771 3079 834 καλῶν,
3105 769 3224 822 οὐδὲ
3266 771 3378 831 τοῖς
3413 765 3733 820 δυσσεϐέσιν

2151 867 2479 938 ἀποκρύψας
2499 867 2597 937 τήν
2627 864 2910 936 ἀλήθειαν.
2957 863 3151 935 Βρέχει
3179 861 3286 932 γάρ
3309 861 3530 931 ὁμοίως,
3554 859 3644 912 καὶ
3670 859 3734 910 τὸ

2152 961 2268 1029 φῶς
2296 963 2395 1030 τῆς
2424 958 2634 1029 ἡμέρας
2669 954 2786 1011 ῐσον
2813 956 3098 1011 ἐκτέταται
3124 955 3350 1015 δικαίοις
3383 953 3478 1005 καὶ
3503 951 3729 1012 ἀδίκοις.

2151 1047 2266 1105 Εἶθ’
2297 1051 2440 1104 οὕτω
2464 1048 2842 1124 φιλανθρωποὺ
2853 1066 3010 1119 μενος
3037 1049 3096 1100 οὐ
3122 1046 3299 1118 πεύσῃ
3327 1047 3424 1115 τὴν
3449 1043 3730 1113 ἀλήθειαν;

2151 1146 2262 1215 Οὐχ
2295 1145 2508 1213 ὑφέξεις
2537 1144 2636 1207 τὰς
2665 1143 2758 1196 τοῦ
2791 1142 2880 1196 νοῦ
2910 1143 3098 1204 ἀκοὰς.
3130 1142 3218 1194 ἵνα
3250 1138 3479 1209 πεισθῇς
3510 1135 3731 1207 μηδοτι-

2150 1237 2244 1288 οῦν
2277 1237 2412 1307 πρὸς
2461 1236 2647 1306 ἕτερόν
2680 1253 2732 1288 τι
2767 1229 2876 1286 τῶν
2902 1235 2958 1285 ὲν
2986 1235 3106 1296 ταῖς
3136 1234 3378 1302 Γραφαῖς
3425 1228 3734 1299 εἰρημένων

2151 1328 2464 1380 ἐναντίωσιν
2491 1322 2649 1389 εἶναι,
2677 1327 2813 1380 ἀλλά
2841 1326 3073 1397 συνῳδὸν
3104 1327 3197 1379 καὶ
3222 1325 3510 1393 σύμφωνον
3536 1320 3594 1372 τὸ
3618 1320 3735 1372 πᾶν

2151 1418 2228 1489 τῷ
2256 1419 2417 1471 παντὶ
2440 1419 2757 1488 τυγχάνεινς
2787 1417 2984 1486 Διόπερ
3004 1417 3063 1468 οὑ
3089 1415 3307 1486 νοητέον
3332 1410 3475 1464 κατὰ
3501 1409 3598 1477 τὴν
3629 1407 3730 1478 σὴν

2152 1507 2418 1579 ὑπόληψιν
2446 1507 2526 1572 τδν
2567 1526 2588 1557 ε
2622 1506 2761 1560 Τότε
2797 1507 3200 1575 ὑποταγήσεται
3231 1502 3392 1564 αὐτὸς
3416 1499 3492 1569 τῷ
3529 1499 3731 1551 ὑποτά-

2153 1597 2300 1662 ξαντι
2338 1595 2488 1667 αὑτῷ
2519 1595 2588 1649 τὰ
2616 1597 2814 1650 πάντα·
2861 1615 2878 1646 ι
2917 1597 3029 1660 καὶ,
3064 1613 3082 1645 ι
3127 1595 3293 1647 Ὅταν
3326 1589 3600 1662 παραδιδῷ
3626 1589 3734 1658 τὴν

2153 1690 2428 1760 βασιλείαν
2456 1689 2533 1759 τῷ
2556 1689 2732 1761 Πατρὶ
2759 1690 2853 1742 καὶ
2885 1687 3024 1758 Θεῷ.
3070 1706 3090 1738 ι
3129 1685 3189 1738 Ei
3231 1684 3340 1753 γὰρ
3378 1681 3516 1735 κατὰ
3551 1681 3728 1732 πάντα

2151 1782 2399 1853 ὼμοίωτο
2441 1785 2506 1852 τῇ
2539 1782 2913 1851 ἀνθρωπότητι
2944 1779 3035 1833 καὶ
3082 1775 3441 1843 συνεπάθησε,
3473 1769 3612 1825 κατὰ
3637 1771 3729 1822 τὸν

470 1885 564 1924 sus
593 1879 699 1936 est,
732 1880 790 1924 ut
815 1873 891 1925 ait
933 1874 1193 1942 propheta
1227 1893 1238 1928 :
1281 1893 1300 1925 ι
1345 1876 1463 1945 Ipse
1485 1877 1804 1946 iniquitates
1828 1886 2049 1932 nostras

2153 1875 2471 1943 προφήτην·
2518 1891 2535 1921 ι
2579 1871 2751 1934 Αὐτὸς
2790 1871 2885 1932 τὰς
2915 1868 3187 1939 ἁμαρτίας
3221 1865 3380 1936 ήμῶν
3430 1862 3602 1933 φέρει,
3631 1859 3728 1913 καὶ

452 1969 670 2030 portat,
704 1970 760 2017 et
781 1977 878 2029 pro
901 1964 1060 2018 nobis
1087 1963 1268 2030 dolet;
1291 1971 1345 2037 et
1366 1965 1658 2035 languores
1687 1977 1907 2021 nostros
1934 1968 2050 2036 ipse

469 2055 704 2122 excepit,
748 2060 803 2109 et
853 2054 1201 2110 inﬁrmitates
1225 2063 1445 2112 nostras
1494 2057 1609 2127 ipse
1637 2059 1872 2128 portavit
1904 2057 1984 2125 ³³;
2025 2077 2045 2110 ι

469 2143 912 2215 quandoquidem
947 2161 1202 2215 capacem
1253 2146 1565 2215 bujusmodi
1618 2149 1885 2202 malormn
1925 2163 2051 2203 car-

470 2251 594 2292 nem
625 2237 822 2301 induit,
852 2246 904 2291 et
937 2253 1035 2307 pro
1066 2238 1224 2292 nobis
1253 2246 1538 2308 peccatum
1563 2240 1776 2293 exstitit
1803 2240 1870 2306 ³⁸,
1905 2239 2050 2293 haud

473 2329 725 2398 equidem
759 2328 864 2382 hoc
906 2335 1184 2399 expertus,
1218 2329 1314 2384 sed
1346 2331 1527 2399 specie
1570 2339 1734 2384 tenus
1773 2338 2048 2399 peccator,

473 2429 534 2474 ut
564 2435 665 2474 nos
695 2418 1164 2489 justiﬂcaremur;
1198 2419 1486 2490 factusque
1513 2428 1598 2475 est
1625 2435 1724 2489 pro
1745 2420 1905 2474 nobis
1933 2436 2052 2473 ma-

473 2512 722 2576 ledictio,
747 2519 808 2565 ut
843 2527 945 2566 nos
978 2511 1046 2566 de
1075 2511 1460 2567 maledictione
1485 2512 1813 2574 redimeret,
1850 2519 1904 2566 et
1932 2526 2051 2566 ma-

470 2604 704 2659 ledictus
750 2603 1056 2675 appellatus
1072 2611 1158 2659 est
1185 2603 1252 2666 ³⁸,
1282 2604 1671 2673 compassione
1702 2618 1800 2657 sua
1831 2619 1929 2672 par
1955 2619 2056 2656 no-

469 2705 587 2752 stro
618 2712 815 2750 nomen
839 2703 1035 2765 sponte
1065 2710 1374 2750 assumens.
1417 2695 1596 2764 Atque
1622 2696 1714 2760 ita,
1741 2695 1826 2748 his
1873 2695 2053 2748 omni-

470 2792 573 2844 bus
603 2789 657 2842 in
711 2803 771 2843 se
805 2789 1060 2857 receptis,
1116 2787 1360 2841 humano
1389 2791 1572 2858 generi
1623 2787 1820 2842 similis
1851 2785 2049 2850 factus,

470 2883 699 2951 ipsaque
727 2880 871 2934 servi
905 2880 1080 2934 forma
1126 2887 1405 2948 suscepta,
1451 2893 1550 2931 ceu
1583 2878 1700 2946 ipse
1745 2885 2050 2948 peccasset,

467 2985 680 3040 proque
703 2970 946 3024 humano
974 2985 1171 3040 genere
1193 2969 1470 3038 propriam
1503 2967 1738 3023 offerens
1763 2969 1906 3021 ultro
1928 2984 2054 3037 per-

469 3075 684 3122 sonam.
730 3058 945 3115 Patrem
998 3059 1233 3129 placavit
1283 3065 1446 3128 atque
1494 3059 1560 3113 ad
1613 3058 2050 3113 miscricordiam

469 3153 696 3207 inﬂexit.
731 3151 838 3207 Sed
869 3151 999 3222 quia
1036 3167 1142 3204 non
1195 3150 1510 3220 universum
1557 3149 1840 3204 hominum
1879 3165 2051 3221 genus

2155 1963 2282 2033 περὶ
2299 1963 2454 2031 ἡμῶν
2507 1963 2779 2022 ὀδυνᾶται,
2827 1962 2921 2014 καὶ
2954 1959 3113 2021 αὐτὸς
3134 1957 3228 2019 τὰς
3258 1953 3538 2016 ἀσθενείας
3570 1951 3728 2022 ήμῶν

2155 2056 2313 2108 ἔλαϐε
2333 2057 2426 2108 καὶ
2451 2055 2550 2117 τὰς
2586 2055 2772 2114 νόσους
2797 2053 3082 2112 ἐϐάστασε,
3117 2068 3136 2100 ι
3165 2047 3286 2101 ἐπεὶ
3307 2047 3402 2098 καὶ
3433 2045 3530 2114 τήν
3558 2043 3734 2097 δεκτι-

2155 2147 2256 2218 κὴν
2284 2146 2485 2200 τούτων
2506 2146 2684 2216 σάρκα
2711 2144 3116 2214 περιϐέϐληται,
3144 2140 3239 2192 καὶ
3269 2139 3408 2207 ὑπὲρ
3436 2137 3734 2206 ήμῶν,φη-

2156 2237 2261 2298 civ,
2290 2237 2563 2307 ἁμαρτίαν
2607 2237 2879 2307 εποίησεν,
2907 2236 2968 2286 οὐ
2999 2230 3338 2301 πεποιηκὼς,
3371 2227 3484 2282 ἀλλ’
3511 2226 3586 2288 ὡς
3628 2241 3730 2276 πε-

2155 2327 2414 2398 ποιηκὼς,
2432 2329 2498 2381 ἵν’
2525 2330 2682 2400 ἡμεῖς
2707 2326 3081 2395 δικαιωθῶμεν
3109 2341 3122 2354 ’
3155 2325 3250 2377 καὶ
3277 2322 3567 2391 γενόμενος
3590 2316 3733 2386 ὑπὲρ

2153 2420 2313 2491 ήμῶν
2375 2421 2610 2491 κατάρα,
2653 2421 2738 2472 ἵνα
2793 2420 2893 2490 τῆς
2938 2418 3183 2487 κατάρας
3212 2416 3359 2486 ἡμᾶς
3403 2411 3728 2481 ἐξαγοράσῃ,

2155 2515 2248 2566 καὶ
2272 2514 2670 2584 ἐπικατάρατος
2697 2511 3030 2582 ὠνόμασται,
3057 2511 3122 2578 τῇ
3154 2505 3464 2576 συμπαθείᾳ
3495 2519 3735 2555 συνωνυ-

2159 2605 2330 2675 μῆσαι
2361 2605 2491 2675 ἡμῖν
2539 2605 2808 2673 ἑλόμενος·
2849 2605 2894 2655 εἰ
2931 2605 2988 2655 ὲν
3019 2603 3151 2654 πᾶσι
3194 2598 3403 2660 τούτοις
3442 2595 3734 2664 γενόμενος

2153 2701 2407 2772 ὡμοιώθη
2429 2703 2494 2771 τῇ
2521 2700 2919 2770 ἀνθρωπότητι,
2941 2697 3110 2769 αὐτὴν
3137 2695 3234 2766 τὴν
3267 2693 3476 2765 μορφὴν
3495 2689 3590 2742 τοῦ
3615 2688 3736 2740 δού-

2154 2794 2245 2846 λου
2279 2793 2582 2857 ἀναλαϐὼν,
2611 2793 2687 2854 ὡς
2721 2791 2881 2855 αὑτὸς
2909 2788 3221 2862 ὴνομηκὼς,
3250 2787 3389 2856 ὑπὲρ
3410 2784 3508 2853 τῆς
3527 2781 3739 2853 ἀνθρω-

2157 2885 2388 2956 πότητος
2410 2884 2470 2938 τὸ
2495 2884 2622 2937 ἴδιον
2651 2884 2939 2954 πρόσωπον
2987 2879 3441 2952 προϐαλλόμενος,
3475 2877 3735 2946 ὲνέτρεπε

2153 2976 2242 3029 τὸν
2277 2977 2498 3046 Πατέρα
2512 2975 2644 3045 πρὸς
2682 2975 2829 3038 ἕλεος
2859 2973 3150 3026 ἐπικαλῶν.
3179 2972 3286 3024 Καὶ
3311 2969 3384 3033 ὡς
3413 2970 3510 3038 οὑχ
3537 2967 3736 3020 ὑποτέ-

2153 3084 2321 3120 τακτο
2338 3066 2416 3137 τῷ
2438 3066 2552 3137 Υἱῷ
2579 3068 2728 3120 πᾶσα
2758 3067 2791 3137 ἡ
2816 3064 3188 3136 ἀνθρωπότης,
3219 3064 3312 3115 καὶ
3345 3061 3505 3123 αὐτὸς
3533 3060 3607 3112 ὣν
3631 3058 3738 3128 μὲν

2154 3160 2588 3230 ὑποτεταγμένος
2617 3159 2791 3211 ἐδόκει
2819 3175 2876 3210 τε
2907 3158 2999 3210 καὶ
3024 3157 3299 3226 διείληπτο
3329 3155 3425 3226 τὴν
3457 3156 3734 3208 ἀνυποτά-

467 3245 612 3299 Filio
648 3252 767 3300 erat
797 3244 1130 3311 subjectum,
1163 3243 1281 3312 ipse
1321 3256 1449 3308 vero
1498 3256 1812 3311 quanquam
1859 3255 2050 3309 reapse

2155 3251 2270 3316 ξὶαν
2295 3219 2581 3305 τοῦπλαοῦν
2608 3252 2664 3301 ὲν
2718 3249 2837 3318 ὄψει
2879 3247 2971 3300 τοῦ
3017 3219 3232 3318 Πατρός
3273 3219 3732 3317 ἐπιγραφόμενος,

470 3340 772 3410 subjectus,
805 3346 1039 3390 attamen
1077 3335 1260 3404 populi
1287 3333 1712 3387 inobedientiam
1739 3332 2046 3400 videbatur,

468 3443 522 3489 et
539 3433 862 3489 credebatur
884 3433 1069 3484 coram
1100 3427 1262 3481 Patre
1289 3428 1390 3482 sibi
1425 3427 1766 3497 inscripisse,
1795 3427 1840 3481 si
1866 3427 2050 3482 omnia

465 3521 608 3577 Filio
634 3520 849 3574 tandem
887 3517 1182 3586 aliquando
1211 3515 1574 3584 subjicientur
1605 3517 1869 3586 (nomium
1903 3518 2049 3571 enim

467 3623 669 3670 cuncta
717 3611 966 3683 subjecta
1013 3611 1064 3665 ei
1111 3609 1407 3676 videmus),
1440 3615 1574 3662 tunc
1623 3608 1768 3663 dicet
1807 3627 1820 3663 :
1855 3608 2050 3663 Omnia

466 3707 606 3762 mihi
641 3705 888 3773 subjecta
921 3709 1071 3757 sunt.
1103 3700 1332 3756 Cunctis
1363 3715 1493 3755 vero
1521 3701 1571 3755 ei
1607 3701 1891 3770 subjectis,
1921 3711 2051 3756 tunc

467 3782 686 3854 demum
719 3796 834 3867 ipse
865 3793 1144 3849 videbitur
1199 3793 1246 3847 ei
1277 3792 1583 3861 subjectus,
1636 3792 1730 3862 qui
1761 3793 1941 3847 omnia
1973 3793 2053 3848 ei-

468 3891 592 3945 dem
613 3889 847 3958 subjecit
875 3887 920 3919 “
947 3906 960 3941 :
988 3902 1114 3941 nam
1138 3885 1182 3941 si
1208 3901 1308 3939 nos
1339 3900 1529 3940 omnes
1545 3883 1752 3940 Christi
1775 3901 2048 3952 essemus,

467 3983 722 4039 Christus
749 3996 970 4052 quoque
1021 3979 1113 4034 Dei
1159 3986 1324 4042 esset,
1357 3979 1515 4048 eique
1543 3977 1684 4033 foret
1739 3979 2047 4048 subjectus.

468 4074 626 4143 Quod
657 4074 703 4128 si
746 4089 849 4128 nos
896 4070 1140 4126 nondum
1179 4070 1385 4126 Christi
1432 4086 1644 4135 sumus,
1681 4087 1749 4126 ne
1795 4069 2050 4127 Christus

468 4164 691 4235 quidem
731 4164 912 4218 adhuc
941 4162 1034 4217 Dei
1065 4174 1168 4226 est,
1198 4163 1289 4231 qui
1343 4177 1442 4232 pro
1502 4162 1666 4217 nobis
1710 4162 1878 4216 dolet.
1908 4161 2049 4216 Cum

468 4272 600 4327 ergo
630 4271 822 4312 omnes
850 4254 1054 4310 Christi
1105 4255 1334 4316 erimus,
1390 4262 1526 4309 tunc
1572 4263 1626 4308 et
1669 4252 1923 4310 Christus
1955 4254 2050 4310 Dei

467 4354 598 4413 erit,
640 4367 735 4421 per
766 4358 938 4406 semet
977 4359 1210 4404 cunctos
1247 4349 1548 4420 subjiciens
1583 4350 1734 4404 Patri
1774 4366 1914 4420 quos
1953 4366 2052 4404 an-

469 4453 554 4497 tea
583 4442 652 4496 ab
702 4441 893 4494 eodem
948 4449 1256 4508 acceperat,
1293 4460 1311 4493 (
1360 4449 1419 4494 ut
1451 4441 1524 4494 sit
1576 4439 1721 4495 Deus
1755 4442 1940 4495 omnia
1993 4442 2051 4496 in

2152 3347 2200 3398 si
2227 3344 2282 3397 δέ
2322 3361 2451 3396 ποτε
2497 3341 2654 3396 πάνθ’
2690 3342 3018 3412 ὑποταχθείη
3051 3341 3128 3412 τῷ
3156 3340 3269 3410 Υἱῷ
3304 3339 3562 3411 (νῦν“γάρ
3582 3336 3735 3390 οὐδέ-

2152 3453 2238 3488 πω
2263 3434 2475 3505 ὁρῶμεν
2506 3432 2661 3488 πάνθ’
2694 3431 3109 3503 ὑποτεταγμένα
3153 3430 3345 3502 αὐτῷ),
3376 3433 3494 3500 ὲρεί
3515 3446 3530 3460 ·
3557 3427 3729 3482 Πάνθ¹

2154 3525 2514 3580 ὑποτέτακταί
2545 3543 2652 3596 μοι.
2687 3525 2910 3579 Πάντων
2933 3525 2989 3577 δὲ
3012 3525 3159 3596 αὐτῷ
3185 3523 3585 3590 ὑποταγέντων,
3607 3520 3732 3572 τότε

2151 3619 2310 3682 αὐτὸς
2329 3621 2625 3690 φανήσεται
2644 3618 3080 3688 ὑποτεταγμένος
3105 3616 3180 3685 τῷ
3204 3613 3559 3682 ὑποτεταχότι
3584 3610 3736 3682 αὑτῷ

2150 3708 2217 3762 τὰ
2252 3709 2426 3763 πάντα
2455 3725 2466 3738 ·
2497 3711 2546 3762 εἰ
2577 3710 2684 3780 γὰρ
2709 3709 2910 3770 πάντες
2942 3710 3102 3778 ἡμεῖς
3135 3707 3328 3779 εἴημεν
3355 3704 3614 3776 Χριστοῦ,
3640 3706 3736 3756 καὶ

2151 3803 2388 3875 Χριστὸς
2424 3802 2559 3855 Θεοῦ
2615 3803 2682 3855 ἂν
2720 3799 2841 3874 ᾗτε
2885 3802 2980 3856 καὶ
3014 3799 3363 3870 ὑποταχθείη.
3401 3799 3463 3850 Εἰ
3501 3795 3544 3850 δ’
3574 3798 3737 3866 ἡμεῖς

2154 3899 2320 3969 μήπω
2347 3897 2604 3969 Χριστοῦ,
2633 3897 2843 3950 οὐδέπω
2863 3897 2959 3948 καὶ
2987 3895 3219 3967 Χριστὸς
3243 3893 3400 3955 Θεοῦ,
3431 3894 3459 3944 ὁ
3481 3891 3546 3943 δι’
3586 3891 3738 3958 ἡμᾶς

2151 3988 2677 4060 ὀδυνώμενος.“οταν
2700 3985 2790 4042 οὖν
2822 3988 3021 4051 πάντες
3037 3990 3079 4040 Χ
3091 3987 3271 4057 ριστοῦ
3287 3982 3591 4054 γενώμεθα,
3612 3982 3736 4035 τότε

2151 4080 2302 4133 ἔσται
2333 4081 2428 4134 καὶ
2464 4082 2693 4154 Χριστὸς
2709 4080 2866 4144 Θεοῦ,
2893 4078 2959 4134 δι’
2985 4078 3176 4133 ἑαυτοῦ
3207 4078 3333 4140 τοὺς
3362 4077 3570 4137 πάντας
3601 4073 3737 4125 ὑπο-

2148 4172 2358 4226 τάττων
2412 4173 2490 4241 τῷ
2531 4174 2706 4244 Πατρλ
2739 4172 2832 4236 οὒς
2864 4173 3128 4244 πρότερον
3145 4171 3274 4240 παρ’
3304 4167 3467 4224 αὑτοῦ
3499 4166 3735 4235 εἰλήφει,

2156 4285 2176 4317 ι
2205 4265 2291 4318 ἵνα
2370 4269 2397 4319 ὁ
2427 4266 2556 4330 Θεὸς
2581 4267 2651 4319 τὰ
2673 4267 2848 4320 πάντα
2871 4267 2928 4319 ὲν
2950 4267 3102 4319 πᾶσι.
3140 4284 3157 4316 ι
3178 4263 3331 4316 Ἐπεὶ
3359 4262 3415 4314 δὲ
3446 4262 3594 4315 δοκεῖ
3617 4276 3740 4321 πως

2154 4358 2230 4429 μὴ
2249 4358 2612 4429 ὑποτετάχθαι
2632 4358 2708 4429 τῷ
2729 4357 3043 4429 Πατρ“ι,τῶν
3072 4355 3427 4426 ὲγγυημένων
3453 4353 3543 4405 ὑπ’
3569 4348 3738 4404 αὑτοῦ

2151 4449 2246 4502 καὶ
2289 4442 2364 4502 ὧν
2409 4449 2506 4520 τὴν
2550 4450 2734 4502 εἰκόνα
2793 4450 2951 4521 φέρει
3005 4447 3229 4520 μηδέπω
3281 4443 3738 4513 ὑποτεταγμένων

467 4534 728 4589 omnibus
768 4532 857 4587 ³⁶“.
908 4552 926 4584 ι
954 4531 1175 4586 Interim
1223 4547 1331 4586 non
1385 4531 1602 4587 videtur
1645 4533 2050 4602 quodammodo

2154 4542 2320 4611 αὐτῷ.
2363 4541 2553 4594 Ὁπότε
2587 4541 2644 4594 δὲ
2682 4539 3012 4610 ὑποταχθείη
3065 4536 3212 4607 αὑτῷ
3267 4536 3335 4590 τὰ
3376 4537 3571 4598 πάντα,
3613 4536 3737 4587 τότε

469 4627 616 4682 Patri
649 4625 956 4694 subjectus,
1009 4633 1299 4695 propterea
1339 4625 1486 4695 quod
1528 4625 1779 4680 homines
1815 4627 1864 4681 ei
1899 4641 2052 4680 com-

469 4719 627 4774 missi
658 4727 711 4772 et
737 4733 971 4788 quorum
999 4718 1138 4786 gerit
1171 4715 1482 4783 imaginem,
1509 4717 1747 4769 nondum
1782 4717 1832 4770 ei
1861 4717 2049 4787 subje-

468 4809 544 4864 cti
585 4817 734 4865 sunt.
796 4807 903 4862 Sed
960 4823 1084 4861 cum
1142 4806 1376 4876 denique.
1439 4808 1624 4862 omnia
1692 4809 1741 4862 ei
1805 4810 2052 4878 subjecta

470 4905 699 4965 merint,
743 4909 877 4956 tunc
923 4901 1199 4980 videbitur
1225 4899 1335 4954 Deo
1364 4899 1512 4955 Patri
1545 4917 1774 4971 regnum
1806 4902 2050 4956 tradere.

472 4997 644 5051 Porro
676 5011 904 5066 regnum
932 5010 1040 5049 non
1073 5003 1154 5049 est
1175 4995 1522 5063 intelligenda
1547 4994 1785 5066 dignitas
1809 4995 2010 5065 sceptri
2036 5013 2050 5049 :

473 5104 585 5142 non
637 5088 784 5141 enim
819 5085 979 5140 Pater
1013 5085 1221 5154 indiget
1280 5093 1340 5139 ut
1385 5086 1622 5156 regalem
1667 5085 1986 5156 dignitatem
2022 5102 2054 5140 a

467 5177 614 5232 ‘Filio
649 5177 902 5248 accipiat,
931 5170 1095 5246 quam
1130 5177 1180 5231 ei
1221 5185 1385 5231 antea
1415 5178 1481 5231 ad
1525 5193 1686 5231 usum
1734 5178 2048 5243 indulserit,

475 5281 665 5341 postea
694 5284 826 5324 vero
857 5279 1148 5338 revocarit.
1200 5267 1315 5322 Hoc
1343 5270 1487 5324 enim
1521 5269 1653 5323 mihi
1691 5270 1920 5325 innuere
1970 5270 2055 5324 vi-

472 5362 642 5417 deris.
699 5361 926 5430 Insuper
957 5375 1065 5415 non
1121 5360 1388 5416 adversus
1418 5359 1617 5414 Filium
1673 5361 2054 5416 tantummodo

470 5455 642 5524 impie
672 5454 810 5524 agis,
857 5453 986 5507 dum
1021 5453 1142 5522 ejus
1197 5453 1534 5524 hypostasim
1565 5453 1826 5519 destruis,
1859 5469 2052 5509 verum

472 5549 641 5602 etiam
689 5547 955 5601 adversus
986 5543 1227 5610 Patrem,
1256 5560 1418 5615 quem
1459 5560 1642 5616 regem
1695 5561 1820 5601 esse
1845 5561 2047 5617 negas;

511 5668 556 5699 "
597 5665 788 5720 Matth.
821 5683 930 5732 vn,
963 5666 1018 5722 6.
1111 5666 1157 5697 ³ο
1198 5665 1386 5719 Matth.
1424 5682 1489 5728 v,
1523 5665 1612 5720 45.

474 5737 566 5792 2|.
642 5739 686 5769 ³⁵
725 5738 902 5793 Galat.
941 5753 1036 5802 ιιι,
1071 5737 1160 5791 15.
1237 5736 1281 5767 ³⁸
1320 5734 1341 5788 l
1373 5735 1501 5792 Cor.
1535 5751 1626 5798 xv,
1658 5735 1750 5789 28.

1689 5665 1732 5696 ³¹
1771 5663 1793 5717 l
1828 5663 1958 5719 Cor.
1992 5681 2085 5730 xv,
2120 5662 2213 5720 28.

1829 5737 1897 5767 ³³⁸
1935 5734 2069 5797 ibitL

2157 4636 2456 4704 φανήσεται
2482 4634 2805 4704 παραδιδοὺς
2850 4633 2947 4704 τήν
2983 4630 3254 4702 βασιλείαν
3296 4628 3373 4697 τῷ
3426 4624 3599 4698 Πατρὶ
3639 4629 3738 4680 καὶ

2157 4728 2276 4797 Θεῷ
2321 4728 2454 4798 (-10).
2517 4727 2800 4781 Βασιλείαν
2854 4725 2910 4777 δὲ
2959 4724 3178 4794 νοητέον
3205 4723 3266 4775 οὐ
3299 4722 3360 4773 τὸ
3387 4721 3600 4789 ἀξίωμα
3633 4719 3739 4787 τῆς

2160 4819 2546 4890 σκηπτουχῐας·
2576 4818 2696 4870 οὐδὲ
2726 4818 2833 4887 γὰρ
2869 4816 2946 4868 ἔτι
2975 4816 3145 4869 δεῖται
3187 4811 3494 4883 ἀξιώματος
3529 4810 3739 4880 βασιλι-

2159 4911 2257 4966 κοῦ
2285 4913 2312 4964 6
2340 4909 2547 4980 Πατὴρ,
2588 4911 2675 4962 ἵνα
2717 4907 3008 4980 παραλάϐῃ
3035 4906 3127 4960 τοῦ
3159 4905 3290 4958 Υἱοῦ
3314 4905 3342 4957 ὃ
3368 4904 3629 4974 πρότερον
3659 4903 3739 4965 ὡς

2161 5005 2240 5066 εἰς
2273 5001 2466 5072 χρῆσιν
2495 4999 2644 5070 αὑτῴ
2674 4996 3112 5068 συγκεχωρηκὼς
3133 4995 3391 5065 ἐτύγχανε
3418 4992 3574 5046 τοῦτο
3607 4993 3740 5046 ἁνα-

2155 5093 2508 5164 καλούμενος.
2537 5090 2759 5144 Τοιοῦτο
2783 5091 2892 5160 γὰρ
2915 5085 3246 5141 αἰνίττεσθαί
3275 5103 3365 5156 μοι
3392 5085 3584 5148 δοκεῖς.
3614 5085 3738 5136 Ἔτι

2160 5185 2257 5256 μὲν
2296 5185 2513 5248 ἀσεϐεῖς
2561 5184 2621 5236 οὑ
2657 5185 2816 5253 μόνον
2854 5182 2935 5244 εἰς
2961 5180 3056 5233 τὸν
3106 5179 3252 5240 Υἱὸν,
3294 5177 3532 5248 ἀναιρῶν
3570 5175 3738 5229 αὑτοῦ

2154 5274 2254 5342 τὴν
2284 5274 2601 5337 ὑπόστασιν,
2633 5271 2769 5325 ἀλλά
2806 5269 2904 5324 καὶ
2935 5271 3014 5333 εἰς
3053 5269 3146 5322 τὸν
3177 5268 3392 5338 Πατέρα
3417 5265 3738 5333 ἀποφαίνων

2156 5367 2318 5419 αὑτὸν
2342 5366 2442 5419 οὑκ
2460 5366 2587 5418 ὅντα
2622 5363 2845 5434 βασιλέα
2873 5363 3003 5417 ποτὲ
3041 5358 3498 5430 συγκεχωρηκότα
3528 5358 3605 5428 τῷ
3623 5356 3738 5428 Υἰῷ

2149 5454 2248 5526 τὴν
2282 5454 2572 5526 βασιλείαν.
2597 5451 2715 5507 εἶτα
2738 5452 3150 5524 ἀποληψόμενον
3181 5448 3310 5518 παρ’
3333 5447 3496 5500 αὑτοῦ
3522 5448 3597 5509 ὡς
3619 5446 3737 5501 δεό-

2161 5565 2321 5618 μενον
2367 5547 2466 5600 τοῦ
2520 5545 2848 5616 ἀξιώματος.
2909 5541 3226 5614 Παραδώσει
3267 5541 3322 5593 δὲ
3363 5539 3509 5609 αὐτῷ
3559 5539 3620 5592 οὑ
3673 5537 3738 5590 τὸ

2286 5665 2332 5696 ³³
2372 5662 2505 5718 ibid.
2538 5663 2630 5719 24.
2706 5663 2752 5694 ³³
2785 5663 2890 5717 lsa.
2925 5676 3054 5724 LIII,
3098 5660 3132 5714 5
3164 5676 3283 5731 sqq.
3362 5657 3406 5688 ³⁸
3446 5653 3486 5709 ΙΙ
3520 5654 3647 5711 Col“-
3677 5667 3737 5720 Vo

549 5829 663 5903 (ίθ)
693 5830 797 5886 Par
819 5831 1092 5888 sententia
1114 5838 1200 5887 est
1223 5829 1367 5901 apud
1412 5838 1664 5889 sanctum
1688 5829 1954 5901 Cyrillum
1985 5830 2041 5885 in
2084 5829 2352 5885 Thesauro
2388 5838 2428 5885 t.
2459 5827 2526 5897 ν,
2551 5837 2696 5899 part.
2730 5843 2767 5895 ι,
2793 5841 2846 5897 p.
2877 5823 3006 5878 9.56.
