4120 6394
375 390 513 448 12H;

1387 400 1760 458 ADVERSUS
1804 403 2028 461 ARIUM
2065 404 2153 460 ET
2182 404 2599 462 SABELLIUM.

3506 408 3651 464 £2233

369 510 609 579 ἀξιωμα,
655 510 730 573 ὡς
770 511 1110 583 προέφημεν,
1175 515 1275 584 τῆς
1326 517 1623 586 βασιλείας,
1662 520 1798 575 ἀλλά
1830 524 1957 586 τοὺς

2068 525 2105 577 si
2141 523 2359 592 quidem
2390 522 2685 593 aliquando
2716 536 2944 593 regnum
2998 522 3136 577 Filio
3170 521 3418 584 tradidit,
3464 527 3535 579 ab
3583 541 3647 577 eo

372 599 786 669 βασιλευθὲντας
810 602 905 654 ἀπ’
936 602 1099 655 αὑτοῦ
1113 604 1205 656 καὶ
1223 604 1593 675 ὑποταγέντας
1612 609 1781 680 αὑτῷ.
1809 612 1953 663 Ταύ-

370 709 471 764 την
498 692 593 764 τὴν
637 693 914 764 βασιλείαν
960 696 1373 768 προσενηνοχὼς
1406 700 1501 753 καὶ
1531 701 1949 771 παραδεδωκὼς,

372 784 490 852 ipsi!
511 799 525 814 °
554 783 723 837 Τοῦτο
745 783 1035 854 βασίλειον.
1068 785 1226 838 τοῦτο
1260 788 1578 858 ἱεράτευμα,
1599 788 1748 855 ἔθνος
1774 791 1949 858 ἅγιον,

372 875 502 938 λαὸς
545 878 626 939 εἰς
670 877 1018 948 περιποίησίν
1069 894 1197 948 μοι·
1235 880 1348 943 καὶ,
1378 898 1395 931 ι
1446 881 1576 934 Ἰδοὺ
1619 880 1731 949 ἐγὼ
1761 884 1952 936 καὶτὰ

374 964 563 1017 παιδία
612 965 648 1019 ἃ
710 983 798 1035 μοι
848 966 1043 1020 ἔδωκεν
1077 970 1105 1021 ό
1154 968 1284 1030 Θεός
1309 983 1321 996 ·
1354 988 1373 1019 ι
1414 969 1578 1034 αὐτὸς
1616 971 1725 1043 γὰρ
1755 971 1952 1025 ἔδωκεν

373 1055 543 1125 αὑτῷ,
563 1056 830 1123 ὑποτάξας
854 1058 1002 1128 αὑτῷ
1019 1061 1195 1113 πάντα
1223 1060 1291 1112 τά
1320 1060 1446 1131 ἔθνη
1477 1076 1519 1111 ·ι
1542 1060 1708 1115 Δώσω
1734 1063 1842 1134 γάρ
1870 1080 1951 1115 σοι

372 1148 500 1219 ἔθνη
558 1148 656 1220 τὴν
704 1149 1066 1220 κληρονομίαν
1098 1169 1214 1215 σου,
1248 1152 1341 1205 καὶ
1366 1152 1464 1221 τὴν
1496 1153 1821 1223 κατάσχεσίν
1858 1171 1950 1206 σου

372 1240 443 1294 τά
470 1241 681 1312 πέρατα
711 1242 810 1311 τῆς
836 1241 959 1311 γῆς.
1003 1262 1023 1293 ι

443 1514 515 1576 η’.
556 1505 692 1560 Ἵσθι
725 1506 781 1559 δὲ
813 1508 904 1559 καὶ
928 1507 1009 1567 τὸ,
1050 1528 1066 1555 ι
1102 1505 1245 1574 Ἐγὼ
1275 1506 1407 1559 καὶὸ
1427 1504 1615 1578 Πατὴρ
1640 1507 1699 1559 ’ἐν
1729 1508 1946 1575 ὲσμεν,ι

375 1599 455 1671 μὴ
488 1601 729 1668 ἀναιρεῖν
752 1599 847 1665 τὴν
876 1598 1173 1651 ὑπόστασιν
1194 1597 1289 1651 τοῦ
1316 1596 1446 1651 Υἱοῦ
1476 1616 1487 1627 ·
1515 1597 1572 1649 ἓν
1600 1598 1708 1667 γάρ
1726 1600 1831 1651 είσι
1856 1598 1953 1668 τὴν

372 1690 583 1755 οὐσίαν,
616 1690 672 1743 ἒν
694 1691 754 1742 τὸ
769 1690 1003 1760 ἀξίωμα,
1026 1691 1084 1741 ἓν
1113 1693 1218 1742 εἰσι
1238 1689 1337 1761 τὴν
1361 1689 1608 1761 γνώμην,
1635 1690 1694 1741 ἓν
1723 1693 1830 1742 είσι
1855 1692 1953 1761 τὴν

378 1782 663 1851 φρόνησιν,
711 1783 808 1851 οὑχ
854 1781 910 1834 ἓν
945 1782 1002 1834 δὲ
1042 1782 1140 1851 τὴν
1169 1782 1489 1834 ὑπόστασιν.
1515 1781 1868 1850 Δειχθήσεται
1897 1782 1953 1834 δὲ

2063 614 2202 667 idem
2222 613 2420 668 deinde
2442 623 2789 684 recepturus.
2814 630 2914 668 ceu
2944 613 3047 668 hac
3071 614 3338 685 dignitate
3367 613 3644 683 indigens.

2063 704 2265 760 Tradet
2293 716 2477 760 autem
2510 707 2612 776 ipsi
2664 723 2772 760 non
2802 706 2953 778 regni
3002 707 3347 776 dignitatem,
3391 715 3452 759 ut
3479 714 3643 760 antea

2060 793 2323 857 diximus,
2358 796 2449 850 sed
2486 806 2742 864 regnatos
2777 796 2844 849 ab
2898 810 2958 849 se
2997 794 3251 849 homines
3284 802 3337 847 et
3372 794 3475 847 sibi
3516 793 3652 847 sub-

2056 885 2251 951 jectos.
2284 885 2610 955 llujusmodi
2641 902 2807 956 regno
2829 885 3074 939 exhibito
3097 885 3433 954 traditoque,
3462 884 3643 939 «licet:

2061 972 2185 1028 lla-tt
2225 975 2424 1045 regalis
2452 975 2710 1044 dignitas.
2750 975 2854 1028 hoc
2912 974 3308 1036 sacerdotium,
3347 988 3483 1043 gens
3513 989 3646 1028 san-

2058 1071 2165 1124 cta,
2194 1062 2425 1131 populus
2455 1061 2833 1131 acquisitionis
2865 1077 2997 1116 mea:
3018 1062 3096 1125 z‘7;
3126 1077 3227 1115 nec
3280 1076 3384 1114 non
3416 1079 3430 1114 :
3460 1080 3479 1111 ‹
3507 1059 3647 1114 Ecce

2058 1169 2159 1221 ego
2188 1161 2242 1205 et
2278 1154 2454 1221 pueri,
2487 1168 2628 1223 quos
2659 1153 2791 1207 mihi
2817 1153 2968 1207 dedit
3007 1151 3153 1206 Deus
3177 1152 3267 1205 ³⁷⁸.
3306 1171 3323 1204 ι
3365 1152 3461 1206 Ille
3495 1152 3643 1205 enim

2061 1245 2160 1297 lius
2192 1248 2239 1299 ei
2273 1245 2443 1311 dedit,
2473 1244 2601 1299 dum
2634 1252 2868 1300 cunctas
2890 1245 3066 1299 eidem
3092 1252 3287 1314 gentes
3316 1243 3601 1312 supposuit
3629 1260 3643 1296 :

2069 1352 2086 1382 ι
2121 1333 2217 1386 Dat
2241 1350 2273 1387 0
2302 1334 2398 1388 tibi
2429 1343 2618 1404 gentes
2649 1334 3020 1388 litereditatem
3047 1342 3215 1397 tuam,
3251 1342 3305 1388 et
3336 1333 3646 1403 possessiu-

2059 1441 2181 1479 nem
2225 1434 2373 1479 tuam
2408 1427 2672 1480 terminos
2696 1433 2856 1479 teme
2885 1425 2950 1477 ³³.
2995 1444 3012 1476 ι

2062 1559 2072 1577 ,
2131 1516 2184 1571 8.
2228 1514 2379 1569 Scito
2409 1517 2652 1584 insuper,
2676 1514 2864 1578 verba,
2902 1533 2918 1563 ι
2954 1514 3066 1583 Ego
3090 1519 3144 1567 et
3170 1511 3330 1566 Pater
3355 1527 3521 1565 unum
3550 1528 3644 1564 su-

2060 1620 2184 1658 mus
2211 1604 2279 1668 ‘9,
2317 1622 2335 1655 ι
2374 1618 2720 1673 nequaquam
2770 1601 2893 1656 Fi|ii
2929 1603 3267 1672 liypostasim
3317 1600 3639 1655 destruere:

2061 1711 2169 1749 una
2198 1703 2283 1749 est
2317 1694 2462 1749 enim
2526 1694 2774 1763 ipsorum
2810 1691 3146 1755 substantia,
3183 1707 3287 1744 una
3347 1691 3638 1754 sententia,

2061 1801 2169 1839 una
2206 1785 2480 1846 voluntas,
2517 1800 2625 1838 non
2664 1792 2843 1837 tamen
2881 1796 2990 1836 una
3013 1780 3351 1852 ltypostasis.
3405 1779 3643 1834 Demon-

376 1875 470 1927 καὶ
494 1875 558 1926 ἐκ
583 1872 676 1925 τοῦ
720 1873 1039 1925 ’Λποστόλου
1088 1874 1171 1926 ὅτι
1224 1873 1286 1926 τὸ
1326 1872 1397 1925 ἓν
1420 1873 1520 1926 οὑκ
1559 1873 1673 1925 ἔστι
1703 1876 1833 1943 μιᾶς
1864 1875 1957 1926 κα)⁸

2068 1878 2326 1932 strabitur
2388 1884 2568 1930 autem
2626 1877 2791 1929 etiam
2837 1890 2903 1929 ex
2962 1874 3266 1943 Apostolo,
3314 1872 3643 1925 vocabulum

374 1965 475 2033 τῆς
512 1965 683 2035 αὑτῆς
730 1965 1105 2028 ὑποστάσεως.
1149 1966 1224 2028 ὼς
1274 1966 1533 2028 πολλάκις
1568 1965 1842 2028 τάττεται,
1883 1966 1959 2027 ὡς

378 2054 470 2106 ἐπὶ
513 2054 605 2107 τοῦ
660 2054 981 2123 φυτεύοντος
1023 2057 1115 2108 καὶ
1163 2055 1255 2108 τοῦ
1286 2056 1596 2120 ποτίζοντος
1637 2056 1769 2125 (Η).
1808 2055 1881 2108 Τὸ
1914 2055 1957 2107 δ’

380 2146 830 2219 ὲπιμεριζόμενον
854 2146 1024 2217 ὄνομα
1039 2147 1237 2218 διαιρεῖ
1256 2148 1354 2218 τὴν
1381 2148 1677 2200 ὑπόστασιν
1697 2162 1709 2175 ο
1744 2166 1761 2197 ι
1791 2146 1961 2213 "Exn:

383 2255 505 2301 στος
533 2237 588 2290 δὲ
614 2237 705 2290 τὸν
736 2237 863 2289 ἴδιον
918 2237 1107 2308 μισθὸν
1154 2237 1383 2308 λήψεται
1424 2237 1566 2290 κατά
1596 2238 1686 2291 τὸν
1721 2237 1850 2290 ἴδιον
1872 2238 1963 2289 κό-

382 2344 485 2380 πον
504 2346 517 2359 ο
550 2348 568 2379 ι
598 2327 768 2391 οὕτως
804 2328 863 2380 τὸ
885 2327 955 2381 ἐν
990 2328 1090 2382 οὑκ
1134 2328 1473 2399 ἀναιρετικὸν
1495 2328 1594 2399 τῆς
1617 2328 1809 2399 ἑτέρας
1834 2329 1965 2380 ὑπο-

382 2419 627 2482 στάσεως
650 2419 895 2489 ὑπάρχον
916 2418 1207 2489 νενοήσθω.
1238 2418 1549 2489 Μηδετὲρου
1566 2417 1742 2471 τοίνυν
1757 2416 1961 2469 τούτων

380 2515 611 2585 ἀπᾴδειν
642 2513 894 2583 ἀλλήλοις.
918 2512 1403 2582 ἀποδεδειγμένων,
1435 2511 1571 2567 ἀλλὰ
1603 2528 1964 2581 συμπεφωνη-

382 2605 558 2659 κότων
588 2604 720 2676 πρὸς
736 2604 834 2676 τὴν
862 2605 1075 2658 εὐθεῖαν
1098 2605 1302 2668 πίστιν,
1317 2602 1566 2656 πέπαυσο
1580 2601 1651 2655 τὰ
1673 2600 1962 2655 Σαϐελλίου

384 2696 618 2767 φρονῶν,
671 2695 913 2749 ἕκκλινον
970 2696 1076 2749 ἀπὸ
1119 2694 1553 2766 κακοφροσύνης,
1606 2693 1700 2747 καὶ
1741 2693 1964 2762 ποίησον

381 2786 586 2852 ἀγαθὸν
615 2789 681 2856 τῇ
723 2785 950 2857 ἀληθεία
980 2785 1318 2857 πειθόμενος.
1356 2787 1534 2841 Ἰκανά
1559 2804 1643 2840 σοι
1673 2786 1768 2840 καὶ
1794 2784 1964 2839 ταῦτα

386 2876 524 2948 μόνα
552 2877 689 2949 πρὸς
717 2877 989 2943 ἀπόδειξιν
1017 2876 1110 2931 τοῦ
1143 2877 1319 2947 φαῦλα
1350 2876 1590 2947 φρονεῖν.

452 3136 523 3193 θ’.
555 3138 691 3192 Ἴσθι
722 3156 810 3209 μοι
841 3139 933 3192 καὶ
963 3139 1027 3191 σὺ
1076 3135 1486 3207 Ἀρειομανίτην
1526 3132 1790 3204 Ἀκίλλιον
1827 3132 1962 3201 (12).

2061 1985 2223 2021 unum
2252 1967 2393 2022 haud
2419 1967 2637 2037 proprie
2657 1966 2763 2019 dici
2794 1966 2862 2019 de
2884 1980 2988 2018 una
3008 1964 3308 2032 eademque
3333 1962 3643 2032 liypostasi,

2060 2062 2207 2130 quod
2252 2075 2398 2129 saepe
2426 2058 2630 2123 evenit,
2663 2058 2830 2111 veluti
2888 2056 2956 2111 de
2983 2058 3265 2126 piautante
3296 2062 3349 2107 et
3403 2056 3638 2123 rigante.

2060 2149 2194 2203 Nam
2229 2148 2641 2203 distributivum
2683 2130 2869 2216 potius
2892 2161 3088 2199 nomen
3124 2158 3314 2198 revera
3352 2159 3645 2213 personam

2062 2240 2371 2310 distinguit,
2408 2239 2575 2293 veluti
2609 2256 2620 2290 :
2652 2257 2671 2289 ‹
2706 2237 3096 2307 Unusquisque
3140 2246 3321 2287 autem
3360 2234 3641 2304 propriam

2063 2331 2369 2385 mercedem
2428 2329 2661 2399 accipiet
2711 2328 3010 2383 secundum
3054 2326 3210 2381 suum
3265 2325 3591 2378 laborem“.
3622 2340 3642 2373 ι

2063 2421 2250 2492 Itaque
2286 2421 2607 2476 vocabulum
2639 2436 2802 2474 unum
2834 2435 2939 2473 non
2974 2420 3044 2471 ita
3080 2416 3499 2486 intelligendum:
3540 2425 3643 2475 est,

2064 2521 2123 2566 ttt
2156 2511 2491 2582 bypostasim
2527 2512 2750 2564 alteram
2788 2509 3036 2579 perimat.
3072 2508 3204 2561 Cum
3235 2522 3366 2576 ergo
3395 2513 3647 2559 neutram

2059 2602 2227 2657 ethis
2247 2601 2577 2656 locutionem
2605 2602 2841 2655 invicem
2874 2613 3183 2669 repugnare
3206 2598 3644 2651 demonstratum

2062 2694 2153 2757 sit,
2192 2694 2303 2747 imo
2334 2707 2466 2747 vero
2521 2698 2809 2760 utramque
2846 2689 2911 2743 ad
2964 2697 3167 2755 ret-tam
3200 2687 3358 2740 (idem
3398 2701 3648 2739 asseren-

2063 2785 2190 2837 dam
2221 2784 2566 2854 conspirare,
2600 2785 2788 2837 omitte
2843 2780 3219 2835 Sabellianum
3254 2793 3519 2841 errorem,
3550 2776 3649 2827 de-

2063 2876 2209 2928 clina
2244 2890 2274 2928 a
2299 2890 2473 2945 prava
2515 2874 2810 2938 sententia,
2833 2882 2887 2925 et
2929 2872 3015 2925 fac
3039 2872 3241 2925 bonmu
3278 2868 3493 2921 veritati
3530 2883 3651 2921 cre-

2063 2968 2222 3020 dens.
2255 2964 2380 3020 llzec
2404 2965 2501 3019 tibi
2528 2967 2611 3019 vel
2649 2966 2764 3018 sola
2809 2961 3082 3017 sutliciant
3133 2960 3200 3015 ad
3261 2960 3650 3013 demonstran-

2065 3054 2196 3109 dum
2220 3063 2274 3109 te
2304 3069 2557 3125 perverse
2582 3055 2806 3109 sentire.
2950 3053 2955 3059 '

2140 3143 2197 3198 9.
2229 3142 2385 3197 Nunc
2408 3153 2466 3197 tu
2493 3159 2712 3212 quoque
2735 3157 2948 3197 mecum
2979 3141 3184 3197 Ariano
3217 3144 3434 3212 plenum
3463 3141 3651 3194 lurore

385 3230 575 3283 Πίστιν
606 3230 663 3282 δὲ
686 3228 1040 3300 δυστυχηκὼς
1066 3228 1120 3280 τί
1150 3245 1280 3280 ποτε
1302 3224 1620 3281 καταλιπὼν
1643 3225 1741 3296 τὴν
1754 3224 1967 3278 εὐθεῖαν

2074 3234 2367 3288 ΑοΙιίιιίιιιιι
2402 3248 2694 3304 cognosce.
2737 3232 2850 3286 Cur
2892 3243 2947 3287 tu
2985 3249 3015 3286 a
3049 3233 3151 3288 ﬁde
3183 3232 3484 3287 infeliciter
3517 3233 3653 3285 deli-

384 3322 501 3375 ὖδὸν
544 3323 685 3376 κατά
730 3321 839 3374 τῶν
864 3321 962 3391 τῆς
989 3321 1212 3390 ἀτιμίας
1238 3318 1333 3372 τοῦ
1375 3318 1506 3371 Υἱοῦ
1534 3316 1822 3388 βαράθρων
1847 3315 1970 3387 ἐλή-

382 3413 577 3477 λακας,
602 3412 812 3484 ποίημα
838 3413 999 3467 αὑτὸν
1035 3412 1129 3466 καὶ
1159 3411 1439 3481 ἀλλότριον
1466 3410 1564 3479 τῆς
1592 3407 1685 3461 τοῦ
1715 3406 1850 3461 Θεοῦ
1880 3408 1970 3460 οὑ-

389 3508 507 3569 σίας
540 3506 923 3575 ὑποτοπήσας;
960 3503 1073 3573 Οὑχ
1107 3503 1264 3556 ἱκανά
1291 3519 1372 3554 σοι
1402 3500 1538 3571 πρὸς
1575 3498 1849 3563 ἀπόδειξιν
1878 3498 1968 3552 τοῦ

386 3594 743 3665 γεγεννῆσθαι
766 3596 829 3647 ὲκ
850 3593 943 3646 τοῦ
974 3592 1185 3663 Πατρὸς
1215 3592 1309 3644 καὶ
1337 3591 1473 3661 μόνα
1500 3589 1568 3642 τά
1597 3588 1857 3658 ὀνόματα,
1884 3590 1969 3642 ὅτι

391 3668 552 3757 σοφία
581 3688 675 3741 καὶ
716 3685 939 3755 δύναμις
987 3682 1122 3737 Θεοῦ
1159 3682 1630 3754 προσηγόρευταις
1680 3680 1849 3749 Σοφία
1878 3681 1973 3733 καὶ

389 3778 619 3848 δύναμις
671 3777 753 3829 ὅτι
797 3775 1200 3845 ἀχειροποίητοι
1232 3773 1330 3843 μὲν
1373 3773 1469 3826 καὶ
1500 3774 1971 3828 ἀκατασκεύαστοι

390 3867 568 3933 οὖσαι,
624 3866 818 3940 ἀρεταὶ
880 3866 937 3918 δὲ
992 3865 1173 3935 ψυχῆς
1219 3864 1313 3916 καὶ
1345 3863 1534 3935 ὥσπερ
1577 3863 1850 3935 ἀποφοραὶ
1878 3860 1970 3915 νοῦ

393 3958 842 4033 ὑπερῤιζωμένου
891 3959 958 4029 τῇ
1010 3959 1111 4027 τῆς
1164 3955 1356 4025 σοφίας
1390 3954 1615 4027 βλάστῃ,
1643 3955 1862 4017 πάντως
1906 3952 1971 4006 ἀν

397 4057 855 4119 συνεπινεύσειας.
885 4055 948 4107 Εἰ
998 4053 1042 4106 δ’
1069 4053 1312 4105 ἔκτισται
1350 4053 1445 4105 καὶ
1471 4050 1902 4104 κατεσκεύασται
1939 4052 1972 4120 ἡ

396 4149 579 4217 σοφία.
621 4149 679 4200 ὲν
702 4145 807 4199 τίνι
832 4146 1029 4216 χρόνῳ,
1066 4143 1141 4207 ὼς
1182 4142 1339 4214 ἔφης,
1363 4146 1396 4213 ἡ
1428 4142 1628 4205 παντὸς
1657 4142 1849 4212 χρόνου
1881 4143 1975 4194 καὶ

395 4241 866 4312 δημιουργήματος
915 4236 1283 4308 πρεσϐυτάτη,
1328 4234 1606 4287 τοὺτὲστιν
1643 4236 1672 4287 ό
1700 4233 1846 4297 Υἱὸς,
1873 4234 1976 4304 ὅρα

402 4337 475 4404 μή
514 4351 602 4404 μοι.
627 4331 839 4400 δοκοίης
870 4328 1073 4401 ἀπᾷδόν
1116 4344 1211 4380 σου
1245 4328 1340 4397 τῆς
1389 4327 1618 4395 οἰήσεως
1664 4324 1976 4393 ἀποφαίνων

398 4427 479 4488 τὸ,
518 4445 537 4477 ι
577 4425 760 4495 Χωρὶς
798 4421 961 4475 αὑτοῦ
1001 4420 1215 4489 ἐγένετο
1260 4418 1381 4471 οὐδὲ
1422 4416 1500 4470 ἓν.
1530 4434 1549 4467 ι
1594 4416 1664 4468 Ἦ
1696 4417 1745 4468 εἰ
1772 4414 1976 4486 ταύτην

400 4517 705 4573 ἐκτίθεσθαι
729 4516 841 4586 (15)
872 4513 1059 4584 φαίης,
1090 4512 1182 4564 καὶ
1208 4508 1367 4562 τοῦτο
1388 4510 1519 4579 ἡμῖν
1542 4506 1843 4577 ἀναφανδὸν
1872 4506 1979 4559 δεί-

400 4612 512 4677 ξειν
541 4609 841 4679 πεπείρασο
862 4647 879 4670 ,
913 4607 989 4668 ὡς
1033 4603 1194 4673 ἑτέρα
1227 4618 1311 4664 τις
1357 4601 1422 4654 ἂν
1460 4598 1547 4669 εἴη
1578 4599 1737 4667 σοφία
1775 4598 1978 4669 ταύτης

400 4700 766 4774 πρεσϐυτέρα,
805 4698 871 4750 δι’
900 4693 967 4768 ἧς
992 4698 1032 4766 ὴ
1076 4694 1302 4765 δευτέρα
1333 4690 1784 4745 κατεσκεύασται.
1814 4691 1977 4743 Ἀνευ

399 4796 509 4866 γὰρ
538 4792 728 4861 σοφίας
760 4789 1020 4843 ἀδύνατον
1056 4782 1561 4853 κατασκευασθῆναί
1590 4799 1660 4835 τι.
1700 4780 1801 4834 Διά
1825 4780 1982 4833 τοῦτο

401 4886 552 4955 παρὰ
578 4884 655 4954 τῷ
688 4880 863 4951 Πατρὶ
896 4881 929 4949 ἡ
978 4877 1139 4946 σοφία
1167 4875 1259 4928 καὶ
1294 4872 1636 4945 πρωτότοκος
1660 4870 1840 4941 πάσης
1866 4871 1983 4923 κτί-

402 4995 560 5040 σεως,
617 4976 704 5028 ἵνα
757 4974 822 5027 δι’
871 4971 1041 5039 αὐτῆς
1087 4969 1156 5022 τὰ
1185 4967 1364 5021 πάντα
1392 4965 1831 5035 κατασκευασθῇ.
1872 4965 1983 5019 Καὶ

404 5066 574 5134 Λόγος
613 5064 671 5117 δὲ
720 5060 1155 5134 προσηγόρευται
1200 5059 1230 5111 ό
1276 5056 1406 5120 Υἱὸς
1446 5056 1533 5108 ἵνα
1560 5055 1818 5123 γεννητὸς
1848 5055 1978 5107 ἀπο-

401 5158 606 5228 δειχθῇ,
646 5155 737 5209 καὶ
771 5154 844 5224 μὴ
872 5151 1087 5213 κτιστὸς
1126 5148 1409 5219 ὑποληφθῇ
1431 5164 1444 5178 ’
1477 5148 1634 5215 λόγος
1664 5146 1773 5219 γάρ
1802 5148 1980 5201 τίκτε-

402 5265 513 5312 ται,
538 5246 652 5299 ἀλλ’
676 5246 737 5297 οὑ
767 5243 1027 5306 κτίζεται,
1062 5240 1149 5293 διὰ
1194 5239 1457 5309 στόματος
1504 5239 1601 5307 μὲν
1634 5238 1980 5309 προφερόμε-

404 5357 514 5405 νος,
543 5341 607 5392 ὲκ
634 5337 858 5409 καρδίας
900 5335 956 5387 δὲ
998 5331 1335 5402 κινούμενος.
1369 5331 1430 5386 Ὀ
1479 5329 1667 5403 Πατὴρ
1711 5333 1982 5404 μαρτυρεῖ

513 5501 557 5533 ³τ
595 5500 615 5555 ι
649 5498 797 5553 Petr.
834 5511 906 5559 ιι,
936 5497 993 5549 9.
1068 5493 1136 5524 ³⁷¹
1182 5490 1347 5546 llebr.
1382 5506 1459 5554 ιι,
1500 5489 1583 5545 15.
1661 5491 1705 5521 ³⁸
1746 5490 1891 5545 Psal.
1930 5507 1967 5544 ιι

478 5616 591 5689 (Η)
628 5613 692 5669 ’0
727 5613 970 5683 φυτεύων
1009 5611 1066 5664 δὲ
1096 5610 1215 5689 καὶ.
1238 5611 1264 5662 ό
1299 5608 1532 5672 ποτίζων
1569 5607 1628 5660 ’ἐν
1662 5611 1831 5689 εἰσιν-⁸
1868 5608 1987 5689 'Qui

408 5678 585 5771 autem
641 5678 870 5754 plantat,
921 5692 969 5734 et
1024 5682 1111 5752 qui
1169 5681 1327 5750 rigat,
1385 5696 1547 5732 unum
1588 5690 1709 5732 sunt
1774 5678 1821 5749 (I
1860 5681 1983 5736 Cor.

409 5771 698 5899 illllgilta
719 5824 840 5881 cod.
870 5832 1065 5892 quarto
1114 5821 1166 5875 in
1217 5836 1367 5875 casu.
1411 5820 1628 5892 Alioqui
1676 5820 1981 5875 existimas-

2072 3327 2248 3389 cieus,
2298 3331 2444 3379 recta
2494 3324 2580 3376 via
2628 3324 2923 3389 derelicta,
2962 3324 3019 3377 in
3071 3323 3327 3395 barathra
3364 3322 3653 3376 dedecoris

2072 3425 2265 3472 contra
2291 3414 2488 3470 Filium
2513 3416 2778 3478 incidisti,
2807 3415 3073 3470 facturam
3119 3415 3443 3470 existimans
3472 3414 3651 3483 ipsum

2072 3516 2127 3564 et
2163 3524 2192 3562 a
2224 3508 2314 3563 Dei
2354 3509 2662 3563 substantia
2716 3509 2994 3562 alienum?
3027 3506 3220 3563 Nonne
3254 3508 3351 3562 tibi
3389 3509 3524 3562 satis
3554 3506 3654 3559 de-

2073 3600 2455 3655 monstrabant
2482 3615 2605 3654 eum
2634 3599 2702 3655 de
2749 3598 2911 3653 Patre
2940 3615 3065 3654 esse
3112 3602 3388 3669 genitum,
3423 3599 3505 3653 vel
3540 3598 3654 3652 sola

2074 3692 2315 3756 nomina,
2346 3691 2491 3762 quod
2516 3707 2709 3761 nempe
2729 3691 2999 3761 sapientia
3039 3700 3093 3745 et
3130 3693 3307 3745 virtus
3336 3690 3425 3745 Dei
3469 3690 3658 3759 appel-

2074 3783 2438 3849 latur?Quod
2463 3792 2647 3838 autem
2689 3784 2959 3852 sapientia
2994 3792 3049 3838 et
3080 3783 3257 3837 virtus
3282 3797 3459 3850 neque
3491 3796 3657 3834 manu

2074 3891 2252 3943 neque
2274 3876 2383 3929 alio
2414 3875 2781 3929 instrumento
2807 3874 2958 3939 liant,
2983 3874 3076 3929 sed
3110 3874 3305 3927 animae
3336 3873 3496 3926 dotes
3520 3873 3654 3934 sint,

2075 3978 2129 4023 et
2144 3966 2297 4037 quasi
2323 3964 2535 4021 fructus
2559 3966 2780 4031 tuentis,
2800 3966 2855 4019 in
2875 3964 3158 4035 sapientia:
3182 3965 3366 4034 stipite
3391 3963 3653 4026 fititdatzre,

2077 4060 2237 4129 plane
2266 4056 2596 4112 consenties.
2621 4056 2778 4123 Quod
2806 4056 2852 4110 si
2874 4065 3056 4111 creata
3077 4055 3100 4109 Γ
3102 4056 3179 4109 uit
3203 4064 3257 4110 et
3278 4054 3545 4109 fabricata
3569 4072 3658 4108 sa-

2076 4149 2280 4221 pientia
2299 4148 2485 4218 aliquo
2512 4156 2777 4217 tempore,
2799 4157 2859 4202 ut
2878 4149 2980 4213 ais,
3000 4148 3091 4201 illa
3106 4164 3229 4218 qua:
3244 4147 3390 4203 omni
3413 4158 3658 4215 tempore

2077 4250 2264 4295 creatu
2275 4254 2441 4308 raque
2461 4240 2725 4294 vetustior
2739 4246 2845 4304 est,
2860 4253 3054 4308 nempe
3067 4237 3261 4302 Filius,
3283 4254 3416 4293 cave
3432 4254 3500 4292 ne
3519 4238 3660 4291 forte

2078 4330 2363 4384 dissonum
2392 4344 2422 4382 a
2457 4336 2550 4382 tua
2607 4328 2881 4383 sententia
2916 4328 3050 4383 illud
3088 4329 3447 4398 pronuntiare
3470 4328 3659 4381 vulca-

2081 4422 2178 4485 ris,
2215 4440 2234 4472 ‹
2272 4422 2337 4473 Et
2358 4421 2479 4474 sine
2505 4420 2623 4489 ipso
2648 4419 2854 4474 factum
2887 4430 2973 4475 est
2994 4419 3217 4474 nihil“.
3262 4439 3281 4472 ι
3315 4418 3411 4474 Vel
3438 4416 3483 4474 si
3518 4418 3661 4472 hanc

2081 4511 2390 4582 adoptivam
2432 4519 2613 4580 putas,
2646 4510 2807 4566 nobis
2843 4512 3135 4581 perspicue
3164 4510 3546 4565 demonstrare
3575 4510 3661 4563 ni-

2081 4603 2233 4666 titor,
2278 4602 2439 4655 aliam
2468 4601 2758 4670 quamdam
2782 4617 2906 4656 esse
2944 4601 3047 4655 hac
3069 4600 3458 4671 antiquiorem,
3482 4615 3521 4665 a7
3550 4615 3658 4669 qua

2083 4694 2187 4747 ista
2221 4694 2393 4748 altera
2425 4694 2656 4748 formata
2709 4692 2897 4748 fuerit.
2922 4691 3058 4746 Nam
3091 4692 3212 4747 sine
3257 4685 3523 4762 sapientia
3556 4692 3662 4745 im-

2083 4784 2345 4853 possibile
2370 4792 2455 4839 cst
2478 4783 2685 4855 aliquid
2717 4783 3005 4842 fabricari.
3025 4782 3237 4837 Idcirco
3260 4783 3405 4853 apud
3442 4782 3661 4836 Patrem

2085 4875 2352 4944 Sapientia
2381 4876 2745 4945 primogenita
2796 4875 2900 4929 fuit
2927 4875 3108 4929 omnis
3149 4885 3440 4936 creaturae,
3474 4881 3533 4926 ut
3565 4888 3664 4943 per

2084 4983 2206 5022 eam
2229 4978 2426 5023 cuncta
2451 4960 2810 5025 edicerentur.
2841 4962 2909 5022 Et
2939 4969 3159 5038 quidem
3186 4967 3358 5023 Filius
3396 4967 3664 5021 vocabulo

2090 5058 2250 5115 Verbi
2291 5062 2597 5130 appellatus
2639 5069 2745 5127 est,
2789 5069 2848 5115 ut
2889 5060 3109 5131 genitus
3165 5060 3662 5118 demonstraretur,

2087 5168 2195 5207 non
2302 5160 2482 5207 autem
2578 5162 2800 5210 creatus
2893 5154 3327 5209 existimaretur.
3422 5149 3662 5206 Verbum

2085 5246 2230 5299 enim
2284 5247 2529 5315 paritur,
2577 5262 2684 5301 non
2728 5254 2971 5307 creatur,
3025 5260 3121 5300 ore
3182 5243 3403 5314 quidem
3466 5243 3653 5313 prola-

2087 5344 2237 5404 tum,
2288 5337 2382 5392 sed
2437 5352 2504 5391 ex
2553 5338 2718 5394 corde
2768 5339 3089 5393 excitatum.
3144 5334 3326 5391 Testis
3384 5335 3519 5389 mihi
3569 5334 3665 5389 Pa-

1989 5533 2002 5557 ,
2041 5492 2093 5547 8.
2172 5496 2215 5527 ³’
2249 5493 2410 5551 Joan.
2444 5513 2510 5561 ι,
2544 5496 2633 5552 50.
2710 5498 2756 5529 ⁸⁸
2787 5496 2807 5550 1
2839 5496 2967 5551 (lor.
3000 5511 3062 5550 ιιι
3087 5536 3102 5561 ,
3134 5494 3187 5549 8.
3264 5494 3309 5526 ³⁸
3342 5492 3500 5550 JOan.
3536 5506 3576 5555 ι,
3607 5493 3659 5547 5.

2092 5630 2206 5668 sem
2222 5613 2912 5687 Nyssenumappstrophen
2937 5611 3003 5687 ad
3028 5607 3553 5687 Acltilliutn_t‘acere_.

2164 5676 2393 5757 (l5)'lta
2444 5676 2927 5754 cod.'Quanquam
2974 5682 3026 5734 in
3073 5679 3430 5757 sequentibus
3483 5676 3663 5731 adhuc

2092 5758 2157 5811 de
2189 5751 2373 5813 creata
2403 5759 2671 5827 sapientia
2704 5751 2884 5811 sermo
2911 5767 3033 5807 esse
3074 5751 3308 5805 videtur.
