4120 6394
450 382 592 439 1295

1639 388 1696 446 S.
1737 386 2064 447 GREGORII
2103 386 2399 443 NYSSENI

3577 377 3704 433 I235

449 511 533 559 ter
586 503 679 573 qui
726 503 843 558 ait:
899 524 917 556 ‹
952 503 1232 560 Eructavit
1267 522 1363 563 cor
1421 525 1603 563 memn
1650 510 1875 564 verbum
1930 508 2027 562 b0-

2140 524 2220 578 μοι
2249 506 2422 575 λέγων
2450 523 2463 535 ·
2503 525 2521 557 ι
2564 505 2919 577 Ἐξηρεύξατο
2970 506 3003 575 ἡ
3042 502 3235 576 καρδία
3262 518 3362 573 μου
3392 499 3548 567 λόγον
3573 502 3707 563 ἀγα-

451 612 581 649 num
615 597 681 648 δ’.
723 615 741 647 ι
775 595 1090 651 Conﬁtetur
1124 600 1333 668 pariter
1364 598 1577 655 Filius:
1614 620 1630 653 ‹
1675 600 1787 672 Ego
1825 618 1889 655 ex
1932 616 2029 657 ore

449 689 716 744 Altissimi
740 691 951 759 prodivi
972 692 1038 743 “.
1079 712 1096 743 ι
1129 691 1419 758 Quomodo
1458 710 1589 764 ergo
1621 710 1774 750 mens
1806 705 1895 749 tua
1920 696 2029 749 tale

450 786 773 849 tantumque
794 780 1037 836 audaeim
1059 784 1272 851 pondus
1297 784 1551 850 sustinet,
1583 794 1639 838 ut
1661 784 1858 839 Filium
1880 800 2031 841 crea-

451 877 629 924 turam
663 886 786 927 esse
815 874 1109 942 opinetur?

524 962 610 1017 10.
645 962 861 1019 Audisti
913 969 1196 1033 superiora
1255 965 1321 1021 de
1360 965 1520 1033 Filio,
1583 967 1712 1023 audi
1777 969 1891 1038 jam
1943 984 2031 1024 sc-

450 1056 695 1124 quentia,
728 1072 921 1127 nempe
953 1059 1097 1127 quod
1132 1059 1356 1114 verbum
1390 1070 1504 1114 erat
1538 1061 1857 1130 imperfecto
1893 1069 2029 1116 tem-

451 1162 583 1214 pore
633 1146 866 1211 dictum,
925 1151 1250 1206 aeternitatis
1308 1152 1471 1206 habet
1526 1153 2027 1222 significationem:

458 1257 476 1288 ‹
518 1238 573 1292 In
608 1240 877 1310 principio
914 1252 1031 1296 erat
1077 1242 1315 1299 Verbum
1348 1246 1414 1299 ⁵³.
1466 1265 1483 1297 ι
1525 1246 1614 1301 Dei
1652 1263 1783 1302 vero
1826 1247 2029 1317 princi-

454 1332 600 1401 pium
637 1333 844 1388 nullum
892 1335 1129 1389 humana
1173 1352 1330 1392 mens
1382 1338 1669 1408 imaginari
1722 1347 1917 1409 potest.
1948 1339 2033 1394 Id-

452 1424 623 1486 circo,
654 1432 715 1477 ut
746 1424 799 1478 in
838 1426 1270 1495 praecedentibus
1301 1428 1560 1491 diximus,
1592 1429 1731 1483 hanc
1760 1432 2032 1486 sermonis

452 1517 778 1583 particulam
817 1533 847 1571 a
900 1534 1055 1573 sacra
1107 1517 1392 1590 Scriptura
1452 1522 1773 1585 adhibitam,
1840 1539 2034 1593 nempe

453 1609 507 1660 in
542 1608 799 1678 principio
842 1610 927 1665 fac
952 1612 1226 1683 intelligas
1255 1614 1585 1683 principium
1615 1614 1861 1670 divinum
1886 1617 2031 1685 quod

451 1708 715 1755 aeternum
760 1703 849 1757 sit.
880 1703 1025 1757 Idem
1044 1720 1175 1759 vero
1204 1705 1501 1773 signiﬁcari
1530 1706 1781 1760 existima
1805 1707 1968 1761 etiam
2003 1721 2032 1760 a

452 1792 622 1847 verbo
641 1803 775 1846 erat.
797 1793 1039 1864 Denique
1068 1796 1389 1850 vocabulum
1418 1795 1642 1851 Verbum
1668 1798 2034 1854 consubstan-

457 1885 639 1939 tialem
682 1885 828 1940 Patri
864 1887 1201 1957 hypostasim
1248 1889 1490 1943 declarat
1520 1908 1534 1944 :
1572 1906 1639 1945 ne
1668 1902 1845 1945 autem
1876 1900 2033 1962 pute-

453 1992 576 2031 mus
646 1976 844 2031 Filium
900 1978 1195 2048 aliquando
1263 1979 1436 2035 fuisse
1484 1982 1787 2048 occultum,
1840 1999 1937 2039 ceu
1982 1984 2034 2037 in

452 2066 611 2122 Patre
640 2068 936 2135 latentem;
971 2085 1147 2141 neque
1192 2072 1463 2141 prolatum
1505 2072 1769 2137 Verbum,
1823 2074 1917 2129 sed
1949 2091 2037 2131 re-

452 2162 735 2215 conditum
764 2162 1164 2227 existimemus,
1199 2164 1457 2234 (namque
1494 2165 1763 2234 ejusmodi
1798 2164 2033 2221 Verbum

453 2254 729 2322 quomodo
758 2254 985 2324 cogitari
1009 2266 1173 2324 queat
1217 2264 1309 2309 aut
1333 2256 1594 2324 describi,
1616 2257 1887 2327 siquidem
1924 2274 2033 2313 non

455 2347 617 2401 habet
664 2363 760 2417 per
793 2363 852 2402 se
883 2347 1264 2418 hypostasim?
1294 2348 1311 2417 )
1344 2349 1552 2404 idcirco
1598 2350 1675 2405 ait
1744 2348 1984 2405 Joannes
2018 2368 2032 2404 :

459 2455 479 2487 ς
518 2436 583 2491 Et
606 2436 845 2492 Verbum
868 2446 1006 2504 erat,
1032 2458 1050 2491 ›
1078 2455 1185 2493 non
1209 2440 1264 2494 in
1290 2439 1420 2504 Deo,
1452 2441 1545 2496 sed
1577 2460 1596 2493 ι
1622 2442 1764 2512 apud
1794 2440 1960 2497 Deum
1981 2461 1993 2496 :
2012 2461 2029 2493 ι

456 2528 735 2597 propriam
762 2529 1099 2600 hypostasim
1132 2530 1478 2594 describens,
1511 2548 1632 2602 qua:
1674 2533 1729 2587 in
1761 2530 1942 2588 Verbo
1968 2548 2035 2588 ex

456 2628 683 2688 paterna
712 2621 1023 2677 substantia
1053 2624 1329 2678 subsistit.
1363 2624 1541 2678 Simili
1573 2624 1756 2689 modo,
1804 2641 1872 2680 ne
1902 2627 2035 2679 arti-

456 2710 652 2765 ticialis
722 2711 993 2779 sapientia
1060 2712 1418 2781 intelligatur,
1476 2728 1597 2783 quae
1656 2714 2032 2769 exsistentiam

456 2816 611 2855 suam
650 2801 703 2855 in
747 2817 808 2856 re
847 2802 1028 2871 aliqua
1071 2803 1289 2863 haheat.
1325 2805 1439 2860 sive
1473 2805 1692 2859 homine
1735 2807 1849 2861 sive
1881 2821 2037 2861 crea-

457 2901 576 2945 tura
594 2892 723 2956 alia,
750 2893 904 2956 dixit,
929 2892 1059 2947 Erat
1078 2893 1221 2963 apud
1245 2893 1430 2957 Deum,
1456 2903 1513 2949 ut
1532 2897 1865 2963 mtelligatur
1892 2897 2035 2953 Deus

456 2998 519 3036 ex
562 2980 673 3037 Deo
710 2982 1004 3037 exsistens.
1053 2984 1281 3053 Insuper
1337 2984 1759 3054 appellationem
1815 3000 2036 3056 quoque

457 3072 710 3139 sumpsit,
744 3071 999 3126 videlicet
1036 3090 1050 3127 :
1089 3071 1156 3125 Et
1187 3071 1325 3125 Deus
1355 3082 1468 3127 erat
1506 3071 1750 3127 Verbum.
1782 3072 1924 3130 Deus
1952 3084 2037 3131 est

2130 600 2240 653 θόν.
2273 618 2290 650 ›
2335 597 2692 668 Συνομολογεῖ
2722 598 2816 650 καὶ
2855 598 2883 650 6
2916 597 3043 660 Υίός
3063 615 3077 628 ·
3126 615 3145 647 ι
3186 594 3326 663 Ἐγὼ
3350 596 3415 647 ἐκ
3445 594 3706 663 στόματος

2142 694 2397 764 Ὑψίστου
2436 691 2658 762 ἐξῆλθον
2684 690 2796 761 (14)
2823 730 2835 745 .
2876 709 2895 742 ι
2931 689 3054 753 Πῶς
3088 688 3285 759 ἠνεγκέ
3320 705 3411 740 σου
3443 687 3707 758 ήδιάνοια

2129 788 2191 842 τὸ
2216 786 2527 855 τηλικοῦτον
2582 783 2745 855 ἄχθος
2774 783 2866 837 τοῦ
2900 781 3267 852 τολμήματος,
3307 779 3520 849 ποίημα
3548 778 3709 832 αὑτὸν

2132 879 2459 949 ὑπειληφυῖα
2483 896 2498 945 ;

2206 973 2257 1027 ι’.
2316 973 2581 1043 Ἀκήκοας
2625 969 2735 1023 τῶν
2782 964 3185 1038 προειληφότων
3235 964 3363 1033 περὶ
3410 962 3503 1016 τοῦ
3554 962 3707 1027 Υίοῦ,

2132 1064 2296 1118 ἄκουε
2324 1064 2388 1134 δὴ
2418 1064 2511 1117 καὶ
2538 1063 2631 1118 τοῦ
2659 1063 2754 1117 νῦν
2788 1061 3125 1123 ἐπελθόντος,
3152 1060 3225 1123 ὡς
3255 1059 3316 1112 τὸ
3340 1054 3419 1127 ἦν
3444 1059 3501 1110 ἐν
3536 1074 3713 1127 παρα⁴

2132 1156 2337 1226 τατικῷ
2364 1156 2539 1226 χρόνῳ
2561 1156 2808 1226 κείμενον
2831 1154 3130 1223 ἀϊδιότητος
3155 1151 3268 1222 ἔχει
3293 1152 3393 1227 τὴν
3416 1150 3709 1221 σημασίαν⁸

2140 1268 2158 1301 ι
2210 1250 2299 1302 Ἐν
2337 1249 2476 1319 ἀρχῇ
2512 1244 2578 1319 ἦν
2622 1250 2650 1301 6
2681 1248 2873 1315 Λόγος.
2930 1266 2949 1298 ι
3013 1244 3181 1315 Ἀρχὴ
3221 1244 3278 1297 δὲ
3328 1242 3463 1296 Θεοῦ
3502 1241 3710 1313 ἀνθρω-

2136 1341 2273 1410 πίνῳ
2297 1340 2442 1411 λόγῳ
2465 1340 2525 1393 ού
2560 1340 2938 1409 κατείληπται.
2974 1338 3071 1390 Διά
3099 1336 3256 1389 τοῦτο
3283 1335 3368 1405 δὴ,
3401 1335 3477 1397 ὡς
3505 1334 3563 1387 ἐν
3598 1336 3711 1396 τοῖς

2134 1432 2443 1504 ἔμπροσθεν
2480 1434 2803 1505 είρήκαμεν,
2837 1431 2865 1483 ὃ
2896 1431 2959 1500 δή
2994 1446 3125 1482 ποτε
3159 1428 3323 1499 μέρος
3354 1426 3512 1494 λόγου
3543 1425 3710 1479 τέθει·

2135 1528 2278 1596 κενή
2309 1524 2519 1596 Γραφὴ,
2544 1524 2606 1577 τὸ
2626 1525 2696 1577 ἐν
2716 1522 2873 1592 ἀρχῇ
2893 1523 3001 1576 νόει
3028 1538 3116 1592 μοι
3140 1520 3313 1592 ἀρχὴν
3338 1519 3523 1589 θεῐκὴν
3547 1518 3709 1571 ἀΐδιον

2134 1612 2320 1670 οὖσαν.
2341 1614 2553 1669 Ταὺτοῦ
2582 1614 2640 1668 δέ
2666 1614 2829 1668 ποθεν
2859 1611 3192 1683 σημαντικὸν
3208 1610 3303 1664 καὶ
3328 1609 3389 1663 τὸ
3410 1604 3508 1678 ἦν.
3536 1608 3607 1661 Τὸ
3628 1608 3705 1669 δὲ,

2136 1710 2170 1761 ό
2200 1708 2409 1776 Λόγος,
2442 1706 2540 1777 τὴν
2565 1703 2845 1774 όμοούσιον
2876 1701 3168 1755 ὑπόστασιν
3199 1701 3335 1771 πρὸς
3373 1699 3463 1751 τὸν
3496 1697 3711 1766 Πατέρα

2136 1800 2405 1853 δείκνυσι⁶
2438 1798 2527 1851 ἵνα
2552 1796 2608 1848 δὲ
2640 1794 2714 1865 μὴ
2742 1792 2988 1863 δοκῶμεν
3021 1791 3111 1843 τὸν
3140 1791 3267 1843 Υίὸν
3293 1783 3431 1841 εἷναί
3460 1804 3587 1841 ποτε
3622 1787 3710 1839 ὅτε

2138 1892 2350 1963 ἀφανὴς
2394 1886 2461 1962 ἦν
2495 1890 2551 1942 ἐν
2596 1888 2674 1957 τῷ
2726 1888 2900 1956 [lasz
2932 1884 3341 1955 κρυπτόμενος,
3392 1882 3483 1935 καὶ
3516 1882 3600 1934 ἵνα
3636 1880 3709 1951 μὴ

2140 1980 2476 2054 προφορικὸν
2526 1980 2683 2048 λόγον
2734 1979 2829 2031 καὶ
2876 1976 3179 2030 ἐνδιάθετον
3218 1972 3707 2043 ὑπολαμϐἀνωμεν,

2137 2074 2249 2144 (τὸν
2290 2072 2397 2143 γὰρ
2434 2069 2622 2123 τοῦτον
2653 2068 2828 2137 Λόγον
2856 2069 2913 2120 ἐν
2943 2068 3049 2121 τίνι
3080 2062 3218 2119 εἶναι
3247 2065 3353 2136 χρὴ
3388 2064 3564 2135 ἐννοίᾳ
3593 2064 3624 2133 ἦ
3655 2066 3712 2123 ἐν

2136 2165 2444 2234 γράμματι,
2482 2161 2603 2215 καθ’
2639 2161 2830 2214 ἑαυτὸν
2861 2159 3158 2212 ὑπόστασιν
3186 2159 3286 2211 οὐκ
3318 2157 3543 2228 ἔχοντα;
3570 2159 3587 2227 )
3626 2156 3712 2209 διὰ

2134 2255 2307 2310 ταῦτα
2338 2254 2527 2326 εἴρηκε
2557 2254 2650 2307 καὶ
2678 2255 2706 2306 6
2740 2254 3010 2322 Ἰωάννης,
3034 2270 3051 2303 ι
3074 2252 3184 2305 Καὶ
3204 2253 3232 2304 6
3255 2251 3425 2318 Λόγος
3451 2245 3539 2320 ἦν,
3571 2268 3588 2301 ι
3614 2251 3713 2301 οὐκ

2135 2349 2193 2402 ἐν
2222 2347 2298 2418 τῷ
2324 2347 2460 2417 Θεῷ,
2495 2346 2632 2401 ἀλλὰ
2666 2364 2683 2397 ι
2718 2345 2851 2415 πρὸς
2879 2346 2970 2399 τὸν
2999 2344 3153 2407 Θεὸν,
3193 2363 3211 2395 ι
3252 2344 3386 2396 ἰδίαν
3420 2342 3713 2395 ὑπόστασιν

2135 2437 2456 2508 ἐπιγράφων
2478 2435 2556 2506 τῷ
2584 2436 2741 2506 Λόγῳ
2764 2437 2827 2488 ἐκ
2854 2436 3125 2505 πατρικῆς
3156 2433 3342 2495 οὐσίας
3374 2431 3711 2502 ὑφεστῶσαν.

2136 2530 2239 2583 Τὸν
2261 2528 2421 2583 αὑτὸν
2444 2529 2641 2600 τρόπον
2670 2528 2762 2581 καὶ
2787 2528 2874 2581 ἵνα
2904 2528 2978 2598 μὴ
3007 2532 3177 2580 νοοῖτο
3201 2524 3361 2596 σοφία
3384 2525 3417 2595 ή
3440 2541 3713 2595 τεχνιτευο

2134 2623 2279 2693 τικὴ,
2313 2623 2346 2693 ἡ
2381 2621 2442 2675 τὸ
2469 2618 2606 2674 εἶναι
2637 2621 2693 2673 ἕν
2722 2638 2826 2673 τινι
2856 2619 3053 2689 ἔχουσα
3075 2618 3107 2679 ἢ
3132 2619 3190 2672 ἐν
3217 2617 3428 2689 ἀνδρὶῆ
3460 2618 3516 2668 ἐν
3548 2632 3716 2668 κατα-

2138 2714 2496 2785 σκευάσματι,
2532 2709 2899 2784 εἴρηκεν,ἾΙν
2928 2710 3077 2779 πρὸς
3105 2711 3211 2765 τὸν
3231 2708 3397 2769 Θεὸν.
3434 2709 3520 2762 ἵνα
3549 2707 3713 2778 νοηθῇ

2135 2806 2265 2870 Θεὸς
2302 2807 2366 2859 ἐκ
2405 2805 2540 2858 Θεοῦ
2570 2804 2852 2875 ὑπάρχων.
2894 2802 3036 2874 Πρὸς
3075 2802 3153 2865 δὲ,
3188 2802 3281 2855 καὶ
3307 2801 3407 2877 τὴν
3448 2815 3717 2872 προσηγο-

2138 2899 2259 2971 ρίαν
2304 2898 2519 2968 είληχεθ
2555 2897 2663 2950 Καὶ
2712 2895 2858 2959 Θεὸς
2894 2891 2972 2965 ἦν
3016 2897 3048 2947 ό
3094 2893 3317 2963 Λόγοςο
3362 2890 3493 2954 Θεὸς
3522 2892 3576 2943 δὲ
3605 2891 3634 2942 ὅ
3662 2906 3717 2942 τι

2135 2989 2308 3062 ἀρχὴν
2340 2991 2439 3043 οὐκ
2472 2989 2538 3043 ἂν
2576 2988 2720 3058 ἔχοι·
2757 2987 2880 3040 ἐπεὶ
2909 2986 3008 3039 οὐκ
3053 2985 3119 3039 ἂν
3161 2986 3245 3054 εἴη
3290 2984 3453 3047 Θεός·
3488 2983 3622 3052 ὅπερ
3652 2982 3714 3032 οὑ

2140 3084 2297 3154 μόνον
2322 3084 2504 3153 ἡμεῖς,
2525 3080 2662 3135 ἀλλά
2691 3079 2784 3134 καὶ
2807 3078 3112 3150 φιλοσόφων
3142 3076 3326 3138 παῖδες
3348 3073 3713 3138 θεσπίζουσιν,

458 3173 661 3227 autem,
698 3164 791 3233 qui
826 3163 1046 3218 initium
1096 3180 1206 3219 non
1251 3164 1443 3230 habet;
1500 3166 1707 3235 alioqui
1743 3182 1851 3221 non
1889 3176 2034 3223 esset

2140 3169 2214 3230 ὧν
2241 3175 2301 3227 οὑ
2344 3173 2590 3245 προσῆκέ
2624 3190 2685 3226 σε
2723 3172 2921 3242 ἥττονα
2959 3168 3059 3239 τὴν
3088 3167 3231 3222 κατά
3255 3166 3386 3220 Θεὸν
3418 3162 3720 3233 κεκτῆσθαι

460 3254 638 3319 Deus;
672 3270 834 3325 quam
860 3270 974 3309 rem
1012 3255 1157 3309 haud
1195 3271 1293 3311 nos
1324 3255 1726 3320 tantummodo,
1752 3257 1845 3312 sed
1869 3258 2032 3311 etiam

458 3343 770 3413 philosophi
806 3351 979 3397 ratam
1011 3344 1232 3407 habent,
1264 3345 1467 3413 quibus
1514 3360 1622 3399 non
1673 3353 1727 3400 te
1760 3346 1918 3402 decet
1949 3347 2041 3403 de-

460 3434 717 3489 teriorem
748 3435 898 3490 circa
928 3433 1100 3490 Deum
1140 3450 1332 3506 gerere
1365 3436 1718 3491 sententiam.

534 3588 619 3641 II.
680 3585 751 3643 Ut
818 3598 998 3642 autem
1048 3589 1399 3645 crederemus
1466 3590 1857 3651 subsistentem
1916 3606 2040 3647 esse

462 3677 655 3742 Deum,
690 3693 815 3732 cum
849 3678 1059 3733 scilicet
1087 3678 1154 3734 de
1190 3688 1493 3745 senatum,
1534 3680 1827 3736 humanam
1859 3681 2038 3737 eidem

463 3769 688 3839 ﬁguram
736 3768 863 3823 fecit
894 3768 1077 3833 Pater,
1123 3785 1290 3825 carne
1321 3772 1806 3841 circumscribens,
1852 3783 1910 3828 ut
1939 3774 2043 3828 hu-

464 3860 641 3914 manis
676 3861 959 3915 obtutibus
990 3862 1187 3917 Filium
1217 3864 1499 3934 objiceret.
1519 3864 1673 3921 Nunc
1703 3883 1869 3937 quum
1899 3868 2041 3924 scias

465 3952 642 4021 ipsum
684 3968 871 4008 revera
914 3954 1303 4010 subsistentem
1340 3972 1460 4013 esse
1500 3956 1692 4025 Deum,
1733 3975 1865 4013 cave
1904 3960 2041 4013 ima-

468 4043 675 4110 gineris
710 4044 1038 4101 deteriorem
1072 4062 1192 4102 esse
1224 4059 1312 4102 aut
1342 4049 1634 4114 minorem,
1668 4052 1795 4119 quia
1823 4052 1869 4106 is
1896 4051 2043 4107 dixe-

470 4134 541 4187 rit
576 4152 588 4187 :
620 4154 638 4185 ‹
674 4135 777 4199 Qui
804 4136 949 4190 misit
984 4152 1068 4191 me
1100 4137 1280 4203 Pater,
1302 4139 1478 4209 major
1504 4157 1590 4195 me
1611 4149 1695 4196 est
1729 4142 1793 4196 “.
1833 4160 1853 4194 ι
1886 4142 2045 4195 Nam-

465 4241 571 4295 que
634 4227 863 4283 decebat
914 4228 1093 4298 ipsum
1152 4229 1426 4285 hominem
1484 4229 1711 4297 factum,
1778 4233 2042 4289 modestis

467 4316 815 4371 sermonibus
862 4317 1286 4387 magnitudinem
1330 4335 1483 4374 suam
1518 4322 1849 4391 patefacere.
1896 4321 2043 4393 Ipse-

466 4416 576 4462 met
606 4408 749 4462 enim
776 4408 1024 4464 dixerat:
1058 4428 1075 4461 ‹
1119 4408 1327 4465 Laudet.
1353 4420 1406 4467 te
1427 4414 1738 4483 proximus,
1773 4423 1826 4469 et
1852 4431 1957 4470 non
1980 4431 2043 4471 os

467 4511 623 4555 tuum
660 4500 725 4554 ⁸⁸.
767 4519 786 4552 ι
825 4499 1037 4556 Etenim
1093 4501 1282 4571 quidni
1330 4504 1616 4572 oportebat
1658 4504 1939 4561 humiliter
1983 4524 2043 4562 se

468 4591 653 4644 dicere
692 4590 960 4645 minorem
1017 4589 1179 4647 Patre
1234 4593 1713 4666 incircumscripto
1763 4604 1817 4651 ct
1855 4600 2040 4653 omnia

468 4680 798 4751 complente,
824 4697 946 4737 eum
971 4683 1063 4753 qui
1090 4691 1221 4737 tunc
1241 4692 1357 4737 erat
1375 4698 1539 4739 carne
1561 4686 2042 4759 circumscriptus,

468 4778 523 4825 ct
569 4771 797 4825 humani
830 4773 983 4828 visus
1020 4773 1242 4827 modulo
1267 4773 1565 4830 deﬁnitus?
1608 4775 1836 4848 Insuper
1868 4779 2041 4839 illum,

470 4862 563 4931 qui
611 4862 718 4917 sibi
758 4877 926 4919 causa
960 4863 1507 4932 exsistemiilfuisset,
1551 4868 1825 4936 appellare
1874 4871 2047 4939 majo-

474 4973 611 5023 rem,
644 4973 753 5012 uon
807 4957 1140 5012 abhorrebat
1188 4973 1218 5011 a
1262 4959 1512 5013 veritate.
1575 4957 1710 5013 Nam
1750 4960 1858 5016 nisi
1903 4960 2046 5017 Deus

471 5052 797 5110 exstitisset,
841 5049 1063 5103 ubinam
1102 5049 1407 5118 sapientia?
1434 5046 1498 5100 Et
1522 5048 1625 5103 nisi
1644 5047 1804 5103 Pater
1834 5049 2047 5119 fuisset,

473 5144 695 5197 ubinam
731 5141 949 5197 Filius?
989 5139 1110 5195 Jam
1145 5155 1359 5196 mecum
1391 5140 1645 5205 observa,
1698 5139 1896 5195 Filium
1932 5144 2050 5198 ubi-

2139 3266 2361 3331 γνῶσιν.

2212 3584 2300 3630 ια’.
2343 3577 2462 3630 Ἵνα
2497 3574 2554 3627 δὲ
2603 3570 2945 3639 πιστεύωμεν
2997 3568 3159 3621 αὑτὸν
3207 3563 3504 3635 ὑφεστάναι
3548 3561 3716 3625 Θεὸν,

2140 3670 2302 3724 αὑτὸν
2331 3670 2460 3721 ὄντα
2487 3667 2545 3732 ἐξ
2577 3664 2792 3727 ἐαυτοῦ,
2824 3663 3145 3733 ἐμόρφωσεν
3177 3659 3337 3714 αὑτὸν
3365 3655 3721 3726 ἀνθρωπίνως

2139 3766 2167 3816 ὁ
2194 3760 2404 3831 Πατὴρ,
2441 3759 2601 3831 σαρκὶ
2637 3756 2798 3811 αὑτὸν
2828 3754 3168 3825 περιγράψας
3193 3792 3206 3814 ,
3237 3752 3323 3804 ἵνα
3351 3748 3720 3820 ἀνθρωπίναις

2141 3854 2325 3923 ὄψεσιν
2351 3851 2625 3923 ἐμφανίσῃ
2656 3849 2803 3902 Υίόν.
2847 3848 2956 3901 Καὶ
2985 3846 3115 3899 Θεὸν
3148 3845 3274 3897 ὅντα
3301 3841 3457 3905 εἰδὼς
3488 3840 3723 3908 ὑφεστάο

2142 3965 2251 4009 ναι,
2302 3947 2375 4015 μή
2419 3962 2507 4015 μοι
2555 3941 2864 4013 φαντασθῇς
2910 3937 3285 4008 εὐτελέστερον
3330 3934 3362 4005 ἢ
3402 3930 3725 4002 μικρότερον

2142 4038 2230 4090 τὸν
2265 4037 2411 4103 Υίὸν,
2438 4035 2513 4106 τῷ
2538 4032 2837 4105 εἰρηκέναι,
2868 4050 2884 4080 ‹
2936 4030 2995 4081 ὐ
3030 4027 3250 4098 πέμψας
3280 4042 3345 4096 με
3386 4021 3573 4092 Πατὴρ
3604 4018 3723 4090 μεί⁸

2143 4129 2250 4194 ζων
2295 4144 2397 4198 μου
2441 4126 2608 4179 ἐστίν.
2659 4142 2677 4175 ›
2721 4124 2869 4176 Ἔδει
2916 4121 3024 4191 γὰρ
3070 4119 3231 4174 αὐτὸν
3270 4109 3723 4186 ἐνανθρωποῦντα

2142 4220 2525 4291 ταπεινόφροσι
2569 4216 2749 4285 λόγοις
2795 4213 3080 4284 ἐμφαίνειν
3124 4210 3185 4263 τὸ
3223 4205 3415 4262 ἑαυτοῦ
3466 4202 3717 4275 μέγεθος.

2142 4310 2311 4375 Αὐτὸς
2332 4310 2519 4381 εἴρηκε
2540 4322 2551 4335 ·
2583 4326 2601 4357 ι
2640 4304 2960 4358 Ἐπαινείτω
2988 4319 3045 4354 σε
3068 4302 3095 4351 ὁ
3126 4299 3315 4360 πέλας,
3338 4294 3431 4348 καὶ
3456 4294 3528 4363 μὴ
3550 4292 3611 4345 τὸ
3631 4291 3724 4344 σὸν

2145 4406 2335 4475 στόμα.
2370 4421 2389 4455 ι
2425 4400 2489 4454 Τί
2519 4399 2625 4470 γὰρ
2651 4399 2752 4451 οὐκ
2801 4396 2907 4448 ἔδει
2952 4389 3492 4462 ταπεινοφρονοῦντα,
3521 4387 3723 4456 ἥττονα

2144 4494 2238 4548 τοῦ
2278 4492 2489 4563 Πατρὸς
2520 4489 2707 4544 ἐαυτὸν
2740 4484 3121 4541 ἀποδεικνύναι
3143 4524 3157 4547 ,
3186 4480 3279 4535 τοῦ
3306 4476 3724 4549 ἀπεριγρόιπτου

2147 4586 2242 4640 καὶ
2268 4584 2336 4638 τά
2366 4583 2543 4638 πάντα
2572 4577 2926 4651 πληροῦντος,
2965 4576 3055 4629 τὸν
3083 4573 3220 4637 τέως
3260 4570 3425 4642 σαρκὶ
3458 4583 3726 4637 περιγρα-

2144 4681 2377 4750 φόμενον
2426 4676 2520 4730 καὶ
2554 4675 2740 4743 ὄψεσιν
2787 4669 3156 4758 ἀνθρωπίναις
3207 4662 3607 4758 μετρούμενον;
3648 4659 3723 4758 Οὑ

2149 4771 2254 4842 μὴν
2285 4767 2421 4824 ἀλλά
2446 4767 2540 4820 καὶ
2561 4765 2623 4818 τὸ
2653 4764 2744 4816 τὸν
2773 4762 2944 4815 αἴτιον
2986 4758 3078 4813 τοῦ
3107 4752 3245 4810 εἶναι
3282 4754 3501 4825 μείζονα
3534 4752 3726 4803 ἐαυτοῦ

2145 4862 2463 4925 ἀποκαλεῖν,
2496 4859 2595 4912 οὐκ
2638 4855 2918 4926 ἀλλότριον
2958 4849 3215 4921 ἀληθείας
3247 4848 3381 4918 (15).
3410 4846 3472 4898 Ei
3515 4844 3589 4915 μὴ
3617 4842 3730 4911 γὰρ

2147 4958 2299 5021 Θεὸς,
2327 4954 2427 5009 ποῦ
2460 4955 2493 5023 ἡ
2531 4950 2727 5019 σοφία;
2758 4947 2868 5001 Καὶ
2896 4947 2944 4998 εί
2975 4944 3048 5016 μὴ
3073 4946 3101 4997 6
3135 4942 3343 5013 Πατὴρ,
3374 4938 3476 4991 ποῦ
3506 4940 3533 4991 6
3566 4935 3725 5001 Υίὸςς

2159 5051 2302 5121 Ὅρα
2336 5047 2400 5117 δή
2438 5062 2526 5116 μοι
2560 5041 2735 5111 πάντη
2775 5040 2869 5093 καὶ
2910 5037 3129 5099 πάντως
3172 5034 3264 5086 τὸν
3312 5030 3439 5085 Υίὸν
3479 5043 3730 5121 ταπεινοο

2156 5120 2475 5212 φρονοῦντα,
2503 5135 2597 5189 καὶ
2615 5133 2675 5187 τὸ
2696 5131 2875 5185 θεῖκὸν
2902 5128 3129 5201 μέγεθος
3153 5126 3268 5196 ἅμα
3299 5120 3732 5191 ἐνδεικνύμενον,

542 5336 585 5364 κ’
628 5330 775 5386 Psal.
811 5346 955 5399 xuv,
989 5330 1044 5386 2.
1122 5330 1167 5363 "
1206 5328 1374 5385 Echi.
1410 5345 1561 5396 utr,
1592 5330 1645 5385 5.
1722 5330 1767 5361 “
1796 5329 1956 5386 Joan.
1996 5349 2048 5395 ι,
2084 5335 2135 5391 1,
2212 5334 2257 5365 ⁸⁵
2296 5330 2455 5386 Joan.
2488 5344 2603 5390 xw,
2633 5325 2725 5381 28.
2801 5325 2846 5355 “
2884 5322 3045 5377 Prov.
3079 5335 3261 5381 xmt,
3290 5317 3345 5371 2.

548 5548 653 5618 (Ili)
689 5548 767 5601 En
798 5545 1171 5618 Ecclesiaslici
1222 5546 1421 5600 librum
1458 5545 1600 5599 inter
1647 5544 1830 5598 divina
1861 5554 2053 5601 aucto-

474 5615 643 5675 ritate
663 5620 930 5688 pollentes
956 5618 1090 5670 citat
1126 5615 1427 5688 Nyssenus.

545 5684 678 5755 (I5)'
703 5687 909 5741 Confer
949 5684 1203 5755 nostrum
1249 5687 1302 5738 in
1357 5700 1611 5738 sermone
1644 5684 1721 5738 De
1758 5685 1883 5755 ﬁde,
1912 5693 1966 5739 et
1984 5684 2045 5755 in

473 5758 567 5815 illo
598 5754 673 5811 De
706 5759 901 5810 deitate
934 5755 1066 5809 Filii
1103 5767 1152 5809 et
1177 5754 1410 5824 Spiritus
1448 5756 1640 5809 sancti.
1679 5754 1811 5809 Item
1848 5754 2047 5825 praedi-

472 5840 622 5885 ctum
651 5828 950 5883 concilium
977 5842 1007 5880 a
1040 5826 1198 5881 nobis
1233 5825 1461 5890 editum,
1491 5826 1795 5895 praesertim
1828 5827 2045 5882 actione

2159 5543 2374 5613 quinta,
2433 5531 2799 5613 innsynodali
2853 5522 3733 5613 patriarcha!-I_IierosolyAmii.rum

2157 5592 2452 5667 sententia.
2489 5592 2746 5659 Nonnulli
2778 5592 2921 5655 enim
2967 5596 3157 5651 Patres
3191 5595 3263 5648 ita
3298 5594 3365 5649 de
3398 5592 3535 5646 Filio
3569 5593 3732 5667 etiam

2158 5659 2579 5751 Hiiéﬁia'nijneq
2626 5673 2797 5751 locuti
2834 5676 3005 5751 sunt}.
3022 5675 3295 5751 quatenus
3336 5659 3737 5751 nempe;

2153 5730 2454 5805 illi
2492 5743 2816 5801 substantia:
2842 5748 2944 5793 est.
2972 5730 3077 5792 Sed
3104 5735 3300 5805 Icgcsis
3328 5735 3475 5790 circa
3507 5730 3735 5785 Patrum

2154 5804 2389 5879 hiemem
2416 5815 2696 5873 Petavium
2732 5810 2808 5867 De
2840 5809 2990 5864 Trin.
3024 5808 3120 5863 lib.
3151 5804 3203 5872 ν,
3234 5804 3285 5857 4.
