4120 6394
389 414 535 470 1297

1414 423 1791 482 ADVERSUS
1831 426 2058 486 ARIUM
2101 429 2187 484 ET
2221 431 2636 490 SABELLIUM.

3520 426 3663 485 ΗΘΒ

389 515 605 600 πρῶτον
635 530 764 583 ὅταν
792 530 928 606 λέγῃ
958 532 1094 604 πρὸς
1124 533 1215 586 τὸν
1250 535 1531 590 νεανίσκον
1560 536 1766 605 ἀγαθὸν
1803 537 1967 592 αὐτόν

2084 557 2177 611 lue
2215 557 2442 613 prorsus
2477 545 2725 598 modeste
2755 548 3042 612 agentem;
3081 550 3136 596 et
3181 549 3366 595 tamen
3415 540 3663 596 divinam

388 620 938 691 προσαγορεύσαντα·
985 641 1004 674 ι
1058 623 1124 676 Τί
1171 642 1242 695 με
1285 625 1466 694 λέγεις
1502 626 1740 695 ἀγαθόν;
1782 628 1969 692 Οὐδεὶς

388 710 614 778 ἀγαθὸς,
651 714 700 766 εί
743 713 819 785 μὴ
851 712 934 780 εἷς
981 715 1010 768 6
1043 715 1194 780 Θεός.
1243 736 1262 768 ι
1301 719 1412 771 Καὶ
1447 718 1672 784 εἰκότως
1705 736 1770 789 γε
1805 720 1972 800 τοῦτο

388 801 731 872 ἀπεφήνατο·
777 805 864 869 Ὠς
882 807 992 878 γὰρ
1013 806 1298 879 ἄνθρωπός
1333 825 1415 861 σοι
1442 809 1679 880 πέφηνα,
1711 810 1856 864 είποι
1880 810 1969 877 ἂν,

387 885 434 944 ὦ
465 893 670 958 νεανία,
705 895 769 949 σὺ
801 896 858 949 δὲ
886 896 960 961 ὡς
986 897 1082 951 ἕνα
1120 897 1230 952 τῶν
1256 899 1631 970 γραμματέων
1649 900 1973 962 διδάσκαλόν

393 1001 462 1055 με
509 986 820 1057 προσειπὼν
843 1029 859 1052 ,
901 990 1246 1062 προσέθηκας
1278 991 1357 1057 τὸ,
1407 991 1632 1060 ἀγαθόν.
1680 992 1866 1055 Οὐδεὶς
1916 992 1974 1047 δὲ

392 1077 693 1150 ἀνθρώπων
719 1080 946 1150 ἀγαθὸς,
977 1083 1123 1154 μόνῳ
1151 1084 1206 1136 δὲ
1231 1083 1352 1154 Θεῷ
1379 1082 1677 1137 οἰκειοῦται
1708 1085 1742 1156 ἡ
1808 1101 1976 1156 προσ-

396 1171 618 1242 ηγορία.
645 1172 840 1242 Μάτην
863 1172 972 1244 ἄρα
1008 1173 1300 1243 ὠνόμασας
1337 1174 1540 1244 ἀγαθὸν
1583 1175 1676 1228 τὸν
1718 1175 1856 1240 τέως
1884 1175 1978 1230 ἄν-

391 1263 609 1334 θρωπόν
634 1281 715 1317 σοι
747 1266 1042 1337 πεφηνότα.
1067 1265 1225 1320 Οῦτω
1252 1267 1382 1335 γοῦν
1411 1267 1854 1339 ἀποφηνάμενος,
1877 1268 1976 1340 τὴν

397 1353 497 1423 μὲν
538 1356 1040 1430 ταπεινοφροσύνην
1085 1357 1166 1428 τῷ
1217 1359 1370 1430 ἀνδρὶ
1417 1359 1715 1424 ἐνεδείξατο
1766 1359 1935 1413 εἰπών
1959 1376 1975 1392 ο

393 1445 584 1508 Οὐδεὶς
613 1446 847 1515 ἀγαθός,
892 1443 968 1503 ὧν
1013 1449 1316 1523 ὑπείληφας
1363 1449 1450 1506 σύ.
1499 1451 1572 1504 Τὸ
1611 1451 1689 1518 δὲ,
1726 1470 1744 1504 ι
1789 1453 1853 1505 Εἰ
1902 1451 1977 1522 μὴ

395 1531 476 1602 εἷς
504 1539 534 1592 ό
565 1537 698 1603 Θεὸς
734 1559 753 1593 ι
799 1542 1075 1613 προσθεὶς,
1107 1541 1268 1606 αὑτὸς
1296 1542 1354 1597 δὲ
1397 1544 1491 1598 καὶ
1525 1544 1712 1617 Πατὴρ
1755 1543 1814 1596 ἒν
1848 1545 1977 1608 εἰσι,

398 1631 677 1699 μυστικῶς
719 1632 828 1704 ἄρα
863 1633 1003 1704 μετά
1051 1635 1549 1707 ταπεινοφροσύνης
1581 1636 1680 1708 τὴν
1723 1635 1979 1708 ἀλήθειαν

393 1721 803 1795 διεξεληλυθὼς,
840 1726 1180 1798 συμμέτοχον
1207 1727 1286 1798 τῷ
1314 1729 1492 1799 Πατρὶ
1518 1729 1616 1799 τῆς
1646 1729 1980 1800 ἁγαθότητος

396 1815 735 1870 ἀπεδείκνυε.
769 1818 842 1870 Τὸ
863 1814 976 1882 οῦν,
1006 1839 1023 1870 ι
1067 1818 1209 1888 Ἐγὼ
1237 1822 1332 1873 καὶ
1359 1822 1387 1874 6
1417 1820 1606 1890 Πατὴρ
1642 1820 1701 1873 έν
1730 1824 1915 1892 ἐσμεν·
1954 1842 1972 1875 ›

2071 633 2507 703 magnitudinem
2537 634 2702 688 simul
2725 637 3130 697 ostendentem,
3157 630 3335 701 primo
3362 645 3490 684 cum
3519 629 3663 684 dixit

2072 724 2408 780 adolescenti
2448 739 2480 778 a
2507 739 2619 794 quo
2654 725 2833 780 bonus
2873 722 3057 778 fuerat
3101 723 3413 793 appellatus
3445 740 3460 776 :
3489 741 3507 773 ι
3547 721 3668 776 Cur

2073 830 2161 870 me
2189 815 2328 872 dicis
2357 817 2599 872 bonum?
2625 831 2789 871 nemo
2819 816 3018 878 bonus,
3051 815 3160 870 nisi
3192 830 3338 870 unus
3368 813 3514 869 Deus
3540 813 3610 865 ".
3638 831 3657 862 ι

2075 907 2139 962 Ει
2168 917 2314 963 recte
2357 908 2430 963 ita
2464 909 2770 980 respondit,
2807 910 3028 966 videtur
3059 909 3207 968 enim
3245 907 3455 964 dixisse
3490 925 3504 960 :
3538 905 3661 962 Tibi

2073 999 2316 1069 quidem,
2350 1016 2384 1054 o
2434 1001 2780 1066 adolescens,
2836 1003 3000 1058 homo
3039 1001 3194 1057 visus
3237 1015 3383 1064 sum,
3425 1007 3484 1054 tu
3533 1015 3672 1055 vero

2075 1098 2335 1159 tanquam
2368 1107 2538 1145 unum
2568 1092 2636 1146 de
2659 1093 2858 1148 scribis
2883 1093 3209 1162 magistrum
3238 1107 3325 1146 me
3351 1091 3664 1161 appellasti.

2075 1177 2293 1246 adjecto
2345 1180 2512 1235 etiam
2545 1181 2675 1236 boni
2734 1182 3000 1252 epitheto.
3058 1181 3223 1252 Atqui
3267 1182 3454 1237 nullus
3503 1181 3667 1236 homo

2075 1263 2255 1328 bonus
2280 1279 2385 1337 est,
2409 1273 2506 1328 sed
2533 1272 2626 1328 Dei
2648 1274 2819 1328 solius
2836 1272 3056 1344 prapria
3076 1281 3165 1327 est
3196 1272 3312 1327 hac
3349 1272 3666 1341 appellatio.

2079 1361 2311 1420 Temere
2353 1365 2521 1436 igitur
2551 1365 2755 1422 bonum
2807 1365 3136 1434 nuncupasti
3175 1381 3301 1420 eum
3357 1365 3450 1435 qui
3490 1364 3671 1420 hacte-

2078 1471 2184 1510 nus
2217 1455 2381 1510 bomo
2419 1456 2519 1512 tibi
2576 1457 2727 1514 visus
2769 1473 2913 1513 sum.
2973 1458 3090 1512 Hoc
3141 1458 3330 1528 itaque
3373 1473 3666 1525 responso,

2078 1545 2406 1601 modestiam
2471 1563 2629 1602 suam
2690 1550 2899 1605 homini
2951 1551 3357 1606 demonstravit
3431 1549 3665 1604 dicens:

2078 1635 2249 1693 Nemo
2285 1639 2503 1694 illorum
2535 1639 2710 1694 bonus
2749 1651 2853 1706 est,
2888 1659 3028 1717 quos
3063 1651 3120 1695 tu
3151 1647 3337 1712 putas.
3379 1640 3534 1706 Quod
3565 1654 3669 1693 au-

2081 1737 2187 1783 tem
2210 1729 2443 1796 addidit,
2472 1750 2490 1783 ι
2524 1733 2630 1787 nisi
2656 1751 2799 1789 unus
2829 1733 3026 1799 Deus,»
3054 1735 3171 1803 ipse
3191 1732 3410 1803 quidem
3433 1740 3487 1787 et
3510 1730 3672 1785 Pater

2082 1835 2252 1873 unum
2313 1829 2478 1888 sunt;
2531 1823 2628 1878 sed
2667 1827 2918 1896 "mystice
2978 1825 3349 1895 modesteque-
3387 1823 3669 1879 veritatem

394 1908 490 1960 καὶ
515 1907 595 1970 τὸ,
631 1926 651 1958 ι
695 1907 837 1977 Ἐγὼ
881 1909 938 1962 ὲν
967 1909 1044 1980 τῷ
1076 1911 1250 1983 Πατρὶ
1282 1910 1375 1964 καὶ
1405 1912 1433 1963 6
1460 1910 1650 1980 Πατὴρ
1675 1913 1732 1964 ὲν
1764 1912 1907 1981 ἐμοὶ,
1952 1931 1970 1964 ι

2084 1927 2379 1980 exponens,
2413 1915 2733 1985 participem
2767 1932 2826 1970 se
2861 1924 3103 1986 paterna:
3138 1915 3405 1970 bonitatis
3439 1913 3672 1973 demon-

393 1993 523 2053 ἶσον.
541 1999 886 2055 ἀποδείκνυσι
923 2003 1000 2074 τῷ
1026 2003 1218 2074 Πατρί.
1257 2005 1350 2056 Δεῖ
1372 2001 1480 2075 γὰρ
1506 1996 1646 2056 εἶναι
1678 2004 1879 2058 τέλειον
1913 2007 1978 2058 ἐκ

396 2089 489 2144 τοῦ
518 2090 722 2144 τελείου
735 2093 947 2164 Πατρὸς
975 2093 1065 2146 τὸν
1096 2093 1240 2146 Υἱόν.

2084 2004 2300 2058 stravit.
2361 2005 2528 2075 igitur
2568 2007 2736 2062 verba
2785 2026 2798 2065 :
2841 2028 2858 2058 ‹
2907 2008 3020 2079 Ego
3057 2016 3113 2063 et
3155 2007 3317 2063 Pater
3362 2020 3530 2061 unum
3571 2020 3670 2060 su-

2083 2095 2302 2161 mus”;
2343 2117 2362 2150 ι
2402 2107 2457 2152 et
2495 2100 2582 2152 illa
2616 2117 2629 2153 :
2667 2118 2684 2150 ι
2719 2099 2831 2170 Ego
2864 2101 2918 2154 in
2953 2099 3134 2166 Patre,
3186 2109 3237 2155 et
3295 2099 3454 2153 Pater
3498 2097 3552 2150 in
3587 2108 3674 2147 me

396 2191 483 2238 est
511 2183 578 2248 δ’,
610 2202 628 2235 ι
663 2185 927 2253 aequalem
957 2199 1081 2240 emn
1119 2183 1267 2239 Patri
1296 2183 1702 2241 demonstrant.
1737 2181 1974 2239 Necesse
2008 2194 2092 2240 est
2125 2187 2269 2241 enim
2300 2187 2604 2257 perfectum
2642 2205 2766 2246 esse
2794 2188 3022 2253 Filium,
3071 2191 3166 2261 qui
3209 2205 3274 2244 ex
3325 2187 3488 2242 Patre
3549 2198 3672 2255 pcr-

397 2274 540 2332 l’ecto
569 2287 674 2332 est.

474 2367 558 2438 ιβ’.
599 2368 740 2422 Ἀλλ’
767 2370 895 2432 ἴσως
929 2371 1022 2424 καὶ
1048 2368 1192 2424 τοῦτ’
1218 2369 1284 2424 ἂν
1309 2369 1501 2443 εἴπῃς
1533 2371 1595 2424 Εἰ
1622 2371 1651 2423 ὁ
1679 2371 1868 2441 Πατὴρ
1895 2369 1982 2422 τέ-

396 2461 539 2526 λειος
569 2461 646 2516 ὣν
665 2462 736 2515 τά
759 2461 935 2516 πάντα
962 2461 1178 2533 πληροῖ,
1211 2464 1362 2517 ποῖον
1389 2461 1738 2516 ὑπολείπεται
1765 2460 1843 2532 τῷ
1868 2460 1984 2530 Υίῷ

394 2554 586 2625 τελείῳ
611 2553 724 2607 ὄντι
752 2554 831 2617 είς
859 2553 921 2606 τὸ
945 2553 1226 2624 χωρῆσαι;
1272 2553 1431 2606 Ἀλλά
1454 2554 1699 2625 ἀλλήλων
1729 2553 1871 2624 φημὶ
1891 2570 1983 2620 γε-

395 2645 612 2714 γονέναι
653 2645 933 2709 δεκτικοὺς
975 2645 1068 2699 καὶ
1109 2644 1445 2716 χωρητικούς
1469 2661 1483 2676 ο
1530 2665 1548 2698 t
1606 2644 1746 2714 Ἐγὼ
1782 2664 1801 2697 ι
1851 2645 1979 2714 γὰρ,

397 2740 581 2809 φησὶν,
617 2757 634 2789 t
669 2739 727 2791 ὲν
759 2737 837 2808 τῷ
865 2738 1065 2808 Πατρὶ,
1095 2737 1189 2790 καὶ
1218 2739 1246 2791 6
1276 2737 1464 2808 Πατὴρ
1496 2738 1554 2790 ὲν
1595 2736 1716 2806 ἐμοί
1745 2739 1918 2790 ἐστιν’
1958 2755 1976 2787 ι

2161 2366 2249 2420 12.
2293 2367 2402 2423 Sed
2444 2375 2703 2437 praeterea
2745 2367 2986 2425 fortasse
3018 2369 3170 2423 dices
3214 2386 3227 2422 :
3265 2367 3321 2422 Si
3356 2371 3519 2424 Pater
3545 2384 3674 2424 cum

2087 2459 2160 2513 sit
2201 2457 2482 2528 perfectus
2531 2460 2717 2515 omnia
2766 2460 2974 2531 implet,
3030 2460 3161 2531 quid
3220 2466 3476 2530 superest
3532 2459 3674 2515 Filio

2091 2551 2335 2620 perfecto
2383 2551 2640 2606 similiter
2683 2553 2828 2622 quod
2864 2552 3182 2608 contineat?
3234 2553 3400 2622 Atqui
3432 2567 3534 2622 ego
3589 2552 3678 2607 aio

2088 2645 2279 2699 ambos
2345 2643 2581 2700 invicem
2637 2660 2759 2700 esse
2809 2645 3138 2714 recipientes
3203 2653 3260 2700 et
3303 2645 3678 2699 continentes.

2094 2755 2112 2786 ι
2144 2735 2253 2806 Ego
2282 2755 2300 2787 ι
2323 2736 2491 2801 enim,
2513 2736 2710 2806 inquit,
2739 2755 2757 2788 ι
2790 2737 2843 2790 in
2872 2737 3052 2798 Patre,
3082 2749 3138 2792 et
3160 2735 3320 2791 Pater
3347 2737 3402 2789 in
3431 2752 3516 2790 me
3533 2745 3674 2790 est»

395 2833 444 2885 ei
472 2831 528 2885 δὲ
575 2830 838 2900 ἀλλήλους
882 2829 1216 2901 χωροῦντες.
1245 2823 1356 2882 ἶσοι
1390 2829 1456 2882 ἂν
1487 2824 1596 2882 εἷεν
1640 2827 1888 2898 ἀλλήλοις
1924 2826 1985 2881 τδ

2084 2825 2204 2880 Jam
2240 2826 2333 2896 qui
2388 2826 2624 2880 invicem
2676 2827 2981 2893 continent,
3047 2826 3164 2897 pari
3207 2833 3371 2881 erunt
3427 2827 3569 2881 inter
3615 2841 3676 2881 se

401 2920 647 2991 μέγεθος.
687 2920 815 2983 Πῶς
855 2917 948 2973 οὑν
972 2921 1028 2974 έν
1062 2919 1312 2991 ἀλλήλοις
1357 2918 1583 2988 γένοιντ’
1619 2917 1719 2982 ἂν,
1769 2917 1985 2982 πάντως

2088 2917 2484 2987 magnitudine.
2525 2915 2773 2984 Quanam
2805 2934 2936 2988 ergo
2971 2919 3190 2973 ratione
3234 2918 3375 2972 alter
3410 2918 3464 2972 in
3499 2919 3676 2974 altero

396 3013 626 3068 ἀκοῦσαι
673 3012 1020 3084 προῄρησαι·
1054 3012 1136 3066 δεῖ
1177 3013 1284 3084 γὰρ
1319 3012 1382 3065 τὸ
1414 3011 1602 3082 ἕτερον
1635 3010 1985 3082 περιέχεσθαι

2087 3007 2279 3071 insint,
2311 3024 2648 3078 cognoscere
2677 3011 2903 3064 omnino
2934 3008 3117 3064 stude.
3162 3009 3308 3064 Sane
3348 3016 3566 3080 oportet
3594 3007 3676 3079 [in

398 3107 503 3161 ὑπὸ
534 3106 630 3161 τοῦ
667 3106 875 3176 ἐτέρου.
911 3107 986 3158 T6
1015 3104 1145 3174 γοῦν
1177 3105 1564 3176 περιεχόμενον
1599 3105 1656 3157 ἐν
1687 3103 1767 3173 τῷ
1827 3121 1985 3172 περι-

2091 3101 2384 3173 ltttmanis]
2420 3102 2654 3157 alterum
2697 3103 2767 3158 ab
2800 3104 2972 3157 altero
3014 3102 3286 3156 contineri
3318 3122 3328 3156 :
3364 3117 3495 3172 ergo
3535 3117 3675 3154 cou-

398 3198 577 3267 έχοντι
599 3213 611 3227 ·
643 3197 706 3250 τὸ
747 3196 802 3249 δὲ
837 3195 1085 3266 περιέχον
1117 3195 1217 3248 οὑκ
1241 3194 1307 3248 ἂν
1351 3194 1654 3266 περιέχοιτο
1687 3195 1848 3248 πάλιν
1885 3193 1985 3247 ὑπὸ

2094 3201 2303 3248 tentum
2330 3193 2384 3248 in
2413 3194 2728 3251 continente
2767 3193 2893 3257 erit,
2937 3195 3229 3248 continens
3265 3204 3444 3249 autem
3477 3209 3507 3247 a
3547 3209 3680 3249 con-

396 3290 490 3345 τοῦ
526 3290 932 3362 περιεχομένου.
965 3289 1056 3360 Μὴ
1086 3287 1200 3342 οἴου
1225 3288 1315 3341 τὸν
1344 3287 1476 3341 Θεὸν
1505 3287 1729 3357 κένωμά
1753 3305 1812 3340 τε
1844 3287 1988 3358 ἔχειν

398 3385 456 3437 ὲν
499 3382 676 3453 ἑαυτῷ
697 3374 742 3449 ᾦ
771 3381 1121 3434 ὑποδέδεκται
1150 3379 1241 3433 τὸν
1269 3379 1677 3452 περιεχόμενον.
1729 3380 1851 3433 Ἐπι
1882 3379 1990 3451 γὰρ

397 3473 700 3545 ἀνθρώπων
726 3473 884 3526 τοῦτο
913 3470 1197 3544 νομιστέον
1216 3488 1230 3502 ·
1267 3470 1391 3525 οὑτε
1430 3473 1540 3544 γὰρ
1569 3472 1772 3544 ἐτέρων
1805 3489 1988 3542 χωρη-

397 3568 540 3620 τικοὶ
564 3567 940 3638 τυγχάνομεν,
976 3567 1085 3620 οὐδ’
1130 3562 1196 3622 αὖ
1239 3565 1525 3638 χωροῦμεν
1557 3567 1636 3631 εἰς
1678 3566 1881 3638 ἕτερον.
1929 3566 1992 3620 El

397 3661 455 3714 δὲ
483 3659 578 3714 καὶ
607 3659 810 3730 χωροίη
821 3676 940 3730 μεν,
971 3659 1250 3730 κενώματι
1285 3657 1610 3730 περιέξομέν
1639 3676 1698 3712 τε
1725 3661 1817 3713 καὶ
1841 3675 1991 3730 περι-

399 3749 812 3821 ληφθησόμεθα.
852 3750 974 3803 Ἐπὶ
994 3749 1128 3803 Θεοῦ
1148 3749 1204 3803 δὲ
1223 3749 1426 3803 τοιόνδε
1450 3768 1501 3803 τι
1520 3751 1756 3820 νοητέον·
1780 3750 1991 3820 Ὠσπερ

400 3840 690 3914 ἀνθρώπου
722 3840 868 3913 ψυχῇ
901 3840 994 3894 δύο
1032 3840 1337 3911 ἐπιστῆμαι
1381 3840 1415 3912 ἢ
1451 3841 1669 3904 πλείους
1707 3840 1991 3894 συνελθοῦ-

404 3953 494 3989 σαι
526 3932 660 4004 ὁμοῦ
691 3932 968 4002 τυγχάνοι,
999 3931 1218 4004 ἰατρικὴ
1245 3931 1339 3985 καὶ
1371 3931 1719 4002 φιλοσοφικὴ.
1751 3932 1843 3985 καὶ
1871 3932 1990 3986 ὅσαι

401 4027 579 4090 ἄλλαι,
604 4025 694 4078 ὑπ’
724 4023 968 4096 ἀλλήλων
992 4024 1054 4076 οὑ
1083 4022 1541 4093 στενοχωροῦνται
1573 4026 1630 4076 ὲν
1656 4022 1732 4093 ut?)
1764 4023 1861 4076 καὶ
1887 4022 1992 4092 ψυ-

403 4119 502 4189 χῆς
543 4116 726 4188 χώρῳ,
772 4118 828 4169 al
863 4115 1053 4169 πολλαὶ
1088 4115 1180 4169 τὸν
1225 4114 1460 4186 ἀριθμὸν
1509 4114 1992 4186 εὑρυχωρούμεναι

403 4209 498 4263 καὶ
541 4206 800 4279 ἀλλήλαις
852 4206 1101 4261 ἐνδιδοῖαι
1146 4206 1208 4259 τὸ
1238 4205 1366 4268 πᾶν,
1413 4204 1654 4273 καίτοιγε
1691 4205 1992 4276 πληροῦσαι

401 4300 502 4370 τὴν
531 4297 708 4370 ψυχὴν
741 4296 836 4350 καὶ
867 4296 941 4367 μὴ
972 4294 1289 4362 ὑπεξιοῦσαι
1319 4289 1480 4366 ἑτέρα
1522 4295 1623 4365 τῆς
1664 4295 1880 4368 ἑτέρας,
1915 4296 1992 4360 ὡς

407 4390 533 4460 μίαν
558 4387 670 4458 (l6)
689 4386 876 4448 οὐσίας
895 4386 1193 4456 φαντασίαν
1217 4385 1478 4457 παρέχειν
1493 4389 1606 4449 τοῖς
1624 4387 1993 4440 σκεπτικωτά-

404 4498 515 4545 τοις
550 4479 657 4534 τῶν
688 4478 915 4551 ἀνδρῶν,
953 4478 1076 4532 ἐπεὶ
1105 4477 1225 4531 καθ’
1256 4477 1374 4542 ἑνὸς
1402 4479 1495 4532 καὶ
1521 4478 1720 4532 ταὺτοῦ
1750 4479 1991 4551 ἵδρυνται

405 4573 522 4638 νοῦ,
545 4573 915 4642 διενηνόχασιν
933 4570 1199 4640 ἀλλήλων,
1225 4570 1413 4624 καθότι
1434 4570 1592 4624 ἄλλον
1620 4571 1718 4642 μὲν
1751 4574 1988 4645 ἰατρικὴ,

404 4667 589 4737 ’ἕτερον
625 4665 683 4718 δὲ
730 4662 1052 4734 φιλοσοφική
1080 4677 1094 4692 ·
1129 4660 1272 4715 οὕτω
1303 4661 1368 4733 δὴ
1399 4662 1491 4715 καὶ
1539 4665 1567 4716 ὁ
1599 4664 1790 4734 Πατὴρ
1817 4665 1910 4718 καὶ
1961 4666 1991 4718 ὁ

405 4756 532 4820 Υἱὸς
570 4756 712 4809 κατά
740 4755 834 4808 τοῦ
863 4751 1030 4807 αὑτοῦ
1064 4753 1442 4823 κεχωρηκότες
1470 4753 1667 4817 τόπου,
1699 4754 1792 4807 καὶ
1826 4755 1990 4828 ἀλλή-

403 4849 510 4901 λων
553 4847 790 4900 δεκτικοὶ
840 4844 1142 4914 γεγονότες,
1204 4844 1296 4897 καὶ
1339 4843 1398 4897 ἓν
1441 4844 1613 4910 ὄντες,
1662 4846 1735 4910 ὡς
1790 4847 1986 4919 μικροῦ

405 4938 637 5010 πρόσθεν
677 4938 921 5008 ἔφημεν,
972 4936 1108 5008 μόνῃ
1155 4936 1452 4990 ὑποστάσει
1503 4937 1598 4990 καὶ
1647 4939 1988 5013 προσηγορίᾳ

406 5030 633 5101 θάτερος
669 5027 898 5100 θατέρου
941 5026 1266 5098 διενήνοχεν,
1299 5028 1357 5080 ὲν
1405 5027 1657 5099 ἀλλήλοις
1697 5030 1756 5084 δὲ
1783 5034 1987 5101 τυγχά-

404 5139 583 5176 νουσιν
614 5119 786 5184 ὄντες.
821 5119 931 5172 Καὶ
959 5117 1147 5190 ὥσπερ
1180 5119 1351 5189 μύρου
1389 5120 1556 5192 ὀδωδὴ
1584 5122 1706 5193 ἀέρι
1744 5123 1989 5194 ἐνδιαχυ·

407 5213 560 5266 θεῖσα
602 5212 742 5266 κατά
780 5210 874 5264 τοῦ
920 5209 1085 5264 αὑτοῦ
1131 5210 1333 5282 χωρίου
1378 5212 1426 5264 τ’
1470 5213 1754 5284 ἀμφότερα
1787 5215 1990 5286 τυγχά-

407 5319 584 5366 νοντα,
625 5301 701 5372 τῷ
730 5302 907 5354 δοκεῖν
953 5299 1052 5369 μὲν
1096 5299 1540 5370 συνδιακέχυται,
1579 5305 1700 5358 κατ’
1729 5305 1988 5375 ἀλήθειαν

408 5395 453 5446 δ’
476 5394 724 5463 εὑρήσεις
755 5393 939 5463 ’έτερον
968 5392 1067 5461 μὲν
1097 5391 1187 5444 τὸν
1213 5391 1370 5463 ἀέρα,
1399 5393 1527 5447 ἄλλο
1546 5394 1602 5447 δὲ
1627 5396 1726 5466 τὴν
1757 5397 1978 5467 ὀδωδήν.

333 5519 336 5522 ι
413 5485 552 5553 Ἤδη
581 5482 638 5536 δὲ
665 5485 756 5538 καὶ
786 5483 901 5553 φῶς
928 5482 989 5537 τὸ
1013 5482 1071 5550 ἐξ
1097 5482 1269 5553 ἡλίου,
1297 5482 1391 5536 καὶ
1416 5485 1575 5538 πνοαὶ
1602 5485 1712 5540 τῶν
1741 5485 1977 5558 ἀνέμων,

481 5657 524 5690 ι’
563 5656 728 5711 Marc.
763 5673 828 5722 χ,
863 5657 952 5726 l7,
992 5659 1073 5714 l8.
1154 5660 1198 5692 "
1234 5657 1394 5715 Joan.
1429 5677 1494 5725 κ,
1533 5660 1623 5717 30.
1698 5662 1740 5695 "
1780 5661 1940 5728 ibid,
1971 5663 2059 5719 58.

395 5798 400 5803 ’
487 5839 600 5909 (te)
633 5841 706 5896 Ita
729 5841 848 5898 cod.

2091 3293 2244 3340 tento
2278 3284 2522 3340 vicissim
2551 3301 2656 3340 non
2682 3285 3078 3341 continebitur.
3107 3285 3280 3339 Porro
3312 3298 3446 3340 cave
3473 3287 3526 3340 in
3565 3284 3680 3342 Deo

2090 3379 2374 3434 existimes
2409 3376 2706 3446 quamdam
2748 3392 2870 3432 esse
2917 3377 3269 3441 vacuitatem,
3318 3377 3410 3431 ubi
3457 3387 3681 3432 conten-

2093 3476 2205 3522 tum
2244 3468 2558 3538 recipiatur.
2591 3464 2727 3519 Nam
2766 3467 2835 3521 de
2866 3465 3088 3522 homine
3132 3466 3236 3522 hoc
3278 3467 3460 3537 potius
3488 3466 3682 3521 existi-

2091 3557 2352 3612 mandum
2386 3565 2500 3622 est;
2535 3572 2716 3627 neque
2749 3557 2894 3610 enim
2929 3556 3160 3611 alterius
3198 3571 3430 3626 capaces
3461 3571 3678 3616 sumus.

2090 3665 2271 3719 neque
2319 3649 2372 3703 in
2409 3649 2639 3704 alterum
2685 3647 3005 3704 continendi
3055 3648 3375 3702 transimus.
3430 3646 3585 3714 Quod
3631 3647 3679 3701 si

2091 3740 2471 3805 transiremus,
2501 3755 2676 3795 vacuo
2707 3739 2921 3794 sciliCct
2956 3738 3401 3802 contineremus,
3438 3739 3679 3809 itemque

2090 3831 2710 3900 comprehendet-emitr.
2762 3831 2964 3886 Verum
3008 3832 3291 3887 enimvero
3340 3830 3408 3887 de
3447 3832 3557 3886 Deo
3589 3833 3677 3887 di-

2092 3938 2248 3978 versa
2289 3923 2499 3977 ratione
2537 3922 2894 3991 cogitandum
2919 3929 3024 3978 est.
3063 3921 3390 3978 Sicuteuim
3417 3923 3470 3977 in
3504 3924 3683 3977 homi-

2091 4013 2179 4067 nis
2209 4014 2389 4066 anima
2417 4015 2538 4067 dua:
2577 4014 2660 4068 vel
2689 4013 2876 4082 plures
2920 4015 3189 4078 scientiaa,
3240 4017 3287 4069 si
3337 4015 3502 4068 simul
3543 4017 3678 4080 sint,

2092 4105 2303 4160 medica
2335 4112 2429 4159 aut
2464 4105 2865 4175 pltilOSOphica.
2907 4114 2963 4161 et
3007 4107 3216 4176 quaevis
3253 4107 3398 4172 aliae,
3443 4108 3677 4162 invicem

2093 4210 2201 4250 non
2241 4201 2605 4265 augustantur
2641 4195 2696 4248 iu
2739 4202 2925 4250 mente
2963 4195 3270 4267 animaeque
3311 4195 3461 4254 sede.
3496 4181 3704 4250 multae

2093 4288 2224 4344 licet
2277 4302 2531 4348 numero.
2596 4285 2885 4343 commode
2943 4287 3319 4344 inhabitantes"
3371 4298 3426 4343 et
3485 4296 3680 4342 mutuo

2092 4382 2279 4436 omnia
2311 4383 2815 4446 communicantes,
2862 4398 3181 4454 quanquam
3228 4384 3466 4438 animam
3516 4399 3676 4438 com-

2023 4524 2067 4578 υ
2096 4474 2300 4545 pleant,
2332 4491 2511 4544 neque
2543 4477 2717 4531 altera
2748 4492 2815 4531 ex
2857 4477 3028 4532 altera
3073 4477 3315 4540 recedat,
3351 4477 3428 4532 ita
3461 4483 3522 4530 ut
3552 4476 3675 4529 uni-

2095 4582 2214 4621 cam
2245 4567 2573 4622 substantia:
2616 4569 2964 4638 phantasiam
3010 4578 3168 4623 acute
3201 4569 3368 4623 etiam
3417 4567 3675 4622 conside-

2093 4665 2344 4719 rantibus
2400 4665 2536 4719 viris
2589 4663 2886 4734 pmbeant,
2917 4665 3177 4734 quoniam
3219 4663 3274 4716 in
3302 4677 3409 4716 una
3454 4661 3678 4716 eadem-

2091 4772 2198 4826 que
2248 4766 2426 4811 meule
2483 4756 2826 4823 consistunt;
2881 4756 3112 4810 invicem
3164 4763 3345 4809 autem
3390 4753 3672 4818 dill'erttnt,

2089 4858 2364 4918 quatenus
2398 4849 2566 4904 altera
2605 4848 2823 4919 quidem
2855 4857 2939 4903 est
2977 4849 3205 4904 scientia
3238 4848 3471 4912 medica,
3502 4848 3673 4900 altera

2089 4941 2470 5012 philosophica
2495 4960 2508 4996 :
2538 4942 2620 4997 sic
2648 4958 2781 4997 sane
2808 4943 2972 4997 etiam
3005 4940 3166 4994 Pater
3193 4950 3247 4996 et
3283 4939 3452 4996 Filius
3481 4940 3671 4995 eadem

2085 5035 2460 5090 consistentes
2487 5035 2635 5097 sede,
2665 5041 2718 5090 et
2747 5035 3071 5088 alterutrum
3107 5035 3474 5096 continentes,
3509 5042 3674 5102 atque

2088 5141 2256 5179 unum
2287 5124 2602 5190 efﬁcientes,
2645 5133 2701 5179 ut
2742 5126 2904 5196 paulo
2931 5136 3058 5180 ante
3089 5113 3350 5202 diximus,
3387 5125 3506 5179 sola
3527 5125 3675 5195 ipso-

2086 5233 2207 5272 rum
2243 5233 2475 5286 persona
2507 5225 2671 5288 atque
2699 5218 3065 5288 appellatione
3095 5218 3233 5272 alter
3259 5218 3327 5271 ab
3356 5220 3529 5272 altero
3566 5216 3675 5270 dis-

2086 5309 2434 5380 tinguuntur.
2470 5319 2661 5366 mutuo
2689 5320 2869 5366 tamen
2895 5311 3033 5369 alter
3061 5311 3114 5366 in
3145 5311 3319 5365 altero
3340 5319 3490 5364 sunt.
3518 5308 3675 5364 Sicut

2090 5417 2215 5457 cum
2245 5405 2511 5471 unguenti
2534 5404 2671 5460 odor
2702 5421 2800 5475 per
2827 5421 3010 5460 aerem
3040 5403 3386 5471 diﬂ'unditur,
3411 5405 3671 5474 quoniam

2087 5490 2278 5551 eodem
2311 5493 2367 5548 in
2401 5494 2522 5550 loco
2557 5501 2672 5552 tum
2701 5496 2834 5552 odor
2860 5502 2976 5552 tum
2995 5510 3090 5550 aer
3115 5495 3452 5564 consistunt,
3487 5494 3673 5565 specie
