4120 6394
480 438 615 493 ῐὲἶῖί)

1718 429 1772 482 δ.
1805 424 2130 481 CREGORII
2175 418 2466 477 ‘NYSSENl

3603 413 3745 468 ιεοο

473 553 695 623 quidem
739 560 868 604 sunt
894 548 1134 609 confusi,
1186 564 1244 602 re
1274 555 1455 601 tamen
1501 562 1627 601 vera
1664 547 1897 598 alterum
1942 560 2064 599 esse

2168 539 2411 610 ἀλλήλων
2444 536 2837 605 διαπεφυκότα,
2872 531 2965 587 καῖ
2996 531 3073 602 τῷ
3101 532 3278 585 δοκεῖν
3321 530 3741 601 ἀναμεμιγμένα

474 646 779 713 cmnperies
829 657 1029 702 aerem,
1069 641 1300 694 alterum
1341 638 1588 695 odorem.
1624 636 1854 706 Insuper
1888 645 1941 690 et
1965 635 2056 689 lux

474 737 543 790 de
577 736 712 796 sole,
741 743 795 787 et
827 741 1111 787 ventorum
1153 731 1336 794 ﬂatus,
1373 730 1569 798 ingesti
1607 729 1859 791 invicem,
1901 735 1955 782 et
2001 729 2057 781 in

475 825 712 895 speciem
743 823 913 881 misti,
949 823 1179 875 multam
1216 830 1398 875 tamen
1436 820 1636 874 habent
1661 818 2056 884 diversitatem;

476 930 599 967 nam
637 912 727 966 iux
759 922 815 965 et
845 913 993 964 venti
1023 926 1134 964 non
1165 925 1358 979 parum
1392 910 1536 963 inter
1567 922 1629 963 se
1652 905 1934 960 diﬂ’erunt.
1962 904 2059 960 His

473 1020 731 1073 compara
765 1005 1023 1058 deitatem
1045 1021 1065 1069 ;
1085 1010 1139 1057 et
1168 1002 1331 1058 simul
1367 1000 1544 1069 majus
1568 1000 1721 1069 quid,
1746 1014 1908 1069 quam
1938 1014 2058 1053 ser-

477 1112 639 1151 mone
686 1095 956 1151 declarari
1004 1102 1200 1164 potest,
1242 1093 1514 1164 cogitans,
1574 1091 1822 1146 invenies
1868 1090 2059 1144 ambos

476 1205 645 1242 uinum
695 1188 1005 1243 substantia
1040 1186 1454 1255 voluntatisque
1492 1183 1822 1247 concordia;
1871 1192 1924 1237 et
1952 1182 2058 1237 hoc

414 1276 436 1287 ”
477 1294 668 1349 ιιιιιιιιι.
720 1279 774 1333 in
806 1278 1021 1332 Patrem
1053 1292 1116 1330 ac
1153 1274 1377 1335 Filium,
1425 1275 1588 1336 sicuti
1634 1274 1749 1343 jam
1793 1273 2055 1337 diximus,

476 1387 707 1441 persona
737 1382 791 1425 et
822 1370 1183 1440 appellatione
1212 1370 1557 1423 distinctum.

546 1504 633 1556 15.
668 1502 906 1555 Omnino
930 1511 983 1555 et
1007 1501 1168 1554 aliam
1208 1500 1589 1555 diflicultatem
1624 1500 1757 1554 mihi
1785 1500 2051 1569 objicies:

476 1595 533 1649 Si
566 1595 754 1649 omnia
789 1597 959 1665 replet
989 1594 1172 1655 Pater,
1198 1594 1440 1663 itemque
1472 1594 1666 1659 Filius,
1700 1595 1924 1663 quinam
1958 1594 2058 1648 ad-

472 1687 732 1743 versariae
779 1687 1032 1757 potestati
1084 1686 1419 1755 relinquitur
1468 1687 1663 1741 locus?
1693 1685 1828 1740 Nam
1869 1701 2052 1741 secum

474 1780 677 1835 habere
723 1780 1119 1842 adversarium,
1164 1778 1308 1832 haud
1352 1777 1517 1861 Deqm
1551 1777 1732 1833 decet.
1781 1777 1839 1832 Si
1872 1787 2051 1832 autem

472 1871 565 1923 ubi
603 1870 824 1924 malitiae
863 1869 1123 1939 princeps
1170 1869 1449 1933 consistit,
1502 1869 1703 1924 ibidem
1753 1868 1895 1925 forte
1942 1886 2049 1923 non

2150 1184 2289 1235 διαπ
2330 1223 2341 1235 .

2161 632 2363 701 πολλὴν
2390 629 2573 700 έχουσι
2596 629 2694 698 τὴν
2721 626 2983 697 διαφοράν
3004 643 3018 656 θ
3046 625 3160 694 φῶς
3183 624 3290 694 γάρ
3317 624 3412 675 καλ⁵
3434 622 3624 693 ἄνεμοι
3643 621 3742 691 οὐχ

2158 724 2361 794 ἥκιστα
2388 722 2737 790 διεστήκασιν
2766 719 3028 787 ἀλλήλων.
3062 716 3283 779 Τούτοις
3315 714 3615 768 ἀπείκαεω
3644 712 3743 782 τὴν

2160 815 2411 883 θεότητα,
2446 812 2537 867 καὶ
2573 811 2754 881 μεῖζόν
2778 829 2831 863 τι
2857 812 2953 879 τῆς
2973 810 3061 863 διὰ
3089 810 3247 876 λόγου
3282 802 3608 869 ἀποδείξεως
3635 803 3748 857 δια-

2157 907 2391 977 νοηθεὶς,
2420 905 2601 976 εὕροις
2632 904 2697 957 ἂν
2723 904 2849 966 τοὺς
2876 902 3169 973 ἑκατέρους
3198 901 3255 953 ἓν
3285 900 3403 953 κατ’
3432 897 3619 950 οὑσίαν
3648 898 3742 949 καὶ

2154 996 2572 1069 ὁμοφροσύνην,
2622 997 2715 1048 καὶ
2764 994 2858 1047 τὸν
2911 994 3007 1047 ἕνα
3056 994 3135 1055 εἰς
3181 991 3399 1061 Πατέρα
3445 989 3542 1043 καὶ
3590 986 3743 1051 Υίδν,

2158 1090 2408 1162 καθάπερ
2476 1090 2827 1159 προέςρημεν,
2900 1086 3191 1139 ὑποστάσει
3247 1086 3343 1137 καὶ
3402 1081 3745 1153 προσηγορίᾳ

2388 1221 2401 1234 .
2446 1223 2458 1234 .
2493 1180 2605 1250 (17)
2641 1180 2818 1250 μένον.

2231 1518 2319 1579 ιγ’.
2369 1509 2593 1574 Πάντως
2638 1510 2745 1581 ἄρα
2798 1511 3040 1580 κινήσεις
3084 1527 3173 1580 μοι
3216 1508 3528 1562 καὶτοῦτο·
3578 1510 3641 1562 Ei
3671 1510 3741 1563 τὰ

2158 1603 2337 1657 πάντα
2383 1601 2742 1671 πεπλήρωκεν
2790 1601 2819 1652 6
2856 1600 3077 1670 Πατὴρ,
3118 1596 3272 1663 αὖθις
3304 1599 3361 1652 δὲ
3395 1599 3491 1653 καὶ
3520 1599 3550 1651 6
3592 1596 3738 1660 Υἱὸς,

2157 1696 2308 1756 ποῖος
2353 1692 2702 1746 ὑπολείπεται
2752 1691 2919 1754 τόπος
2960 1693 3027 1761 τῇ
3082 1691 3431 1762 ἀντικειμένῃ
3479 1691 3739 1760 δυνάμεις

2156 1785 2291 1839 Μεθ’
2326 1782 2520 1838 ἑαυτοῦ
2547 1783 2656 1853 γὰρ
2689 1782 2833 1853 ἔχειν
2874 1783 2965 1836 τὸν
3005 1783 3263 1847 ἐναντίον,
3294 1783 3394 1836 οὑκ
3421 1782 3489 1836 ἂν
3517 1782 3745 1854 ἁρμόζοι

2156 1875 2297 1947 Θεῷ.
2322 1874 2387 1929 Ei
2411 1876 2457 1929 δ’
2483 1876 2590 1944 ὅπη
2619 1874 2879 1945 τυγχάνοι
2909 1874 3005 1927 καὶ
3032 1876 3061 1928 6
3084 1874 3188 1945 τῆς
3211 1873 3409 1937 κακίας
3433 1874 3635 1945 ἄρχων,
3668 1872 3745 1944 μὴ

472 1971 558 2017 est
597 1963 763 2026 Dens,
806 1962 1058 2033 sequitur
1098 1972 1158 2016 ut
1195 1962 1651 2033 circumscriptus
1688 1972 1743 2017 et
1779 1963 2052 2033 partibilis

2164 1942 2409 2029 1111356;
2439 1964 2522 2035 εἴη
2557 1942 2825 2028 ἐνταυθοῖ,
2858 1942 3234 2034 περίγραπτος
3258 1965 3366 2033 ἄρα
3398 1942 3748 2035 καίιμερικὸς

473 2055 623 2111 Deus
642 2056 733 2110 sit.
753 2055 919 2125 Atqui
938 2071 1039 2125 ego
1069 2056 1164 2110 aio
1185 2063 1239 2109 et
1256 2054 1589 2124 ubiqueesse
1616 2054 1802 2119 Deum,
1820 2055 2059 2118 nullum-

473 2163 581 2216 que
628 2147 808 2199 locum
854 2147 963 2199 Deo
1017 2160 1226 2202 carere.
1260 2144 1474 2199 etiamsi
1532 2143 1786 2214 princeps
1840 2145 2059 2198 maliti:e

472 2239 673 2293 alicubi
696 2240 787 2293 sit.
823 2237 954 2291 Nam
982 2253 1158 2305 neque
1187 2237 1322 2291 solis
1354 2236 1491 2290 radii
1522 2236 1576 2290 in
1600 2237 1775 2289 lutum
1803 2236 2059 2291 tabumve

471 2329 781 2384 incidentes
815 2328 1199 2390 sordidantur,
1242 2326 1337 2381 sed
1380 2341 1445 2379 ea
1481 2335 1719 2396 purgant
1754 2326 1938 2395 potius
1968 2339 2059 2380 ca-

471 2422 591 2477 lore
618 2421 891 2475 siccantes
921 2438 933 2473 :
965 2420 1045 2474 sic
1079 2418 1245 2472 etiam
1274 2435 1293 2469 ι
1328 2416 1475 2472 Deus
1502 2425 1713 2479 noster,
1748 2418 1891 2488 ignis
1921 2432 2057 2472 con-

472 2528 701 2570 sumens
739 2532 757 2563 ι
790 2511 993 2565 dicitur
1038 2511 1116 2575 ⁸ος
1143 2518 1219 2574 et,
1263 2528 1281 2560 ι
1327 2509 1474 2579 Ignis
1509 2522 1636 2563 ante
1667 2525 1792 2563 eum
1830 2511 2059 2565 exarde-

473 2614 591 2663 scet
617 2607 685 2665 ",
718 2625 735 2656 ι
766 2611 823 2657 ut
847 2603 1062 2658 dilectis
1093 2602 1311 2672 quidem
1344 2603 1569 2657 lucerna
1602 2602 1802 2670 luxque
1832 2605 1922 2666 sit,
1952 2604 2059 2658 ini-

473 2700 632 2753 micis
682 2705 862 2750 autem
916 2694 1134 2750 llannna
1180 2694 1455 2749 devorans
1510 2714 1521 2748 :
1573 2713 1591 2744 ι
1634 2692 1999 2751 l'nliammabit
2033 2715 2051 2749 ι

474 2791 643 2851 cnim,
705 2789 883 2858 inquit
958 2787 1266 2855 Scriptura,
1332 2805 1350 2838 ι
1408 2789 1464 2841 in
1514 2788 1754 2842 circuitu
1806 2789 2058 2845 inimicos

474 2882 597 2947 ejus
626 2880 695 2931 ⁵³.
748 2898 765 2931 ›
799 2879 1166 2945 Quamobrem
1219 2885 1274 2931 et
1324 2877 1541 2931 malitia:
1576 2878 1830 2947 princeps
1887 2879 2060 2933 vitare

473 2976 668 3029 volens
700 2974 854 3044 ignea
882 2970 973 3026 Dei
1014 2970 1144 3034 tela,
1180 2970 1362 3024 omnia
1392 2971 1508 3024 loca
1537 2970 1789 3024 circumit
1814 2970 1899 3025 '3:
1936 2970 2059 3025 ubi-

472 3082 581 3137 que
635 3074 815 3120 tamen
854 3063 1021 3120 Deum
1083 3062 1450 3134 comperiens,
1492 3063 1754 3117 discurrit
1798 3078 1896 3133 per
1940 3067 2058 3117 nni-

474 3171 667 3211 versos
697 3156 985 3210 homines:
1009 3170 1149 3226 quos
1179 3154 1320 3209 inter
1351 3154 1396 3209 si
1428 3170 1568 3224 quos
1606 3153 1813 3223 Spiritu
1844 3155 2060 3210 ferven-

479 3258 563 3304 tes
600 3257 791 3303 nactus
844 3247 1030 3311 fuerit,
1090 3247 1289 3299 horum
1337 3260 1556 3315 quoque
1610 3245 1747 3315 fugit
1796 3247 2054 3301 calorem.

2161 2055 2609 2125 ἀποδειχθήσεται
2656 2058 2685 2109 6
2721 2055 2871 2118 Θεός.
2935 2055 3095 2108 Ἀλλά
3150 2070 3292 2123 φημι
3327 2052 3503 2121 ἔγωγε
3542 2070 3744 2105 παντα-

2160 2147 2256 2218 χοῦ
2287 2143 2450 2206 εἶναι,
2484 2146 2578 2200 καὶ
2606 2146 2680 2217 μὴ
2712 2141 2851 2200 εἶναι
2890 2148 3024 2201 ὅπου
3055 2147 3159 2199 οὑκ
3184 2145 3297 2199 ἔστι
3329 2145 3481 2209 Θεὸς,
3517 2146 3565 2197 εί
3595 2145 3685 2197 καὶ
3714 2148 3747 2199 6

2159 2241 2260 2307 τῆς
2292 2240 2492 2302 κακίας
2535 2239 2720 2310 ἄρχων
2762 2239 3020 2309 τυγχάνοι
3073 2256 3179 2292 που
3220 2238 3316 2293 ὧν.
3362 2237 3497 2291 Οὐδὲ
3541 2236 3648 2308 γὰρ
3686 2240 3745 2291 αἱ

2159 2332 2253 2386 τοῦ
2291 2332 2441 2403 ἡλίου
2474 2333 2690 2394 ἀκτῖνες
2726 2331 2868 2385 κατὰ
2908 2331 3185 2402 βορϐόρων
3219 2331 3313 2385 καὶ
3340 2330 3556 2401 λύθρων
3586 2331 3746 2401 φερό-

2163 2442 2321 2494 μεναι
2360 2423 2695 2495 μολύνονται,
2730 2422 2868 2476 ἀλλά
2910 2422 3110 2493 μᾶλλον
3156 2422 3510 2491 ἀφανιστικαὶ
3546 2422 3748 2491 τυγχά-

2161 2534 2308 2569 νουσι
2349 2514 2846 2585 καταξηραίνουσαι
2898 2513 2975 2584 τῷ
3012 2513 3286 2583 καύματι’
3322 2511 3464 2566 οὕτω
3513 2512 3605 2566 καὶ
3653 2533 3671 2563 ι
3717 2515 3749 2565 ό

2158 2608 2290 2670 Θεὸς
2312 2605 2471 2677 ἡμῶν
2493 2606 2606 2677 πῦρ
2628 2605 3019 2660 καταναλίσκον
3051 2626 3069 2657 ι
3096 2604 3561 2678 προσαγορεύεται
3585 2621 3599 2635 ·
3627 2605 3742 2657 καὶ.

2166 2718 2187 2750 ι
2225 2698 2343 2769 Πῦρ
2388 2697 2629 2753 ἐναντίον
2671 2696 2837 2752 αὑτοῦ
2883 2697 3252 2765 καυθήσεται’
3301 2715 3318 2747 ι
3360 2696 3448 2749 ἵνα
3487 2698 3599 2758 τοῖς
3645 2696 3748 2766 μὲν

2160 2791 2482 2863 προσφιλέσι
2511 2789 2700 2861 λύχνος
2751 2790 2848 2843 καὶ
2885 2790 2999 2858 φῶς
3037 2785 3107 2860 ᾗ,
3138 2790 3251 2851 τοῖς
3286 2788 3342 2841 δὲ
3381 2787 3593 2859 ἐχθροῖς
3636 2787 3750 2856 πῦρ

2160 2883 2589 2937 καταναλίσκον·
2635 2903 2653 2934 ι
2692 2883 2909 2951 Φλογιεῖ
2948 2901 2965 2933 ι
3001 2880 3128 2953 γάρ,
3166 2883 3320 2951 φησὶ,
3351 2899 3371 2933 ι
3406 2881 3592 2951 κύκλῳ
3619 2881 3748 2942 τοὺς

2161 2975 2386 3047 ἐχθροὺς
2424 2975 2611 3030 αὑτοῦ.
2670 2994 2688 3026 ›
2734 2974 2824 3028 Διὸ
2869 2974 2932 3044 δὴ
2967 2974 3061 3027 καὶ
3103 2975 3131 3026 6
3167 2974 3267 3042 τῆς
3313 2973 3513 3035 κακίας
3563 2972 3750 3041 ἅρχων

2162 3067 2485 3138 βουλόμενος
2516 3066 2832 3135 διαφεύγειν
2866 3065 2963 3127 τὰς
2996 3065 3308 3136 πυρφόρους
3345 3065 3439 3117 τοῦ
3484 3064 3617 3117 Θεοῦ
3654 3063 3747 3133 βο·-

2160 3157 2277 3220 λάς,
2310 3157 2488 3210 πάντα
2532 3156 2697 3208 τόπον
2724 3154 2934 3209 διαθεῖ·
2972 3153 3244 3223 πανταχοῦ
3285 3154 3327 3207 δ’
3365 3154 3633 3226 εὑρίσκων
3660 3152 3754 3205 τὸν

2162 3246 2316 3308 Θεὸν,
2351 3247 2511 3299 δίεισι
2536 3245 2721 3316 πάσης
2766 3245 3187 3317 ἀνθρωπότητος
3209 3264 3223 3277 ·
3260 3242 3362 3299 εἶθ’
3394 3245 3637 3316 εὑρίσκει
3666 3263 3754 3298 τι-

477 3340 771 3411 Comperto
802 3339 1021 3395 demum
1067 3337 1296 3392 latibulo
1329 3337 1472 3406 apud
1518 3337 1753 3406 aliquem
1801 3336 1895 3391 Dei
1936 3338 2058 3406 Spi-

2164 3338 2257 3401 νὰς
2295 3337 2374 3407 τῷ
2400 3336 2677 3407 ῐῐνεύματι
2723 3336 2973 3401 ζέοντας,
3022 3338 3325 3406 ἀποφεύγει
3361 3338 3455 3391 καὶ
3487 3337 3577 3391 τὸν
3618 3339 3751 3408 παρ’

477 3437 586 3489 ritu
613 3442 915 3498 carentem,
952 3430 1219 3485 mundato
1255 3431 1439 3499 scopis
1470 3436 1635 3499 atque
1661 3438 1879 3492 ornato,
1908 3429 2058 3483 brevi

475 3537 724 3598 tempore
752 3516 863 3580 illic
894 3525 1230 3585 diversatus,
1273 3538 1380 3577 una
1416 3538 1541 3577 cum
1577 3522 1793 3592 hospite
1828 3537 1931 3578 suo
1967 3539 2060 3591 pe-

478 3620 611 3673 ribit
644 3639 659 3675 :
694 3635 849 3688 aeque
898 3618 1043 3672 enim
1092 3615 1268 3671 beatis
1318 3614 1597 3669 videbitur
1637 3615 1803 3670 etiam
1839 3615 2059 3685 hospes,

477 3711 573 3783 qui
604 3710 697 3766 Dei
729 3708 1104 3766 adversarium
1134 3708 1201 3763 ad
1238 3707 1531 3761 amicitiam
1564 3708 1852 3777 receperit.

552 3930 641 3986 M.
690 3930 837 3985 Satis
869 3930 1039 3985 multa
1072 3930 1137 3983 ad
1179 3938 1522 4001 propositum
1574 3928 2062 3983 demonstrandum

478 4023 814 4079 disseruisse
862 4022 1075 4077 videor.
1137 4020 1526 4075 Verumtamen
1584 4036 1652 4075 ne
1708 4022 1809 4074 hoc
1844 4021 2063 4090 quidem

483 4112 756 4167 oblivioso
812 4111 947 4164 mihi
991 4109 1231 4173 excidat,
1266 4108 1351 4163 vel
1398 4108 1466 4162 ad
1501 4108 1608 4160 alia
1658 4106 1974 4176 properanti
2011 4113 2066 4160 et

483 4205 729 4259 violenta
764 4204 922 4273 quasi
973 4202 1213 4272 procella
1266 4200 1512 4270 abrepto,
1556 4215 1749 4269 nempe
1791 4197 2066 4268 quomodo

486 4296 658 4351 Filius
690 4295 875 4358 etiam,
906 4310 1058 4363 atque
1098 4309 1161 4348 ac
1192 4292 1374 4347 caeteri
1405 4291 1680 4351 homines,
1715 4291 1858 4344 diem
1892 4297 2066 4344 extre-

486 4404 629 4443 mam
672 4388 1007 4458 ignoraverit
1034 4386 1101 4450 “,
1137 4400 1452 4455 quanquam
1486 4384 1538 4438 in
1569 4400 1627 4439 se
1656 4383 1868 4438 Patrem
1904 4383 2069 4437 habe-

486 4483 601 4543 bat,
636 4488 687 4533 et
715 4482 831 4547 ipse
859 4478 1053 4532 eratin
1084 4475 1284 4530 Patre?
1318 4473 1516 4530 Verum
1546 4476 1827 4530 enimvero
1855 4474 1909 4528 id
1940 4490 2069 4543 quo-

485 4587 594 4640 que
636 4570 917 4625 modestiae
962 4569 1082 4635 ejus
1131 4582 1419 4622 excessum
1454 4566 1719 4621 ostendit.
1770 4563 2068 4635 Oportebat

2163 3427 2342 3480 αὑτῶν
2366 3427 2641 3481 καύσωνα.
2668 3427 2979 3481 Κατάδυσιν
2998 3428 3044 3480 δ’
3064 3428 3237 3499 εὑρὼν
3262 3427 3317 3481 ἓν
3341 3446 3448 3481 τινι
3477 3427 3553 3499 μὴ
3576 3427 3754 3498 ἔχοντι

2163 3519 2388 3588 Πνεῦμα
2425 3519 2560 3571 Θεοῦ
2603 3520 2990 3590 σεσαρωμένην
3044 3521 3141 3573 καὶ
3188 3522 3631 3592 κεκοσμημένην,
3666 3522 3754 3573 ἐπ’

2164 3609 2345 3677 ὀλίγον
2396 3611 2662 3674 ἀναπαεὶς
2711 3611 2844 3680 (18).
2898 3612 3405 3683 συναναλωθήσεται
3439 3612 3517 3682 τῷ
3560 3611 3754 3666 ὑποδε-

2162 3702 2429 3773 δεγμένῳ·
2461 3703 2662 3773 ὁμοίως
2693 3703 3017 3774 γάριὲχθρὸς
3045 3705 3342 3775 ὀφθήσεται
3374 3706 3467 3759 καὶ
3498 3706 3528 3757 6
3563 3705 3754 3759 ὑποδε-

2164 3793 2446 3863 δεγμένος,
2478 3793 2570 3846 τὸν
2600 3794 2925 3865 ἀνταίροντα
2954 3795 3031 3865 τῷ
3060 3795 3181 3864 Θεῷ
3215 3795 3367 3864 φίλον
3407 3796 3751 3867 ποιούμενος.

2241 3927 2321 3981 ιδ’.
2368 3927 2592 3991 Ίκανῶς
2619 3925 2771 3997 οἶμαι
2804 3929 2939 3999 πρὸς
2964 3928 3238 3993 ἀπόδειξιν
3287 3930 3380 3982 καὶ
3410 3929 3620 3991 τούτοις
3651 3931 3754 3981 ὲπ·

2166 4017 2385 4082 ενξιέναι.
2419 4017 2569 4087 Μηδὲ
2597 4017 2742 4070 τοῦθ’
2771 4018 3141 4087 ὑπολελείιρθω
3171 4036 3260 4089 μοι
3289 4019 3553 4090 λεληθότι,
3579 4020 3611 4088 ἦ
3662 4022 3750 4073 καὶ

2165 4112 2232 4179 τῇ
2268 4109 2406 4180 πρὸς
2433 4108 2500 4162 τὰ
2533 4109 2670 4163 ἄλλα
2710 4112 2852 4181 ὁρμῇ
2892 4111 3338 4182 παραπλεύσαντι
3382 4112 3569 4181 ὥσπερ
3602 4112 3752 4184 βιαίᾳ

2170 4200 2497 4252 συνωσθέντι
2533 4201 2704 4269 πνοῇ,
2749 4199 2868 4263 πῶς
2904 4202 2999 4253 σὺν
3032 4204 3145 4264 τοῖς
3188 4201 3390 4254 ἅπασιν
3424 4202 3531 4254 οὐδ’
3561 4202 3590 4253 6
3625 4201 3755 4264 Υἱὸς

2168 4286 2275 4342 οἶδε
2304 4290 2402 4371 τῂς)
2445 4290 2677 4360 ἡμέραν,
2719 4292 2747 4343 6
2778 4292 2836 4344 ὲν
2873 4292 3049 4361 ἐαυτῷ
3083 4291 3219 4362 ἔχων
3249 4292 3339 4345 τὸν
3372 4292 3611 4363 Πατέρα,
3662 4295 3755 4345 καὶ

2169 4381 2331 4445 αὑτὸς
2365 4381 2440 4434 ὢν
2470 4383 2528 4433 ὲν
2563 4381 2641 4451 τῷ
2669 4382 2842 4452 Πατρί
2877 4382 3017 4451 (l9);
3065 4382 3225 4435 Ἀλλά
3259 4384 3352 4436 καὶ
3389 4383 3547 4436 τοῦτο
3572 4401 3755 4436 ταπει-

2169 4474 2507 4545 νοφροσύνης
2538 4474 2845 4545 ὑπερϐολῆς
2873 4475 2985 4545 (20)
3020 4475 3255 4544 ἔμφασιν
3284 4475 3415 4545 ἔχει.
3463 4477 3606 4528 Ἔδει
3643 4476 3755 4547 γὰρ

2171 4565 2617 4635 ὑπερϐαλλόντως
2642 4566 2733 4619 τὸν
2767 4566 2894 4618 Υἰὸν
2925 4567 3016 4620 τοῦ
3052 4566 3183 4619 Θεοῦ
3217 4567 3505 4619 ταπεινοῦν
3540 4568 3755 4627 ἑαυτὸν,

487 4664 631 4717 enim
687 4662 781 4717 Dei
835 4660 1030 4735 Filium
1088 4669 1259 4715 semet
1315 4658 1685 4729 maximepere
1732 4656 2065 4717 humilitare,

2174 4659 2295 4711 ἐπεὶ
2334 4659 2427 4710 καὶ
2462 4657 2562 4729 τὴν
2602 4657 2777 4727 ἀλλην
2820 4659 3091 4712 πολιτείαν
3135 4658 3255 4712 καθ’
3286 4659 3589 4730 ὑπερϐολὴν
3622 4661 3760 4713 κά)-

489 4754 746 4825 quoniam
784 4754 1050 4821 reliquam
1089 4750 1306 4805 vivendi
1338 4750 1577 4805 humano
1610 4764 1762 4803 more
1801 4751 2068 4803 rationem

490 4845 736 4915 apprime
791 4849 1129 4914 susceperat.
1178 4841 1313 4895 Dum
1366 4856 1497 4911 ergo
1538 4841 1677 4895 dixit
1723 4857 1781 4895 se
1835 4843 2072 4905 nescire,

494 4935 859 4990 humilitatem
894 4949 1050 4988 suam
1077 4933 1428 4988 audientibus
1460 4930 1738 4999 patefecit.
1769 4930 1850 4985 Ne
1891 4940 2073 4987 tamen

494 5024 728 5079 mendax
761 5024 1070 5089 videretur,
1109 5022 1375 5084 subdidit,
1410 5043 1427 5074 ι
1461 5021 1575 5078 Nisi
1613 5022 1764 5077 solus
1799 5021 1961 5077 Pater
1992 5044 2004 5078 :
2050 5042 2070 5075 ι

493 5117 568 5170 ita
604 5117 776 5171 verbo
814 5117 1035 5185 quidem
1077 5132 1285 5187 negans
1330 5131 1389 5170 se
1419 5115 1583 5177 scire,
1612 5116 1665 5169 vi
1708 5124 1889 5171 tamen
1924 5116 2075 5171 aani-

496 5206 697 5275 gmatis
764 5207 1050 5261 conscium
1097 5221 1156 5261 se
1204 5204 1505 5259 afﬁrmans.
1556 5202 1690 5258 Nam
1743 5222 1907 5275 quam
1958 5223 2069 5261 rem

495 5297 647 5354 solus
685 5299 791 5352 scit
849 5298 1035 5361 Pater,
1090 5313 1211 5353 eam
1270 5295 1441 5352 Filius
1487 5313 1705 5368 quoque
1754 5299 1922 5364 novit,
1978 5300 2070 5370 qui

568 5508 615 5540 '°
652 5507 815 5563 Hebr.
850 5522 959 5571 χιι,
992 5506 1082 5562 ὶθ.
1156 5506 1201 5538 ⁸*
1243 5505 1387 5560 Psal.
1425 5523 1549 5559 xm
1573 5547 1588 5569 ,
1624 5507 1679 5562 5.
1755 5509 1801 5541 ⁸³
1842 5508 1986 5564 Psal.
2023 5526 2139 5566 xcv:
2164 5553 2178 5575 ,
2214 5514 2266 5567 5.

572 5673 683 5744 (l7)
722 5672 973 5744 Spatium
1007 5689 1239 5727 vacuum
1263 5673 1316 5726 in
1346 5673 1469 5727 cod.

581 5742 696 5812 (58)
721 5742 797 5796 Ita
823 5745 946 5797 cod.

579 5809 693 5883 (19)
716 5813 917 5867 Confer
945 5821 1191 5868 sanctum
1218 5812 1478 5883 Cyrillum
1508 5812 1561 5866 in
1589 5810 1857 5865 Thesauro
1879 5826 1931 5879 p.
1950 5809 2079 5883 222.

525 5881 728 5956 paSSim
758 5885 903 5941 enim
942 5885 1191 5941 catholici
1218 5881 1406 5940 Patres
1438 5884 1539 5941 has
1562 5884 1889 5938 Arianorum
1921 5881 2076 5951 obje-

2179 4753 2336 4803 λιστα
2359 4750 2644 4815 διεδέξατο.
2680 4746 2861 4804 Εἰπὼν
2886 4752 2943 4804 δὲ
2969 4752 3042 4821 μὴ
3079 4752 3399 4817 ἐγνωκέναι,
3428 4753 3488 4806 τὸ
3530 4752 3628 4823 μὲν
3659 4772 3762 4807 τας-

2177 4842 2546 4910 πεινοφρονεῖν
2576 4844 2689 4904 τοῖς
2721 4840 3095 4911 ἀκροωμένοις
3129 4841 3406 4910 ἐνέφηνεν.
3453 4842 3569 4893 Ἵνα
3595 4841 3651 4893 δὲ
3686 4842 3764 4912 μὴ

2175 4932 2306 5002 δοκῇ
2344 4932 2545 5001 ψευδὴς
2574 4928 2731 4999 εἶναι,
2763 4926 2944 4985 εἶπεν·
2984 4951 3002 4983 ι
3039 4934 3101 4985 Εἰ
3135 4934 3208 5003 μὴ
3235 4936 3265 4986 ὀ
3295 4933 3484 5003 Πατὴρ
3527 4931 3634 4985 οἶδε
3668 4935 3762 5002 μό-

2174 5039 2285 5087 νος,
2325 5042 2343 5074 »
2375 5021 2451 5091 τῷ
2485 5023 2584 5092 μὲν
2626 5023 2769 5093 λόγῳ
2798 5024 3131 5094 ἀνηνάμενος
3166 5024 3385 5089 εἰδέναι,
3420 5027 3485 5095 τῇ
3516 5024 3572 5077 δὲ
3598 5024 3762 5077 δυνάο

2181 5133 2271 5187 μει
2297 5115 2390 5168 τοῦ
2438 5116 2760 5185 αἰνίγματος
2801 5117 3161 5187 ὁμολογήσαςο
3211 5116 3409 5179 εἰδότος
3450 5115 3557 5185 γὰρ
3600 5116 3759 5185 μόνοι.

2178 5207 2271 5260 τοῦ
2298 5207 2512 5278 Πατρὺς
2530 5248 2545 5271 ,
2572 5202 2711 5261 οἶδεν
2739 5207 2845 5278 ἄρα
2873 5208 2966 5262 καὶ
2993 5210 3021 5261 6
3056 5208 3201 5272 Υἱὸς.
3228 5208 3285 5261 ἓν
3314 5207 3390 5261 ὢν
3423 5207 3584 5268 αὐτὸς
3614 5207 3711 5258 καὶ
3736 5212 3755 5257 ι

2179 5301 2392 5371 Πατήρ.
2425 5300 2529 5353 Δύο
2559 5300 2623 5371 δὴ
2670 5302 2735 5354 ἐκ
2778 5301 2969 5355 τούτου
3004 5302 3405 5373 κατορθώματα
3448 5298 3764 5370 συμϐέϐηκε

2342 5515 2389 5546 ⁸³
2428 5514 2622 5569 Matth.
2657 5532 2709 5570 ιιι
2734 5555 2749 5581 ,
2802 5516 2893 5570 44.
2968 5516 3017 5547 ⁵³
3054 5513 3220 5570 Marc.
3254 5526 3390 5576 xtu,
3426 5511 3515 5565 52.

2181 5674 2393 5727 ctioucs
2421 5673 2816 5732 dissolverunt.

2256 5744 2366 5821 {910)
2390 5744 2530 5821 Cod_.
2554 5746 2877 5821 ὑπερϐολήν.
2902 5744 3203 5804 Videbatur
3223 5747 3569 5805 scribendum
3598 5748 3773 5821 ὑπερ-

2188 5813 2351 5884 ϐολῆς
2383 5827 2475 5871 aut
2504 5813 2887 5888 ὑπερϐολικήν.
