4120 6394
350 409 480 470 £50l

1472 425 1847 485 ADVERSUS
1924 428 2483 487 MACEDONIANOS.

3446 444 3447 447 ‘
3470 435 3622 491 1303

352 532 418 602 τῆ
458 530 870 605 ἀνθρωπότητι,
906 536 1162 601 ὑπόθεσίς
1200 557 1258 592 τε
1301 543 1798 614 ταπεινοφροσύνης
1841 547 1933 598 καὶ

2052 564 2208 602 mum
2243 565 2366 602 cum
2398 547 2559 603 Patre
2588 556 2688 606 est.
2736 550 2852 603 Duo
2876 564 3007 604 vero
3042 549 3172 603 hinc
3196 550 3341 605 bona
3384 550 3625 605 humano

354 622 661 687 συντελείας
694 626 913 693 ἄγνοια,
943 627 1008 679 δι’
1041 629 1106 697 ῆν
1147 630 1176 681 ό
1220 631 1333 699 βίος
1381 635 1835 705 συγκεκρότηται.
1871 635 1936 688 Τί

351 712 395 764 δ’
425 713 491 766 ἂν
513 714 600 784 εἴη
624 714 1182 789 δυσεπιγνωστότερον
1210 723 1243 790 ἡ
1273 723 1458 797 ἡμέρα
1483 725 1580 794 τῆς
1602 726 1935 792 συντελείας,

353 804 387 873 ἢ
416 805 574 868 αὐτὸς
602 809 629 859 ὀ
669 807 801 871 Θεὸς
834 811 927 861 καὶ
968 811 1156 883 Πατήρ
1184 829 1199 877 ;
1235 814 1296 866 Εἰ
1334 815 1391 867 δὲ
1418 814 1507 868 τὸν
1546 817 1765 887 Πατέρα
1799 816 1939 884 ἔγνω

354 896 553 949 εἰπών’
591 916 610 949 ‹
652 899 769 952 Ἵνα
800 899 1103 972 γινώσκητε
1155 922 1244 973 με,
1289 906 1471 969 καθὼς
1503 908 1762 976 γινώσκει
1803 927 1870 979 με
1911 910 1940 961 ὁ

356 987 567 1058 Πατὴρ,
617 989 771 1058 κάγὼ
798 992 1053 1058 γινώσκω
1094 994 1184 1047 τὸν
1223 997 1475 1068 Πατέρα,
1527 1019 1545 1050 ι
1593 999 1708 1063 πῶς
1744 1000 1845 1053 οὐκ
1872 1000 1941 1052 ἂν

356 1075 497 1145 ἔγνω
532 1078 632 1150 τὴν
671 1082 881 1152 ἡμέραν
920 1080 1100 1157 ἧσπερ
1132 1089 1224 1139 καὶ
1271 1089 1601 1160 δημιουργὸς
1646 1092 1809 1156 αὐτὸς
1850 1092 1942 1160 γέ-

358 1186 520 1237 γονε;
568 1173 754 1242 Χωρὶς
790 1174 899 1245 γὰρ
936 1178 1100 1230 αὑτοῦ
1142 1180 1359 1247 ἐγένετο
1412 1182 1585 1237 οὐδέν.
1632 1184 1741 1237 Καὶ
1784 1184 1942 1238 τοῦτο

359 1264 472 1325 τοῖς
515 1263 741 1335 βραχέσι
784 1266 995 1332 τούτοις
1036 1271 1482 1344 ἀποδεδειγμένος
1524 1277 1554 1328 ὁ
1599 1277 1755 1345 λόγος
1794 1278 1943 1341 ὅπως

357 1354 507 1423 ἔχει,
544 1356 619 1426 μὴ
668 1358 919 1427 ἐμποδών
966 1378 1073 1415 τινι
1125 1365 1366 1432 γίγνοιτο
1407 1369 1543 1438 πρὸς
1593 1370 1691 1439 τὴν
1729 1370 1942 1423 εὐθεῖαν

360 1443 563 1499 πίστιν.
600 1446 789 1518 Ὑμεῖς
810 1444 922 1516 οὖν,
951 1454 998 1504 οί
1022 1455 1161 1507 κατὰ
1189 1456 1474 1512 Σαϐέλλιόν
1490 1477 1549 1513 τε
1576 1461 1671 1513 καὶ
1701 1462 1940 1531 Ἀρειον,

360 1539 408 1590 οἱ
431 1539 489 1592 ὲν
512 1540 810 1615 τηλικαύτῃ
838 1544 1069 1619 διαφορᾷ
1094 1550 1397 1616 γεγονότες,
1429 1553 1608 1604 πᾶσαν
1635 1554 1945 1621 ἐπεγνωκόο

358 1643 452 1691 τες
480 1629 545 1682 ὲκ
568 1630 676 1683 τῶν
702 1634 1008 1704 εἰρημένων
1027 1638 1127 1706 τὴν
1164 1639 1441 1709 ἀλήθειαν,
1473 1642 1653 1696 σύνιτε
1691 1661 1779 1713 μοι
1809 1645 1944 1715 πρὸς

361 1721 564 1790 φιλίαν,
609 1727 703 1778 καὶ
748 1729 827 1791 εἰς
872 1730 934 1782 τὸ
986 1734 1188 1802 μεταξὺ
1229 1738 1341 1788 τοῖν
1374 1739 1574 1807 ἀμφοῖν
1625 1738 1946 1809 ἐληλυθότες

362 1815 632 1882 παγίδοιν,
671 1820 933 1891 εὑρήσετε
969 1824 1067 1893 τὴν
1098 1825 1199 1895 τῆς
1227 1826 1482 1898 ἀληθείας
1510 1830 1650 1898 όδὺν,
1747 1847 1946 1901 πορευο

358 1906 564 1976 θέντες,
590 1910 786 1980 ὄψεσθε
812 1916 911 1987 τὴν
939 1917 1157 1973 αἰώνιον
1183 1921 1348 1993 ζωήν.

432 2090 481 2124 ⁵⁸
512 2090 674 2148 Joan.
711 2111 744 2150 x
767 2136 782 2162 ,
816 2096 907 2156 15.

2041 640 2227 711 generi
2256 648 2577 701 evenerunt,
2612 654 2807 709 nempe
2836 650 2887 694 et
2920 640 3246 695 humilitatis
3291 640 3623 696 fundamen-

2044 738 2181 792 tum,
2211 739 2267 783 et
2296 731 2587 784 mundana:
2627 731 2753 785 linis
2780 731 3075 801 ignoratio,
3122 747 3245 802 qua:
3280 733 3347 787 ad
3382 733 3510 786 vitae
3541 748 3627 788 re-

2040 823 2361 877 ctitudinem
2387 839 2735 894 summopere
2761 822 2991 878 confert.
3022 824 3217 879 Utrum
3240 840 3407 895 porro
3436 823 3628 879 didici--

2042 917 2148 970 lior
2177 917 2399 986 cognitu
2442 915 2631 979 fuerit,
2666 917 2784 972 dies
2823 916 3013 969 mundi
3062 925 3331 980 extrema,
3392 932 3460 971 an
3510 918 3628 986 ipse

2042 1007 2188 1063 Deus
2227 1008 2428 1062 Pater?
2461 1006 2579 1061 Jam
2622 1009 2669 1063 si
2716 1006 2890 1063 Filius
2938 1008 3155 1062 Patrem
3194 1019 3443 1074 noverat,
3497 1008 3627 1079 quia

2043 1100 2215 1155 dixit:
2246 1120 2265 1152 ι
2291 1099 2361 1154 Ut
2375 1100 2720 1169 cognoscatis
2747 1115 2853 1162 me,
2874 1100 3019 1155 sicut
3045 1100 3328 1169 cognoscit
3349 1100 3625 1165 mePater,

2040 1203 2097 1246 et
2123 1206 2224 1262 ego
2257 1207 2531 1261 cognosco
2565 1190 2783 1245 Patrem
2808 1192 2855 1223 ⁵⁸
2880 1209 2895 1258 ;
2940 1212 2958 1243 ι
2986 1193 3264 1261 quomodo
3287 1194 3429 1247 diem
3477 1193 3627 1246 illam

2045 1284 2344 1347 nesciebat,
2392 1283 2555 1351 cujus
2600 1284 2764 1337 etiam
2795 1293 3014 1338 creator
3047 1287 3163 1353 ipse
3215 1285 3461 1339 exstitit?
3488 1283 3626 1338 Nam

2045 1376 2165 1431 sine
2195 1376 2314 1445 ipso
2348 1375 2551 1430 factum
2587 1382 2673 1430 est
2712 1374 2869 1428 nihil.
2904 1374 3036 1440 Quae
3064 1391 3188 1428 cum
3220 1376 3303 1429 ita
3335 1375 3573 1430 breviter
3597 1390 3635 1429 a-

2044 1467 2606 1522 nobisdemonstrata
2657 1466 2882 1531 fuerint,
2931 1483 3095 1522 nemo
3134 1484 3164 1521 a
3212 1476 3364 1523 recta
3399 1468 3501 1523 ﬁde
3549 1476 3632 1523 te-

2045 1559 2224 1613 nenda
2254 1557 2604 1628 impediatur.
2639 1556 2749 1613 Vos
2780 1559 2988 1628 itaque,
3034 1558 3149 1611 Arii
3196 1569 3249 1613 et
3289 1558 3512 1614 Sabellil
3544 1574 3632 1613 as-

2047 1650 2226 1713 seclae,
2267 1650 2357 1718 qui
2409 1656 2698 1717 tantopere
2747 1665 2779 1703 a
2835 1650 2998 1705 nobis
3056 1649 3361 1713 dissidctis,
3412 1652 3632 1719 cognita

2046 1741 2196 1796 omni
2222 1756 2289 1795 ex
2327 1740 2491 1795 dictis
2522 1741 2727 1796 nostris
2769 1741 3021 1805 veritate,
3066 1757 3280 1796 mecum
3312 1740 3368 1794 in
3398 1756 3631 1796 concor-

2048 1834 2197 1888 diam
2233 1834 2545 1897 convenite,
2584 1845 2637 1887 et
2671 1834 2815 1888 inter
2845 1844 3141 1904 utrumque
3187 1834 3442 1904 laqueum
3478 1835 3631 1888 ince-

1980 1944 2022 1998 Β
2047 1926 2261 1986 dentes.
2300 1924 2551 1981 veritatis
2599 1926 2742 1979 viam
2776 1925 3201 1994 nanciscamini,
3238 1940 3345 1995 qua
3377 1926 3630 1996 gradienv

2046 2028 2148 2082 tes,
2190 2024 2453 2069 aeternam
2484 2016 2654 2070 vitam
2690 2014 2972 2070 videbitis.

377 2286 3631 2325 ww

1326 2470 1558 2559 ΤΟΥ
1613 2473 1995 2562 ΑΥΤΟΥ
2064 2477 2687 2565 ΓΡΗΓΟΡΙΟΥ

1879 2654 2100 2711 ΛΟΓΟΣ

856 2830 1216 2943 ΠΕΡΙ
1268 2828 1613 3003 ,ΤΟΥ
1708 2834 2176 2949 ΑΓΙΟΥ
2250 2835 3196 2952 ΠΝΕΥΜΑΤΟΣ
3422 2956 3431 2965 .

644 3054 945 3143 ΚΑΤΑ
1018 3055 1912 3144 ΜΑΚΕΔΟΝΙΑΝΩΝ
1984 3056 2212 3143 ΤΩΝ
2300 3056 3335 3145 ΠΝΕΥΜΑΤΟΜΑΧΩΝ

1292 3431 1832 3523 EJUSDEM
1922 3432 2020 3520 S.
2115 3426 2694 3521 GREGORII

1901 3622 2128 3679 SERth

1255 3828 1437 3943 DE
1540 3828 2119 3945 SPIBITU
2220 3776 2788 3943 SANCTO

771 4091 967 4167 ADV
984 4088 1296 4166 EBSUS
1377 4088 2365 4168 PNEUMATOMACHOS
2427 4087 2496 4166 M
2514 4088 2625 4166 AC
2644 4088 2913 4166 EDON
2932 4087 3261 4168 lANOS.

446 4417 515 4472 α’.
540 4418 693 4486 Τάχα
715 4418 833 4470 οὐδὲ
861 4416 1257 4486 ἀποκρίνασθαι
1285 4418 1550 4488 προσήκει
1577 4420 1686 4480 τοῖς
1710 4418 1952 4488 ματαίοις

2142 4417 2188 4470 1.
2225 4416 2484 4470 Fortasse
2518 4433 2584 4470 ne
2615 4417 2952 4486 respondere
2998 4418 3217 4487 quidem
3250 4425 3470 4488 oportet
3511 4420 3643 4474 stul-

377 4507 486 4561 ’τῶν
528 4507 732 4576 λόγων⁸
777 4509 835 4559 τὸ
867 4508 974 4577 γάρ
1016 4510 1179 4577 σοφὸν
1221 4507 1316 4561 τοῦ
1358 4508 1702 4579 Σολομῶντος
1749 4510 1964 4579 παράγε

380 4600 557 4670 γελμα
586 4600 723 4668 πρὸς
752 4600 912 4653 τοῦτο
941 4600 1084 4654 ἔοικε
1110 4600 1297 4672 φέρειν
1323 4602 1383 4654 τὸ
1408 4601 1853 4671 διακελευόμενον
1887 4602 1960 4673 μὴ

382 4694 773 4764 ἀποκρίνεσθαι
816 4694 1010 4763 ἄφρονι
1068 4693 1209 4747 κατὰ
1260 4693 1359 4763 τὴν
1408 4692 1723 4765 ἀφροσύνην
1773 4693 1958 4746 αὑτοῦ.

393 4788 531 4841 Ἀλλ’
554 4787 740 4859 ἐπειδὴ
761 4787 998 4850 κίνδυνός
1025 4789 1139 4839 ἐστι
1173 4788 1247 4857 μὴ
1272 4786 1361 4839 διὰ
1382 4787 1478 4857 τῆς
1504 4788 1780 4857 ἡμετέρας
1803 4786 1962 4856 σιγῆς

381 4881 683 4952 κατισχύσῃ
713 4880 813 4948 τῆς
842 4879 1099 4949 ἀληθείας
1127 4879 1187 4931 τὸ
1213 4877 1426 4947 ψεῦδος,
1454 4879 1547 4931 καὶ
1573 4876 1769 4947 πολλὴν
1793 4880 1825 4948 ἡ
1863 4894 1960 4946 ση-

382 4972 684 5041 πεδονώδης
710 4971 848 5040 αὕτη
880 4971 977 5040 τῆς
996 4971 1261 5043 αἱρέσεως
1287 4970 1598 5039 γάγγραινα
1627 4971 1797 5040 νομὴν
1820 4970 1963 5023 κατὰ

374 5066 479 5143 στῆς
517 5065 773 5135 ἀληθείας
810 5062 1080 5128 λαϐοῦσα,
1120 5064 1211 5116 τὸν
1250 5062 1559 5130 ὑγιαίνοντα
1590 5060 1691 5132 τῆς
1729 5062 1962 5125 πίστεως

382 5156 538 5223 λόγον
571 5155 975 5226 διαλωὸήσηται
995 5195 1010 5219 ,
1050 5156 1347 5222 ἀναγκαῖον
1377 5154 1550 5224 ἐφάνη
1578 5171 1667 5224 μοι
1710 5152 1783 5224 μὴ
1824 5152 1963 5205 κατὰ

384 5249 481 5315 τὴν
516 5245 827 5316 ἀφροσύνην
859 5245 1037 5298 αὐτῶν
1070 5243 1469 5316 ἀποκρίνασθαι
1494 5243 1604 5297 τῶν
1635 5242 1704 5295 τὰ
1740 5242 1963 5295 τοιαῦτα

385 5338 526 5390 κατὰ
558 5339 658 5406 τῆς
680 5337 959 5400 εὐσεϐείας
986 5336 1440 5407 προτεινομένων,
1476 5335 1589 5387 ἀλλ’
1628 5334 1721 5387 ἐπὶ
1747 5333 1965 5404 διορθώ-

387 5445 469 5479 σει
505 5428 614 5481 τῶν
663 5426 948 5499 μοχθηρῶν
988 5427 1327 5497 ὑπολήψεων.
1376 5428 1484 5479 Καὶ
1522 5427 1631 5497 γάρ
1676 5427 1737 5480 τὸ
1771 5444 1963 5499 παροι-

388 5518 585 5590 μιῶδες
604 5521 972 5592 παράγγελμα
998 5521 1145 5574 δοκεῖ
1171 5538 1259 5590 μοι
1287 5520 1361 5591 μὴ
1387 5518 1563 5590 σιγὴν,
1586 5519 1720 5573 ἀλλά
1744 5518 1967 5590 διόρθω-

388 5629 473 5663 σιν
510 5611 617 5664 τῶν
646 5614 1016 5683 ἁφραινόντων
1056 5614 1377 5686 παρεγγυᾷν
1401 5627 1413 5639 ’
1455 5612 1531 5673 ὡς
1563 5612 1671 5665 δεῖν
1692 5612 1791 5675 τάς
1826 5612 1965 5665 ἁπο-

390 5706 598 5776 ιρίσεις
625 5705 698 5777 μὴ
737 5708 1045 5779 συντρέχειν
1070 5710 1135 5780 τῇ
1166 5707 1447 5778 ἀφροσύνῃ
1482 5704 1592 5759 τῶν
1614 5704 1960 5777 ύπολήψεων,

469 5884 487 5913 ⁸
527 5878 687 5937 Prov.
729 5899 895 5949 xxvi,
928 5885 979 5939 ι.

2066 4509 2138 4565 tis
2168 4510 2549 4574 sermonibus;
2576 4524 2702 4562 nam
2741 4510 2962 4578 sapiens
2989 4510 3302 4564 Salomonis
3319 4519 3645 4581 praeceptum

2064 4601 2172 4655 huc
2226 4608 2476 4670 spectare
2513 4600 2726 4654 videtur
2774 4600 3041 4669 jubentis,
3093 4617 3162 4655 ne
3203 4602 3374 4656 stulto
3424 4618 3642 4671 respon-

2064 4692 2439 4762 deaturjuxta
2477 4692 2770 4747 stultitiam
2800 4692 2921 4762 ejus
2953 4692 2991 4744 ¹.
3029 4692 3137 4747 Sed
3175 4692 3306 4762 quia
3346 4693 3646 4762 periculum

2063 4794 2147 4841 est
2198 4802 2264 4838 ne
2314 4786 2517 4840 silentii
2551 4784 2729 4838 nostri
2780 4799 2973 4848 causa,
3027 4780 3377 4839 mendacium
3430 4779 3654 4839 veritati

2065 4878 2377 4948 prmvaleat,
2412 4878 2757 4947 multumque
2801 4877 2917 4930 haec
2955 4878 3178 4945 putrida
3211 4877 3487 4932 luereseos
3524 4893 3652 4946 gan-

2065 4986 2246 5039 graena
2276 4971 2675 5024 incrementum
2707 4971 2953 5039 capiens,
2985 4986 3173 5025 sanam
3202 4969 3321 5026 ﬁdei
3348 4970 3650 5025 doctrinam

2065 5073 2402 5131 corrumpat,
2432 5062 2808 5118 necessarium
2840 5062 2973 5115 mihi
3000 5062 3179 5115 vis’um
3206 5070 3310 5127 est,
3334 5061 3477 5116 haud
3506 5061 3653 5131 equi-

2065 5153 2188 5206 dem
2224 5151 2526 5205 secundum
2583 5152 2803 5205 illorum
2856 5152 3145 5206 stultitiam
3186 5151 3521 5222 respondere
3558 5152 3651 5221 qui

2068 5245 2195 5299 talia
2240 5244 2507 5299 adversus
2564 5253 2768 5298 rectam
2827 5244 3147 5313 religionem
3190 5243 3500 5307 intendunt,
3558 5244 3650 5298 sed

2067 5352 2361 5407 pravarum
2398 5336 2544 5405 apud
2581 5351 2676 5390 cos
2725 5336 3048 5406 opinionum
3080 5336 3517 5391 emendationem
3553 5352 3654 5390 cu-

2065 5444 2213 5483 rare.
2259 5427 2506 5496 Namque
2559 5435 2615 5483 et
2660 5427 3006 5494 proverbiale
3055 5435 3389 5498 praeceptum
3438 5426 3654 5483 videtur

2068 5519 2200 5573 mihi
2238 5532 2344 5572 non
2391 5518 2458 5572 ad
2500 5518 2806 5585 silentium,
2854 5519 2948 5574 sed
3005 5518 3073 5572 ad
3119 5519 3495 5589 insipientium
3531 5533 3654 5573 cor-

2067 5610 2369 5666 rectionem
2428 5607 2751 5679 adliortari;
2808 5612 2882 5664 ita
2953 5620 3011 5664 ut
3064 5609 3461 5680 responsiones
3507 5609 3653 5666 haud

2068 5703 2505 5775 propositionum
2559 5703 2812 5762 stultitia:
2861 5711 3191 5772 consonent,
3263 5702 3360 5761 sed
3427 5704 3654 5760 insanas
