4120 6394
474 370 613 428 1306

1711 376 1769 430 8.
1826 375 2157 433 GREGORH
2206 379 2496 436 NYSSENI

3594 384 3732 439 iii-'33

473 487 656 558 potius
682 494 735 542 et
773 502 1038 544 erroueas
1071 489 1290 543 illorum
1330 491 1479 545 circa
1529 491 1786 561 dagmata
1832 493 2046 564 opinio-

2176 498 2473 567 ινατρέπειν
2497 498 2553 552 δὲ
2580 500 2781 569 μᾶλλον
2796 500 2891 563 τάς
2908 501 3165 570 ἀνοήτους
3194 499 3371 552 αὐτῶν
3398 503 3490 552 καὶ
3513 501 3731 571 ὴπατηυ

476 594 575 633 IICS
601 588 873 639 evertant.

545 667 600 720 2.
631 666 775 733 Quid
821 683 952 738 ergo
991 668 1150 723 nobis
1201 669 1513 740 objiciunt?
1559 672 1730 743 lmpie
1759 688 1819 728 se
1866 688 2054 744 gerere

476 768 776 813 causantur
822 775 915 814 eos
973 761 1064 829 qui
1102 761 1170 815 de
1226 760 1434 832 Spiritu
1487 772 1681 819 sancto
1743 765 2055 820 sublimiter

477 846 742 912 sentiunt,
774 857 827 902 et
870 865 1213 919 quaecunque
1263 867 1385 916 nos,
1431 851 1656 909 Patrum
1702 854 2055 924 dogmatibus

479 938 846 1002 adhaerentes,
897 942 966 995 de
1023 941 1227 1011 Spiritu
1281 946 1631 1011 conﬁtemur,
1669 947 1783 1001 haec
1825 948 1917 1002 isti
1957 964 2056 1018 pro

480 1045 581 1084 suo
611 1030 771 1084 lihito
797 1031 1180 1102 intelligentcs,
1223 1050 1414 1091 ansam
1446 1038 1572 1093 inde
1604 1040 1825 1109 capiunt
1863 1041 1931 1093 ad
1979 1040 2057 1094 di-

481 1138 600 1176 cam
637 1124 797 1179 nobis
834 1126 1258 1196 irreligiositatis
1299 1130 1665 1185 scribendam.
1704 1132 1919 1188 Etenim
1955 1151 2058 1190 nos

485 1212 747 1283 Spiritum
788 1229 912 1270 cum
949 1218 1110 1273 Patre
1142 1234 1205 1273 ac
1253 1218 1393 1275 Filio
1438 1237 1502 1277 eo
1528 1222 1698 1293 gradu
1742 1225 2056 1294 ponendum

486 1311 825 1377 prolitemur,
866 1319 924 1364 ut
967 1310 1012 1365 is
1045 1312 1196 1365 nulla
1229 1327 1288 1367 re
1313 1312 1529 1368 differat
1558 1330 1626 1369 ex
1673 1315 1740 1371 iis
1774 1332 1895 1385 quae
1933 1317 2061 1372 reli-

485 1401 638 1468 giose
665 1400 732 1453 dc
767 1400 954 1454 divina
1001 1410 1199 1457 natura
1241 1404 1557 1473 cogitantur
1581 1413 1747 1475 atque
1775 1408 2057 1475 dicuntur,

485 1500 715 1561 excepto
766 1492 912 1561 quod
966 1493 1308 1564 hypostasim
1352 1495 1554 1551 habere
1601 1498 1877 1568 propriam
1933 1514 2053 1554 san-

488 1589 633 1633 etum
675 1580 944 1652 Spiritum
974 1586 1430 1653 contemplamur,
1459 1587 1589 1655 quia
1619 1603 1687 1643 ex
1723 1587 1836 1645 Deo
1865 1598 1972 1653 est,
2009 1600 2061 1644 et

490 1672 693 1727 (Ihristi
723 1681 830 1737 est,
877 1682 937 1729 ut
971 1675 1239 1745 scriptum
1285 1677 1593 1747 legimus’;
1631 1696 1811 1750 neque
1840 1682 1968 1735 item
2002 1690 2061 1735 ut

493 1762 674 1828 Pater,
717 1773 803 1820 est
836 1765 1145 1835 ingenitus;
1179 1783 1360 1837 neque
1391 1777 1448 1823 ut
1486 1768 1680 1836 Filius,
1719 1773 2058 1843 unigenitus,

492 1852 567 1905 ita
600 1860 656 1906 ut
702 1868 826 1907 cum
871 1830 940 1910 iis
978 1830 1150 1924 possit
1189 1830 1479 1913 confundi.
1510 1830 1699 1931 itaque
1735 1830 2062 1934 obvaliquot
2094 1830 2137 1888 Β

494 1943 800 2009 peculiares
847 1947 1217 2016 proprietates
1252 1950 1368 2019 ipse
1403 1967 1499 2020 per
1550 1968 1610 2008 se
1654 1962 1959 2024 spectatus,
2010 1956 2062 2010 in

495 2032 732 2102 reliquis
757 2035 1037 2101 omnibus,
1082 2046 1141 2090 ut
1181 2038 1323 2102 dixi,
1351 2041 1714 2109 aaqualitatem
1748 2044 2069 2112 paritatem-

494 2137 599 2192 que
636 2139 861 2180 servare
894 2140 924 2178 a
956 2127 1119 2181 nobis
1153 2128 1439 2197 creditur;
1469 2146 1631 2186 secus
1662 2140 1842 2186 autem
1875 2134 2070 2187 adver-

496 2214 628 2269 sarii
689 2215 927 2271 alienum
980 2220 1159 2287 ipsum
1215 2236 1245 2273 a
1296 2219 1476 2275 Patris
1531 2221 1767 2293 Filiique
1825 2225 2069 2279 naturali

494 2308 881 2363 communione
907 2308 1099 2370 dicunt
1127 2329 1142 2377 ;
1174 2322 1229 2367 et
1272 2324 1496 2383 propter
1527 2324 1743 2371 naturae
1781 2317 2070 2373 diversita-

495 2404 602 2451 tem
638 2396 959 2467 depressum
1018 2402 1398 2471 minoremque
1428 2407 1732 2472 generatim
1780 2421 1925 2469 esse,
1969 2422 2070 2476 po-

496 2489 665 2543 tentia
693 2490 977 2555 nimirum,
1015 2493 1210 2560 gloria,
1240 2494 1532 2563 dignitate,
1564 2497 1890 2566 cunctisque
1922 2513 2073 2552 sum-

497 2580 685 2634 matim
734 2596 855 2649 qua:
911 2580 1022 2637 Deo
1061 2583 1227 2652 digna
1271 2585 1554 2649 dicuntur,
1609 2589 1723 2642 sive
1764 2589 2070 2653 vocabulis,

498 2672 618 2727 sive
658 2674 861 2732 mentis
889 2677 1255 2745 conceptibus
1289 2695 1302 2731 :
1340 2689 1741 2747 proptereaque
1771 2678 2074 2747 majestatis

499 2779 611 2818 non
647 2765 993 2835 participem,
1039 2776 1209 2836 atque
1241 2768 1528 2839 indignum
1561 2770 1800 2840 paritate
1845 2770 2074 2826 honoris

499 2871 624 2909 cum
664 2855 825 2911 Patre
855 2854 1105 2925 Filioque
1142 2861 1542 2927 pronuntiant;
1575 2870 1784 2915 tantum
1822 2876 1951 2917 vero
1984 2878 2079 2933 po-

498 2945 685 2999 tentiae
717 2945 820 3015 ipsi
856 2946 1060 3010 inesse,
1105 2956 1370 3017 quantum
1402 2949 1451 3002 ei
1504 2951 1638 3005 satis
1687 2959 1771 3006 est
1804 2952 1870 3005 ad
1906 2952 2075 3005 desti-

500 3043 661 3090 natas
697 3034 964 3105 quasdam
1015 3037 1322 3106 peculiares
1374 3038 1745 3105 operationes,
1795 3046 2075 3093 verumta-

2160 589 2326 659 μένας
2350 591 2476 662 περὶ
2505 591 2614 643 τῶν
2636 592 2922 662 δογμάτων
2951 592 3130 656 δόξας.

2231 681 2293 751 β’.
2326 681 2393 734 Τί
2420 679 2514 735 οὖν
2546 684 2692 735 ἐστιν
2724 683 2752 735 ὃ
2782 683 3143 754 προφέρουσιν
3175 683 3343 752 ὴμῖν;
3380 681 3619 735 Ἀσεϐεἷν
3645 682 3731 735 ai-

2153 772 2377 826 τιῶνται
2409 774 2535 837 τοὺς
2567 774 2693 843 περὶ
2724 772 2816 826 τοῦ
2851 773 3003 842 ἁγίου
3042 773 3359 843 Πνεὺματος
3391 771 3732 844 μεγαλοπρεο

2157 864 2278 926 πεῖς
2313 862 2531 932 ἔχοντας
2561 862 2857 933 ὑπολήψεις
2875 879 2890 892 ’
2934 864 3029 916 καὶ
3072 864 3171 916 ὅσα
3198 866 3309 926 τοῖς
3339 863 3446 914 τῶν
3475 862 3742 931 Πατέρων

2157 952 2411 1023 ἑπόμενοι
2435 953 2696 1023 δόγμασιν
2723 953 3089 1023 ὁμολογοῦμεν
3116 954 3243 1023 περὶ
3270 952 3363 1006 τοῦ
3394 952 3739 1023 Πνεύματος,

2155 1043 2330 1098 ταῦτα
2364 1043 2502 1113 πρὸς
2527 1044 2589 1097 τὸ
2627 1044 2817 1098 δοκοῦν
2843 1044 3294 1114 ἐκλαμϐάνοντες,
3325 1044 3579 1114 ἀφορμὴν
3608 1045 3739 1096 ἐαυ-

2156 1137 2270 1197 τοῖς
2324 1135 2623 1206 παρέχουσι
2672 1136 2793 1189 καθ’
2849 1136 3006 1206 ἡμῶν
3060 1137 3140 1199 εἰς
3187 1135 3442 1198 ἀσεϐείας
3494 1136 3735 1205 γραφήν.

2171 1226 2357 1296 Ἦμῶν
2399 1228 2508 1298 γὰρ
2546 1226 2897 1297 συντετάχθαι
2943 1226 3021 1297 τῷ
3065 1228 3240 1296 Πατρὶ
3278 1229 3373 1279 καὶ
3413 1226 3491 1295 τῷ
3534 1226 3647 1294 Υῐῷ
3677 1224 3740 1278 τὸ

2160 1318 2383 1389 Πνεῦμα
2414 1319 2474 1371 τὸ
2520 1319 2674 1385 ᾰγιον
2714 1316 3136 1388 ὁμολογούντων,
3172 1318 3247 1380 ὼς
3285 1317 3552 1387 μηδεμίαν
3596 1311 3742 1369 εἶναι

2162 1409 2517 1478 παραλλαγὴν
2554 1411 2612 1461 ἐν
2642 1408 2831 1480 μηδενὶ
2876 1408 2985 1461 τῶν
3022 1409 3261 1471 εὐσεϐῶς
3299 1410 3427 1479 περὶ
3460 1408 3558 1479 τὴν
3587 1406 3744 1461 θείαν

2162 1501 2322 1570 φύσιν
2373 1501 2676 1571 νοουμένων
2717 1518 2776 1553 τε
2826 1499 2920 1554 καὶ
2969 1498 3405 1570 ὀνομαζομένων,
3455 1498 3609 1562 ἐκτὸς
3641 1497 3742 1551 τοῦ

2162 1595 2284 1648 καθ’
2318 1594 2614 1648 ὑπόστασιν
2651 1592 2959 1657 ἰδιαζόντως
2991 1590 3311 1661 θεωρεῖσθαι
3340 1590 3401 1642 τὸ
3428 1588 3648 1658 Πνεῦμα
3677 1587 3745 1640 τὸ

2163 1684 2339 1754 ἅγιον,
2369 1686 2453 1737 ὅτι
2492 1685 2556 1737 ἐκ
2592 1682 2685 1736 τοῦ
2715 1681 2849 1735 Θεοῦ
2879 1684 3015 1745 ἐστι,
3062 1682 3157 1733 καὶ
3201 1678 3294 1733 τοῦ
3333 1678 3570 1750 Χριστοῦ
3600 1679 3739 1741 ἐστι,

2164 1776 2345 1839 καθὼς
2375 1775 2680 1845 γέγραπται
2707 1789 2720 1801 ⁸
2768 1771 2890 1827 οῦτε
2936 1772 3078 1826 κατά
3108 1772 3169 1824 τὸ
3198 1772 3489 1841 ἀγέννητον
3520 1769 3596 1839 τῷ
3625 1771 3739 1823 Πα-

2166 1870 2273 1941 τρὶ,
2306 1868 2429 1921 οὐτε
2457 1867 2599 1921 κατά
2620 1867 2681 1920 τὸ
2710 1866 2996 1938 μονογενὲς
3021 1864 3098 1935 τῷ
3122 1864 3237 1934 Υἱῷ
3260 1863 3738 1932 συναναχεόμενον,

2167 1960 2303 2015 ἀλλά
2330 1976 2473 2013 τισιν
2511 1959 2810 2030 ἐξαιρέτοις
2854 1956 3134 2027 ίδιὼμασιν
3165 1957 3247 2024 ἐφ’
3282 1954 3475 2007 ἑαυτοῦ
3511 1952 3742 2024 θεωρού-

2172 2068 2348 2122 μενον,
2385 2052 2443 2104 ἐν
2475 2053 2588 2112 τοῖς
2628 2048 2809 2111 ἄλλοις
2841 2049 2974 2100 πᾶσι
3028 2045 3281 2116 καθάπερ
3326 2044 3460 2113 ἔφην
3508 2044 3566 2096 τὸ
3594 2084 3609 2096 .
3653 2083 3666 2095 .
3724 2082 3741 2097 .

2173 2142 2330 2212 μένον
2386 2142 2479 2208 καὶ
2530 2139 2945 2208 ἀπαράλλακτον
3002 2137 3146 2207 ἔχειν
3195 2134 3597 2203 ὁμολογούντων
3622 2151 3635 2164 ο
3692 2136 3743 2187 οἱ

2170 2231 2480 2286 ὑπεναντίοι
2521 2231 2683 2299 φασὶν
2722 2228 3095 2294 ἀπεξενῶσθαι
3142 2227 3241 2297 μὲν
3283 2225 3446 2279 αὐτὸν
3490 2224 3623 2294 πρὸς
3653 2222 3746 2275 τὸν

2171 2325 2392 2396 Πατέρα
2417 2324 2511 2378 καὶ
2542 2322 2631 2376 τὸν
2662 2322 2790 2375 Υἱὺν
2814 2324 2912 2391 τῆς
2937 2319 3173 2390 φυσικῆς
3204 2316 3506 2378 κοινωνίας,
3539 2315 3633 2369 καὶ
3659 2315 3754 2367 διὰ,

2171 2418 2230 2469 τὸ
2269 2416 2367 2485 τῆς
2410 2414 2624 2483 φύσεως
2669 2412 2978 2465 διαλλάττον
3009 2406 3428 2477 ὐποϐεϐηκέναι,
3458 2407 3553 2459 καὶ
3586 2405 3749 2475 ἠλατ-

2170 2506 2374 2559 τῶσθαι
2399 2507 2510 2567 τοῖς
2542 2505 2706 2557 πᾶσιν
2730 2504 2787 2556 ἐν
2813 2502 3037 2572 δυνάμει
3087 2502 3181 2554 καὶ
3209 2500 3335 2571 δόξῃ
3358 2499 3450 2551 καὶ
3480 2496 3750 2567 ἀξιώματι

2172 2597 2268 2650 καὶ
2295 2598 2461 2649 πᾶσιν
2503 2593 2654 2659 ἅπαξ
2687 2596 2798 2655 τοῖς
2829 2591 3147 2663 θεοπρεπῶς
3185 2592 3496 2662 λεγομένοις
3528 2587 3751 2657 ὀνόμασί

2170 2704 2232 2739 τε
2260 2687 2355 2739 καὶ
2393 2686 2661 2757 νοήμασιν
2700 2684 2795 2736 καὶ
2825 2683 2914 2737 διὰ
2945 2682 3102 2735 τοῦτο
3139 2682 3294 2751 δόξης
3330 2681 3427 2750 μὲν
3462 2678 3751 2749 ἀμέτοχον,

2173 2777 2391 2845 ἀνάξιον
2415 2778 2471 2830 δέ
2507 2776 2606 2846 τῆς
2634 2775 2769 2847 πρὸς
2801 2775 2893 2828 τὸν
2923 2775 3140 2844 Πατέρα
3177 2774 3269 2827 καὶ
3301 2773 3429 2825 Υίὸν
3462 2771 3753 2842 ὁμοτιμίας

2174 2870 2307 2940 φασί
2326 2888 2339 2902 ο
2383 2868 2664 2938 δυνάμεως
2695 2867 2753 2921 δὲ
2792 2866 3046 2920 τοσοῦτον
3079 2866 3348 2936 μετέχειν,
3366 2865 3490 2917 ὅσον
3519 2864 3757 2932 ἐπαρκεῖ

2174 2960 2327 3031 αὐτῷ
2364 2959 2499 3030 πρὸς
2532 2957 2984 3028 ἀποτεταγμένας
3020 2957 3174 3021 τινὰς
3205 2956 3301 3009 καὶ
3336 2957 3565 3026 μερικὰς
3604 2956 3757 3023 ἐνερ-

2174 3055 2351 3122 γείας,
2380 3054 2481 3122 τῆς
2518 3050 2575 3104 δὲ
2616 3048 3014 3120 δημιουργικῆς
3063 3048 3245 3118 ἰσχύος
3294 3047 3397 3112 ἔξω
3441 3046 3755 3098 παντάπασι

502 3143 624 3182 men
655 3128 876 3183 creandi
908 3135 1056 3183 certe
1104 3131 1345 3198 potentia
1376 3145 1606 3199 prorsus
1657 3146 1781 3185 esse
1809 3131 2069 3185 alienum.

2179 3143 2529 3197 καθεστάναι.
2570 3140 2786 3210 Ταύτης
2830 3140 2886 3192 δὲ
2920 3138 3230 3209 κρατούσης
3263 3137 3391 3209 παρ’
3440 3138 3621 3200 αὐτοῖς
3656 3137 3761 3205 τῆς

501 3217 635 3284 Quae
693 3234 816 3276 eum
865 3222 1158 3289 praevaleat
1199 3220 1344 3290 apud
1382 3238 1478 3277 eos
1523 3222 1827 3284 sententia,
1881 3237 2077 3278 conse—

502 3322 734 3380 quenter
771 3312 1129 3377 concludunt,
1171 3314 1313 3367 nihil
1362 3314 1415 3367 in
1450 3329 1509 3369 se
1562 3315 1765 3370 habere
1812 3313 2078 3384 Spiritum

503 3412 754 3457 sanctum
787 3419 976 3459 eorum
1019 3420 1141 3475 qua:
1167 3405 1236 3459 de
1266 3405 1452 3459 divina
1483 3415 1678 3461 natura
1706 3408 2080 3477 praedicantur

501 3502 666 3562 atque
698 3495 1020 3549 creduntur.

572 3585 627 3639 5.
669 3583 812 3649 Quid
859 3600 994 3655 ergo
1043 3600 1147 3641 nos
1192 3585 1469 3642 dicimus?
1512 3587 1658 3642 Nihil
1699 3605 1801 3644 nos
1851 3604 2077 3657 novum,

506 3690 685 3744 neque
714 3675 983 3730 arbitratu
1028 3684 1241 3741 nostro,
1280 3678 1367 3745 his
1405 3681 1498 3746 qui
1531 3681 1660 3735 talia
1691 3682 1963 3751 objiciunt
1991 3699 2080 3740 re—

501 3767 941 3836 spondebimus,
1002 3770 1097 3824 sed
1149 3771 1350 3824 divinae
1399 3770 1703 3842 Scriptura:
1759 3773 1829 3828 de
1885 3784 2080 3830 sancto

507 3859 716 3932 Spiritu
769 3863 1089 3918 testimonio
1137 3867 1382 3923 contenti
1427 3867 1657 3931 erimus,
1694 3883 1759 3922 ex
1793 3883 1904 3939 quo
1954 3886 2081 3924 san-

505 3950 652 4010 etum
691 3954 953 4025 Spiritum
999 3966 1053 4010 et
1084 3956 1330 4011 divinum
1367 3973 1492 4013 esse
1536 3968 1591 4013 et
1624 3960 1733 4015 dici
1767 3961 2078 4017 didicimus.

509 4047 565 4102 Si
599 4063 735 4117 ergo
763 4055 818 4102 et
850 4047 940 4102 isti
975 4048 1031 4101 in
1064 4047 1169 4102 hoc
1199 4046 1575 4112 consentiunt,
1608 4067 1782 4121 neque
1818 4053 2081 4109 divinitus

508 4139 794 4209 inspiratis
835 4138 1139 4208 Scripturis
1176 4140 1464 4207 resistunt,
1500 4141 1684 4195 dicant
1720 4158 1852 4197 sane
1890 4144 1947 4205 ii,
1987 4144 2080 4212 qui

506 4228 575 4283 ad
604 4229 804 4282 bellum
833 4236 1027 4281 contra
1060 4242 1159 4282 nos
1195 4235 1325 4282 sunt
1353 4228 1587 4289 alacres,
1619 4242 1719 4280 cur
1747 4242 1857 4281 non
1895 4229 2080 4296 potius

507 4322 774 4375 adversus
819 4319 1162 4388 Scripturam
1209 4334 1373 4389 quam
1432 4326 1623 4373 contra
1664 4332 1765 4374 nos
1820 4320 2082 4388 prmlien-

506 4412 632 4466 tur?
654 4410 840 4481 Neque
873 4412 1018 4465 enim
1062 4426 1163 4465 nos
1192 4410 1489 4480 quidquam
1524 4421 1720 4479 praeter
1750 4410 1892 4465 hanc
1940 4411 2084 4465 allir-

2181 3233 2524 3304 ὐπολήψεως,
2559 3232 2624 3284 ἐκ
2655 3229 2749 3284 τοῦ
2781 3229 3075 3283 ἀκολούθου
3120 3226 3585 3290 κατασκευάζεται
3624 3226 3757 3297 παρ’

2179 3323 2357 3377 αὐτῶν
2385 3323 2445 3375 τὸ
2481 3322 2647 3392 μηδὲν
2676 3320 2819 3390 ἔχειν
2844 3322 2903 3371 ὲν
2942 3319 3119 3389 ἐαυτῷ
3144 3319 3207 3371 τὸ
3235 3317 3458 3387 Πνεῦμα
3487 3317 3595 3370 τῶν
3628 3317 3763 3387 περὶ

2178 3416 2278 3484 τῆς
2321 3412 2470 3475 θείας
2502 3412 2715 3481 φύσεως
2752 3409 2990 3471 εὐσεϐῶς
3021 3410 3333 3479 λεγομένων
3369 3425 3429 3460 τε
3468 3408 3562 3461 καὶ
3602 3423 3760 3460 νοου-

2185 3507 2383 3577 μένων.

2252 3598 2320 3668 γ’.
2354 3599 2419 3651 Τί
2447 3595 2538 3652 οῦν
2580 3600 2609 3651 ό
2644 3598 2908 3668 ἡμέτερος
2949 3594 3131 3662 λόγος;
3176 3592 3342 3646 Οὐδὲν
3385 3590 3568 3645 καινὸν
3597 3590 3763 3660 ἡμεῖς

2180 3692 2300 3745 οὐδὲ
2333 3691 2462 3760 παρ’
2494 3690 2649 3760 ἡμῶν
2678 3688 2857 3742 αὐτῶν
2894 3688 3007 3749 τοῖς
3037 3685 3105 3738 τά
3132 3683 3354 3736 τοιαῦτα
3384 3681 3765 3753 προκαλουμὺ

2181 3798 2317 3849 νοις,
2345 3776 2824 3849 ἀποκρινούμεθα,
2880 3774 3017 3828 ἀλλὰ
3066 3771 3495 3842 ἀποχρησάμεθα
3542 3772 3609 3841 τῇ
3662 3770 3764 3838 τῆς

2182 3872 2333 3933 θείας
2362 3869 2584 3941 Γραφῆς
2619 3868 2748 3938 περὶ
2778 3865 2873 3919 τοῦ
2911 3864 3066 3932 ἁγίου
3110 3860 3423 3932 Πνεύματος
3464 3860 3761 3932 μαρτυρίᾳ,

2182 3964 2248 4016 δι’
2269 3959 2338 4035 ἧς
2367 3961 2507 4014 θεῖον
2536 3960 2597 4012 τὸ
2618 3958 2845 4027 Πνεῦμα
2870 3958 2931 4009 τὸ
2955 3956 3107 4025 ἅγιον
3132 3950 3270 4007 εἷναί
3295 3970 3354 4006 τε
3383 3953 3476 4006 καὶ
3508 3951 3769 4019 λέγεσθαι

2187 4054 2606 4127 μεμαθήκαμεν.
2651 4053 2715 4104 Ei
2747 4047 2839 4104 οὖν
2877 4048 3210 4102 συντίθενται
3248 4048 3339 4099 καὶ
3378 4046 3531 4099 αὐτοὶ
3565 4044 3766 4115 τούτῳ,

2184 4147 2280 4199 καὶ
2315 4144 2389 4216 μὴ
2437 4142 2801 4197 ἀντιϐαίνουσι
2846 4142 2967 4202 ταῖς
3000 4136 3378 4199 θεοπνεύστοις
3419 4139 3644 4205 φωναῖς,
3687 4137 3763 4187 εἰ-

2186 4235 2445 4289 πάτωσαν
2493 4234 2541 4286 οί
2581 4231 2717 4301 πρὸς
2761 4227 3014 4282 τὸνκαθ¹
3052 4226 3213 4297 ἡμῶν
3249 4224 3481 4293 πόλεμον
3521 4224 3765 4292 ἕτοιμοι,

2185 4327 2328 4389 τίνος
2355 4326 2521 4378 ἕνεκα
2541 4323 2601 4376 οὐ
2633 4321 2769 4393 πρὸς
2790 4320 2889 4390 τὴν
2910 4316 3297 4390 Γραφὴν,ὀ.λλά
3319 4316 3455 4385 πρὸς
3481 4316 3624 4385 ἡμᾶς
3647 4315 3766 4367 δια-

2192 4416 2489 4486 μάχονται;
2527 4411 2660 4465 Οὐδὲ
2689 4409 2799 4479 γὰρ
2830 4411 2994 4480 ἡμεῖς
3032 4407 3160 4461 ἄλλο
3195 4422 3247 4458 τι
3291 4405 3440 4475 παρά
3474 4405 3630 4457 τοῦτό
3661 4423 3769 4473 φα-

509 4518 744 4560 mamus.
799 4500 974 4557 Porro
1008 4501 1206 4556 divina:
1249 4511 1478 4564 naturae,
1525 4516 1688 4571 quam
1733 4503 2075 4566 confitemur,

2190 4523 2310 4577 μεν.
2357 4505 2519 4567 Θείας
2554 4502 2612 4557 δὲ
2650 4501 2863 4570 φύσεως
2907 4498 3295 4570 ὁμολογοῦντες
3342 4497 3597 4566 οὐδεμίαν
3647 4499 3767 4550 ἐπι-

508 4594 724 4649 nullam
750 4594 1138 4664 cognoscimus
1170 4608 1348 4663 neque
1376 4608 1441 4647 ex
1470 4592 1880 4663 Scripturarum
1909 4595 2083 4665 magi—

509 4686 705 4750 sterio,
732 4700 912 4755 neque
950 4700 1017 4740 ex
1046 4685 1432 4740 communibus
1478 4684 1795 4739 notionibus
1826 4684 2085 4755 praedicta

510 4779 563 4829 in
597 4792 655 4830 re
696 4774 1097 4840 differentiam;
1134 4789 1328 4842 nempe
1371 4773 1517 4842 quod
1562 4774 1744 4826 divina
1780 4782 1834 4827 et
1865 4775 2086 4830 excelsa

510 4874 707 4920 natura
757 4880 944 4920 secum
994 4865 1113 4934 ipsa
1152 4863 1224 4919 sit
1256 4862 1549 4919 divisibilis
1584 4879 1679 4933 per
1708 4865 2084 4919 extensiouem

510 4957 754 5025 aliquam
783 4964 878 5009 aut
916 4956 1377 5019 contractionem,
1409 4965 1466 5010 et
1492 4956 1562 5010 ob
1604 4956 1865 5025 majorem
1910 4957 2089 5009 mino-

512 5062 698 5102 remve
744 5045 974 5115 gradum
1002 5061 1033 5099 a
1061 5047 1244 5116 seipsa
1273 5045 1507 5102 diﬂerat.
1534 5045 1669 5100 Nam
1699 5048 1827 5117 quia
1856 5048 2086 5117 simplex

510 5149 565 5194 et
602 5138 899 5193 uniformis
943 5146 1109 5207 atque
1155 5138 1520 5207 incomposita
1571 5139 1834 5201 creditur,
1875 5140 2087 5195 nullus-

512 5240 619 5302 que
644 5233 842 5287 cinnus
873 5239 968 5285 aut
996 5231 1348 5286 dissimilium
1378 5233 1702 5301 compositio
1737 5235 1791 5286 in
1821 5248 1884 5286 ea
1910 5233 2090 5287 cerni-

511 5333 625 5389 tur,
675 5332 962 5395 propterea
999 5331 1289 5393 postquam
1339 5323 1581 5378 divinam
1633 5332 1886 5378 naturam
1920 5326 2091 5380 semel

512 5418 699 5471 animo
735 5415 1187 5487 cogitaverimus,
1224 5414 1518 5483 cujuslibet
1552 5413 1662 5469 Deo
1702 5414 1851 5485 digni
1888 5431 2087 5470 conce-

513 5517 640 5579 ptus
670 5508 1061 5580 perfectionem
1089 5510 1192 5563 hac
1230 5507 1328 5564 Dei
1366 5510 1733 5579 appellatione
1768 5511 2089 5581 complecti-

513 5618 637 5658 mur
669 5616 683 5655 :
713 5616 838 5656 nam
870 5602 1045 5657 deitas
1077 5601 1346 5657 universa:
1372 5606 1447 5656 rei
1476 5603 1631 5658 bona:
1659 5604 1932 5658 notionem
1966 5619 2093 5672 per-

586 5756 811 5835 "Joau.
846 5797 936 5844 xv,
970 5780 1077 5844 ‘26:
1116 5779 1295 5835 Galat.
1336 5794 1409 5845 Iv,
1449 5782 1503 5834 6.

2187 4596 2527 4666 γινώσκομεν
2577 4592 2701 4648 οὗτε
2749 4593 2812 4644 ἐκ
2854 4591 2951 4660 τῆς
2990 4590 3099 4643 τῶν
3146 4588 3378 4659 Γραφῶν
3422 4586 3768 4650 διδασκαλίας

2188 4687 2311 4741 οὔτε
2336 4689 2398 4739 ἐκ
2439 4686 2546 4739 τῶν
2579 4683 2773 4737 κοινῶν
2818 4681 3034 4735 ἐννοιῶν
3063 4681 3185 4733 κατ’
3220 4679 3352 4733 αὐτὸ
3386 4678 3541 4731 τοῦτο
3580 4678 3771 4745 διαφοο

2194 4780 2292 4850 ράν
2317 4799 2327 4811 ·
2358 4777 2497 4830 ὥστε
2530 4772 2857 4845 μεμερίσθαι
2885 4772 3020 4841 πρὸς
3042 4770 3239 4841 ἑαυτὴν
3275 4769 3375 4838 τὴν
3402 4768 3549 4821 θείαν
3585 4784 3641 4818 τε
3674 4766 3771 4819 καὶ

2192 4869 2562 4941 ὑπερέχουσαν
2592 4865 2753 4935 φύσιν
2791 4864 2881 4917 διά
2911 4880 3055 4926 τινος
3093 4863 3395 4922 ἐπιτάσεως
3429 4860 3463 4930 ἢ
3500 4857 3765 4926 ὐφέσεως,

2190 4962 2342 5033 παρά
2376 4961 2438 5013 τὸ
2480 4958 2640 5011 πλέον
2681 4974 2742 5010 τε
2783 4958 2878 5010 καὶ
2917 4955 3134 5011 ἔλαττον
3176 4951 3343 5022 αὐτὴν
3390 4950 3525 5022 πρὸς
3570 4948 3770 5017 ἑαυτὴν

2189 5053 2624 5107 διαλλάττουσαν.
2668 5046 2887 5117 Ἐπειδὴ
2922 5045 3029 5117 γὰρ
3060 5044 3202 5115 ἁπλῆ
3237 5043 3335 5097 καὶ
3368 5038 3643 5113 μονοειδὴς
3671 5036 3769 5091 καὶ

2190 5143 2478 5206 ἀσύνθετος
2506 5137 2645 5194 εἶναι
2669 5139 3047 5201 πεπίστευται,
3077 5138 3171 5190 καὶ
3202 5134 3423 5205 οὐδεμία
3465 5132 3637 5202 πλοκὴ
3673 5130 3768 5184 καὶ

2197 5237 2443 5299 σύνθεσις
2464 5234 2523 5299 ἐξ
2541 5232 2809 5303 ἀνομοίων
2835 5232 2963 5300 περὶ
2984 5229 3153 5299 αὐτὴν
3177 5227 3478 5298 θεωρεῖται,
3500 5224 3588 5277 διά
3608 5222 3777 5276 τοῦτο

2195 5324 2414 5380 ἐπειδὰν
2447 5323 2590 5390 ἅπαξ
2616 5322 2764 5375 θείαν
2794 5319 2955 5389 φύσιν
2984 5320 3049 5389 τῇ
3077 5319 3219 5388 ψυχῇ
3244 5318 3603 5386 ἐννοήσωμεν,
3626 5312 3689 5366 τὸ
3709 5314 3775 5365 ἐν

2196 5417 2360 5469 παντὶ
2401 5415 2694 5485 θεοπρεπεῖ
2735 5415 2963 5482 νοήματι
3006 5410 3209 5463 τέλειον
3240 5408 3326 5461 διὰ
3369 5407 3464 5460 τοῦ
3508 5406 3769 5475 ὀνόματος

2195 5508 2384 5561 τούτου
2418 5502 2945 5575 συμπαρεδεξάμεθα
2963 5518 2976 5531 ·
3007 5500 3069 5553 τὸ
3095 5500 3203 5570 γάρ
3231 5498 3384 5551 Θεῖον
3407 5498 3466 5548 ἐν
3503 5496 3663 5548 παντὶ
3688 5491 3773 5562 τῴ

2199 5599 2342 5652 κατὰ
2365 5597 2424 5650 τὸ
2454 5594 2652 5664 ἀγαθὸν
2684 5592 2827 5663 λόγῳ
2857 5591 2917 5644 τὸ
2952 5589 3156 5644 τέλειον
3184 5588 3318 5658 ἔχει.
3349 5586 3411 5639 Ei
3446 5584 3503 5638 δὲ
3533 5581 3772 5637 ἐλλείποι
