4120 6394
364 373 508 433 Ιδθῧ

1524 377 1894 434 ADVERSUS
1931 374 2485 432 MACEDON-IANOS.

3496 352 3632 431 nos

365 492 474 547 τινὶ
515 490 607 545 καὶ
642 490 945 561 ὑσπρεῖται
988 488 1130 542 κατά
1171 507 1222 542 τι
1265 488 1363 559 τῆς
1400 491 1754 561 τελειότητος,
1802 490 1941 545 κατά

2075 492 2343 548 ectissime
2376 491 2642 547 continet.
2679 490 2836 557 Quod
2868 491 2914 547 si
2947 491 3144 562 partim
3178 489 3324 547 forte
3351 489 3633 557 deficeret,

365 584 429 637 rb
470 584 712 637 ἐλλεῖπον
742 583 999 653 χωλεύσει
1043 583 1133 634 καὶ
1161 583 1190 633 ό
1232 583 1328 652 τῆς
1372 582 1621 651 θεότητος
1650 584 1827 651 λόγος,
1871 583 1947 647 ὼς

371 677 571 748 μηκέτι
595 676 747 728 Θεῖον
782 677 841 729 ἐν
876 674 1068 743 ἐκείνῳ
1097 673 1173 743 τῷ
1206 674 1356 744 μέρει
1385 675 1417 745 ἣ
1443 673 1582 727 εἶναι
1610 676 1642 746 ἦ
1672 676 1942 744 λέγεσθαι.

369 772 493 834 Πῶς
538 770 644 841 γὰρ
676 770 741 824 ἄν
787 787 870 833 τις
917 769 994 839 τῷ
1026 769 1207 821 ἀτελεῖ
1240 770 1334 821 καὶ
1378 768 1696 833 ἐλλείποντι,
1718 770 1813 822 καὶ
1849 768 1947 837 τῆς

369 864 633 935 ἑτέρωθεν
662 862 977 934 προσθήκης
1021 862 1403 933 προσδεομένῳ
1441 863 1537 933 τὴν
1581 860 1949 933 προσηγορίαν

370 956 573 1025 ταύτην
600 955 854 1025 ἁρμόσειε
877 972 892 1021 ;

441 1138 502 1191 δ’.
537 1137 801 1207 Καθάπερ
828 1138 921 1191 καὶ
944 1137 1033 1195 διὰ
1058 1136 1164 1189 τῶν
1186 1135 1513 1206 σωματικῶν
1539 1135 1652 1189 ἔστι
1677 1137 1769 1189 τὸν
1796 1137 1951 1205 λόγον

374 1227 771 1280 πιστώσασθαι.
820 1227 885 1280 Ἠ
911 1229 1019 1298 γὰρ
1049 1226 1142 1293 τοῦ
1176 1228 1346 1298 πυρὸς
1394 1226 1554 1296 φύσις
1590 1228 1785 1300 ἐπίσης
1820 1232 1952 1284 πᾶσι

373 1323 487 1383 τοῖς
521 1318 931 1390 συμπληροῦσιν
967 1320 1133 1389 αὑτὴν
1180 1320 1374 1389 μορίαν
1395 1359 1409 1379 ,
1455 1320 1555 1389 τὴν
1589 1319 1953 1392 θερμαντικὴν

375 1410 626 1480 αἴσθησιν
668 1413 777 1471 τοῖς
809 1409 1133 1478 ἁπτομένοις
1175 1408 1504 1478 παρέχεται·
1540 1410 1634 1462 καὶ
1665 1410 1724 1462 οὑ
1758 1408 1819 1462 τὸ
1855 1410 1954 1478 μέν

373 1517 428 1552 τι
457 1500 554 1569 τῆς
596 1497 789 1567 φλογὸς
828 1497 1290 1569 ὑπερτεταμένην,
1326 1497 1384 1550 τὸ
1415 1496 1472 1549 δέ
1515 1498 1809 1569 ὑφειμένην
1842 1497 1954 1568 ἔχει

374 1591 472 1662 τὴν
504 1591 823 1661 θερμασίαν.
871 1590 1007 1642 Ἀλλ’
1055 1591 1158 1654 ’έως
1194 1591 1260 1644 ἂν
1363 1589 1498 1663 πῦρ,
1540 1591 1659 1644 ὅλον
1686 1589 1857 1642 διόλου
1887 1591 1953 1660 τῆ

375 1683 664 1755 ταὺτότητι
692 1684 789 1753 τῆς
825 1682 1099 1753 ἐνεργείας
1126 1682 1444 1737 ἀδιάστατον
1472 1682 1607 1753 πρὸς
1640 1682 1829 1735 ἐαυτὸν
1857 1681 1954 1749 τὴν

377 1777 568 1830 ἕνωσιν
612 1775 742 1846 ἔχει.
781 1776 842 1827 Εἰ
889 1774 947 1828 δέ
982 1792 1036 1827 τι
1076 1775 1217 1827 κατά
1260 1792 1311 1827 τι
1362 1774 1525 1846 μέρος
1560 1773 1953 1843 καταψυχθείη,

2048 593 2142 637 aut
2181 599 2372 653 parum
2404 583 2533 652 quid
2573 583 2928 648 perfectionis
2972 584 3333 647 desideraret,
3381 586 3452 639 ob
3489 585 3633 640 hunc

2049 676 2229 744 ipsum
2278 674 2553 729 defectum
2604 676 2744 729 ratio
2791 676 3012 741 deitatis
3047 675 3405 741 claudicaret,
3461 678 3537 731 ita
3573 686 3636 731 ut

2052 768 2154 821 hac
2200 769 2255 821 in
2291 775 2445 837 parte
2477 768 2655 823 deitas
2694 784 2873 838 neque
2925 778 3073 823 esset
3126 784 3305 838 neque
3334 769 3632 825 diceretur.

2049 859 2335 924 Quomodo
2365 860 2509 913 enim
2538 860 2809 932 quispiam
2835 859 2912 913 rei
2947 858 3286 929 imperfectae
3310 870 3364 914 et
3399 861 3632 920 mutilas.

2049 960 2105 1004 et
2150 950 2329 1004 alieno
2359 949 2732 1004 additamento
2777 948 3069 1023 indigenti,
3111 949 3274 1003 talem
3319 957 3639 1020 tantamque

2053 1043 2471 1111 appellationem
2500 1041 2988 1095 accommodaret?

2124 1131 2183 1184 4.
2227 1129 2488 1185 Profecto
2526 1131 2907 1200 corporalibus
2942 1130 3104 1186 etiam
3134 1132 3400 1202 exemplis
3429 1146 3641 1188 sermo-

2054 1238 2177 1276 nem
2227 1222 2372 1276 hunc
2420 1222 2745 1276 continuare
2793 1222 2942 1277 licet.
2988 1221 3236 1292 Namque
3269 1223 3411 1293 ignis
3444 1231 3635 1277 natura

2054 1316 2274 1369 cunctis
2303 1314 2550 1383 ejusdem
2578 1314 2911 1369 conditionis
2937 1315 3100 1369 rebus
3119 1314 3361 1369 calidum
3389 1329 3637 1379 sensum,

2055 1408 2100 1461 si
2133 1406 2293 1461 modo
2324 1408 2391 1460 ab
2420 1406 2505 1461 his
2536 1415 2811 1475 tangatur,
2833 1420 2988 1475 aeque
3016 1407 3413 1469 communicat,
3455 1420 3641 1474 neque

2058 1500 2162 1552 alia
2210 1499 2429 1567 quidem
2483 1513 2573 1553 res
2608 1497 2983 1552 vehementem
3034 1496 3306 1551 flammam
3340 1497 3641 1567 experitur,

2052 1593 2163 1645 alia
2214 1606 2344 1645 vero
2381 1590 2752 1645 remissiorem
2806 1590 2977 1645 sentit
3024 1591 3288 1645 calorem.
3335 1588 3440 1643 Sed
3471 1603 3645 1658 quan-

2057 1684 2150 1737 diu
2202 1682 2346 1753 ignis
2400 1691 2508 1746 est,
2560 1690 2707 1737 totus
2769 1682 3071 1737 universim
3123 1689 3349 1752 propter
3389 1679 3647 1735 efﬁcacia:

2061 1775 2349 1845 paritatem
2399 1774 2630 1827 firmiter
2659 1773 2766 1828 sibi
2800 1780 3037 1828 constat.
3085 1772 3244 1838 Quod
3292 1773 3339 1827 si
3387 1773 3645 1841 aliquan-

376 1869 557 1924 οὐκέτι
584 1868 698 1939 πῦρ
727 1867 863 1921 κατὰ
891 1866 949 1920 rb
977 1867 1385 1935 κατεψυγμένον
1410 1864 1856 1935 όνομασθήσεται,
1888 1866 1955 1934 τῇ

2075 1882 2174 1920 .um
2216 1867 2398 1935 aliqua
2452 1866 2508 1920 in
2562 1874 2715 1936 parte
2762 1865 3044 1935 frigescat,
3072 1865 3185 1934 jam
3210 1880 3318 1919 non
3363 1864 3648 1918 vocabitur

378 1962 514 2033 πρὸς
545 1960 606 2013 τὸ
645 1960 883 2013 ἐναντίον
932 1958 1215 2028 ὑπαλλαγῇ
1248 1959 1345 2028 τῆς
1389 1958 1757 2029 θῳμαντικῆς
1800 1958 1952 2026 ἐνερ-

379 2054 533 2122 γείας
569 2053 1142 2122 συμμεταποιουμένου
1173 2052 1268 2106 καὶ
1304 2051 1398 2106 τοῦ
1436 2052 1716 2120 ὀνόματος.
1764 2050 1956 2103 Ὡσαύ-

379 2162 488 2207 τως
519 2145 611 2198 καὶ
642 2143 733 2196 τοῦ
778 2143 967 2206 ὓδατος
1014 2146 1105 2197 καὶ
1146 2142 1239 2197 τοῦ
1278 2144 1437 2215 ἀέρος
1471 2145 1564 2196 καὶ
1596 2144 1814 2197 πάντων
1849 2142 1955 2195 τῶν

384 2235 735 2307 στοιχειωδῶς
775 2218 1228 2305 ὑποϐεϐλημένων
1284 2233 1362 2299 εἷς
1424 2236 1518 2288 καὶ
1567 2238 1595 2288 ὁ
1650 2236 1813 2298 αὑτός
1873 2235 1957 2304 ἐφ’

383 2328 614 2381 ἑκάστου
636 2328 812 2397 λόγος,
836 2328 897 2380 οὑ
929 2328 1365 2399 παραδεχόμενος
1389 2329 1727 2399 πλεονασμὸν
1754 2328 1786 2398 ἦ
1810 2327 1962 2381 ἐλάτ-

382 2437 567 2472 τωσιν.
608 2418 744 2471 Οὔτε
783 2419 889 2489 γὰρ
920 2420 979 2471 rb
1013 2416 1154 2489 ὓδωρ
1196 2420 1392 2490 μᾶλλον
1423 2420 1456 2492 ἢ
1491 2420 1710 2473 ἔλαττον
1740 2419 1959 2473 δύναται

383 2510 636 2578 λέγεσθαι
661 2525 674 2539 ’
709 2509 813 2572 ἓως
840 2511 947 2579 γὰρ
980 2508 1044 2562 ἂν
1076 2509 1270 2578 ἐπίσης
1296 2510 1459 2581 ὑγρὸν
1488 2505 1546 2581 ᾗ,
1581 2510 1675 2562 καὶ
1724 2510 1757 2579 ἡ
1790 2525 1961 2577 προσ-

387 2602 585 2672 ηγορία
604 2600 697 2653 τοῦ
728 2600 913 2662 ὓδατος
943 2600 1203 2654 ἐπάὑτοῦ
1238 2600 1558 2671 ἀληθεύεται
1580 2618 1591 2630 ·
1626 2603 1674 2655 εί
1703 2600 1759 2653 δὲ
1795 2617 1962 2670 μετα-

389 2693 642 2764 ποιηθείη
677 2692 813 2762 πρὸς
844 2693 940 2761 τὴν
978 2691 1225 2745 ἐναντίαν
1261 2692 1555 2762 ποιότητα,
1599 2690 1962 2761 συνηλλοιώθη

389 2785 609 2847 πάντως
645 2783 732 2835 ἐπ’
764 2782 928 2835 αὑτοῦ
976 2784 1070 2836 καὶ
1112 2783 1172 2835 rb
1216 2782 1406 2853 ὄνομα.
1440 2784 1548 2836 Καὶ⁹
1581 2782 1673 2836 τοῦ
1704 2782 1865 2852 ἀέρος
1903 2781 1965 2833 rb

394 2876 631 2947 μαλακόν
670 2892 727 2927 τε
773 2875 869 2928 παλ⁵
904 2875 1183 2945 ἀνωφερὲς
1221 2876 1315 2928 καὶ
1348 2874 1546 2944 κοῦφον
1595 2875 1789 2945 ἐπίσης
1832 2876 1966 2928 πᾶσι

392 2972 503 3032 τοῖς
551 2968 758 3039 μορίοις
783 2968 1123 3037 ἐνθεωρεῖται
1144 2986 1156 2997 ·
1187 2968 1247 3020 rb
1271 2967 1326 3019 δὲ
1353 2968 1550 3021 πυκνὸν
1579 2968 1671 3019 καὶ
1710 2966 1968 3037 ἐμϐριθὲς

396 3061 489 3114 καὶ
516 3062 595 3123 είς
621 3060 724 3129 γῆν
772 3058 891 3131 ῥέον
922 3059 1201 3128 διαφεύγει
1233 3060 1294 3111 τὸ
1323 3058 1417 3112 καὶ
1450 3058 1557 3129 ἀὴρ
1590 3058 1967 3127 ὀνομάζεσθαι.

394 3149 582 3215 Οὕτως
619 3154 766 3223 καὶὴ
796 3152 914 3205 θεία
944 3151 1123 3220 φύσις,
1160 3151 1264 3214 ἕως
1304 3151 1402 3221 μὲν
1432 3150 1496 3204 ἂν
1525 3150 1612 3203 διὰ
1640 3150 1839 3213 παντὸς
1876 3147 1969 3201 τοῦ

2062 1960 2204 2029 ignis
2235 1959 2288 2013 id
2316 1958 2465 2028 quod
2505 1956 2717 2028 friguit,
2750 1966 2962 2011 mutato
2999 1973 3123 2011 cum
3157 1956 3346 2011 calidae
3393 1954 3647 2010 efﬁcacia:

2062 2051 2118 2105 iu
2144 2050 2481 2105 contrarium
2515 2049 2801 2120 hypallage
2832 2049 2996 2103 etiam
3038 2050 3117 2103 rei
3154 2048 3395 2101 nomine.
3434 2046 3646 2100 Simili-

2065 2151 2147 2196 ter
2172 2150 2227 2196 et
2258 2141 2326 2196 de
2365 2156 2529 2211 aqua,
2582 2155 2730 2203 aere,
2763 2142 3096 2210 cunctisque
3125 2138 3413 2193 elementis
3454 2136 3651 2207 singil-

2056 2235 2215 2289 latim
2251 2234 2543 2289 dicendum
2582 2241 2691 2295 est,
2726 2232 2858 2302 quin
2897 2232 3302 2285 incrementum
3342 2230 3516 2283 ullqu
3551 2234 3648 2281 aut

2066 2325 2369 2380 deminutio
2416 2325 2759 2378 admittatur.
2797 2321 2914 2376 Non
2962 2322 3107 2375 enim
3157 2321 3211 2373 in
3264 2335 3419 2387 aqua:
3453 2327 3651 2373 natura

2069 2418 2192 2486 plus
2236 2416 2321 2471 vel
2372 2418 2555 2470 minus
2601 2416 2711 2470 dici
2762 2420 2978 2485 potest;
3030 2429 3156 2467 nam
3208 2413 3450 2481 quandiu
3498 2427 3651 2480 asque

2069 2508 2268 2562 humor
2316 2516 2421 2573 est,
2478 2523 2634 2577 aquae
2682 2523 2905 2577 quoque
2956 2505 3253 2575 appellatio
3318 2504 3375 2557 in
3418 2518 3483 2557 eo
3524 2518 3654 2557 vera

2069 2610 2190 2665 est;
2220 2600 2303 2655 sin
2336 2600 2390 2653 in
2423 2600 2759 2654 contrariam
2788 2598 3113 2669 qualitatem
3148 2604 3417 2661 vertatur,
3451 2610 3651 2649 nomen

2071 2692 2235 2747 simul
2271 2692 2391 2761 ejus
2414 2708 2641 2761 prorsus
2665 2691 2990 2747 mutabitur.
3027 2688 3160 2745 Item
3206 2689 3350 2744 aeris
3395 2687 3657 2742 mollities

2071 2793 2127 2839 ct
2180 2785 2233 2837 in
2270 2787 2437 2838 altum
2474 2785 2638 2839 elatio
2680 2799 2746 2838 ac
2776 2784 2989 2849 levitas,
3024 2797 3182 2854 mque
3228 2784 3284 2837 in
3322 2783 3540 2837 cunctis
3588 2782 3657 2833 il-

2074 2878 2183 2932 lius
2234 2878 2481 2948 partibus
2540 2878 2824 2943 cernitur;
2878 2885 3073 2931 contra
3131 2892 3261 2931 vero
3308 2875 3553 2929 densitas
3604 2880 3659 2928 ct

2075 2969 2319 3037 gravitas
2350 2978 2404 3022 et
2434 2968 2489 3020 in
2524 2969 2773 3022 tellurem
2805 2968 3105 3029 devexitas,
3141 2968 3210 3021 ab
3242 2967 3388 3021 aeris
3416 2966 3661 3035 appella-

2077 3060 2224 3113 tione
2258 3059 2572 3114 abhorrent.
2620 3058 2711 3113 Sic
2755 3060 2939 3123 divina
2973 3074 3194 3128 quoque
3232 3068 3448 3119 natura,
3480 3072 3659 3126 quan-

2079 3151 2171 3205 diu
2201 3160 2522 3206 constanter
2551 3168 2616 3205 ac
2659 3152 2912 3222 religiose
2961 3151 3201 3205 notionis
3249 3159 3662 3220 conceptusqne

397 3245 525 3316 περὶ
546 3244 715 3313 αὑτὴν
735 3242 971 3308 εὐσεϐῶς
996 3242 1367 3312 θεωρουμένου
1390 3242 1656 3311 νοήματος
1686 3241 1747 3293 rb
1774 3240 1969 3293 τέλειον

2078 3244 2162 3299 sui
2186 3243 2575 3313 perfectionem
2593 3252 2797 3308 tuetur,
2827 3258 3016 3298 verum
3048 3243 3261 3298 obtinet
3285 3256 3483 3296 nomen
3507 3241 3663 3309 juxta

397 3331 528 3403 ἔχη,
569 3333 891 3403 ἐπαληθεύει
942 3334 1039 3403 τὴν
1091 3331 1459 3401 προσηγορίαν
1508 3334 1572 3401 τῇ
1621 3331 1715 3384 τοῦ
1768 3329 1970 3399 ἀγαθοῦ

397 3426 725 3496 τελειότητιο
758 3427 804 3478 εἰ
847 3425 900 3477 δέ
942 3424 1317 3495 ὑποσπασθείη
1356 3442 1410 3476 τι
1448 3424 1555 3477 τῶν
1593 3424 1973 3477 συντεινόντων

398 3522 478 3582 είς
510 3519 601 3571 τὸν
641 3518 741 3587 τῆς
774 3517 1107 3586 τελειότητος
1144 3516 1321 3584 λόγον,
1348 3515 1609 3586 ψεύσεται
1654 3516 1771 3568 κατ’
1801 3516 1974 3567 ἐκεῖνο

397 3608 459 3661 rb
487 3607 651 3679 μέρος
678 3607 737 3660 rb
766 3609 861 3677 τῆς
900 3606 1149 3675 θεότητος
1185 3606 1374 3674 ὄνομα,
1406 3606 1498 3656 καὶ
1530 3605 1633 3656 οὑκ
1674 3603 1974 3672 ἐφαρμόσει

398 3696 478 3768 τῷ
507 3694 867 3765 ὑποκειμένῳ·
889 3691 1001 3746 ἶσον
1030 3695 1159 3763 γὰρ,
1186 3692 1219 3762 ἢ
1259 3694 1353 3745 καὶ
1384 3692 1581 3764 μᾶλλόν
1612 3694 1726 3745 ἐστι
1754 3693 1815 3744 rb
1846 3691 1975 3744 ἀδύ-

399 3804 578 3851 νατον,
607 3785 755 3857 ξηρῷ
777 3788 988 3855 σώματι
1016 3787 1112 3855 τὴν
1133 3786 1224 3838 τοῦ
1250 3784 1440 3847 ὓδατος
1462 3786 1775 3855 ἐπωνυμίαν
1801 3784 1974 3855 ἁρμό-

403 3897 513 3943 σαι,
548 3878 642 3931 καὶ
674 3876 785 3947 πῦρ
818 3875 1254 3947 προσαγορεῦσαι
1283 3874 1344 3927 rb
1385 3872 1793 3943 κατεψυγμένον
1823 3874 1880 3923 ἐν
1910 3874 1974 3942 τῇ

401 3970 647 4040 ποιότητι
664 3987 677 4000 ·
698 3969 790 4022 καὶ
804 3968 863 4021 rb
892 3969 1114 4037 στερρὸν
1141 3966 1234 4019 καὶ
1259 3967 1574 4029 ἀντίτυπον,
1609 3966 1749 4037 ἀέρα
1779 3965 1973 4016 εἰπεῖν’

400 4064 497 4116 καὶ
554 4062 707 4115 Θεῖον
765 4060 1051 4128 ὀνομάσαι,
1109 4052 1152 4127 ᾧ
1184 4058 1258 4130 μὴ
1320 4056 1751 4111 συνυπακούεται
1801 4058 1835 4127 ὴ
1878 4056 1979 4128 τῆς

401 4152 735 4220 τελειότητος
770 4148 965 4201 ἔννοια.

474 4249 535 4295 ε’.
577 4244 638 4295 Ei
675 4239 769 4293 οὖν
807 4239 1020 4309 ἀληθῶς
1065 4241 1159 4292 καὶ
1196 4240 1256 4291 οὑ
1299 4238 1491 4310 μέχρις
1530 4238 1792 4309 ὀνόματος
1839 4239 1979 4292 θεῖον

403 4335 462 4387 τὸ
503 4334 726 4402 Πνεῦμα
764 4332 825 4384 τὸ
868 4332 1020 4399 ἀγιον
1055 4331 1157 4383 ὑπὸ
1193 4330 1293 4399 τῆς
1331 4331 1367 4381 Γ
1375 4330 1551 4400 ραφῆς
1592 4330 1685 4382 καὶ
1724 4330 1828 4382 ὑπὸ
1873 4330 1980 4383 τῶν

405 4426 662 4495 Πατέρων
707 4422 861 4493 ἡμῶν
904 4422 1377 4494 προσηγόρευται,
1426 4420 1510 4483 τίς
1551 4420 1630 4474 ἔτι
1680 4421 1833 4489 λόγος
1866 4422 1982 4475 ἐστὶ

404 4520 513 4578 τοῖς
551 4513 925 4568 ἀντιστατοῦσι
964 4515 1030 4583 τῇ
1074 4513 1199 4584 δόξῃ
1240 4512 1334 4565 τοῦ
1376 4512 1724 4583 Πνεύματος;
1768 4514 1829 4565 Εἰ
1873 4514 1981 4584 γὰρ

2079 3334 2339 3389 bonitatis
2378 3350 2493 3389 sua:
2539 3336 2963 3404 perfectionem:
3006 3335 3092 3389 sin
3133 3333 3275 3389 forte
3326 3331 3532 3402 aliquid
3566 3330 3663 3385 de-

2078 3427 2332 3480 trahatur
2355 3443 2565 3492 eorum,
2594 3443 2714 3497 qua:
2753 3427 2820 3480 ad
2850 3426 3244 3497 perfectionem
3281 3425 3460 3493 ipsius
3492 3422 3665 3492 perti-

2081 3526 2232 3582 nent,
2277 3517 2388 3585 jam
2427 3517 2562 3572 falsa
2591 3520 2715 3583 crit,
2753 3517 2898 3587 quod
2927 3516 2991 3569 ad
3034 3532 3153 3571 eam
3212 3524 3443 3585 partem,
3483 3514 3668 3582 appel-

2082 3610 2212 3662 latio
2238 3608 2477 3673 deitatis,
2515 3624 2691 3679 neque
2733 3609 2984 3678 subjecto
3024 3624 3127 3663 suo
3164 3615 3470 3677 congruet:
3512 3621 3669 3674 mque

2080 3702 2246 3765 enim,
2279 3701 2363 3755 vel
2397 3702 2571 3771 magis
2600 3701 3145 3771 etiamimpossibile
3172 3708 3258 3755 est
3292 3699 3462 3753 Deum
3489 3696 3669 3751 nomi-

2083 3806 2214 3845 nare
2274 3791 2326 3845 id
2378 3792 2523 3861 quod
2578 3792 2932 3861 perfectionis
2986 3794 3138 3846 notio
3188 3808 3297 3846 non
3351 3792 3667 3855 comitetur,

2082 3897 2247 3951 quam
2278 3882 2434 3936 arido
2459 3884 2678 3952 corpori
2700 3898 2855 3952 aqua:
2882 3884 3306 3952 appellationem
3332 3883 3632 3937 attribuere
3651 3921 3668 3945 ,

2085 3980 2138 4027 et
2174 3973 2356 4043 ignem
2402 3974 2584 4027 dicere
2613 3974 2664 4028 id
2689 3975 2849 4043 cujus
2895 3974 3157 4043 frigescat
3186 3974 3461 4043 qualitas;
3492 3983 3542 4028 ct
3579 3989 3670 4027 ae-

2084 4078 2199 4118 rem
2232 4063 2469 4134 denique
2499 4064 2743 4119 vocitare
2774 4080 2887 4119 rem
2917 4063 3111 4119 duram
3139 4080 3204 4118 ac
3231 4064 3598 4119 resistentem.

2156 4249 2210 4304 5.
2252 4246 2307 4302 Si
2334 4263 2466 4317 ergo
2513 4254 2641 4301 vere
2688 4256 2744 4301 et
2794 4264 2905 4302 nor.
2956 4248 3179 4301 nomine
3217 4257 3379 4303 tenus
3430 4247 3671 4318 Spiritus

2086 4350 2314 4397 sanctus
2339 4355 2368 4392 a
2405 4338 2688 4409 Scriptura
2712 4338 3078 4409 Patribusque
3111 4341 3319 4394 nostris
3356 4340 3498 4395 Deus
3530 4358 3672 4395 nun-

2087 4441 2343 4503 cupatur,
2383 4433 2513 4501 quid
2542 4434 2653 4500 jam
2689 4431 2873 4487 dicere
2903 4434 3106 4487 habent
3129 4433 3163 4487 ii
3199 4435 3290 4503 qui
3328 4434 3521 4488 honori
3550 4433 3672 4506 Spi-

2089 4527 2227 4577 ritus
2275 4521 2682 4576 adversantur?
2726 4523 2862 4575 Nam
2917 4523 2962 4577 si
3004 4521 3150 4577 Deus
3188 4533 3295 4585 est,
3344 4540 3575 4597 prorsus
3620 4533 3674 4579 et

406 4610 578 4669 Θεῖον,
608 4608 702 4662 καὶ
733 4607 935 4675 ἀγαθὸν
960 4606 1176 4668 πάντως
1208 4606 1301 4659 καὶ
1324 4606 1548 4659 δυνατὸν
1579 4606 1672 4660 καὶ
1708 4606 1871 4675 σοφὸν
1900 4606 1969 4659 ἕν·

2090 4616 2265 4669 bonus
2290 4622 2375 4669 est
2412 4623 2466 4668 et
2508 4623 2704 4683 potens
2733 4625 2787 4669 et
2825 4614 3070 4682 sapiens,
3108 4591 3360 4683 itemque
3397 4616 3673 4684 gloriosus

405 4700 554 4767 δοξόν
586 4716 643 4751 τε
674 4700 766 4752 καὶ
794 4698 981 4762 ἀΐδιον,
1018 4699 1109 4751 καὶ
1144 4699 1319 4751 πάντα
1353 4698 1452 4750 ὅσα
1490 4698 1583 4751 τοῦ
1616 4697 1856 4751 τοιούτου
1891 4697 1986 4766 γέ-

406 4810 530 4855 νους
560 4792 705 4845 ἐστὶν
732 4790 970 4861 ὀνόματα
1009 4790 1143 4862 πρὸς
1180 4792 1239 4844 rb
1271 4791 1687 4864 μεγαλοπρεπὲς
1726 4791 1826 4855 τὰς
1858 4792 1990 4845 ὑπο·

406 4886 596 4957 λήψεις
641 4885 800 4956 ἡμῶν
846 4886 1159 4955 ἐπαίροντα,
1208 4885 1390 4937 Ταῦτα
1435 4887 1536 4939 οὑκ
1588 4887 1653 4940 ἐκ
1703 4886 1989 4956 μετουσίας

407 4975 609 5046 ἔχεινῆ
646 4975 885 5045 ἁπλότης
913 4974 1007 5027 τοῦ
1044 4974 1403 5044 ὑποκειμένου
1426 4975 1875 5047 διαμαρτύρεται,
1913 4976 1989 5040 ὡς

407 5068 537 5122 ἄλλο
573 5067 671 5138 μέν
702 5085 753 5120 τι
799 5069 863 5137 τῇ
906 5066 1097 5119 ἑαυτοῦ
1140 5066 1297 5135 φύσει
1329 5068 1573 5121 ὑπονοεῖν
1601 5064 1762 5129 εἶναι,
1804 5068 1991 5138 ἕτερον

409 5159 462 5211 δέ
501 5176 553 5212 τι
580 5158 832 5227 γενέσθαι
856 5160 922 5228 τῇ
960 5158 1233 5229 παρουσία
1255 5158 1364 5212 τῶν
1390 5159 1713 5230 εἰρημένων·
1751 5161 1859 5214 ῐδια
1882 5160 1989 5233 γὰρ

412 5249 583 5303 ταῦτα
625 5249 734 5302 τῶν
782 5248 1033 5302 σύνθετον
1072 5249 1363 5319 εἰληχότων
1396 5251 1493 5320 τὴν
1525 5249 1708 5319 φύσιν.
1759 5250 1990 5303 Ἀπλοῦν

416 5342 474 5393 δὲ
503 5341 564 5392 τὺ
605 5340 831 5410 Πνεῦμα
868 5340 929 5392 rb
966 5340 1121 5407 ἆγιον
1163 5340 1317 5410 παρά
1348 5342 1566 5395 πάντων
1625 5342 1821 5411 ἐπίσης
1865 5359 1989 5394 συν-

411 5433 782 5504 ωμολόγηται,
814 5436 908 5487 καὶ
927 5436 955 5487 ό
979 5434 1274 5503 ἀντιλέγων
1292 5434 1392 5486 οὑκ
1413 5433 1551 5487 ἔστι.
1572 5435 1634 5487 Εἰ
1661 5430 1753 5487 οὖν
1785 5435 1988 5498 ἁπλοῦς

413 5522 443 5573 6
469 5521 569 5591 τῆς
596 5522 808 5589 φύσεως
831 5523 995 5576 αὑτοῦ
1015 5524 1189 5591 λόγος,
1209 5524 1309 5576 οὑκ
1330 5524 1621 5593 ἐπίκτητον
1641 5524 1753 5594 ἔχει
1776 5525 1836 5577 rb
1855 5526 1991 5592 ἀγα-

417 5611 529 5672 θὸν,
556 5613 667 5665 ἀλλ’
704 5614 838 5668 αὑτὸ
870 5616 898 5667 ὃ
929 5614 981 5667 τί
1014 5615 1148 5667 ποτέ
1172 5618 1310 5677 ἐστι,
1337 5616 1607 5686 ἀγαθότης
1634 5617 1772 5680 ἐστὶ,
1802 5617 1985 5684 σοφία,

416 5704 665 5772 δύναμις.
696 5706 983 5775 ἁγιασμὸς,
1018 5707 1352 5777 δικαιοσύνη,
1396 5706 1652 5776 ὰῐδιότης,
1690 5707 1985 5779 ἁιρθαρσία,

418 5797 595 5849 πάντα
627 5795 694 5850 τὰ
734 5798 912 5869 ὑψηλά
947 5799 1051 5853 τῶν
1090 5800 1364 5870 ὀνομάτων
1398 5801 1489 5854 καὶ
1528 5802 1907 5871 ὑπεραίροντα*
1940 5803 1998 5855 rb

2091 4721 2155 4759 ac
2196 4707 2566 4774 sempiternus
2601 4713 2710 4773 est,
2741 4712 2795 4760 et
2824 4704 3093 4775 quidquid
3136 4704 3451 4772 hujusmodi
3487 4706 3674 4759 titulo-

2093 4814 2210 4851 rum
2247 4805 2481 4850 mentcm
2528 4805 2780 4851 nostram
2823 4794 2889 4849 ad
2938 4791 3401 4863 magnificentiam
3443 4797 3673 4849 extollit.

2094 4886 2265 4941 Porro
2312 4887 2427 4941 haec
2474 4902 2819 4956 nequaquam
2868 4902 2935 4940 ex
2969 4885 3389 4955 participatione
3437 4887 3675 4955 quadam

2090 4997 2214 5034 eum
2250 4980 2472 5043 habere,
2527 4979 2858 5048 simplicitas
2888 4978 3136 5047 ejusdem
3182 4986 3572 5041 contestatur;
3611 4994 3683 5031 ne

2095 5072 2238 5125 forte
2272 5072 2419 5125 aliud
2455 5070 2716 5141 quiddam
2746 5070 3095 5125 existimetur
3126 5071 3247 5139 ejus
3279 5081 3497 5136 natura,
3532 5072 3679 5124 aliud

2096 5178 2224 5217 vero
2257 5164 2306 5219 ei
2348 5164 2597 5218 accidere
2628 5164 2700 5218 ob
2744 5163 3128 5232 praedictarum
3160 5163 3489 5231 qualitatum
3543 5179 3680 5232 pra:-

2096 5257 2350 5309 sentiam.
2382 5254 2479 5309 Est
2499 5256 2647 5309 enim
2686 5255 2737 5308 id
2767 5256 3046 5324 proprium
3079 5270 3268 5308 earum
3303 5269 3507 5317 rerum,
3561 5269 3684 5322 qua:

2094 5345 2457 5415 compositam
2488 5352 2739 5399 naturam
2788 5346 2999 5398 sortita:
3035 5352 3183 5399 sunt.
3220 5343 3536 5413 Simplicem
3579 5359 3679 5397 au-

2096 5443 2201 5490 tem
2223 5450 2346 5489 esse
2376 5446 2624 5489 sanctum
2654 5433 2942 5504 Spiritum,
2976 5450 3085 5488 uno
3112 5434 3293 5488 cuncti
3318 5449 3435 5497 ore,
3464 5434 3687 5487 nemine

2096 5528 2530 5591 contradicente,
2562 5527 2821 5582 fatentur.
2861 5526 2915 5579 Si
2939 5542 3069 5596 ergo
3105 5526 3333 5595 simplex
3365 5535 3451 5581 est
3475 5533 3686 5578 natura:

2098 5622 2219 5689 ejus
2249 5621 2412 5685 ratio,
2468 5636 2579 5674 non
2634 5621 2799 5673 habet
2847 5620 3175 5689 acquisitam
3226 5620 3546 5681 bonitatem,
3586 5620 3685 5673 sed

2094 5715 2213 5783 ipse
2238 5714 2418 5783 qualis
2458 5723 2805 5783 quantusque
2838 5723 2943 5774 est,
2984 5713 3202 5767 bonitas
3243 5721 3347 5773 est,
3389 5711 3679 5780 sapientia,

2109 5809 2368 5875 potentia,
2405 5806 2690 5872 sanctitas,
2744 5804 2971 5871 iustitia,
3027 5804 3454 5875 seinpitcrnitas,
3492 5804 3676 5858 incor—
