4120 6394
390 389 493 444 52:9

1477 387 1843 443 ADVERSUS
1880 387 2428 444 MACEDONIANOS.

3493 391 3629 446 {350

351 509 592 577 λογικὸς,
619 509 738 561 οὐδὲ
772 509 1076 580 ἄνθρωπος.
1110 509 1174 562 Ei
1206 507 1263 561 δὲ
1291 507 1449 563 τοῦτο
1477 507 1708 573 δέδοται,
1740 508 1858 570 πῶς
1881 507 1942 560 τὸ

2044 516 2148 568 est.
2182 523 2250 561 ne
2281 507 2444 560 homo
2469 505 2690 576 quidem
2719 520 2950 576 prorsus
3007 515 3112 562 est.
3171 505 3330 573 Quod
3365 507 3410 562 si
3453 508 3632 562 homiv

357 600 701 671 συνημμένον
731 602 865 670 μετά
910 601 1004 654 τοῦ
1032 600 1319 674 ἀνθρώπου
1353 599 1638 668 νοούμενον
1663 597 1937 669 ἀμφιϐάλ-

353 690 540 757 λεται;
575 690 731 745 Οὕτω
759 692 938 744 τοίνυν
972 695 1019 745 εὶ
1053 691 1307 764 ἀληθεύει
1347 689 1596 762 περὶτοῦ
1626 689 1938 760 Πνεύματος

351 784 382 834 ὁ
419 781 570 834 Θεῖον
603 781 796 850 λέγων,
838 782 956 836 οὐδὲ
985 785 1013 835 ὁ
1056 781 1234 852 τίμιόν
1273 798 1332 834 τε
1364 783 1457 835 καὶ
1495 780 1702 846 ἔνδοξον
1737 779 1941 848 ἀγαθόν

353 890 414 926 τε
465 873 560 926 καὶ
603 873 825 927 δυνατὸν
863 869 1001 926 εἶναι
1039 874 1198 926 τοῦτο
1241 871 1626 944 διοριζόμενος,
1663 871 1936 942 ψεύδεται·

353 967 419 1034 τῇ
457 963 566 1035 γὰρ
592 965 688 1034 τῆς
717 963 992 1034 θειότητος
1033 963 1213 1034 ἐννοίᾳ
1244 965 1422 1017 πάντα
1459 963 1527 1018 τὰ
1552 963 1776 1018 τοιαῦτα
1817 967 1942 1035 νοήο

357 1071 502 1124 ματα
552 1055 989 1124 συνεισέρχεται·
1019 1053 1159 1108 ὥστε
1211 1056 1506 1123 ἀναγκαῖον
1531 1051 1671 1108 εἶναι
1699 1055 1808 1108 τῶν
1845 1055 1942 1108 δύο

352 1146 416 1198 τὸ
442 1146 627 1217 ἕτερον
654 1188 669 1211 ,
699 1145 731 1216 ἢ
763 1147 897 1216 μηδὲ
927 1145 1080 1198 Θεῖον
1107 1146 1306 1214 λέγειν,
1336 1146 1370 1218 ἢ
1400 1147 1564 1217 μηδὲν
1585 1145 1692 1198 τῶν
1717 1145 1942 1217 θεοπρε-

355 1235 473 1288 πῶν
500 1237 786 1306 νοημάτων
818 1238 1067 1308 ύποσπᾷν
1095 1237 1194 1307 τῆς
1219 1237 1514 1307 θειότητος.
1544 1238 1642 1291 Διά
1681 1237 1840 1291 τοῦτο
1862 1239 1944 1290 δεῖ

357 1328 574 1390 πάντως
611 1328 726 1398 μετ’
763 1327 1006 1399 ἀλλήλων
1039 1327 1106 1381 τὰ
1139 1327 1233 1381 δύο
1261 1329 1810 1398 καταλαμϐάνεσθαι,
1847 1332 1942 1384 καὶ

354 1421 455 1492 τὴν
499 1421 648 1474 θείαν
697 1419 859 1490 φύσιν
911 1421 1049 1492 μετά
1094 1423 1194 1492 τῆς
1243 1423 1556 1493 προσφυοῢς
1597 1423 1938 1493 ὑπολήψεως,

356 1510 452 1563 καὶ
474 1511 572 1574 τὰς
592 1511 836 1575 εὐσεϐεῖς
855 1511 1065 1576 ἐννοίας
1089 1512 1219 1584 περί⁸
1241 1512 1342 1583 τὴν
1371 1511 1522 1566 θείαν
1542 1529 1604 1566 τε
1660 1514 1755 1567 καὶ
1782 1514 1943 1586 ὑπερ-

361 1602 486 1672 έχου
495 1621 592 1657 σαν
632 1603 814 1673 φύσιν.

426 1695 488 1756 ζ’.
539 1697 689 1749 Ἐπεὶ
733 1692 824 1750 οὖν
869 1697 1082 1768 εἴρηται
1119 1696 1220 1766 τῆς
1253 1695 1406 1759 θείας
1455 1695 1670 1766 φύσεως
1711 1690 1942 1750 εἶναιτὸ

355 1787 602 1858 Πνεῦμα,
640 1789 734 1842 καὶ
775 1789 955 1852 καλῶς
983 1789 1218 1860 εἴρηται,
1251 1790 1400 1841 πᾶσα
1428 1787 1485 1840 δὲ
1521 1787 1942 1858 μεγαλοπρεπὴς

2039 616 2162 655 netn
2203 614 2328 654 esse
2353 597 2695 661 conceditur,
2721 613 2822 652 cur
2855 600 2924 653 de
2963 598 3056 652 illa
3079 591 3138 652 re
3165 599 3470 662 dubitatur,
3508 617 3632 668 qua:

2040 691 2250 746 homini
2287 692 2565 746 inhaerens
2601 705 2724 746 esse
2755 691 3120 761 intelligitur?
3150 690 3242 746 Sic
3269 707 3401 762 ergo
3427 693 3472 748 si
3505 709 3632 747 vere

2036 784 2107 838 de
2136 782 2344 854 Spiritu
2395 783 2658 853 loquitur,
2685 785 2778 852 qui
2827 782 2994 837 Deum
3027 784 3174 840 hunc
3211 783 3369 848 dicit,
3404 800 3474 838 ne
3537 784 3629 838 ille

2040 873 2259 944 quidem
2296 875 2582 939 mentitur,
2607 875 2698 945 qui
2731 875 2878 929 lntnc
2907 875 3230 944 gloriosum,
3263 877 3494 939 bonum,
3530 892 3628 946 po-

2039 973 2356 1037 tentemque
2409 981 2534 1022 esse
2582 965 2814 1021 deﬁnit:
2877 982 3004 1021 nam
3065 967 3290 1023 deitatis
3341 968 3627 1022 notionem

2040 1065 2240 1112 cuncta
2275 1043 2391 1112 haec
2418 1059 2656 1130 cogitata
2683 1060 3020 1113 comitantur
3052 1077 3067 1114 :
3103 1059 3178 1113 ita
3207 1068 3265 1114 ut
3299 1060 3624 1115 alterutrum

2039 1167 2071 1207 e
2095 1153 2313 1207 duobus
2349 1154 2421 1208 sit
2446 1154 2842 1217 necessarium.
2875 1155 2957 1209 vel
2984 1153 3153 1210 Deum
3176 1172 3288 1210 non
3316 1155 3522 1221 dicere,
3543 1155 3629 1209 vel

2041 1243 2246 1297 nullam
2278 1242 2388 1298 Deo
2446 1243 2734 1314 dignarum
2782 1245 3070 1300 notionum
3105 1245 3450 1301 subtrahere.
3489 1244 3628 1300 Pro-

2040 1341 2227 1402 pterea
2254 1337 2470 1402 oportet
2497 1341 2787 1404 utramque
2812 1350 2928 1389 rem
2954 1335 3119 1389 simul
3137 1335 3449 1404 complecti,
3480 1351 3631 1390 nem-

2041 1429 2182 1492 peet
2211 1421 2450 1475 divinam
2482 1431 2732 1476 naturam
2763 1438 2888 1477 cum
2914 1438 3161 1493 congruo
3190 1424 3259 1480 de
3287 1439 3351 1479 ea
3392 1424 3627 1495 judicio,

2040 1522 2094 1569 et
2121 1514 2459 1570 orthodoan
2479 1515 2627 1570 circa
2659 1516 2899 1570 divinam
2946 1527 3112 1588 atque
3136 1518 3321 1573 omnia
3357 1519 3629 1576 exceden-

2041 1613 2150 1660 tem
2183 1615 2439 1661 naturam
2478 1609 2762 1664 notiones.

2111 1697 2162 1752 7.
2189 1697 2326 1763 Quia
2345 1697 2726 1769 igiturdictum
2755 1707 2861 1767 est,
2892 1711 2946 1755 et
2983 1712 3130 1758 recte
3163 1703 3408 1773 quidem,
3441 1697 3639 1759 divina

2049 1783 2315 1854 Spiritum
2344 1788 2552 1856 pollere
2579 1797 2801 1855 natura,
2831 1792 3090 1860 quaelibet
3119 1804 3301 1848 autem
3335 1794 3627 1864 magniﬁca

355 1875 535 1932 ἔννοια
564 1877 640 1949 τῷ
662 1878 885 1949 ὀνόματι
925 1878 1100 1949 τούτῳ
1131 1877 1312 1939 καθὼς
1343 1876 1559 1948 εἴρηται
1590 1877 1943 1947 συνεμφαίνε-

2047 1875 2198 1930 notio
2229 1891 2355 1931 cum
2390 1877 2706 1947 hujusmodi
2736 1882 3123 1951 appellatione,
3151 1871 3317 1953 prout
3360 1885 3624 1951 diximus,

354 1991 466 2037 ται,
489 1974 516 2025 ό
541 1973 714 2024 ἐκεῖνο
746 1970 870 2034 δοὺς
900 1974 966 2042 τῇ
993 1971 1218 2041 δυνάμει
1240 2011 1254 2032 ,
1288 1969 1701 2040 συνωμολόγησε
1730 1970 1799 2023 τά
1834 1969 1943 2022 λει-

356 2063 590 2134 πόμενα.
617 2062 678 2115 τὸ
709 2062 800 2116 καὶ
833 2063 1040 2125 ἔνδοξον
1082 2058 1219 2115 εἶναι
1255 2062 1350 2115 καὶ
1399 2061 1623 2114 δυνατὸν
1655 2061 1749 2114 καὶ
1798 2061 1850 2113 εί
1889 2077 1942 2114 τι

357 2155 496 2225 πρὸς
533 2153 591 2207 τὸ
621 2156 867 2224 κρεῖττον
893 2153 1048 2222 φέρει
1067 2151 1164 2223 τὴν
1203 2151 1500 2223 σημασίαν.
1531 2151 1665 2204 Οὐδὲ
1705 2151 1814 2223 γὰρ
1840 2149 1944 2219 φύ-

359 2261 444 2296 σιν
467 2243 582 2312 ἔχει
617 2243 690 2314 μὴ
719 2242 1096 2312 ὁμολογεῖσθαι
1121 2241 1294 2296 ταῦτα
1332 2241 1462 2311 ’περὶ¹
1499 2241 1593 2294 τοῦ
1628 2241 1946 2312 Πνεύματος

306 2392 308 2394 _
357 2335 446 2388 διὰ
473 2336 532 2388 τὸ
563 2336 904 2405 ἀπεμφαῖνον
939 2335 1048 2388 τῶν
1086 2334 1670 2405 ἀντιδιαστελλομένων
1695 2337 1809 2398 τοῖς
1842 2352 1946 2388 τοι·

358 2429 536 2490 ούτοις
557 2427 814 2497 ὀνόμασιν
843 2444 859 2458 ο
889 2428 917 2479 ὁ
943 2428 1052 2496 γὰρ
1075 2426 1283 2491 ἐνδοξον
1312 2427 1387 2499 μὴ
1417 2427 1610 2493 διδοὺς,
1636 2427 1820 2494 ἄδοξον
1841 2425 1947 2480 δὼ-

362 2532 473 2568 σει·
495 2517 588 2569 καὶ
611 2517 720 2568 ὀτὸ
756 2516 976 2570 δυνατὸν
1015 2517 1222 2570 ἀθετῶν
1263 2518 1348 2569 ἐπ’
1380 2517 1566 2581 αὐτοῦ,
1603 2517 1682 2588 τῷ
1720 2516 1946 2588 ἐναντίῳ

363 2606 706 2678 συνθήσεται.
739 2606 1012 2669 Ὡσαύτως
1041 2608 1136 2660 καὶ
1171 2609 1298 2677 περὶ
1329 2607 1422 2660 τοῦ
1452 2609 1635 2678 τιμίου
1681 2611 1776 2662 καὶ
1807 2609 1945 2676 ἀγα-

361 2695 454 2748 θοῦ
486 2714 496 2725 ·
529 2698 622 2750 καὶ
651 2695 720 2750 τὰ
763 2697 898 2768 πρὸς
945 2696 1014 2750 τὰ
1056 2698 1338 2768 κρείττονα
1371 2701 1418 2752 εἰ
1452 2699 1527 2770 μὴ
1564 2699 1943 2770 παραδέχοιτο,

359 2789 428 2841 τὰ
457 2789 672 2842 ἐναντία
704 2789 920 2852 πάντως
942 2789 1284 2860 ὁμολογήσει.
1319 2791 1382 2842 EE
1413 2790 1469 2843 δέ
1497 2791 1723 2860 φρικτὸν
1751 2791 1908 2844 τοῦτο
1927 2783 1945 2854 ,’

363 2881 456 2934 καὶ
485 2880 664 2950 πάσης
697 2881 924 2944 ἀτοπίας
955 2882 1047 2935 καὶ
1080 2881 1430 2953 βλασφημίας
1467 2881 1721 2934 ἐπέκεινα
1742 2921 1756 2946 ,
1789 2881 1946 2952 δῆλον

359 2973 442 3024 ὅτι
481 2974 593 3035 τοῖς
629 2972 1014 3043 εὐσημοτέροις
1062 2973 1288 3041 ὀνόμασί
1325 2990 1382 3024 τε
1426 2972 1520 3026 καὶ
1552 2973 1786 3043 νοήμασι
1817 2971 1946 3043 περὶ

359 3063 453 3116 τού
490 3064 646 3131 ἀρτίου
698 3063 1008 3135 Πνεύματος
1061 3065 1108 3116 οί
1151 3062 1501 3128 εὐσεϐοῦντες
1555 3065 1942 3135 συνθήσονται,

361 3157 454 3209 καὶ
509 3155 727 3227 ἐροῦσιν
769 3153 908 3209 εἶναι
953 3155 1122 3209 ταῦτα
1157 3155 1196 3209 ἀ
1227 3155 1293 3227 δὴ
1329 3156 1587 3220 πολλάκις
1621 3159 1941 3228 εἰρήκαμεν,

359 3248 561 3318 τίμιον,
593 3247 838 3311 δυνατὸν,
878 3247 1085 3312 ἔνδοξον
1107 3288 1121 3311 ,
1150 3247 1373 3316 ἀγαθὸν,
1401 3249 1496 3302 καὶ
1525 3248 1646 3302 εἴτι
1680 3249 1808 3303 ἀλλο
1833 3251 1942 3304 τῶν
1972 3245 2011 3264 “⁴

363 3337 497 3408 πρὸς
522 3337 799 3390 εὐσέϐειαν
839 3337 1216 3390 συντεινόντων
1255 3337 1490 3406 λέγεται.
1532 3339 1719 3393 Ταῦτα
1744 3339 1802 3393 δὲ
1843 3341 1943 3394 οὐκ

360 3429 564 3493 ἀτελῶς
589 3431 874 3501 προσεῖναι
906 3429 985 3500 τῷ
1013 3429 1312 3499 Πνεύματι,
1345 3430 1466 3482 οὐδέ
1501 3432 1942 3503 περιωρισμένην

359 3523 550 3594 ἔχοντα
573 3523 666 3576 τοῦ
701 3523 869 3577 καλοῦ
900 3524 997 3594 τὴν
1020 3524 1313 3593 ποσότητα,
1344 3523 1459 3576 ἀλλ’
1492 3524 1585 3575 ἐπὶ
1623 3523 1682 3576 τὸ
1717 3524 1943 3594 ἄπειρον

358 3617 479 3674 ταῖς
517 3612 740 3682 κλήσεσι
789 3611 1154 3682 συμϐαίνοντα
1183 3629 1194 3640 ·
1231 3613 1291 3665 οὐ
1344 3613 1450 3683 γάρ
1487 3613 1647 3682 μέχρι
1678 3612 1822 3675 τινὸς
1862 3612 1944 3665 τί-

364 3723 484 3776 μιον
508 3749 521 3770 ,
548 3701 666 3759 εἷτα
706 3705 833 3759 ἄλλο
872 3725 924 3760 τι
961 3710 1159 3760 νοεῖται
1195 3706 1345 3778 παρὰ
1378 3708 1440 3760 τὸ
1488 3708 1688 3776 τίμιον,
1720 3705 1831 3758 ἀλλ’
1856 3706 1944 3758 ἀεὶ

361 3800 618 3853 τοιοῦτον.
651 3801 756 3854 Καὶ
807 3801 856 3852 εί
895 3801 1122 3853 κατόπιν
1167 3800 1275 3853 τῶν
1316 3799 1526 3853 αίώνων
1568 3798 1821 3866 λογίζοιο,
1850 3799 1944 3851 καὶ

359 3893 409 3946 εξ
437 3893 570 3962 πρὸς
591 3891 653 3944 τὸ
677 3891 873 3962 ἐφεξῆς
907 3892 1245 3964 ἀποϐλὲπῃς,
1279 3893 1339 3945 ἐν
1371 3891 1546 3944 οὐδενὶ
1562 3890 1620 3943 τὸ
1658 3891 1840 3943 λεῖπον
1863 3890 1944 3952 είς

357 3986 521 4057 τιμὴν
545 3986 577 4056 ἢ
598 3985 754 4051 δόξαν
776 3985 808 4055 ἦ
836 3985 1063 4056 δύναμιν
1092 3985 1428 4056 ἐξευρήσεις,
1449 3987 1525 4047 ὡς
1552 3983 1584 4054 ἢ
1608 3983 1748 4036 κατὰ
1776 3999 1943 4053 προσ-

360 4077 534 4149 θήκην
568 4076 844 4144 αὔξεσθαι,
870 4078 903 4148 ἢ
942 4077 1295 4130 ἐλαττοῦσθαι
1321 4077 1386 4130 δι’
1418 4076 1777 4148 ὑφαιρέσεως.
1799 4075 1942 4128 Οὐκ-

359 4172 452 4224 οὖν
483 4173 530 4224 εί
580 4170 701 4224 ὅλον
751 4170 818 4224 δι’
859 4170 982 4223 ὅλου
1015 4170 1241 4235 τέλειον,
1286 4171 1344 4222 ἐν
1375 4170 1551 4223 οὐδενὶ
1590 4169 1806 4238 δέχεται
1844 4167 1942 4236 τὴν

359 4263 674 4316 ἐλάττωσιν.
707 4261 845 4314 Καθ’
875 4261 903 4314 ὃ
948 4261 1056 4332 γὰρ
1095 4261 1160 4314 ἂν
1213 4261 1416 4332 μειωθῇ
1464 4261 1596 4331 περὶ
1625 4261 1726 4330 τὴν
1758 4259 1941 4313 τοιαύ-

358 4373 457 4424 την
505 4354 820 4424 ὐπόνοιανὴ
859 4353 1153 4424 τελειότης,
1185 4353 1305 4405 κατ’
1330 4354 1504 4405 ἐκεῖνο
1549 4350 1708 4403 δώσει
1760 4349 1944 4422 χώραν

359 4445 480 4506 ταῖς
507 4441 860 4512 ἀτιμοτέροις
888 4440 995 4493 τῶν
1019 4441 1338 4510 ὐπολήψεων
1357 4455 1371 4470 ο
1390 4439 1449 4492 τὸ
1481 4438 1588 4510 γὰρ
1622 4439 1696 4509 μὴ
1726 4439 1943 4502 τελείως

2043 1969 2260 2022 elucet:
2296 1969 2391 2039 qui
2429 1970 2570 2026 hanc
2603 1971 2654 2026 ei
2709 1972 2966 2027 concedit
3008 1975 3289 2042 virtutem,
3337 1977 3631 2032 conﬁtetur

2045 2068 2102 2114 et
2132 2061 2373 2131 reliqua,
2410 2079 2609 2134 nempe
2648 2072 2704 2120 et
2742 2065 3044 2136 gloriosum
3069 2083 3192 2122 esse
3221 2079 3272 2122 et
3327 2079 3626 2138 potentem,

2044 2161 2100 2207 et
2131 2153 2352 2222 quidvis
2387 2155 2538 2210 aliud
2594 2157 2839 2211 melioris
2891 2159 2971 2212 rei
3025 2159 3392 2228 signiﬁcatum
3442 2162 3626 2218 habet.

2041 2244 2232 2316 Neque
2258 2248 2403 2301 enim
2430 2249 2694 2318 possibile
2726 2257 2811 2304 est
2834 2265 2942 2304 non
2980 2251 3230 2306 conﬁteri
3263 2253 3377 2307 haec
3407 2255 3473 2310 de
3500 2257 3629 2326 Spi-

2045 2335 2174 2400 ritu,
2203 2347 2427 2406 pr0pter
2459 2338 2956 2393 contradictionem
2988 2341 3207 2396 illorum
3241 2359 3366 2412 qua:
3399 2345 3484 2401 his
3528 2363 3629 2416 op-

2045 2437 2328 2496 ponuntur
2361 2429 2778 2486 vocabulorum.
2843 2429 2979 2484 Nam
3011 2435 3102 2502 qui
3150 2435 3455 2504 gloriosum
3507 2454 3630 2493 esse

2045 2533 2157 2572 non
2182 2519 2467 2578 concedet.
2502 2519 2798 2590 inglorium
2832 2523 3163 2592 aliirmabit;
3199 2527 3289 2595 qui
3329 2529 3629 2596 potentiam

2044 2612 2092 2664 ei
2127 2611 2428 2679 negaverit,
2455 2615 2796 2666 contrarium
2817 2623 3042 2670 annuet.
3065 2615 3206 2672 Idem
3227 2618 3316 2672 ﬁet
3334 2621 3402 2674 de
3425 2621 3630 2676 honore

2043 2715 2109 2755 ac
2145 2701 2422 2768 bonitate;
2459 2717 2522 2756 ac
2556 2703 2664 2758 nisi
2696 2706 2904 2772 majora
2938 2709 3062 2775 quis
3091 2709 3366 2772 admittat,
3409 2719 3632 2766 contra-

2045 2793 2125 2846 ria
2153 2794 2379 2847 omnino
2410 2792 2694 2849 fatebitur.
2725 2795 2888 2862 Quod
2914 2799 2960 2852 si
3001 2800 3103 2854 hoc
3146 2801 3482 2856 horrendum
3520 2813 3626 2866 est,

2043 2895 2099 2939 et
2131 2899 2298 2954 supra
2325 2899 2542 2938 munem
2569 2885 2970 2943 absurditatem
3001 2898 3167 2959 atque
3207 2892 3629 2962 blasphemiam,

2044 2981 2264 3028 constat
2292 2989 2512 3043 aequum
2548 2989 2672 3030 esse
2701 2985 2758 3030 ut
2788 2977 3212 3046 gloriosioribus
3244 2981 3420 3038 titulis
3464 2991 3631 3053 atque

2044 3066 2406 3135 conceptibus
2425 3067 2572 3121 circa
2593 3065 2862 3137 Spiritum
2879 3081 3130 3125 sanctum
3154 3073 3448 3128 orthodoxi
3469 3083 3632 3130 utau-

2047 3163 2173 3221 tur;
2223 3155 2524 3226 dicantque
2584 3158 2638 3212 id
2671 3159 2817 3229 quod
2873 3175 2974 3214 nos
3033 3161 3464 3229 inculcavimus,’
3502 3182 3630 3221 eum

2045 3262 2170 3302 esse
2203 3247 2611 3315 honorabilem,
2663 3258 2966 3321 potentem,
3018 3253 3348 3323 gloriosum,
3402 3257 3627 3322 bonum,

2043 3351 2098 3396 et
2129 3343 2398 3413 quidquid
2432 3343 2580 3399 aliud
2610 3345 2678 3399 ad
2709 3354 2920 3401 rectum
2953 3348 3163 3401 cultum
3196 3360 3449 3419 spectare
3473 3351 3630 3407 vide-

2045 3441 2158 3488 tur.
2196 3434 2321 3490 Haec
2349 3445 2531 3489 autem
2579 3437 2723 3492 haud
2777 3439 3098 3509 imperfecta
3133 3441 3363 3514 Spiritui
3418 3445 3629 3509 insunt,

2044 3540 2228 3594 neque
2277 3525 2560 3580 deﬁnitam
2597 3526 2803 3582 habent
2851 3531 3193 3586 excellentiae
3242 3533 3630 3602 quantitatem,

2044 3615 2140 3668 sed
2167 3616 2224 3669 in
2274 3615 2602 3671 immensum
2653 3618 3052 3687 appellationes
3103 3636 3234 3676 suas
3281 3623 3626 3680 extendunt:

2045 3723 2156 3762 non
2193 3709 2340 3762 enim
2377 3709 2728 3778 aliquatenus
2765 3710 3103 3766 honorabilis
3137 3712 3382 3782 Spiritus
3427 3725 3534 3777 est,
3572 3723 3631 3770 et

2046 3798 2244 3854 deinde
2275 3799 2424 3853 aliud
2457 3800 2591 3869 quid
2625 3800 2678 3854 in
2709 3815 2776 3855 eo
2811 3801 2952 3855 citra
2985 3802 3401 3859 honorationem
3444 3809 3632 3877 sequi-

2047 3900 2156 3953 tur,
2192 3891 2287 3946 sed
2321 3907 2539 3960 semper
2578 3890 2894 3960 hujusmodi
2928 3901 3032 3948 est.
3080 3893 3147 3948 Et
3174 3896 3222 3950 si
3252 3898 3452 3951 saecula
3481 3907 3629 3955 retro

2045 3992 2294 4051 reputes,
2349 3983 2478 4036 etsi
2541 3982 2724 4035 futura
2756 3982 3086 4052 prospicias,
3140 3986 3454 4042 nullatenus
3501 4003 3629 4042 eum

2045 4074 2392 4129 desiderasse
2431 4074 2694 4128 honorem
2744 4083 2841 4128 aut
2876 4076 3102 4145 gloriam
3155 4085 3248 4130 aut
3298 4086 3626 4146 potestatem

2046 4165 2376 4235 contperies,
2411 4165 2487 4219 ita
2517 4172 2576 4218 ut
2601 4167 2681 4219 vel
2719 4165 3095 4221 additamenta
3124 4168 3333 4237 augeri,
3363 4169 3447 4223 vel
3491 4170 3628 4224 sub-

2046 4257 2321 4311 tractione
2353 4257 2526 4311 minui
2577 4257 2840 4326 potuerit.
2895 4256 3038 4328 Ergo
3103 4259 3148 4314 si
3207 4275 3628 4329 quaqueversus

2047 4347 2325 4417 perfectus
2357 4355 2468 4410 est,
2497 4348 2648 4401 nulla
2676 4348 2733 4402 in
2765 4364 2824 4403 re
2869 4350 3131 4403 minorari
3168 4360 3363 4418 potest.
3412 4350 3627 4406 Etenim

2047 4441 2235 4509 inquo
2269 4440 2420 4493 circa
2457 4440 2599 4495 hanc
2629 4441 2714 4495 sui
2753 4441 3035 4495 notionem
3071 4442 3461 4508 minorabitur,
3511 4445 3627 4498 illic

359 4535 558 4605 τίμιον,
604 4533 759 4604 μέρει
791 4534 900 4586 τινί
925 4533 1021 4585 τοῦ
1052 4531 1295 4585 ἐναντίου
1329 4531 1577 4602 μετέχειν
1611 4531 1937 4584 ὐπονοεῖται.

2049 4543 2244 4583 ansam
2303 4529 2570 4598 praebebit
2617 4529 2915 4600 indigniori
2948 4530 3018 4584 de
3057 4545 3116 4585 se
3167 4531 3446 4600 opinioni;
3498 4549 3626 4587 nam

362 4627 423 4677 Ei.
450 4625 506 4676 δὲ
535 4625 693 4677 τοῦτο
734 4623 826 4678 καὶ
865 4622 1056 4692 μέχρις
1097 4621 1306 4684 ἐννοίας
1345 4621 1550 4682 λαϐεῖν,
1576 4622 1674 4692 τῆς
1703 4621 1938 4690 ἐσχάτης

359 4713 738 4784 παραπληξίας
765 4715 900 4776 ἐστὶ,
923 4711 1101 4774 καλῶς
1130 4710 1241 4782 ἔχει
1271 4711 1484 4774 πάντως
1513 4711 1760 4782 ἀόριστον
1790 4708 1938 4779 αὐτῷ

360 4808 453 4860 καὶ
506 4807 920 4876 ἀπερίγραπτον
972 4807 1071 4858 καὶ
1119 4807 1242 4856 κατ’
1276 4805 1429 4857 οὐδὲν
1476 4803 1641 4875 μέρος
1691 4801 1937 4873 ἠλαττω-

362 4898 532 4968 μένην
583 4899 1021 4969 προσμαρτυρεῖν
1061 4895 1158 4967 τὴν
1208 4899 1264 4948 ἐν
1314 4899 1424 4958 τοῖς
1470 4894 1691 4963 ἀγαθοῖς
1737 4892 1938 4946 τελειό-

356 5007 516 5060 τητα.
1645 4989 1660 5007 ⁸

427 5173 497 5242 η’.
575 5172 638 5225 EE
667 5171 732 5243 δὴ
762 5169 1002 5224 τοιοῦτόν
1040 5171 1206 5236 ἐστιν,
1239 5168 1435 5240 ἐφεξῆς
1455 5171 1483 5221 ό
1508 5168 1662 5236 λόγος
1687 5168 1782 5221 καὶ
1810 5169 1936 5238 περὶ

359 5265 453 5318 τοῦ
489 5264 619 5318 Υἱοῦ
650 5264 711 5317 τὸ
731 5259 847 5318 ἶσον
885 5262 1290 5331 διασκεψάσθω,
1325 5262 1570 5332 καὶπερὶ
1597 5261 1689 5314 τοῦ
1728 5262 1938 5330 Πατρὸς

361 5357 644 5419 ὡσαύτως.
670 5351 796 5426 'Ap‘
817 5354 936 5426 οὐχὶ
957 5353 1018 5407 τὺ
1037 5354 1242 5407 τέλειον
1262 5353 1513 5424 ὁμολογεῖ
1541 5353 1638 5423 τῆς
1662 5354 1822 5423 τιμῆς
1846 5353 1940 5404 καὶ

361 5449 456 5500 ἐπὶ
480 5447 668 5501 τούτου
713 5449 806 5500 καὶ
833 5447 918 5500 ἐπ’
950 5447 1192 5512 ἐκείνου;
1233 5447 1446 5509 Πάντας
1475 5440 1628 5514 οἶμαι
1656 5447 1782 5508 τοὺς
1816 5444 1940 5497 νυῦν

362 5541 585 5610 ἔχοντας
629 5541 742 5608 τοῖς
780 5539 1094 5612 εἰρημένοις
1122 5539 1501 5610 συνθήσεσθαι.
1547 5539 1608 5592 Εἰ
1635 5535 1729 5591 οὐν
1758 5537 1941 5590 τελεία

361 5629 456 5686 τοῦ
497 5631 711 5702 Πατρὸς
743 5633 777 5702 ἡ
819 5632 974 5704 τιμὴ,
1008 5630 1188 5684 τελεία
1227 5629 1284 5682 δὲ
1329 5630 1422 5682 καὶ
1459 5628 1551 5682 τοῦ
1586 5627 1737 5691 Υίοῦ,
1767 5645 1939 5700 προσ-

364 5723 725 5796 εμαρτυρήθη
750 5723 807 5776 δὲ
847 5724 942 5777 καὶ
974 5723 1051 5794 τῷ
1073 5723 1214 5793 ἁγίῳ
1249 5722 1525 5792 Πνεύματι
1559 5721 1658 5791 τῆς
1686 5722 1851 5791 τιμῆς
1879 5721 1940 5773 τὸ

362 5816 585 5884 τέλειον,
613 5816 701 5870 διὰ
731 5816 782 5869 τί
820 5815 1200 5888 νομοθετοῦσιν
1235 5817 1365 5886 ἡμῖν
1403 5817 1450 5868 οἱ
1483 5813 1656 5868 καινοὶ
1682 5813 1939 5884 δογματι-
1970 5877 1975 5882 _

2045 4622 2207 4692 quod.
2229 4622 2467 4691 perfecte
2497 4637 2607 4675 non
2637 4629 2722 4676 est
2751 4621 3088 4686 honorabile,
3124 4637 3238 4676 rem
3288 4624 3624 4678 contrariam

2033 4714 2395 4783 aliquantum
2430 4714 2759 4784 participare
2784 4715 3078 4770 videbitur.
3119 4714 3279 4781 Quod
3315 4718 3360 4772 si
3391 4718 3497 4772 hoc
3543 4719 3626 4773 vel

2046 4803 2102 4856 in
2128 4812 2364 4859 mentem
2405 4811 2618 4858 tantum
2673 4803 2964 4861 admittere
3001 4822 3228 4862 summa:
3266 4807 3492 4864 insaniae
3517 4817 3624 4876 est,

2047 4897 2184 4952 bene
2210 4905 2295 4952 est
2328 4905 2388 4951 ut
2416 4896 2644 4951 omnino
2683 4899 3047 4953 conﬁteamur
3094 4899 3364 4954 inﬁnitam
3393 4917 3524 4958 esse
3566 4903 3624 4958 in

2049 4988 2256 5060 Spiritu
2291 5000 2345 5044 et
2377 4991 2932 5060 incircumscriptam,
2959 5006 3022 5045 ac
3039 4993 3354 5049 nullatenus
3373 4996 3623 5050 mutilam

2047 5083 2314 5136 bonorum
2347 5083 2591 5135 omnium
2621 5081 3036 5152 perfectionem.

2124 5173 2178 5226 8.
2211 5169 2366 5236 Quod
2406 5171 2452 5225 si
2483 5171 2610 5226 talis
2639 5181 2724 5226 est
2755 5169 3017 5241 Spiritus,
3066 5173 3327 5244 deinceps
3366 5175 3434 5230 de
3482 5174 3624 5232 Filio

2049 5278 2272 5332 quoque
2302 5264 2418 5332 pari
2467 5269 2702 5325 ratione,
2739 5264 2977 5334 itemque
3007 5264 3076 5320 de
3123 5264 3306 5332 Patre,
3362 5267 3624 5338 dispicia-

2049 5367 2196 5407 mus.
2225 5351 2416 5407 Nonne
2444 5354 2743 5421 perfectum
2773 5361 2886 5406 tum
2919 5353 3084 5423 hujus
3117 5365 3230 5409 tum
3273 5355 3438 5410 etiam
3475 5359 3624 5414 illius

2046 5443 2311 5498 honorem
2343 5459 2467 5498 esse
2491 5445 2764 5499 fatemur?
2794 5443 2998 5500 Omnes
3019 5447 3293 5510 existimo,
3317 5448 3412 5518 qui
3444 5458 3626 5504 mente

2048 5547 2178 5590 sunt
2212 5535 2446 5605 praediti,
2489 5537 2640 5590 dicto
2675 5538 2806 5591 huic
2847 5552 3196 5595 assensuros.
3247 5539 3304 5594 Si
3334 5556 3465 5612 ergo
3497 5557 3624 5612 pcr-

2049 5626 2227 5684 fectus
2261 5639 2345 5684 est
2394 5627 2578 5684 Patris
2610 5628 2806 5691 honor,
2866 5632 3140 5701 perfectus
3195 5634 3322 5688 item
3375 5633 3520 5699 Filii,
3569 5646 3626 5692 et

2050 5730 2240 5776 sancto
2268 5736 2487 5790 quoque
2513 5721 2740 5792 Spiritui
2773 5725 3050 5793 perfectus
3081 5725 3257 5780 honor
3273 5725 3626 5782 confessione

2049 5820 2241 5869 nostra
2269 5813 2561 5875 tribuitur,
2591 5830 2691 5870 cur
2718 5814 2770 5868 hi
2801 5816 3061 5872 neoterici
3092 5816 3433 5889 dogmatistu:
3464 5817 3632 5873 nobis
