4120 6394
524 370 655 425 1311

1701 367 1759 422 S.
1787 364 2117 422 GBEGORII
2145 361 2441 417 NYSSENI

3656 364 3800 419 {Eii

523 490 848 560 praecipiunt
883 504 991 542 non
1019 496 1273 558 oportere
1306 504 1489 560 parem
1524 489 1599 543 illi
1628 488 1891 541 honorem
1915 484 2105 538 decer-

2211 481 2332 533 σταὶ
2388 478 2463 551 μὴ
2490 481 2600 533 δεῖν
2646 479 2927 550 ὁμολογεῖν
2975 481 3061 531 ἐπ’
3091 478 3255 532 αὑτοῦ
3290 480 3426 550 πρὸς
3456 478 3677 550 Πατέρα
3702 481 3800 533 καὶ

524 598 657 636 nere
706 596 768 634 ac
800 579 950 633 Patri
979 590 1032 634 et
1059 580 1196 633 Filio
1222 581 1244 634 ’ἒ
1278 582 1387 635 l\os
1413 589 1561 634 certe
1591 575 1963 646 disquisitioni
2010 588 2108 627 n0-

527 684 657 727 stra:
702 672 1082 735 consentanei,
1118 672 1169 726 id
1203 672 1349 741 quod
1414 671 1562 725 nullo
1618 668 1989 722 additamento
2039 663 2107 717 ad

527 762 918 834 perfectionem
980 762 1240 832 indigeat,
1313 765 1501 816 minus
1557 757 1873 814 bonorabile
1943 770 2107 826 quam

527 856 763 925 quodvis
809 856 1065 917 alterum,
1128 870 1306 924 neque
1356 854 1538 908 dicere
1580 866 1875 921 possumus
1930 864 2108 917 neque

523 951 788 1018 cogitare.
817 947 989 1017 Cujus
1012 948 1155 1001 enim
1185 961 1472 1001 excessum
1495 942 2107 1000 ratiociniumnostrmn

526 1056 637 1094 non
676 1040 904 1101 invenit,
934 1054 1249 1109 quanquam
1281 1039 1418 1092 nihil
1456 1038 1507 1092 ei
1544 1035 1904 1106 perfectionis
1927 1035 2105 1097 deest,

526 1149 763 1203 quanam
808 1134 866 1187 in
927 1150 984 1187 re
1020 1133 1380 1186 minutionem
1443 1132 1568 1200 ejus
1618 1130 1941 1201 comperiet,
1997 1142 2108 1181 non

526 1226 708 1280 video.
764 1223 869 1291 Qui
937 1233 1119 1279 autem
1180 1224 1409 1278 honoris
1463 1224 1751 1293 paritatem
1801 1230 2019 1289 negant,
2071 1220 2107 1273 ii

527 1332 755 1386 prorsus
792 1318 1059 1370 minorem
1097 1316 1326 1371 honoris
1371 1315 1601 1384 gradum
1632 1318 1958 1368 decernunt.
2019 1311 2109 1365 Si-

528 1408 732 1462 militer
775 1416 1313 1477 consequenterque,
1349 1407 1633 1460 deminuta
1688 1421 1757 1459 ex
1823 1418 2107 1473 compara-

526 1501 676 1555 tione
726 1516 851 1554 cum
899 1500 1128 1569 reliquis
1174 1515 1409 1570 persona
1458 1497 1722 1566 Spiritus,
1774 1506 2006 1552 cunctas
2040 1495 2108 1550 de

526 1606 591 1644 eo
631 1590 913 1660 religiosas
946 1592 1248 1644 sententias
1290 1590 1346 1642 in
1404 1588 1739 1641 contrarium
1776 1593 2009 1649 vertent,
2053 1594 2109 1640 et

528 1695 707 1749 neque
794 1680 1079 1741 bonitatis,
1144 1694 1322 1748 neque
1387 1679 1665 1747 potentiae,
1730 1692 1907 1746 neque
1966 1676 2107 1730 alius

528 1772 799 1842 eujusvis,
833 1774 979 1843 quod
1017 1772 1105 1842 pie
1132 1772 1199 1826 de
1233 1770 1426 1825 eodem
1452 1769 1675 1834 dicitur,
1711 1768 1959 1823 attributi
1983 1783 2105 1838 per-

2210 569 2338 621 Υἱὸν
2371 569 2431 621 τὸ
2456 569 2750 640 ὀμότιμον;
2787 569 2975 639 Ἡμεῖς
3007 569 3105 638 μὲν
3133 570 3239 641 γὰρ
3263 571 3374 633 τοῖς
3408 570 3798 641 ὲξητασμένοις

2208 663 2496 730 ἑπόμενοι,
2510 660 2571 712 τὸ
2603 661 2871 731 μηδεμιᾶς
2891 660 3206 732 προσθήκης
3232 663 3311 725 είς
3330 662 3607 715 τελείωσιν
3627 680 3797 733 προσ-

2207 751 2459 821 δεόμενον
2482 792 2496 813 ,
2527 751 2847 822 ἀτιμότερον
2886 752 3073 823 ἑτέρου
3118 753 3261 816 τινὸς
3292 753 3417 806 οὔτε
3449 754 3626 823 λέγειν
3670 752 3795 809 οὕτε

2208 845 2347 894 νοεῖν
2368 842 2662 912 δυνάμεθα.
2694 836 2768 896 Οὗ
2799 842 2907 912 γὰρ
2934 845 2996 896 τὸ
3025 843 3317 908 πλεονάζον
3346 845 3445 898 οὐκ
3490 847 3796 918 ἐξευρίσκει

2208 936 2236 987 ὁ
2260 934 2415 1001 λόγος
2447 932 2533 986 διὰ
2562 934 2622 986 τὸ
2651 934 2933 997 ἀνελλιπὲς
2952 952 3011 988 τε
3038 936 3134 990 καὶ
3162 937 3383 1001 τέλειον,
3402 939 3459 991 ἐν
3490 938 3595 992 τίνι
3629 957 3798 993 κατα-

2209 1026 2436 1096 λήψεται
2481 1027 2646 1080 αὐτοῦ
2679 1028 2778 1098 τὴν
2823 1028 3118 1081 ἐλάττωσιν
3177 1030 3276 1099 οὐχ
3324 1030 3455 1101 ὁρῶ.
3498 1032 3562 1084 ΟΞ
3591 1033 3648 1085 δὲ
3692 1034 3799 1086 ἀπ-

2194 1118 2564 1190 ,αγορεύοντες
2600 1118 2662 1172 τὸ
2692 1119 2952 1189 ὁμότιμον
2976 1158 2991 1181 ,
3029 1118 3410 1189 δογματίζουσι
3463 1122 3681 1185 πάντως
3734 1122 3799 1175 τὸ

2210 1209 2548 1280 ἀτιμότερον.
2578 1210 2687 1262 Καὶ
2713 1208 2945 1280 π[ἀσ]ας
2973 1210 3067 1263 καὶ
3099 1210 3359 1274 ὡσαύτως
3397 1212 3539 1265 κατά
3567 1214 3665 1283 τὴν
3693 1215 3794 1266 αὐ-

2210 1300 2308 1369 τὴν
2333 1299 2652 1353 ἀκολουθίαν
2686 1299 2775 1355 διὰ
2798 1302 2896 1371 τῆς
2925 1300 3068 1354 κατά
3107 1302 3206 1371 τὴν
3247 1301 3531 1373 σύγκρισιν
3555 1304 3794 1357 ὲλαττὼο

2212 1410 2369 1456 σεως,
2402 1393 2495 1445 ἐπὶ
2534 1392 2599 1445 τὸ
2647 1394 2888 1447 ἐναντίον
2931 1395 3032 1459 τὰς
3060 1395 3305 1461 εὐσεϐεῖς
3339 1396 3633 1467 ὑπολήψεις
3666 1399 3795 1466 περὶ

2207 1480 2301 1532 τοῦ
2325 1481 2465 1535 Πνεύ
2474 1498 2640 1552 ματος
2662 1482 3093 1554 παρατρέφουσι,
3122 1484 3199 1555 μὴ
3226 1487 3282 1538 ἐν
3312 1484 3628 1555 ἀγαθότητι,
3656 1486 3792 1557 μηδὲ

2209 1573 2266 1623 ἐν
2314 1572 2557 1643 δυνάμει,
2585 1574 2658 1645 μὴ
2684 1576 2742 1626 ἐν
2780 1574 2924 1645 ἄλλῳ
2942 1575 3049 1628 τινὶ
3073 1575 3182 1628 τῶν
3207 1575 3445 1641 εὺισεϐῶς
3470 1578 3597 1647 περὶ
3625 1577 3793 1631 αὑτοῦ

2209 1663 2514 1733 λεγομένων
2577 1663 3094 1737 συμμαρτυροῦντες
3141 1665 3201 1718 τὸ
3242 1666 3465 1721 τέλειον.
3506 1668 3569 1720 Ei
3614 1667 3669 1721 δὲ
3725 1668 3788 1720 τὸ

2211 1756 2472 1828 πρόδηλον
2506 1756 2605 1827 τῆς
2638 1758 2891 1821 ἀσεϐείας
2934 1758 3289 1822 ἐκκλίνοντες,
3327 1760 3386 1811 τὸ
3418 1761 3476 1813 ὲν
3519 1762 3682 1813 παντὶ
3711 1760 3791 1830 τῷ

531 1867 823 1921 fectionem
856 1866 1287 1921 confitebuntur.
1322 1865 1477 1932 Quod
1512 1866 1559 1919 si
1605 1863 1955 1919 manifestam
2001 1864 2106 1916 im-

2211 1846 2350 1900 κατά
2376 1848 2436 1901 τὸ
2467 1848 2667 1917 ἀγαθὸν
2696 1848 2972 1920 λεγομένῳ
3007 1851 3237 1920 νοήματι
3270 1851 3472 1904 τέλειον
3502 1853 3764 1922 ὁμολογοῦ

529 1959 787 2028 pietatem
824 1958 1089 2022 vitantes,
1143 1959 1195 2012 id
1221 1958 1368 2027 quod
1396 1956 1701 2028 generatim
1748 1955 1952 2009 bonum
1986 1969 2123 2008 esse.

528 2060 836 2119 reputatur,
874 2052 1175 2120 perfectum
1208 2050 1491 2117 fatentur;
1526 2050 1715 2103 dicant
1748 2048 1803 2102 hi
1833 2048 2111 2117 sapientes

525 2143 802 2209 quomodo
817 2142 1002 2196 haberi
1021 2144 1194 2211 possit
1230 2142 1456 2211 perfecti
1478 2140 1800 2211 perfectum,
1816 2140 1899 2193 vel
1935 2138 2111 2208 perfe-

525 2233 778 2298 ctius,vel
797 2235 969 2304 magis
983 2233 1537 2303 sempitemumﬁam
1554 2233 1813 2303 quamdiu
1830 2231 2113 2302 perfectio.

526 2337 616 2375 nus
649 2323 896 2377 definitio
918 2324 973 2376 in
997 2339 1107 2377 rem
1131 2325 1447 2393 quampiam
1479 2324 1651 2386 cadit,
1698 2323 1772 2377 ibi
1798 2338 1976 2391 neque
1994 2323 2113 2392 plus

526 2430 707 2484 neque
767 2416 947 2470 minus
995 2416 1050 2469 in
1122 2415 1477 2486 perfectionis
1531 2416 1758 2470 notione
1814 2414 1957 2468 ratio
2017 2414 2114 2468 ad-

527 2508 718 2561 mittit.

599 2599 654 2654 9.
707 2597 764 2653 Si
830 2614 961 2669 ergo
1026 2614 1120 2668 per
1190 2599 1374 2653 omnia
1420 2597 1720 2669 perfectum
1770 2614 1893 2653 esse
1949 2596 2117 2668 Spiri-

528 2697 646 2743 tum
697 2696 948 2745 sanctum
1008 2690 1321 2745 concedunt
1351 2730 1365 2755 ,
1416 2690 1691 2759 simulque
1744 2689 1800 2743 in
1859 2688 2115 2743 confesso

527 2793 612 2837 est
671 2782 1038 2837 orthodoxum
1126 2798 1251 2837 esse
1329 2782 1555 2837 credere
1643 2780 1823 2835 Patris
1899 2795 2116 2851 quoque

523 2889 593 2926 ae
624 2871 747 2927 Filii
797 2875 851 2928 in
909 2874 1058 2929 omni
1110 2890 1171 2929 re
1217 2875 1358 2928 bona
1415 2873 1839 2943 perfectionem;
1887 2888 2113 2927 curnam

529 2972 964 3020 consentaneum
999 2966 1197 3019 rationi
1223 2966 1474 3035 judicent
1507 2963 1772 3033 Spiritum
1823 2964 2112 3032 perimere,

526 3056 642 3125 jam
699 3056 1179 3115 demonstrarunt:
1234 3072 1357 3111 nam
1408 3057 1679 3127 perimeré
1734 3055 1852 3124 pari
1906 3055 2115 3110 honore

524 3149 818 3209 fruentem,
848 3149 1076 3216 perinde
1109 3157 1194 3202 est
1222 3160 1385 3215 atque
1413 3147 1631 3218 opinari
1658 3162 1781 3200 eum
1816 3144 2110 3215 perfectio-

528 3239 617 3293 nis
668 3254 774 3293 non
816 3239 1154 3308 participem.
1191 3237 1376 3293 Genus
1410 3247 1591 3293 autem
1644 3240 1877 3293 honoris
1909 3238 2111 3293 divinae

525 3338 736 3384 naturae
766 3332 1043 3385 tribuendi
1067 3331 1345 3402 quodnam
1366 3347 1491 3386 esse
1524 3332 1850 3401 opinantur,
1882 3349 1992 3403 quo
2016 3348 2110 3386 ca-

522 3436 647 3475 rere
679 3420 942 3491 Spiritum
971 3430 1220 3477 sanctum
1259 3422 1487 3476 volunt?
1510 3422 1704 3477 Utrum
1742 3425 1887 3477 hunc
1928 3424 2106 3493 ipsum

525 3514 811 3575 honorem,
862 3529 1025 3581 quem
1076 3513 1307 3567 invicem
1349 3513 1598 3568 homines
1644 3515 1950 3585 largiuntur
1992 3530 2109 3568 scr-

526 3618 690 3656 mone
738 3602 1085 3664 blandientes
1138 3611 1193 3656 et
1241 3604 1491 3673 corporis
1547 3613 1725 3674 gestu,
1779 3604 2105 3673 obsequium

523 3694 795 3747 comitatu
832 3693 1162 3764 praebentes,
1214 3702 1270 3750 et
1315 3702 1583 3764 quotquot
1629 3696 1733 3748 alia
1773 3711 1868 3765 per
1912 3712 2105 3749 vanam

522 3788 649 3839 vitae
671 3785 1131 3841 consuetudinem
1164 3787 1391 3842 honoris
1420 3786 1598 3840 ollicia
1646 3788 2107 3856 frequentantur?

524 3895 648 3948 qua:
687 3878 907 3947 quidem
968 3880 1155 3933 omnia
1209 3888 1516 3947 spontaneo
1581 3877 1923 3947 fungentiqu
1957 3890 2104 3933 motu

524 3972 699 4037 tiuut;
736 3986 968 4040 quaeque
1008 3972 1054 4025 si
1094 3971 1346 4025 omittere
1402 3970 1592 4035 velint,
1642 3971 1825 4024 nullus
1876 3986 1941 4024 ex
1984 3986 2106 4041 pro-

524 4065 644 4134 pria
675 4073 868 4117 natura
902 4063 1067 4117 homo
1099 4077 1323 4116 causam
1354 4061 1537 4124 habet,
1570 4069 1629 4115 ut
1660 4065 1731 4116 sit
1758 4076 1869 4130 prae
1907 4064 2106 4117 ceteris

524 4156 885 4216 honorabilis,
938 4156 1035 4225 qui
1090 4155 1348 4209 similiter
1392 4170 1584 4209 omnes
1629 4155 1821 4210 eodem
1894 4165 2105 4211 natura“:

522 4247 747 4302 modulo
780 4246 1343 4317 comprehenduntur.
1378 4245 1487 4302 Res
1514 4256 1597 4302 est
1634 4248 1937 4317 explorata,
1982 4249 2106 4301 nul—

525 4340 673 4408 lique
698 4338 1030 4392 dubitationi
1058 4338 1336 4400 obnoxia;
1392 4353 1515 4391 nam
1549 4338 1641 4408 qui
1686 4339 1846 4392 hodie
1880 4347 2105 4408 propter

523 4431 903 4500 magistratum
939 4444 1097 4498 quem
1140 4430 1279 4498 gerit
1312 4429 1683 4482 honorabilior
1713 4432 1927 4486 caeteris
1952 4431 2105 4485 vide-

2213 1952 2296 1988 σιν
2321 1978 2334 2002 ,
2366 1936 2676 1989 εἰπάτωσαν
2710 1939 2759 1990 οἱ
2805 1939 2979 2007 σοφοὶ,
3019 1938 3135 2002 πῶς
3158 1939 3360 1992 τελείου
3402 1940 3661 2011 τέλειονῆ
3703 1958 3791 1993 τε·

2209 2026 2477 2097 λειότερόν
2531 2028 2646 2080 ἐστι
2683 2028 2716 2098 ἢ
2768 2028 3292 2101 ἀῖδιὼτερον·[ἓ]ως
3345 2031 3454 2099 γάρ
3502 2030 3567 2083 ἂν
3614 2033 3643 2084 ὀ
3687 2032 3791 2102 τῆς

2209 2118 2542 2188 τελειότητος
2586 2120 2962 2191 ὲφαρμόζηται
2992 2121 3167 2191 λόγος,
3208 2121 3332 2175 οὔτε
3382 2123 3443 2174 τὸ
3471 2123 3630 2176 πλέον
3666 2124 3793 2177 οὔτε

2209 2209 2271 2259 τὸ
2294 2207 2513 2261 ἔλαττον
2547 2210 2606 2262 ἐν
2636 2212 2703 2282 τῇ
2736 2210 2830 2264 τοῦ
2863 2212 3070 2265 τελείου
3099 2213 3277 2283 ἐννοίᾳ
3306 2214 3334 2265 ὁ
3357 2212 3515 2281 λόγος
3534 2206 3684 2278 οὗτος
3713 2216 3791 2287 (τ)

2213 2318 2291 2352 πα
2301 2300 2600 2370 ραδέχεται.

2284 2592 2347 2644 θ’.
2376 2594 2440 2647 Εἰ
2475 2589 2567 2646 οὖν
2599 2593 2686 2648 διὰ
2725 2595 2941 2648 πάντων
2976 2595 3177 2649 τέλειον
3204 2596 3266 2650 τὸ
3305 2596 3526 2669 Πνεῦμα
3553 2598 3613 2651 τὸ
3638 2599 3797 2668 am
3870 2652 3877 2665 ,

2214 2681 2351 2739 εἶναι
2374 2687 2729 2754 συντίθενται,
2766 2690 3113 2761 ὡμολόγηται
3139 2692 3196 2745 δὲ
3230 2695 3366 2765 πρὸς
3390 2694 3600 2759 τούτοις
3635 2697 3796 2749 εὐσε-

2214 2778 2308 2842 ϐὲς
2349 2775 2486 2832 εἶναι
2535 2780 2631 2832 καὶ
2664 2780 2757 2833 τοῦ
2772 2782 2987 2853 Πατρὸς
3020 2784 3114 2837 καὶ
3148 2784 3243 2837 τοῦ
3279 2786 3407 2839 Υίοῦ
3442 2787 3504 2839 τὺ
3531 2789 3586 2840 ὲν
3631 2788 3797 2843 παντὶ

2214 2874 2403 2945 ἀγαθῷ
2430 2876 2653 2941 τέλειον,
2680 2878 2767 2940 τίς
2801 2880 2828 2931 ὁ
2857 2878 3013 2947 λόγος
3059 2879 3180 2932 καθ’
3211 2880 3269 2933 ὃν
3301 2879 3519 2950 εῦλογον
3549 2883 3796 2952 κρίνουσι

2216 2966 2441 3035 Πνεῦμα
2482 2967 2751 3038 ἀναιρεῖν,
2782 2969 3043 3023 δεδώκασι
3076 2987 3092 3002 ο
3125 2971 3201 3041 (8)
3230 2972 3288 3024 τὸ
3318 2974 3424 3043 γὰρ
3466 2974 3706 3042 ἀναιρεῖν
3735 2973 3800 3025 τὸ

2215 3059 2502 3128 ὁμότιμον,
2541 3061 2814 3127 ἀπόδειξίς
2862 3064 2976 3116 ἐστι
3017 3063 3107 3116 τοῦ
3153 3064 3226 3137 μὴ
3264 3064 3501 3135 νομίζειν
3548 3065 3797 3135 μετέχειν

2215 3150 2313 3220 τῆς
2363 3152 2713 3221 τελειότητος.
2760 3154 2901 3207 Αὐτὸ
2930 3155 2985 3208 δὲ
3026 3155 3184 3209 τοῦτο
3219 3158 3317 3228 τὴν
3350 3156 3513 3227 τιμὴν
3563 3157 3655 3209 ἐπὶ
3696 3159 3797 3228 τῆς

2216 3243 2364 3307 Θείας
2408 3243 2622 3312 φύσεως
2657 3246 2710 3299 τί
2751 3263 2879 3300 ποτε
2935 3248 3042 3319 ἄρα
3094 3249 3434 3319 νομίζουσιν,
3469 3245 3535 3321 ἦς
3569 3252 3799 3321 ἄμοιρον

2212 3330 2349 3387 εἶναι
2379 3336 2439 3388 τὸ
2477 3337 2701 3407 Πνεῦμα
2750 3338 3067 3407 βούλονταις
3110 3342 3345 3413 Πότερον
3392 3343 3595 3414 ταύτην
3633 3345 3796 3413 φασὶν

2210 3423 2277 3492 ἣν
2322 3424 2414 3476 καὶ
2462 3424 2740 3495 ἄνθρωποι
2765 3427 3073 3498 ἀνθρώποις
3106 3430 3420 3501 χαρίζονται
3451 3433 3592 3503 λόγῳ
3616 3451 3675 3486 τε
3706 3433 3797 3487 θε-

2214 3514 2537 3583 ραπεύοντες
2558 3517 2651 3569 καὶ
2695 3520 2970 3589 σχήματι,
3003 3521 3063 3573 τὸ
3123 3523 3363 3592 ὑπήκοον
3400 3525 3797 3596 ἐνδεικνύμενοι

2210 3606 2352 3663 κατά
2386 3610 2485 3681 τὴν
2525 3612 2772 3683 πρόοδον,
2804 3618 2898 3667 καὶ⁸
2948 3616 3048 3669 ὅσα
3076 3617 3299 3671 τοιαῦτα
3337 3622 3401 3690 τῇ
3451 3622 3655 3693 ματαίᾳ
3696 3621 3793 3675 τοῦ

2211 3701 2326 3771 βίου
2384 3703 2642 3775 συνηθείᾳ
2672 3705 2751 3774 τῷ
2802 3708 2901 3777 τῆς
2931 3708 3099 3779 τιμῆς
3144 3710 3353 3779 γίνεται
3401 3711 3543 3785 λόγῳ
3572 3731 3585 3777 ;
3615 3715 3794 3785 ’Ἃπερ

2208 3795 2388 3849 πάντα
2416 3799 2483 3868 τῇ
2513 3798 2835 3869 προαιρέσει
2874 3800 2983 3853 τῶν
3028 3801 3202 3854 ταῦτα
3245 3805 3624 3875 ἐργαζομένων
3666 3823 3793 3858 συν-

2209 3889 2467 3959 έστηκεν·
2500 3884 2576 3944 ὧν
2606 3893 2727 3944 καθ’
2771 3893 3025 3946 ὑπόθεσιν
3066 3896 3138 3966 μὴ
3192 3896 3590 3968 προελομένων,
3639 3900 3791 3951 οὐδε·

2213 3981 2340 4050 μίαν
2380 3984 2444 4034 ἐκ
2474 3982 2691 4051 φύσεως
2718 3983 2968 4055 ἀφορμὴν
3003 3985 3114 4056 ἔχει
3140 3986 3249 4040 τῶν
3282 3988 3585 4059 ἀνθρώπων
3620 3990 3796 4053 οὐδεὶς

2208 4075 2285 4135 εἰς
2314 4073 2375 4125 τὸ
2403 4069 2541 4127 εἶναι
2583 4074 2694 4127 τῶν
2726 4075 2929 4131 λοιπῶν
2954 4079 3299 4151 τιμιώτερος,
3327 4083 3545 4135 πάντων
3591 4084 3796 4153 ὁμοίως

2208 4165 2350 4217 κατὰ
2400 4165 2470 4218 τά
2524 4166 2665 4220 αὐτὰ
2718 4167 2892 4239 μέτρα
2935 4169 3033 4240 τῆς
3090 4171 3303 4240 φύσεως
3355 4174 3792 4243 γνωριζομένων.

2208 4257 2392 4327 Σαφὴς
2414 4258 2471 4311 δὲ
2493 4261 2521 4312 ὁ
2545 4257 2701 4328 λόγος
2740 4261 2834 4313 καὶ
2861 4261 3118 4331 οὐδεμίαν
3140 4264 3468 4333 ἀμφιϐολίαν
3496 4264 3631 4334 ἔχων
3657 4282 3668 4293 ·
3700 4266 3797 4319 τὸν

2207 4351 2315 4420 γὰρ
2364 4352 2600 4419 σήμερον
2654 4352 2743 4405 διὰ
2790 4352 2888 4423 τὴν
2923 4354 3132 4424 ἀρχὴν,
3162 4351 3231 4426 ἧς
3262 4355 3584 4426 προέστηκε,
3614 4358 3795 4427 τίμιον

2206 4444 2316 4505 τοῖς
2353 4442 2563 4505 πολλοῖς
2610 4440 2747 4497 εἶναι
2781 4445 3039 4499 δοκοῦντα
3066 4488 3080 4511 ,
3114 4449 3419 4519 εὑρήσομεν
3454 4449 3650 4518 ἐφεξῆς
3694 4449 3794 4502 ἕνα

522 4530 633 4582 tur,
669 4537 793 4575 eum
822 4528 1011 4591 postea
1044 4520 1452 4589 comperiemus
1500 4520 1554 4574 in
1598 4522 1817 4576 illorum
1871 4538 2102 4577 numero

2211 4532 2315 4584 τῶν
2359 4532 2642 4604 τιμώντων
2692 4537 2783 4588 καὶ
2836 4536 2997 4590 αὐτὸν
3030 4540 3329 4609 γινόμενον,
3368 4541 3469 4610 τῆς
3497 4543 3669 4611 ἀρχῆς
3711 4544 3795 4606 εἰς

521 4611 617 4678 qui
646 4611 971 4681 obsequium
1005 4610 1286 4677 exhibent,
1312 4611 1578 4680 dignitate
1610 4612 1664 4666 in
1695 4614 1861 4667 alium
1916 4624 2102 4670 trans-

524 4704 656 4756 lata.
682 4701 823 4755 Num
857 4702 959 4756 hoc
983 4701 1147 4771 igitur
1184 4702 1409 4758 honoris
1446 4720 1619 4773 genus
1652 4705 1707 4759 in
1744 4706 1927 4761 divina
1966 4722 2104 4777 quo-

521 4810 628 4863 que
658 4804 855 4847 natura
892 4808 1016 4847 esse
1052 4802 1267 4863 putant,
1330 4796 1404 4849 ita
1462 4804 1521 4849 ut
1570 4797 1881 4853 volentibus
1944 4801 2102 4856 nobis

523 4887 787 4940 honorem
833 4885 1114 4949 exhibere,
1146 4886 1235 4940 vel
1266 4888 1334 4941 ab
1376 4888 1699 4943 honorando
1732 4892 2100 4957 cessantibus,

524 4988 622 5040 pro
658 4972 928 5026 arbitratu
965 4984 1158 5028 nostro
1187 4984 1366 5029 cesset
1395 4977 1617 5032 divinus
1644 4979 1865 5034 honor?
1908 4980 2103 5038 Nonne

522 5064 817 5118 ridiculum
872 5068 1058 5135 potius
1112 5067 1449 5137 impiumque
1500 5070 1641 5125 foret
1677 5075 1804 5127 talia
1855 5076 2102 5145 opinari?

520 5154 638 5210 Non
671 5158 816 5211 enim
863 5167 1084 5228 prapter
1111 5174 1212 5214 nos
1274 5162 1414 5217 Deus
1474 5166 1851 5221 honorabilior
1896 5170 2099 5237 evadit,

521 5245 620 5303 Sed
653 5262 870 5317 semper
893 5249 949 5302 in
977 5251 1168 5307 eodem
1199 5259 1345 5306 statu
1374 5261 1479 5319 est,
1514 5272 1690 5327 neque
1723 5260 1776 5312 in
1803 5258 1962 5329 pejus
2008 5271 2103 5316 aut

519 5338 718 5392 melius
746 5340 1022 5393 transilire
1048 5349 1227 5410 potest
1250 5360 1262 5396 :
1289 5358 1524 5412 quorum
1548 5346 1775 5401 alterum
1836 5366 1947 5404 non
2000 5352 2099 5405 ad-

520 5430 708 5491 mittit,
738 5431 968 5485 alterius
1001 5432 1426 5501 possibilitatem
1460 5450 1570 5489 non
1602 5436 1784 5492 habet.

591 5522 676 5578 lt).
725 5522 969 5589 Quanam
1030 5524 1215 5594 itaque
1268 5527 1480 5582 ratione
1529 5526 1699 5583 Deum
1759 5531 2101 5588 honorabis?

518 5609 801 5677 Quomodo
831 5614 1058 5670 extolles
1089 5616 1472 5674 Altissimum?
1497 5619 1782 5685 Quomodo
1823 5623 2095 5694 gloriﬁca-

508 5840 509 5843 η
589 5786 665 5856 (7)
699 5786 787 5844 Sic
816 5789 1049 5848 fortasse
1076 5792 1131 5848 in
1158 5793 1282 5850 cod.

2209 4624 2395 4695 ἕτερον
2435 4625 2869 4699 μετενεχθείσης.
2892 4624 2962 4681 *Α
2973 4631 3019 4699 ρ’
3044 4626 3137 4683 οὖν
3164 4630 3401 4685 τοιοῦτόν
3424 4649 3479 4684 τι
3499 4632 3596 4703 τῆς
3626 4634 3795 4702 τιμῆς

2209 4710 2345 4776 εἶδος
2379 4714 2473 4767 καὶ
2524 4715 2617 4768 ἐπὶ
2665 4717 2765 4789 τῆς
2796 4718 2946 4783 θείας
3004 4721 3217 4789 φύσεως
3276 4722 3617 4788 ἐπινοοῦσιν,
3649 4724 3793 4778 ὥστε

2211 4804 2544 4875 βουλομένων
2587 4808 2685 4876 μὲν
2723 4808 2879 4879 ἡμῶν
2913 4809 2972 4863 τό
3001 4811 3181 4881 τίμιον
3223 4812 3364 4882 ἔχειν
3384 4853 3398 4874 ,
3428 4816 3795 4884 παυσαμένων

2208 4895 2265 4947 δὲ
2296 4896 2390 4947 τοῦ
2417 4898 2600 4967 τιμᾷν,
2631 4902 2697 4968 τῇ
2727 4901 2970 4972 ἡμετέρᾳ
2996 4903 3312 4973 προαιρέσει
3352 4906 3794 4975 συγκαταλὴγειν

2207 4986 2306 5057 τὴν
2332 4982 2485 5040 θείαν
2516 4991 2719 5059 τιμήν;
2752 4993 2821 5044 Ἢ
2861 4994 3265 5060 καταγέλαστόν
3308 4997 3423 5047 ἐστι
3461 4998 3553 5049 καὶ
3597 4998 3792 5061 ἀσεϐὲς

2209 5075 2325 5146 ἅμα
2362 5077 2431 5131 τά
2475 5079 2702 5134 τοιαῦτα
2747 5086 2927 5149 νοεῖν;
2971 5086 3046 5137 Οὐ
3081 5086 3190 5155 γὰρ
3227 5086 3293 5138 δι’
3326 5089 3475 5157 ἡμᾶς
3520 5089 3583 5140 τὸ
3634 5089 3792 5143 Θεῖον

2209 5167 2401 5221 ἑαυτοῦ
2451 5170 2777 5244 τιμιώτερον
2808 5175 3054 5242 γίνεται,
3085 5177 3200 5230 ἀλλ’
3219 5179 3305 5231 ἀεὶ
3353 5178 3615 5245 ὡσαύτως
3653 5182 3790 5254 ἔχει,

2208 5258 2330 5312 οὔτε
2376 5261 2511 5329 πρὸς
2552 5262 2612 5314 τὸ
2655 5267 2834 5333 χεῖρον
2878 5266 3001 5320 οὔτε
3035 5268 3171 5339 πρὸς
3220 5270 3278 5322 τὸ
3332 5274 3578 5342 κρεῖττον
3625 5292 3792 5343 μετα-

2208 5348 2365 5417 ϐῆναι
2385 5349 2680 5420 δυνάμενον
2715 5369 2728 5382 ο
2762 5354 2824 5407 τὸ
2863 5355 2963 5425 μὲν
3007 5356 3116 5428 γὰρ
3145 5357 3206 5410 οὐ
3238 5358 3481 5429 δέχεται,
3507 5361 3569 5415 τὸ
3598 5362 3655 5415 δὲ
3688 5363 3792 5419 οὐκ

2206 5440 2341 5510 ἔχει.

2279 5539 2329 5587 ι’.
2353 5534 2469 5587 Τίνι
2488 5534 2667 5587 τοίνυν
2686 5537 2874 5608 τρόπῳ
2902 5542 3150 5612 τιμήσεις
3172 5543 3231 5595 τὸ
3265 5544 3418 5596 Θεῖον
3444 5562 3457 5609 ;
3494 5546 3617 5611 Πῶς

2208 5641 2320 5688 σεις
2357 5626 2448 5678 τὸν
2479 5626 2779 5696 ’Υψιστοεκ
2814 5631 2938 5696 Πῶς
2968 5633 3208 5698 δοξάσεις
3234 5636 3294 5690 τὸ
3331 5638 3471 5711 ὑπὲρ
3497 5642 3675 5694 πᾶσαν
3709 5642 3793 5695 ὀῦε

2284 5806 2358 5876 (8)
2388 5805 2463 5861 Ita
2500 5808 2715 5865 videtur
2749 5811 2802 5865 in
2823 5813 2941 5870 cod.
