4120 6394
320 403 463 459 1513

1486 398 1860 456 ADVERSUS
1899 395 2464 457 MACEDONIANOS.

3452 399 3595 459 ΜΗ

315 518 414 585 ξαν
439 533 454 583 ;
493 513 616 577 Πῶς
643 512 958 577 ἐπαινέσεις
981 513 1043 566 τὸ
1070 512 1455 585 ἀκατάληπτον
1482 532 1497 579 ;
1529 515 1593 567 El
1624 512 1801 565 πάντα
1836 507 1906 561 τὰ

2011 509 2096 565 bis
2129 511 2221 580 qui
2254 527 2473 567 omnem
2503 512 2733 583 gloriam
2778 512 3033 569 excedit?
3067 511 3352 580 Quomodo
3404 515 3592 571 lauda-

317 609 443 679 ἔθνη
473 608 548 669 ὠς
595 605 810 675 σταγὼν
849 606 959 659 ἀπὸ
1004 604 1202 669 κάδου,
1232 606 1415 670 καθώς
1447 622 1611 676 φησιν
1648 603 1895 665 Ἡσαΐας,

316 702 412 754 ἐὰν
442 701 593 753 πᾶσα
626 700 659 770 ἡ
686 698 796 752 τῶν
818 698 1117 769 ἀνθρώπων
1153 697 1266 769 ζωὴ
1299 696 1734 770 συναρμοσθεῖσα
1768 694 1899 764 ὁμό-

316 809 491 862 φωνον
514 789 811 863 ἀναπέμψῃ
848 790 946 861 τὴν
981 790 1159 857 δόξαν,
1187 790 1269 852 τίς
1312 789 1463 844 ἔσται
1508 787 1795 859 προσθήκη
1822 783 1899 855 τῷ

315 884 457 939 κατὰ
489 879 587 955 τὴν
617 883 777 953 φύσιν
803 882 998 953 ἐνδόξῳ
1037 886 1136 951 τῆς
1176 884 1430 950 σταγόνος
1471 884 1504 952 ἡ
1541 884 1741 952 χάρις;
1788 898 1805 929 ι
1837 880 1900 932 Οἱ

316 978 533 1048 οὐρανοὶ
564 975 872 1047 διηγοῦνται
904 976 1002 1046 τὴν
1031 975 1187 1041 δόξαν
1226 974 1319 1028 τοῦ
1347 974 1504 1037 Θεοῦ,
1532 993 1550 1024 ι
1587 974 1680 1027 καὶ
1714 972 1902 1043 μικροὶ

317 1070 557 1141 κήρυκες
609 1067 713 1138 τῆς
744 1067 902 1133 ἀξίας
937 1066 1266 1137 νομίζονται’
1291 1065 1631 1137 ιὸτιὲπῄρθη
1663 1067 1695 1136 ἡ
1728 1081 1903 1133 μεγα-

316 1161 614 1233 λοπρέπεια
653 1158 939 1222 αύτοῦ,›οὺ
965 1159 1126 1229 μέχρι
1154 1158 1260 1210 τῶν
1298 1158 1561 1228 οὐρανῶν,
1588 1156 1703 1211 ἀλλ’
1732 1156 1903 1226 ὑπερ-

317 1253 430 1305 άνω
450 1252 555 1304 τῶν
576 1250 843 1321 οὐρανῶν,
877 1248 985 1302 τῶν
1022 1248 1201 1320 μικρῷ
1242 1248 1396 1318 μέρει
1426 1248 1525 1318 τῆς
1552 1247 1802 1319 θεότητος
1836 1248 1900 1318 τῇ

318 1343 565 1413 σπιθαμῇ
630 1340 904 1413 τροπικῶς
961 1340 1338 1412 ὀνομαζομένῃ
1398 1337 1900 1410 περιειλημμένων.

317 1433 428 1487 Καὶ
454 1431 759 1503 ἄνθρωπος,
780 1430 841 1483 τὸ
860 1430 1121 1500 ἐπίκηρον
1141 1428 1299 1482 τοῦτο
1320 1428 1715 1501 καὶὼκύμορον
1742 1427 1902 1493 ζῶον,

318 1524 500 1588 καλῶς
541 1523 619 1593 τῷ
664 1524 841 1594 χόρτῳ
875 1524 1372 1594 προσεικασμένος,
1416 1523 1652 1592 σήμερον
1688 1519 1762 1573 ὣν
1810 1520 1905 1573 καὶ

317 1616 507 1687 αὔριον
536 1616 634 1668 οὐκ
663 1615 939 1683 ἐσόμενος,
967 1613 1132 1679 ἀξίως
1158 1613 1388 1683 τιμῆσαι
1422 1612 1521 1681 τὴν
1560 1611 1707 1664 θείαν
1742 1610 1904 1679 φύσιν

320 1706 953 1774 πεπίστευκεν;”ομοιον
980 1704 1167 1774 ὥσπερ
1198 1703 1264 1756 ἂν
1289 1703 1342 1756 εἷ
1362 1720 1444 1766 τις
1466 1701 1670 1771 ἐξάψας
1703 1700 1905 1772 λεπτὴν
1944 1746 1975 1777 η

316 1794 406 1850 ἵνα
434 1798 542 1851 ἀπὸ
586 1796 916 1863 στυππείου,
946 1794 1264 1867 προσθήκην
1302 1794 1421 1847 τινὰ
1458 1797 1578 1858 ταῖς
1620 1793 1713 1846 τοῦ
1752 1794 1905 1866 ἡλίου

322 1890 714 1960 μαρμαρυγαῖς
756 1887 844 1941 διὰ
874 1885 969 1939 τοῦ
1005 1886 1296 1957 σπινθῆρος
1330 1886 1702 1957 ὑπολαμϐάνοι
1739 1887 1898 1957 χαρί-
1930 1877 1973 1933 Β

320 1982 528 2048 ζεσθαι.
558 1980 621 2033 Τί
642 1979 814 2049 λέγων
837 1980 957 2032 είπέ
984 1996 1073 2049 μοι
1099 1980 1372 2051 τιμήσεις,
1401 1979 1497 2033 ἐάν
1542 1997 1646 2051 περ
1675 1980 1811 2043 ὅλως
1830 1998 1909 2033 τι-

323 2074 493 2145 μῆσαι
527 2073 773 2143 θελήσεις
802 2071 864 2124 τὸ
905 2070 1129 2141 Πνεῦμα
1160 2071 1221 2124 τὸ
1250 2070 1443 2139 ἆγιονς
1476 2073 1599 2125 Ὅτι
1637 2072 1909 2127 ἀθάνατόν

321 2168 435 2218 ἐστι
460 2164 674 2227 πάντως
694 2202 709 2227 ,
740 2163 820 2215 ὅτι
860 2161 1127 2232 ἄτρεπτόν
1167 2180 1227 2215 τε
1257 2163 1352 2217 καὶ
1394 2164 1750 2218 ἀναλλοίωτον
1770 2207 1784 2229 ,
1816 2166 1910 2219 καὶ

319 2258 408 2313 ἀεὶ
453 2257 634 2321 καλὸν,
670 2256 761 2309 καὶ
805 2254 1103 2326 ἀπροσδεὲς
1155 2256 1256 2326 τῆς
1306 2257 1507 2327 ἑτέρων
1553 2259 1796 2330 χάριτος,
1828 2261 1910 2313 ὅτι

322 2352 501 2406 πάντα
520 2351 580 2403 ὲν
614 2350 778 2403 πᾶσιν
812 2349 1024 2419 ἐνεργεῖ
1066 2346 1250 2411 καθὼς
1282 2348 1550 2418 βούλεται,
1582 2351 1758 2421 ἅγιον,
1783 2354 1911 2423 ἠγε-

325 2444 565 2513 μονικὸν,
594 2442 749 2505 εὐθὲς
768 2482 783 2505 ,
816 2440 1044 2499 δίκαιον,
1080 2440 1353 2509 ἀληθινὸν,
1384 2442 1454 2495 τά
1485 2443 1622 2515 βάθη
1653 2445 1909 2516 ὲρευνοῦν

322 2533 432 2587 τῶν
467 2532 603 2585 Θεοῦ
625 2573 640 2597 ,
681 2533 745 2585 ὲκ
774 2530 987 2601 Πατρὸς
1026 2530 1461 2601 ἐκπορευόμενον
1483 2573 1497 2597 ,
1530 2536 1593 2586 ἐκ
1638 2534 1731 2587 τοῦ
1779 2536 1908 2588 Υἰοῦ

321 2621 768 2694 λαμϐανόμενον,
800 2621 894 2673 καὶ
922 2619 1050 2671 εἴτι
1091 2616 1320 2673 τοιοῦτο.
1364 2620 1429 2672 Τί
1466 2616 1558 2673 οὖν
1586 2620 1673 2673 διὰ
1705 2621 1910 2674 τούτων

322 2712 546 2765 καὶτῶν
572 2712 827 2765 τοιούτων
854 2710 1087 2783 χαρίζῃ;
1130 2710 1209 2763 Τά
1237 2711 1505 2783 προσόντα
1544 2710 1738 2779 λέγεις,
1764 2712 1796 2782 ἢ
1822 2712 1910 2765 διὰ

322 2805 432 2857 τῶν
465 2805 540 2876 μὴ
571 2804 884 2876 προσόντων
919 2808 1086 2877 τιμᾷς
1115 2824 1130 2873 ;
1161 2808 1225 2860 El
1271 2805 1369 2876 μὲν
1397 2805 1507 2875 γάρ
1538 2803 1607 2857 τά
1638 2804 1711 2876 μὴ
1743 2822 1912 2876 προσ-

322 2896 451 2950 όντα
485 2900 947 2970 προσμαρτυρεῖς,
997 2899 1202 2969 ματαία
1231 2900 1264 2969 ἠ
1295 2896 1473 2969 χάρις,
1519 2896 1613 2950 καὶ
1651 2898 1730 2960 είς
1758 2896 1911 2950 οὐδὲν

327 2991 569 3061 φέρουσα
615 2989 778 3042 πλέον
802 3006 816 3019 ο
859 2992 888 3042 ὁ
914 2988 1020 3061 γὰρ
1052 2990 1113 3044 τὸ
1149 2989 1345 3060 πικρὸν
1386 2988 1556 3057 γλυκὺ
1586 2986 1780 3057 λέγων,
1814 2988 1913 3041 αὑ-

323 3082 415 3144 τὸς
448 3079 547 3150 μὲν
584 3078 882 3150 ἐψεύσατο,
911 3081 972 3134 τὸ
1006 3082 1062 3134 δὲ
1099 3082 1300 3152 ψεκτὸν
1352 3082 1453 3134 οὐκ
1480 3080 1729 3151 ἐπῄνεσε.
1772 3080 1833 3132 El
1855 3080 1911 3133 δὲ

324 3173 394 3227 τὰ
425 3172 551 3226 ὅντα
573 3172 782 3242 λέγεις,
816 3175 883 3244 τῇ
916 3172 1073 3241 φύσει
1122 3173 1364 3227 τοιοῦτόν
1403 3173 1520 3225 ἐστι
1552 3172 1769 3235 πάντως
1814 3170 1910 3225 καὶ

325 3264 713 3335 ὁμολογοῦντος
746 3264 841 3319 καὶ
896 3266 991 3337 μή.
1018 3266 1156 3336 Φησὶ
1182 3268 1290 3337 γάρ
1332 3267 1360 3319 ὁ
1388 3264 1706 3329 Ἀπόστολος
1719 3257 1904 3316 ὃτιιΕἱ

326 3357 680 3428 ἀπιστοῦμεν,
717 3358 919 3421 ἐκεῖνος
952 3358 1140 3421 πιστὸς
1168 3358 1337 3429 μένει.
1364 3378 1383 3412 ι

400 3643 488 3691 ια’.
527 3636 592 3689 Τί
617 3630 711 3689 οῦν
755 3634 1059 3705 βούλεταιή
1105 3632 1376 3703 ὑποστολὴ
1407 3632 1507 3702 τῆς
1531 3633 1716 3703 ψυχῆς
1753 3632 1845 3685 καὶ
1872 3632 1907 3701 ἡ

330 3727 725 3799 μεγαλοψυχία,
770 3727 863 3778 ἐπὶ
908 3726 1005 3796 μὲν
1038 3723 1132 3778 τοῦ
1162 3724 1376 3793 Πατρὸς
1418 3723 1905 3794 φιλοτιμουμένων,

326 3822 423 3874 καὶ
455 3820 534 3891 τῷ
564 3819 677 3889 Υίῷ
708 3819 892 3887 τυχεῖν
924 3817 993 3869 τά
1026 3812 1119 3869 ’ίσα
1149 3815 1521 3887 χαριζομένων
1540 3856 1554 3879 ,
1584 3814 1678 3867 ἐπὶ
1710 3814 1767 3867 δὲ
1812 3814 1907 3867 τοῦ

328 3914 645 3983 Πνεύματος
699 3908 1205 3981 σμικρολογούντων
1242 3907 1339 3979 τὴν
1369 3907 1529 3977 χάριν
1562 3924 1576 3972 ;
1612 3905 1783 3976 Εἴπερ
1824 3905 1910 3958 δέ-

325 4007 534 4059 δεικται
571 4005 673 4057 οὐκ
706 4004 771 4056 ἐκ
818 4003 918 4073 τῆς
954 4000 1325 4075 προαιρέσεως
1365 3998 1525 4069 ἡμῶν
1558 3998 1915 4069 πληρουμένη

327 4100 360 4169 ή
403 4097 548 4161 ἰδίως
582 4095 860 4167 προσοῦσα
883 4097 948 4166 τῇ
985 4094 1107 4165 θείᾳ
1154 4092 1313 4163 φύσει
1353 4092 1522 4162 τιμὴ,
1555 4091 1691 4145 ἀλλὰ
1736 4109 1907 4161 προσ-

328 4189 481 4258 φυῶς
525 4192 959 4258 συνυπάρχουσα.
1015 4186 1079 4238 Ἦ
1131 4184 1229 4255 μὲν
1262 4184 1370 4255 γὰρ
1410 4182 1771 4253 ἀγνωμοσύνη
1798 4185 1907 4238 τῶν

326 4278 637 4351 ἀχαρίστων
672 4277 759 4332 διὰ
796 4278 895 4348 τῆς
927 4274 1183 4347 τοιαύτης
1225 4275 1404 4330 αὐτῶν
1434 4273 1660 4345 γνώμης
1687 4274 1909 4344 ἐλέγχε-

326 4390 451 4427 ται·
478 4373 539 4426 τὸ
576 4372 633 4425 δὲ
662 4370 887 4442 Πνεῦμα
925 4372 993 4441 τῇ
1039 4366 1231 4421 ἑαυτοῦ
1261 4367 1421 4436 φύσει
1445 4367 1645 4438 τίμιον,
1672 4366 1903 4432 ἔνδοξον,

326 4464 570 4530 δυνατὸν,
603 4464 783 4517 πάντα
828 4466 897 4516 τὰ
930 4461 1111 4534 ὑψηλά
1154 4460 1263 4513 τῶν
1292 4459 1579 4532 νοημάτων
1614 4459 1738 4512 ’ἐστὶ
1759 4498 1774 4523 ,
1801 4459 1907 4513 κᾶν

326 4551 473 4613 οὗτοι
513 4556 587 4630 μὴ
639 4556 952 4628 βούλωνται.
1001 4554 1109 4608 Ναί
1157 4568 1353 4624 φησιν·
1392 4551 1529 4607 ἀλλὰ
1558 4551 1650 4604 τὸν
1683 4552 1907 4622 Πατέρα
1940 4585 1986 4642 D

330 4652 431 4721 μὲν
457 4648 785 4722 δημιουργὸν
809 4644 947 4702 εἶναι
978 4645 1129 4718 παρά
1153 4646 1253 4716 τῆς
1275 4645 1499 4716 Γραφῆς
1524 4643 1901 4715 ἐδιδάχθημεν·

326 4742 590 4806 ὡσαύτως
636 4743 730 4796 καὶ¹
777 4740 865 4794 διὰ
909 4738 1004 4794 τοῦ
1046 4738 1178 4792 Υίοῦ
1227 4738 1297 4792 τά
1341 4737 1518 4791 πάντα
1576 4736 1907 4807 γεγενῆσθαι

326 4834 604 4906 ἐμάθομεν
624 4875 639 4899 ,
659 4833 808 4887 οὐδὲν
832 4833 890 4886 δὲ
909 4831 1117 4885 τοιοῦτο
1140 4831 1268 4902 περὶ
1299 4828 1395 4891 τοῦ
1420 4829 1735 4899 Πνεύματος
1760 4829 1911 4900 ἡμᾶς

326 4928 528 4997 ὀλόγος
570 4926 824 4991 ἐδίδαξεν.
865 4926 975 4979 Καὶ
1007 4923 1127 4987 πῶς
1152 4925 1301 4976 ἐστιν
1338 4922 1484 4986 είκὸς
1522 4923 1603 4985 είς
1640 4922 1907 4992 ἰσοτιμίαν

328 5020 482 5090 ἄγειν
510 5019 571 5073 τὸ
617 5018 841 5089 Πνεῦμα
884 5017 946 5069 τὸ
974 5016 1131 5085 ἆγιον
1159 5014 1237 5085 τῷ
1278 5014 1364 5068 διὰ
1402 5015 1500 5085 τῆς
1548 5014 1907 5085 δημιουργίας

327 5113 551 5168 τοσοῦτο
606 5110 835 5183 μέγεθος
890 5109 1169 5179 δυνάμεως
1224 5106 1621 5178 ὲπιδειξαμένῳ
1660 5106 1773 5173 ;Τί
1815 5102 1909 5160 οὖν

328 5207 491 5277 ἡμεῖς
513 5204 648 5277 πρὸς
677 5201 833 5256 τοῦτο
864 5198 1306 5271 ἀποκρινούμεθα
1340 5199 1501 5263 ;”Οτι
1552 5198 1757 5268 μάταια
1786 5197 1911 5251 ἐλά-

328 5298 501 5368 λησαν
528 5300 587 5352 έν
630 5300 751 5360 ταῖς
778 5294 1027 5367 καρδίαις
1070 5293 1246 5347 αὐτῶν
1279 5293 1327 5345 οἱ
1378 5290 1692 5362 νομίζοντες
1721 5290 1796 5362 μὴ
1821 5290 1911 5344 ἀεὶ

333 5388 470 5461 μετὰ
503 5387 596 5442 τοῦ
644 5387 856 5459 Πατρδς
899 5387 996 5440 καὶ
1044 5385 1137 5439 τοῦ
1177 5383 1308 5438 Υίοῦ
1348 5385 1409 5437 τὸ
1445 5383 1669 5454 Πνεῦμα
1714 5378 1856 5436 εἶναι
1891 5423 1907 5447 ,

328 5479 465 5533 άλλά
510 5478 651 5532 κατά
680 5476 901 5549 καιρούς
936 5493 1089 5539 τινας
1117 5473 1249 5527 ποτὲ
1292 5474 1389 5544 μὲν
1430 5474 1513 5541 ἐφ’
1542 5471 1736 5525 ἑαυτοῦ
1773 5471 1906 5525 θεω-

332 5569 542 5644 ρεῖσθαι
567 5610 582 5631 ,
614 5570 744 5622 ποτὲ
769 5569 825 5622 δὲ
856 5568 1218 5639 συνημμένως
1262 5564 1797 5636 καταλαμϐάνεσθαι.
1842 5565 1907 5619 Εἰ

331 5665 439 5734 γάρ
476 5662 644 5733 χωρὶς
669 5661 761 5715 τοῦ
816 5660 1131 5731 Πνεύματος
1161 5658 1382 5728 γέγονεν
1408 5660 1435 5711 ὁ
1476 5656 1702 5728 οὐρανὸς
1736 5656 1830 5709 καὶ
1871 5658 1906 5725 ἡ

2010 603 2095 657 bis
2126 603 2628 674 inintelligibilem?
2670 604 2942 671 Quoniam
2984 621 3179 661 omnes
3208 617 3400 677 gentes
3432 615 3593 679 quasi

2010 694 2157 749 stilla
2185 696 2365 749 situla:
2394 708 2543 760 sunt,
2575 704 2633 751 ut
2664 696 2833 753 Isaias
2870 698 2946 751 ait
2979 700 3021 765 ⁸,
3053 698 3099 753 si
3141 697 3280 754 forte
3335 701 3594 757 universa

2010 788 2296 841 hominum
2360 788 2473 843 vita
2527 805 2638 845 uno
2697 801 2969 845 concentu
3020 807 3322 847 consonam
3381 794 3597 849 emittat

2011 878 2401 942 laudationem,
2438 894 2688 948 quzenam
2723 878 2816 935 lict
2850 881 3097 936 accessio
3125 881 3199 945 ei,
3244 884 3337 952 qui
3371 892 3597 938 natura-

2010 968 2136 1022 liter
2169 969 2445 1037 gloriosus
2474 977 2579 1033 est,
2608 984 2639 1023 a
2674 978 2839 1039 gutta:
2861 972 3079 1041 gratia?
3113 992 3131 1024 ι
3163 971 3300 1028 ϐωιί
3331 957 3597 1029 enarrant

2010 1060 2239 1130 gloriam
2278 1059 2371 1115 Dei
2397 1059 2441 1126 ³,
2471 1061 2793 1132 rexiguique
2823 1072 3122 1118 censentur
3148 1064 3432 1134 dignitatis
3458 1083 3597 1136 prato

2012 1167 2219 1215 cones;
2259 1171 2277 1202 ι
2322 1152 2581 1222 quoniam
2615 1155 2853 1208 exaltata
2886 1163 2971 1209 est
2992 1156 3398 1226 magniﬁcentia
3427 1159 3549 1227 ejus
3572 1179 3591 1211 ι

2012 1260 2121 1297 ltun
2157 1260 2335 1313 usque
2364 1245 2429 1299 ad
2459 1246 2652 1307 caelos,
2687 1246 2782 1300 sed
2830 1262 2996 1317 supra
3032 1249 3203 1303 caelos
3224 1250 3266 1314 ’⁵,
3297 1230 3396 1321 qui
3444 1253 3596 1305 tenui

2012 1336 2315 1391 divinitatis
2352 1346 2528 1406 parte,
2561 1355 2681 1408 quae
2724 1340 2937 1409 palmus
2998 1343 3210 1410 tropice
3257 1344 3595 1406 nominatur,

2012 1431 2581 1498 comprehenduntur.
2624 1432 2799 1488 llomo
2828 1443 3030 1497 autem,
3079 1442 3466 1505 temporaneus
3510 1438 3597 1491 hic

2012 1526 2066 1574 et
2094 1520 2275 1575 brevis
2311 1521 2491 1576 artatis
2547 1523 2823 1587 animans,
2880 1533 3137 1594 recteque
3188 1525 3315 1579 leno
3376 1541 3599 1596 compa-

2011 1621 2189 1671 ratus.
2224 1612 2316 1681 qui
2350 1613 2513 1667 hodie
2531 1622 2625 1669 .est
2668 1624 2721 1668 et
2754 1630 2914 1669 mane
2946 1631 3058 1670 non
3110 1618 3400 1682 subsistet,
3434 1618 3597 1690 digne

2013 1718 2074 1759 se
2103 1702 2508 1757 honoraturum
2538 1705 2779 1758 divinam
2803 1714 3059 1761 naturam
3095 1710 3369 1766 conﬁdet?
3414 1710 3597 1767 Veluti

2014 1797 2059 1850 si
2090 1796 2215 1866 quis
2241 1796 2551 1852 accendens
2582 1804 2801 1852 tenuem
2851 1810 3062 1870 stuppa:
3110 1802 3327 1870 ﬁbram,
3380 1806 3597 1860 addita-

2010 1897 2253 1943 mentum
2287 1887 2511 1957 aliquod
2541 1904 2602 1942 se
2638 1898 2857 1958 putaret
2895 1892 3029 1948 solis
3063 1894 3450 1963 splendoribus
3495 1900 3598 1952 hac

2010 1995 2111 2037 sua
2148 1980 2389 2036 scintilla
2422 1980 2630 2051 largiri.
2667 1980 3008 2047 Quibusnam
3050 1986 3254 2052 verbis,
3291 1986 3381 2042 dic
3439 1989 3596 2053 mihi,

2010 2074 2333 2136 honorabis,
2362 2073 2409 2127 si
2448 2073 2670 2143 quidem
2692 2074 2965 2130 honorare
3003 2079 3230 2133 omnino
3258 2080 3430 2146 voles,
3464 2096 3597 2136 san-

2011 2177 2162 2223 ctum
2198 2166 2508 2237 Spiritum?
2538 2165 2743 2237 Nempe
2769 2168 2919 2223 dices
2950 2184 3175 2237 prorsus
3221 2187 3345 2226 esse
3376 2172 3600 2227 immor-

2008 2260 2197 2329 talem,
2221 2259 2614 2322 invertibilem,
2640 2260 3065 2327 immutabilem,
3100 2279 3318 2333 semper
3366 2265 3597 2331 bonum,

2013 2351 2163 2405 nullo
2195 2352 2376 2404 alieno
2406 2350 2673 2405 beneﬁcio
2705 2359 2953 2421 egentem
2982 2370 2996 2417 ;
3027 2362 3082 2407 et
3121 2354 3266 2422 quod
3303 2363 3503 2410 (uncta
3539 2357 3596 2410 in

2010 2442 2229 2497 cunctis
2258 2449 2519 2511 operatur
2548 2452 2711 2512 prout
2750 2444 2901 2507 vult;
2956 2447 3107 2505 item,
3160 2454 3409 2501 sanctum
3444 2463 3590 2509 esse.

2013 2535 2361 2605 dirigentem,
2392 2546 2626 2595 rectum,
2692 2536 2927 2604 justum,
2988 2552 3259 2602 veraeem,
3319 2538 3591 2608 profunda

2014 2625 2107 2680 Dei
2154 2634 2517 2689 scrutantem,
2567 2643 2634 2681 ex
2687 2626 2849 2681 Patre
2896 2630 3300 2697 procedentem,
3361 2646 3390 2684 a
3455 2630 3597 2685 Filio

2012 2717 2398 2786 accipientem,
2438 2725 2492 2772 et
2542 2718 2588 2771 si
2639 2718 2768 2787 quid
2801 2728 3062 2788 praeterea
3104 2728 3209 2774 est.
3241 2720 3381 2787 Quid
3431 2737 3598 2792 porro

2014 2822 2115 2877 per
2137 2808 2253 2861 hazc
2287 2816 2341 2860 et
2372 2808 2478 2861 alia
2508 2808 2823 2877 hujusmodi
2878 2811 2926 2865 ei
2964 2812 3223 2882 largiris?
3272 2812 3419 2868 Eane
3477 2830 3600 2885 qua:

2012 2898 2178 2952 hath
2210 2899 2374 2961 dicis.
2412 2916 2482 2953 an
2517 2900 2587 2955 ob
2626 2916 2711 2965 ea,
2744 2917 2866 2971 qua:
2901 2918 3009 2957 non
3051 2904 3232 2970 habet,
3262 2904 3493 2961 laudas?
3538 2905 3599 2961 Si

2010 3007 2133 3059 qua:
2170 3006 2277 3045 non
2313 2993 2477 3046 habet
2506 2992 2575 3047 de
2620 3008 2686 3047 eo
2734 2993 3023 3063 praedicas,
3074 3012 3212 3049 vana
3257 3005 3341 3052 est
3390 2999 3593 3068 gratia,

2006 3081 2265 3153 nihilque
2295 3084 2651 3139 emolumenti
2675 3084 3003 3153 conferens;
3047 3103 3169 3141 nam
3206 3091 3299 3158 qui
3349 3106 3595 3145 amarum

2015 3173 2148 3229 dicit
2179 3190 2303 3229 esse
2330 3174 2512 3240 dulce,
2554 3175 2683 3245 ipse
2727 3176 2949 3247 quidem
2981 3181 3282 3249 mentitur;
3344 3191 3399 3237 et
3449 3185 3597 3254 quod

2016 3266 2377 3335 vituperabile
2402 3274 2508 3329 est,
2542 3283 2739 3337 reapse
2774 3269 2935 3324 laude
2965 3285 3073 3324 non
3105 3281 3287 3325 ornat.
3342 3272 3436 3327 Sin
3494 3290 3597 3329 au-

2014 3362 2121 3409 tem
2146 3370 2273 3408 vera
2311 3355 2476 3419 dicis,
2515 3371 2579 3411 ea
2606 3365 2805 3427 suapte
2837 3368 3035 3415 natura
3067 3361 3196 3414 talia
3223 3370 3371 3429 sunt,
3402 3365 3596 3420 sivetu

2010 3444 2327 3499 conﬁtearis
2377 3446 2493 3501 sive
2551 3463 2735 3503 secus.
2794 3448 2886 3503 Ait
2931 3452 3077 3505 enim
3123 3452 3455 3522 Apostolus:
3486 3475 3506 3508 ι
3534 3455 3597 3513 Si

2010 3553 2123 3592 non
2154 3539 2453 3603 credimus,
2483 3540 2573 3595 ille
2600 3541 2778 3597 ﬁdelis
2810 3554 3096 3612 permanet
3125 3545 3169 3601 ⁸.
3198 3565 3217 3598 ι

2087 3628 2177 3682 11.
2210 3628 2351 3695 Quid
2381 3646 2513 3700 ergo
2545 3631 2650 3686 sibi
2675 3632 2793 3686 vult
2827 3633 2942 3686 haae
2969 3634 3395 3701 pusillanimitas
3433 3638 3599 3694 simul

2008 3728 2066 3774 et
2116 3721 2547 3791 magnanimitas
2590 3722 2896 3787 hominum,
2945 3726 3041 3793 qui
3106 3724 3325 3781 Patrem
3374 3730 3595 3799 quidem

2012 3813 2289 3868 honorare
2342 3822 2583 3877 certant,
2625 3830 2928 3884 paremque
2989 3814 3130 3871 Filio
3163 3819 3392 3887 gloriam
3441 3823 3599 3875 attri-

2011 3902 2224 3969 buunt;
2257 3917 2387 3973 erga
2413 3901 2677 3972 Spiritum
2706 3914 2889 3958 autem
2918 3911 3208 3975 tantopere
3236 3908 3417 3963 laudis
3466 3918 3599 3965 sunt

2012 3994 2209 4048 avari?
2236 3995 2399 4049 Certe
2435 3997 2870 4051 demonstratum
2899 4006 3004 4065 est,
3037 3998 3180 4053 haud
3203 4015 3234 4053 a
3273 4010 3461 4056 nostra
3497 4019 3594 4057 vo-

2012 4086 2223 4140 luntate
2250 4087 2480 4156 gloriam
2513 4088 2735 4151 confici,
2762 4104 2883 4158 quae
2908 4091 3129 4160 proprie
3156 4092 3360 4146 divina:
3385 4103 3598 4150 natura:

2012 4176 2179 4240 inest,
2211 4176 2308 4231 sed
2362 4178 2607 4232 innatam
2657 4179 2736 4232 illi
2792 4178 3079 4234 inhaarere.
3138 4180 3203 4234 Et
3254 4183 3596 4253 ingratorum

2011 4269 2233 4339 quidem
2267 4269 2552 4324 hominum
2582 4271 2841 4325 vecordia
2871 4271 2975 4325 hac
3022 4272 3270 4343 ipsorum
3326 4277 3596 4344 pravitate

2011 4362 2299 4417 sententia:
2318 4362 2675 4431 coarguitur:
2709 4362 2950 4433 Spiritus
2976 4374 3158 4419 autem
3185 4378 3381 4437 suapte
3399 4376 3594 4423 natura

2011 4454 2363 4521 venerabilis,
2400 4455 2703 4525 gloriosus,
2741 4464 3048 4526 potensque
3074 4465 3182 4522 est,
3216 4467 3272 4512 et
3322 4460 3595 4530 quidquid

2014 4546 2295 4602 excelsum
2322 4548 2556 4618 cogitari
2585 4549 3021 4618 p0test,etiamsi
3054 4549 3108 4603 hi
3142 4551 3336 4606 nolint.
3373 4552 3593 4623 Utique,

2013 4640 2203 4707 aiunt;
2235 4639 2331 4694 sed
2368 4647 2550 4694 tamen
2604 4639 2821 4695 Patrem
2871 4649 3175 4697 creatorem
3208 4658 3333 4699 esse
3367 4660 3396 4697 a
3444 4647 3592 4700 Seri-

2012 4740 2177 4802 ptura
2210 4731 2393 4786 edocti
2426 4730 2666 4788 fuimus:
2705 4734 2837 4788 item
2874 4750 2969 4804 per
3016 4733 3215 4790 Filium
3239 4738 3422 4791 omnia
3450 4738 3595 4792 facta

2013 4824 2346 4879 didicimus:
2376 4824 2513 4878 nihil
2540 4839 2672 4879 vero
2706 4822 3024 4894 hujusmodi
3063 4826 3131 4881 de
3185 4824 3392 4896 Spiritu
3441 4844 3596 4883 sacer

2011 4933 2197 4973 sermo
2220 4932 2323 4972 nos
2363 4917 2573 4971 docuit.
2608 4916 2898 4983 Quomodo
2933 4927 3113 4971 autem
3148 4933 3366 4988 aequum
3399 4922 3491 4987 sit,
3526 4926 3592 4975 a.l

2012 5026 2202 5081 parem
2235 5010 2499 5065 honorem
2529 5011 2763 5065 evehere
2793 5018 3046 5064 sanctum
3084 5010 3349 5081 Spiritum
3382 5013 3594 5085 illi,qui

2012 5117 2111 5171 per
2168 5102 2502 5156 creationem
2574 5109 2781 5155 tantam
2840 5105 3098 5172 potentia:
3158 5105 3593 5175 magnitudinem

2012 5192 2392 5263 exprompsit?
2424 5193 2567 5259 Quid
2597 5209 2728 5264 ergo
2741 5210 2843 5248 nos
2862 5195 2928 5248 ad
2961 5196 3076 5250 baac
3097 5195 3370 5254 dicimus?
3390 5198 3596 5272 Nempe

2011 5284 2159 5354 quod
2192 5300 2329 5341 vana
2370 5286 2540 5339 locuti
2575 5297 2704 5341 sunt
2739 5288 2792 5341 in
2824 5288 3085 5344 cordibus
3125 5290 3264 5357 suis,
3318 5292 3411 5361 qui
3475 5295 3595 5347 exi-

2012 5380 2241 5434 stimant
2271 5394 2380 5432 non
2416 5393 2634 5448 semper
2682 5395 2806 5434 eum
2845 5378 3007 5434 Patre
3039 5390 3093 5434 et
3140 5379 3279 5437 Filio
3330 5381 3596 5453 Spiritum

2015 5467 2209 5534 fuisse,
2244 5467 2339 5524 sed
2369 5469 2537 5524 certis
2575 5470 2917 5539 temporibus
2952 5471 3116 5525 modo
3168 5488 3267 5543 per
3314 5489 3373 5529 se
3417 5476 3596 5529 solum

2018 5561 2283 5631 spectari,
2322 5560 2486 5615 modo
2519 5561 2860 5632 eonjunctim
2898 5563 3218 5632 comperiri.
3242 5563 3378 5619 Nam
3404 5566 3449 5621 si
3471 5566 3597 5621 abs-

2018 5671 2127 5725 que
2153 5653 2360 5725 Spiritu
2393 5654 2597 5709 factum
2626 5665 2713 5711 est
2766 5656 2965 5711 cu‘lum
2998 5673 3062 5711 ac
3107 5666 3257 5713 terra
3292 5666 3345 5713 et
3392 5660 3601 5714 creatio

405 5786 425 5815 ³
469 5781 573 5834 lsa.
611 5796 707 5845 χι,
746 5780 833 5836 15.
910 5781 930 5811 ³
969 5778 1118 5834 Psal.
1158 5792 1327 5842 xvut,
1364 5778 1411 5830 l.
1490 5776 1512 5807 ⁵
1550 5773 1695 5829 Psal.
1729 5791 1826 5829 vttt
1852 5816 1866 5842 ,
1902 5778 1910 5828 τ

2033 5775 2053 5806 ⁸
2095 5771 2136 5825 ll
2178 5770 2319 5826 Tim.
2346 5789 2418 5837 ti,
2485 5772 2570 5828 15.
