4120 6394
534 361 686 415 42)ίῆ

1822 362 1882 415 S.
1914 356 2243 415 GRECORII
2282 356 2576 416 NYSSEN!

3665 364 3803 417 1516

541 493 798 533 uuwersa
827 492 925 546 per
958 475 1154 531 Filium
1192 477 1369 532 solum
1413 492 1477 531 ac
1506 476 1744 542 Patrem,
1792 477 1978 531 dicant
2026 477 2115 545 qui

2225 475 2292 543 γῆ
2317 477 2410 528 καὶ
2438 479 2640 549 πᾶσαὴ
2670 478 2843 541 κτίσις
2878 479 2965 532 διὰ
2998 478 3093 532 τοῦ
3123 480 3251 533 Υίοῦ
3284 480 3446 549 μόνου
3478 480 3541 532 ἐκ
3570 480 3661 532 τοῦ
3703 481 3783 532 Πα

540 573 623 626 sic
670 571 992 640 loquuntur,
1034 570 1163 635 quid
1201 579 1386 640 ageret
1422 568 1658 639 Spiritus
1715 576 1959 629 sanctus,
1992 570 2122 623 dum

541 660 704 714 Pater
757 675 882 713 cum
958 659 1100 714 Filio
1168 661 1502 715 creationem
1553 659 1927 729 operabatur?
1982 659 2122 712 Num

529 755 611 808 ad
636 754 739 807 alia
768 767 936 821 opera
984 752 1356 817 incumbebat,
1407 767 1473 806 ac
1521 759 1809 822 prepterea
1864 751 2125 807 universo

542 846 783 900 creando
814 860 924 899 non
959 846 1233 899 vacabat?
1268 845 1597 911 Quamnam,
1630 860 1751 912 oro,
1792 845 2124 914 peculiarem

543 938 783 1007 Spiritus
820 938 1237 1007 occupationem
1277 937 1655 992 demonstrare
1687 944 1933 1006 queunt,
1984 937 2122 991 inte-

545 1033 646 1082 rim
676 1031 805 1084 dum
839 1030 1044 1083 creatio
1076 1029 1481 1098 peragebatur?
1524 1028 1683 1082 Certe
1717 1029 1944 1083 stultum
1981 1037 2124 1083 esset

545 1133 711 1191 atque
743 1122 1005 1175 insanum
1046 1120 1115 1174 de
1150 1120 1255 1173 alia
1288 1120 1471 1189 aliqua
1529 1120 1808 1174 creatione
1856 1120 2121 1188 cogitare,

544 1223 742 1283 pneter
771 1212 920 1266 illam
949 1227 1073 1282 quae
1133 1227 1164 1265 a
1199 1211 1360 1266 Patre
1413 1228 1510 1283 per
1543 1212 1739 1266 Filium
1792 1212 2123 1267 conﬁcieba-

544 1314 654 1358 llll'.

616 1399 704 1452 12.
736 1398 800 1450 At
827 1395 976 1451 enim
1013 1395 1252 1466 Spiritus
1285 1394 1520 1450 fortasse
1557 1410 1666 1450 non
1719 1394 2121 1465 occupabatur,

542 1492 639 1546 sed
671 1490 891 1561 pigritia
936 1498 990 1543 et
1028 1490 1143 1544 otio
1196 1504 1259 1543 ac
1321 1489 1574 1543 laborum
1629 1486 1755 1557 fuga
1819 1502 1849 1540 a
1899 1487 2123 1542 creandi

544 1582 731 1636 studio
776 1580 1105 1635 abstinebat.
1162 1581 1383 1635 Utinam
1422 1581 1587 1636 nobis
1647 1579 1925 1634 condonet
1983 1580 2127 1635 hanc

544 1674 838 1728 verborum
876 1673 1148 1728 insaniam
1187 1674 1304 1742 ipsa
1350 1673 1591 1743 Spiritus
1640 1674 1855 1743 gratia!
1912 1672 2121 1726 Etenim

542 1778 647 1818 nos
677 1763 1065 1817 absurditatem
1115 1764 1242 1818 talia
1298 1764 1784 1835 dogmatizantium
1819 1780 2011 1834 presse
2035 1782 2118 1820 se-

2225 569 2370 636 τρὸς,
2405 570 2714 622 εἰπάτωσαν
2743 572 2790 622 οἱ
2817 572 2989 623 ταῦτα
3015 571 3283 637 λέγοντες,
3303 571 3356 622 τί
3395 569 3562 622 ἐποίει
3587 571 3706 622 τότε
3744 570 3805 623 τὸ

2224 659 2449 731 Πνεῦμα
2482 662 2541 714 τὸ
2583 662 2759 730 ἆγιον,
2789 666 2875 716 ὅτε
2913 667 2941 716 ό
2986 663 3176 734 Πατὴρ
3218 664 3355 733 μετά
3401 662 3495 716 τοῦ
3534 662 3662 715 Υίοῦ
3705 662 3805 733 τὴν

2224 753 2402 805 κτίσιν
2436 753 2672 825 ἐνήργει
2704 773 2718 821 ;
2753 756 2966 819 νΛλλοις
2982 758 3125 810 τισὶν
3147 756 3330 827 ἔργοις
3361 758 3800 827 προσησχολεῖτο,

2223 843 2319 895 καὶ
2363 842 2451 896 διά
2490 843 2649 896 τοῦτο
2696 845 2796 914 τῆς
2836 847 3064 909 κτίσεως
3104 846 3211 898 τῶν
3267 845 3482 899 πάντων
3516 847 3577 899 οὐ
3614 864 3808 916 συνεφν

2223 937 2427 1005 ήπτετο
2451 953 2467 1002 ;
2498 936 2607 988 Καὶ
2634 937 2686 989 τί
2709 937 2891 1006 ἔχουσι
2916 937 3081 1000 δεῖξαι
3110 937 3305 1001 ἰδιάζον
3329 937 3487 1008 ἔργον
3508 936 3599 990 τοῦ
3630 940 3805 993 [Ias-3-

2229 1046 2416 1099 ματος,
2455 1031 2543 1082 ὅτε
2591 1032 2623 1100 ἡ
2670 1030 2845 1093 κτίσις
2896 1026 3280 1101 συνίστατος.ἦ
3332 1032 3515 1101 μωρόν
3550 1034 3677 1097 ⁹ἐστι
3712 1034 3806 1084 καὶ

2225 1122 2450 1192 ἀνόητον
2476 1122 2536 1174 τὸ
2554 1123 2838 1194 καϊᾶλλην
2862 1124 3037 1176 κτίσιν
3074 1122 3225 1194 παρὰ
3251 1123 3350 1194 τὴν
3376 1127 3440 1178 ἐκ
3466 1123 3560 1177 τοῦ
3591 1124 3805 1196 Πατρές

2222 1213 2314 1266 διὰ
2345 1214 2440 1267 τοῦ
2474 1214 2606 1267 Υἱοῦ
2644 1214 2964 1283 ὑφεστῶσαν
2996 1217 3251 1270 ἐπινοεῖν.

2297 1395 2385 1465 ιβ’.
2434 1395 2573 1447 Ἀλλ’
2620 1396 2722 1449 οὐκ
2748 1396 3026 1465 ἠσχολεῖτο
3060 1396 3173 1467 μὲν.
3210 1396 3451 1467 ῥᾳθυμία
3475 1396 3533 1450 δέ
3576 1414 3679 1450 τινι
3711 1400 3806 1452 καὶ

2227 1487 2483 1558 ῥᾳστώνῃ
2534 1487 2629 1539 καὶ
2670 1487 2749 1556 τῷ
2789 1488 2915 1558 περὶ
2949 1489 3074 1551 τοὺς
3120 1488 3314 1550 πόνους
3357 1488 3500 1557 ὄκνῳ
3533 1488 3631 1555 τῆς
3675 1492 3806 1560 περὶ

2224 1578 2320 1648 τὴν
2350 1578 2525 1630 κτίσιν
2572 1578 2813 1646 σπουδῆς
2851 1578 3162 1649 ἐχωρίζετο.
3202 1578 3347 1630 Ἀλλ’
3377 1580 3533 1642 ἵλεως
3554 1581 3636 1650 εἴη
3672 1583 3802 1651 ἡμῖν

2226 1668 2317 1720 ἐττί
2367 1669 2428 1736 τῇ
2469 1666 2790 1736 ματαιότητι
2835 1666 3005 1735 ταύτῃ
3068 1666 3176 1719 τῶν
3227 1667 3400 1736 λόγων
3440 1668 3577 1740 αὑτὴ
3628 1671 3659 1740 ἡ
3708 1670 3801 1722 τοῦ

2226 1760 2542 1830 Πνεύματος
2580 1760 2758 1831 χάρις.
2807 1760 2887 1826 Τῇ
2937 1762 3045 1832 γὰρ
3089 1760 3288 1832 ἀτοπία
3323 1761 3432 1814 τῶν
3470 1762 3538 1816 τὰ
3579 1763 3803 1817 τοιαῦτα

545 1864 798 1923 quentes.
824 1854 979 1908 inviti
1002 1854 1260 1909 sensibus
1290 1855 1532 1919 illorum,
1573 1871 1675 1909 ceu
1710 1855 1946 1925 quodam
1985 1856 2115 1918 luto,

2225 1853 2656 1923 δογματιζόντων
2709 1855 2828 1905 κατ’
2864 1854 3005 1923 ἴχνος
3048 1854 3302 1924 ἑπόμενοι
3335 1853 3645 1923 ἀϐουλήτως
3681 1856 3802 1916 ταῖς

532 1963 856 2001 sermonem
892 1956 1139 2002 nostrum
1165 1947 1591 2004 sordidavimus.
1621 1948 1794 2005 Porro
1814 1949 2122 2004 orthodoxa

543 2041 815 2094 sententia
848 2040 919 2093 ita
960 2055 1020 2095 se
1053 2040 1250 2095 habet:
1284 2040 1470 2111 Neque
1500 2041 1665 2097 Pater
1717 2042 1929 2109 absque
1981 2041 2121 2096 Filio

543 2148 783 2199 unquam
857 2133 1154 2201 cogitatur,
1190 2149 1367 2202 neque
1398 2134 1569 2189 Filius
1620 2135 1741 2189 sine
1772 2142 1964 2189 sancto
1999 2133 2122 2202 Spi-

540 2225 654 2279 ritu
693 2225 1039 2296 intelligitur.
1080 2224 1238 2281 Sieut
1269 2231 1415 2282 enim
1451 2227 1796 2293 impossibile
1821 2234 1907 2283 est
1936 2228 2121 2282 venire

541 2317 609 2371 ad
640 2315 856 2370 Patrem
913 2317 1020 2371 nisi
1072 2318 1196 2385 quis
1226 2333 1322 2386 per
1377 2316 1572 2371 Filium
1620 2318 1919 2372 extollatur
1948 2318 1988 2377 ⁶,
2044 2317 2118 2370 ita

542 2408 889 2477 impossibile
921 2416 1008 2461 est
1058 2408 1243 2462 dicere
1296 2406 1590 2461 Dominum
1621 2407 1832 2469 Iesum,
1892 2408 1995 2462 nisi
2062 2409 2121 2463 in

545 2495 763 2565 Spiritu
783 2507 977 2553 sancto
1014 2500 1057 2554 ".
1118 2501 1309 2567 Itaque
1339 2499 1730 2553 convenienter
1766 2508 1933 2569 atque
1987 2515 2119 2553 con-

538 2590 772 2661 junctim
802 2588 964 2644 Pater
994 2597 1049 2643 et
1088 2588 1261 2643 Filius
1282 2599 1336 2645 et
1370 2589 1613 2660 Spiritus
1640 2601 1865 2647 Sanctus
1903 2607 2119 2662 semper

539 2687 838 2748 mutuaque
866 2693 991 2732 cum
1031 2679 1298 2733 relatione
1330 2679 1385 2732 in
1416 2679 1660 2748 perfecta
1694 2679 1969 2735 Trinitate
1990 2696 2118 2735 con-

539 2770 885 2837 siderantur;
922 2780 973 2826 et
1017 2780 1370 2827 anteomnem
1390 2773 1750 2835 creationem,
1776 2781 1903 2828 ante
1933 2774 2117 2828 omnia

540 2863 761 2927 Saecula,
801 2870 928 2915 ante
959 2863 1259 2930 quamlibet
1297 2864 1608 2918 intellectus
1632 2865 1809 2919 nostri
1833 2866 2120 2919 cogitatio-

539 2970 687 3017 nem,
708 2954 866 3007 Pater
889 2969 1105 3022 semper
1133 2953 1294 3009 Pater
1321 2964 1424 3017 est,
1458 2962 1509 3007 et
1539 2970 1661 3008 cum
1698 2954 1837 3011 Filio
1877 2955 2117 3026 Spiritus

539 3053 789 3099 sanctus.
816 3043 872 3098 Si
886 3060 1013 3115 ergo
1029 3046 1491 3115 inseparabiliter,
1511 3047 1624 3101 haec
1636 3046 1799 3101 simul
1820 3058 2119 3117 mutuoque

537 3136 1090 3204 cxsistunt,quaanam
1107 3135 1319 3189 insania
1336 3147 1419 3190 est
1434 3137 1650 3189 illorum
1664 3137 1754 3206 qui
1771 3152 2025 3206 separare
2043 3139 2119 3191 ni-

540 3236 731 3281 tuntur
752 3227 1093 3281 individuum
1121 3235 1177 3282 et
1200 3228 1444 3283 dividere
1463 3229 1931 3298 inseparabile,ita
1951 3239 2011 3284 ut
2030 3230 2115 3284 di-

539 3336 665 3373 cere
684 3318 1128 3383 audeant,solum
1142 3317 1337 3374 fecisse
1354 3319 1536 3373 omnia
1553 3319 1763 3374 Patrem
1782 3336 1875 3388 per
1893 3320 2113 3384 Filium,

540 3406 745 3476 Spiritu
776 3416 969 3461 sancto
1003 3408 1107 3462 sub
1131 3409 1427 3463 creationis
1454 3419 1670 3478 tempus
1697 3410 1779 3463 vel
1815 3426 1925 3463 non
1974 3426 2115 3480 βιω-

537 3507 694 3552 sente
727 3499 811 3552 vel
838 3498 975 3552 nihil
1008 3499 1247 3569 agente?
1271 3497 1405 3552 Nam
1462 3500 1509 3553 si
1548 3515 1656 3554 non
1684 3500 1895 3563 aderat,
1929 3500 2117 3555 dicant

537 3589 761 3642 ubinam
820 3596 989 3653 esset,
1021 3604 1145 3642 cum
1195 3588 1342 3643 Deus
1392 3604 1587 3657 reapse
1616 3589 1801 3642 omnia
1862 3602 2111 3661 occupet,

536 3694 669 3734 num
703 3678 956 3732 videlicet
986 3680 1313 3747 peculiarem
1346 3680 1585 3749 aliquam
1631 3678 1858 3749 Spiritui
1917 3682 2117 3735 statio-

536 3786 658 3824 nem
698 3771 1003 3839 assignant,
1052 3770 1123 3823 ita
1162 3780 1224 3823 ut
1274 3771 1417 3840 apud
1445 3786 1504 3825 se
1537 3787 1783 3826 seorsum
1815 3773 2113 3828 creationis

534 3872 781 3931 tempore
815 3862 1003 3916 esset?
1057 3860 1151 3915 Sin
1197 3862 1410 3926 aderat,
1460 3864 1740 3933 quomodo
1792 3865 2112 3922 inactuosus

543 3952 696 4005 erat?
728 3950 865 4005 Num
905 3953 1033 4021 quia
1058 3953 1191 4005 nihil
1220 3952 1431 4007 efficere
1463 3962 1697 4023 poterat,
1734 3970 1804 4008 an
1839 3956 1969 4025 quia
2012 3973 2112 4011 no-

537 4042 714 4107 lebat,
781 4052 978 4110 sponte
1010 4045 1292 4109 omittens,
1335 4060 1402 4098 an
1464 4046 1647 4116 aliqua
1696 4045 1965 4101 validiore
2016 4063 2113 4103 ne-

535 4133 796 4187 cessitate
826 4134 1121 4201 repulsus?
1162 4132 1297 4187 Nam
1327 4136 1371 4189 si
1404 4147 1601 4205 sponte
1638 4137 1808 4191 otium
1839 4146 2110 4207 praeopta-

532 4225 633 4285 vit,
664 4239 733 4277 ne
765 4224 819 4277 in
846 4223 954 4277 alia
994 4224 1213 4294 quidem
1243 4240 1304 4279 re
1338 4228 1579 4295 qualibet
1611 4227 1659 4281 is
1697 4242 1856 4297 agere
1899 4235 2112 4297 patere-

532 4326 653 4380 tur;
696 4314 1041 4384 mendaxque
1070 4329 1138 4369 ex
1192 4316 1387 4370 horum
1425 4318 1696 4372 sententia
1732 4319 1987 4375 evaderet
2018 4320 2110 4374 ille

528 4406 624 4475 qui
656 4405 732 4458 ait
790 4404 967 4474 ipsum
1028 4407 1246 4476 operari
1301 4408 1482 4461 omnia
1521 4408 1578 4463 in
1636 4410 1894 4465 omnibus
1946 4419 2109 4480 prout

530 4500 648 4553 vult
678 4499 720 4552 ⁸.

597 4679 686 4733 15.
750 4679 906 4745 Quod
958 4681 1002 4733 si
1066 4680 1303 4750 Spiritus
1355 4680 1576 4750 quidem
1639 4682 1703 4736 ad
1760 4684 2103 4753 operandum

516 4780 723 4839 sponte
771 4772 1089 4839 impellitur,
1141 4773 1393 4841 superior
1443 4782 1623 4828 autem
1658 4778 1900 4843 quamam
1949 4787 2104 4845 pote-

527 4871 642 4917 stas
672 4861 797 4915 huic
828 4864 1113 4931 proposito
1142 4864 1345 4925 obstat.
1376 4864 1564 4919 dicant
1592 4881 1724 4919 sane
1746 4868 2105 4936 quamobrem

528 4951 977 5020 impedimentum
1032 4952 1137 5006 hoc
1172 4955 1283 5007 liat.
1334 4952 1476 5006 Num
1508 4953 1715 5007 invidia
1761 4955 1949 5024 gloria:
1984 4971 2104 5025 qua:

523 5056 595 5095 ex
637 5042 901 5111 operibus
927 5043 1167 5111 paritur,
1214 5059 1283 5097 ne
1308 5044 1561 5099 videlicet
1590 5045 1647 5099 in
1686 5046 1854 5100 alium
1884 5063 2105 5118 quoque

524 5138 768 5185 transeat
792 5140 940 5186 recte
972 5132 1241 5186 factorum
1268 5133 1580 5197 admiratio,
1612 5149 1681 5188 an
1721 5135 1848 5203 quia
1878 5152 1986 5191 non
2041 5137 2105 5191 ﬁ-

524 5226 616 5277 dat
656 5227 996 5295 cooperanti,
1047 5227 1207 5297 quasi
1249 5226 1636 5281 detrimentum
1694 5226 1769 5282 rei
1818 5232 2104 5297 praesentis

524 5314 704 5369 futura
742 5316 815 5371 sit
839 5315 989 5371 illius
1026 5333 1191 5386 opera
1212 5318 1235 5371 ?
1257 5315 1490 5371 Prorsus
1511 5316 1703 5371 harum
1731 5334 1949 5391 quoque
1988 5322 2105 5390 opi-

522 5406 751 5459 nionum
787 5422 983 5462 causas
1024 5408 1079 5462 hi
1118 5409 1390 5478 sapientes
1427 5408 1587 5463 nobis
1618 5408 1967 5476 patefacient.
2000 5409 2098 5466 Sin

523 5511 652 5552 Vero
680 5514 856 5571 neque
887 5499 1090 5554 invidia
1121 5499 1360 5555 divinam
1380 5499 1600 5570 attingit
1625 5508 1900 5567 naturam,
1922 5517 2101 5574 neque

510 5636 531 5649 "
591 5638 618 5671 ⁸
650 5637 811 5695 Joan.
851 5657 943 5695 xw
1019 5642 1075 5696 8.
1149 5644 1169 5674 ⁷
1207 5641 1226 5695 1
1260 5642 1387 5697 Cor.
1426 5659 1501 5697 λιι
1527 5684 1540 5707 ,
1574 5643 1627 5696 ’5.
1703 5643 1724 5674 ⁸
1764 5643 1897 5699 ibid.
1933 5644 1985 5700 8.

592 5793 671 5865 (9)
697 5792 829 5850 Cod.
855 5798 923 5850 εί.

2223 1944 2455 2012 ἐννοίαις
2480 1944 2659 1997 αὐτῶν
2686 1939 2797 1998 οἷόν
2819 1963 2926 1997 τινι
2961 1946 3208 2015 βορϐόρῳ
3232 1946 3323 1998 τὸν
3356 1946 3513 2013 λόγον
3540 1948 3805 2018 κατερρυ-

2223 2037 2505 2108 πώσαμεν.
2549 2038 2615 2090 Ἠ
2662 2037 2772 2108 γὰρ
2818 2038 3047 2109 εὐσεϐὴς
3096 2038 3304 2092 διάνοια
3336 2039 3522 2092 τοῦτον
3555 2038 3663 2109 ἔχει
3709 2039 3803 2092 τὸν

2221 2131 2421 2200 τρόπον
2454 2148 2469 2161 ·
2502 2128 2642 2183 Οὔτε
2691 2130 2879 2201 Πατὴρ
2932 2132 3099 2201 χωρὶς
3151 2131 3280 2184 Υίοῦ
3331 2149 3463 2185 ποτε
3523 2134 3801 2195 ἐννοεῖται,

2219 2222 2342 2279 οὔτε
2362 2224 2488 2287 Υἱὸς
2516 2223 2638 2293 δίχα
2663 2222 2757 2275 τοῦ
2780 2222 2934 2289 ἁγίου
2953 2222 3091 2275 Ηνεύ
3101 2241 3268 2291 ματος
3291 2223 3790 2293 καταλαμϐάνεται.

2232 2315 2319 2375 Ὠς
2346 2315 2454 2386 γάρ
2482 2314 2762 2384 ἀμήχανόν
2814 2315 2958 2367 ἐστιν
3014 2314 3257 2367 ἀνελθεῖν
3283 2314 3418 2384 πρὸς
3446 2315 3537 2368 τὸν
3576 2315 3797 2385 Πατέρα

2225 2408 2299 2478 μὴ
2314 2408 2401 2461 διὰ
2428 2407 2521 2460 τοῦ
2549 2407 2679 2460 Υίοῦ
2718 2406 3020 2476 ὑψωθέντα,
3050 2405 3221 2469 οὕτως
3248 2405 3508 2459 ἀδύνατόν
3543 2408 3660 2460 ἐστι
3687 2408 3795 2459 Κύ-

2222 2517 2337 2570 ριον
2385 2498 2592 2568 Ἰησοῦν
2644 2500 2818 2554 εἰπεῖν
2855 2497 2928 2568 μὴ
2974 2498 3030 2549 ἐν
3074 2496 3350 2566 Πνεῦματι
3390 2496 3562 2567 ἁγίῳ·
3601 2497 3801 2550 οὐκοῦν

2218 2589 2524 2652 ἀκολούθως
2560 2606 2618 2642 τε
2667 2587 2759 2640 καὶ⁵
2793 2585 3149 2656 συνημμένως
3190 2587 3219 2637 ό
3260 2584 3448 2657 Πατὴρ
3486 2586 3580 2638 καί
3606 2586 3636 2637 ὁ
3668 2586 3800 2647 Υἱὸς

2219 2682 2313 2735 καὶ
2349 2681 2411 2734 τὸ
2442 2680 2665 2750 Πνεῦμα
2692 2678 2753 2732 τὸ
2792 2680 2946 2746 ἅγιον
2984 2677 3069 2730 ἀεὶ
3102 2677 3218 2745 μετ’
3250 2676 3494 2747 ἀλλήλων
3534 2679 3591 2729 ἐν
3621 2675 3804 2747 τελείᾳ.

2217 2777 2282 2843 τῇ
2314 2772 2503 2843 Τριάδι
2532 2771 2914 2843 γνωρίζονται,
2952 2770 3046 2822 καὶ
3083 2769 3190 2838 πρὸ
3220 2770 3400 2839 πάσης
3419 2768 3676 2832 κτίσεως,
3708 2771 3803 2823 καὶ

2220 2864 2326 2935 πρὸ
2348 2865 2563 2918 πάντων
2582 2862 2817 2921 αἰώνων,
2846 2861 2941 2915 καὶ
2972 2858 3078 2930 πρὸ
3112 2859 3289 2928 πάσης
3315 2858 3664 2928 καταληπτῆς
3690 2860 3803 2911 ἐπι-

2219 2955 2385 3019 νοίας,
2415 2955 2500 3006 ἀεὶ
2542 2952 2726 3023 Πατὴρ
2754 2954 2783 3004 ὁ
2812 2952 3003 3021 Πατήρ
3056 2952 3192 3012 ἐστι,
3223 2949 3317 3002 καὶ
3361 2951 3420 3001 ἐν
3460 2949 3538 3019 τῷ
3567 2950 3744 3020 Πατρὶ
3774 2950 3803 3001 ό

2218 3046 2366 3109 Υἱὸς,
2387 3047 2479 3098 καὶ
2503 3043 2642 3115 μετά
2665 3041 2758 3095 τοῦ
2786 3041 2915 3094 Υίοῦ
2946 3041 3006 3093 τὸ
3039 3038 3264 3109 Πνεῦμα
3306 3038 3368 3093 τὸ
3397 3039 3571 3107 ἅγιον.
3613 3039 3675 3091 Εἰ
3708 3034 3802 3092 οῦν

2220 3138 2539 3209 ἀχωρίστως
2560 3134 2727 3189 ταῦτα
2761 3136 2876 3204 μετ’
2896 3133 3138 3205 ἀλλήλων
3168 3132 3308 3199 ἐστὶ,
3327 3132 3412 3194 τίς
3440 3134 3474 3202 ἠ
3506 3130 3801 3200 ματαιότης

2219 3230 2328 3283 τῶν
2344 3230 2401 3281 ἐν
2423 3227 2599 3297 καιρῷ
2624 3244 2727 3279 τινι
2759 3224 3099 3296 διαχωρίζειν
3125 3223 3541 3294 ἐπιχειρούντων
3554 3221 3616 3275 τὸ
3634 3222 3803 3292 ἄτμη-

2218 3340 2331 3385 τον,
2364 3321 2456 3373 καὶ
2486 3319 2712 3389 διαιρεῖν
2741 3318 2802 3370 τὸ
2835 3316 3159 3387 ἀχώριστον,
3193 3315 3333 3369 ὥστε
3362 3315 3564 3386 τολμᾷν
3593 3312 3797 3383 λέγειν,

2222 3409 2399 3473 Μόνος
2410 3408 2661 3479 ἐποίησεν
2676 3408 2703 3459 ὁ
2730 3408 2918 3477 Πατὴρ
2936 3406 3025 3459 διὰ
3053 3406 3212 3477 μόνου
3233 3404 3326 3458 τοῦ
3344 3405 3475 3458 Υίοῦ
3503 3405 3569 3457 τὰ
3595 3404 3796 3465 πάντα,

2213 3502 2308 3555 τοῦ
2351 3502 2509 3571 ἁγίου
2544 3500 2861 3571 Πνεῦματος
2896 3503 2954 3552 ὲν
2995 3498 3072 3569 τῷ
3106 3498 3283 3570 καιρῷ
3314 3499 3412 3569 τῆς
3440 3497 3799 3568 δημιουργίας

2214 3594 2248 3664 ἢ
2303 3594 2377 3664 μὴ
2417 3592 2771 3664 παρόντοςνῆ
2826 3591 2900 3661 μὴ
2953 3588 3332 3662 ὲνεργοῡντοςς
3364 3591 3423 3642 Εἰ
3460 3588 3560 3658 μὲν
3588 3589 3697 3659 γὰρ
3735 3590 3797 3641 οὐ

2215 3684 2421 3755 παρῆν,
2459 3683 2774 3736 εἰπάτωσαν
2797 3680 2900 3733 ποῦ
2925 3676 3013 3751 ἦν,
3044 3680 3220 3732 πάντα
3250 3678 3344 3731 τοῦ
3372 3678 3506 3730 Θεοῦ
3529 3678 3797 3746 διειληφό-

2211 3794 2323 3841 τος;
2342 3777 2413 3828 Ἢ
2429 3775 2501 3845 (9)
2518 3792 2640 3828 τινα
2658 3774 2959 3838 ἰδιάζουσαν
2970 3770 3046 3842 τῷ
3061 3768 3336 3840 Πνεύματι
3358 3771 3544 3823 στάσιν
3554 3770 3797 3823 ἐπινοοῦ-

2214 3884 2318 3928 σιν,
2361 3866 2502 3919 ὥστε
2543 3864 2627 3933 ἐφ’
2651 3863 2846 3917 ἐαυτοῦ
2896 3860 3318 3933 κεχωρισμένως
3354 3854 3491 3913 εἶναι
3529 3860 3669 3913 κατὰ
3702 3861 3795 3914 τὸν

2210 3960 2312 4030 τῆς
2346 3960 2576 4017 κτίσεως
2615 3958 2840 4027 χρόνον;
2868 3955 2932 4009 Εἰ
2963 3955 3019 4007 δέ
3048 3954 3254 4023 παρῆν,
3295 3951 3411 4012 πῶς
3438 3951 3797 4023 ἀνενὲργητον

2209 4047 2278 4121 ἦν
2305 4067 2319 4116 ;
2355 4049 2447 4118 Τῷ
2469 4048 2544 4119 μὴ
2574 4047 2834 4101 δύνασθαί
2862 4063 2915 4099 τι
2947 4047 3152 4108 ποιεῖν,
3178 4044 3211 4115 ἢ
3243 4043 3323 4115 τῷ
3354 4042 3428 4115 μὴ
3464 4042 3749 4112 βούλεσθαι
3776 4061 3793 4109 ;

2221 4139 2517 4199 Ἑκουσίως
2550 4137 2976 4207 ἀπολειπόμενον
3004 4175 3019 4196 ,
3062 4135 3095 4204 ἢ
3143 4134 3249 4186 ὑπό
3297 4150 3440 4197 τινος
3488 4132 3797 4204 βιαιοτέρας

2208 4231 2454 4301 ἀνάγκης
2492 4226 2850 4299 ἐλαυνόμενον
2889 4245 2904 4292 ;
2937 4229 2999 4280 Εἰ
3034 4227 3132 4297 μὲν
3166 4226 3275 4295 γάρ
3318 4227 3382 4278 ἐκ
3423 4228 3796 4297 προαιρέσεως

2208 4322 2306 4393 τὴν
2356 4321 2552 4392 ἀργίαν
2599 4319 2897 4390 ἠσπάζετο,
2932 4320 3053 4373 οὐδὲ
3082 4321 3139 4372 ἐν
3168 4318 3311 4388 ἄλλῳ
3345 4317 3454 4370 ’τινί¹
3485 4320 3702 4382 πάντως
3734 4320 3796 4374 τὸ

2209 4414 2451 4482 ἐνεργεῖν
2502 4409 2861 4480 καταδέχεται
2893 4424 2907 4438 ·
2954 4408 3046 4460 καὶ
3089 4406 3292 4473 ψευδὴς
3350 4404 3469 4458 κατ’
3518 4405 3715 4467 αὐτοὺς
3766 4410 3795 4459 ὁ

2208 4502 2410 4566 λέγων,
2441 4502 2523 4555 ὅτι
2574 4500 2752 4553 πάντα
2802 4501 2861 4551 ἐν
2905 4500 3069 4553 πᾶσιν
3117 4497 3331 4564 ἐνεργεῖ
3373 4494 3554 4553 καθὼς
3605 4495 3791 4555 βούλε-

2210 4612 2322 4648 ται.

2282 4685 2370 4753 ιγ’.
2416 4686 2479 4738 Εἰ
2511 4684 2568 4737 δὲ
2618 4682 2790 4753 τούτῳ
2837 4681 2936 4752 μέν
2983 4682 3131 4733 ἐστιν
3173 4681 3206 4749 ἡ
3256 4676 3393 4750 πρὸς
3446 4680 3506 4733 τὸ
3545 4679 3791 4748 ἐνεργεῖν

2209 4779 2375 4849 ὁρμὴ.
2411 4776 2782 4847 ὑπερκειμένη
2829 4773 2887 4826 δέ
2926 4789 3011 4835 τις
3044 4771 3261 4836 ἐξουσία
3292 4767 3490 4822 κωλύει
3526 4768 3623 4835 τὴν
3658 4768 3785 4837 πρόο

2212 4868 2358 4920 θεσιν
2384 4906 2399 4930 ,
2435 4865 2744 4918 εἰπάτωσαν
2779 4856 2878 4933 τὴν
2920 4862 3100 4915 αἰτίαν
3128 4859 3221 4913 τοῦ
3271 4860 3445 4913 ταῦτα
3469 4857 3790 4920 κωλύοντος.

2210 4959 2392 5029 Φθὸνῳ
2438 4958 2537 5028 τῆς
2571 4958 2635 5009 ἐκ
2665 4954 2772 5007 τῶν
2813 4954 2990 5022 ἔργων
3038 4951 3216 5022 δόξης,
3241 4951 3316 5013 ὡς
3361 4951 3427 5004 ἂν
3476 4951 3552 5021 μὴ
3584 4949 3677 5001 καὶ
3711 4950 3794 5011 εἰς

2205 5050 2360 5103 ἄλλον
2388 5047 2606 5116 διαϐαίη
2637 5046 2745 5098 τῶν
2767 5044 3210 5116 κατορθωμάτων
3238 5043 3299 5096 τὸ
3319 5043 3522 5112 θαῦμα,
3546 5042 3579 5113 ἢ
3604 5041 3682 5107 τῷ
3713 5038 3790 5109 μὴ

2206 5139 2626 5195 καταπιστεύειν
2656 5141 2721 5208 τῇ
2754 5138 3068 5208 συνεργεία,
3090 5137 3167 5201 ὡς
3193 5138 3284 5190 ἐπὶ
3302 5136 3447 5205 λύμῃ
3467 5132 3561 5187 τοῦ
3588 5133 3792 5203 παρόν·

2205 5252 2293 5297 τος
2322 5232 2584 5302 ἐσομένης
2614 5228 2778 5283 αὐτοῦ
2817 5230 2913 5299 τῆς
2954 5229 3249 5300 ὲργασίας;
3279 5226 3503 5288 Πάντως
3535 5223 3645 5293 γὰρ
3677 5222 3790 5274 τῶν

2206 5324 2461 5378 τοιούτων
2506 5321 2821 5392 ὑπολήψεων
2873 5321 2967 5373 καὶ
3012 5321 3111 5385 τὰς
3149 5319 3323 5382 αἰτίας
3364 5319 3493 5389 ἡμῖν
3528 5316 3577 5369 οἱ
3632 5314 3790 5382 σοφοὶ

2204 5410 2351 5471 οὗτοι
2383 5413 2822 5482 διασαφήσουσιν.
2875 5410 2938 5463 ΕΞ
2985 5410 3040 5463 δὲ
3094 5408 3217 5463 οὔτε
3250 5408 3440 5478 φθόνος
3485 5407 3583 5475 τῆς
3637 5403 3789 5465 θείας

2207 5510 2434 5564 ἅπτεται
2460 5500 2830 5572 φύσεως,οῦτε
2866 5519 2917 5554 τι
2959 5502 3179 5572 σφάλμα
3211 5501 3337 5571 περὶ
3366 5500 3462 5571 τὴν
3486 5496 3786 5551 ἄπταιστον
