4120 6394
330 392 465 445 1517

1451 394 1821 452 ADVERSUS
1867 388 2427 448 MACEDONIANOS.

3425 379 3570 435 13ἰὸ

329 510 487 577 φύσιν
516 511 830 574 ἐπινοεῖται,
866 512 917 565 τί
951 512 1196 582 βούλεται
1229 514 1410 577 αὐτοῖς
1442 516 1474 584 ἡ
1505 514 1904 585 μικροπρέπεια

2008 525 2164 565 error
2188 510 2387 579 aliquis
2418 509 2473 561 in
2518 504 2793 559 infallibili
2849 512 3043 557 natura
3098 500 3323 570 cogitari
3371 512 3572 570 potest.

328 602 436 656 τῶν
450 603 755 673 νοημάτων,
773 606 806 674 ἡ
824 604 925 674 τῆς
949 605 1345 676 δημιουργικῆς
1375 605 1551 668 αἰτίας
1573 606 1905 675 ἀφορίζουσα

326 692 427 764 τὴν
475 692 569 746 τοῦ
616 693 931 765 Πνεύματος
962 694 1210 763 δύναμιν,
1238 695 1354 747 δὼν
1385 697 1505 757 ταῖς
1551 693 1905 765 ὑψηλοτέραις

328 783 437 835 τῶν
469 784 686 837 ἐννοιῶν
727 786 946 855 ἀφιέναι
986 786 1084 855 μὲν
1115 788 1183 839 τὰ
1218 787 1448 840 ταπεινὰ
1475 787 1570 841 καὶ
1593 785 1905 856 ἀνθρώπινα

327 877 437 928 τῶν
492 879 794 949 νοημάτων,
830 880 1088 951 λογισμὸν
1134 879 1191 932 δὲ
1224 880 1407 933 λαϐεῖν
1446 881 1540 933 τοῦ
1584 879 1748 949 ὕψους
1797 881 1906 933 τῶν

329 965 671 1038 ζητουμένων
712 969 964 1034 ἐπάξιον·
1002 972 1084 1024 ὅτι
1120 970 1243 1023 οὔτε
1298 974 1326 1024 6
1365 971 1458 1025 ἐπὶ
1518 972 1733 1025 πάντων
1774 971 1906 1034 Θεὸς

327 1059 618 1128 συνεργίας
665 1060 808 1122 τινὸς
866 1059 1081 1130 χρῄζων
1108 1100 1122 1124 ,
1162 1060 1252 1113 διὰ
1292 1060 1385 1113 τοῦ
1434 1060 1562 1112 Υἱοῦ
1613 1062 1680 1112 τά
1729 1061 1906 1114 πάντα

329 1146 579 1216 ἐποίησεν
601 1187 616 1211 ,
651 1147 775 1201 οὔτε
808 1150 838 1201 6
895 1150 1188 1220 μονογενὴς
1211 1150 1338 1213 Υίὸς
1375 1150 1485 1221 (10)
1521 1151 1775 1205 ἐλάττονα
1807 1154 1907 1222 τῆς

328 1228 638 1313 προθέσεως
664 1243 762 1313 τὴν
795 1242 1024 1311 δύναμιν
1050 1243 1185 1312 ἔχων
1225 1247 1281 1296 ὲν
1321 1243 1399 1313 τῷ
1447 1245 1588 1313 ἁγίῳ
1629 1243 1906 1313 Πνεύματι

326 1334 395 1386 τά
447 1335 627 1388 πάντα
687 1335 996 1404 ἐργάζεται.
1059 1335 1218 1388 Ἀλλὰ
1272 1336 1423 1406 πηγὴ
1480 1336 1577 1405 μὲν
1628 1335 1907 1407 δυνάμεώς

328 1428 475 1479 ἐστιν
517 1426 546 1476 6
587 1424 799 1496 Πατὴρ,
829 1426 1056 1496 δύναμις
1088 1425 1146 1478 δὲ
1174 1426 1267 1479 τοῦ
1311 1426 1525 1495 Πατρὸς
1556 1428 1584 1479 6
1628 1426 1746 1490 Υἱὸς
1773 1428 1903 1494 (11),

326 1516 609 1587 δυνάμεως
624 1517 684 1570 δὲ
712 1518 930 1588 πνεῦμα
953 1518 1012 1571 τὸ
1037 1516 1264 1586 Πνεῦμα
1296 1517 1356 1570 τὸ
1385 1518 1618 1588 ἅγιον-ἡ
1649 1518 1704 1569 δὲ
1733 1517 1908 1580 κτίσις

329 1608 477 1659 πᾶσα
503 1606 603 1676 ὅση
642 1623 699 1659 τε
734 1607 962 1676 αἰσθητὴ
995 1606 1087 1659 καὶ
1129 1608 1229 1675 ὅση
1264 1604 1574 1675 ἀσώματος,
1616 1607 1713 1675 τῆς
1758 1604 1908 1667 Θείας

326 1695 606 1766 δυνάμεώς
639 1698 785 1751 ἐστιν
822 1698 1184 1768 ἀποτέλεσμα.
1230 1697 1336 1749 Καὶ
1380 1696 1567 1767 ἐπειδὴ
1606 1697 1764 1759 πόνος
1784 1695 1906 1749 οὑδ-

326 1787 411 1850 εὶς
476 1789 534 1840 ὲν
570 1790 636 1859 τῇ
682 1788 935 1842 συστάσει
972 1788 1078 1840 τῶν
1108 1787 1234 1856 περὶ
1262 1788 1359 1857 τὴν
1390 1787 1537 1840 θείαν
1566 1787 1725 1854 φύσιν
1772 1788 1906 1840 ὑπο-

2004 601 2132 670 quid
2160 602 2266 656 sibi
2316 601 2427 653 vult
2471 599 2585 652 haec
2628 598 2858 651 istorum
2898 592 3207 649 aestimandi
3265 594 3575 658 morositas,

2004 707 2126 761 qua:
2163 691 2487 746 creatricem
2540 702 2762 743 causam
2805 684 3041 754 Spiritus
3090 684 3343 755 potentiae
3395 692 3575 753 negat,

2002 797 2126 836 cum
2152 792 2342 835 contra
2375 785 2626 847 oporteat
2659 776 2985 832 sublimibus
3032 774 3290 829 sensibus
3349 772 3576 826 humilia

2002 882 2056 928 et
2086 874 2322 926 humana
2352 871 2567 935 cedere,
2594 879 2648 924 et
2681 885 2781 939 pro
2810 869 3012 923 excelsi
3037 866 3302 936 dignitate
3334 866 3571 934 subjecti

2000 963 2263 1030 cogitare.
2292 960 2425 1015 Nam
2455 960 2695 1029 nequeis
2725 959 2817 1028 qui
2862 957 3044 1012 omnia
3078 956 3293 1012 excedit
3322 955 3483 1019 Deus,
3507 956 3578 1009 ob

2002 1050 2236 1119 alicujus
2296 1048 2704 1118 cooperationis
2757 1049 3162 1111 necessitatem,
3215 1055 3410 1101 cuncta
3480 1062 3577 1115 per

2002 1140 2199 1196 Filium
2233 1141 2393 1196 fecit:
2427 1156 2604 1210 neque
2650 1139 2961 1208 unigenitus
3007 1137 3201 1204 Filius,
3257 1139 3380 1193 ideo
3428 1138 3575 1207 quod

2006 1233 2271 1286 minorem
2293 1240 2495 1286 conatu
2527 1248 2629 1286 suo
2659 1232 2763 1283 vim
2796 1231 3013 1293 habeat,
3067 1232 3120 1284 in
3157 1243 3352 1285 sancto
3399 1229 3577 1299 Spiri—

2005 1332 2060 1377 tu
2111 1321 2291 1375 omnia
2346 1333 2625 1391 Operatur.
2673 1320 2779 1376 Sed
2840 1320 2963 1376 fons
3023 1321 3241 1390 quidem
3300 1321 3572 1390 putcnlim,

2006 1413 2167 1467 Pater
2189 1422 2308 1472 est:
2361 1414 2604 1483 polentia
2653 1428 2780 1467 vero
2824 1411 3023 1474 Patris,
3072 1412 3280 1478 Filius;
3320 1412 3575 1480 potentia:

1998 1504 2230 1577 spiritus
2285 1504 2542 1573 denique,
2577 1505 2817 1573 Spiritus
2874 1514 3100 1559 sanctus
3139 1511 3265 1558 est:
3321 1511 3572 1556 creatura

2006 1601 2187 1646 autem
2220 1595 2399 1647 omnis
2424 1601 2539 1646 tum
2572 1595 2847 1648 sensibilis
2876 1602 2987 1647 tum
3020 1591 3574 1662 incorporea,divinae

2007 1684 2261 1754 potentiae
2289 1683 2516 1737 effectus
2554 1694 2656 1738 est.
2685 1682 2748 1737 Et
2774 1684 3032 1753 quoniam
3057 1684 3213 1737 labor
3242 1684 3427 1736 nullus
3449 1697 3573 1736 esse

2009 1775 2327 1843 intelligitur
2355 1774 2412 1827 in
2462 1775 2533 1829 iis
2584 1790 2705 1844 quae
2735 1775 2974 1828 divinam
3006 1785 3255 1828 naturam
3307 1775 3573 1827 constitu-

326 1880 547 1943 νοεῖται,
581 1878 714 1948 ὁμοῦ
740 1880 847 1948 γὰρ
878 1879 956 1949 τῷ
994 1879 1335 1950 προελέσθαι,
1364 1879 1424 1931 τὸ
1462 1877 1714 1946 γενέσθαι
1761 1878 1899 1942 δέον,

2005 1874 2141 1930 unt;
2178 1880 2301 1918 nam
2343 1865 2673 1919 voluntatem
2701 1866 2883 1919 statim
2920 1867 3167 1934 sequitur
3191 1865 3351 1926 actio,
3385 1868 3575 1918 etsine

325 1969 486 2033 εὐθὺς
518 1970 674 2024 οὐσία
711 1973 744 2040 ἡ
777 1972 1033 2039 πρόθεσις
1063 1972 1271 2039 γίνεται
1297 2009 1311 2032 ,
1349 1972 1528 2024 πᾶσαν
1560 1970 1661 2041 τὴν
1690 1970 1779 2024 διὰ
1805 1971 1903 2041 τῆς

326 2060 555 2124 κτίσεως
598 2063 908 2116 ὑποστᾶσαν
966 2062 1148 2131 φύσιν,
1180 2062 1481 2133 θελήματος
1527 2062 1741 2131 κίνησιν
1764 2101 1779 2125 ,
1811 2064 1904 2116 καὶ

328 2150 640 2220 προθέσεως
688 2152 886 2225 ὁρμὴν,
920 2154 1013 2206 καὶ
1056 2153 1336 2223 δυνάμεως
1382 2153 1650 2217 διάδοσιν,
1680 2152 1904 2217 εἰκότως

327 2243 393 2296 ἄν
440 2260 524 2305 τις
562 2245 1050 2315 προσαγορεύσειεν
1096 2247 1158 2299 ὲκ
1196 2245 1410 2315 [ἰατρὸς
1454 2245 1784 2317 ἀρχομένην,
1809 2245 1903 2300 καὶ

328 2332 398 2385 δι’
428 2332 559 2386 Υἱοῦ
595 2336 887 2406 προϊοῦσαν
908 2380 922 2405 ,
946 2338 1040 2390 καὶ
1071 2338 1130 2391 ὲν
1171 2336 1446 2407 Πνεύματι
1494 2336 1634 2408 ἁγίῳ
1670 2338 1904 2391 τελειου-

334 2424 522 2494 μένην.

400 2512 481 2566 ιδ’.
520 2512 707 2568 Ταῦτα
739 2515 901 2585 ἡμεῖς
950 2514 1230 2578 ἰδιωτικῶς
1257 2516 1351 2568 καὶ
1388 2516 1529 2570 κατὰ
1560 2517 1653 2570 τὸν
1696 2518 1901 2591 συνήθη

324 2604 525 2676 τρόπον
556 2607 689 2676 ἡμῖν
722 2606 1042 2672 ἐννοοῦντες,
1060 2609 1128 2661 τὰ
1158 2607 1297 2676 σοφὰ
1334 2608 1507 2661 ταῦτα
1534 2608 1641 2663 τῶν
1671 2610 1903 2664 ἀνθυποο

327 2696 599 2766 φερόντων
647 2698 708 2750 οὐ
759 2698 1134 2769 προσιέμεθα,
1177 2700 1524 2765 πιστεύοντες
1566 2703 1662 2755 καὶ
1719 2703 1902 2774 ὁμολο-

324 2784 547 2853 γοῦντες
585 2787 643 2839 ὲν
682 2789 845 2840 παντὶ
895 2788 1179 2859 πράγματι
1214 2791 1309 2843 καὶ
1352 2792 1579 2862 νοήματι
1626 2794 1902 2865 ὲγκοσμίῳ

324 2890 382 2927 τε
410 2876 503 2928 καὶ
529 2875 899 2948 ὑπερκοσμίῳ,
936 2878 1029 2931 καὶ
1062 2880 1171 2942 τοῖς
1218 2881 1276 2932 ἐν
1302 2881 1477 2951 χρόνῳ
1505 2883 1599 2935 καὶ
1626 2885 1738 2946 τοῖς
1771 2902 1903 2955 προ-

326 2968 581 3033 αιωνίοις,
612 2968 750 3040 μετὰ
788 2970 1001 3040 Πατρὸς
1028 2971 1121 3023 καὶ
1149 2970 1276 3024 Υἱοῦ
1309 2972 1370 3024 τὸ
1401 2971 1623 3043 Πνεῦμα
1657 2975 1716 3027 τὸ
1748 2974 1902 3042 ἅγιον

325 3058 856 3129 καταλαμϐάνεσθαι,
890 3063 1023 3132 μήτε
1054 3062 1407 3132 βουλήματος,
1438 3064 1573 3134 μήτε
1602 3066 1900 3136 ἐνεργείας,

332 3148 468 3219 μήτε
495 3147 653 3201 ἄλλον
688 3149 831 3211 τινὸς
859 3148 966 3200 τῶν
995 3149 1135 3202 κατὰ
1173 3149 1232 3202 τὸ
1260 3149 1460 3217 ἀγαθὸν
1483 3150 1723 3214 εὐσεϐῶς
1755 3169 1901 3204 νοου-

333 3240 509 3309 μένων
531 3238 981 3311 ἀπολειπόμενονο
1013 3242 1105 3294 καὶ
1137 3241 1223 3294 διὰ
1253 3240 1428 3305 τοῦτο,
1458 3242 1611 3305 ἐκτὸς
1631 3241 1732 3312 τῆς
1762 3243 1901 3296 κατὰ

325 3333 479 3400 τάξιν
518 3334 613 3387 καὶ
668 3333 960 3388 ὑπόστασιν
990 3334 1271 3404 διαφορᾶς,
1306 3334 1363 3384 ὲν
1385 3332 1557 3385 οὐδενὶ
1599 3332 1659 3385 τὸ
1689 3334 1903 3404 παρηλ-

327 3427 595 3497 λαγμένον
623 3426 1132 3497 καταλαμϐάνομεν,
1163 3425 1299 3479 ἀλλὰ
1336 3426 1517 3496 τρίτον
1550 3426 1647 3495 μὲν
1667 3428 1732 3497 τῇ
1772 3427 1902 3479 ἀκο-

327 3519 517 3591 λουθία
564 3520 742 3589 φαμὲν
777 3518 914 3589 μετὰ
946 3518 1167 3589 Πατέρα
1216 3520 1308 3571 καὶ
1354 3518 1481 3570 Υίὸν
1512 3517 1859 3587 ἀριθμεῖσθαι
1885 3534 1901 3551 ⁶

329 3611 508 3681 τρίτον
532 3610 588 3663 δὲ
616 3611 709 3663 καὶ
751 3612 817 3679 τῇ
858 3609 1008 3674 τάξει
1049 3611 1148 3679 τῆς
1178 3609 1545 3681 παραδόσεως.
1594 3612 1680 3663 Ἐν
1706 3610 1762 3663 δὲ
1793 3614 1907 3675 τοῖς

331 3701 539 3765 λοιποῖς
567 3703 732 3754 πᾶσιν
759 3700 1058 3773 ἀχώριστον
1079 3701 1177 3771 τὴν
1199 3703 1489 3769 συνάφειαν
1522 3702 1906 3771 ὁμολογοῦντες

332 3795 389 3847 ὲν
429 3791 610 3861 φύσει,
639 3794 734 3845 καὶ
770 3793 828 3844 ἐν
863 3795 1021 3863 τιμῇ,
1065 3794 1159 3845 καὶ
1189 3794 1245 3845 ἐν
1284 3793 1499 3863 θεότητι
1533 3794 1626 3847 καὶ
1655 3794 1779 3865 δόξῃ
1815 3797 1908 3848 καὶ

334 3883 799 3955 μεγαλοπρεπείᾳ,
836 3884 930 3936 καὶ
981 3886 1047 3954 τῇ
1074 3883 1167 3935 ἐπὶ
1198 3882 1414 3936 πάντων
1443 3883 1678 3955 ἐξουσίᾳ,
1719 3886 1813 3937 καὶ
1839 3888 1906 3957 τῇ

334 3975 546 4028 εὐσεϐεῖ
568 3973 848 4045 ὁμολογίᾳ.
866 3974 999 4045 Περὶ
1016 3974 1073 4027 δὲ
1094 3974 1343 4045 λατρείας
1373 3975 1464 4027 καὶ
1487 3977 1909 4047 προσκυνήσεως

332 4069 429 4121 καὶ
452 4069 552 4121 ὅσα
598 4066 821 4120 τοιαῦτα
870 4066 1316 4137 μικρολογοῦντες
1348 4067 1713 4141 προφέρουσιν
1746 4071 1795 4121 οἱ
1821 4086 1909 4122 σο-

334 4158 426 4227 φοὶ
477 4158 606 4229 παρ’
640 4159 871 4221 ἑαυτοῖς,
913 4159 1095 4212 ἐκεῖνα
1125 4157 1383 4228 λέγομεν,
1414 4161 1494 4213 ὅτι
1540 4160 1757 4212 πάντων
1798 4159 1909 4213 τῶν

334 4250 464 4320 παρ’
504 4252 635 4320 ἡμῖν
684 4250 980 4321 γινομένων
1029 4252 1094 4304 ὲκ
1143 4252 1515 4324 προαιρέσεως
1562 4250 1910 4322 ἀνθρωπίνης

335 4339 660 4410 ὐψηλότερόν
682 4340 797 4393 ἐστι
825 4341 885 4393 τὸ
916 4339 1142 4411 Πνεῦμα
1176 4342 1236 4395 τὸ
1258 4343 1431 4409 ἆγιονο
1460 4342 1553 4395 καὶ
1587 4344 1620 4411 ἡ
1669 4342 1911 4413 προσκύ-

332 4449 487 4503 νησις
528 4433 683 4503 ἡμῶν
724 4433 1080 4503 ταπεινοτέρα
1111 4433 1225 4486 ἐστὶ
1248 4434 1696 4504 χρεωστουμένης
1723 4434 1907 4503 τιμῆς,

2003 1969 2156 2008 mora
2188 1954 2529 2024 propositum
2571 1954 2625 2007 in
2680 1970 2794 2009 rem
2830 1957 3141 2022 confertur;
3181 1971 3417 2019 onmem,
3453 1971 3574 2024 qua:

2003 2046 2243 2100 creando
2287 2046 2365 2110 ﬁt,
2407 2045 2793 2112 substantiam,
2825 2047 3123 2100 voluntatis
3170 2058 3397 2112 motum,
3450 2062 3575 2118 pro-

2002 2139 2164 2207 positi
2207 2140 2635 2209 aggressionem,
2698 2141 2954 2210 potentizc
2994 2141 3571 2203 communicationem,

2003 2240 2152 2286 recte
2181 2233 2429 2287 dicemus
2457 2249 2487 2286 a
2512 2231 2673 2288 Patre
2701 2234 2964 2303 incipere,
2998 2250 3093 2304 per
3127 2233 3326 2289 Filium
3374 2250 3574 2306 proce-

2003 2320 2151 2387 dere,
2182 2332 2237 2378 et
2272 2324 2325 2377 in
2354 2332 2547 2379 sancto
2583 2324 2793 2391 Spiritu
2827 2325 3037 2396 perﬁci.

2074 2506 2161 2560 M.
2200 2505 2349 2560 Hanc
2392 2522 2492 2561 nos
2523 2508 2768 2577 pOpulari
2826 2524 2975 2563 more
3017 2517 3388 2580 consuetaque
3413 2511 3576 2569 nobis

2003 2602 2213 2655 ratione
2235 2601 2559 2655 sententiam
2595 2611 2862 2671 gerentes,
2894 2604 3154 2674 sapientia
3191 2604 3296 2658 ista
3326 2604 3580 2661 adversa-

2003 2692 2209 2746 riorum
2239 2701 2558 2762 argumenta
2578 2710 2688 2748 non
2718 2696 3091 2751 admittimus:
3126 2696 3401 2751 credimus
3428 2698 3575 2751 enim

2002 2791 2055 2837 et
2077 2784 2401 2838 conﬁtemur
2430 2785 2484 2837 in
2521 2786 2669 2839 omni
2704 2802 2762 2840 re
2794 2786 3066 2839 mundana
3093 2794 3147 2841 et
3178 2788 3577 2855 supramunda-

2002 2888 2094 2940 na,
2136 2882 2482 2945 temporanca
2519 2887 2682 2946 atque
2709 2885 2932 2939 aeterna,
2987 2893 3109 2931 cum
3140 2876 3301 2933 Patre
3352 2894 3416 2932 ac
3441 2877 3580 2933 Filio

2006 2964 2267 3035 Spiritum
2301 2976 2551 3022 sanctum
2573 2985 2694 3024 esse
2714 2970 3177 3043 consociandum;
3216 2980 3269 3024 et
3315 2983 3493 3035 neque
3548 2981 3581 3020 a

2002 3057 2299 3122 voluntate,
2324 3073 2497 3128 neque
2529 3060 2596 3114 ab
2620 3060 2855 3123 actione,
2889 3076 3063 3130 neque
3087 3075 3116 3113 a
3150 3077 3206 3115 re
3238 3061 3430 3130 quavis
3460 3075 3583 3128 quae

2006 3146 2093 3216 pie
2126 3148 2367 3202 creditur
2419 3150 2560 3204 bona
2594 3150 2990 3205 excludendum
3028 3170 3042 3205 :
3080 3150 3328 3220 ideoque,
3359 3161 3581 3218 excepta

2005 3238 2214 3295 ordinis
2243 3256 2594 3311 personaeque
2636 3241 2956 3305 differentia,
3010 3243 3214 3297 nullius
3244 3243 3323 3296 rei
3364 3240 3586 3295 diversi-

2005 3336 2171 3384 tatem
2202 3332 2560 3397 admittimus,
2591 3333 2685 3388 sed
2722 3335 2938 3388 tertium
2962 3335 3153 3390 Ordine
3191 3334 3423 3389 dicimus
3460 3340 3583 3404 post

2002 3420 2221 3477 Patrem
2280 3434 2333 3479 et
2364 3423 2560 3479 Filium
2601 3426 2874 3480 numerari
2914 3429 3171 3481 :tertium
3222 3428 3349 3482 item
3391 3427 3583 3481 ordine

2007 3512 2339 3567 traditionis.
2368 3513 2423 3567 In
2450 3514 2676 3584 reliquis
2722 3530 2850 3569 vero
2871 3517 3126 3572 omnibus
3162 3517 3581 3586 inseparabilem

2008 3620 2205 3659 nexum
2240 3605 2493 3668 fatemur,
2538 3618 2746 3662 naturae
2772 3608 3042 3669 videlicet,
3076 3609 3318 3674 honoris,
3339 3609 3582 3673 deitatis,

2007 3696 2210 3765 gloriae,
2263 3698 2698 3767 magniﬁcentiae,
2746 3700 3072 3755 universalis
3121 3702 3427 3770 potestatis,
3456 3702 3583 3755 reli-

2008 3791 2173 3858 giosaa
2198 3789 2430 3861 denique
2449 3793 2589 3861 apud
2619 3808 2720 3848 nos
2747 3794 3126 3848 confessionis.
3153 3792 3429 3860 Quatenus
3453 3810 3586 3848 vero

2008 3882 2283 3951 sapientes
2326 3885 2382 3937 hi
2430 3886 2755 3940 cavillantur
2792 3887 2859 3941 de
2910 3887 3057 3941 cultu
3084 3895 3138 3941 et
3162 3886 3500 3942 vadoratione
3527 3896 3583 3940 et

2007 3972 2174 4029 rebus
2237 3973 2572 4041 hujusmodi,
2640 3975 2743 4030 hoc
2793 3992 2894 4032 nos
2965 3976 3315 4040 aﬁirmamus,
3388 3993 3584 4047 nempe

2009 4065 2156 4119 omni
2194 4064 2337 4135 quod
2365 4081 2463 4121 nos
2486 4066 2736 4122 humanis
2758 4068 3044 4122 conatibus
3061 4076 3381 4137 praestamus
3406 4065 3587 4122 ofﬁcio

2010 4155 2364 4211 excelsiorem
2418 4172 2539 4212 esse
2587 4156 2848 4227 Spiritum
2893 4166 3141 4212 sanctum
3168 4198 3181 4220 ,
3211 4157 3582 4211 adorationem

2009 4262 2225 4316 quoque
2251 4256 2491 4302 nostram
2534 4247 2887 4302 inﬁrmiorem
2911 4263 3033 4303 esse
3060 4248 3243 4301 debito
3277 4247 3503 4312 honore,
3531 4257 3584 4301 et

2010 4338 2270 4408 quidquid
2292 4339 2527 4393 humana
2554 4343 2894 4398 consuetudo
2911 4340 3283 4398 venerationis
3299 4341 3576 4410 exprimit.

2011 4428 2239 4484 inferius
2276 4445 2399 4485 esse
2424 4427 2657 4500 Spiritus
2678 4432 2971 4502 dignitate:
3001 4447 3127 4485 nam
3158 4431 3251 4501 qui
3284 4430 3583 4485 immensus

334 4524 428 4577 καὶ
455 4523 508 4576 εῖ
536 4540 587 4576 τι
632 4522 757 4576 ἄλλο
810 4526 845 4595 ἡ
875 4524 1186 4596 ἀνθρωπίνη
1228 4524 1483 4594 συνήθεια
1531 4524 1708 4595 τίμιον
1758 4526 1904 4595 ἔχει,

2013 4526 2206 4573 natura
2235 4529 2339 4584 est,
2371 4522 2543 4591 major
2599 4532 2685 4579 est
2726 4526 2872 4579 omni
2908 4525 3191 4595 obsequio,
3242 4523 3385 4594 quod
3435 4524 3484 4578 ci
3514 4524 3583 4578 ab

332 4614 485 4668 κάτω
510 4631 612 4667 που
635 4616 733 4685 τῆς
770 4614 926 4679 ἀξίας
948 4615 1066 4668 ἐστὶ
1096 4615 1190 4668 τοῦ
1219 4615 1534 4685 Πνεύματος
1570 4633 1583 4646 ·
1608 4616 1667 4669 τὸ
1696 4616 1802 4689 γάρ
1840 4620 1903 4688 τῇ

332 4707 491 4775 φύσει
534 4707 841 4779 ἀμέτρητον
862 4749 877 4771 ,
911 4708 1094 4778 μεῖζον
1140 4708 1255 4761 ἐστὶ
1285 4708 1393 4761 τῶν
1427 4708 1536 4762 ἀπὸ
1580 4710 1781 4778 μικρᾶς
1812 4711 1907 4762 καὶ

331 4798 855 4869 περιγεγραμμένης
908 4799 1003 4851 καὶ
1054 4796 1303 4861 εὐτελοῦς
1358 4797 1636 4868 δυνάμεως
1668 4799 1739 4852 τὰ
1766 4800 1908 4853 κατὰ

329 4890 557 4961 δύναμιν
585 4890 734 4960 αὐτῷ
759 4889 1229 4959 δωροφορούντων.
1261 4888 1446 4943 Ταῦτα
1471 4890 1567 4959 μὲν
1601 4884 1694 4943 οῦν
1724 4907 1905 4960 φαμεν

332 4982 467 5053 πρὸς
518 4983 643 5045 τοὺς
676 4981 1086 5051 συντιθεμένους
1126 4984 1193 5051 τῇ
1240 4981 1601 5052 εὐσεϐεστέρᾳ
1648 4980 1901 5053 περὶτοῦ

331 5075 486 5143 ἁγίου
518 5074 834 5145 Πνεύματος
870 5074 1155 5145 ὑπολήψει,
1180 5074 1260 5127 ὅτι
1288 5090 1348 5125 τε
1378 5073 1518 5127 θεῖόν
1538 5074 1652 5128 ὲστι
1681 5075 1774 5127 καὶ
1800 5074 1902 5145 φύ-

336 5183 472 5229 σεως
494 5166 664 5230 θείας.

404 5255 483 5308 ιε’.
503 5256 564 5308 El
594 5256 649 5308 δέ
666 5272 748 5318 τις
764 5254 978 5325 άθετοίη
1007 5254 1103 5323 τὴν
1129 5254 1310 5325 φωνὴν
1325 5255 1527 5323 ταύτην
1557 5255 1648 5307 καὶ
1669 5255 1765 5326 τὴν
1787 5256 1906 5309 διά-

334 5361 481 5397 νοιαν
504 5344 600 5414 τὴν
622 5344 700 5415 τῷ
723 5344 945 5411 ὀνόματι
970 5346 1070 5414 τῆς
1097 5343 1366 5412 θειότητος
1386 5344 1905 5415 συνεμφαινομένην,

333 5432 479 5501 λέγοι
494 5432 550 5486 δὲ
565 5434 625 5486 τὸ
653 5435 803 5506 παρὰ
826 5434 934 5487 τῶν
950 5433 1157 5487 πολλῶν
1178 5434 1271 5487 ἐπὶ
1299 5433 1666 5506 καθαιρέσεως
1692 5436 1790 5502 τῆς
1812 5434 1903 5489 τοῦ

334 5522 646 5593 Πνεύματος
672 5523 1055 5597 μεγαλωσύνης
1083 5524 1527 5597 περιφερόμενον,
1544 5525 1627 5578 ὅτι
1651 5524 1771 5595 οὐχὶ
1796 5525 1905 5579 τῶν

408 5692 521 5765 (10)
554 5694 687 5749 Cod.
718 5695 869 5760 Θεός,
916 5698 1009 5754 sed
1054 5698 1291 5755 fortasse
1344 5698 1687 5756 emendatum
1712 5700 1814 5755 fuit
1844 5700 1900 5762 in

339 5765 459 5835 ipso
479 5767 683 5835 codice
716 5766 864 5830 Υἱός.

411 5834 521 5907 (ll)
559 5836 618 5891 ld
669 5844 753 5893 est
781 5827 924 5905 Filii,
974 5839 1067 5911 qui
1102 5853 1187 5897 εει
1230 5842 1472 5909 potentia
1510 5827 1718 5897 'Patris.
1770 5839 1902 5895 Nam

2010 4612 2217 4681 exigua:
2246 4623 2293 4667 et
2323 4613 2750 4686 circumscripta
2776 4617 3007 4687 vilisque
3060 4615 3334 4670 facultatis
3381 4624 3581 4669 conatu

2005 4706 2314 4760 exhibetur.
2351 4706 2475 4763 llaec
2508 4709 2841 4779 caeteroquin
2925 4710 3032 4764 illis
3057 4709 3311 4774 dicimus,
3339 4709 3430 4779 qui
3454 4710 3582 4763 reli-

2005 4797 2230 4867 giosiori
2322 4798 2389 4854 de
2468 4806 2658 4855 sancto
2738 4799 2941 4870 Spiritu
3034 4801 3316 4855 sententia:
3400 4800 3581 4855 adhae-

2008 4898 2151 4952 rent,
2181 4891 2325 4960 quod
2380 4906 2577 4962 nempe
2604 4891 2747 4947 Deus
2795 4892 2886 4955 sit,
2917 4898 2971 4946 et
2997 4891 3181 4945 divina
3206 4902 3396 4945 natura
3438 4908 3580 4961 pra:-

2008 4978 2175 5035 ditus.

2084 5253 2169 5308 15.
2204 5252 2356 5318 Quod
2384 5252 2427 5306 si
2464 5252 2586 5322 quis
2624 5251 2727 5305 hoc
2778 5251 3101 5306 vocabulum
3134 5259 3184 5305 et
3237 5253 3579 5322 suppositum

2011 5343 2186 5397 cidem
2216 5344 2482 5397 vocabulo
2519 5343 2877 5414 signiﬁcatum
2914 5342 3131 5397 deitatis
3176 5342 3373 5405 deleat,
3434 5343 3585 5399 dicat

2009 5442 2190 5489 autem
2217 5435 2267 5489 id
2302 5434 2442 5501 quod
2470 5449 2499 5487 a
2529 5434 2713 5489 multis
2739 5435 2810 5489 ob
2834 5434 3152 5489 abolendam
3183 5432 3417 5503 Spiritus
3451 5449 3583 5487 ma—

2000 5525 2258 5597 jestatem
2288 5526 2548 5597 iactatur,
2597 5541 2789 5597 nempe
2827 5526 2971 5597 quod
3004 5542 3113 5581 non
3143 5541 3209 5581 ex
3230 5526 3581 5590 facientibus,

2010 5700 2249 5827 ‘Spllglullfs.
2285 5711 2509 5760 sanctus
2544 5702 2749 5759 dicitur
2776 5718 2807 5758 a
2834 5702 3024 5770 Paulo,
3061 5702 3180 5759 Gal.
3212 5721 3282 5771 iv,
3320 5704 3374 5773 6,
3408 5701 3580 5771 Spiri-

2034 5790 2091 5827 ιιδ
2167 5792 2266 5827 ιιι.

2034 5790 2091 5827 ιιδ
2119 5790 2266 5830 ισιιιι.
