4120 6394
534 384 671 439 1510

1777 384 1835 441 S.
1877 381 2207 441 GREGO‘RII
2250 382 2550 439 NYSSENI

3662 360 3809 415 {3&0

533 507 630 563 sed
686 522 753 562 ex
785 507 947 565 fastis
995 509 1304 565 credendus
1333 509 1426 571 sit,
1456 523 1634 578 neque
1676 505 1861 560 divina
1900 516 2118 570 natura,
2151 562 2152 565 η

2253 507 2543 568 ποιούντων,
2577 504 2712 559 ἀλλὰ
2760 502 2871 555 τῶν
2913 496 3246 569 ποιηθέντων
3272 490 3409 555 ἐστὶ,
3437 487 3531 541 καὶ
3551 485 3671 555 ούχὶ
3705 483 3816 551 τῆς

535 600 629 655 sed
663 608 870 669 creata;
909 603 1051 657 hanc
1075 618 1177 657 nos
1200 603 1502 656 oralionem
1559 601 1951 670 improhamus,
1988 600 2117 669 quia

533 690 783 745 homines
816 692 886 745 ita
912 694 1197 761 opinantes
1226 692 1278 745 in
1303 692 1737 747 Christianorum
1760 706 1988 744 numero
2021 691 2117 743 ha-

538 784 665 837 lere
700 798 807 837 non
849 784 1165 838 didicimus.
1212 782 1347 837 Nam
1397 784 1541 839 sicut
1595 782 1972 852 imperfectum
2004 797 2120 835 em-

531 873 798 945 .hryonem
852 891 1012 929 nemo
1075 876 1347 930 hominem
1387 875 1616 938 diceret,
1666 875 1760 929 sed
1813 874 2124 926 inchoatam

537 967 647 1021 vim
669 967 960 1035 quamdam
978 968 1023 1022 si
1055 968 1274 1037 quando
1301 966 1366 1021 ad
1394 968 1630 1021 hominis
1665 966 2002 1019 nativitatem
2033 964 2127 1018 de-

539 1060 773 1123 venerit,
805 1062 1047 1130 quandiu
1106 1071 1284 1115 tamen
1337 1060 1692 1129 imperfectus
1746 1066 1850 1123 est,
1887 1057 2128 1111 nondum

539 1169 661 1208 esse
686 1153 997 1223 hominem;
1028 1153 1109 1208 sic
1134 1169 1258 1209 eum
1295 1154 1387 1223 qui
1445 1153 1616 1207 totius
1677 1150 1919 1221 mysterii
1947 1163 2132 1203 veram

536 1246 1012 1315 orthodoxamque
1044 1245 1273 1299 formam
1324 1261 1435 1300 non
1477 1246 1772 1313 exceperit,
1812 1244 1956 1295 hunc
2013 1254 2137 1295 esse

540 1334 912 1390 Christianum
938 1338 1190 1391 doctrina
1224 1346 1413 1391 nostra
1447 1352 1554 1390 non
1586 1335 1861 1404 agnoscit.
1889 1332 2138 1401 Namque

542 1426 840 1482 etiudazos
878 1429 1071 1483 audire
1112 1437 1196 1482 est
1257 1428 1449 1489 Deum,
1489 1436 1543 1481 et
1596 1426 1815 1495 quidem
1866 1435 2138 1491 nostrum,

542 1518 893 1574 conﬁtentes.
918 1520 1182 1574 Concedit
1211 1522 1413 1589 quippe
1438 1518 1547 1573 illis
1589 1518 1641 1571 in
1703 1516 1996 1587 Evangelio
2033 1514 2141 1569 Do-

548 1612 752 1678 minus,
788 1613 929 1681 quod
970 1629 1073 1668 non
1098 1613 1265 1666 alium
1292 1612 1611 1667 existiment
1636 1610 1829 1675 Deum,
1857 1610 1961 1664 nisi
2010 1607 2143 1664 Cni-

549 1706 715 1774 geniti
754 1703 993 1768 Patrem,
1045 1705 1213 1768 Quem
1248 1721 1366 1767 vos,
1413 1703 1623 1773 inquit,
1680 1702 1848 1757 Deum
1899 1714 2143 1756 vestrum

549 1797 735 1852 dicitis
762 1799 804 1850 ³.
832 1795 970 1849 Num
1002 1812 1132 1866 ergo
1174 1797 1614 1850 Christianorum
1667 1795 1887 1849 nomine
1937 1808 2147 1846 nuncu-

552 1890 715 1959 pandi
752 1898 880 1944 sunt
918 1887 1112 1952 Judazi,
1162 1897 1447 1959 propterea
1484 1886 1628 1956 quod
1661 1887 1947 1941 adoratum
1978 1901 2007 1937 a
2046 1900 2144 1938 no-
2179 1869 2220 1925 Β

552 1984 637 2038 his
673 1983 839 2035 Deum
876 1982 986 2051 ipsi
1030 1996 1249 2051 quoque
1272 1996 1332 2035 se
1388 1979 1629 2033 fatentur
1678 1977 1901 2033 colere?
1934 1975 2061 2051 Scio
2094 1984 2148 2031 et

552 2071 879 2125 Manichzeos
936 2086 1134 2126 nomen
1186 2070 1393 2125 Christi
1426 2070 1725 2124 celebrare.
1767 2068 1905 2134 Quid
1937 2067 2149 2137 igitur?

550 2162 691 2217 Num
718 2165 810 2233 qui
835 2165 1143 2218 venerabile
1170 2163 1256 2219 his
1284 2178 1504 2233 quoque
1528 2163 1761 2216 habetur
1796 2161 2082 2215 adoratum
2116 2175 2147 2213 a

552 2256 713 2311 nobis
747 2271 968 2315 nomen,
1008 2254 1215 2310 idcirco
1276 2256 1375 2309 hos
1400 2254 1565 2309 etiam
1616 2254 1668 2306 in
1703 2251 2146 2307 Christianorum

554 2361 784 2399 numero
820 2344 1186 2398 habebimus?
1218 2343 1309 2399 Sic
1339 2353 1393 2399 et
1421 2344 1532 2409 ille,
1560 2344 1650 2412 qui
1679 2341 1897 2395 Patrem
1922 2340 2145 2411 quidem

551 2437 861 2497 conﬁtetur,
938 2434 1243 2505 Filiumqne
1321 2436 1579 2497 admittit,
1668 2434 1908 2504 Spiritus
1963 2442 2147 2487 tamen

553 2530 735 2583 abolet
769 2528 1136 2595 maiestatem,
1164 2527 1320 2582 ﬁdem
1344 2529 1580 2596 negavit,
1606 2534 1661 2581 et
1689 2534 1774 2580 est
1806 2524 2013 2579 inﬁdeli
2047 2525 2145 2579 de-

551 2623 725 2676 terior
756 2622 819 2685 “,
855 2620 1262 2690 Christianique
1293 2635 1489 2674 nomen
1523 2619 1803 2674 mentitur.
1836 2617 2145 2672 Perfectum

555 2731 678 2771 esse
702 2714 978 2784 hominem
1017 2712 1109 2767 Dei
1130 2713 1284 2781 jubet
1310 2713 1627 2781 Apostolus.
1660 2710 1933 2765 Perfectio
1966 2719 2145 2762 autem

555 2808 661 2861 erit
691 2808 744 2860 in
777 2807 1054 2861 communi
1088 2806 1309 2875 quidem
1340 2804 1583 2865 homine,
1605 2804 1649 2857 si
1679 2802 1987 2856 absolutam
2014 2815 2147 2869 qua-

557 2915 864 2968 queversus
894 2909 1150 2952 naturam
1187 2897 1478 2956 habuerit;
1518 2911 1642 2949 nam
1672 2894 1995 2948 rationalem
2026 2906 2151 2945 esse

556 2998 794 3059 oportet,
839 2990 1038 3044 mentis
1079 2988 1432 3055 scientizeque
1461 3000 1743 3056 capacem,
1775 2985 1902 3037 vitae
1930 2998 2151 3052 compu-

558 3094 687 3145 tezn,
721 3090 930 3137 statura
963 3090 1229 3142 erectum,
1268 3079 1555 3143 risibilem,
1577 3078 1701 3132 latis
1720 3076 1992 3145 unguibus
2014 3092 2152 3142 pre-

557 3182 754 3233 ditnm.
784 3176 939 3243 Quod
970 3176 1015 3232 si
1048 3178 1175 3245 quis
1209 3176 1483 3229 hominem
1508 3175 1776 3236 nominet,
1814 3174 1947 3243 quin
2005 3173 2149 3226 dicta

2221 600 2391 663 θείας,
2417 599 2553 652 ἀλλά
2583 599 2678 667 τῆς
2710 594 2933 663 κτιστῆς
2958 591 3170 661 φύσεως
3204 581 3341 639 εἶναι
3362 580 3627 653 προσήκει
3655 574 3822 644 νομί-

2222 692 2355 756 ζειν,
2383 691 2570 744 τοῦτον
2589 689 2679 742 τὸν
2699 687 2856 754 λόγον
2891 677 3358 753 ἀποκρινούμεθα,
3386 676 3468 728 ὅτι
3492 673 3616 733 τοὺς
3637 669 3824 730 οὕτως

2226 784 2443 854 ἔχοντας
2467 784 2523 834 ἐν
2536 781 2871 852 Χριστιανοῖς
2890 776 3140 847 ἀριθμεῖν
3163 772 3263 824 οὒκ
3283 766 3575 839 ἐμάθομεν.
3597 763 3822 854 Ὠσπερ

2226 853 2331 947 γὰρ
2367 874 2649 945 ἄνθρωπον
2678 872 2779 924 οὐκ
2807 872 2872 925 ἄν
2909 886 2991 930 τις
3033 864 3320 936 προσείποι
3349 859 3409 912 τὸ
3443 853 3825 947 ἀτελεσφόρη-

2228 945 2321 1022 τον
2366 967 2639 1038 ἔμϐρυον,
2676 962 2813 1017 ἀλλά
2838 961 3066 1029 δύναμιν
3113 947 3700 1025 εἴπερέτελεσφορήθη

2231 1057 2517 1128 ἀνθρώπου
2550 1056 2760 1122 γένεσιν
2792 1049 3095 1123 προελθεῖν,
3126 1047 3231 1108 ἓως
3261 1044 3303 1096 δ’
3336 1042 3400 1096 ἂν
3432 1043 3488 1093 ἐν
3520 1039 3598 1108 τῷ
3635 1035 3829 1089 ἀτελεῖ

2232 1150 2289 1224 ᾗ,
2310 1151 2437 1204 ἄλλο
2469 1149 2520 1202 τί
2550 1150 2665 1200 ἐστι
2691 1147 2787 1198 καὶ
2819 1145 2920 1196 οὐκ
2977 1140 3293 1211 ἄνθρωπος·
3314 1134 3487 1195 οὕτως
3517 1132 3606 1183 τὸν
3654 1128 3734 1198 μὴ
3756 1126 3826 1179 δι’

2235 1222 2358 1297 ῦλου
2395 1241 2486 1295 τοῦ
2523 1237 2820 1311 μυστηρίου
2865 1236 2965 1306 τὴν
2998 1231 3170 1303 ἀληθῆ
3216 1228 3492 1300 μόρφωσιν
3524 1224 3622 1292 τῆς
3660 1222 3829 1273 εὐσε-

2239 1335 2387 1397 ϐείας
2417 1334 2729 1403 δεξάμενον,
2765 1326 3074 1401 χριστιανόν
3105 1324 3205 1377 οὐκ
3232 1318 3370 1375 οἶδεν
3398 1322 3426 1371 ό
3446 1317 3621 1383 λόγος.
3661 1315 3831 1367 Ἔστι

2240 1430 2349 1498 γὰρ
2376 1429 2470 1481 καὶ
2515 1424 2781 1479 Ἰουδαίων
2827 1420 3046 1474 ἀκούειν
3097 1417 3226 1469 Θεὸν
3280 1408 3684 1483 ὁμολογούντων
3728 1404 3833 1457 καὶ

2242 1522 2374 1574 Θεὸν
2411 1519 2499 1572 τὸν
2554 1516 2846 1589 ἡμέτερον.
2895 1510 3203 1566 Συντίθεται
3241 1508 3421 1567 αὐτοῖς
3458 1504 3515 1554 ἐν
3548 1499 3624 1570 τῷ
3654 1499 3837 1564 Εὐαγ-
3892 1518 3897 1521 έ

2244 1614 2408 1682 γελίῳ
2443 1611 2536 1663 καὶ
2567 1611 2596 1662 ὁ
2635 1608 2858 1680 Κύριος,
2887 1606 2969 1659 ὅτι
3002 1605 3101 1657 ούκ
3128 1602 3282 1655 ἄλλον
3309 1596 3588 1666 νομίζουσι
3621 1591 3759 1643 Θεὸν
3795 1589 3832 1660 ἢ

2245 1681 2338 1754 τὸν
2369 1699 2589 1768 Πατέρα
2625 1696 2719 1750 τοῦ
2740 1696 3096 1764 Μονογενοῦς,
3122 1695 3218 1746 Ὃν
3240 1690 3422 1759 ὑμεῖς,
3454 1685 3606 1754 φησὶ,
3636 1681 3837 1749 λέγετε

2248 1796 2330 1847 ὅτι
2358 1793 2488 1854 Θεὸς
2506 1789 2661 1861 ἡμῶν
2687 1783 2985 1857 ἐστιν.⁷Αρ’
3006 1782 3099 1840 οῦν
3119 1782 3477 1855 Χριστιανοὺς
3502 1774 3840 1847 ὀνομαστέον

2247 1886 2375 1947 τοὺς
2423 1882 2741 1949 Ἰουδαίους,
2787 1882 2869 1934 ὅτι
2915 1880 3007 1932 τὸν
3044 1879 3172 1948 παρ’
3208 1875 3363 1945 ἡμῶν
3412 1867 3841 1943 προσκυνούμε-

2249 1995 2359 2038 νον,
2400 1976 2497 2029 καὶ
2538 1975 2691 2028 αὐτοὶ
2726 1973 2905 2026 σέϐειν
2931 1969 3324 2042 όμολογοῦσιν;
3365 1962 3493 2019 Οἶδα
3526 1962 3617 2015 καὶ
3655 1961 3844 2014 Μανι-

2248 2069 2438 2140 χαίους
2480 2067 2541 2120 τὸ
2586 2067 2757 2136 ὄνομα
2786 2064 2879 2117 τοῦ
2903 2063 3143 2132 Χριστοῦ
3164 2060 3582 2129 περιφέροντας.
3610 2054 3676 2106 Τί
3699 2048 3841 2116 οὗν;

2262 2158 2479 2231 Ἐπειδὴ
2508 2158 2801 2227 σεϐάσμιον
2827 2154 2978 2226 παρὰ
2998 2153 3206 2215 τούτοις
3237 2152 3297 2203 τὸ
3336 2148 3460 2219 παρ’
3492 2147 3647 2216 ἡμῶν
3667 2161 3847 2215 προσ-

2251 2235 2579 2320 κυνούμενον
2601 2251 2771 2319 ὄνομα
2791 2288 2805 2309 ,
2838 2248 2926 2301 διὰ
2954 2246 3111 2300 τοῦτο
3143 2244 3237 2297 καὶ
3267 2244 3464 2305 αὐτοὺς
3495 2242 3549 2293 ἐν
3578 2241 3849 2308 Χριστια-

2249 2347 2361 2406 νοῖς
2380 2342 2505 2415 ἀριθ
2515 2343 2760 2413 μήσομεν
2783 2356 2795 2402 ;
2816 2338 3000 2401 Οὕτως
3029 2335 3121 2390 καὶ
3138 2339 3165 2389 6
3184 2335 3275 2387 τὸν
3293 2332 3508 2402 Πατέρα
3529 2330 3626 2400 μὲν
3648 2327 3853 2396 ὁμολο-

2250 2436 2384 2504 γῶν,
2437 2431 2656 2488 καὶτὸν
2703 2431 2832 2483 Υίὺν
2880 2427 3341 2500 παραδεχόμενος,
3391 2422 3597 2476 ἀθετῶν
3633 2420 3691 2473 δὲ
3737 2419 3849 2488 τὴν

2255 2525 2626 2598 μεγαλοσύνην
2686 2522 2782 2577 τοῦ
2839 2520 3176 2591 Πνεύματος,
3219 2520 3451 2589 ἤρνηται
3496 2514 3593 2585 τὴν
3630 2512 3847 2574 πίστιν,

2252 2622 2346 2675 καὶ
2394 2620 2541 2673 ἐστὶν
2572 2617 2801 2671 ἀπίστου
2845 2614 3064 2684 χείρων,
3107 2612 3201 2663 καὶ
3233 2610 3333 2679 τῆς
3390 2604 3707 2675 ἐπωνυμίας
3744 2601 3849 2654 τοῦ

2251 2711 2581 2779 Χριστιανοῦ
2614 2707 3035 2778 καταψεύδεται.
3070 2705 3291 2774 Ἀρτιον
3320 2697 3459 2754 εἷναι
3500 2698 3715 2752 κελεύει
3749 2695 3851 2747 τὸν

2251 2805 2345 2858 τοῦ
2379 2803 2515 2857 Θεοῦ
2564 2801 2851 2872 ἄνθρωπον
2880 2800 2909 2852 6
2941 2795 3281 2857 Ἀπόστολος.
3308 2794 3527 2862 Ἀρτιον
3559 2790 3603 2842 δ’
3644 2789 3712 2841 ἂν
3755 2788 3849 2856 εἴη

2255 2898 2346 2950 ἐπὶ
2377 2896 2477 2967 μὲν
2514 2893 2611 2947 τοῦ
2657 2891 2838 2946 κοινοῦ
2882 2888 3172 2960 ἀνθρώπου
3219 2886 3281 2938 τὸ
3329 2884 3493 2936 παν-ιλ⁵
3523 2881 3666 2950 λόγῳ
3701 2896 3850 2947 συμ-

2254 2987 2685 3060 πεπληρωμένον
2709 2986 2810 3055 τῆς
2841 2983 3077 3053 φύσεως,
3098 2979 3314 3048 λογικόν
3332 2995 3393 3030 τε
3415 2975 3523 3045 γὰρ
3546 2970 3685 3026 εἶναι
3714 2970 3849 3041 χρὴ,

2254 3080 2346 3134 νοῦ
2385 3080 2479 3133 καὶ
2520 3078 2830 3145 ἐπιστήμης
2870 3073 3141 3136 δεκτικὸν,
3179 3068 3325 3137 ζωῆς
3380 3065 3626 3136 μετέχον,
3660 3061 3851 3131 ὄρθιον

2256 3170 2336 3241 τῷ
2361 3172 2622 3241 σχήματι,
2656 3165 2999 3236 γελαστικὸν,
3040 3160 3441 3228 πλατυώνυχον.
3466 3155 3527 3208 Εἰ
3559 3153 3617 3207 δὲ
3642 3152 3847 3221 ὀνομά-

560 3279 771 3324 natura:
798 3268 998 3322 indicia
1031 3276 1293 3337 praestare
1319 3275 1505 3335 queat,
1546 3266 1749 3320 frustra
1774 3280 1898 3317 eum
1924 3264 2028 3317 hac
2054 3265 2150 3316 ho-

2257 3265 2337 3329 ζοι
2380 3264 2477 3332 μέν
2504 3279 2588 3325 τις
2623 3260 2929 3330 ἄνθρωπον,
2965 3256 3036 3309 τὰ
3064 3256 3120 3309 δὲ
3168 3253 3434 3324 εἰρημένα
3486 3251 3689 3321 σημεῖα
3746 3246 3847 3314 τῆς

560 3372 722 3417 norat
768 3360 1147 3431 appellatione.
1206 3358 1284 3413 lta
1338 3361 1502 3412 etiam
1557 3358 1928 3421 Christianus,
1974 3355 2076 3409 ﬁde
2101 3356 2152 3408 in

560 3455 777 3510 Patrem
815 3463 865 3507 ct
886 3450 1083 3505 Filium
1104 3466 1167 3504 ac
1196 3448 1461 3518 Spiritum
1484 3458 1733 3502 sanctum
1761 3447 2151 3516 distinguitur:

563 3546 681 3601 hzec
698 3546 870 3598 forma
900 3550 984 3598 est
1008 3542 1128 3610 ejus
1162 3543 1251 3610 qui
1276 3541 1525 3595 veritatis
1553 3539 1812 3611 mysterio
1841 3538 2155 3593 conforma-

562 3646 656 3692 tus
685 3634 869 3689 fuerit.
900 3632 1057 3698 Quod
1123 3633 1167 3687 si
1228 3632 1387 3685 aliter
1416 3629 1589 3683 forma
1650 3645 1709 3684 se
1746 3629 1961 3692 habeat,
2012 3629 2155 3683 haud

564 3743 857 3797 agnoscam
882 3726 1149 3780 diﬂormis
1207 3725 1283 3777 rei
1311 3732 1563 3778 naturam
1598 3740 1612 3776 :
1669 3722 1924 3778 confusio
1953 3732 2038 3777 est
2064 3739 2158 3793 po-

564 3822 674 3876 tius
707 3820 971 3890 ﬁgurar,et
1000 3817 1269 3871 naturalis
1303 3815 1490 3870 formae
1513 3816 1764 3869 alteratio
1786 3814 2172 3870 etindicativo-

566 3929 689 3968 rum
768 3911 1123 3966 humanitatis
1175 3909 1457 3978 signorum
1523 3908 1820 3977 perversio,
1909 3923 2033 3963 cum
2097 3907 2165 3961 ad

568 4007 690 4061 ﬁdei
734 4005 929 4075 dogma
984 4002 1223 4071 Spiritus
1269 4011 1495 4055 sanctus
1525 4015 1635 4054 non
1662 4002 1821 4055 simul
1876 4001 2158 4070 recipitur.

566 4096 745 4153 Verax
773 4102 858 4149 est
907 4092 1052 4147 enim
1082 4090 1428 4146 Ecclesiastae
1472 4088 1679 4143 dictum
1722 4105 1734 4140 :
1770 4085 1889 4141 Non
1933 4093 2020 4141 est
2072 4085 2162 4139 hic

566 4189 733 4243 homo
769 4186 980 4248 vivens,
1009 4183 1104 4239 sed
1142 4197 1290 4244 ossa,
1337 4188 1395 4234 nt
1438 4181 1556 4249 ipse
1589 4180 1688 4239 ait.
1714 4180 1770 4233 in
1802 4186 1992 4233 ventre
2020 4193 2159 4248 pne-

566 4279 790 4351 gnantis
821 4280 887 4331 “.
933 4276 1071 4330 Nam
1121 4274 1400 4345 quomodo
1439 4271 1796 4327 conﬁtebitur
1850 4270 2155 4332 Christum,

567 4372 675 4427 nisi
706 4370 947 4425 chrisma
977 4383 1101 4421 cum
1138 4377 1304 4421 uncto
1338 4364 1501 4419 simul
1530 4362 1828 4432 intelligat?
1861 4380 1879 4412 ι
1919 4360 2096 4424 Hunc,
2133 4380 2152 4411 ι

568 4465 748 4536 inquit
776 4461 1080 4531 Scriptura,
1124 4478 1142 4511 ι
1167 4458 1323 4512 unxit
1347 4456 1492 4511 Deus
1521 4456 1732 4525 Spiritu
1766 4463 1977 4509 sancto.
2010 4454 2083 4505 ι’)

2260 3356 2473 3424 φύσεως
2506 3354 2581 3425 μὴ
2611 3354 2722 3424 ἔχοι
2756 3351 2848 3404 ἐπὶ
2874 3350 3064 3404 τούτου
3108 3345 3467 3418 παρέχεσθαι,
3513 3342 3689 3413 μάτην
3738 3339 3849 3392 ἐτί-

2265 3466 2405 3519 μησε
2447 3447 2525 3517 τῷ
2572 3445 2941 3517 προσρήματι.
2991 3441 3179 3503 Οὕτως
3239 3439 3335 3492 καὶ
3375 3439 3403 3490 6
3437 3432 3846 3507 Χριστιανὸςτῇ

2263 3546 2340 3605 εἰς
2376 3540 2618 3611 Πατέρα,
2664 3537 2758 3591 καὶ
2782 3536 2909 3588 Υἱὸν
2954 3536 3046 3588 καὶ
3092 3533 3245 3601 ἅγιον
3272 3529 3498 3597 Πνεῦμα
3526 3526 3707 3578 πίστει
3756 3541 3851 3593 χα-

2268 3630 2654 3704 ρακτηρίζεται
2677 3647 2689 3659 ·
2723 3628 2862 3697 αὕτη
2910 3626 3055 3679 ἐστὶν
3088 3626 3120 3694 ἡ
3154 3621 3335 3693 μορφὴ
3360 3619 3454 3672 τοῦ
3489 3616 3630 3671 κατά
3655 3615 3717 3668 τὸ
3750 3632 3854 3683 μυ-

2267 3725 2485 3794 στήριον
2522 3721 2625 3790 τῆς
2658 3718 2915 3789 ἀληθείας
2963 3713 3417 3786 μεμορφωμένου.
3453 3710 3515 3763 Εἰ
3546 3709 3603 3760 δὲ
3646 3706 3853 3775 ἑτέρως

2270 3818 2302 3886 ἡ
2354 3812 2536 3885 μορφὴ
2579 3809 2898 3880 διακειμένη
2948 3808 3107 3879 τύχῃ,
3165 3807 3265 3858 οὐκ
3324 3800 3699 3869 ἐπιγνώσομαι
3756 3795 3855 3848 τοῦ

2266 3905 2515 3977 ἀμόρφου
2556 3902 2653 3972 τὴν
2682 3900 2842 3972 φύσιν
2872 3916 2885 3929 ο
2925 3897 3185 3968 σύγχυσίς
3230 3898 3345 3948 ἐστι
3370 3892 3470 3947 τοῦ
3508 3888 3857 3963 χαρακτῆρος

2266 3998 2362 4049 καὶ
2389 3997 2487 4066 τῆς
2509 3994 2651 4048 κατὰ
2686 3994 2848 4064 φύσιν
2886 3992 3098 4063 μορφῆς
3136 3987 3487 4058 ἀλλοτρίωσις
3517 3984 3612 4037 καὶ
3641 3979 3857 4052 παραλ-

2264 4088 2404 4157 λαγὴ
2439 4087 2549 4139 τῶν
2589 4082 2967 4155 γνωριστικῶν
3009 4080 3251 4153 σημείων
3279 4078 3377 4148 τῆς
3410 4074 3855 4144 ἀνθρωπότητος,

2261 4180 2389 4232 ὅταν
2438 4176 2514 4248 μὴ
2570 4172 3017 4247 συμπαραληφθῇ
3067 4174 3132 4243 τῇ
3174 4170 3360 4223 πίστει
3406 4167 3467 4219 τὸ
3516 4163 3739 4231 Πνεῦμα
3792 4159 3861 4211 τὸ

2260 4270 2435 4338 ἆγιον.
2482 4267 2767 4339 Ἀληθεύει
2810 4267 2917 4339 γὰρ
2972 4264 3068 4318 τοῦ
3111 4256 3540 4330 Ἐκκλησιαστοῦ
3587 4257 3617 4309 6
3655 4255 3810 4321 λόγος
3837 4268 3853 4281 ·

2258 4364 2341 4417 ὅτι
2364 4356 2518 4426 οῦτκ
2535 4362 2655 4432 οὐχὶ
2687 4361 2796 4425 ζῶν
2827 4364 2974 4413 ἐστιν
3005 4357 3311 4429 ἄνθρωπος,
3334 4352 3469 4406 ἀλλά
3493 4351 3646 4412 ὀστᾶ,
3673 4346 3859 4409 καθὼς

2262 4437 2469 4517 ἐκεῖνος
2516 4453 2680 4523 φησὶν
2703 4494 2719 4516 ,
2754 4455 2811 4505 ἐν
2841 4453 2908 4521 τῇ
2943 4448 3139 4518 γαστρὶ
3170 4445 3273 4514 τῆς
3296 4439 3691 4512 κυοφορούσης.
3730 4433 3860 4498 Πῶς

568 4565 679 4633 γὰρ
732 4560 1054 4632 ὁμολογήσει
1100 4554 1360 4627 Χριστὸν,
1393 4554 1421 4605 6
1458 4552 1531 4624 μὴ
1586 4550 1916 4606 συνεπινοῶν
1974 4548 2052 4620 τῷ
2114 4551 2387 4621 χρισθέντι
2433 4550 2495 4603 τὸ
2564 4548 2819 4619 χρίσμα;
2897 4566 2915 4597 ‹
2970 4542 3172 4597 Τοῦτον
3220 4539 3427 4609 ἔχρισε,
3474 4554 3493 4586 ι
3534 4535 3733 4603 φησὶν,
3775 4550 3792 4580 ι
3830 4540 3860 4572 υ

569 4656 780 4719 Θεὺςὲν
809 4651 1087 4723 Πνεύματι
1123 4648 1276 4719 ἁγίῳ.
1316 4667 1335 4699 ι

649 4746 734 4802 16.
777 4746 967 4799 Dicant
1000 4758 1130 4812 ergo
1163 4740 1320 4795 nobis
1362 4738 1456 4808 qui
1500 4737 1742 4808 Spiritus
1794 4737 2025 4807 gloriam
2080 4735 2171 4789 ab-
2202 4736 2245 4791 D

571 4843 742 4901 olent,
774 4848 829 4892 et
867 4837 921 4890 in
949 4835 1143 4889 ordine
1160 4833 1502 4889 subditarum
1527 4838 1847 4884 naturarum
1867 4829 2158 4891 collocant,

573 4934 863 4998 (-ujusnam
909 4929 987 4983 rei
1015 4926 1323 4998 symbolum
1364 4922 1552 4977 unctio
1583 4923 1673 4976 sit.
1723 4919 1915 4975 Nonne
1969 4918 2166 4990 regnif?

572 5023 717 5091 Quid
780 5020 994 5092 porro?
1055 5017 1247 5072 Nonne
1304 5016 1524 5085 propria
1558 5022 1753 5067 natura
1808 5028 1991 5082 regem
2037 5026 2164 5065 esse

574 5109 1227 5181 ereduntUnigenitum?
1283 5108 1414 5161 Sine
1468 5106 1635 5159 dubio
1697 5118 1806 5157 non
1861 5103 2161 5173 negabunt,

574 5206 670 5277 qui
703 5214 850 5260 certe
875 5201 1104 5255 Iudaico
1139 5200 1258 5254 velo
1283 5214 1380 5252 cor
1405 5198 1725 5253 obvolutum
1760 5212 1871 5251 non
1903 5194 2161 5249 habeant.

578 5296 636 5350 Si
667 5312 796 5365 ergo
826 5294 995 5348 Filius
1026 5292 1171 5347 Deus
1200 5290 1524 5345 naturaliter
1546 5299 1651 5355 est,
1683 5288 1833 5359 regni
1864 5302 1995 5342 vero
2018 5302 2165 5357 sym-

578 5386 759 5443 bolum
812 5384 1073 5445 chrisma,
1140 5382 1422 5453 quidnam,
1474 5396 1594 5443 oro,
1647 5382 1744 5435 tibi
1801 5387 2166 5434 consectanea

578 5478 717 5533 ratio
741 5476 1130 5532 demonstrat?
1168 5473 1374 5544 Nempe
1426 5473 1668 5528 chrisma
1698 5487 1808 5527 non
1849 5487 1973 5527 esse
2034 5471 2166 5524 alie-

580 5585 710 5624 num
755 5570 822 5622 ab
864 5583 931 5622 eo
989 5566 1083 5636 qui
1129 5565 1453 5619 naturaliter
1508 5580 1603 5618 rex
1641 5571 1776 5619 est:
1842 5579 2021 5633 neque
2082 5561 2163 5617 uti

583 5662 930 5730 peregrinum
984 5666 1037 5712 et
1092 5664 1413 5710 extraneum
1470 5668 1595 5709 cum
1639 5662 1830 5709 sancta
1897 5652 2165 5707 Trinitate

655 5841 676 5872 ⁹
712 5839 869 5896 Joan.
907 5856 1041 5905 vin,
1083 5839 1166 5894 ll.
1248 5838 1291 5869 ‘°
1333 5837 1375 5891 ll
1417 5835 1558 5892 Tim.
1600 5836 1818 5902 111,17.

1901 5836 1939 5868 ¹¹
1983 5833 2132 5889 Eccl.
2170 5847 2261 5898 χι,
2298 5832 2353 5888 5.

2349 4732 2446 4797 ις’.
2491 4730 2819 4784 Εἱπάτωσαν
2870 4722 2963 4781 οὖν
3011 4727 3144 4796 ἡμῖν
3197 4724 3245 4775 οἱ
3307 4716 3696 4787 καθαιροῦντες
3760 4720 3863 4787 τὴν

2265 4822 2358 4876 τοῦ
2406 4820 2721 4890 Πνεύματος
2750 4819 2927 4884 δόξαν,
2962 4818 3054 4869 καὶ
3085 4817 3152 4885 τῇ
3205 4810 3500 4882 ὑποχειρίῳ
3531 4806 3691 4876 φύσει
3732 4822 3864 4870 συγ-

2266 4912 2730 4974 κατατάσσοντες,
2761 4910 2905 4972 τίνος
2934 4906 3200 4977 σύμϐολόν
3241 4906 3387 4957 ἐστιν
3414 4904 3447 4973 ἡ
3493 4900 3693 4972 χρίσις.
3725 4897 3864 4966 Ούχὶ

2264 5007 2364 5076 τῆς
2394 5003 2707 5075 βασιλείας.;
2751 5001 2815 5054 Τί
2863 5001 2959 5063 δέ;
3002 5000 3123 5069 οὐχὶ
3148 4998 3309 5066 φύσει
3356 4994 3577 5065 βασιλέα
3622 4991 3714 5043 τὸν
3750 4992 3863 5043 Μο-

2264 5097 2456 5167 νογενῆ
2514 5095 2942 5149 πεπιστεύκασιν
2981 5111 2995 5158 ;
3047 5093 3162 5145 Ούκ
3214 5088 3499 5161 ἀντεροῦσι
3545 5085 3766 5146 πάντως
3803 5083 3859 5136 οἰ

2270 5207 2332 5258 γε
2388 5189 2463 5259 μὴ
2493 5187 2749 5251 καθάπαξ
2781 5186 2858 5256 τῷ
2893 5183 3170 5254 Ἰουδαῖκῷ
3208 5183 3523 5252 καλύμματι
3568 5180 3669 5248 τὴν
3718 5193 3863 5247 καρ-

2272 5284 2391 5335 δίαν
2418 5280 2819 5352 περιεχόμενοι.
2863 5279 2925 5330 Εἰ
2950 5273 3042 5331 οῦν
3072 5279 3137 5347 τῇ
3167 5276 3325 5345 φύσει
3348 5273 3600 5344 βασιλεὺς
3638 5272 3667 5325 ὁ
3705 5269 3857 5331 Υἱὸς,

2274 5374 2551 5446 βασιλείας
2571 5374 2627 5426 δὲ
2662 5371 2929 5443 σύμϐολόν
2959 5372 3074 5423 ἐστι
3100 5370 3161 5421 τὸ
3200 5367 3429 5439 χρίσμα,
3450 5365 3503 5418 τί
3527 5381 3610 5417 σοι
3644 5362 3732 5416 διά
3760 5360 3859 5429 τῆς

2273 5467 2594 5530 ἀκολουθίας
2618 5468 2646 5519 6
2685 5465 2843 5533 λόγος
2877 5462 3251 5528 ἐνδείκνυται;
3283 5462 3407 5512 Ὀτι
3441 5458 3541 5509 οὐκ
3583 5454 3862 5523 ἀλλότριόν

2271 5562 2325 5614 τί
2351 5559 2576 5614 ἐστιτοῦ
2610 5557 2750 5610 κατά
2777 5556 2938 5622 φύσιν
2970 5554 3233 5624 βασιλέως
3268 5551 3329 5604 τὸ
3369 5550 3601 5621 χρίσμα,
3626 5546 3749 5599 οὐδὲ
3784 5542 3860 5605 ὡς

2276 5650 2425 5717 ξένον
2470 5667 2522 5702 τι
2562 5648 2656 5702 καὶ
2710 5646 3006 5715 ἀλλόφυλον
3037 5647 3103 5717 τῇ
3146 5640 3482 5714 ἀγίᾳΤριάδι
3530 5636 3591 5691 τὸ
3638 5630 3863 5705 Πνεῦμα

2434 5833 2475 5864 ¹⁹
2515 5833 2637 5887 Act.
2684 5847 2711 5884 x
2736 5871 2749 5893 ι
2784 5830 2872 5885 58.
