4120 6394
322 382 457 439 εδει
478 394 491 413 λ

1471 382 1840 439 ADVEllSES
1863 384 2416 440 MACEDONIANOS.

3446 380 3580 431 1522

324 499 693 553 συντέτακται.
724 497 984 561 Βασιλεὺς
1043 499 1138 568 μὲν
1164 499 1271 569 γὰρ
1304 499 1333 551 ὁ
1363 499 1512 562 Υἱόςι
1560 500 1803 569 βασιλεία
1838 498 1893 550 δὲ

2000 497 2262 569 Spiritum
2320 495 2583 566 cooptari.
2623 493 2757 548 Nam
2822 508 2914 547 rex
2951 500 3035 547 est
3075 490 3289 557 Filius;
3350 505 3577 561 regnum

324 590 474 653 ζῶσα
517 589 611 643 καὶ
646 587 908 658 οὐσιὼδης
953 589 1045 641 καὶ
1081 590 1442 653 ἐνυπόστατος
1482 590 1543 643 τὸ
1585 589 1808 661 Πνεῦμα
1834 590 1896 643 τὺ

318 683 501 750 ⁵ἆγιον,
591 680 832 750 χρισθεὶς
859 682 887 732 ὁ
907 679 1230 750 Μονογενὴς,
1256 681 1490 752 Χριστός
1521 684 1636 735 ἐστι
1671 683 1766 737 καὶ
1795 682 1896 753 βα-

326 772 506 835 σιλεὺς
535 771 643 823 τῶν
671 770 862 825 ὄντων.
892 772 955 824 Ei
998 766 1091 825 οὖν
1129 770 1378 841 βασιλεὺς
1422 773 1451 825 ὁ
1484 774 1706 845 Πατὴρ.
1740 773 1898 844 βασι-

322 864 450 926 λεὺς
501 863 559 917 δὲ
607 865 637 916 ὁ
689 864 1021 933 Μονογενὴς,
1080 863 1323 933 βασιλεία
1371 864 1427 918 δὲ
1477 865 1540 918 τὸ
1584 866 1808 934 Πνεῦμα
1838 866 1899 919 τὸ

318 955 512 1022 ἅγιον,
540 951 620 1017 εἷς
654 956 870 1019 πάντως
905 956 1003 1025 τῆς
1039 956 1313 1023 βασιλείας
1351 956 1443 1009 ἐπὶ
1479 959 1579 1027 τῆς
1616 957 1845 1029 Τριάὸος
1869 958 1899 1010 ὁ

322 1044 501 1111 λόγος.
549 1043 615 1096 ’Π
646 1043 703 1097 δὲ
724 1043 823 1112 τῆς
844 1044 1075 1114 χρίσεως
1104 1045 1301 1110 ἔννοια,
1327 1047 1387 1099 τὸ
1419 1047 1585 1117 μηδὲν
1613 1045 1752 1101 εἶναι
1779 1045 1897 1101 διά-

320 1151 508 1204 στημα
540 1133 739 1202 μεταξὺ
777 1133 871 1187 τοῦ
906 1134 1032 1188 Υἱοῦ
1068 1136 1160 1188 καὶ
1193 1136 1286 1189 τοῦ
1315 1138 1469 1205 άγίου
1496 1136 1808 1207 Πνεύματος
1829 1138 1897 1191 δι’

318 1226 651 1294 ἀπορρήτων
681 1224 981 1279 αἰνίσσεται
1001 1242 1015 1255 ·
1044 1226 1120 1287 ὼς
1151 1224 1259 1297 γὰρ
1290 1226 1495 1297 μεταξὺ
1528 1227 1629 1297 τῆς
1662 1225 1758 1280 τοῦ
1794 1226 1900 1279 σώ-

327 1332 494 1382 ματος
528 1314 869 1382 ἐπιφανείας,
900 1316 995 1369 καὶ
1026 1316 1125 1385 τῆς
1153 1316 1246 1370 τοῦ
1283 1316 1464 1371 ἐλαίου
1494 1318 1724 1389 χρίσεως
1743 1316 1898 1371 οὐδὲν

325 1406 532 1457 ἐπινοεί
572 1407 736 1475 μέσον
789 1404 913 1459 οὔτε
943 1410 971 1460 ὁ
1010 1406 1166 1473 λόγος
1212 1406 1333 1461 οὔτε
1369 1411 1401 1479 ἠ
1436 1408 1704 1480 αἴσθησις,
1726 1406 1899 1471 οὕτως

324 1495 773 1559 ἀδιάστατόςὲστι
794 1497 930 1568 πρὸς
970 1498 1031 1551 τὸ
1072 1497 1294 1569 Πνεῦμα
1331 1499 1393 1552 τὺ
1433 1501 1587 1568 ἆγιον
1609 1500 1689 1571 τῷ
1715 1498 1830 1572 Υἱῷ
1859 1502 1893 1571 ὴ

326 1585 613 1654 συνάφεια,
645 1586 785 1640 ὥστε
812 1588 889 1658 τῷ
916 1588 1163 1659 μέλλοντι
1199 1590 1364 1643 αὐτοῦ
1412 1590 1499 1643 διὰ
1529 1590 1626 1661 τῆς
1660 1590 1897 1656 πίστεως

322 1672 614 1736 ἅπτεσθαι,
646 1676 940 1745 ἀναγκαῖον
987 1674 1121 1730 εἶναι
1172 1681 1628 1750 προεντυγχάνειν
1665 1679 1755 1735 διὰ
1796 1682 1896 1752 τῆς

321 1765 471 1833 ἁφῆς
497 1765 577 1835 τῷ
604 1765 760 1837 μύρῳ
788 1784 803 1799 ’
828 1767 891 1822 οὐ
920 1768 1028 1839 γὰρ
1060 1769 1175 1821 ἐστί
1205 1786 1260 1821 τι
1300 1769 1464 1840 μέρος
1490 1769 1519 1823 ὃ
1555 1769 1758 1840 γυμνόν
1779 1772 1893 1823 ἐστι

1998 600 2177 646 autem
2209 593 2423 655 vivens,
2446 598 2500 644 et
2540 587 2922 648 substantiale.
2961 597 3015 642 et
3075 586 3365 648 inhmreus,
3400 582 3579 653 Spiri-

1999 694 2087 739 tus
2116 691 2341 738 sanctus
2365 688 2469 745 est,
2495 696 2607 750 quo
2628 685 2828 733 unctus
2861 675 3203 746 Unigenilus,
3244 674 3301 727 iit
3324 673 3579 728 Christus

1999 783 2161 845 atque
2192 773 2431 829 universi
2483 771 2671 826 mundi
2721 786 2837 824 rex.
2867 768 2925 823 Si
2979 784 3110 839 ergo
3143 784 3234 822 rex
3278 776 3364 822 est
3397 768 3575 829 Pater,

2000 885 2095 924 rex
2123 869 2249 923 item
2294 866 2641 937 linigeuitus.
2689 880 2915 935 regnum
2956 874 3135 917 autem
3179 862 3420 931 Spiritus
3450 876 3580 914 san-

1999 968 2143 1024 ctus,
2172 974 2281 1014 una
2307 968 2392 1015 est
2434 958 2657 1012 omnino
2683 958 2835 1025 regni
2880 956 2935 1009 in
2960 954 3231 1009 Trinitate
3276 953 3437 1007 ratio.
3467 950 3579 1005 Uu-

1998 1050 2199 1104 ctionis
2231 1060 2411 1103 autem
2436 1046 2775 1118 aenigmatica
2801 1046 3129 1117 significatio
3155 1053 3241 1100 est
3272 1052 3330 1098 ut
3363 1043 3569 1097 nullam

2000 1144 2142 1198 inter
2170 1142 2365 1198 Filium
2398 1151 2453 1197 et
2476 1148 2727 1197 sanctum
2776 1137 3039 1209 Spiritum
3098 1137 3415 1191 distantiam
3453 1150 3577 1190 esse

1998 1243 2253 1303 putemus
2282 1249 2298 1297 ;
2337 1246 2461 1286 nam
2511 1230 2673 1286 sicuti
2703 1230 2845 1284 inter
2881 1226 3131 1298 corporis
3182 1235 3361 1280 cutem
3391 1232 3444 1279 et
3469 1224 3576 1279 olei

1999 1319 2312 1374 unctionem
2343 1319 2479 1372 nihil
2510 1317 2898 1373 intermedium
2930 1331 3031 1371 nec
3084 1315 3225 1368 ratio
3252 1331 3352 1368 nec
3378 1328 3576 1368 sensus

1997 1416 2167 1472 norit.
2204 1416 2279 1468 ita
2311 1413 2542 1468 indivisa
2588 1421 2673 1468 est
2705 1410 2826 1465 Filii
2878 1409 3155 1480 copulatio
3204 1423 3329 1463 eum
3384 1414 3578 1461 sancto

2000 1506 2230 1575 Spiritu,
2262 1505 2337 1557 ita
2368 1512 2428 1557 ut
2453 1518 2593 1573 opus
2624 1503 2698 1559 sit
2727 1516 2849 1556 eum
2883 1502 2979 1571 qui
3003 1500 3281 1555 Christum
3315 1497 3418 1551 lide
3448 1496 3577 1551 velit

1998 1598 2287 1665 attingere,
2307 1603 2465 1651 antea
2490 1595 2754 1649 accedere
2794 1591 2861 1646 ad
2896 1592 3156 1661 unguenti
3191 1598 3505 1645 contactum
3557 1606 3572 1642 :

1998 1691 2207 1744 nullum
2255 1700 2337 1744 est
2408 1689 2549 1743 enim
2608 1687 2909 1741 membrum
2955 1684 3112 1740 illud.
3158 1683 3304 1753 quod
3366 1680 3576 1750 Spiritu

1997 1790 2192 1837 sancto
2226 1781 2299 1837 sit
2326 1780 2551 1835 nudum.
2591 1778 2884 1848 Propterea
2912 1776 3192 1832 confessio
3213 1775 3280 1829 de
3312 1773 3437 1827 Filii
3473 1772 3575 1827 do-

323 1853 419 1907 τοῠ
451 1856 605 1923 ἁγίου
634 1857 967 1927 Πνεύματος.
987 1858 1085 1911 Διὰ
1121 1859 1276 1912 τοῦτο
1307 1861 1341 1930 ἡ
1384 1857 1642 1929 ὁμολογία
1675 1858 1775 1930 τῆς
1799 1858 1893 1911 τοῦ

1999 1874 2227 1933 minatu,
2258 1873 2312 1927 in
2338 1881 2527 1927 sancto
2558 1871 2767 1940 Spiritu
2791 1884 2820 1923 a
2852 1868 3244 1939 recipientibus
3271 1866 3350 1931 tit,
3374 1867 3577 1934 quibus

326 1946 458 1999 Υἱοῢ
489 1948 824 2018 κυριότητος,
858 1949 916 2002 ἐν
945 1949 1221 2019 Πνεύματι
1246 1950 1384 2020 ἁγίῳ
1410 1952 1524 2013 τοῖς
1548 1948 1901 2019 καταλαμϐά-

320 2054 475 2089 νουσι
512 2038 740 2106 γίνεται,
774 2039 1036 2093 πάντοθεν
1072 2043 1186 2104 τοῖς
1215 2041 1303 2093 διὰ
1337 2041 1573 2103 πίστεως
1604 2040 1899 2111 προσεγγί-

325 2130 477 2193 ζουσι
502 2132 951 2201 προαπαντῶντος
972 2131 1064 2185 τοῦ
1089 2131 1420 2203 Πνεύματος.
1447 2133 1509 2185 Εἰ
1530 2127 1623 2187 οὖν
1642 2136 1705 2204 τῇ
1740 2132 1899 2201 φύσει

324 2221 577 2290 βασιλεὺς
606 2224 634 2273 ό
670 2222 815 2285 Υἱὸς.
851 2223 1066 2293 ἀξίωμα
1092 2222 1149 2276 δέ
1194 2223 1467 2293 βασιλείας
1496 2224 1558 2278 τὺ
1586 2224 1812 2295 Πνεῦμα
1838 2225 1901 2278 τὸ

320 2314 498 2382 ἅγιον,
530 2309 574 2382 ᾦ
604 2316 729 2378 Υἱὸς
763 2317 995 2385 χρίεται,
1016 2317 1100 2379 τίς
1122 2318 1413 2370 ἐπινοεῖται
1440 2317 1541 2387 τῆς
1568 2316 1843 2389 βασιλείας
1860 2320 1896 2391 ἡ

324 2407 467 2460 κατὰ
489 2407 585 2477 τὴν
617 2407 775 2475 φύσιν
798 2407 932 2477 πρὸς
963 2408 1163 2478 ἑαυτὴν
1184 2408 1563 2480 άλλοτρίωσις;

398 2498 483 2560 ιζ’.
528 2498 758 2550 Ἔπειτα
804 2498 899 2550 καὶ
937 2497 1095 2551 τοῦτο
1126 2501 1522 2570 σκοπήσωμεν·
1564 2501 1629 2555 Ἦ
1656 2502 1900 2571 βασιλεία

326 2591 383 2641 ἐν
416 2591 480 2659 τῇ
528 2588 637 2642 τῶν
676 2589 998 2660 ὑποχειρίων
1024 2590 1163 2661 ἀρχῇ
1209 2592 1422 2655 πάντως
1452 2595 1794 2664 γνωρίζεται.
1833 2592 1900 2648 Τί

319 2676 415 2732 οὖν
453 2680 551 2749 τῆς
580 2679 967 2751 βασιλευούσης
1002 2680 1217 2749 φύσεώς
1241 2684 1357 2736 ἐστι
1382 2683 1444 2736 τὸ
1470 2685 1705 2756 ὑπήκοον
1737 2688 1899 2751 ;τοὺς

322 2770 524 2834 αἰῶνας
556 2772 770 2835 πάντως
800 2773 894 2825 καὶ
920 2774 989 2826 τά
1026 2772 1085 2824 ἐν
1122 2774 1332 2837 τούτοις
1362 2778 1390 2828 ὁ
1416 2775 1573 2844 λόγος
1618 2777 1901 2847 καταλαμ-

322 2862 513 2914 ϐάνει·
555 2881 574 2913 ι
623 2863 687 2915 Ἡ
715 2864 824 2934 γάρ
866 2861 1107 2931 βασιλεία
1142 2882 1255 2929 σου,
1296 2884 1315 2915 ο
1355 2867 1539 2936 φησὶν,
1585 2885 1605 2919 ι
1652 2867 1897 2937 βασιλεία

319 2955 551 3009 αἰώνων.
586 2974 604 3005 ι
631 2955 839 3018 Αἱῶνας
888 2955 943 3008 δὲ
971 2956 1167 3023 λέγων,
1200 2959 1377 3009 πᾶσαν
1412 2959 1478 3010 ἐκ
1502 2957 1597 3011 τοῦ
1627 2960 1901 3030 περιέχον-

321 3065 410 3111 τος
438 3048 535 3119 τὴν
580 3050 637 3101 ἐν
688 3048 870 3110 αὐτοῖς
926 3049 1237 3112 συστάσεως
1285 3050 1461 3103 κτίσιν
1505 3051 1897 3123 περιλαμϐάνει

1996 1982 2094 2035 per
2137 1964 2297 2019 [idem
2348 1964 2743 2019 accedentibus
2786 1962 3030 2031 undique
3085 1959 3329 2014 occurrit
3350 1967 3577 2013 sanctus

1999 2058 2258 2126 Spiritus.
2295 2056 2351 2109 Si
2377 2072 2507 2127 ergo
2528 2056 2856 2111 naturaliter
2884 2070 2977 2110 rex
3001 2062 3085 2109 est
3112 2052 3307 2114 Filius,
3337 2049 3577 2119 dignitas

1996 2161 2176 2205 autem
2211 2150 2362 2219 regni
2390 2150 2507 2219 ipse
2545 2160 2767 2205 sanctus
2790 2147 3047 2217 Spiritus,
3078 2161 3186 2215 quo
3209 2142 3380 2198 Filius
3410 2142 3575 2196 inun-

1998 2243 2165 2308 gitur,
2195 2254 2441 2309 quamam
2466 2240 2747 2311 regnijam
2778 2237 3121 2308 excogitatur
3152 2232 3416 2288 naturalis
3449 2245 3482 2285 a
3516 2246 3577 2286 se

1999 2331 2117 2401 ipso
2143 2330 2435 2384 alienatio?

2068 2512 2156 2570 17.
2202 2510 2407 2565 Deinde
2434 2517 2487 2565 et
2527 2510 2631 2563 hoc
2686 2508 3101 2564 consideremus
3145 2524 3158 2561 :
3212 2504 3459 2575 Regnum
3507 2521 3588 2560 et.

1995 2609 2278 2664 dominatu
2314 2607 2370 2659 in
2433 2602 2712 2669 subjectos
2767 2615 2992 2670 prorsus
3034 2598 3393 2669 dignoscitur.
3434 2596 3576 2663 Quid

1995 2716 2126 2770 ergo
2154 2695 2402 2768 regnanti
2429 2702 2640 2748 natura;
2686 2692 2994 2761 subjectum
3023 2691 3146 2745 est?
3176 2690 3376 2744 saecula
3442 2705 3575 2757 pro-

1998 2791 2140 2846 fecto
2161 2798 2214 2845 ct
2235 2801 2573 2858 quaecunque
2601 2784 2652 2836 in
2673 2782 2755 2838 eis
2785 2790 2914 2837 sunt
2931 2780 3072 2834 ratio
3096 2789 3285 2835 nostra
3312 2779 3580 2849 imagina-

1996 2893 2107 2938 tur.
2141 2902 2159 2934 ι
2200 2880 2449 2951 Regnum
2474 2885 2650 2938 tuum,
2686 2893 2704 2925 ι
2742 2872 3023 2943 Scriptura
3055 2873 3253 2941 inquit,
3297 2891 3315 2923 ι
3350 2886 3577 2941 regnum

1998 2976 2325 3034 saeculorum
2359 2974 2425 3028 “.
2455 2970 2666 3025 Saecula
2705 2982 2834 3022 vero
2859 2968 2987 3021 dum
3015 2969 3110 3029 ait,
3143 2965 3458 3019 universum
3483 2962 3578 3033 qui

1998 3066 2383 3124 circnmambit
2407 3070 2652 3118 creatum
2678 3060 2936 3115 mundum
2969 3055 3407 3127 comprehendit,
3446 3053 3581 3108 visi-

321 3140 418 3208 τήν
465 3157 525 3192 τε
556 3140 754 3211 ὁρατὴν
786 3142 882 3194 καὶ
915 3140 1143 3211 ἀόρατον
1167 3158 1180 3171 θ
1209 3142 1268 3193 ἐν
1303 3143 1486 3205 αὐτοῖς
1530 3142 1639 3213 γὰρ
1674 3143 1893 3215 ἐκτίσθη

1999 3162 2159 3215 bilem
2186 3165 2241 3212 et
2297 3153 2672 3210 invisibilem:
2720 3165 2957 3219 namque
3009 3148 3063 3201 in
3115 3147 3330 3202 smculis
3395 3158 3578 3199 creata

319 3234 391 3285 τὰ
429 3233 604 3285 πάντα
643 3232 733 3285 διὰ
761 3231 856 3284 τοῦ
883 3232 1106 3301 ποιητοῦ
1131 3234 1239 3286 τῶν
1265 3232 1497 3288 αἰώνων.
1525 3235 1589 3288 Ei
1618 3230 1710 3289 οὖν
1734 3239 1765 3305 ἡ
1798 3237 1894 3307 βα-

324 3321 496 3374 σιλεία
522 3320 751 3375 πάντοτε
784 3324 921 3392 μετᾶ
962 3324 1056 3377 τοῦ
1087 3324 1350 3394 βασιλέως
1369 3330 1643 3398 νοεῖται,ή
1678 3328 1735 3380 δὲ
1767 3330 1897 3382 ὑπο-

320 3419 523 3485 χείριος
561 3415 721 3484 φύσις
752 3416 877 3471 ἄλλο
906 3434 959 3469 τι
988 3416 1137 3487 παρὰ
1162 3417 1260 3485 τὴν
1302 3418 1576 3488 ἄρχουσαν
1625 3420 1899 3490 ὁμολογεῖ-

320 3522 431 3569 ται,
466 3506 549 3569 τίς
575 3509 606 3578 ἡ
629 3508 827 3560 ἀτοπία
854 3507 963 3561 τῶν
992 3508 1205 3571 ἑαυτοῖς
1240 3510 1583 3579 μαχομένων,
1606 3512 1713 3564 τῶν
1735 3530 1896 3582 προσ-

318 3597 575 3651 τιθέντων
608 3599 709 3668 μὲν
735 3599 797 3652 τὸ
827 3600 1035 3671 χρίσμα
1078 3600 1157 3669 τῷ
1204 3602 1345 3655 κατὰ
1397 3603 1559 3673 φύσιν
1590 3604 1798 3674 βασιλεῖ
1818 3607 1895 3672 ὡς

320 3688 557 3758 ἀξίωμα,
585 3690 929 3758 καταγόντων
946 3691 1002 3743 δὲ
1025 3692 1156 3744 αὐτὸ
1185 3693 1341 3746 τοῦτο
1366 3695 1445 3756 είς
1461 3694 1558 3766 τὴν
1587 3697 1897 3770 ὑποχείριον

320 3779 472 3844 τάξιν
505 3779 581 3843 ὡς
612 3780 709 3850 τῆς
737 3780 893 3845 ἀξίας
929 3782 1347 3855 καταδεέστερον
1379 3804 1394 3853 ;
1420 3786 1483 3839 El
1515 3789 1613 3858 μὲν
1641 3789 1750 3861 γὰρ
1787 3791 1896 3844 τῶν

319 3871 574 3943 ὑπηκόων
603 3872 742 3925 κατὰ
764 3874 863 3942 τὴν
894 3873 1055 3943 φύσιν
1074 3875 1210 3939 ἐστὶ,
1238 3877 1355 3941 πῶς
1385 3878 1464 3950 τῷ
1487 3880 1587 3950 τῆς
1620 3881 1897 3952 βασιλείας

317 3963 587 4034 ἀξιώματι
616 3964 709 4017 τοῦ
754 3966 1090 4034 Μονογενοῦς
1123 3970 1522 4041 συναρμόζεται
1559 3975 1768 4047 χρίσμα
1798 3976 1897 4047 βα-

320 4054 523 4119 σιλείας
553 4057 833 4127 γινόμενον
856 4059 953 4123 ;Ei
977 4059 1035 4112 δε
1054 4059 1116 4112 τὸ
1149 4061 1474 4131 ἡγεμονικὸν
1493 4065 1658 4120 αὐτοῦ
1690 4068 1779 4122 διὰ
1800 4070 1894 4124 τοῦ

320 4150 849 4221 συμπραληφθῆναι
870 4152 949 4215 είς
976 4153 1075 4223 τὴν
1107 4154 1205 4225 τῆς
1237 4155 1517 4225 βασιλείας
1557 4161 1896 4233 μεγαλοπρέ-

320 4260 477 4295 πειαν
505 4242 799 4304 δείκνυται,
834 4244 917 4308 τίς
959 4247 991 4307 ἡ
1027 4245 1237 4317 ἀνάγκη
1296 4247 1672 4321 καθαιρεῖσθαι
1716 4253 1896 4308 πάντα

318 4336 398 4398 εἰς
444 4335 715 4406 ἰδιωτικήν
756 4352 816 4389 τε
847 4336 941 4389 καὶ
989 4337 1239 4410 δουλικὴν
1274 4341 1634 4411 ταπεινότητα
1670 4346 1736 4415 τῇ
1770 4345 1893 4399 δου-

318 4425 544 4497 λευούση
574 4429 746 4480 κτίσει
796 4427 1327 4500 συναριθμούμενονς
1358 4432 1433 4484 Οὐ
1467 4432 1575 4504 γὰρ
1605 4434 1670 4506 δὴ
1697 4436 1768 4489 τὰ
1801 4437 1894 4491 δύο

321 4517 631 4588 περὶαύτοῦ
682 4518 927 4587 λέγοντα.
961 4521 1185 4577 δυνατόν
1218 4526 1363 4578 ἐστιν
1396 4526 1457 4578 ἐν
1503 4527 1751 4599 ἐκατέρῳ
1792 4530 1891 4583 τά·
1925 4525 1972 4585 D

317 4606 454 4677 ληθῆ
478 4608 672 4676 λέγειν,
705 4611 785 4662 ὃτι
822 4610 917 4663 καὶ
945 4612 1268 4683 ἡγεμονικόν
1289 4616 1405 4669 ἐστι
1434 4617 1529 4670 καὶΙ
1556 4620 1884 4690 ὑποχείριον.

318 4699 380 4751 El
406 4700 502 4769 μὲν
516 4700 869 4770 γὲρήγείται,
887 4702 948 4754 οὐ
972 4704 1302 4775 κυριεύεται·
1335 4709 1383 4760 εἰ
1406 4707 1462 4761 δὲ
1488 4708 1747 4775 δουλεύει,
1765 4711 1890 4763 οὐκ·

318 4792 394 4843 ἐτι
436 4792 571 4860 μετὰ
608 4792 707 4861 τῆς
737 4792 1127 4865 βασιλευούσης
1156 4798 1371 4865 φύσεως
1395 4800 1889 4870 καταλαμϐάνεται.

327 4884 413 4946 Ὠς
442 4883 549 4953 γάρ
589 4884 726 4951 μετὰ
754 4884 1057 4955 ἀνθρώπων
1098 4888 1399 4959 ἄνθρωποι,
1434 4893 1527 4945 καὶ
1556 4896 1694 4963 μετὰ
1722 4895 1892 4964 ἀγγέ-

316 4974 421 5029 λων
447 4976 684 5045 ἆγγελοι,
709 4980 801 5030 καὶ
830 4979 1007 5033 πάντα
1032 4983 1171 5050 μετὰ
1200 4982 1309 5036 τῶν
1332 4985 1620 5054 ὁμοφύλων
1641 4987 1894 5055 ἐπιγινώ-

319 5086 538 5134 σκεται,
580 5068 723 5122 οὕτω
767 5069 884 5139 μεθ’
922 5072 1041 5135 ἐνὸς
1093 5074 1370 5146 ἑκατέρων
1415 5078 1791 5147 ὁμολογεῖσθαι
1835 5080 1894 5133 τὸ

317 5159 535 5230 Πνεῦμα
564 5162 626 5213 τὸ
673 5161 826 5228 ἅγιον
877 5165 1172 5232 ἀναγκαῖόν
1217 5169 1367 5232 ἐστι,
1399 5167 1432 5237 ἢ
1466 5170 1605 5237 μετὰ
1646 5171 1745 5243 τῆς
1791 5190 1891 5227 κυ-

318 5251 620 5322 ριεύουσης,
654 5252 686 5323 ἦ
724 5254 860 5323 μετὰ
884 5255 981 5325 τῆς
1010 5256 1424 5327 ὑποκυπτούσης
1440 5261 1674 5327 φύσεως.
1712 5267 1892 5319 Μέσον

316 5341 422 5410 γὰρ
467 5344 672 5397 τούτων
715 5346 1067 5413 ἐπιγινώσκει
1100 5351 1129 5401 ὁ
1168 5350 1325 5417 λόγος
1363 5353 1549 5413 οὐδὲν,
1591 5353 1731 5409 ὥστε
1766 5358 1890 5411 τινὰ

316 5430 527 5498 φύσεως
562 5433 798 5505 ἰδιότητα
819 5438 876 5489 ἐν
912 5436 1149 5509 μεθορίῳ
1178 5438 1271 5491 τοῦ
1306 5457 1365 5493 τε
1394 5442 1614 5496 κτιστοῦ
1643 5446 1735 5497 καὶ
1795 5447 1887 5501 τοῦ

314 5525 566 5578 ἀκτίστου
602 5529 1085 5599 καινοτομηθεὶηςαν
1131 5531 1337 5601 μεταξὺ
1380 5534 1583 5588 τούτων
1614 5534 1751 5590 εἶναι
1798 5556 1888 5591 νο-

318 5615 584 5685 μίζεσθαι,
617 5619 691 5681 ὡς
737 5621 829 5672 καὶ
878 5622 1201 5693 ἀμφοτέρων
1236 5627 1509 5697 μετέχειν,
1548 5628 1643 5683 καὶ
1675 5624 1889 5684 0:102:2-

382 5796 428 5830 "
461 5802 601 5854 l‘sal.
636 5817 784 5863 cur,
820 5804 906 5857 l5.

635 5895 904 5955 l‘nuoc.
938 5894 982 5955 (ἰ
997 5915 1053 5953 n.
1095 5897 1270 5957 XLV.

1999 3251 2219 3306 fuerunt
2243 3246 2425 3303 omnia
2458 3245 2525 3298 ab
2574 3243 2816 3313 ipsorum
2870 3240 3193 3296 saeculorum
3236 3245 3480 3291 auctore.
3520 3236 3576 3288 Si

1994 3358 2123 3416 ergo
2146 3354 2372 3411 regnum
2404 3350 2510 3391 una
2529 3350 2651 3388 eum
2677 3348 2802 3402 rege
2821 3346 3037 3400 semper
3069 3329 3411 3397 intelligitur,
3445 3327 3579 3381 sub-

1997 3438 2138 3510 jecta
2189 3442 2369 3487 autem
2409 3434 2663 3483 creatura
2706 3424 2982 3480 diversum
3020 3422 3149 3494 quid
3183 3438 3307 3477 esse
3335 3438 3365 3473 a
3408 3419 3579 3473 domi-

1996 3536 2161 3586 nante
2190 3528 2242 3580 iu
2273 3520 2527 3578 confesso
2562 3527 2668 3582 est,
2703 3530 2951 3587 quaenam
2984 3514 3199 3569 insania
3230 3520 3317 3568 est
3348 3512 3577 3567 istorum

1995 3623 2088 3694 qui
2141 3620 2378 3676 chrisma
2455 3612 2673 3684 quidem
2726 3624 2828 3664 ceu
2902 3609 3221 3678 dignitatem
3286 3605 3577 3675 quamdam

1997 3714 2206 3770 addunt
2250 3711 2301 3765 ei
2343 3710 2438 3779 qui
2471 3719 2664 3778 suapte
2712 3712 2906 3758 natura
2931 3715 3026 3755 rex
3050 3706 3170 3763 est;
3201 3698 3363 3753 simul
3395 3704 3578 3750 tamen

1996 3807 2139 3863 idem
2203 3801 2443 3856 chrisma
2476 3798 2544 3852 ad
2570 3795 2915 3851 subditorum
2960 3789 3208 3846 ordinem
3237 3788 3574 3857 deprimunt,

1996 3896 2155 3969 quasi
2182 3894 2445 3961 dignitate
2471 3887 2745 3944 inferius?
2784 3885 2843 3940 Si
2897 3883 3041 3939 enim
3069 3881 3138 3937 de
3161 3879 3340 3935 classe
3371 3880 3570 3934 subdi-

1996 3999 2172 4044 torum
2198 3993 2393 4041 natnra
2420 3981 2639 4052 propria
2689 3978 2929 4048 Spiritus
2971 3981 3076 4041 est,
3106 3972 3383 4044 quomodo
3409 3970 3576 4042 regali

1996 4080 2115 4135 Filii
2131 4073 2712 4147 dignitatedeponitur,
2726 4069 2856 4124 dum
2871 4068 3056 4123 unctio
3074 4065 3224 4135 regni
3246 4064 3342 4118 lit?
3369 4062 3464 4117 Sin
3483 4077 3574 4131 po-

1998 4171 2106 4225 tius
2134 4167 2472 4238 principatus
2498 4165 2620 4232 ejus
2641 4177 2708 4218 ex
2734 4159 3114 4228 assumptione
3140 4157 3206 4210 ad
3239 4155 3576 4226 participan-

1996 4266 2120 4321 dam
2154 4260 2306 4332 regni
2334 4258 2671 4328 maiestatem
2699 4252 3029 4317 ostenditur,
3050 4264 3153 4304 cur
3179 4264 3319 4319 epus
3362 4249 3434 4303 sit
3463 4247 3579 4302 lucc

1997 4355 2179 4411 omnia
2212 4348 2591 4422 pessumdare,
2640 4346 2769 4401 dum
2803 4345 2871 4399 ad
2910 4344 3173 4414 privatam
3213 4343 3576 4412 servilemque

2000 4445 2360 4502 humilitatem
2385 4439 2730 4510 deprimitur,
2763 4436 3087 4505 famulaeque
3110 4445 3373 4489 creatum
3402 4433 3577 4488 adnu-

1998 4535 2280 4594 meratur?
2308 4532 2497 4604 Neque
2542 4530 2688 4586 enim
2729 4531 2844 4583 haec
2866 4528 2977 4582 duo
3006 4526 3074 4582 de
3094 4526 3283 4582 eodem
3328 4526 3575 4594 subjecto

1997 4628 2367 4700 prommtiata,
2400 4631 2631 4692 utraque
2657 4635 2786 4674 vera
2828 4634 2953 4674 esse
3008 4625 3237 4688 queunt,
3289 4632 3484 4686 nempe
3517 4624 3574 4670 ut

1999 4722 2070 4777 sit
2095 4718 2357 4773 Dominus
2381 4722 2545 4784 atque
2575 4710 2850 4768 subditus.
2882 4708 3019 4763 Nam
3058 4709 3104 4763 si
3130 4707 3462 4773 dominatur,
3486 4708 3574 4761 do-

1998 4811 2227 4866 miniqu
2257 4823 2368 4863 non
2398 4805 2641 4877 patitur;
2678 4806 2762 4856 sin
2814 4801 3133 4863 famulatur,
3161 4799 3274 4867 jam
3306 4813 3414 4852 non
3448 4814 3573 4852 eum

1998 4909 2262 4972 regnante
2278 4907 2472 4953 natura
2494 4896 2753 4951 sociatur.
2780 4890 2913 4945 Nam
2954 4892 3099 4946 sicut
3157 4889 3403 4945 homines
3448 4904 3573 4942 cum

2001 4991 2335 5053 hominibus,
2386 4986 2564 5056 angeli
2623 4999 2746 5039 cum
2768 4982 2977 5055 angelis
3024 4989 3080 5035 et
3136 4989 3333 5035 caetera
3393 4980 3573 5033 ouiuia

1996 5102 2120 5139 cum
2148 5080 2501 5152 homogeneis
2540 5082 2877 5146 spectantur,
2914 5074 2986 5126 ita
3013 5087 3135 5126 cum
3163 5086 3272 5125 uno
3301 5086 3369 5125 ex
3410 5070 3573 5123 alter-

1999 5178 2136 5232 utris
2189 5173 2503 5230 necessario
2538 5168 2777 5239 Spiritus
2803 5175 3028 5221 sanctus
3059 5163 3440 5233 agnoscendus
3466 5171 3570 5224 est,

1998 5267 2081 5322 vel
2107 5280 2232 5319 cum
2254 5264 2570 5319 dominante
2586 5260 2796 5314 scilicet
2819 5259 2898 5311 vel
2923 5272 3046 5310 cum
3074 5255 3317 5323 subjecta
3354 5263 3571 5307 natura.

1996 5357 2231 5413 Medium
2256 5367 2434 5409 autem
2469 5353 2522 5406 in
2560 5351 2647 5405 his
2677 5349 2817 5403 ratio
2836 5362 2944 5401 non
2974 5343 3524 5416 agnoscitquidquam
3555 5362 3572 5408 ;

1998 5466 2173 5521 neque
2206 5446 2512 5504 existimari
2548 5451 2749 5513 potest,
2788 5442 3028 5511 aliquam
3057 5456 3179 5496 esse
3203 5449 3415 5494 natum
3447 5453 3571 5507 pro-

1998 5542 2283 5611 prietatem
2316 5540 2459 5591 inter
2492 5542 2737 5589 creatum
2760 5540 2815 5586 et
2873 5532 3176 5586 increatum
3203 5570 3219 5594 ,
3242 5545 3383 5583 novo
3410 5528 3571 5583 modo

1993 5632 2377 5703 excogitatam,
2434 5642 2555 5699 qua:
2590 5635 2889 5683 utrumque
2943 5622 3260 5694 participet,
3314 5630 3569 5675 neutrum

3173 5896 3251 5956 ιε
