4120 6394
506 395 642 454 1323

1699 396 1757 450 S.
1799 391 2120 452 CREGOBH
2161 391 2451 447 NYSSENI

3615 376 3749 433 5324

502 519 681 563 tamen
714 505 953 578 perfecte
981 506 1072 562 sit.
1106 505 1224 560 Non
1252 508 1395 563 enim
1441 508 1569 563 licet
1623 510 1916 563 admittere
1944 509 2077 562 mis-

2209 525 2274 560 ιον
2295 504 2513 566 τελείως
2535 497 2692 556 εῖναι.
2719 500 2851 555 Οὐδὲ
2883 498 2991 570 γὰρ
3018 496 3288 568 ἐνδέχεται
3321 493 3466 565 μίξιν
3494 492 3616 547 τινὰ
3644 494 3753 546 τῶν

505 603 705 655 tionem
733 601 1025 670 quamdam
1055 600 1457 655 contrariorum
1490 611 1651 671 atque
1681 602 2076 655 connexionem

503 694 580 745 rei
610 699 807 747 creata:
852 706 978 747 cum
1015 692 1290 755 incrcata;
1344 706 1523 761 neque
1554 691 1663 746 duo
1724 692 1973 746 increata
2020 690 2078 744 in

504 800 669 839 unum
711 785 1053 856 hypostasim
1107 785 1374 841 confundi
1409 793 1654 855 queunt:
1707 785 1909 839 etenim
1971 797 2078 837 non

507 876 684 930 solum
710 876 1340 947 evaderetcompositum
1365 877 1419 931 id
1449 877 1594 948 quod
1622 892 1688 931 ex
1714 876 1813 929 hac
1844 873 2080 930 absurda

506 967 765 1021 mistionc
798 969 1259 1039 compingeretur,
1293 985 1480 1024 verum
1534 971 1696 1024 etiam
1727 967 2081 1023 dissimilium

506 1060 833 1129 compositio
867 1059 1037 1127 ﬁeret,
1085 1069 1139 1117 et
1173 1078 1295 1131 qua:
1323 1071 1478 1117 aetate
1506 1078 1612 1116 non
1655 1068 2022 1132 congruerent
2064 1077 2078 1114 :

507 1166 632 1204 nam
667 1153 813 1222 quod
866 1170 930 1208 ex
958 1156 1235 1209 creatione
1288 1154 1666 1209 exsistcnliam
1713 1154 2080 1215 nanciscitur,

506 1243 732 1297 omnino
759 1245 1033 1300 recentius
1057 1255 1141 1301 est
1172 1246 1264 1300 illo
1287 1246 1429 1315 quod
1450 1246 1745 1300 increatam
1777 1245 2083 1301 subsisten-

509 1332 639 1386 tiam
699 1335 881 1390 habet.
926 1336 986 1389 Si
1024 1352 1155 1407 ergo
1183 1336 1418 1407 Spiritus
1447 1343 1700 1391 naturam
1736 1352 1803 1391 ex
1850 1344 2083 1406 utraque

507 1437 568 1476 re
602 1423 819 1478 mistam
855 1424 1066 1491 dicunt,
1086 1418 1276 1495 utiq'ue
1294 1426 1371 1481 rei
1400 1425 1726 1495 antiquioris
1742 1440 1867 1481 cum
1894 1443 2085 1482 recen-

507 1514 649 1571 tiore
681 1517 993 1572 mistionem
1030 1518 1318 1589 quamdam
1354 1518 1456 1574 sibi
1512 1517 1695 1572 animo
1724 1518 2035 1591 contingent
2068 1535 2081 1572 :

508 1608 745 1677 eritque,
773 1624 840 1664 ex
875 1609 1069 1664 horum
1134 1612 1403 1666 sententia
1446 1611 1648 1680 aliquid
1683 1627 1743 1666 se
1787 1612 1908 1682 ipso
1941 1614 2083 1666 anti-

509 1700 672 1767 quius
704 1700 868 1757 simul
906 1709 1069 1771 atque
1112 1703 1409 1767 recentius,
1462 1703 1533 1757 ita
1581 1713 1639 1756 ut
1685 1714 1954 1774 quatenus
2003 1704 2086 1757 in-

509 1800 753 1847 creatum
792 1795 1073 1864 antiquius
1105 1794 1199 1861 sit,
1250 1803 1521 1865 quatenus
1553 1811 1682 1849 vero
1729 1805 1972 1851 creatum
1999 1810 2087 1849 re-

2180 599 2434 652 ὲναντίων
2465 597 2559 650 καὶ
2598 593 2918 666 συμπλοκὴν
2947 590 3201 660 ἐννοῆσαι
3234 587 3329 641 τοῦ
3367 584 3585 640 κτιστοῦ
3618 586 3753 655 πρὸς

2179 690 2240 743 τὸ
2275 687 2524 742 ἄκτιστον
2555 682 3118 754 συνανακιρναμένων,
3138 678 3342 734 καὶδύο
3368 679 3477 732 τῶν
3499 676 3756 731 ἐναντίων

2181 784 2259 843 εἰς
2311 781 2437 852 μίαν
2468 781 2764 833 ὑπόστασιν
2816 775 3316 847 συμμιγνυμένωνο
3346 771 3422 835 ὡς
3467 770 3543 842 μὴ
3596 770 3758 840 μόνον

2182 872 2433 927 σύνθετον
2461 871 2598 926 εἶναι
2644 872 2705 924 τὸ
2734 872 2821 925 διὰ
2850 871 2949 939 τῆς
2989 870 3275 923 ἀλλοκότου
3312 867 3518 935 ταύτης
3559 862 3757 932 μίξεως

2180 962 2655 1033 ἀναπλασσόμενον
2677 1001 2691 1024 ,
2741 961 2876 1014 ἀλλά
2924 961 3019 1013 καὶ
3052 960 3110 1025 ἐξ
3148 957 3414 1028 ἀνομοίων
3472 955 3593 1024 ἕχον
3658 952 3759 1021 τὴν

2183 1054 2430 1107 σύνθεσιν
2455 1094 2470 1118 ,
2506 1054 2599 1106 καὶ
2634 1052 2777 1123 κατὰ
2803 1051 2894 1105 τὸν
2938 1050 3127 1121 χρόνον
3172 1050 3233 1102 οὐ
3284 1044 3754 1118 συμφωνούντων·

2180 1146 2275 1199 τοῦ
2301 1148 2410 1216 γάρ
2459 1146 2729 1207 άκτίστως
2770 1143 3079 1213 ὑφεστῶτος
3107 1181 3122 1205 ,
3156 1140 3217 1193 τὸ
3265 1139 3352 1193 διὰ
3387 1137 3615 1199 κτίσεως
3656 1134 3761 1203 τὴν

2183 1235 2477 1287 ὑπόστασιν
2519 1234 2675 1303 ἔχον,
2705 1231 3156 1304 μεταγενέστερον
3212 1228 3427 1290 πάντως
3468 1225 3635 1278 ἐστίν.
3694 1224 3761 1276 Et

2183 1319 2276 1376 οὖν
2305 1323 2566 1393 μεμίχθαι
2588 1322 2682 1392 τὴν
2704 1320 2796 1374 τοῦ
2819 1319 3131 1390 Πνεύματος
3167 1317 3328 1386 φύσιν
3356 1316 3491 1387 πρὸς
3523 1314 3761 1383 ἑκάτερα

2184 1412 2448 1481 λέγουσιν,
2468 1413 2574 1481 ἄρα
2610 1411 2703 1464 καὶ
2729 1410 2821 1464 τοῦ
2852 1408 3224 1481 πρεσϐυτέρου
3252 1408 3388 1479 πρὸς
3412 1405 3472 1457 τὸ
3499 1403 3761 1472 νεώτερον

2189 1504 2333 1575 μίξιν
2350 1502 2472 1556 τινά
2493 1504 2801 1571 ἐννοήσουσι
2821 1517 2835 1530 ⁸
2863 1501 2955 1553 καὶ
2998 1499 3150 1552 ἔσται
3184 1499 3305 1551 κατ’
3341 1495 3539 1557 αὐτοὺς
3567 1490 3762 1546 ἑαυτοῦ

2186 1612 2237 1647 τι
2265 1593 2631 1668 πρεσϐύτερον
2651 1630 2665 1654 ,
2690 1590 2783 1645 καὶ
2802 1589 2993 1645 ἑαυτοῦ
3013 1607 3065 1642 τι
3096 1588 3257 1641 πάλιν
3286 1582 3757 1657 μεταγενέστερον,

2187 1685 2262 1747 ὼς
2294 1685 2387 1738 καὶ
2439 1684 2517 1754 τῷ
2574 1684 2814 1753 ἀκτίστῳ
2864 1681 2925 1733 τὸ
2971 1680 3318 1751 ἀρχαιότερον
3356 1678 3532 1747 ἔχειν,
3562 1676 3654 1729 καὶ
3683 1672 3763 1743 τῷ

2190 1775 2392 1845 κτιστῷ
2424 1775 2485 1826 τὸ
2511 1773 2791 1844 νεώτερον.
2824 1773 2975 1825 Ἐπεὶ
2997 1768 3089 1825 οὐν
3118 1770 3276 1823 τοῦτο
3314 1770 3475 1838 φύσιν
3500 1766 3600 1819 οὐκ
3625 1765 3759 1833 ἔχει,

511 1887 746 1942 centius.
775 1886 932 1954 Quod
967 1891 1229 1959 quoniam
1274 1891 1325 1943 in
1375 1906 1555 1945 rerum
1594 1900 1789 1945 natura
1820 1890 1935 1946 ﬁeri
1996 1908 2091 1946 ne-

2209 1868 2407 1936 ἱινάγκη
2445 1867 2664 1929 πάντως
2690 1866 2751 1919 τὸ
2782 1865 2968 1936 ἓτερον
3002 1864 3207 1917 τούτων
3250 1863 3341 1914 ἐπὶ
3388 1861 3480 1914 τοῦ
3516 1860 3765 1929 Πνεύμα-

510 1977 651 2043 quit.
686 1993 911 2034 necesse
934 1989 1016 2034 est
1046 1996 1211 2034 unum
1238 1998 1303 2035 ex
1326 1981 1411 2035 his
1443 1982 1496 2035 in
1525 1980 1733 2051 Spiritu
1753 1997 1942 2037 verum
1961 1996 2090 2037 eva-

512 2066 662 2132 dere,
696 2068 751 2123 id
781 2078 865 2125 est
892 2071 1220 2126 increatum.

584 2159 673 2213 18.
704 2160 811 2215 Sed
851 2162 964 2231 jam
1000 2171 1057 2217 et
1107 2164 1240 2217 illud
1285 2172 1489 2233 quanta
1521 2174 1728 2220 scateat
1753 2163 2096 2223 absurditate

516 2260 850 2319 spectemus.
914 2253 1049 2308 Cum
1084 2263 1267 2310 creata
1311 2257 1495 2310 omnia
1538 2257 1657 2326 pari
1724 2257 1932 2311 honore
1961 2258 2092 2321 sint,

516 2350 800 2411 propterea
835 2345 981 2413 quod
1019 2360 1206 2415 parem
1238 2346 1547 2401 exsistendi
1585 2347 1853 2417 originem
1892 2346 2098 2401 habue-

516 2433 649 2495 rint.
675 2450 920 2504 quaenam
950 2438 1055 2491 erit
1107 2452 1272 2493 causa
1306 2436 1570 2507 Spiritum
1601 2454 1630 2491 a
1679 2440 1906 2509 reliquis
1935 2440 2097 2497 rebus

519 2527 591 2579 ita
614 2541 929 2591 secernens,
959 2537 1020 2584 ut
1048 2545 1172 2585 eum
1200 2546 1324 2585 cum
1350 2530 1513 2585 Patre
1546 2547 1609 2587 ac
1642 2530 1784 2586 Filio
1818 2534 2099 2603 possimus

519 2612 681 2669 simul
709 2617 1007 2673 ordinare?
1060 2620 1305 2676 Postulat
1333 2620 1479 2675 enim
1510 2629 1660 2676 recta
1713 2623 1855 2677 ratio
1884 2633 1943 2678 ut
1974 2624 2027 2679 id
2069 2641 2099 2679 a

521 2707 797 2763 creatione
818 2724 927 2764 non
959 2711 1051 2776 sit,
1081 2711 1226 2782 quod
1261 2726 1387 2765 cum
1433 2711 1679 2767 incrcata
1703 2721 1896 2766 natura
1924 2713 2102 2768 cerni-

522 2807 613 2853 tur
635 2801 1014 2856 consociatum
1046 2820 1061 2856 :
1101 2804 1249 2875 quod
1290 2805 1337 2860 si
1368 2804 1731 2861 nihilominus
1766 2821 1795 2859 a
1826 2806 2104 2861 creatione

524 2892 859 2956 provenerit,
895 2892 1032 2947 nihil
1084 2894 1255 2963 magis
1285 2893 1508 2951 valebit.
1543 2909 1709 2964 quam
1740 2894 1964 2964 reliquae
1996 2895 2101 2948 sibi

524 2983 872 3053 homogeneze
898 2992 1187 3048 creaturae,
1225 3000 1402 3056 neque
1429 3002 1551 3039 cum
1591 2985 1877 3055 superiore
1906 2988 2104 3055 poterit

528 3079 720 3126 natura
779 3076 1060 3145 componi.
1119 3075 1277 3142 Quod
1326 3080 1372 3130 si
1424 3074 1566 3131 forte
1626 3077 1812 3130 dicant
1859 3086 2102 3130 creatum

526 3163 744 3230 quidem
775 3179 898 3220 esse
930 3163 1217 3236 Spiritum,
1256 3166 1350 3221 sed
1386 3176 1570 3221 tamen
1607 3167 1729 3237 plus
1752 3182 1914 3237 posse
1940 3183 2103 3236 quam

529 3266 640 3305 rem
672 3261 932 3317 creatam,
964 3270 1158 3311 rursus
1189 3255 1590 3325 comperiemus
1633 3252 1880 3308 eamdem
1917 3260 2107 3306 contra

528 3357 589 3396 se
620 3342 791 3412 ipsam
820 3358 1067 3414 pugnare
1093 3354 1333 3400 creatam
1354 3354 1628 3407 naturam,
1656 3352 1818 3413 atque
1840 3344 1983 3398 inter
2011 3345 2110 3399 do-

530 3434 795 3487 minatum
864 3436 1257 3505 servitiumque
1314 3434 1570 3489 bifariam
1629 3435 1887 3500 divisam,
1949 3437 2111 3490 itaut

533 3539 660 3595 pars
683 3525 805 3595 ejus
838 3526 1167 3591 benefaciat,
1194 3543 1322 3598 pars
1352 3543 1480 3582 vero
1507 3528 1832 3583 beneﬁcium
1860 3528 2109 3597 recipiat,

534 3634 661 3687 pars
688 3619 1011 3685 sanctiﬁcet,
1050 3635 1179 3689 pars
1206 3630 1384 3677 autem
1406 3622 1815 3687 sanctiﬁcetur;
1860 3630 1915 3678 et
1946 3631 2111 3692 quot-

534 3721 668 3779 quot
684 3712 827 3766 bona
858 3727 888 3766 a
912 3721 1106 3768 sancto
1131 3711 1341 3783 Spiritu
1375 3715 1569 3770 donari
1598 3722 1865 3769 creaturae
1881 3716 2115 3770 credun-

535 3811 627 3857 tur
652 3803 754 3874 ipsi
773 3804 992 3874 quidem
1024 3805 1307 3859 atlluenter
1324 3805 1788 3861 adsintscatentia
1806 3815 1862 3862 et
1891 3807 1947 3861 in
1978 3807 2116 3861 alios

537 3894 729 3956 eﬂ'usa.
766 3895 861 3949 sed
881 3903 1063 3951 tamen
1092 3906 1361 3966 quatenus
1384 3904 1638 3952 creatura
1666 3905 1772 3960 est,
1795 3896 1936 3952 idem
1962 3905 2119 3967 egeat

540 3987 820 4044 beneﬂciis
857 3988 1008 4043 illinc
1033 3989 1386 4045 manantibus
1429 4001 1592 4059 atque
1624 3989 1839 4059 gratia;
1877 4005 1978 4044 nec
2011 3988 2118 4042 nisi

540 4080 962 4150 participatione
999 4081 1181 4151 aliqua
1216 4081 1659 4136 communionem
1694 4081 1961 4135 bonorum
2001 4095 2121 4149 per-

540 4171 709 4240 cipiat
740 4187 808 4226 ex
849 4172 1187 4243 bomogenea
1256 4181 1452 4227 natura
1516 4172 1892 4243 profusorum.
1942 4171 2120 4225 Habet

541 4265 686 4318 enim
709 4264 996 4319 electionis
1022 4265 1309 4333 cujusdam
1350 4274 1405 4319 et
1433 4265 1738 4335 personalis
1786 4262 2122 4333 praelationis

543 4355 807 4425 speciem,
840 4356 885 4412 si
910 4372 1032 4411 cum
1064 4358 1216 4411 nulla
1251 4358 1324 4411 sit
1353 4357 1579 4412 honoris
1621 4357 1674 4410 in
1736 4364 1930 4409 natura
1983 4368 2123 4423 prae-

546 4449 771 4513 stantia,
804 4449 950 4504 haud
981 4449 1135 4518 paria
1184 4449 1401 4518 possint
1438 4449 1473 4502 ii
1521 4443 1759 4518 quorum
1813 4445 2123 4502 substantia

2193 1978 2284 2024 τος
2320 1959 2517 2029 ἀληθὲς
2540 1955 2679 2013 εἶναι
2704 1958 2907 2027 λέγειν,
2987 1962 3122 2027 ὅπερ
3149 1956 3265 2009 ἐστὶ
3297 1955 3357 2007 τὸ
3387 1956 3656 2008 ἅκτιστον.

2266 2146 2355 2210 ιη’.
2388 2141 2497 2193 Καὶ
2524 2140 2636 2210 γὰρ
2668 2141 2885 2192 κάκεῖνο
2916 2139 3046 2209 ὅσην
3092 2139 3201 2208 ἔχει
3232 2136 3328 2206 τὴν
3361 2134 3592 2188 ἀτοπίαν
3633 2150 3757 2186 σκο-

2201 2233 2482 2301 πήσωμεν.
2524 2231 2747 2284 Πάντων
2800 2230 2908 2282 τῶν
2934 2231 2990 2282 ὲν
3017 2232 3083 2299 τῇ
3108 2229 3281 2281 κτίσει
3302 2226 3622 2295 νοουμένων,
3646 2225 3766 2278 κατ’

2196 2322 2327 2376 αὐτὸ
2358 2321 2516 2375 τοῦτο
2561 2322 2623 2373 τὸ
2651 2321 2739 2375 διὰ
2779 2322 3009 2384 κτίσεως
3046 2320 3334 2390 ἐσχηκέναι
3366 2318 3428 2371 τὸ
3463 2314 3624 2380 εἶναι,
3672 2317 3770 2386 τὴν

2197 2413 2487 2485 ὁμοτιμίαν
2534 2413 2783 2483 ἐχόντων,
2820 2413 2968 2483 τίςὴ
3013 2412 3160 2466 αίτία
3208 2413 3240 2482 ὴ
3289 2411 3350 2464 τὸ
3394 2409 3615 2478 Πνεῦμα
3661 2408 3772 2460 τῶν

2198 2507 2399 2560 λοιπῶν
2446 2506 2812 2576 ἀποκρίνουσα
2862 2508 2941 2569 είς
2971 2505 3033 2558 τὸ
3065 2505 3240 2575 Πατρὶ
3278 2501 3475 2572 καὶτῷ
3510 2500 3623 2572 Υἱῷ
3655 2517 3774 2552 συν-

2199 2598 2489 2669 ταχθῆναι;
2540 2597 2866 2668 Εὐρίσκεται
2899 2596 3006 2668 γὰρ
3057 2598 3121 2649 ἐκ
3162 2596 3263 2666 τῆς
3306 2593 3627 2656 ἀκολουθίας
3675 2591 3773 2644 τοῦ

2200 2691 2382 2759 λόγου,
2411 2690 2509 2743 οὐκ
2534 2688 2593 2742 ὃν
2626 2691 2689 2741 ὲκ
2708 2691 2803 2758 τῆς
2832 2689 3059 2751 κτίσεως
3081 2688 3142 2741 τὸ
3183 2690 3249 2759 τῇ
3277 2686 3513 2757 άκτίστῳ
3541 2685 3775 2739 συνθεω-

2205 2782 2464 2854 ρούμενον
2486 2782 2645 2851 φύσει
2668 2797 2682 2811 ο
2712 2782 2745 2852 ἢ
2774 2782 2820 2834 εί
2856 2778 3103 2833 ἐντεῦθεν
3129 2778 3240 2849 εἴη,
3286 2778 3449 2850 μηδὲν
3486 2778 3646 2831 πλέον
3674 2778 3776 2847 τῆς

2202 2874 2472 2944 ὁμοφύλου
2510 2876 2714 2944 ἰσχύειν
2762 2873 3006 2935 κτίσεως,
3045 2872 3181 2943 μηδὲ
3215 2870 3472 2925 δύνασθαι
3503 2873 3568 2941 τῇ
3605 2870 3775 2939 ὐπερ-

2205 2968 2433 3038 κειμένῃ
2479 2966 2908 3038 συναρμόζεσθαι
2958 2965 3139 3034 φύσει.
3198 2965 3261 3016 Εἰ
3322 2964 3379 3016 δὲ
3428 2963 3635 3031 λέγοιεν
3681 2963 3778 3015 καὶ

2206 3060 2421 3113 κτιστὸν
2459 3055 2596 3113 εἶναι
2638 3060 2732 3113 xa‘t
2766 3059 2903 3126 ὑπὲρ
2951 3057 3048 3129 τὴν
3091 3057 3266 3110 κτίσιν
3309 3056 3588 3116 δύνασθαι,
3616 3053 3781 3108 πάλιν

2207 3150 2519 3221 εὑρίσκεται
2548 3150 2683 3219 αὐτὴ
2716 3147 2853 3219 πρὸς
2884 3146 3080 3217 ἑαυτὴν
3112 3146 3144 3216 ἡ
3179 3147 3371 3215 κτιστὴ
3418 3142 3780 3206 στασιάζουσα

2211 3244 2391 3312 φύσις,
2424 3243 2518 3296 καὶ
2565 3241 2890 3313 μεριζομένη
2921 3238 3056 3311 πρὸς
3080 3239 3138 3292 τὸ
3168 3236 3402 3309 κρατοῦν
3442 3252 3501 3288 τε
3527 3234 3619 3287 καὶ
3648 3234 3781 3285 ὐπο-

2211 3337 2433 3409 χείριον,
2460 3335 2535 3398 ὡς
2583 3335 2643 3387 τὺ
2676 3334 2772 3404 μὲν
2810 3333 3136 3403 εὐεργετεῖν,
3177 3331 3238 3384 τὸ
3272 3330 3330 3383 δὲ
3359 3327 3781 3399 εὐεργετεῖσθαι,

2213 3430 2306 3482 καὶ
2336 3428 2397 3481 τὸ
2438 3429 2537 3499 μὲν
2581 3426 2848 3495 ἀγιάζειν,
2889 3425 2949 3477 τὸ
2990 3424 3046 3477 δὲ
3078 3422 3397 3493 ἁγιάζεσθαι
3424 3440 3438 3453 ο
3479 3421 3573 3475 καὶ
3607 3419 3785 3473 πάντα

2212 3521 2314 3572 ὅσα
2340 3519 2490 3591 παρά
2511 3518 2604 3572 τοῦ
2628 3518 2784 3586 ἁγίου
2808 3515 2949 3570 Πνεύ
2958 3533 3122 3587 ματος
3146 3512 3493 3586 χορηγεῖσθαι
3521 3514 3589 3583 τῇ
3609 3512 3783 3565 κτίσει

2215 3611 2603 3675 πεπίστευται,
2634 3610 2828 3680 ἐκείνῳ
2870 3607 2970 3679 μὲν
3012 3609 3263 3677 παρεῖναι
3307 3605 3575 3666 πλουσίως
3608 3602 3787 3671 πηγά-

2217 3701 2377 3766 ζοντα
2430 3702 2526 3755 καὶ
2570 3702 2647 3764 είς
2677 3700 2869 3765 ἄλλους
2922 3699 3317 3773 ὐπερχεόμενα,
3365 3698 3465 3767 τὴν
3504 3696 3559 3749 δὲ
3611 3695 3792 3747 κτίσιν

2217 3793 2405 3846 ἐπιδεᾶ
2428 3793 2526 3862 τῆς
2549 3791 2757 3845 ἐκεῖθεν
2801 3790 3187 3860 ἀναδιδομένης
3218 3788 3535 3859 εὐεργεσίας
3564 3788 3659 3839 καὶ
3687 3786 3788 3856 χά-

2223 3902 2364 3956 ριτος
2383 3884 2732 3945 καθεστάναι,
2764 3884 2856 3937 καὶ
2888 3885 2950 3935 ὲκ
2984 3880 3269 3953 μετουσίας
3291 3879 3541 3949 δέχεσθαι
3563 3878 3662 3949 τὴν
3683 3878 3793 3930 τῶν

2219 3977 2440 4047 ἀγαθῶν
2471 3975 2756 4030 κοινωνίαν
2796 3973 2905 4027 τῶν
2940 3975 3004 4025 ὲκ
3035 3972 3129 4025 τοῦ
3160 3971 3449 4042 ὁμογενοῦς
3493 3967 3796 4039 προχεομέ-

2223 4088 2345 4123 νων.
2384 4066 2786 4138 Ἀποκληρὼσει
2815 4066 2922 4136 γὰρ
2944 4067 3126 4135 ὅμοιον
3151 4064 3245 4117 καὶ
3275 4059 3703 4132 προσωποληψίᾳ
3733 4058 3798 4111 τὸ

2220 4156 2458 4211 τοιοῦτόν
2499 4159 2636 4222 ἐστι,
2695 4154 2963 4225 μηδεμιᾶς
2990 4156 3048 4206 ἐν
3091 4154 3157 4222 τῇ
3200 4150 3359 4220 φύσει
3412 4150 3799 4221 προτιμήσεως

2223 4249 2409 4319 οὔσης,
2443 4248 2516 4319 μὴ
2548 4248 2615 4301 τά
2648 4246 2789 4301 αὐτά
2835 4244 3091 4299 δύνασθαι
3123 4242 3190 4296 τὰ
3219 4243 3339 4296 κατ’
3377 4242 3528 4295 οὐδὲν
3554 4239 3801 4309 ἀλλήλων

2225 4344 2281 4395 ὲν
2307 4341 2385 4412 τῷ
2417 4337 2552 4395 εἶναι
2576 4340 2676 4411 τὴν
2713 4337 2975 4408 διαφορὰν
3015 4335 3225 4406 ἔχοντα.
3262 4336 3439 4404 ’Ἀπερ
3495 4331 3683 4385 οὐδένα
3725 4324 3804 4382 οἷ-

2230 4451 2327 4505 μαι
2352 4434 2460 4486 τῶν
2482 4429 2538 4487 εὖ
2565 4430 2901 4502 φρονούντων
2934 4427 3307 4498 συνομολογεῖν
3325 4444 3339 4457 °
3376 4426 3408 4495 ἢ
3434 4426 3542 4495 γὰρ
3566 4424 3628 4476 οὐ
3655 4439 3803 4492 παρ-

546 4550 737 4595 mutuo
786 4555 895 4595 non
961 4540 1163 4596 diﬂert.
1196 4541 1370 4606 Quam
1422 4556 1537 4595 rem
1574 4555 1735 4595 nemo
1783 4554 1917 4595 sana
1948 4544 2107 4591 ment:

2243 4527 2353 4597 έχει
2380 4528 2493 4589 τοῖς
2539 4524 2736 4585 ἄλλοις,
2785 4524 2942 4591 εἴπερ
2991 4521 3051 4571 οὐ
3100 4518 3344 4589 φυσικῶς
3393 4516 3602 4587 ἔχει-ἢ
3644 4514 3805 4580 εἴπερ

545 4635 829 4704 praeditus,
858 4644 918 4689 ut
950 4643 1103 4704 puto,
1144 4635 1523 4705 comprobabit
1558 4652 1570 4687 :
1597 4648 1724 4686 nam
1752 4632 1836 4685 vel
1862 4630 1986 4684 aliis
2015 4644 2125 4682 non

547 4727 751 4797 praabet
774 4726 1047 4798 siquidem
1079 4728 1403 4782 naturaliter
1440 4742 1547 4780 non
1578 4725 1780 4790 habet;
1806 4723 1889 4777 vel
1919 4722 1963 4777 si
1996 4720 2127 4775 dare

548 4818 815 4882 creditur,
875 4817 988 4888 jam
1026 4818 1083 4872 in
1138 4816 1396 4873 confesso
1450 4825 1566 4870 erat
1622 4828 1854 4884 prorsus
1902 4811 2125 4865 habere.

548 4907 722 4962 Porro
774 4909 880 4962 hoc
936 4908 1096 4963 unius
1139 4907 1338 4962 divina:
1376 4917 1587 4961 naturae
1632 4904 1913 4974 proprium
1963 4909 2130 4956 estet

551 5002 852 5070 peculiare,
880 5015 1076 5070 nempe
1097 5010 1155 5053 ut
1183 5000 1453 5053 bonorum
1484 4998 1556 5053 sit
1582 4997 1858 5058 donatrix,
1890 4993 2008 5063 ipsa
2030 5007 2129 5045 au—

553 5106 661 5150 tem
686 5094 837 5149 nulla
862 5107 922 5148 re
953 5092 1251 5147 adventitia
1284 5090 1546 5160 indigeat.

624 5187 711 5242 19.
746 5185 949 5240 Deinde
974 5193 1029 5240 et
1072 5185 1177 5238 hoc
1209 5183 1647 5244 observabimus,
1694 5195 1889 5251 nempe
1926 5181 1978 5233 in
2009 5194 2136 5235 san-

556 5289 647 5333 cto
684 5277 959 5348 baptismo
979 5276 1112 5348 quid
1137 5275 1459 5331 studemus?
1486 5288 1668 5328 nonne
1694 5280 1755 5326 ut
1783 5273 1949 5325 vitam
1973 5271 2142 5341 impe-

558 5380 769 5427 tremus
826 5370 989 5424 morti
1038 5369 1270 5423 ulterius
1309 5382 1417 5420 non
1460 5364 1798 5419 obnoxiam?
1858 5363 2141 5418 Neminem

562 5462 801 5518 sermoni
839 5460 967 5516 huic
1014 5458 1481 5514 contradicturum
1524 5466 1672 5527 puto,
1705 5456 1797 5525 qui
1842 5453 2145 5524 quomodo-

561 5567 779 5622 cunque
810 5551 1137 5607 Christianis
1167 5549 1443 5619 ascriptus
1464 5549 1557 5603 sit.
1588 5546 1731 5613 Quid
1762 5545 1970 5614 igitur?
1999 5541 2137 5596 Num

563 5642 777 5695 viviﬁca
812 5641 895 5695 vis
927 5640 1069 5695 inest
1111 5655 1287 5711 aqum,
1322 5654 1444 5709 quae
1488 5638 1556 5691 ad
1595 5636 1853 5706 baptismi
1908 5635 2141 5705 gratiam

566 5732 858 5789 adhibetur
882 5734 901 5785 ἰ
946 5731 1137 5787 Nonne
1187 5731 1364 5786 cuivis
1407 5730 1587 5800 potius
1642 5729 1986 5797 exploratum
2032 5732 2139 5785 est,

571 5839 766 5895 aquam
814 5824 1116 5893 corporalis
1146 5822 1438 5879 ministerii
1489 5835 1659 5877 causa
1693 5818 1962 5882 adhiberi,
2016 5831 2140 5871 cum

2229 4619 2426 4672 διδόναι
2463 4616 2837 4677 πεπίστευται,
2886 4612 2946 4666 τὺ
2974 4612 3121 4681 ἔχειν
3160 4611 3378 4672 πάντως
3419 4606 3807 4678 προωμολόγη-

2231 4729 2343 4764 ται.
2375 4709 2546 4763 Τοῦτο
2579 4708 2635 4760 δὲ
2669 4707 2836 4778 μόνης
2855 4706 2956 4774 τῆς
2984 4705 3131 4767 θείας
3170 4703 3381 4771 φύσεως
3411 4700 3542 4753 ἴδιόν
3565 4700 3679 4751 ἐστι
3712 4696 3811 4748 καὶ

2236 4802 2530 4873 ἐξαίρετον,
2557 4800 2618 4853 τὸ
2638 4793 3215 4868 παρεκτικὺνάγαθῶν
3241 4789 3400 4855 εἶναι,
3434 4790 3562 4843 αὐτὸ
3579 4789 3637 4841 δὲ
3669 4787 3807 4859 μηδ-

2237 4895 2354 4958 ενὸς
2379 4893 2703 4947 ἐπεισάκτου
2733 4886 3105 4961 προσδέεσθαι.

2316 5165 2400 5219 ιϐ’.
2432 5165 2661 5217 Ἔπειτα
2695 5162 2790 5217 καὶ
2825 5161 2980 5215 τοῦτο
3008 5160 3391 5230 σκοπήσωμεν,
3425 5154 3503 5225 τῷ
3540 5153 3679 5223 ἁγίῳ
3718 5152 3816 5222 βαο

2243 5256 2509 5327 πτίσματι
2534 5254 2586 5306 τί
2620 5252 2708 5306 διὰ
2752 5252 2943 5305 τούτου
2979 5248 3507 5322 πραγματευόμενοι.
3541 5240 3668 5316 'Ap‘
3695 5245 3817 5313 οὐχί⁵

2242 5348 2304 5400 τὸ
2323 5347 2467 5415 ζωῆς
2502 5345 2747 5415 μετέχειν
2782 5343 2966 5398 οὐκέτι
2995 5342 3210 5410 θανάτῳ
3239 5337 3602 5407 ὑποκειμένης
3627 5352 3641 5401 ;
3679 5336 3818 5388 Οὐδ·

2246 5441 2341 5493 ένα
2381 5441 2653 5494 ἀντειπεῖν
2680 5434 2835 5507 οἶμαι
2875 5436 2951 5506 τῷ
2978 5434 3120 5505 λόγῳ
3146 5433 3238 5486 τόν
3263 5449 3326 5500 γε
3355 5431 3451 5484 καὶ
3480 5427 3819 5482 ὁπωσοῦν-ὲν

2247 5532 2577 5603 χριστιανοῖς
2603 5528 3022 5600 ἀριθμούμενον.
3064 5523 3129 5576 Τί
3156 5518 3249 5576 οὖν
3274 5538 3287 5587 ;
3318 5516 3445 5589 *Δρ*
3468 5521 3526 5571 ὲν
3554 5517 3631 5587 τῷ
3665 5515 3821 5569 ὐδατι

2248 5625 2282 5694 ἡ
2330 5622 2589 5686 ζωοποιός
2623 5623 2738 5674 ἐστι
2770 5619 2996 5688 δύναμις
3044 5616 3120 5686 τῷ
3168 5607 3822 5685 συμπαραλαμϐανομένῳ

2250 5717 2386 5787 πρὸς
2422 5716 2519 5785 τὴν
2536 5712 2631 5767 τοῦ
2660 5710 3031 5783 βαπτίσματος
3050 5708 3245 5778 χάριν;
3274 5699 3351 5756 Ἦ
3378 5704 3539 5755 παντῖ⁹
3564 5700 3716 5769 δῆλον
3736 5700 3817 5787 ὅτι

2249 5809 2406 5862 τοῦτο
2443 5806 2541 5876 μὲν
2579 5804 2676 5874 τῆς
2712 5801 3027 5872 σωματικῆς
3074 5799 3260 5853 ἕνεκεν
3309 5792 3580 5855 διακονίας
3633 5786 3822 5856 παρεί-
