1926 3080
48 157 1671 207 Ἥ

297 290 541 352 PARS
586 297 687 354 II.
726 320 792 337 --
828 301 1410 367 DOGMATICA-

829 432 871 446 ι-

511 529 600 586 AN
606 533 796 587 DBEZE
854 535 1203 594 GALLANDII

706 668 994 717 MONITUM

74 781 112 810 ΙΝ
123 782 309 811 GRECORII
326 783 494 814 NYSSENI
511 785 666 814 SCRIPTA
687 787 897 818 NONNULLA
919 789 1010 824 ρυλε
1027 791 1070 819 IN
1104 793 1258 824 DUPLICI
1277 796 1469 827 EDITIONE
1483 800 1634 830 OPERUM

615 844 648 874 s.
681 845 816 875 mnus
846 847 1024 876 DEERANT
1036 850 1086 886 (a).

71 1045 89 1072 1.
104 1044 193 1073 Editis
207 1043 371 1080 jamdudum
403 1044 530 1081 Gregorii
545 1045 663 1082 Nysseni
675 1034 824 1083 operibus.
842 1050 863 1078 Δ
878 1053 938 1083 tur;
955 1058 1016 1079 cum
1034 1051 1115 1079 verba
1130 1052 1175 1080 illa
1188 1053 1378 1090 Chrysostomi
1394 1062 1514 1090 pannum
1530 1063 1592 1084 esse
1607 1055 1670 1085 httic

43 1093 150 1126 plurima
167 1099 245 1120 nunc
275 1091 383 1120 demum
402 1092 432 1120 ιιι
447 1094 591 1122 accessio:
609 1095 684 1130 quod
714 1095 824 1131 quidem

42 1139 159 1173 superius
185 1138 221 1166 de
247 1137 278 1167 S.
300 1136 433 1173 Gregorio
449 1138 624 1168 Nazianzeno
654 1140 825 1170 disserentes

42 1185 259 1219 preuionuimus.
307 1184 430 1213 Primum
477 1187 569 1222 itaque
613 1188 702 1216 sancti
736 1188 825 1217 Patris

41 1231 239 1270 Antirrr/teticum
255 1230 353 1258 librum
370 1232 495 1260 adversus
511 1233 693 1268 Apollinarem
708 1234 826 1270 proferi-

41 1269 105 1311 mus,
123 1285 204 1313 quem
225 1277 327 1305 saeculo
353 1278 478 1314 proxime
501 1279 595 1315 elapso
611 1287 645 1308 ex
669 1269 825 1316 septingen-

41 1325 121 1349 torum
150 1322 263 1350 circiter
289 1329 426 1350 annorum
452 1323 548 1352 codice
561 1324 704 1359 Vaticano,
730 1325 825 1354 Roma:

41 1367 64 1394 in
76 1367 160 1395 lucem
175 1367 287 1403 protulit
295 1374 358 1395 cum
371 1367 433 1396 aliis
444 1368 566 1404 ejusdem
584 1369 700 1406 Nysseni
714 1370 824 1405 episco-

39 1414 63 1449 pi
86 1414 198 1449 scriptis
223 1422 251 1441 v.
274 1414 308 1442 cl.
344 1414 510 1443 Laurentius
545 1416 702 1444 Alexander
736 1414 822 1444 Zaca-

39 1460 114 1495 gnius
140 1460 189 1495 (Ι).
215 1459 380 1488 Praeclarum
421 1461 579 1496 hujusmodi
605 1470 676 1498 opus
705 1463 823 1491 vetustis

40 1505 160 1534 Ecclesiae
175 1506 360 1542 scriptoribus
383 1512 566 1535 memoratum
584 1507 690 1540 videas,
707 1507 823 1536 Leontio

40 1552 154 1580 videlicet
179 1552 333 1588 Byzantino
363 1552 414 1588 (Ξ),
450 1552 550 1581 Joanni
575 1552 745 1582 Damasceno
770 1554 822 1590 (5),

40 1596 173 1634 Euthymio
189 1598 329 1633 Zigabeno
343 1598 392 1633 (4),
407 1606 514 1626 necnon
529 1599 557 1626 in
573 1599 649 1628 Actis
666 1604 750 1628 sextae
762 1608 824 1636 syn-

39 1643 77 1670 odi
95 1648 147 1672 act.
163 1652 180 1671 x
194 1643 246 1680 (5),
264 1649 295 1671 ut
325 1644 466 1673 mittamus
481 1644 666 1681 Nicephorum
685 1645 736 1682 (6).
761 1646 822 1680 Quo

40 1696 95 1717 vero
123 1694 249 1726 tempore
280 1690 490 1718 Antirrheticum
517 1692 630 1727 scripsit
667 1691 821 1728 Nyssenus,

39 1733 100 1761 haud
109 1738 149 1763 est
165 1735 350 1770 exploratum.
367 1734 396 1763 Si
416 1735 550 1764 editorem
579 1736 675 1766 audias
689 1737 738 1773 (7),
752 1745 822 1773 opus

39 1778 102 1807 istud
115 1781 323 1809 elucubraverit
336 1785 448 1810 sanctus
475 1781 557 1810 Pater
573 1786 638 1811 ante
653 1783 822 1818 Apollinaris

36 1826 142 1859 obitum,
158 1834 242 1863 quem
260 1827 334 1855 circa
360 1835 422 1855 term
450 1827 616 1856 Christianae
640 1837 742 1857 annum
769 1830 822 1858 580

36 1871 160 1900 accidisse
177 1875 286 1908 putant.
298 1871 450 1901 Nonnullos
465 1877 597 1908 preterea
607 1873 713 1902 dicendi
725 1876 821 1904 modos

36 1917 152 1952 pluribus
169 1919 300 1955 explanat
317 1919 388 1947 idem
398 1919 442 1947 vir
449 1919 586 1953 eruditus,
601 1921 648 1956 qui
660 1929 714 1949 non
726 1922 821 1951 admo-

36 1962 95 1991 dum
108 1964 269 1992 exercitatis
291 1965 319 1993 in
345 1963 463 2001 Nysseni
482 1966 594 2002 scriptis
614 1968 820 2002 pervolutandis

36 2008 132 2045 aliquid
150 2011 252 2046 negotii
262 2011 397 2040 facessere
408 2011 515 2040 valeant
531 2022 538 2040 :
556 2016 587 2040 ut
611 2018 755 2050 propterea
779 2016 820 2052 ip-

35 2063 88 2084 sum
105 2056 156 2085 hac
174 2056 210 2085 de
221 2064 251 2085 re
264 2058 408 2086 consulere
420 2058 534 2094 juverit.

62 2123 91 2152 ll.
101 2125 313 2153 Antirrheticum
333 2126 475 2163 excipiunt
502 2126 663 2157 Testimonia
692 2130 819 2160 adversus

33 2168 141 2204 ludens,
167 2179 232 2207 qua
259 2171 358 2201 Latine
379 2176 485 2201 tantum
505 2181 539 2202 ex
567 2174 707 2204 Laurentii
731 2176 818 2205 Silani

34 2216 146 2246 versione
173 2217 243 2246 olim
271 2217 346 2246 edita
377 2217 496 2247 fuerant.
526 2218 565 2248 Ea
580 2227 646 2249 vero
660 2228 694 2249 ex
710 2221 818 2251 duobus

35 2260 161 2291 Vaticanis
175 2262 325 2291 codicibus
340 2262 458 2291 invicem
488 2264 596 2293 collatis
612 2265 733 2302 vulgavit
746 2267 816 2295 idem

33 2305 171 2344 Zacagnius
196 2308 251 2344 (8).
271 2307 310 2337 De
333 2308 449 2344 hujusce
468 2310 561 2345 operis
571 2311 730 2347 integritate
748 2320 817 2341 non-

837 1722 858 1750 Β

877 1095 992 1132 Nysseni
1034 1098 1109 1133 operi
1150 1104 1287 1133 assutum,
1328 1108 1362 1128 ex
1409 1100 1541 1130 Vaticano
1575 1103 1670 1130 codice

877 1150 954 1170 num.
970 1143 1039 1172 1907
1055 1144 1133 1180 plane
1152 1149 1270 1174 constet.

912 1211 958 1238 Ill.
974 1209 1134 1246 Sequuntur
1153 1210 1298 1240 Orationes
1313 1213 1373 1240 dua:
1387 1213 1586 1250 (10),quarum
1595 1215 1670 1250 prior

875 1261 918 1285 est
942 1257 1063 1285 Homilia
1076 1265 1095 1285 tt
1114 1258 1142 1285 in
1154 1263 1277 1286 sanctum
1303 1257 1466 1293 Stephanum
1487 1265 1668 1296 protomarty-

875 1312 940 1336 rem,
962 1312 997 1331 ex
1013 1312 1065 1332 ms.
1088 1304 1221 1332 Vaticano
1230 1313 1308 1334 num.
1324 1306 1377 1333 446
1392 1306 1530 1341 descripta
1548 1314 1555 1333 :
1582 1307 1668 1341 siqui-

875 1348 937 1377 dem
970 1349 1087 1377 Hornilia
1105 1357 1113 1377 ι
1129 1350 1293 1386 jampridem
1309 1351 1381 1379 inter
1397 1359 1480 1386 opera
1497 1351 1667 1387 Nysscniana

875 1395 1024 1431 prodierat.
1043 1395 1200 1424 Orationem
1221 1404 1287 1425 vero
1303 1398 1483 1432 posteriorem
1502 1397 1541 1425 De
1565 1397 1668 1431 Spiritu

874 1446 978 1475 sancto,
993 1448 1054 1476 quas
1069 1447 1149 1470 antea
1165 1450 1198 1470 ex
1225 1442 1366 1470 Francisci
1385 1442 1445 1470 Zini
1462 1443 1590 1471 versione
1615 1442 1666 1470 La-

874 1487 931 1515 tine
947 1491 1051 1515 tantum
1078 1488 1217 1520 exstabat,
1245 1494 1343 1516 nactus
1359 1492 1403 1517 est
1417 1489 1508 1516 editor
1533 1488 1560 1516 in
1576 1489 1667 1517 tribus

874 1532 1018 1562 codicibus
1033 1532 1184 1568 Vaticanis,
1199 1541 1315 1570 eamque
1340 1542 1411 1562 nova
1442 1534 1666 1570 interpretatione

873 1580 994 1607 donavit.

908 1638 953 1666 IV.
972 1637 1019 1666 His
1040 1645 1123 1674 porro
1143 1638 1328 1673 subjiciuntur
1346 1637 1472 1673 Epittolaa
1482 1637 1581 1668 XXII.
1599 1645 1666 1672 qua-

874 1693 934 1712 rum
947 1684 1104 1721 quindecim
1124 1685 1231 1720 priores
1259 1684 1352 1712 hausit
1379 1691 1414 1712 ex
1425 1684 1519 1712 codice
1535 1683 1665 1711 Vaticano

873 1739 949 1759 num.
989 1731 1042 1760 424
1073 1731 1200 1760 laudatus
1224 1730 1378 1767 Zacagnius
1406 1739 1414 1758 :
1445 1734 1549 1766 septem
1573 1734 1665 1757 autem

873 1778 1042 1814 posteriores
1056 1786 1071 1806 e
1085 1783 1177 1807 vetere
1190 1778 1260 1806 libro
1273 1778 1483 1806 membranaceo
1493 1777 1665 1805 bibliothecm

872 1823 999 1852 Mediocre
1014 1823 1120 1859 primus
1134 1823 1161 1851 in
1189 1823 1279 1852 lucem
1303 1822 1399 1851 eduxit
1413 1823 1588 1859 vulgavitque
1601 1821 1664 1849 Flo-

871 1869 977 1903 rentiae,
990 1877 1063 1898 anno
1080 1870 1160 1903 1751,
1172 1878 1198 1898 v.
1214 1869 1250 1897 cl.
1264 1869 1386 1898 Joannes
1401 1868 1524 1905 Baptista
1535 1869 1664 1896 Catacio-

870 1916 915 1944 lus
933 1925 940 1944 :
957 1915 1005 1951 qui
1019 1919 1151 1952 praeterea
1164 1915 1296 1950 epistolas
1307 1922 1321 1942 a
1339 1914 1476 1950 Zacagnio
1490 1914 1579 1943 editas
1603 1922 1664 1942 cum

870 1961 965 1989 eodem
981 1961 1077 1988 codice
1091 1960 1214 1989 Mediceo
1239 1960 1413 1996 elegantibus
1429 1960 1529 1988 litteris
1549 1964 1663 1987 exaran

869 2007 999 2040 contulit,
1026 2007 1207 2042 pluribusque
1226 2006 1253 2033 in
1282 2006 1352 2033 locis
1374 2005 1541 2034 emendavit.
1563 2005 1662 2034 Nostra

870 2053 962 2088 itaque
972 2052 1106 2081 interesse
1120 2052 1260 2084 duximus,
1277 2051 1328 2079 viri
1345 2051 1662 2080 eruditissimiadnotata

869 2101 985 2137 singulis
999 2101 1138 2136 subjicere
1164 2099 1299 2135 epistolis,
1316 2107 1387 2135 quas
1401 2103 1547 2136 propterea
1576 2099 1662 2126 multo

868 2147 1069 2175 emendatiorcs
1093 2153 1177 2182 quam
1194 2146 1222 2174 in
1241 2145 1371 2181 Zacagnii
1390 2145 1464 2173 edito
1487 2145 1661 2174 exhibemus.

902 2216 936 2244 V.
953 2216 1115 2248 Sermonem,
1136 2223 1184 2244 seu
1201 2215 1293 2252 potius
1317 2215 1472 2251 epistolam,
1502 2215 1540 2243 De
1563 2215 1661 2242 άὶινὶηἱη

868 2268 932 2296 tate,
948 2263 984 2290 ad
996 2261 1140 2297 Evagrium
1158 2261 1324 2294 monachum,
1337 2269 1397 2297 quae
1414 2261 1486 2289 inter
1496 2261 1661 2289 Nazianzcui

866 2317 949 2345 opera
957 2307 1152 2337 circumfertur
1163 2307 1187 2340 (1
1195 2308 1230 2343 ι),
1240 2315 1302 2335 cum
1314 2308 1434 2335 virorum
1446 2307 1589 2336 doctorum
1597 2315 1662 2335 sett-

33 2354 87 2381 nulli
100 2362 133 2383 eo
151 2354 272 2383 nomine
291 2353 466 2390 dubitarunt,
477 2356 553 2392 quod
581 2357 634 2386 sub
657 2357 718 2393 ejus
735 2358 815 2387 linem
865 2356 991 2390 tentiam,
1007 2360 1064 2382 tum
1078 2362 1146 2383 mss.
1163 2354 1287 2382 codicum
1300 2358 1479 2390 veterumque
1493 2354 1660 2397 scriptorum

32 2399 117 2427 citetur
127 2400 352 2436 Chrysostomus
369 2401 416 2436 qui
434 2405 496 2437 post
510 2401 624 2437 Nysseni
641 2407 748 2432 nitatem
759 2405 815 2433 clas
828 2403 850 2433 ϐ
867 2403 1058 2431 auctoritatem
1092 2401 1191 2435 secuti,
1229 2400 1353 2437 Nysseno
1379 2400 1561 2429 vindicamus.
1591 2399 1659 2427 Nam

33 2446 83 2479 ruit,
95 2446 122 2474 in
137 2446 208 2474 illud
224 2444 307 2474 Joan.
320 2454 376 2480 xtx,
393 2447 439 2479 54,
453 2446 551 2475 Statim
569 2448 650 2476 exivit
669 2451 779 2485 sanguis
789 2455 815 2479 et
869 2453 1015 2485 utrumque
1027 2448 1200 2484 Gregorium,
1230 2447 1404 2476 librariorum
1430 2447 1488 2475 sive
1513 2447 1586 2485 dolo,
1602 2447 1661 2475 sive

34 2498 97 2540 (ἔφη.
111 2492 218 2521 Verum
249 2491 289 2527 (9)
314 2499 370 2520 non
402 2498 443 2521 est
458 2500 509 2521 cur
524 2494 643 2530 amplius
672 2495 725 2523 hoc
745 2504 814 2532 opus
867 2497 984 2540 incuria,
1001 2504 1073 2532 sape
1099 2496 1186 2525 fuisse
1209 2496 1340 2525 confusos
1356 2496 1429 2524 haud
1449 2500 1491 2525 est
1505 2496 1659 2531 incomper-

34 2534 138 2572 Nysseno
153 2539 330 2575 abjudicent,
347 2540 414 2568 sieo
429 2543 535 2568 tantum
551 2547 712 2577 argumento
724 2544 815 2572 nitan-

60 2605 93 2644 (l)
106 2606 184 2644 _Zac.,
201 2606 317 2644 collect.
330 2614 401 2634 mon.
416 2611 466 2635 vet.
480 2606 554 2644 Eccl.
568 2607 618 2644 Gr.
638 2617 665 2644 p.
683 2609 812 2638 125—287.

60 2642 94 2674 (2)
105 2641 203 2670 Leont.
220 2643 272 2670 lib.
294 2641 332 2668 De
354 2647 418 2669 sect.
440 2647 492 2669 act.
509 2642 543 2676 8,
561 2641 708 2672 BiblfPP.
725 2645 812 2673 Paris.

34 2675 99 2704 1644.
119 2681 187 2705 tom.
204 2677 255 2710 XI,
270 2684 332 2712 pag:
341 2676 408 2712 7516.
431 2676 469 2704 Id.
483 2678 531 2706 lib.
545 2686 553 2705 ι
565 2698 572 2711 ,
584 2684 677 2707 contra
704 2679 812 2708 Nestor.

32 2716 50 2736 et
64 2713 111 2739 Eu!
131 2715 173 2741 ch.
199 2717 260 2741 tom
272 2711 296 2739 l.
313 2711 389 2740 Thes.
406 2712 498 2740 Cattis.
520 2721 552 2749 pa
575 2733 581 2740 .
601 2714 664 2742 552.

60 2721 130 2776 (ὅ)
149 2748 232 2776 Dam.
249 2747 288 2775 De
298 2747 380 2774 duab.
395 2748 445 2775 vol.
459 2748 473 2776 ἐ
487 2748 531 2776 35.
546 2722 616 2776 (gon.
632 2754 653 2776 t.

60 2748 93 2784 (ἦ)
107 2747 130 2784 J_.
149 2748 232 2784 Qam.
249 2747 288 2784 Qa
298 2747 380 2784 duae.
395 2748 445 2775 υοι.
459 2748 473 2783 §
487 2747 616 2784 35.0w.
632 2754 653 2777 t.
665 2750 739 2784 μυ.
750 2750 813 2779 548.

61 2780 94 2814 (4)
108 2781 243 2843 Eutti‘ytn.
257 2780 369 2816 Panopl.
386 2780 504 2818 partiti.
521 2780 614 2811 tit.'t'5
628 2788 655 2812 et
673 2780 811 2816 l5(Patr.

30 2815 160 2843 ton.CXX
194 2820 215 2843 ).

37 2821 74 2841 an.
88 2820 215 2850 usa).

867 2549 936 2572 tum.
950 2543 1079 2572 Petavius
1107 2544 1248 2572 enimvero
1259 2544 1301 2571 vir
1313 2543 1492 2572 doctissimus
1508 2544 1598 2571 locum
1615 2550 1656 2570 re-

912 2611 939 2652 s)
950 2611 1051 2652 gemit.
1065 2602 1131 2652 tom.
1141 2610 1203 2652 vn;
1216 2619 1281 2652 pag.
1290 2610 1343 2638 822
1356 2611 1422 2639 edit.
1438 2610 1512 2652 ven.
1531 2610 1615 2639 Labb.

912 2619 1051 2652 δμιρηειι.
1065 2619 1131 2639 tom.
1151 2619 1343 2673 vmozz
1356 2619 1422 2639 catt.
1448 2619 1479 2639 vc

912 2647 938 2678 6)
955 2645 1067 2682 Niceph.
1084 2645 1232 2682 lilistaeccr.
1243 2647 1292 2675 ιιι).
1305 2654 1420 2681 xt,_cap.
1435 2646 1479 2674 i9.

900 2682 939 2716 (7)
957 2680 1075 2718 Zacagn.
1090 2680 1223 2718 Praefat.§
1239 2680 1357 2744 t9,
1373 2682 1406 2710 t9
1416 2690 1494 2717 seqq.

901 2718 941 2752 (8)
955 2717 991 2744 Id.
1010 2718 1028 2744 ι.
1043 2725 1079 2750 ι.,
1097 2724 1176 2752 pagg.
1189 2717 1289 2745 288-29
1310 2737 1317 2744 .

912 2752 939 2787 9)
957 2752 996 2788 Id.
1016 2752 1034 2779 I.
1053 2761 1090 2785 c.,
1107 2752 1180 2788 με,
1193 2760 1254 2788 pag.
1271 2753 1315 2780 '58.

915 2787 957 2823 ιο)
970 2787 1009 2823 id.
1026 2788 1043 2814 t.
1059 2796 1093 2819 ε.,
1111 2787 1189 2823 pagg.
1206 2787 1337 2816 δερ-555.

902 2821 959 2859 (tt)
974 2822 1021 2850 Gr.
1035 2821 1193 2852 Naz.0fd:.
1211 2831 1271 2857 XLV,
1290 2822 1359 2859 Opp.
1374 2825 1396 2852 t.
1412 2821 1433 2857 Ι,
1460 2831 1487 2859 p.
1506 2823 1559 2853 717
1575 2831 1650 2860 seqq.

61 2896 93 2930 (a)
127 2896 251 2926 Veterum
275 2896 387 2925 Patrum
413 2897 587 2933 Bibliotheca,
620 2897 663 2932 Vl,
695 2898 802 2936 Proleg.
823 2907 954 2938 ρυεικιν.

802 3020 937 3049 ’ἿΙ-Τ

947 3021 1040 3065 '19

870 3043 932 3065 an
