1926 3080
233 184 308 210 enim
325 189 375 219 per
404 189 466 217 qua:
497 181 654 217 corrigetur
681 181 830 214 Sabellius,
858 189 907 217 per
927 185 1021 210 eadem

233 229 316 256 etiam
334 229 459 264 proderis
477 228 617 257 Anomceo.
633 227 728 264 Neque
748 235 810 263 quae
823 227 957 257 adversus
970 229 1024 256 Ma-

235 275 372 303 nicha-um
397 275 549 310 suscipitur
574 275 726 302 decertatio
749 274 862 310 prodest
878 276 958 303 etiam
977 275 1024 305 Ju-

235 321 305 354 dzeo,
322 321 369 349 sed
387 325 504 357 oportet,
524 321 598 349 sicut
612 321 716 348 dictum
732 325 785 355 est,
814 321 897 350 verba
921 321 1022 356 facere,

235 368 368 396 intuendo
383 368 417 395 ad
433 368 575 395 hominum
596 367 752 402 opiniones,
767 368 964 396 convenienter
978 375 1024 395 er-

235 415 292 442 rori
317 414 502 449 singulorum,
519 412 686 449 proferendo
705 414 732 441 in
749 413 874 449 qualibet
898 413 1023 450 disputa-

235 461 310 489 tione
326 460 451 496 quaedam
474 460 611 496 principia
641 464 669 488 et
697 460 904 496 propositiones
922 461 1022 488 rationi

235 511 447 539 consentaneas,
465 511 495 533 ut
511 514 560 542 per
574 514 605 534 ea
620 514 682 542 quae
698 508 779 534 ambo
796 506 927 540 fatentur,
949 511 977 535 et
989 507 1024 535 de

234 553 335 588 quibus
350 555 470 585 constat,
487 556 690 587 consequenter
707 553 846 587 aperiatur
860 552 926 588 quid
947 553 1020 588 cogi-

233 603 335 627 tentet
351 598 484 626 sentiant.
507 599 623 632 Quando
650 606 715 635 ergo
744 598 798 626 erit
825 599 1020 634 disputandum

233 654 295 674 cum
312 646 406 681 aliquo
418 653 451 673 ex
466 645 500 673 iis
513 646 560 681 qui
573 645 677 674 Graecis
698 645 803 679 favent,
821 650 896 673 recte
920 646 972 674 erit
998 647 1022 674 si

232 692 343 720 dicendi
359 692 411 720 hoc
428 695 555 719 sumatur
577 692 707 719 initium:
735 695 827 719 utrum
847 691 931 720 Deum
962 699 1024 720 esse

233 740 383 772 existimat,
402 747 435 766 an
451 742 493 767 est
512 739 539 766 in
553 739 682 774 opinione
698 747 794 767 eorum
814 740 861 774 qui
893 739 1023 767 dicuntur

232 786 316 820 athei,
340 785 412 821 quod
433 785 516 813 Deum
542 792 597 812 non
626 792 687 812 esse
718 789 856 812 censeant.
884 784 972 820 Atque
999 785 1022 813 si

232 833 316 860 Deum
333 831 443 867 quidem
457 839 514 858 non
528 839 591 859 esse
609 830 700 858 dicat:
716 838 747 858 ex
763 830 797 859 iis
814 838 873 866 qua}
891 831 1022 859 artificio-

232 887 262 907 se
278 882 306 906 et
321 878 462 914 sapienter
477 877 505 904 in
522 876 625 904 mundo
648 876 889 909 administrantur,
906 876 1020 904 induce-

231 929 278 952 tur
293 927 322 951 nt
340 931 388 958 per
404 931 435 950 ea
456 922 575 950 fateatur
593 929 654 950 esse
672 921 821 957 quamdam
835 922 902 956 vim,
916 930 977 957 qua:
992 921 1019 949 in

232 971 265 998 iis
287 969 444 997 ostenditur
473 968 600 1004 superior
630 968 821 995 universitate.
854 967 901 995 Sin
927 972 1019 995 autem

232 1016 316 1044 Deum
334 1014 443 1050 quidem
457 1022 512 1041 non
527 1022 589 1042 esse
605 1013 720 1045 dubitet,
738 1013 786 1041 sed
812 1020 844 1041 eo
872 1012 1019 1043 delabitur.

232 1066 262 1089 ut
278 1060 391 1089 deorum
411 1063 487 1096 putet
505 1067 568 1088 esse
584 1059 798 1091 multitudinem,
821 1059 873 1087 hac
888 1058 1020 1088 adversus

232 1116 294 1136 eum
312 1111 422 1135 utemur
435 1105 642 1141 consequentia,
659 1104 781 1133 Deumne
793 1104 943 1141 perfectum
958 1113 1020 1134 esse

230 1158 319 1189 putet,
336 1161 370 1180 an
387 1152 430 1180 cui
448 1152 517 1180 desit
539 1151 654 1186 aliquid.
673 1151 753 1184 Quod
768 1151 803 1184 si,
823 1155 853 1179 ut
879 1156 922 1179 est
950 1159 1018 1180 con-

231 1204 405 1231 sentanemn,
428 1197 473 1226 Dei
506 1201 611 1225 natura:
628 1197 826 1232 perfectionem
844 1204 897 1224 suo
914 1197 1020 1225 tribuat

230 1245 401 1277 testimonio,
414 1245 522 1279 exigam
536 1247 565 1270 ut
579 1244 636 1278 ipse
648 1243 684 1270 sit
697 1242 834 1278 perfectus
849 1243 877 1270 in
890 1244 1019 1272 omnibus

227 1300 291 1327 quae
308 1291 519 1319 considerantur
534 1290 561 1321 in
580 1289 734 1320 divinitate,
750 1297 784 1316 ne
798 1288 870 1317 Deus
893 1289 1020 1319 conside-

229 1343 305 1367 retur
319 1337 481 1366 eommistus
491 1345 524 1365 ex
539 1337 574 1364 iis
591 1343 652 1371 quae
666 1340 732 1363 sunt
745 1336 897 1370 contraria,
921 1344 1020 1372 nempe

229 1394 263 1413 ex
278 1393 310 1413 eo
327 1385 399 1420 quod
415 1388 456 1411 est
471 1390 613 1413 mancum,
632 1385 660 1409 et
674 1389 705 1408 ex
726 1389 758 1409 eo
775 1382 848 1417 quod
863 1386 906 1410 est
928 1384 1020 1418 perfe-

228 1435 318 1459 ctum.
333 1430 388 1458 Sed
406 1429 464 1457 sive
479 1429 506 1455 in
521 1430 668 1462 potestate,
685 1428 742 1455 sive
760 1427 787 1454 in
804 1427 868 1454 boni
896 1428 1018 1461 notione,

230 1478 288 1504 sive
305 1477 332 1503 in
360 1473 504 1510 sapientia,
522 1477 549 1501 et
569 1473 732 1505 aeternitate,
748 1477 775 1501 et
800 1473 1018 1509 incorruptione,

229 1527 256 1551 et
271 1522 294 1550 si
306 1522 398 1556 aliqua
411 1520 463 1547 alia
472 1527 532 1554 qua:
548 1518 632 1546 Deum
648 1518 725 1546 decet
736 1519 914 1555 intelligentia
926 1520 1019 1548 veniat

231 1572 257 1596 in
276 1566 546 1601 contemplationem,
565 1564 678 1592 omnino
697 1565 866 1592 assentietur
877 1565 905 1593 in
924 1565 1018 1593 divina

231 1616 329 1640 natura
362 1609 532 1638 considerari
555 1608 751 1644 perfectionem
783 1617 816 1637 ex
841 1610 892 1637 hac
920 1617 1019 1638 conse«

229 1658 340 1694 quentia
354 1656 453 1684 rationi
465 1660 661 1683 consentanea.
674 1654 731 1682 Hoc
744 1659 834 1683 autem
847 1656 927 1684 nobis
941 1656 1017 1689 dato,

230 1712 284 1732 non
300 1703 353 1731 erit
370 1701 487 1737 amplius
509 1700 618 1728 difﬁcile
645 1701 839 1736 cogitationem
865 1701 1018 1736 dispersam

229 1759 262 1778 ac
282 1749 442 1784 dissipatam
468 1747 496 1774 in
516 1747 629 1774 deorum
658 1747 859 1775 multitudinem
884 1747 1019 1775 deducere

230 1796 262 1823 ad
277 1794 428 1822 divinitatis
440 1794 523 1821 unius
538 1793 753 1821 confessionem.
769 1793 798 1820 Si
816 1794 888 1820 enim
904 1794 1018 1821 omnino

229 1841 335 1870 dederit
348 1848 377 1868 se
395 1839 590 1876 perfectionem
610 1839 690 1866 fateri
718 1839 746 1866 in
770 1839 913 1873 subjecto:
945 1839 1019 1866 dicat

228 1891 320 1916 autem
335 1887 420 1915 multa
438 1894 499 1914 esse
515 1885 648 1921 perfecta,
666 1893 727 1920 quae
743 1893 791 1920 per
813 1885 908 1912 eadem
925 1885 1019 1920 expri-

229 1938 351 1965 muntur,
376 1939 511 1967 sumnque
528 1931 668 1967 accipiunt
692 1931 880 1958 characterem
905 1938 938 1958 ac
966 1931 1019 1959 for-

228 1988 300 2007 mam
316 1989 322 2007 :
339 1987 450 2007 necesse
466 1981 508 2006 est
525 1978 638 2005 omnino
654 1981 683 2004 ut
696 1977 729 2005 iis
747 1984 808 2013 qua
825 1977 899 2005 nulla
915 1977 1020 2005 discer-

229 2030 333 2053 nuntur
357 2025 508 2052 mutatione
540 2031 571 2051 ac
596 2023 764 2057 diversitate,
785 2023 833 2052 sed
862 2023 890 2050 in
921 2023 1018 2051 iisdem

228 2071 449 2102 considerantur,
466 2074 514 2097 aut
530 2070 672 2105 proprium
685 2070 850 2102 ostendere;
869 2073 916 2096 aut
933 2070 957 2097 si
974 2070 1018 2096 ni-

229 2119 265 2146 hil
280 2118 390 2154 proprie
414 2124 447 2143 ac
468 2116 644 2150 peculiariter
671 2116 772 2142 mentis
803 2115 1020 2150 comprehendat

228 2164 371 2198 conceptio
385 2171 391 2189 ι
408 2162 435 2188 in
453 2161 486 2189 iis
502 2162 529 2188 in
545 2161 645 2195 quibus
659 2168 713 2188 non
728 2165 770 2189 est
784 2161 857 2195 quod
867 2161 1017 2194 discernat,

849 122 877 149 S.
897 122 1063 152 GREGOBH
1081 124 1225 153 NYSSENI

1831 129 1863 157 ii

1038 185 1060 213 A
1073 184 1232 217 Σαὸέλλιον,
1257 184 1300 212 διὰ
1322 186 1376 213 τῶν
1394 186 1484 214 αὐτῶν
1508 187 1643 223 ὠφελήσει
1665 189 1713 216 καὶ
1730 188 1778 216 τδν
1806 189 1864 217 ’Λν-

1077 232 1180 266 όμοιον.
1199 231 1266 258 om
1286 232 1302 267 ὴ
1326 232 1394 268 πρὸς
1415 233 1462 259 τὸν
1484 234 1633 269 Μανιχαϊον
1658 235 1731 271 μάχη
1756 238 1802 262 καὶ
1821 242 1864 263 τον

1082 277 1208 304 Ἰουδαῖον
1225 277 1343 313 ὀνίνησιν
1355 299 1363 309 ,
1377 278 1446 306 ἀλλὰ
1460 279 1513 315 χρὴ
1525 299 1533 312 ,
1555 279 1646 312 καθὼς
1662 280 1781 317 εἴρηται,
1799 281 1864 317 ’πρὸς

1074 321 1123 354 τὰς
1139 321 1287 358 ὑπολήψεις
1301 323 1354 350 τῶν
1372 323 1522 358 ἀνθρώπων
1539 324 1657 359 βλέπειν,
1674 327 1721 352 καὶ
1735 326 1806 354 κατά
1817 328 1864 362 τὴν

1074 368 1239 404 ὲγκειμένην
1266 368 1372 404 ἑκάστῳ
1402 369 1507 406 πλάνην
1538 371 1672 398 ποιεῖσθαι
1703 371 1750 399 τὸν
1776 371 1862 407 λόγον,

1074 414 1161 450 ἀρχάς
1175 423 1252 446 τινας
1267 414 1313 442 καὶ
1328 415 1473 451 προτάσεις
1485 416 1612 451 εὐλόγους
1624 417 1666 452 ἐφ’
1678 417 1796 452 ἑκάστης
1810 417 1864 444 δια-

1073 459 1172 492 λέξεως
1185 460 1420 496 προϐαλλόμενον,
1433 461 1471 494 ὡς
1490 461 1524 489 ἂν
1544 461 1588 488 διὰ
1602 462 1657 489 τῶν
1670 462 1734 498 παρ’
1747 463 1864 499 ἀμφοτέ-

1075 514 1132 541 ροις
1147 505 1371 542 ὁμολογουμένων
1388 507 1571 544 ὲκκαλυφθείη
1587 507 1657 535 κατὰ
1674 508 1704 535 τὸ
1720 509 1865 536 ἀκόλουθον

1073 550 1213 586 ήδιάνοια.
1229 551 1332 578 Οὐκοῦν
1350 552 1414 579 ὅταν
1426 552 1494 588 πρός
1507 560 1568 579 τινα
1583 552 1637 579 τῶν
1653 552 1861 589 Ἐλληνιζόντων

1073 598 1089 634 ἡ
1105 597 1220 630 διάλεξις
1230 596 1257 635 ᾗ,
1273 597 1362 630 καλῶς
1378 598 1411 626 ἂν
1422 598 1478 635 ἔχοι
1494 599 1596 634 ταύτην
1611 598 1746 626 ποιεῖσθαι
1760 600 1809 626 τοῦ
1821 599 1864 626 λό-

1073 652 1122 678 γου
1140 644 1190 679 τὴν
1208 645 1306 681 ἀρχὴνΙ
1327 645 1441 681 πότερον
1459 642 1530 672 εἶναι
1547 645 1578 672 τὸ
1592 646 1667 673 Θεῖον
1685 645 1828 681 ὑπείληφε,
1847 645 1863 681 ἢ

1072 688 1112 724 τῷ
1130 690 1184 716 τῶν
1207 690 1294 716 ἀθέων
1318 690 1485 727 συμφέρεται
1499 691 1625 726 δόγματι.
1644 691 1676 718 Ei
1691 691 1742 726 μὲν
1759 690 1806 718 οὖν
1828 691 1864 726 μὴ

1073 733 1142 763 εἶναι
1163 735 1255 771 λέγει,
1273 736 1306 764 ἐκ
1326 737 1381 764 τῶν
1404 737 1535 773 τεχνικῶς
1552 737 1600 764 καὶ
1623 737 1713 773 σοφῶς
1733 736 1804 764 κατὰ
1819 737 1865 764 τὸν

1072 781 1173 817 κόσμον
1193 781 1426 818 οἰκονομουμένων
1442 782 1672 818 προσαχθήσεται,
1691 783 1761 818 πρὸς
1776 783 1806 809 τδ
1822 781 1865 809 διὰ

1072 828 1175 855 τούτων
1190 825 1259 855 εἷναί
1271 836 1333 855 τινα
1341 827 1463 865 ,δύναμιν
1481 828 1530 864 τὴν
1545 829 1574 856 ὲν
1592 828 1697 861 τούτοις
1714 828 1864 856 διαδεικνυ-

1076 874 1159 910 μένην
1172 874 1219 901 τοῦ
1232 875 1332 906 παντὸς
1344 875 1547 911 ὑπερκειμένην
1560 875 1736 911 ὁμολογῆσαι.
1750 875 1782 902 Et
1793 875 1822 902 δὲ
1835 875 1864 902 τὸ

1076 921 1125 956 μὲν
1142 918 1211 948 εἶναι
1235 920 1272 956 μὴ
1297 921 1480 956 ἀμφιϐάλλοι,
1500 922 1540 953 εἰς
1563 921 1665 956 πλῆθος
1679 922 1707 948 δὲ
1731 921 1865 958 θεοτήτων

1073 967 1133 998 ταῖς
1153 966 1289 998 ὑπονοίαις
1304 967 1463 1003 ὲκφέροιτο,
1485 966 1596 1003 τοιαύτῃ
1617 967 1777 1003 χρησόμεθα
1797 969 1864 1002 πρὸς

1074 1012 1155 1039 αὑτὸν
1171 1008 1207 1048 ’τῇ
1233 1012 1393 1048 ἀκολουθίᾳ,
1425 1013 1538 1049 πότερον
1566 1013 1669 1040 τέλειον
1697 1014 1713 1049 ἢ
1743 1013 1864 1046 ὲλλειπὲς

1074 1058 1180 1093 ἡγεῖται
1195 1058 1224 1085 τὺ
1236 1058 1322 1085 Θείον.
1331 1058 1384 1086 Τοῦ
1398 1059 1426 1086 δὲ
1439 1059 1509 1086 κατά
1524 1059 1553 1086 τὸ
1563 1059 1636 1092 είκὸς
1648 1060 1696 1096 τὴν
1708 1059 1865 1097 τελειότητα

1074 1104 1347 1140 προσμαρτυροῦντος
1362 1106 1394 1140 τῇ
1409 1104 1469 1141 θείᾳ
1489 1106 1580 1140 φύσει,
1596 1105 1627 1133 τὸ
1642 1106 1686 1132 διὰ
1700 1106 1809 1134 πάντων
1820 1107 1864 1134 αύ-

1073 1147 1119 1175 τδν
1133 1148 1188 1176 τῶν
1199 1148 1423 1185 ὲνθεωρουμένων
1436 1152 1469 1186 τῇ
1483 1151 1588 1186 θεότητι
1601 1151 1703 1178 τέλειον
1715 1153 1865 1188 ἀπαιτήσο-

1075 1203 1141 1232 μαι,
1157 1195 1195 1226 ὡς
1208 1196 1240 1223 ἂν
1259 1196 1295 1232 μὴ
1312 1195 1463 1232 σύμμικτον
1476 1197 1509 1224 ἐκ
1524 1197 1578 1224 τῶν
1597 1197 1723 1225 ἐναντίων
1738 1198 1865 1234 θεωροὴο

1072 1241 1197 1274 τόΘεῖον,
1209 1241 1239 1274 ἐξ
1247 1242 1387 1274 ἑλλειποῦς
1397 1243 1444 1270 καὶ
1453 1243 1567 1270 τελείου.
1585 1243 1655 1270 Ἀλλ’
1667 1244 1722 1271 εἴτε
1733 1245 1803 1271 κατὰ
1814 1244 1864 1280 τὴν

1072 1287 1197 1324 δύναμιν,
1209 1288 1264 1315 εἴτε
1279 1288 1350 1316 κατὰ
1363 1288 1411 1325 τὴν
1422 1289 1469 1316 τοῦ
1484 1289 1588 1325 ἀγαθοῦ
1599 1290 1712 1323 ἔννοιαν,
1722 1290 1778 1318 εἴτε
1792 1291 1865 1318 κατὰ

1073 1334 1103 1361 τὸ
1122 1334 1203 1369 σοφόν
1213 1342 1242 1361 τε
1259 1335 1307 1361 καὶ
1321 1334 1458 1370 ἄφθαρτον
1470 1335 1517 1361 καὶ
1536 1335 1631 1367 ἀΐδιον,
1650 1334 1698 1362 καὶ
1712 1335 1738 1362 εἴ
1757 1343 1784 1362 τι
1800 1335 1865 1362 ἄλλο

1074 1380 1224 1416 θεοπρεπὲς
1243 1380 1331 1415 νόημα
1344 1382 1377 1416 τῇ
1393 1380 1494 1416 θεωρίᾳ
1515 1381 1711 1416 προσκείμενον
1730 1381 1816 1417 τύχοι,
1835 1382 1866 1408 ὲν

1073 1426 1153 1453 παντὶ
1179 1426 1227 1461 τὴν
1250 1426 1407 1462 τελειότητα
1436 1426 1596 1462 θεωρεῖσθαι
1625 1427 1689 1463 περὶ
1716 1428 1765 1463 τὴν
1788 1427 1866 1455 θείαν

1074 1472 1154 1507 φύσιν
1167 1472 1237 1500 κατὰ
1250 1472 1280 1499 τὸ
1292 1472 1402 1508 εὖλογον
1416 1473 1465 1508 τῆς
1476 1472 1634 1505 ἀκολουθίας
1647 1473 1749 1509 ταύτης
1759 1481 1867 1507 συγκα-

1038 860 1058 887 Β

1073 1518 1229 1553 ταθήσεται.
1247 1517 1347 1544 Τούτου
1364 1518 1393 1544 δὲ
1415 1518 1538 1551 δοθέντος
1564 1518 1741 1554 ἡμῖν,οὒκέτι
1765 1518 1798 1546 ἂν
1820 1519 1865 1554 εἴη

1071 1564 1188 1600 χαλεπὸν
1211 1564 1242 1591 τὸ
1263 1564 1461 1599 ἐσκεδασμένον
1486 1564 1535 1600 τῆς
1559 1564 1678 1596 διανοίας
1701 1565 1742 1596 εἰς
1762 1564 1866 1599 πλῆθος

1071 1609 1140 1636 θεῶν
1157 1610 1224 1646 πρὸς
1242 1610 1306 1645 μιᾶς
1322 1609 1448 1645 θεότητος
1469 1611 1646 1646 περιαγαγεῖν
1661 1609 1813 1645 όμολογίαν.
1830 1611 1866 1636 Et

1071 1655 1125 1691 γὰρ
1144 1655 1175 1682 τὸ
1196 1655 1298 1682 τέλειον
1322 1656 1351 1682 ὲν
1375 1656 1455 1683 παντὶ
1471 1656 1528 1692 δοίη
1552 1657 1616 1692 περὶ
1639 1655 1669 1683 τὺ
1684 1656 1867 1693 ὑποκείμενον

1070 1700 1269 1736 ὁμολογεῖσθαι,
1289 1701 1375 1728 πολλὰ
1394 1702 1423 1728 δὲ
1436 1699 1505 1729 εἶναι
1522 1702 1556 1728 τὰ
1573 1702 1664 1729 τέλεια
1686 1702 1730 1730 διὰ
1747 1703 1801 1729 τῶν
1814 1703 1866 1730 αύ-

1070 1747 1123 1773 τῶν
1145 1747 1401 1783 χαρακτηριζόμενα
1413 1747 1487 1782 λέγοι
1500 1756 1506 1763 ·
1530 1747 1637 1784 ἀνάγκη
1653 1749 1728 1776 πᾶσα
1742 1750 1790 1776 ἐπὶ
1808 1749 1866 1777 τῶν

1072 1791 1190 1828 μηδεμιᾷ
1207 1792 1367 1828 παραλλαγῇ
1384 1793 1609 1829 διακρινομένων,
1625 1794 1683 1821 ἀλλ’
1697 1795 1727 1821 ὲν
1742 1796 1799 1827 τοῖς
1811 1796 1865 1822 αὺ-

1069 1838 1126 1869 τοῖς
1141 1837 1334 1874 θεωρουμένων
1345 1858 1353 1870 ,
1378 1838 1395 1874 ἢ
1412 1838 1544 1872 ἐπιδεῖξαι
1556 1840 1585 1867 τὸ
1600 1839 1678 1872 ἴδιον.
1695 1840 1711 1876 ἦ
1735 1841 1759 1867 εί
1777 1842 1866 1878 μηδὲν

1071 1883 1225 1916 ἰδιαζόντως
1243 1884 1389 1911 καταλάϐοι
1409 1885 1425 1921 ὴ
1442 1885 1541 1918 ἔννοια,
1555 1886 1598 1921 ἐφ’
1618 1883 1656 1914 ὧν
1675 1887 1705 1913 τὸ
1723 1886 1866 1923 διακρῖνον

1069 1930 1119 1956 οὐκ
1137 1928 1195 1956 ἐστι
1219 1930 1257 1966 μὴ
1278 1931 1401 1957 ὑπονοεῖν
1423 1931 1474 1967 τὴν
1492 1932 1637 1968 διάκρισιν,
1660 1932 1692 1960 Et
1716 1932 1771 1969 γὰρ
1793 1935 1865 1970 μήτε

1070 1976 1145 2012 παρά
1158 1977 1190 2004 τὺ
1204 1976 1284 2003 πλέον
1298 1977 1345 2004 καὶ
1359 1975 1468 2004 ἔλαττον
1484 1978 1532 2014 τὴν
1546 1978 1678 2016 διαφορὰν
1696 1979 1864 2016 ὲξευρίσκοι,

1069 2022 1136 2049 διότι
1155 2022 1204 2057 τὴν
1221 2022 1368 2049 ἐλάττωσιν
1385 2024 1399 2050 ό
1412 2023 1463 2059 τῆς
1477 2024 1644 2060 τελειότητος
1663 2025 1693 2052 οὺ
1712 2026 1867 2062 παραδέχε-

1069 2076 1113 2094 ται
1133 2067 1210 2101 λόγος
1220 2076 1226 2082 ·
1246 2069 1313 2103 μήτε
1328 2069 1376 2105 τὴν
1391 2070 1467 2106 παρὰ
1481 2070 1511 2097 τὸ
1527 2072 1618 2106 χεῖρον
1634 2072 1682 2099 καὶ
1702 2073 1868 2108 προτιμότε-

1071 2120 1117 2147 ρον
1127 2119 1134 2127 ·
1156 2112 1187 2138 οὐ
1200 2112 1255 2148 γὰρ
1268 2113 1300 2140 ἂν
1322 2113 1361 2141 ἔτι
1379 2114 1505 2151 θεότητός
1518 2125 1559 2147 τις
1574 2116 1650 2153 σχοίη
1665 2116 1810 2152 ὑπόληψιν,
1831 2115 1866 2146 οὗ

1070 2159 1086 2192 ἡ
1105 2156 1152 2184 τοῦ
1172 2157 1291 2195 χείρονος
1304 2160 1353 2186 οὐκ
1375 2161 1471 2188 ἄπεστι
1491 2163 1678 2198 προσηγορίαθ
1700 2164 1768 2199 μήτε
1789 2165 1868 2191 κατὰ

228 2218 282 2238 non
294 2209 451 2237 existimare
462 2215 523 2235 esse
537 2207 743 2234 discretionem.
774 2205 803 2234 Si
828 2207 900 2234 enim
930 2214 1018 2243 neque

1072 2203 1100 2230 τὸ
1114 2205 1226 2239 ἀρχαῖον
1239 2205 1285 2232 καὶ
1298 2207 1467 2242 πρόσφατον·
1482 2208 1513 2234 τὸ
1524 2208 1578 2244 γὰρ
1590 2209 1627 2245 μὴ
1640 2209 1684 2236 ἀεὶ
1693 2210 1732 2242 ὃν,
1746 2210 1799 2244 ἔξω
1811 2212 1868 2247 τῆς

230 2257 258 2283 in
273 2263 305 2283 eo
317 2254 391 2290 quod
421 2258 463 2281 est
478 2254 540 2289 plus
558 2256 605 2279 aut
620 2253 711 2280 minus
735 2253 857 2280 inveniat
889 2253 1018 2281 differen-

231 2302 307 2335 tiam,
325 2301 454 2336 quoniam
476 2299 687 2327 diminutionem
721 2307 774 2327 non
802 2299 921 2326 admittit
949 2300 1018 2328 ratio

230 2347 415 2383 perfectionis,
428 2354 516 2382 neque
527 2346 554 2373 in
573 2353 605 2373 eo
620 2345 693 2380 quod
706 2349 747 2372 est
763 2345 887 2373 deterius
902 2354 934 2372 ac
946 2353 1017 2381 prm-

229 2394 359 2422 stantius.
385 2393 478 2428 Neque
494 2392 665 2420 divinitatem
693 2391 727 2419 de
743 2398 776 2418 eo
795 2391 898 2426 poteris
927 2392 1018 2427 suspi-

227 2441 390 2476 cari,aquo
407 2439 552 2468 deterioris
575 2442 678 2466 remota
708 2446 761 2466 non
789 2443 831 2466 est
857 2439 1013 2474 appellatio.

226 2487 320 2522 Neque
337 2487 363 2513 in
377 2493 410 2513 eo
424 2485 498 2521 quod
523 2489 566 2513 est
594 2485 738 2520 antiquum
768 2489 794 2512 et
813 2492 920 2513 recens.
947 2485 1014 2513 Nam

226 2534 297 2570 quod
313 2541 366 2561 non
383 2540 490 2568 semper
504 2536 554 2564 est,
573 2531 696 2559 divinum
724 2539 779 2558 non
801 2535 891 2566 potest
919 2532 1015 2560 existi-

226 2579 306 2607 mari.
331 2578 384 2607 Sed
404 2578 426 2606 si
451 2585 505 2606 una
529 2581 570 2605 est
583 2582 610 2604 et
624 2577 718 2604 eadetn
746 2576 816 2604 ratio
845 2577 1012 2611 divinitatis;

225 2634 286 2654 eum
311 2626 385 2653 nulla
416 2625 443 2652 in
464 2625 520 2652 ullo
547 2623 702 2652 inveniatur
728 2624 896 2659 proprietas,
926 2628 956 2651 ut
972 2629 1016 2652 est

225 2677 462 2702 consentaneum;
491 2677 605 2698 necesse
620 2674 662 2697 est
690 2669 803 2697 omnino
832 2674 862 2697 ιη
881 2670 1015 2697 aberrans

224 2722 251 2746 et
266 2718 334 2746 falsa
347 2718 381 2746 de
399 2716 575 2745 multitudine
591 2715 705 2744 deorum
723 2715 868 2751 phantasia
895 2716 1016 2750 compel-

225 2766 298 2792 latur
323 2764 356 2793 ad
384 2763 566 2792 confitendam
599 2770 680 2790 unam
699 2762 882 2790 divinitatem.
901 2761 971 2790 Nam
990 2763 1014 2790 si

1067 2251 1132 2287 περὶ
1147 2251 1177 2278 τὸ
1189 2251 1269 2286 βεῖόν
1291 2252 1365 2279 ἐστιν
1383 2253 1543 2289 ὑπολήψεως
1553 2263 1559 2270 ·
1583 2254 1641 2281 ἀλλ’
1660 2253 1700 2287 εἷς
1716 2256 1761 2283 καὶ
1781 2257 1796 2283 ὁ
1810 2259 1869 2284 αὐ-

1066 2298 1112 2330 τὸς
1125 2298 1175 2334 τῆς
1191 2299 1316 2334 θεότητος
1335 2299 1422 2334 λόγος,
1437 2300 1566 2336 οὐδεμιᾶς
1581 2301 1712 2338 ἰδιότητος
1729 2304 1759 2330 ὲν
1773 2304 1870 2333 οὐδενὶ

1067 2345 1138 2372 κατά
1153 2345 1184 2371 τὸ
1203 2345 1312 2380 εὔλογον
1329 2346 1542 2383 εὑρισκομένηςο
1564 2348 1670 2384 ἀνάγκη
1696 2350 1770 2377 πᾶσα
1791 2352 1870 2387 πρὸς

1069 2394 1133 2428 μιᾶς
1152 2393 1277 2429 θεότητος
1296 2393 1441 2429 ὁμολογίαν
1463 2395 1638 2431 συνθλιὸῆναι
1653 2396 1703 2432 τὴν
1722 2397 1871 2434 πεπλανη-

1070 2439 1154 2475 μένην
1179 2439 1244 2476 περὶ
1267 2439 1313 2467 τοῦ
1339 2440 1459 2476 πλήθους
1481 2441 1536 2468 τῶν
1558 2442 1627 2470 θεῶν
1651 2443 1810 2478 φαντασίαν.
1833 2445 1870 2472 Εἰ

1067 2485 1122 2521 γὰρ
1142 2486 1172 2512 τὸ
1189 2486 1289 2520 ἀγαθὸν
1304 2487 1352 2513 καὶ
1364 2487 1394 2513 τὸ
1407 2486 1520 2522 δίκαιον,
1532 2489 1563 2514 τό
1575 2497 1604 2515 τε
1621 2489 1702 2524 σοφὸν
1715 2489 1762 2516 καὶ
1772 2490 1803 2516 τὺ
1817 2491 1872 2518 δυο

1068 2532 1146 2560 νατδν
1165 2532 1295 2563 ὡσαύτως
1309 2532 1422 2567 λέγοιτο,
1441 2533 1457 2568 ἧ
1470 2541 1500 2559 τε
1516 2533 1653 2570 άφθαρσία
1669 2535 1715 2562 καὶ
1730 2535 1870 2572 ἀῑδιότης⁹

1068 2579 1115 2606 καὶ
1132 2579 1207 2605 πᾶσα
1229 2578 1344 2614 εὐσεϐὴς
1365 2578 1483 2611 διάνοια,
1509 2579 1581 2607 κατὰ
1596 2579 1641 2607 τὸν
1662 2581 1743 2608 αὑτὸν
1765 2582 1871 2616 ὁμολο-

1069 2627 1143 2660 γοῖτο
1168 2625 1283 2660 τρόπον·
1310 2625 1400 2661 πάσης
1422 2626 1492 2654 κατά
1511 2627 1603 2655 πάντα
1627 2627 1705 2662 λόγον
1730 2626 1871 2665 διαφορᾶς

1069 2671 1288 2707 ὑφαιρουμένης,
1311 2673 1516 2708 συναφαιρεῖται
1531 2674 1592 2700 κατ’
1617 2674 1741 2710 ἀνάγκην
1757 2674 1788 2701 τὺ
1808 2676 1872 2705 τῶν

1070 2717 1138 2745 θεῶν
1156 2717 1258 2753 πλῆθος
1275 2717 1329 2744 άπὸ
1342 2718 1388 2745 τοῦ
1400 2718 1544 2755 δόγματος,
1557 2720 1608 2755 τῆς
1620 2721 1665 2748 διὰ
1676 2721 1784 2749 πάντων
1798 2731 1873 2750 ταυ-

1068 2763 1190 2799 τότητος,
1205 2763 1245 2795 είς
1260 2762 1289 2789 τὸ
1305 2762 1334 2790 ἒν
1350 2763 1381 2790 τὸ
1392 2763 1479 2799 δόγμα
1492 2764 1540 2800 τὴν
1555 2765 1647 2794 πίστιν
1662 2766 1872 2802 περιαγούσης,

224 2811 333 2839 bonitas
345 2813 371 2839 et
383 2810 504 2846 iustitia,
527 2810 718 2846 sapientiaque
733 2813 760 2837 et
774 2809 895 2845 potentia
931 2809 1058 2838 similiter
1075 2814 1102 2838 et
1116 2809 1211 2838 eodem
1233 2811 1313 2839 modo
1328 2810 1439 2843 dicitur,
1456 2811 1682 2849 incorruptioque
1698 2818 1725 2842 et
1750 2817 1872 2843 aeterni-

224 2863 275 2891 tas,
301 2860 446 2895 onmisque
476 2866 553 2887 mens
571 2859 615 2894 pia
645 2859 741 2887 eodem
774 2857 856 2885 modo
881 2858 1046 2886 confitetur:
1070 2859 1144 2887 omni
1169 2858 1291 2894 qualibet
1313 2859 1419 2887 ratione
1450 2860 1557 2889 sublata
1580 2860 1751 2897 differentia,
1776 2863 1871 2892 simul
