1954 3081
101 170 134 199 13
708 175 838 205 ORATIO
859 177 1106 208 CATECHETICA.
1689 185 1722 212 Η

101 228 253 256 necessario
279 229 388 257 tollitur
411 237 426 256 ιι
452 230 579 266 dogmate
611 233 723 262 deorum
747 236 903 269 multitudo,
930 245 992 264 cum
1012 245 1072 273 quze
1090 242 1132 265 cst
1156 246 1202 273 per
1224 240 1325 271 omnia,
1351 244 1379 267 ut
1402 241 1439 267 ita
1463 240 1567 272 dicam,
1595 239 1722 268 identitas

101 276 179 303 ﬁdem
195 275 229 302 ad
244 283 333 303 unum
355 277 452 312 dogma
466 278 592 308 deducat.

395 322 519 350 ΚΕΦΑΛ.
545 325 584 351 A’.

138 364 208 391 Ἀλλ’
223 365 319 401 ἐπειδὴ
336 367 384 393 καὶ
401 368 415 394 ὁ
429 369 479 402 τῆς
501 367 641 400 εὐσεϐείας
661 368 739 404 λόγος
754 369 807 398 οἶδέ
828 381 888 399 τινα

95 411 230 446 διάκρισιν
245 412 422 439 ὑποστάσεων
438 414 467 440 ὲν
478 415 512 449 τῇ
528 414 631 450 ὲνότητι
646 415 694 451 τῆς
709 416 815 451 φύσεως
828 417 888 453 βλέ-

97 465 168 487 πειν,
182 456 220 489 ὡς
237 459 270 484 ἂν
286 458 323 493 μὴ
339 460 371 494 τῇ
389 459 456 494 πρὸς
477 461 539 491 τοὺς
557 460 691 497 ’Έλληνας
712 463 795 499 μάχῃ,
820 465 888 499 πρὸς

95 502 139 527 τὸν
154 503 321 537 Ίουδαῖσμὺν
332 505 396 539 ἡμῖν
410 505 424 531 ό
436 505 513 539 λόγος
525 507 693 544 ὑπενεχθείη,
709 510 788 536 πάλιν
802 520 887 546 προσ-

95 548 156 582 ήκει
183 548 308 584 διαστολῇ
336 558 389 576 τινι
420 553 546 586 τεχνικῇ,
573 554 619 580 καὶ
642 554 690 589 τὴν
719 557 781 591 περὶ
809 557 887 584 τοῦτο

95 593 199 629 πλάνην
215 595 467 629 ἐπανορθώσασθαι.
485 598 552 624 Οὐδὲ
564 598 618 635 γὰρ
632 602 688 632 τοῖς
703 601 754 633 ἔξω
765 601 811 628 τοῦ
825 603 885 629 καθ’

95 641 172 675 ἡμεῖς
194 640 328 675 δόγματος
352 642 447 676 ἄλογον
465 640 533 670 εἶναι
552 644 582 670 τὸ
604 646 680 672 Θεῖον
704 647 884 683 ὑπείληπται·

94 684 177 711 τοῦτο
192 685 219 711 δὲ
239 686 305 721 παρ’
325 687 436 714 ἐκείνων
455 688 670 724 ὁμολογούμενον
693 691 792 724 ἱκανῶς
809 693 885 729 διαρο

93 729 193 764 ϐρώσει
218 730 265 757 τὸν
282 731 416 767 ἡμέτερον
438 733 526 767 λόγον.
557 734 586 761 '0
608 735 660 771 γὰρ
685 737 822 772 ὁμολογῶν
848 739 885 774 μὴ

93 775 188 808 ἄλογον
207 774 276 802 εἶναι
297 777 342 803 τὸν
357 777 439 810 Θεὸν,
457 779 564 811 πάντως
586 780 664 814 λόγον
687 781 757 817 ἔχειν
779 783 824 809 τὸν
847 784 885 820 μὴ

93 821 188 855 ἄλογον
210 821 455 857 συγκαταθήσεται.
488 823 568 851 Ἀλλὰ
585 825 637 861 μὴν
650 826 818 862 ἀνθρώπινος
839 830 885 865 ὁμ-

91 866 208 901 ωνύμως
222 866 431 902 λέγεταιλόγος.“
441 869 543 896 οὐκοῦν
552 870 574 896 εἰ
584 868 656 904 λέγοι
667 871 727 898 καθ’
737 873 884 908 ὁμοιότητα

92 911 144 938 τῶν
165 912 228 947 παρ’
240 914 306 948 ἡμῖν
318 914 365 940 καὶ
379 914 425 940 τὸν
440 914 486 942 τοῦ
502 915 568 943 Θεοῦ
583 917 715 952 ὑπονοεῖν,
731 919 801 946 οὕτω
820 929 884 956 μετ-

92 958 240 992 αχθήσεται
262 958 330 994 πρὸς
348 959 397 995 τὴν
411 959 576 996 ὑψηλοτέραν
596 962 737 998 ὑπόληψιν.
766 965 883 1001 Ἀνάγκη

91 1003 145 1038 γὰρ
165 1004 238 1030 πᾶσα
257 1004 424 1040 κατάλληλον
440 1003 510 1032 εἶναι
524 1008 661 1041 πιστεῦειν
684 1010 717 1044 τῇ
741 1009 820 1043 quast
837 1011 883 1038 τὸν
899 1010 920 1038 Β

91 1047 179 1081 λόγον,
195 1049 234 1080 ὼς
250 1049 297 1075 καὶ
315 1050 350 1076 τὰ
366 1050 432 1077 ἄλλα
447 1052 545 1079 πάντα.
564 1053 617 1080 Καὶ
633 1054 686 1090 γὰρ
704 1054 819 1090 δύναμίς
839 1064 881 1089 τις

90 1091 137 1118 καὶ
155 1091 223 1127 ζωὴ,
242 1093 289 1119 καὶ
307 1093 398 1128 σοφία,
421 1096 483 1130 περὶ
497 1096 527 1122 τὺ
544 1096 712 1132 ἀνθρώπινον
735 1099 878 1134 βλέπεται·

90 1137 158 1163 ἀλλὰ
177 1138 228 1163 οὐκ
251 1138 285 1165 ἄν
309 1147 351 1170 τις
375 1140 407 1166 ὲκ
431 1140 480 1176 τῆς
500 1142 658 1177 ὁμωνυμίας
683 1144 811 1180 τοιαύτην
833 1144 880 1172 καὶ

90 1183 137 1208 ἐπὶ
155 1183 202 1209 τοῦ
220 1183 287 1210 Θεοῦ
312 1183 361 1219 τὴν
376 1183 458 1220 ζωὴν,
478 1186 494 1218 ἣ
508 1187 556 1222 τὴν
572 1187 702 1223 δύναμιν,
726 1189 742 1224 ἢ
768 1189 815 1225 τὴν
834 1199 878 1217 σο-

89 1228 154 1260 φίαν
169 1229 427 1264 ὑπονοήσειενηὰλλὰ
440 1232 507 1265 πρὸς
521 1231 551 1258 τὸ
563 1232 612 1267 τῆς
629 1233 734 1267 φύσεως
748 1235 797 1269 τῆς
812 1235 878 1270 ἡμε-

89 1273 171 1308 τέρας
200 1274 315 1309 μέτρον,
343 1276 578 1303 σίινταπεινοῦνται
609 1278 636 1304 αἱ
671 1279 724 1305 τῶν
752 1280 878 1308 τοιούτων

87 1320 228 1355 ὀνομάτων
239 1321 379 1355 ἐμφάσεις.
398 1321 505 1357 Ἐπειδὴ
517 1313 571 1358 γῖὶρ
581 1323 687 1360 φθαρτὴ
698 1325 745 1351 καὶ
760 1326 876 1361 ἀσθενὴς

88 1365 169 1400 ἡμῶν
184 1366 205 1399 ἡ
216 1365 306 1398 φύσις,
316 1365 359 1391 διὰ
369 1365 448 1392 τοῦτο
460 1360 603 1402 ὠκύμορος
614 1369 630 1403 ἡ
641 1369 707 1404 ζωὴ,
723 1360 876 1398 ἀνυπόστα-

85 1419 134 1441 τος
149 1412 169 1446 ἡ
185 1410 306 1446 δύναμις,
331 1411 438 1447 ἀπαγὴς
454 1413 468 1438 ὸ
484 1412 571 1447 λόγος.
596 1414 658 1440 Ἐπὶ
680 1415 708 1441 δὲ
728 1416 776 1450 τῆς
791 1416 876 1451 ὑπερ-

86 1457 223 1491 κειμένης
235 1456 336 1491 φύσεως
351 1457 389 1492 τῷ
405 1458 540 1494 μεγαλείῳ
560 1458 608 1485 τοῦ
623 1459 809 1495 θεωρουμένου
821 1463 876 1489 πᾶν

85 1502 116 1528 τὸ
133 1502 200 1536 περὶ
216 1501 298 1536 αὑτὴν
316 1502 461 1537 λεγόμενον
486 1505 688 1540 συνεπαίρεται.
706 1506 810 1533 Οὐκοῦν
824 1507 876 1534 κᾶν

88 1547 124 1573 Ad
131 1555 174 1581 re;
189 1547 258 1574 Θεθῦ
274 1548 397 1583 λέγηται,
414 1549 463 1575 οὐκ
479 1549 508 1575 ἐν
522 1550 554 1585 τῇ
570 1551 641 1586 ὁρμῇ
659 1550 705 1577 τοῦ
726 1551 877 1587 φθεγγομέ-

85 1602 131 1620 νου
156 1594 206 1620 καὶ
228 1594 278 1629 τὴν
303 1594 451 1621 ὑπόστασιν
477 1595 548 1630 ἔχειν
573 1596 786 1631 νομισθήσεται,
816 1597 876 1624 καθ’

85 1640 232 1675 ὁμοιότητα
248 1639 295 1666 τοῦ
309 1640 442 1675 ἡμετέρου
458 1640 623 1675 μεταχωρῶν
637 1641 676 1673 εἰς
692 1640 873 1678 ἀνύπαρκτον.

1257 328 1371 357 CAPUT
1387 331 1406 358 Ι.

974 394 1027 423 Sed
1041 396 1169 431 quoniam
1201 397 1309 431 pietatis
1327 399 1395 425 ratio
1419 399 1471 427 scit
1490 400 1570 428 etiam
1600 400 1720 436 aliquam

939 440 1135 476 bypostaseon,
1150 449 1199 470 seu
1221 443 1460 471 subsistentiarum
1481 453 1512 472 ac
1540 454 1720 481 personarum

937 493 1050 513 cernere
1063 486 1242 514 diil‘erentiam
1259 487 1286 514 in
1303 489 1408 516 unitate
1425 495 1581 523 naturm,ne
1593 492 1657 519 dum
1673 492 1723 519 ad-

937 539 1032 558 versus
1047 530 1156 560 Grarccs
1173 533 1371 569 depugnamus,
1391 535 1424 562 ad
1440 534 1609 564 Judaismum
1627 542 1719 565 nostra

937 576 1089 604 deducatur
1101 579 1199 609 oratio,
1211 587 1309 607 rursus
1325 582 1451 608 convenit
1465 582 1613 611 artiﬁciosa
1628 585 1720 620 aliqua

937 621 1112 651 distinctione
1126 624 1185 658 ejus
1197 625 1236 652 rei
1247 633 1368 653 errorem
1381 627 1527 662 corrigere.
1539 627 1631 663 Neque
1647 630 1718 658 enim

937 667 954 694 ii
968 669 1014 702 qui
1029 676 1043 695 a
1059 673 1154 697 nostro
1169 670 1294 706 dogmate
1310 676 1374 699 sunt
1391 673 1483 705 alieni,
1511 673 1595 701 Deum
1623 675 1719 702 existi-

936 718 1046 740 marunt
1062 723 1157 743 carere
1174 717 1298 745 ratione:
1314 718 1366 745 hoc
1379 722 1469 746 autem
1487 719 1558 754 quod
1576 720 1614 747 illi
1632 720 1719 748 faten-

935 762 981 786 tur
1002 760 1115 788 verbum
1136 767 1260 790 nostrum
1283 764 1352 791 satis
1376 765 1522 798 explicabit
1537 769 1565 794 et
1582 766 1718 794 ostendet.

934 805 1001 833 Nam
1015 807 1061 841 qui
1076 806 1176 835 fatetur
1190 807 1273 836 Deum
1297 817 1351 837 non
1370 817 1465 837 carere
1494 811 1609 844 ratione,
1627 811 1718 838 omni-

935 859 970 879 no
986 853 1166 886 assentietur,
1183 862 1244 881 eum
1264 856 1310 890 qui
1327 863 1380 883 non
1397 861 1473 884 caret
1485 857 1602 888 ratione,
1619 857 1719 884 habere

935 898 1080 926 rationem.
1097 899 1179 934 Atqui
1202 900 1320 928 humana
1339 909 1447 937 quoque
1471 903 1542 930 ratio
1579 903 1718 938 :equivoce

936 943 1049 972 dicitur.
1066 944 1094 972 Si
1111 953 1176 980 ergo
1189 946 1264 973 dicat
1281 953 1311 974 se
1334 948 1467 976 rationem
1487 953 1514 976 et
1529 949 1648 977 Verbum
1672 951 1717 978 in~

932 990 1056 1026 telligere
1084 991 1118 1017 ad
1138 991 1343 1020 similitudinem
1361 1001 1457 1021 eorum
1473 1001 1533 1028 qum
1547 999 1611 1022 sunt
1621 995 1649 1022 in
1667 1003 1717 1022 no-

934 1035 987 1068 bis,
1017 1036 1058 1063 sie
1091 1037 1125 1064 ad
1154 1037 1340 1065 sublimiorem
1367 1038 1516 1066 deducetur
1547 1040 1715 1075 opinionem.

934 1081 1052 1110 Omnino
1070 1083 1141 1110 enim
1158 1090 1270 1111 necesse
1283 1088 1325 1112 est
1350 1089 1380 1111 ut
1395 1085 1487 1112 credat
1502 1085 1635 1114 rationem
1654 1093 1716 1114 esse

935 1132 1043 1156 naturae
1060 1134 1265 1164 congruentem.
1283 1133 1312 1157 ut
1326 1134 1353 1158 et
1365 1130 1417 1157 alia
1432 1132 1532 1159 omnia.
1549 1131 1616 1158 Nam
1629 1136 1655 1160 et
1673 1132 1715 1159 vis

933 1173 1057 1208 quaedam
1074 1179 1102 1202 et
1116 1174 1183 1208 vita,
1198 1179 1225 1202 et
1252 1175 1384 1210 sapientia
1404 1176 1526 1204 cernitur
1553 1177 1580 1204 in
1594 1176 1714 1204 homini-

932 1218 996 1250 bus,
1010 1218 1056 1246 sed
1075 1227 1108 1246 ex
1127 1219 1301 1256 homonymia
1315 1229 1396 1248 nemo
1415 1222 1613 1250 existimaverit
1632 1223 1713 1250 talem

933 1263 960 1291 iu
978 1264 1031 1291 Deo
1043 1272 1104 1292 esse
1121 1264 1214 1296 vitam,
1233 1269 1280 1292 aut
1295 1266 1360 1298 vim,
1392 1271 1439 1294 aut
1467 1267 1640 1302 sapientiam,
1666 1267 1713 1296 sed

931 1316 981 1344 pro
994 1309 1075 1336 modo
1107 1314 1208 1338 nostra;
1235 1315 1339 1338 natura:
1357 1320 1411 1339 una
1440 1313 1520 1339 etiam
1551 1313 1714 1348 deprimitur

930 1355 1070 1389 emphasis
1087 1356 1243 1390 huiusmodi
1257 1357 1409 1385 nominum.
1424 1358 1558 1391 Quoniam
1581 1359 1654 1386 enim
1671 1360 1714 1386 in~

931 1401 1023 1428 tcritui
1051 1402 1168 1428 obnoxia
1187 1406 1214 1430 et
1235 1403 1369 1430 imbecilla
1397 1408 1441 1432 est
1471 1409 1566 1432 nostra
1596 1410 1712 1438 natura,

931 1451 1074 1481 propterea
1092 1448 1182 1475 brevis
1205 1453 1249 1476 est
1264 1449 1329 1480 vita.
1348 1450 1445 1485 visque
1471 1459 1532 1485 qum
1551 1460 1605 1480 non
1623 1456 1714 1488 potest

930 1494 1090 1526 consistere,
1107 1499 1135 1522 et
1155 1503 1245 1523 sermo
1260 1504 1314 1523 non
1330 1497 1445 1525 stabilis.
1470 1497 1498 1524 In
1513 1506 1639 1533 suprema
1662 1507 1712 1527 au-

930 1546 982 1570 tem
998 1547 1108 1574 natura,
1127 1549 1188 1569 cum
1205 1543 1392 1577 magnitudine
1406 1543 1466 1577 ejus
1488 1545 1560 1579 quod
1584 1547 1711 1574 conside-

930 1591 1016 1618 ratur,
1038 1588 1168 1622 quidquid
1183 1588 1216 1615 de
1231 1595 1260 1614 ea
1274 1588 1385 1622 dicitur,
1398 1589 1479 1617 simul
1494 1591 1640 1620 extollitur.
1655 1591 1714 1620 Etsi

929 1640 996 1667 ergo
1011 1633 1111 1660 dicitur
1129 1632 1174 1659 Dei
1193 1633 1322 1664 Verbum.
1339 1635 1418 1665 ratio,
1431 1640 1479 1662 aut
1493 1643 1594 1669 sermo,
1611 1637 1634 1665 is
1656 1645 1710 1665 non

91 1686 159 1711 ’Δὶ-λ’
180 1685 276 1720 ὥσπερ
298 1686 315 1720 ἡ
340 1684 460 1720 ἡμετέρα
481 1685 560 1719 φύσις
583 1685 714 1721 ὲπίκηρος
738 1685 816 1720 οὖσα,
831 1688 877 1715 καὶ

931 1678 957 1705 in
972 1679 1072 1713 impetu
1088 1679 1149 1713 ejus
1164 1680 1238 1714 quod
1252 1680 1353 1707 dicitur
1372 1682 1523 1709 consistere
1541 1682 1711 1710 existimabi-

86 1731 217 1765 ἐπίκηρον
235 1731 281 1756 τὸν
300 1730 379 1764 λόγον
396 1731 467 1766 ἔχει·
487 1730 572 1762 οὕτως
589 1732 605 1766 ἡ
619 1731 757 1768 ἄφθαρτος
773 1734 819 1760 καὶ
834 1733 877 1760 ἀεὶ

86 1775 190 1802 ἑστῶσα
206 1775 287 1809 φύσις
298 1796 305 1806 .
323 1775 408 1802 ἀΐδιον
425 1776 480 1811 ἔχει
498 1777 545 1803 καὶ
561 1777 704 1811 ὑφεστῶτα
720 1778 765 1805 τδν
786 1778 874 1813 λόγον.

75 1814 118 1848 ’1ἰὶ
133 1822 166 1856 δὴ
184 1821 263 1847 τοῦτο
283 1821 355 1848 κατὰ
377 1821 408 1847 τὸ
424 1822 570 1848 ἀκόλουθον
587 1822 766 1858 ὁμολογηθείη
781 1824 810 1850 τὺ
825 1824 876 1858 se.

84 1867 196 1893 εστὰναι
209 1866 256 1893 τὸν
270 1867 318 1893 τοῦ
335 1867 403 1894 Θεοῦ
416 1868 499 1901 Λόγον
513 1868 620 1900 ἀϊδίως,
636 1868 742 1903 ἀνάγκη
754 1870 828 1896 πᾶσα
847 1869 876 1896 ὲν

86 1911 141 1946 ξιτῇ
165 1911 213 1938 τοῦ
235 1912 323 1946 Λόγου
349 1912 397 1946 τὴν
417 1912 563 1938 ὑπόστασιν
586 1910 656 1939 εἶναι
671 1914 821 1948 ὁμολογεῖν.
837 1915 874 1942 Οὺ

85 1955 138 1991 γὰρ
154 1956 217 1983 mi)‘
230 1958 374 1992 ὁμοιότητα
387 1958 441 1984 τῶν
455 1957 535 1984 λίθων
548 1958 658 1993 ἀψύχως
670 1959 817 1993 ὑφεστάναι
831 1960 876 1987 τὸν

85 2001 188 2035 Λόγον,
217 2002 310 2036 εὐαγές
337 2004 411 2029 ἐστιν
442 2003 555 2030 οἴεσθαι.
590 2003 659 2030 Ἀλλ’
687 2005 710 2030 εἰ
739 2004 876 2038 ὑφέστηκε

84 2049 180 2083 νοερόν
195 2057 220 2074 τι
235 2050 328 2084 χρῆμα
342 2048 391 2075 καὶ
405 2048 549 2083 ἀσώματον
561 2049 601 2080 ὃν,
616 2048 649 2084 ζῇ
670 2049 787 2081 πάντως.
802 2050 833 2075 Εἰ
846 2049 875 2076 δὲ

84 2092 128 2119 τοῦ
142 2093 194 2129 ζῇν
209 2094 384 2129 κεχώρισται,
395 2094 455 2120 οὐδὲ
469 2095 498 2120 ὲν
509 2095 656 2121 ὑποστάσει
668 2095 776 2126 πάντως
790 2095 874 2122 ἐστίν.

90 2138 169 2165 ’Λλλὰ
198 2139 251 2174 μὴν
275 2139 372 2171 ἀσεϐὲς
399 2140 546 2175 ἀπεδείχθη
569 2140 614 2166 τὸν
634 2140 682 2167 τοῦ
705 2139 778 2166 Θεοῦ
789 2140 875 2175 Λόγον

82 2185 270 2211 ἀνυπόστστον
295 2183 375 2212 εἶναι.
403 2185 507 2212 Οὐκοῦν
527 2186 726 2222 ⁴σιιναπεδείχϐη
754 2187 824 2213 κατὰ
845 2187 876 2213 τὸ

82 2231 231 2258 ἀκόλουθον
245 2231 275 2257 τὸ
296 2232 325 2258 ὲν
347 2233 380 2267 τῇ
395 2233 450 2267 ζωῇ
468 2232 560 2259 τοῦτον
581 2233 742 2268 θεωρεῖσθαι
757 2233 802 2259 τὸν
823 2233 875 2259 Λό-

79 2284 135 2308 γον.
157 2276 263 2311 ’Δπλῆς
278 2277 308 2303 δὲ
321 2277 370 2313 τῆς
384 2277 430 2304 τοῦ
443 2277 530 2311 Λόγου
544 2277 650 2312 φύσεως
667 2278 736 2304 κατὰ
756 2278 785 2304 τὸ
802 2278 874 2310 εἰκὸς

80 2319 148 2347 εἶναι
167 2322 400 2357 πεπιστευμένης,
413 2323 461 2349 καί
476 2323 603 2358 οὐδεμίαν
619 2323 730 2359 διπλόην
744 2325 791 2350 καὶ
811 2325 873 2351 σύν-

81 2366 154 2393 θεσιν
171 2367 201 2393 ἑν
216 2368 299 2403 ἑαυτῇ
317 2368 500 2403 δεικνυούσης,
517 2369 606 2396 οὐκέτι
617 2369 650 2396 ἄν
667 2378 708 2401 τις
725 2369 794 2396 κατὰ
808 2378 873 2405 μετ-

78 2411 174 2438 ουσίαν
197 2411 270 2447 ζωῆς
288 2413 318 2438 ὲν
337 2414 392 2450 ζωῇ
412 2414 524 2450 θεωροίη
544 2415 589 2442 τὸν
605 2415 699 2449 Λόγον.
714 2416 750 2442 Οὐ
764 2416 818 2451 γὰρ
839 2416 872 2443 ἂν

80 2458 156 2490 ἐκτὸς
180 2459 222 2493 εἴη
246 2459 398 2492 συνθέσεως
413 2461 429 2496 ἡ
445 2460 556 2495 τοιαύτη
574 2460 716 2497 ὑπόληψις,
735 2461 766 2488 τὺ
781 2462 872 2497 ἕτερον

80 2503 107 2530 ὲν
120 2504 212 2539 ἑτέρῳ
223 2504 312 2538 λέγειν
330 2504 413 2532 εἶναι·
426 2505 494 2532 ἀλλὰ
508 2506 614 2542 ἀνάγκη
631 2508 706 2533 πᾶσα
724 2507 773 2542 τῆς
788 2507 872 2534 ἁπλό-

80 2557 159 2584 τητος
187 2549 423 2585 ὁμολογουμένης.
455 2550 593 2586 αὖτοζωὴν
619 2549 687 2577 εἶναι
709 2551 755 2578 τὸν
785 2552 871 2586 Λόγον

78 2594 199 2627 οἴεσθαι,
220 2595 251 2621 οὐ
274 2594 347 2630 ζωῆς
367 2595 520 2630 μετουσίαν.
542 2595 574 2622 Et
596 2593 642 2623 οὖν
664 2596 696 2631 ζῇ
711 2596 725 2622 ό
738 2596 832 2631 Λόγος,
856 2597 871 2623 ὁ

79 2639 134 2675 ζωὴ
148 2640 198 2673 ὦν,
216 2641 262 2668 καὶ
275 2641 470 2676 προαιρετικὴν
484 2641 599 2676 δύναμιν
616 2641 673 2676 ἔχει
687 2641 803 2673 πάντως.
819 2642 871 2668 Οὑ-

78 2685 120 2712 δὲν
140 2688 196 2722 γὰρ
214 2687 398 2723 ἀπροαίρετον
413 2687 467 2714 τῶν
483 2687 591 2719 ζώντων
607 2688 674 2713 ἐστί.
690 2687 745 2722 Τὴν
763 2687 792 2714 δὲ
807 2696 871 2722 προ-

79 2731 182 2767 αίρεσιν
196 2733 299 2768 ταύτην
312 2733 359 2759 καὶ
373 2733 489 2768 δυνατὴν
503 2731 573 2760 εἶναι
590 2733 659 2759 κατὰ
672 2733 701 2759 τὸ
711 2733 868 2765 ἀκόλουθον,

79 2777 188 2810 εὒσιὸἐς
207 2779 268 2805 ἐστι
282 2778 448 2812 λογίζεσθαι.
468 2778 500 2805 El
521 2778 575 2814 γὰρ
593 2779 630 2813 μή
647 2787 688 2810 τις
709 2778 739 2804 τὸ
757 2779 869 2805 δυνατὸν

78 2823 229 2860 ὁμολογοίη,
241 2825 274 2851 τὸ
289 2824 419 2851 ἀδύνατον
431 2825 540 2856 πάντως
557 2824 765 2851 κατασκευάσει.
790 2824 868 2850 Ἀλλὰ

80 2869 130 2904 μὴν
152 2871 245 2906 πόρρω
268 2870 320 2905 τῆς
332 2870 397 2905 περὶ
421 2870 451 2897 τὸ
474 2870 551 2897 Θεῖον
570 2869 732 2905 ὑπολήψεώς
754 2870 812 2897 ἔστι
836 2869 867 2896 τὸ

929 1727 984 1753 tur.
998 1724 1031 1751 ad
1047 1725 1133 1752 nostri
1153 1725 1370 1758 similitudinem,
1390 1727 1422 1754 ad
1439 1727 1491 1754 hoc
1514 1728 1651 1756 transiens
1678 1734 1708 1756 ut

928 1776 983 1796 non
1001 1771 1045 1797 sit.
1066 1770 1119 1797 Sed
1135 1771 1273 1806 quomodo
1285 1775 1379 1799 nostra
1395 1777 1503 1804 natura,
1521 1780 1583 1800 cum
1605 1773 1632 1801 in
1645 1781 1706 1801 eam

928 1815 1005 1843 cadat
1021 1816 1159 1848 interitus,
1174 1825 1328 1845 sermonem
1344 1825 1453 1853 quoque
1465 1819 1547 1847 habet
1561 1820 1607 1855 qui
1626 1821 1710 1848 inter-

927 1857 1011 1887 it:ita
1029 1864 1126 1888 natura
1146 1861 1173 1888 in
1193 1869 1274 1897 quam
1288 1870 1342 1890 non
1360 1863 1433 1891 cadit
1450 1864 1587 1898 interitus,
1609 1870 1636 1894 et
1650 1873 1710 1901 qum

927 1913 1037 1941 semper
1056 1910 1121 1940 stat,
1140 1911 1274 1935 internum
1291 1908 1373 1936 etiam
1391 1909 1472 1937 habet
1495 1918 1658 1945 sermonem,
1681 1917 1710 1939 et

927 1953 972 1988 qui
990 1953 1129 1982 consistit.
1145 1953 1221 1986 Quod
1235 1954 1257 1981 si
1271 1954 1322 1981 hoc
1337 1962 1370 1982 ex
1385 1957 1561 1990 consequenti
1576 1957 1709 1985 constite-

928 1999 961 2025 rit
973 1998 1019 2026 Dei
1035 1999 1153 2026 Verbum
1182 1999 1378 2034 sempiternum
1407 2001 1569 2034 consistere,
1594 2010 1707 2031 necesse
1751 2023 1754 2026 ι

926 2048 969 2071 est
984 2044 1096 2071 omnino
1113 2044 1192 2071 fateri
1206 2044 1234 2070 in
1252 2044 1307 2071 vita
1326 2044 1406 2072 Verbi
1422 2052 1483 2073 esse
1501 2046 1659 2082 bypostasin
1674 2056 1706 2075 ac

926 2090 1116 2116 substantiam.
1133 2089 1214 2118 Nefas
1229 2094 1271 2117 est
1287 2090 1358 2117 enim
1382 2096 1476 2125 putare
1501 2092 1617 2120 Verbum
1637 2094 1705 2122 citra

927 2136 1045 2162 animam
1061 2136 1214 2164 consistere
1239 2136 1327 2164 instar
1344 2137 1474 2171 lapidum.
1494 2138 1545 2166 Sed
1565 2139 1588 2167 si
1614 2140 1707 2168 consi-

924 2181 983 2211 stit.
1001 2181 1113 2216 utquod
1125 2180 1160 2208 sit
1172 2189 1215 2209 res
1229 2182 1354 2217 qumdam
1372 2182 1528 2218 intelligens
1545 2188 1572 2212 ct
1584 2185 1707 2221 incorpo-

900 2243 908 2251 .
925 2234 982 2258 rea,
995 2227 1062 2254 vivit
1076 2227 1199 2254 omnino.
1217 2227 1264 2255 Sin
1281 2232 1371 2256 autem
1387 2233 1429 2256 est
1443 2236 1456 2255 a
1473 2229 1527 2256 vita
1538 2235 1706 2265 separatum,

925 2281 958 2300 ne
975 2273 1086 2301 omnino
1103 2273 1211 2308 quidem
1229 2275 1365 2303 consistit.
1392 2276 1474 2310 Atqui
1506 2276 1620 2311 impium
1644 2285 1707 2305 esse

924 2322 1065 2347 ostensum
1081 2323 1132 2351 est,
1153 2319 1199 2347 Dei
1219 2319 1337 2348 Verbum
1353 2321 1466 2348 minime
1487 2322 1647 2350 consistere.
1664 2323 1708 2350 Si-

926 2365 980 2392 mul
995 2372 1060 2400 ergo
1069 2369 1209 2393 ostensum
1221 2369 1260 2393 est
1272 2373 1304 2393 cx
1319 2372 1511 2401 consequente.
1524 2367 1575 2395 hoc
1587 2368 1705 2396 Verbqu

923 2411 950 2438 in
970 2411 1023 2438 vita
1036 2411 1216 2439 considerari.
1231 2411 1298 2438 Cum
1317 2415 1407 2439 autem
1422 2412 1503 2440 Verbi
1517 2413 1652 2441 creditum
1671 2414 1707 2442 sit

923 2457 1075 2491 simplicem
1103 2464 1165 2484 esse
1193 2461 1329 2489 naturam,
1354 2461 1381 2485 et
1401 2466 1462 2492 quae
1487 2459 1515 2486 in
1547 2466 1577 2487 se
1603 2459 1706 2486 nullam

922 2502 1050 2530 ostendat
1064 2503 1252 2537 duplicitatem
1267 2507 1294 2530 et
1309 2504 1553 2538 compositionem,
1570 2512 1624 2532 non
1654 2505 1708 2532 uti-

923 2556 976 2583 que
992 2547 1112 2576 Verbum
1128 2556 1189 2576 esse
1209 2549 1236 2575 in
1258 2549 1398 2585 vitaquis
1428 2550 1645 2577 consideraverit
1672 2558 1706 2578 ex

923 2594 985 2621 vitae
1001 2594 1219 2629 participatione.
1234 2593 1294 2621 Non
1309 2595 1381 2622 enim
1391 2599 1468 2622 extra
1479 2596 1704 2630 compositionem

924 2639 1006 2667 fuerit
1019 2640 1175 2675 bujusmodi
1184 2640 1360 2672 existimatio,
1369 2640 1459 2668 dicere
1472 2641 1587 2668 alterum
1600 2648 1660 2669 esse
1676 2641 1704 2668 in

922 2686 1028 2714 altero:
1049 2685 1097 2713 sed
1116 2686 1229 2713 omnino
1252 2693 1365 2714 necesse
1383 2691 1434 2718 est,
1461 2694 1522 2714 cum
1540 2690 1647 2714 constet
1670 2686 1705 2714 de

923 2731 1108 2766 simplicitate,
1126 2731 1212 2766 ipsam
1230 2738 1276 2766 per
1289 2739 1317 2759 se
1335 2732 1416 2758 vitam
1433 2731 1551 2759 Verbum
1573 2739 1634 2760 esse
1651 2740 1703 2768 pu-

923 2780 993 2807 tare,
1006 2784 1058 2804 non
1070 2780 1159 2804 autem
1176 2777 1237 2804 vitae
1250 2775 1494 2812 participationem.
1511 2777 1540 2804 Si
1549 2785 1619 2813 ergo
1636 2778 1703 2806 vivit

923 2822 1040 2850 Verbum
1060 2830 1122 2850 cum
1137 2824 1172 2850 sit
1186 2823 1251 2855 vita.
1278 2824 1389 2850 omnino
1404 2831 1513 2859 quoque
1543 2825 1623 2853 habet
1649 2825 1702 2851 vim

922 2869 1006 2898 libere
1019 2869 1143 2905 eligendi.
1163 2869 1235 2896 Nihil
1263 2869 1336 2897 enim
1360 2874 1402 2898 est
1416 2878 1448 2898 ex
1463 2870 1497 2898 iis
1512 2878 1571 2905 qua:
1595 2871 1702 2903 vivunt,
