1954 3081
243 167 276 194 ts
840 161 869 188 s.
890 147 1035 188 esseom

1086 159 1218 187 iYSSENI
1833 158 1866 186 16

244 223 315 258 quod
334 231 387 250 non
404 223 440 250 sit
455 222 505 249 hac
521 221 545 247 vi
577 218 731 254 praeditum.
754 217 829 245 Ilanc
851 222 943 245 autem
960 218 1027 245 libe-

1086 216 1218 243 ἱδύνατον.
1237 215 1320 242 Οὐδὲν
1332 214 1385 250 γὰρ
1399 214 1569 250 ἀπεμφαϊνον
1583 214 1636 242 τῶν
1650 215 1714 251 περὶ
1731 215 1779 251 τὴν
1792 215 1868 242 θείαν

246 277 302 296 rain
317 268 479 296 electionem
491 273 552 294 esse
562 265 642 292 etiam
654 267 790 299 potentem
802 272 833 291 ex
848 264 1027 298 consequenti

245 315 318 350 pium
333 318 374 342 est
388 311 572 340 considerare.
588 309 646 338 Nisi
658 309 730 336 enim
743 309 854 336 fatearis
866 309 1025 344 potentiam,

245 365 351 389 astrues
363 358 475 386 omnino
489 356 690 392 impotentiam.
709 355 791 389 Atqui
809 355 969 390 impotentia
985 357 1028 381 est

244 406 322 433 valde
338 409 443 432 remota
457 404 491 432 ab
509 411 540 431 ea
560 410 619 438 quae
635 403 669 430 de
684 401 738 430 Deo
758 401 873 428 habetur
888 401 1029 428 existima-

245 453 327 480 tione.
346 450 420 478 Nihil
435 451 507 478 enim
528 449 653 482 absurdi,
666 452 693 476 ct
712 447 785 483 quod
800 454 854 474 non
881 446 1026 478 cohaereat,

244 498 434 526 c0nsideratur
448 505 480 525 ex
497 497 530 524 iis
543 504 603 531 quae
623 499 687 523 sunt
701 495 728 521 in
745 494 836 522 divina
852 497 964 521 natura:
979 501 1028 521 ne-

244 551 323 571 cesse
348 546 390 570 est
407 542 518 569 omnino
548 540 628 567 fateri
647 542 750 566 tantam
774 546 836 566 esse
862 538 915 565 vim
934 537 1027 570 Verbi,

239 593 378 623 quantum
394 591 436 616 est
451 587 532 615 etiam
548 586 730 622 propositum,
747 593 781 612 ne
795 584 918 619 quaedam
938 584 1028 612 mistio

244 637 271 662 et
279 640 429 661 concursus
438 632 546 667 quidam
554 631 753 658 contrariorum
764 628 952 656 consideretur
961 628 987 655 iu
996 636 1029 656 eo

247 679 317 715 quod
337 683 379 707 est
394 679 519 713 simplex,
536 677 601 704 dum
618 669 738 710 potentia
753 681 779 702 et
793 674 951 709 impotentia
963 681 1030 700 con-

245 725 402 752 siderantur
423 724 449 749 in
466 722 560 749 eodem
581 720 733 755 proposito,
755 719 777 746 si
795 718 903 753 quidem
928 716 1030 752 aliquid

246 770 354 806 quidem
370 770 466 804 possit,
483 769 515 795 ad
534 767 635 802 aliquid
656 774 720 794 vero
749 766 784 793 sit
800 766 946 799 impotens.
961 762 1029 790 Cum

246 817 338 843 omnia
354 820 443 842 autem
469 814 556 849 possit
583 813 664 840 Verbi
692 811 800 844 electio,
814 817 873 838 eam
902 809 935 836 ad
963 808 1030 836 nihil

247 863 310 890 mali
323 862 422 888 habere
436 860 657 895 propensionem,
685 857 719 884 ad
744 857 838 884 vitium
865 856 937 883 enim
965 861 1030 890 pro-

1079 263 1219 297 θεωρεῖται
1236 261 1330 296 φύσιν·
1347 260 1453 296 ἀνάγκη
1472 262 1548 288 πᾶσα
1563 260 1696 297 τοσαύτην
1710 259 1779 288 εἶναι
1801 263 1870 296 61.1.0—

1078 305 1169 339 λογεῖν
1180 304 1228 331 τοῦ
1246 305 1333 339 Λόγου
1347 304 1397 340 τὴν
1417 304 1541 340 δύναμιν,
1556 305 1606 340 ὅση
1621 305 1678 332 ἐστὶ
1697 306 1744 332 καὶ
1763 306 1780 341 ἡ
1799 306 1870 341 πρό-

1079 350 1164 383 θεσις,
1182 351 1225 378 ἵνα
1240 351 1277 386 μή
1298 359 1339 382 τις
1353 349 1425 386 μίξις
1439 350 1493 377 τῶν
1514 350 1644 377 ἐναντίων
1663 351 1709 377 καὶ
1732 351 1869 386 συνδρομὴ

1079 398 1143 433 περὶ
1164 397 1194 424 τὸ
1214 396 1316 424 ἁπλοῦν
1341 398 1484 434 θεωροῑτο,
1511 397 1660 432 ἀδυναμίας
1677 406 1705 423 τε
1730 397 1870 424 καὶ-δυνά-

1080 451 1152 478 μεως
1172 444 1201 470 ὲν
1223 445 1257 479 τῇ
1279 443 1346 479 αὐτῇ
1367 443 1493 479 προθέσει
1516 443 1724 478 θεωρουμένων,
1738 443 1818 478 εῐπερ
1839 443 1870 469 τὸ

1081 489 1131 525 μέν
1141 497 1182 516 τοι
1196 488 1311 521 δύναιτο,
1325 489 1392 525 πρὸς
1399 489 1427 515 δέ
1440 498 1465 515 τι
1481 488 1627 519 ἀδυνάτως.
1640 488 1732 515 Πάντα
1747 488 1775 514 δὲ
1792 489 1872 515 δυνα-

1081 533 1164 569 μένην
1186 533 1235 569 τὴν
1258 533 1305 560 τοῦ
1329 533 1416 567 Λόγου
1440 533 1600 568 προαίρεσιν
1630 532 1698 568 πρὸς
1716 532 1792 560 οὐδὲν
1814 533 1870 559 τῶν

1079 580 1172 607 κακῶν
1183 579 1231 616 τὴν
1244 580 1330 616 ῥοπὴν
1347 579 1418 615 ἔχειν
1429 589 1435 596 ·
1450 579 1577 616 ἀλλοτρία
1597 579 1652 615 γὰρ
1664 581 1713 615 τῆς
1731 580 1803 612 θείας
1818 579 1872 615 φύ-

1081 628 1177 662 σεωςὴ
1196 627 1263 662 προς
1279 626 1376 653 κακίαν
1396 627 1480 662 ὁρμή·
1503 626 1571 653 ἀλλὰ
1595 627 1648 653 πᾶν
1659 627 1672 652 ὃ
1685 626 1711 653 τί
1727 626 1778 662 πέρ
1795 626 1870 652 ἐστιν

1080 673 1191 707 ἀγαθὸν,
1208 672 1285 699 τοῦτο
1302 672 1348 699 καὶ
1364 671 1515 706 βούλεσθαι.
1529 671 1699 707 Βουλομένην
1714 672 1742 698 δὲ
1761 671 1871 703 πάντως

1081 719 1127 745 καὶ
1150 718 1291 745 δύνασθαι.
1308 718 1462 753 Δυναμένην
1484 717 1512 744 δὲ
1535 717 1572 753 μὴ
1589 717 1767 753 ἁνενέργητον
1789 715 1869 748 εἶναι,

1081 763 1148 790 ἀλλὰ
1162 765 1249 790 πᾶσαν
1263 762 1364 798 ἀγαθοῦ
1374 763 1531 799 προαίρεσιν
1541 764 1580 795 εἰς
1589 763 1729 798 ἐνέργειαν
1743 763 1807 797 ἄγει
1816 762 1868 799 [νΙ.

1087 809 1200 843 ’Δγαοὺν
1218 809 1246 835 δὲ
1263 810 1276 836 6
1290 809 1401 844 κόσμος,
1422 809 1513 835 καὶτὰ
1530 809 1558 835 ὲν
1577 808 1651 844 αὐτῷ
1671 809 1760 835 πάντα
1781 808 1870 842 σοφῶς

1081 864 1110 882 τε
1128 855 1173 881 καὶ
1194 855 1324 890 τεχνικῶς
1342 854 1525 890 οεωρούμενα.
1544 856 1614 890 ’Λρα
1634 854 1680 881 τοῦ
1697 855 1782 888 Λόγου
1801 853 1871 890 ἔργα

247 907 341 943 pensio
354 911 395 934 est
412 907 499 934 aliena
517 913 532 932 ιι
548 905 639 932 divina
656 907 764 935 natura,
780 902 828 930 sed
843 900 974 937 quidquid
989 903 1030 927 est

1086 900 1114 927 τὰ
1129 900 1217 927 πάντα
1234 900 1280 926 τοῦ
1300 899 1400 932 ζῶντος
1417 901 1465 936 μὲν
1487 900 1535 927 καὶ
1559 900 1722 934 ὑφεστῶτος,
1738 901 1778 926 ὅτι
1801 900 1870 926 Θεοῦ

246 955 346 980 bonum
377 952 428 979 hoc
450 951 531 978 etiam
549 949 626 977 velle.
653 948 793 976 Volentem
813 951 904 975 autent
920 946 1031 974 omnino

246 1000 327 1026 etiam
345 1005 434 1033 posse.
449 997 590 1024 Potentem
612 999 701 1022 autem
727 1002 781 1022 non
802 1001 863 1022 esse
879 992 1031 1028 ejusmodi,

247 1051 276 1073 ut
292 1053 346 1072 non
360 1048 497 1079 operetur,
513 1042 559 1070 set]
572 1049 652 1069 onme
668 1041 733 1068 boni
755 1040 927 1076 propositum
943 1039 1031 1066 dedu-

246 1092 285 1119 cit
303 1091 337 1118 ad
352 1090 548 1126 operationem.
563 1088 668 1115 Bonum
684 1092 773 1114 autem
794 1090 836 1114 est
852 1085 981 1117 mundus,
1006 1089 1032 1112 et

247 1145 308 1171 qua:
324 1136 352 1162 in
369 1142 401 1162 eo
419 1138 483 1162 sunt
495 1134 585 1161 omnia
601 1133 738 1167 sapienter
753 1135 780 1159 et
800 1131 949 1158 artiﬁciose
967 1138 1033 1158 con-

249 1182 377 1209 siderata.
396 1180 465 1207 Sunt
490 1180 562 1207 enim
590 1178 681 1206 omnia
707 1185 790 1211 opera
815 1175 897 1203 Verbi
916 1175 1033 1203 viventis

249 1228 358 1263 quidem
374 1230 401 1254 et
413 1224 601 1256 consistentis,
612 1225 675 1259 quia
690 1227 731 1250 cst
744 1222 861 1249 Verbum
879 1222 936 1253 Dei,
951 1221 1034 1248 libere

252 1277 340 1300 autem
354 1271 488 1307 eligentis,
507 1271 570 1305 quia
602 1270 679 1300 vivit,
697 1269 816 1304 potentis
847 1272 936 1295 autem
953 1267 1034 1302 quid-

253 1318 314 1354 quid
331 1318 453 1353 elegerit,
473 1316 546 1351 quod
573 1316 674 1343 bonum
700 1318 742 1343 est
756 1318 846 1341 autem
881 1318 908 1340 et
923 1314 1034 1348 sapiens

251 1364 362 1391 omnino
382 1362 518 1396 eligentis,
535 1364 562 1387 et
586 1361 608 1387 si
629 1359 693 1394 quid
712 1357 910 1394 prmstantioris
930 1361 972 1384 est
997 1356 1035 1383 si-

250 1408 441 1444 gniﬁcationis.
457 1407 592 1440 Quoniam
605 1413 671 1440 ergo
684 1404 794 1440 aliquod
811 1404 913 1430 bonum
927 1405 1036 1429 constat

249 1463 310 1483 esse
321 1454 464 1486 mundum,
480 1457 621 1479 ostensum
635 1455 676 1478 est
694 1454 785 1477 autem
801 1457 849 1484 per
866 1457 897 1476 ea
912 1456 973 1483 qua:
992 1448 1036 1474 di-

251 1506 295 1529 cta
317 1504 381 1528 sunt
404 1498 536 1526 mundum
553 1505 614 1525 esse
627 1504 697 1532 opus
711 1495 805 1526 Verbi.
825 1494 899 1530 quod
922 1494 1035 1524 bonum,

251 1553 278 1575 et
293 1547 378 1582 eligit,
393 1551 420 1574 et
436 1550 525 1581 potest
539 1565 545 1575 ,
566 1545 618 1571 hoc
648 1548 737 1570 autem
756 1542 874 1570 Verbum
901 1546 943 1569 est
962 1541 1035 1568 aliud

253 1594 286 1620 ab
305 1601 337 1620 eo
350 1593 429 1627 cujus
444 1595 487 1619 est
503 1590 633 1618 Verbum.
651 1588 716 1616 Nam
735 1589 787 1615 hoc
801 1595 910 1622 quoque
929 1591 971 1614 est
986 1586 1037 1613 ali-

251 1647 306 1674 quo
321 1638 401 1665 modo
419 1645 453 1665 cx
481 1637 514 1664 iis
529 1643 590 1670 qua
606 1634 736 1662 dicuntur
764 1633 848 1660 relata
865 1632 899 1659 ad
921 1631 1037 1667 aliquid,

251 1683 472 1718 quandoquidem
499 1683 606 1716 oportet
629 1679 741 1706 omnino
757 1685 819 1706 cum
842 1677 932 1705 Verbo
955 1677 1037 1704 etiam

253 1728 334 1757 Verbi
351 1728 459 1755 Patrem
475 1725 630 1754 subaudiri.
648 1724 707 1752 Non
727 1727 800 1752 esset
819 1723 890 1751 enim
906 1722 1036 1754 Verbum,

254 1775 277 1802 si
296 1781 350 1801 non
366 1776 439 1801 esset
453 1771 570 1799 Verbum
586 1770 714 1804 alicujus.
730 1769 759 1796 Si
786 1776 850 1804 ergo
867 1776 914 1803 per
931 1768 1038 1803 signiti-

256 1819 371 1846 cationis
386 1817 574 1845 habitudinem
592 1820 619 1843 et
647 1816 809 1843 relationem
827 1813 959 1842 discernit
992 1821 1040 1840 au-

255 1865 373 1892 ditorum
393 1863 523 1899 cogitatio
537 1866 563 1890 et
582 1863 670 1896 ipsum
690 1861 820 1891 Verbum,
835 1864 863 1887 et
888 1860 914 1887 id
938 1867 969 1887 ex
986 1867 1039 1894 quo

255 1911 374 1941 exsistit.
392 1909 459 1937 nihil
475 1913 516 1936 est
531 1908 611 1935 nobis
626 1907 720 1942 utique
748 1907 874 1942 periculi,
897 1914 931 1934 ne
958 1905 1040 1933 Verbi

256 1956 427 1992 mysterium,
444 1963 505 1982 cum
529 1954 686 1981 Graacorum
707 1960 830 1988 pugnans
854 1953 1039 1987 opinionibus,

255 1999 402 2029 conveniat
421 2009 483 2028 cum
509 2001 542 2028 iis
559 2002 605 2035 qui
624 1999 714 2027 favent
732 2000 855 2034 partibus
871 1998 1039 2030 Iudaeorum,

257 2049 304 2075 sed
317 2056 350 2075 ex
367 2055 444 2082 mque
458 2046 568 2081 effugiet
585 2050 763 2080 utrorumque
785 2045 994 2077 absurditatem,
1012 2050 1042 2072 ut

257 2093 302 2127 qui
317 2097 343 2119 et
357 2092 451 2119 vivens
470 2091 591 2119 Verbum
609 2091 654 2118 Dei
673 2091 800 2123 fateatur,
817 2098 990 2126 operansque
1016 2095 1043 2117 et

257 2138 386 2170 elﬁciens,
403 2138 474 2172 quod
493 2145 547 2164 non
575 2137 694 2163 admittit
710 2135 821 2163 Judarus
836 2145 843 2162 :
863 2140 890 2163 et
907 2143 961 2163 non
990 2135 1043 2162 dif-

258 2185 329 2211 t'erre
357 2183 506 2210 secundum
534 2186 659 2208 naturam
692 2182 780 2216 ipsum
809 2179 938 2213 Verbum,
960 2184 987 2207 et
1016 2180 1042 2208 id

1082 947 1167 981 Λόγος
1179 946 1248 979 ἐστὶ,
1265 946 1480 982 προαιρουμένου
1502 946 1530 972 δὲ
1549 947 1590 972 ὅτι
1609 945 1641 982 ζῇ
1654 955 1660 961 ·
1674 946 1822 981 δυναμένου
1842 946 1871 971 δὲ

1083 995 1171 1020 πάντα
1187 994 1201 1020 ὃ
1216 993 1242 1019 τί
1256 1002 1308 1028 περ
1326 993 1358 1019 ἂν
1371 993 1472 1028 ἕληται,
1486 993 1645 1028 αἱρουμένου
1664 993 1692 1019 δὲ
1714 993 1744 1019 τὸ
1769 993 1871 1027 ἀγαθόν

1082 1047 1111 1065 τε
1128 1039 1175 1066 καὶ
1194 1039 1273 1073 σορὸν
1287 1039 1404 1071 πάντως,
1422 1039 1466 1064 καὶ
1482 1038 1542 1064 εἴτι
1556 1040 1604 1073 τῆς
1618 1038 1770 1074 κρείττονος
1787 1047 1872 1073 σημα-

1085 1086 1143 1118 σίας
1167 1085 1250 1112 ἐστίν.
1273 1085 1350 1111 Ἐπεὶ
1365 1083 1410 1111 οὖν
1427 1084 1528 1118 ἀγαθόν
1543 1093 1569 1111 τι
1589 1086 1602 1111 6
1616 1085 1718 1120 κόσμος
1735 1085 1873 1120 ὁμολογεῖ-

1084 1141 1138 1163 ται,
1149 1131 1294 1167 ἀπεδείχοη
1311 1131 1338 1157 δὲ
1351 1131 1393 1158 διὰ
1406 1131 1460 1158 τῶν
1473 1131 1623 1167 εἰρημένων
1633 1131 1680 1157 τοῦ
1694 1131 1779 1165 Λόγου
1793 1131 1872 1165 ἔργον

1083 1178 1128 1204 τὸν
1145 1178 1245 1213 κόσμον
1261 1176 1344 1210 εἶναι,
1362 1177 1408 1203 τοῦ
1424 1177 1454 1203 τὸ
1464 1176 1564 1211 ἀγαθὸν
1577 1177 1623 1203 καὶ
1640 1176 1810 1212 αἱρουμένου,
1825 1176 1873 1202 καὶ

1084 1224 1231 1259 δυναμένου
1249 1232 1255 1239 ·
1273 1224 1286 1249 6
1305 1223 1332 1249 δὲ
1348 1223 1432 1257 Λόγος
1451 1220 1527 1253 οὗτος
1547 1222 1638 1257 ἕτερός
1661 1222 1718 1248 ἐστι
1736 1221 1810 1257 παρὰ
1827 1221 1874 1247 τὸν

1085 1267 1114 1297 οἷο
1129 1271 1186 1295 ἐστι
1205 1269 1299 1303 Λόγος.
1315 1268 1419 1304 Τρόπον
1442 1268 1495 1304 γάρ
1515 1277 1574 1295 τινα
1591 1267 1644 1294 τῶν
1659 1267 1726 1302 πρός
1746 1276 1771 1293 τι
1796 1267 1876 1300 λεγο-

1087 1315 1175 1350 μένων
1188 1315 1235 1341 καὶ
1245 1314 1323 1340 τοῦτό
1337 1314 1545 1349 ὲστιν.”Επειδὴ
1557 1315 1608 1350 χρὴ
1619 1314 1726 1344 πάντως
1741 1313 1780 1348 τῷ
1795 1313 1876 1348 Λόγῳ

1086 1361 1133 1386 καὶ
1149 1360 1194 1386 τὸν
1207 1359 1316 1394 Πατέρα
1328 1359 1374 1385 τοῦ
1402 1359 1489 1393 Λόγου
1509 1359 1752 1386 συνυπακούεσθαι.
1769 1358 1806 1385 Οὐ
1821 1358 1875 1393 γὰρ

1086 1405 1120 1432 ἂν
1137 1405 1179 1440 εἴη
1192 1406 1286 1438 Λόγος,
1300 1405 1336 1440 μή
1350 1413 1422 1436 τινος
1434 1405 1472 1431 ὣν
1487 1405 1581 1439 Λόγος.
1594 1404 1624 1431 Εἰ
1640 1402 1686 1431 οὖν
1701 1403 1826 1440 διακρίνῃ
1836 1404 1875 1438 τῷ

1088 1450 1202 1486 σχετικῷ
1217 1452 1266 1486 τῆς
1283 1451 1446 1486 σημασίαςή
1463 1451 1517 1476 τῶν
1532 1451 1685 1477 ἀκουόντων
1702 1450 1813 1481 διάνοια,
1824 1449 1875 1476 αὺ-

1087 1498 1133 1524 τόν
1143 1506 1173 1524 τε
1191 1497 1236 1524 τὸν
1247 1497 1347 1532 Λόγον,
1360 1497 1405 1524 καὶ
1419 1497 1464 1523 τὸν
1479 1496 1538 1523 ὅθεν
1559 1496 1644 1528 ἐστὶν,
1664 1496 1750 1522 οὐκέτ’
1764 1495 1796 1523 ἂν
1811 1497 1877 1531 ἡμῖν

1088 1544 1236 1571 κινδυνεύει
1253 1544 1283 1570 τὸ
1300 1544 1448 1579 μυστήριον
1467 1545 1526 1574 ταῖς
1543 1543 1712 1578 Ἑλληνικαῖς
1724 1542 1877 1578 μαχόμενον

1089 1590 1236 1625 ὑπολήψεσι
1251 1591 1306 1621 τοῖς
1322 1598 1350 1616 τε
1376 1589 1507 1616 Ἰουδαίων
1522 1588 1700 1624 πρεσϐεύουσι
1721 1587 1877 1622 συνενεχθῆ-

1089 1645 1132 1663 ναι
1145 1644 1151 1650 “
1172 1636 1229 1663 ἀλλ’
1246 1635 1343 1670 ἐπίσης
1357 1635 1494 1670 ἑκατέρων
1510 1635 1559 1670 τὴν
1578 1635 1692 1661 ἀτοπίαν
1705 1633 1876 1668 ἐκφεύξεται,

1089 1683 1118 1709 τό
1128 1691 1156 1709 τε
1166 1682 1255 1714 ζῶντα
1270 1681 1317 1708 τοῦ
1334 1681 1401 1708 Θεοῦ
1414 1681 1509 1714 Λόγον,
1527 1681 1573 1706 καὶ
1583 1680 1693 1715 ἐνεργὸν
1707 1680 1753 1706 καὶ
1771 1689 1878 1715 ποιητι-

1089 1728 1136 1755 κὸν
1162 1727 1316 1763 ὁμολογῶν·
1333 1728 1402 1762 ὅπερ
1420 1727 1436 1752 6
1459 1726 1581 1757 Ἰουδαῖος
1599 1726 1629 1752 οὐ
1652 1725 1769 1760 δέχεται·
1786 1726 1833 1752 καὶ
1847 1725 1880 1752 τὸ

1092 1774 1129 1809 μὴ
1140 1773 1304 1809 διαφθείρειν
1320 1775 1329 1784 ‘
1345 1773 1415 1799 κατὰ
1429 1772 1479 1808 τὴν
1492 1772 1571 1806 φύσιν
1582 1771 1662 1798 αὐτόν
1681 1780 1710 1798 τε
1722 1772 1766 1798 τὸν
1780 1768 1879 1805 Λόγον,

1091 1819 1138 1846 καὶ
1151 1819 1196 1845 τὸν
1208 1819 1268 1845 ὅθεν
1288 1818 1369 1845 ἐστίν.
1389 1818 1494 1854 ’Ὠσπερ
1510 1817 1563 1852 γὰρ
1582 1818 1614 1843 ὲκ
1627 1817 1673 1843 τοῦ
1686 1817 1732 1844 νοῦ
1745 1818 1788 1850 ἐφ’
1801 1817 1881 1852 ἡμῶν

1091 1873 1180 1900 φαμεν
1191 1861 1261 1890 εἶναι
1281 1863 1326 1889 τὸν
1341 1863 1429 1897 λόγον,
1443 1862 1504 1889 οὔτε
1521 1863 1553 1889 δι’
1571 1863 1630 1889 ὅλου
1651 1862 1696 1889 τὸν
1713 1861 1794 1888 αὑτὸν
1808 1859 1882 1889 εἶναι

1091 1909 1129 1945 τῷ
1148 1909 1196 1945 νῷ,
1211 1909 1270 1936 οὕτε
1285 1908 1455 1936 παντάπασιν
1470 1909 1579 1944 ἕτερον’
1591 1909 1622 1935 τὺ
1638 1909 1685 1944 μὲν
1696 1909 1751 1944 γὰρ
1763 1908 1791 1941 ἐξ
1806 1908 1882 1934 ὲκεί-

1091 1965 1136 1983 νου
1158 1953 1239 1987 εἶναι,
1257 1955 1322 1982 ἄλλο
1338 1963 1364 1981 τι
1376 1955 1422 1981 καὶ
1438 1955 1488 1981 οὐκ
1500 1954 1587 1981 ἐκεῖνό
1601 1955 1668 1980 ἐστι·
1686 1954 1717 1980 τὸ
1737 1954 1818 1980 αὐτὸν
1834 1954 1883 1980 τὴν

1092 2001 1154 2028 νοῦν
1173 2002 1211 2033 είς
1238 2001 1268 2027 τὸ
1292 2001 1410 2036 ἐμφανὲς
1429 2000 1524 2035 ἄγειν,
1542 2001 1632 2027 οὐκέτ’
1648 2001 1681 2027 ἂν
1705 2001 1798 2036 ἕτερον
1815 2001 1882 2035 παρ’

1092 2048 1179 2074 ἐκεῖνο
1193 2048 1341 2080 ὑπονοοῐτο,
1359 2047 1427 2074 ἀλλὰ
1443 2047 1513 2074 κατᾶ
1531 2047 1580 2082 τὴν
1594 2047 1675 2081 φύσιν
1688 2046 1717 2072 ἒν
1729 2046 1773 2079 ὃν,
1789 2046 1884 2082 ἕτερον

1093 2092 1130 2127 τῷ
1144 2093 1314 2128 ὑποκειμένῳ
1337 2093 1410 2120 ἐστίν
1420 2101 1427 2108 ·
1445 2092 1531 2124 οὕτως
1544 2093 1590 2119 καὶ
1603 2094 1618 2119 6
1629 2092 1676 2119 τοῦ
1700 2092 1766 2119 Θεοῦ
1784 2092 1883 2126 Λόγος,

1093 2138 1132 2174 τῷ
1147 2139 1195 2174 μὲν
1211 2139 1357 2173 ὑφεστάναι
1372 2139 1432 2166 καθ’
1448 2139 1541 2165 ἑαυτὸν
1557 2138 1683 2174 διῄρηται
1700 2138 1766 2173 πρὶς
1779 2139 1885 2164 ἐκεῖνον

1095 2184 1159 2219 παρ’
1172 2180 1202 2210 οὗ
1225 2184 1272 2218 τὴν
1287 2185 1435 2211 ὑπόστασιν
1453 2184 1509 2220 ἔχει
1524 2194 1530 2201 ι
1545 2184 1583 2219 τῷ
1600 2184 1628 2210 δὲ
1650 2184 1734 2211 ταῦτα
1750 2183 1886 2210 δεικνύειν

257 2238 291 2257 ex
305 2237 360 2264 quo
380 2229 499 2256 exsistit.
513 2227 655 2261 Quomodo
667 2227 740 2254 enim
759 2227 786 2253 in
821 2227 898 2254 nobis
931 2227 1035 2254 verbun

1095 2229 1124 2256 ὲν
1139 2230 1238 2266 ἐαυτῷ,
1253 2231 1271 2258 ἃ
1287 2231 1350 2266 περὶ
1365 2231 1410 2258 τὸν
1430 2231 1495 2258 Θεὸν
1522 2231 1680 2266 καθορᾶται.
1698 2232 1711 2256 6
1723 2231 1803 2261 αὐτός
1824 2231 1886 2256 ἐστι

258 2284 305 2303 seu
319 2275 451 2302 rationem
472 2282 503 2302 ex
522 2278 612 2301 mente
629 2281 691 2301 esse
703 2273 841 2306 dicimus;
858 2281 947 2308 neque
958 2273 1043 2300 omni-

259 2328 295 2347 no
324 2320 413 2355 ipsum
437 2318 506 2346 idem
527 2326 589 2346 esse
616 2318 687 2353 quod
717 2322 843 2350 mentem,
864 2324 914 2345 nec
933 2318 1044 2344 omnino

259 2367 393 2396 alterum;
424 2372 485 2391 nam
515 2372 548 2391 ex
576 2364 621 2391 illo
644 2363 753 2399 quidem
782 2371 855 2396 esse,
874 2368 916 2392 est
942 2364 1044 2400 aliquid

259 2411 344 2442 aliud,
360 2415 387 2437 et
402 2418 456 2437 non
473 2410 558 2442 illud;
575 2409 646 2444 quod
668 2414 757 2436 autem
775 2409 861 2444 ipsam
878 2415 995 2437 mentem
1016 2410 1043 2437 in

260 2462 385 2491 apertum
404 2455 533 2490 proferat,
548 2463 601 2482 non
614 2456 707 2489 utique
720 2455 869 2482 existimari
884 2456 971 2490 possit
983 2463 1044 2483 esse

261 2501 335 2527 aliud
355 2501 388 2527 ab
403 2501 459 2532 illo,
476 2500 522 2527 sed
539 2507 601 2526 cum
616 2500 652 2527 sit
670 2507 753 2526 unum
780 2504 889 2531 natura,
920 2500 1044 2535 subjecto

261 2549 302 2572 est
318 2545 409 2572 aliud:
427 2545 463 2571 ita
481 2545 562 2571 etiam
581 2544 627 2571 Dei
643 2543 774 2576 Verbum,
791 2552 823 2572 eo
844 2545 952 2579 quidem
971 2547 1042 2580 quod

1096 2275 1165 2302 κατὰ
1173 2275 1221 2311 τὴν
1233 2276 1314 2310 φύσιν
1330 2277 1425 2312 ἐκείνῳ
1443 2276 1481 2311 τῷ
1495 2277 1538 2303 διὰ
1552 2277 1604 2303 τῶν
1622 2276 1712 2303 αὐτῶν
1725 2277 1886 2311 γνωρισμά-

1095 2329 1149 2347 των
1165 2321 1361 2357 εὑρισκομένῳ.
1380 2323 1441 2348 Ehe
1457 2323 1510 2358 γὰρ
1527 2323 1677 2357 ἀγαθότης,
1692 2323 1745 2348 εἴτε
1758 2321 1887 2356 δύναμις,

1097 2367 1151 2393 εἴτε
1168 2367 1258 2402 σοφία,
1278 2367 1332 2394 εἴτε
1346 2368 1376 2394 τὸ
1401 2368 1493 2400 ἀῖόίως
1507 2367 1586 2400 εἶναι,
1609 2368 1663 2395 εἴτε
1678 2368 1708 2394 τὸ
1722 2368 1821 2398 κακίας
1837 2368 1889 2394 καὶ

1097 2413 1211 2441 θανάτου
1237 2415 1284 2441 καὶ
1301 2414 1403 2450 φθορᾶς
1418 2415 1606 2446 ἀνεπίδεκτον,
1623 2415 1677 2441 εἴτε
1700 2414 1730 2440 τὸ
1752 2414 1781 2440 ὲν
1804 2415 1896 2440 ’πτειν-τὶ⁷

1096 2457 1213 2491 τέλειον,
1231 2459 1285 2485 εἴτε
1301 2468 1328 2486 τι
1353 2460 1473 2486 τοιοῦτον
1489 2460 1556 2491 ὅλως
1580 2461 1691 2495 σημεῖον
1712 2460 1813 2486 ποιοῖτο
1835 2459 1890 2494 τῆς

1097 2503 1143 2530 τοῦ
1169 2504 1275 2539 Πατρὸς
1301 2505 1494 2540 καταλήψεως,
1511 2505 1555 2532 διὰ
1579 2506 1631 2533 τῶν
1654 2505 1743 2532 αὐτῶν
1759 2505 1890 2540 εὑρήσεις

1099 2550 1218 2584 σημείων
1233 2552 1280 2577 καὶ
1293 2551 1338 2577 τὸν
1355 2551 1384 2583 ἐξ
1395 2552 1498 2578 ἐκείνου
1519 2553 1660 2586 ὑφεστῶτα
1675 2552 1770 2586 Λόγον.

261 2597 310 2625 per
329 2598 359 2618 se
373 2591 511 2622 consistit,
530 2591 689 2618 distinctum
716 2595 758 2619 est
774 2597 806 2617 ac
824 2590 942 2618 divisum
962 2592 995 2619 ab
1013 2592 1060 2620 illo
1080 2602 1112 2622 ex
1143 2603 1198 2629 quo
1216 2596 1297 2624 habet
1318 2598 1388 2631 quod
1412 2598 1559 2630 consistit;
1585 2606 1618 2626 eo
1644 2602 1734 2625 autem
1767 2596 1842 2632 quod
1863 2597 1889 2624 in

262 2638 352 2671 seipso
365 2637 410 2664 illa
426 2636 544 2664 ostendit
558 2644 618 2672 qua;
634 2640 784 2664 cernuntur
797 2637 824 2663 in
856 2637 921 2669 Deo,
939 2637 1010 2665 idem
1032 2645 1073 2667 est
1093 2642 1242 2669 secundum
1275 2647 1400 2670 naturam
1438 2644 1512 2678 quod
1546 2645 1589 2672 ille
1623 2644 1668 2679 qui
1686 2644 1827 2672 invenitur
1840 2651 1889 2678 per

262 2681 355 2708 eadem
371 2681 448 2716 signa
461 2685 487 2708 et
504 2681 603 2708 imlieia
619 2681 717 2715 quibus
731 2681 917 2715 cognoscitur.
933 2682 995 2709 Sive
1021 2684 1093 2711 enim
1110 2685 1230 2720 bonitas,
1251 2687 1308 2715 sive
1335 2689 1465 2722 potentia,
1483 2689 1542 2716 sive
1570 2689 1714 2724 sapientia,
1734 2690 1791 2717 sive
1823 2696 1888 2716 esse

262 2726 476 2776 sempiternum,
509 2727 565 2776 sive
593 2725 620 2751 iu
650 2733 711 2752 eum
728 2732 782 2752 non
813 2726 911 2754 cadere
942 2727 1049 2762 vitium,
1077 2734 1192 2758 mortem
1223 2737 1250 2759 et
1273 2733 1423 2767 interitum,
1446 2734 1503 2761 sive
1519 2742 1579 2762 esse
1596 2736 1708 2762 omnino
1724 2735 1888 2770 perfectum,

264 2771 320 2799 sive
350 2773 414 2807 quid
446 2771 519 2799 aliud
555 2771 688 2806 ejusmodi
704 2771 740 2797 sit
766 2771 873 2805 signum
905 2779 960 2807 quo
985 2776 1227 2810 comprehenditur
1242 2777 1332 2811 Pater,
1352 2785 1400 2812 per
1422 2778 1515 2806 eadem
1531 2778 1610 2814 signa
1626 2780 1749 2808 invenies
1764 2779 1889 2808 Verbum

263 2825 372 2854 quoque
386 2818 457 2854 quod
473 2826 505 2845 ex
522 2818 568 2845 illo
583 2817 720 2844 consistit.
