1954 3081
85 100 111 128 l7
674 91 804 120 ORATIO
823 88 1074 118 CATECHETICA.
1657 91 1691 118 l8

378 152 503 180 ΚΕΦΑΛ.
521 152 556 178 B’.

113 201 210 235 Ὠσπερ
225 199 255 226 δὲ
267 198 310 226 τδν
324 198 409 233 Λόγον
424 199 455 225 ἐκ
469 198 523 224 τῶν
536 197 596 223 καθ’
611 197 684 232 ἡμᾶς
694 194 861 228 ἀναλογικῶς

84 249 122 275 ἐπὶ
135 246 182 281 τῆς
191 244 391 280 ὑπερκειμένης
406 243 528 278 ἔγνωμεν
541 242 657 277 φύσεως,
669 241 739 268 κατὰ
751 241 795 268 τὺν
812 241 861 267 αὑ-

81 296 119 321 τὸν
131 293 237 329 τρόπον,
256 292 304 318 καὶ
314 292 346 326 τῇ
361 290 426 326 περὶ
440 289 486 316 τοῦ
502 289 570 315 Πνεύ
575 297 659 324 ματος
672 288 761 323 ἐννοίᾳ
780 295 861 323 προσ-

82 335 253 374 αχθησόμεθα,
266 336 343 367 σκιάς
353 344 429 367 τινας
442 335 488 362 καὶ
503 337 647 370 μιμήματα
657 333 708 367 τῆς
722 332 860 367 ἁφράστου

83 383 208 417 δυνάμεως
223 383 252 408 ὲν
267 382 301 417 τῇ
316 381 376 408 καθ’
392 380 465 415 ἡμᾶς
489 379 653 414 θεωροῦντες
673 377 763 412 φύσει.
791 377 861 403 Ἀλλ’

83 428 198 463 ἐφ’ήμῶν
214 427 264 463 μὲν
288 427 320 454 τὸ
338 426 494 462 ’πνεῦμα,ἡ
515 426 561 453 τοῦ
586 425 667 461 ἀέρος
693 425 766 451 ἐστὶν
784 424 859 460 ὁλκὴ,

84 473 208 510 ἀλλοτρίου
223 473 398 508 πράγματος,
413 472 480 508 πρὸς
490 473 539 508 τὴν
555 471 602 499 τοῦ
620 470 745 506 σώματος
762 470 861 497 σύστα-

85 528 120 545 σιν
130 517 280 551 ἀναγκαίως
292 517 480 552 εἰσελκομένου
493 525 522 542 τε
531 516 579 543 καὶ
592 515 786 551 προχεομένου,
794 515 862 549 ὅπερ

85 567 109 591 ἐν
121 564 156 599 τῷ
172 563 257 599 καιρῷ
268 563 319 598 τῆς
335 563 517 597 ὲκᾳωνήσεως
531 562 578 588 τοῦ
599 561 691 596 λόγου,
703 561 778 596 φωνὴ
791 560 862 594 γίνε-

86 609 186 644 ται,τὴν
199 608 246 634 τοῦ
264 607 346 641 λόγου
362 607 474 642 δύναμιν
485 608 513 633 ἐν
527 607 609 641 ἑαυτῇ
625 604 787 640 φανεροῦσα.
803 603 863 630 Ἐπὶ

87 656 112 682 δὲ
124 655 166 690 τῆς
184 654 256 685 θείας
274 652 384 688 φύσεως
400 653 430 679 τὺ
445 652 493 687 μὲν
505 649 573 677 εἶναι
587 651 699 686 Πνεῦμα
721 650 798 682 Θεοῦ,
816 649 862 675 εὑ-

88 701 154 731 σεὸὲς
167 698 296 734 ἐνομίσθη
307 718 314 729 ,
332 697 424 728 καθὼς
439 696 517 732 ἐδόθη
536 697 582 723 καὶ
597 697 683 730 Λόγος
699 694 768 722 εἶναι
783 695 860 727 Θεοῦ,

86 747 122 772 διὰ
136 745 162 771 εδ
176 745 212 780 μὴ
229 745 286 770 δεῖν
301 744 504 778 ὲλλειπέστερον
515 743 561 770 τοῦ
573 743 708 778 ἡμετέρου
724 742 803 776 λόγου
818 742 863 768 τὸν

87 791 125 817 τοῦ
139 791 201 817 Θεοῦ
216 788 287 816 εἶναι
304 790 390 823 Λόγον
401 798 407 804 ·
423 790 502 825 εἴπερ
516 789 613 816 τούτου
629 789 697 824 μετὰ
712 788 759 814 τοῦ
783 788 864 815 πνεύ-

89 843 160 871 ματος
181 835 391 871 θεωρουμένου,
408 836 509 866 ἐκεῖνος
529 835 590 870 δίχα
619 834 774 870 πνεύματος
795 832 864 860 εἶναι

90 881 234 908 πιστεύοιτο.
263 881 303 907 υύ
333 881 385 916 μὴν
407 880 545 915 ἀλλότριον
574 880 634 907 καθ’
653 880 797 915 ὁμοιότητα
817 879 864 906 τοῦ

88 926 206 961 ἡμετέρου
233 926 394 961 πνεύματος
413 926 512 957 ἔξωθεν
534 927 670 961 ἐπεισρεῖν
684 926 723 960 τῷ
735 925 803 961 Θεῷ.
819 926 866 952 καὶ

90 973 113 998 ὲν
120 970 186 1005 αὐτῷ
196 969 322 1003 γίνεσθαι
334 971 364 997 τὸ
375 970 498 1006 Πνεῦμα,
507 971 656 1006 θεοπρεπὲς
667 972 740 997 ἐστιν
751 970 864 998 οἴεσθαι,

95 1016 152 1042 Ἀλλ’
162 1016 196 1048 ὡς
206 1016 274 1043 Θεοῦ
296 1017 382 1050 Λόγον
393 1017 567 1049 ἀκούσαντες,
579 1017 628 1043 οὐκ
644 1017 829 1044 ἀνυπόστατόν
840 1027 866 1044 τι

92 1062 191 1096 πρᾶγμα
205 1062 250 1089 τὸν
273 1063 361 1096 Λόγον
383 1062 521 1098 ᾠήθημεν,
537 1063 596 1089 οὐδὲ
613 1064 644 1089 ὲκ
660 1063 804 1098 μαθήσεως
819 1064 865 1096 ὲγ-

91 1107 244 1140 γιγνόμενον,
257 1107 321 1133 οὐδὲ
336 1107 379 1133 διὰ
389 1108 481 1142 φωνῆς
496 1108 708 1143 προφερόμενον,
724 1108 782 1134 οὐδὲ
799 1109 867 1144 μετὰ

89 1154 114 1180 τὺ
127 1154 317 1189 προενεχθῆυαι
334 1153 517 1189 διαλυόμενον,
539 1155 598 1182 οὐδὲ
610 1155 673 1182 ἄλλο
689 1164 716 1182 τι
730 1156 868 1190 πάσχοντα

89 1197 254 1230 τοιοῦτον,οἷα
267 1199 332 1234 περὶ
343 1200 388 1225 τὸν
399 1200 531 1236 ἡμέτερον
542 1200 619 1234 λόγον
632 1201 772 1237 θεωρεῖται
783 1202 867 1237 πάθη,

90 1244 138 1270 ἀλλ’
152 1244 284 1276 οίιςιωδὼς
302 1245 454 1279 ὑφεστῶτα,
480 1247 671 1281 προαιρετικὸν
684 1255 714 1273 τε
732 1247 778 1273 καὶ
792 1248 868 1282 ἐνερ-

90 1290 131 1323 τὸν
143 1290 187 1316 καὶ
204 1290 426 1326 παντοδύναμον·
451 1291 522 1318 οὓτω
538 1292 585 1318 καὶ
608 1291 719 1328 Πνεῦμα
743 1293 868 1328 μεμαθη-

90 1335 157 1366 κότες
171 1335 248 1367 Θεοῦ,
263 1336 295 1362 τὸ
308 1337 557 1372 συμπαρομαρτοῦν
570 1337 609 1373 τῷ
627 1338 716 1373 Λόγῳ,
728 1339 774 1365 καὶ
790 1347 871 1372 φανε-

91 1381 147 1415 ροῦν
158 1381 240 1407 αὺτοῦ
255 1381 304 1416 τὴν
321 1382 469 1417 ἐνέργειαν,
482 1383 511 1408 οὐ
524 1384 606 1418 πνοὴν
617 1383 752 1419 ἄσθματος
767 1384 872 1410 ἐννοοῦ-

91 1434 148 1460 μεν.
166 1425 202 1451 Ἦ
213 1426 265 1461 γὰρ
276 1426 309 1452 ἄν
319 1427 476 1462 καθαιροῖτο
491 1428 558 1463 πρὸς
577 1428 758 1464 ταπεινότητα
773 1429 804 1455 τὸ
823 1438 871 1464 με-

91 1471 189 1504 γαλεῖον
204 1471 252 1505 τῆς
278 1471 352 1504 θείας
367 1473 507 1507 δυνάμεως
517 1494 524 1505 ,
547 1474 570 1500 εί
586 1473 647 1500 καθ’
663 1474 808 1509 ὁμοιότητα
824 1474 871 1501 τοῦ

92 1517 224 1551 ἡμετέρου,
238 1518 286 1544 καὶ
307 1518 337 1544 τὸ
359 1519 388 1544 ὲν
402 1518 476 1553 αὑτῷ
498 1519 610 1554 Πνεῦμα
633 1519 771 1546 ὑπονοοῖτο
785 1527 791 1534 ·
804 1520 871 1547 ἀλλὰ

92 1562 194 1597 δύναμιν
208 1563 327 1598 οῦσιώδη
344 1564 427 1599 αὐτὴν
447 1565 488 1599 ἐφ’
499 1565 597 1599 ἑαυτῆς
611 1566 640 1591 ὲν
654 1564 789 1601 ἰδιαζούση
805 1566 871 1592 ὐπο-

94 1609 176 1635 στάσει
198 1608 402 1645 θεωρουμένην,
422 1610 483 1637 οῦτε
499 1611 665 1646 χωρισθῆναι
688 1611 733 1637 τοῦ
753 1611 821 1638 Θεοῦ
845 1612 873 1638 ὲν

93 1651 196 1687 ᾢὲοτιν,
212 1655 228 1690 ἢ
244 1655 294 1681 τοῦ
310 1656 397 1690 Λόγου
419 1656 467 1682 τοῦ
487 1656 554 1682 Θεοῦ
570 1653 594 1690 ᾧ
608 1659 778 1693 παρομαρτεῖ
793 1657 873 1684 δυνα-

95 1699 168 1734 μένην
177 1719 184 1731 ,
199 1700 262 1727 οὔτε
289 1701 359 1736 πρὸς
374 1702 403 1728 τὸ
414 1702 587 1738 ἀνύπαρκτον
602 1704 796 1738 ἀναχεομένην,
806 1703 874 1730 ἀλλὰ

95 1743 301 1780 καθ’όμοιότητα
314 1745 362 1772 τοῦ
376 1746 443 1772 Θεοῦ
458 1747 545 1781 Λόγου
558 1747 617 1774 καθ’
634 1748 781 1774 ὑπόστασιν
794 1747 875 1775 οὖσαν

95 1791 287 1826 προαιρετικὴν,
305 1792 489 1827 αὐτοκίνητω),
502 1793 624 1829 ἐνεργὸν,
642 1794 755 1820 πάντοτε
767 1795 796 1821 τὸ
806 1795 870 1828 ἁγα-

96 1834 135 1861 θὸν
149 1836 326 1872 αἱρουμένην,
340 1839 386 1864 καὶ.
398 1838 465 1873 πρὸς
481 1839 571 1866 πᾶσαν
585 1840 713 1875 πρόθεσιν
729 1841 876 1877 σύνδρομον

95 1882 182 1916 ἔχουσα
199 1882 236 1919 [ν]
250 1885 287 1919 τῇ
304 1884 430 1919 βουλήσει
446 1885 494 1921 τὴν
508 1885 628 1921 δύναμιν.

396 1974 520 2001 ΚΕΦΛΛ.
537 1975 575 2001 I".

129 2015 204 2043 Ὥστε
218 2018 262 2044 τὸν
280 2018 406 2054 ἀκριϐῶς
420 2020 453 2060 ’ρὰ
469 2019 536 2055 βάθη
548 2019 597 2047 τοῦ
606 2020 755 2057 μυστηρίου
771 2021 878 2048 διασκο-

96 2063 228 2098 πούμενον,
243 2065 274 2090 ἐν
303 2065 352 2099 μὲν
368 2066 401 2101 τῇ
428 2065 499 2101 ψυχῇ
517 2066 587 2093 κατὰ
602 2066 632 2093 τὸ
646 2067 803 2103 ἀπόρρητον
829 2076 878 2103 με-

96 2107 164 2143 τρίαν
172 2109 232 2136 τινὰ
247 2110 415 2146 κατανόησιν
430 2111 480 2146 τῆς
490 2111 559 2138 κατὰ
571 2112 621 2147 τὴν
635 2111 798 2146 θεογνωσίαν
807 2113 879 2139 διδα-

1225 145 1339 175 CAPUT
1358 145 1390 173 ll.

947 203 1087 237 Quomodo
1102 207 1191 232 autem
1205 211 1237 232 ex
1248 204 1282 231 iis
1298 211 1358 239 quae
1375 205 1439 230 sunt
1454 202 1481 230 in
1491 202 1580 235 nobis,
1598 204 1692 230 analo—

911 251 970 285 gice
982 249 1098 277 Verbum
1117 249 1295 284 cognovimus
1310 250 1336 276 in
1364 256 1491 283 suprema
1511 253 1618 281 natura,
1646 255 1693 275 eo-

911 295 973 322 dem
985 295 1065 322 modo
1078 295 1159 322 etiam
1175 294 1343 322 adducemur
1359 295 1392 322 ad
1410 295 1547 322 notionem
1565 293 1694 329 Spiritus.

911 339 1056 367 inetfabilis
1075 340 1200 374 potentia:
1217 339 1327 367 umbras
1343 340 1474 372 quasdam
1492 343 1519 367 et
1547 339 1695 367 simulacra

912 386 939 414 in
953 390 1045 414 nostra
1065 386 1280 421 contemplantes
1295 389 1403 412 natura.
1431 386 1483 413 Sed
1499 386 1526 413 in
1541 386 1620 413 nobis
1635 386 1697 420 qui-

912 432 972 459 dem
991 431 1103 466 spiritus
1129 437 1170 458 est
1198 430 1267 458 aeris
1290 430 1425 461 attractio,
1441 431 1480 458 rei
1505 431 1610 462 alienae.
1637 438 1697 465 qum

913 477 1070 505 necrssario
1089 477 1234 503 attrahitur
1250 480 1277 503 et
1295 475 1470 510 profunditur
1501 476 1534 503 ad
1561 477 1696 504 constitu-

914 523 1014 550 tionem
1035 522 1168 557 corporis,
1182 529 1242 557 qua:
1259 521 1380 556 quidem,
1398 521 1461 548 dum
1474 522 1584 548 verbum
1595 521 1699 549 emitti-

914 572 968 601 tur,
984 568 1012 594 llt
1030 575 1092 600 vox,
1106 568 1133 594 in
1156 568 1245 602 seipsa
1266 567 1410 594 declarans
1424 567 1476 594 vim
1493 566 1578 594 verbi.
1610 567 1639 593 ln
1657 567 1698 594 di-

914 615 976 642 vina
986 618 1077 641 autem
1090 617 1200 646 natura,
1212 621 1272 641 esse
1285 613 1394 648 quidem
1409 613 1454 640 Dei
1471 612 1612 646 Spiritum,
1624 613 1698 647 pium

913 664 955 688 est
971 660 1166 690 existimatum,
1185 659 1322 694 quomodo
1350 658 1441 684 datum
1462 661 1504 684 est
1531 664 1592 684 esse
1616 656 1697 683 etiam

915 705 962 733 Dei
977 704 1106 737 Verbum,
1123 708 1265 739 propterea
1277 703 1350 738 quod
1364 711 1418 730 non
1436 706 1560 738 oporteat
1574 702 1620 729 Dei
1633 701 1701 729 Ver—

915 751 978 778 bum
991 750 1112 778 deterius
1127 757 1197 782 esse,
1212 754 1238 777 et
1249 750 1333 784 magis
1350 749 1465 776 deficere
1479 756 1560 783 quam
1576 751 1699 775 nostrum

915 797 1038 827 verbum,
1050 796 1182 830 siquidem
1200 803 1261 822 cum
1279 796 1329 822 hoc
1342 796 1531 823 consideretur
1544 803 1605 822 ctnn
1625 794 1701 829 spiri-

916 846 955 873 tu,
972 842 1100 869 credatur
1112 842 1178 868 illud
1192 849 1252 869 esse
1265 842 1323 869 sine
1343 841 1457 876 Spiritu.
1491 841 1586 876 Neque
1611 846 1700 867 tamen

915 887 949 914 ad
974 887 1061 914 nostri
1092 887 1204 922 spiritus
1235 887 1441 914 similitudinem
1468 886 1639 914 extrinsecus
1667 886 1700 913 ad

916 933 1000 960 Deum
1016 933 1137 964 afﬂuere,
1153 937 1179 960 et
1194 934 1219 960 in
1233 941 1265 960 eo
1279 932 1336 960 fieri
1351 932 1494 968 Spiritum,
1514 933 1540 960 id
1557 932 1610 959 Deo
1637 941 1702 960 con-

916 980 1009 1006 venire
1026 979 1249 1006 existimandum.
1264 979 1316 1006 Sed
1334 979 1471 1014 quomodo
1488 987 1549 1005 cutn
1571 979 1618 1005 Dei
1635 977 1702 1006 Ver-

917 1026 981 1053 bum
1000 1025 1212 1058 audivissemus,
1227 1033 1282 1053 non
1296 1033 1350 1052 rem
1363 1033 1424 1053 esse
1437 1025 1556 1060 aliquam
1574 1033 1634 1059 qua:
1648 1032 1702 1051 non

918 1071 1061 1102 consistat,
1076 1071 1195 1098 Verbum
1226 1071 1398 1105 putavimus;
1419 1077 1506 1104 neque
1535 1069 1607 1104 quod
1639 1069 1704 1096 insit

917 1124 949 1144 ex
966 1116 1120 1151 disciplina,
1137 1123 1224 1150 neque
1239 1115 1310 1150 quod
1334 1123 1401 1142 voce
1427 1115 1590 1150 proferatur,
1615 1122 1704 1149 neque

919 1163 990 1198 quod
1007 1170 1068 1190 cum
1081 1162 1162 1190 fuerit
1173 1162 1307 1197 prolatum
1321 1161 1496 1194 dissolvatur,
1515 1169 1602 1196 neque
1614 1161 1705 1196 aliquo

920 1208 973 1235 alio
994 1208 1074 1235 modo
1086 1208 1123 1235 ita
1136 1207 1217 1239 allici,
1230 1215 1284 1242 quo
1296 1207 1419 1234 cernitur
1437 1206 1504 1234 allici
1531 1211 1624 1234 noster
1647 1214 1705 1235 scr-

919 1262 975 1286 mo,
992 1254 1039 1282 sed
1051 1254 1212 1287 consistere,
1227 1258 1255 1280 ut
1272 1254 1308 1279 ita
1323 1253 1421 1285 dicam,
1434 1252 1626 1283 essentialiter,
1644 1252 1708 1278 vim-

919 1307 973 1334 que
985 1299 1085 1326 habere
1096 1299 1223 1334 eligendi,
1250 1306 1366 1333 esseque
1392 1306 1510 1333 operans
1535 1303 1561 1324 et
1578 1298 1706 1332 omnipo—

921 1350 981 1372 tens
994 1353 1000 1372 :
1015 1344 1052 1371 ita
1069 1344 1151 1371 etiam
1164 1351 1225 1371 cum
1238 1343 1285 1383 Dei
1302 1343 1432 1378 Spiritum
1446 1342 1636 1374 didicerimus,
1659 1343 1705 1377 qui

924 1390 1040 1418 Verbum
1057 1391 1245 1424 consequitur,
1261 1394 1288 1417 et
1301 1390 1360 1424 ejus
1377 1389 1496 1416 declarat
1510 1390 1705 1424 operationem,

923 1444 976 1464 non
1004 1436 1180 1469 intelligimus
1208 1436 1300 1462 ﬂatum
1328 1435 1481 1467 anhelitus;
1511 1435 1708 1469 deprimeretur

924 1481 996 1509 enim
1013 1485 1039 1508 et
1055 1480 1088 1507 ad
1118 1481 1228 1507 nimiam
1245 1479 1434 1516 demitteretur
1453 1479 1632 1506 humilitatem
1652 1488 1709 1506 ma-

923 1527 1037 1563 gnitudo
1054 1526 1152 1554 divina:
1168 1526 1306 1561 potentiae,
1324 1525 1347 1552 si
1361 1525 1407 1560 qui
1422 1526 1448 1551 iu
1462 1533 1494 1552 eo
1508 1529 1550 1552 est
1579 1524 1707 1560 Spiritus,

924 1573 1128 1601 existimaretur
1139 1580 1200 1599 esse
1217 1572 1306 1598 instar
1334 1572 1438 1599 nostri:
1470 1571 1516 1599 sed
1536 1571 1708 1598 essentialem

924 1617 1082 1652 potentiam,
1111 1624 1171 1651 qua:
1202 1616 1260 1650 ipsa
1287 1615 1314 1642 in
1331 1616 1420 1650 scipsa
1462 1615 1652 1642 consideratur
1683 1615 1708 1643 in

925 1662 1033 1698 propria
1045 1661 1184 1697 hypostasi
1200 1668 1232 1688 ac
1245 1661 1433 1693 consistentia,
1450 1668 1538 1695 neque
1562 1664 1650 1695 potest
1665 1668 1710 1687 se-

926 1708 1016 1743 parari
1032 1714 1047 1733 a
1063 1707 1118 1734 Deo
1131 1706 1157 1733 in
1172 1713 1226 1740 quo
1241 1710 1294 1739 est,
1309 1710 1355 1732 aut
1370 1713 1385 1732 a
1402 1705 1490 1732 Verbo
1502 1705 1547 1732 Dei
1562 1704 1633 1740 quod
1646 1712 1708 1731 con-

927 1753 1067 1787 sequitur:
1085 1759 1173 1786 neque
1192 1751 1224 1778 ad
1241 1751 1291 1777 hoc
1308 1755 1336 1777 ut
1351 1758 1404 1778 non
1419 1750 1464 1784 sit,
1477 1750 1637 1781 effunditur,
1651 1749 1711 1780 sed,

926 1798 960 1825 ad
976 1797 1022 1824 Dei
1041 1796 1123 1824 Verbi
1148 1796 1365 1828 similitudinem,
1395 1796 1479 1822 estin
1506 1795 1644 1830 hypostasi
1662 1794 1709 1821 eli-

927 1843 1006 1878 gendi
1021 1843 1046 1870 vi
1062 1842 1174 1877 prtedita
1192 1849 1240 1877 per
1251 1849 1280 1869 se
1295 1842 1398 1874 mobili,
1416 1845 1555 1877 operante,
1566 1845 1592 1868 et
1606 1847 1712 1875 semper

927 1886 1029 1913 bonum
1044 1886 1171 1920 eligente,
1188 1889 1214 1912 et
1232 1885 1264 1912 ad
1285 1893 1364 1912 omne
1382 1885 1549 1920 propositum
1577 1893 1638 1912 cum
1668 1893 1714 1911 νυν

930 1929 1033 1956 luntate
1046 1934 1254 1956 concurrentem
1273 1930 1388 1957 lrabente
1405 1929 1562 1964 potentiam.

1223 1973 1336 2001 CAPUT
1359 1973 1402 2002 Ill.

964 2021 1015 2053 Qui
1027 2021 1117 2056 itaque
1131 2020 1273 2054 diligenter
1284 2024 1312 2047 et
1324 2023 1451 2047 accurate
1467 2018 1643 2047 considerant
1655 2027 1712 2056 my-

929 2067 1004 2095 sterii
1018 2066 1232 2102 profunditatem
1243 2086 1251 2098 ,
1262 2067 1290 2093 in
1304 2066 1395 2093 anima
1405 2065 1516 2101 quidem
1532 2073 1633 2093 arcana
1644 2074 1713 2101 qua-

930 2113 991 2140 dam
1010 2113 1116 2140 ratione
1141 2112 1307 2139 mediocrem
1330 2111 1430 2147 accipit
1446 2111 1653 2146 intelligentiam
1670 2111 1715 2138 do.

95 2155 197 2187 σκα).ία;
210 2156 321 2189 λαϐεῖν,
338 2157 376 2192 μὴ
390 2157 479 2192 μέντοι
494 2158 621 2184 δύνασθαι
631 2158 701 2194 λόγῳ
714 2159 866 2195 διασαφῆσα

930 2159 1026 2185 ctrina:
1045 2157 1091 2185 Dei
1106 2157 1270 2192 cognitionis
1282 2176 1289 2188 ,
1307 2156 1431 2184 oratione
1443 2161 1533 2184 tamen
1552 2163 1606 2183 non
1627 2160 1716 2191 potest

94 2200 136 2236 τὴν
150 2202 344 2238 ἀνέκφραστον
366 2204 467 2239 ταύτην
481 2204 527 2230 τοῦ
549 2205 698 2241 μυστηρίου
719 2205 855 2241 βαθύτητα
870 2215 877 2222 ·

94 2247 146 2278 πῶς
156 2248 186 2274 τὸ
198 2249 267 2275 αὐτὸ
292 2248 339 2275 καὶ
351 2249 501 2284 ἀριθμητόν
521 2249 578 2276 ἐστι
589 2270 596 2281 ,
613 2250 659 2276 καὶ
672 2250 812 2285 διαφεύγει
830 2251 879 2285 τὴν

94 2293 278 2329 ἐξαρίθμησιν,
298 2295 344 2320 καὶ
358 2295 529 2330 διῃρημένως
547 2296 657 2331 ὁρᾶται,
675 2297 721 2323 καὶ
740 2297 769 2323 ἐν
787 2297 880 2332 μονάδι

95 2339 343 2374 καταλαμϐάνεται,
359 2341 405 2366 καὶ
422 2340 591 2376 διακέκριται
613 2343 644 2376 τῇ
661 2342 817 2375 ὑποστάσει,
833 2343 880 2369 καὶ

95 2384 120 2409 οὗ
134 2385 303 2420 μεμέρισται
318 2384 356 2420 τῷ
372 2386 552 2420 ὑποκειμένῳ,
569 2386 694 2413 manu
720 2387 800 2414 πάλιν
812 2388 881 2413 ἐκεῖ-

94 2428 163 2461 νο,οὖ
177 2431 226 2457 καὶ
237 2431 252 2457 ὁ
263 2430 352 2464 Λόγος
369 2431 427 2456 ἐστὶ
440 2431 487 2457 καὶ
504 2430 535 2457 τὸ
554 2431 674 2467 Πνεῦμα.
691 2432 759 2458 Ἀλλ’
771 2432 881 2459 ἐπειδὰν

94 2476 120 2502 τὺ
132 2477 343 2513 διακεκριμένον
356 2478 384 2504 έν
399 2477 502 2509 τούτοις
512 2479 690 2513 κατανοήσῃς,
706 2479 785 2506 πάλιν
799 2480 815 2514 ἡ
832 2480 881 2514 τῆς

96 2523 193 2556 φύσεως
213 2524 313 2558 ἑνότης
328 2524 374 2550 τὸν
389 2523 566 2559 διαμερισμὸν
588 2524 617 2550 οὐ
637 2525 794 2559 προσίεται·
811 2525 881 2551 ὥστε

97 2568 158 2603 μήτε
167 2570 197 2595 τὴ
209 2570 262 2603 τῆς
274 2569 424 2605 μοναρχίας
437 2570 576 2605 σχίζεσθαι
591 2570 689 2605 κράτος
701 2571 741 2602 είς
755 2570 881 2607 Θεότητας

95 2613 234 2650 διαφόρους
263 2615 508 2650 κατατεμνόμενον,
531 2616 598 2650 μήτε
624 2616 662 2651 τῷ
683 2616 820 2651 Ἰουδαῖκῷ
838 2616 882 2642 δό-

96 2666 175 2692 γματι
195 2659 359 2694 συμϐαίνειν
373 2659 418 2685 τὸν
432 2659 519 2693 λόγον,
534 2659 601 2685 ἀλλᾶ
614 2659 658 2685 διὰ
672 2659 752 2694 μέσον
772 2659 825 2686 τῶν
838 2659 884 2686 δύο

96 2704 255 2739 ὺπολήψεων
285 2706 384 2740 χωρεῖν
404 2704 453 2740 τὴν
470 2704 607 2739 ἀλήθειαν,
624 2704 757 2740 ἑκατέραν
776 2713 805 2730 τε
829 2705 883 2732 τῶν

96 2751 224 2784 αἱρέσεων
243 2751 439 2786 καθαιροῦσαν,
461 2751 508 2777 καὶ
527 2751 572 2785 ἀφ’
592 2751 722 2786 ἑκατέρας
738 2751 884 2787 παραδεχο-

97 2797 176 2832 μένην
193 2797 226 2824 τὸ
241 2798 388 2834 χρήσιμον.
407 2797 460 2824 Τοῦ
477 2797 526 2832 μὲν
544 2797 598 2833 γὰρ
610 2798 735 2825 Ἰουδαίου
747 2798 884 2836 καθαιρεῖ-

931 2204 1093 2231 inelfabilem
1108 2203 1214 2238 aperire
1229 2202 1443 2237 profunditatem
1459 2201 1581 2237 mysterii
1596 2211 1603 2235 ;
1619 2209 1717 2237 nempe

931 2248 1068 2285 quomodo
1079 2249 1149 2276 idem
1161 2252 1187 2275 et
1200 2247 1276 2275 cadat
1290 2249 1341 2275 sub
1352 2255 1506 2280 numerum,
1516 2251 1543 2274 et
1555 2255 1609 2275 non
1621 2247 1716 2278 cadat,

931 2300 957 2323 et
969 2295 1087 2322 divisum
1103 2297 1241 2326 cernatur,
1257 2298 1283 2321 et
1297 2293 1545 2328 c0mprehendatur
1559 2293 1585 2321 iu
1601 2293 1716 2324 unitate,

932 2341 1146 2375 distinctumque
1161 2341 1196 2367 sit
1211 2347 1242 2367 ac
1258 2339 1406 2366 discretum
1423 2339 1601 2366 consistentia
1628 2343 1655 2366 et
1669 2339 1718 2374 by-

932 2387 1051 2422 postasi,
1063 2389 1090 2414 et
1102 2385 1223 2420 subjecto
1237 2393 1289 2412 non
1303 2385 1339 2412 sit
1351 2385 1467 2412 divisum
1477 2405 1485 2417 ,
1496 2388 1522 2412 et
1535 2392 1632 2412 rursus
1644 2385 1716 2412 aliud

933 2433 986 2465 sit,
1003 2432 1082 2467 cujus
1099 2435 1141 2459 est
1153 2431 1271 2459 Verbum
1287 2435 1313 2458 ct
1327 2431 1457 2466 Spiritus.
1474 2430 1526 2458 Sed
1540 2434 1716 2465 posteaquam

933 2468 1081 2505 discrimen
1095 2478 1122 2504 in
1136 2477 1179 2504 his
1196 2477 1362 2504 intellexeris
1372 2498 1379 2509 ,
1397 2481 1500 2503 natura:
1514 2484 1611 2504 rursus
1628 2475 1718 2502 unitas

933 2531 987 2550 non
1005 2523 1126 2550 admittit
1139 2523 1322 2550 divisionem:
1347 2522 1416 2550 adeo
1440 2527 1470 2549 ut
1497 2530 1584 2556 neque
1608 2529 1718 2548 monar-

933 2569 1002 2596 chiae
1029 2569 1184 2596 dominatus
1210 2568 1351 2596 scindatur
1378 2569 1404 2595 in
1434 2568 1556 2595 diversas
1579 2567 1717 2595 dissectus

934 2615 1068 2647 unitates,
1089 2622 1178 2649 neque
1198 2618 1330 2649 congruat
1346 2615 1371 2641 id
1385 2614 1457 2649 quod
1474 2613 1573 2640 dicitur
1585 2621 1646 2640 eum
1661 2613 1717 2641 άο-

933 2664 1023 2696 gmate
1034 2659 1164 2693 Iudaico;
1179 2660 1224 2687 sed
1238 2668 1284 2695 per
1298 2659 1416 2687 medium
1432 2660 1547 2686 duarum
1559 2659 1717 2693 opinionum

935 2706 1065 2741 procedat
1076 2706 1178 2733 veritas
1188 2727 1196 2739 ,
1212 2709 1238 2733 ct
1257 2711 1400 2741 utramque
1420 2705 1517 2732 tollens
1533 2704 1659 2732 haeresim
1670 2726 1677 2739 ,
1691 2711 1719 2733 et

936 2753 969 2779 ab
985 2756 1100 2787 utraque
1116 2752 1254 2786 accipiens
1271 2752 1298 2778 id
1314 2751 1386 2786 quod
1402 2755 1444 2778 est
1459 2750 1531 2777 usui.
1549 2749 1616 2777 Nam
1633 2751 1719 2782 Judaei

935 2798 1044 2834 quidem
1074 2797 1172 2834 dogma
1200 2798 1286 2832 tollit,
1310 2803 1337 2824 et
1352 2795 1469 2824 Verbum
1486 2795 1672 2830 admittendo,
1693 2801 1720 2823 et
