1954 3081
261 98 295 127 19
875 101 905 129 S.
925 99 1090 130 GREGORII
1118 99 1265 131 NYSSENI
1850 100 1886 128 20

257 159 395 188 credendo
409 156 560 196 Spiritum:
575 167 671 192 eorum
684 166 775 189 autem
791 162 838 198 qui
853 167 927 190 stant
941 171 956 190 a
970 162 1040 190 Grai‘

1094 171 1140 189 ται
1150 162 1180 189 τὺ
1194 162 1291 197 δόγμα,
1308 163 1342 198 τῇ
1360 170 1390 189 τε
1401 162 1449 189 τοῦ
1461 161 1547 196 Λόγου
1561 161 1711 197 παραδοχῇ,
1728 161 1774 188 καὶ
1791 163 1824 197 τῇ
1841 163 1888 189 πί-

258 206 299 234 cis
313 206 438 234 aboletur
453 214 529 235 error
546 207 692 235 multorum
708 206 821 235 deorum
833 228 840 240 .
863 216 895 236 ea
917 217 978 244 quae
999 213 1042 237 est

260 250 411 278 secundum
428 255 552 278 naturam
568 251 674 279 unitate
688 252 932 281 circumscribente
951 258 978 281 et
999 261 1042 280 ar-

258 300 337 324 cente
353 296 500 324 multorum
516 296 699 332 phantasiam.
718 297 825 326 Rursus
839 303 930 326 autem
945 306 978 326 ex
995 297 1042 325 Ju-

257 342 335 371 daica
351 341 478 376 opinione
495 346 602 371 maneat
617 347 720 372 natura:
738 345 826 373 unitas
836 365 843 377 .
859 353 891 372 ex
905 352 938 372 eo
951 349 1040 372 autem

256 387 328 423 quod
343 387 429 414 Graeci
445 388 603 423 opinantur,
620 390 678 418 sola
693 390 824 419 discretio
840 391 867 418 in
884 391 1041 427 hypostasi-

256 434 323 465 bus,
340 433 430 467 impize
447 434 570 469 opinioni
586 436 715 470 utrinque
730 444 852 472 congruo
867 437 989 464 adhibito
1003 444 1043 464 re-

255 477 354 504 medio.
370 477 418 504 Est
433 479 507 506 enim
527 480 610 507 veluti
630 480 753 515 qumdam
776 481 911 509 medicina
922 501 929 514 ,
945 489 1040 509 eorum

239 522 364 558 ‘quidem
382 523 428 558 qui
447 525 474 551 in
494 533 548 552 uno
564 525 710 558 aberrant.
727 535 858 557 numerus
875 527 1017 556 Trinitatis
1032 537 1039 555 :

253 572 350 593 eorum
367 572 456 594 autem
473 569 519 603 qui
536 574 601 596 sunt
626 570 743 606 dispersi
768 571 794 598 iu
821 572 1040 605 multitudinem,

253 611 324 639 ratio
341 613 462 640 unitatis.

561 659 675 688 CAPUT
694 660 738 689 iV.
763 659 767 663 ’

291 702 340 731 Sin
353 709 442 732 autem
455 705 586 734 adversus
601 706 658 734 lucc
672 707 842 735 contradicat
854 707 974 740 Judreus,
988 716 1041 736 non

257 748 350 784 utique
371 758 404 777 ex
426 750 485 785 ejus
505 752 621 786 propriis
636 752 753 780 dillieilis
775 754 827 780 erit
847 754 926 782 nobis
947 754 1042 780 adver-

256 801 303 820 sus
319 793 394 820 illum
415 794 586 830 disceptatio.
613 796 650 823 Ex
673 796 706 824 iis
730 797 800 824 enim
823 797 996 824 documentis
1014 797 1041 823 in

1095 216 1153 234 στει
1171 207 1217 234 τοῦ
1234 207 1407 243 [Ινειῖμιιιτος⁸
1424 207 1478 234 τῶν
1492 207 1521 234 δὲ
1543 206 1750 242 Ἑλληνιζόντων
1768 208 1786 243 ὴ
1803 207 1888 234 πολύ-

1093 252 1153 284 θεος
1174 252 1365 286 ὲξαφανίζεται
1393 253 1492 287 πλάνη,
1509 253 1559 288 τῆς
1572 253 1642 279 κατὰ
1657 252 1737 286 φύσιν
1756 253 1887 287 ἑνότητος

1093 297 1345 334 παραγραφομένης
1357 297 1406 333 τὴν
1421 298 1604 334 πληθυντικὴν
1619 296 1778 332 φαντασίαν.
1798 298 1886 325 Πάλιν

1092 343 1120 370 δὲ
1132 343 1165 370 ἂν
1178 343 1209 370 ὲκ
1220 345 1268 379 τῆς
1284 343 1432 379 Ἰουδαϊκῆς
1446 343 1604 379 ὑπολήψεως
1618 345 1636 380 ὴ
1645 345 1695 379 τῆς
1708 343 1816 379 φύσεως
1827 343 1888 370 ἑνό-

1091 397 1142 424 της
1153 389 1335 425 παραμενέτω
1347 398 1353 406 ·
1370 391 1402 416 ὲκ
1414 389 1442 416 δὲ
1453 389 1501 416 τοῦ
1514 389 1703 426 Ἑλληνισμοῦ,
1717 390 1734 425 η
1749 390 1821 416 κατὰ
1833 389 1886 421 τὰς

1092 435 1255 467 ὑποστάσεις
1269 435 1404 471 διάκρισις
1420 435 1499 471 μόνη,
1517 434 1731 471 θεραπευθείσης
1743 435 1885 470 ἑκατέρω-

1093 481 1138 508 οεν
1161 481 1333 517 καταλλήλως
1356 481 1406 515 τῆς
1434 481 1550 513 ἀσεϐοῦς
1574 480 1710 512 ὑπονοίας.
1731 480 1810 507 Ἐστι
1828 480 1886 516 γὰρ

1092 526 1186 561 ὥσπερ
1204 535 1244 557 τις
1261 526 1393 562 Θεραπεία
1423 527 1475 553 τῶν
1497 527 1546 562 μὲν
1559 526 1624 562 περὶ
1640 526 1670 552 τὸ
1687 525 1717 553 ἓν
1737 526 1885 561 πλανωμέ-

1092 580 1146 599 νων
1161 571 1175 597 ό
1191 570 1307 606 ἀριθμὸς
1319 572 1368 607 τῆς
1388 572 1516 607 Τριάδος·
1531 572 1584 599 τῶν
1596 572 1624 599 δὲ
1640 573 1680 603 εἰς
1690 571 1792 607 πλῆθος
1804 573 1885 598 taxe-

1093 617 1245 652 δασμένων,
1262 618 1277 643 ὸ
1289 618 1337 652 τῆς
1352 617 1476 652 ἑνότητος
1495 617 1586 651 λόγος.

1403 663 1526 689 ΚΕΦΔΛ.
1544 664 1580 688 Δ’.

1128 708 1160 734 El
1177 709 1205 735 δὲ
1221 708 1356 742 ἀντιλέγει
1370 707 1473 739 τούτοις
1487 708 1502 734 ὁ
1527 707 1660 739 Ἰουδαῖος,
1675 707 1763 734 οὐκέτ’
1772 707 1806 734 ἃν
1816 708 1884 743 ἡμῖν

1093 755 1124 781 ὲκ
1137 755 1183 782 τοῦ
1198 756 1262 782 ἰδίου
1274 754 1402 786 δύσκολος
1414 755 1428 781 ό
1440 754 1508 790 πρὸς
1522 755 1624 781 ἐκεῖνον
1638 755 1782 790 γενήσεται
1791 754 1882 788 λόγος.

1099 799 1147 826 Ἐκ
1156 800 1211 835 γὰρ
1222 800 1276 826 τῶν
1290 799 1445 835 συντρόφων
1456 799 1530 834 αὐτῷ
1541 799 1712 834 διδαγμάτων
1725 800 1742 834 ἡ
1755 800 1804 834 τῆς
1818 800 1884 835 ἀλη-

255 840 355 875 quibus
372 845 414 869 est
427 841 558 870 educatus
569 863 575 875 ,
589 842 711 870 veritatis
728 843 780 870 erit
796 843 955 870 deelaratio.
971 842 1038 870 Esse

1093 844 1162 876 θείας
1177 844 1252 871 ἔσται
1268 844 1427 879 φανέρωσις.
1445 844 1481 871 Τὸ
1491 844 1544 879 γὰρ
1560 841 1628 871 εἶναι
1645 845 1731 878 Λόγον
1744 845 1824 877 Θεοῦ,
1835 845 1884 871 καὶ

255 885 327 912 enim
344 885 459 913 Verbum
476 887 521 914 Dei
533 907 539 920 ι
552 892 579 915 et
592 887 723 923 Spiritum
734 887 791 920 Dei,
805 892 964 923 potestates,
978 896 1038 923 qua-

255 932 410 959 consistunt
425 933 616 966 essentialiter,
637 937 665 961 et
686 938 750 961 sunt
770 935 917 962 eﬂicientes
941 942 1036 962 eorum

255 984 317 1010 quae
332 977 403 1004 facta
416 982 489 1010 sunt,
512 983 537 1006 et
559 987 590 1006 ea
608 987 668 1015 quze
689 985 762 1012 sunt,
778 981 933 1012 continent,
948 988 980 1007 ex
997 980 1038 1006 di-

253 1023 359 1050 vinitus
381 1024 520 1058 inspiratis
539 1024 691 1061 Scripturis
714 1026 854 1054 evidenter
871 1025 1035 1054 ostenditur.

256 1067 359 1096 Suﬁicit
375 1074 482 1101 autem.
509 1078 570 1098 cum
592 1072 796 1100 meminerimus
817 1073 899 1100 unius
916 1073 1039 1100 testimo-

255 1113 407 1151 nii,_plura
432 1114 595 1144 invenienda
619 1117 774 1152 relinquere
789 1117 931 1145 studiosis.
954 1117 1038 1144 Verbo

254 1157 382 1191 Domini,
398 1159 502 1195 inquit,
527 1161 584 1188 caeli
603 1163 704 1197 ﬁrmati
723 1167 783 1190 sunt
796 1184 803 1196 ,
819 1168 844 1190 et
865 1162 967 1197 Spiritu
985 1163 1038 1190 oris

254 1204 312 1239 ejus
328 1206 410 1232 omnis
427 1207 508 1233 virtus
522 1215 612 1234 eorum
630 1208 649 1234 ‘.
667 1208 726 1241 Quo
742 1207 842 1241 Verbo,
859 1214 886 1236 et
903 1216 956 1244 quo
975 1207 1038 1243 Spi-

254 1250 329 1278 ritu?
339 1250 430 1286 Neque
443 1252 513 1280 enim
528 1252 611 1281 dictio
623 1258 664 1281 est
676 1253 791 1282 Verbum
800 1274 808 1286 ,
819 1262 907 1289 neque
920 1254 1039 1289 Spiritus

255 1297 402 1325 anhelitus.
412 1296 536 1326 Sicenim
550 1299 582 1326 ad
598 1303 698 1328 nostra:
713 1304 817 1327 naturae
831 1300 1037 1328 similitudinem

255 1341 327 1369 Deus
345 1350 455 1378 quoque
475 1343 555 1371 homo
571 1343 663 1376 ﬁeret,
678 1344 813 1378 ejusmodi
829 1351 937 1379 quoque
955 1344 1038 1371 verbo

255 1391 281 1414 et
292 1387 391 1422 spiritu
405 1388 444 1415 uti
457 1388 642 1417 universitatis
655 1390 778 1424 opiﬁcem
791 1394 952 1417 statuerent.
965 1390 1041 1422 Quae.

256 1439 318 1459 nam
331 1436 422 1461 autem
437 1437 511 1460 tanta
527 1434 614 1462 virtus
631 1434 814 1469 proﬁciscitur
832 1442 846 1461 a
861 1435 968 1467 verbis.
983 1439 1010 1462 et
1023 1443 1038 1461 a

255 1477 354 1512 spiritu
366 1497 374 1510 ,
397 1482 427 1504 ut
447 1478 563 1506 suﬂiciat
582 1479 616 1506 ad
639 1480 738 1506 ccelum
755 1479 995 1513 constituendum,
1013 1484 1039 1507 et

256 1530 317 1557 qua:
340 1523 368 1550 in
391 1530 424 1550 eo
440 1528 505 1551 sunt
522 1524 658 1552 virtutes?
676 1524 704 1552 Si
718 1525 791 1552 enim
807 1530 909 1552 nostra:
925 1525 1037 1552 dictioni

257 1568 303 1596 Dei
316 1567 435 1596 Verbum
449 1573 492 1597 est
507 1570 610 1602 simile,
626 1575 652 1598 et
665 1570 784 1606 Spiritus
797 1570 905 1605 spiritui
918 1591 925 1603 ,
939 1571 1039 1599 similis

257 1619 299 1643 est
320 1616 433 1643 omnino
455 1616 543 1644 virtus
564 1624 597 1644 ex
625 1617 778 1648 similibus,
801 1621 828 1644 et
849 1622 966 1652 quantas
991 1625 1037 1644 no-

257 1663 356 1693 strum,
370 1664 460 1688 tantas
470 1660 544 1688 vires
556 1661 638 1688 habet
650 1661 695 1688 Dei
709 1661 834 1688 Verbum.
844 1661 925 1697 Atqui
938 1666 965 1689 et
976 1669 1040 1697 ope-

258 1706 364 1734 ratione
378 1710 442 1734 sunt
455 1711 581 1735 carentes
598 1713 623 1735 et
640 1707 751 1735 minime
772 1709 972 1741 consistentes,
994 1709 1040 1744 qui

257 1759 319 1779 cum
337 1752 428 1780 verbis
442 1757 584 1781 transeunt
599 1754 722 1789 spiritus.
737 1754 796 1787 Quo
809 1755 836 1781 [it
850 1758 879 1782 ut
891 1763 945 1782 non
960 1763 1042 1790 agen-

258 1802 316 1831 tes,
331 1803 358 1825 et
372 1806 426 1825 non
448 1799 631 1827 consistentes
652 1799 713 1828 illos
727 1801 838 1828 onmino
853 1801 1022 1828 c0nstituant
1032 1820 1040 1832 ,

258 1844 306 1877 qui
320 1843 353 1870 ad
371 1844 456 1871 nostri
471 1844 546 1872 verbi
561 1845 767 1873 similitudinem
787 1845 833 1873 Dei
848 1845 969 1873 Verbum
991 1845 1040 1874 de-

259 1890 370 1917 ducunt.
389 1889 436 1917 Sin
454 1895 542 1918 autem
554 1911 562 1924 ,
579 1895 608 1918 ut
623 1891 690 1918 dicit
704 1892 786 1919 David
797 1912 804 1924 ,
820 1891 909 1919 Verbo
925 1892 972 1920 Dei
997 1893 1043 1919 lir-

259 1935 325 1961 mati
340 1940 405 1962 sunt
420 1935 496 1968 cmli,
509 1940 537 1964 et
549 1944 644 1964 eorum
659 1937 772 1964 virtutes
786 1938 940 1965 consistunt
954 1938 982 1965 iu
996 1938 1042 1966 Dei

260 1978 373 2013 Spiritu,
396 1985 506 2009 constat
529 1990 595 2017 ergo
619 1983 780 2018 mysterium
803 1984 942 2016 veritatis.
969 1983 1043 2018 quod

259 2026 344 2054 dictat
358 2034 420 2054 esse
436 2027 582 2056 dicendum
595 2027 714 2057 Verbum
730 2029 758 2056 in
770 2030 886 2058 essentia
896 2048 903 2062 ,
916 2034 943 2057 et
957 2030 1044 2065 Spiri-

260 2075 318 2098 tum
333 2071 360 2099 in
376 2072 524 2109 hypostasi.

561 2160 675 2190 CAPUT
694 2161 731 2189 V-

296 2203 350 2230 Sed
366 2202 413 2230 Dei
426 2203 535 2238 qurdem
549 2211 610 2232 esse
621 2205 740 2233 Verbum
755 2209 781 2233 et
795 2206 926 2241 Spiritum
937 2225 945 2238 ,
959 2210 986 2234 et
999 2214 1046 2242 per

261 2256 420 2277 communes
437 2249 565 2278 notiones
579 2250 707 2282 Graecus,
722 2255 749 2279 et
764 2259 811 2286 per
828 2252 984 2287 Scripturas
998 2251 1045 2280 Ju-

260 2296 336 2323 drcus
349 2295 466 2324 fortasse
482 2304 537 2324 non
552 2298 722 2326 contradicct
735 2307 742 2332 ;
758 2302 785 2325 at
801 2298 847 2326 Dei
863 2298 944 2326 Verbi
960 2298 1044 2326 homi-

261 2342 304 2370 nis
321 2341 385 2368 l'acti
402 2342 631 2377 dispensationem
657 2347 772 2378 uterque
797 2351 890 2371 eorum
915 2351 948 2371 ex
966 2351 1045 2379 aequo

261 2386 419 2422 reprobztbit
429 2408 436 2420 ,
450 2392 478 2414 ut
492 2395 552 2422 qua:
566 2389 601 2415 sit
614 2388 726 2416 minime
740 2389 906 2424 probabilis,
922 2394 947 2416 et
962 2397 1044 2424 quam

261 2432 295 2458 de
310 2431 365 2459 Deo
378 2431 469 2459 dicere
481 2433 592 2461 minime
603 2434 757 2462 conveniat.
774 2433 811 2460 Ex
825 2434 879 2461 alio
892 2443 958 2470 ergo
971 2435 1046 2470 prin-

261 2478 333 2513 cipio
347 2478 513 2507 adducemus
527 2487 573 2507 eos
589 2481 634 2516 qui
650 2480 858 2514 contradicunt,
874 2485 902 2508 ut
918 2481 971 2508 hoc
986 2489 1045 2509 cre—

219 2534 222 2535 ν
261 2522 345 2556 dant,
366 2531 472 2560 nempe.
489 2525 641 2554 Credantne
657 2526 745 2554 Verbo
764 2532 790 2554 et
805 2527 937 2562 sapientia
953 2528 1043 2554 omnia

261 2577 323 2597 esse
346 2570 416 2597 facta
439 2571 474 2598 ab
494 2580 527 2599 eo
548 2573 594 2608 qui
616 2573 737 2601 condidit
758 2573 988 2600 universitatem?
1009 2580 1043 2599 an

262 2616 343 2652 hujus
373 2625 482 2653 quoque
511 2619 722 2647 existimationis
753 2620 832 2647 iidem
859 2618 967 2646 dillieile
998 2618 1046 2644 ad-

263 2663 394 2690 mittant?
418 2663 470 2692 Sed
492 2665 514 2692 si
539 2673 593 2692 non
617 2665 741 2692 dederint
753 2664 870 2691 Verbum
885 2672 933 2691 seu
959 2663 1044 2691 ratio-

262 2715 341 2741 nem,
369 2714 395 2736 et
422 2710 583 2745 sapientiam
612 2711 697 2738 fuisse
724 2710 820 2737 ducem
850 2717 940 2738 rerum
966 2717 1043 2738 crea-

302 2800 309 2815 ¹
328 2798 399 2826 l‘sul.
421 2808 506 2833 xxx“,
525 2800 551 2828 6.

1089 889 1200 925 Πνεῦμα
1208 889 1274 916 Θεοῦ
1281 889 1415 920 οὐσιωδῶς
1425 889 1582 924 ὑφεστώσας
1590 889 1726 924 δυνάμεις,
1737 890 1884 924 ποιητικάς

1088 943 1117 962 τε
1132 935 1186 962 τῶν
1199 935 1399 970 γεγενημένων,
1413 936 1460 962 καὶ
1476 934 1651 968 περιεκτικὰς
1669 935 1723 961 τῶν
1739 935 1833 968 ὕντων,
1850 936 1884 962 ὲκ

1088 981 1141 1008 τῶν
1167 980 1351 1008 θεοπνεύστων
1375 980 1490 1015 Γραφῶν
1507 980 1709 1016 ἐναργέστερον
1734 980 1882 1008 δείκνυται.

1095 1027 1186 1062 ’Λρκεί
1198 1027 1226 1054 δὲ
1242 1027 1306 1062 μιᾶς
1322 1026 1471 1062 μαρτυρίας
1484 1025 1716 1060 ἑπιμνησθένταςζ
1726 1027 1782 1057 τοῖς
1805 1026 1882 1060 φιλο-

1089 1073 1249 1108 πονωτέροις
1263 1072 1423 1100 καταλιπεῖν
1432 1071 1485 1097 τῶν
1503 1071 1632 1098 πλειόνων
1643 1071 1692 1106 τὴν
1705 1071 1822 1106 εὕρεσιν.
1840 1071 1883 1104 Τῷ

1088 1119 1173 1152 Λόγῳ
1185 1118 1237 1145 τοῦ
1245 1118 1364 1151 Κυρίου,
1374 1118 1465 1152 φησὶν,
1477 1117 1503 1143 οὶ
1511 1116 1631 1150 οὐρανοὶ
1642 1117 1877 1150 ἐστερεώθησαν.

1089 1163 1196 1196 καὶτῷ
1210 1163 1358 1197 Πνεύματι
1384 1162 1437 1189 τοῦ
1461 1162 1610 1196 στόματος
1634 1161 1737 1192 αὐτοῦ,
1760 1161 1846 1188 πᾶσα
1861 1162 1880 1195 ἠ

1088 1209 1214 1244 δύναμις
1228 1207 1335 1235 αὐτῶν.
1355 1207 1427 1243 Ποίῳ
1453 1207 1532 1242 Λόγῳ
1557 1208 1604 1234 καὶ
1631 1207 1699 1241 ποίῳ
1716 1206 1879 1241 [Ii/stipati;

1089 1253 1157 1280 οὔτε
1175 1254 1228 1289 γὰρ
1245 1253 1319 1289 ῥῆμα
1329 1253 1344 1279 ὁ
1360 1253 1445 1286 Λόγος
1455 1273 1463 1285 ,
1479 1252 1541 1278 οὔτε
1557 1250 1648 1287 ἆσθμα
1662 1252 1690 1278 τὸ
1705 1251 1826 1286 Πνεῦμα.
1839 1248 1881 1278 ἿΙ

1088 1299 1142 1335 γὰρ
1160 1299 1192 1326 ἂν
1207 1299 1267 1326 καθ’
1279 1299 1425 1334 ὁμοιότητα
1439 1298 1488 1333 τῆς
1514 1298 1648 1333 ἡμετέρας
1664 1297 1771 1331 φύσεως
1784 1297 1833 1323 καὶ
1850 1297 1882 1322 τὸ

1088 1346 1164 1372 Θεῖον
1188 1344 1424 1380 ἒξανϐρωπὶζοιτο,
1441 1344 1486 1370 καὶ
1506 1343 1618 1378 τοιούτῳ
1642 1343 1793 1378 κεχρῆσθαι
1808 1342 1882 1378 λόγῳ

1089 1390 1136 1416 καὶ
1146 1390 1257 1425 τοιούτῳ
1268 1389 1413 1424 πνεύματι,
1425 1389 1469 1415 τὸν
1482 1387 1528 1422 τοῦ
1540 1387 1640 1418 παντὸς
1652 1386 1766 1422 ποιητὴν
1781 1387 1882 1421 δογμα-

1089 1435 1198 1468 τίζοιεν.
1216 1435 1263 1467 Τίς
1287 1435 1308 1461 δ’
1335 1434 1439 1469 οἶχε-ται
1463 1433 1574 1468 δύναμις
1602 1433 1656 1460 ἀπὸ
1679 1433 1809 1468 ῥημάτων
1834 1433 1882 1458 καὶ

1090 1481 1228 1516 ἄσθματος
1253 1479 1420 1515 τηλικαύτη,
1449 1479 1486 1510 ὡς
1511 1478 1638 1513 ἐξαρκεῖν
1665 1478 1732 1513 πρὸς
1763 1477 1880 1512 οὐρανοῦ
1929 1487 1933 1490 ν

1091 1525 1219 1552 σύστασιν
1233 1525 1342 1552 καὶτῶν
1356 1526 1384 1551 ὲν
1396 1524 1499 1556 τούτοις
1513 1524 1669 1558 δυνάμεων;
1682 1523 1711 1550 Εἰ
1724 1523 1777 1558 γὰρ
1788 1523 1882 1557 ὅμοιος

1090 1572 1129 1608 τῷ
1145 1571 1270 1607 ἡμετέρῳ
1295 1572 1396 1606 ῥήματι
1418 1571 1464 1598 καὶ
1480 1572 1493 1597 ό
1509 1570 1556 1597 τοῦ
1577 1570 1644 1596 Θεοῦ
1666 1570 1762 1603 Λόγος,
1779 1569 1827 1596 καὶ
1850 1569 1882 1595 τὺ

1091 1619 1203 1653 Πνεῦμα
1223 1616 1263 1652 τῷ
1282 1616 1426 1652 πνεύματι,
1441 1615 1522 1650 ὁμοία
1537 1615 1643 1646 πάντως
1661 1616 1693 1642 ἐκ
1713 1614 1767 1641 τῶν
1780 1614 1882 1649 ὁμοίων

1091 1665 1107 1698 ἡ
1125 1663 1253 1698 δύναμις·
1270 1663 1317 1689 καὶ
1338 1662 1403 1696 ὅσην
1416 1662 1429 1688 ό
1443 1661 1584 1697 ἡμέτερος,
1593 1660 1726 1695 τοσαύτην
1739 1660 1785 1686 καὶ
1801 1661 1815 1686 ό
1832 1659 1882 1686 τοῦ

1094 1709 1162 1736 Θεοῦ
1176 1709 1261 1743 Λόγος
1281 1708 1330 1743 τὴν
1352 1708 1430 1742 ἰσχὺν
1451 1707 1517 1742 ἔχει.
1538 1706 1618 1733 Ἀλλὰ
1640 1707 1693 1742 μὴν
1713 1706 1884 1741 ἀνενέργητά

1091 1764 1120 1782 τε
1145 1755 1191 1781 καὶ
1205 1754 1378 1782 ἀνυπόστατα
1399 1753 1433 1780 τὰ
1451 1755 1506 1784 τοῖς
1522 1752 1625 1788 ῥήμασι
1643 1751 1884 1786 συνδιεξερχόμενα

1092 1800 1243 1834 πνεύματα,
1257 1800 1399 1834 ’Λπρακτα
1410 1799 1518 1829 πάντως
1530 1799 1575 1824 καὶ
1586 1798 1759 1824 ἀνυπόστατα
1768 1797 1884 1822 κάκεῖνα

1093 1845 1350 1876 κατασκευάζουσιν,
1375 1845 1399 1870 oi
1416 1844 1482 1879 πρὸς
1500 1843 1549 1879 τὴν
1573 1842 1717 1877 ὁμοιότητα
1743 1841 1790 1868 τοῦ
1817 1842 1884 1878 παρ’

1094 1892 1160 1926 ἡμῖν
1173 1891 1252 1924 λόγου
1269 1890 1299 1916 τὸ
1321 1890 1390 1916 θεῖον
1408 1889 1583 1923 κατάγοντες.
1595 1889 1625 1914 Εἰ
1639 1887 1677 1917 δὲ,
1692 1887 1782 1918 καθὼς
1807 1886 1884 1921 λέγει

1095 1936 1185 1969 Δαϐὶδ,
1199 1935 1402 1969 ἐστερεώθησαν
1418 1934 1457 1969 τῷ
1474 1934 1553 1969 Λόγῳ
1579 1933 1625 1960 τοῦ
1643 1932 1744 1968 Κυρίου
1762 1933 1786 1958 οἱ
1801 1933 1884 1968 οὖρα-

1094 1982 1146 2014 νοὶ,
1160 1981 1206 2007 καὶ
1220 1980 1247 2007 αἱ
1265 1980 1393 2014 δυνάμεις
1404 1979 1492 2005 αὐτῶν
1504 1980 1532 2005 ὲν
1549 1978 1587 2013 τῷ
1598 1977 1735 2012 Πνεύματι
1751 1976 1799 2003 τοῦ
1815 1977 1882 2004 Θεοῦ

1093 2027 1143 2062 τὴν
1158 2026 1285 2053 σύστασιν
1305 2025 1463 2060 ἔτιον-ἄρα
1482 2025 1628 2059 συνέστηκε
1647 2023 1677 2049 τὸ
1689 2023 1739 2057 τῆς
1753 2022 1883 2058 ἀληθείας

1096 2072 1254 2108 μυστήριον,
1268 2071 1352 2105 Λόγον
1369 2071 1397 2097 ἐν
1409 2069 1498 2105 οὐσίᾳ,
1510 2069 1557 2096 καλ⁵
1570 2068 1683 2096 Πνεῦμα
1693 2069 1721 2095 ὲν
1735 2068 1883 2095 ὑποστάσει

1095 2117 1183 2152 λέγειν
1200 2115 1394 2152 ὑφηγούμενον.

1393 2161 1517 2188 ΚΕΦΛΛ.
1542 2160 1579 2187 E'.

1137 2208 1217 2236 Ἀλλὰ
1229 2208 1259 2234 τὸ
1279 2207 1328 2242 μὲν
1338 2205 1407 2234 εἶναι
1421 2207 1507 2241 Λόγον
1519 2205 1586 2234 Θεοῦ
1602 2206 1649 2233 καὶ
1660 2206 1781 2241 Πνεῦμα,
1793 2199 1838 2232 διᾶ
1853 2213 1883 2231 τε

1093 2253 1148 2280 τῶν
1165 2252 1261 2280 κοινῶν
1279 2252 1386 2279 ἐννοιῶν
1397 2253 1412 2278 ὁ
1423 2251 1531 2286 Ἕλλην,
1547 2251 1594 2278 καὶ
1606 2250 1651 2277 διὰ
1661 2251 1715 2277 τῶν
1734 2249 1883 2285 Γραφικῶν

1094 2300 1107 2326 ό
1129 2299 1264 2330 Ἰουδαῖος,
1280 2298 1344 2329 ίσως
1356 2298 1404 2324 οὐκ
1413 2296 1560 2329 ἁντιλέξεν
1575 2295 1624 2332 τὴν
1641 2296 1670 2323 δὲ
1685 2296 1754 2323 κατὰ
1769 2295 1815 2321 τὸν
1835 2295 1883 2322 ἄν·

1095 2345 1202 2380 ορωτιον
1224 2343 1378 2377 οἰκονομίαν
1395 2341 1442 2368 τοῦ
1467 2342 1533 2368 Θεοῦ
1557 2342 1655 2375 Λόγου,
1679 2341 1750 2369 κατὰ
1769 2340 1800 2366 τὸ
1823 2338 1883 2366 ἴσον

1095 2390 1224 2425 ἑκάτερος
1245 2388 1343 2419 αὐτῶν,
1357 2388 1564 2423 ἁποδοκιμάσει,
1583 2388 1620 2420 ὡς
1646 2387 1776 2414 ἀπίθανόν
1790 2395 1820 2412 τε
1835 2386 1884 2413 καὶ

1094 2435 1204 2470 ἀπρεπῆ
1216 2436 1280 2469 περὶ
1293 2434 1359 2460 Θεοῦ
1370 2434 1504 2468 λέγεσθαι.
1517 2434 1620 2460 Οὐκοῦν
1633 2433 1662 2466 ἐξ
1676 2433 1771 2468 ἑτέρας
1783 2432 1882 2468 ἀρχῆς,

1095 2481 1140 2508 καὶ
1167 2481 1206 2511 εἰς
1226 2480 1275 2514 τὴν
1298 2479 1363 2514 περὶ
1383 2479 1479 2505 τούτου
1498 2479 1588 2504 πίστιν
1605 2479 1668 2510 τοὺς
1693 2477 1882 2515 ἀντιλέγοντας

1094 2527 1294 2562 προσαξόμεθα.
1306 2526 1384 2560 Λόγῳ
1401 2526 1435 2552 τὰ
1450 2525 1538 2552 πάντα
1557 2525 1719 2559 γεγενῆσθαι
1735 2525 1782 2551 καὶ
1802 2524 1884 2560 σοφίᾳ

1095 2573 1169 2608 παρὰ
1180 2572 1226 2598 τοῦ
1243 2572 1274 2598 τὸ
1301 2573 1353 2598 πᾶν
1374 2571 1578 2607 συστησαμένου
1597 2570 1813 2605 πιστεύουσιν,ἦ
1837 2570 1883 2596 καὶ

1096 2618 1162 2654 πρὸς
1177 2617 1276 2652 ταύτην
1291 2616 1441 2648 δυσπειθῶς
1461 2617 1551 2652 ἔχουσι
1572 2617 1621 2651 τὴν
1635 2615 1787 2651 ὑπόληψιν;
1811 2614 1882 2643 Ἀλλ’

1095 2665 1119 2690 εἰ
1140 2664 1177 2699 μὴ
1200 2663 1269 2690 δοῖεν
1286 2663 1371 2697 Λόγον
1387 2663 1565 2698 καθηγεῖσθαι
1587 2662 1633 2689 καὶ
1649 2662 1744 2696 σοφίαν
1760 2662 1810 2693 τῆς
1828 2660 1883 2686 τῶν

1095 2710 1178 2737 ὄντων
1195 2710 1356 2740 συστάσεως,
1384 2709 1494 2743 ἀλογίαν
1513 2717 1542 2735 τε
1556 2708 1602 2736 καὶ
1620 2708 1744 2744 ἀτεχνίαν
1757 2708 1789 2743 τῇ
1811 2707 1880 2742 ἀρχῇ
