1954 3081
94 119 130 147 ?!
704 123 832 152 ORATIO
850 124 1100 154 CATECHETICA.
1688 124 1722 152 :22

95 179 147 206 τῦ
168 180 268 213 παντὸς
287 181 488 218 ἐπιστήσουσιν.
508 182 539 209 Εἰ
549 182 578 210 δὲ
592 182 670 210 τοῦτο
687 183 786 210 ἄτοπόν
802 191 832 210 τε
843 183 888 210 καὶ

942 182 1043 215 tionis,
1070 185 1191 209 statuent
1207 181 1321 208 rationis
1339 183 1364 208 et
1387 179 1454 206 artis
1476 181 1623 214 egestatem
1641 177 1727 206 fuisse

96 226 205 259 ᾰσεσδς,
222 228 394 262 ὁμολογεῖται
408 228 516 261 πάντως
533 230 573 255 ὅτι
591 229 679 263 Λόγον
692 237 722 255 τε
732 230 779 256 καὶ
794 229 889 264 σοφίαν

94 272 276 307 ἡγεμονεύειν
298 273 352 300 τῶν
371 273 454 301 ὃντων
480 274 701 310 ὁμολογήσουσιν.
730 274 809 302 Ἀλλὰ
837 274 890 310 μὴν

94 319 126 343 ἐν
139 319 197 350 τοῖς
209 319 346 352 φθάσασιν
360 319 555 351 ἀποδέδεικται,
576 320 612 356 μὴ
627 321 693 348 αὐτὸ
713 320 791 347 τοῦτο
815 321 890 356 ῥῆμα

93 361 135 388 ὥν
146 365 160 389 ό
173 363 222 389 τοῦ
237 363 307 390 Θεοῦ
315 363 435 401 Λόγος,η
448 364 476 398 ἐξ
489 367 642 402 ἐπιστήμης
661 365 733 398 τινδς
747 366 763 402 ἢ
775 366 869 401 σοφίας
880 374 887 382 ·

94 408 166 435 ἀλλὰ
181 409 242 436 κατ’
257 410 352 436 οὐσίαν
361 419 402 442 τις
420 411 561 446 ὑφεστῶσα
576 412 698 447 δύναμις,
713 412 888 448 προαιρετική

93 461 125 479 τε
142 455 243 486 παντὸς
259 455 372 489 ἀγαθοῦ,
382 457 429 483 καὶ
439 458 468 483 ἐν
481 458 553 492 ίσχύῖ
566 459 618 485 πᾶν
633 458 663 484 τὸ
679 458 749 485 κατὰ
762 458 890 494 προαίρε-

94 507 141 525 σιν
157 498 268 534 ἔχουσα.
299 501 414 536 Ἀγαθοῦ
431 502 458 529 δὲ
484 502 558 535 ὄντος
571 503 617 530 τοῦ
639 503 753 539 κόσμου,
774 503 823 539 τὴν
836 503 890 530 τῶν

94 546 210 579 ἀγαθῶν
232 547 350 584 όρεκτήν
374 557 404 575 τε
427 549 474 575 καὶ
502 550 645 584 ποιητικὴν
662 549 776 585 δύναμιν
801 549 889 576 αίτίαν

95 589 178 618 εἶναι.
195 593 226 618 ΕΞ
243 593 272 619 δὲ
289 593 335 620 τοῦ
352 594 453 630 κόσμου
471 595 570 627 παντὸς
585 596 602 630 ἡ
618 596 768 627 ὑπόστασις
781 596 830 631 τῆς
841 596 889 622 τοῦ

96 639 186 673 Λόγου
205 639 348 674 δυνάμεως
369 641 499 676 ἐξῆπται,
518 641 640 677 καθὼςή
661 642 804 669 ἀκολουθία
820 651 890 678 παρ-

98 683 331 721 ἑδειξεν⁶ἀνάγκη
348 687 422 713 πᾶσα
439 687 485 713 καὶ
502 687 612 714 τῶντοῦ
628 688 728 723 κόσμου
746 688 836 724 μερῶν
852 687 889 724 μὴ

97 729 182 764 ἄλλην
196 730 315 757 ἐπινοεῖν
331 732 421 759 αἰτίαν
448 733 508 759 τινὰ
533 734 583 767 τῆς
609 734 773 767 συστάσεως,
788 735 846 761 ἀλλ’
871 735 887 770 ἣ

95 775 143 801 τὸν
154 776 242 810 Λόγον
255 777 348 810 αὐτὸν,
362 778 397 805 δι’
409 776 439 806 οὗ
453 780 488 805 τὰ
501 779 589 806 πάντα
602 779 651 815 τὴν
671 781 710 812 εἰς
722 780 752 807 τὺ
764 780 889 815 γενέσθαι

97 821 214 856 πάροδον
228 822 302 858 ἔσχε.
321 823 406 850 Τοῦτο
421 824 448 851 δὲ
465 824 519 851 εἴτε
535 825 631 860 Λόγον,
646 825 700 851 εἴτε
715 825 820 860 σοφίαν,
833 826 887 852 εἴτε

95 866 221 902 δύναμιν,
241 869 297 895 εἴτε
315 869 396 901 Θεὸν,
412 870 465 896 εἴτε
481 870 545 897 ἄλλο
559 880 585 897 τι
598 871 654 897 τῶν
674 871 740 907 Mm)
747 871 783 898 ῶν
796 880 826 898 τε
840 873 888 898 καὶ

97 913 195 948 τιμίων
207 914 353 949 ὀνομάζειν
369 924 409 947 τις
421 915 516 949 ἐθέλοι,
530 916 560 942 οὐ
579 916 742 952 διοισόμεθα.
752 915 786 944 "0
797 925 824 943 τι
833 917 886 953 γὰρ

97 958 129 985 ἂν
149 956 250 996 εὑρεθῇ
266 961 399 988 δεικτικὸν
415 961 461 988 τοῦ
477 962 657 998 ὑποκειμένου
674 963 774 999 ῥῆμαῆ
792 963 885 999 ὕνομα,

95 1004 124 1031 ἓν
140 1005 198 1031 ἐστι
214 1005 247 1032 τὸ
259 1006 304 1032 διὰ
331 1007 384 1033 τῶν
408 1008 504 1042 φωνῶν
532 1009 731 1044 σημαινόμενον
743 1029 750 1041 ,
764 1010 780 1044 ὴ
804 1009 887 1041 ἀΐδιος

95 1048 141 1075 τοῦ
157 1049 226 1076 Θεοῦ
243 1050 394 1087 δύναμις,ή
411 1053 538 1088 ποιητικὴ
551 1053 603 1080 τῶν
621 1053 745 1090 ὅντων,.ή
759 1055 885 1091 εὑρετικὴ

95 1095 149 1121 τῶν
168 1096 204 1130 μὴ
220 1095 347 1133 aut:wa
371 1098 516 1135 συνεκτικὴ
540 1099 595 1126 τῶν
617 1100 805 1135 γεγονότων,ή
822 1109 888 1136 προ-

95 1141 209 1177 ορατικὴ
222 1141 278 1168 τῶν
291 1143 451 1178 μελλόντων.
463 1142 547 1176 Οὗτος
558 1146 647 1172 τοίνυν
657 1147 670 1172 ό
682 1146 757 1178 Θεὸς,
767 1148 781 1173 ό
791 1146 886 1181 Λόγος,

95 1188 113 1221 ἡ
131 1187 258 1223 σοφία,ἡ
281 1188 411 1224 δύναμις,
429 1190 575 1226 ἀπεδείχθη
598 1191 668 1218 κατά
690 1192 721 1218 τὺ
743 1192 888 1219 ἀκόλουθον

96 1232 148 1266 τῆς
173 1232 348 1269 ἀνθρωπίνης
369 1234 477 1269 φύσεως
503 1237 627 1272 ποιητὴς,
646 1238 696 1264 οὐκ
716 1237 823 1274 ἀνάγκῃ
835 1237 888 1264 τινὶ

96 1277 166 1311 rgo;
180 1277 231 1312 τὴν
248 1277 296 1304 τοῦ
320 1278 463 1314 ἀνθρώπου
481 1280 653 1316 κατασκευὴν
675 1281 807 1316 ὲναχοεὶς,
831 1282 888 1309 ἀλλ’

94 1321 208 1358 ἀγάπης
224 1323 368 1359 περιουσίᾳ
387 1324 435 1350 τοῦ
452 1325 573 1352 τοιούτου
595 1326 664 1358 ξὼου
683 1327 889 1363 δημιουργήσας

94 1368 146 1403 τὴν
165 1369 285 1403 γένεσιν.
303 1370 376 1397 Ἔδει
397 1370 452 1405 γὰρ
475 1371 543 1406 μήτε
557 1372 588 1398 τὸ
603 1372 660 1406 φῶς
680 1373 802 1406 ἀθέατον,
821 1374 888 1410 μήτε

93 1415 148 1450 τὴν
160 1415 241 1448 δόξαν
252 1416 414 1452 ἀμάρτυρον,
430 1418 499 1452 μήτε
507 1417 710 1445 ἀναπόλαυστον
722 1420 802 1446 αὐτοῦ
819 1418 888 1447 εἶναι

94 1462 150 1496 τὴν
167 1461 331 1497 ἁγαθότητα,
350 1463 419 1498 μήτε
434 1463 467 1489 τὰ
494 1463 561 1490 ἄλλα
584 1464 674 1492 πάντα
694 1464 743 1491 ὅσα
761 1466 825 1502 περὶ
839 1466 889 1502 τὴν

94 1508 173 1535 θείαν
189 1509 337 1544 καθορᾶται
353 1510 445 1544 φύσιν,
467 1510 540 1546 ἀργὰ
560 1511 676 1542 κεῖσθαι,
698 1511 735 1547 μὴ
750 1512 825 1544 δντος
839 1513 887 1539 τοῦ

97 1553 257 1588 μετέχοντός
273 1562 303 1580 τε
319 1554 365 1580 καὶ
375 1554 604 1586 ἀπο).αύοντος.Εί
616 1556 704 1582 τοίνυν
722 1556 768 1582 ἐπὶ
783 1556 888 1590 τούτοις

95 1601 109 1626 ό
125 1599 270 1635 ἄνθρωπος
291 1600 332 1631 εἰς
347 1600 452 1634 γένεσιν
481 1599 606 1636 ἔρχεται,
623 1601 666 1635 ἐφ’
722 1611 751 1628 τε
776 1602 889 1638 μέτοχος

95 1644 149 1671 τῶν
177 1643 258 1670 θείων
289 1644 400 1678 ἀγαθῶν
430 1645 567 1679 γενέσθαι,
591 1646 748 1680 ἀναγκαίως
769 1647 888 1679 τοιοῦτος

95 1688 342 1720 κατασκευάζεται,
362 1689 399 1721 ὡς
420 1690 579 1725 ἐπιτηδείως
602 1691 671 1726 πρὸς
689 1690 738 1726 τὴν
754 1692 807 1718 τῶν
821 1693 890 1726 ἀγα.-

97 1734 151 1760 θῶν
168 1733 315 1770 μετουσίαν
336 1733 417 1769 ἐχειν.
441 1734 575 1770 Καθάπερ
591 1735 646 1771 γὰρ
663 1736 677 1762 ό
692 1736 830 1771 ὀφθαλμὸς
846 1736 889 1763 διὰ

96 1780 143 1814 τῆς
157 1780 322 1814 ἐγκειμένης
336 1778 411 1814 αὒτῷ
421 1779 541 1814 φυσικῶς
555 1780 642 1815 αὐγῆς
653 1781 682 1807 ἐν
697 1781 823 1817 κοινωνίᾳ
840 1781 889 1808 τοῦ

95 1825 183 1860 φωτὸς
189 1825 305 1860 γίνεται,
313 1824 357 1851 διὰ
368 1825 416 1859 τῆς
427 1824 549 1859 ἐμφύτου
561 1824 702 1860 δυνάμεως
717 1825 747 1851 τὸ
760 1825 889 1860 συγγενὲς

96 1871 278 1906 ἐφελκόμενος
292 1877 301 1895 '.
311 1870 396 1902 οὕτως
421 1871 568 1905 ἀναγκαῖον
582 1868 616 1906 ἦν
631 1870 799 1906 ὲγκραθῆναί
814 1880 841 1898 τι
854 1873 887 1907 τῇ

95 1917 255 1953 ἀνθρωπίνῃ
271 1916 351 1950 φύσει
364 1917 493 1951 συγγενὲς
509 1916 576 1952 πρὸς
592 1917 623 1943 τὸ
643 1917 730 1951 Θείον,
745 1918 783 1950 ὡς
793 1917 826 1945 ἃν
845 1918 889 1946 διὰ

94 1963 143 1990 τοῦ
164 1963 331 1998 καταλλήλου
344 1963 413 1998 πρὸς
426 1963 457 1989 τὸ
469 1963 567 1989 οἰκεῖον
581 1962 630 1998 τὴν
652 1962 745 1997 ἔφεσιν
759 1963 824 1998 ἔχοι.
834 1964 888 1991 Καὶ

96 2010 154 2045 γὰρ
165 2009 211 2035 καὶ
224 2009 251 2035 ἐν
266 2009 299 2043 τῇ
313 2008 368 2034 τῶν
383 2007 487 2041 ἀλόγων
502 2006 592 2042 φύσει,
603 2008 653 2034 ὅσα
665 2007 710 2033 τὸν
726 2007 833 2043 ἔνυδρον
843 2008 889 2035 καὶ

97 2055 218 2090 ἐναέριον
232 2054 312 2089 ἔλαχε
323 2053 389 2089 βίον,
401 2053 574 2088 καταλλήλως
584 2052 698 2080 ἕκαστον
708 2052 747 2089 τῷ
757 2053 808 2088 τῆς
817 2053 889 2089 ζωῆς

97 2101 162 2126 εἴδει
179 2099 399 2134 κατεσκευάσθη,
414 2099 452 2130 ὡς
469 2100 567 2126 οἰκεῖον
581 2099 710 2135 ἐκατέρου
727 2099 773 2125 καὶ
785 2099 889 2134 ὁμόφυ-

95 2147 152 2178 λον,
163 2146 208 2173 διὰ
221 2146 272 2181 τῆς
285 2147 366 2178 ποιᾶς
386 2145 433 2172 τοῦ
448 2145 573 2180 σώματος
589 2145 770 2177 διαπλάσεως,
786 2145 825 2181 τῷ
839 2145 890 2181 μὲν

941 227 969 255 in
993 227 1128 263 principio
1151 226 1347 254 universitatis.
1374 225 1421 253 Sin
1437 230 1529 252 autem
1551 224 1603 251 hoc
1619 219 1741 251 constat'

940 279 1002 301 esse
1017 273 1095 309 plane
1111 272 1261 300 absurdum
1287 277 1314 299 et
1339 272 1452 307 impium
1465 291 1472 303 ,
1491 270 1609 298 Verbum
1625 274 1652 298 ct
1680 279 1725 298 εε-

941 319 1072 355 picntiam
1090 326 1181 346 rerum
1207 317 1364 345 fatebuntur
1388 324 1449 345 esse
1473 316 1581 344 ducem.
1600 315 1681 351 Atqui
1699 315 1726 342 in

941 365 975 393 iis
996 373 1055 400 quo:
1074 365 1150 400 prius
1179 364 1250 392 dicta
1276 367 1351 395 sunt,
1373 367 1514 391 ostensum
1531 366 1574 390 est
1594 361 1642 389 Dei
1659 361 1721 389 Ver-

941 411 1004 439 bum
1030 419 1085 438 non
1109 419 1171 439 esse
1195 411 1281 445 ipsam
1308 409 1470 442 dictionem,
1493 413 1540 437 aut
1562 416 1595 436 ex
1611 408 1726 436 scientia

941 458 1032 493 aliqua
1058 461 1105 484 aut
1129 457 1264 492 sapientia
1289 456 1523 491 proﬁciscentem,
1552 456 1599 484 sed
1627 464 1725 491 quanh

941 502 1001 529 dam
1026 511 1086 538 qua:
1110 510 1159 537 per
1186 502 1331 530 essentiam
1357 501 1483 528 consistit
1509 501 1646 534 virtutem,
1666 509 1725 536 qu:e

940 552 967 575 et
991 556 1070 576 omne
1096 548 1195 575 bonum
1218 548 1302 583 eligit,
1320 552 1346 574 et
1363 547 1391 573 in
1414 551 1547 581 potestate
1573 555 1622 573 sua
1642 547 1723 575 Sillim

940 594 1022 621 habet
1050 593 1183 629 quidquid
1209 593 1330 628 elegerit.
1357 593 1424 620 Cum
1455 595 1545 619 autem
1577 592 1664 620 bonus
1690 593 1726 620 sit

940 639 1069 669 mundus.
1086 639 1146 673 ejus
1161 639 1245 671 illam,
1265 646 1325 674 quae
1342 643 1385 666 est
1400 639 1534 665 bonorum
1555 641 1684 672 appetens
1699 643 1725 665 et

940 684 1068 717 etliciens,
1089 685 1142 711 vim
1166 692 1228 711 esse
1247 691 1370 712 causam.
1389 683 1417 711 Si
1433 688 1534 715 autem,
1548 683 1622 718 quod
1647 690 1726 709 mun-

940 729 991 757 dus
1008 731 1142 758 consistat
1158 732 1313 761 unirersus,
1327 729 1354 756 id
1369 729 1468 764 pendet
1482 737 1497 756 a
1517 729 1618 756 virtute
1632 728 1725 757 Verbi.

939 780 969 802 ut
990 776 1110 803 ostendit
1131 775 1338 810 consequentia,
1359 774 1472 802 omnino
1495 781 1607 801 necesse
1629 777 1671 801 est
1697 778 1725 800 ut

938 823 1031 850 mundi
1056 830 1165 857 quoque
1180 822 1298 857 partium
1315 821 1464 849 ereationis
1491 828 1545 847 non
1569 820 1650 846 aliam
1667 819 1721 846 exi-

904 861 925 889 Β
940 868 1083 896 stimemus
1104 876 1165 896 esse
1190 875 1313 900 causam,
1336 874 1417 902 quam
1444 866 1514 893 idem
1533 865 1662 897 Verbum,
1679 873 1726 900 per

937 915 1010 950 quod
1034 915 1189 942 habuerunt
1209 915 1300 942 omnia
1326 921 1467 941 accessum
1491 916 1520 939 ut
1543 912 1647 939 ﬁerent.
1670 911 1724 938 lloe

938 966 1028 989 autem
1053 961 1210 989 Verbumne
1233 968 1268 988 an
1298 961 1442 990 rationem,
1465 966 1498 985 an
1528 959 1666 988 virtutem,
1691 965 1724 984 an

938 1007 1033 1038 Deum,
1051 1015 1085 1034 an
1101 1006 1212 1041 aliquod
1227 1005 1300 1032 aliud
1315 1013 1347 1031 ex
1362 1003 1526 1031 sublimibus
1546 1007 1573 1029 et
1586 1002 1726 1037 prteclaris

938 1052 1094 1080 nominibus
1118 1052 1186 1079 velis
1214 1050 1367 1082 nominare,
1395 1049 1505 1076 minime
1528 1049 1724 1076 laborabimus.

938 1098 1126 1133 Quodcunque
1141 1098 1213 1126 enim
1232 1097 1372 1124 inventum
1389 1096 1470 1123 fuerit
1483 1095 1597 1123 verbum
1618 1098 1664 1122 aut
1679 1103 1726 1122 no-

938 1151 1010 1176 men,
1029 1143 1102 1178 quod
1122 1143 1291 1170 demonstrat
1305 1141 1471 1176 subjectum,
1489 1148 1573 1168 unum
1595 1144 1637 1167 est
1653 1141 1724 1175 quod

938 1188 1108 1224 signiﬁcatur
1126 1196 1173 1223 per
1187 1196 1279 1219 voces,
1301 1195 1399 1222 nempe
1416 1187 1583 1222 sempiterna
1604 1185 1651 1213 Dei
1670 1186 1724 1213 vir-

939 1238 996 1266 tus,
1012 1241 1101 1261 rerum
1118 1233 1252 1266 etfectrix,
1266 1240 1361 1260 eorum
1382 1239 1442 1267 qua:
1459 1239 1513 1258 non
1533 1234 1611 1258 erant
1632 1230 1726 1257 inven-

939 1280 1002 1311 trix,
1030 1287 1090 1314 qua:
1115 1279 1237 1306 continet
1261 1285 1321 1313 qua:
1342 1278 1414 1304 facta
1437 1281 1513 1308 sunt,
1540 1280 1567 1303 et
1594 1275 1725 1310 praevidet

939 1325 1040 1352 futura.
1066 1324 1144 1352 llunc
1169 1331 1235 1359 ergo
1249 1323 1344 1354 Deum,
1365 1322 1498 1354 Verbum,
1516 1322 1659 1353 rationem,
1679 1328 1724 1348 sa-

938 1371 1079 1406 pientiam,
1096 1370 1237 1401 virtutem,
1262 1373 1403 1396 ostensum
1420 1371 1462 1395 est
1476 1375 1509 1394 ex
1530 1367 1724 1401 consequentia

938 1417 1092 1444 effectorem
1117 1423 1178 1444 csse
1199 1414 1325 1442 humanae
1345 1417 1461 1445 natura’,
1482 1421 1535 1440 non
1562 1412 1652 1448 aliqua
1679 1420 1726 1440 nc-

938 1463 1065 1490 cessitate
1090 1461 1232 1488 inductum
1263 1461 1295 1486 ad
1322 1459 1469 1487 creandum
1493 1459 1648 1490 hominem,
1679 1458 1724 1486 sed

938 1508 1038 1535 eximia
1058 1511 1084 1534 et
1103 1507 1201 1542 insigni
1224 1505 1357 1534 cliaritate
1383 1505 1465 1539 hujus
1485 1503 1613 1531 animalis
1634 1507 1724 1530 ortum

939 1562 1001 1581 esse
1018 1553 1240 1580 arcltitectatum.
1265 1550 1414 1586 Oportebat
1429 1550 1502 1578 enim
1528 1557 1616 1583 neque
1637 1549 1725 1576 lucem

938 1606 999 1626 esse
1012 1606 1063 1625 non
1082 1598 1287 1633 aspectabilem,
1300 1604 1389 1632 neque
1409 1595 1523 1630 gloriam
1540 1602 1633 1622 carere
1649 1594 1728 1622 testi~

939 1644 1001 1676 bus,
1020 1652 1108 1679 neque
1124 1634 1159 1671 eo
1179 1642 1270 1670 redire
1289 1642 1350 1677 ejus
1366 1641 1526 1674 bonitatem,
1544 1644 1574 1667 ut
1594 1648 1676 1667 nemo
1695 1647 1726 1667 ea

939 1690 1074 1718 frueretur
1093 1699 1100 1717 :
1116 1697 1204 1725 neque
1227 1689 1280 1716 alia
1298 1689 1401 1721 omnia,
1415 1696 1475 1724 quae
1500 1688 1527 1715 in
1545 1687 1634 1714 divina
1659 1694 1720 1713 con-

938 1737 1092 1772 spiciuntur
1111 1740 1220 1768 natura,
1243 1735 1335 1771 jacere
1364 1735 1463 1767 otiosa,
1492 1741 1553 1761 cum
1579 1741 1632 1760 non
1653 1737 1727 1761 esset

939 1783 986 1818 qui
1012 1790 1107 1810 eorum
1137 1786 1210 1810 esset
1235 1782 1382 1817 particeps,
1407 1781 1495 1816 iisque
1520 1779 1668 1807 frueretur.
1696 1778 1725 1805 Si

938 1837 1004 1865 ergo
1018 1829 1099 1856 homo
1112 1828 1174 1856 ideo
1194 1827 1340 1856 deducitur
1359 1827 1391 1854 ad
1408 1826 1621 1862 generationem,
1643 1828 1673 1851 ut
1687 1825 1727 1851 di-

938 1875 1065 1902 vinorum
1092 1874 1225 1901 bonorum
1249 1873 1295 1900 tiat
1314 1873 1460 1909 particeps,
1484 1872 1639 1899 necessario
1663 1879 1727 1898 con-

939 1920 1013 1947 ditur
1034 1919 1180 1954 ejusmodi,
1200 1923 1229 1946 ut
1255 1920 1292 1947 sit
1314 1923 1394 1954 aptus
1416 1919 1449 1946 ad
1474 1926 1568 1946 eorum
1592 1918 1726 1945 bonorum

939 1965 1185 2000 participationem.
1210 1964 1350 1998 Quomodo
1371 1964 1442 1991 enim
1466 1963 1562 1990 oculus
1580 1970 1628 1997 per
1648 1967 1733 1989 natu-.

939 2012 1034 2039 raliter
1057 2011 1169 2038 insitum
1187 2010 1212 2038 ei
1236 2010 1407 2045 splendorem
1432 2009 1501 2036 lucis
1524 2008 1552 2035 ﬁt
1577 2008 1725 2043 particeps.

940 2065 988 2093 per
1001 2057 1054 2084 vim
1071 2057 1095 2084 ei
1118 2056 1234 2084 inditam
1250 2055 1323 2091 quod
1347 2055 1398 2082 sibi
1415 2058 1561 2090 cognatum
1583 2058 1625 2081 est
1644 2058 1726 2080 attra-

939 2104 1031 2132 ltens:
1054 2103 1091 2130 ita
1108 2110 1222 2130 necesse
1241 2105 1298 2130 erat
1319 2105 1349 2128 ut
1368 2101 1396 2128 in
1414 2101 1533 2128 humana
1556 2104 1656 2127 natura
1678 2099 1728 2126 ali-

940 2150 1004 2186 quid
1023 2150 1234 2180 immisceretur,
1250 2147 1323 2184 quod
1340 2155 1401 2175 cum
1425 2146 1479 2174 Deo
1497 2146 1610 2173 haberet
1626 2153 1727 2181 cogna-

95 2192 140 2218 τδν
154 2191 232 2227 ἀέρα,
253 2191 293 2227 τῷ
312 2191 341 2218 δὲ
360 2191 391 2218 τὸ
406 2190 479 2226 ὕδωρ
495 2189 575 2217 εἶναι.
595 2190 689 2223 Οὕτως
705 2188 751 2217 οὖν
776 2191 822 2218 καὶ
843 2192 888 2218 τὸν

942 2196 1059 2226 tionem,
1083 2198 1112 2221 ut
1128 2197 1239 2228 propter
1256 2191 1476 2220 convenientiam
1496 2194 1635 2218 teneretur
1655 2189 1728 2217 desi-

95 2237 240 2273 ἄνθρωπον
256 2237 303 2264 ἐπὶ
313 2238 346 2273 τῇ
365 2237 419 2264 τῶν
437 2237 515 2264 θείων
532 2236 641 2272 ἀγαθῶν
658 2236 892 2271 ἀπολαύσειγενό-

97 2292 188 2319 μενον,
204 2283 259 2310 ἔδει
273 2292 298 2309 τι
317 2283 446 2317 συγγενὲς
460 2283 488 2310 ἐν
504 2283 537 2318 τῇ
558 2282 637 2317 φύσει
653 2282 722 2318 πρὸς
735 2282 766 2309 τὸ
778 2282 891 2318 μετεχό-

97 2338 178 2364 μενον
190 2329 276 2364 ἔχειν.
287 2328 336 2355 Διὰ
350 2328 429 2355 τοῦτο
444 2329 490 2355 καὶ
502 2329 569 2364 ζωῇ,
583 2328 630 2356 καὶ
644 2328 725 2364 λόγῳ,
734 2328 780 2355 καὶ
798 2327 889 2364 σοφίᾳ,

94 2376 143 2403 καὶ
157 2376 224 2402 πᾶσι
233 2377 290 2406 τοῖς
302 2375 481 2410 θεοπρεπέσιν
494 2374 616 2409 ἀγαθοῖς,
631 2374 826 2409 κατεκοσμήθη
837 2373 892 2406 ,ὡς

94 2422 127 2448 ἃν
145 2422 178 2448 δι’
190 2421 306 2448 ἑκάστου
321 2420 422 2447 τούτων
435 2421 501 2456 πρὺς
518 2421 547 2447 τὸ
560 2421 658 2447 οίκεῖσν
674 2420 722 2456 τὴν
740 2420 889 2455 ἐπιθυμίαν

95 2467 163 2503 ἔχοι.
182 2467 260 2493 Ἐπεὶ
270 2464 317 2493 οὖν
329 2466 359 2492 ἓν
378 2466 431 2492 τῶν
448 2466 512 2501 περὶ
529 2466 578 2502 τὴν
593 2465 668 2492 θείαν
682 2465 762 2500 φύσιν
780 2465 890 2500 ἀγαθῶν

94 2514 142 2540 καὶ
157 2513 173 2548 ή
188 2513 310 2548 ἀῖδιότης
323 2512 396 2538 ἐστὶν
409 2532 416 2544 ,
432 2512 484 2538 ἔδει
505 2512 613 2543 πάντως
635 2512 702 2547 μηδὲ
722 2511 818 2539 τούτου
841 2512 891 2547 τὴν

94 2559 267 2593 κατασκευὴν
283 2556 355 2585 εἶναι
369 2558 418 2593 τῆς
435 2558 541 2592 φύσεως
562 2558 578 2593 ἡ
583 2558 641 2593 μῶν
653 2558 818 2594 ἁπόκληρον,
832 2557 890 2584 ἀλλ’

95 2605 167 2641 ἒχειν
180 2606 209 2633 ἐν
229 2606 315 2640 ἑαυτῇ
332 2604 362 2631 τὸ
381 2604 513 2631 ἀθάνατον
523 2624 530 2637 ,
549 2604 586 2636 ὡς
598 2604 632 2631 ἂν
644 2604 687 2631 διὰ
698 2605 748 2640 τῆς
764 2604 892 2640 ὲγκειμέη

94 2661 142 2687 νης
155 2652 299 2688 δυνάμεως
314 2650 473 2685 γνωρίζοιτο
482 2650 511 2677 τὸ
521 2651 726 2686 ὑπερκείμενον,
736 2651 782 2677 καὶ
792 2651 819 2677 ἐν
829 2652 889 2677 ἐπι-

94 2696 178 2733 θυμίᾳ
190 2698 241 2733 τῆς
252 2695 489 2731 θείας”ἀῖδιότητος
497 2696 549 2731 εἴη.
557 2695 648 2722 Ταῦτα
661 2696 693 2731 τῇ
707 2695 889 2731 περιληπτικῇ

95 2744 168 2779 φωνῇ
182 2743 215 2770 δι’
233 2742 295 2774 ἐνὸς
311 2742 435 2777 ῥήματος
452 2742 465 2767 ό
479 2741 528 2776 τῆς
542 2742 723 2777 κοσμογονίας
743 2741 891 2774 ἐνεδείξατο

95 2788 178 2822 λόγος,
188 2789 250 2816 κατ’
266 2787 363 2815 εἰκόνα
377 2787 444 2814 Θεοῦ
461 2788 507 2815 τὸν
518 2787 659 2824 ἄνθρωπον
673 2788 836 2823 γεγενῆσθαι
846 2787 891 2814 λέ-

93 2841 155 2870 των.
167 2836 213 2863 Ἐν
228 2835 288 2871 γὰρ
296 2834 332 2870 τῇ
347 2833 473 2869 ὁμοιώσει
487 2835 519 2870 τῇ
535 2834 604 2861 κατὰ
617 2834 665 2869 τὴν
676 2833 768 2861 εἰκόνα
781 2833 890 2866 πάντως

942 2241 1020 2269 derio
1032 2240 1092 2276 ejus
1106 2239 1178 2275 quod
1195 2239 1219 2267 ei
1243 2244 1316 2267 esset
1331 2237 1531 2274 propinquitate
1552 2244 1584 2264 ac
1606 2237 1728 2263 neeessi-

943 2286 1037 2314 tudine
1057 2286 1245 2320 conjunctum.
1272 2283 1338 2311 Nam
1355 2288 1382 2311 et
1405 2285 1431 2310 in
1450 2288 1547 2310 natura
1573 2282 1726 2311 brutoruin.

942 2339 974 2360 ea
998 2332 1099 2367 quibus
1120 2331 1218 2366 obtigit
1238 2334 1268 2357 ut
1282 2330 1365 2356 vitam
1387 2329 1486 2364 degant
1505 2329 1533 2356 in
1555 2336 1624 2364 aqua
1650 2333 1678 2356 et
1700 2329 1729 2355 in

942 2385 1015 2409 aere,
1032 2376 1142 2404 condita
1165 2380 1230 2404 sunt
1246 2376 1461 2411 unumquodque
1483 2380 1667 2410 congruenter
1683 2382 1728 2409 ge-

941 2424 1001 2452 neri
1014 2423 1077 2451 vitaa
1094 2423 1127 2450 ab
1150 2430 1183 2450 co
1201 2422 1342 2458 degendtn,
1368 2425 1398 2448 ut
1417 2429 1465 2456 per
1481 2425 1583 2448 certam
1605 2420 1729 2454 corporis

942 2468 1125 2500 eti'ectionem,
1146 2467 1224 2494 alteri
1245 2467 1355 2502 quidem
1373 2466 1500 2501 proprius
1520 2471 1546 2493 et
1563 2465 1729 2493 conveniens

941 2518 1015 2542 esset
1026 2521 1083 2546 aer,
1107 2514 1185 2540 alteri
1203 2520 1268 2540 vero
1293 2519 1363 2547 aqua
1378 2521 1386 2539 :
1404 2512 1441 2538 ita
1461 2519 1525 2547 ergo
1543 2512 1624 2537 etiam
1642 2510 1728 2537 homi-

941 2568 1003 2588 nem
1019 2564 1108 2587 ortum
1130 2559 1163 2586 ad
1187 2558 1331 2587 fruendum
1353 2558 1432 2585 bonis
1452 2557 1562 2590 divinis,
1586 2555 1728 2592 oportebst

941 2606 1042 2634 habere
1061 2605 1163 2640 aliquid
1183 2605 1210 2631 in
1235 2608 1333 2631 natura
1355 2606 1500 2638 cognatum
1520 2609 1582 2629 cum
1599 2609 1632 2628 eo
1648 2599 1727 2635 cujus

942 2656 1016 2680 esset
1036 2651 1187 2686 particeps.
1203 2649 1350 2684 Propterea
1368 2649 1417 2675 l'uit
1432 2651 1546 2674 ornatus
1567 2650 1594 2673 et
1615 2646 1680 2678 vita,
1701 2651 1729 2674 et

941 2698 1057 2729 ratione,
1078 2701 1105 2724 et
1121 2696 1264 2732 sapientia,
1277 2699 1303 2723 et
1321 2694 1448 2722 omnibus
1463 2693 1551 2724 bonis,
1568 2699 1628 2727 qua:
1642 2691 1727 2718 Deum

941 2743 1047 2775 decent,
1066 2748 1094 2770 ut
1109 2750 1157 2778 per
1172 2740 1383 2776 unumquodque
1393 2746 1488 2766 eorum
1509 2737 1636 2773 flagraret
1651 2738 1728 2772 cupi-

940 2790 1025 2817 ditate
1037 2789 1097 2825 ejus
1110 2788 1181 2824 quod
1199 2791 1241 2816 est
1262 2787 1313 2815 sibi
1329 2785 1468 2820 proprium
1485 2791 1516 2811 ac
1538 2783 1724 2817 coniunctum.

941 2835 1076 2869 Quoniam
1090 2842 1155 2870 ergo
1172 2841 1254 2861 unum
1280 2840 1311 2860 ex
1335 2831 1370 2859 iis
1387 2830 1465 2859 bonis
1480 2838 1539 2865 quae
1564 2833 1628 2857 sunt
1647 2830 1674 2855 in
1686 2827 1727 2854 di-
