1954 3081
263 96 298 123 23
862 97 893 126 S-
919 96 1080 126 GREGOBII
1099 97 1244 126 NYSSENI
1849 97 1887 125 26

262 154 324 180 vina
336 157 444 186 natura.
460 158 502 182 est
514 154 595 182 etiam
609 155 759 187 aeternitas,
774 155 916 190 oportebat
936 156 1040 183 omnim

1100 155 1145 182 ἐπὶ
1165 156 1195 182 τὸ
1210 155 1286 182 Θεῖον
1311 155 1566 191 χαρακτηριζόντων
1588 156 1604 190 ἡ
1621 156 1820 191 ἀπαρίθμησις,
1838 157 1886 183 καὶ

263 203 363 226 nostrae
376 203 479 226 naturae
489 201 721 228 constructionem
732 208 780 228 nec
792 200 872 234 hujus
882 208 943 228 esse
953 208 1048 228 exsor-

262 247 327 276 tem,
344 243 392 271 sed
408 244 435 270 in
451 251 481 271 se
500 244 599 272 habere
618 245 859 277 immortalitatem,
880 249 910 271 ut
927 253 974 279 per
993 245 1046 271 vim

261 289 313 317 sibi
329 289 437 316 insitam
453 294 630 324 cognosceret
655 290 679 317 id
693 290 764 324 quod
780 294 821 318 est
838 297 1005 325 supremum,
1020 293 1046 316 et

262 338 399 362 teneretur
424 335 560 363 desiderio
579 335 677 362 divinae
700 335 871 362 aeternitatis.
901 334 963 362 Haec
980 342 1046 361 voce

261 379 346 406 multa
369 381 577 415 complectente,
605 389 658 408 uno
684 381 767 408 verbo
781 381 901 409 ostendit
923 380 991 407 liber
1011 379 1046 406 de

262 427 355 454 mundi
379 429 494 462 origine,
520 428 613 455 dicens
639 429 736 456 factum
761 436 822 456 esse
851 428 987 454 hominem
1009 426 1042 453 ad

263 474 309 502 Dei
335 476 488 510 imaginem.
510 476 536 502 ln
562 476 611 502 hac
626 477 697 503 enim
711 477 907 504 assimilatione
923 475 955 502 ad
978 475 1046 501 ima-

261 522 369 556 ginem,
395 530 427 550 ea
446 531 558 557 prorsus
581 529 791 556 enumerantur,
810 531 871 559 quae
894 522 1044 551 di\initatis

1095 202 1145 228 ὅσα
1158 202 1221 236 περὶ
1233 200 1335 228 τούτων
1353 200 1558 236 ίστορικώτερον
1568 201 1581 227 6
1592 201 1693 236 Μωσῆς
1707 201 1884 237 διεξέρχεται,

1096 247 1125 273 ὲν
1135 246 1287 282 διηγήσεως
1298 246 1362 273 εἴδει
1375 246 1496 280 δόγματα
1518 247 1583 281 ἡμῖν
1597 246 1823 282 παρατιθέμενος,
1835 246 1886 281 τῆς

1095 292 1223 327 τοιαύτης
1249 291 1340 326 ἔχεται
1369 291 1552 323 διδασκαλίας.
1583 292 1612 318 '0
1641 291 1695 327 γὰρ
1721 292 1886 327 παράδεισος

1095 339 1209 370 ἐκεῖνος,
1221 338 1269 364 καὶ
1283 338 1300 373 ἡ
1312 337 1366 363 τῶν
1390 338 1505 373 καρπῶν
1528 337 1637 372 ἰδιότης,
1655 334 1692 364 ὧν
1708 338 1723 372 ή
1740 337 1841 373 βρῶσις
1854 337 1885 364 οὐ

1096 384 1213 418 γαστρὸς
1234 383 1401 418 πλησμονὴν,
1413 383 1481 409 ἀλλὰ
1492 383 1591 417 γνῶσιν
1601 383 1648 410 καὶ
1661 383 1799 418 ἀῖδιότητα
1812 383 1886 417 ζωῆς

1097 430 1152 460 τοῖς
1169 428 1344 463 γευσαμένοις
1367 428 1457 454 δίδωσι
1468 437 1474 443 ·
1494 428 1583 455 πάντα
1602 428 1688 455 ταῦτα.
1704 429 1811 464 συνᾴδει
1828 430 1885 460 τοῖς

1099 474 1364 509 προτεθεωρημένοις
1384 474 1447 509 περὶ
1464 473 1509 500 τὸν
1534 474 1684 510 ἄνθρωπον·
1711 474 1749 506 ὡς
1778 474 1886 509 ἀγαθῆς

1098 529 1127 548 τε
1147 521 1193 546 καὶ
1215 520 1243 546 ὲν
1259 519 1368 554 ἀγαθοῖς
1377 518 1460 554 οὔσης
1471 521 1608 555 καταρχὰς
1618 521 1683 555 ἡμῖν
1699 521 1748 555 τῆς
1761 519 1885 554 φύσεως.

261 571 443 597 characterem
463 571 628 605 exprimunt,
648 577 674 599 et
692 579 861 606 quiscunque
879 572 912 599 de
930 571 971 598 his
986 570 1075 597 Moses
1090 568 1221 596 historica
1256 568 1412 595 narratione
1432 568 1567 602 percurrit
1599 568 1646 602 (ita
1667 573 1755 595 tamen
1788 573 1819 594 ut
1852 575 1884 594 ea

254 621 301 647 pro
310 614 444 649 dogmatis
456 615 614 652 habeamus)
633 618 753 645 eamdem
764 618 914 644 doctrinam
926 617 1059 644 redolent.
1075 613 1221 641 Paradisus
1232 614 1303 640 enim
1323 614 1367 641 ille
1378 613 1568 648 fructuumque
1579 614 1740 648 proprietas,
1765 620 1884 648 quorum

258 669 322 689 rsus
334 669 388 688 non
403 663 507 690 ventris
527 665 707 697 saturitatem,
726 666 770 692 sed
781 666 923 693 scientiam
937 663 1149 692 ctmternitatem
1162 661 1223 688 vita:
1237 660 1410 696 gustantibus
1420 660 1504 687 donat
1517 670 1524 688 :
1544 661 1600 688 haec
1619 661 1710 688 omnia
1728 664 1885 694 congruunt

259 708 293 734 iis
312 715 372 742 qua:
386 713 450 736 sunt
469 709 543 743 prius
559 710 729 738 considerata
754 711 780 737 iu
804 711 912 738 homine
928 720 934 738 :
952 716 1048 744 nempe
1062 707 1134 742 quod
1157 707 1185 733 in
1202 706 1281 733 initio
1290 710 1382 733 nostra
1398 710 1471 733 esset
1485 706 1555 733 bona
1576 711 1602 733 et
1627 706 1653 733 in
1671 706 1750 733 bonis
1770 711 1883 737 natura.

293 754 346 782 Sed
366 755 399 782 iis
431 764 491 790 qua:
526 756 598 783 dicta
630 762 693 784 sunt
726 757 795 785 forte
823 757 984 793 repugnabit
1016 757 1039 784 is

257 804 304 836 qui
331 803 364 830 ad
390 805 533 838 praesentia
563 805 668 840 aspicit,
696 810 722 833 et
749 806 889 833 existimat
909 814 938 833 se
963 812 1042 840 posse

257 851 391 884 probare,
423 859 478 879 non
509 860 570 880 esse
601 860 663 880 vera
697 861 758 888 quae
793 853 943 884 dicuntur,
970 852 1042 887 quod

259 905 313 925 non
346 898 374 925 in
409 898 484 932 illis,
510 900 557 927 sed
592 900 619 927 in
655 901 782 928 omnibus
813 901 868 928 fere
894 900 1040 928 contrariis

257 953 330 972 nunc
359 946 442 974 homo
469 953 606 975 cernatur.
637 948 688 976 Ubi
713 949 786 976 enim
815 952 857 976 est
887 949 980 975 formae
996 947 1039 974 di-

258 995 326 1022 vina:
364 994 514 1022 similitudo
549 997 576 1022 in
614 996 727 1023 anima?
759 996 808 1023 Ubi
846 995 1038 1030 mgritudinum

257 1043 380 1070 vacuitas
403 1044 430 1070 in
453 1044 588 1078 corpore?
622 1044 672 1072 Ubi
697 1045 794 1072 aniune
815 1041 1042 1072 mternitaslAn-

257 1098 311 1118 non
343 1095 385 1118 est
407 1091 488 1118 homo
519 1091 609 1120 brevis
644 1093 714 1124 vitae,
745 1093 883 1127 patibilis,
908 1092 1039 1123 caducus,

258 1139 332 1165 omni
348 1138 520 1166 al'fectionum
536 1140 629 1175 generi
648 1141 794 1173 obnoxius,
812 1145 839 1168 et
856 1141 882 1168 in
896 1141 996 1173 auima,
1014 1145 1040 1166 et

257 1187 284 1215 in
300 1188 433 1223 corpore?
448 1189 499 1221 Qui
518 1189 573 1216 haec
585 1189 652 1217 dicit
671 1194 698 1218 et
715 1197 775 1224 qua:
791 1193 854 1217 sunt
870 1188 1038 1223 hujnsmodi,

256 1240 284 1263 et
300 1241 424 1264 naturam
442 1236 604 1270 insectatur,
627 1237 794 1265 existimabit
819 1245 847 1265 se
865 1245 944 1272 posse
961 1244 1040 1263 ever-

257 1289 314 1312 tere
338 1291 398 1319 qum
411 1288 475 1311 sunt
498 1285 598 1313 tradita
621 1285 654 1313 de
678 1285 795 1312 homine.
813 1285 866 1313 Sed
892 1293 926 1312 ne
951 1284 985 1311 ab
1008 1291 1040 1311 eo

259 1331 331 1367 quod
351 1336 393 1359 est
409 1339 579 1367 consequens
603 1336 630 1361 et
647 1338 860 1361 consentaneum
881 1333 1041 1360 deﬂectatur

258 1381 360 1413 oratio,
388 1381 421 1408 de
451 1381 493 1408 bis
520 1381 602 1408 etiam
629 1381 723 1416 paucis
750 1382 936 1409 tractabimus.
962 1381 1040 1414 Quod

259 1434 332 1454 nunc
346 1427 402 1454 vita
425 1427 544 1455 humana
563 1428 599 1455 sit
622 1428 649 1455 in
670 1429 703 1456 iis
730 1437 790 1463 quae
816 1433 881 1456 sunt
904 1428 990 1455 aliena
1014 1432 1042 1455 et

261 1473 373 1501 minime
394 1474 584 1501 convenientia
600 1493 608 1505 ,
639 1482 693 1502 non
721 1475 789 1501 satis
813 1479 855 1501 est
889 1474 1040 1508 argumenti

257 1519 328 1553 quod
354 1518 435 1546 homo
459 1527 599 1554 nunquam
629 1519 710 1547 fuerit
735 1519 762 1546 in
791 1519 878 1547 bonis.
907 1519 1040 1552 Quoniam

1137 753 1205 780 Ἀλλ’
1227 752 1361 787 ἀντιλέγει
1377 753 1457 787 τυχὸν
1474 753 1529 783 τοῖς
1551 752 1705 788 εἰρημένοις
1721 753 1735 778 6
1757 752 1828 788 πρὸς
1850 752 1885 779 τὰ

1096 799 1217 835 παρόντα
1237 799 1351 834 βλέπων,
1386 799 1433 826 καὶ
1456 799 1537 825 οἴεται
1563 799 1708 833 διελέγχειν
1729 797 1774 825 τὸν
1804 798 1884 832 λόγον

1096 846 1146 872 οὐκ
1171 845 1347 880 ἀληθεύοντα,
1373 845 1411 879 τῷ
1437 846 1474 881 μὴ
1496 846 1525 872 ἐν
1557 845 1671 875 ἐκείνοις
1694 844 1752 877 νῦν,
1776 844 1834 870 ἀλλ’
1855 846 1884 871 ὲν

1094 892 1160 918 πᾶσι
1187 891 1280 926 σχεδὸν
1301 892 1357 922 τοῖς
1379 891 1548 922 ὑπεναντίοις
1571 890 1684 925 ὁρᾶσθαι.
1706 890 1752 916 τὸν
1776 889 1883 925 ἄνθρω-

1093 946 1154 964 πον.
1177 936 1232 963 Ποῦ
1266 937 1319 971 γὰρ
1352 937 1400 971 τῆς
1429 936 1518 971 ψυχῆς
1550 935 1580 962 τὸ
1612 935 1743 967 θεοειδές;
1770 935 1822 961 ποῦ
1854 935 1883 961 δὲ

1093 984 1109 1018 ἡ
1130 982 1247 1009 ἀπάθεια
1268 982 1314 1008 τοῦ
1335 982 1475 1017 σώματος;
1501 981 1555 1007 Ποῦ
1573 982 1620 1016 τῆς
1643 980 1717 1015 ζωῆς
1732 980 1761 1006 τὸ
1779 980 1882 1011 ἀϊδιον;

1099 1028 1256 1063 Ὠκύμορον,
1273 1027 1408 1062 ἐμπαθὲς,
1420 1026 1560 1061 ἐπίκηρον,
1573 1026 1640 1062 πρὸς
1655 1027 1744 1052 πᾶσαν
1755 1025 1884 1060 παθημά-

1092 1083 1146 1101 των
1159 1074 1231 1101 ἰδέαν
1242 1073 1312 1100 κατά
1323 1082 1352 1099 τε
1361 1073 1447 1108 ψυχὴν
1460 1072 1506 1099 καὶ
1520 1073 1599 1107 σῶμα.
1611 1072 1770 1107 ἐπιτήδειον.
1791 1070 1884 1097 Ταῦτα

1095 1120 1140 1147 καὶ
1167 1120 1200 1146 τὰ
1215 1119 1325 1146 τοιαῦτα
1339 1119 1424 1153 λέγων
1450 1118 1496 1145 καὶ
1511 1118 1684 1153 κατατρέχων
1698 1118 1745 1152 τῆς
1760 1117 1882 1151 φύσεως,

1094 1166 1254 1200 ἀνατρέπειν
1267 1165 1313 1192 τὸν
1334 1164 1496 1191 ἀποδοθέντα
1511 1164 1576 1199 περὶ
1589 1163 1634 1190 τοῦ
1647 1163 1786 1199 ἀνθρώπου
1804 1163 1885 1196 λόγον

1093 1212 1222 1246 οἰήσεται.
1241 1210 1309 1236 Ἀλλ’
1322 1210 1359 1241 ὡς
1371 1209 1402 1236 ἂν
1420 1209 1543 1245 μηδαμοῦ
1557 1209 1603 1236 τοῦ
1623 1209 1766 1236 ἀκολούθου
1782 1209 1795 1234 6
1805 1209 1885 1242 λόγος

1094 1254 1284 1290 παρατραπείη
1291 1274 1297 1285 ,
1306 1254 1352 1280 καὶ
1359 1254 1422 1288 περὶ
1432 1253 1532 1281 τούτων
1544 1255 1572 1280 ἐν
1580 1253 1677 1287 ὀλίγοις
1684 1253 1884 1289 διαληψόμεθα.

1095 1298 1131 1325 Τὸ
1146 1298 1192 1324 νῦν
1209 1299 1237 1325 ὲν
1254 1298 1364 1329 ἀτόποις
1381 1296 1450 1324 εἶναι
1465 1299 1513 1333 τὴν
1536 1297 1705 1333 ἀνθρωπίνην
1726 1297 1809 1334 ζωὴν,
1833 1298 1884 1332 οὺχ

1095 1344 1185 1376 ἱκανός
1200 1346 1271 1370 ἐστιν
1287 1344 1405 1378 ἐλεγχος,
1424 1343 1469 1370 τοῦ
1485 1343 1616 1378 μηδέποτε
1636 1344 1680 1370 τὸν
1694 1344 1838 1378 ἄνθρωπον
1855 1344 1884 1369 ὲν

1094 1388 1205 1423 ἀγαθοῖς
1217 1387 1388 1423 γεγενῆσθαι.
1404 1387 1511 1422 Ἐπειδὴ
1521 1387 1573 1422 γὰρ
1585 1387 1651 1414 Θεοῦ
1662 1387 1740 1423 ἔργον
1752 1389 1766 1413 6
1779 1387 1826 1414 ἄνθ
1832 1396 1884 1422 ρω-

1096 1433 1209 1467 πος,τοῦ
1221 1434 1252 1460 δι“
1259 1433 1447 1468 ἀγαθότητατὸ
1455 1433 1522 1465 ζῶον
1530 1432 1608 1459 τοῦτο
1623 1433 1828 1468 παραγαγόντος
1843 1434 1884 1464 εἰς

1095 1480 1211 1514 γένεσιν,
1226 1480 1276 1506 οὐκ
1288 1479 1319 1506 ἄν
1329 1488 1370 1510 τις
1381 1479 1497 1513 εὐλόγως
1508 1477 1562 1514 οὖὴ
1576 1479 1650 1505 σιτία
1662 1479 1710 1513 τῆς
1728 1479 1884 1508 συστάσεως

1095 1527 1229 1562 ἀγαθότης
1250 1525 1309 1552 ἐστὶ
1331 1525 1590 1552 καθυποπτεύσειεν.
1612 1524 1681 1551 Ἀλλ’
1699 1524 1790 1559 ἕτερόν
1806 1524 1883 1549 ἐστιν

257 1565 329 1591 enim
350 1564 432 1592 homo
453 1564 499 1592 Dei
530 1569 571 1592 est
588 1573 668 1600 opus,
684 1565 730 1600 qui
754 1570 865 1600 propter
890 1565 1039 1592 bonitatem

1093 1572 1193 1604 αἴτιον,
1214 1572 1259 1598 τοῦ
1277 1571 1364 1599 ταῦτά
1389 1580 1418 1598 τε
1436 1570 1482 1597 νῦν
1500 1571 1563 1605 περὶ
1581 1571 1653 1606 ἡμᾶς
1670 1567 1748 1602 εἶναι,
1765 1569 1812 1596 καὶ
1827 1568 1884 1595 τῶν

257 1610 309 1637 hoc
333 1609 434 1636 animal
462 1610 574 1638 deduxit
598 1610 630 1637 ad
657 1615 758 1642 ortum,
786 1619 866 1638 nemo
887 1611 949 1645 jure
967 1618 1040 1642 eum,

257 1654 337 1689 cujus
351 1655 457 1682 bonitas
469 1663 552 1683 causa
568 1655 618 1682 fuit
642 1661 671 1683 ut
685 1656 858 1687 conderetur,
876 1656 949 1683 illius
965 1656 1040 1683 defe—

204 1727 209 1732 ,
257 1701 357 1729 ctionis
385 1709 495 1729 causam
521 1709 581 1730 esse
610 1703 802 1737 suspicabitur.
834 1702 884 1729 Sed
920 1702 972 1728 alia
999 1705 1041 1729 est

257 1754 341 1775 causa
352 1754 402 1774 cur
416 1751 443 1775 et
462 1747 519 1774 haec
537 1748 615 1775 nobis
631 1755 703 1774 nune
723 1747 824 1777 adsint,
840 1751 867 1774 et
886 1747 984 1774 deserti
1003 1747 1041 1774 si-

258 1801 319 1821 mus
338 1793 371 1821 ab
387 1793 420 1821 iis
435 1801 494 1828 quae
512 1798 576 1821 sunt
591 1794 791 1828 praestantiora.
811 1794 921 1820 Initium
949 1796 1039 1819 autem

256 1840 317 1875 ejus
343 1839 416 1874 quod
440 1839 472 1866 ad
501 1839 551 1866 hoe
572 1847 643 1866 nunc
667 1844 710 1867 est
736 1839 893 1869 dicendum.
923 1846 976 1865 non
998 1842 1040 1865 est

258 1889 403 1916 remotum_
416 1884 450 1912 ab
471 1885 630 1912 assensione
650 1893 744 1912 eorum
768 1885 814 1920 qui
836 1884 1038 1911 contradicunt.

257 1930 309 1963 Qui
331 1930 403 1958 enim
429 1931 462 1957 ad
488 1929 539 1957 hoc
559 1935 587 1956 ut
608 1938 721 1957 suorum
750 1930 882 1956 bonorum
904 1929 1039 1964 particeps

256 1978 329 2003 esset
352 1975 488 2002 hominem
514 1975 587 2007 fecit,
615 1975 717 2010 quique
736 1974 932 2001 adminiculum
955 1978 982 2001 et
998 1981 1040 2000 oc-

256 2020 394 2048 casiOnem
409 2019 468 2055 ejus
481 2024 585 2047 natura:
598 2020 706 2051 indidit,
726 2025 753 2046 ut
769 2028 815 2055 per
829 2019 1040 2054 uiiumqnodque

257 2065 290 2092 ad
311 2065 402 2093 simile
421 2066 537 2093 ferretur
553 2066 694 2101 appetitio,
711 2074 765 2093 non
784 2065 932 2100 privaverit
953 2065 1040 2092 homi-

257 2119 317 2138 nem
338 2118 371 2138 eo
388 2111 461 2145 quod
478 2115 520 2138 est
538 2112 672 2138 bonorum
694 2111 906 2146 pulcherrimum
929 2114 956 2137 et
973 2118 1040 2145 prie-

255 2157 467 2187 stantissimum.
484 2157 540 2188 illa,
561 2156 682 2191 inquam,
698 2156 785 2191 gratia
801 2163 861 2191 quae
878 2156 904 2182 in
927 2164 959 2183 eo
974 2163 1040 2183 con-

256 2202 341 2234 sistit,
366 2202 438 2236 quod
465 2209 520 2229 non
545 2201 580 2229 sit
602 2201 703 2236 aliquid
723 2202 796 2236 quod
819 2202 987 2229 dominatum
1011 2202 1037 2229 in

255 2253 317 2272 eum
337 2245 470 2277 obtineat,
487 2249 513 2273 et
529 2245 601 2279 quod
615 2245 651 2273 sit
678 2245 720 2273 sui
739 2245 810 2280 juris
824 2252 851 2272 et
867 2245 944 2272 liberi
965 2245 1039 2272 arbi-

256 2292 313 2319 trii.
331 2292 360 2318 Si
376 2292 448 2319 enim
464 2292 525 2318 vita:
538 2291 665 2318 humana:
679 2296 808 2326 praeesset
831 2293 991 2325 necessitas,
1007 2300 1039 2319 ex

255 2345 287 2364 ea
305 2342 381 2372 parte
403 2336 472 2364 falsa
496 2337 593 2365 fuisset
614 2337 713 2372 imago,
730 2341 759 2365 ut
778 2346 838 2373 qua:
853 2346 901 2373 per
917 2337 1040 2365 dissimi-

256 2382 398 2410 litudinem
412 2383 500 2411 aliena
514 2387 587 2412 esset
603 2383 636 2410 ah
650 2384 808 2418 exemplari.
824 2384 877 2416 Qui
893 2384 964 2410 enim
980 2384 1038 2411 ﬁeri

255 2433 349 2464 posset
374 2433 402 2456 ut
418 2433 515 2456 natura
536 2429 629 2456 nescio
657 2429 756 2464 quibus
780 2429 953 2457 necessitatis
974 2429 1040 2464 legi-

255 2477 306 2504 bus
327 2477 450 2508 astricta,
476 2481 581 2503 natura:
596 2477 718 2503 omnium
736 2484 826 2503 rerum
848 2475 1039 2503 donlinatricis

212 2519 216 2523 ’
256 2522 344 2557 imago
367 2522 522 2549 diceretur?
542 2522 619 2554 Quod
640 2530 703 2558 ergo
724 2530 770 2557 per
792 2523 882 2549 omnia
906 2522 961 2549 Deo
981 2525 1039 2549 erat

255 2569 447 2600 assimilatum,
467 2569 608 2603 oportebat
629 2569 740 2596 omnino
765 2569 863 2596 habere
889 2568 915 2594 in
942 2573 1038 2594 natura

255 2613 328 2648 quod
341 2614 390 2641 sibi
405 2615 560 2648 imperaret,
579 2618 605 2641 et
625 2614 735 2641 domino
758 2614 870 2641 minime
887 2617 959 2640 esset
975 2613 1040 2640 sub-

251 2661 370 2693 jectum,
389 2664 418 2686 ut
437 2660 546 2688 virtutis
573 2665 646 2687 esset
661 2661 802 2694 prmmium
824 2659 957 2685 bonorum
977 2665 1039 2692 par-

253 2707 383 2741 tiripatio.
406 2706 457 2739 Qui
473 2706 574 2733 factum
589 2710 631 2732 est
650 2713 725 2740 ergo,
742 2705 859 2740 inquies,
883 2709 912 2731 ut
929 2704 974 2739 qui
992 2711 1039 2738 per

254 2755 343 2779 omnia
368 2753 560 2788 pulcherrimis
583 2757 610 2779 et
625 2751 862 2786 praestantissimis
882 2751 933 2777 fuit
953 2751 1038 2778 hone-

254 2804 352 2831 status,
377 2798 587 2826 commutaverit
608 2798 678 2824 bona
700 2797 900 2824 deterioribus?
927 2795 1036 2823 Clarum

253 2849 342 2872 autem
368 2850 408 2872 est
425 2845 450 2872 id
471 2851 579 2879 quoque
596 2844 669 2878 quod
692 2843 724 2870 de
744 2851 776 2871 eo
800 2841 943 2870 dicendum
966 2846 1006 2869 est
1027 2862 1032 2868 .

1092 1618 1295 1654 προτιμοτέρων
1311 1617 1498 1653 ἐρημωθῆναι.
1522 1617 1605 1652 Ἀρχὴ
1616 1617 1644 1642 δὲ
1656 1615 1736 1642 πάλιν
1751 1616 1797 1642 καὶ
1814 1615 1884 1651 πρὸς

1090 1664 1182 1691 τοῦτον
1198 1665 1263 1698 ἡμῖν
1273 1663 1317 1690 τὸν
1331 1663 1418 1697 λόγον,
1430 1663 1479 1689 οὐκ
1490 1662 1588 1694 ἔξωθεν
1602 1662 1650 1697 τῆς
1662 1661 1716 1687 τῶν
1729 1660 1885 1694 ἀντιλεγόν-

1090 1705 1142 1735 των
1161 1709 1219 1734 ἐστὶ
1236 1707 1472 1742 συγκαταθέσεως.
1498 1708 1527 1733 ’0
1548 1706 1602 1742 γὰρ
1618 1707 1663 1732 ἐπὶ
1682 1705 1811 1741 μετουσίᾳ.
1829 1705 1884 1731 τῶν

1092 1755 1163 1781 ίδῐων
1175 1754 1284 1789 ἀγαθῶν
1298 1755 1413 1789 ποιήσας
1424 1754 1469 1780 τὸν
1483 1753 1636 1788 ἄνθρωπον,
1652 1752 1700 1779 καὶ
1710 1752 1819 1778 πάντων
1834 1751 1883 1777 αὑ-

1089 1800 1129 1836 τῷ
1141 1800 1194 1827 τῶν
1208 1799 1297 1827 καλῶν
1311 1800 1359 1831 τὰς
1376 1799 1504 1835 ἀφορμὰς
1521 1798 1760 1833 ἐγκατασκευάσας
1775 1799 1808 1832 τῇ
1832 1797 1885 1832 φύ-

1091 1853 1142 1874 σει,
1156 1843 1193 1875 ὡς
1207 1843 1239 1870 ἂν
1248 1844 1403 1870 δι’ἐκάστου
1416 1845 1483 1878 πρὸς
1492 1843 1522 1869 τὸ
1537 1843 1652 1878 ὃμοιονή
1662 1843 1751 1878 ὄρεξις
1761 1843 1883 1877 φέροιτο,

1090 1891 1140 1916 οὐκ
1154 1890 1187 1917 ἂν
1203 1890 1250 1917 τοῦ
1277 1890 1419 1916 καλλίστου
1446 1890 1493 1916 καὶ
1512 1890 1674 1924 τιμιωτάτου
1694 1888 1747 1914 τῶν
1769 1887 1883 1922 ἀγαθῶν

1090 1934 1270 1970 ἀπεστέρησε,
1280 1935 1351 1969 λέγω
1358 1935 1389 1970 δὴ
1401 1935 1449 1970 τῆς
1464 1935 1534 1962 κατὰ
1548 1935 1577 1961 «ca
1591 1934 1735 1960 ἀδέσποτον
1751 1934 1798 1959 καὶ
1814 1934 1880 1959 αὐτ-

1089 1979 1210 2013 εξούσιον
1234 1981 1353 2016 χάριτος.
1371 1982 1401 2007 Et
1420 1981 1474 2016 γάρ
1493 1989 1534 2012 τις
1548 1980 1652 2016 ἀνάγκη
1674 1982 1706 2015 τῇ
1723 1979 1882 2015 ἀνθρωπίνῃ

1090 2025 1232 2052 ἐπεστάτει
1247 2025 1313 2061 ζωῇ,
1327 2025 1470 2061 διεψεύσθη
1486 2025 1518 2052 ἂν
1534 2026 1550 2060 ὴ
1573 2025 1654 2051 εἰκὼν
1666 2027 1726 2052 κατ’
1744 2027 1832 2052 ἐκεῖνο
1850 2025 1881 2052 τὸ

1090 2070 1184 2106 μέρος,
1214 2071 1424 2107 ἁλλοτριωθεῖσα
1443 2071 1482 2105 τῷ
1498 2070 1616 2106 ἀνομοίῳ
1639 2071 1707 2106 πρὸς
1722 2071 1752 2097 τὸ
1769 2071 1882 2106 ἀρχέτυ-

1090 2124 1150 2142 πον.
1166 2116 1221 2151 Τῆς
1240 2117 1294 2152 γὰρ
1315 2116 1509 2151 βασιλευούσης
1527 2116 1634 2151 φύσεως
1647 2117 1662 2152 ἡ
1677 2117 1810 2150 ἀνάγκαις
1823 2117 1881 2143 τισὶ

1090 2160 1277 2197 ὑπεζευγμένη
1288 2171 1318 2188 τε
1334 2162 1380 2189 καὶ
1394 2162 1565 2195 δουλεύουσα,
1577 2162 1634 2194 πῶς
1645 2162 1678 2189 ἂν
1691 2162 1772 2188 εἰκὼν
1782 2163 1882 2198 ὀνομά-

1095 2204 1183 2239 Cat-co;
1196 2206 1300 2233 Οὐκοῦν
1313 2206 1344 2233 τὸ
1357 2207 1400 2233 διὰ
1419 2207 1526 2234 πάντων
1547 2207 1615 2242 πρὸς
1641 2207 1671 2233 τὸ
1683 2207 1758 2233 Θεῖον
1772 2207 1881 2242 ὡμοιω-

1093 2251 1173 2286 μένον
1188 2251 1241 2278 ἔδει
1265 2251 1373 2284 πάντως
1390 2252 1461 2288 ἔχειν
1479 2253 1507 2279 ἐν
1522 2254 1554 2288 τῇ
1573 2252 1650 2286 φύσει
1669 2251 1700 2278 τὸ
1714 2252 1881 2288 αὐτοκρατὲς

1091 2297 1138 2323 καὶ
1167 2297 1321 2330 ἀδέσποτον,
1345 2298 1416 2324 ὥστε
1438 2297 1519 2325 ἆθλον
1537 2299 1636 2334 ἀρετῆς
1660 2296 1730 2324 εἶναι
1750 2299 1800 2332 τὴν
1825 2298 1881 2324 τῶν

1091 2342 1201 2376 ἀγαθῶν
1224 2343 1378 2377 μετουσίαν.
1395 2343 1480 2370 Πόθεν
1499 2342 1556 2375 οὖν,
1572 2344 1654 2378 ἐρεῖς,
1672 2344 1686 2369 6
1700 2343 1744 2370 διὰ
1770 2345 1881 2372 πάντων

1090 2388 1146 2418 τοῖς
1165 2387 1316 2419 καλλίστοις
1334 2388 1512 2423 τετιμημένος
1523 2408 1529 2420 ,
1543 2389 1577 2415 τὰ
1593 2389 1676 2424 χείρω
1695 2388 1749 2415 τῶν
1769 2389 1881 2422 ἀγαθῶν

1091 2432 1289 2467 ἀντηλλάξατο;
1305 2433 1397 2468 Σαφὴς
1408 2434 1435 2460 δὲ
1451 2435 1497 2460 καὶ
1507 2436 1521 2461 ὁ
1534 2435 1597 2470 περὶ
1607 2435 1702 2461 τούτου
1716 2434 1805 2468 λόγος.
1827 2435 1881 2460 Οὑ-

1090 2478 1170 2513 δεμία
1188 2478 1272 2505 κακοῦ
1288 2479 1393 2513 γένεσις
1407 2480 1438 2505 ἐκ
1454 2479 1526 2506 θείου
1539 2480 1706 2515 βουλήματος
1727 2480 1776 2514 τὴν
1793 2479 1881 2515 ἀρχὴν

1091 2523 1168 2559 ἔσχεν
1179 2532 1186 2539 ·
1206 2522 1223 2559 ἦ
1235 2524 1288 2559 γὰρ
1302 2523 1334 2550 ἂν
1348 2523 1400 2556 ἔξω
1413 2524 1541 2559 μέμψεως
1554 2523 1587 2560 ἦν
1599 2526 1616 2559 ἡ
1632 2525 1725 2558 κακία,
1737 2525 1803 2551 Θεὸν
1817 2526 1881 2551 ἐλυ-

1089 2572 1139 2605 τῆς
1159 2571 1364 2606 ἐπιγραφομένη
1391 2572 1504 2607 ποιητὴν
1530 2572 1576 2598 καὶ
1599 2572 1726 2607 πατέρα’
1747 2571 1804 2597 ἀλλ’
1827 2572 1880 2606 ὲμ-

1091 2615 1185 2650 φύεταί
1210 2624 1267 2647 πως
1289 2616 1325 2642 τὸ
1342 2617 1426 2643 κακὸν
1448 2617 1566 2650 ἔνδοθεν,
1581 2618 1613 2652 τῇ
1643 2617 1801 2652 προαιρέσει
1818 2617 1881 2643 τότε

1091 2660 1294 2696 συνιστάμενον,
1312 2661 1376 2688 ὅταν
1399 2671 1440 2694 τις
1455 2663 1509 2689 ἀπὸ
1523 2663 1569 2689 τοῦ
1598 2662 1679 2688 καλοῦ
1703 2663 1814 2698 γένηται
1830 2663 1880 2698 τῆς

1089 2707 1177 2742 ψυχῆς
1192 2706 1374 2742 ἀναχώρησις.
1391 2707 1521 2744 Καθάπερ
1537 2708 1590 2744 γὰρ
1615 2709 1631 2743 ἡ
1650 2709 1743 2742 ὅρασις
1771 2708 1880 2742 φύσεώς

1090 2753 1162 2778 ἐστιν
1174 2751 1311 2786 ἐνέργεια·
1325 2753 1341 2786 ἡ
1356 2752 1384 2778 δὲ
1398 2753 1530 2787 πήρωσις,
1547 2753 1674 2788 στέρησίς
1691 2754 1747 2779 ἐστι
1762 2754 1813 2788 τῆς
1827 2762 1880 2787 φυ-

1090 2796 1169 2830 σικῆς
1182 2796 1321 2831 ἐνεργείας
1331 2797 1432 2828 ὀὕτως
1446 2798 1492 2824 καὶ
1509 2799 1524 2832 ἡ
1539 2798 1622 2833 ἁρετὴ
1639 2798 1703 2834 πρδς
1715 2798 1762 2832 τὴν
1779 2799 1880 2826 κακίαν

1090 2842 1263 2876 ἀνθέστηκεν.
1281 2842 1316 2869 Οὐ
1333 2842 1385 2878 γὰρ
1408 2843 1480 2870 ἔστιν
1495 2843 1576 2880 ἄλλην
1593 2844 1691 2876 κακίας
1708 2844 1814 2878 γένεσιν
1836 2845 1880 2872 ἔνη
