1954 3081
102 104 142 132 25
713 103 840 133 ORATIO
855 103 1105 133 CATECIIETICA.
1704 104 1740 131 9.6

103 166 212 202 νοῆσαι,
229 165 244 201 ἦ
263 166 371 201 ἀρετῆς
385 165 526 192 ἀπουσίαν.
551 165 656 201 Ὥσπερ
679 165 734 201 γὰρ
748 165 796 192 τοῦ
815 166 898 201 φωτὸς

952 164 1050 193 Nullus
1067 167 1131 193 mali
1149 171 1225 195 ortus
1248 167 1356 195 initium
1372 167 1450 195 duxit
1472 175 1505 194 ex
1521 167 1569 195 Dei
1585 167 1738 196 voluntate.

107 210 305 246 ὐφαιρεθὲντος
317 211 332 236 ὁ
348 211 428 245 ζόφος
441 209 655 245 ἐπηκολούθησε,
668 211 800 245 παρόντος
812 211 841 238 δὲ
853 212 903 238 οὐκ

106 256 180 282 ἔστιν
193 264 200 271 ·
216 254 307 286 οὕτως
325 255 379 288 ἕως
401 255 433 281 ἂν
484 255 514 281 τὸ
534 254 634 288 ἀγαθὸν
650 255 679 281 ὲν
700 257 732 290 τῇ
749 255 840 290 φύσει,
858 256 904 282 ἀν-

107 301 250 336 ύπαρκτόν
274 302 334 327 ἔστι
350 301 410 328 καθ’
432 301 512 327 ἑαυτὸ
527 302 543 336 ὴ
557 300 641 327 κακία
651 309 658 316 ·
675 302 692 336 ἡ
705 301 733 327 δὲ
749 302 797 328 τοῦ
812 302 903 337 κρείτ-

104 355 182 378 τονος
191 346 370 381 ἀναχώρησις
389 345 493 380 γίνεται
506 345 551 372 τοῦ
563 346 683 373 ἐναντίου
693 347 809 380 γένεσις.
825 347 902 374 Ἐπεὶ

104 390 154 418 οὖν
164 391 245 418 τοῦτο
254 393 304 427 τῆς
319 391 556 426 αὖτεξουσιότητός
570 392 627 418 ἐστι
640 392 670 417 τὸ
686 391 830 427 ἰδίωμα,τδ
841 394 900 420 κατ’

104 437 234 469 ἐξουσίαν
250 437 422 472 ἀναιρεῖσθαι
436 438 467 463 τὸ
478 437 668 472 ,καταθύμιοη
683 439 732 474 οὐχ
748 440 762 465 6
778 439 842 470 Θεός
860 447 900 465 σοι

104 482 161 508 τῶν
176 483 322 517 παρόντων
336 483 409 509 ἐστὶν
423 483 508 514 αἴτιος
524 483 627 515 κακῶν,
648 483 794 510 ἀδέσποτον
809 492 838 510 τε
854 484 900 510 καὶ

104 529 202 555 ἄνετον
218 538 258 556 σοι
280 530 489 561 κατασκευάσας
508 529 557 566 τὴν
573 531 653 564 φύσιν
664 551 671 563 ,
686 530 743 557 ἀλλ’
755 531 772 566 ὴ
788 530 900 558 ἀϐουλία

103 575 136 601 τὸ
151 577 241 610 χεῖρον
255 576 317 602 ἀντὶ
329 575 376 602 τοῦ
394 575 548 611 κρείττονος
563 576 742 612 προελομένη.

953 211 1056 240 Revera
1068 212 1140 239 enim
1156 212 1224 239 nulli
1237 213 1444 248 reprehensioni
1457 213 1535 240 aﬂine
1547 217 1619 241 esset
1630 213 1737 246 vitium,

952 263 981 285 ut
997 258 1070 293 quod
1084 259 1126 286 sui
1140 257 1296 286 eﬂ‘cctorem
1311 263 1336 287 et
1358 264 1461 294 patrem
1479 258 1563 287 Deum
1580 259 1632 287 sibi
1651 259 1738 287 ascri-

950 304 1035 336 beret,
1049 304 1096 331 sed
1111 304 1212 331 malum
1223 305 1389 333 intrinsecus
1400 305 1602 341 quodammodo
1615 305 1739 333 innasci-

949 353 995 376 tur
1027 350 1054 376 in
1078 349 1165 377 libero
1190 349 1272 377 animi
1297 351 1410 378 arbitrio
1437 355 1465 379 et
1490 352 1642 384 electione,
1673 355 1738 377 tunc

950 396 1118 428 consistens,
1137 397 1247 431 quando
1269 396 1350 424 fuerit
1374 397 1474 432 aliquis
1491 398 1589 425 animre
1609 404 1738 424 recessus

950 442 984 469 ab
1008 450 1041 469 eo
1071 442 1144 477 quod
1171 443 1272 469 bonum
1298 447 1340 470 est
1361 447 1389 470 et
1410 443 1565 471 honestum.
1595 441 1738 476 Quomodo

949 487 1022 514 enim
1038 487 1113 516 visus
1130 491 1172 516 est
1191 492 1296 516 natura:
1310 488 1452 524 operatio:
1469 489 1574 516 orbitas
1589 492 1679 516 autem
1695 493 1738 515 est

950 533 1067 567 privatio
1095 534 1230 562 naturalis
1256 534 1425 570 operationis
1449 534 1511 562 :ita
1536 535 1617 561 etiam
1650 534 1737 560 virtus

949 578 1110 606 adversatur
1139 580 1215 608 vitio.
1253 579 1313 608 Non
1339 588 1487 616 possumus
1516 579 1588 607 enim
1618 579 1737 613 cogitare

104 623 188 650 aliam
201 622 258 649 vitii
272 623 485 658 generationem,
506 629 588 657 quam
598 622 708 649 virtutis
720 622 881 650 absentiam.
903 623 1046 656 Quomodo
1063 625 1136 653 enim
1165 626 1256 654 ablata
1286 627 1347 654 luce
1380 630 1589 661 consequuntur
1608 625 1736 655 tenebrae.

105 678 163 698 non
187 677 250 698 sunt
274 676 365 698 autem
381 672 404 698 si
432 671 503 698 adsit
521 680 528 698 :
543 670 580 697 ita
600 671 722 705 quandiu
745 670 828 698 fuerit
845 671 950 702 bonum
965 672 992 699 in
1009 677 1117 707 natura,
1158 682 1207 709 per
1231 682 1261 701 se
1297 681 1351 701 non
1377 674 1504 701 consistit
1537 673 1663 704 vitium;'
1679 671 1739 706 ejus

105 720 197 744 autem
213 717 288 751 quod
311 721 353 744 est
368 717 466 745 melius
480 724 608 745 recessus
626 717 655 743 ﬁt
673 717 812 751 generatio
829 717 971 744 contrarii.
988 717 1122 751 Quoniam
1144 727 1208 755 ergo
1241 720 1293 747 hoc
1314 724 1356 747 est
1390 720 1544 755 proprietas
1576 717 1654 745 liberi
1693 723 1739 742 ar-

104 763 190 795 bitrii,
209 767 238 790 ut
252 763 338 790 libere
353 763 427 798 quod
441 763 533 790 animo
548 768 654 799 gratum
669 763 751 790 fuerit
770 763 897 798 eligatur,
918 771 972 791 non
989 769 1031 792 est
1064 765 1114 793 tibi
1136 765 1207 793 Deus
1227 770 1325 793 auctor
1348 770 1375 793 et
1393 773 1476 793 causa
1511 764 1646 791 malorum
1667 771 1736 797 prm-

104 812 237 842 seutium.
255 816 417 839 constructa
444 812 493 839 tibi
516 816 614 839 natura
632 820 692 846 quae
709 811 820 839 domino
844 819 898 839 non
919 818 995 847 paret
1011 817 1107 848 estque
1119 814 1203 841 libera
1217 817 1243 843 et
1257 815 1356 848 soluta,
1371 814 1419 842 sed
1451 813 1551 840 malum
1583 811 1738 845 consilium,

105 857 178 892 quod
197 857 280 892 elegit
297 865 347 892 pro
363 857 470 884 meliori
488 857 513 884 id
528 858 600 892 quod
619 862 662 885 est
677 858 807 885 deterius.

402 905 527 930 ΚΕΦΑΑ.
552 905 598 937 q’.

138 950 235 984 Ζητείς
247 949 275 975 δὲ
287 949 335 975 καὶ
348 949 396 984 τὴν
413 949 502 976 αἰτίαν
517 949 597 985 τυχὸν
617 950 667 985 τῆς
681 955 752 976 κατὰ
766 955 815 985 την
836 949 896 984 βου-

103 994 152 1028 λὴν
162 993 340 1028 διαμαρτίας·
361 995 402 1025 είς
419 993 498 1020 τοῦτο
517 995 572 1030 γὰρ
589 995 606 1030 ὴ
623 994 769 1021 ἀκολουθία
783 994 837 1020 τῶν
851 993 891 1020 λό-

103 1048 160 1073 ⁴ῖων
177 1040 266 1074 φέρει.
283 1039 388 1066 Οὐκοῦν
401 1039 481 1066 πάλιν
501 1040 572 1076 ἀρχή
589 1049 631 1072 τις
642 1041 709 1076 ἡμῖν
724 1040 794 1066 κατὰ
808 1040 838 1066 τὸ
853 1038 897 1066 εὕ-

103 1085 181 1120 ὶογον
200 1085 391 1121 εὑρεθήσεται,
401 1087 419 1121 ἦ
430 1086 476 1112 καὶ
489 1085 568 1112 τοῦτο
581 1085 723 1121 σαφηνίσει
733 1086 763 1112 τὸ
774 1087 841 1121 ζήτη
847 1094 894 1121 μα.

105 1131 230 1159 Τοιοῦτόν
241 1141 303 1158 τινα
320 1131 398 1165 λόγον
419 1131 493 1167 παρὰ
504 1131 557 1158 τῶν
571 1131 700 1167 Πατέρων
711 1131 894 1165 διεδεξάμεθα·

104 1177 162 1205 ἔστι
176 1179 204 1205 δὲ
217 1180 231 1205 6
248 1179 340 1213 λόγος,
354 1178 384 1205 οὐ
403 1178 527 1214 μυθώδης
543 1179 678 1214 διήγησις,
695 1178 751 1204 ἀλλ’
769 1178 798 1210 ἐξ
812 1178 897 1213 αὐτῆς

105 1225 154 1260 τῆς
167 1225 275 1259 φύσεως
288 1225 367 1260 ἡμῶν
382 1225 412 1251 τὸ
435 1225 529 1251 πιστὸν
552 1225 732 1260 ἐπαγόμενος·
746 1224 831 1259 Διπλῆ
855 1224 898 1256 τίς

105 1270 179 1296 ἐστιν
195 1271 224 1296 ἐν
251 1272 308 1301 τοῖς
335 1268 395 1296 οὖσι
412 1269 584 1305 κατανόησις,
605 1271 644 1302 είς
655 1270 684 1296 τὸ
699 1270 792 1305 νοητόν
807 1279 836 1296 τε
850 1270 897 1296 καὶ

106 1315 236 1350 αἰσθητὸν
250 1317 298 1350 τῆς
310 1315 424 1349 θεωρίας
436 1315 478 1350 διῃ
484 1315 612 1350 ρημένης.
623 1314 678 1341 Καὶ
689 1315 764 1341 οὐδὲν
776 1314 810 1341 ἂν
821 1314 896 1350 παρὰ

104 1361 197 1387 ταῦτα
222 1361 405 1395 καταληφθείη
433 1361 460 1386 ἐν
490 1361 523 1396 τῇ
546 1361 599 1387 τῶν
629 1361 713 1387 ὄντων
735 1361 830 1395 φύσει,
848 1361 898 1395 τῆς

104 1406 270 1442 διαιρέσεως
282 1407 378 1442 ταύτης
389 1407 442 1439 ἔξω
455 1407 615 1443 φερόμενον.
626 1407 756 1442 Διῄρηται
769 1407 798 1433 δὲ
812 1406 898 1432 ταῦτα

105 1452 180 1487 πρὸς
195 1452 296 1487 ἄλληλα
309 1452 399 1487 πολλῷ
412 1452 451 1487 τῷ
469 1452 553 1487 μέσῳ,
566 1453 603 1484 ὡς
622 1453 689 1488 μήτε
704 1453 752 1488 τὴν
766 1452 898 1487 αἰσθητὴν

105 1499 134 1524 ἐν
144 1499 202 1530 τοῖς
217 1499 323 1533 νοητοῖς
340 1496 409 1524 εἶναι
422 1500 603 1534 γνωρίσμασι,
614 1499 681 1534 μήτε
695 1500 723 1525 ὲν
736 1500 792 1530 τοῖς
805 1497 898 1533 αἰσθη-

104 1545 161 1575 τοῖς
189 1543 316 1578 ἐκείνην,
334 1544 390 1570 ἀλλ’
406 1544 460 1571 ἀπὸ
477 1544 530 1571 τῶν
549 1545 678 1572 ἐναντίων
701 1545 833 1578 ἑκατέραν
849 1550 898 1579 χα-

1256 900 1370 929 CAPUT
1393 901 1436 928 Vl.

986 948 1092 982 Quatris
1119 952 1209 976 autem
1237 949 1319 975 etiam
1346 947 1463 975 fortasse
1489 956 1600 975 causam
1634 951 1737 984 peccati

951 995 1023 1030 quod
1039 994 1166 1022 consulto
1180 994 1346 1025 admittitur,
1368 1001 1400 1021 co
1424 994 1495 1021 enim
1512 994 1622 1022 deducit
1637 996 1739 1022 oratio-

949 1041 994 1069 nis
1023 1040 1228 1075 consequentia.
1258 1039 1366 1067 Rursus
1392 1047 1456 1075 ergo
1479 1040 1559 1067 nobis
1583 1040 1737 1068 invenietur

951 1086 1061 1121 aliquod
1086 1086 1263 1121 principium,
1293 1090 1321 1113 ut
1343 1089 1386 1113 est
1409 1090 1636 1118 consentaneum,
1664 1087 1737 1120 quod

951 1132 1023 1160 hanc
1052 1133 1135 1160 etiam
1165 1132 1314 1167 explicabit
1340 1132 1528 1167 quaestionem.
1563 1132 1585 1158 A
1611 1132 1739 1161 Patribus

950 1179 1096 1214 quamdam
1121 1178 1203 1205 talem
1225 1178 1381 1205 invenimus
1395 1178 1558 1211 orationem,
1586 1183 1628 1206 est
1647 1184 1738 1206 autem

951 1224 1050 1256 oratio,
1072 1231 1127 1250 non
1145 1223 1269 1251 fabulosa
1286 1225 1419 1256 narratio,
1437 1224 1483 1251 sed
1495 1231 1555 1259 qua).
1570 1232 1604 1251 ex
1617 1224 1675 1258 ipsa
1690 1232 1739 1251 na-

950 1274 1013 1297 tura
1034 1269 1113 1297 affert
1138 1269 1491 1304 probabilitatem:Duplex
1517 1274 1559 1297 est
1587 1270 1613 1296 in
1633 1270 1666 1297 iis
1678 1278 1738 1305 qua:

951 1321 1016 1344 sunt
1029 1316 1225 1347 consideratio,
1244 1317 1270 1343 iu
1287 1316 1313 1342 id
1332 1315 1403 1350 quod
1419 1316 1568 1350 percipitur
1584 1316 1737 1351 intelligen-

952 1363 999 1396 tia,
1016 1366 1043 1390 et
1063 1363 1089 1390 id
1106 1362 1179 1397 quod
1200 1366 1242 1389 est
1259 1361 1370 1393 sensile,
1387 1360 1476 1388 divisa
1497 1362 1735 1396 contemplatione.

951 1407 1044 1442 Neque
1058 1411 1155 1441 prteter
1176 1406 1233 1433 haec
1243 1406 1392 1441 quidquam
1408 1406 1524 1440 relinqui
1543 1410 1633 1440 potest
1652 1407 1680 1434 in
1694 1413 1737 1434 rc-

952 1461 1012 1480 rutn
1039 1458 1146 1484 natura,
1162 1452 1234 1487 quod
1253 1451 1358 1479 feratur
1371 1456 1448 1479 extra
1476 1452 1546 1479 hanc
1563 1452 1735 1480 divisionem.

953 1499 1051 1534 Magno
1068 1503 1158 1525 autem
1180 1498 1325 1525 intervallo
1344 1502 1408 1526 sunt
1423 1498 1481 1525 hmc
1500 1499 1571 1526 inter
1587 1507 1616 1526 se
1632 1499 1736 1533 disjun-

953 1549 1006 1577 cta,
1020 1548 1050 1571 ut
1066 1551 1154 1578 neque
1178 1544 1287 1579 cognita
1303 1543 1339 1570 sit
1360 1544 1469 1571 sensilis
1482 1544 1552 1571 inter
1567 1551 1597 1571 ea
1611 1551 1672 1579 quae
1693 1551 1738 1571 ca-

106 1587 332 1622 ρακτηρίζεσθαι.
354 1588 386 1614 Ἡ
401 1588 517 1624 μὲνγὰρ
534 1588 617 1624 νοητὴ
641 1589 721 1623 φύσις
753 1588 898 1623 ἀσώματόν

951 1588 1020 1616 dunt
1036 1589 1088 1616 sub
1105 1588 1326 1623 intelligentiam,
1341 1596 1391 1616 nec
1406 1597 1466 1624 qua:
1483 1589 1661 1624 intelligentia
1677 1597 1739 1625 pcr-

104 1640 130 1658 τι
152 1632 249 1667 χρῆμά
269 1633 329 1659 ἐστι
351 1633 398 1659 καὶ
421 1634 521 1668 ἀναφὲς
543 1635 589 1660 καὶ
606 1634 734 1661 ἀνείδεον.
755 1635 787 1660 Ἦ
805 1634 834 1661 δὲ
858 1635 900 1661 αί-

90 1678 190 1714 ισθητὴ
207 1679 268 1706 κατ’
293 1679 360 1706 αὐτὸ
375 1680 405 1706 τὸ
423 1680 518 1715 ὖνομα,
534 1681 609 1712 ἐντός
633 1681 689 1707 ἐστι
707 1681 756 1716 τῆς
778 1680 822 1707 διὰ
845 1680 898 1708 τῶν

105 1725 291 1760 αἰσθητηρίων
307 1726 506 1761 κατανοήσεως.
531 1726 600 1752 Ἀλλ’
619 1726 712 1762 ὥσπερ
729 1727 757 1753 ἐν
773 1726 848 1762 αὑτῷ
861 1726 899 1762 τῷ

105 1770 227 1806 αἰσθητῷ
243 1771 340 1806 κόσμῳ
365 1771 465 1807 πολλῆς
482 1773 550 1808 πρὸς
567 1772 668 1808 ἄλληλα
686 1772 741 1799 τῶν
759 1772 899 1807 στοιχείων

104 1816 187 1852 οὔσης
201 1816 399 1850 ἐναντιώσεως,
413 1818 582 1854 ἐπινενόηται
595 1827 636 1849 τις
652 1819 768 1854 ἁρμονία
787 1818 831 1845 διὰ
844 1818 898 1845 τῶν

105 1861 234 1888 ἐναντίων
247 1862 423 1898 ἁρμοζομένη
440 1863 514 1898 παρὰ
528 1864 579 1898 τῆς
596 1863 644 1890 τοῦ
672 1864 771 1896 παντὸς
784 1865 897 1890 ἐπιστα-

104 1908 204 1943 τούσης
220 1909 316 1943 σοφίας
328 1917 335 1924 ·
353 1909 400 1935 καὶ
423 1909 508 1941 οὕτως
526 1909 616 1945 πάσης
629 1910 732 1944 γίνεται
750 1910 817 1945 πρὸς
834 1910 898 1936 ἑαυ-

103 1954 155 1987 τὴν
182 1953 326 1988 συμφωνία
345 1953 396 1988 τῆς
423 1953 547 1986 κτίσεως,
570 1954 686 1989 οὐδαμοῦ
709 1954 758 1989 τῆς
781 1954 899 1989 φυσικῆς

103 1999 293 2034 ἐναντιότητος
312 1999 359 2026 τὸν
379 2001 430 2034 τῆς
448 1992 597 2035 συμπνοίας
613 2001 707 2036 εἱρμὸν
726 2000 896 2036 διαλυούσης,

103 2045 178 2072 κατὰ
200 2045 246 2072 τὸν
269 2045 353 2072 αὐτὸν
381 2046 481 2082 τρόπον
503 2046 550 2073 καὶ
564 2045 611 2072 τοῦ
638 2046 767 2083 αίσθητοῦ
787 2046 855 2082 πρὸς
868 2047 898 2073 τὸ

103 2091 198 2126 νοητὸν
221 2092 328 2126 γίνεταί
351 2100 395 2124 τις
419 2092 490 2119 κατὰ
514 2091 588 2119 θείαν
614 2093 708 2127 σοφίαν
723 2093 795 2127 μίξις
806 2101 836 2119 τε
851 2092 898 2119 καὶ

102 2136 313 2173 ἀνάκρασις,ιῖ›ς
326 2137 359 2165 ἂν
373 2139 461 2165 πάντα
479 2138 525 2165 τοῦ
544 2138 626 2165 καλοῦ
638 2138 709 2166 κατὰ
718 2139 748 2166 τὸ
759 2138 816 2166 ἴσον
834 2148 898 2174 μετ-

102 2184 171 2219 έχοι,
191 2185 239 2211 καὶ
258 2185 343 2220 μηδὲν
361 2185 413 2211 τῶν
434 2185 520 2212 ὄντων
531 2185 657 2221 ἀμοιροίη
673 2187 722 2221 τῆς
744 2185 898 2221 κρείττονος

102 2230 222 2264 φύσεως.
238 2231 288 2257 Διὰ
303 2231 382 2257 τοῦτο
392 2232 421 2258 τὺ
435 2232 483 2266 μὲν
494 2231 660 2266 κατάλληλον
672 2233 705 2267 τῇ
717 2233 799 2267 νοητῇ
818 2230 897 2266 φύσει

952 1635 1090 1670 cipiuntur
1115 1635 1187 1662 inter
1214 1634 1339 1666 sensilia,
1366 1634 1414 1662 sed
1437 1639 1553 1670 utraque
1580 1635 1694 1662 formam
1711 1640 1738 1662 et

951 1681 1136 1707 characterem
1158 1679 1297 1714 accipiunt
1321 1687 1336 1706 a
1353 1680 1511 1707 contrariis.
1528 1678 1594 1707 Nam
1611 1688 1671 1715 quae
1694 1680 1738 1707 in-

951 1725 1101 1760 telligentia
1120 1724 1229 1759 quidem
1246 1725 1397 1759 percipitur
1417 1729 1525 1758 natura,
1545 1729 1587 1753 est.
1601 1733 1646 1753 res
1663 1732 1737 1760 quae-

951 1770 1013 1798 dam
1033 1768 1207 1805 incorporea,
1222 1773 1249 1797 et
1267 1769 1407 1803 intactilis,
1423 1774 1449 1797 et
1464 1770 1599 1798 informis.
1622 1771 1738 1798 Seusilis

951 1821 1041 1842 autent
1064 1823 1096 1843 ex
1114 1816 1173 1851 ipso
1196 1815 1318 1847 nomine,
1345 1820 1386 1843 est
1407 1816 1478 1843 intra
1498 1817 1597 1844 mentis
1612 1824 1738 1851 compre-

951 1863 1110 1890 hensionem
1133 1870 1194 1897 qttae
1217 1862 1268 1889 fuit
1297 1870 1345 1897 per
1368 1862 1492 1889 sensilia.
1516 1862 1569 1890 Sed
1601 1862 1739 1897 quomodo

951 1916 1013 1936 cum
1028 1909 1055 1935 in
1073 1908 1174 1935 mundo
1189 1915 1287 1943 magna
1303 1908 1339 1935 sit
1353 1908 1424 1935 inter
1442 1916 1472 1936 se
1491 1908 1606 1935 invicem
1620 1909 1739 1936 elemen-

950 1958 1040 1982 torum
1065 1954 1254 1990 repugnantia,
1277 1961 1290 1980 a
1312 1954 1446 1989 sapientia
1469 1961 1530 1988 quae
1556 1958 1653 1989 praeest
1678 1955 1738 1981 uni-

949 2000 1084 2031 versitati,
1113 1999 1266 2033 excogitata
1291 2004 1333 2026 est
1352 1999 1474 2034 quazdam
1499 1999 1653 2032 harmonia,
1677 2008 1738 2035 qua:

950 2045 1133 2072 concinnatur
1154 2048 1181 2071 et
1199 2048 1308 2079 aptatur
1327 2052 1374 2079 per
1389 2045 1548 2078 contraria;
1563 2050 1590 2073 et
1612 2046 1649 2073 ita
1676 2046 1739 2073 uni-

948 2097 1035 2118 versae
1053 2095 1186 2117 creatura;
1208 2089 1241 2116 ad
1263 2090 1380 2125 seipsam
1406 2090 1561 2118 extenditur
1575 2095 1735 2122 concentus,

949 2127 1070 2164 naturali
1083 2136 1270 2171 repugnantia
1283 2135 1394 2163 minime
1410 2136 1534 2163 solvente
1550 2137 1648 2164 seriem
1667 2127 1747 2164 con:

949 2182 1106 2216 spirationis
1125 2191 1132 2208 τ
1152 2181 1246 2209 eodem
1272 2181 1354 2208 modo
1375 2181 1436 2215 ejus
1459 2181 1532 2216 quod
1557 2186 1599 2210 est
1624 2183 1735 2215 sensile,

949 2233 1011 2253 cum
1037 2233 1069 2253 eo
1095 2225 1168 2261 quod
1190 2225 1263 2252 cadit
1290 2226 1342 2253 sub
1361 2226 1580 2261 intelligentiam,
1604 2234 1619 2252 a
1645 2226 1737 2254 divina

101 2275 214 2310 χωρίον,
226 2276 243 2310 ἡ
263 2275 361 2311 λεπτὴ,
372 2276 466 2312 λογικὴ
489 2276 534 2302 καὶ
553 2277 693 2311 εὐκίνητός
715 2277 788 2303 ἐστιν
801 2276 878 2302 οὐσία
889 2296 896 2308 ,

951 2270 1086 2305 sapientia
1108 2270 1137 2297 lit
1159 2270 1282 2305 quadam
1307 2270 1463 2298 commistio
1484 2275 1511 2298 et
1536 2271 1686 2303 concretio,
1707 2275 1737 2299 ut

101 2321 173 2348 κατὰ
186 2320 236 2357 τὴν
250 2322 434 2357 ὐπερκόσμιον
449 2323 523 2358 λῆξιν
539 2322 638 2358 πολλὴν
658 2322 756 2358 ἔχουσα
772 2322 811 2357 τῷ
829 2321 897 2348 ίδιά-

101 2366 176 2399 ζοντι
196 2368 247 2403 τῆς
271 2368 378 2402 φύσεως
408 2369 475 2402 πρὸς
491 2368 521 2395 τὸ
547 2369 641 2404 νοητὸν
660 2368 709 2403 τὴν
726 2368 896 2402 συγγένειαν.

101 2413 266 2448 Προμηῡείᾳ
286 2413 314 2440 δὲ
336 2413 469 2448 κρείττονι
498 2414 566 2448 πρὸς
592 2413 641 2448 τὴν
662 2412 794 2448 αἰσθητὴν
818 2412 898 2447 φύσιν

101 2459 209 2492 γίνεταί
238 2467 281 2490 τις
306 2459 353 2485 τοῦ
382 2459 478 2494 νοητοῦ
507 2459 715 2494 συνανάκρασις,
733 2459 770 2490 ὡς
795 2458 828 2486 ἂν
847 2467 896 2494 μη-

100 2503 147 2529 δὲν
179 2503 336 2538 ἀπόϐλητον
366 2504 407 2539 εἴη
437 2504 487 2539 τῆς
514 2504 639 2536 κτίσεως,
666 2504 756 2535 καθώς
784 2512 866 2539 φησιν
882 2504 896 2529 6

108 2548 292 2580 ’Λπόστολος,
314 2548 381 2584 μηδὲ
398 2549 447 2583 τῆς
464 2548 539 2580 θείας
562 2549 703 2580 κοινωνίας
731 2548 898 2584 ἀπόκληρον.

103 2592 207 2619 Τούτου
232 2593 314 2628 χάριν
338 2595 369 2620 ὲκ
396 2594 491 2629 νοητοῦ
504 2603 533 2620 τε
551 2594 598 2621 καὶ
618 2593 765 2629 αἰσθητοῦ,
777 2595 807 2621 τὸ
830 2594 900 2621 κατὰ

101 2637 150 2663 τὸν
165 2637 312 2674 ἄνθρωπον
335 2639 423 2673 μίγμα
449 2639 524 2674 παρᾶ
545 2641 595 2675 τῆς
613 2640 688 2671 θείας
712 2640 900 2667 ἀναδείκνυται

103 2682 225 2716 φύσεως,
241 2683 334 2715 καθὼς
347 2684 468 2711 διδάσκει
489 2685 538 2719 τῆς
562 2685 755 2720 κοσμογενείας
770 2686 784 2712 ὁ
809 2685 895 2720 λόγος.

103 2729 211 2756 Λαϐὼν
230 2729 296 2764 γὰρ,
316 2730 438 2765 φησὶν,ὁ
452 2731 520 2764 Θεὸς
537 2731 614 2766 χοῦν
629 2732 686 2759 ἀπὸ
703 2731 756 2767 τῆς
765 2731 832 2767 τῆς,
846 2733 899 2759 τὸν

146 2816 156 2833 ⁷
172 2816 180 2843 ι
202 2816 324 2844 Timoth.
344 2825 381 2851 tv,
400 2818 426 2844 ι.

950 2316 1042 2343 omnia
1070 2323 1104 2343 ex
1128 2323 1206 2351 aequo
1233 2319 1339 2350 partem
1360 2315 1479 2343 habeant
1504 2315 1574 2351 ejus,
1603 2316 1675 2351 quod
1695 2321 1738 2344 est

952 2362 1096 2398 pulchrqu
1113 2366 1140 2388 et
1156 2362 1314 2393 honestum,
1327 2364 1354 2389 et
1370 2369 1402 2389 ex
1417 2362 1450 2388 iis
1467 2369 1528 2397 qua:
1542 2366 1606 2389 sunt
1619 2363 1687 2390 nihil
1701 2363 1737 2390 sit

949 2416 1046 2444 expers
1074 2412 1179 2435 naturae
1196 2407 1329 2435 melioris.
1354 2407 1501 2442 Propterea
1527 2408 1604 2435 locus
1625 2408 1734 2443 quidem

950 2461 1106 2489 congruens
1131 2453 1282 2480 intellectili
1300 2457 1416 2484 naturae,
1441 2453 1531 2481 tenuis
1548 2458 1591 2481 est
1616 2458 1642 2481 et
1658 2453 1736 2489 agilis

951 2499 1104 2527 substantia
1124 2506 1184 2533 quae
1199 2499 1226 2526 in
1248 2499 1470 2533 supramundana
1486 2500 1597 2534 regione
1611 2506 1736 2534 proprie-

951 2549 1006 2573 tate
1024 2549 1129 2572 natum
1155 2552 1211 2572 sum
1236 2552 1362 2580 magnam
1391 2545 1473 2572 habet
1497 2553 1559 2572 cum
1583 2545 1734 2572 intellectili

949 2591 1151 2627 cognationem.
1176 2590 1280 2618 Heliori
1297 2594 1387 2617 autem
1410 2591 1592 2625 providentia,
1610 2589 1734 2625 quaedam

950 2637 980 2665 ﬁt
1000 2637 1216 2672 contemperatio
1231 2636 1292 2671 ejus
1306 2635 1379 2671 quod
1407 2635 1556 2670 percipitur
1582 2633 1735 2669 intelligen-

951 2684 989 2710 tia
1009 2682 1190 2710 cum’sensili
1210 2685 1319 2714 natura,
1337 2680 1366 2708 ut
1381 2684 1513 2708 creaturae
1533 2679 1601 2706 nihil
1617 2678 1653 2706 sit
1668 2677 1734 2712 reji-

955 2729 1092 2763 cicndum,
1109 2733 1140 2756 ut
1155 2728 1222 2756 dicit
1235 2727 1383 2763 Apostolus
1394 2729 1415 2760 ',
1428 2733 1515 2760 neque
1525 2732 1622 2760 expers
1635 2723 1734 2752 divinae
