1954 3081
251 89 288 116 ετ
868 97 897 125 S.
918 98 1081 130 GRECORII
1101 103 1122 130 Ν
1127 103 1248 133 YSSENI
1841 117 1876 145 ‘28

248 150 460 179 communionis.
477 151 514 178 Ea
532 152 566 180 dc
582 160 679 184 causa,
690 161 722 181 ex
742 162 775 182 eo
789 157 862 192 quod
881 160 1015 195 percipitu

248 194 375 206 ,κμηεη
466 201 485 206 γ,
508 205 531 206 η
563 205 570 206 ,
601 197 629 206 ,.
770 201 776 206 .

1082 164 1239 199 ἄνθρωπον
1258 165 1391 192 ἔπλασε”
1410 167 1458 192 καὶ
1473 167 1518 194 διὰ
1539 168 1590 203 τῆς
1610 169 1677 202 ιδίας
1698 170 1877 206 ἐμπνεύσεως

247 194 436 231 intelligentia,
461 201 488 224 et
504 205 536 224 eo
557 197 630 232 quod
646 199 718 226 cadit
734 201 786 230 sub
807 210 930 237 sensum,
951 194 980 233 lit
1005 207 1030 234 in

249 241 358 270 homine
383 243 504 276 quaedam
530 243 622 271 mistio
637 252 652 271 a
669 245 760 274 divina
780 252 890 282 natura,
910 257 940 278 ut
952 252 1032 280 docet

247 286 317 314 liber
342 288 433 314 mundi
465 288 659 322 generationis.
690 290 757 319 Cum
776 294 847 321 enim
872 297 1029 330 accepisset,

246 332 351 366 inquit,
368 333 437 359 Deus
463 334 553 360 limum
574 343 607 362 ex
632 341 717 371 terra,
738 339 816 374 ﬁnxit
837 340 984 376 hominem,
1005 347 1032 370 et

246 385 295 411 per
320 378 457 412 propriam
487 379 693 415 inspirationem
728 378 857 420 ﬁgmento
883 387 1031 416 insulilavit

246 424 343 456 vitam;
365 428 392 450 ut
407 432 469 452 cum
486 433 518 453 eo
533 427 605 462 quod
620 433 662 456 est
675 430 797 459 divinum
817 433 898 460 simul
915 435 1030 463 extolle-

244 473 318 494 retur
339 472 488 503 terrenum,
509 476 535 500 et
558 481 611 500 una
633 475 719 510 gratia
737 477 795 512 pari
811 478 916 507 honore
937 488 1030 515 perva—

243 512 318 540 deret
337 515 492 544 universam
507 523 670 553 creaturam,
695 521 818 550 inferiori
839 528 937 553 natura
959 534 1028 554 con-

244 563 395 594 temperata
420 570 482 590 cum
515 567 746 599 supranmndana.
771 570 838 597 Cum
859 578 925 607 ergo
952 575 1028 607 prius

242 605 410 634 consistente
435 615 494 642 qua:
519 611 697 647 intelligentia
716 615 868 650 percipitur
892 605 1028 653 creatura,

241 654 269 677 et
285 652 469 686 angelicorum
482 655 613 684 virtutum
630 666 792 695 unaquaque
806 664 975 697 operatione,
994 666 1028 693 ab

241 702 273 722 ea
298 704 476 733 quaeprzeest
502 701 639 730 universis
668 709 813 739 potestate,
840 708 973 737 attributa
993 711 1026 738 ad

242 744 463 772 constitutionem
489 748 688 783 universitatis,
711 755 784 779 esset
801 754 924 787 quredam
948 759 1026 790 pote-

241 791 298 815 stas
322 790 455 823 ordinala,
484 796 522 819 ut-
538 793 627 821 locum
651 800 809 824 terrestrem
831 800 984 828 contineret
999 805 1026 828 et

240 831 408 862 dominatum
425 836 451 864 in
476 845 538 865 eum
559 839 705 872 obtineret.
720 842 826 870 viribus
843 844 877 871 ad
903 845 929 872 id
947 853 1024 873 acce-
1041 834 1062 862 Β

241 879 294 912 ptis
310 887 324 906 a
337 885 470 915 potestate
483 883 528 910 illa
549 892 610 919 quae
626 886 831 916 universitatem
849 891 917 924 regit
933 895 960 918 et
975 891 1024 919 ad—

240 925 396 961 ministrat;
412 932 439 955 et
455 928 554 957 deinde
570 935 643 958 esset
655 932 793 960 conditum
808 937 940 963 terrestre
956 936 1024 963 illud

240 969 395 1005 ﬁgmentum
425 974 602 1003 simulacrum
629 985 755 1012 supernae
777 981 923 1014 potestatis
955 981 1024 1016 (erat

239 1019 328 1043 autem
355 1017 406 1046 hoc
426 1020 528 1047 animal
550 1021 653 1058 homo),
673 1028 799 1060 essetque
821 1025 848 1052 in
866 1033 898 1054 eo
919 1031 1024 1055 naturae

239 1068 300 1096 qua:
324 1064 473 1099 percipitur
499 1066 696 1103 intelligentia,
722 1069 813 1098 divina
838 1072 1023 1106 pulchritudo,

239 1107 367 1136 inelfabili
385 1111 502 1145 quadam
519 1113 618 1141 virtute
638 1118 853 1150 contemperata,
876 1125 947 1153 aegre
973 1119 1025 1146 fert

236 1156 265 1180 et
284 1161 337 1180 non
351 1153 521 1183 tolerandum
538 1157 614 1185 ducit
636 1158 658 1185 is
674 1159 717 1186 cui
735 1163 841 1188 terrena
861 1162 958 1198 obtigit
974 1163 1023 1190 ad-

238 1198 413 1232 ministratio,
439 1201 463 1228 si
479 1209 510 1228 ex
531 1207 625 1230 natura
646 1204 669 1231 ci
693 1205 815 1241 subjecta
833 1207 923 1242 aliqua
944 1216 1020 1237 cree-

1083 208 1123 244 τῷ
1148 209 1287 244 πλάσματι
1311 209 1359 245 τὴν
1382 209 1455 246 ζωὴν
1477 211 1658 248 ἐνεφύσησεν·
1683 215 1721 247 ὡς
1748 215 1781 242 ἂν
1809 225 1874 245 συν-

1083 255 1214 290 επαρθείη
1237 255 1275 290 τῷ
1296 255 1360 290 Θείῳ
1383 256 1413 282 τὸ
1435 257 1545 292 γήϊνον,
1561 259 1607 285 καὶ
1630 259 1678 294 μία
1692 268 1734 292 τις
1753 262 1824 290 κατὰ
1844 264 1876 290 τὸ

1081 301 1213 335 ὁμότιμον
1225 301 1269 327 διὰ
1286 302 1376 336 πάσης
1389 302 1439 337 τῆς
1456 303 1572 335 κτίσεως
1585 305 1601 339 ὴ
1614 305 1693 341 χάρις
1707 306 1806 342 διήκοι,
1822 309 1874 343 τῆς

1082 345 1158 371 κάτω
1174 345 1282 379 φύσεως
1299 346 1365 381 πρὸς
1378 346 1426 382 τὴν
1443 348 1625 384 ὑπερκόσμιον
1642 353 1872 388 συγκιρναμένης.

1088 390 1164 416 Ἐπεὶ
1180 387 1226 417 οὖν
1249 391 1300 426 τῆς
1318 391 1416 426 νοητῆς
1445 393 1560 424 κτίσεως
1584 397 1805 432 προῦποστάσης,
1824 387 1873 424 καὶ.

1081 436 1199 471 ἑκάστης
1212 437 1267 464 τῶν
1281 437 1435 472 ἀγγελικῶν
1446 439 1587 474 δυνάμεων
1599 441 1667 477 πρὸς
1681 442 1730 478 τὴν
1742 443 1789 470 τοῦ
1801 453 1872 471 παν-

1079 483 1125 514 τὸς
1138 484 1267 511 σύστασιν
1286 484 1426 520 ἐνεργείας
1439 486 1511 518 τινὸς
1532 488 1608 522 παρὰ
1628 488 1678 523 τῆς
1691 488 1746 516 τῶν
1760 490 1871 518 πάντων

1079 529 1276 565 ὲπιστατούσης
1289 530 1410 563 ἐξουσίας
1429 532 1673 569 προσνεμηθείσης,
1691 532 1725 570 ἦν
1737 544 1778 566 τις
1790 535 1871 562 δύνα-

1081 582 1126 608 μις
1146 575 1161 609 ἡ
1181 574 1226 600 τδν
1243 574 1381 610 περίγειον
1396 575 1476 602 τόπον
1489 577 1609 612 συνέχειν
1624 587 1653 605 τε
1674 580 1721 606 καὶ
1734 589 1870 615 περικρα-

1078 621 1134 646 τεῖν
1153 620 1319 655 τεταγμένη,
1334 622 1374 652 εἰς
1399 621 1465 648 αὐτὸ
1485 622 1563 649 τοῦτο
1585 623 1774 659 δυναμωοεῖσα
1790 627 1867 661 παρὰ

1077 664 1127 699 τῆς
1135 666 1164 692 τὸ
1172 666 1225 692 πᾶν
1235 666 1375 701 οἱκονομού
1380 675 1428 702 σης
1435 667 1585 703 δυνάμεως·
1593 667 1652 696 εἶτα
1663 671 1868 706 κατεσκευάσθη

1076 711 1107 736 τὸ
1123 711 1214 746 γήϊνον
1235 711 1347 746 πλάσμα
1369 713 1417 747 τῆς
1430 712 1486 739 ἄνω
1509 713 1648 749 δυνάμεως
1663 715 1847 752 ἀπεικόνισμα
1859 726 1865 732 ·

1076 756 1155 783 τοῦτο
1171 757 1200 783 δὲ
1223 757 1253 784 τὺ
1273 757 1342 790 ζῶον
1369 759 1383 783 ὁ
1403 758 1545 793 ἄνθρωπος
1559 767 1567 774 ⁸
1581 760 1628 786 καὶ
1641 758 1675 795 ἦν
1695 762 1723 787 ὲν
1745 761 1819 797 αὺτῷ
1837 763 1868 788 τὸ

1077 801 1191 833 θεοειδὲς
1216 802 1266 837 τῆς
1290 803 1387 838 νοητῆς
1413 803 1519 837 φύσεως
1547 804 1654 837 κάλλος,
1678 805 1788 841 ἀρρήτῳ
1813 808 1867 833 τινὶ

1075 848 1187 883 δυνάμει
1216 842 1453 883 συγκεκραμένον·
1480 849 1566 876 δεινὸν
1592 852 1709 877 ποιεῖται
1739 852 1786 878 καὶ
1816 853 1866 879 οὐκ

1074 892 1186 919 ἀνεκτὸν
1201 893 1213 918 ὑ
1227 892 1276 927 τὴν
1292 893 1429 928 περίγειον
1441 893 1597 928 οἰκονομίαν
1615 894 1714 929 λαχὼν,
1731 896 1754 921 εί
1770 897 1802 922 ὲκ
1815 896 1865 931 τῆς

1074 937 1229 973 ὑποχειρίου
1251 937 1325 972 αὐτῷ
1351 937 1460 972 φύσεως
1483 938 1707 975 ἀναδειχθήσεταί
1723 949 1764 973 τις
1786 942 1866 969 οὐσία

1073 984 1140 1018 πρὸς
1155 984 1204 1019 τὴν
1218 983 1402 1019 ὑπερέχουσαν
1421 984 1499 1016 ἀξῐαν
1513 984 1687 1021 ὼμοιωμένη.
1707 987 1743 1013 Τὸ
1757 987 1778 1013 δ’
1793 987 1864 1022 ὅπερ

1073 1029 1118 1055 ἐπὶ
1126 1029 1156 1055 τὸ
1168 1029 1253 1060 πάθος
1263 1028 1401 1065 κατερρύη
1414 1029 1461 1055 τοῦ
1471 1029 1579 1064 φθόνου,
1589 1031 1602 1056 ὁ
1613 1031 1659 1056 ἐπὶ
1675 1032 1770 1067 μηδενὶ
1784 1033 1864 1068 κακῴ

1073 1074 1192 1106 κτισθεὶς
1216 1074 1293 1110 παρὰ
1319 1074 1366 1101 τοῦ
1382 1074 1411 1101 τὸ
1436 1075 1489 1102 πᾶν
1509 1075 1538 1100 ὲν
1555 1075 1702 1110 ἁγαθότητι
1725 1085 1864 1113 συστησα-

1075 1120 1164 1155 μένου,
1181 1120 1211 1146 τὺ
1227 1120 1275 1155 μὲν
1294 1120 1328 1146 δι’
1342 1120 1483 1155 ἀκριϐείας
1494 1120 1632 1152 διεξιέναι,
1644 1122 1674 1148 οὐ
1694 1123 1744 1158 τῆς
1761 1123 1863 1159 παρού-

1074 1174 1123 1200 σης
1147 1166 1338 1201 πραγματείας
1361 1165 1418 1192 ἐστί
1439 1175 1445 1182 ’
1465 1166 1576 1192 δυνατὸν
1602 1167 1624 1193 δ’
1640 1167 1674 1194 ἂν
1695 1168 1737 1204 εἴη
1764 1170 1811 1196 καὶ
1827 1170 1864 1196 δι’

1073 1210 1164 1244 ὀλίγου
1179 1211 1235 1242 τοῖς
1251 1210 1454 1245 ἀπειθεστέροις
1469 1211 1639 1246 παραθέσθαι
1655 1213 1700 1239 τὸν
1714 1213 1792 1247 λόγον

237 1251 282 1273 tur
300 1248 418 1274 essentia
433 1250 582 1276 assimilata
604 1251 629 1278 ei
649 1258 709 1285 quae
723 1255 907 1288 supereminet
926 1256 1064 1292 dignitati.
1102 1257 1338 1291 Quemadmodum
1371 1262 1460 1285 autem
1488 1259 1521 1286 ad
1545 1259 1651 1287 invidiae
1681 1260 1776 1288 vitium
1811 1262 1863 1290 de-

236 1291 343 1319 ﬂuxerit
360 1295 393 1326 is,
405 1294 457 1328 .qui
482 1296 515 1321 ad
544 1296 649 1324 nullum
675 1299 776 1326 malum
800 1304 909 1327 creatus
928 1291 966 1328 ab,
995 1303 1042 1330 illo
1079 1303 1178 1335 fuerat,
1202 1311 1216 1330 a
1242 1311 1297 1339 quo
1325 1304 1481 1332 universum
1521 1305 1548 1332 in
1578 1306 1696 1333 bonitate
1719 1307 1864 1335 conditum

235 1337 297 1370 fuit,
313 1343 407 1367 exacte
422 1341 530 1375 quidem
554 1346 581 1369 et
606 1350 732 1373 accurate
752 1347 890 1382 persequi,
907 1355 960 1376 non
977 1354 1018 1377 est
1038 1340 1120 1386 bujus
1139 1352 1245 1386 operis;
1270 1351 1304 1379 iis
1322 1355 1412 1379 autem
1429 1352 1474 1387 qui
1492 1358 1557 1380 sunt
1587 1354 1668 1388 paulo
1691 1355 1777 1390 magis
1817 1356 1861 1383 in-

235 1384 347 1417 creduli,
365 1388 458 1420 paucis
470 1390 570 1423 poterit
586 1389 677 1418 aﬂerri
698 1393 778 1420 ratio.

269 1431 387 1461 Virtutis
402 1435 473 1461 enim
487 1439 514 1463 et
530 1437 587 1463 vitii
608 1439 660 1466 sibi
677 1440 792 1468 invicem
810 1442 1014 1472 adversantium

1104 1445 1158 1479 Τῆς
1175 1444 1229 1480 γὰρ
1241 1444 1342 1480 ἀρετῆς
1355 1445 1402 1471 καὶ
1418 1445 1465 1481 τῆς
1482 1446 1580 1477 κακίας
1595 1446 1644 1481 οὐχ
1659 1445 1696 1478 ὡς
1711 1446 1758 1474 δύο
1778 1449 1861 1475 τινῶν

234 1478 425 1506 consideratur
449 1481 612 1517 discrimen,
639 1493 693 1512 non
723 1490 852 1522 tanquam
882 1489 936 1517 duo
963 1491 1018 1518 sint

234 1531 294 1559 qua:
318 1530 464 1553 cernantur
486 1529 661 1564 consistere;
691 1532 738 1559 sed
763 1535 900 1568 quomodo
926 1537 960 1564 ab
986 1545 1019 1564 eo

234 1570 307 1604 quod
324 1574 375 1602 est,
394 1575 424 1598 ut
454 1572 599 1602 adversum
627 1575 805 1612 distinguitur
831 1580 857 1607 id
875 1582 947 1616 quod
964 1591 1018 1610 non

233 1619 286 1648 est,
313 1624 402 1651 neque
430 1617 483 1645 dici
508 1623 598 1653 potest
626 1622 698 1656 quod
727 1631 775 1658 per
802 1624 961 1660 bypostasin
987 1635 1018 1655 ac

234 1661 440 1689 consistentiam
462 1664 648 1700 distinguatur
671 1668 697 1694 id
717 1670 789 1703 quod
805 1679 860 1698 non
877 1677 918 1699 est
935 1673 970 1701 ab
985 1682 1018 1701 eo

234 1707 306 1740 quod
323 1712 373 1739 est,
389 1709 434 1736 sed
451 1717 505 1737 non
518 1718 580 1739 esse
595 1712 713 1742 dicimus
726 1719 855 1751 tauquam
868 1718 1015 1748 adversum

232 1753 364 1790 distingui
381 1755 415 1782 ab
431 1763 463 1783 eo
478 1757 548 1791 quod
566 1762 608 1786 est
624 1767 704 1793 esse;
723 1762 819 1790 eodem
837 1764 919 1792 modo
933 1765 1016 1793 etiam

233 1799 328 1826 vitium
345 1800 505 1829 adversatur
521 1804 619 1831 rationi
637 1806 756 1840 virtutis,
771 1816 833 1836 cum
848 1817 896 1844 per
910 1819 940 1838 se
962 1820 1016 1840 non

233 1845 279 1878 sit,
299 1846 347 1874 sed
372 1847 540 1884 intelligatur
559 1858 607 1885 per
630 1851 781 1881 absentiam
797 1855 857 1890 ejus
872 1857 944 1891 quod
972 1863 1017 1886 est

233 1892 350 1920 melius:
382 1897 410 1921 et
437 1895 574 1929 quomodo
600 1897 718 1927 dicimus
748 1907 763 1926 a
796 1901 856 1928 visu
887 1906 1016 1938 tanquam

232 1937 375 1966 adversam
394 1939 524 1976 distingui
537 1943 698 1977 caecitatem,
717 1953 779 1973 cum
796 1954 845 1982 per
858 1956 888 1976 se
911 1957 964 1976 non
981 1950 1017 1978 sit

232 1984 260 2010 in
276 1991 367 2012 rerum
383 1991 480 2015 natura
497 1989 618 2023 accitas,
636 1990 684 2018 sed
702 1992 738 2019 sit
761 1993 879 2028 privatio
893 1995 953 2029 ejus
968 1997 1015 2031 qui

232 2028 310 2064 prius
336 2029 424 2058 fuerat
452 2033 582 2063 habitus:
608 2035 645 2063 ita
670 2038 753 2064 etiam
777 2039 874 2067 vitium
896 2028 1015 2070 dicim-us

231 2075 398 2104 considerari
427 2078 454 2105 in
484 2079 548 2107 boni
575 2081 748 2117 privatione,
770 2085 852 2111 veluti
867 2087 1013 2121 quamdam

202 2123 206 2126 '
231 2120 355 2148 umbram
370 2131 431 2158 quae
445 2125 544 2153 accidit
558 2127 686 2154 transilui
703 2129 782 2156 radii.
798 2130 932 2163 Quoniam
949 2141 1014 2168 ergo

1071 1491 1133 1518 καθ’
1152 1490 1299 1516 ὑπόστασιν
1315 1490 1495 1525 φαινομένων,
1512 1491 1528 1526 ἡ
1548 1491 1734 1528 ἁντιδιαπολὴ
1749 1493 1860 1529 θεωρεῖ-

1069 1544 1114 1562 ται
1124 1544 1130 1551 ·
1147 1535 1203 1562 ἀλλ’
1219 1534 1312 1570 ὥσπερ
1322 1535 1524 1571 ἁντιδιαιρεῖται
1538 1536 1576 1572 τῷ
1589 1537 1646 1563 δντι
1662 1538 1691 1564 τὸ
1707 1538 1743 1573 μὴ
1760 1538 1800 1571 ὃν,
1811 1539 1861 1565 καὶ

1069 1581 1119 1608 οὐκ
1135 1581 1192 1607 ἔστι
1207 1580 1265 1607 καθ’
1277 1581 1424 1608 ὑπόστασιν
1439 1582 1525 1608 εἰπεῖν
1539 1583 1568 1608 τὺ
1584 1583 1621 1618 μὴ
1635 1582 1664 1609 ὃν
1681 1583 1860 1611 ἀντιδιαστέλ-

1069 1626 1162 1652 λεσθαι
1176 1625 1243 1660 πρὸς
1257 1626 1286 1652 τὸ
1298 1624 1338 1656 ὃν,
1355 1625 1422 1652 ἀλλὰ
1434 1626 1482 1661 τὴν
1498 1626 1668 1663 ἀνυπαρξίαν
1683 1628 1860 1664 ἁντιδιαιρεῖ-

1070 1670 1131 1697 σθαι
1154 1670 1268 1705 λέγομεν
1290 1670 1357 1705 πρὸς
1378 1670 1427 1705 τὴν
1453 1670 1569 1706 ὕπαρξιν
1585 1679 1591 1688 ·
1616 1672 1686 1698 κατὰ
1708 1673 1754 1698 τὸν
1777 1673 1861 1706 αὑτὸν

1067 1715 1168 1751 τρόπον
1189 1716 1236 1742 καὶ
1257 1717 1274 1750 ἠ
1299 1716 1381 1742 κακία
1396 1716 1435 1751 τῷ
1450 1717 1498 1752 τῆς
1522 1717 1622 1754 ἀρετῆς
1645 1718 1859 1754 ἁντικαθέοτηκε

1067 1761 1148 1796 λόγῳ,
1159 1762 1189 1788 οὐ
1204 1761 1264 1788 καθ’
1278 1762 1376 1797 ἑαυτήν
1389 1770 1430 1793 τις
1437 1760 1514 1795 οὖσα,
1528 1763 1595 1790 ἀλλὰ
1607 1765 1639 1799 τῇ
1653 1764 1772 1799 ἀπουσία
1781 1773 1858 1809 νοου-

1069 1808 1135 1844 μένη
1149 1807 1195 1833 τοῦ
1210 1808 1361 1842 κρείττονος
1371 1816 1378 1824 ·
1398 1808 1445 1835 καὶ
1466 1808 1560 1845 ὥσπερ
1577 1810 1665 1845 φαμὲν
1679 1807 1859 1846 ἀντιδιαιρέἶ-

1068 1853 1129 1880 σθαι
1143 1854 1175 1889 τῇ
1194 1853 1286 1889 ὁράσει
1310 1853 1358 1889 τὴν
1374 1854 1509 1889 πήρωσιν,
1531 1855 1561 1880 οὐ
1579 1855 1639 1882 καθ’
1655 1855 1753 1891 ἑαυτὴν
1771 1854 1860 1883 οὖσαν

1067 1899 1096 1926 ὲν
1109 1900 1142 1934 τῇ
1157 1899 1236 1933 φύσει
1252 1898 1301 1934 τὴν
1324 1899 1460 1934 πήρωσιν,
1480 1900 1546 1927 ἀλλὰ
1569 1901 1755 1937 προλαόούσης
1772 1902 1860 1935 ἕξεως

1067 1944 1194 1981 στέρησιν
1206 1953 1213 1960 ·
1240 1944 1311 1971 οὕτω
1335 1945 1381 1972 καὶ
1400 1945 1449 1980 τὴν
1465 1945 1563 1972 κακίαν
1588 1947 1616 1973 ἐν
1637 1948 1671 1982 τῇ
1685 1947 1732 1973 τοῦ
1751 1948 1858 1982 ἀγαθοῦ

1067 1992 1192 2026 στερήσει
1221 1990 1382 2026 θεωρεῖσθαι
1407 1991 1533 2027 λέγομεν,
1554 1989 1611 2019 οἷόν
1637 2001 1696 2020 τινα
1725 1995 1805 2021 σκιὰν
1820 1997 1856 2031 τῇ

1065 2035 1230 2071 διαχωρήσει
1255 2037 1306 2072 τῆς
1331 2037 1438 2069 ἀκτῖνος
1463 2038 1720 2073 ὲπισυμὸαινουσαν.
1746 2040 1856 2076 Ἐπειδὴ

1064 2082 1152 2109 τοίνυν
1162 2084 1177 2117 ή
1189 2083 1314 2114 ἄκτιστος
1329 2083 1418 2117 φύσις,
1435 2083 1483 2118 τῆς
1497 2085 1630 2119 κινήσεως
1644 2085 1693 2120 τῆς
1707 2085 1778 2113 κατὰ
1790 2095 1852 2122 τρο-

1065 2127 1118 2162 πὴν
1133 2128 1179 2154 καὶ
1196 2128 1346 2164 μεταϐολὴν
1361 2128 1408 2155 καὶ
1423 2128 1561 2156 ἀλλοίωσίν
1575 2131 1647 2156 ἐστιν
1662 2131 1852 2164 ἀνεπίδεκτος·

231 2164 352 2194 iucreata
367 2174 465 2195 natura
491 2177 545 2197 non
558 2176 601 2198 est
616 2179 701 2207 capax
724 2179 815 2203 motus
841 2177 886 2211 qui
910 2177 939 2205 ﬁt
966 2187 1013 2213 per

1070 2173 1118 2200 πᾶν
1135 2173 1163 2200 δὲ
1179 2173 1209 2200 τὸ
1223 2174 1267 2200 διὰ
1282 2174 1396 2206 κτίσεως
1414 2175 1543 2208 ὑποστὰν,
1563 2176 1701 2210 συγγενῶς
1722 2177 1790 2212 πρὸς
1804 2177 1854 2213 τὴν

230 2213 449 2245 conversionem,
466 2215 643 2243 mutationem
658 2223 685 2244 et
706 2219 892 2249 alterationem
913 2223 1013 2258 ;quid-

231 2257 296 2291 quid
312 2263 403 2286 autem
428 2261 556 2288 consistit
574 2269 621 2296 per
640 2264 818 2299 creationem,
846 2257 1011 2303 cognatione

229 2303 346 2338 quadam
362 2304 487 2340 jungitur
498 2313 560 2334 cum
579 2308 740 2337 alteratione
754 2320 762 2344 ;
780 2317 922 2348 propterea
939 2316 1013 2350 quod

230 2349 289 2384 ipsa
303 2357 411 2386 quoque
424 2356 556 2380 creaturae
569 2354 749 2382 consistentia
763 2359 845 2392 erepit
862 2360 896 2387 ab
911 2349 1010 2388 altera-

229 2395 315 2428 tione,
332 2403 392 2423 cum
406 2397 432 2424 id
448 2397 521 2432 quod
540 2406 593 2426 non
607 2405 675 2432 erat,
692 2402 792 2431 virtute
808 2405 898 2432 divina
919 2407 1013 2434 tradu-

229 2445 303 2468 ctum
321 2442 357 2469 sit
375 2442 408 2469 ad
429 2444 480 2470 hoc
504 2447 531 2470 ut
555 2450 648 2474 esset:
674 2453 765 2476 creata
786 2454 875 2478 autem
902 2456 962 2480 erat
985 2457 1012 2481 et

230 2490 352 2521 potestas
365 2487 444 2522 cujus
457 2490 640 2524 meminimus,
653 2492 738 2521 libero
751 2495 794 2521 sui
810 2495 915 2524 arbitrii
935 2501 1011 2525 motu

229 2531 332 2567 eligens
353 2533 425 2567 quod
453 2533 606 2568 videbatur,
625 2542 768 2573 postquam
794 2541 894 2569 clausit
915 2543 1011 2571 oculos

228 2579 262 2606 ad
276 2579 303 2606 id
325 2580 398 2615 quod
417 2587 458 2608 est
482 2581 581 2610 bonum
608 2588 635 2611 et
659 2586 788 2620 amplum,
807 2591 834 2614 et
856 2587 890 2615 ab
907 2588 1010 2616 invidia

230 2627 383 2658 remotum;
409 2627 545 2661 quomodo
567 2628 613 2662 qui
634 2629 668 2656 ad
696 2630 780 2657 solem
801 2631 859 2658 suis
883 2632 1011 2659 connivet

230 2669 310 2702 ciliis,
325 2671 426 2699 amisso
441 2672 501 2700 visu
524 2674 597 2702 videt
625 2676 750 2703 tenebras
765 2684 772 2704 :
793 2676 833 2703 ita
852 2676 934 2703 etiam
952 2677 1008 2710 ille,

229 2723 261 2743 eo
277 2716 337 2751 ipso
352 2718 424 2752 quod
448 2719 535 2746 noluit
551 2721 651 2748 bonum
664 2721 768 2754 videre,
787 2721 814 2748 id
828 2726 921 2750 mente
933 2729 1010 2750 com-

231 2764 372 2798 prehendit
384 2765 455 2799 quod
468 2770 509 2793 est
526 2766 597 2793 bono
621 2768 801 2800 contrarium,
817 2775 914 2802 nempe
937 2769 1008 2796 invi-

223 2813 305 2843 diam.
319 2813 432 2842 Constat
449 2815 538 2839 autem
552 2812 696 2847 cujuslibet
707 2814 745 2841 rei
766 2814 929 2849 principium
948 2822 1009 2844 esse

1064 2221 1205 2248 ἀλλοίωσιν
1225 2221 1298 2257 ἔχει’
1321 2221 1387 2248 διότι
1406 2222 1452 2249 καὶ
1473 2222 1542 2258 αὑτὴ
1562 2223 1611 2258 τῆς
1631 2224 1745 2256 κτίσεως
1758 2225 1775 2259 ὴ
1787 2225 1854 2251 ὑπό-

1064 2275 1168 2299 στασις,
1183 2267 1236 2293 ἀπὸ
1254 2267 1421 2299 ἀλλοιώσεως
1435 2267 1546 2303 ἤρξατο,
1562 2268 1609 2294 τοῦ
1625 2268 1662 2304 μὴ
1677 2269 1752 2301 δντος
1765 2271 1805 2301 είς
1821 2270 1854 2296 τὸ

1063 2310 1132 2340 εἶναι
1147 2313 1206 2350 θείᾳ
1221 2313 1333 2349 δυνάμει
1356 2313 1548 2349 μετατεθέντος
1565 2322 1572 2329 ·
1599 2314 1695 2350 κτιστὴ
1711 2315 1739 2342 δὲ
1756 2313 1790 2350 ἦν
1804 2317 1853 2342 καὶ

1063 2358 1079 2394 ἡ
1105 2358 1321 2394 μνημονευθείσα
1344 2358 1474 2393 δύναμις,
1495 2359 1660 2394 αὑτεξουσὶῳ
1675 2360 1805 2395 κινήματι
1820 2361 1854 2386 τὸ

1062 2402 1156 2429 δοκοῦν
1186 2403 1347 2438 αἱρουμένη,
1373 2402 1465 2437 ἐπειδὴ
1487 2402 1554 2438 πρὸς
1577 2403 1606 2429 τὸ
1629 2403 1728 2438 ἀγαθόν
1753 2413 1783 2431 τε
1803 2406 1852 2432 καὶ

1061 2447 1176 2482 ἄφθονον
1188 2448 1307 2482 ἐπέμυσε
1321 2447 1420 2482 νόημα,
1433 2447 1526 2483 ὥσπερ
1538 2449 1551 2475 ὁ
1562 2449 1589 2474 ἐν
1602 2448 1668 2484 ἡλίῳ
1681 2451 1736 2480 τοῖς
1751 2449 1851 2484 βλεφά-

1064 2501 1120 2529 ροις
1135 2492 1271 2520 ἐπιϐαλὼν
1285 2493 1334 2525 τὰς
1349 2493 1424 2528 ὄψεις
1442 2494 1536 2525 σκότος
1552 2495 1602 2530 ὁρᾷ
1614 2515 1621 2527 ,
1641 2494 1712 2522 οὓτω
1725 2496 1852 2528 κάκεῖνος

1062 2538 1137 2574 αὐτῷ
1151 2538 1190 2574 τῷ
1206 2539 1242 2574 μὴ
1259 2539 1369 2574 θελῆσαι
1388 2540 1418 2566 τὸ
1435 2540 1535 2574 ἀγαθὸν
1550 2540 1654 2575 νοῆσαι,
1678 2541 1707 2568 τὸ
1730 2542 1851 2570 ἐναντίον

1059 2583 1098 2619 τῷ
1113 2583 1208 2619 ἀγαθῷ
1220 2584 1377 2619 κατενόησε,
1392 2584 1470 2610 τοῦτο
1484 2584 1512 2610 δέ
1526 2584 1599 2611 ἐστιν
1613 2586 1627 2611 ὀ
1642 2585 1746 2620 φθόνος.
1769 2587 1851 2622 Ὀμο-

1060 2629 1134 2664 λογεϊ
1155 2629 1183 2656 δὲ
1198 2630 1297 2662 παντὸς
1311 2631 1473 2666 πράγματος
1494 2630 1581 2666 ἀρχὴν
1602 2631 1656 2657 τῶν
1672 2632 1730 2667 μεθ’
1746 2632 1850 2668 ἑαυτὴν

1059 2677 1129 2703 κατὰ
1149 2676 1179 2703 τὸ
1205 2676 1349 2704 ἀκόλουθον
1373 2676 1623 2712 ὲπισυμϐαινόντων
1646 2678 1735 2705 αἰτίαν
1756 2677 1828 2706 εἶναι
1841 2688 1848 2694 ·

1059 2721 1115 2749 οἷον
1128 2724 1161 2758 τῇ
1177 2723 1266 2758 ὑγεία,
1289 2723 1318 2749 τὸ
1333 2715 1465 2754 εὐεκτεῗν,
1489 2722 1519 2749 τὸ
1543 2723 1717 2757 ἐργάξεσθαι.
1740 2724 1771 2751 τὸ
1785 2721 1848 2752 καθ’

1059 2769 1155 2805 ἡδονὴν
1174 2769 1318 2804 βιοτεύειν·
1342 2770 1376 2804 τῇ
1395 2769 1423 2795 δὲ
1446 2768 1525 2803 νόσῳ,
1545 2769 1575 2795 τὸ
1597 2769 1729 2804 ἀσθενεῖν,
1754 2770 1785 2798 ab
1799 2772 1847 2798 ἀνν

1059 2816 1201 2852 ξνέργητον
1215 2814 1295 2848 εἶναι,
1318 2814 1347 2842 τὸ
1367 2816 1395 2842 ὲν
1414 2813 1493 2850 de“?
1514 2813 1563 2850 τὴν
1578 2815 1651 2851 ζωὴν
1665 2815 1736 2852 ἔχειν
1750 2825 1757 2832 ’
1773 2816 1848 2845 οὕτω
