1954 3081
240 96 271 124 5|
857 102 884 129 δ.
908 101 1070 130 causam]
1089 103 1237 134 nvsssm
1830 101 1868 128 32

241 168 304 197 qva:
320 162 473 193 sunt,nihil
489 163 612 198 ignorat:
626 166 667 190 est
683 166 772 189 autem
786 162 868 190 homo
884 163 910 190 in
928 163 1006 191 malis

1078 162 1213 193 κνύοντες.
1240 161 1270 187 El
1286 159 1341 196 γὰρ
1355 157 1448 194 ἀγνοεῖ
1463 159 1512 196 μὲν
1527 159 1580 187 τῶν
1594 159 1677 187 ὅντων
1698 161 1712 187 ὁ
1728 159 1794 188 Θεὸς
1818 161 1864 186 οὐ·

245 214 298 233 non
323 207 416 242 utique
440 208 514 235 salva
542 208 595 235 erit
616 209 686 235 ratio
713 207 760 235 Dei
776 208 917 241 bonitatis,
938 209 960 239 si
979 210 1028 236 ho-

243 253 343 279 minem
366 252 399 279 ad
425 253 506 279 vitam
537 253 697 287 deduxerit,
722 255 768 289 qui
790 254 901 283 futurus
921 263 981 284 erat
1000 258 1027 284 in

243 299 333 326 malis.
363 299 391 326 Si
423 300 495 326 enim
526 299 604 327 bonae
637 305 741 328 natura:
769 301 882 329 omnino
907 306 949 329 est
967 311 1027 337 qua:

242 353 274 371 ex
294 349 364 371 bono
373 349 414 371 est
427 346 567 379 operatio,
592 346 691 373 misera
715 347 772 374 inec
790 348 843 375 vita
865 352 892 375 et
910 350 1025 380 caduca,

242 389 375 423 malisque
394 395 420 417 et
445 391 566 418 interitui
586 393 715 426 obnoxia,
730 401 784 420 non
807 395 903 428 utique
920 400 962 422 est
979 395 1026 422 ad-

241 435 386 462 scribcnda
412 436 472 471 ejus
497 437 542 472 qui
562 438 651 465 bonus
668 444 709 465 est
729 439 848 473 opilicio,
864 440 912 467 sed
935 441 1026 468 existi-

239 480 368 507 mandum
384 487 426 508 est
443 482 526 508 alium
545 491 606 510 esse
624 489 764 511 auctorem
784 485 866 520 hujus
881 487 953 518 vitae,
976 495 1025 514 cu-

236 525 282 558 jus
298 530 394 553 natura
405 535 540 562 propensa
553 535 593 556 est
606 529 638 555 ad
652 531 763 557 malum.
775 531 841 558 Nam
854 531 911 559 haec
921 533 1022 565 omnia,

238 575 264 598 et
293 579 353 606 qua:
377 577 441 599 sunt
458 574 605 608 ejusmodi,
630 575 663 602 iis
687 576 796 610 quidem
823 578 869 612 qui
895 582 1022 614 tanquam

239 617 361 644 fallacem
377 620 522 652 quemdam
542 621 660 647 colorem
678 622 833 649 btereticam
853 623 977 652 fraudem
995 626 1022 653 in

238 662 374 697 profundo
389 664 566 698 imbiberunt,
582 666 712 694 videntur
731 668 832 696 habere
854 671 908 696 vim
924 679 1023 705 quam-

237 708 298 734 dam
333 717 381 743 per
406 716 582 745 apparentem
613 714 760 747 quamdam
800 715 1020 750 probabilitatem

237 754 381 788 superficie
395 759 474 783 tenus
489 766 496 784 :
511 757 545 784 iis
563 762 653 785 autent
674 760 720 793 qui
740 761 861 788 veritatis
882 766 946 789 sunt
959 771 1021 798 per—

237 798 437 833 spicientiores,
459 805 548 836 aperte
565 809 716 830 cernuntur
735 805 882 838 imbecilla,
910 811 937 833 et
952 815 1021 842 quo-

237 850 296 869 rum
317 851 423 872 errores
435 853 461 872 in
482 851 606 881 promptu
623 852 663 874 est
679 849 834 877 ostendere.
849 851 913 878 Mihi
930 856 1019 879 autem

239 888 344 915 videtur
358 895 430 917 recte
444 892 554 924 habere,
579 893 601 920 si
615 893 641 919 in
658 894 700 921 his
716 895 886 924 adducamus
900 897 1018 932 Aposto-

236 933 290 960 lum
311 934 337 960 in
363 933 550 964 defensionem
567 946 662 966 eorum
681 948 741 975 qua:
756 945 852 968 contra
862 950 909 970 eos
919 943 1019 970 dicun-

235 983 288 1005 tur.
306 979 335 1006 In
354 980 387 1007 iis
403 984 475 1008 enim
491 991 550 1018 qua)
569 985 665 1012 scribit
682 987 714 1013 ad
730 986 898 1022 Corinthios,
922 990 1021 1017 distin—

235 1025 293 1058 guit
307 1027 431 1054 carnales
448 1031 475 1055 et
493 1029 649 1064 spirituales
665 1032 819 1060 animarum
838 1036 1017 1064 constitutio-

234 1078 293 1104 nes,
307 1079 355 1106 per
369 1081 400 1099 ea
417 1082 477 1108 qum
500 1075 640 1108 dicuntur,
667 1078 704 1104 uti
730 1079 837 1112 opinor,
860 1082 1018 1115 ostendens,

235 1118 307 1151 quod
328 1118 428 1146 bonum
444 1125 490 1147 aut
506 1122 605 1148 malum
623 1130 676 1149 non
694 1128 736 1150 est
757 1133 838 1152 sensu
863 1127 1017 1160 dijudiean-

234 1163 315 1196 dum;
334 1165 381 1192 sed
400 1169 490 1194 mente
507 1167 624 1194 abducta
641 1169 675 1195 ab
693 1170 726 1197 iis
741 1178 801 1205 qua:
816 1178 948 1207 apparent
971 1184 1017 1202 cx-

235 1211 276 1234 tra
291 1215 400 1244 corpus,
418 1211 481 1237 boni
495 1215 522 1239 et
537 1214 666 1240 contrarii
686 1215 770 1250 ipsam
784 1225 845 1244 esse
861 1227 908 1252 per
922 1227 952 1246 se
963 1219 1019 1248 dis-

234 1255 397 1282 cernendam
414 1261 554 1286 naturam.
570 1259 725 1293 Spiritualis
744 1262 829 1294 enim,
851 1264 950 1298 inquit,
975 1267 1018 1292 di-

234 1299 335 1328 iudicat
351 1303 439 1329 omnia
450 1303 469 1329 ³.
479 1303 556 1336 Quod
572 1309 664 1332 autem
682 1307 699 1334 ii
712 1308 759 1342 qui
774 1308 831 1336 haec
847 1310 1018 1343 ali'erunt,fa-

233 1347 329 1374 bulosa
357 1348 414 1376 hanc
432 1350 559 1385 dogmata
588 1353 783 1387 confinxerint,
800 1355 921 1383 arbitror
944 1358 1018 1385 hanc

233 1391 318 1420 fuisse
339 1401 461 1428 causam,
482 1397 554 1430 quod
581 1400 734 1434 corporalis
757 1401 905 1436 voluptatis
923 1404 1017 1431 suavi—

233 1442 288 1465 tate
305 1439 406 1466 bonum
418 1441 592 1476 definientes,
605 1449 750 1479 propterea
771 1447 843 1480 quod
863 1447 1015 1476 affectioni-

232 1484 283 1512 bus
300 1489 327 1512 et
347 1487 448 1514 morbis
464 1489 621 1515 necessario
635 1490 753 1517 obnoxia
769 1495 810 1518 est
828 1494 952 1526 corporis
965 1502 1016 1521 na-
1030 1498 1052 1528 (ι

233 1535 304 1564 tura,
323 1536 352 1559 ut
366 1540 427 1568 quae
447 1534 482 1561 sit
495 1535 658 1569 composita,
682 1540 708 1563 et
726 1535 792 1564 ﬂuat
807 1537 839 1564 ad
853 1538 1014 1567 dissolutio-

232 1585 292 1604 nem
310 1587 316 1605 :
333 1578 467 1613 ejusmodi
481 1584 570 1607 autem
589 1580 747 1609 affectiones
758 1585 937 1619 consequitur
954 1586 1016 1620 qui—

232 1623 294 1650 dam
315 1632 413 1652 sensus
431 1625 551 1652 dolorem
568 1626 695 1660 alferens,
718 1627 864 1655 humanam
888 1634 1015 1658 naturam

231 1669 294 1695 mali
309 1677 376 1705 opus
393 1678 454 1701 esse
469 1672 638 1700 existimant.
661 1673 727 1700 Nam
740 1675 762 1702 si
778 1675 923 1703 sublimius
945 1678 1016 1712 aspi-

230 1719 306 1742 ceret
333 1724 430 1744 eorum
463 1718 602 1752 cogitatio_
625 1723 653 1746 et
675 1720 709 1747 ab
726 1728 757 1748 ea
776 1729 837 1756 quae
849 1722 876 1748 in
896 1723 1015 1758 volupta-

231 1761 304 1789 tibus
319 1766 445 1795 versatur
462 1762 605 1791 affectione
633 1770 725 1793 mente
744 1768 840 1800 procul
864 1769 1010 1802 collocata,

230 1808 438 1835 considerarent
452 1809 530 1836 liberi
549 1811 582 1838 ab
598 1811 681 1838 animi
699 1813 905 1846 perturbatione
919 1823 1013 1844 rerum

229 1861 290 1887 qua:
306 1858 370 1881 sunt
396 1858 534 1888 naturam,
549 1864 603 1883 non
619 1858 810 1886 existimarent
826 1861 926 1888 malum
939 1863 1014 1890 aliud

229 1907 290 1928 esse
303 1908 384 1935 quam
405 1901 501 1929 vitium
517 1907 543 1930 et
556 1903 768 1938 improbitatem.
795 1906 895 1934 Vitium
920 1913 1012 1937 autem

229 1953 310 1973 omne
331 1950 358 1972 et
372 1946 531 1980 improbitas
548 1948 575 1974 in
587 1948 650 1975 boni
672 1950 826 1984 privatione
840 1959 918 1979 suam
933 1953 1014 1980 habet

229 1984 383 2020 formam-et
402 1987 600 2026 characterem,
611 2002 672 2022 cum
685 2003 732 2031 per
747 2003 776 2023 se
793 2004 846 2023 non
864 1998 910 2029 sit,
925 2006 1013 2034 neque

227 2037 416 2065 consideretur
433 2039 460 2066 in
482 2047 515 2066 eo
536 2041 607 2076 quod
629 2041 772 2069 consistat.
801 2041 910 2070 Nullum
940 2045 1012 2072 enim

227 2083 328 2110 malum
342 2092 390 2118 per
408 2092 436 2111 se
455 2084 536 2111 situm
554 2089 595 2112 est
608 2089 686 2113 extra
702 2086 814 2113 liberam
832 2088 939 2115 arbitrii
956 2090 1012 2117 ele-

227 2129 364 2164 ctionem;
390 2129 438 2157 sed
465 2131 500 2156 ita
531 2131 724 2159 denominatur
749 2140 782 2160 ex
801 2141 835 2160 eo
859 2134 931 2168 quod
957 2143 1011 2162 non

1078 207 1133 239 δὲν,
1151 208 1180 235 ὲν
1196 209 1289 238 κακοῖς
1302 207 1330 233 δὲ
1341 207 1355 233 ὁ
1369 206 1510 241 ἄνθρωπος
1520 213 1526 220 ·
1549 206 1639 232 οὐκέτ’
1655 205 1687 232 ἂν
1701 206 1715 232 ὁ
1729 205 1777 241 τῆς
1794 207 1868 238 ἀτα-

1079 253 1189 288 θότητος
1201 253 1248 279 τοῦ
1264 252 1331 278 Θεοῦ
1349 252 1506 284 διασώζοιτο
1522 252 1610 286 λόγος,
1632 251 1710 287 εἴπερ
1725 253 1754 278 ἐν
1770 253 1868 282 κακοές

1079 295 1210 330 μέλλοντα
1236 297 1282 321 τὸν
1311 295 1452 331 ἄνθρωπον
1485 296 1614 331 ζήσεσθαι
1642 296 1710 331 πρὸς
1736 294 1783 322 τὸν
1809 295 1868 330 βίον

1078 341 1233 375 παρήγαγε.
1258 341 1290 367 Et
1312 341 1367 376 γὰρ
1391 342 1496 376 ἀγαθῆς
1513 341 1652 376 φύσεωςὴ
1678 341 1748 368 κατὰ
1764 342 1867 374 ἀγαθὸν

1077 386 1200 421 ἐνέργεια
1211 387 1318 418 πάντως
1331 387 1414 419 ἐστὶν,
1426 389 1441 414 ὁ
1452 387 1571 423 λυπηρὸς
1583 384 1660 419 οὗτος
1673 389 1719 414 καὶ
1733 389 1867 423 ὲπίκηρος

1077 431 1134 466 βίος
1160 433 1249 459 οὐκέτ’
1276 433 1318 465 ἂν,
1344 433 1435 468 φησιν,
1456 434 1496 465 είς
1513 434 1561 469 τὴν
1587 433 1633 460 τοῦ
1658 434 1760 468 ἀγαθοῦ
1785 434 1867 469 δημι-

1075 477 1189 511 ουργίαν
1212 477 1359 511 ἀνάγοιτοο
1386 478 1444 504 ἀλλ’
1472 479 1564 513 ἕτερον
1593 479 1644 514 χρὴ
1670 479 1719 514 τῆς
1736 479 1866 515 τοιαύτης

1076 520 1148 556 ζωῆς
1162 522 1249 549 αἴτιον
1261 522 1373 556 οἴεσθαι,
1388 520 1411 558 ᾧ
1427 524 1494 559 πρὸς
1509 525 1640 559 πονηρίαν
1657 525 1673 559 ὴ
1689 525 1768 558 φύσις
1785 526 1864 561 ὲπιῤ-

1075 567 1166 601 ρεπῶς
1181 567 1248 602 ἔχει.
1263 568 1354 595 Ταῦτα
1371 569 1426 604 γὰρ
1442 569 1529 597 πάντα
1551 571 1598 596 καὶ
1620 571 1654 597 τὰ
1668 572 1791 604 τοιαῦτα,
1807 575 1864 604 τοῖς

1076 612 1126 647 μὲν
1143 614 1171 639 ἐν
1186 613 1274 648 βάθει,
1292 614 1419 652 καθάπερ
1444 615 1503 642 τινὰ
1525 616 1683 650 ψευδοποιδν
1707 618 1794 653 βαφὴν
1813 618 1863 654 τὴν

1074 659 1215 695 αῐρετικὴν
1232 661 1478 697 παραδεδεγμένοις
1497 663 1622 698 ἀπάτην,
1650 664 1725 698 ἰσχύν
1739 673 1800 691 τινα
1818 665 1862 692 διὰ

1073 705 1123 739 τῆς
1143 706 1301 732 ἐπιπολαίου
1329 707 1504 743 πιθανότητος
1533 708 1605 743 ἔχειν
1632 709 1724 735 δοκεῖ·
1751 712 1808 742 τοῖς
1833 711 1861 737 δὲ

1073 751 1305 788 διορατικωτὲροις
1317 753 1367 788 τῆς
1381 753 1507 788 ἀληθείας
1529 754 1616 789 σαθρὰ
1631 755 1693 782 ίὂντα
1703 775 1710 788 ,
1729 757 1774 782 καὶ
1793 757 1861 791 τνρὸ-

1073 806 1163 833 χειρον
1175 798 1223 834 τὴν
1232 799 1281 834 τῆς
1297 799 1404 834 ἀπάτης
1417 799 1553 831 ἀπόδειξιν
1565 800 1669 835 ἔχοντα,
1687 801 1779 836 σαφῶς
1794 802 1861 829 καθ-

1072 844 1179 879 ορᾶται.
1206 845 1260 871 Καί
1279 853 1323 879 μοι
1347 845 1420 872 δοκεῖ
1439 846 1528 876 καλῶς
1543 847 1613 880 ἔχειν
1635 847 1680 874 τὸν
1701 848 1861 876 ’Λπόστολον

1072 890 1100 916 ἐν
1125 889 1230 922 τούτοις
1257 891 1404 926 συνήγορον
1423 892 1472 926 τῆς
1499 893 1559 918 κατ’
1583 892 1663 919 αὑτὸν
1688 895 1860 930 παρηγορίας

1071 936 1285 971 προστήσασθαι.
1309 937 1415 972 Διαιρεί
1428 937 1480 972 γὰρ
1496 938 1524 963 ἐν
1548 938 1586 972 τῷ
1610 938 1677 973 πρὸς
1699 940 1859 974 Κορινθίους

1071 981 1141 1016 λόγῳ
1158 981 1207 1012 τάς
1230 990 1258 1008 τε
1283 981 1442 1017 σαρκώδεις,
1468 983 1580 1015 καὶτὰς
1601 985 1790 1019 πνευματικὰς
1804 986 1858 1012 τῶν

1070 1027 1163 1063 ψυχῶν
1180 1029 1359 1061 καταστάσεις
1373 1038 1379 1044 ·
1403 1029 1520 1062 δεικνὺς,
1543 1029 1628 1065 οἶμαι,
1647 1031 1690 1058 διὰ
1713 1033 1767 1058 τῶν
1782 1033 1858 1068 λεγο-

1072 1074 1174 1108 μένων,
1193 1075 1233 1101 ὃτι
1257 1074 1287 1100 οὐ
1310 1074 1343 1100 δι’
1359 1075 1512 1110 αἰσθήσεως
1535 1077 1565 1103 τὸ
1588 1077 1670 1104 καλὸν
1687 1079 1702 1113 ἦ
1718 1079 1747 1105 τὸ
1772 1080 1857 1106 κακὶν

1070 1119 1201 1153 προσήκει
1218 1119 1331 1154 κρίνειν,
1350 1119 1407 1145 ἀλλ’
1423 1120 1474 1153 ἔξω
1490 1120 1544 1147 τῶν
1562 1123 1632 1148 κατὰ
1649 1123 1679 1148 τὸ
1695 1123 1773 1158 σῶμα
1796 1133 1858 1159 φαι-

1069 1164 1189 1198 νομένων
1201 1165 1246 1190 τὺν
1261 1164 1322 1191 νοῦν
1335 1165 1536 1201 ἀποστήσαντα,
1549 1167 1634 1202 αὐτὴν
1648 1168 1691 1202 ἐφ’
1700 1169 1798 1205 ἑαυτῆς
1810 1171 1857 1196 τοῦ

1069 1209 1153 1236 καλοῦ
1166 1219 1196 1236 τε
1220 1211 1266 1237 καὶ
1281 1211 1327 1237 τοῦ
1342 1212 1462 1238 ἐναντίου
1481 1212 1628 1248 διακρίνειν
1649 1214 1697 1250 τὴν
1712 1215 1801 1249 φύσιν.
1825 1217 1857 1243 Ὀ

1068 1254 1122 1290 γὰρ
1148 1257 1357 1290 πνευματικὸς,
1387 1258 1479 1293 φησὶν,
1508 1258 1660 1293 ἀνακρίνει
1685 1262 1720 1286 τὰ
1745 1262 1856 1289 πάντα.

1068 1300 1176 1336 Ταύτην
1192 1299 1268 1336 οἶμαι
1283 1302 1332 1338 τὴν
1349 1304 1438 1330 αίτίαν
1459 1304 1507 1339 τῆς
1529 1304 1581 1330 τῶν
1596 1304 1736 1340 δογμάτων
1753 1308 1856 1334 τούτων

1069 1345 1238 1381 μυθοποιίας,
1259 1349 1314 1380 τοῖς
1328 1348 1363 1375 τὰ
1376 1349 1487 1375 τοιαῦτα
1503 1352 1683 1385 προφέρουσιν
1696 1351 1728 1377 ἂν
1743 1354 1856 1389 γεγενῆ-

1069 1391 1141 1424 σθαι,
1153 1393 1192 1418 ὅτι
1208 1393 1275 1428 πρὸς
1291 1393 1321 1419 τὸ
1332 1394 1380 1428 ἡδὺ
1394 1395 1442 1429 τῆς
1456 1395 1613 1430 σωματικῆς
1629 1397 1803 1430 ἀπολαύσεως
1825 1400 1855 1425 τὸ

1068 1437 1169 1471 ἀγαθὸν
1187 1437 1349 1473 ὁριζόμενοι,
1367 1439 1410 1466 διὰ
1424 1440 1453 1466 τὸ
1468 1441 1565 1467 πάθεσι
1584 1441 1629 1467 καὶ
1642 1443 1854 1478 ἀρρωστήμασιν

1069 1481 1226 1508 ὑποκεῖσθαι
1253 1483 1311 1509 κατ’
1334 1484 1455 1519 ἀνάγκην
1478 1485 1527 1520 τὴν
1551 1486 1597 1512 τοῦ
1629 1485 1752 1519 σώματος
1776 1488 1854 1522 φύσιν

1069 1526 1194 1554 σύνθετον
1208 1526 1289 1555 οὖσαν
1302 1529 1348 1555 καὶ
1361 1531 1400 1560 είς
1414 1530 1534 1557 διάλυσιν
1550 1531 1681 1565 ῥέουσαν,
1707 1534 1854 1561 ἐπακολου-

1067 1572 1123 1599 θεῖν
1144 1573 1173 1599 δέ
1189 1582 1246 1605 πως
1260 1576 1316 1606 τοῖς
1335 1576 1464 1607 τοιούτοις
1481 1577 1638 1612 παθήμασιν
1654 1579 1778 1615 ἀλγεινὴν
1793 1589 1854 1606 τινα.

1067 1618 1202 1654 αἴσθησιν,
1230 1620 1348 1656 πονηροῦ
1371 1621 1420 1656 τὴν
1441 1621 1662 1658 ἀνθρωποποιίαν
1687 1624 1765 1660 ἔργον
1784 1623 1855 1652 εἶναι

1066 1664 1230 1699 νομίζουσιν.
1264 1666 1307 1697 Ὠς
1332 1668 1387 1700 εἴγε
1413 1667 1479 1702 πρὸς
1502 1667 1533 1694 τὺ
1556 1669 1718 1705 ὑψηλότερον
1743 1670 1856 1698 ἔϐλεπεν

1066 1710 1155 1742 αὐτοῖς
1168 1712 1184 1746 ἡ
1199 1711 1311 1744 διάνοια,
1327 1713 1373 1739 καὶ
1386 1713 1434 1748 τῆς
1450 1714 1513 1748 περὶ
1527 1714 1576 1745 τὰς
1600 1715 1695 1749 ἡδονὰς
1707 1715 1855 1748 διαθέσεως

1066 1756 1110 1783 τὸν
1123 1756 1185 1783 νοῦν
1200 1758 1401 1790 ἀποικίσαντες,
1426 1759 1538 1791 ἀπαθῶς
1553 1760 1720 1787 ἐπεσκόπουν
1735 1762 1784 1796 τὴν
1799 1762 1854 1790 τῶν

1065 1804 1149 1832 ὄντων
1169 1805 1258 1840 φύσιν,
1274 1807 1323 1833 οὑκ
1337 1807 1369 1833 ἂν
1385 1807 1448 1833 ἀλλο
1472 1817 1498 1834 τι
1522 1809 1606 1835 κακὸν
1625 1807 1693 1835 εἶναι
1715 1812 1791 1845 παρὰ
1806 1810 1856 1846 τὴν

1066 1852 1197 1888 πονηρίαν
1214 1853 1353 1889 ᾠήθησαν.
1371 1855 1492 1890 Πονηρία
1506 1855 1534 1882 δὲ
1550 1856 1623 1881 πᾶσα
1637 1856 1664 1882 ὲν
1676 1857 1706 1891 τῇ
1722 1856 1768 1882 τοῦ
1784 1858 1856 1891 ἀγα-

1066 1898 1113 1925 θοῦ
1128 1899 1252 1934 στερήσει
1275 1901 1515 1936 χαρακτηρίζεται,
1537 1902 1567 1927 οὑ
1584 1901 1643 1928 καθ’
1658 1903 1757 1937 ἑαυτὴν
1774 1901 1855 1937 οὖσα,

1065 1944 1125 1970 οὐδὲ
1149 1945 1208 1971 καθ’
1230 1945 1376 1972 ὑπόστασιν
1392 1946 1575 1982 θεωρουμένη.
1599 1947 1690 1974 Κακδν
1709 1948 1762 1983 γὰρ
1778 1949 1855 1976 οὐδὲν

1065 1988 1117 2022 ἔξω
1135 1990 1319 2025 προαιρέσεως
1344 1991 1387 2025 ἐφ’
1411 1991 1507 2018 ἑαυτοῦ
1529 1993 1639 2024 κεῖται,
1665 1992 1732 2019 ἀλλὰ
1754 1992 1794 2028 τῷ
1816 1995 1854 2029 μὴ

1065 2033 1133 2061 εἶναι
1155 2035 1185 2061 τὸ
1200 2036 1301 2069 ἀγαθὸν
1322 2035 1393 2063 οὕτω
1416 2037 1640 2072 κατονομάζεται.
1657 2039 1693 2065 Τὸ
1707 2038 1735 2065 δὲ
1758 2040 1795 2075 μὴ
1811 2040 1853 2073 ὃν,

1064 2081 1113 2115 οὐχ
1129 2081 1280 2116 ὑφέστηκε·
1296 2081 1342 2108 τοῦ
1360 2082 1388 2108 δὲ
1411 2083 1448 2118 μὴ
1472 2083 1627 2117 ὑφεστῶτος
1647 2084 1812 2120 δημιουργὸς
1839 2086 1854 2112 ὁ

1064 2128 1118 2153 τῶν
1135 2127 1295 2161 ὑφεστώτων
1310 2129 1475 2164 δημιουργὸς
1491 2130 1541 2156 οὑκ
1566 2130 1649 2157 ἔστιν.
1674 2131 1777 2157 Οὐκοῦν
1801 2131 1854 2164 ἔξω

227 2175 264 2202 sit
282 2175 394 2202 bonum.
420 2176 496 2209 Quod
523 2181 612 2203 autent
641 2185 695 2204 non
715 2183 767 2210 est,
792 2186 846 2206 non
873 2181 1010 2208 consistit.

1068 2173 1113 2209 τῆς
1125 2173 1179 2200 τῶν
1191 2174 1282 2200 κακῶν
1295 2175 1382 2207 αἰτίας
1392 2176 1405 2201 ὁ
1419 2175 1493 2208 Θεὸς,
1507 2176 1521 2201 ὁ
1534 2175 1586 2203 τῶν
1601 2176 1696 2208 ὄντων,
1708 2178 1756 2212 οὐχ
1770 2178 1784 2204 ὁ
1798 2178 1853 2204 τῶν

227 2221 292 2255 Ejus
307 2225 396 2249 autem
410 2222 482 2256 quod
499 2230 552 2249 non
566 2223 692 2250 consistit
707 2224 808 2258 opifex,
821 2230 922 2253 nonest
935 2227 957 2253 is
967 2227 1014 2262 qui

226 2271 267 2294 est
281 2266 371 2301 opifex
394 2274 489 2294 eorum
515 2275 575 2302 quaa
601 2268 765 2295 consistunt.
793 2269 925 2297 Malorum
949 2279 1014 2307 ergo

225 2318 369 2339 causanon
380 2317 418 2339 est
429 2311 509 2345 Deus,
524 2313 569 2347 qui
589 2317 629 2340 est
643 2319 749 2341 creator
757 2320 781 2342 et
794 2315 904 2343 effector
919 2324 1012 2344 eorum

225 2365 285 2392 quae
305 2361 378 2391 sunt,
405 2366 459 2386 non
479 2366 572 2386 eorum
587 2368 647 2395 qua:
672 2368 726 2388 non
756 2366 819 2388 sunt
837 2370 844 2388 :
860 2362 906 2396 qui
924 2363 1011 2390 visum

224 2409 266 2430 est
280 2403 441 2438 fabricalus,
454 2413 508 2432 non
523 2409 611 2433 autem
629 2406 796 2440 comitatem;
817 2408 864 2441 qui
881 2407 1009 2435 virtutem

225 2448 364 2482 indicavit,
382 2458 434 2477 non
459 2451 518 2486 ejus
539 2452 737 2486 privationem;
768 2452 847 2479 bona:
869 2452 1010 2481 electionis

224 2495 336 2528 praemio
357 2495 463 2530 adjecto
487 2497 620 2524 bonorum
639 2498 692 2525 line
724 2497 757 2525 iis
776 2499 823 2533 qui
848 2506 881 2525 ex
908 2499 1010 2526 virtute

223 2539 308 2566 vitam
328 2539 429 2575 degunt
442 2560 449 2573 ,
468 2549 521 2568 non
544 2542 669 2570 violenta:
688 2542 768 2569 alicui
787 2543 954 2575 necessitati,
981 2548 1010 2571 ut

223 2582 275 2609 sibi
287 2583 433 2616 videretur,
450 2585 594 2613 humanam
613 2586 779 2622 subjungens
794 2592 930 2620 naturam,
945 2592 1006 2616 tan-

222 2635 303 2661 quam
335 2637 382 2657 vas
409 2630 518 2666 aliquod
537 2632 686 2659 animatum
713 2632 826 2659 invitum
852 2633 885 2660 ad
905 2634 1005 2662 bonum

1065 2220 1102 2255 μὴ
1121 2220 1205 2247 ὄντων
1220 2221 1334 2256 ποιητὴς
1351 2221 1398 2253 ὢν,
1418 2222 1432 2247 ὁ
1446 2221 1493 2256 τὴν
1509 2222 1645 2257 ὅρασιν,οὑ
1664 2222 1712 2258 τὴν
1727 2225 1852 2258 πήρωσιν

1062 2265 1277 2302 δημιουργήσας,
1292 2267 1306 2293 ὁ
1321 2265 1369 2302 τὴν
1392 2267 1500 2302 ἀρετὴν,
1511 2267 1541 2292 οὐ
1558 2267 1607 2302 τὴν
1624 2268 1751 2303 στέρησιν
1767 2270 1852 2305 αὐτῆς

1062 2313 1202 2344 ἀναδείξας
1225 2310 1305 2339 ἆθλον
1327 2313 1377 2347 τῆς
1399 2313 1600 2348 προαιρέσεως,
1622 2314 1651 2340 τὸ
1667 2313 1721 2340 τῶν
1740 2314 1853 2348 ἀγαθῶν

1061 2357 1148 2393 πέρας
1160 2359 1215 2386 τοῖς
1229 2358 1289 2384 κατ’
1304 2357 1403 2393 ἀρετὴν
1417 2358 1637 2393 πολιτευομένοις
1655 2359 1776 2395 προθεὶς,
1800 2361 1851 2387 οὐκ

1059 2405 1166 2440 ἀνάγκῃ
1181 2404 1233 2430 τινὶ
1251 2403 1325 2439 βιαίᾳ
1345 2403 1413 2439 πρὸς
1427 2403 1456 2430 τὸ
1472 2403 1561 2439 ἑαυτῷ
1582 2404 1676 2430 δοκοῦν
1698 2405 1850 2439 ὑποζεύξας

1058 2450 1107 2486 τὴν
1123 2450 1296 2486 ἀνθρωπίνην
1314 2450 1403 2484 φύσιν,
1419 2450 1545 2486 καθάπερ
1567 2459 1592 2476 τι
1610 2450 1706 2483 σκεῦος
1727 2451 1851 2487 ἔμψυχον

1058 2495 1193 2526 ἀκουσίως
1208 2495 1276 2529 πρὸς
1289 2494 1320 2521 τὺ
1335 2495 1415 2521 καλὸν
1431 2495 1618 2530 ἐφελκόμενος.
1641 2496 1672 2522 Εί
1686 2495 1713 2521 δὲ
1726 2495 1772 2522 τοῦ
1789 2505 1849 2531 φω-

1058 2541 1104 2572 τὸς
1116 2540 1146 2573 ὲξ
1157 2541 1264 2576 αἰθρίας
1277 2541 1404 2576 καθαρῶς
1419 2540 1644 2576 περιλάμποντος,
1663 2541 1793 2573 ἑκουσίως
1806 2550 1850 2574 τις

1059 2586 1198 2613 ὲπιϐάλλοι
1210 2588 1266 2617 τοῖς
1280 2586 1421 2623 βλεφάροις
1436 2587 1485 2622 τὴν
1499 2587 1602 2622 ὅρασιν,
1619 2586 1671 2620 ἔξω
1681 2586 1731 2621 τῆς
1744 2587 1793 2613 τοῦ
1808 2587 1848 2624 μὴ

1061 2633 1205 2669 βλέποντος
1220 2632 1308 2664 αἰτίας
1326 2633 1341 2659 ὁ
1356 2632 1440 2667 ἥλιος.

223 2675 372 2703 altrahens.
393 2675 421 2704 Si
434 2681 526 2705 autem
542 2679 610 2706 lucis
621 2683 743 2714 tempore
760 2688 857 2708 sereno
871 2689 939 2716 pure
970 2683 1096 2715 lucentis,
1134 2681 1288 2709 voluntarie
1324 2680 1460 2715 (ιιιίερίθηι
1495 2680 1566 2708 emis
1592 2680 1771 2715 apprel'endi‘
1807 2681 1848 2708 τί·

223 2722 338 2757 sionem,
365 2725 406 2751 sol
438 2726 549 2754 minime
574 2732 615 2754 est
649 2734 731 2756 causa
762 2729 821 2764 ejus
858 2730 903 2765 qui
938 2739 990 2759 non
1011 2732 1115 2767 aspicit.

265 2813 276 2829 ⁸
292 2813 303 2840 ι
317 2814 380 2842 Cor.
397 2822 426 2848 ιι,
451 2817 494 2844 lb'.
