1954 3081
92 139 125 167 sa
709 135 837 164 ORATIO
857 134 1105 165 CATECIIETICA.
1685 137 1720 164 at

404 195 526 223 ΚΕΦΔΛ.
547 196 583 222 ιιι.

95 263 159 298 ιξεφι
176 262 239 289 τῶν
259 263 523 298 ἀγανακτούντων,
548 261 596 298 aut
615 262 643 288 τί
667 261 852 294 ἀποθνήσκει
868 263 884 298 ῥ

126 295 302 332 ἄνθρωπος’,
321 298 428 324 τούτου
446 297 565 332 μᾶλλον
586 297 632 332 ἐπέ
656 298 812 331 εὐεργεσίᾳ
831 295 885 332 τοῦ

125 331 290 365 ἀνθρώπου
313 331 524 367 τυγχάνοντος,
540 331 588 359 καὶ
614 331 664 359 διὰ
688 331 776 358 τοῦτο
793 333 808 358 ὁ
834 331 885 358 θά-

125 375 227 398 νατος.

131 432 201 459 Ἀλλ’
229 433 384 466 ἀγανακτεί
406 432 516 464 πάντως
546 433 560 459 ὁ
585 433 652 467 πρὸς
679 432 728 467 τὴν
757 431 885 458 ἀνάλυσιν

96 479 198 513 βλέπων
217 478 269 505 τοῦ
289 479 425 514 σώματος,
447 479 493 505 καὶ
508 478 626 513 χαλεπὸν
649 479 766 504 ποιεῖται
785 477 823 512 τῷ
838 477 883 503 θα-

94 526 164 560 νάτῳ
189 524 242 559 τὴν
261 524 337 560 ζωὴν
360 524 438 559 ήμῶν
461 523 628 550 διαλύεσθαι.
647 522 750 550 Οὐκοῦν
775 523 885 549 ἐπισκε-

94 571 186 605 ψάσθω
200 569 248 596 διά
267 569 317 596 τοῦ
349 569 511 605 σκυθρωποῦ
538 569 634 596 τούτου
659 568 708 604 τὴν
732 568 885 604 ὑπερϐολὴν

94 617 140 651 τῆς
156 615 231 647 θείας
243 615 417 650 εὐεργεσίας.
432 614 511 649 Τάχα
527 614 581 649 γὰρ
597 613 630 640 ἂν
648 613 748 649 μᾶλλον
764 613 808 640 διὰ
822 613 880 640 τού-

95 670 139 688 του
163 660 338 696 προσαχθείη
364 660 503 695 θαυμάσαι
525 659 574 695 τὴν
590 659 670 695 χάριν
685 660 734 694 τῆς
759 659 823 695 περὶ
839 659 884 686 τὸν

97 707 233 742 ἄνθρωπον
255 706 308 732 τοῦ
324 706 392 732 Θεοῦ
407 705 579 741 κηδεμονίας.
596 705 632 731 To
649 705 698 740 ζῇν
714 704 758 731 διὰ
771 704 820 740 τὴν
835 713 884 731 κα-

87 751 230 786 .ταθυμίων
246 750 401 777 ἀπόλαυσιν
416 750 523 786 αἱρετόν
535 750 594 775 ἐστι
610 751 666 781 τοῖς
684 749 730 775 τοῦ
743 749 801 784 βίου
822 758 885 784 μετ-

97 799 209 832 έχουσιν.
231 796 281 828 Ὠς
295 797 320 822 et
329 797 361 830 γέ
372 804 413 828 τις
427 797 455 822 ὲν
471 795 576 827 ὀδύναις
588 794 711 830 διαϐιῴη,
727 795 803 830 παρὰ
817 795 884 821 πολὺ

96 843 131 878 τῷ
143 842 259 877 τοιούτῳ
277 843 309 869 τὺ
324 842 361 877 μὴ
385 840 455 868 εἶναι
478 842 524 868 τοῦ
551 841 681 876 ἀλγεινῶς
697 839 766 868 εἶναι
789 850 884 876 προτικ

99 889 206 923 μότερον
221 888 361 923 κρίνεται.
378 887 482 914 Οὐκοῦν
502 887 673 922 ἐξετάσωμεν
686 887 709 913 εί
723 888 738 913 ό
748 887 798 922 τῆς
814 886 885 922 ζωῆς

97 933 208 968 χορηγὸς
219 933 294 968 πρὸς
307 933 370 959 ἄλλο
383 941 408 959 τι
423 932 517 968 βλέπῃ,
535 933 581 959 καὶ
595 933 643 967 οὐχ
658 933 732 964 ὅπως
744 933 776 959 ἂν
786 933 815 958 ὲν
831 933 886 964 τοῖς

99 979 246 1010 καλλίστοις
261 979 394 1014 βιῴημεν,
422 978 529 1013 Ἐπειδὴ
549 978 604 1014 γὰρ
617 979 656 1013 τῷ
669 977 832 1013 αὐτεξουσίῳ
845 987 887 1005 κι-

99 1026 193 1060 νήματι
207 1025 256 1050 τοῦ
283 1024 369 1051 κακοῦ
384 1025 432 1060 τὴν
447 1024 588 1051 κοινωνίαν
609 1023 830 1058 ὲξεσπασάμεθα,
844 1024 887 1050 διά

98 1080 164 1102 τινος
182 1071 286 1106 ἡδονῆς
310 1068 365 1096 οἷόν
388 1079 414 1096 τι
427 1070 588 1105 δηλητήριον
608 1070 695 1105 μέλιτι
714 1070 886 1105 παραρτυθὲν

99 1119 128 1152 τῇ
145 1116 223 1150 φύσει
252 1117 286 1142 τὺ
311 1116 394 1142 κακὸν
421 1115 635 1150 καταμίξαντες,
665 1115 712 1141 καὶ
735 1115 779 1141 διὰ
808 1114 887 1141 τοῦτο

99 1162 144 1197 τῆς
160 1161 232 1188 κατὰ
247 1162 282 1188 τὸ
304 1162 406 1193 ἀπαθὲς
428 1162 575 1197 νοουμένης
593 1161 791 1196 μακαριότητος
806 1161 887 1186 ἐκπεα

101 1207 196 1240 πάντες,
225 1207 298 1242 πρὸς
321 1207 371 1242 τὴν
390 1207 488 1233 κακίαν
511 1206 776 1242 μετεμορφώθημεν·
791 1206 886 1232 τούτου

99 1252 185 1280 ἕνεκεν
201 1250 259 1279 οἶόν
279 1261 304 1279 τι
323 1253 419 1284 σκεῦος
438 1253 613 1289 ὸστράκινον,
640 1252 721 1279 πάλιν
744 1253 758 1278 ὁ
781 1252 886 1287 ἄνθρω-

102 1307 148 1329 πος
166 1299 206 1330 εἰς
236 1298 292 1333 γῆν
311 1298 472 1324 ἀναλύεται·
489 1298 564 1329 ὅπως
591 1297 624 1324 ἂν
646 1298 696 1332 τῆς
711 1297 758 1324 νῦν
778 1298 886 1324 ἐναπει-

100 1343 240 1379 λημμένης
263 1343 337 1379 αὐτῷ
358 1343 493 1379 ρυπαρίας
516 1343 725 1378 ἀποκριθείσης,
751 1343 790 1374 είς
805 1343 835 1369 τὸ
857 1342 887 1375 ἐξ

99 1390 185 1424 ἀρχῆς
207 1389 301 1424 σχῆμα
315 1389 358 1415 διὰ
377 1389 428 1423 τῆς
444 1389 619 1420 ἀναστάσεως
640 1388 834 1423 ἀναπλασθείη.
852 1388 888 1414 To

100 1434 129 1460 δὲ
148 1433 270 1460 τοιοῦτον
292 1435 380 1469 δόγμα
397 1434 604 1470 ίστορικὼτερον
628 1434 687 1469 μὲν,
702 1434 749 1460 καὶ
775 1434 807 1460 δι’
820 1435 888 1460 αἰνι-

101 1479 210 1514 γμάτων
225 1481 239 1506 ὁ
250 1479 353 1514 Μωσῆς
367 1479 430 1515 ὑμῖν
448 1480 593 1506 ἐκτίθεται.
614 1480 687 1515 Πλὴν
708 1479 818 1515 ἔκδηλον
843 1479 889 1506 καὶ

102 1526 133 1552 1'1
155 1525 305 1560 αἰνίγματα
331 1525 379 1560 τὴν
402 1525 575 1552 διδασκαλίαν
589 1525 656 1560 ἔχει.
691 1525 798 1560 Ἐπειδὴ
828 1525 886 1559 (ἀρ,

56 1595 60 1602 ,
102 1570 190 1604 φησὶν,
206 1570 236 1595 ὲν
255 1571 313 1601 τοῖς
329 1570 564 1605 ἀπηγορευμένοις
589 1570 712 1604 ἐγένοντο
738 1570 763 1596 οἱ
786 1570 887 1605 πρῶτοι

102 1615 252 1650 ἂνθρωποι,
277 1616 325 1642 καὶ
362 1615 412 1650 τῆς
437 1615 636 1650 μακαριότητος
656 1615 762 1649 ἐκείνης
789 1615 892 1648 ἀπεγυ-

105 1661 266 1696 μνώθησαν,
308 1661 485 1696 δερματίνους
516 1661 656 1688 ἐπιϐάλλει
694 1661 810 1696 χιτῶνας
836 1661 891 1691 τοῖς

104 1707 327 1742 πωτοπλάστοις
355 1708 369 1734 ὁ
400 1707 517 1743 Κύριος·
541 1706 571 1733 οὕ
607 1714 652 1741 μοι
679 1707 752 1732 δοκεῖ
774 1706 841 1741 πρὸς
857 1705 892 1731 τὰ

104 1752 212 1779 τοιαῦτα
238 1752 361 1787 δέρματα
387 1752 435 1778 τοῦ
462 1753 541 1786 λόγου
570 1752 619 1787 τὴν
648 1751 764 1778 διάνοιαν
789 1751 889 1786 φέρων·

104 1798 181 1823 ποίων
202 1798 260 1832 γὰρ
277 1798 490 1832 ἀποσφαγέντων
513 1798 561 1824 καὶ
575 1797 710 1833 δαρέντων
733 1796 810 1828 ζώων
830 1797 891 1823 ἑπι-

103 1843 197 1868 νοεῖται
207 1843 302 1874 αὐτοῖς
313 1844 328 1878 ή
338 1851 370 1869 πε
374 1843 466 1878 ριὸολή
477 1852 484 1875 ;
502 1843 560 1870 ἀλλ’
568 1843 662 1879 ἐπειδὴ
681 1844 735 1870 πᾶν
745 1843 832 1878 δέρμα
839 1851 893 1878 χω-

107 1887 191 1922 ρισθὲν
204 1887 254 1914 τοῦ
267 1887 348 1920 ζὼου,
363 1888 457 1924 νεκρόν
471 1890 542 1916 ἐστι·
555 1888 663 1921 πάντως
673 1887 748 1924 οἶμαι
760 1889 809 1924 τὴν
824 1888 891 1924 πρὸς

104 1933 132 1960 τὸ
144 1934 307 1970 νεκροῦσθαι
323 1935 449 1970 δύναμιν,
463 1935 480 1970 ἢ
495 1936 544 1971 τῆς
556 1935 653 1969 ἀλόγου
671 1935 776 1970 φύσεως
788 1934 892 1969 ἐξαίρε-

104 1987 147 2010 τος
163 1977 196 2014 ἦν
220 1981 253 2006 ἐκ
279 1980 466 2016 προμηθείας,
483 1980 551 2015 μετὰ
563 1980 650 2007 ταῦτα
663 1981 719 2011 τοῖς
740 1979 892 2014 ἀνθρώποις

105 2025 309 2061 ὲπιὸεὸληκέναι
324 2026 370 2052 τὸν
381 2026 429 2062 τὴν
444 2026 541 2053 κακίαν
557 2026 635 2062 ἡμῶν
652 2025 809 2062 ίατρεύοντα
820 2045 827 2057 ,
843 2025 891 2060 οὐχ

105 2069 140 2101 dt;
154 2071 192 2102 εἰς
211 2071 257 2097 ἀεὶ
272 2072 452 2107 παραμένειν.
478 2072 507 2098 Ὀ
526 2073 581 2108 γὰρ
605 2072 698 2107 χιτὼν,
722 2071 775 2098 τῶν
793 2070 892 2104 ἔξωθεν

105 2115 166 2149 ἡμῖν
187 2116 410 2152 ἐπιϐαλλομένων
437 2117 509 2150 ἐστὶ,
531 2118 599 2153 πρὸς
619 2117 712 2153 καιρὸν
732 2117 779 2152 τὴν
795 2115 891 2143 ἑαυτοῦ

106 2159 200 2194 χρῆσιν
225 2161 355 2196 παρέχων
379 2161 425 2188 τοῦ
450 2161 588 2196 σώματος,
607 2162 637 2188 οὐ
653 2161 838 2197 συμπεφυκὼς
858 2161 891 2195 τῇ

105 2203 190 2237 φύσει.
213 2205 319 2232 Οὐκοῦν
339 2207 372 2233 ὲκ
393 2206 443 2241 τῆς
467 2206 522 2233 τῶν
547 2207 651 2241 ἀλόγων
677 2206 783 2240 φύσεως
807 2207 823 2241 ή
850 2213 892 2232 νε-

104 2249 202 2284 κρότης
217 2249 395 2284 οἰκονομικῶς
412 2250 555 2285 περιετέθη
566 2251 599 2285 τῇ
615 2250 654 2282 είς
670 2249 818 2276 ἀθανασίαν
829 2246 892 2275 ⁴ίςτι-
907 2241 929 2268 Ῑ)

106 2294 196 2330 σθείσῃ
225 2295 323 2329 φύσει,
347 2295 378 2322 τὺ
407 2295 608 2330 ἓξωθεναὺτῆς
635 2295 889 2332 περικαλύπτουσα,

104 2340 132 2366 οὐ
147 2340 178 2366 τὸ
190 2340 307 2373 ἔσωθεν,
330 2341 378 2367 καὶ
392 2341 422 2367 τὺ
438 2341 566 2376 αἰσθητὸν
579 2340 626 2368 τοῦ
647 2341 790 2376 ἀνθρώπου
808 2341 892 2376 μέρος

104 2385 337 2421 διαλαμὸάνουσα,
353 2386 437 2421 αὐτῆς
449 2387 477 2414 δὲ
488 2387 539 2423 τῆς
551 2387 626 2418 Θείας
640 2387 743 2419 εἰκόνος
760 2387 791 2413 οὐ
808 2395 892 2422 προσ-

104 2431 254 2466 απτομένη.
279 2431 381 2458 Λύεται
405 2432 433 2458 δὲ
452 2432 483 2458 τὸ
497 2432 639 2467 αἰσθητὸν,
657 2432 705 2459 οὐκ
720 2432 889 2466 ἀφανίζεται.

110 2476 275 2512 Ἀφανισμὺς
301 2477 351 2512 μὲν
376 2478 429 2514 γάρ
450 2478 523 2504 ἐστιν
558 2479 575 2513 ἠ
599 2479 639 2509 είς
655 2478 685 2504 τὸ
704 2477 740 2513 μὴ
759 2476 789 2503 ὃν
811 2485 892 2512 μετα-

104 2521 243 2558 κώρησις·
271 2523 348 2555 λύσις
373 2523 402 2549 δὲ
427 2525 443 2559 ἠ
468 2525 508 2555 εἰς
530 2524 565 2551 τὰ
587 2524 633 2550 τοῦ
649 2524 751 2558 κόσμου
774 2523 893 2558 στοιχεῖα

106 2567 194 2600 πάλιν,
214 2569 261 2603 ἀφ’
283 2565 321 2595 ὧν
335 2570 385 2604 τὴν
407 2569 534 2596 σύστασιν
551 2569 644 2605 ἔσχεν,
662 2570 792 2601 διάλυσις.
812 2569 848 2595 Τὸ
864 2569 890 2595 δὲ

106 2613 132 2638 ἐν
144 2613 250 2646 τούτοις
267 2615 413 2650 γενόμενον
428 2615 478 2641 οὐκ
492 2615 629 2646 ἀπόλωλε,
645 2615 695 2642 κᾶν
710 2614 833 2649 ἐκφεύγῃ
843 2613 892 2649 τὴν

106 2659 254 2694 κατάληψιν
268 2661 318 2695 τῆς
331 2661 469 2696 ἡμετέρας
484 2661 643 2696 αἰσθήσεως.
662 2660 694 2687 Ἦ
711 2661 739 2687 δὲ
751 2661 825 2687 αἰτία
841 2660 891 2692 τῆς

107 2704 208 2737 λύσεως
235 2707 302 2742 δήλη
333 2707 377 2734 διὰ
401 2707 447 2734 τοῦ
476 2708 602 2743 ῥηθέντος
629 2709 693 2743 ἡμῖν
726 2707 891 2742 ὑποδείγμα-

106 2757 160 2781 τος.
188 2750 296 2786 Ἐπειδὴ
317 2751 370 2787 γὰρ
384 2752 400 2787 ἡ
415 2751 539 2788 αἴσθησις
561 2753 628 2788 πρὸς
652 2753 682 2779 τὸ
702 2752 774 2787 παχύ
794 2760 822 2778 τε
844 2751 890 2778 καὶ

140 2837 152 2854 ⁴
163 2838 228 2866 Gen.
246 2847 288 2870 In,
303 2839 346 2866 i9.

1224 191 1338 220 CAPUT
1363 192 1427 220 Vill.

936 260 974 287 De
989 261 1021 287 iis
1034 260 1078 294 qui
1095 259 1266 294 indignantur
1289 260 1357 294 quod
1373 260 1449 287 homo
1461 260 1584 292 moritur,
1601 269 1660 288 cum
1671 261 1720 289 hoc

941 296 987 322 'sit
1002 296 1090 330 potius
1106 294 1140 321 ad
1158 294 1308 329 beneﬁcium
1325 295 1448 328 hominis,
1462 301 1486 322 et
1506 303 1553 322 cur
1565 300 1603 323 est
1620 304 1703 324 mors.

973 423 1026 450 Sed
1040 432 1111 459 aegro
1127 424 1180 452 fert
1192 428 1219 452 et
1233 425 1403 461 indignatur,
1431 428 1478 461 qui
1492 428 1589 462 aspicit
1613 429 1646 455 ad
1662 429 1721 457 dis-

936 469 1097 496 solutionem
1114 471 1248 504 corporis,
1258 474 1374 506 etgrave
1384 479 1445 500 esse
1459 472 1533 500 ducit
1546 474 1619 508 quod
1632 479 1721 503 morte

936 515 990 542 vita
1008 519 1101 542 nostra
1113 515 1282 544 dissolvitur.
1308 516 1344 543 Ex
1361 517 1411 544 hoc
1424 525 1490 552 ergo
1506 519 1579 553 quod
1597 519 1719 548 dolorem

935 560 1014 587 aﬂert
1027 564 1052 588 et
1073 561 1239 594 molestiam,
1252 562 1408 590 consideret
1421 563 1529 597 insigne
1546 563 1591 591 Dei
1616 565 1720 592 beneﬁ-

934 606 1020 634 cium.
1031 606 1083 633 Per
1099 606 1151 633 hoc
1168 607 1240 633 enim
1252 608 1338 643 magis
1357 608 1509 636 adducetur
1527 613 1555 636 ut
1570 609 1722 638 admiretur

934 652 1049 687 gratiam
1065 660 1137 679 cura:
1149 660 1231 687 quam
1244 652 1316 680 Deus
1332 653 1403 688 gerit
1418 654 1548 682 hominis.
1565 654 1664 683 Vivere
1677 661 1720 684 est

934 698 1091 732 eligendum
1106 699 1141 726 iis
1164 699 1211 734 qui
1230 699 1293 726 vita:
1313 704 1377 727 sunt
1399 700 1559 736 participes,
1577 706 1720 737 propterea

935 743 1007 777 quod
1031 743 1159 770 fruantur
1190 744 1225 771 iis
1249 752 1310 779 qua:
1329 750 1394 772 sunt.
1421 749 1499 781 grata
1529 752 1556 774 et.
1586 747 1719 782 jucunda.

935 787 1002 815 Nam
1019 789 1041 816 si
1059 789 1194 824 quispiam
1209 790 1236 816 in
1259 790 1401 818 doloribus
1424 795 1451 819 et
1466 792 1616 827 angoribus
1635 793 1719 820 vitam

937 835 1112 869 transigeret,
1122 835 1146 862 ei
1159 835 1237 870 longe
1252 836 1581 871 praestabiliusjudicatur
1592 846 1646 865 non
1659 846 1720 866 esse

938 881 1019 914 quam
1035 887 1095 908 eSse
1110 880 1136 907 in
1155 880 1258 908 dolore.
1286 880 1480 910 Exaininemus
1504 891 1569 918 ergo
1584 891 1618 911 an
1635 884 1658 912 is
1673 885 1719 919 qui

936 925 1021 952 vitam
1036 926 1203 962 suppeditat,
1223 926 1255 953 ad
1270 927 1373 961 aliquid
1395 929 1467 956 aliud
1485 930 1613 964 aspiciat,
1636 937 1720 965 quam

936 975 967 998 ut
977 973 1059 999 vitam
1073 979 1188 1007 agamus
1201 972 1227 999 in
1241 973 1274 999 iis
1283 980 1343 1007 qucc
1357 978 1421 1001 sunt
1435 975 1538 1010 optima
1547 979 1574 1003 et
1589 976 1720 1011 pulcher-

936 1017 1017 1044 rima.
1033 1017 1102 1050 Quia
1125 1018 1198 1045 enim
1222 1018 1299 1044 liberi
1323 1019 1430 1046 arbitrii
1460 1025 1534 1047 motu
1557 1022 1720 1048 attraximus

938 1064 1000 1089 mali
1017 1064 1188 1095 societatem,
1216 1072 1266 1099 per
1289 1064 1430 1099 cujusdam
1461 1067 1610 1102 voluptatis
1637 1068 1720 1094 veluti

937 1109 1074 1144 quoddam
1089 1118 1225 1137 venenum
1243 1112 1321 1138 melle
1334 1111 1484 1143 conditum,
1497 1113 1598 1138 malum
1615 1116 1721 1140 naturae

937 1155 1145 1189 immiscentes;
1162 1159 1189 1183 et
1201 1156 1262 1183 ideo
1280 1164 1294 1183 a
1315 1157 1483 1184 beatitudine
1508 1165 1570 1192 qum
1586 1166 1617 1185 ex
1633 1158 1720 1192 impa-

937 1200 1065 1228 tibilitate
1081 1201 1246 1237 intelligitur
1265 1202 1437 1235 excidentes,
1463 1202 1653 1230 transformati
1675 1210 1721 1230 su-
1773 1234 1779 1239 _

938 1253 1002 1272 mus
1019 1246 1052 1272 ad
1065 1246 1174 1279 vitium,
1204 1254 1234 1274 ea
1251 1247 1284 1274 de
1307 1255 1392 1275 causa
1415 1248 1498 1275 veluti
1517 1248 1656 1282 quoddam
1674 1255 1722 1275 vas

939 1291 1037 1323 ﬁctile,
1054 1291 1135 1318 homo
1150 1300 1247 1320 rursus
1266 1294 1292 1320 in
1309 1298 1409 1321 terram
1427 1293 1609 1325 resolvitur‘;
1629 1297 1659 1320 ut
1680 1300 1723 1320 se-

938 1337 1022 1364 cretis
1038 1345 1098 1372 quar
1110 1338 1136 1364 in
1150 1346 1182 1365 eo
1196 1346 1269 1365 nunc
1289 1343 1353 1366 sunt
1366 1339 1505 1371 sordibus,
1533 1339 1560 1366 in
1576 1339 1721 1374 pristinam

939 1384 1054 1418 ﬁguram
1071 1383 1236 1412 reformetur
1250 1393 1298 1420 per
1305 1386 1549 1413 resurrectionem.
1564 1385 1620 1412 lloc
1632 1390 1721 1412 autem

938 1427 1035 1462 dogma
1051 1427 1179 1456 historice
1199 1429 1318 1463 quidem,
1347 1433 1374 1456 et
1400 1437 1448 1465 per
1474 1430 1617 1464 aenigmata
1642 1430 1723 1456 nobis

938 1471 1052 1505 exponit
1068 1471 1166 1499 Moses.
1184 1471 1319 1499 Cmterum
1336 1472 1395 1499 haec
1410 1473 1492 1499 etiam
1507 1473 1651 1507 aenigmata
1661 1481 1724 1508 pcr-

941 1516 1066 1551 spicuam
1083 1521 1112 1544 et
1135 1517 1239 1544 claram
1262 1517 1364 1545 habent
1384 1517 1551 1545 doctrinam.
1576 1517 1722 1553 Postquam

901 1574 922 1603 c
940 1563 1026 1595 enim,
1041 1563 1088 1595 ait,
1118 1562 1145 1589 in
1161 1563 1195 1589 iis
1217 1570 1277 1597 qua:
1301 1563 1439 1597 prohibita
1458 1563 1576 1596 fuerant,
1609 1563 1723 1591 [uerunt

941 1608 1024 1643 primi
1039 1607 1174 1640 homines,
1203 1612 1230 1635 et.
1246 1608 1339 1635 nudati
1358 1612 1423 1636 sunt
1438 1608 1620 1642 beatitudine,
1644 1610 1725 1644 pelli-

942 1661 1005 1680 ceas
1027 1653 1134 1681 tunicas
1159 1654 1335 1688 protoplastis
1359 1654 1474 1688 imponit
1501 1654 1584 1686 Deus,
1594 1662 1647 1681 non
1661 1662 1725 1682 sen-

941 1700 1023 1731 tiens,
1049 1702 1079 1725 ut
1105 1698 1213 1733 opinor,
1243 1699 1277 1725 de
1303 1698 1440 1732 ejusmodi
1461 1699 1590 1733 pellibus.
1618 1699 1725 1731 Quibus

942 1745 1013 1772 enim
1030 1744 1184 1772 interfectis
1205 1749 1231 1772 et
1248 1745 1395 1772 excoriatis
1419 1745 1594 1778 animalibus,
1619 1745 1660 1772 eis
1677 1752 1726 1772 ex-
1749 1766 1754 1769 .

941 1790 1079 1826 cogitatur
1100 1790 1240 1818 amictus?
1267 1789 1319 1817 Sed
1336 1790 1465 1825 quoniam
1481 1791 1571 1817 omnis
1596 1791 1673 1825 pellis
1691 1791 1726 1818 ab

924 1838 926 1840 ’
942 1837 1105 1865 animalibus
1118 1840 1245 1871 separata
1270 1840 1312 1863 est
1329 1841 1435 1863 mortua
1447 1855 1456 1868 ,
1473 1836 1601 1864 existimo
1615 1836 1726 1863 omnino

942 1891 1004 1912 eum
1021 1883 1066 1918 qui
1083 1883 1150 1910 vitio
1167 1886 1264 1910 nostro
1279 1883 1415 1914 medetur,
1445 1882 1603 1909 hominibus
1629 1886 1724 1917 postea

943 1929 1090 1957 immisisse
1103 1936 1136 1955 ex
1160 1928 1332 1963 providentia
1347 1928 1402 1955 vim
1423 1928 1456 1954 ad
1473 1928 1654 1960 moriendum,
1664 1936 1725 1963 qua:

942 1979 1056 2010 excepta
1081 1974 1133 2001 fuit
1147 1982 1179 2001 ex
1208 1978 1306 2000 natura
1329 1977 1439 2008 experte
1456 1973 1581 2005 rationis,
1613 1977 1643 1999 ut
1670 1981 1724 1999 non

943 2028 1051 2055 semper
1064 2024 1246 2055 permaneret.
1269 2019 1374 2046 Tunica
1393 2019 1465 2046 enim
1481 2023 1523 2046 est
1545 2026 1579 2046 ex
1604 2019 1637 2046 iis
1665 2028 1725 2054 qua=

942 2066 1021 2093 nobis
1036 2066 1215 2099 imponuntur
1237 2065 1419 2094 extrinsecus,
1436 2063 1478 2091 sui
1495 2071 1574 2090 usum
1592 2064 1624 2090 ad
1653 2067 1724 2091 tem-

942 2120 993 2146 pus
1010 2111 1133 2145 praebens
1145 2111 1270 2144 corpori,
1287 2113 1390 2136 natura
1405 2109 1515 2136 minimc
1530 2114 1725 2144 congenerata.

942 2157 980 2184 Ex
998 2161 1095 2184 natura
1111 2164 1175 2191 ergo
1187 2155 1341 2187 brutorum,
1360 2159 1436 2182 certo
1448 2152 1563 2182 consilio
1574 2162 1606 2182 ac
1617 2155 1727 2190 dispen-

943 2202 1058 2233 satione,
1071 2202 1162 2228 addita
1176 2204 1218 2228 est
1232 2200 1384 2227 mortalitas
1393 2206 1496 2227 naturae
1506 2203 1662 2234 quaecreata
1670 2199 1727 2226 l‘ue-

944 2252 985 2274 rat
998 2247 1030 2274 ad
1043 2246 1284 2276 immortalitatem,
1302 2244 1327 2271 id
1337 2244 1408 2279 quod
1423 2247 1465 2271 est
1472 2244 1533 2279 ejus
1556 2243 1728 2272 extrinsecus

944 2297 1103 2327 contegens,
1122 2299 1176 2319 non
1187 2291 1213 2318 id
1224 2290 1296 2325 quod
1311 2295 1352 2317 est
1368 2289 1543 2322 intrinsecus,
1558 2294 1582 2317 et
1600 2290 1726 2317 sensilem

945 2339 1063 2366 hominis
1072 2341 1174 2373 partem
1197 2336 1383 2370 intercipieus,
1404 2343 1458 2362 non
1481 2335 1617 2370 attingens
1637 2338 1728 2362 autem

945 2385 1031 2420 ipsam
1038 2383 1158 2411 divinam
1173 2381 1327 2417 imaginem.
1341 2380 1462 2407 Solvitur
1470 2385 1559 2407 autem
1573 2380 1598 2408 id
1607 2381 1677 2415 quod
1687 2384 1728 2408 est

946 2428 1119 2459 sensile,non
1126 2430 1216 2454 autem
1238 2426 1361 2453 aboletur
1375 2429 1402 2452 et
1415 2425 1563 2452 evanescit.
1576 2425 1646 2451 Nam
1662 2424 1727 2451 abo-

945 2474 1005 2502 litio
1034 2473 1142 2508 quidem
1167 2476 1209 2499 est
1237 2472 1270 2498 ad
1295 2471 1321 2498 id
1346 2471 1418 2505 quod
1445 2477 1499 2497 non
1519 2473 1561 2497 est
1584 2471 1728 2499 transitus.

947 2519 1054 2547 Solutio
1079 2522 1169 2545 autem
1196 2522 1237 2544 est
1254 2516 1398 2544 dissolutio
1422 2523 1483 2551 quae
1517 2516 1546 2543 iit
1573 2523 1669 2543 rursus
1700 2516 1727 2542 in

945 2564 1038 2592 mundi
1058 2564 1201 2595 elementa,
1213 2569 1245 2589 ex
1266 2561 1365 2596 quibus
1382 2560 1470 2589 fuerat
1482 2565 1632 2595 compacta.
1651 2561 1727 2593 Quod

946 2614 1035 2637 autem
1051 2609 1079 2635 in
1088 2609 1120 2636 iis
1133 2607 1223 2639 fuerit,
1236 2614 1288 2634 non
1298 2607 1387 2642 periit,
1399 2606 1505 2634 etiamsi
1513 2606 1622 2641 elTugiat
1640 2606 1728 2633 nostri

946 2663 1043 2684 sensus
1050 2654 1330 2689 comprehensionem.
1340 2653 1440 2688 Aperta
1449 2657 1537 2680 autem
1544 2656 1587 2679 est
1594 2659 1676 2679 causa
1685 2659 1730 2680 so-

943 2701 1056 2729 lutionis
1067 2708 1120 2736 .per
1128 2699 1280 2734 exemplum
1297 2698 1370 2733 quod
1387 2699 1466 2725 nobis
1477 2698 1577 2724 dictum
1592 2701 1643 2724 cst.
1654 2696 1730 2729 Quo-

944 2748 1017 2776 niam
1024 2747 1097 2776 euim
1104 2753 1200 2774 sensus
1209 2744 1436 2773 necessitudinem
1443 2743 1521 2770 habet
1529 2746 1554 2770 et
1561 2742 1728 2778 conjunctio-
