1954 3081
235 105 265 133 5|
851 105 879 133 s.
901 103 1064 132 GnEconn
1084 104 1230 136 NYSSENI
1823 98 1857 126 32

235 176 299 206 qua:
315 173 390 201 sunt,
401 168 467 196 nihil
483 170 588 205 ignorat
601 177 607 195 :
620 172 662 196 cst
677 170 767 194 autem
781 166 862 194 homo
878 166 905 193 in
922 166 1019 193 malis:

1073 163 1207 193 κνύοντες.
1234 161 1265 188 Et
1281 160 1335 196 γὰρ
1349 156 1442 194 ἀγνοεῖ
1457 158 1506 195 μὲν
1522 157 1575 185 τῶν
1588 157 1672 184 ὄντων
1692 158 1707 184 ὁ
1722 156 1787 206 Θεὸς
1811 157 1854 183 οὑ-

239 222 293 242 non
318 215 411 249 utique
435 215 509 242 salva
537 214 589 240 erit
610 214 681 240 ratio
708 212 755 240 Dei
771 212 912 244 bonitatis,
933 212 955 242 si
973 213 1023 239 ho-

238 262 339 287 minem
361 260 394 286 ad
420 260 502 286 vitam
532 259 692 291 deduxerit,
717 259 763 294 qui
786 259 896 287 futurus
916 265 976 286 erat
995 260 1022 286 in

239 307 329 334 malis.
358 306 386 333 Si
418 306 490 333 enim
522 306 600 333 bona:
633 310 737 332 naturae
765 305 877 332 omnino
902 309 944 332 est
963 313 1023 340 qua:

238 361 270 378 ex
290 356 410 379 bonoest
423 352 563 386 operatio,
588 352 687 378 misera
711 352 768 378 hare
786 352 839 379 vita
860 355 887 378 et
906 353 1021 382 caduca,

238 398 372 431 malisque
391 402 416 424 cl
441 397 562 424 inleritui
583 398 711 430 obnoxia,
726 406 780 424 non
803 398 899 432 utique
915 402 958 425 est
975 397 1022 425 ad—

237 443 383 470 scribenda
408 443 469 478 ejus
493 443 539 478 qui
559 444 648 470 bonus
664 449 705 470 est
725 443 845 478 opiﬂcio,
861 443 909 470 sed
931 443 1023 470 existi-

237 488 365 515 mandum
381 494 423 515 est
440 489 523 515 alium
542 497 604 516 esse
621 493 761 516 auctorem
781 489 863 524 hujus
878 490 950 521 vitaz,
973 497 1022 516 cu-

234 534 280 567 jus
296 538 391 560 natura
402 542 538 568 propensa
549 540 590 562 est
603 534 636 560 ad
650 535 761 561 malum.
773 535 839 561 Nam
851 535 908 562 haec
918 536 1019 568 omnia,

236 583 262 606 et
291 587 351 614 qua:
374 584 438 607 sunt
456 580 603 614 ejusmodi,
627 580 661 606 iis
684 580 794 615 quidem
821 581 867 616 qui
892 585 1020 616 tanquam

237 625 359 652 fallacem
375 626 520 659 quemdam
540 626 658 653 colorem
677 627 831 654 hmreticam
852 627 975 655 fraudem
993 628 1020 655 in

236 669 372 705 profundo
388 671 565 704 imbiberunt,
581 671 710 699 videntur
730 672 831 700 habere
853 674 906 700 vim
923 682 1021 708 quam-

236 716 297 742 dam
332 724 380 751 per
405 722 581 752 apparentem
612 719 758 753 quamdam
800 719 1020 754 probabilitatem

237 762 380 796 superﬁcie
394 766 473 790 tenus
489 773 496 790 :
511 764 544 791 iis
563 768 652 790 autem
673 764 720 798 qui
739 765 860 792 veritatis
881 769 945 792 sunt
959 773 1020 800 per-

237 806 437 840 spicientiores,
458 812 548 842 aperte
565 813 715 835 cernuntur
735 809 882 842 imbecilla,
910 814 937 836 et
952 818 1020 845 quo-

237 858 296 877 rum
317 858 423 879 errores
435 860 461 878 in
482 857 606 888 promptu
623 857 664 879 est
679 853 834 881 ostendere.
848 854 914 881 Mihi
929 859 1019 882 autem

239 896 344 923 videtur
358 902 430 924 recte
445 898 555 930 habere,
579 898 602 926 si
616 899 642 925 iu
658 899 701 926 his
716 900 887 927 adducamus
900 901 1019 935 Aposto-

236 941 291 968 lum
311 942 338 968 in
364 941 551 970 defensionem
568 952 663 971 eorum
682 953 742 980 quae
757 949 853 972 contra
863 954 910 973 eos
920 946 1019 973 dicun-

236 990 290 1013 tur.
307 986 337 1014 In
356 987 389 1014 iis
404 991 476 1015 enim
492 997 552 1024 qua-
570 991 666 1017 scribit
683 992 715 1018 ad
731 991 899 1025 Corinthios,
923 993 1021 1019 distin-

236 1033 294 1067 guit
309 1034 432 1061 carnales
450 1038 477 1062 et
494 1036 651 1070 spirituales
667 1037 821 1064 animarum
840 1038 1018 1065 constitutio-

236 1086 295 1111 nes,
309 1087 357 1114 per
371 1088 402 1106 ea
419 1088 479 1115 quae.
502 1081 642 1114 dicuntur,
670 1083 707 1109 uti
732 1083 839 1117 opinor,
861 1084 1020 1116 ostendens,

237 1125 310 1159 quod
330 1126 430 1153 bonum
446 1131 492 1154 aut
508 1128 608 1154 malum
626 1136 679 1154 non
697 1132 738 1155 est
759 1137 841 1156 sensu
865 1129 1020 1163 dijudiean-

236 1171 318 1203 dum;
337 1172 383 1198 sed
402 1176 493 1200 mente
509 1173 627 1200 abducta
644 1174 678 1200 ab
695 1175 729 1201 iis
744 1183 803 1209 qua:
819 1181 951 1211 apparent
973 1185 1020 1204 ex-

237 1220 279 1242 tra
293 1223 403 1251 corpus,
421 1217 483 1244 boni
499 1222 525 1245 et
540 1219 670 1246 contrarii
689 1220 774 1254 ipsam
787 1228 848 1247 esse
864 1229 910 1255 per
925 1229 954 1248 se
965 1221 1022 1250 dis-

237 1262 400 1289 cernendam
417 1268 558 1292 naturam.
574 1265 728 1299 Spiritualis
748 1266 832 1298 enim,
855 1267 953 1301 inquit.
978 1269 1021 1295 di-

237 1306 339 1336 iudica!
354 1309 443 1335 onmia
453 1309 559 1342 ’.Quod
576 1315 667 1337 autem
685 1312 703 1338 ii
715 1312 762 1346 qui
777 1312 834 1339 ha‘c
850 1313 1022 1345 all‘crunt,fa-

237 1354 333 1381 bulosa
361 1355 417 1382 haec
436 1356 563 1390 dogmata
592 1358 787 1390 conﬁnxerint,
804 1358 925 1386 arbitror
948 1360 1021 1387 hanc

236 1399 322 1427 fuisse
343 1408 465 1434 causam,
486 1403 558 1436 quod
585 1405 738 1439 corporalis
761 1405 909 1439 voluptatis
927 1406 1021 1433 suavi-

237 1449 292 1472 tate
310 1446 410 1473 bonum
423 1447 596 1480 deﬁnientes,
609 1453 755 1484 propterea
775 1449 847 1484 quod
867 1450 1020 1478 aﬂ‘ectioni-

236 1491 288 1519 bus
305 1495 332 1519 et
351 1492 453 1520 morbis
469 1493 626 1520 necessario
640 1495 757 1521 obnoxia
774 1499 815 1522 est
832 1496 956 1529 corporis
970 1503 1021 1523 na-
1035 1500 1056 1529 (ι

237 1542 308 1571 tura,
328 1543 357 1565 ut
372 1546 432 1573 quae
452 1540 488 1566 sit
500 1540 662 1574 composita.
687 1544 713 1567 et
731 1539 797 1568 ﬂuat
812 1541 844 1567 ad
858 1541 1019 1569 dissolutio-

237 1592 298 1611 nem
315 1594 321 1611 :
339 1584 472 1619 ejusmodi
486 1589 576 1612 autem
595 1585 752 1613 affectiones
763 1587 942 1622 consequitur
959 1588 1021 1622 qui-

237 1630 300 1656 dam
321 1638 419 1657 sensus
437 1630 558 1657 dolorem
574 1630 701 1664 all‘erens,
724 1631 870 1658 humanam
894 1636 1021 1659 naturam

236 1675 300 1702 mali
315 1684 382 1710 opus
399 1683 460 1706 esse
475 1677 644 1705 existimant.
666 1677 733 1704 Nam
746 1679 768 1706 si
784 1678 930 1706 sublimius
951 1679 1022 1714 aspi-

237 1726 313 1749 ceret
340 1730 437 1749 eorum
469 1723 608 1758 cogitatio.
632 1728 659 1751 et
681 1724 716 1751 ab
733 1732 764 1752 ea
783 1733 843 1760 qua:
856 1725 882 1751 in
903 1725 1022 1760 volupta-

238 1768 311 1795 tibus
326 1771 452 1801 versatur
469 1767 612 1796 aﬂ‘ectione
640 1774 731 1797 mente
752 1771 847 1804 procul
870 1771 1017 1804 collocata.

237 1814 445 1841 considerarent
459 1815 537 1842 liberi
555 1816 589 1843 ab
605 1816 689 1842 animi
706 1817 912 1850 perturbatione
927 1825 1020 1845 rerum

237 1867 298 1894 qua:
314 1864 378 1888 sunt
404 1864 541 1894 naturam,
556 1869 610 1888 non
627 1863 817 1890 existimarent
832 1864 934 1891 malum
947 1865 1021 1892 aliud

237 1914 297 1934 esse
311 1914 393 1942 quam
413 1908 509 1935 vitium
525 1912 550 1935 et
563 1909 776 1943 improbitatem.
803 1909 903 1938 Vitium
927 1915 1020 1938 autent

237 1959 318 1979 onme
339 1957 366 1979 et
380 1952 539 1986 improbitas
557 1953 583 1979 in
595 1953 658 1980 boni
681 1954 833 1988 privatione
848 1962 926 1982 suam
941 1955 1022 1982 habet

238 1997 352 2025 formam
364 1991 391 2025 et
410 1992 680 2030 characterem.cum
693 2007 740 2035 per
756 2007 785 2027 se
801 2007 854 2027 non
872 2001 918 2032 sit,
934 2008 1022 2036 neque

236 2043 424 2071 consideretur
442 2045 469 2071 in
490 2052 523 2072 eo
544 2045 615 2080 quod
637 2046 780 2072 consistat.
809 2045 919 2073 Nullum
949 2047 1021 2074 enim

236 2090 337 2117 malum
351 2097 398 2124 per
416 2098 445 2117 se
463 2090 544 2117 situm
562 2094 604 2117 est
617 2094 694 2117 extra
710 2090 822 2117 liberam
841 2091 948 2118 arbitrii
966 2092 1021 2118 ele-

236 2136 373 2169 ctionem;
399 2135 447 2164 sed
475 2136 510 2162 ita
540 2135 732 2163 denominatur
757 2144 790 2163 ex
810 2144 844 2163 eo
867 2135 940 2171 quod
966 2144 1020 2163 non

1073 209 1128 240 δὲν,
1146 209 1175 235 ὲν
1190 209 1283 238 κακοτς
1297 207 1324 233 δὲ
1336 207 1350 233 ὁ
1363 205 1505 240 ἄνθρωπος
1515 211 1521 218 ·
1544 203 1634 230 οὐκέτ’
1649 202 1682 229 ἂν
1696 203 1710 229 ὁ
1724 202 1772 237 τῆς
1788 203 1859 235 ἀγα-

1073 254 1184 289 θότητος
1196 253 1243 280 τοῦ
1259 252 1326 279 Θεοῦ
1344 251 1501 283 διασώζοιτο
1517 250 1606 284 λόγος,
1627 248 1706 284 εἴπερ
1720 249 1749 274 ἐν
1765 250 1859 279 κακοῖς

1075 297 1206 332 μέλλοντα
1232 297 1278 322 τὸν
1306 295 1448 330 ἄνθρωπον
1480 294 1610 329 ζήσεσθαι
1638 293 1706 328 πρὸς
1731 291 1778 318 τὸν
1803 291 1860 326 βίον

1073 342 1229 376 παρήγαγε.
1254 341 1285 367 El.
1308 341 1362 376 γὰρ
1387 340 1493 375 ἀγαθῆς
1509 339 1616 374 φύσεως
1632 339 1649 373 ἡ
1674 338 1744 365 κατὰ
1759 338 1860 370 ἀγαθὸν

1073 388 1196 422 ἐνέργεια
1207 387 1314 418 πάντως
1327 387 1410 418 ἐστὶν,
1423 388 1437 413 ὁ
1447 386 1568 421 λυπηρὸς
1580 382 1656 416 οὗτος
1669 386 1715 412 καὶ
1729 385 1860 420 ὲπίκηρος

1074 433 1130 468 βίος
1157 433 1246 460 οὐκέτ’
1272 433 1314 465 ἂν,
1340 433 1432 467 φησὶν,
1453 432 1493 464 είς
1509 432 1558 466 τὴν
1584 430 1630 457 τοῦ
1655 431 1757 465 ἀγαθοῦ
1781 431 1860 465 δημι-

1072 479 1185 513 ουργίαν
1209 478 1355 512 ἀνάγοιτο·
1383 477 1440 504 ἀλλ’
1469 477 1562 512 ἕτερον
1590 476 1642 511 χρὴ
1667 476 1717 511 τῆς
1733 475 1860 510 τοιαύτης

1073 522 1145 558 ζωῆς
1159 523 1246 550 αἴτιον
1259 523 1370 556 οἴεσθαι,
1385 520 1408 556 ᾧ
1424 523 1492 558 πρὸς
1506 522 1638 557 πονηρίαν
1655 522 1671 556 ἡ
1687 522 1766 555 φύσις
1782 522 1859 556 ἐπιρ-

1073 569 1163 603 ρεπῶς
1179 568 1246 603 ἔχει.
1261 568 1352 595 Ταῦτα
1369 568 1424 604 γὰρ
1440 568 1528 596 πάντα
1549 569 1595 594 καὶ
1618 568 1652 594 τὰ
1666 568 1788 600 τοιαῦτα,
1805 570 1860 600 τοῖς

1074 614 1124 649 μὲν
1141 615 1169 641 ἐν
1184 614 1271 649 βάθει,
1290 614 1417 652 καθάπερ
1442 614 1502 641 τινὰ
1523 614 1682 649 ψευδοποιὸν
1705 614 1792 650 βαφὴν
1811 615 1860 650 τὴν

1073 661 1214 696 αίρετικὴν
1231 661 1476 696 παραδεδεγμένοις
1496 661 1621 696 ἀπάτην,
1648 661 1723 695 ἰσχύν
1738 670 1798 687 τινα
1816 661 1860 688 διὰ

1071 707 1122 741 τῆς
1143 707 1300 733 ἐπιπολαίου
1328 707 1503 742 πιθανότητος
1532 706 1604 741 ἔχειν
1631 706 1723 732 δοκεῖ·
1750 708 1807 738 τοῖς
1831 707 1859 733 δὲ

1072 753 1304 789 διορατικωτέροις
1316 753 1366 788 τῆς
1380 752 1506 787 ἀληθείας
1528 752 1616 787 σαθρὰ
1630 753 1693 779 ὅντα
1702 772 1709 784 ,
1728 753 1773 778 καὶ
1792 753 1859 787 τρό-

1072 808 1162 834 χειρον
1174 799 1222 834 τὴν
1231 799 1281 834 τῆς
1296 799 1403 833 ἀπάτης
1417 797 1554 830 ἀπόδειξιν
1565 798 1668 833 ἔχοντα,
1687 798 1779 832 σαφῶς
1793 798 1860 825 καθ-

1072 846 1178 881 ορᾶται.
1206 845 1260 871 Καί
1279 853 1323 879 μοι
1347 845 1420 871 δοκεῖ
1439 844 1528 875 καλῶς
1543 845 1613 878 ἔχειν
1635 844 1681 870 τὸν
1701 845 1860 871 ’Λπόστολον

1072 892 1100 917 ὲν
1125 890 1231 922 τούτοις
1257 891 1404 926 συνήγορον
1424 891 1473 925 τῆς
1500 891 1560 916 κατ’
1583 890 1663 916 αὐτὸν
1688 891 1860 926 παρηγορίας

1072 935 1285 972 προστήσασθαι.
1311 937 1415 971 Διαιρεί
1428 936 1481 971 γὰρ
1497 936 1525 961 ὲν
1549 936 1587 970 τῷ
1611 936 1678 971 πρὸς
1699 936 1860 971 Κορινθίους

1071 982 1142 1017 λόγῳ
1159 982 1208 1013 τάς
1231 990 1260 1008 τε
1283 981 1444 1017 σαρκώδεις,
1469 981 1581 1013 καὶτὰς
1602 982 1790 1016 πνευματικὰς
1805 982 1860 1008 τῶν

1071 1028 1165 1064 ψυχῶν
1181 1029 1361 1060 καταστάσεις
1374 1037 1381 1043 ·
1405 1028 1522 1060 δεικνὺς,
1545 1027 1630 1063 οἶμαι,
1649 1029 1692 1055 διὰ
1715 1029 1768 1055 τῶν
1783 1029 1861 1063 λεγο-

1074 1074 1175 1109 μένων,
1195 1075 1235 1101 ὅτι
1259 1075 1289 1100 οὑ
1312 1074 1345 1100 δι’
1361 1074 1514 1110 αἰσθήσεως
1537 1075 1568 1101 τὸ
1590 1075 1672 1101 καλὸν
1688 1075 1704 1110 ἦ
1720 1075 1748 1101 τὸ
1774 1076 1860 1102 κακὶν

1072 1119 1203 1154 προσήκει
1221 1119 1334 1154 κρίνειν,
1352 1119 1409 1145 ἀλλ’
1425 1119 1477 1152 ἔξω
1492 1119 1547 1145 τῶν
1564 1121 1634 1146 κατά
1651 1120 1682 1146 τὸ
1697 1119 1775 1154 σῶμα
1797 1129 1862 1154 φαι-

1072 1165 1191 1199 νομένων
1203 1165 1249 1191 τὺν
1263 1164 1325 1191 νοῦν
1339 1165 1538 1199 ἀποστήσαντα,
1552 1165 1636 1200 αὐτὴν
1650 1165 1693 1199 ἐφ’
1702 1166 1801 1201 ἑαυτῆς
1813 1166 1862 1192 τοῦ

1072 1210 1156 1237 καλοῦ
1170 1219 1199 1237 τε
1224 1211 1270 1238 καὶ
1284 1211 1331 1237 τοῦ
1345 1211 1465 1237 ἐναντίου
1484 1211 1630 1246 διακρίνειν
1651 1211 1700 1246 τὴν
1715 1212 1805 1246 φύσιν.
1830 1213 1862 1238 '0

1071 1255 1125 1292 γὰρ
1152 1257 1360 1291 πνευματικὸς,
1391 1256 1482 1292 φησὶν,
1510 1256 1663 1290 ἀνακρίνει
1689 1258 1724 1283 τὰ
1749 1258 1862 1285 πάντα.

1071 1301 1180 1337 Ταύτην
1196 1299 1271 1337 οἶμαι
1287 1302 1335 1338 τὴν
1353 1303 1441 1328 αἰτίαν
1462 1302 1510 1337 τῆς
1532 1302 1585 1327 τῶν
1601 1301 1741 1337 δογμάτων
1757 1303 1862 1330 τούτων

1073 1347 1243 1382 μυθοποιίας,
1263 1349 1318 1379 τοῖς
1332 1347 1367 1374 τὰ
1380 1347 1491 1374 τοιαῦτα
1507 1349 1688 1382 προφέρουσιν
1701 1347 1733 1374 ἂν
1747 1349 1862 1384 γεγενῆ-

1073 1393 1145 1424 σθαι,
1157 1393 1197 1419 ὅτι
1213 1393 1279 1428 πρὸς
1295 1393 1325 1419 τὸ
1336 1393 1385 1428 ἡδὺ
1399 1393 1447 1427 τῆς
1460 1391 1617 1428 σωματικῆς
1633 1392 1808 1426 ἀπολαύσεως
1831 1395 1862 1420 τὸ

1072 1438 1173 1472 ἀγαθὸν
1191 1438 1354 1473 ὁριζόμενοι,
1372 1438 1415 1464 διὰ
1429 1438 1458 1464 τὸ
1473 1438 1570 1464 πάθεσι
1588 1438 1633 1464 καὶ
1646 1439 1861 1473 ἀρρωστήμασιν

1073 1481 1231 1508 ὑποκεῖσθαι
1257 1482 1316 1508 κατ’
1338 1482 1460 1517 ἀνάγην
1484 1483 1532 1517 τὴν
1557 1482 1602 1509 τοῦ
1634 1482 1756 1514 σώματος
1781 1483 1862 1517 φύσιν

1075 1527 1199 1554 σύνθετον
1213 1526 1294 1554 οὖσαν
1308 1528 1354 1554 καὶ
1366 1529 1405 1559 είς
1419 1528 1540 1554 διάλυσιν
1555 1529 1670 1562 ῥέουσαν
1681 1549 1687 1560 ,
1712 1529 1861 1556 ἐπακολου-

1072 1573 1128 1600 θεῖν
1149 1574 1178 1600 δέ
1194 1582 1251 1605 πως
1266 1575 1321 1606 τοῖς
1340 1574 1469 1605 τοιούτοις
1486 1574 1643 1609 παθήμασιν
1659 1575 1784 1610 ἀλγεινὴν
1799 1584 1861 1601 τινα

1054 1619 1208 1655 ταίσθησιν,
1235 1619 1354 1655 πονηροῦ
1378 1619 1425 1655 τὴν
1447 1619 1668 1655 ἀνθρωποποιίαν
1693 1620 1772 1656 ἔργον
1791 1619 1863 1647 εἶναι

1072 1665 1236 1700 νομίζουσιν.
1269 1665 1313 1697 Ὠς
1338 1666 1394 1699 εἴγε
1419 1665 1486 1700 πρὸς
1508 1665 1539 1690 τὸ
1562 1665 1724 1701 ὑψηλότερον
1749 1666 1864 1693 ἔϐλεπεν

1073 1711 1162 1742 αὐτοῖς
1175 1712 1192 1746 ή
1206 1711 1318 1742 διάνοια,
1333 1712 1380 1738 καὶ
1393 1711 1441 1746 τῆς
1457 1711 1519 1746 περὶ
1534 1711 1583 1742 τὰς
1606 1711 1702 1746 ἡδονὰς
1714 1711 1863 1743 διαθέσεως

1072 1757 1117 1784 τὸν
1130 1757 1192 1783 νοῦν
1207 1758 1408 1789 ἀποικίσαντες,
1433 1756 1546 1788 ἀπαθῶς
1560 1757 1727 1783 ἐπεσκόπουν
1742 1757 1791 1791 τὴν
1805 1757 1862 1785 τῶν

1073 1805 1156 1832 ὄντων
1176 1805 1266 1840 φύσιν,
1281 1806 1331 1832 οὐκ
1345 1806 1377 1833 ἂν
1392 1805 1455 1832 ἄλλο
1480 1815 1505 1832 τι
1529 1806 1613 1832 κακὸν
1633 1803 1701 1832 εἶναι
1724 1807 1798 1842 παρὰ
1813 1805 1864 1841 τὴν

1074 1853 1205 1888 πονηρίαν
1222 1853 1361 1888 ᾠήθησαν.
1379 1853 1500 1888 Πονηρία
1514 1853 1542 1879 δὲ
1558 1853 1632 1879 πᾶσα
1645 1853 1673 1878 ὲν
1684 1854 1715 1887 τῇ
1731 1852 1777 1878 τοῦ
1792 1854 1865 1887 ἁγα-

1073 1899 1120 1926 θοῦ
1136 1899 1260 1934 στερήσει
1283 1899 1523 1935 χαρακτηρίζεται,
1545 1899 1576 1925 οὐ
1592 1898 1652 1925 καθ’
1667 1898 1766 1933 ἑαυτὴν
1782 1897 1865 1932 οὖσα,

1073 1945 1134 1971 οὐδὲ
1157 1945 1216 1972 καθ’
1239 1945 1385 1971 ὑπόστασιν
1401 1945 1583 1980 θεωρουμένη.
1607 1944 1699 1970 Κακὸν
1717 1944 1770 1979 γὰρ
1787 1945 1866 1971 οὐδὲν

1073 1989 1126 2023 ἔξω
1143 1990 1329 2025 προαιρέσεως
1353 1990 1395 2023 ἐφ’
1420 1989 1515 2015 ἑαυτοῦ
1537 1990 1647 2020 κεῖται,
1674 1988 1741 2015 ἀλλὰ
1762 1988 1801 2024 τῷ
1825 1990 1866 2025 μὴ

1074 2035 1142 2062 εἶναι
1164 2036 1194 2061 τὸ
1209 2035 1310 2068 ἀγαθὸν
1331 2034 1402 2061 οὕτω
1425 2033 1648 2068 κατονομάζεται.
1665 2034 1701 2060 Τὸ
1716 2034 1743 2060 δὲ
1766 2035 1804 2070 μὴ
1820 2035 1865 2068 ὃν,

1073 2081 1122 2115 οὐχ
1138 2080 1289 2114 ὑφέστηκε⁸
1305 2079 1351 2105 τοῦ
1369 2079 1397 2105 δὲ
1420 2079 1456 2114 μὴ
1481 2079 1635 2113 ὑφεστῶτος
1655 2079 1821 2115 δημιουργὸς
1850 2081 1866 2107 ὀ

1074 2128 1127 2153 τῶν
1144 2125 1304 2160 ὑφεστώτων
1319 2125 1484 2160 δημιουργὸς
1500 2125 1550 2152 οὑκ
1575 2125 1658 2152 ἔστιν.
1682 2125 1786 2152 οὑκοῢν
1809 2127 1865 2159 ἔξω

236 2182 273 2209 sit
291 2182 404 2209 bonum.
429 2181 505 2214 Quod
532 2186 621 2208 autem
650 2190 705 2208 non
724 2187 776 2213 est,
802 2189 856 2208 non
883 2182 1020 2209 consistit.

1074 2173 1123 2208 τῆς
1135 2172 1189 2198 τῶν
1200 2171 1292 2198 κακῶν
1305 2171 1392 2203 αἰτίας
1401 2172 1414 2198 ὁ
1428 2171 1502 2203 Θεὸς,
1516 2171 1530 2197 ὁ
1543 2171 1596 2198 τῶν
1610 2171 1705 2203 ὄντων,
1717 2172 1765 2207 οὐχ
1779 2174 1793 2198 ὁ
1807 2173 1864 2200 τῶν

237 2227 302 2261 Ejus
317 2231 406 2254 autem
420 2227 492 2262 quod
509 2235 561 2254 non
575 2228 702 2254 consistit
717 2228 818 2261 opil'ex,
830 2235 883 2254 non
890 2231 932 2254 est
945 2227 967 2253 is
977 2227 1024 2261 qui

236 2276 278 2300 cst
291 2272 381 2307 opifex
404 2280 499 2300 eorum
524 2281 585 2308 qua),
611 2273 775 2300 consistunt.
803 2271 935 2298 Malorum
959 2278 1024 2306 ergo

236 2325 319 2345 causa
326 2325 379 2345 non
391 2322 429 2345 est
439 2317 520 2350 Deus,
534 2318 579 2353 qui
599 2322 640 2346 est
653 2322 760 2345 creator
768 2322 792 2344 el
804 2316 915 2344 etlector
929 2324 1023 2344 eorum

236 2371 296 2398 quae
315 2368 389 2397 sunt,
415 2372 470 2392 non
490 2372 583 2392 eorum
597 2371 658 2398 quae
682 2371 737 2390 non
767 2367 830 2390 sunt
848 2371 855 2389 :
871 2362 917 2396 qui
934 2362 1022 2390 visum

235 2415 278 2438 est
292 2409 453 2443 fabricatus,
465 2418 519 2437 non
534 2413 623 2436 autem
640 2409 808 2440 caecitatem;
829 2408 876 2441 qui
892 2408 1020 2435 virtutem

236 2455 375 2488 indicavit,
393 2463 446 2482 non
471 2455 530 2490 ejus
551 2454 748 2489 privationem;
779 2453 858 2480 bonae
881 2452 1021 2480 electionis

236 2501 347 2535 praemio
368 2501 475 2535 adjecto
500 2501 633 2527 bonorum
652 2500 704 2526 line
735 2498 769 2526 iis
789 2499 835 2534 qui
860 2506 893 2526 ex
920 2499 1022 2526 virtute

235 2546 320 2572 vitam
340 2545 462 2580 degunt,
481 2553 534 2572 non
557 2545 681 2572 violentae
701 2543 781 2570 alicui
800 2544 966 2575 necessitati,
993 2548 1022 2571 ut

236 2589 288 2615 sibi
299 2589 446 2620 videretur,
464 2589 608 2615 humanam
626 2587 791 2623 subjungens
807 2593 942 2621 naturali],
957 2593 1019 2616 tan-

236 2641 316 2668 quam
348 2642 395 2662 vas
423 2634 532 2669 aliquod
551 2634 699 2661 animatum
726 2634 839 2662 invitum
865 2634 898 2661 ad
918 2635 1018 2662 bonum

1075 2219 1112 2254 μὴ
1131 2219 1215 2245 ὄντων
1229 2218 1343 2253 ποιητὴς
1360 2217 1407 2249 ὢν,
1427 2218 1441 2243 ὁ
1455 2217 1502 2252 τὴν
1518 2217 1655 2253 ὅρασιν,οὑ
1673 2217 1722 2252 τὴν
1736 2219 1862 2254 πήρωσιν

1072 2264 1288 2300 δημιουργήσας,
1302 2265 1316 2289 ὁ
1332 2262 1379 2298 τὴν
1402 2263 1510 2298 ἀρετὴν,
1521 2263 1551 2288 οὺ
1567 2262 1616 2298 τὴν
1633 2263 1760 2298 στέρησιν
1776 2265 1862 2300 αὐτῆς

1072 2311 1212 2342 ἀναδείξας
1236 2308 1316 2336 ἆθλον
1337 2310 1387 2344 τῆς
1409 2308 1610 2344 προαιρέσεως,
1632 2309 1662 2335 τὸ
1677 2309 1731 2335 τῶν
1749 2309 1862 2343 ἀγαθῶν

1073 2356 1159 2391 πέρας
1171 2357 1225 2384 τοῖς
1240 2355 1299 2382 κατ’
1314 2354 1414 2390 ἀρετὴν
1428 2353 1647 2389 πολιτευομένοις
1666 2354 1786 2390 προθεὶς,
1809 2356 1861 2382 οὐκ

1070 2403 1178 2438 ἀνάγκῃ
1192 2402 1244 2428 τινὶ
1262 2401 1336 2437 βιαίᾳ
1356 2401 1424 2436 πρὸς
1437 2400 1467 2426 τὸ
1483 2399 1572 2435 ἑαυτῷ
1592 2399 1686 2426 δοκοῦν
1709 2399 1861 2434 ὑποζεύξας

1069 2449 1119 2484 τὴν
1134 2448 1307 2484 ἀνθρωπίνην
1325 2447 1414 2482 φύσιν,
1430 2447 1556 2482 καθάπερ
1577 2455 1603 2472 τι
1621 2445 1717 2478 σκεῦος
1738 2446 1861 2481 ἔμψυχον

1070 2493 1205 2524 ἀκουσίως
1219 2493 1288 2528 πρὸς
1300 2492 1332 2518 τὸ
1346 2492 1426 2518 καλὸν
1442 2491 1630 2526 ἐφελκόμενος.
1652 2491 1683 2517 Et
1697 2490 1724 2516 δὲ
1737 2490 1783 2517 τοῦ
1799 2499 1859 2525 φω-

1070 2540 1117 2572 τὸς
1128 2539 1158 2572 ἐξ
1169 2539 1276 2575 αἰθρίας
1289 2538 1416 2573 καθαρῶς
1431 2536 1656 2572 περιλάμποντος,
1673 2535 1804 2568 ἑκουσίως
1817 2545 1861 2568 τις

1071 2586 1210 2612 ὲπιϐάλλοι
1223 2586 1278 2616 τοῖς
1292 2584 1433 2620 βλεφάροις
1448 2583 1497 2618 τὴν
1511 2583 1614 2618 ὅρασιν,
1630 2581 1682 2615 ἔξω
1693 2581 1742 2616 τῆς
1755 2581 1803 2608 τοῦ
1819 2582 1860 2619 μὴ

1075 2633 1218 2669 βλέποντος
1233 2630 1321 2662 αίτίας
1339 2631 1353 2656 ὁ
1368 2630 1453 2665 ἣλιος.

237 2680 386 2708 attrahens.
407 2679 435 2708 Si
449 2685 539 2708 autem
556 2682 624 2710 lueis
635 2686 757 2716 tempore
773 2690 870 2710 sereno
885 2691 952 2718 pure
983 2683 1110 2715 lucentis,
1147 2680 1301 2709 voluntarie
1336 2677 1472 2714 quispiam
1507 2675 1579 2704 cinis
1604 2674 1783 2710 apprehendi‘
1819 2675 1860 2703 νί-

237 2727 352 2762 sionem,
380 2729 421 2756 sol
452 2730 563 2758 minime
588 2735 628 2758 est
663 2737 745 2759 causa
775 2731 835 2766 ejus
871 2731 917 2766 qui
951 2739 1004 2760 non
1025 2731 1128 2767 aspicit.

280 2818 291 2834 ³
307 2818 318 2846 ι
332 2819 395 2848 Cor.
412 2828 440 2854 ιι,
466 2821 508 2848 Ιὸ.
