1954 3081
99 139 133 166 sa
710 137 838 166 omne
858 137 1107 168 CATECIIETICA.
1477 180 1479 183 ι
1493 152 1506 184 -η
1686 142 1721 170 at

404 196 526 223 ΚΕΦΔΛ.
548 197 584 223 il’.

101 263 165 297 [Papi
180 261 242 289 τῶν
261 262 524 298 ἀγανακτούντων,
548 263 597 289 διὰ
616 263 643 289 τί
668 263 851 296 ἀποθνήσκει
868 265 884 290 ό

132 298 300 333 ἄνθρωπος,
321 298 428 333 τούτου
446 297 566 332 μᾶλλον
586 298 633 324 ἐπ’
656 299 812 333 εὐεργεσίᾳ
831 298 885 325 τοῦ

130 332 289 365 ἀνθρώπου
311 332 524 368 τυγχάνοντος,
540 333 588 360 καὶ
615 333 664 360 διὰ
688 333 776 361 τοῦτο
794 335 809 360 ὀ
834 333 886 361 θάι

130 376 231 398 νατος.

136 432 206 459 Ἀλλ’
232 433 383 467 ἀγανακτεῖ
406 432 516 465 πάντως
546 435 560 460 ὁ
585 434 653 468 πρὸς
679 434 728 469 τὴν
757 434 885 460 ἀνάλυσιν

99 479 203 513 βλέπων
222 478 271 505 τοῦ
289 479 424 514 σώματος,
447 480 493 506 καλ¹
508 479 625 514 χαλεπὸν
649 481 765 506 ποιεῖται
785 479 823 514 τῷ
838 479 883 506 θα-

97 525 168 559 νάτῳ
194 524 246 560 τὴν
264 524 337 560 ζωὴν
360 524 438 560 ἡμῶν
460 524 628 551 διαλύεσθαι.
646 524 750 552 Οὐκοῦν
774 525 884 551 επισκε·

97 570 190 604 ψάσθω
205 570 251 596 διὰ
270 570 317 596 τοῦ
348 569 510 606 σκυθρωποῦ
538 570 634 597 τούτου
659 570 707 606 τὴν
732 570 884 606 ὑπερϐολὴν

97 617 143 651 τῆς
160 615 236 647 θείας
247 615 416 651 εὐεργεσίας.
432 615 510 650 Τάχα
526 615 580 650 γὰρ
596 614 629 641 ἂν
648 615 747 650 μᾶλλον
763 615 807 642 διὰ
822 615 880 642 τούο

97 670 141 687 του
166 661 337 696 προσαχθείη
363 659 502 695 θαυμάσαι
525 660 573 696 τὴν
589 661 668 696 χάριν
684 661 733 696 τῆς
757 662 822 697 περὶ
838 661 883 688 τὸν

98 706 237 741 ἄνθρωπον
259 706 307 732 τοῦ
323 706 390 733 Θεοῦ
406 706 578 742 κηδεμονίας.
595 707 631 733 To
648 707 697 742 ζῇν
713 706 757 733 διὰ
770 707 818 743 τὴν
834 716 883 733 κα-

88 751 234 785 .ταθυμίων
250 751 400 777 ἀπόλαυσιν
414 751 522 786 αἱρετόν
534 751 592 776 ἐστι
608 752 664 782 τοῖς
682 751 729 777 τοῦ
742 751 800 785 βίου
821 760 884 786 μετ-

98 798 213 832 έχουσιν.
235 797 281 828 Ὠς
294 796 360 830 είγὲ
370 805 412 828 τις
425 797 454 823 ὲν
470 795 575 828 ὀδύναις
586 796 710 832 διαδιῴη,
725 796 801 832 παρὰ
815 797 882 823 πολὺ

97 843 132 878 τῷ
145 842 262 877 τοιούτῳ
277 843 308 869 τὸ
323 842 359 877 μὴ
383 840 453 869 εἶναι
476 842 523 869 τοῦ
549 843 680 876 ἀλγεινῶς
696 841 765 870 εἶναι
788 852 882 879 προτι--

99 888 210 923 μωερον
225 887 359 923 κρίνεται.
377 887 480 914 Οὐκοῦν
500 887 671 924 ἐξετάσωμεν
684 889 707 914 εί
721 890 736 915 ὸ
746 889 796 924 τῆς
812 889 884 924 ζωῆς

97 933 211 968 χορηγὸς
222 933 292 968 πρὸς
305 933 368 959 ἄλλο
380 941 405 959 τι
421 932 515 968 βλέπῃ,
534 934 579 960 καί
593 935 641 969 οὐχ
656 934 730 966 ὅπως
742 934 774 961 ἂν
784 935 813 960 ὲν
829 936 885 966 τοῖς

98 979 249 1010 καλλίπαις
263 978 392 1014 βιῴημεν.
419 979 527 1014 Ἐπειδὴ
547 979 602 1015 γὰρ
615 979 654 1015 τῷ
667 979 830 1016 αὐτεξουσίῳ
843 989 885 1007 κιο

98 1026 194 1059 νήματι
209 1024 257 1050 τοῦ
280 1025 366 1051 κακοῦ
381 1024 429 1060 τὴν
445 1024 586 1052 κοινωνίαν
607 1025 828 1060 ὲξεσπασάμεθα,
842 1026 885 1053 διά

97 1079 165 1102 τινος
184 1071 284 1106 ἡδονῆς
308 1068 363 1096 οἷόν
385 1080 411 1097 τι
424 1070 586 1106 δηλητήριον
606 1071 692 1106 μέλιτι
712 1072 884 1106 παραρτυϐὲν

97 1118 128 1152 τῇ
145 1115 224 1150 φύσει
253 1117 284 1142 τὸ
309 1116 392 1142 κακὸν
418 1116 632 1151 καταμίξαντες,
661 1116 709 1143 καὶ
733 1116 776 1143 διὰ
806 1116 884 1143 τοῦτο

97 1162 144 1196 τῆς
161 1161 232 1188 κατὰ
247 1162 278 1188 τὸ
301 1162 403 1194 ἀπαθὲς
424 1163 572 1198 νοουμένης
590 1162 788 1198 μακαριότητος
803 1163 885 1189 sme-

99 1207 196 1239 πάντες,
225 1207 295 1242 πρὸς
318 1207 367 1242 τὴν
387 1207 485 1234 κακίαν
508 1207 773 1242 μετεμορφώθημεν·
788 1208 883 1234 τούτου

97 1251 185 1279 ἕνεκεν
201 1250 258 1279 οἷόν
275 1261 301 1279 τι
319 1253 416 1284 σκεῦος
434 1253 610 1290 ὀστράκινον.
637 1254 717 1281 πάλιν
741 1255 755 1280 ὁ
778 1253 883 1289 ἄνθρω-

99 1306 147 1329 πος
166 1299 205 1329 εἰς
236 1298 289 1333 γῆν
307 1298 468 1324 ἀναλύεται·
485 1299 560 1330 ὅπως
588 1299 621 1325 ἂν
643 1300 692 1334 τῆς
708 1299 755 1325 νῦν
775 1300 883 1326 ἐναπει-

96 1343 239 1378 λημμένης
260 1343 333 1378 αὐτῷ
354 1344 489 1380 ρυπαρίας
512 1344 722 1380 ἀποκριθείσης,
747 1346 786 1376 είς
801 1346 832 1371 τὸ
854 1345 883 1378 ἐξ

96 1390 184 1424 ἀρχῆς
205 1389 296 1424 σχῆμα
310 1389 354 1415 διὰ
373 1389 425 1424 τῆς
440 1389 615 1421 ἀναστάσεως
636 1390 831 1425 ἀναπλασθείη,
848 1389 884 1416 To

97 1434 127 1459 δὲ
147 1433 266 1460 τοιοῦτον
288 1435 376 1469 δόγμα
393 1435 600 1471 ίστορικώτερον
624 1436 683 1470 μὲν,
698 1436 745 1462 καὶ
771 1436 803 1462 δι’
816 1437 884 1463 αἰνι-

96 1479 209 1513 γμάτων
223 1479 348 1514 όΜωσῆς
362 1480 425 1515 ὑμῖν
443 1481 589 1508 ἐκτίθεται.
610 1481 683 1516 Πλὴν
704 1481 814 1516 ἔκδηλον
839 1481 885 1508 καὶ

97 1525 128 1551 τὰ
152 1525 301 1559 αἰνίγματα
326 1525 375 1561 τὴν
397 1525 570 1553 διδασκαλίαν
585 1526 651 1561 ἔχει.
686 1527 794 1562 Ἐπειδὴ
824 1527 881 1562 γὰρ,

48 1595 52 1601 ,
96 1569 187 1604 φησιν,
203 1570 233 1595 ἐν
251 1571 308 1601 τοῖς
325 1570 560 1606 ἀπηγορευμένοις
584 1571 708 1605 ἐγένοντο
734 1572 758 1598 oi
781 1572 883 1607 πρῶτοι
896 1577 918 1606 c

96 1614 248 1650 ἄνθρωποι,
273 1616 320 1642 καὶ
357 1615 407 1650 τῆς
432 1616 632 1652 μακαριότητος
651 1617 758 1652 ἐκείνης
784 1617 887 1650 ἀπεγυ-

97 1660 261 1695 μνώθησαν,
303 1661 480 1696 δερματίνους
511 1662 651 1690 ἐπιϐάλλει
690 1663 805 1697 χιτῶνας
831 1663 886 1694 τοῖς

97 1707 322 1741 πρωτοπλάστοις
350 1709 364 1734 ὁ
395 1707 511 1744 Κύριος·
536 1707 566 1734 οὔ
602 1715 647 1743 μοι
675 1708 747 1734 δοκεῖ
769 1708 836 1743 πρὸς
852 1707 887 1734 τὰ

95 1752 209 1778 τοιαῦτα
234 1752 355 1787 δέρματα
383 1752 429 1779 τοῦ
457 1753 536 1787 λόγου
565 1753 614 1788 τὴν
642 1753 759 1780 διάνοιαν
784 1753 884 1789 φέρων·

96 1797 178 1823 ποίων
199 1797 254 1832 γὰρ
272 1798 484 1832 ἀποσφαγέντων
508 1799 555 1825 καὶ
570 1799 705 1834 δαρὶντων
728 1799 804 1831 ζώων
825 1800 886 1826 ἐπι-

95 1843 194 1868 νοεῖται
205 1843 296 1874 αὺτοῖς
307 1844 323 1878 ἡ
333 1851 365 1869 πε
369 1844 460 1879 ριόολή
471 1853 478 1876 ;
497 1844 554 1871 ἀλλ’
562 1844 655 1880 ἐπειδὴ
676 1846 729 1871 πᾶν
739 1845 826 1880 δέρμα
833 1854 887 1880 χω-

97 1887 188 1922 ρισθὲν
202 1886 248 1913 τοῦ
261 1887 343 1920 ζὼου,
357 1889 452 1924 νεκρόν
465 1891 536 1916 ἐστι·
550 1890 658 1922 πάντως
667 1888 743 1926 οἶμαι
754 1891 803 1926 τὴν
818 1890 886 1926 πρὸς

94 1933 124 1959 τὸ
137 1934 301 1969 νεκροῦσθαι
317 1935 444 1970 δύναμιν,
457 1936 473 1971 ἢ
489 1937 538 1972 τῆς
550 1936 647 1970 ἀλόγου
665 1936 770 1971 φύσεως
782 1936 886 1971 ἐξαίρε-

94 1986 141 2010 τος
158 1976 194 2013 ἢν
217 1980 248 2006 ἐκ
273 1980 460 2016 προμηθείας,
476 1981 545 2016 μετὰ
557 1981 644 2009 ταῦτα
657 1982 713 2013 τοῖς
734 1981 886 2016 ἀνθρώποις

95 2023 303 2060 ἐπιϐεϐληκέναι
317 2026 364 2053 τὸν
375 2027 424 2063 τὴν
437 2027 535 2054 κακίαν
551 2027 629 2063 ἡμῶν
646 2027 803 2064 ἰατρεύοντα
813 2047 821 2059 .
837 2027 885 2062 οὐχ

94 2069 131 2100 ὡς
147 2070 189 2101 εἰς
207 2070 251 2097 ἀεὶ
265 2072 445 2107 παραμένειν.
472 2073 501 2099 '0
520 2073 574 2109 γὰρ
599 2073 692 2108 χιτὼν,
716 2073 769 2100 τῶν
786 2073 885 2106 ἔξωθεν

94 2115 162 2148 ἡμῖν
183 2116 403 2152 ἐπιὸαλλομένων
430 2118 502 2151 ἐστὶ,
524 2119 592 2154 πρὸς
612 2119 706 2154 καιρὸν
725 2119 773 2154 τὴν
788 2117 884 2145 ἑαυτοῦ

94 2159 195 2194 χρῆσιν
220 2160 348 2196 παρέχων
372 2162 418 2188 τοῦ
443 2162 581 2197 σώματος,
600 2163 630 2189 οὺ
646 2163 831 2198 συμπεφυκὼς
851 2163 883 2198 τῇ

93 2203 185 2236 φύσει.
208 2205 312 2231 Οὐκοῦν
332 2207 365 2233 ἐκ
386 2206 436 2241 τῆς
460 2207 516 2233 τῶν
540 2208 644 2242 ἀλόγων
670 2207 776 2242 φύσεως
799 2209 816 2243 ἡ
843 2216 885 2234 νε-

93 2248 197 2283 κρότης
211 2249 388 2284 οἰκονομικῶς
405 2250 548 2286 περιετέθη
559 2252 592 2287 τῇ
607 2251 647 2283 είς
663 2251 810 2278 ἀθανασίαν
822 2248 884 2277 ἵιτι-
899 2243 922 2270 Ῐ)

94 2293 190 2330 σθείσῃ
220 2295 316 2329 φύσει,
339 2296 370 2322 τὸ
400 2296 601 2332 ἐξωθενιαὺτῆς
628 2297 882 2333 περικαλύπτουσα,

91 2340 121 2365 οὐ
138 2339 173 2366 τὸ
184 2339 300 2373 ἔσωθεν,
322 2341 370 2367 καὶ
384 2341 415 2368 τὸ
431 2342 558 2377 αἰσθητὸν
571 2341 618 2369 τοῦ
639 2342 782 2378 ἀνθρώπου
801 2343 884 2378 μέρος

91 2385 329 2420 διαλαμϐάνουσα,
345 2386 430 2422 αὐτῆς
441 2387 469 2414 δὲ
481 2388 530 2423 τῆς
543 2388 618 2419 θείας
632 2388 734 2420 εἰκόνος
752 2389 783 2415 οὐ
800 2397 884 2424 προσ-

91 2430 246 2465 απτομένη.
271 2431 372 2458 Λύεται
397 2432 425 2458 δὲ
444 2433 474 2459 τὸ
489 2433 630 2468 αἰσθητὸν,
648 2433 697 2460 οὐκ
711 2433 881 2468 ἀφανίζεται.

97 2476 266 2512 Ἀφανισμὺς
293 2477 342 2512 μὲν
367 2478 421 2514 γάρ
441 2479 515 2505 ἐστιν
550 2480 566 2514 ἡ
591 2480 630 2511 εἰς
647 2479 677 2505 τὸ
695 2479 732 2515 μὴ
751 2478 781 2505 ὃν
802 2487 884 2514 μετα-

91 2522 235 2557 χώρησις·
263 2523 340 2555 λύσις
365 2524 393 2550 δὲ
418 2526 435 2559 ἡ
459 2526 499 2556 είς
521 2525 556 2552 τὰ
579 2525 624 2552 τοῦ
641 2525 742 2560 κόσμου
766 2525 884 2560 στοιχεῖα

92 2567 184 2600 πάλιν,
205 2569 252 2603 ἀφ’
274 2565 312 2595 ὧν
327 2569 376 2604 τὴν
398 2569 525 2596 σύστασιν
543 2571 635 2606 ἔσχεν,
653 2571 783 2603 διάλυσις.
804 2571 840 2598 Τὸ
855 2571 882 2597 δὲ

92 2613 120 2638 ὲν
132 2613 242 2646 τούτοις
259 2615 404 2650 γενόμενον
419 2615 468 2642 οὐκ
482 2616 620 2648 ἀπόλωλε,
635 2617 686 2644 κᾶν
701 2616 824 2652 ὲκφεύγῃ
834 2616 883 2652 τὴν

91 2659 245 2694 κατάληψιν
259 2660 310 2695 τῆς
322 2661 458 2697 ἡμετέρας
474 2662 633 2697 αἰσθήσεως.
653 2662 685 2689 'H
702 2662 729 2689 δὲ
742 2663 815 2689 αἰτία
832 2662 882 2695 τῆς

94 2704 198 2737 λύσεως
225 2707 293 2742 δήλη
324 2707 367 2734 διὰ
391 2708 437 2734 τοῦ
465 2709 592 2744 ῥηθέντος
619 2711 684 2745 ἡμῖν
716 2709 881 2744 ὑποδείγμα-

92 2757 149 2781 τος.
177 2749 288 2786 Ἐπειδὴ
308 2752 361 2787 γὰρ
374 2753 390 2787 ἡ
405 2752 529 2789 αἴσθησις
551 2754 619 2789 πρὸς
642 2754 673 2781 τὸ
691 2754 764 2789 παχύ
784 2762 813 2780 τε
835 2753 880 2780 καὶ

127 2837 141 2854 ¹’
153 2837 218 2866 Gen.
237 2846 279 2869 in.
295 2839 337 2866 i9.
531 2818 534 2824 Ι
651 2816 656 2831 ›

1225 196 1339 224 CAPUT
1364 197 1428 224 Vill.

937 263 975 290 De
990 264 1022 290 iis
1034 264 1079 298 qui
1096 262 1266 297 indignantur
1289 265 1358 298 quod
1374 265 1450 292 homo
1462 265 1585 298 moritur,
1602 273 1660 293 cum
1672 267 1721 295 hoc

942 299 988 325 sit
1003 299 1091 333 potius
1107 297 1141 325 ad
1159 297 1309 333 beneﬁcium
1326 300 1449 333 hominis,
1463 306 1487 327 et
1507 308 1553 327 cur
1565 306 1604 329 est
1621 310 1703 330 mors.

973 426 1026 454 Sed
1040 435 1111 462 aegre
1127 427 1180 455 fert
1192 432 1219 456 et
1234 429 1403 465 indignatur,
1431 433 1478 466 qui
1491 433 1589 467 aspicit
1612 434 1646 461 ad
1662 435 1721 463 dis-

936 472 1098 499 solutionem
1114 474 1248 508 corporis,
1259 478 1374 510 etgrave
1384 483 1444 504 esse
1459 477 1533 505 ducit
1546 479 1618 513 quod
1632 485 1720 509 morte

936 518 990 545 vita
1008 523 1101 546 nostra
1113 519 1282 547 dissolvitur.
1307 520 1344 548 Ex
1360 522 1411 549 hoc
1424 530 1490 557 ergo
1505 525 1579 558 quod
1596 525 1718 554 dolorem

935 563 1014 590 aﬂert
1026 567 1052 590 et
1073 565 1238 598 molestiam,
1251 566 1407 594 consideret
1421 567 1528 603 insigne
1545 568 1590 596 Dei
1616 570 1719 598 beneﬁ-

934 609 1019 636 cium.
1030 609 1082 636 Per
1099 609 1150 637 hoc
1167 611 1239 638 enim
1251 613 1337 648 magis
1356 613 1508 640 adducetur
1526 618 1554 641 ut
1570 615 1720 644 admiretur

933 655 1049 690 gratiam
1064 663 1137 683 cura;
1149 663 1230 691 quam
1243 656 1315 684 Deus
1331 659 1402 692 gerit
1417 659 1547 687 hominis.
1564 659 1664 689 Vivere
1676 667 1719 690 est

933 701 1090 735 eligendum
1105 702 1140 730 iis
1163 703 1209 738 qui
1229 703 1292 730 vitae
1311 709 1375 731 sunt
1398 705 1558 741 participes,
1576 712 1718 743 propterea

934 746 1006 780 quod
1030 746 1157 774 fruantur
1190 748 1224 775 iis
1248 756 1308 783 qua:
1328 754 1394 776 sunt
1419 754 1497 786 grata
1528 757 1555 779 et
1585 752 1717 787 jucunda.

933 790 1001 818 Nam
1017 792 1040 819 si
1057 793 1193 827 quispiam
1207 794 1235 820 in
1257 794 1400 823 doloribus
1423 800 1449 824 et
1465 798 1614 832 angoribus
1634 799 1718 826 vitam

935 839 1110 872 transigeret,
1120 839 1144 865 ei
1157 838 1236 873 longe
1250 841 1579 876 prmstabiliusjudicatur
1591 851 1644 871 non
1657 851 1718 872 esse

899 873 922 903 Β
937 890 1018 917 quam
1033 891 1093 911 esse
1109 883 1134 910 in
1153 884 1257 911 dolore.
1284 885 1478 915 Examinemus
1502 896 1567 923 ergo
1582 896 1616 916 an
1632 890 1656 917 is
1671 890 1718 924 qui

934 928 1019 955 vitam
1034 930 1201 965 suppeditat,
1221 930 1253 957 ad
1268 931 1371 965 aliquid
1392 933 1465 960 aliud
1482 935 1611 969 aspiciat,
1634 943 1718 970 quant

934 977 965 1001 ut
975 975 1058 1002 vitam
1071 983 1186 1010 agamus
1199 977 1225 1003 in
1239 977 1272 1003 iis
1281 985 1341 1012 qum
1355 983 1418 1005 sunt
1433 979 1536 1014 optima
1545 985 1572 1008 et
1587 981 1718 1016 pulcher-

934 1020 1014 1047 rima.
1031 1020 1100 1053 Quia
1123 1021 1196 1048 enim
1220 1022 1297 1048 liberi
1321 1024 1428 1051 arbitrii
1457 1030 1532 1052 motu
1554 1027 1718 1054 attraximus

936 1066 998 1092 mali
1015 1067 1186 1099 societatem,
1215 1076 1263 1103 per
1286 1069 1428 1103 cujusdam
1458 1071 1608 1108 voluptatis
1634 1073 1717 1100 veluti

935 1112 1071 1146 quoddam
1087 1121 1222 1140 venenum
1240 1116 1318 1143 melle
1331 1116 1481 1148 conditum,
1494 1118 1595 1144 malum
1612 1122 1718 1146 naturae

935 1158 1142 1192 immiscentes;
1159 1163 1186 1186 et
1198 1160 1259 1187 ideo
1277 1168 1292 1187 a
1312 1161 1480 1189 beatitudine
1506 1170 1567 1197 quae
1583 1171 1614 1190 ex
1630 1164 1718 1198 impa-

935 1203 1062 1231 tibiiitate
1078 1204 1242 1240 intelligitur
1262 1206 1434 1239 excidentes,
1460 1207 1649 1236 transformati
1671 1216 1718 1236 su-
1770 1240 1775 1245 ι

935 1255 999 1276 mus
1015 1249 1048 1275 ad
1062 1249 1171 1282 vitium,
1200 1258 1231 1278 ea
1248 1251 1281 1278 de
1303 1259 1389 1279 causa
1412 1253 1495 1280 veluti
1514 1253 1652 1288 quoddam
1671 1261 1719 1280 vas

936 1294 1034 1326 ﬁctile,
1051 1295 1132 1322 homo
1147 1303 1244 1324 rursus
1262 1297 1288 1324 in
1306 1302 1405 1325 terram
1424 1298 1606 1330 resolvitur‘;
1626 1303 1655 1326 ut
1677 1306 1719 1326 se-

935 1340 1018 1368 cretis
1034 1348 1095 1375 quar
1106 1341 1133 1368 in
1146 1349 1178 1369 eo
1192 1350 1265 1369 nunc
1286 1347 1349 1370 sunt
1363 1343 1502 1376 sordibus,
1529 1344 1557 1371 in
1573 1345 1718 1379 pristinam

935 1386 1050 1421 ﬁguram
1067 1387 1232 1415 reformetur
1247 1397 1294 1424 per
1301 1391 1545 1418 resurrectionem.
1560 1390 1617 1418 Hoc
1628 1395 1717 1418 autem

934 1429 1031 1465 dogma
1047 1430 1175 1459 historice
1195 1433 1314 1467 quidem,
1343 1437 1370 1461 et
1397 1442 1444 1469 per
1470 1435 1612 1469 aenigmata
1639 1435 1719 1462 nobis

934 1474 1047 1508 exponit
1064 1474 1162 1502 Moses.
1180 1475 1315 1503 Cancrum
1332 1477 1390 1504 haec
1405 1478 1488 1504 etiam
1502 1479 1646 1513 aenigmata
1657 1486 1719 1514 per-

937 1519 1062 1554 spicuam
1079 1524 1107 1548 et
1131 1521 1234 1548 claram
1258 1521 1360 1549 habent
1379 1521 1546 1550 doctrinam.
1572 1522 1718 1559 Postquam

936 1566 1021 1598 enim,
1037 1566 1084 1598 ait,
1113 1566 1140 1593 in
1157 1566 1190 1593 iis
1212 1574 1272 1601 quae
1297 1567 1435 1602 prohibita
1453 1567 1572 1601 fuerant,
1604 1569 1718 1597 fuerunt

937 1611 1019 1646 primi
1034 1611 1170 1644 homines,
1198 1616 1225 1639 et
1242 1612 1334 1639 nudati
1353 1616 1419 1640 sunt
1433 1613 1615 1648 beatitudine,
1639 1615 1720 1650 pelli-

937 1663 1000 1684 ceas
1022 1657 1129 1684 tunicas
1154 1658 1330 1692 protoplastis
1354 1658 1470 1693 imponit
1496 1659 1579 1692 Deus,
1589 1667 1642 1686 non
1655 1668 1720 1688 sen-

937 1703 1018 1734 tiens,
1045 1706 1074 1728 ut
1100 1702 1208 1736 opinor,
1238 1703 1272 1730 de
1298 1703 1434 1737 ejusmodi
1456 1704 1585 1738 pellibus.
1613 1705 1720 1738 Quibus

936 1748 1008 1775 enim
1025 1747 1178 1776 interfectis
1199 1753 1226 1776 el
1242 1749 1390 1777 excoriatis
1413 1750 1589 1783 animalibus,
1613 1751 1654 1778 eis
1672 1759 1720 1779 ex-
1743 1772 1748 1776 .

936 1794 1074 1829 cogitatur
1095 1794 1235 1821 amictus?
1261 1793 1313 1822 Sed
1330 1795 1459 1829 quoniam
1475 1796 1565 1823 omnis
1591 1796 1668 1831 pellis
1685 1797 1720 1824 ab

937 1840 1100 1868 animalibus
1113 1844 1239 1875 separata
1265 1844 1306 1868 est
1323 1846 1429 1868 mortua
1441 1860 1450 1873 ,
1467 1842 1596 1869 existimo
1609 1842 1720 1870 omnino

936 1895 998 1914 eum
1015 1886 1060 1922 qui
1077 1886 1144 1913 vitio
1162 1890 1258 1913 nostro
1273 1887 1409 1919 medetur,
1439 1887 1597 1915 hominibus
1623 1893 1718 1923 postea

937 1932 1084 1960 immisisse
1097 1940 1129 1959 ex
1154 1932 1326 1966 providentia
1341 1933 1396 1960 vim
1417 1933 1450 1960 ad
1467 1933 1648 1966 moriendum,
1658 1942 1719 1969 quae

936 1982 1050 2013 excepta
1075 1977 1127 2004 fuit
1141 1985 1172 2005 ex
1202 1982 1301 2005 natura
1323 1982 1432 2013 experte
1450 1978 1575 2010 rationis,
1607 1983 1636 2005 ut
1663 1987 1718 2006 non

937 2031 1044 2058 semper
1058 2028 1240 2058 permaneret.
1262 2023 1368 2050 Tunica
1387 2024 1458 2051 enim
1475 2028 1517 2051 est
1540 2032 1573 2052 ex
1598 2025 1631 2052 iis
1659 2034 1719 2060 quae

935 2068 1015 2096 nobis
1030 2069 1209 2102 imponuntur
1230 2069 1412 2099 extrinsecus.
1430 2069 1471 2096 sui
1488 2076 1568 2096 usum
1586 2070 1618 2096 ad
1647 2073 1717 2097 tem-

936 2122 987 2149 pus
1004 2115 1126 2148 praebens
1138 2115 1263 2148 corpori,
1280 2118 1383 2140 natum
1398 2114 1508 2141 minime
1523 2120 1718 2149 congenerata.

936 2159 973 2187 Er
991 2164 1089 2187 natura
1104 2167 1168 2195 ergo
1180 2159 1334 2191 brutorum,
1353 2163 1429 2186 certo
1441 2157 1557 2187 consilio
1567 2168 1599 2188 ac
1610 2161 1720 2195 dispen-

936 2205 1051 2236 satione,
1064 2205 1155 2232 addita
1169 2208 1211 2232 est
1225 2204 1376 2231 mortalitas
1386 2211 1489 2232 naturae
1499 2209 1654 2240 quaecreata
1662 2205 1720 2232 fue-

936 2255 978 2277 rat
991 2250 1023 2277 ad
1036 2250 1278 2281 immortalitatem,
1294 2248 1320 2276 id
1330 2249 1401 2283 quod
1416 2252 1457 2276 est
1465 2249 1525 2284 ejus
1549 2250 1720 2278 extrinsecus

937 2301 1096 2331 contegens,
1114 2302 1168 2323 non
1179 2295 1205 2322 id
1217 2294 1288 2329 quod
1303 2300 1345 2322 est
1361 2294 1536 2328 intrinsecus,
1551 2300 1574 2322 el
1592 2295 1719 2323 sensilem

937 2342 1055 2369 hominis
1064 2345 1167 2376 partem
1188 2340 1375 2375 intercipiens.
1397 2347 1451 2367 non
1473 2341 1610 2376 attingens
1630 2344 1720 2368 autem

937 2387 1024 2422 ipsam
1030 2386 1150 2414 divinam
1165 2385 1320 2421 imaginem.
1333 2384 1454 2412 Solvitur
1462 2390 1551 2412 autem
1565 2386 1589 2413 id
1598 2386 1669 2420 quod
1678 2390 1720 2414 est

938 2431 1048 2462 sensile,
1057 2438 1111 2458 non
1118 2433 1208 2458 autem
1230 2430 1352 2457 aboletur
1367 2433 1394 2456 et
1407 2430 1554 2458 evanescit.
1569 2430 1638 2456 Nam
1654 2430 1719 2457 abo-

937 2477 997 2504 litio
1026 2477 1134 2511 quidem
1159 2480 1201 2503 est
1228 2475 1261 2502 ad
1287 2475 1313 2502 id
1338 2475 1410 2510 quod
1437 2483 1491 2502 non
1511 2478 1553 2502 est
1576 2476 1719 2505 transitus.

938 2522 1046 2550 Soiutio
1071 2526 1161 2549 autem
1187 2526 1228 2548 est
1246 2521 1390 2548 dissolutio
1413 2528 1474 2556 qua:
1508 2521 1538 2548 ﬁt
1565 2529 1660 2549 rursus
1691 2522 1718 2548 in

937 2567 1029 2594 mundi
1050 2567 1192 2599 elementa,
1204 2573 1236 2593 ex
1257 2565 1356 2600 quibus
1374 2565 1461 2594 fuerat
1474 2571 1623 2601 compacta.
1642 2567 1718 2599 Quod

937 2617 1026 2640 autem
1043 2612 1070 2639 in
1079 2612 1111 2639 iis
1124 2611 1214 2643 fuerit,
1226 2619 1279 2638 non
1289 2611 1379 2646 periit,
1389 2611 1613 2646 etiamsieiiugiat
1631 2612 1718 2639 nostri

937 2665 1034 2686 sensus
1040 2657 1321 2693 comprehensionem.
1330 2657 1431 2692 Aperta
1440 2661 1528 2684 autem
1535 2661 1577 2685 est
1584 2665 1666 2684 causa
1676 2665 1721 2686 so-

934 2704 1047 2732 lutionis
1058 2711 1110 2739 .pcr
1118 2704 1271 2738 exemplum
1287 2703 1360 2738 quod
1378 2703 1456 2730 nobis
1467 2702 1568 2729 dictum
1582 2706 1634 2729 est.
1644 2702 1721 2735 Quo-

935 2750 1007 2779 niam
1015 2750 1087 2778 enim
1094 2757 1191 2778 sensus
1199 2748 1426 2777 necessitudinem
1433 2747 1512 2776 habet
1519 2751 1545 2775 et
1551 2747 1718 2784 conjunctio-
