1926 3080
240 118 275 145 35
872 120 902 149 S.
922 120 1085 150 GREGORII
1100 121 1246 151 NYSSENI
1826 133 1860 162 55

240 182 302 202 nem
312 181 372 202 rum
387 181 418 202 co
425 172 498 209 quod
511 177 552 200 est
566 179 689 201 crassum
697 177 723 201 et
737 178 865 203 terrestre
880 186 886 203 :
900 176 971 212 quod
981 185 1009 204 es

1074 179 1166 214 γήϊνον
1188 180 1295 213 οἰκείως
1314 180 1386 216 ἔχει’
1409 182 1561 217 κρείττονος
1579 182 1609 210 δὲ
1623 184 1670 211 καὶ
1691 184 1860 221 ὑψηλοτέρας
1882 185 1887 190 ”

241 224 332 246 autem
348 217 521 254 praestantius
532 221 558 244 et
569 217 725 251 sublimius,
739 227 833 246 eorum
844 228 904 255 quae
914 222 940 248 in
950 221 1021 249 bono

239 268 268 290 et
284 263 398 291 honesto
419 267 563 290 versantur
575 263 723 298 judicium,
748 265 885 293 aberravit
907 267 933 294 in
959 275 1023 302 pro-

240 308 336 335 handis
349 307 485 339 sensibus,
502 308 536 334 ab
552 315 585 335 eo
607 312 698 335 autem
713 310 785 344 quod
806 310 907 338 bonum
922 315 949 338 et
977 311 1023 338 ho-

240 356 346 380 nestum
359 357 400 379 est
415 352 562 384 abex-ratio,
575 352 675 385 effecit,
693 358 723 380 ut
745 355 902 382 contrarius
927 356 1021 383 consi-

238 402 322 426 steret
338 398 466 431 habitus;
483 398 591 426 inutilis
606 398 711 426 reddita
729 407 793 434 pars
810 399 909 432 nostri,
928 408 1023 429 susce-

238 445 327 479 ptione
348 445 482 471 contrarii
499 444 627 472 solvitur.
664 444 712 473 Est
744 449 834 473 autem
863 446 1019 481 hujusmodi

235 491 390 525 exemplum
402 491 462 525 ejus
477 491 551 525 quod
564 491 684 519 dicimus
701 502 708 521 :
726 491 808 519 Detur
822 493 958 527 quispiam
972 501 1020 521 vas

235 545 266 564 ex
283 537 340 564 luto
360 535 513 564 confecisse
530 545 537 564 :
554 536 581 564 id
605 542 695 564 autem
712 538 775 565 dolo
800 543 826 565 ct
852 547 884 566 cx
912 539 1020 568 insidiis

235 583 365 618 repletum
382 582 467 610 fuisse
483 583 593 618 plumbo
609 583 755 618 liquefacto
772 594 779 612 :
794 584 909 612 eﬂ‘usum
925 591 1015 614 autem

235 629 375 664 plumbum
400 630 583 662 concrevisse,
613 634 640 657 ct
655 630 690 657 ita
719 638 840 662 manere,
863 635 893 658 ut
917 631 1018 660 ctTundi

235 681 289 700 non
305 673 409 707 possit;
440 673 579 700 domintum
602 679 692 701 autem
710 682 758 703 vas
780 675 831 702 sibi
854 676 1017 705 vindicare:

233 726 295 745 cum
311 722 400 745 autem
415 718 487 753 liguli
498 723 587 746 teneat
603 719 759 753 scientiam,
773 728 834 748 cum
851 722 963 757 plumbo
978 727 1019 751 te-

235 767 304 790 stam
318 763 489 798 confregisse
506 768 513 792 ':
531 769 558 791 ct
574 764 671 792 deinde
691 774 789 794 rursus
803 767 829 794 in
847 768 964 802 priorem
986 768 1018 796 fi-

233 817 328 844 guram
341 809 373 835 ad
389 817 467 836 suum
483 817 562 837 usum
596 818 644 838 vas
666 811 821 845 reﬁnxisse,
846 813 1014 841 exinanitum

233 855 345 882 materia
361 863 422 890 quae
436 855 524 883 fuerat
542 855 672 884 immista.
693 857 732 884 lta
746 865 812 893 ergo
836 860 923 886 nostri
947 867 1016 895 quo—
1032 856 1053 883 Β

232 908 285 933 que
299 901 372 929 vasis
389 901 497 936 ﬁgulus,
517 902 610 929 sensili
626 903 695 937 parti
714 903 783 937 (cam
800 904 861 932 dico
884 913 944 940 quat
972 909 1014 933 cst

233 944 399 980 incorpore)
415 946 536 973 immisto
549 947 627 979 vitio,
653 948 786 976 dissoluta
813 950 928 978 materia
954 959 1015 984 qua:

231 991 326 1017 vitium
347 996 501 1027 acceperat,
528 1000 577 1020 vas
601 1000 698 1022 rursus
719 995 853 1029 relictum,
875 997 1013 1024 contrario

231 1043 286 1062 non
301 1037 424 1067 mistum,
435 1045 484 1071 per
500 1038 740 1070 resurrectionem.
759 1040 793 1066 ad
807 1048 867 1068 eam
883 1048 943 1075 qua:
955 1041 1014 1069 fue-

230 1085 274 1108 rat
287 1081 319 1108 ab
334 1082 412 1110 initio
427 1082 587 1111 reformabit
613 1084 856 1118 pulchritudinem.
878 1087 1013 1120 Quoniam

229 1129 318 1152 autem
333 1131 360 1154 et
375 1127 481 1162 corpori
497 1132 539 1155 est
551 1128 675 1163 quaedam
687 1130 803 1157 societas
814 1134 840 1157 et
855 1132 1013 1159 communio

228 1178 322 1198 carum
341 1179 400 1206 qua:
415 1180 447 1199 ex
470 1178 582 1208 peccato
602 1174 739 1202 exsistunt
764 1175 956 1210 aﬂ‘ectionum;
986 1182 1014 1205 et

229 1218 323 1245 mortis
342 1219 492 1254 corporalis
506 1224 533 1247 et
544 1221 667 1254 quaedam
685 1221 808 1256 analogia
824 1229 856 1249 ac
873 1223 1012 1258 proportio

228 1272 290 1290 cum
303 1268 391 1293 morte
404 1265 502 1293 anima:
514 1276 520 1293 :
534 1267 671 1301 quomodo
680 1268 752 1294 enim
769 1267 797 1295 in
806 1275 899 1300 carne,
922 1276 937 1295 a
950 1277 1012 1297 sen-

227 1310 270 1338 sili
288 1310 343 1337 vita
357 1314 513 1345 separatum
529 1318 591 1338 esse
605 1315 721 1339 mortem
730 1312 847 1341 dicimus
859 1323 865 1341 :
878 1313 915 1341 ita
925 1315 1008 1342 etiam

226 1355 255 1382 in
272 1356 360 1383 anima
376 1356 544 1390 appellamus
567 1361 682 1384 mortem
704 1365 719 1384 a
736 1366 800 1386 vera
819 1359 874 1387 vita
897 1367 1010 1394 separa-

226 1401 484 1436 tionem;quoniam
499 1409 563 1437 ergo
586 1410 640 1430 una
654 1407 696 1430 est
717 1404 781 1430 mali
801 1406 957 1432 communio
980 1413 1012 1433 ac

226 1448 353 1479 societas,
364 1453 393 1474 ut
407 1448 484 1482 prius
500 1448 604 1474 dictum
618 1452 670 1479 est,
687 1449 861 1477 considerata
872 1450 900 1477 in
918 1451 1009 1478 anima

225 1497 251 1519 ct
264 1500 388 1527 carpere,
407 1501 454 1528 per
473 1497 620 1528 utrumque
635 1494 707 1521 enim
722 1495 845 1530 procedit
868 1497 959 1524 anima
975 1497 1008 1524 ad

225 1537 411 1572 operationem
432 1547 439 1564 :
456 1541 602 1572 propterea
622 1545 695 1566 mors
716 1540 825 1574 quidem
847 1540 1008 1568 dissolutio-

226 1582 271 1610 nis
288 1582 323 1609 ab
338 1582 497 1610 indumento
511 1583 667 1610 mortalium
696 1585 820 1619 pellium,
846 1594 899 1613 non
923 1587 1008 1614 attin-

225 1627 264 1662 git
283 1627 412 1654 animam.
426 1627 661 1660 Quemadmodum
680 1630 754 1657 enim
780 1630 894 1659 dissolvi
917 1637 1009 1667 posset

223 1671 298 1706 quod
315 1679 369 1699 nou
386 1675 429 1700 est
440 1673 637 1707 compositum!

258 1728 391 1761 Quoniam
407 1736 470 1756 vero
483 1737 551 1764 opus
565 1733 616 1763 est,
640 1733 668 1757 ut
687 1730 760 1760 illius
773 1739 882 1768 quoque
898 1741 959 1769 quae
974 1741 1006 1761 ex

223 1774 343 1807 peccatis
355 1774 379 1801 ei
397 1774 562 1809 ingenerata:
577 1775 737 1803 insederunt
751 1778 873 1810 maculae,
889 1786 938 1813 per
951 1786 1008 1806 me-

223 1819 341 1845 dicinam
356 1820 473 1854 aliquam
491 1819 660 1853 auferantur,
678 1826 820 1857 propterea
836 1823 862 1850 in
878 1825 1006 1858 praesenti

222 1863 332 1898 quidem
349 1864 403 1891 vita
418 1865 569 1893 adhibitum
586 1870 628 1894 est
650 1867 878 1896 medicamentum
895 1869 1006 1898 virtutis

221 1909 255 1936 ad
267 1910 325 1938 haec
340 1912 460 1938 curanda
471 1912 594 1940 vulnera.
610 1913 687 1946 Quod
702 1914 724 1940 si
739 1916 827 1942 curari
842 1923 895 1943 non
907 1917 1004 1950 possit,

221 1955 248 1982 in
262 1955 381 1983 futuram
398 1957 480 1984 vitam
498 1963 653 1986 reservatur
664 1961 780 1988 curatio.
801 1960 853 1988 Sed
869 1963 1005 1996 quomodo

221 2001 249 2028 in
273 2009 389 2036 corpore
403 2006 467 2030 sunt
490 2003 664 2031 aﬂ'ectionum
688 2005 810 2040 quatdam
835 2006 1003 2038 diti‘erentite,

220 2053 335 2081 quarum
352 2047 411 2074 alia:
434 2048 544 2082 quidem
570 2048 688 2080 facilius,
713 2050 772 2077 aliae
786 2058 851 2078 vero
868 2051 1004 2080 difﬁcilius

219 2091 367 2119 admittunt
388 2096 572 2125 curationem,
599 2095 626 2120 in
647 2095 748 2128 quibus
771 2099 797 2122 et
821 2096 956 2123 sectiones
978 2101 1005 2123 et

218 2138 351 2170 cauteria,
368 2143 394 2165 et
408 2139 505 2166 acerba
518 2138 713 2166 medicamenta
728 2139 892 2167 adhibentur
903 2141 936 2168 ad
953 2142 1005 2168 tol-

1073 224 1127 250 τῶν
1144 225 1208 260 περὶ
1228 225 1258 252 τὸ
1277 224 1357 252 καλὸν
1378 227 1509 262 κρίσεως,
1535 228 1564 255 ἐν
1585 229 1618 264 τῇ
1643 229 1791 266 δοκιμασίᾳ
1806 231 1860 258 τῶν

1073 269 1223 306 αἰσθήσεων
1232 292 1240 304 ,
1255 271 1472 308 άμαρτηθείσης,
1487 273 1537 309 τῆς
1550 273 1578 300 δὲ
1589 274 1635 301 τοῦ
1652 275 1734 302 καλοῦ
1747 275 1860 313 διαμαρ-

1070 317 1132 348 τίας
1158 317 1207 353 τὴν
1230 318 1279 353 τῆς
1305 317 1429 350 ἐναντίας
1455 319 1538 352 ἕξεως
1567 320 1715 348 ὑπόστασιν
1746 322 1859 357 ἐνεργη-

1073 362 1173 397 σάσης·
1189 363 1220 389 τὸ
1234 364 1383 399 άχρειωθὲν
1397 364 1475 400 ἡμῶν
1494 365 1586 400 μέρος,
1603 367 1637 402 τῇ
1654 366 1797 403 παραδοχῇ
1811 368 1858 394 τοῦ

1071 408 1190 435 ἐναντίου
1207 408 1313 436 λύεται·
1332 411 1345 436 ὁ
1361 410 1389 437 δὲ
1400 410 1447 437 τοῦ
1463 410 1661 446 ὑποδείγματος
1676 413 1757 447 λόγος
1770 413 1858 440 τοιοῦ-

1070 454 1116 486 τός
1131 456 1198 481 ἐστι·
1214 455 1334 482 Δεδόσθω
1348 464 1374 482 τι
1385 456 1481 489 σκεῦος
1495 458 1528 484 ἐκ
1544 458 1629 493 πηλοῦ
1644 460 1840 494 συνεστηκέναι
1850 468 1856 476 '

1070 500 1148 527 10610
1169 500 1197 527 δὲ
1220 501 1321 536 πλῆρες
1342 501 1373 528 ἐκ
1388 511 1459 533 τινος
1474 502 1619 539 ἐπιϐουλῆς
1636 504 1801 540 γεγενῆσθαι
1815 513 1856 531 τε·

1070 546 1181 581 τηκότος
1201 546 1336 581 μολίϐδου.
1362 547 1413 574 Τὸν
1435 547 1463 574 δὲ
1483 548 1606 583 μόλιϐδον
1629 549 1779 584 ὲκχυθέντα
1804 559 1857 576 πα-

1069 592 1149 627 γῆναι
1167 593 1215 619 καὶ
1235 593 1325 628 μένειν
1339 593 1525 629 ἀπρόσχυτον·
1548 594 1745 622 ἀντιποιεῖσθαι
1768 594 1798 622 δὲ
1811 595 1855 622 τοί

1070 638 1182 670 σκεύους
1197 638 1243 665 τὸν
1257 639 1440 674 κεκτημένον·
1468 640 1563 675 ἔχοντα
1578 640 1607 667 δὲ
1623 640 1669 667 τοῦ
1692 640 1856 676 κεραμεύειν

1068 683 1117 719 τὴν
1139 684 1308 719 ἐπιστήμην,
1321 684 1485 721 περιθρύψαι
1497 694 1526 712 τε
1539 686 1578 721 τῷ
1590 685 1705 721 μολίϐδῳ
1717 686 1748 712 τὺ
1758 686 1855 722 ὄστρα-

1068 737 1115 756 κον
1127 749 1134 761 ,
1145 725 1196 756 εἶθ’
1211 729 1297 762 οὕτως
1312 730 1392 757 πάλιν
1407 731 1477 758 κατὰ
1493 731 1522 758 τὸ
1535 732 1667 767 πρότερον
1682 732 1777 767 σχῆμα
1789 732 1855 767 πρὸς

1068 774 1116 810 τὴν
1129 774 1197 801 ἰδίαν
1211 775 1306 802 ἑαυτοῦ
1323 775 1420 811 χρῆσιν
1433 777 1587 804 ἀναπλάσαι
1603 777 1634 804 τὸ
1651 777 1759 809 σκεῦος,
1778 778 1857 804 κενὸν

1067 819 1116 854 τῆς
1132 820 1311 856 ὲμμιχθείσης
1328 821 1393 856 ὕλης
1411 822 1565 857 γενόμενον.
1593 822 1687 854 Οὖτως
1708 820 1756 850 οὖν
1777 823 1825 850 καὶ
1842 824 1855 850 ἑ

1066 865 1113 892 τοῦ
1127 866 1261 902 ἡμετέρου
1284 866 1397 899 σκεύους
1416 867 1547 903 πλάστης,
1566 868 1605 904 τῷ
1620 868 1744 904 αἰσθητῶ
1759 869 1854 905 μέρει,

1064 911 1095 938 τὸ
1108 911 1180 938 κατὰ
1197 911 1228 938 τὸ
1243 911 1322 946 σῶμά
1338 921 1421 947 φημι,
1439 913 1489 947 τῆς
1508 913 1606 945 κακίας
1621 913 1853 949 καταμιχθείσης,

1064 957 1190 989 διαλύσας
1209 957 1257 993 τὴν
1281 957 1507 993 παραδεξαμένην
1527 959 1557 984 τὸ
1577 959 1661 985 κακὸν
1677 958 1754 994 ὕλην,
1773 961 1855 987 πάλιν

1064 1004 1162 1039 ἀμιγὲς
1177 1003 1225 1031 τοῦ
1242 1004 1362 1031 ἐναντίου
1377 1005 1420 1032 διὰ
1432 1005 1482 1040 τῆς
1494 1006 1668 1037 ἀναστάσεως
1680 1007 1853 1039 ἀναπλάσας,

1064 1049 1132 1084 πρὸς
1145 1049 1174 1076 τὸ
1193 1050 1222 1082 ἐξ
1238 1050 1324 1086 ἀρχῆς
1346 1051 1444 1083 κάλλος
1465 1051 1684 1086 ἀναστοιχειώσει
1697 1052 1728 1079 τὸ
1744 1052 1853 1084 σκεῦος.

1070 1094 1178 1130 Ἐπειδὴ
1202 1094 1229 1121 δὲ
1258 1095 1380 1127 σύνδεσίς
1406 1104 1449 1127 τις
1472 1096 1520 1122 καὶ
1546 1095 1672 1123 κοινωνία
1698 1097 1753 1123 τῶν
1781 1098 1853 1124 κατά

1064 1140 1200 1175 ἁμαρτίαν
1224 1140 1393 1176 παθημάτων
1422 1139 1543 1174 γίνεταί,
1558 1143 1591 1177 τῇ
1607 1151 1637 1169 τε
1656 1142 1730 1179 ψυχῇ
1748 1143 1794 1170 καὶ
1813 1143 1852 1178 τῷ

1064 1183 1185 1219 σώματισ
1205 1185 1252 1212 καί
1271 1193 1311 1217 τις
1336 1185 1466 1220 ἀναλογία
1483 1185 1529 1212 τοῦ
1549 1187 1707 1222 σωματικοῦ
1735 1188 1852 1215 θανάτου

1063 1230 1130 1265 πρὸς
1143 1230 1188 1256 τὸν
1200 1230 1315 1265 ψυχικόν
1328 1231 1383 1257 ἐστι
1398 1231 1512 1258 θάνατον
1523 1241 1529 1248 ·
1548 1232 1643 1269 ὥσπερ
1656 1233 1711 1269 γὰρ
1725 1235 1754 1260 ὲν
1769 1234 1853 1268 σαρκὶ

1062 1274 1092 1301 τὺ
1107 1275 1157 1310 τῆς
1179 1275 1309 1310 αἰσθητῆς
1333 1275 1498 1310 χωρισθῆναι
1519 1276 1592 1311 ζωῆς
1609 1278 1852 1313 προσαγορεύομεν

1062 1319 1176 1347 θάνατον
1186 1340 1193 1352 ,
1214 1320 1299 1352 οὕτως
1313 1320 1359 1347 καὶ
1376 1320 1422 1346 ἐπὶ
1436 1321 1486 1356 τῆς
1498 1321 1587 1356 ψυχῆς
1605 1321 1651 1348 τὸν
1669 1322 1719 1357 τῆς
1733 1323 1851 1358 ἀληθοῦς

1062 1364 1134 1400 ζωῆς
1154 1365 1290 1400 χωρισμὸν
1311 1365 1424 1392 θάνατον
1439 1366 1617 1402 ὀνομάζομεν.
1639 1367 1716 1393 Ἐπεὶ
1732 1365 1779 1394 οὖν
1798 1367 1849 1402 μία

1061 1410 1103 1442 τίς
1118 1411 1175 1437 ἐστι
1190 1409 1237 1437 τοῦ
1252 1411 1336 1437 κακοῦ
1357 1411 1498 1444 κοινωνία,
1521 1411 1612 1443 καθὼς
1629 1412 1803 1447 προείρηται,
1821 1414 1851 1439 ὲν

1060 1457 1132 1493 ψυχῇ
1149 1465 1178 1483 τε
1191 1456 1362 1492 θεωρουμένη
1377 1458 1422 1484 καὶ
1434 1457 1553 1493 σώμαι-ιιι
1567 1458 1600 1484 δι’
1616 1458 1782 1494 ἀμφοτέρων
1794 1460 1851 1495 γὰρ

1062 1503 1182 1537 πρόεισιν
1199 1503 1238 1534 εἰς
1257 1502 1396 1537 ἐνέργειαν
1413 1502 1445 1529 τὸ
1463 1503 1592 1539 πονηρόν·
1608 1503 1652 1529 διὰ
1671 1502 1753 1530 τοῦτο
1768 1504 1784 1530 ὸ
1797 1504 1852 1539 μὲν

1060 1547 1108 1582 τῆς
1122 1547 1267 1578 διαλύσεως
1281 1547 1402 1579 θάνατος,
1416 1548 1448 1574 ὲκ
1459 1549 1508 1583 τῆς
1517 1548 1572 1575 τῶν
1586 1548 1689 1584 νεκρῶν
1703 1549 1850 1584 δερμάτων

1059 1592 1204 1627 ἐπιϐολῆς,
1223 1592 1271 1627 τῆς
1288 1593 1374 1628 ψυχῆς
1388 1593 1436 1628 οὐχ
1453 1593 1577 1621 ἅπτεται.
1595 1593 1658 1626 Πῶς
1672 1593 1728 1630 γὰρ
1746 1594 1780 1622 ἂν
1790 1594 1849 1622 δια-

1058 1639 1150 1675 λυθείη
1164 1639 1194 1666 τὸ
1209 1639 1247 1674 μὴ
1261 1639 1439 1674 συγκείμενον
1451 1647 1459 1672 ;

1099 1741 1207 1776 Ἐπειδὴ
1241 1740 1320 1776 χρεία
1341 1740 1388 1767 τοῦ
1415 1740 1544 1776 κάκείνης
1570 1743 1620 1772 τὰς
1643 1740 1797 1776 ἐμφυείσας
1819 1740 1850 1773 ὲξ

1057 1786 1198 1822 ἁμαρτιῶν
1222 1785 1332 1821 κηλίδας
1355 1786 1399 1813 διά
1421 1794 1493 1818 τινος
1515 1787 1635 1822 ἰατρείας
1656 1787 1847 1822 ἐξαιρεθῆναι,

1056 1830 1150 1856 τούτου
1163 1830 1266 1861 ἕνεκεν,
1280 1830 1308 1857 ὲν
1324 1830 1373 1865 μὲν
1388 1831 1421 1865 τῇ
1436 1830 1561 1867 παρούσῃ
1577 1830 1645 1867 ζωῇ,
1665 1832 1696 1858 τὸ
1710 1832 1763 1866 τῆς
1781 1832 1848 1868 ἀρε-

1056 1874 1105 1909 τῆς
1118 1875 1261 1910 φάρμακον
1272 1875 1311 1907 εἰς
1322 1875 1469 1911 θεραπείαν
1482 1875 1537 1903 τῶν
1549 1876 1679 1904 τοιούτων
1691 1877 1847 1913 προσετέθη

1057 1921 1231 1956 τραυμάτων.
1255 1921 1286 1947 Εἰ
1307 1921 1336 1947 δὲ
1354 1920 1540 1956 ἀθεράπευτος
1558 1921 1649 1956 μένει.
1667 1923 1696 1948 ἐν
1712 1922 1753 1957 τῷ
1777 1923 1849 1957 μετὰ

1055 1965 1139 1992 ταῦτα
1157 1965 1207 2001 βίῳ
1224 1966 1382 2001 ταμιεύεται
1399 1967 1414 2000 ἡ
1437 1966 1578 2002 θεραπεία.
1596 1967 1666 1994 Ἀλλ’
1684 1967 1781 2003 ὥσπερ
1794 1969 1848 1995 είσί

1055 2019 1126 2042 τινες
1149 2011 1218 2038 κατὰ
1239 2011 1270 2037 τὸ
1291 2011 1371 2046 σῶμα
1394 2011 1447 2038 τῶν
1464 2011 1634 2047 παθημάτων
1649 2013 1791 2048 διαφοραὶ,
1809 2010 1848 2040 ὧν

1056 2057 1082 2082 αἱ
1099 2056 1148 2091 μὲν
1163 2058 1238 2092 ῥᾷον,
1253 2057 1280 2083 αι
1294 2056 1322 2083 δὲ
1335 2057 1531 2093 δυσκολώτερον
1539 2057 1589 2093 τὴν
1598 2058 1749 2093 θεραπείαν
1759 2067 1848 2094 προσ-

1057 2101 1138 2128 ίενται
1150 2121 1156 2133 ,
1174 2102 1216 2136 ἐφ’
1229 2099 1266 2128 ὧν
1282 2102 1328 2128 καὶ
1351 2103 1430 2137 τομαὶ
1446 2104 1492 2130 καὶ
1513 2105 1646 2140 καυτήρια
1657 2123 1664 2135 ,
1680 2104 1729 2131 καὶ
1748 2105 1848 2140 πικραὶ

1055 2147 1270 2182 φαρμακοποιίαι
1286 2148 1353 2182 πρὸς
1371 2148 1420 2183 τὴν
1442 2149 1581 2184 ἀναίρεσιν
1594 2149 1641 2176 τοῦ
1659 2150 1848 2185 ἐνσκήψαντος

218 2183 326 2210 [endam
347 2183 518 2211 aifectionem
536 2191 596 2218 quae
610 2184 710 2211 insedit
727 2185 850 2219 corpori:
874 2186 926 2213 tale
939 2187 1003 2222 quid

1061 2191 1158 2229 πάθους
1179 2190 1218 2225 τῷ
1240 2192 1346 2226 σώματι
1374 2192 1649 2228 παραλαμϐάνονται·
1670 2194 1795 2221 τοιοῦτόν
1822 2204 1848 2221 τι

217 2228 299 2255 etiam
313 2227 456 2255 denuntiat
470 2229 496 2255 in
519 2232 659 2263 posterum
675 2229 797 2256 futurum
809 2230 943 2264 judicium
971 2232 1003 2259 ad

217 2273 356 2300 curandos
378 2273 489 2301 morbos
511 2273 617 2307 animae,
645 2274 717 2309 quod
744 2275 828 2310 pigris
852 2276 960 2311 quidem
978 2281 1003 2305 et

217 2319 295 2346 vanis
320 2317 450 2351 minatur,
476 2319 624 2354 gravisque
650 2323 677 2347 et
695 2327 792 2355 aspera
819 2321 946 2354 intentat,
974 2327 1004 2349 ut

217 2368 290 2390 metu
311 2371 403 2390 rerum
424 2365 601 2392 molestarum
626 2369 653 2393 et
670 2373 828 2401 asperarum
845 2375 906 2402 quae
924 2370 1003 2397 nobis

216 2415 280 2437 sunt
297 2410 450 2442 reddenda},
464 2410 497 2437 ad
514 2410 670 2447 fugiendum
685 2412 778 2439 vitium
793 2414 959 2449 castigemur
975 2419 1002 2443 et

215 2455 395 2483 crudiamur:
423 2457 458 2484 iis
477 2460 578 2488 autem,
603 2456 649 2491 qui
675 2461 740 2484 sunt
764 2457 1000 2494 intelligentiores,

214 2501 337 2529 creditur
359 2509 373 2528 a
397 2501 453 2530 Deo
466 2510 527 2531 esse
549 2503 682 2531 medicina
705 2507 731 2530 ct
752 2504 868 2536 curatio,
896 2506 942 2540 qui
968 2506 1001 2532 ii-

214 2552 353 2583 gmentum
374 2556 454 2576 suum
469 2549 574 2576 reducit
591 2549 623 2576 ad
646 2557 704 2577 eam
726 2557 786 2584 qua:
802 2554 860 2577 erat
873 2551 907 2578 ab
923 2551 1001 2578 initio

213 2593 339 2628 gratiam.
357 2592 500 2626 Quomodo
520 2594 592 2621 enim
617 2595 664 2630 qui
688 2595 779 2623 clavos
803 2601 831 2623 et
860 2604 999 2630 verrucas,

213 2647 275 2673 quae
292 2640 318 2665 in
338 2647 452 2674 corpore
465 2643 552 2667 enata:
571 2645 635 2668 sunt
652 2646 750 2676 praztcr
767 2647 903 2676 naturam,
919 2644 1001 2671 abra-

213 2683 283 2710 dunt
299 2691 346 2718 per
358 2684 507 2713 sectionem
526 2693 557 2712 ac
571 2686 717 2719 ustionem,
733 2687 756 2714 ci
772 2695 852 2722 quem
868 2687 1000 2715 beneﬁcio

213 2729 336 2756 afﬁciunt
353 2738 406 2757 non
422 2731 481 2759 sine
496 2731 590 2760 dolore
604 2732 735 2761 adhibent
751 2733 924 2766 medicinam,
944 2741 998 2760 non

213 2778 305 2802 autem
321 2776 355 2803 ad
369 2776 497 2804 damnum
510 2778 569 2813 ejus
579 2779 625 2814 qui
639 2779 759 2814 patitur:
780 2779 816 2805 ita
833 2780 913 2807 etiam
926 2786 999 2813 qua:-

214 2827 322 2855 cunque
351 2822 452 2850 nostris
483 2824 591 2857 animis,
623 2824 670 2860 qui
699 2832 747 2859 pcr
777 2824 996 2852 communionem

1056 2236 1102 2262 καὶ
1113 2237 1129 2271 ἡ
1141 2236 1209 2271 μετὰ
1219 2236 1304 2264 ταῦτα
1315 2238 1404 2272 κρίσις
1415 2239 1454 2269 εἰς
1465 2239 1612 2274 θεραπείαν
1622 2240 1677 2267 τῶν
1690 2240 1742 2275 τῆς
1755 2241 1848 2277 ψυχῆς

1055 2282 1278 2317 ἂρῤωστημάτων
1294 2284 1557 2317 κατεπαγγέλλεται,
1574 2285 1588 2311 ὃ
1602 2286 1658 2317 τοῖς
1679 2286 1729 2320 μὲν
1746 2295 1846 2321 χαυνο-

1053 2327 1141 2362 τέροις
1160 2328 1275 2364 ἀπειλὴ,
1291 2330 1338 2355 καὶ
1361 2330 1529 2364 σκυθρωπῶν
1551 2331 1623 2358 ἐστιν
1639 2332 1845 2365 ἐπανάστασις.

1054 2373 1091 2404 ὡς
1107 2372 1140 2400 ἂν
1165 2373 1238 2409 φόϐῳ
1263 2375 1312 2409 τῆς
1334 2374 1388 2400 τῶν
1416 2375 1548 2409 ἀλγεινῶν
1573 2376 1746 2409 ἀντιδόσεως,
1775 2379 1848 2414 πρὸς

1053 2418 1102 2454 τὴν
1125 2420 1213 2454 φυγὴν
1241 2420 1289 2454 τῆς
1316 2420 1415 2451 κακίας
1437 2421 1701 2457 σωφρονισθείημεν·
1725 2424 1785 2455 τοῖς
1818 2424 1847 2450 δὲ

1054 2465 1244 2501 συνετωτέροις
1269 2465 1373 2501 ἰατρεία
1396 2466 1443 2492 καὶ
1466 2466 1596 2502 Θεραπεία
1613 2468 1690 2502 παρὰ
1710 2469 1759 2495 τοῦ
1775 2469 1846 2496 Θεοῦ

1052 2511 1082 2538 τὸ
1108 2511 1171 2537 [διον
1197 2511 1309 2546 πλάσμα
1335 2511 1403 2546 πρὸς
1424 2512 1473 2547 τὴν
1498 2513 1528 2545 ἐξ
1545 2513 1633 2548 ἀρχῆς
1657 2514 1848 2549 ὲπανάγοντος

1052 2556 1131 2592 χάριν
1148 2554 1216 2582 εἶναι
1234 2556 1397 2583 πιστεύεται.
1419 2557 1464 2589 Ὠς
1487 2559 1541 2594 γὰρ
1560 2560 1585 2586 οἱ
1607 2561 1670 2592 τοὺς
1692 2561 1776 2596 ἥλους
1798 2562 1847 2589 καὶ

1051 2603 1114 2633 τοὺς
1139 2601 1333 2637 ἀκροχορδόνας
1364 2603 1437 2638 παρὰ
1464 2605 1545 2638 φύσιν
1560 2606 1774 2642 ἐπιγενομένους
1806 2608 1846 2643 τῷ

1053 2645 1172 2681 σώματι,
1188 2647 1232 2673 διὰ
1256 2647 1340 2683 τομῆς
1354 2647 1370 2682 ἦ
1387 2648 1510 2682 καύσεως
1531 2651 1712 2684 ἀποξύοντες,
1728 2653 1780 2680 οὐκ
1795 2653 1846 2680 ἀν-

1051 2691 1151 2718 ώδυνον
1163 2692 1293 2725 ἐπάγουσι
1309 2693 1347 2727 τῷ
1361 2693 1580 2732 εὐεργετουμένῳ
1600 2697 1650 2733 τὴν
1667 2699 1741 2725 ἴασιν
1752 2719 1759 2732 ,
1774 2699 1846 2735 πλὴν

1051 2735 1100 2761 οὐκ
1114 2735 1159 2762 ἐπὶ
1178 2735 1263 2772 βλάϐῃ
1284 2736 1330 2763 τοῦ
1348 2738 1527 2773 ὑπομένοντος
1541 2741 1591 2776 τὴν
1607 2742 1696 2778 τομὴν
1708 2743 1826 2777 ἄγουσιν
1837 2752 1844 2760 ·

1051 2778 1136 2810 οὕτως
1160 2779 1207 2805 καὶ
1232 2780 1282 2806 ὅσα
1308 2782 1367 2812 ταῖς
1396 2782 1494 2817 ψυχαῖς
1521 2785 1610 2820 ἡμῶν,
1644 2787 1689 2814 διὰ
1720 2788 1774 2823 τῆς
1789 2788 1847 2816 τῶν

1051 2823 1220 2858 παθημάτων
1236 2826 1378 2859 κοινωνίας
1396 2828 1666 2866 ἁποσαρκωθείσαις,
1685 2832 1776 2870 ὑλώδη
1795 2842 1845 2862 πι-
