1926 3080
63 132 100 160 ὂΊ
675 129 803 159 ORATIO
818 129 851 157 C.‘

904 129 1072 160 ICIIETICA.
1661 135 1695 164 ὃς
1734 137 1736 139 ’

67 190 231 227 ριττὼματα
257 191 459 228 ὲπιπωροῦται,
488 191 516 218 ὲν
528 190 567 226 τῷ
589 190 677 226 καιρῷ
687 191 736 226 τῆς
746 191 851 226 κρίσεωι

914 190 1150 225 perturbationum
1174 192 1298 220 carnales
1319 194 1396 220 erant
1422 191 1530 225 redditi,
1559 193 1695 228 superflua

66 238 197 274 τέμνεται
215 239 264 266 καὶ
285 238 429 271 ἀποξύεται
450 239 483 275 τῇ
508 239 656 274 ἀπορρήτῳ
676 238 767 275 ἐκείνῃ
782 239 862 274 σοφίᾳ

67 285 115 311 καὶ
137 285 274 320 δυνάμει,
299 285 390 318 καθὼς
406 284 479 320 λέγει
499 285 530 311 τὸ
553 283 716 319 Εὐαγγέλιον
736 284 784 311 τοῦ
799 284 862 316 τοὺς

68 329 166 362 κακῶς
184 330 297 364 ἔχοντας
314 329 491 366 ἰατρεύοντος·
502 330 542 357 οὐ
557 329 662 364 χρείαν
672 329 726 365 γάρ
738 329 859 365 ἔχουσι,

67 375 165 411 φησιν.
181 377 208 403 οὶ
225 377 383 410 ἰσχύοντες
396 375 512 411 ἰατροῦ,
528 375 596 402 ἀλλ’
618 377 644 402 οἱ
666 374 761 408 κακῶς
776 376 862 410 ἕχον-

66 430 129 454 τες.
152 422 202 449 Διά
217 422 246 449 δὲ
264 421 297 448 τὸ
317 422 417 458 πολλὴν
431 421 594 457 γεγενῆσθαι
608 423 641 456 τῇ
655 421 727 457 ψυχῇ
749 420 817 456 πρὸς
830 421 861 447 τὸ

66 466 154 494 κακὸν
172 467 323 502 συμφυΐαν,
337 466 430 502 ὥσπερ
445 467 461 502 ἡ
481 467 529 502 τῆς
543 466 701 502 μυρμηκίας
718 467 788 502 τομὴ
804 467 860 503 δρι-

67 512 171 547 μύσσει
191 512 240 548 τὴν
259 513 436 548 ἐπιφάνειαν·
457 513 488 539 τὺ
502 512 556 548 γὰρ
571 512 645 547 παρά
662 511 742 546 φύσιν
757 512 861 548 ἐμφυὲς

65 559 101 594 τῇ
128 558 225 592 φύσει,
251 557 296 584 διά
323 566 395 590 τινος
430 557 600 592 συμπαθείας
626 557 665 593 τῷ
689 558 860 593 ὑποκειμένῳ

65 604 262 640 προσίσχεται,
279 603 325 630 καί
335 612 377 636 τις
397 603 501 638 γίνεται
526 603 573 630 τοῦ
590 603 728 639 ἀλλοτρίου
750 603 816 639 πρὸς
829 604 859 631 τὸ

65 649 206 685 ἡμέτερον
217 649 372 684 παράλογος
385 649 593 685 συνανάκρασις.
604 649 642 681 ὡς
657 649 797 677 λυπεῖσθαι
813 650 859 677 καὶ

65 695 214 722 δάκνεσθαι
226 694 274 722 τοῦ
287 694 360 730 παρὰ
373 694 452 729 φύσιν
463 693 649 730 χωριζομένην
660 695 709 731 τὴν
722 695 857 730 αἴσθησιν·

64 739 140 767 οὕτω
162 741 209 767 καὶ
230 740 279 775 τῆς
299 739 388 774 ψυχῆς
409 739 664 776 ἀπολεπτυνομένης
689 749 717 768 τε
745 740 792 768 καὶ
813 741 858 767 ὲκ-

64 786 224 821 τηκομένης
246 787 276 812 ὲν
295 787 350 818 τοῖς
361 787 431 822 ὑπὲρ
450 786 500 820 τῆς
513 786 648 822 ἁμαρτίας
661 786 793 822 ἐλέγχοις.
810 794 859 813 κα-

65 833 122 864 θώς
135 832 187 860 πού
203 841 288 868 φησιν
304 834 320 868 ἡ
337 833 504 869 προφητεία,
527 832 570 859 διὰ
583 833 630 868 τὴν
646 833 674 860 ὲν
691 833 767 868 βάθει
781 841 857 867 γενο-

912 235 1044 262 callorum
1063 241 1236 264 excrementa
1262 236 1431 269 coaluerant,
1459 244 1489 265 ea
1505 237 1601 272 judicii
1627 242 1697 267 tem-

911 288 977 316 pore
1003 280 1166 309 scinduntur
1191 286 1218 309 et
1243 282 1412 310 abraduntur
1428 282 1557 311 ineﬁabili
1586 284 1632 311 illa
1651 292 1695 312 sa-

912 325 1014 361 pientia
1038 329 1065 354 et
1081 325 1181 354 virtute
1201 326 1286 358 illius,
1313 327 1359 361 qui
1383 327 1453 354 male
1474 327 1649 361 habentibus,
1668 333 1698 355 ut

911 376 954 400 est
972 371 998 399 in
1012 371 1172 407 Evangelia,
1191 372 1323 400 medetur.
1343 372 1405 400 Non
1419 373 1490 401 cnim
1506 379 1545 401 est
1560 382 1636 408 opus,
1655 375 1698 402 in-

911 417 981 452 quit,
1008 417 1154 444 valentibus
1184 418 1310 451 medicus,
1339 417 1384 444 sed
1413 418 1480 445 uiola
1505 419 1660 448 habentiqu
1673 420 1694 447 ⁵.

911 462 1060 498 Propterea
1077 468 1168 491 autem
1184 465 1256 499 quod
1280 464 1377 492 anime
1399 471 1460 492 cum
1477 473 1591 500 corpore
1605 469 1647 494 est
1661 466 1696 493 ad

911 509 1013 536 malum
1029 510 1173 545 congenita
1197 509 1320 545 quaedam
1341 511 1534 543 coalescentia,
1559 511 1697 546 quomodo

910 556 1067 590 myrmecial
1081 563 1129 583 seu
1150 555 1351 583 formieationis
1371 563 1432 590 qua:
1447 556 1529 583 etiam
1545 563 1641 584 cassus
1653 556 1698 584 di-

909 601 992 634 citur,
1010 601 1106 634 sectio,
1124 601 1295 635 superﬁciem
1307 601 1413 629 mordet
1425 601 1537 633 acriter;
1549 609 1610 628 nam
1620 601 1695 637 quod

910 650 1008 681 praeter
1020 651 1145 674 naturam
1163 646 1285 674 innatum
1302 651 1345 675 est
1359 650 1473 678 naturae.
1490 654 1538 682 per
1551 647 1694 682 quemdam

909 700 1074 722 consensum
1086 692 1409 722 aﬁ‘ectionis'adhmrescit
1418 693 1542 728 subjecto
1553 702 1560 726 ;
1576 697 1602 721 et
1613 693 1694 721 alieni

909 748 970 768 cum
985 745 1080 769 nostro
1102 741 1131 769 fit
1148 740 1271 776 quaedam
1295 745 1393 775 praeter
1411 741 1545 768 rationem
1569 744 1695 768 contem-

909 787 1023 822 peratio,
1053 787 1121 816 adeo
1145 792 1173 814 ut
1193 787 1320 815 molestia
1335 786 1470 814 efﬁciatur
1484 790 1511 813 et
1537 786 1696 814 mordeatur

909 841 1008 861 sensus
1026 837 1170 868 separatus
1185 833 1219 860 ab
1241 841 1274 861 eo
1286 832 1359 868 quod
1378 836 1421 860 est
1436 837 1532 867 praeter
1548 836 1693 863 naturam;

68 879 155 914 μένην
253 878 284 905 τὸ
301 866 384 905 κακόν
397 866 569 913 οἰκειότητα,
587 866 646 905 κατ’
667 866 791 914 ἀνάγκην
807 879 851 906 ἐπ-

907 879 945 906 ita
958 879 1040 906 etiam
1058 866 1119 906 cum
1138 879 1229 907 anima
1244 866 1399 906 attenuatur
1413 866 1443 906 et
1456 878 1548 905 tabefit
1565 878 1590 905 in
1604 878 1694 905 inere-

65 924 260 951 ακολουθοῖκιιν
274 923 387 959 ἄρρητοί
399 932 469 955 τινες
484 923 530 950 καὶ
546 923 727 959 ἀνέκφραστοι
743 924 856 959 ἀλγηδό-

65 977 122 1001 νις,
137 966 175 996 ὧν
193 969 210 1004 ή
226 969 350 1004 διήγησις
367 969 398 995 ὲκ
411 968 458 995 τοῦ
475 968 533 995 ῖσου
546 969 576 995 τὸ
590 969 726 1004 ἄφραστον
735 969 806 1004 ἔχει,
821 971 853 1005 τῇ

65 1015 120 1042 τῶν
128 1014 315 1050 ἐλπιζομένων
328 1013 436 1049 ἀγαθῶν
447 1014 536 1048 φύσει.
546 1014 613 1041 Οὖτε
621 1015 675 1050 γὰρ
682 1016 779 1046 ταῦτα,
793 1015 855 1048 οὔτε

65 1061 158 1088 ἐκεῖνα
181 1062 215 1096 τῇ
238 1060 351 1095 δυνάμει
372 1060 426 1087 τῶν
443 1060 539 1094 λόγων,
555 1060 572 1096 ἦ
586 1060 631 1087 τὸν
644 1061 795 1096 στοχασμὸν
805 1062 854 1096 τῆς

64 1107 185 1139 διανοίας
203 1106 348 1140 ὑπάγεται.
368 1105 471 1132 Οὐκοῦν
490 1106 557 1142 πρὸς
580 1106 610 1133 τὸ
632 1105 718 1141 πέρας
731 1114 773 1137 τις
787 1106 855 1132 ἀπο-

65 1153 177 1180 σκοπῶν
188 1153 237 1188 τῆς
256 1152 350 1186 σοψίας
367 1152 414 1178 τοῦ
428 1152 459 1178 τὸ
472 1153 526 1178 πᾶν
538 1151 752 1186 οίκονομοῠντος.
766 1151 854 1178 οὐκέτ’

64 1199 97 1225 ἂν
106 1199 227 1232 εὐλόγως
237 1198 331 1224 κακῶν
344 1198 429 1225 αἴτιον
442 1198 488 1224 τὸν
497 1198 549 1224 τῶν
565 1197 714 1233 ἀνθρώπων
725 1197 854 1233 δημιουρ-

64 1244 110 1279 γδν
124 1245 177 1271 ὑπό
195 1244 378 1280 μικροψυχίας
399 1243 593 1278 κατονομάζοι,
614 1244 640 1279 ἢ.
654 1244 759 1278 ἀγνοεῖν
773 1243 854 1270 αὐτὸν

65 1291 94 1317 τὸ
110 1291 240 1325 ἐσόμενον
257 1289 354 1323 λέγων,
369 1289 386 1325 ἢ
403 1289 492 1318 εἰδότα
508 1289 555 1317 καὶ
565 1289 734 1323 πεποιηκότα
750 1289 787 1324 μὴ
801 1288 853 1322 ἔξω

64 1339 115 1372 τῆς
131 1338 201 1374 πρὸς
217 1337 248 1366 τὸ
269 1338 386 1373 πονηρὸν
401 1337 489 1373 ὁρμῆς
508 1335 588 1364 εἶναι.
605 1337 660 1364 Καὶ
674 1336 728 1371 γὰρ
751 1336 809 1372 ᾔδει
823 1336 853 1363 τὸ

63 1384 210 1419 ἐσόμενον,
236 1383 283 1411 καὶ
305 1383 354 1419 τὴν
379 1383 447 1419 πρὸς
464 1383 496 1410 τὸ
518 1383 658 1418 γινόμενον
685 1383 773 1418 ὁρμὴν
803 1382 853 1408 οὐκ

63 1428 212 1456 ἐκώλυσεν.
235 1429 295 1456 Ὀτι
323 1429 378 1464 γὰρ
399 1429 603 1465 ὲκτραπήσεται
625 1429 672 1456 τοῦ
692 1429 798 1464 ἀγαθοῦ
821 1430 852 1458 τὸ

63 1474 248 1509 ἀνθρώπινον,
268 1475 318 1502 οὐκ
340 1474 472 1510 ἠγνόησεν
492 1475 507 1501 ὁ
530 1475 619 1502 πάντα
641 1475 851 1513 ὲμπερικρατῶν

907 925 1064 960 pationibus
1079 929 1190 960 propter
1211 928 1362 960 peccatum,
1381 929 1411 951 ut
1425 924 1522 952 alicubi
1539 923 1606 952 dicit
1628 931 1695 958 pro-

905 970 1009 1005 phetia,
1034 975 1146 1006 propter
1166 971 1290 998 intimam
1314 971 1387 997 illam
1412 977 1475 998 cum
1499 974 1611 1005 peccato
1627 977 1694 997 con-

903 1016 1084 1052 iunctionem,
1117 1016 1275 1044 necessario
1303 1021 1512 1050 consequuntur
1540 1015 1693 1042 ineﬁabiles

905 1063 1015 1098 quidam
1029 1063 1137 1091 dolores
1153 1067 1179 1090 et
1196 1063 1411 1098 inexplicabiles.
1435 1062 1481 1097 qui
1496 1069 1573 1096 mque
1592 1060 1644 1088 dici
1659 1068 1693 1088 ac

904 1108 1035 1142 explicari
1053 1115 1106 1134 non
1123 1111 1248 1142 possunt,
1271 1111 1353 1141 atque
1367 1111 1465 1134 natura
1480 1106 1614 1133 bonorum
1631 1112 1693 1140 qua:

904 1157 1060 1188 sperantur.
1076 1153 1143 1181 Nam
1162 1161 1250 1188 neque
1272 1153 1330 1181 haec
1354 1161 1444 1188 neque
1468 1153 1513 1179 illa
1529 1156 1594 1179 sunt
1619 1151 1693 1186 ejus-

904 1200 989 1231 modi,
1006 1205 1037 1228 ut
1050 1200 1158 1228 dicendi
1176 1200 1290 1228 facultas
1306 1205 1353 1227 aut
1375 1200 1534 1234 conjectura
1559 1198 1644 1226 animi
1659 1205 1691 1226 ea

905 1240 992 1281 possit
1007 1246 1127 1281 assequi.
1142 1245 1170 1273 Si
1185 1246 1330 1281 quisquam
1346 1253 1413 1280 ergo
1428 1245 1461 1272 ad
1478 1244 1558 1271 ﬁnem
1582 1244 1692 1272 intuea-

904 1295 949 1318 tur
963 1292 1113 1325 sapientitn,
1130 1298 1190 1326 qua:
1203 1290 1379 1318 administrat
1394 1289 1614 1322 universitatem,
1635 1295 1691 1316 non

904 1338 999 1372 utique
1023 1337 1164 1364 hominum
1190 1337 1314 1371 opiﬁcem
1339 1337 1472 1364 malorum
1497 1341 1636 1363 auctorem
1659 1343 1692 1362 ac

903 1391 1014 1411 causam
1025 1388 1135 1419 propter
1145 1383 1272 1418 pusillum
1286 1387 1313 1410 et
1327 1380 1462 1418 abiectum
1479 1389 1558 1410 suum
1570 1381 1690 1410 animum

901 1428 964 1463 jure
977 1429 1169 1462 nominaverit,
1185 1428 1333 1456 autdicens
1342 1436 1404 1456 eum
1413 1427 1539 1463 ignorare
1549 1427 1688 1456 futurum:

904 1479 951 1502 aut
969 1475 991 1502 si
1007 1475 1118 1503 sciverit
1133 1480 1160 1502 et
1174 1474 1278 1508 fecerit,
1300 1482 1354 1502 non
1370 1482 1431 1502 esse
1445 1479 1578 1502 remotum
1595 1482 1610 1502 a
1625 1475 1689 1502 mali

62 1522 95 1555 τῇ
122 1521 292 1556 προορατικῇ
319 1520 446 1555 δυνάμει,
478 1521 525 1548 καὶ
550 1520 581 1547 τὸ
602 1521 700 1556 ἑφεξῆς
721 1520 759 1556 τῷ
779 1530 849 1557 παρ-

904 1522 1079 1556 appetitione,
1111 1525 1139 1549 et
1169 1521 1201 1548 ad
1233 1521 1322 1556 ipsum
1356 1521 1549 1556 propensione.
1581 1520 1691 1548 Sciebat

62 1565 182 1600 ῳχηκότι
203 1565 310 1600 βλέπων
327 1565 396 1593 κατά
412 1566 441 1592 τὸ
455 1562 523 1592 ἴσον.
541 1566 611 1592 Ἀλλ’
627 1566 721 1601 ὥσπερ
734 1567 783 1602 τὴν
800 1576 851 1594 πα·-

63 1609 203 1645 ρατροπὴν
219 1610 365 1641 ἐθεάσατο,
382 1609 452 1636 οὕτω
467 1610 513 1636 καὶ
535 1610 585 1644 τὴν
598 1610 746 1645 ἀνάκλησιν
767 1610 850 1638 αὐτοῦ

62 1656 143 1682 πάλιν
162 1655 212 1690 τὴν
232 1655 300 1689 πρὸς
316 1655 346 1682 τὸ
361 1655 461 1690 ἀγαθὸν
480 1655 638 1689 κατενόησε.
654 1656 687 1682 Τί
710 1654 757 1682 οὖν
769 1656 849 1692 ἀμει-

62 1709 107 1727 νον
119 1699 176 1736 ἧν;
203 1700 317 1727 καθόλου
342 1699 379 1735 μὴ
399 1700 512 1734 ἀγαγεῖν
533 1699 582 1735 τὴν
607 1699 687 1734 φύσιν
710 1700 789 1735 ἡμῶν
810 1702 850 1733 εἰς

61 1746 186 1780 γένεσιν,
224 1745 317 1781 ἐπειδὴ
341 1744 387 1772 τοῦ
412 1745 495 1772 καλοῦ
528 1745 759 1781 διαμαρτήσεσθαι
785 1754 850 1781 προ-

61 1789 136 1826 εώρα
158 1791 188 1818 τδ
210 1791 402 1826 γενησόμενον,
425 1790 442 1826 ἦ
466 1790 604 1825 ἀγαγόντα
626 1791 672 1817 καὶ
688 1791 849 1826 νενοσηκότα

61 1837 145 1865 πάλιν
161 1837 228 1872 πρὸς
251 1837 300 1872 τὴν
317 1836 346 1869 ἐξ
367 1837 453 1872 ἀρχῆς
470 1837 550 1872 χάριν
565 1837 798 1870 ἀνακαλέσασθαι;
813 1836 849 1864 Τὸ

59 1882 90 1909 δὲ
112 1882 158 1909 διὰ
179 1882 229 1914 τὰς
256 1881 414 1917 σωματικὰς
443 1882 607 1917 ἀλγηδόνας,
633 1883 661 1909 αἶ
686 1882 725 1917 τῷ
744 1882 849 1918 ῥευστῷ

60 1927 111 1963 τῆς
139 1927 248 1962 φύσεως
270 1927 329 1954 κατ’
354 1927 476 1962 ἀνάγκην
491 1928 732 1963 ἐπισυμὼίνουσι,
755 1927 849 1955 κακῶν

61 1971 181 2006 ποιητὴν
200 1971 245 1997 τὴν
265 1971 330 1998 Θεὸν
348 1970 507 2005 ὀνομάζειν,
525 1971 542 2006 ἦ
566 1971 633 2006 μηδὲ
652 1971 720 2002 ὅλως
742 1971 848 2006 ἀνθρώσ

61 2025 113 2043 που
129 2015 246 2051 κτίστην
261 2015 340 2042 αὐτὸν
355 2015 474 2047 οἴεσθαι,
497 2015 534 2047 ὡς
550 2014 583 2041 ἂν
598 2015 636 2050 μὴ
659 2015 705 2042 καὶ
725 2015 779 2042 τῶν
802 2014 849 2042 ἀλ-

60 2061 196 2095 γυνόντων
207 2062 282 2096 ἡμᾶς
294 2062 382 2092 αῐτιος
393 2061 532 2087 ὑπονοοῐτο
541 2080 549 2092 ,
570 2060 648 2087 τοῦτο
662 2061 711 2096 τῆς
731 2061 848 2096 ἐσχάτης

61 2106 245 2142 μικροψυχίας
263 2107 322 2133 ἐστὶ
341 2106 394 2133 τῶν
408 2107 441 2141 τῇ
458 2105 581 2140 αίσθήσει
596 2105 626 2132 τὸ
640 2106 721 2132 καλὸν
750 2106 797 2132 καὶ
817 2106 848 2132 τὸ

59 2153 144 2179 κακὸν
167 2152 375 2188 διακρινόντων,
400 2152 425 2178 οἶ
445 2152 494 2179 οὐκ
514 2151 619 2182 ἴσασιν,
647 2151 687 2178 ὅτι
703 2152 792 2178 ἐκεῖνο
814 2153 847 2187 τῇ

59 2198 138 2232 φύσει
163 2198 243 2233 μόνον
260 2198 334 2224 ἐστὶν
360 2197 476 2232 ἀγαθὸν,
497 2195 528 2225 οὗ
547 2198 564 2232 ὴ
589 2197 711 2232 αἴσθησις
737 2197 786 2224 οὐκ
802 2198 848 2232 ἐφ-
863 2213 884 2241 D

59 2245 192 2270 ἅπτεται⁸
205 2243 254 2271 καὶ
268 2243 349 2279 μόνον
369 2244 457 2270 ἐκεῖνο
469 2243 565 2276 κακὸν,
584 2244 601 2278 ὴ
621 2243 666 2270 τοῦ
680 2243 782 2277 ἀγαθοῦ
800 2244 847 2269 ἀλ-

57 2290 212 2325 λοτρίωσις.
238 2289 334 2321 Πόνοις
350 2289 379 2316 δὲ
401 2290 447 2316 καὶ
467 2289 573 2324 ἡδοναῖς
593 2289 625 2315 τὸ
649 2289 731 2316 καλὸν
750 2289 797 2316 καὶ
816 2289 847 2316 τὸ

57 2336 143 2363 κακὸν
165 2336 271 2371 κρίνειν
288 2335 337 2370 τῆς
356 2335 454 2370 ἀλόγου
479 2335 586 2370 φύσεως
612 2334 676 2362 ἴδιόν
695 2337 785 2368 ἐστιν,
804 2335 847 2369 ἐφ’

56 2377 93 2409 ὧν
103 2382 152 2408 τοῦ
169 2381 278 2416 ἀληθῶς
291 2381 374 2409 καλοῦ
391 2383 408 2417 ἡ
429 2381 607 2417 κατανόησις,
621 2381 664 2408 διὰ
680 2381 711 2408 τὸ
732 2381 769 2417 μὴ
785 2390 848 2416 μετ-

56 2427 128 2462 έχειν
140 2428 211 2455 αὐτὰ
222 2427 269 2454 νοῦ
280 2428 325 2454 καὶ
338 2427 466 2461 διανοίας,
478 2427 568 2463 χώραν
579 2427 628 2454 οὐκ
641 2427 707 2462 ἔχει,

902 1567 975 1595 enim
1000 1567 1132 1600 futurum,
1161 1572 1188 1595 et
1211 1574 1265 1594 non
1292 1567 1432 1602 prohibuit
1452 1575 1511 1595 eam
1529 1575 1589 1602 qua:
1608 1567 1641 1594 ad
1661 1567 1688 1594 id

901 1612 973 1647 quod
989 1611 1018 1638 fit
1031 1618 1090 1639 erat
1107 1611 1318 1646 propensionem
1330 1617 1357 1639 et
1373 1612 1588 1639 inclinationem.
1609 1611 1688 1645 Quod

900 1656 972 1683 enim
985 1663 1000 1682 a
1016 1656 1087 1683 bono
1101 1657 1182 1683 homo
1198 1660 1269 1684 esset
1282 1656 1457 1689 avertendus,
1481 1665 1536 1684 non
1551 1657 1686 1692 ignoravit

899 1702 945 1737 qui
962 1703 1053 1729 omnia
1073 1709 1124 1729 suo
1137 1701 1277 1729 dominatu
1295 1702 1426 1734 continet,
1453 1710 1502 1730 sua
1522 1702 1686 1737 praevidendi

898 1749 998 1775 virtute
1012 1755 1088 1783 aeque
1102 1749 1211 1775 intuens
1223 1747 1250 1775 id
1264 1748 1336 1783 quod
1352 1749 1480 1783 deinceps
1493 1752 1536 1776 est
1549 1748 1685 1780 futurum,

899 1798 981 1828 atque
995 1793 1021 1820 id
1038 1794 1111 1829 quod
1127 1798 1168 1822 est
1181 1794 1357 1829 pratteritum.
1379 1794 1433 1821 Sed
1457 1794 1595 1828 quomodo
1619 1793 1687 1820 vidit

899 1839 1089 1867 aversionem:
1115 1840 1152 1867 ita
1174 1841 1256 1868 etiam
1272 1848 1369 1867 rursus
1382 1840 1546 1875 excogitavit
1568 1839 1629 1874 ejus
1651 1838 1685 1866 ad

900 1884 1000 1912 bonum
1021 1887 1231 1913 revocationem.
1254 1884 1325 1919 Quid
1346 1893 1411 1919 ergo
1434 1889 1493 1912 erat
1514 1885 1622 1916 melius,
1651 1891 1685 1911 an

899 1936 1021 1959 nostram
1036 1935 1161 1959 naturam
1178 1939 1233 1959 non
1252 1931 1364 1958 omnino
1383 1931 1417 1958 ad
1433 1935 1523 1958 ortum
1539 1930 1684 1962 deducere,

899 1976 1028 2011 quoniam
1046 1977 1155 2004 videbat
1173 1976 1293 2004 futurum
1313 1980 1343 2003 ut
1357 1984 1373 2002 a
1386 1977 1458 2005 bono
1474 1975 1632 2003 aberraret:
1649 1982 1683 2002 an

899 2028 961 2048 cum
977 2022 1132 2049 aberrasset
1149 2026 1177 2049 et
1193 2022 1289 2049 morbo
1314 2022 1476 2055 laborasset,
1506 2029 1634 2050 revocare
1651 2021 1684 2048 ad

899 2067 1013 2101 gratiam
1025 2075 1107 2101 quam
1123 2067 1216 2094 habuit
1233 2068 1268 2095 ab
1283 2068 1377 2095 initio?
1400 2067 1514 2102 Propter
1526 2068 1683 2102 corporales

899 2115 989 2138 autem
1005 2111 1125 2143 dolores,
1145 2113 1191 2147 qui
1210 2112 1289 2140 fluxa:
1314 2117 1418 2140 naturae
1436 2113 1592 2139 necessario
1613 2113 1686 2139 acci-

899 2155 977 2187 dunt,
994 2155 1078 2183 Deum
1099 2157 1241 2185 nominare
1257 2158 1389 2184 malorum
1404 2157 1568 2190 effectorem,
1589 2161 1636 2184 aut
1650 2164 1684 2184 ne

901 2201 1014 2229 omnino
1021 2203 1130 2236 quidem
1147 2211 1208 2230 eum
1221 2203 1379 2231 existimare
1391 2203 1509 2231 hominis
1521 2207 1683 2234 creatorem,

900 2255 935 2274 ne
949 2252 1094 2275 censeatur
1111 2256 1172 2276 esse
1187 2256 1270 2276 causa
1286 2253 1313 2277 et
1335 2253 1432 2276 auctor
1449 2256 1542 2276 eorum
1558 2256 1619 2283 qua!
1635 2255 1684 2275 n0-

899 2293 941 2320 bis
958 2293 1079 2321 dolorem
1102 2294 1227 2327 aﬂ'erunt,
1246 2295 1298 2322 hoc
1318 2299 1360 2322 est
1383 2295 1462 2329 plane
1483 2294 1574 2328 pusilli
1593 2297 1620 2321 et
1636 2294 1684 2320 ab-

896 2337 961 2373 jecti
975 2339 1059 2366 animi
1073 2346 1167 2367 eorum
1182 2339 1228 2374 qui
1242 2347 1325 2366 sensu
1341 2339 1443 2366 bonum
1457 2342 1483 2365 et
1496 2338 1596 2365 malum
1612 2337 1685 2371 diju-

898 2383 1002 2416 dicant,
1019 2384 1065 2419 qui
1087 2385 1212 2412 nesciunt
1234 2384 1307 2419 quod
1324 2384 1389 2411 illud
1413 2384 1501 2411 solum
1526 2387 1567 2410 est
1583 2383 1684 2410 bonum

899 2433 1008 2461 natura,
1028 2431 1100 2465 quod
1115 2438 1212 2459 sensus
1225 2439 1280 2458 non
1295 2430 1420 2464 attingit;
1441 2433 1469 2457 et
1490 2429 1576 2457 solum
1594 2433 1636 2457 est
1652 2429 1686 2456 il-

57 2473 103 2501 Iud
134 2474 250 2505 malum,
293 2474 328 2502 ab
352 2481 385 2502 eo
408 2474 480 2510 quod
505 2477 548 2503 est
571 2482 666 2502 verum
691 2473 866 2501 abalienatio.
886 2474 1040 2504 Laboribus
1070 2481 1160 2504 autem
1173 2482 1201 2505 et
1215 2477 1400 2512 voluptatibus
1419 2475 1569 2510 diiudicare
1582 2475 1684 2503 bonum

56 2526 82 2549 et
101 2521 204 2548 malum
230 2526 273 2549 cst
295 2522 435 2557 proprium
456 2526 561 2550 naturae
587 2522 701 2550 rationis
727 2522 847 2557 expertis
878 2521 905 2550 in
929 2524 1028 2558 quibus
1061 2524 1150 2552 locum
1178 2533 1233 2552 non
1259 2524 1340 2552 habet
1370 2523 1426 2552 veri
1448 2523 1512 2551 boni
1538 2523 1683 2558 cogitatio,

55 2572 200 2602 propterea
210 2568 284 2603 quod
292 2576 323 2596 ea
334 2572 423 2596 mente
434 2572 545 2596 careant
563 2572 591 2596 et
602 2569 791 2604 intelligentia.

94 2615 166 2641 Ἀλλ’
180 2616 221 2642 ὅτι
238 2615 287 2650 μιν
299 2614 367 2642 Θεοῦ
381 2614 461 2650 ἔργον
472 2617 487 2642 ὀ
499 2615 640 2651 ἄνθρωπος
659 2616 742 2643 καλόν
756 2625 785 2643 τε
800 2617 847 2643 καὶ

54 2659 101 2686 ὲτὶ
116 2659 271 2692 καλλίστοις
290 2661 452 2696 γενόμενον,
469 2661 498 2687 οὐ
518 2661 597 2696 μόνον
615 2661 647 2688 ὲκ
665 2661 720 2688 τῶν
735 2661 847 2697 εἰρημέ-

54 2713 107 2733 νων
119 2705 199 2740 δῆλόν
214 2707 289 2733 ἔστιν
299 2726 306 2738 ,
321 2707 389 2733 ἀλλὰ
404 2707 450 2734 καὶ
464 2707 496 2734 ἐκ
513 2707 617 2742 μυρίων
633 2707 745 2743 ἑτέρων,
761 2705 799 2734 ὧν
815 2707 845 2734 τδ

55 2749 158 2786 πλῆθος
173 2750 217 2779 διὰ
231 2751 282 2787 τὴν
301 2751 436 2787 ἀμετρίαν
452 2751 715 2788 παραδραμούμεθα.
734 2753 799 2780 Θεὸν
815 2753 845 2780 δὲ

91 2838 100 2852 ⁸
115 2837 209 2867 .‘ilatth.
226 2847 266 2873 ix,
288 2839 336 2873 ti;
351 2839 433 2868 Marc.
450 2848 480 2874 ιι,
505 2841 546 2873 l7;
565 2839 632 2868 Luc.
647 2849 673 2874 ν,
694 2839 737 2867 ⁸51.

935 2613 989 2642 Sed
1007 2614 1079 2650 quod
1093 2613 1174 2642 homo
1189 2613 1297 2648 quidem
1313 2612 1456 2648 pulchrum
1470 2612 1505 2639 sit
1524 2617 1555 2637 ac
1571 2609 1683 2644 praecla-

897 2669 958 2689 rum
977 2660 1023 2688 Dei
1037 2668 1115 2695 opus,
1132 2659 1289 2694 factumque
1305 2657 1339 2686 ad
1354 2665 1386 2685 ea
1401 2664 1461 2692 qua:
1479 2659 1543 2684 sunt
1556 2653 1682 2689 pulcher-
1709 2695 1712 2698 .

896 2708 967 2735 rima
980 2711 1008 2735 et
1022 2706 1135 2741 optima,
1159 2713 1214 2734 non
1239 2704 1328 2732 solum
1344 2711 1378 2731 ex
1393 2703 1427 2730 iis
1441 2708 1502 2737 qua
1519 2700 1592 2727 dicta
1606 2701 1681 2729 sunt,

895 2758 937 2782 est
952 2753 1139 2790 perspicuum,
1150 2752 1198 2781 sed
1211 2751 1294 2779 etiam
1305 2758 1338 2779 ex
1351 2749 1412 2777 aliis
1424 2745 1680 2777 innumerabilibus,
