1926 3080
242 129 276 157 59
859 126 887 154 S.
904 124 1069 153 GREGOR"
1085 124 1233 153 NYSSENI
1834 129 1867 154 to

241 194 359 224 quorum
388 186 625 222 prmtermittemus
654 186 867 219 multitudinem,
901 186 974 221 quod
1005 185 1031 212 id

1086 185 1226 222 ἀνθρώπου
1243 187 1357 223 ποιητὴν
1378 187 1578 222 ὀνομάσαντες,
1598 185 1648 213 οὐκ
1669 185 1868 223 ἐπιλελήσμεθα

243 238 316 262 esset
342 233 487 261 inﬁnitum.
513 231 580 258 Cum
604 230 690 258 Deum
716 236 806 258 autem
832 235 981 259 creatorem
1005 234 1032 258 et

243 279 400 306 effectorem
418 277 630 309 nominavimus,
656 284 709 303 non
725 276 801 303 obliti
824 284 920 303 sumus
936 283 1031 303 eorum

243 331 305 359 quae
321 325 347 350 in
364 322 495 358 prooemio
512 322 629 349 scrutati
654 329 749 349 sumus
764 322 895 349 adversus
910 321 1030 354 Graecos,

244 372 271 397 in
285 369 383 404 quibus
398 373 539 396 ostensum
554 371 598 395 est
612 367 658 395 Dei
672 367 802 400 Verbum,
819 375 880 395 cum
892 367 928 394 sit
939 374 1032 395 essen-

245 416 308 443 tiale
324 419 351 442 et
365 415 531 447 consistens,
552 414 641 449 ipsum
655 421 715 442 esse
729 418 755 441 et
766 414 848 441 Deum
862 417 889 441 et
900 412 1030 447 Verbum,

245 469 277 488 ac
297 460 432 488 rationem
452 467 514 495 quae
531 460 673 498 complexa
694 464 736 487 est
759 467 868 486 omnem
892 459 947 486 vim
970 459 1032 486 effi-

244 508 373 538 cientem.
389 506 430 534 vel
447 514 508 541 qua:
521 506 612 541 potius
625 509 667 533 est
690 506 748 540 ipsa
763 513 812 540 per
830 513 860 533 se
875 505 917 532 vis
932 512 964 532 ac
978 505 1033 532 vir-

247 559 300 585 tus,
313 559 413 587 eaquae
425 555 522 586 suapte
533 551 714 586 propensione
728 558 759 578 ac
770 551 936 586 appetitione
946 550 1033 578 fertur

244 598 277 624 ad
292 605 373 624 omne
384 597 498 628 bonum,
515 600 542 623 et.
561 596 692 631 quidquid
705 596 833 628 voluerit,
848 596 929 623 simul
941 596 1031 629 eliicit,

245 643 318 678 quod
327 650 389 670 cum
402 643 540 669 voluntate
554 642 683 668 virtutem
697 641 796 669 habeat
806 645 1030 669 concurrentem:

187 703 197 711 ο
245 689 324 724 cujus
340 692 366 715 et
380 688 506 715 voluntas
522 691 548 714 et
563 695 632 722 opus
647 691 689 715 est
704 695 799 715 eorum
816 695 875 722 qua:
890 690 954 715 sunt
965 687 1030 720 vita,

247 742 261 761 π
278 741 332 769 quo
354 734 435 761 etiam
458 733 540 759 homo
563 732 698 760 deductus
719 736 761 760 est
776 732 810 760 ad
827 733 920 763 vitam,
940 732 1031 759 divine

245 783 359 807 ornatus
381 779 463 806 rebus
486 777 613 806 omnibus
635 778 747 813 optimis
775 785 808 805 ae
830 777 1030 813 pulcherrimis.

245 825 380 859 Quoniam
398 827 487 851 autem
511 823 597 851 solttm
614 827 658 850 est
674 823 844 851 inalterabile
864 831 896 851 ex
923 823 957 850 iis
971 829 1032 857 qua:

248 875 312 898 sunt
329 873 425 897 natura
441 868 468 895 id
484 868 557 903 quod
573 876 621 903 per
635 868 801 896 creationem
815 876 870 895 non
886 867 966 895 habet
977 868 1030 894 ori-

247 917 355 952 ginem;
381 921 550 950 quacunque
573 917 664 941 autem
688 914 721 941 ab
738 914 858 940 increata
880 917 977 940 natura
1000 920 1032 940 ex

247 970 281 990 eo
293 961 366 997 quod
379 968 434 988 non
445 964 514 992 erat,
528 960 721 991 constiterunt,
738 967 799 987 cum
815 959 907 986 statim
933 966 948 986 a
966 966 1032 986 con-

247 1008 374 1035 versione
388 1014 449 1033 esse
462 1005 606 1040 cmperint,
621 1012 729 1040 semper
743 1005 894 1040 procedunt
908 1011 958 1040 per
970 1004 1034 1031 alte-

247 1053 399 1085 rationem;
415 1055 442 1079 et
456 1051 479 1078 si
497 1055 578 1086 agant
588 1050 716 1086 quiddam
734 1050 884 1078 secundum
897 1054 1034 1082 naturam,

249 1098 282 1125 ad
299 1098 325 1124 id
338 1097 410 1132 quod
431 1100 473 1124 est
487 1097 584 1123 melius
599 1096 640 1123 eis
657 1103 763 1130 semper
784 1095 813 1122 fit
835 1095 967 1128 mutatio;
991 1094 1034 1122 sin

249 1151 264 1170 a
279 1147 353 1170 recta
368 1142 537 1174 deﬂexerint,
553 1142 599 1176 qui
615 1141 643 1168 [lt
659 1141 692 1168 ad
708 1141 877 1168 contrarium
895 1143 985 1167 motus
1002 1146 1035 1167 ea

245 1195 356 1223 semper
383 1188 501 1222 excipit;
530 1195 590 1215 cum
616 1195 681 1223 ergo
707 1187 733 1214 in
765 1187 806 1214 his
830 1194 939 1221 quoque
963 1189 1034 1213 esset

249 1235 342 1266 homo,
361 1234 405 1261 cui
421 1238 526 1261 naturae
546 1233 712 1260 mutabilitas
727 1233 830 1267 dilapsa
845 1236 904 1260 erat
919 1231 953 1258 ad
967 1239 1034 1258 con-

247 1279 382 1307 trarium:
399 1287 414 1306 a
427 1279 506 1306 bonis
524 1283 615 1306 autem
631 1286 757 1306 receSSus
778 1281 805 1306 et
825 1285 839 1305 a
857 1276 1034 1312 consequenti

248 1332 329 1352 omne
340 1331 426 1359 genus
440 1324 503 1350 mali
518 1325 669 1356 induceret,
685 1324 753 1351 adeo
762 1329 791 1350 ut
804 1330 852 1358 per
865 1323 1035 1351 eversionem

248 1371 359 1406 quidem
377 1379 393 1398 a
407 1364 550 1405 vita,°ejus
575 1371 635 1397 loco
649 1377 723 1396 mors
737 1369 905 1400 succederet,
922 1376 969 1403 per
980 1368 1036 1403 pri-

248 1415 386 1444 vationem
400 1420 489 1443 autem
502 1416 582 1446 lucis.
602 1415 738 1447 tenebrae;
753 1422 802 1449 pro
814 1415 936 1442 absentia
944 1419 1035 1442 autem

250 1462 369 1494 virtutis,
388 1461 563 1488 inveheretur
579 1460 696 1486 vitium:
720 1459 747 1485 in
763 1459 852 1486 locum
870 1463 960 1486 autem
977 1467 1037 1486 om-

1081 231 1136 258 τῶν
1154 232 1183 258 ἐν
1198 232 1236 268 τῷ
1250 233 1384 268 προοιμίῳ
1402 233 1470 269 πρὸς
1489 233 1551 264 τοὺς
1570 233 1703 267 ’Έλληνας
1719 234 1784 268 ἡμῖν
1799 233 1868 260 διευ-

1082 277 1280 312 κρινηθέντων,
1304 279 1333 305 ὲν
1354 278 1393 310 οἷς
1408 278 1583 305 ἀπεδείκνυτο
1600 278 1615 304 ὁ
1637 277 1683 304 τοῦ
1699 278 1767 304 Θεοῦ
1784 279 1869 312 Λόγος

1082 322 1215 359 οὺσιώδης
1236 332 1277 355 τις
1292 324 1339 350 καὶ
1359 324 1540 356 ὲνυπόστατος
1556 324 1603 357 ὢν,
1629 324 1711 356 αὐτὸς
1731 322 1802 352 εἶναι
1824 326 1868 351 καὶ

1082 369 1149 401 Θεὸς
1161 370 1208 396 καὶ
1222 370 1318 405 Λόγος,
1335 371 1425 397 πᾶσαν
1439 370 1553 406 δύναμιν
1569 370 1712 406 ποιητικὴν
1728 371 1870 406 ὲμπςριεμ

1082 414 1185 449 ληφὼς,
1208 415 1306 450 μᾶλλον
1328 415 1357 441 δὲ
1379 415 1558 450 αὑτοδύναμις
1585 415 1633 448 ὢν,
1658 416 1790 452 καὶπρὸς
1815 417 1868 443 πᾶν

1083 460 1162 496 ἔργον
1170 460 1271 495 ἀγαθὸν
1283 460 1371 497 ὁρμὴν
1383 460 1462 496 ἔχων,
1478 461 1525 487 καὶ
1538 462 1592 488 πᾶν
1605 461 1618 487 ὅ
1628 460 1654 487 τί
1666 469 1718 496 περ
1726 461 1759 487 ἂν
1769 460 1869 497 θελήσῃ

1082 507 1335 542 κατεργαζόμενος,
1360 506 1399 541 τῷ
1420 506 1568 542 σύνδρομον
1594 506 1666 542 ἔχειν
1690 508 1722 542 τῇ
1744 506 1868 542 βουλήσει

1081 550 1132 585 τὴν
1148 550 1272 586 δύναμιν,
1291 547 1321 577 οὗ
1335 552 1382 578 καὶ
1396 551 1501 586 θέλημα
1522 550 1569 578 καὶ
1590 551 1670 586 ἔργον
1684 552 1758 578 ἐστὶν
1779 552 1796 586 ἡ
1816 552 1868 578 τῶν

1082 597 1167 624 ὄντων
1182 597 1248 632 ζωὴ,
1267 598 1330 633 παρ’
1348 594 1378 624 οὗ
1392 597 1439 624 καὶ
1452 599 1466 624 ό
1482 597 1623 633 ἄνθρωπος
1639 598 1678 629 είς
1692 597 1723 624 τὸ
1735 597 1786 633 ζῇν
1801 605 1869 633 παρ-

1083 642 1165 677 ήχθη,
1183 643 1250 669 πᾶσι
1271 643 1328 674 τοῖς
1345 642 1498 673 καλλίστοις
1514 641 1637 673 θεοειδῶς
1653 642 1866 677 κεκοσμημένος.

1089 686 1198 720 Ἐπειδὴ
1214 687 1242 713 δὲ
1262 687 1341 721 μόνον
1361 685 1537 712 ἀναλλοίωτόν
1556 686 1614 711 ἐστι
1634 685 1702 712 κατὰ
1722 685 1771 719 τὴν
1790 684 1868 718 φύσιν

1083 733 1114 759 τὺ
1131 733 1168 768 μὴ
1184 733 1228 759 διὰ
1243 733 1358 764 κτίσεως
1370 732 1430 767 ἕχον
1444 731 1494 766 τὴν
1509 731 1630 765 γένεσιν,
1645 730 1679 758 τὰ
1691 731 1719 757 δὲ
1733 731 1783 757 ὅσα
1797 732 1868 765 παρὰ

1083 779 1132 814 τῆς
1144 779 1270 806 ἁχτίστου
1288 779 1394 812 φύσεως
1407 779 1439 806 ἐκ
1452 779 1498 805 τοῦ
1517 778 1554 814 μὴ
1573 777 1647 809 ὕντος
1661 777 1775 810 ὑπέστη,
1790 777 1869 808 εὐθὺς

1084 825 1139 851 ἀπὸ
1152 824 1260 859 τροπῆς
1275 821 1343 850 εἶναι
1359 824 1508 860 ἀρξάμενα,
1526 823 1641 851 πάντοτε
1656 823 1689 850 δι’
1704 823 1869 854 ἀλλοιώσεως

1085 870 1225 906 πρόεισιν·
1246 870 1293 896 καὶ
1308 871 1331 896 εἰ
1349 870 1398 906 μὲν
1418 869 1488 897 κατὰ
1506 869 1585 904 φύσιν
1607 869 1738 904 πράττοι,
1754 869 1823 904 πρὸς
1842 870 1870 895 τὸ

1084 917 1208 952 κρεῖττον
1220 916 1310 947 αὺτοῖς
1323 916 1372 951 τῆς
1387 916 1554 947 ἀλλοιώσεως
1568 915 1656 941 εἰσαεὶ
1671 914 1815 949 γινομένης
1825 922 1832 929 ·
1848 915 1870 940 εἰ

1084 962 1112 989 δὲ
1130 962 1323 998 παρατραπείη
1341 963 1390 997 τῆς
1407 962 1523 995 εὐθείας,
1545 963 1595 997 τῆς
1611 961 1680 998 πρὸς
1700 961 1730 987 τὺ
1751 960 1869 990 ἐναντίον

1085 1008 1155 1035 αὐτὰ
1178 1008 1371 1044 διαδεχομένης
1389 1008 1531 1043 κινήσεως.
1556 1007 1632 1034 Ἐπεὶ
1647 1004 1694 1033 οὖν
1716 1007 1745 1033 ὲν
1767 1006 1869 1037 τούτοις

1086 1055 1132 1082 καὶ
1153 1055 1167 1080 ό
1181 1054 1322 1090 ἄνθρωπος
1335 1052 1379 1089 ἦν,
1393 1050 1415 1087 ᾧ
1432 1053 1463 1079 τὸ
1477 1053 1594 1090 τρεπτὺν
1613 1053 1663 1088 τῆς
1683 1053 1790 1087 φύσεως
1806 1052 1869 1088 πρὸς

1085 1101 1116 1127 τὸ
1137 1100 1256 1127 ἐναντίον
1280 1099 1466 1136 παρώλισθεν’
1483 1098 1601 1132 ἆπαξ’δὲ
1621 1099 1670 1134 τῆς
1686 1098 1740 1125 τῶν
1763 1098 1870 1132 ἀγαθῶν

1085 1146 1287 1182 ἀναχωρήσεως
1301 1146 1335 1173 δι’
1348 1145 1495 1172 ἀκολούθου
1509 1146 1598 1172 πᾶσαν
1614 1144 1684 1171 ῐδέαν
1696 1144 1790 1171 κακῶν
1808 1144 1870 1171 ἀντ-

1086 1191 1259 1226 εισαγούσης,
1284 1191 1322 1224 ὡς
1336 1193 1369 1227 τῇ
1395 1191 1445 1227 μὲν
1461 1192 1618 1228 ἀποστροφῇ
1642 1191 1691 1226 τῆς
1714 1189 1786 1226 ζωῆς
1810 1190 1869 1216 ἀντ-

1086 1237 1245 1273 εισαχθῆναι
1260 1237 1306 1264 τὸν
1321 1237 1434 1264 θάνατον
1445 1256 1453 1270 ,
1470 1238 1503 1272 τῇ
1518 1236 1546 1263 δὲ
1567 1236 1693 1272 στερήσει
1707 1235 1755 1262 τοῦ
1773 1234 1870 1270 φωτὸς,

1087 1282 1259 1318 ἐπιγενέσθαι
1280 1283 1310 1309 τὸ
1326 1283 1436 1315 σκότος,
1452 1283 1485 1318 τῇ
1501 1282 1529 1308 δὲ
1551 1282 1601 1317 τῆς
1622 1281 1722 1317 ἀρετῆς
1743 1279 1870 1314 ἀπουσίᾳ,

1087 1330 1137 1366 τὴν
1151 1329 1251 1356 κακίαν
1263 1328 1472 1364 ἀντεισαχθῆναι
1481 1347 1489 1360 ,
1504 1327 1549 1355 καὶ
1564 1328 1637 1362 πάσῃ
1650 1328 1682 1362 τῇ
1697 1325 1751 1352 τῶν
1764 1324 1871 1359 ἀγαθῶν

1085 1375 1132 1402 τὸν
1144 1375 1197 1401 τῶν
1211 1375 1340 1401 ἐναντίων
1357 1373 1593 1409 καταριθμηθῆναι
1607 1372 1766 1406 κατάλογον·
1779 1371 1828 1397 τὺν
1844 1371 1871 1396 ὲν

1088 1420 1192 1452 τούτοις
1207 1420 1254 1446 καὶ
1275 1421 1331 1451 τοῖς
1345 1419 1475 1450 τοιούτοις
1491 1417 1520 1450 ἐξ
1533 1417 1660 1448 ἀῦουλίας
1675 1415 1871 1451 ἐμπεπτωκότα

1089 1465 1160 1501 (οὐδὲ
1171 1465 1225 1501 γὰρ
1236 1463 1270 1501 ἦν
1278 1465 1390 1492 δυνατὸν
1401 1465 1429 1490 ὲν
1443 1463 1572 1499 φρονήσει
1581 1459 1649 1488 εἶναι
1659 1461 1704 1487 τὸν
1715 1461 1873 1495 ἀπεστραμ-

250 1508 326 1534 nium
346 1507 482 1534 bonorum
494 1504 644 1535 referretur
661 1512 792 1532 numerus
817 1505 1034 1532 contrariorum:

1092 1511 1171 1546 μένον
1186 1511 1235 1546 τὴν
1251 1511 1381 1546 φρόνησιν
1391 1531 1398 1543 ,
1413 1510 1460 1536 καὶ
1476 1509 1555 1543 σοφόν
1570 1516 1595 1534 τι
1615 1506 1810 1542 βουλεύσασθαι
1830 1506 1872 1533 τὸν

250 1560 312 1580 eum
325 1552 371 1586 qui
388 1552 415 1578 in
441 1551 499 1578 haec
518 1555 545 1578 ct
566 1558 626 1585 qua:
641 1555 704 1578 sunt
718 1550 853 1584 ejusmodi
869 1550 940 1578 malo
956 1554 1035 1585 capto

251 1598 389 1625 ceciderat
414 1597 544 1630 consilio;
576 1604 664 1631 neque
692 1596 765 1623 enim
792 1596 851 1623 ﬁeri
875 1600 980 1630 poterat
1006 1599 1036 1622 ut

251 1647 324 1670 esset
338 1643 365 1670 in
385 1643 538 1678 prudentia,
565 1643 611 1678 qui
631 1642 802 1677 prudentiam
820 1641 909 1669 fuerat
925 1649 1035 1669 aversa-

251 1693 306 1719 tus,
321 1696 408 1723 neque
426 1692 455 1715 ut
470 1689 578 1722 sapiens
599 1687 701 1722 aliquid
719 1687 897 1719 consultaret,
928 1687 974 1722 qui
989 1695 1035 1715 re-

251 1735 371 1758 cesserat
397 1739 412 1758 a
438 1732 584 1766 sapientia,
611 1739 660 1766 per
686 1739 830 1766 quemnam
850 1739 948 1758 rursus
973 1739 1035 1759 eum

251 1778 394 1812 oportebat
420 1779 543 1805 revocari
570 1777 603 1804 ad
628 1785 687 1805 eam
709 1785 791 1813 quant
817 1778 894 1812 prius
922 1778 1039 1805 habebat

251 1825 384 1858 gratiam?
403 1823 519 1850 Cuinam
542 1827 632 1851 autem
657 1823 837 1851 conveniebat
858 1823 960 1850 erectio
980 1824 1040 1858 ejus

250 1871 297 1905 qui
312 1870 457 1904 ceciderat,
479 1876 524 1898 aut
542 1871 680 1898 revocatio
697 1870 758 1904 ejus
779 1870 825 1904 qui
840 1870 967 1904 perierat,
992 1874 1040 1896 aut

251 1916 376 1944 reductio
400 1916 460 1951 ejus
477 1918 523 1952 qui
540 1916 733 1944 aberraverat?
747 1915 809 1949 Cui,
832 1916 955 1950 inquam,
980 1923 1040 1943 om-

251 1962 316 1989 nino
331 1962 387 1994 alii,
405 1970 486 1998 quam
498 1962 615 1990 Domino
628 1962 751 1990 naturae?
768 1962 794 1989 ls
810 1962 881 1989 enim
899 1962 975 1990 solus
990 1963 1036 1997 qui

1088 1558 1137 1593 τῆς
1151 1557 1246 1592 σοφίας
1260 1555 1485 1592 ἀναχωρήσαντα)
1498 1554 1541 1581 διὰ
1557 1554 1627 1586 τινος
1643 1553 1696 1580 ἔδει
1711 1553 1792 1580 πάλιν
1807 1552 1873 1588 πρὸς

1088 1603 1138 1637 τὴν
1156 1602 1186 1635 ὲξ
1200 1602 1287 1637 ἀρχῆς
1307 1601 1386 1636 χάριν
1410 1599 1610 1634 ἀνακληθῆναι;
1628 1598 1687 1624 Τίνι
1706 1597 1734 1624 δὲ
1757 1597 1873 1634 ἔπρεπεν

1089 1649 1106 1683 ἠ
1131 1647 1177 1674 τοῦ
1208 1646 1380 1677 πεπτωκότος
1405 1645 1570 1681 ἀνόρθωσις,
1591 1645 1608 1679 ὴ
1633 1643 1679 1670 τοῦ
1706 1642 1870 1672 ἀπολωλότος

1090 1693 1285 1729 ὰνάκλησις,ἡ
1305 1692 1352 1719 τοῦ
1376 1690 1584 1725 πεπλανημένου
1607 1689 1788 1725 χειραγωγία;
1814 1688 1871 1714 Τίνι

1091 1739 1172 1774 ἄλλῳ,
1187 1738 1203 1773 ἢ
1218 1737 1257 1772 τῷ
1271 1737 1364 1773 Κυρίῳ
1384 1736 1491 1767 πάντως
1509 1736 1559 1770 τῆς
1574 1735 1680 1769 φύσεως
1693 1743 1700 1766 ;
1714 1733 1759 1769 Τῷ
1776 1733 1830 1769 γὰρ
1845 1733 1871 1764 ἐξ

1089 1783 1175 1820 ἀρχῆς
1187 1784 1235 1817 τὴν
1250 1782 1321 1818 ζωὴν
1336 1782 1462 1809 δεδωκότι
1479 1781 1551 1816 μόνῳ
1563 1780 1675 1808 δυνατὸν
1690 1777 1735 1815 ἦν,
1750 1779 1798 1806 καὶ
1812 1777 1872 1813 πρέ-

1089 1837 1139 1855 πον
1154 1829 1221 1864 ἅμα.
1239 1829 1285 1856 καὶ
1305 1829 1493 1865 ἀπολλυμένην
1509 1827 1736 1856 ἀνακαλέσασθαι.
1754 1827 1787 1853 Ὃ
1801 1825 1872 1860 παρὰ

1092 1874 1138 1900 τοῦ
1156 1874 1306 1909 μυστηρίου
1317 1875 1366 1909 τῆς
1379 1874 1507 1910 ἀληθείας
1521 1874 1667 1909 ἀκούομεν,
1682 1872 1748 1899 Θεὸν
1761 1879 1872 1904 πεποιη-

1088 1918 1165 1945 κέναι
1183 1918 1213 1950 ἐξ
1229 1919 1316 1954 ἀρχῆς
1339 1919 1383 1945 τὸν
1399 1919 1555 1954 ἄνθρωπον,
1581 1919 1628 1945 καὶ
1651 1917 1799 1944 σεσωκέναι
1818 1913 1871 1943 διὰ·

1091 1964 1253 1991 πεπτωκότα
1270 1963 1459 1999 μανθάνοντες.

251 2007 334 2033 vitam
369 2008 404 2035 ab
433 2008 512 2039 initio
543 2008 656 2036 dederat
687 2012 804 2044 poterat,
826 2015 944 2043 eumque
961 2009 1042 2036 simul
1061 2009 1185 2044 decebat,
1212 2011 1293 2038 etiam
1317 2014 1474 2045 pereuntem
1503 2017 1642 2038 revocare.
1663 2008 1740 2041 Quod
1767 2007 1870 2043 quidem

251 2054 379 2080 audimus
403 2061 418 2080 a
433 2054 564 2090 mysterio
578 2055 713 2087 veritatis,
734 2058 764 2081 ut
786 2054 834 2089 qui
856 2053 995 2082 discamus
1009 2060 1035 2082 et
1055 2054 1139 2082 Deum
1155 2055 1189 2082 ab
1203 2056 1283 2083 initio
1299 2055 1397 2084 fecisse
1412 2056 1561 2088 hominem,
1579 2058 1607 2082 et
1623 2055 1738 2083 salutem
1772 2054 1797 2080 ei
1827 2051 1871 2078 de-

251 2100 325 2127 disse
337 2107 399 2127 cum
416 2101 552 2135 periisset.

556 2147 671 2174 CAPUT
688 2147 732 2175 IX.

1391 2146 1515 2173 ΚΕΦΑΛ.
1529 2145 1567 2172 Θ.

288 2192 341 2220 Sed
358 2193 491 2220 hactenus
508 2193 617 2228 quidem
639 2193 804 2220 assentietur
820 2192 891 2221 forte
906 2193 1035 2226 orationi,

1120 2194 1200 2220 Ἀλλὰ
1215 2192 1294 2229 μέχρι
1309 2193 1357 2226 μὲν
1369 2192 1468 2219 τούτων
1483 2191 1645 2225 συνθήσεται
1656 2189 1735 2225 τυχὸν
1744 2190 1784 2224 τῷ
1795 2189 1870 2222 λόγῳ,

251 2239 388 2273 aspiciens
415 2239 449 2266 ad
478 2239 504 2266 id
520 2239 592 2274 quod
621 2243 663 2266 est
688 2246 870 2273 consequens,
896 2244 1038 2274 propterea

251 2284 323 2319 quod
337 2283 405 2310 nihil
418 2291 513 2311 eorum
529 2291 590 2318 quae
604 2284 676 2311 dicta
692 2288 767 2316 sunt,
783 2284 908 2311 videatur
919 2284 1038 2311 alienum

252 2331 287 2357 ab
301 2338 332 2358 ea
349 2338 409 2365 quae
425 2330 507 2357 Deum
523 2329 601 2357 decet
621 2330 749 2363 notione;
771 2330 799 2357 in
824 2330 858 2357 iis
873 2335 962 2358 autem
978 2337 1039 2365 qua

255 2376 383 2410 deinceps
399 2379 562 2410 sequuntur,
588 2383 642 2403 non
664 2375 770 2407 itidem,
787 2383 835 2410 per
847 2383 907 2410 quae
923 2375 1039 2402 maxime

253 2421 430 2448 confirmatur
459 2422 618 2457 mysterium
646 2421 778 2448 veritatis.
797 2420 834 2448 Ea
858 2425 948 2448 autem
975 2424 1039 2448 sunt

254 2467 372 2494 humana
387 2468 537 2502 generatio,
562 2472 588 2494 et
608 2467 642 2494 ab
658 2466 771 2494 infantia
790 2466 989 2494 incrementum
1005 2465 1039 2493 ad

252 2512 457 2546 perfectionem,
482 2513 615 2546 cibusque
629 2515 655 2538 et
677 2517 767 2546 potus,
785 2515 812 2539 et
827 2511 905 2538 labor
919 2515 945 2538 et
967 2518 1040 2538 som-

253 2567 316 2590 nus,
341 2558 473 2593 aegritudo
489 2562 516 2586 et
539 2558 675 2593 lacrymrc,
700 2558 836 2584 calumnia
853 2557 1037 2592 etjutlicium,

252 2613 320 2632 crux
342 2610 369 2632 et
394 2612 480 2636 mors,
510 2605 623 2639 ejusque
643 2604 776 2639 depositio
802 2604 829 2630 in
851 2607 1037 2630 monumento.

253 2650 315 2677 llase
332 2650 404 2677 enim
420 2650 501 2678 simul
520 2655 661 2685 assumpta
675 2658 736 2677 cum
750 2650 891 2684 mysterio,
911 2649 1039 2676 hebetant

251 2694 452 2727 quodammodo
475 2696 552 2722 [idem
580 2704 673 2723 eorum
689 2695 734 2731 qui
752 2699 817 2722 sunt
841 2695 932 2730 pusilli
949 2699 976 2722 et
992 2694 1039 2721 ab-

250 2739 315 2775 jeeti
329 2740 423 2771 animi,
441 2744 471 2767 ut
485 2749 534 2769 nec
548 2749 579 2769 ea
594 2741 703 2776 quidem
721 2748 782 2776 qua:
796 2739 927 2775 deinceps
942 2739 1039 2767 dicun-

252 2789 298 2812 tur
327 2785 482 2818 admittant,
502 2792 657 2824 propterea
679 2795 738 2823 qua:
760 2787 836 2822 prius
865 2786 937 2812 dicta
963 2790 1037 2812 sunt.

252 2832 318 2864 Qua:
329 2832 400 2860 enitn
420 2832 504 2861 Deum
519 2834 596 2862 decet
613 2843 646 2862 ex
661 2833 778 2860 mortuis
794 2831 968 2864 resurrectio,
983 2838 1037 2858 non

1090 2240 1158 2276 πρὸς
1171 2239 1201 2266 τὸ
1214 2239 1358 2266 ἀκόλουθον
1374 2238 1479 2273 βλέπων
1489 2257 1496 2269 ,
1516 2236 1560 2263 διὰ
1580 2236 1611 2262 τὸ
1633 2236 1670 2271 μὴ
1684 2235 1772 2262 δοκεῖν
1785 2235 1836 2268 ἐξω
1849 2242 1872 2259 τι

1089 2286 1138 2320 τῆς
1157 2283 1325 2320 θεοπρεποῦς
1343 2283 1446 2314 ἑννοίας
1462 2282 1515 2309 τῶν
1538 2281 1690 2317 εἰρημένων
1706 2279 1785 2307 εἶναι·
1810 2279 1873 2314 πρὸς

1089 2331 1118 2358 δὲ
1131 2331 1164 2357 τὰ
1179 2329 1286 2365 ἐφεξῆς,
1302 2329 1352 2364 οὑχ
1364 2329 1463 2364 ὁμοίως
1473 2327 1538 2360 ἕξει,
1552 2327 1585 2353 δι’
1598 2323 1635 2354 ὧν
1649 2327 1765 2362 μάλιστα
1779 2326 1811 2352 τὸ
1826 2333 1872 2360 μυ-

1091 2378 1198 2413 στήριον
1221 2376 1271 2411 τῆς
1295 2375 1423 2410 ἀληθείας
1445 2375 1621 2410 κρατύνεται·
1646 2374 1751 2407 γένεσις
1771 2372 1872 2407 ἀνθρω-

1090 2423 1164 2458 πίνη,
1181 2422 1228 2449 καὶ
1242 2423 1275 2448 ὲκ
1289 2421 1386 2456 νηπίου
1400 2420 1467 2455 προς
1482 2419 1620 2446 τελείωσιν
1636 2418 1758 2454 αὔξησις·
1776 2416 1872 2454 βρῶσίς

1089 2477 1118 2494 τε
1139 2468 1196 2494 καν
1207 2468 1301 2499 πόσις,
1314 2467 1361 2493 καὶ
1378 2466 1471 2498 κόπος,
1487 2465 1533 2492 καὶ
1551 2465 1643 2496 ὕπνος,
1660 2465 1707 2491 καὶ
1726 2464 1810 2498 λύπη,
1830 2461 1872 2489 καὶ

1088 2513 1215 2549 δάκρυον,
1227 2512 1392 2546 συκοφαντία
1403 2520 1430 2538 τε
1440 2511 1486 2538 κα)⁸
1498 2511 1681 2546 δικαστήριον,
1690 2510 1737 2537 καὶ
1750 2508 1870 2544 σταυρὸςν

1090 2558 1136 2584 καὶ
1148 2558 1270 2588 θάνατος,
1283 2557 1329 2583 καὶ
1340 2558 1356 2591 ὴ
1366 2557 1395 2583 ὲν
1408 2556 1532 2591 μνημείῳ
1543 2555 1626 2586 θέσις.
1642 2554 1732 2581 Ταῦτα
1746 2554 1799 2589 γὰρ
1811 2560 1872 2586 συμ-

1091 2602 1357 2638 παραλαμϐανόμενα
1372 2602 1411 2637 τῷ
1434 2601 1586 2637 μυστηρίῳ,
1600 2601 1732 2636 ἀμϐλύνει
1749 2610 1807 2633 πως
1822 2597 1871 2626 τῶν

1092 2648 1329 2684 μικροψυχοτέρων
1342 2648 1391 2683 τὴν
1409 2648 1509 2679 πίστιν,
1525 2647 1563 2679 ὡς
1581 2647 1648 2682 μηδὲ
1665 2647 1694 2673 τὺ
1711 2646 1810 2681 ἐφεξῆς
1822 2643 1870 2670 τῶν

1089 2693 1242 2728 λεγομένων
1257 2693 1300 2719 διὰ
1312 2693 1346 2719 τὰ
1361 2692 1545 2728 προειρημένα
1560 2690 1825 2727 συμπαραδέχεσθαι.
1839 2687 1870 2713 Τὸ

1089 2738 1144 2773 γὰρ
1159 2738 1308 2773 θεοπρεπὲς
1324 2737 1373 2772 τῆς
1391 2738 1423 2764 ἐκ
1440 2736 1543 2772 νεκρῶν
1567 2736 1756 2768 ἀναστάσεως,
1779 2734 1823 2763 διὰ
1843 2731 1871 2757 τὸ

1090 2783 1154 2819 περὶ
1173 2783 1218 2809 τὸν
1240 2783 1353 2810 θάνατον
1377 2782 1499 2818 ἀπρεπὲς
1522 2782 1552 2808 οὐ
1581 2781 1733 2816 προσίεται.
1756 2779 1825 2814 Ἐγὼ
1845 2777 1870 2803 δὲ

1090 2829 1220 2864 πρότερον
1235 2826 1311 2864 οἶμαι
1325 2828 1379 2855 δεῖν
1395 2827 1491 2863 μικρὸν
1509 2827 1559 2862 τῆς
1576 2827 1711 2863 σαρκικῆς
1723 2826 1869 2863 παχύτητος
