1926 3080
56 121 86 150 ιι
670 115 800 144 ORATIO
824 115 1076 143 CATECHETlCA.
1649 117 1683 144 ιε

56 181 99 208 τὸν
113 180 245 214 λογισμὸν
265 179 482 212 ἀποστήσαντας,
497 177 563 204 αὐτὸ
585 177 614 204 τὸ
633 178 714 204 καλὸν
729 179 770 212 ἐφ’
786 179 844 204 ἑαν-

908 177 1052 204 tdntittitur
1078 179 1187 210 propter
1216 179 1329 202 mortem
1354 183 1414 211 quae
1441 183 1495 203 non
1515 175 1603 203 decet.
1629 175 1684 212 Ego

57 225 101 253 τοῦ
115 225 162 251 καὶ
175 224 206 250 τὸ
219 224 258 258 μὴ
270 222 388 249 τοιοῦτον
400 222 576 257 κατανοῆσαι,
589 223 674 254 ποίοις
687 223 844 257 γνωρίσμα-

60 280 98 297 ςιν
119 270 251 304 ἑκάτερον
273 267 374 294 τούτων
399 267 644 302 καταλαμϐάνεται.
671 267 771 294 Οὐδένα
793 268 845 302 γὰρ

59 317 179 349 ἀντερεῖν
191 313 270 349 οἶμαι
291 313 344 340 τῶν
359 313 566 348 λελογισμένων,
581 314 621 340 ὅτι
641 314 668 339 ἓν
683 314 752 340 κατὰ
766 314 846 348 φύσιν

61 363 136 397 μόνον
161 369 215 387 των
238 360 348 386 πάντων
371 360 443 386 ἐστὶν
465 359 586 395 αἰσχρὸν,
608 360 638 386 τὸ
658 361 728 386 κατὰ
748 361 846 387 κακίαν

60 406 155 437 πάθος·
169 405 200 431 τὸ
213 406 240 431 δὲ
257 405 356 436 κακίας
373 405 460 436 ἐκτὸς,
477 405 577 436 παντὸς
590 405 698 440 αἴσχους
712 406 784 432 ἐστὶν
797 406 845 432 ἀλ-

58 452 172 486 λότριον.
190 448 226 485 ⁷ῼ
246 450 275 476 δὲ
290 449 370 484 μηδὲν
387 450 506 476 ἐναντίου
523 450 668 484 μέμικται,
684 450 762 477 τοῦτο
779 451 846 477 πάν-

58 505 109 528 τως
123 497 153 522 ὲν
176 497 209 531 τῇ
226 495 272 522 τοῦ
287 495 369 522 καλοῦ
392 495 472 530 μοίρᾳ
492 495 739 530 καταλαμϐάνεται.
762 497 798 523 Τὸ
819 497 847 523 δὲ

59 542 166 577 ἀληθῶς
182 541 280 574 καλὸν,
296 541 396 576 ἀμιγές
411 542 467 567 ἐστι
485 541 532 568 τοῦ
545 542 676 568 ἐναντίου.
693 542 795 577 Πρέπει
818 542 847 569 δὲ

60 588 94 621 τῷ
107 587 167 622 Θεῷ
182 588 236 613 πᾶν
252 587 265 613 ὃ
276 587 302 613 τί
311 596 363 622 περ
377 588 405 613 ὲν
418 589 450 622 τῇ
464 586 511 614 τοῦ
520 586 601 613 καλοῦ
612 587 751 622 θεωρεῖται
760 588 845 623 χώρᾳ.

63 633 96 658 Ἰι
114 633 202 658 τοίνυν
218 624 383 664 δεῗξάτωςαν
395 632 493 658 κακίαν
507 629 576 657 εἶναι
590 631 638 666 τὴν
653 631 789 666 γέννησιν,
800 632 849 666 τὴν

61 677 225 712 ἀνατροφὴν,
246 676 296 711 τὴν
320 675 440 710 αὔξησιν,
464 675 513 710 τὴν
538 676 605 710 προς
627 676 656 702 τὸ
678 676 778 702 τέλειον
800 676 849 711 τῆς

62 722 168 756 φύσεως
186 721 313 755 πρόοδον,
340 722 389 756 τὴν
410 721 523 748 θανάτου
545 723 655 756 πεῖραν.
674 721 722 756 τὴν
746 721 777 748 ἐκ
802 720 848 748 τοῦ

61 765 177 792 θανάτου
199 765 346 791 ἐπάνοδον·
368 765 384 800 ἢ
404 766 427 791 εἰ
446 765 497 796 ἔξω
514 765 612 796 κακίας
630 763 700 791 εἶναι
722 765 755 791 τὰ
774 766 850 800 εἰρη-

63 812 129 846 μένα
147 811 329 842 συντίθενται,
345 811 419 837 οὐδὲν
434 811 544 846 αἰσχρὸν
560 809 628 837 εἶναι
643 811 673 837 τὺ
689 811 787 842 κακίας
802 811 849 838 ἀλ-

61 857 167 892 λὰτριον
181 857 210 890 ἐξ
231 857 356 892 ἀνάγκης
370 857 575 892 ὁμολογήσουσι,
595 856 684 883 Καλοῦ
701 857 728 882 δὲ
744 857 851 888 πάντως

899 226 989 249 autem
1013 222 1089 257 prius
1112 222 1249 255 exrstimo,
1267 229 1280 248 a
1299 221 1403 248 carnali
1417 220 1599 248 crassitudine
1616 229 1683 256 pau-

899 267 983 294 lnltun
1004 267 1120 294 abducta
1139 268 1315 302 cogitatione,
1340 271 1467 302 oportere
1482 267 1571 302 ipsum
1590 275 1637 302 per
1657 275 1686 294 se
1733 281 1737 285 -

900 313 1000 341 bonum
1030 312 1214 343 considerare,
1244 317 1272 340 ct
1295 314 1366 348 quod
1394 321 1446 340 non
1472 317 1515 340 est
1538 312 1684 347 ejusmodi,

900 366 999 394 nempe
1022 358 1186 394 quibusnam
1201 358 1288 394 signis
1304 364 1331 386 et
1353 359 1426 387 notis
1439 364 1586 394 utrumque
1608 367 1684 386 com-

901 404 1098 439 prehendatur.
1117 404 1257 431 Neminem
1267 405 1339 432 enim
1355 405 1402 439 qui
1415 405 1496 439 sapit,
1512 409 1590 432 etest
1605 405 1686 440 paulo

901 449 1052 481 cordatior,
1079 450 1313 477 contradicturum
1337 450 1472 482 existimo,
1497 451 1561 485 quin
1579 451 1636 478 sola
1653 459 1686 478 ex

902 495 1028 522 omnibus
1045 495 1194 522 secundum
1216 500 1342 522 naturam
1363 496 1398 522 sit
1415 496 1503 530 turpis
1522 503 1553 522 ea
1568 504 1626 530 qua:
1645 500 1686 523 est

901 547 932 566 ex
949 540 1013 566 vitio
1032 540 1152 567 ali‘ectio:
1167 549 1227 575 quae
1242 544 1282 568 est
1298 545 1387 568 autem
1407 546 1510 568 remota
1528 548 1542 567 a
1558 542 1633 574 Vitio,
1651 542 1687 568 sit

902 586 991 612 aliena
1015 586 1049 612 ab
1068 587 1141 613 omni
1165 587 1341 620 turpitudine.
1366 587 1415 614 Cui
1442 591 1531 614 autem
1556 587 1623 613 nihil
1645 591 1686 614 est

902 631 1032 658 contrarii
1058 631 1218 664 immistum,
1242 632 1267 659 id
1292 633 1318 659 in
1339 640 1371 659 eo
1388 633 1459 667 quod
1479 637 1521 660 est
1543 633 1642 659 bonum
1661 637 1687 658 ct

903 676 1046 704 honestmn
1073 678 1185 705 omnino
1214 678 1466 713 comprehenditur.
1491 678 1568 711 Quod
1597 683 1686 704 autem

903 729 966 748 vere
992 728 1033 750 est
1054 724 1154 749 bonum
1181 727 1207 750 et
1231 723 1385 756 honestum,
1402 724 1511 751 minime
1524 723 1688 750 mistumest

904 767 1053 794 contrario.
1072 767 1154 795 Deum
1170 772 1261 803 autem
1279 769 1356 797 decet
1381 769 1513 804 quidquid
1534 767 1689 796 considera-

903 816 948 839 tur
971 813 998 840 in
1018 821 1051 841 eo
1073 815 1145 849 quod
1161 818 1202 842 est
1217 815 1317 842 bonum
1333 820 1359 843 et
1381 816 1536 843 honestum.
1558 818 1611 842 Aut
1624 821 1688 850 ergo

903 859 1051 886 ostendant
1088 861 1183 887 vitium
1216 869 1276 888 esse
1312 861 1456 897 originem,
1489 861 1687 891 educationem,

62 903 302 937 ἀναδεικνυμένου,
318 903 376 934 πῶς
389 902 439 929 οὐκ
454 903 564 928 ἐλεεινοὶ
579 903 627 937 τῆς
644 903 767 936 ἀλογίας,
782 903 806 928 oi
820 901 851 928 τὸ

908 910 1092 940 augmentum,
1123 907 1154 933 ad
1179 907 1372 943 perlectioncm
1399 912 1501 936 natura:
1517 907 1689 943 progressio-

63 948 142 975 καλὸν
159 950 195 984 μὴ
215 949 329 983 πρέπειν
343 949 390 975 ἐπὶ
404 948 471 974 Θεοῦ
483 948 688 984 δογματίζοντες
701 958 708 981 ;

908 957 976 983 nem,
994 953 1089 980 mortis
1108 955 1334 988 experimentum,
1348 955 1575 983 resurrectionem
1588 962 1603 981 a
1617 961 1689 981 mor-

63 998 133 1025 tuis:
161 999 201 1024 vel
226 998 248 1024 si
273 1006 304 1024 eu
324 1005 383 1032 quae
404 997 474 1024 dicta
493 1002 556 1025 sunt
571 998 637 1025 vitio
657 1005 752 1024 vacare
771 998 932 1031 concedant,
954 999 1021 1028 nihil
1040 1002 1113 1036 quod
1131 1002 1195 1031 vitio
1214 1007 1289 1031 caret
1308 1008 1385 1039 turpe
1405 1011 1465 1032 esse
1487 1003 1623 1030 fateantur
1641 1009 1689 1029 ne-

63 1051 140 1070 cesse
160 1048 212 1070 εει.
231 1042 309 1075 Quod
331 1043 353 1070 si
378 1042 404 1069 id
425 1043 525 1070 bonum
539 1050 601 1070 esse
624 1047 651 1070 et
673 1043 817 1070 honestum
840 1045 952 1071 omnino
970 1047 1131 1080 ostenditur,
1148 1049 1375 1083 quemadmodum
1391 1057 1445 1077 non
1461 1053 1502 1078 est
1525 1048 1688 1076 miserabilis

62 1095 158 1115 corum
174 1088 302 1121 stultitia,
323 1088 370 1123 qui
386 1088 412 1115 id
426 1089 499 1124 quod
516 1092 558 1116 est
572 1089 673 1116 bonum
687 1093 713 1116 ct
727 1089 882 1121 honestum,
903 1090 929 1117 in
946 1090 1000 1118 Deo
1017 1093 1128 1121 minime
1141 1096 1286 1122 convenire
1309 1095 1429 1123 docent?

374 1181 497 1208 ΚΕΦΛΛ.
515 1182 542 1207 l'.

106 1270 188 1297 Ἀλλὰ
210 1271 324 1305 μικρὸν,
342 1271 418 1305 φησὶ,
443 1271 488 1297 καὶ
506 1271 690 1306 περιγραπτὺν
710 1272 725 1306 ἠ
748 1270 853 1306 ἀνθρω-

65 1316 129 1350 πίνη
149 1315 240 1349 φύσις·
260 1315 370 1352 ἄπειρον
387 1316 414 1342 δὲ
428 1317 444 1351 ἡ
460 1316 574 1350 Θεότης·
593 1316 640 1342 καὶ
657 1316 714 1347 πῶς
728 1316 760 1343 ἂν
776 1325 838 1352 περι

64 1361 171 1396 ελήφθη
189 1361 227 1396 τῷ
242 1362 332 1396 ἀτόμῳ
348 1362 379 1388 τὸ
398 1361 527 1398 ἄπειρον;
544 1362 598 1388 Καὶ
613 1362 654 1393 τίς
671 1362 747 1388 τοῦτό
763 1371 854 1397 φησιν,

64 1408 104 1432 ὃτι
119 1408 154 1441 τῇ
174 1409 328 1442 περιγραᾳῇ
343 1407 392 1442 τῆς
407 1407 505 1442 σαρκὸς
519 1408 642 1443 καθάπερ
657 1408 758 1443 ἀγγείῳ
773 1408 825 1435 τινὶ
839 1409 855 1443 ή

65 1451 180 1486 ἀπειρία
194 1453 242 1487 τῆς
257 1452 388 1486 Θεότητος
402 1452 568 1488 περιελήφθη
580 1461 586 1485 ;
602 1453 668 1480 Οὐδὲ
683 1454 737 1488 γὰρ
751 1454 795 1480 ἐπὶ
808 1453 856 1488 τῆς

66 1496 301 1531 ήμετέραςζωῆς
313 1498 388 1528 ἐντὸς
403 1498 592 1524 κατακλείεται
612 1499 665 1525 τῶν
686 1500 734 1534 τῆς
757 1499 857 1534 σαρκδς

65 1542 136 1575 ὅρων
150 1543 167 1577 ή
180 1542 263 1578 νοερὰ
276 1542 366 1576 φύσις.
389 1543 456 1569 Ἀλλ’
471 1544 485 1569 ὁ
501 1543 550 1578 μὲν
566 1544 647 1578 ὖγκος
660 1544 706 1570 τοῦ
721 1544 846 1579 σώματος

66 1589 120 1620 τοῖς
136 1589 250 1620 οἰκείοις
271 1588 366 1624 μέρεσι
386 1590 600 1625 περιγράφεται·
622 1591 638 1625 ἡ
662 1590 690 1616 δὲ
707 1590 779 1625 ψυχὴ
802 1591 857 1622 τοῖς

66 1633 114 1668 τῆς
128 1634 253 1665 διανοίας
273 1635 404 1670 κινήμασι
419 1635 491 1670 πάσῃ
506 1635 566 1662 κατ’
583 1635 707 1668 ἐξουσίαν
721 1635 857 1670 ὲφαπλοῦ-

66 1687 108 1705 ται
121 1681 155 1715 τῇ
171 1680 273 1711 κτίσει,
294 1680 340 1706 καὶ
358 1680 453 1716 μέχρις
468 1681 589 1716 οὐρανῶν
607 1682 727 1712 ἀνιοῦσα,
745 1682 791 1707 καὶ
806 1681 858 1707 τῶν

67 1724 192 1751 ἀϐύσσων
209 1725 422 1758 ἐπιϐατεὺουσα,
439 1727 486 1752 καὶ
502 1726 540 1761 τῷ
554 1726 649 1752 πλάτει
667 1727 715 1762 τῆς
731 1727 856 1762 οἰκουμέ-

68 1779 114 1805 νης
133 1770 323 1805 ἐπερχομένη,
341 1771 387 1796 καὶ
416 1772 481 1806 πρὸς
507 1772 541 1797 τὰ
559 1771 720 1806 καταχθόνια
740 1772 784 1798 διὰ
809 1772 858 1806 τῆς

68 1815 336 1851 πολυπραγμοσύνης
350 1816 525 1848 εἰσδύνουσα,
542 1817 671 1849 πολλάκις
690 1817 718 1844 δὲ
737 1818 782 1844 καὶ
805 1818 858 1844 τῶν

67 1861 198 1897 οὐρανίων
216 1861 365 1896 θαυμάτων
380 1863 409 1888 ἐν
425 1863 547 1898 περινοίᾳ
559 1863 673 1897 γίνεται,
687 1863 760 1890 οὐδὲν
775 1863 858 1898 βαρυ-

68 1908 166 1942 νομένη
184 1907 225 1942 τῷ
244 1907 361 1942 ὲφολκίῳ
387 1907 432 1934 τοῦ
454 1908 587 1943 σώματος.
610 1909 641 1935 Εἰ
666 1909 693 1935 δὲ
716 1909 857 1944 ἀνθρώπου

68 1954 139 1989 cum
157 1954 232 1980 κατὰ
253 1954 299 1988 τὴν
313 1955 362 1989 τῆς
382 1954 486 1988 φύσεως
504 1955 627 1990 ἀνάγκην
651 1955 857 1990 συγκεκραμὲνη

68 1998 104 2032 τῷ
121 1998 231 2033 σώματι
253 1999 388 2034 πανταχοῦ
405 2001 465 2026 κατ’
480 1999 603 2032 ἐξουσίαν
622 2000 759 2034 γίγνεται·
784 2000 825 2031 τίς
842 2000 857 2034 ἡ

69 2044 173 2079 ἀνάγκη
186 2046 220 2080 τῇ
237 2044 316 2079 φύσει
329 2046 378 2080 τῆς
394 2046 493 2081 σαρκὸς
509 2045 556 2081 τὴν
574 2046 693 2081 Θεότητα
708 2046 795 2079 λέγειν
809 2045 858 2080 ἐμ-

70 2091 285 2126 περιεέργεσθαι,
305 2092 352 2117 καὶ
369 2092 406 2126 μὴ
426 2091 469 2118 διὰ
485 2091 536 2118 τῶν
555 2091 686 2127 χωρητῶν
705 2092 770 2126 ἡμῖν
791 2092 857 2118 ὐπο-

69 2136 223 2171 δειγμάτων
244 2137 396 2171 στοχασμὸν
411 2138 476 2171 ἡμῖν
495 2146 553 2163 τινα
574 2137 713 2172 πρέποντα
730 2137 794 2170 περὶ
810 2137 858 2172 τῆς

70 2181 145 2212 θείας
161 2182 317 2216 οἰκονομίας
342 2182 448 2216 λαϐεῖν;
472 2183 515 2214 Ὠς
539 2182 592 2217 γὰρ
616 2183 646 2208 τὸ
666 2182 720 2217 πῦρ
741 2183 787 2208 ἐπὶ
811 2183 858 2217 τῆς

69 2226 209 2262 λαμπάδος
229 2229 326 2262 ὀρεῖται
348 2228 396 2263 τῆς
415 2228 596 2263 ὑποκειμένης
616 2228 857 2263 περιδεδραγμένον

69 2272 148 2308 ὕλης,
166 2274 211 2299 καὶ
229 2273 307 2307 λόγος
332 2275 381 2309 μὲν
406 2274 536 2309 διακρίνει
552 2274 582 2300 τό
601 2283 629 2300 τε
651 2275 696 2300 ἐπὶ
720 2274 767 2308 τῆς
793 2273 857 2308 ὕλης

69 2318 139 2353 πῦρ,
153 2319 201 2345 καὶ
220 2320 271 2354 τὴν
282 2319 313 2345 τὸ
329 2319 383 2355 πῦρ
395 2320 563 2352 ἐξάπτουσαν
581 2319 657 2354 ὕλην,
681 2319 752 2354 ἔργῳ
764 2319 791 2345 δὲ
808 2319 858 2345 οὐκ

69 2364 146 2390 ἔστιν
166 2365 212 2391 ἀπ’
236 2365 360 2400 ἀλλήλων
385 2365 469 2392 ταῦτα
491 2365 675 2400 διατεμὸντας,
698 2365 740 2398 ἐφ’
760 2364 858 2399 ἑαυτὴν

68 2410 155 2442 εεῖξαι
173 2411 222 2446 τὴν
238 2410 325 2444 φλόγα
339 2411 530 2446 διεζευγμένην
550 2411 598 2446 τῆς
616 2410 690 2445 ὕλης,
709 2410 765 2436 ἀλλ’
782 2410 811 2436 ἓν
826 2410 859 2436 τὰ

71 2456 264 2492 συναμφότερα
277 2456 381 2490 γίνεται
403 2457 484 2490 (οὕτω
500 2457 545 2483 καὶ
562 2457 655 2491 μηδεὶς
671 2456 700 2482 τὸ
713 2455 859 2491 φθαρτικὸν

68 2501 118 2527 τοῦ
135 2503 218 2537 πυρὸς
232 2502 526 2538 συμπαραλαμϐανέτω
540 2502 577 2537 τῷ
597 2501 785 2537 ὑποδείγματι,
802 2501 859 2528 ἀλλ’

68 2547 132 2572 ὅσον
145 2547 282 2582 εὐπρεπές
295 2548 354 2574 ἐστι
370 2547 449 2582 μόνον
465 2548 492 2573 ὲν
507 2549 540 2583 τῇ
556 2548 638 2573 εἰκόνι
650 2547 794 2581 δεξάμενος
804 2567 810 2577 ,
829 2546 860 2572 τὸ

62 2592 203 2630 ,ἀνοίκειον
219 2594 267 2620 καὶ
286 2594 458 2628 ἀπεμφαίνον
482 2592 676 2625 ἀποποιείσθω)
688 2601 694 2609 -
710 2593 754 2619 τον
780 2592 859 2618 αὐτὸν

67 2636 118 2664 οὖν
137 2640 246 2674 τρόπον,
265 2640 305 2670 ὡς
326 2640 434 2675 ὁρῶμεν
449 2640 495 2665 καὶ
517 2639 674 2674 ἐξημμένην
690 2638 735 2664 τοῦ
750 2639 859 2664 ὑποκει-

68 2683 152 2718 μένου
167 2685 215 2720 τὴν
233 2685 331 2719 φλόγα,
350 2685 398 2712 καὶ
412 2685 461 2711 οὐκ
476 2684 717 2719 ὲναποκλειομένην
738 2685 770 2718 τῇ
792 2684 857 2719 ὕλῃ·

66 2729 96 2754 τί
113 2729 210 2757 κωλύει
231 2731 307 2762 θείας
321 2730 429 2764 φύσεως
446 2730 540 2757 ἕνωσίν
562 2739 622 2756 τινα
649 2730 694 2756 καί
715 2738 860 2765 προπεγγιι

67 2775 138 2810 σμὸν
159 2777 383 2811 κατανοήσαντας
393 2797 400 2808 ,
416 2776 484 2811 πρὸς
499 2776 528 2802 τὸ
547 2776 714 2810 ἀνθρώπινον
728 2775 776 2809 τὴν
802 2774 860 2800 Οεοε

66 2820 164 2855 πρεπῆ
180 2821 298 2848 διάνοιαν
311 2822 358 2847 καὶ
372 2822 400 2847 ἐν
413 2821 451 2855 τῷ
464 2820 658 2857 προσεγγίσμῷ
669 2819 858 2853 ἆιασὼζεσθαι,

231 2869 368 2899 ΡΑτξιοι.
390 2868 447 2898 Gn.
471 2868 565 2898 XLV.

1215 1185 1327 1213 CAPUT
1344 1187 1376 1214 Χ.

943 1269 978 1297 At
989 1279 1031 1299 res
1045 1277 1096 1304 est,
1114 1273 1211 1308 inquit,
1229 1282 1321 1309 parva,
1339 1279 1364 1302 et
1377 1276 1630 1310 qumcireumscrihi
1644 1284 1690 1310 po-

907 1317 960 1344 lest
987 1317 1104 1346 humana
1134 1325 1256 1347 natura:
1285 1321 1355 1348 Deus
1374 1325 1463 1348 autem
1487 1325 1528 1348 est
1557 1322 1688 1348 infinitus.

899 1361 1050 1394 Quomodo
1067 1366 1156 1390 autem
1173 1364 1245 1398 quod
1263 1364 1426 1392 immensum
1442 1371 1483 1392 est
1503 1369 1593 1392 atomo
1617 1374 1691 1392 com-

908 1404 1037 1440 prehendi
1052 1407 1229 1440 queat?Quis
1246 1413 1335 1435 autem
1349 1409 1398 1436 hoc
1410 1409 1486 1441 dicit,
1501 1410 1572 1444 quod
1587 1410 1689 1442 carnis,

908 1454 1037 1486 tanquam
1065 1460 1130 1480 vase
1152 1453 1253 1488 aliquo,
1283 1454 1539 1490 circumscriptione
1564 1463 1690 1491 compre—

909 1493 993 1522 hensa
1006 1496 1042 1523 sit
1058 1496 1178 1525 infinitas
1196 1497 1372 1526 Divinitatis?
1387 1498 1480 1534 Neque
1500 1500 1572 1527 enim
1592 1501 1619 1528 in
1641 1510 1690 1529 no-

909 1543 966 1567 stra
983 1541 1036 1568 vita
1057 1541 1128 1569 intra
1149 1543 1240 1571 carnis
1259 1544 1390 1572 terminos
1409 1546 1580 1574 concluditur
1594 1547 1692 1574 intelli-

909 1592 975 1620 gens
989 1590 1097 1613 natura.
1117 1586 1170 1614 Sed
1186 1588 1309 1623 corporis
1328 1589 1436 1624 quidem
1452 1591 1610 1627 magnitudo
1634 1593 1692 1621 suis

908 1630 1147 1658 circumscribitur
1169 1634 1311 1668 partibus:
1339 1635 1431 1662 anima
1453 1640 1542 1663 autem
1573 1638 1692 1666 motibus

908 1676 1083 1710 cogitationis
1112 1682 1138 1705 et
1167 1679 1351 1714 intelligentim
1378 1681 1462 1709 libere
1488 1683 1644 1710 extenditur
1665 1685 1691 1712 in

909 1722 1035 1750 universa
1048 1728 1184 1757 creatura,
1212 1725 1244 1752 ad
1262 1726 1346 1754 caelos
1368 1735 1453 1764 usque
1471 1730 1639 1762 ascendens,
1667 1736 1693 1759 et

913 1768 1027 1802 abyssos
1043 1769 1209 1804 ingrediens,
1231 1776 1258 1799 ct
1279 1773 1362 1800 totius
1390 1774 1466 1802 orbis
1486 1779 1565 1803 terrae
1595 1784 1693 1811 perva-

910 1814 978 1841 dens
995 1815 1176 1848 latitudinem,
1193 1821 1220 1845 ct
1237 1818 1412 1847 subterranea
1429 1822 1537 1848 curiose
1560 1823 1672 1850 subiens
1686 1832 1693 1855 ;

909 1866 979 1893 saepe
995 1863 1084 1887 autem
1098 1861 1178 1888 etiam
1205 1862 1325 1889 coelestia
1350 1863 1480 1892 miracula
1502 1871 1591 1893 mente
1611 1867 1694 1902 agitat

909 1908 935 1931 ct
964 1909 1065 1936 versat,
1091 1906 1210 1940 pondere
1233 1908 1356 1943 corporis
1376 1910 1447 1943 quod
1473 1910 1602 1945 deprimit
1625 1913 1693 1939 nihil

908 1953 1031 1984 gravata.
1051 1950 1079 1977 Si
1092 1955 1181 1978 autem
1199 1953 1288 1980 anima
1308 1953 1436 1986 hominis,
1453 1961 1513 1989 quae
1532 1959 1636 1983 natura:
1649 1965 1693 1984 ne-

909 1995 1037 2024 cessitate
1065 2001 1107 2023 est
1130 1999 1272 2025 commista
1303 2003 1329 2026 et
1355 2005 1557 2035 contemperata
1572 2002 1692 2036 corpori,

910 2040 1011 2075 ubique
1036 2046 1163 2068 versatur
1181 2042 1281 2077 libere;
1311 2044 1376 2079 quid
1405 2052 1517 2073 necesse
1539 2050 1580 2074 est
1604 2046 1694 2075 dieere

910 2086 1084 2115 Divinitatem
1103 2089 1310 2124 coerceriintra
1325 2094 1449 2118 naturam
1471 2093 1562 2120 carnis
1576 2102 1582 2119 :
1599 2097 1625 2120 et
1640 2102 1693 2121 non

909 2140 958 2168 per
973 2134 1095 2168 exempla
1123 2142 1184 2169 quae
1208 2143 1222 2161 a
1242 2135 1319 2164 nobis
1343 2137 1401 2172 capi
1427 2143 1552 2172 possunt,
1572 2146 1631 2174 quae
1644 2148 1693 2167 nos

874 2184 897 2214 ι)
911 2178 988 2205 decet
1000 2179 1186 2213 conjecturam
1197 2187 1305 2208 sumere
1320 2181 1354 2208 de
1366 2181 1457 2209 divina
1472 2183 1672 2218 dispensatione
1685 2187 1692 2212 ὲ

912 2221 972 2253 Quo
992 2221 1072 2248 modo
1087 2222 1158 2249 enim
1168 2223 1238 2258 ignis
1252 2224 1358 2252 videtur
1375 2226 1400 2252 in
1417 2227 1528 2254 lucerna
1544 2229 1693 2262 subjectum

910 2266 1114 2301 apprehendere
1130 2269 1272 2296 materiam
1289 2280 1294 2297 :
1311 2275 1336 2297 et
1352 2272 1422 2299 ratio
1441 2273 1549 2307 quidem
1563 2274 1694 2302 discernit

910 2311 999 2346 ignem
1009 2311 1055 2346 qui
1068 2316 1109 2340 est
1124 2313 1151 2339 in
1165 2315 1288 2347 materia,
1309 2320 1336 2342 et
1355 2317 1495 2344 materiam
1513 2326 1572 2353 quae
1596 2327 1692 2347 accen-

910 2357 949 2384 dit
966 2358 1072 2392 ignem:
1089 2359 1179 2394 reipsa
1197 2366 1286 2388 autem
1301 2370 1353 2389 non
1368 2367 1467 2397 potest,
1486 2365 1519 2392 iis
1534 2373 1548 2392 a
1566 2373 1595 2393 se
1622 2366 1692 2393 invi-

911 2410 968 2430 cem
984 2404 1120 2437 dissectis,
1133 2406 1190 2441 ipsa
1209 2415 1255 2442 per
1271 2416 1300 2435 se
1317 2409 1422 2436 ostendi
1441 2409 1559 2444 ﬂamma,
1586 2412 1688 2447 disjnlh

911 2453 954 2477 cta
971 2457 985 2475 ιι
1010 2452 1142 2485 materia;
1167 2452 1215 2480 sed
1236 2453 1316 2481 ambo
1343 2455 1424 2482 simul
1449 2464 1531 2483 unum
1555 2457 1692 2485 ﬁuntzita

912 2496 993 2523 etiam
1014 2497 1105 2530 (nemo
1122 2503 1211 2526 autem
1228 2499 1254 2526 in
1272 2501 1334 2534 igne
1353 2502 1532 2530 simulsumat
1545 2504 1577 2531 ad
1599 2513 1691 2532 exem-

912 2543 996 2577 plum,
1023 2544 1048 2571 id
1070 2545 1097 2572 in
1117 2546 1189 2580 quod
1208 2547 1280 2574 cadit
1303 2548 1437 2581 interitus,
1461 2550 1508 2577 sed
1529 2557 1561 2577 eo
1587 2554 1691 2577 tantum

912 2589 983 2623 quod
999 2589 1077 2617 decet
1097 2595 1205 2626 sumpto
1218 2592 1251 2619 ad
1268 2592 1485 2626 similitudinem,
1503 2594 1529 2621 id
1544 2594 1615 2628 quod
1638 2602 1693 2621 non

911 2638 948 2660 est
959 2635 1096 2669 proprium
1114 2641 1141 2663 et
1156 2637 1319 2664 conveniens
1335 2638 1506 2673 rejiciat),ila
1523 2646 1598 2672 ergo,
1616 2644 1644 2665 ut
1658 2640 1690 2665 \i-

912 2681 1007 2708 demus
1035 2681 1170 2709 ﬂammam
1190 2691 1250 2717 qua:
1279 2691 1293 2710 ει
1319 2684 1442 2717 subjecto
1462 2684 1604 2718 dependet,
1621 2689 1648 2712 et
1667 2685 1694 2711 in

912 2726 1024 2753 materia
1047 2735 1101 2754 non
1120 2727 1268 2755 includitur
1284 2737 1289 2754 :
1307 2729 1370 2762 quid
1393 2733 1473 2760 vetat,
1490 2729 1636 2763 quominus
1654 2730 1690 2757 di-

911 2772 979 2799 rintc
996 2776 1100 2799 natura:
1115 2774 1229 2808 cogitata
1244 2774 1360 2809 quadam
1384 2774 1484 2802 unione
1499 2779 1526 2801 et
1551 2777 1693 2812 appropin-

912 2810 1085 2853 quationead
1102 2819 1249 2854 hominem,
1267 2823 1445 2848 conservetur
1466 2829 1525 2856 qua‘
1546 2821 1628 2848 Detur:
1648 2822 1689 2848 de-

1543 2869 1560 2886 ιν

1545 2889 1561 2896 ι..
