1926 3080
236 117 269 145 ιδ
882 110 911 138 S.
932 107 1016 137 GREG

1074 107 1095 136 ll
1112 108 1261 138 NYSSENI
1825 117 1862 145 ιι

234 177 279 201 cet
290 172 418 210 cogitatio
437 172 517 199 etiam
539 171 565 198 in
591 169 855 205 appropinquatione
885 167 1016 194 credendo

1073 168 1161 202 πάσης
1176 169 1347 204 περιγραφῆς
1360 169 1434 201 ἐκτὸς
1457 168 1524 197 εἶναι
1538 170 1567 197 τὸ
1582 171 1658 198 Θεῖον
1675 170 1862 204 πιστεύοντας,

222 219 323 246 ’04311111
356 226 417 246 esse
447 221 579 244 remotum
610 215 644 243 ab
661 215 733 242 omni
757 213 1019 248 circumscriptione,

238 265 344 292 etiamsi
365 265 400 292 sit
415 264 440 290 in
458 263 587 290 homine?

528 338 646 367 CAPUT
672 338 717 367 XI.

270 407 319 434 Sin
350 411 439 433 autem
473 405 573 440 quaeris
609 402 838 439 quemadmodum
875 409 936 429 cum
970 401 1022 428 lm-

234 454 364 481 manilate
378 454 600 486 contemperatur
617 450 745 477 divinitas
761 457 768 476 :
787 449 834 476 tibi
854 449 929 484 prius
944 456 1020 484 qure-

234 498 348 527 rendum
381 500 435 529 est,
461 494 616 530 eujusmodi
639 495 674 522 sit
700 494 891 530 congcneratio
909 498 937 521 et
959 501 1021 520 con-

235 544 343 580 iunctio
364 543 461 570 anima:
477 549 538 569 cum
549 548 641 568 carne.
662 539 741 573 Quod
764 539 786 568 si
803 540 942 574 ignoratur
960 546 1020 565 mo-

234 591 287 618 dus
305 596 360 624 quo
374 592 419 615 tua
437 587 527 614 anima
542 587 635 613 unitur
656 585 763 620 corpori
779 593 786 617 ;
809 592 859 612 nec
881 584 1020 612 existimes

234 635 347 664 omnino
358 633 422 661 illud
446 640 460 659 a
481 637 507 661 te
518 637 644 668 oportere
657 630 863 666 comprehendi.
889 629 941 657 Sed
966 637 1021 664 quo

235 680 317 708 modo
331 678 470 706 credimus
487 677 620 705 hicetiam
637 677 753 704 animam
773 675 875 710 aliquid
896 683 958 702 esse
979 675 1021 702 di-

235 732 343 752 versum
362 731 376 750 a
392 730 516 758 corpore,
529 730 562 749 ex
577 729 609 749 eo
623 722 695 757 quod
711 729 785 754 caro,
802 720 824 748 si
837 721 944 748 deserta
961 719 1019 747 fue-

235 769 272 796 rit
291 770 325 796 ab
346 769 447 800 anima,
476 768 510 796 sit
535 772 652 800 mortua,
681 775 730 794 nec
755 766 842 802 possit
862 766 980 801 operari,
995 771 1021 793 et

235 814 438 849 coniunctionis
457 812 566 840 tuodum
580 813 739 847 ignoramus
756 820 763 840 :
784 811 821 838 ita
843 811 925 838 etiam
947 810 1019 845 quod

236 861 333 887 attinet
351 859 460 894 quidem
478 858 511 886 ad
534 857 702 892 maiestatem
729 861 756 884 et
777 856 1019 892 magniﬁcentiam,

235 907 355 934 divinam
370 909 494 932 naturam
510 903 618 932 diderre
636 911 650 930 a
667 902 774 929 mortali
785 906 812 929 et
829 901 950 929 iuteritui
969 901 1019 927 ob-

236 953 327 986 noxia,
341 951 502 979 conﬁtemur
518 959 525 977 :
545 949 655 976 modum
682 952 772 974 autem
791 946 1019 981 contemperatio-

236 999 278 1027 nis
298 997 449 1026 divinitatis
463 1003 525 1024 cum
542 994 712 1022 humanitate
727 1000 777 1021 nos
794 993 949 1028 perspicere
965 1000 1018 1019 non

236 1053 316 1080 posse
331 1043 524 1085 concedimus;
543 1041 590 1069 sed
608 1040 727 1076 genitum
740 1039 849 1074 quidem
863 1045 924 1066 esse
933 1037 1018 1065 Deum

235 1091 262 1118 in
276 1083 374 1116 natura
390 1088 521 1121 hominis,
539 1094 586 1122 per
601 1094 632 1113 ea
644 1093 704 1120 quae
716 1088 864 1112 narrantur
875 1083 1018 1115 miracula,

235 1135 348 1162 minime
362 1134 529 1162 dubitamus.
547 1131 691 1165 Quomodo
704 1134 805 1162 autem,
829 1133 858 1156 ut
877 1128 952 1164 quod
984 1129 1020 1156 sit

236 1182 326 1216 majus
339 1188 421 1216 quam
443 1179 516 1214 quod
536 1178 712 1206 considerare
726 1176 877 1211 possimus,
901 1175 1018 1202 scrutari

234 1233 406 1255 recusamus.
436 1224 529 1259 Neque
549 1223 622 1251 enim
649 1221 722 1257 quod
746 1221 884 1249 credimus
909 1227 1017 1247 omnem

237 1278 400 1306 corpoream
414 1274 442 1297 et
457 1276 517 1304 qum
539 1268 589 1295 sub
609 1266 816 1302 intelligentiam
839 1265 912 1292 cadit
937 1269 1018 1292 natu-

234 1324 292 1344 ram
308 1316 460 1344 consistere
475 1314 509 1341 ab
529 1313 691 1347 incorporea
713 1316 740 1339 et
762 1311 884 1338 increata
907 1314 1017 1337 natura.

235 1361 315 1388 simul
334 1368 394 1388 cum
418 1359 470 1386 ﬁde
494 1358 685 1385 examinamus
700 1357 772 1383 unde
798 1355 825 1383 id
848 1356 931 1387 sit,et
948 1362 1018 1392 quo-

235 1407 327 1434 modo.
349 1405 400 1433 Sed
416 1404 487 1440 quod
505 1403 604 1431 factum
625 1403 660 1430 sit
682 1402 870 1433 admittentes,
890 1400 1018 1436 quemad-

234 1453 343 1480 modum
359 1452 515 1478 univetsum
528 1449 672 1480 consistat,
684 1448 792 1475 curiose
808 1448 936 1482 indagare
950 1453 1018 1481 pra:-

234 1496 421 1528 termittituus,
437 1499 466 1522 ut
486 1494 557 1530 quod
577 1495 612 1521 sit
637 1494 749 1521 omnino
777 1493 913 1521 incﬁabile
937 1496 1018 1527 atque
1031 1512 1053 1542 ο

235 1541 432 1577 inexplicabile.

527 1606 643 1635 CAPUT
664 1605 722 1633 ΧΙΙ.

269 1673 319 1707 Qui
346 1678 435 1701 autem
460 1675 557 1709 quaerit
581 1674 632 1701 sibi
652 1673 758 1701 ostendi
789 1673 862 1709 qttod
890 1673 961 1701 Deus
989 1673 1016 1701 in

233 1728 316 1748 carne
333 1721 410 1748 nobis
433 1721 599 1755 apparuerit,
625 1720 741 1755 aspiciat
768 1721 802 1747 ad
829 1720 1016 1754 operationes.

233 1767 300 1794 Nam
318 1766 389 1802 quod
409 1766 479 1794 Deus
496 1767 542 1799 sit,
562 1774 615 1794 non
637 1770 727 1801 potest
744 1766 824 1801 plane
849 1765 901 1792 alia
917 1765 1017 1793 adduci

234 1813 375 1847 probatio,
403 1819 485 1847 quam
511 1812 696 1839 testimonium
728 1811 927 1846 operationum.
954 1810 1015 1844 Quo

234 1858 314 1886 modo
342 1858 415 1885 enim
442 1857 645 1885 universitatem
675 1857 833 1889 intuentes,
865 1861 892 1884 et
921 1857 1016 1884 mundi

233 1902 498 1930 administrationem
508 1902 726 1934 considerantes,
735 1906 762 1930 et
773 1902 905 1930 beneﬁcia
916 1902 1017 1937 quibus

233 1948 365 1976 divinitus
388 1948 505 1975 afﬁcitur
537 1948 591 1975 vita
619 1952 724 1981 nostra,
756 1949 1016 1983 comprehendimus

233 1995 351 2029 aliquam
366 2002 428 2022 esse.
443 2002 577 2022 summam
594 1994 734 2029 virtutem,
755 2001 850 2021 eorttm
872 2001 933 2029 quae
949 1993 1017 2020 ﬁunt

231 2040 407 2072 effectricem,
428 2044 454 2067 et
481 2048 541 2075 quaz
557 2047 589 2067 ea
619 2048 679 2075 quae
705 2044 769 2067 sunt
797 2044 962 2068 conservat:
978 2040 1014 2067 ita

230 2086 312 2113 etiam
326 2086 398 2121 quod
415 2086 485 2113 Deus
508 2086 588 2114 nobis
607 2086 634 2112 in
657 2093 741 2112 carne
765 2086 931 2120 apparuerit,
949 2086 1016 2113 satis

231 2133 340 2167 probari
362 2132 488 2159 ducimus
507 2139 540 2158 ex
566 2131 707 2158 miraculis
730 2138 791 2164 qua:
808 2131 880 2157 facta
901 2136 966 2158 sunt
988 2132 1014 2158 in

1072 213 1123 240 κᾶν
1138 214 1167 240 ἐν
1184 214 1319 249 ἀνθρώπῳ
1337 212 1390 249 ἦν;

1365 337 1490 364 ΚΕΦΑΛ.
1511 339 1562 365 1Δ¹.

1105 402 1138 428 Εἰ
1155 401 1183 428 δὲ
1203 401 1294 437 ζητεῖς
1315 402 1373 435 πῶς
1399 404 1594 439 κατακιρνᾶται
1617 403 1712 440 θεότης
1735 405 1803 440 πρὸς
1832 407 1864 432 τὶ)

1071 447 1239 484 ἀνθρώπινον
1248 469 1254 481 ,
1268 448 1326 483 ὥρα
1339 458 1380 475 σοι
1394 451 1485 485 ζητεῖν
1498 450 1550 485 πρὸ
1558 450 1663 483 τούτου,
1675 451 1717 482 τίς
1730 452 1797 486 πρὸς
1809 453 1862 485 τὴν

1071 494 1161 530 σάρκα
1171 495 1220 529 τῆς
1231 494 1319 530 ψυχῆς
1333 496 1349 530 ἡ
1365 495 1495 530 συμφυΐα.
1512 495 1543 521 El
1556 495 1583 522 δὲ
1594 496 1643 531 τῆς
1657 496 1707 530 σῆς
1722 497 1860 530 ἀγνοεῖται

1070 540 1159 575 ψυχῆς
1174 541 1187 567 ὁ
1206 541 1315 575 τρόπος,
1334 540 1394 567 καθ’
1416 541 1445 567 ὃν
1465 540 1570 568 ἑνοῦται
1587 541 1625 577 τῷ
1643 542 1764 577 σώματι,
1789 543 1859 578 μηδὲ

1071 587 1159 613 ἐκεῖνο
1174 586 1280 618 πάντως
1290 587 1345 612 οἵου
1355 586 1408 613 δεῖν
1424 587 1498 618 ἐντὸς
1508 587 1632 621 γενέσθαι
1647 588 1696 622 τῆς
1711 589 1760 624 σῆς
1774 597 1862 615 κατα-

1071 631 1188 668 λήψεως.
1221 631 1289 658 ’Δλλ“
1308 631 1402 666 ὥσπερ
1425 632 1541 658 ἐνταῦθα
1563 633 1609 658 καὶ
1627 632 1718 667 ἕτερον
1740 630 1810 659 εἶναί
1836 642 1862 659 τι

1071 678 1147 714 παρὰ
1165 678 1195 704 τὸ
1220 677 1298 712 σῶμα
1322 678 1371 713 τὴν
1387 678 1474 713 ψυχὴν
1497 678 1734 713 πεπιστεύκαμεν,
1758 680 1790 705 ὲκ
1814 679 1861 705 τοῦ

1073 724 1237 759 μονωθεῖσαν
1253 724 1302 758 τῆς
1316 723 1403 758 ψυχῆς
1421 723 1469 759 τὴν
1485 724 1574 760 σάρκα
1587 724 1686 760 νεκράν
1701 732 1730 749 τε
1750 724 1797 750 καὶ
1810 725 1862 751 ἁν-

1071 770 1215 805 ενὲργητον
1236 769 1370 804 γενέσθαι,
1385 769 1431 796 κού⁸
1449 769 1493 795 τὸν
1510 769 1557 804 τῆς
1582 768 1704 801 ὲνώσεως
1729 769 1778 796 οὐκ
1798 771 1862 796 ἐπι-

1071 814 1240 849 γινώσκομεν
1258 814 1350 850 ερῦπον
1360 822 1366 829 ·
1382 814 1452 840 οὕτω
1465 814 1545 840 κάκεῖ
1557 814 1694 848 διαφέρειν
1709 813 1757 849 μὲν
1770 814 1816 840 ἐπὶ
1833 814 1862 841 τὸ

1076 860 1361 896 μεγαλοπρεπέστερον
1379 859 1428 895 τὴν
1451 859 1526 886 θείαν
1545 859 1624 894 φύσιν
1646 860 1713 895 πρὸς
1728 859 1776 896 τὴν
1793 860 1862 896 θνη-

1073 906 1123 940 τὴν
1137 905 1184 932 καὶ
1204 905 1334 941 ἐπίκηρον
1346 905 1529 940 ὁμολογοῦμεν
1539 924 1547 938 ,
1562 905 1606 932 τὸν
1627 905 1655 932 δὲ
1669 906 1718 940 τῆς
1737 907 1861 941 ἀνακρά-

1074 959 1142 982 σεως
1164 950 1263 986 τρόπον
1286 950 1333 977 τοῦ
1355 951 1426 977 θείου
1447 951 1515 987 πρὸς
1543 950 1572 977 τὸ
1607 950 1774 984 ἀνθρώπινον
1795 959 1860 978 συν-

1074 998 1136 1024 ιδεῖν
1151 997 1180 1023 οὺ
1195 997 1351 1032 χωρῶμεν·
1371 996 1438 1023 ἀλλὰ
1449 997 1478 1024 τὸ
1498 997 1546 1033 μὲν
1562 997 1724 1033 γεγενῆσθαι
1743 997 1808 1024 Θεὸν
1831 999 1862 1024 ἐν

1072 1041 1215 1076 ἀνθρώπου
1237 1042 1333 1076 φύσει,
1357 1041 1400 1068 διὰ
1421 1042 1472 1069 τῶν
1495 1041 1692 1076 ἱστορουμένων
1712 1041 1862 1077 θαυμάτων

1072 1088 1121 1114 οὒκ
1139 1087 1359 1123 ἀμφιϐάλλομεν·
1374 1087 1403 1114 τὸ
1417 1088 1444 1114 δὲ
1457 1087 1524 1119 πῶς,
1542 1087 1579 1118 ὡς
1592 1087 1683 1122 μεῖζον
1698 1087 1714 1122 ἢ
1729 1087 1799 1114 κατὰ
1815 1088 1861 1114 λς,-

1071 1127 1178 1168 ¹γισμῶν
1203 1133 1298 1167 ἔφοδον
1318 1133 1455 1168 διερεννᾷν
1473 1132 1686 1167 παραιτούμεθα.
1711 1133 1778 1159 Οὐδὲ
1802 1133 1860 1168 γὰρ

1072 1179 1162 1205 πᾶσαν
1185 1178 1233 1213 τὴν
1255 1179 1414 1213 σωματικήν
1426 1186 1454 1204 τε
1471 1177 1517 1204 καὶ
1537 1178 1634 1212 νοητὴν
1644 1177 1769 1213 γέννησιν
1783 1179 1860 1213 παρά

1071 1225 1121 1258 τῆς
1133 1224 1276 1259 ἀσωμάτου
1289 1232 1318 1250 τε
1328 1224 1373 1250 καὶ
1388 1223 1515 1250 ἀκτίστου
1531 1223 1637 1257 φύσεως
1651 1222 1798 1257 ὑποστῆναι
1816 1232 1860 1249 πι-

1072 1269 1222 1301 στεύοντες,
1235 1269 1265 1295 τὸ
1279 1269 1360 1296 πόθεν
1375 1269 1391 1304 ἢ
1404 1268 1434 1294 τὺ
1444 1269 1517 1299 ὅπως
1529 1269 1562 1303 τῇ
1575 1268 1638 1303 περὶ
1653 1268 1754 1294 τούτων
1768 1268 1859 1295 πίστει

1072 1315 1293 1349 συνεξετάζομεν.
1318 1313 1398 1340 ’Λλλά
1413 1313 1443 1339 τὸ
1457 1312 1620 1348 γεγενῆσθαι
1632 1313 1859 1349 παραδεχόμενοι,

1071 1360 1351 1395 ἀπολυπραγμόνητον
1373 1359 1473 1395 τρόπον
1490 1359 1540 1393 τῆς
1557 1358 1604 1385 τοῦ
1632 1359 1731 1390 παντὸς
1758 1359 1859 1386 συστά-

1072 1413 1139 1436 σεως
1164 1405 1380 1440 καταλείπομεν,
1402 1407 1440 1437 ὡς
1464 1406 1581 1440 ἄρρητον
1603 1404 1773 1431 παντάπασιν
1793 1405 1859 1432 ὅντα

1071 1450 1118 1476 καὶ
1129 1450 1336 1486 ἀνερμήνεντον.

1367 1606 1492 1632 ΚΕΦΑΛ.
1509 1605 1558 1632 ΙΒ⁶.

1106 1672 1158 1699 Τοῦ
1173 1672 1201 1699 δὲ
1220 1672 1286 1698 Θεὸν
1308 1672 1336 1698 ὲν
1362 1673 1443 1708 σαρκὶ
1462 1672 1671 1708 πεφανερῶσθαι
1692 1673 1757 1708 ἡμῖν
1773 1673 1786 1699 ὸ
1807 1672 1858 1704 τὶς

1069 1718 1219 1749 ἀποδείξεις
1244 1717 1392 1753 ἐπιζητῶν,
1411 1718 1480 1753 πρὸς
1495 1718 1545 1750 τὰς
1563 1719 1703 1755 ἐνεργείας
1723 1718 1855 1753 βλεπέτω,

1070 1764 1125 1791 Καὶ
1137 1763 1191 1799 γὰρ
1201 1763 1248 1790 τοῦ
1261 1764 1329 1795 ὅλως
1345 1762 1414 1790 εἶναι
1431 1764 1507 1795 Θεὸν,
1524 1765 1573 1791 οὑκ
1587 1764 1619 1791 ἂν
1633 1773 1673 1796 τις
1687 1765 1783 1800 ἑτέραν
1793 1766 1858 1791 ἀπό-

1068 1809 1148 1842 δειξιν
1158 1809 1224 1844 ἔχοι,
1236 1809 1279 1835 διὰ
1290 1809 1339 1843 τῆς
1352 1809 1405 1835 τῶν
1416 1809 1560 1845 ἐνεργειῶν
1576 1809 1738 1845 μαρτυρίας.
1750 1810 1858 1846 ’Ὥσπερ

1068 1857 1158 1883 τοίνυν
1175 1857 1215 1888 είς
1234 1855 1264 1882 τὸ
1281 1856 1334 1882 πᾶν
1349 1855 1506 1890 ἀφορῶντες
1517 1875 1524 1887 ,
1538 1855 1585 1881 καὶ
1602 1854 1651 1886 τὰς
1664 1855 1734 1881 κατὰ
1746 1854 1792 1880 τὸν
1809 1855 1857 1881 κό-

1070 1910 1137 1937 σμον
1152 1901 1308 1936 οἰκονομίας
1327 1900 1549 1932 ἐπισκοποῦντες,
1566 1900 1614 1926 καὶ
1633 1899 1682 1930 τὰς
1697 1899 1857 1935 εὐεργεσίας

1068 1948 1116 1979 τὰς
1128 1947 1219 1974 θεόθεν
1231 1947 1301 1974 κατά
1313 1947 1361 1982 τὴν
1370 1946 1441 1981 ζωὴν
1452 1945 1529 1981 ἡμῶν
1545 1945 1754 1980 ἐνεργουμένας,
1770 1945 1857 1980 ὑπερ-

1068 1993 1174 2020 κεῖσθαί
1185 2001 1245 2019 τινα
1260 1991 1374 2026 δύναμιν
1385 1991 1527 2026 ποιητικὴν
1547 1990 1599 2017 τῶν
1613 1990 1792 2025 γιγνομὲνων,
1811 1990 1857 2016 καὶ

1069 2038 1266 2073 συντηρητικὴν
1279 2037 1333 2063 τῶν
1346 2037 1430 2063 ὄντων
1442 2036 1684 2072 καταλαμϐάνομεν
1693 2044 1700 2051 ·
1711 2035 1797 2067 οὕτως
1810 2036 1856 2062 καὶ

1068 2083 1114 2110 ἐπὶ
1131 2083 1177 2109 τοῦ
1195 2082 1238 2109 διὰ
1254 2082 1353 2118 σαρκὸς
1372 2083 1438 2118 ἡμῖν
1455 2082 1658 2118 φανερωθέντος
1674 2081 1741 2108 Θεοῦ
1757 2082 1854 2116 ἱκανὴν

1067 2127 1202 2158 ἀπόδειξιν
1220 2127 1270 2162 τῆς
1285 2127 1445 2161 ἐπιφανείας
1466 2127 1515 2162 τῆς
1530 2127 1655 2162 θεότητος
1669 2127 1703 2153 τὰ
1720 2127 1790 2153 κατὰ
1804 2127 1856 2158 τὰς

231 2176 452 2212 operationibus,
471 2179 500 2201 ut
514 2175 561 2209 qui
578 2175 605 2200 in
623 2174 702 2201 factis
720 2181 781 2209 quae
797 2177 861 2200 sunt
876 2179 1013 2206 enarrata,

1070 2173 1208 2207 ἐνεργείας
1223 2171 1349 2207 θαύματα
1371 2173 1553 2207 πεποιήμεθα,
1569 2173 1657 2199 πάντα
1672 2173 1729 2203 τοῖς
1745 2172 1857 2207 ἱστορη-

232 2221 477 2248 animadvertimus
493 2227 555 2248 esse
571 2220 661 2246 omnia
679 2228 726 2254 per
741 2227 801 2254 qum
823 2220 914 2247 divina
927 2220 1016 2248 virtus

231 2267 404 2302 exprimitur.
431 2265 476 2293 Dei
495 2269 546 2298 est,
562 2265 702 2293 viviﬁcare
725 2265 858 2292 homines.
890 2265 936 2292 Dei
961 2269 1014 2297 est,

231 2320 261 2338 ea
277 2318 337 2346 quae
358 2314 433 2343 sunt,
451 2317 500 2337 sua
524 2317 688 2338 conservare
709 2309 863 2345 prudentia.
889 2308 935 2336 Dei
962 2313 1013 2342 est,

233 2357 322 2384 cibum
341 2356 434 2391 largiri
451 2359 478 2383 et
492 2355 630 2390 potionem
655 2355 688 2382 iis
706 2354 806 2389 quibus
822 2354 919 2389 obtigit
935 2359 964 2381 ut
987 2355 1014 2381 in

231 2410 314 2430 carne
327 2402 411 2429 vitam
437 2405 528 2437 agant.
558 2400 604 2428 Dei
632 2404 685 2433 est,
717 2400 741 2428 ei
763 2401 809 2436 qui
839 2408 907 2436 opus
933 2400 1014 2428 habet

232 2449 402 2476 benefacere.
431 2447 478 2475 Dei
503 2451 554 2480 est,
586 2455 619 2475 ex
649 2447 832 2474 imbecillitate
856 2455 1014 2482 perversam

233 2498 358 2520 naturam
385 2500 433 2528 per
457 2493 600 2520 sanitatem
628 2492 678 2519 sibi
711 2492 864 2519 restituere.
895 2491 942 2519 Dei
973 2497 1015 2521 est

232 2538 360 2566 similiter
387 2543 415 2566 et
431 2537 526 2565 eodem
555 2537 635 2564 modo
659 2537 783 2564 obtinere
799 2537 968 2566 dominatum
984 2538 1013 2566 in

231 2591 340 2611 omnem
364 2587 538 2615 creaturam,
565 2586 676 2615 terram,
705 2590 778 2609 mare
803 2586 830 2610 et
857 2590 958 2616 aerem,
987 2588 1014 2611 et

230 2630 323 2657 omnia
337 2637 398 2665 quae
415 2630 480 2656 sunt
504 2635 587 2663 supra
611 2635 712 2656 aerem.
732 2627 779 2656 Dei
805 2633 846 2656 est
867 2629 900 2656 ad
921 2629 1012 2656 omnia

231 2676 298 2703 satis
315 2676 415 2703 habere
430 2675 584 2710 potestatis,
608 2679 634 2702 et
652 2681 713 2703 ante
734 2675 825 2702 omnia
840 2683 902 2704 esse
917 2680 1013 2710 poten-

232 2723 327 2749 tiorem
344 2724 431 2748 morte
447 2725 474 2748 et
500 2721 623 2748 interitu.
652 2721 680 2748 Si
707 2729 773 2756 ergo
790 2721 891 2756 aliquid
917 2722 1013 2748 horum

231 2767 339 2794 deesset
351 2766 375 2794 ei
397 2774 457 2801 quae
481 2766 515 2794 de
546 2767 606 2802 ipso
619 2770 747 2793 narratur
761 2766 893 2798 historiae,
914 2765 1013 2793 merito

231 2811 313 2848 quia
334 2816 429 2841 nostra
445 2812 497 2840 ﬁde
522 2816 587 2841 sunt
609 2811 702 2844 alieni,
731 2811 864 2839 adversus
888 2815 1012 2839 nostrum

1069 2218 1154 2244 θεῖσιν
1173 2217 1275 2252 ἔργοις,
1289 2217 1323 2244 δι’
1339 2214 1376 2244 ὧν
1401 2219 1418 2253 ἡ
1434 2218 1494 2244 θεία
1513 2217 1744 2253 χαρακτηρίζεται
1762 2217 1855 2251 φύσις,

1067 2263 1293 2298 κατανοήσαντες.
1310 2263 1377 2290 Θεοῦ
1393 2264 1422 2289 τὺ
1442 2264 1582 2295 ζωοποιεῖν
1599 2264 1662 2294 τοὺς
1681 2262 1853 2297 ἀνθρώπους.

1067 2309 1134 2336 Θεοῦ
1152 2309 1182 2336 τὸ
1209 2311 1351 2345 συντηρεῖν
1380 2309 1424 2336 διὰ
1449 2310 1575 2344 προνοίας
1593 2309 1626 2336 τὰ
1641 2309 1714 2334 ὄντα.
1733 2307 1801 2335 Θεοῦ
1825 2308 1856 2334 τὸ

1068 2355 1168 2391 βρῶσιν
1188 2356 1234 2382 καὶ
1250 2356 1328 2382 πόσιν
1338 2356 1394 2386 τοῖς
1410 2355 1509 2390 σαρκὸς
1520 2355 1570 2389 τὴν
1586 2354 1657 2388 ζωὴν
1671 2354 1790 2388 είληχόσι
1804 2363 1855 2389 χα-

1068 2401 1200 2438 ρίζεσθαι.
1218 2401 1284 2428 Θεοῦ
1298 2401 1450 2436 εὐεργετεῖν
1464 2401 1510 2427 τδν
1523 2400 1658 2435 δεόμενον.
1673 2400 1740 2426 Θεοῦ
1753 2400 1782 2426 τὺ
1798 2409 1853 2427 πα-

1066 2449 1252 2485 ρατραπεῖσσιν
1262 2447 1291 2480 ἐξ
1303 2447 1444 2478 ἀσθενείας
1457 2447 1505 2481 τὴν
1520 2446 1610 2481 φύσιν,
1624 2446 1703 2473 πάλιν
1714 2446 1748 2472 δι’
1759 2447 1854 2480 ὑγείας

1065 2495 1136 2530 πρὸς
1150 2494 1247 2529 ἑαυτὴν
1258 2494 1414 2527 ἐπανάγειν.
1430 2492 1498 2518 Θεοῦ
1512 2492 1551 2529 τὸ-
1558 2492 1647 2527 πάσης
1663 2491 1854 2527 ὲπιχρατεύειν

1065 2540 1251 2576 ὁμοιοτρόπως
1267 2539 1316 2574 τῆς
1334 2539 1464 2570 κτίσεως,
1483 2539 1535 2573 γῆς
1547 2558 1555 2570 ,
1573 2537 1729 2572 θαλάσσης,
1759 2538 1850 2572 ἀέρος,

1064 2586 1118 2613 τῶν
1143 2585 1215 2619 ὑπὲρ
1233 2584 1278 2610 τὸν
1304 2584 1373 2619 ἀέρα
1393 2584 1494 2610 τόπων.
1525 2582 1592 2609 Θεοῦ
1618 2583 1648 2609 τὸ
1669 2583 1738 2618 πρὸς
1762 2583 1852 2609 πάντα

1064 2631 1162 2667 διαρκῆ
1185 2630 1235 2666 τὴν
1257 2629 1372 2664 δύναμιν
1389 2629 1470 2664 ἔχειν,
1489 2629 1535 2656 καὶ
1556 2628 1609 2663 πρό
1629 2637 1662 2662 γε
1691 2628 1799 2654 πάντων
1820 2629 1851 2654 τὸ

1065 2675 1180 2702 θανάτου
1200 2675 1247 2701 καὶ
1273 2674 1376 2709 φθορᾶς
1401 2672 1470 2700 εἶναι
1495 2673 1646 2709 κρείττονα.
1672 2673 1703 2699 Εἰ
1729 2674 1777 2708 μὲν
1804 2671 1851 2700 οὖν

1064 2730 1135 2753 τινος
1154 2721 1256 2749 τούτων
1267 2720 1377 2755 ἐλλιπὴς
1389 2718 1422 2756 ἦν
1436 2721 1452 2755 ή
1474 2719 1538 2753 περὶ
1553 2719 1635 2745 αὐτὸν
1649 2718 1764 2753 ἱστορία,
1777 2719 1849 2745 εικό-

1064 2774 1118 2797 τως
1139 2766 1169 2792 τὸ
1190 2766 1339 2801 μυστήριον
1352 2764 1429 2800 ἡμῶν
1451 2764 1476 2790 οι
1495 2763 1547 2796 ἔξω
1564 2762 1615 2797 τῆς
1633 2763 1750 2794 πίστεως
1769 2763 1850 2798 ήμῶν

1065 2811 1288 2838 παοετξάέοντυ·
1305 2811 1328 2836 εί
1351 2810 1378 2837 δὲ
1399 2810 1431 2837 δι’
1450 2806 1488 2836 ὧν
1505 2810 1604 2836 νοεῖται
1623 2808 1697 2841 Θεὸς,
1716 2808 1805 2836 πάντα
1819 2809 1850 2834 ἐν
