  <div class='ocr_page' id='page_1' title='image "/cluster/home/n/w/nwhite01/storage/ocr_20150623/45/njp.32101077772596/034.png"; bbox 0 0 1926 3080; ppageno 0'>
   <div class='ocr_carea' id='block_1_1' title="bbox 78 79 109 105">
    <p class='ocr_par' dir='ltr' id='par_1_1' title="bbox 78 79 109 105">
     <span class='ocr_line' id='line_1_1' title="bbox 78 79 109 105; baseline 0.097 -6"><span class='ocrx_word' id='word_1_1' title='bbox 78 79 90 105; x_wconf 77' lang='lat' dir='ltr'><strong>.I</strong></span> <span class='ocrx_word' id='word_1_2' title='bbox 95 79 109 103; x_wconf 80' lang='lat' dir='ltr'><strong>.‘i</strong></span> 
     </span>
    </p>
   </div>
   <div class='ocr_carea' id='block_1_2' title="bbox 696 72 1086 102">
    <p class='ocr_par' dir='ltr' id='par_1_2' title="bbox 696 72 1086 102">
     <span class='ocr_line' id='line_1_2' title="bbox 696 72 1086 102; baseline -0.008 0"><span class='ocrx_word' id='word_1_3' title='bbox 696 75 761 102; x_wconf 76' lang='lat' dir='ltr'><strong>om</strong></span> <span class='ocrx_word' id='word_1_4' title='bbox 767 73 822 102; x_wconf 77' lang='grc' dir='ltr'><strong>’ΠΟ</strong></span> <span class='ocrx_word' id='word_1_5' title='bbox 837 72 1086 100; x_wconf 73' lang='lat' dir='ltr'><strong>CATECIIETICA.</strong></span> 
     </span>
    </p>
   </div>
   <div class='ocr_carea' id='block_1_3' title="bbox 1666 64 1700 92">
    <p class='ocr_par' dir='ltr' id='par_1_3' title="bbox 1666 64 1700 92">
     <span class='ocr_line' id='line_1_3' title="bbox 1666 64 1700 92; baseline -0.029 0"><span class='ocrx_word' id='word_1_6' title='bbox 1666 64 1700 92; x_wconf 75' lang='grc'><strong>46</strong></span> 
     </span>
    </p>
   </div>
   <div class='ocr_carea' id='block_1_4' title="bbox 78 123 888 173">
    <p class='ocr_par' dir='ltr' id='par_1_4' title="bbox 78 132 888 173">
     <span class='ocr_line' id='line_1_4' title="bbox 78 132 888 173; baseline -0.007 -10"><span class='ocrx_word' id='word_1_7' title='bbox 78 139 132 169; x_wconf 72' lang='grc' dir='ltr'>τοῖς</span> <span class='ocrx_word' id='word_1_8' title='bbox 151 137 217 173; x_wconf 75' lang='grc' dir='ltr'>περὶ</span> <span class='ocrx_word' id='word_1_9' title='bbox 233 136 315 163; x_wconf 72' lang='grc' dir='ltr'>αὑτοῦ</span> <span class='ocrx_word' id='word_1_10' title='bbox 333 135 480 171; x_wconf 70' lang='grc' dir='ltr'><strong>διηγήμασι</strong></span> <span class='ocrx_word' id='word_1_11' title='bbox 494 134 652 170; x_wconf 77' lang='grc' dir='ltr'>καθορᾶται,</span> <span class='ocrx_word' id='word_1_12' title='bbox 668 133 693 159; x_wconf 73' lang='grc' dir='ltr'><em>τί</em></span> <span class='ocrx_word' id='word_1_13' title='bbox 708 133 738 158; x_wconf 82' lang='grc' dir='ltr'><strong>τὸ</strong></span> <span class='ocrx_word' id='word_1_14' title='bbox 756 132 867 168; x_wconf 73' lang='grc' dir='ltr'><strong>ἐμποδί-</strong></span> <span class='ocrx_word' id='word_1_15' title='bbox 884 155 888 162; x_wconf 46' lang='grc' dir='ltr'><strong>η</strong></span> 
     </span>
    </p>
   </div>
   <div class='ocr_carea' id='block_1_5' title="bbox 941 123 1701 173">
    <p class='ocr_par' dir='ltr' id='par_1_5' title="bbox 941 123 1701 164">
     <span class='ocr_line' id='line_1_5' title="bbox 941 123 1701 164; baseline -0.012 -6"><span class='ocrx_word' id='word_1_16' title='bbox 941 131 1129 158; x_wconf 73' lang='lat' dir='ltr'><strong>rmscriberent</strong></span> <span class='ocrx_word' id='word_1_17' title='bbox 1145 127 1303 164; x_wconf 70' lang='lat' dir='ltr'><strong>mysterium</strong></span> <span class='ocrx_word' id='word_1_18' title='bbox 1319 135 1326 159; x_wconf 87' lang='lat'><strong>;</strong></span> <span class='ocrx_word' id='word_1_19' title='bbox 1343 126 1365 153; x_wconf 87' lang='lat' dir='ltr'><strong>si</strong></span> <span class='ocrx_word' id='word_1_20' title='bbox 1384 132 1447 153; x_wconf 88' lang='lat' dir='ltr'><strong>vero</strong></span> <span class='ocrx_word' id='word_1_21' title='bbox 1471 123 1563 151; x_wconf 88' lang='lat' dir='ltr'><strong>omnia</strong></span> <span class='ocrx_word' id='word_1_22' title='bbox 1580 130 1626 157; x_wconf 91' lang='lat' dir='ltr'><strong>per</strong></span> <span class='ocrx_word' id='word_1_23' title='bbox 1641 130 1701 157; x_wconf 79' lang='lat' dir='ltr'><strong>quae</strong></span> 
     </span>
    </p>
   </div>
   <div class='ocr_carea' id='block_1_6' title="bbox 81 183 303 218">
    <p class='ocr_par' dir='ltr' id='par_1_6' title="bbox 81 183 303 218">
     <span class='ocr_line' id='line_1_6' title="bbox 81 183 303 218; baseline -0.009 -8"><span class='ocrx_word' id='word_1_24' title='bbox 81 184 125 216; x_wconf 83' lang='grc' dir='ltr'>ζον</span> <span class='ocrx_word' id='word_1_25' title='bbox 144 185 173 218; x_wconf 82' lang='grc' dir='ltr'>τῇ</span> <span class='ocrx_word' id='word_1_26' title='bbox 192 183 303 213; x_wconf 75' lang='grc' dir='ltr'>πῖστεις</span> 
     </span>
    </p>
   </div>
   <div class='ocr_carea' id='block_1_7' title="bbox 380 290 574 317">
    <p class='ocr_par' dir='ltr' id='par_1_7' title="bbox 380 290 574 317">
     <span class='ocr_line' id='line_1_7' title="bbox 380 290 574 317; baseline -0.005 0"><span class='ocrx_word' id='word_1_27' title='bbox 380 290 505 317; x_wconf 74' lang='grc' dir='ltr'><strong>ΚΕΦΑΛ.</strong></span> <span class='ocrx_word' id='word_1_28' title='bbox 526 290 574 316; x_wconf 71' lang='lat' dir='ltr'>II&quot;.</span> 
     </span>
    </p>
   </div>
   <div class='ocr_carea' id='block_1_8' title="bbox 123 356 873 393">
    <p class='ocr_par' dir='ltr' id='par_1_8' title="bbox 123 356 873 393">
     <span class='ocr_line' id='line_1_8' title="bbox 123 356 873 393; baseline -0.004 -8"><span class='ocrx_word' id='word_1_29' title='bbox 123 358 215 389; x_wconf 80' lang='grc' dir='ltr'>Ἀλλὰ,</span> <span class='ocrx_word' id='word_1_30' title='bbox 228 356 434 393; x_wconf 69' lang='grc' dir='ltr'>φησὶ,γὲνντισῖς</span> <span class='ocrx_word' id='word_1_31' title='bbox 446 366 475 383; x_wconf 88' lang='grc' dir='ltr'>τε</span> <span class='ocrx_word' id='word_1_32' title='bbox 488 357 535 383; x_wconf 73' lang='grc' dir='ltr'>καὶ</span> <span class='ocrx_word' id='word_1_33' title='bbox 546 356 659 388; x_wconf 77' lang='grc' dir='ltr'>θάνατος</span> <span class='ocrx_word' id='word_1_34' title='bbox 670 356 735 382; x_wconf 81' lang='grc' dir='ltr'>ἴδιον</span> <span class='ocrx_word' id='word_1_35' title='bbox 749 356 798 387; x_wconf 80' lang='grc' dir='ltr'><strong>τῆς</strong></span> <span class='ocrx_word' id='word_1_36' title='bbox 811 365 873 391; x_wconf 83' lang='grc' dir='ltr'>σαρ-</span> 
     </span>
    </p>
   </div>
   <div class='ocr_carea' id='block_1_9' title="bbox 81 401 889 439">
    <p class='ocr_par' dir='ltr' id='par_1_9' title="bbox 81 401 889 439">
     <span class='ocr_line' id='line_1_9' title="bbox 81 401 889 439; baseline 0 -9"><span class='ocrx_word' id='word_1_37' title='bbox 81 404 164 438; x_wconf 79' lang='grc' dir='ltr'>κικῆς</span> <span class='ocrx_word' id='word_1_38' title='bbox 187 404 246 429; x_wconf 79' lang='grc' dir='ltr'>ἐστι</span> <span class='ocrx_word' id='word_1_39' title='bbox 271 401 377 436; x_wconf 72' lang='grc' dir='ltr'>φύσεως</span> <span class='ocrx_word' id='word_1_40' title='bbox 427 402 498 436; x_wconf 60' lang='grc' dir='ltr'>φημὶ</span> <span class='ocrx_word' id='word_1_41' title='bbox 521 401 889 439; x_wconf 73' lang='grc' dir='ltr'><strong>κάγώ.Ἀλλὰκαὶτδπρὸτῆς</strong></span> 
     </span>
    </p>
   </div>
   <div class='ocr_carea' id='block_1_10' title="bbox 82 446 874 483">
    <p class='ocr_par' dir='ltr' id='par_1_10' title="bbox 82 446 874 483">
     <span class='ocr_line' id='line_1_10' title="bbox 82 446 874 483; baseline -0.003 -9"><span class='ocrx_word' id='word_1_42' title='bbox 82 449 236 483; x_wconf 76' lang='grc' dir='ltr'><strong>γεννήσεως</strong></span> <span class='ocrx_word' id='word_1_43' title='bbox 253 447 343 474; x_wconf 77' lang='grc' dir='ltr'>καὶτὸ</span> <span class='ocrx_word' id='word_1_44' title='bbox 362 447 432 482; x_wconf 82' lang='grc' dir='ltr'>μετὰ</span> <span class='ocrx_word' id='word_1_45' title='bbox 445 448 491 473; x_wconf 81' lang='grc' dir='ltr'><strong>τὸν</strong></span> <span class='ocrx_word' id='word_1_46' title='bbox 507 446 621 474; x_wconf 84' lang='grc' dir='ltr'>θάνατον</span> <span class='ocrx_word' id='word_1_47' title='bbox 638 447 686 482; x_wconf 88' lang='grc' dir='ltr'><strong>τὴν</strong></span> <span class='ocrx_word' id='word_1_48' title='bbox 703 447 753 481; x_wconf 84' lang='grc' dir='ltr'><strong>τῆς</strong></span> <span class='ocrx_word' id='word_1_49' title='bbox 766 446 874 481; x_wconf 83' lang='grc' dir='ltr'>φύσεως</span> 
     </span>
    </p>
   </div>
   <div class='ocr_carea' id='block_1_11' title="bbox 82 491 874 529">
    <p class='ocr_par' dir='ltr' id='par_1_11' title="bbox 82 491 874 529">
     <span class='ocr_line' id='line_1_11' title="bbox 82 491 874 529; baseline -0.003 -10"><span class='ocrx_word' id='word_1_50' title='bbox 82 494 163 529; x_wconf 79' lang='grc' dir='ltr'><strong>ἡμῶν</strong></span> <span class='ocrx_word' id='word_1_51' title='bbox 179 492 309 526; x_wconf 70' lang='grc' dir='ltr'>ἐκφεύγει</span> <span class='ocrx_word' id='word_1_52' title='bbox 324 492 475 526; x_wconf 83' lang='grc' dir='ltr'>κοινότητα.</span> <span class='ocrx_word' id='word_1_53' title='bbox 493 492 540 523; x_wconf 68' lang='lat' dir='ltr'><strong>Et;</strong></span> <span class='ocrx_word' id='word_1_54' title='bbox 557 491 611 527; x_wconf 79' lang='grc' dir='ltr'>γὰρ</span> <span class='ocrx_word' id='word_1_55' title='bbox 624 491 741 526; x_wconf 78' lang='grc' dir='ltr'>ἑκάτερα</span> <span class='ocrx_word' id='word_1_56' title='bbox 762 491 810 526; x_wconf 85' lang='grc' dir='ltr'><strong>τῆς</strong></span> <span class='ocrx_word' id='word_1_57' title='bbox 825 491 874 517; x_wconf 81' lang='grc' dir='ltr'><strong>ἀν-</strong></span> 
     </span>
    </p>
   </div>
   <div class='ocr_carea' id='block_1_12' title="bbox 85 531 874 575">
    <p class='ocr_par' dir='ltr' id='par_1_12' title="bbox 85 531 874 575">
     <span class='ocr_line' id='line_1_12' title="bbox 85 531 874 575; baseline -0.004 -10"><span class='ocrx_word' id='word_1_58' title='bbox 85 539 226 575; x_wconf 79' lang='grc' dir='ltr'>θρωπίνης</span> <span class='ocrx_word' id='word_1_59' title='bbox 251 537 324 572; x_wconf 78' lang='grc' dir='ltr'><strong>ζωῆς</strong></span> <span class='ocrx_word' id='word_1_60' title='bbox 355 537 390 564; x_wconf 83' lang='grc' dir='ltr'>τὰ</span> <span class='ocrx_word' id='word_1_61' title='bbox 413 537 519 573; x_wconf 82' lang='grc' dir='ltr'>πέρατα</span> <span class='ocrx_word' id='word_1_62' title='bbox 546 537 704 571; x_wconf 80' lang='grc' dir='ltr'><strong>βλέποντες,</strong></span> <span class='ocrx_word' id='word_1_63' title='bbox 726 531 804 571; x_wconf 62' lang='grc' dir='ltr'>ἴσμεν</span> <span class='ocrx_word' id='word_1_64' title='bbox 828 536 874 563; x_wconf 77' lang='grc' dir='ltr'>καὶ</span> 
     </span>
    </p>
   </div>
   <div class='ocr_carea' id='block_1_13' title="bbox 85 581 875 618">
    <p class='ocr_par' dir='ltr' id='par_1_13' title="bbox 85 581 875 618">
     <span class='ocr_line' id='line_1_13' title="bbox 85 581 875 618; baseline -0.008 -6"><span class='ocrx_word' id='word_1_65' title='bbox 85 584 148 613; x_wconf 78' lang='grc' dir='ltr'>ὅθεν</span> <span class='ocrx_word' id='word_1_66' title='bbox 166 583 317 618; x_wconf 80' lang='grc' dir='ltr'><strong>ἀρχόμεθα,</strong></span> <span class='ocrx_word' id='word_1_67' title='bbox 332 583 378 609; x_wconf 72' lang='grc' dir='ltr'>καὶ</span> <span class='ocrx_word' id='word_1_68' title='bbox 390 583 430 614; x_wconf 84' lang='grc' dir='ltr'>εις</span> <span class='ocrx_word' id='word_1_69' title='bbox 445 583 471 608; x_wconf 81' lang='grc' dir='ltr'><em>τί</em></span> <span class='ocrx_word' id='word_1_70' title='bbox 486 581 687 616; x_wconf 85' lang='grc' dir='ltr'>καταλήγομεν.</span> <span class='ocrx_word' id='word_1_71' title='bbox 710 581 758 608; x_wconf 81' lang='grc' dir='ltr'>Ἐκ</span> <span class='ocrx_word' id='word_1_72' title='bbox 773 581 875 612; x_wconf 82' lang='grc' dir='ltr'><strong>πάθους</strong></span> 
     </span>
    </p>
   </div>
   <div class='ocr_carea' id='block_1_14' title="bbox 87 625 876 665">
    <p class='ocr_par' dir='ltr' id='par_1_14' title="bbox 87 625 876 665">
     <span class='ocr_line' id='line_1_14' title="bbox 87 625 876 665; baseline -0.006 -9"><span class='ocrx_word' id='word_1_73' title='bbox 87 630 143 665; x_wconf 73' lang='grc' dir='ltr'>γὰρ</span> <span class='ocrx_word' id='word_1_74' title='bbox 168 629 322 664; x_wconf 75' lang='grc' dir='ltr'>ἀρξάμενος</span> <span class='ocrx_word' id='word_1_75' title='bbox 339 628 385 654; x_wconf 80' lang='grc' dir='ltr'><strong>τοῦ</strong></span> <span class='ocrx_word' id='word_1_76' title='bbox 401 625 468 653; x_wconf 80' lang='grc' dir='ltr'>εἶναι</span> <span class='ocrx_word' id='word_1_77' title='bbox 492 627 506 653; x_wconf 81' lang='grc' dir='ltr'>ὀ</span> <span class='ocrx_word' id='word_1_78' title='bbox 529 626 689 662; x_wconf 77' lang='grc' dir='ltr'>ἅνθρωπος,</span> <span class='ocrx_word' id='word_1_79' title='bbox 717 625 796 652; x_wconf 77' lang='grc' dir='ltr'>πάθει</span> <span class='ocrx_word' id='word_1_80' title='bbox 815 633 876 652; x_wconf 81' lang='grc' dir='ltr'>συν-</span> 
     </span>
    </p>
   </div>
   <div class='ocr_carea' id='block_1_15' title="bbox 88 671 876 710">
    <p class='ocr_par' dir='ltr' id='par_1_15' title="bbox 88 671 876 710">
     <span class='ocr_line' id='line_1_15' title="bbox 88 671 876 710; baseline -0.008 -8"><span class='ocrx_word' id='word_1_81' title='bbox 88 673 279 710; x_wconf 79' lang='grc' dir='ltr'>απαρτίζεται.</span> <span class='ocrx_word' id='word_1_82' title='bbox 313 673 385 699; x_wconf 84' lang='grc' dir='ltr'>Ἑκεί</span> <span class='ocrx_word' id='word_1_83' title='bbox 398 672 427 698; x_wconf 81' lang='grc' dir='ltr'>δὲ</span> <span class='ocrx_word' id='word_1_84' title='bbox 450 671 540 706; x_wconf 62' lang='lat' dir='ltr'><strong>eine-Il</strong></span> <span class='ocrx_word' id='word_1_85' title='bbox 558 671 684 706; x_wconf 76' lang='grc' dir='ltr'>γέννησις</span> <span class='ocrx_word' id='word_1_86' title='bbox 699 671 753 697; x_wconf 77' lang='grc' dir='ltr'><strong>ἀπὸ</strong></span> <span class='ocrx_word' id='word_1_87' title='bbox 773 671 876 702; x_wconf 77' lang='grc' dir='ltr'><strong>πάθους</strong></span> 
     </span>
    </p>
   </div>
   <div class='ocr_carea' id='block_1_16' title="bbox 86 715 876 757">
    <p class='ocr_par' dir='ltr' id='par_1_16' title="bbox 86 715 876 757">
     <span class='ocr_line' id='line_1_16' title="bbox 86 715 876 757; baseline -0.008 -9"><span class='ocrx_word' id='word_1_88' title='bbox 86 722 190 757; x_wconf 76' lang='grc' dir='ltr'>ἧρξατο</span> <span class='ocrx_word' id='word_1_89' title='bbox 203 739 210 752; x_wconf 86' lang='grc'><em>,</em></span> <span class='ocrx_word' id='word_1_90' title='bbox 238 719 300 746; x_wconf 67' lang='grc' dir='ltr'>οὔτε</span> <span class='ocrx_word' id='word_1_91' title='bbox 315 719 328 745; x_wconf 81' lang='grc' dir='ltr'><strong>ό</strong></span> <span class='ocrx_word' id='word_1_92' title='bbox 344 719 458 750; x_wconf 82' lang='grc' dir='ltr'>θάνατος</span> <span class='ocrx_word' id='word_1_93' title='bbox 479 718 519 749; x_wconf 85' lang='grc' dir='ltr'>εἰς</span> <span class='ocrx_word' id='word_1_94' title='bbox 536 718 622 750; x_wconf 82' lang='grc' dir='ltr'>πάθος</span> <span class='ocrx_word' id='word_1_95' title='bbox 637 716 792 751; x_wconf 79' lang='grc' dir='ltr'>κατέληξεν.</span> <span class='ocrx_word' id='word_1_96' title='bbox 808 715 876 743; x_wconf 75' lang='grc' dir='ltr'>Οὔτε</span> 
     </span>
    </p>
   </div>
   <div class='ocr_carea' id='block_1_17' title="bbox 87 761 877 802">
    <p class='ocr_par' dir='ltr' id='par_1_17' title="bbox 87 761 877 802">
     <span class='ocr_line' id='line_1_17' title="bbox 87 761 877 802; baseline -0.008 -9"><span class='ocrx_word' id='word_1_97' title='bbox 87 768 144 802; x_wconf 85' lang='grc' dir='ltr'><strong>γὰρ</strong></span> <span class='ocrx_word' id='word_1_98' title='bbox 157 767 207 800; x_wconf 82' lang='grc' dir='ltr'><strong>τῆς</strong></span> <span class='ocrx_word' id='word_1_99' title='bbox 223 766 376 800; x_wconf 81' lang='grc' dir='ltr'>γεννήσεως</span> <span class='ocrx_word' id='word_1_100' title='bbox 391 764 470 800; x_wconf 80' lang='grc' dir='ltr'>ἡδονὴ</span> <span class='ocrx_word' id='word_1_101' title='bbox 483 763 657 798; x_wconf 74' lang='grc' dir='ltr'><strong>καθηγήσατο</strong></span> <span class='ocrx_word' id='word_1_102' title='bbox 670 782 678 794; x_wconf 85' lang='lat'><strong>,</strong></span> <span class='ocrx_word' id='word_1_103' title='bbox 697 761 758 788; x_wconf 79' lang='grc' dir='ltr'>οὕτε</span> <span class='ocrx_word' id='word_1_104' title='bbox 772 761 816 788; x_wconf 75' lang='grc' dir='ltr'>τὸν</span> <span class='ocrx_word' id='word_1_105' title='bbox 830 761 877 788; x_wconf 71' lang='grc' dir='ltr'><strong>Θάο</strong></span> 
     </span>
    </p>
   </div>
   <div class='ocr_carea' id='block_1_18' title="bbox 922 167 1699 209">
    <p class='ocr_par' dir='ltr' id='par_1_18' title="bbox 922 167 1699 209">
     <span class='ocr_line' id='line_1_18' title="bbox 922 167 1699 209; baseline -0.013 -7"><span class='ocrx_word' id='word_1_106' title='bbox 922 175 992 202; x_wconf 80' lang='lat' dir='ltr'><strong>Deus</strong></span> <span class='ocrx_word' id='word_1_107' title='bbox 1020 174 1189 209; x_wconf 81' lang='lat' dir='ltr'><strong>intelligitur,</strong></span> <span class='ocrx_word' id='word_1_108' title='bbox 1218 174 1368 199; x_wconf 88' lang='lat' dir='ltr'><strong>cernuntur</strong></span> <span class='ocrx_word' id='word_1_109' title='bbox 1391 170 1418 196; x_wconf 90' lang='lat' dir='ltr'><strong>in</strong></span> <span class='ocrx_word' id='word_1_110' title='bbox 1440 169 1475 196; x_wconf 92' lang='lat' dir='ltr'><strong>iis</strong></span> <span class='ocrx_word' id='word_1_111' title='bbox 1491 175 1551 202; x_wconf 74' lang='lat' dir='ltr'><strong>quze</strong></span> <span class='ocrx_word' id='word_1_112' title='bbox 1583 167 1616 193; x_wconf 87' lang='lat' dir='ltr'><strong>de</strong></span> <span class='ocrx_word' id='word_1_113' title='bbox 1640 168 1699 201; x_wconf 88' lang='lat' dir='ltr'><strong>ipso</strong></span> 
     </span>
    </p>
   </div>
   <div class='ocr_carea' id='block_1_19' title="bbox 923 212 1563 253">
    <p class='ocr_par' dir='ltr' id='par_1_19' title="bbox 923 212 1563 253">
     <span class='ocr_line' id='line_1_19' title="bbox 923 212 1563 253; baseline -0.014 -6"><span class='ocrx_word' id='word_1_114' title='bbox 923 223 1079 251; x_wconf 70' lang='lat' dir='ltr'><strong>narrantur,</strong></span> <span class='ocrx_word' id='word_1_115' title='bbox 1101 218 1166 253; x_wconf 89' lang='lat' dir='ltr'><strong>quid</strong></span> <span class='ocrx_word' id='word_1_116' title='bbox 1181 221 1223 244; x_wconf 85' lang='lat' dir='ltr'><strong>est</strong></span> <span class='ocrx_word' id='word_1_117' title='bbox 1234 215 1304 252; x_wconf 89' lang='lat' dir='ltr'><strong>quod</strong></span> <span class='ocrx_word' id='word_1_118' title='bbox 1322 214 1400 242; x_wconf 87' lang='lat' dir='ltr'><strong>Iidem</strong></span> <span class='ocrx_word' id='word_1_119' title='bbox 1414 212 1563 248; x_wconf 76' lang='lat' dir='ltr'><strong>impediat?</strong></span> 
     </span>
    </p>
   </div>
   <div class='ocr_carea' id='block_1_20' title="bbox 1211 279 1413 309">
    <p class='ocr_par' dir='ltr' id='par_1_20' title="bbox 1211 279 1413 309">
     <span class='ocr_line' id='line_1_20' title="bbox 1211 279 1413 309; baseline -0.015 0"><span class='ocrx_word' id='word_1_120' title='bbox 1211 280 1324 309; x_wconf 68' lang='lat' dir='ltr'><strong>CAPUT</strong></span> <span class='ocrx_word' id='word_1_121' title='bbox 1344 279 1413 306; x_wconf 75' lang='lat' dir='ltr'>XIII.</span> 
     </span>
    </p>
   </div>
   <div class='ocr_carea' id='block_1_21' title="bbox 957 345 1704 385">
    <p class='ocr_par' dir='ltr' id='par_1_21' title="bbox 957 345 1704 385">
     <span class='ocr_line' id='line_1_21' title="bbox 957 345 1704 385; baseline -0.012 -6"><span class='ocrx_word' id='word_1_122' title='bbox 957 353 991 379; x_wconf 78' lang='lat' dir='ltr'><strong>At</strong></span> <span class='ocrx_word' id='word_1_123' title='bbox 1005 356 1094 384; x_wconf 81' lang='lat' dir='ltr'><strong>ortus,</strong></span> <span class='ocrx_word' id='word_1_124' title='bbox 1113 350 1211 385; x_wconf 84' lang='lat' dir='ltr'><strong>inquit,</strong></span> <span class='ocrx_word' id='word_1_125' title='bbox 1226 353 1252 376; x_wconf 89' lang='lat' dir='ltr'><strong>et</strong></span> <span class='ocrx_word' id='word_1_126' title='bbox 1269 355 1342 375; x_wconf 92' lang='lat' dir='ltr'><strong>mors</strong></span> <span class='ocrx_word' id='word_1_127' title='bbox 1369 350 1411 374; x_wconf 88' lang='lat' dir='ltr'><strong>est</strong></span> <span class='ocrx_word' id='word_1_128' title='bbox 1437 345 1578 381; x_wconf 87' lang='lat' dir='ltr'><strong>proprium</strong></span> <span class='ocrx_word' id='word_1_129' title='bbox 1599 348 1704 371; x_wconf 75' lang='lat' dir='ltr'><strong>natura:</strong></span> 
     </span>
    </p>
   </div>
   <div class='ocr_carea' id='block_1_22' title="bbox 923 390 1705 427">
    <p class='ocr_par' dir='ltr' id='par_1_22' title="bbox 923 390 1705 427">
     <span class='ocr_line' id='line_1_22' title="bbox 923 390 1705 427; baseline -0.013 -1"><span class='ocrx_word' id='word_1_130' title='bbox 923 399 1027 426; x_wconf 83' lang='lat' dir='ltr'><strong>carnis.</strong></span> <span class='ocrx_word' id='word_1_131' title='bbox 1043 397 1181 425; x_wconf 84' lang='lat' dir='ltr'><strong>Concedo.</strong></span> <span class='ocrx_word' id='word_1_132' title='bbox 1208 395 1261 422; x_wconf 88' lang='lat' dir='ltr'><strong>Sed</strong></span> <span class='ocrx_word' id='word_1_133' title='bbox 1291 398 1317 421; x_wconf 90' lang='lat' dir='ltr'><strong>et</strong></span> <span class='ocrx_word' id='word_1_134' title='bbox 1343 393 1370 420; x_wconf 90' lang='lat' dir='ltr'><strong>id</strong></span> <span class='ocrx_word' id='word_1_135' title='bbox 1386 392 1456 427; x_wconf 91' lang='lat' dir='ltr'><strong>quod</strong></span> <span class='ocrx_word' id='word_1_136' title='bbox 1480 391 1530 418; x_wconf 79' lang='lat' dir='ltr'><strong>fuit</strong></span> <span class='ocrx_word' id='word_1_137' title='bbox 1557 395 1620 418; x_wconf 92' lang='lat' dir='ltr'><strong>ante</strong></span> <span class='ocrx_word' id='word_1_138' title='bbox 1644 390 1705 424; x_wconf 88' lang='lat' dir='ltr'><strong>ejus</strong></span> 
     </span>
    </p>
   </div>
   <div class='ocr_carea' id='block_1_23' title="bbox 923 438 1706 478">
    <p class='ocr_par' dir='ltr' id='par_1_23' title="bbox 923 438 1706 478">
     <span class='ocr_line' id='line_1_23' title="bbox 923 438 1706 478; baseline -0.011 -6"><span class='ocrx_word' id='word_1_139' title='bbox 923 449 1025 476; x_wconf 90' lang='lat' dir='ltr'><strong>ortum,</strong></span> <span class='ocrx_word' id='word_1_140' title='bbox 1042 448 1068 472; x_wconf 87' lang='lat' dir='ltr'><strong>et</strong></span> <span class='ocrx_word' id='word_1_141' title='bbox 1083 443 1108 470; x_wconf 93' lang='lat' dir='ltr'><strong>id</strong></span> <span class='ocrx_word' id='word_1_142' title='bbox 1124 442 1198 478; x_wconf 83' lang='lat' dir='ltr'><strong>quod</strong></span> <span class='ocrx_word' id='word_1_143' title='bbox 1216 441 1266 468; x_wconf 78' lang='lat' dir='ltr'><strong>fuit</strong></span> <span class='ocrx_word' id='word_1_144' title='bbox 1282 444 1344 476; x_wconf 81' lang='lat' dir='ltr'><strong>post</strong></span> <span class='ocrx_word' id='word_1_145' title='bbox 1360 443 1485 471; x_wconf 74' lang='lat' dir='ltr'><strong>murtam,</strong></span> <span class='ocrx_word' id='word_1_146' title='bbox 1499 438 1591 473; x_wconf 65' lang='lat' dir='ltr'><strong>effugit</strong></span> <span class='ocrx_word' id='word_1_147' title='bbox 1603 441 1706 464; x_wconf 71' lang='lat' dir='ltr'><strong>natura:</strong></span> 
     </span>
    </p>
   </div>
   <div class='ocr_carea' id='block_1_24' title="bbox 924 484 1707 519">
    <p class='ocr_par' dir='ltr' id='par_1_24' title="bbox 924 484 1707 519">
     <span class='ocr_line' id='line_1_24' title="bbox 924 484 1707 519; baseline -0.011 0"><span class='ocrx_word' id='word_1_148' title='bbox 924 495 1026 519; x_wconf 59' lang='lat' dir='ltr'><strong>nostra</strong></span> <span class='ocrx_word' id='word_1_149' title='bbox 1054 489 1288 517; x_wconf 77' lang='lat' dir='ltr'><strong>communitatem.</strong></span> <span class='ocrx_word' id='word_1_150' title='bbox 1319 486 1357 513; x_wconf 79' lang='lat' dir='ltr'><strong>Ad</strong></span> <span class='ocrx_word' id='word_1_151' title='bbox 1392 485 1516 512; x_wconf 71' lang='lat' dir='ltr'><strong>humana:</strong></span> <span class='ocrx_word' id='word_1_152' title='bbox 1545 485 1617 512; x_wconf 89' lang='lat' dir='ltr'><strong>enim</strong></span> <span class='ocrx_word' id='word_1_153' title='bbox 1645 484 1707 510; x_wconf 71' lang='lat' dir='ltr'><strong>vita:</strong></span> 
     </span>
    </p>
   </div>
   <div class='ocr_carea' id='block_1_25' title="bbox 925 529 1708 571">
    <p class='ocr_par' dir='ltr' id='par_1_25' title="bbox 925 529 1708 571">
     <span class='ocr_line' id='line_1_25' title="bbox 925 529 1708 571; baseline -0.011 -8"><span class='ocrx_word' id='word_1_154' title='bbox 925 540 1070 571; x_wconf 89' lang='lat' dir='ltr'><strong>utrumque</strong></span> <span class='ocrx_word' id='word_1_155' title='bbox 1087 535 1167 562; x_wconf 79' lang='lat' dir='ltr'><strong>tinem</strong></span> <span class='ocrx_word' id='word_1_156' title='bbox 1192 532 1366 568; x_wconf 73' lang='lat' dir='ltr'><strong>aspicientes,</strong></span> <span class='ocrx_word' id='word_1_157' title='bbox 1382 530 1485 557; x_wconf 86' lang='lat' dir='ltr'><strong>scimus</strong></span> <span class='ocrx_word' id='word_1_158' title='bbox 1507 533 1533 556; x_wconf 89' lang='lat' dir='ltr'><strong>et</strong></span> <span class='ocrx_word' id='word_1_159' title='bbox 1553 529 1624 556; x_wconf 86' lang='lat' dir='ltr'><strong>unde</strong></span> <span class='ocrx_word' id='word_1_160' title='bbox 1641 529 1708 555; x_wconf 90' lang='lat' dir='ltr'><strong>inci-</strong></span> 
     </span>
    </p>
   </div>
   <div class='ocr_carea' id='block_1_26' title="bbox 925 573 1707 616">
    <p class='ocr_par' dir='ltr' id='par_1_26' title="bbox 925 573 1707 616">
     <span class='ocr_line' id='line_1_26' title="bbox 925 573 1707 616; baseline -0.012 -8"><span class='ocrx_word' id='word_1_161' title='bbox 925 582 1033 616; x_wconf 81' lang='lat' dir='ltr'><strong>pimus,</strong></span> <span class='ocrx_word' id='word_1_162' title='bbox 1052 583 1079 607; x_wconf 90' lang='lat' dir='ltr'><strong>et</strong></span> <span class='ocrx_word' id='word_1_163' title='bbox 1107 579 1135 606; x_wconf 93' lang='lat' dir='ltr'><strong>in</strong></span> <span class='ocrx_word' id='word_1_164' title='bbox 1159 578 1224 614; x_wconf 88' lang='lat' dir='ltr'><strong>quid</strong></span> <span class='ocrx_word' id='word_1_165' title='bbox 1251 575 1413 604; x_wconf 86' lang='lat' dir='ltr'><strong>desinimus.</strong></span> <span class='ocrx_word' id='word_1_166' title='bbox 1442 573 1529 601; x_wconf 90' lang='lat' dir='ltr'><strong>IIomo</strong></span> <span class='ocrx_word' id='word_1_167' title='bbox 1547 574 1618 601; x_wconf 90' lang='lat' dir='ltr'><strong>enim</strong></span> <span class='ocrx_word' id='word_1_168' title='bbox 1645 580 1707 600; x_wconf 88' lang='lat' dir='ltr'><strong>eum</strong></span> 
     </span>
    </p>
   </div>
   <div class='ocr_carea' id='block_1_27' title="bbox 931 621 1709 661">
    <p class='ocr_par' dir='ltr' id='par_1_27' title="bbox 931 621 1709 661">
     <span class='ocr_line' id='line_1_27' title="bbox 931 621 1709 661; baseline -0.012 -7"><span class='ocrx_word' id='word_1_169' title='bbox 931 635 992 654; x_wconf 73' lang='lat' dir='ltr'><strong>csso</strong></span> <span class='ocrx_word' id='word_1_170' title='bbox 1011 626 1124 661; x_wconf 73' lang='lat' dir='ltr'><strong>cmperit</strong></span> <span class='ocrx_word' id='word_1_171' title='bbox 1144 633 1176 652; x_wconf 84' lang='lat' dir='ltr'><strong>ex</strong></span> <span class='ocrx_word' id='word_1_172' title='bbox 1193 624 1350 655; x_wconf 86' lang='lat' dir='ltr'><strong>aﬂ&#39;ectione,</strong></span> <span class='ocrx_word' id='word_1_173' title='bbox 1374 622 1517 649; x_wconf 68' lang='lat' dir='ltr'><strong>allectione</strong></span> <span class='ocrx_word' id='word_1_174' title='bbox 1544 621 1625 648; x_wconf 84' lang='lat' dir='ltr'><strong>etiam</strong></span> <span class='ocrx_word' id='word_1_175' title='bbox 1643 627 1709 646; x_wconf 87' lang='lat' dir='ltr'><strong>con-</strong></span> 
     </span>
    </p>
   </div>
   <div class='ocr_carea' id='block_1_28' title="bbox 927 669 1711 702">
    <p class='ocr_par' dir='ltr' id='par_1_28' title="bbox 927 669 1711 702">
     <span class='ocr_line' id='line_1_28' title="bbox 927 669 1711 702; baseline -0.01 -2"><span class='ocrx_word' id='word_1_176' title='bbox 927 673 1018 700; x_wconf 83' lang='lat' dir='ltr'><strong>ﬁcitur</strong></span> <span class='ocrx_word' id='word_1_177' title='bbox 1033 676 1059 699; x_wconf 89' lang='lat' dir='ltr'><strong>et</strong></span> <span class='ocrx_word' id='word_1_178' title='bbox 1077 675 1298 699; x_wconf 73' lang='lat' dir='ltr'><strong>consummatur.</strong></span> <span class='ocrx_word' id='word_1_179' title='bbox 1320 669 1380 696; x_wconf 92' lang='lat' dir='ltr'><strong>Illic</strong></span> <span class='ocrx_word' id='word_1_180' title='bbox 1402 673 1493 696; x_wconf 88' lang='lat' dir='ltr'><strong>autem</strong></span> <span class='ocrx_word' id='word_1_181' title='bbox 1521 674 1609 702; x_wconf 88' lang='lat' dir='ltr'><strong>neque</strong></span> <span class='ocrx_word' id='word_1_182' title='bbox 1631 673 1711 701; x_wconf 81' lang='lat' dir='ltr'><strong>gene-</strong></span> 
     </span>
    </p>
   </div>
   <div class='ocr_carea' id='block_1_29' title="bbox 926 711 1711 752">
    <p class='ocr_par' dir='ltr' id='par_1_29' title="bbox 926 711 1711 752">
     <span class='ocr_line' id='line_1_29' title="bbox 926 711 1711 752; baseline -0.01 -8"><span class='ocrx_word' id='word_1_183' title='bbox 926 718 998 744; x_wconf 90' lang='lat' dir='ltr'><strong>ratio</strong></span> <span class='ocrx_word' id='word_1_184' title='bbox 1013 717 1096 752; x_wconf 72' lang='lat' dir='ltr'><strong>empit</strong></span> <span class='ocrx_word' id='word_1_185' title='bbox 1121 717 1156 744; x_wconf 85' lang='lat' dir='ltr'><strong>ab</strong></span> <span class='ocrx_word' id='word_1_186' title='bbox 1179 715 1341 748; x_wconf 86' lang='lat' dir='ltr'><strong>atl‘ectione;</strong></span> <span class='ocrx_word' id='word_1_187' title='bbox 1366 722 1455 749; x_wconf 86' lang='lat' dir='ltr'><strong>neque</strong></span> <span class='ocrx_word' id='word_1_188' title='bbox 1481 721 1556 740; x_wconf 87' lang='lat' dir='ltr'><strong>mors</strong></span> <span class='ocrx_word' id='word_1_189' title='bbox 1580 712 1659 739; x_wconf 92' lang='lat' dir='ltr'><strong>desiit</strong></span> <span class='ocrx_word' id='word_1_190' title='bbox 1684 711 1711 737; x_wconf 88' lang='lat' dir='ltr'><strong>in</strong></span> 
     </span>
    </p>
   </div>
   <div class='ocr_carea' id='block_1_30' title="bbox 928 757 1714 798">
    <p class='ocr_par' dir='ltr' id='par_1_30' title="bbox 928 757 1714 798">
     <span class='ocr_line' id='line_1_30' title="bbox 928 757 1714 798; baseline -0.009 -8"><span class='ocrx_word' id='word_1_191' title='bbox 928 763 1112 790; x_wconf 72' lang='lat' dir='ltr'><strong>affectionem.</strong></span> <span class='ocrx_word' id='word_1_192' title='bbox 1128 762 1221 798; x_wconf 83' lang='lat' dir='ltr'><strong>Neque</strong></span> <span class='ocrx_word' id='word_1_193' title='bbox 1244 763 1316 790; x_wconf 87' lang='lat' dir='ltr'><strong>enim</strong></span> <span class='ocrx_word' id='word_1_194' title='bbox 1335 762 1461 797; x_wconf 77' lang='lat' dir='ltr'><strong>voluptas</strong></span> <span class='ocrx_word' id='word_1_195' title='bbox 1488 760 1547 795; x_wconf 82' lang='lat' dir='ltr'><strong>ejus</strong></span> <span class='ocrx_word' id='word_1_196' title='bbox 1573 757 1714 794; x_wconf 64' lang='lat' dir='ltr'><strong>prwzessit</strong></span> 
     </span>
    </p>
   </div>
   <div class='ocr_carea' id='block_1_31' title="bbox 87 803 888 846">
    <p class='ocr_par' dir='ltr' id='par_1_31' title="bbox 87 806 878 846">
     <span class='ocr_line' id='line_1_31' title="bbox 87 806 878 846; baseline -0.008 -8"><span class='ocrx_word' id='word_1_197' title='bbox 87 820 168 838; x_wconf 86' lang='grc' dir='ltr'>νατον</span> <span class='ocrx_word' id='word_1_198' title='bbox 187 810 276 846; x_wconf 79' lang='grc' dir='ltr'>φθορὰ</span> <span class='ocrx_word' id='word_1_199' title='bbox 286 810 428 842; x_wconf 76' lang='grc' dir='ltr'>διεδέξατο,</span> <span class='ocrx_word' id='word_1_200' title='bbox 446 810 580 839; x_wconf 76' lang='grc' dir='ltr'><strong>Ἀπιστεῖς</strong></span> <span class='ocrx_word' id='word_1_201' title='bbox 593 807 632 842; x_wconf 78' lang='grc' dir='ltr'><strong>τῷ</strong></span> <span class='ocrx_word' id='word_1_202' title='bbox 641 807 769 842; x_wconf 82' lang='grc' dir='ltr'><strong>θαύματι;</strong></span> <span class='ocrx_word' id='word_1_203' title='bbox 784 806 878 841; x_wconf 77' lang='grc' dir='ltr'>Χαίρω</span> 
     </span>
    </p>
   </div>
   <div class='ocr_carea' id='block_1_32' title="bbox 941 803 1712 846">
    <p class='ocr_par' dir='ltr' id='par_1_32' title="bbox 941 803 1712 842">
     <span class='ocr_line' id='line_1_32' title="bbox 941 803 1712 842; baseline -0.01 -7"><span class='ocrx_word' id='word_1_204' title='bbox 941 809 1131 841; x_wconf 71' lang='grc' dir='ltr'>[οηθηιιίοιιειη</span> <span class='ocrx_word' id='word_1_205' title='bbox 1146 818 1152 842; x_wconf 91' lang='grc'><strong>;</strong></span> <span class='ocrx_word' id='word_1_206' title='bbox 1169 816 1256 841; x_wconf 83' lang='lat' dir='ltr'><strong>neque</strong></span> <span class='ocrx_word' id='word_1_207' title='bbox 1269 812 1384 836; x_wconf 86' lang='lat' dir='ltr'><strong>mortem</strong></span> <span class='ocrx_word' id='word_1_208' title='bbox 1402 810 1496 835; x_wconf 83' lang='lat' dir='ltr'><strong>secula</strong></span> <span class='ocrx_word' id='word_1_209' title='bbox 1505 809 1548 833; x_wconf 86' lang='lat' dir='ltr'><strong>est</strong></span> <span class='ocrx_word' id='word_1_210' title='bbox 1562 803 1712 837; x_wconf 82' lang='lat' dir='ltr'><strong>corruptio.</strong></span> 
     </span>
    </p>
   </div>
   <div class='ocr_carea' id='block_1_33' title="bbox 88 849 877 892">
    <p class='ocr_par' dir='ltr' id='par_1_33' title="bbox 88 849 877 892">
     <span class='ocr_line' id='line_1_33' title="bbox 88 849 877 892; baseline -0.008 -9"><span class='ocrx_word' id='word_1_211' title='bbox 88 858 122 892; x_wconf 73' lang='grc' dir='ltr'>τῇ</span> <span class='ocrx_word' id='word_1_212' title='bbox 143 856 267 891; x_wconf 80' lang='grc' dir='ltr'><strong>ἀπιστίᾳ.</strong></span> <span class='ocrx_word' id='word_1_213' title='bbox 290 855 444 890; x_wconf 79' lang='grc' dir='ltr'>Ὀμολογεῖς</span> <span class='ocrx_word' id='word_1_214' title='bbox 462 854 514 889; x_wconf 70' lang='grc' dir='ltr'><strong>γὰρ</strong></span> <span class='ocrx_word' id='word_1_215' title='bbox 526 853 634 885; x_wconf 78' lang='grc' dir='ltr'>πάντως</span> <span class='ocrx_word' id='word_1_216' title='bbox 649 852 682 880; x_wconf 83' lang='grc' dir='ltr'><strong>δι’</strong></span> <span class='ocrx_word' id='word_1_217' title='bbox 694 849 731 878; x_wconf 79' lang='grc' dir='ltr'>ὧν</span> <span class='ocrx_word' id='word_1_218' title='bbox 746 852 816 887; x_wconf 75' lang='grc' dir='ltr'><strong>ὑπὲρ</strong></span> <span class='ocrx_word' id='word_1_219' title='bbox 833 851 877 877; x_wconf 75' lang='grc' dir='ltr'><strong>πί-</strong></span> 
     </span>
    </p>
   </div>
   <div class='ocr_carea' id='block_1_34' title="bbox 90 895 877 936">
    <p class='ocr_par' dir='ltr' id='par_1_34' title="bbox 90 895 877 936">
     <span class='ocr_line' id='line_1_34' title="bbox 90 895 877 936; baseline -0.006 -8"><span class='ocrx_word' id='word_1_220' title='bbox 90 910 150 928; x_wconf 83' lang='grc' dir='ltr'>στιν</span> <span class='ocrx_word' id='word_1_221' title='bbox 162 902 218 936; x_wconf 80' lang='grc' dir='ltr'><strong>ἡγῇ</strong></span> <span class='ocrx_word' id='word_1_222' title='bbox 232 901 263 927; x_wconf 80' lang='grc' dir='ltr'>τὸ</span> <span class='ocrx_word' id='word_1_223' title='bbox 275 900 430 935; x_wconf 72' lang='grc' dir='ltr'>λεγόμενον,</span> <span class='ocrx_word' id='word_1_224' title='bbox 443 900 512 934; x_wconf 79' lang='grc' dir='ltr'>ὑπὲρ</span> <span class='ocrx_word' id='word_1_225' title='bbox 524 899 572 934; x_wconf 83' lang='grc' dir='ltr'>τὴν</span> <span class='ocrx_word' id='word_1_226' title='bbox 589 897 670 933; x_wconf 85' lang='grc' dir='ltr'>φύσιν</span> <span class='ocrx_word' id='word_1_227' title='bbox 684 895 754 924; x_wconf 86' lang='grc' dir='ltr'>εἶναι</span> <span class='ocrx_word' id='word_1_228' title='bbox 765 898 799 924; x_wconf 78' lang='grc' dir='ltr'>τὰ</span> <span class='ocrx_word' id='word_1_229' title='bbox 812 897 877 923; x_wconf 87' lang='grc' dir='ltr'><strong>θαύ-</strong></span> 
     </span>
    </p>
   </div>
   <div class='ocr_carea' id='block_1_35' title="bbox 92 940 880 982">
    <p class='ocr_par' dir='ltr' id='par_1_35' title="bbox 92 940 880 982">
     <span class='ocr_line' id='line_1_35' title="bbox 92 940 880 982; baseline -0.006 -10"><span class='ocrx_word' id='word_1_230' title='bbox 92 955 175 982; x_wconf 84' lang='grc' dir='ltr'><strong>ματα.</strong></span> <span class='ocrx_word' id='word_1_231' title='bbox 191 945 263 972; x_wconf 80' lang='grc' dir='ltr'><strong>Λὺτὸ</strong></span> <span class='ocrx_word' id='word_1_232' title='bbox 277 942 324 971; x_wconf 85' lang='grc' dir='ltr'>οὖν</span> <span class='ocrx_word' id='word_1_233' title='bbox 336 944 412 971; x_wconf 84' lang='grc' dir='ltr'>τοῦτο</span> <span class='ocrx_word' id='word_1_234' title='bbox 424 944 473 979; x_wconf 83' lang='grc' dir='ltr'><strong>τῆς</strong></span> <span class='ocrx_word' id='word_1_235' title='bbox 487 943 612 978; x_wconf 79' lang='grc' dir='ltr'><strong>θεότητος</strong></span> <span class='ocrx_word' id='word_1_236' title='bbox 624 942 694 969; x_wconf 74' lang='grc' dir='ltr'>ἔστω</span> <span class='ocrx_word' id='word_1_237' title='bbox 705 950 746 968; x_wconf 84' lang='grc' dir='ltr'><strong>σοι</strong></span> <span class='ocrx_word' id='word_1_238' title='bbox 760 940 806 968; x_wconf 78' lang='grc' dir='ltr'>τοῦ</span> <span class='ocrx_word' id='word_1_239' title='bbox 821 949 880 975; x_wconf 79' lang='grc' dir='ltr'>φα-</span> 
     </span>
    </p>
   </div>
   <div class='ocr_carea' id='block_1_36' title="bbox 92 987 879 1025">
    <p class='ocr_par' dir='ltr' id='par_1_36' title="bbox 92 987 879 1025">
     <span class='ocr_line' id='line_1_36' title="bbox 92 987 879 1025; baseline -0.006 -7"><span class='ocrx_word' id='word_1_240' title='bbox 92 991 183 1023; x_wconf 75' lang='grc' dir='ltr'>νέντος</span> <span class='ocrx_word' id='word_1_241' title='bbox 199 990 336 1023; x_wconf 78' lang='grc' dir='ltr'>ἀπόδειξις</span> <span class='ocrx_word' id='word_1_242' title='bbox 347 1009 354 1021; x_wconf 84' lang='grc'><em>,</em></span> <span class='ocrx_word' id='word_1_243' title='bbox 372 990 402 1016; x_wconf 79' lang='grc' dir='ltr'>τὸ</span> <span class='ocrx_word' id='word_1_244' title='bbox 418 989 455 1025; x_wconf 83' lang='grc' dir='ltr'>μὴ</span> <span class='ocrx_word' id='word_1_245' title='bbox 469 989 512 1016; x_wconf 84' lang='grc' dir='ltr'><strong>διὰ</strong></span> <span class='ocrx_word' id='word_1_246' title='bbox 535 989 589 1016; x_wconf 80' lang='grc' dir='ltr'>τῶν</span> <span class='ocrx_word' id='word_1_247' title='bbox 603 989 674 1016; x_wconf 82' lang='grc' dir='ltr'>κατὰ</span> <span class='ocrx_word' id='word_1_248' title='bbox 688 988 767 1023; x_wconf 78' lang='grc' dir='ltr'>φύσιν</span> <span class='ocrx_word' id='word_1_249' title='bbox 787 987 879 1023; x_wconf 79' lang='grc' dir='ltr'><strong>προϊέ-</strong></span> 
     </span>
    </p>
   </div>
   <div class='ocr_carea' id='block_1_37' title="bbox 97 1033 881 1072">
    <p class='ocr_par' dir='ltr' id='par_1_37' title="bbox 97 1033 881 1072">
     <span class='ocr_line' id='line_1_37' title="bbox 97 1033 881 1072; baseline -0.005 -8"><span class='ocrx_word' id='word_1_250' title='bbox 97 1047 139 1064; x_wconf 67' lang='grc' dir='ltr'><strong>ναι</strong></span> <span class='ocrx_word' id='word_1_251' title='bbox 154 1038 186 1064; x_wconf 78' lang='grc' dir='ltr'>τὺ</span> <span class='ocrx_word' id='word_1_252' title='bbox 206 1038 348 1072; x_wconf 79' lang='grc' dir='ltr'><strong>κήρυγμα.</strong></span> <span class='ocrx_word' id='word_1_253' title='bbox 367 1037 400 1063; x_wconf 77' lang='lat' dir='ltr'><strong>El</strong></span> <span class='ocrx_word' id='word_1_254' title='bbox 419 1036 472 1072; x_wconf 84' lang='grc' dir='ltr'><strong>γὰρ</strong></span> <span class='ocrx_word' id='word_1_255' title='bbox 493 1035 568 1067; x_wconf 75' lang='grc' dir='ltr'>ἐντὸς</span> <span class='ocrx_word' id='word_1_256' title='bbox 582 1033 616 1071; x_wconf 81' lang='grc' dir='ltr'>ἦν</span> <span class='ocrx_word' id='word_1_257' title='bbox 632 1035 685 1061; x_wconf 78' lang='grc' dir='ltr'><strong>τῶν</strong></span> <span class='ocrx_word' id='word_1_258' title='bbox 701 1035 751 1070; x_wconf 79' lang='grc' dir='ltr'><strong>τῆς</strong></span> <span class='ocrx_word' id='word_1_259' title='bbox 774 1034 881 1068; x_wconf 78' lang='grc' dir='ltr'>φύσεως</span> 
     </span>
    </p>
   </div>
   <div class='ocr_carea' id='block_1_38' title="bbox 97 1078 880 1119">
    <p class='ocr_par' dir='ltr' id='par_1_38' title="bbox 97 1078 880 1119">
     <span class='ocr_line' id='line_1_38' title="bbox 97 1078 880 1119; baseline -0.005 -10"><span class='ocrx_word' id='word_1_260' title='bbox 97 1083 170 1119; x_wconf 76' lang='grc' dir='ltr'>ὅρων</span> <span class='ocrx_word' id='word_1_261' title='bbox 186 1082 221 1108; x_wconf 81' lang='grc' dir='ltr'>τὰ</span> <span class='ocrx_word' id='word_1_262' title='bbox 236 1082 298 1117; x_wconf 74' lang='grc' dir='ltr'>περὶ</span> <span class='ocrx_word' id='word_1_263' title='bbox 313 1081 359 1108; x_wconf 80' lang='grc' dir='ltr'>τοῦ</span> <span class='ocrx_word' id='word_1_264' title='bbox 374 1080 490 1116; x_wconf 82' lang='grc' dir='ltr'><strong>Χριστοῦ</strong></span> <span class='ocrx_word' id='word_1_265' title='bbox 506 1081 672 1116; x_wconf 73' lang='grc' dir='ltr'><strong>διηγήματα,</strong></span> <span class='ocrx_word' id='word_1_266' title='bbox 686 1080 736 1106; x_wconf 80' lang='grc' dir='ltr'><strong>ποῦ</strong></span> <span class='ocrx_word' id='word_1_267' title='bbox 750 1079 779 1106; x_wconf 76' lang='grc' dir='ltr'><strong>τὸ</strong></span> <span class='ocrx_word' id='word_1_268' title='bbox 793 1078 880 1111; x_wconf 79' lang='grc' dir='ltr'>θεῖον;</span> 
     </span>
    </p>
   </div>
   <div class='ocr_carea' id='block_1_39' title="bbox 93 1122 881 1163">
    <p class='ocr_par' dir='ltr' id='par_1_39' title="bbox 93 1122 881 1163">
     <span class='ocr_line' id='line_1_39' title="bbox 93 1122 881 1163; baseline -0.006 -8"><span class='ocrx_word' id='word_1_269' title='bbox 93 1129 127 1156; x_wconf 82' lang='lat' dir='ltr'><strong>Et</strong></span> <span class='ocrx_word' id='word_1_270' title='bbox 141 1128 171 1154; x_wconf 77' lang='grc' dir='ltr'>δὲ</span> <span class='ocrx_word' id='word_1_271' title='bbox 181 1127 341 1163; x_wconf 75' lang='grc' dir='ltr'>ὑπερϐαίνει</span> <span class='ocrx_word' id='word_1_272' title='bbox 351 1127 399 1162; x_wconf 87' lang='grc' dir='ltr'><strong>τὴν</strong></span> <span class='ocrx_word' id='word_1_273' title='bbox 416 1126 495 1161; x_wconf 79' lang='grc' dir='ltr'>φύσιν</span> <span class='ocrx_word' id='word_1_274' title='bbox 517 1126 531 1152; x_wconf 89' lang='grc' dir='ltr'>ὁ</span> <span class='ocrx_word' id='word_1_275' title='bbox 545 1126 634 1160; x_wconf 82' lang='grc' dir='ltr'>λόγος,</span> <span class='ocrx_word' id='word_1_276' title='bbox 650 1126 679 1152; x_wconf 83' lang='grc' dir='ltr'>ὲν</span> <span class='ocrx_word' id='word_1_277' title='bbox 693 1122 732 1156; x_wconf 80' lang='grc' dir='ltr'>οἷς</span> <span class='ocrx_word' id='word_1_278' title='bbox 747 1125 881 1155; x_wconf 80' lang='grc' dir='ltr'><strong>ἀπιστεῖς,</strong></span> 
     </span>
    </p>
   </div>
   <div class='ocr_carea' id='block_1_40' title="bbox 94 1168 882 1207">
    <p class='ocr_par' dir='ltr' id='par_1_40' title="bbox 94 1168 882 1207">
     <span class='ocr_line' id='line_1_40' title="bbox 94 1168 882 1207; baseline -0.005 -8"><span class='ocrx_word' id='word_1_279' title='bbox 94 1174 124 1200; x_wconf 81' lang='grc' dir='ltr'>ὲν</span> <span class='ocrx_word' id='word_1_280' title='bbox 138 1172 243 1204; x_wconf 77' lang='grc' dir='ltr'><strong>τούτοις</strong></span> <span class='ocrx_word' id='word_1_281' title='bbox 265 1173 370 1207; x_wconf 79' lang='grc' dir='ltr'><strong>ὲστὶνὴ</strong></span> <span class='ocrx_word' id='word_1_282' title='bbox 388 1172 523 1203; x_wconf 79' lang='grc' dir='ltr'>ἀπόδειξις</span> <span class='ocrx_word' id='word_1_283' title='bbox 541 1171 586 1197; x_wconf 84' lang='grc' dir='ltr'><strong>τοῦ</strong></span> <span class='ocrx_word' id='word_1_284' title='bbox 606 1171 671 1197; x_wconf 78' lang='grc' dir='ltr'>Θεὸν</span> <span class='ocrx_word' id='word_1_285' title='bbox 685 1168 754 1196; x_wconf 71' lang='grc' dir='ltr'>εἶναι</span> <span class='ocrx_word' id='word_1_286' title='bbox 772 1169 818 1196; x_wconf 71' lang='grc' dir='ltr'><strong>τὸν</strong></span> <span class='ocrx_word' id='word_1_287' title='bbox 832 1178 882 1204; x_wconf 84' lang='grc' dir='ltr'>κη-</span> 
     </span>
    </p>
   </div>
   <div class='ocr_carea' id='block_1_41' title="bbox 96 1215 884 1254">
    <p class='ocr_par' dir='ltr' id='par_1_41' title="bbox 96 1215 884 1254">
     <span class='ocr_line' id='line_1_41' title="bbox 96 1215 884 1254; baseline -0.005 -9"><span class='ocrx_word' id='word_1_288' title='bbox 96 1218 273 1254; x_wconf 76' lang='grc' dir='ltr'>ρυσσόμενον.</span> <span class='ocrx_word' id='word_1_289' title='bbox 297 1217 456 1252; x_wconf 75' lang='grc' dir='ltr'>Ἀνθρωπος</span> <span class='ocrx_word' id='word_1_290' title='bbox 475 1218 524 1251; x_wconf 82' lang='grc' dir='ltr'><strong>μὲν</strong></span> <span class='ocrx_word' id='word_1_291' title='bbox 536 1216 590 1251; x_wconf 83' lang='grc' dir='ltr'><strong>γὰρ</strong></span> <span class='ocrx_word' id='word_1_292' title='bbox 608 1217 640 1242; x_wconf 84' lang='grc' dir='ltr'>ὲκ</span> <span class='ocrx_word' id='word_1_293' title='bbox 662 1216 830 1251; x_wconf 77' lang='grc' dir='ltr'><strong>συνδυασμοῦ</strong></span> <span class='ocrx_word' id='word_1_294' title='bbox 845 1215 884 1241; x_wconf 86' lang='grc' dir='ltr'>τι-</span> 
     </span>
    </p>
   </div>
   <div class='ocr_carea' id='block_1_42' title="bbox 97 1261 885 1297">
    <p class='ocr_par' dir='ltr' id='par_1_42' title="bbox 97 1261 885 1297">
     <span class='ocr_line' id='line_1_42' title="bbox 97 1261 885 1297; baseline -0.005 -7"><span class='ocrx_word' id='word_1_295' title='bbox 97 1272 209 1296; x_wconf 81' lang='grc' dir='ltr'>κτεται,</span> <span class='ocrx_word' id='word_1_296' title='bbox 229 1263 277 1289; x_wconf 77' lang='grc' dir='ltr'>καὶ</span> <span class='ocrx_word' id='word_1_297' title='bbox 294 1262 364 1297; x_wconf 84' lang='grc' dir='ltr'><strong>μετὰ</strong></span> <span class='ocrx_word' id='word_1_298' title='bbox 386 1262 499 1290; x_wconf 78' lang='grc' dir='ltr'>Θάνατον</span> <span class='ocrx_word' id='word_1_299' title='bbox 522 1263 549 1289; x_wconf 83' lang='grc' dir='ltr'>ὲν</span> <span class='ocrx_word' id='word_1_300' title='bbox 566 1262 698 1297; x_wconf 77' lang='grc' dir='ltr'>διαφθορᾷ</span> <span class='ocrx_word' id='word_1_301' title='bbox 713 1262 826 1295; x_wconf 83' lang='grc' dir='ltr'>γίνεται.</span> <span class='ocrx_word' id='word_1_302' title='bbox 854 1261 885 1288; x_wconf 80' lang='grc' dir='ltr'><strong>Εἰ</strong></span> 
     </span>
    </p>
   </div>
   <div class='ocr_carea' id='block_1_43' title="bbox 94 1305 885 1344">
    <p class='ocr_par' dir='ltr' id='par_1_43' title="bbox 94 1305 885 1344">
     <span class='ocr_line' id='line_1_43' title="bbox 94 1305 885 1344; baseline -0.004 -8"><span class='ocrx_word' id='word_1_303' title='bbox 94 1309 182 1337; x_wconf 81' lang='grc' dir='ltr'>ταῦτα</span> <span class='ocrx_word' id='word_1_304' title='bbox 199 1310 322 1343; x_wconf 81' lang='grc' dir='ltr'><strong>περιεῖχε</strong></span> <span class='ocrx_word' id='word_1_305' title='bbox 336 1308 365 1334; x_wconf 79' lang='grc' dir='ltr'><strong>τὸ</strong></span> <span class='ocrx_word' id='word_1_306' title='bbox 381 1308 510 1344; x_wconf 79' lang='grc' dir='ltr'><strong>κήρυγμα.</strong></span> <span class='ocrx_word' id='word_1_307' title='bbox 520 1328 527 1340; x_wconf 83' lang='grc'><em>,</em></span> <span class='ocrx_word' id='word_1_308' title='bbox 541 1309 592 1335; x_wconf 79' lang='grc' dir='ltr'>οὐκ</span> <span class='ocrx_word' id='word_1_309' title='bbox 605 1308 637 1334; x_wconf 83' lang='grc' dir='ltr'>ἂν</span> <span class='ocrx_word' id='word_1_310' title='bbox 651 1307 717 1334; x_wconf 80' lang='grc' dir='ltr'>Θεὸν</span> <span class='ocrx_word' id='word_1_311' title='bbox 734 1305 802 1334; x_wconf 80' lang='grc' dir='ltr'>εἶναι</span> <span class='ocrx_word' id='word_1_312' title='bbox 818 1307 885 1333; x_wconf 67' lang='grc' dir='ltr'><strong>τεάν-</strong></span> 
     </span>
    </p>
   </div>
   <div class='ocr_carea' id='block_1_44' title="bbox 95 1351 887 1389">
    <p class='ocr_par' dir='ltr' id='par_1_44' title="bbox 95 1351 887 1389">
     <span class='ocr_line' id='line_1_44' title="bbox 95 1351 887 1389; baseline -0.004 -8"><span class='ocrx_word' id='word_1_313' title='bbox 95 1363 152 1385; x_wconf 80' lang='grc' dir='ltr'>τως</span> <span class='ocrx_word' id='word_1_314' title='bbox 165 1353 258 1389; x_wconf 82' lang='grc' dir='ltr'>ᾠήθης</span> <span class='ocrx_word' id='word_1_315' title='bbox 272 1353 318 1380; x_wconf 80' lang='grc' dir='ltr'>τὸν</span> <span class='ocrx_word' id='word_1_316' title='bbox 333 1354 361 1379; x_wconf 80' lang='grc' dir='ltr'>ἐν</span> <span class='ocrx_word' id='word_1_317' title='bbox 377 1354 433 1384; x_wconf 79' lang='grc' dir='ltr'>τοῖς</span> <span class='ocrx_word' id='word_1_318' title='bbox 458 1352 582 1388; x_wconf 80' lang='grc' dir='ltr'>ἱδιώμασι</span> <span class='ocrx_word' id='word_1_319' title='bbox 604 1353 653 1387; x_wconf 84' lang='grc' dir='ltr'><strong>τῆς</strong></span> <span class='ocrx_word' id='word_1_320' title='bbox 679 1351 786 1386; x_wconf 81' lang='grc' dir='ltr'>φύσεως</span> <span class='ocrx_word' id='word_1_321' title='bbox 807 1352 887 1386; x_wconf 79' lang='grc' dir='ltr'><strong>ἡμῶν</strong></span> 
     </span>
    </p>
   </div>
   <div class='ocr_carea' id='block_1_45' title="bbox 99 1397 888 1434">
    <p class='ocr_par' dir='ltr' id='par_1_45' title="bbox 99 1397 888 1434">
     <span class='ocr_line' id='line_1_45' title="bbox 99 1397 888 1434; baseline -0.001 -10"><span class='ocrx_word' id='word_1_322' title='bbox 99 1398 336 1434; x_wconf 72' lang='grc' dir='ltr'>μαρτυρούμενον.</span> <span class='ocrx_word' id='word_1_323' title='bbox 358 1397 435 1424; x_wconf 78' lang='grc' dir='ltr'><strong>Ἐπεὶ</strong></span> <span class='ocrx_word' id='word_1_324' title='bbox 460 1397 488 1424; x_wconf 83' lang='grc' dir='ltr'>δὲ</span> <span class='ocrx_word' id='word_1_325' title='bbox 511 1397 691 1433; x_wconf 81' lang='grc' dir='ltr'>γεγεννῆσθαι</span> <span class='ocrx_word' id='word_1_326' title='bbox 707 1398 756 1433; x_wconf 77' lang='grc' dir='ltr'><strong>μὲν</strong></span> <span class='ocrx_word' id='word_1_327' title='bbox 780 1397 888 1429; x_wconf 82' lang='grc' dir='ltr'><strong>ἀκούεις</strong></span> 
     </span>
    </p>
   </div>
   <div class='ocr_carea' id='block_1_46' title="bbox 99 1443 887 1479">
    <p class='ocr_par' dir='ltr' id='par_1_46' title="bbox 99 1443 887 1479">
     <span class='ocr_line' id='line_1_46' title="bbox 99 1443 887 1479; baseline -0.003 -8"><span class='ocrx_word' id='word_1_328' title='bbox 99 1445 192 1478; x_wconf 78' lang='grc' dir='ltr'><strong>αὐτὸν,</strong></span> <span class='ocrx_word' id='word_1_329' title='bbox 213 1444 394 1479; x_wconf 76' lang='grc' dir='ltr'>ἐκϐεϐηκέναι</span> <span class='ocrx_word' id='word_1_330' title='bbox 410 1443 438 1470; x_wconf 85' lang='grc' dir='ltr'>δὲ</span> <span class='ocrx_word' id='word_1_331' title='bbox 451 1443 501 1478; x_wconf 82' lang='grc' dir='ltr'><strong>τῆς</strong></span> <span class='ocrx_word' id='word_1_332' title='bbox 515 1443 621 1478; x_wconf 76' lang='grc' dir='ltr'>φύσεως</span> <span class='ocrx_word' id='word_1_333' title='bbox 638 1445 654 1479; x_wconf 82' lang='grc' dir='ltr'><strong>ἡ</strong></span> <span class='ocrx_word' id='word_1_334' title='bbox 660 1444 717 1479; x_wconf 84' lang='grc' dir='ltr'><strong>μῶν</strong></span> <span class='ocrx_word' id='word_1_335' title='bbox 738 1443 786 1479; x_wconf 77' lang='grc' dir='ltr'><strong>τὴν</strong></span> <span class='ocrx_word' id='word_1_336' title='bbox 802 1443 887 1469; x_wconf 81' lang='grc' dir='ltr'>κοινὸ-</span> 
     </span>
    </p>
   </div>
   <div class='ocr_carea' id='block_1_47' title="bbox 99 1487 888 1524">
    <p class='ocr_par' dir='ltr' id='par_1_47' title="bbox 99 1487 888 1524">
     <span class='ocr_line' id='line_1_47' title="bbox 99 1487 888 1524; baseline -0.003 -8"><span class='ocrx_word' id='word_1_337' title='bbox 99 1497 188 1524; x_wconf 82' lang='grc' dir='ltr'>τητα,</span> <span class='ocrx_word' id='word_1_338' title='bbox 207 1488 248 1524; x_wconf 83' lang='grc' dir='ltr'>τῷ</span> <span class='ocrx_word' id='word_1_339' title='bbox 266 1497 296 1515; x_wconf 86' lang='grc' dir='ltr'>τε</span> <span class='ocrx_word' id='word_1_340' title='bbox 315 1488 365 1523; x_wconf 83' lang='grc' dir='ltr'><strong>τῆς</strong></span> <span class='ocrx_word' id='word_1_341' title='bbox 390 1488 522 1522; x_wconf 80' lang='grc' dir='ltr'>γενέσεως</span> <span class='ocrx_word' id='word_1_342' title='bbox 540 1488 643 1523; x_wconf 84' lang='grc' dir='ltr'>τρόπῳ,</span> <span class='ocrx_word' id='word_1_343' title='bbox 670 1487 717 1514; x_wconf 81' lang='grc' dir='ltr'><strong>καὶ</strong></span> <span class='ocrx_word' id='word_1_344' title='bbox 740 1487 779 1523; x_wconf 81' lang='grc' dir='ltr'><strong>τῷ</strong></span> <span class='ocrx_word' id='word_1_345' title='bbox 796 1488 888 1514; x_wconf 83' lang='grc' dir='ltr'>ἀνεπι-</span> 
     </span>
    </p>
   </div>
   <div class='ocr_carea' id='block_1_48' title="bbox 99 1533 888 1570">
    <p class='ocr_par' dir='ltr' id='par_1_48' title="bbox 99 1533 888 1570">
     <span class='ocr_line' id='line_1_48' title="bbox 99 1533 888 1570; baseline -0.001 -9"><span class='ocrx_word' id='word_1_346' title='bbox 99 1535 188 1570; x_wconf 84' lang='grc' dir='ltr'>δέκτῳ</span> <span class='ocrx_word' id='word_1_347' title='bbox 208 1534 259 1569; x_wconf 81' lang='grc' dir='ltr'><strong>τῆς</strong></span> <span class='ocrx_word' id='word_1_348' title='bbox 281 1535 322 1566; x_wconf 82' lang='grc' dir='ltr'><strong>εἰς</strong></span> <span class='ocrx_word' id='word_1_349' title='bbox 339 1534 439 1570; x_wconf 76' lang='grc' dir='ltr'>φθορὰν</span> <span class='ocrx_word' id='word_1_350' title='bbox 463 1533 648 1566; x_wconf 78' lang='grc' dir='ltr'>ἀλλοιώσεως,</span> <span class='ocrx_word' id='word_1_351' title='bbox 668 1533 758 1565; x_wconf 78' lang='grc' dir='ltr'>καλῶς</span> <span class='ocrx_word' id='word_1_352' title='bbox 778 1533 810 1560; x_wconf 82' lang='grc' dir='ltr'>ἂν</span> <span class='ocrx_word' id='word_1_353' title='bbox 833 1533 888 1568; x_wconf 74' lang='grc' dir='ltr'>ἔχοι</span> 
     </span>
    </p>
   </div>
   <div class='ocr_carea' id='block_1_49' title="bbox 102 1578 889 1615">
    <p class='ocr_par' dir='ltr' id='par_1_49' title="bbox 102 1578 889 1615">
     <span class='ocr_line' id='line_1_49' title="bbox 102 1578 889 1615; baseline -0.004 -8"><span class='ocrx_word' id='word_1_354' title='bbox 102 1581 173 1607; x_wconf 79' lang='grc' dir='ltr'>κατὰ</span> <span class='ocrx_word' id='word_1_355' title='bbox 188 1580 220 1607; x_wconf 78' lang='grc' dir='ltr'>τὸ</span> <span class='ocrx_word' id='word_1_356' title='bbox 236 1579 397 1612; x_wconf 78' lang='grc' dir='ltr'>ἀκόλουθον,</span> <span class='ocrx_word' id='word_1_357' title='bbox 419 1579 466 1606; x_wconf 72' lang='grc' dir='ltr'><strong>ἐπὶ</strong></span> <span class='ocrx_word' id='word_1_358' title='bbox 484 1579 515 1606; x_wconf 78' lang='grc' dir='ltr'>τὸ</span> <span class='ocrx_word' id='word_1_359' title='bbox 531 1579 623 1615; x_wconf 72' lang='grc' dir='ltr'>ἕτερον</span> <span class='ocrx_word' id='word_1_360' title='bbox 642 1580 674 1614; x_wconf 81' lang='grc' dir='ltr'>τῇ</span> <span class='ocrx_word' id='word_1_361' title='bbox 692 1579 804 1615; x_wconf 74' lang='grc' dir='ltr'>ἀπιστίᾳ</span> <span class='ocrx_word' id='word_1_362' title='bbox 820 1578 889 1614; x_wconf 81' lang='grc' dir='ltr'><strong>χρή-</strong></span> 
     </span>
    </p>
   </div>
   <div class='ocr_carea' id='block_1_50' title="bbox 104 1623 890 1660">
    <p class='ocr_par' dir='ltr' id='par_1_50' title="bbox 104 1623 890 1660">
     <span class='ocr_line' id='line_1_50' title="bbox 104 1623 890 1660; baseline -0.003 -8"><span class='ocrx_word' id='word_1_363' title='bbox 104 1625 220 1658; x_wconf 81' lang='grc' dir='ltr'>σασθαι,</span> <span class='ocrx_word' id='word_1_364' title='bbox 235 1626 275 1657; x_wconf 74' lang='grc' dir='ltr'><strong>εἰς</strong></span> <span class='ocrx_word' id='word_1_365' title='bbox 292 1624 323 1651; x_wconf 80' lang='grc' dir='ltr'>τὸ</span> <span class='ocrx_word' id='word_1_366' title='bbox 345 1624 382 1660; x_wconf 85' lang='grc' dir='ltr'><strong>μὴ</strong></span> <span class='ocrx_word' id='word_1_367' title='bbox 401 1624 544 1659; x_wconf 83' lang='grc' dir='ltr'>ἄνθρωπον</span> <span class='ocrx_word' id='word_1_368' title='bbox 565 1623 645 1651; x_wconf 82' lang='grc' dir='ltr'>αὐτὸν</span> <span class='ocrx_word' id='word_1_369' title='bbox 666 1624 715 1650; x_wconf 71' lang='grc' dir='ltr'>ἕνα</span> <span class='ocrx_word' id='word_1_370' title='bbox 736 1624 790 1650; x_wconf 82' lang='grc' dir='ltr'>τῶν</span> <span class='ocrx_word' id='word_1_371' title='bbox 811 1625 840 1650; x_wconf 84' lang='grc' dir='ltr'>ὲν</span> <span class='ocrx_word' id='word_1_372' title='bbox 856 1625 890 1659; x_wconf 82' lang='grc' dir='ltr'><strong>τῇ</strong></span> 
     </span>
    </p>
   </div>
   <div class='ocr_carea' id='block_1_51' title="bbox 104 1670 891 1706">
    <p class='ocr_par' dir='ltr' id='par_1_51' title="bbox 104 1670 891 1706">
     <span class='ocr_line' id='line_1_51' title="bbox 104 1670 891 1706; baseline -0.003 -8"><span class='ocrx_word' id='word_1_373' title='bbox 104 1671 183 1705; x_wconf 71' lang='grc' dir='ltr'>φύσει</span> <span class='ocrx_word' id='word_1_374' title='bbox 202 1670 387 1706; x_wconf 81' lang='grc' dir='ltr'>δεικνυμένων</span> <span class='ocrx_word' id='word_1_375' title='bbox 400 1671 513 1697; x_wconf 70' lang='grc' dir='ltr'>οἴεσθαι.</span> <span class='ocrx_word' id='word_1_376' title='bbox 539 1670 658 1705; x_wconf 79' lang='grc' dir='ltr'>’Λνάγκη</span> <span class='ocrx_word' id='word_1_377' title='bbox 677 1670 732 1705; x_wconf 85' lang='grc' dir='ltr'>γὰρ</span> <span class='ocrx_word' id='word_1_378' title='bbox 752 1671 825 1697; x_wconf 82' lang='grc' dir='ltr'>πᾶσα</span> <span class='ocrx_word' id='word_1_379' title='bbox 846 1670 891 1696; x_wconf 80' lang='grc' dir='ltr'>τὸν</span> 
     </span>
    </p>
   </div>
   <div class='ocr_carea' id='block_1_52' title="bbox 107 1714 893 1753">
    <p class='ocr_par' dir='ltr' id='par_1_52' title="bbox 107 1714 893 1753">
     <span class='ocr_line' id='line_1_52' title="bbox 107 1714 893 1753; baseline -0.003 -9"><span class='ocrx_word' id='word_1_380' title='bbox 107 1718 144 1753; x_wconf 83' lang='grc' dir='ltr'><strong>μὴ</strong></span> <span class='ocrx_word' id='word_1_381' title='bbox 157 1716 325 1744; x_wconf 81' lang='grc' dir='ltr'><strong>πιστεύοντα</strong></span> <span class='ocrx_word' id='word_1_382' title='bbox 338 1717 382 1742; x_wconf 80' lang='grc' dir='ltr'>τὸν</span> <span class='ocrx_word' id='word_1_383' title='bbox 398 1716 517 1743; x_wconf 76' lang='grc' dir='ltr'>τοιοῦτον</span> <span class='ocrx_word' id='word_1_384' title='bbox 534 1716 675 1751; x_wconf 74' lang='grc' dir='ltr'>ἄνθρωπον</span> <span class='ocrx_word' id='word_1_385' title='bbox 690 1714 770 1747; x_wconf 78' lang='grc' dir='ltr'>εἶναι,</span> <span class='ocrx_word' id='word_1_386' title='bbox 789 1718 828 1748; x_wconf 70' lang='grc' dir='ltr'>εἰς</span> <span class='ocrx_word' id='word_1_387' title='bbox 843 1716 893 1750; x_wconf 76' lang='grc' dir='ltr'>τὴν</span> 
     </span>
    </p>
   </div>
   <div class='ocr_carea' id='block_1_53' title="bbox 107 1760 892 1800">
    <p class='ocr_par' dir='ltr' id='par_1_53' title="bbox 107 1760 892 1800">
     <span class='ocr_line' id='line_1_53' title="bbox 107 1760 892 1800; baseline -0.003 -10"><span class='ocrx_word' id='word_1_388' title='bbox 107 1764 169 1800; x_wconf 77' lang='grc' dir='ltr'>περὶ</span> <span class='ocrx_word' id='word_1_389' title='bbox 189 1763 221 1790; x_wconf 79' lang='grc' dir='ltr'>τὸ</span> <span class='ocrx_word' id='word_1_390' title='bbox 242 1763 311 1789; x_wconf 71' lang='grc' dir='ltr'>Θεὸν</span> <span class='ocrx_word' id='word_1_391' title='bbox 325 1762 405 1789; x_wconf 79' lang='grc' dir='ltr'>αὐτὸν</span> <span class='ocrx_word' id='word_1_392' title='bbox 418 1760 488 1788; x_wconf 75' lang='grc' dir='ltr'>εἶναι</span> <span class='ocrx_word' id='word_1_393' title='bbox 502 1762 591 1788; x_wconf 75' lang='grc' dir='ltr'>πίστιν</span> <span class='ocrx_word' id='word_1_394' title='bbox 605 1761 760 1797; x_wconf 84' lang='grc' dir='ltr'>ὲναχθῆναι.</span> <span class='ocrx_word' id='word_1_395' title='bbox 789 1762 818 1788; x_wconf 94' lang='lat'><strong>&#39;0</strong></span> <span class='ocrx_word' id='word_1_396' title='bbox 839 1761 892 1797; x_wconf 86' lang='grc' dir='ltr'><strong>γὰρ</strong></span> 
     </span>
    </p>
   </div>
   <div class='ocr_carea' id='block_1_54' title="bbox 108 1807 894 1844">
    <p class='ocr_par' dir='ltr' id='par_1_54' title="bbox 108 1807 894 1844">
     <span class='ocr_line' id='line_1_54' title="bbox 108 1807 894 1844; baseline -0.001 -10"><span class='ocrx_word' id='word_1_397' title='bbox 108 1807 287 1843; x_wconf 80' lang='grc' dir='ltr'>γεγεννῆσθαι</span> <span class='ocrx_word' id='word_1_398' title='bbox 302 1807 382 1834; x_wconf 74' lang='grc' dir='ltr'>αὑτὸν</span> <span class='ocrx_word' id='word_1_399' title='bbox 398 1808 558 1844; x_wconf 71' lang='grc' dir='ltr'>ἱστορήσας,</span> <span class='ocrx_word' id='word_1_400' title='bbox 584 1807 631 1834; x_wconf 69' lang='grc' dir='ltr'>καὶ</span> <span class='ocrx_word' id='word_1_401' title='bbox 645 1807 676 1833; x_wconf 81' lang='grc' dir='ltr'>τὸ</span> <span class='ocrx_word' id='word_1_402' title='bbox 693 1807 778 1839; x_wconf 74' lang='grc' dir='ltr'>οὕτως</span> <span class='ocrx_word' id='word_1_403' title='bbox 799 1816 894 1841; x_wconf 73' lang='grc' dir='ltr'>γεγεν-</span> 
     </span>
    </p>
   </div>
   <div class='ocr_carea' id='block_1_55' title="bbox 109 1852 894 1890">
    <p class='ocr_par' dir='ltr' id='par_1_55' title="bbox 109 1852 894 1890">
     <span class='ocr_line' id='line_1_55' title="bbox 109 1852 894 1890; baseline -0.004 -9"><span class='ocrx_word' id='word_1_404' title='bbox 109 1855 204 1890; x_wconf 79' lang='grc' dir='ltr'>νῆσθαι</span> <span class='ocrx_word' id='word_1_405' title='bbox 230 1854 440 1890; x_wconf 75' lang='grc' dir='ltr'>συνδιηγήσατο.</span> <span class='ocrx_word' id='word_1_406' title='bbox 465 1854 496 1880; x_wconf 85' lang='lat' dir='ltr'>EI</span> <span class='ocrx_word' id='word_1_407' title='bbox 513 1852 559 1880; x_wconf 77' lang='grc' dir='ltr'>οὖν</span> <span class='ocrx_word' id='word_1_408' title='bbox 583 1853 676 1880; x_wconf 84' lang='grc' dir='ltr'>πιστόν</span> <span class='ocrx_word' id='word_1_409' title='bbox 700 1854 757 1879; x_wconf 83' lang='grc' dir='ltr'>ἑστι</span> <span class='ocrx_word' id='word_1_410' title='bbox 775 1853 819 1879; x_wconf 74' lang='grc' dir='ltr'><strong>διὰ</strong></span> <span class='ocrx_word' id='word_1_411' title='bbox 840 1852 894 1878; x_wconf 85' lang='grc' dir='ltr'>τῶν</span> 
     </span>
    </p>
   </div>
   <div class='ocr_carea' id='block_1_56' title="bbox 110 1898 896 1936">
    <p class='ocr_par' dir='ltr' id='par_1_56' title="bbox 110 1898 896 1936">
     <span class='ocr_line' id='line_1_56' title="bbox 110 1898 896 1936; baseline -0.004 -8"><span class='ocrx_word' id='word_1_412' title='bbox 110 1900 262 1936; x_wconf 78' lang='grc' dir='ltr'><strong>εἰρημένων</strong></span> <span class='ocrx_word' id='word_1_413' title='bbox 277 1899 307 1926; x_wconf 81' lang='grc' dir='ltr'>τὺ</span> <span class='ocrx_word' id='word_1_414' title='bbox 321 1899 500 1934; x_wconf 86' lang='grc' dir='ltr'>γεγεννῆσθαι</span> <span class='ocrx_word' id='word_1_415' title='bbox 512 1899 602 1931; x_wconf 80' lang='grc' dir='ltr'>αὑτὸν,</span> <span class='ocrx_word' id='word_1_416' title='bbox 615 1899 658 1926; x_wconf 86' lang='grc' dir='ltr'>διὰ</span> <span class='ocrx_word' id='word_1_417' title='bbox 670 1898 724 1925; x_wconf 86' lang='grc' dir='ltr'>τῶν</span> <span class='ocrx_word' id='word_1_418' title='bbox 735 1899 824 1925; x_wconf 73' lang='grc' dir='ltr'>αὐτῶν</span> <span class='ocrx_word' id='word_1_419' title='bbox 835 1898 896 1925; x_wconf 85' lang='grc' dir='ltr'><strong>τού-</strong></span> 
     </span>
    </p>
   </div>
   <div class='ocr_carea' id='block_1_57' title="bbox 109 1944 896 1980">
    <p class='ocr_par' dir='ltr' id='par_1_57' title="bbox 109 1944 896 1980">
     <span class='ocr_line' id='line_1_57' title="bbox 109 1944 896 1980; baseline -0.003 -7"><span class='ocrx_word' id='word_1_420' title='bbox 109 1955 164 1973; x_wconf 70' lang='grc' dir='ltr'>των</span> <span class='ocrx_word' id='word_1_421' title='bbox 180 1946 287 1977; x_wconf 77' lang='grc' dir='ltr'>πάντως</span> <span class='ocrx_word' id='word_1_422' title='bbox 301 1945 361 1972; x_wconf 73' lang='grc' dir='ltr'>οὐδὲ</span> <span class='ocrx_word' id='word_1_423' title='bbox 378 1945 409 1971; x_wconf 76' lang='grc' dir='ltr'><strong>τὸ</strong></span> <span class='ocrx_word' id='word_1_424' title='bbox 424 1945 508 1977; x_wconf 72' lang='grc' dir='ltr'>οὕτως</span> <span class='ocrx_word' id='word_1_425' title='bbox 524 1945 605 1972; x_wconf 77' lang='grc' dir='ltr'>αὑτὸν</span> <span class='ocrx_word' id='word_1_426' title='bbox 629 1945 809 1980; x_wconf 78' lang='grc' dir='ltr'>γεγεννῆσθαι</span> <span class='ocrx_word' id='word_1_427' title='bbox 833 1944 896 1971; x_wconf 79' lang='grc' dir='ltr'><strong>ἀπὶ-</strong></span> 
     </span>
    </p>
   </div>
   <div class='ocr_carea' id='block_1_58' title="bbox 111 1991 897 2026">
    <p class='ocr_par' dir='ltr' id='par_1_58' title="bbox 111 1991 897 2026">
     <span class='ocr_line' id='line_1_58' title="bbox 111 1991 897 2026; baseline -0.003 -8"><span class='ocrx_word' id='word_1_428' title='bbox 111 1992 202 2019; x_wconf 74' lang='grc' dir='ltr'>Θανον.</span> <span class='ocrx_word' id='word_1_429' title='bbox 230 1991 259 2017; x_wconf 84' lang='lat'><strong>&#39;0</strong></span> <span class='ocrx_word' id='word_1_430' title='bbox 272 1991 326 2026; x_wconf 78' lang='grc' dir='ltr'>γὰρ</span> <span class='ocrx_word' id='word_1_431' title='bbox 341 1991 389 2026; x_wconf 79' lang='grc' dir='ltr'>τὴν</span> <span class='ocrx_word' id='word_1_432' title='bbox 408 1992 533 2026; x_wconf 81' lang='grc' dir='ltr'>γέννησιν</span> <span class='ocrx_word' id='word_1_433' title='bbox 547 1991 642 2023; x_wconf 85' lang='grc' dir='ltr'>εἰπὼν,</span> <span class='ocrx_word' id='word_1_434' title='bbox 660 1992 707 2018; x_wconf 70' lang='grc' dir='ltr'>καὶ</span> <span class='ocrx_word' id='word_1_435' title='bbox 720 1991 761 2024; x_wconf 85' lang='grc' dir='ltr'><strong>τὺ,</strong></span> <span class='ocrx_word' id='word_1_436' title='bbox 776 1992 808 2017; x_wconf 79' lang='grc' dir='ltr'>ὲκ</span> <span class='ocrx_word' id='word_1_437' title='bbox 826 1999 897 2026; x_wconf 84' lang='grc' dir='ltr'>παρ·-</span> 
     </span>
    </p>
   </div>
   <div class='ocr_carea' id='block_1_59' title="bbox 113 2036 897 2072">
    <p class='ocr_par' dir='ltr' id='par_1_59' title="bbox 113 2036 897 2072">
     <span class='ocr_line' id='line_1_59' title="bbox 113 2036 897 2072; baseline 0 -10"><span class='ocrx_word' id='word_1_438' title='bbox 113 2037 200 2069; x_wconf 75' lang='grc' dir='ltr'>θένου,</span> <span class='ocrx_word' id='word_1_439' title='bbox 223 2036 389 2072; x_wconf 76' lang='grc' dir='ltr'>προσέθηκε.</span> <span class='ocrx_word' id='word_1_440' title='bbox 405 2037 460 2063; x_wconf 73' lang='grc' dir='ltr'><strong>Καὶ</strong></span> <span class='ocrx_word' id='word_1_441' title='bbox 477 2037 491 2063; x_wconf 85' lang='grc' dir='ltr'><strong><em>ὁ</em></strong></span> <span class='ocrx_word' id='word_1_442' title='bbox 505 2036 552 2063; x_wconf 85' lang='grc' dir='ltr'><strong>τοῦ</strong></span> <span class='ocrx_word' id='word_1_443' title='bbox 564 2036 678 2064; x_wconf 78' lang='grc' dir='ltr'>θανάτου</span> <span class='ocrx_word' id='word_1_444' title='bbox 693 2036 832 2072; x_wconf 78' lang='grc' dir='ltr'>μνησθεὶς,</span> <span class='ocrx_word' id='word_1_445' title='bbox 851 2036 897 2062; x_wconf 79' lang='grc' dir='ltr'><strong>καὶ</strong></span> 
     </span>
    </p>
   </div>
   <div class='ocr_carea' id='block_1_60' title="bbox 112 2076 898 2115">
    <p class='ocr_par' dir='ltr' id='par_1_60' title="bbox 112 2076 898 2115">
     <span class='ocr_line' id='line_1_60' title="bbox 112 2076 898 2115; baseline -0.003 -9"><span class='ocrx_word' id='word_1_446' title='bbox 112 2079 160 2114; x_wconf 79' lang='grc' dir='ltr'><strong>τὴν</strong></span> <span class='ocrx_word' id='word_1_447' title='bbox 174 2078 322 2106; x_wconf 82' lang='grc' dir='ltr'>ἀνάστασιν</span> <span class='ocrx_word' id='word_1_448' title='bbox 344 2079 383 2113; x_wconf 84' lang='grc' dir='ltr'><strong>τῷ</strong></span> <span class='ocrx_word' id='word_1_449' title='bbox 399 2079 505 2114; x_wconf 81' lang='grc' dir='ltr'>θανάτῳ</span> <span class='ocrx_word' id='word_1_450' title='bbox 520 2078 788 2115; x_wconf 78' lang='grc' dir='ltr'>προσεμαρτύρησεν.</span> <span class='ocrx_word' id='word_1_451' title='bbox 803 2079 834 2104; x_wconf 78' lang='grc' dir='ltr'>Εἰ</span> <span class='ocrx_word' id='word_1_452' title='bbox 852 2076 898 2104; x_wconf 77' lang='grc' dir='ltr'>οὖν</span> 
     </span>
    </p>
   </div>
   <div class='ocr_carea' id='block_1_61' title="bbox 113 2121 898 2159">
    <p class='ocr_par' dir='ltr' id='par_1_61' title="bbox 113 2121 898 2159">
     <span class='ocr_line' id='line_1_61' title="bbox 113 2121 898 2159; baseline -0.003 -8"><span class='ocrx_word' id='word_1_453' title='bbox 113 2125 159 2159; x_wconf 74' lang='grc' dir='ltr'><strong>ἀφ’</strong></span> <span class='ocrx_word' id='word_1_454' title='bbox 174 2121 211 2151; x_wconf 79' lang='grc' dir='ltr'>ὧν</span> <span class='ocrx_word' id='word_1_455' title='bbox 228 2124 340 2155; x_wconf 83' lang='grc' dir='ltr'><strong>ἀκούεις</strong></span> <span class='ocrx_word' id='word_1_456' title='bbox 356 2125 402 2151; x_wconf 73' lang='grc' dir='ltr'>καὶ</span> <span class='ocrx_word' id='word_1_457' title='bbox 424 2125 455 2151; x_wconf 82' lang='grc' dir='ltr'>τὸ</span> <span class='ocrx_word' id='word_1_458' title='bbox 466 2124 644 2159; x_wconf 85' lang='grc' dir='ltr'>γεγεννῆσθαι</span> <span class='ocrx_word' id='word_1_459' title='bbox 664 2124 752 2151; x_wconf 77' lang='grc' dir='ltr'>καὶτὸ</span> <span class='ocrx_word' id='word_1_460' title='bbox 771 2124 898 2150; x_wconf 82' lang='grc' dir='ltr'>τεθνᾶναι</span> 
     </span>
    </p>
   </div>
   <div class='ocr_carea' id='block_1_62' title="bbox 111 2168 901 2201">
    <p class='ocr_par' dir='ltr' id='par_1_62' title="bbox 111 2168 901 2201">
     <span class='ocr_line' id='line_1_62' title="bbox 111 2168 901 2201; baseline -0.001 -5"><span class='ocrx_word' id='word_1_461' title='bbox 111 2169 200 2201; x_wconf 76' lang='grc' dir='ltr'>δίδως,</span> <span class='ocrx_word' id='word_1_462' title='bbox 214 2170 248 2196; x_wconf 83' lang='grc' dir='ltr'>ὲκ</span> <span class='ocrx_word' id='word_1_463' title='bbox 266 2169 320 2196; x_wconf 84' lang='grc' dir='ltr'><strong>τῶν</strong></span> <span class='ocrx_word' id='word_1_464' title='bbox 339 2170 428 2196; x_wconf 80' lang='grc' dir='ltr'>αὐτῶν</span> <span class='ocrx_word' id='word_1_465' title='bbox 441 2169 536 2201; x_wconf 86' lang='grc' dir='ltr'><strong>δώσεις</strong></span> <span class='ocrx_word' id='word_1_466' title='bbox 553 2169 660 2201; x_wconf 82' lang='grc' dir='ltr'>πάντως</span> <span class='ocrx_word' id='word_1_467' title='bbox 679 2169 725 2195; x_wconf 70' lang='grc' dir='ltr'>καὶ</span> <span class='ocrx_word' id='word_1_468' title='bbox 739 2169 769 2196; x_wconf 86' lang='grc' dir='ltr'>τὺ</span> <span class='ocrx_word' id='word_1_469' title='bbox 786 2168 837 2201; x_wconf 72' lang='grc' dir='ltr'>ἔξω</span> <span class='ocrx_word' id='word_1_470' title='bbox 850 2169 901 2195; x_wconf 88' lang='grc' dir='ltr'><strong>πά-</strong></span> 
     </span>
    </p>
   </div>
   <div class='ocr_carea' id='block_1_63' title="bbox 114 2212 901 2249">
    <p class='ocr_par' dir='ltr' id='par_1_63' title="bbox 114 2212 901 2249">
     <span class='ocr_line' id='line_1_63' title="bbox 114 2212 901 2249; baseline -0.004 -7"><span class='ocrx_word' id='word_1_471' title='bbox 114 2217 176 2245; x_wconf 68' lang='lat' dir='ltr'><strong>tuo;</strong></span> <span class='ocrx_word' id='word_1_472' title='bbox 195 2212 265 2240; x_wconf 80' lang='grc' dir='ltr'>εἶναι</span> <span class='ocrx_word' id='word_1_473' title='bbox 286 2215 334 2241; x_wconf 69' lang='grc' dir='ltr'>καὶ</span> <span class='ocrx_word' id='word_1_474' title='bbox 347 2214 396 2249; x_wconf 85' lang='grc' dir='ltr'><strong>τὴν</strong></span> <span class='ocrx_word' id='word_1_475' title='bbox 414 2214 539 2249; x_wconf 82' lang='grc' dir='ltr'>γέννησιν</span> <span class='ocrx_word' id='word_1_476' title='bbox 552 2213 634 2241; x_wconf 82' lang='grc' dir='ltr'>αὐτοῦ</span> <span class='ocrx_word' id='word_1_477' title='bbox 651 2214 698 2241; x_wconf 76' lang='grc' dir='ltr'>καὶ</span> <span class='ocrx_word' id='word_1_478' title='bbox 720 2213 765 2240; x_wconf 80' lang='grc' dir='ltr'><strong>τὸν</strong></span> <span class='ocrx_word' id='word_1_479' title='bbox 777 2214 901 2240; x_wconf 83' lang='grc' dir='ltr'>Θάνατον.</span> 
     </span>
    </p>
   </div>
   <div class='ocr_carea' id='block_1_64' title="bbox 121 2259 903 2295">
    <p class='ocr_par' dir='ltr' id='par_1_64' title="bbox 121 2259 903 2295">
     <span class='ocr_line' id='line_1_64' title="bbox 121 2259 903 2295; baseline 0 -9"><span class='ocrx_word' id='word_1_480' title='bbox 121 2259 201 2286; x_wconf 75' lang='grc' dir='ltr'>Ἀλλὰ</span> <span class='ocrx_word' id='word_1_481' title='bbox 222 2260 277 2295; x_wconf 85' lang='grc' dir='ltr'><strong>μὴν</strong></span> <span class='ocrx_word' id='word_1_482' title='bbox 297 2260 384 2286; x_wconf 82' lang='grc' dir='ltr'>ταῦτα</span> <span class='ocrx_word' id='word_1_483' title='bbox 406 2260 490 2295; x_wconf 76' lang='grc' dir='ltr'>μείζω</span> <span class='ocrx_word' id='word_1_484' title='bbox 514 2260 564 2295; x_wconf 83' lang='grc' dir='ltr'><strong>τῆς</strong></span> <span class='ocrx_word' id='word_1_485' title='bbox 587 2260 693 2294; x_wconf 82' lang='grc' dir='ltr'>φύσεως</span> <span class='ocrx_word' id='word_1_486' title='bbox 706 2268 713 2274; x_wconf 88' lang='grc'><strong>·</strong></span> <span class='ocrx_word' id='word_1_487' title='bbox 729 2259 827 2286; x_wconf 72' lang='grc' dir='ltr'>οὐκοῦν</span> <span class='ocrx_word' id='word_1_488' title='bbox 842 2259 903 2285; x_wconf 69' lang='grc' dir='ltr'>οὐδὲ</span> 
     </span>
    </p>
   </div>
   <div class='ocr_carea' id='block_1_65' title="bbox 114 2305 904 2340">
    <p class='ocr_par' dir='ltr' id='par_1_65' title="bbox 114 2305 904 2340">
     <span class='ocr_line' id='line_1_65' title="bbox 114 2305 904 2340; baseline 0.001 -9"><span class='ocrx_word' id='word_1_489' title='bbox 114 2305 217 2337; x_wconf 72' lang='grc' dir='ltr'>ἐκεῖνος</span> <span class='ocrx_word' id='word_1_490' title='bbox 238 2305 348 2337; x_wconf 81' lang='grc' dir='ltr'><strong>πάντως</strong></span> <span class='ocrx_word' id='word_1_491' title='bbox 363 2306 437 2338; x_wconf 79' lang='grc' dir='ltr'>ἐντὸς</span> <span class='ocrx_word' id='word_1_492' title='bbox 457 2306 507 2340; x_wconf 79' lang='grc' dir='ltr'><strong>τῆς</strong></span> <span class='ocrx_word' id='word_1_493' title='bbox 529 2305 651 2339; x_wconf 73' lang='grc' dir='ltr'>φύσεως,</span> <span class='ocrx_word' id='word_1_494' title='bbox 672 2307 687 2332; x_wconf 83' lang='grc' dir='ltr'>ὁ</span> <span class='ocrx_word' id='word_1_495' title='bbox 706 2306 734 2332; x_wconf 83' lang='grc' dir='ltr'>ὲν</span> <span class='ocrx_word' id='word_1_496' title='bbox 757 2307 813 2338; x_wconf 78' lang='grc' dir='ltr'>τοῖς</span> <span class='ocrx_word' id='word_1_497' title='bbox 834 2306 904 2339; x_wconf 84' lang='grc' dir='ltr'>ὑπὲρ</span> 
     </span>
    </p>
   </div>
   <div class='ocr_carea' id='block_1_66' title="bbox 115 2348 875 2386">
    <p class='ocr_par' dir='ltr' id='par_1_66' title="bbox 115 2348 875 2386">
     <span class='ocr_line' id='line_1_66' title="bbox 115 2348 875 2386; baseline 0 -9"><span class='ocrx_word' id='word_1_498' title='bbox 115 2350 196 2384; x_wconf 65' lang='grc' dir='ltr'>φύσιν</span> <span class='ocrx_word' id='word_1_499' title='bbox 209 2350 389 2386; x_wconf 70' lang='grc' dir='ltr'>γεγεννῆσθαι</span> <span class='ocrx_word' id='word_1_500' title='bbox 402 2348 626 2384; x_wconf 78' lang='grc' dir='ltr'>ἁποδεικνύμενς.</span> <span class='ocrx_word' id='word_1_501' title='bbox 870 2354 875 2357; x_wconf 85' lang='lat'>‘</span> 
     </span>
    </p>
   </div>
   <div class='ocr_carea' id='block_1_67' title="bbox 419 2471 612 2498">
    <p class='ocr_par' dir='ltr' id='par_1_67' title="bbox 419 2471 612 2498">
     <span class='ocr_line' id='line_1_67' title="bbox 419 2471 612 2498; baseline 0.005 -1"><span class='ocrx_word' id='word_1_502' title='bbox 419 2471 543 2497; x_wconf 69' lang='grc' dir='ltr'><strong>ΚΕΦΛᾹ.</strong></span> <span class='ocrx_word' id='word_1_503' title='bbox 564 2471 612 2498; x_wconf 77' lang='grc' dir='ltr'><strong>1Δ’.</strong></span> 
     </span>
    </p>
   </div>
   <div class='ocr_carea' id='block_1_68' title="bbox 156 2549 904 2588">
    <p class='ocr_par' dir='ltr' id='par_1_68' title="bbox 156 2549 904 2588">
     <span class='ocr_line' id='line_1_68' title="bbox 156 2549 904 2588; baseline -0.011 -1"><span class='ocrx_word' id='word_1_504' title='bbox 156 2550 203 2583; x_wconf 76' lang='grc' dir='ltr'><strong>Τίς</strong></span> <span class='ocrx_word' id='word_1_505' title='bbox 222 2549 270 2578; x_wconf 65' lang='grc' dir='ltr'><strong>οὖν</strong></span> <span class='ocrx_word' id='word_1_506' title='bbox 294 2551 368 2578; x_wconf 65' lang='grc' dir='ltr'>αἰτία</span> <span class='ocrx_word' id='word_1_507' title='bbox 381 2572 388 2584; x_wconf 69' lang='grc' dir='ltr'><strong>ν</strong></span> <span class='ocrx_word' id='word_1_508' title='bbox 407 2554 490 2586; x_wconf 74' lang='grc' dir='ltr'>φησὶ.</span> <span class='ocrx_word' id='word_1_509' title='bbox 506 2553 553 2583; x_wconf 76' lang='grc' dir='ltr'><strong>τοῦ</strong></span> <span class='ocrx_word' id='word_1_510' title='bbox 576 2553 642 2588; x_wconf 83' lang='grc' dir='ltr'>πρὸς</span> <span class='ocrx_word' id='word_1_511' title='bbox 660 2553 709 2588; x_wconf 83' lang='grc' dir='ltr'><strong>τὴν</strong></span> <span class='ocrx_word' id='word_1_512' title='bbox 724 2550 904 2588; x_wconf 80' lang='grc' dir='ltr'>ταπεινότητα</span> 
     </span>
    </p>
   </div>
   <div class='ocr_carea' id='block_1_69' title="bbox 116 2595 904 2635">
    <p class='ocr_par' dir='ltr' id='par_1_69' title="bbox 116 2595 904 2635">
     <span class='ocr_line' id='line_1_69' title="bbox 116 2595 904 2635; baseline 0.004 -12"><span class='ocrx_word' id='word_1_513' title='bbox 116 2595 220 2633; x_wconf 82' lang='grc' dir='ltr'>ταύτην</span> <span class='ocrx_word' id='word_1_514' title='bbox 234 2597 390 2631; x_wconf 80' lang='grc' dir='ltr'>καταϐῆναι</span> <span class='ocrx_word' id='word_1_515' title='bbox 404 2598 434 2625; x_wconf 77' lang='grc' dir='ltr'>τὸ</span> <span class='ocrx_word' id='word_1_516' title='bbox 449 2599 535 2630; x_wconf 76' lang='grc' dir='ltr'>Θεῖον,</span> <span class='ocrx_word' id='word_1_517' title='bbox 549 2599 585 2631; x_wconf 83' lang='grc' dir='ltr'><strong>ὡς</strong></span> <span class='ocrx_word' id='word_1_518' title='bbox 601 2599 752 2634; x_wconf 72' lang='grc' dir='ltr'>ἀμφίϐολον</span> <span class='ocrx_word' id='word_1_519' title='bbox 772 2597 841 2626; x_wconf 79' lang='grc' dir='ltr'>εἶναι</span> <span class='ocrx_word' id='word_1_520' title='bbox 855 2600 904 2635; x_wconf 77' lang='grc' dir='ltr'>τὴν</span> 
     </span>
    </p>
   </div>
   <div class='ocr_carea' id='block_1_70' title="bbox 117 2641 903 2679">
    <p class='ocr_par' dir='ltr' id='par_1_70' title="bbox 117 2641 903 2679">
     <span class='ocr_line' id='line_1_70' title="bbox 117 2641 903 2679; baseline 0.005 -12"><span class='ocrx_word' id='word_1_521' title='bbox 117 2641 230 2674; x_wconf 68' lang='grc' dir='ltr'>πίστιν,</span> <span class='ocrx_word' id='word_1_522' title='bbox 253 2642 278 2668; x_wconf 80' lang='grc' dir='ltr'>εἰ</span> <span class='ocrx_word' id='word_1_523' title='bbox 300 2642 366 2673; x_wconf 79' lang='grc' dir='ltr'><strong>Θεὸς</strong></span> <span class='ocrx_word' id='word_1_524' title='bbox 381 2642 411 2669; x_wconf 78' lang='grc' dir='ltr'><strong>τὸ</strong></span> <span class='ocrx_word' id='word_1_525' title='bbox 427 2643 567 2678; x_wconf 76' lang='grc' dir='ltr'>ἀχώρητον</span> <span class='ocrx_word' id='word_1_526' title='bbox 590 2644 635 2670; x_wconf 77' lang='grc' dir='ltr'>καὶ</span> <span class='ocrx_word' id='word_1_527' title='bbox 653 2644 836 2679; x_wconf 84' lang='grc' dir='ltr'>ἀκατανόητον</span> <span class='ocrx_word' id='word_1_528' title='bbox 857 2646 903 2671; x_wconf 70' lang='grc' dir='ltr'>καὶ</span> 
     </span>
    </p>
   </div>
   <div class='ocr_carea' id='block_1_71' title="bbox 118 2687 907 2724">
    <p class='ocr_par' dir='ltr' id='par_1_71' title="bbox 118 2687 907 2724">
     <span class='ocr_line' id='line_1_71' title="bbox 118 2687 907 2724; baseline 0.005 -12"><span class='ocrx_word' id='word_1_529' title='bbox 118 2687 304 2723; x_wconf 76' lang='grc' dir='ltr'>ἁνεκλάλητον</span> <span class='ocrx_word' id='word_1_530' title='bbox 314 2688 441 2722; x_wconf 84' lang='grc' dir='ltr'><strong>πρᾶγμα,</strong></span> <span class='ocrx_word' id='word_1_531' title='bbox 452 2687 507 2724; x_wconf 67' lang='grc' dir='ltr'><strong>[τῙό</strong></span> <span class='ocrx_word' id='word_1_532' title='bbox 518 2689 587 2724; x_wconf 80' lang='grc' dir='ltr'>ὑπὲρ</span> <span class='ocrx_word' id='word_1_533' title='bbox 603 2690 692 2716; x_wconf 81' lang='grc' dir='ltr'>πᾶσαν</span> <span class='ocrx_word' id='word_1_534' title='bbox 707 2689 783 2722; x_wconf 79' lang='grc' dir='ltr'>δόξαν</span> <span class='ocrx_word' id='word_1_535' title='bbox 799 2690 845 2716; x_wconf 69' lang='grc' dir='ltr'>καὶ</span> <span class='ocrx_word' id='word_1_536' title='bbox 855 2691 907 2716; x_wconf 84' lang='grc' dir='ltr'><strong>πᾶ-</strong></span> 
     </span>
    </p>
   </div>
   <div class='ocr_carea' id='block_1_72' title="bbox 121 2731 910 2771">
    <p class='ocr_par' dir='ltr' id='par_1_72' title="bbox 121 2731 910 2771">
     <span class='ocr_line' id='line_1_72' title="bbox 121 2731 910 2771; baseline 0.005 -13"><span class='ocrx_word' id='word_1_537' title='bbox 121 2740 171 2758; x_wconf 77' lang='grc' dir='ltr'><strong>σαν</strong></span> <span class='ocrx_word' id='word_1_538' title='bbox 185 2732 386 2768; x_wconf 82' lang='grc' dir='ltr'>μεγαλειότητα</span> <span class='ocrx_word' id='word_1_539' title='bbox 404 2734 442 2768; x_wconf 80' lang='grc' dir='ltr'><strong>τῷ</strong></span> <span class='ocrx_word' id='word_1_540' title='bbox 466 2731 568 2761; x_wconf 72' lang='grc' dir='ltr'>εὑτεΧεῐ</span> <span class='ocrx_word' id='word_1_541' title='bbox 589 2735 693 2771; x_wconf 81' lang='grc' dir='ltr'>ὲλύτρῳ</span> <span class='ocrx_word' id='word_1_542' title='bbox 713 2735 761 2770; x_wconf 84' lang='grc' dir='ltr'>τῆς</span> <span class='ocrx_word' id='word_1_543' title='bbox 775 2736 910 2771; x_wconf 80' lang='grc' dir='ltr'><strong>ἀνθρωπί-</strong></span> 
     </span>
    </p>
   </div>
   <div class='ocr_carea' id='block_1_73' title="bbox 119 2778 906 2816">
    <p class='ocr_par' dir='ltr' id='par_1_73' title="bbox 119 2778 906 2816">
     <span class='ocr_line' id='line_1_73' title="bbox 119 2778 906 2816; baseline 0.003 -11"><span class='ocrx_word' id='word_1_544' title='bbox 119 2785 169 2811; x_wconf 80' lang='grc' dir='ltr'><strong>νης</strong></span> <span class='ocrx_word' id='word_1_545' title='bbox 182 2778 293 2814; x_wconf 78' lang='grc' dir='ltr'>φύσεως</span> <span class='ocrx_word' id='word_1_546' title='bbox 310 2778 520 2814; x_wconf 77' lang='grc' dir='ltr'>καταμίγνυται,</span> <span class='ocrx_word' id='word_1_547' title='bbox 534 2780 572 2810; x_wconf 79' lang='grc' dir='ltr'><strong>ὡς</strong></span> <span class='ocrx_word' id='word_1_548' title='bbox 585 2780 632 2807; x_wconf 71' lang='grc' dir='ltr'>καὶ</span> <span class='ocrx_word' id='word_1_549' title='bbox 645 2780 694 2812; x_wconf 76' lang='grc' dir='ltr'><strong>τὰς</strong></span> <span class='ocrx_word' id='word_1_550' title='bbox 708 2780 811 2816; x_wconf 64' lang='grc' dir='ltr'>ὑψηλὰς</span> <span class='ocrx_word' id='word_1_551' title='bbox 828 2782 906 2816; x_wconf 78' lang='grc' dir='ltr'>ἐνερ-</span> 
     </span>
    </p>
   </div>
   <div class='ocr_carea' id='block_1_74' title="bbox 929 849 1712 881">
    <p class='ocr_par' dir='ltr' id='par_1_74' title="bbox 929 849 1712 881">
     <span class='ocr_line' id='line_1_74' title="bbox 929 849 1712 881; baseline -0.008 -2"><span class='ocrx_word' id='word_1_552' title='bbox 929 853 986 880; x_wconf 79' lang='lat' dir='ltr'><strong>Non</strong></span> <span class='ocrx_word' id='word_1_553' title='bbox 1002 853 1093 881; x_wconf 80' lang='lat' dir='ltr'><strong>credis</strong></span> <span class='ocrx_word' id='word_1_554' title='bbox 1110 853 1260 880; x_wconf 87' lang='lat' dir='ltr'><strong>miraculo?</strong></span> <span class='ocrx_word' id='word_1_555' title='bbox 1277 852 1365 880; x_wconf 67' lang='lat' dir='ltr'><strong>Lmtor</strong></span> <span class='ocrx_word' id='word_1_556' title='bbox 1388 852 1422 879; x_wconf 88' lang='lat' dir='ltr'><strong>de</strong></span> <span class='ocrx_word' id='word_1_557' title='bbox 1439 855 1485 878; x_wconf 87' lang='lat' dir='ltr'><strong>tua</strong></span> <span class='ocrx_word' id='word_1_558' title='bbox 1510 849 1712 877; x_wconf 73' lang='lat' dir='ltr'><strong>incredulitate.</strong></span> 
     </span>
    </p>
   </div>
   <div class='ocr_carea' id='block_1_75' title="bbox 928 893 1714 934">
    <p class='ocr_par' dir='ltr' id='par_1_75' title="bbox 928 893 1714 934">
     <span class='ocr_line' id='line_1_75' title="bbox 928 893 1714 934; baseline -0.009 -8"><span class='ocrx_word' id='word_1_559' title='bbox 928 899 981 926; x_wconf 86' lang='lat' dir='ltr'><strong>Per</strong></span> <span class='ocrx_word' id='word_1_560' title='bbox 996 900 1048 926; x_wconf 89' lang='lat' dir='ltr'><strong>hoc</strong></span> <span class='ocrx_word' id='word_1_561' title='bbox 1070 899 1142 927; x_wconf 90' lang='lat' dir='ltr'><strong>enim</strong></span> <span class='ocrx_word' id='word_1_562' title='bbox 1160 899 1233 934; x_wconf 88' lang='lat' dir='ltr'><strong>quod</strong></span> <span class='ocrx_word' id='word_1_563' title='bbox 1263 906 1345 934; x_wconf 87' lang='lat' dir='ltr'><strong>supra</strong></span> <span class='ocrx_word' id='word_1_564' title='bbox 1362 898 1442 925; x_wconf 82' lang='lat' dir='ltr'><strong>ﬁdem</strong></span> <span class='ocrx_word' id='word_1_565' title='bbox 1461 900 1542 932; x_wconf 82' lang='lat' dir='ltr'><strong>putas</strong></span> <span class='ocrx_word' id='word_1_566' title='bbox 1565 903 1626 923; x_wconf 86' lang='lat' dir='ltr'><strong>esse</strong></span> <span class='ocrx_word' id='word_1_567' title='bbox 1642 893 1714 928; x_wconf 85' lang='lat' dir='ltr'><strong>quod</strong></span> 
     </span>
    </p>
   </div>
   <div class='ocr_carea' id='block_1_76' title="bbox 930 939 1716 978">
    <p class='ocr_par' dir='ltr' id='par_1_76' title="bbox 930 939 1716 978">
     <span class='ocr_line' id='line_1_76' title="bbox 930 939 1716 978; baseline -0.009 -6"><span class='ocrx_word' id='word_1_568' title='bbox 930 945 1041 976; x_wconf 89' lang='lat' dir='ltr'><strong>dicitur,</strong></span> <span class='ocrx_word' id='word_1_569' title='bbox 1058 944 1151 972; x_wconf 80' lang='lat' dir='ltr'><strong>fateris</strong></span> <span class='ocrx_word' id='word_1_570' title='bbox 1167 944 1301 971; x_wconf 85' lang='lat' dir='ltr'><strong>miracula</strong></span> <span class='ocrx_word' id='word_1_571' title='bbox 1319 951 1380 971; x_wconf 85' lang='lat' dir='ltr'><strong>esse</strong></span> <span class='ocrx_word' id='word_1_572' title='bbox 1396 949 1479 978; x_wconf 83' lang='lat' dir='ltr'><strong>supra</strong></span> <span class='ocrx_word' id='word_1_573' title='bbox 1495 946 1631 969; x_wconf 85' lang='lat' dir='ltr'><strong>naturam.</strong></span> <span class='ocrx_word' id='word_1_574' title='bbox 1658 939 1716 966; x_wconf 87' lang='lat' dir='ltr'><strong>[Ioc</strong></span> 
     </span>
    </p>
   </div>
   <div class='ocr_carea' id='block_1_77' title="bbox 931 985 1717 1026">
    <p class='ocr_par' dir='ltr' id='par_1_77' title="bbox 931 985 1717 1026">
     <span class='ocr_line' id='line_1_77' title="bbox 931 985 1717 1026; baseline -0.008 -8"><span class='ocrx_word' id='word_1_575' title='bbox 931 991 1019 1026; x_wconf 90' lang='lat' dir='ltr'><strong>ipsum</strong></span> <span class='ocrx_word' id='word_1_576' title='bbox 1035 998 1100 1024; x_wconf 76' lang='lat' dir='ltr'><strong>ergo</strong></span> <span class='ocrx_word' id='word_1_577' title='bbox 1129 991 1166 1018; x_wconf 91' lang='lat' dir='ltr'><strong>sit</strong></span> <span class='ocrx_word' id='word_1_578' title='bbox 1194 991 1242 1017; x_wconf 86' lang='lat' dir='ltr'><strong>tibi</strong></span> <span class='ocrx_word' id='word_1_579' title='bbox 1271 993 1463 1025; x_wconf 78' lang='lat' dir='ltr'><strong>argumentum</strong></span> <span class='ocrx_word' id='word_1_580' title='bbox 1480 987 1631 1015; x_wconf 86' lang='lat' dir='ltr'><strong>divinitatis</strong></span> <span class='ocrx_word' id='word_1_581' title='bbox 1657 985 1717 1020; x_wconf 77' lang='lat' dir='ltr'><strong>ejus</strong></span> 
     </span>
    </p>
   </div>
   <div class='ocr_carea' id='block_1_78' title="bbox 931 1033 1716 1072">
    <p class='ocr_par' dir='ltr' id='par_1_78' title="bbox 931 1033 1716 1072">
     <span class='ocr_line' id='line_1_78' title="bbox 931 1033 1716 1072; baseline -0.008 -8"><span class='ocrx_word' id='word_1_582' title='bbox 931 1037 977 1072; x_wconf 86' lang='lat' dir='ltr'><strong>qui</strong></span> <span class='ocrx_word' id='word_1_583' title='bbox 993 1037 1127 1072; x_wconf 86' lang='lat' dir='ltr'><strong>apparuit,</strong></span> <span class='ocrx_word' id='word_1_584' title='bbox 1147 1036 1218 1072; x_wconf 90' lang='lat' dir='ltr'><strong>quod</strong></span> <span class='ocrx_word' id='word_1_585' title='bbox 1235 1044 1288 1063; x_wconf 91' lang='lat' dir='ltr'><strong>non</strong></span> <span class='ocrx_word' id='word_1_586' title='bbox 1307 1035 1436 1071; x_wconf 86' lang='lat' dir='ltr'><strong>procedat</strong></span> <span class='ocrx_word' id='word_1_587' title='bbox 1453 1033 1610 1070; x_wconf 65' lang='lat' dir='ltr'><strong>prtedicatio</strong></span> <span class='ocrx_word' id='word_1_588' title='bbox 1623 1040 1671 1068; x_wconf 89' lang='lat' dir='ltr'><strong>per</strong></span> <span class='ocrx_word' id='word_1_589' title='bbox 1684 1040 1716 1059; x_wconf 87' lang='lat' dir='ltr'><strong>ea</strong></span> 
     </span>
    </p>
   </div>
   <div class='ocr_carea' id='block_1_79' title="bbox 932 1078 1717 1118">
    <p class='ocr_par' dir='ltr' id='par_1_79' title="bbox 932 1078 1717 1118">
     <span class='ocr_line' id='line_1_79' title="bbox 932 1078 1717 1118; baseline -0.008 -8"><span class='ocrx_word' id='word_1_590' title='bbox 932 1090 993 1118; x_wconf 64' lang='lat' dir='ltr'><strong>quae</strong></span> <span class='ocrx_word' id='word_1_591' title='bbox 1007 1087 1070 1110; x_wconf 91' lang='lat' dir='ltr'><strong>sunt</strong></span> <span class='ocrx_word' id='word_1_592' title='bbox 1086 1082 1236 1110; x_wconf 86' lang='lat' dir='ltr'><strong>secundum</strong></span> <span class='ocrx_word' id='word_1_593' title='bbox 1261 1085 1398 1109; x_wconf 84' lang='lat' dir='ltr'><strong>naturam.</strong></span> <span class='ocrx_word' id='word_1_594' title='bbox 1422 1080 1491 1108; x_wconf 77' lang='lat' dir='ltr'><strong>Nam</strong></span> <span class='ocrx_word' id='word_1_595' title='bbox 1508 1081 1531 1108; x_wconf 93' lang='lat' dir='ltr'><strong>si</strong></span> <span class='ocrx_word' id='word_1_596' title='bbox 1554 1079 1626 1107; x_wconf 87' lang='lat' dir='ltr'><strong>intra</strong></span> <span class='ocrx_word' id='word_1_597' title='bbox 1649 1078 1717 1105; x_wconf 76' lang='lat' dir='ltr'><strong>ﬁnes</strong></span> 
     </span>
    </p>
   </div>
   <div class='ocr_carea' id='block_1_80' title="bbox 933 1123 1717 1163">
    <p class='ocr_par' dir='ltr' id='par_1_80' title="bbox 933 1123 1717 1163">
     <span class='ocr_line' id='line_1_80' title="bbox 933 1123 1717 1163; baseline -0.008 -8"><span class='ocrx_word' id='word_1_598' title='bbox 933 1132 1038 1156; x_wconf 81' lang='lat' dir='ltr'><strong>naturae</strong></span> <span class='ocrx_word' id='word_1_599' title='bbox 1053 1132 1146 1156; x_wconf 83' lang='lat' dir='ltr'><strong>essent</strong></span> <span class='ocrx_word' id='word_1_600' title='bbox 1160 1135 1191 1156; x_wconf 83' lang='lat' dir='ltr'><strong>ea</strong></span> <span class='ocrx_word' id='word_1_601' title='bbox 1207 1136 1267 1163; x_wconf 66' lang='lat' dir='ltr'><strong>qua:</strong></span> <span class='ocrx_word' id='word_1_602' title='bbox 1293 1128 1327 1156; x_wconf 91' lang='lat' dir='ltr'><strong>de</strong></span> <span class='ocrx_word' id='word_1_603' title='bbox 1352 1127 1463 1154; x_wconf 79' lang='lat' dir='ltr'><strong>Christo</strong></span> <span class='ocrx_word' id='word_1_604' title='bbox 1491 1129 1649 1156; x_wconf 83' lang='lat' dir='ltr'><strong>narrantur,</strong></span> <span class='ocrx_word' id='word_1_605' title='bbox 1671 1123 1717 1150; x_wconf 91' lang='lat' dir='ltr'><strong>ubi</strong></span> 
     </span>
    </p>
   </div>
   <div class='ocr_carea' id='block_1_81' title="bbox 934 1169 1717 1208">
    <p class='ocr_par' dir='ltr' id='par_1_81' title="bbox 934 1169 1717 1208">
     <span class='ocr_line' id='line_1_81' title="bbox 934 1169 1717 1208; baseline -0.008 -7"><span class='ocrx_word' id='word_1_606' title='bbox 934 1174 1086 1202; x_wconf 82' lang='lat' dir='ltr'><strong>divinitas?</strong></span> <span class='ocrx_word' id='word_1_607' title='bbox 1118 1173 1166 1201; x_wconf 90' lang='lat' dir='ltr'><strong>Sin</strong></span> <span class='ocrx_word' id='word_1_608' title='bbox 1189 1179 1279 1201; x_wconf 87' lang='lat' dir='ltr'><strong>autem</strong></span> <span class='ocrx_word' id='word_1_609' title='bbox 1308 1177 1436 1200; x_wconf 83' lang='lat' dir='ltr'><strong>naturam</strong></span> <span class='ocrx_word' id='word_1_610' title='bbox 1460 1175 1572 1208; x_wconf 85' lang='lat' dir='ltr'><strong>superat</strong></span> <span class='ocrx_word' id='word_1_611' title='bbox 1591 1171 1618 1198; x_wconf 93' lang='lat' dir='ltr'><strong>id</strong></span> <span class='ocrx_word' id='word_1_612' title='bbox 1646 1169 1717 1205; x_wconf 82' lang='lat' dir='ltr'><strong>quoi</strong></span> 
     </span>
    </p>
   </div>
   <div class='ocr_carea' id='block_1_82' title="bbox 935 1215 1718 1254">
    <p class='ocr_par' dir='ltr' id='par_1_82' title="bbox 935 1215 1718 1254">
     <span class='ocr_line' id='line_1_82' title="bbox 935 1215 1718 1254; baseline -0.008 -7"><span class='ocrx_word' id='word_1_613' title='bbox 935 1219 1046 1251; x_wconf 84' lang='lat' dir='ltr'><strong>dicitur,</strong></span> <span class='ocrx_word' id='word_1_614' title='bbox 1071 1227 1102 1247; x_wconf 86' lang='lat' dir='ltr'><strong>ea</strong></span> <span class='ocrx_word' id='word_1_615' title='bbox 1126 1220 1185 1254; x_wconf 91' lang='lat' dir='ltr'><strong>ipsa</strong></span> <span class='ocrx_word' id='word_1_616' title='bbox 1211 1228 1271 1254; x_wconf 67' lang='lat' dir='ltr'><strong>qua:</strong></span> <span class='ocrx_word' id='word_1_617' title='bbox 1295 1227 1349 1247; x_wconf 92' lang='lat' dir='ltr'><strong>non</strong></span> <span class='ocrx_word' id='word_1_618' title='bbox 1365 1219 1466 1251; x_wconf 83' lang='lat' dir='ltr'><strong>credis,</strong></span> <span class='ocrx_word' id='word_1_619' title='bbox 1495 1217 1612 1253; x_wconf 83' lang='lat' dir='ltr'><strong>probant</strong></span> <span class='ocrx_word' id='word_1_620' title='bbox 1634 1215 1718 1243; x_wconf 85' lang='lat' dir='ltr'><strong>Deum</strong></span> 
     </span>
    </p>
   </div>
   <div class='ocr_carea' id='block_1_83' title="bbox 935 1261 1720 1300">
    <p class='ocr_par' dir='ltr' id='par_1_83' title="bbox 935 1261 1720 1300">
     <span class='ocr_line' id='line_1_83' title="bbox 935 1261 1720 1300; baseline -0.006 -8"><span class='ocrx_word' id='word_1_621' title='bbox 935 1273 997 1293; x_wconf 82' lang='lat' dir='ltr'><strong>esse</strong></span> <span class='ocrx_word' id='word_1_622' title='bbox 1013 1265 1060 1300; x_wconf 87' lang='lat' dir='ltr'><strong>qui</strong></span> <span class='ocrx_word' id='word_1_623' title='bbox 1079 1265 1253 1300; x_wconf 76' lang='lat' dir='ltr'><strong>praedicatur.</strong></span> <span class='ocrx_word' id='word_1_624' title='bbox 1272 1265 1338 1292; x_wconf 79' lang='lat' dir='ltr'><strong>Nam</strong></span> <span class='ocrx_word' id='word_1_625' title='bbox 1359 1265 1441 1292; x_wconf 91' lang='lat' dir='ltr'><strong>homo</strong></span> <span class='ocrx_word' id='word_1_626' title='bbox 1464 1263 1572 1298; x_wconf 87' lang='lat' dir='ltr'><strong>quidem</strong></span> <span class='ocrx_word' id='word_1_627' title='bbox 1598 1261 1720 1289; x_wconf 86' lang='lat' dir='ltr'><strong>nascitur</strong></span> 
     </span>
    </p>
   </div>
   <div class='ocr_carea' id='block_1_84' title="bbox 936 1309 1720 1345">
    <p class='ocr_par' dir='ltr' id='par_1_84' title="bbox 936 1309 1720 1345">
     <span class='ocr_line' id='line_1_84' title="bbox 936 1309 1720 1345; baseline -0.008 -7"><span class='ocrx_word' id='word_1_628' title='bbox 936 1318 969 1338; x_wconf 81' lang='lat' dir='ltr'><strong>ex</strong></span> <span class='ocrx_word' id='word_1_629' title='bbox 984 1311 1101 1337; x_wconf 90' lang='lat' dir='ltr'><strong>duorum</strong></span> <span class='ocrx_word' id='word_1_630' title='bbox 1116 1311 1213 1345; x_wconf 86' lang='lat' dir='ltr'><strong>copula</strong></span> <span class='ocrx_word' id='word_1_631' title='bbox 1227 1314 1253 1338; x_wconf 87' lang='lat' dir='ltr'><strong>et</strong></span> <span class='ocrx_word' id='word_1_632' title='bbox 1268 1309 1471 1344; x_wconf 82' lang='lat' dir='ltr'><strong>conjunctione,</strong></span> <span class='ocrx_word' id='word_1_633' title='bbox 1487 1312 1513 1335; x_wconf 92' lang='lat' dir='ltr'><strong>et</strong></span> <span class='ocrx_word' id='word_1_634' title='bbox 1528 1310 1590 1343; x_wconf 88' lang='lat' dir='ltr'><strong>post</strong></span> <span class='ocrx_word' id='word_1_635' title='bbox 1605 1310 1720 1333; x_wconf 89' lang='lat' dir='ltr'><strong>mortem</strong></span> 
     </span>
    </p>
   </div>
   <div class='ocr_carea' id='block_1_85' title="bbox 939 1351 1721 1388">
    <p class='ocr_par' dir='ltr' id='par_1_85' title="bbox 939 1351 1721 1388">
     <span class='ocr_line' id='line_1_85' title="bbox 939 1351 1721 1388; baseline -0.008 -5"><span class='ocrx_word' id='word_1_636' title='bbox 939 1356 1015 1383; x_wconf 84' lang='lat' dir='ltr'><strong>venit</strong></span> <span class='ocrx_word' id='word_1_637' title='bbox 1034 1357 1067 1383; x_wconf 84' lang='lat' dir='ltr'><strong>ad</strong></span> <span class='ocrx_word' id='word_1_638' title='bbox 1084 1356 1236 1383; x_wconf 90' lang='lat' dir='ltr'><strong>interitum.</strong></span> <span class='ocrx_word' id='word_1_639' title='bbox 1260 1355 1289 1382; x_wconf 89' lang='lat' dir='ltr'><strong>Si</strong></span> <span class='ocrx_word' id='word_1_640' title='bbox 1311 1355 1367 1382; x_wconf 70' lang='lat' dir='ltr'><strong>hmo</strong></span> <span class='ocrx_word' id='word_1_641' title='bbox 1385 1354 1538 1382; x_wconf 86' lang='lat' dir='ltr'><strong>contineret</strong></span> <span class='ocrx_word' id='word_1_642' title='bbox 1554 1351 1721 1388; x_wconf 65' lang='lat' dir='ltr'><strong>praedicatio,</strong></span> 
     </span>
    </p>
   </div>
   <div class='ocr_carea' id='block_1_86' title="bbox 939 1398 1722 1431">
    <p class='ocr_par' dir='ltr' id='par_1_86' title="bbox 939 1398 1722 1431">
     <span class='ocr_line' id='line_1_86' title="bbox 939 1398 1722 1431; baseline -0.006 -4"><span class='ocrx_word' id='word_1_643' title='bbox 939 1400 1023 1428; x_wconf 88' lang='lat' dir='ltr'><strong>Deum</strong></span> <span class='ocrx_word' id='word_1_644' title='bbox 1048 1407 1102 1428; x_wconf 89' lang='lat' dir='ltr'><strong>non</strong></span> <span class='ocrx_word' id='word_1_645' title='bbox 1123 1407 1183 1428; x_wconf 87' lang='lat' dir='ltr'><strong>esse</strong></span> <span class='ocrx_word' id='word_1_646' title='bbox 1209 1400 1322 1426; x_wconf 89' lang='lat' dir='ltr'><strong>omnino</strong></span> <span class='ocrx_word' id='word_1_647' title='bbox 1354 1398 1525 1426; x_wconf 76' lang='lat' dir='ltr'><strong>existimares</strong></span> <span class='ocrx_word' id='word_1_648' title='bbox 1553 1404 1613 1424; x_wconf 89' lang='lat' dir='ltr'><strong>eum</strong></span> <span class='ocrx_word' id='word_1_649' title='bbox 1641 1402 1722 1431; x_wconf 87' lang='lat' dir='ltr'><strong>quem</strong></span> 
     </span>
    </p>
   </div>
   <div class='ocr_carea' id='block_1_87' title="bbox 940 1441 1722 1480">
    <p class='ocr_par' dir='ltr' id='par_1_87' title="bbox 940 1441 1722 1480">
     <span class='ocr_line' id='line_1_87' title="bbox 940 1441 1722 1480; baseline -0.008 -6"><span class='ocrx_word' id='word_1_650' title='bbox 940 1450 1106 1474; x_wconf 88' lang='lat' dir='ltr'><strong>testaremur</strong></span> <span class='ocrx_word' id='word_1_651' title='bbox 1120 1453 1181 1473; x_wconf 86' lang='lat' dir='ltr'><strong>esse</strong></span> <span class='ocrx_word' id='word_1_652' title='bbox 1200 1445 1272 1471; x_wconf 88' lang='lat' dir='ltr'><strong>intra</strong></span> <span class='ocrx_word' id='word_1_653' title='bbox 1289 1449 1393 1472; x_wconf 70' lang='lat' dir='ltr'><strong>naturae</strong></span> <span class='ocrx_word' id='word_1_654' title='bbox 1421 1443 1613 1480; x_wconf 82' lang='lat' dir='ltr'><strong>proprietates.</strong></span> <span class='ocrx_word' id='word_1_655' title='bbox 1645 1441 1722 1474; x_wconf 84' lang='lat' dir='ltr'><strong>Quo-</strong></span> 
     </span>
    </p>
   </div>
   <div class='ocr_carea' id='block_1_88' title="bbox 940 1487 1723 1525">
    <p class='ocr_par' dir='ltr' id='par_1_88' title="bbox 940 1487 1723 1525">
     <span class='ocr_line' id='line_1_88' title="bbox 940 1487 1723 1525; baseline -0.008 -6"><span class='ocrx_word' id='word_1_656' title='bbox 940 1492 1013 1519; x_wconf 84' lang='lat' dir='ltr'><strong>niam</strong></span> <span class='ocrx_word' id='word_1_657' title='bbox 1031 1496 1121 1519; x_wconf 89' lang='lat' dir='ltr'><strong>autem</strong></span> <span class='ocrx_word' id='word_1_658' title='bbox 1148 1491 1227 1518; x_wconf 85' lang='lat' dir='ltr'><strong>audis</strong></span> <span class='ocrx_word' id='word_1_659' title='bbox 1254 1490 1363 1525; x_wconf 85' lang='lat' dir='ltr'><strong>quidem</strong></span> <span class='ocrx_word' id='word_1_660' title='bbox 1393 1490 1482 1524; x_wconf 89' lang='lat' dir='ltr'><strong>ipsum</strong></span> <span class='ocrx_word' id='word_1_661' title='bbox 1500 1496 1562 1516; x_wconf 89' lang='lat' dir='ltr'><strong>esse</strong></span> <span class='ocrx_word' id='word_1_662' title='bbox 1589 1487 1723 1523; x_wconf 76' lang='lat' dir='ltr'><strong>genitum,</strong></span> 
     </span>
    </p>
   </div>
   <div class='ocr_carea' id='block_1_89' title="bbox 940 1534 1723 1565">
    <p class='ocr_par' dir='ltr' id='par_1_89' title="bbox 940 1534 1723 1565">
     <span class='ocr_line' id='line_1_89' title="bbox 940 1534 1723 1565; baseline -0.008 0"><span class='ocrx_word' id='word_1_663' title='bbox 940 1537 1095 1565; x_wconf 77' lang='lat' dir='ltr'><strong>excessisse</strong></span> <span class='ocrx_word' id='word_1_664' title='bbox 1118 1542 1208 1564; x_wconf 87' lang='lat' dir='ltr'><strong>autem</strong></span> <span class='ocrx_word' id='word_1_665' title='bbox 1228 1540 1333 1563; x_wconf 66' lang='lat' dir='ltr'><strong>natura:</strong></span> <span class='ocrx_word' id='word_1_666' title='bbox 1360 1539 1461 1563; x_wconf 68' lang='lat' dir='ltr'><strong>nostra:</strong></span> <span class='ocrx_word' id='word_1_667' title='bbox 1488 1534 1723 1563; x_wconf 82' lang='lat' dir='ltr'><strong>communitatem.</strong></span> 
     </span>
    </p>
   </div>
   <div class='ocr_carea' id='block_1_90' title="bbox 941 1578 1724 1616">
    <p class='ocr_par' dir='ltr' id='par_1_90' title="bbox 941 1578 1724 1616">
     <span class='ocr_line' id='line_1_90' title="bbox 941 1578 1724 1616; baseline -0.009 -6"><span class='ocrx_word' id='word_1_668' title='bbox 941 1586 968 1609; x_wconf 85' lang='lat' dir='ltr'><strong>et</strong></span> <span class='ocrx_word' id='word_1_669' title='bbox 985 1583 1012 1609; x_wconf 92' lang='lat' dir='ltr'><strong>in</strong></span> <span class='ocrx_word' id='word_1_670' title='bbox 1040 1582 1122 1609; x_wconf 92' lang='lat' dir='ltr'><strong>modo</strong></span> <span class='ocrx_word' id='word_1_671' title='bbox 1147 1581 1342 1616; x_wconf 79' lang='lat' dir='ltr'><strong>generationis,</strong></span> <span class='ocrx_word' id='word_1_672' title='bbox 1358 1583 1385 1606; x_wconf 80' lang='lat' dir='ltr'><strong>et</strong></span> <span class='ocrx_word' id='word_1_673' title='bbox 1410 1579 1481 1614; x_wconf 88' lang='lat' dir='ltr'><strong>quod</strong></span> <span class='ocrx_word' id='word_1_674' title='bbox 1508 1586 1562 1605; x_wconf 92' lang='lat' dir='ltr'><strong>non</strong></span> <span class='ocrx_word' id='word_1_675' title='bbox 1587 1578 1724 1612; x_wconf 77' lang='lat' dir='ltr'><strong>acceperit</strong></span> 
     </span>
    </p>
   </div>
   <div class='ocr_carea' id='block_1_91' title="bbox 942 1625 1724 1659">
    <p class='ocr_par' dir='ltr' id='par_1_91' title="bbox 942 1625 1724 1659">
     <span class='ocr_line' id='line_1_91' title="bbox 942 1625 1724 1659; baseline -0.008 -5"><span class='ocrx_word' id='word_1_676' title='bbox 942 1627 1129 1655; x_wconf 85' lang='lat' dir='ltr'><strong>alterationem</strong></span> <span class='ocrx_word' id='word_1_677' title='bbox 1156 1627 1188 1653; x_wconf 85' lang='lat' dir='ltr'><strong>ad</strong></span> <span class='ocrx_word' id='word_1_678' title='bbox 1209 1626 1348 1653; x_wconf 87' lang='lat' dir='ltr'><strong>interitum</strong></span> <span class='ocrx_word' id='word_1_679' title='bbox 1365 1634 1372 1659; x_wconf 86' lang='lat'><strong>;</strong></span> <span class='ocrx_word' id='word_1_680' title='bbox 1389 1630 1462 1652; x_wconf 86' lang='lat' dir='ltr'><strong>recte</strong></span> <span class='ocrx_word' id='word_1_681' title='bbox 1486 1625 1538 1652; x_wconf 89' lang='lat' dir='ltr'><strong>erit</strong></span> <span class='ocrx_word' id='word_1_682' title='bbox 1563 1631 1597 1651; x_wconf 84' lang='lat' dir='ltr'><strong>ex</strong></span> <span class='ocrx_word' id='word_1_683' title='bbox 1626 1630 1724 1650; x_wconf 89' lang='lat' dir='ltr'><strong>conse-</strong></span> 
     </span>
    </p>
   </div>
   <div class='ocr_carea' id='block_1_92' title="bbox 942 1672 1725 1709">
    <p class='ocr_par' dir='ltr' id='par_1_92' title="bbox 942 1672 1725 1709">
     <span class='ocr_line' id='line_1_92' title="bbox 942 1672 1725 1709; baseline -0.008 -8"><span class='ocrx_word' id='word_1_684' title='bbox 942 1675 1047 1709; x_wconf 88' lang='lat' dir='ltr'><strong>quenti,</strong></span> <span class='ocrx_word' id='word_1_685' title='bbox 1061 1674 1094 1701; x_wconf 90' lang='lat' dir='ltr'><strong>ad</strong></span> <span class='ocrx_word' id='word_1_686' title='bbox 1111 1674 1226 1700; x_wconf 90' lang='lat' dir='ltr'><strong>alterum</strong></span> <span class='ocrx_word' id='word_1_687' title='bbox 1242 1673 1281 1700; x_wconf 91' lang='lat' dir='ltr'><strong>uti</strong></span> <span class='ocrx_word' id='word_1_688' title='bbox 1298 1672 1498 1704; x_wconf 82' lang='lat' dir='ltr'><strong>incredulitate,</strong></span> <span class='ocrx_word' id='word_1_689' title='bbox 1514 1677 1612 1704; x_wconf 88' lang='lat' dir='ltr'><strong>nempe</strong></span> <span class='ocrx_word' id='word_1_690' title='bbox 1627 1673 1657 1696; x_wconf 89' lang='lat' dir='ltr'><strong>ut</strong></span> <span class='ocrx_word' id='word_1_691' title='bbox 1670 1676 1725 1696; x_wconf 86' lang='lat' dir='ltr'><strong>non</strong></span> 
     </span>
    </p>
   </div>
   <div class='ocr_carea' id='block_1_93' title="bbox 943 1715 1726 1750">
    <p class='ocr_par' dir='ltr' id='par_1_93' title="bbox 943 1715 1726 1750">
     <span class='ocr_line' id='line_1_93' title="bbox 943 1715 1726 1750; baseline -0.009 -2"><span class='ocrx_word' id='word_1_692' title='bbox 943 1720 1084 1748; x_wconf 83' lang='lat' dir='ltr'><strong>existimes</strong></span> <span class='ocrx_word' id='word_1_693' title='bbox 1109 1728 1171 1747; x_wconf 79' lang='lat' dir='ltr'><strong>eum</strong></span> <span class='ocrx_word' id='word_1_694' title='bbox 1199 1727 1259 1747; x_wconf 84' lang='lat' dir='ltr'><strong>esse</strong></span> <span class='ocrx_word' id='word_1_695' title='bbox 1287 1727 1371 1746; x_wconf 90' lang='lat' dir='ltr'><strong>unum</strong></span> <span class='ocrx_word' id='word_1_696' title='bbox 1397 1717 1534 1745; x_wconf 86' lang='lat' dir='ltr'><strong>hominem</strong></span> <span class='ocrx_word' id='word_1_697' title='bbox 1560 1724 1593 1744; x_wconf 88' lang='lat' dir='ltr'><strong>ex</strong></span> <span class='ocrx_word' id='word_1_698' title='bbox 1619 1716 1653 1744; x_wconf 92' lang='lat' dir='ltr'><strong>iis</strong></span> <span class='ocrx_word' id='word_1_699' title='bbox 1679 1715 1726 1750; x_wconf 88' lang='lat' dir='ltr'><strong>qui</strong></span> 
     </span>
    </p>
   </div>
   <div class='ocr_carea' id='block_1_94' title="bbox 945 1763 1729 1794">
    <p class='ocr_par' dir='ltr' id='par_1_94' title="bbox 945 1763 1729 1794">
     <span class='ocr_line' id='line_1_94' title="bbox 945 1763 1729 1794; baseline -0.005 -1"><span class='ocrx_word' id='word_1_700' title='bbox 945 1766 1129 1794; x_wconf 87' lang='lat' dir='ltr'><strong>ostenduntur</strong></span> <span class='ocrx_word' id='word_1_701' title='bbox 1153 1765 1180 1792; x_wconf 91' lang='lat' dir='ltr'><strong>in</strong></span> <span class='ocrx_word' id='word_1_702' title='bbox 1200 1769 1308 1792; x_wconf 89' lang='lat' dir='ltr'><strong>natura.</strong></span> <span class='ocrx_word' id='word_1_703' title='bbox 1329 1763 1446 1791; x_wconf 88' lang='lat' dir='ltr'><strong>Omnino</strong></span> <span class='ocrx_word' id='word_1_704' title='bbox 1468 1763 1539 1790; x_wconf 89' lang='lat' dir='ltr'><strong>enim</strong></span> <span class='ocrx_word' id='word_1_705' title='bbox 1559 1769 1672 1790; x_wconf 85' lang='lat' dir='ltr'><strong>necesse</strong></span> <span class='ocrx_word' id='word_1_706' title='bbox 1687 1767 1729 1787; x_wconf 79' lang='lat' dir='ltr'><strong>est</strong></span> 
     </span>
    </p>
   </div>
   <div class='ocr_carea' id='block_1_95' title="bbox 945 1808 1729 1846">
    <p class='ocr_par' dir='ltr' id='par_1_95' title="bbox 945 1808 1729 1846">
     <span class='ocr_line' id='line_1_95' title="bbox 945 1808 1729 1846; baseline -0.008 -7"><span class='ocrx_word' id='word_1_707' title='bbox 945 1816 975 1839; x_wconf 89' lang='grc' dir='ltr'><strong>ιιι</strong></span> <span class='ocrx_word' id='word_1_708' title='bbox 999 1812 1045 1846; x_wconf 89' lang='lat' dir='ltr'><strong>qui</strong></span> <span class='ocrx_word' id='word_1_709' title='bbox 1073 1810 1160 1838; x_wconf 81' lang='lat' dir='ltr'><strong>credit</strong></span> <span class='ocrx_word' id='word_1_710' title='bbox 1184 1818 1246 1837; x_wconf 88' lang='lat' dir='ltr'><strong>eum</strong></span> <span class='ocrx_word' id='word_1_711' title='bbox 1271 1809 1317 1844; x_wconf 89' lang='lat' dir='ltr'><strong>qui</strong></span> <span class='ocrx_word' id='word_1_712' title='bbox 1347 1813 1387 1836; x_wconf 89' lang='lat' dir='ltr'><strong>est</strong></span> <span class='ocrx_word' id='word_1_713' title='bbox 1413 1808 1567 1842; x_wconf 73' lang='lat' dir='ltr'><strong>huiusmodi</strong></span> <span class='ocrx_word' id='word_1_714' title='bbox 1595 1815 1648 1835; x_wconf 87' lang='lat' dir='ltr'><strong>non</strong></span> <span class='ocrx_word' id='word_1_715' title='bbox 1668 1815 1729 1834; x_wconf 68' lang='lat' dir='ltr'><strong>esse</strong></span> 
     </span>
    </p>
   </div>
   <div class='ocr_carea' id='block_1_96' title="bbox 947 1851 1727 1887">
    <p class='ocr_par' dir='ltr' id='par_1_96' title="bbox 947 1851 1727 1887">
     <span class='ocr_line' id='line_1_96' title="bbox 947 1851 1727 1887; baseline -0.01 -3"><span class='ocrx_word' id='word_1_716' title='bbox 947 1857 1098 1887; x_wconf 89' lang='lat' dir='ltr'><strong>hominem,</strong></span> <span class='ocrx_word' id='word_1_717' title='bbox 1115 1854 1266 1882; x_wconf 85' lang='lat' dir='ltr'><strong>deducatur</strong></span> <span class='ocrx_word' id='word_1_718' title='bbox 1281 1853 1313 1881; x_wconf 78' lang='lat' dir='ltr'><strong>ad</strong></span> <span class='ocrx_word' id='word_1_719' title='bbox 1328 1853 1495 1881; x_wconf 80' lang='lat' dir='ltr'><strong>credendum</strong></span> <span class='ocrx_word' id='word_1_720' title='bbox 1510 1852 1582 1887; x_wconf 89' lang='lat' dir='ltr'><strong>quod</strong></span> <span class='ocrx_word' id='word_1_721' title='bbox 1598 1852 1633 1880; x_wconf 85' lang='lat' dir='ltr'><strong>sit</strong></span> <span class='ocrx_word' id='word_1_722' title='bbox 1646 1851 1727 1878; x_wconf 78' lang='lat' dir='ltr'><strong>Deus.</strong></span> 
     </span>
    </p>
   </div>
   <div class='ocr_carea' id='block_1_97' title="bbox 946 1897 1728 1936">
    <p class='ocr_par' dir='ltr' id='par_1_97' title="bbox 946 1897 1728 1936">
     <span class='ocr_line' id='line_1_97' title="bbox 946 1897 1728 1936; baseline -0.008 -7"><span class='ocrx_word' id='word_1_723' title='bbox 946 1902 1013 1929; x_wconf 83' lang='lat' dir='ltr'><strong>Nam</strong></span> <span class='ocrx_word' id='word_1_724' title='bbox 1030 1901 1076 1936; x_wconf 87' lang='lat' dir='ltr'><strong>qui</strong></span> <span class='ocrx_word' id='word_1_725' title='bbox 1097 1904 1189 1927; x_wconf 87' lang='lat' dir='ltr'><strong>natum</strong></span> <span class='ocrx_word' id='word_1_726' title='bbox 1218 1908 1278 1927; x_wconf 91' lang='lat' dir='ltr'><strong>eum</strong></span> <span class='ocrx_word' id='word_1_727' title='bbox 1294 1907 1355 1926; x_wconf 85' lang='lat' dir='ltr'><strong>esse</strong></span> <span class='ocrx_word' id='word_1_728' title='bbox 1374 1898 1507 1929; x_wconf 80' lang='lat' dir='ltr'><strong>narravit,</strong></span> <span class='ocrx_word' id='word_1_729' title='bbox 1536 1898 1616 1925; x_wconf 83' lang='lat' dir='ltr'><strong>simul</strong></span> <span class='ocrx_word' id='word_1_730' title='bbox 1646 1897 1728 1924; x_wconf 85' lang='lat' dir='ltr'><strong>etiam</strong></span> 
     </span>
    </p>
   </div>
   <div class='ocr_carea' id='block_1_98' title="bbox 948 1941 1728 1976">
    <p class='ocr_par' dir='ltr' id='par_1_98' title="bbox 948 1941 1728 1976">
     <span class='ocr_line' id='line_1_98' title="bbox 948 1941 1728 1976; baseline -0.005 -5"><span class='ocrx_word' id='word_1_731' title='bbox 948 1945 999 1972; x_wconf 91' lang='lat' dir='ltr'><strong>hoc</strong></span> <span class='ocrx_word' id='word_1_732' title='bbox 1015 1944 1096 1971; x_wconf 92' lang='lat' dir='ltr'><strong>modo</strong></span> <span class='ocrx_word' id='word_1_733' title='bbox 1114 1947 1206 1970; x_wconf 87' lang='lat' dir='ltr'><strong>natum</strong></span> <span class='ocrx_word' id='word_1_734' title='bbox 1220 1943 1367 1970; x_wconf 83' lang='lat' dir='ltr'><strong>recensuit.</strong></span> <span class='ocrx_word' id='word_1_735' title='bbox 1382 1942 1409 1968; x_wconf 90' lang='lat' dir='ltr'><strong>Si</strong></span> <span class='ocrx_word' id='word_1_736' title='bbox 1425 1942 1516 1976; x_wconf 85' lang='lat' dir='ltr'><strong>itaque</strong></span> <span class='ocrx_word' id='word_1_737' title='bbox 1529 1949 1560 1969; x_wconf 73' lang='lat' dir='ltr'><strong>ex</strong></span> <span class='ocrx_word' id='word_1_738' title='bbox 1575 1941 1655 1968; x_wconf 91' lang='lat' dir='ltr'><strong>dictis</strong></span> <span class='ocrx_word' id='word_1_739' title='bbox 1668 1950 1728 1968; x_wconf 86' lang='lat' dir='ltr'><strong>cum</strong></span> 
     </span>
    </p>
   </div>
   <div class='ocr_carea' id='block_1_99' title="bbox 947 1987 1728 2019">
    <p class='ocr_par' dir='ltr' id='par_1_99' title="bbox 947 1987 1728 2019">
     <span class='ocr_line' id='line_1_99' title="bbox 947 1987 1728 2019; baseline -0.005 -3"><span class='ocrx_word' id='word_1_740' title='bbox 947 1994 1041 2016; x_wconf 89' lang='lat' dir='ltr'><strong>natum</strong></span> <span class='ocrx_word' id='word_1_741' title='bbox 1058 1996 1119 2016; x_wconf 91' lang='lat' dir='ltr'><strong>esse</strong></span> <span class='ocrx_word' id='word_1_742' title='bbox 1133 1988 1264 2015; x_wconf 75' lang='lat' dir='ltr'><strong>credibile</strong></span> <span class='ocrx_word' id='word_1_743' title='bbox 1278 1991 1330 2019; x_wconf 85' lang='lat' dir='ltr'><strong>est,</strong></span> <span class='ocrx_word' id='word_1_744' title='bbox 1348 1987 1429 2014; x_wconf 87' lang='lat' dir='ltr'><strong>etiam</strong></span> <span class='ocrx_word' id='word_1_745' title='bbox 1446 1988 1496 2014; x_wconf 88' lang='lat' dir='ltr'><strong>hac</strong></span> <span class='ocrx_word' id='word_1_746' title='bbox 1512 1987 1620 2014; x_wconf 83' lang='lat' dir='ltr'><strong>ratione</strong></span> <span class='ocrx_word' id='word_1_747' title='bbox 1638 1992 1728 2013; x_wconf 88' lang='lat' dir='ltr'><strong>natum</strong></span> 
     </span>
    </p>
   </div>
   <div class='ocr_carea' id='block_1_100' title="bbox 948 2033 1751 2072">
    <p class='ocr_par' dir='ltr' id='par_1_100' title="bbox 948 2033 1751 2072">
     <span class='ocr_line' id='line_1_100' title="bbox 948 2033 1751 2072; baseline -0.005 -9"><span class='ocrx_word' id='word_1_748' title='bbox 948 2044 996 2072; x_wconf 84' lang='lat' dir='ltr'><strong>per</strong></span> <span class='ocrx_word' id='word_1_749' title='bbox 1013 2035 1070 2062; x_wconf 56' lang='lat' dir='ltr'><strong>haec</strong></span> <span class='ocrx_word' id='word_1_750' title='bbox 1084 2034 1176 2062; x_wconf 87' lang='lat' dir='ltr'><strong>eadem</strong></span> <span class='ocrx_word' id='word_1_751' title='bbox 1192 2034 1270 2061; x_wconf 74' lang='lat' dir='ltr'><strong>facile</strong></span> <span class='ocrx_word' id='word_1_752' title='bbox 1292 2038 1380 2068; x_wconf 84' lang='lat' dir='ltr'><strong>potest</strong></span> <span class='ocrx_word' id='word_1_753' title='bbox 1397 2033 1564 2068; x_wconf 86' lang='lat' dir='ltr'><strong>persuaderi.</strong></span> <span class='ocrx_word' id='word_1_754' title='bbox 1580 2033 1631 2065; x_wconf 89' lang='lat' dir='ltr'><strong>Qui</strong></span> <span class='ocrx_word' id='word_1_755' title='bbox 1659 2034 1751 2060; x_wconf 71' lang='lat' dir='ltr'><strong>enim-</strong></span> 
     </span>
    </p>
   </div>
   <div class='ocr_carea' id='block_1_101' title="bbox 949 2079 1732 2114">
    <p class='ocr_par' dir='ltr' id='par_1_101' title="bbox 949 2079 1732 2114">
     <span class='ocr_line' id='line_1_101' title="bbox 949 2079 1732 2114; baseline -0.004 -6"><span class='ocrx_word' id='word_1_756' title='bbox 949 2085 1042 2108; x_wconf 92' lang='lat' dir='ltr'><strong>natum</strong></span> <span class='ocrx_word' id='word_1_757' title='bbox 1059 2087 1120 2107; x_wconf 90' lang='lat' dir='ltr'><strong>esse</strong></span> <span class='ocrx_word' id='word_1_758' title='bbox 1134 2079 1214 2110; x_wconf 83' lang='lat' dir='ltr'><strong>dixit,</strong></span> <span class='ocrx_word' id='word_1_759' title='bbox 1230 2079 1331 2114; x_wconf 85' lang='lat' dir='ltr'><strong>adjecit</strong></span> <span class='ocrx_word' id='word_1_760' title='bbox 1345 2079 1427 2106; x_wconf 90' lang='lat' dir='ltr'><strong>etiam</strong></span> <span class='ocrx_word' id='word_1_761' title='bbox 1439 2099 1445 2111; x_wconf 91' lang='lat'><strong>,</strong></span> <span class='ocrx_word' id='word_1_762' title='bbox 1463 2087 1495 2106; x_wconf 87' lang='lat' dir='ltr'><strong>ex</strong></span> <span class='ocrx_word' id='word_1_763' title='bbox 1511 2079 1625 2114; x_wconf 80' lang='lat' dir='ltr'><strong>virgine.</strong></span> <span class='ocrx_word' id='word_1_764' title='bbox 1641 2080 1670 2106; x_wconf 84' lang='lat' dir='ltr'><strong>Et</strong></span> <span class='ocrx_word' id='word_1_765' title='bbox 1686 2080 1732 2114; x_wconf 81' lang='lat' dir='ltr'><strong>qui</strong></span> 
     </span>
    </p>
   </div>
   <div class='ocr_carea' id='block_1_102' title="bbox 916 2125 1732 2167">
    <p class='ocr_par' dir='ltr' id='par_1_102' title="bbox 916 2125 1732 2167">
     <span class='ocr_line' id='line_1_102' title="bbox 916 2125 1732 2167; baseline -0.002 -14"><span class='ocrx_word' id='word_1_766' title='bbox 916 2140 938 2167; x_wconf 70' lang='grc' dir='ltr'><strong>ι)</strong></span> <span class='ocrx_word' id='word_1_767' title='bbox 949 2126 1047 2154; x_wconf 87' lang='lat' dir='ltr'><strong>mortis</strong></span> <span class='ocrx_word' id='word_1_768' title='bbox 1063 2126 1196 2156; x_wconf 88' lang='lat' dir='ltr'><strong>meminit,</strong></span> <span class='ocrx_word' id='word_1_769' title='bbox 1212 2129 1358 2152; x_wconf 83' lang='lat' dir='ltr'><strong>attestatur</strong></span> <span class='ocrx_word' id='word_1_770' title='bbox 1384 2125 1464 2152; x_wconf 90' lang='lat' dir='ltr'><strong>etiam</strong></span> <span class='ocrx_word' id='word_1_771' title='bbox 1495 2125 1566 2160; x_wconf 82' lang='lat' dir='ltr'><strong>quod</strong></span> <span class='ocrx_word' id='word_1_772' title='bbox 1583 2129 1643 2160; x_wconf 89' lang='lat' dir='ltr'><strong>post</strong></span> <span class='ocrx_word' id='word_1_773' title='bbox 1660 2133 1732 2152; x_wconf 84' lang='lat' dir='ltr'><strong>mor-</strong></span> 
     </span>
    </p>
   </div>
   <div class='ocr_carea' id='block_1_103' title="bbox 952 2170 1733 2205">
    <p class='ocr_par' dir='ltr' id='par_1_103' title="bbox 952 2170 1733 2205">
     <span class='ocr_line' id='line_1_103' title="bbox 952 2170 1733 2205; baseline -0.001 -6"><span class='ocrx_word' id='word_1_774' title='bbox 952 2176 1005 2199; x_wconf 88' lang='lat' dir='ltr'><strong>tem</strong></span> <span class='ocrx_word' id='word_1_775' title='bbox 1019 2171 1179 2199; x_wconf 78' lang='lat' dir='ltr'><strong>resurrexit.</strong></span> <span class='ocrx_word' id='word_1_776' title='bbox 1194 2170 1223 2197; x_wconf 88' lang='lat' dir='ltr'><strong>Si</strong></span> <span class='ocrx_word' id='word_1_777' title='bbox 1234 2178 1299 2205; x_wconf 81' lang='lat' dir='ltr'><strong>ergo</strong></span> <span class='ocrx_word' id='word_1_778' title='bbox 1312 2179 1344 2198; x_wconf 76' lang='lat' dir='ltr'><strong>ex</strong></span> <span class='ocrx_word' id='word_1_779' title='bbox 1361 2171 1394 2198; x_wconf 90' lang='lat' dir='ltr'><strong>iis</strong></span> <span class='ocrx_word' id='word_1_780' title='bbox 1410 2178 1469 2205; x_wconf 80' lang='lat' dir='ltr'><strong>qua:</strong></span> <span class='ocrx_word' id='word_1_781' title='bbox 1485 2171 1574 2203; x_wconf 89' lang='lat' dir='ltr'><strong>audis,</strong></span> <span class='ocrx_word' id='word_1_782' title='bbox 1589 2171 1637 2199; x_wconf 86' lang='lat' dir='ltr'><strong>das</strong></span> <span class='ocrx_word' id='word_1_783' title='bbox 1651 2172 1733 2198; x_wconf 77' lang='lat' dir='ltr'><strong>etiam</strong></span> 
     </span>
    </p>
   </div>
   <div class='ocr_carea' id='block_1_104' title="bbox 952 2217 1733 2250">
    <p class='ocr_par' dir='ltr' id='par_1_104' title="bbox 952 2217 1733 2250">
     <span class='ocr_line' id='line_1_104' title="bbox 952 2217 1733 2250; baseline -0.001 -6"><span class='ocrx_word' id='word_1_784' title='bbox 952 2224 1013 2244; x_wconf 88' lang='lat' dir='ltr'><strong>esse</strong></span> <span class='ocrx_word' id='word_1_785' title='bbox 1030 2220 1123 2244; x_wconf 89' lang='lat' dir='ltr'><strong>natum</strong></span> <span class='ocrx_word' id='word_1_786' title='bbox 1140 2220 1166 2244; x_wconf 92' lang='lat' dir='ltr'><strong>et</strong></span> <span class='ocrx_word' id='word_1_787' title='bbox 1183 2220 1333 2250; x_wconf 88' lang='lat' dir='ltr'><strong>mortuum,</strong></span> <span class='ocrx_word' id='word_1_788' title='bbox 1356 2225 1388 2244; x_wconf 78' lang='lat' dir='ltr'><strong>cx</strong></span> <span class='ocrx_word' id='word_1_789' title='bbox 1407 2217 1503 2244; x_wconf 91' lang='lat' dir='ltr'><strong>iisdem</strong></span> <span class='ocrx_word' id='word_1_790' title='bbox 1518 2218 1630 2244; x_wconf 89' lang='lat' dir='ltr'><strong>omnino</strong></span> <span class='ocrx_word' id='word_1_791' title='bbox 1646 2217 1733 2247; x_wconf 79' lang='lat' dir='ltr'><strong>dabis.</strong></span> 
     </span>
    </p>
   </div>
   <div class='ocr_carea' id='block_1_105' title="bbox 953 2262 1737 2298">
    <p class='ocr_par' dir='ltr' id='par_1_105' title="bbox 953 2262 1737 2298">
     <span class='ocr_line' id='line_1_105' title="bbox 953 2262 1737 2298; baseline 0.001 -9"><span class='ocrx_word' id='word_1_792' title='bbox 953 2262 1158 2298; x_wconf 68' lang='lat' dir='ltr'><strong>generationem</strong></span> <span class='ocrx_word' id='word_1_793' title='bbox 1173 2262 1233 2296; x_wconf 89' lang='lat' dir='ltr'><strong>ejus</strong></span> <span class='ocrx_word' id='word_1_794' title='bbox 1252 2266 1278 2290; x_wconf 90' lang='lat' dir='ltr'><strong>et</strong></span> <span class='ocrx_word' id='word_1_795' title='bbox 1302 2267 1416 2290; x_wconf 89' lang='lat' dir='ltr'><strong>mortem</strong></span> <span class='ocrx_word' id='word_1_796' title='bbox 1439 2270 1499 2290; x_wconf 84' lang='lat' dir='ltr'><strong>esse</strong></span> <span class='ocrx_word' id='word_1_797' title='bbox 1522 2266 1600 2289; x_wconf 75' lang='lat' dir='ltr'><strong>extra</strong></span> <span class='ocrx_word' id='word_1_798' title='bbox 1615 2262 1737 2290; x_wconf 76' lang='lat' dir='ltr'><strong>affectio-</strong></span> 
     </span>
    </p>
   </div>
   <div class='ocr_carea' id='block_1_106' title="bbox 953 2304 1730 2343">
    <p class='ocr_par' dir='ltr' id='par_1_106' title="bbox 953 2304 1730 2343">
     <span class='ocr_line' id='line_1_106' title="bbox 953 2304 1730 2343; baseline -0.001 -8"><span class='ocrx_word' id='word_1_799' title='bbox 953 2316 1025 2335; x_wconf 91' lang='lat' dir='ltr'><strong>nem.</strong></span> <span class='ocrx_word' id='word_1_800' title='bbox 1042 2304 1281 2335; x_wconf 78' lang='lat' dir='ltr'><strong>Verumenimvero</strong></span> <span class='ocrx_word' id='word_1_801' title='bbox 1308 2309 1363 2335; x_wconf 63' lang='lat' dir='ltr'><strong>haec</strong></span> <span class='ocrx_word' id='word_1_802' title='bbox 1389 2313 1513 2335; x_wconf 80' lang='lat' dir='ltr'><strong>naturam</strong></span> <span class='ocrx_word' id='word_1_803' title='bbox 1540 2313 1730 2343; x_wconf 79' lang='lat' dir='ltr'><strong>exsuperant:</strong></span> 
     </span>
    </p>
   </div>
   <div class='ocr_carea' id='block_1_107' title="bbox 956 2353 1735 2389">
    <p class='ocr_par' dir='ltr' id='par_1_107' title="bbox 956 2353 1735 2389">
     <span class='ocr_line' id='line_1_107' title="bbox 956 2353 1735 2389; baseline -0.001 -9"><span class='ocrx_word' id='word_1_804' title='bbox 956 2361 1020 2388; x_wconf 76' lang='lat' dir='ltr'><strong>ergo</strong></span> <span class='ocrx_word' id='word_1_805' title='bbox 1039 2361 1088 2380; x_wconf 89' lang='lat' dir='ltr'><strong>nec</strong></span> <span class='ocrx_word' id='word_1_806' title='bbox 1110 2354 1133 2380; x_wconf 89' lang='lat' dir='ltr'><strong>is</strong></span> <span class='ocrx_word' id='word_1_807' title='bbox 1150 2353 1221 2380; x_wconf 82' lang='lat' dir='ltr'><strong>intra</strong></span> <span class='ocrx_word' id='word_1_808' title='bbox 1238 2357 1362 2380; x_wconf 88' lang='lat' dir='ltr'><strong>naturam</strong></span> <span class='ocrx_word' id='word_1_809' title='bbox 1389 2354 1556 2385; x_wconf 86' lang='lat' dir='ltr'><strong>continetur,</strong></span> <span class='ocrx_word' id='word_1_810' title='bbox 1581 2354 1627 2388; x_wconf 91' lang='lat' dir='ltr'><strong>qui</strong></span> <span class='ocrx_word' id='word_1_811' title='bbox 1654 2362 1735 2389; x_wconf 73' lang='lat' dir='ltr'><strong>supra</strong></span> 
     </span>
    </p>
   </div>
   <div class='ocr_carea' id='block_1_108' title="bbox 958 2398 1520 2433">
    <p class='ocr_par' dir='ltr' id='par_1_108' title="bbox 958 2398 1520 2433">
     <span class='ocr_line' id='line_1_108' title="bbox 958 2398 1520 2433; baseline 0.002 -8"><span class='ocrx_word' id='word_1_812' title='bbox 958 2403 1081 2425; x_wconf 86' lang='lat' dir='ltr'><strong>naturam</strong></span> <span class='ocrx_word' id='word_1_813' title='bbox 1097 2399 1248 2425; x_wconf 77' lang='lat' dir='ltr'><strong>ostenditur</strong></span> <span class='ocrx_word' id='word_1_814' title='bbox 1264 2398 1349 2426; x_wconf 75' lang='lat' dir='ltr'><strong>fuisse</strong></span> <span class='ocrx_word' id='word_1_815' title='bbox 1365 2403 1520 2433; x_wconf 79' lang='lat' dir='ltr'><strong>generatus.</strong></span> 
     </span>
    </p>
   </div>
   <div class='ocr_carea' id='block_1_109' title="bbox 1246 2476 1447 2504">
    <p class='ocr_par' dir='ltr' id='par_1_109' title="bbox 1246 2476 1447 2504">
     <span class='ocr_line' id='line_1_109' title="bbox 1246 2476 1447 2504; baseline -0.005 0"><span class='ocrx_word' id='word_1_816' title='bbox 1246 2476 1358 2504; x_wconf 58' lang='lat' dir='ltr'><strong>CAPUT</strong></span> <span class='ocrx_word' id='word_1_817' title='bbox 1379 2477 1447 2504; x_wconf 75' lang='lat' dir='ltr'><strong>XIV.</strong></span> 
     </span>
    </p>
   </div>
   <div class='ocr_carea' id='block_1_110' title="bbox 993 2554 1739 2589">
    <p class='ocr_par' dir='ltr' id='par_1_110' title="bbox 993 2554 1739 2589">
     <span class='ocr_line' id='line_1_110' title="bbox 993 2554 1739 2589; baseline 0.001 -9"><span class='ocrx_word' id='word_1_818' title='bbox 993 2554 1122 2587; x_wconf 83' lang='lat' dir='ltr'><strong>Quaenam</strong></span> <span class='ocrx_word' id='word_1_819' title='bbox 1146 2558 1187 2582; x_wconf 87' lang='lat' dir='ltr'><strong>est</strong></span> <span class='ocrx_word' id='word_1_820' title='bbox 1201 2562 1276 2589; x_wconf 80' lang='lat' dir='ltr'><strong>ergo.</strong></span> <span class='ocrx_word' id='word_1_821' title='bbox 1300 2555 1398 2589; x_wconf 87' lang='lat' dir='ltr'><strong>inquit,</strong></span> <span class='ocrx_word' id='word_1_822' title='bbox 1416 2563 1510 2586; x_wconf 76' lang='lat' dir='ltr'><strong>causa,</strong></span> <span class='ocrx_word' id='word_1_823' title='bbox 1533 2555 1606 2589; x_wconf 88' lang='lat' dir='ltr'><strong>quod</strong></span> <span class='ocrx_word' id='word_1_824' title='bbox 1625 2554 1695 2582; x_wconf 87' lang='lat' dir='ltr'><strong>Deus</strong></span> <span class='ocrx_word' id='word_1_825' title='bbox 1710 2563 1739 2581; x_wconf 80' lang='lat' dir='ltr'><strong>sc</strong></span> 
     </span>
    </p>
   </div>
   <div class='ocr_carea' id='block_1_111' title="bbox 958 2599 1739 2632">
    <p class='ocr_par' dir='ltr' id='par_1_111' title="bbox 958 2599 1739 2632">
     <span class='ocr_line' id='line_1_111' title="bbox 958 2599 1739 2632; baseline -0.001 -5"><span class='ocrx_word' id='word_1_826' title='bbox 958 2600 991 2627; x_wconf 89' lang='lat' dir='ltr'><strong>ad</strong></span> <span class='ocrx_word' id='word_1_827' title='bbox 1005 2604 1107 2626; x_wconf 83' lang='lat' dir='ltr'><strong>tantam</strong></span> <span class='ocrx_word' id='word_1_828' title='bbox 1120 2600 1261 2627; x_wconf 87' lang='lat' dir='ltr'><strong>demiserit</strong></span> <span class='ocrx_word' id='word_1_829' title='bbox 1274 2600 1464 2632; x_wconf 83' lang='lat' dir='ltr'><strong>humilitatem,</strong></span> <span class='ocrx_word' id='word_1_830' title='bbox 1479 2604 1508 2627; x_wconf 90' lang='grc' dir='ltr'><strong>ιιι</strong></span> <span class='ocrx_word' id='word_1_831' title='bbox 1520 2601 1587 2627; x_wconf 86' lang='lat' dir='ltr'><strong>ﬁdes</strong></span> <span class='ocrx_word' id='word_1_832' title='bbox 1601 2600 1636 2626; x_wconf 83' lang='lat' dir='ltr'><strong>sit</strong></span> <span class='ocrx_word' id='word_1_833' title='bbox 1647 2599 1739 2629; x_wconf 86' lang='lat' dir='ltr'><strong>dubia.</strong></span> 
     </span>
    </p>
   </div>
   <div class='ocr_carea' id='block_1_112' title="bbox 961 2645 1741 2681">
    <p class='ocr_par' dir='ltr' id='par_1_112' title="bbox 961 2645 1741 2681">
     <span class='ocr_line' id='line_1_112' title="bbox 961 2645 1741 2681; baseline 0 -10"><span class='ocrx_word' id='word_1_834' title='bbox 961 2654 995 2673; x_wconf 88' lang='lat' dir='ltr'><strong>an</strong></span> <span class='ocrx_word' id='word_1_835' title='bbox 1016 2645 1087 2673; x_wconf 86' lang='lat' dir='ltr'><strong>Deus</strong></span> <span class='ocrx_word' id='word_1_836' title='bbox 1100 2646 1146 2681; x_wconf 89' lang='lat' dir='ltr'><strong>qui</strong></span> <span class='ocrx_word' id='word_1_837' title='bbox 1157 2649 1199 2673; x_wconf 86' lang='lat' dir='ltr'><strong>est</strong></span> <span class='ocrx_word' id='word_1_838' title='bbox 1214 2654 1259 2673; x_wconf 91' lang='lat' dir='ltr'><strong>res</strong></span> <span class='ocrx_word' id='word_1_839' title='bbox 1275 2654 1336 2680; x_wconf 67' lang='lat' dir='ltr'><strong>quae</strong></span> <span class='ocrx_word' id='word_1_840' title='bbox 1350 2654 1400 2674; x_wconf 88' lang='lat' dir='ltr'><strong>nec</strong></span> <span class='ocrx_word' id='word_1_841' title='bbox 1413 2646 1484 2680; x_wconf 87' lang='lat' dir='ltr'><strong>capi,</strong></span> <span class='ocrx_word' id='word_1_842' title='bbox 1499 2653 1547 2672; x_wconf 90' lang='lat' dir='ltr'><strong>nec</strong></span> <span class='ocrx_word' id='word_1_843' title='bbox 1563 2649 1653 2672; x_wconf 88' lang='lat' dir='ltr'><strong>mente</strong></span> <span class='ocrx_word' id='word_1_844' title='bbox 1665 2653 1741 2673; x_wconf 88' lang='lat' dir='ltr'><strong>com-</strong></span> 
     </span>
    </p>
   </div>
   <div class='ocr_carea' id='block_1_113' title="bbox 963 2690 1742 2726">
    <p class='ocr_par' dir='ltr' id='par_1_113' title="bbox 963 2690 1742 2726">
     <span class='ocr_line' id='line_1_113' title="bbox 963 2690 1742 2726; baseline 0.001 -9"><span class='ocrx_word' id='word_1_845' title='bbox 963 2691 1105 2726; x_wconf 78' lang='lat' dir='ltr'><strong>prehendi,</strong></span> <span class='ocrx_word' id='word_1_846' title='bbox 1125 2698 1174 2718; x_wconf 88' lang='lat' dir='ltr'><strong>nec</strong></span> <span class='ocrx_word' id='word_1_847' title='bbox 1190 2691 1280 2719; x_wconf 80' lang='lat' dir='ltr'><strong>verbis</strong></span> <span class='ocrx_word' id='word_1_848' title='bbox 1294 2695 1381 2726; x_wconf 89' lang='lat' dir='ltr'><strong>potest</strong></span> <span class='ocrx_word' id='word_1_849' title='bbox 1394 2690 1536 2725; x_wconf 76' lang='lat' dir='ltr'><strong>explicari,</strong></span> <span class='ocrx_word' id='word_1_850' title='bbox 1553 2698 1613 2725; x_wconf 75' lang='lat' dir='ltr'><strong>qua:</strong></span> <span class='ocrx_word' id='word_1_851' title='bbox 1632 2697 1742 2718; x_wconf 88' lang='lat' dir='ltr'><strong>omnem</strong></span> 
     </span>
    </p>
   </div>
   <div class='ocr_carea' id='block_1_114' title="bbox 963 2737 1741 2772">
    <p class='ocr_par' dir='ltr' id='par_1_114' title="bbox 963 2737 1741 2772">
     <span class='ocr_line' id='line_1_114' title="bbox 963 2737 1741 2772; baseline 0.001 -9"><span class='ocrx_word' id='word_1_852' title='bbox 963 2740 1073 2771; x_wconf 85' lang='lat' dir='ltr'><strong>superat</strong></span> <span class='ocrx_word' id='word_1_853' title='bbox 1087 2737 1241 2771; x_wconf 83' lang='lat' dir='ltr'><strong>opinionem</strong></span> <span class='ocrx_word' id='word_1_854' title='bbox 1257 2742 1283 2764; x_wconf 90' lang='lat' dir='ltr'><strong>et</strong></span> <span class='ocrx_word' id='word_1_855' title='bbox 1297 2737 1515 2772; x_wconf 86' lang='lat' dir='ltr'><strong>amplitudinem,</strong></span> <span class='ocrx_word' id='word_1_856' title='bbox 1543 2737 1691 2764; x_wconf 80' lang='lat' dir='ltr'><strong>misceatur</strong></span> <span class='ocrx_word' id='word_1_857' title='bbox 1714 2738 1741 2764; x_wconf 91' lang='lat' dir='ltr'><strong>in</strong></span> 
     </span>
    </p>
   </div>
   <div class='ocr_carea' id='block_1_115' title="bbox 961 2782 1742 2816">
    <p class='ocr_par' dir='ltr' id='par_1_115' title="bbox 961 2782 1742 2816">
     <span class='ocr_line' id='line_1_115' title="bbox 961 2782 1742 2816; baseline 0.001 -8"><span class='ocrx_word' id='word_1_858' title='bbox 961 2782 1005 2808; x_wconf 86' lang='lat' dir='ltr'><strong>vili</strong></span> <span class='ocrx_word' id='word_1_859' title='bbox 1021 2785 1045 2809; x_wconf 86' lang='lat' dir='ltr'><strong>et</strong></span> <span class='ocrx_word' id='word_1_860' title='bbox 1061 2782 1165 2815; x_wconf 84' lang='lat' dir='ltr'><strong>abjecto</strong></span> <span class='ocrx_word' id='word_1_861' title='bbox 1179 2782 1304 2809; x_wconf 76' lang='lat' dir='ltr'><strong>humana:</strong></span> <span class='ocrx_word' id='word_1_862' title='bbox 1329 2785 1433 2809; x_wconf 71' lang='lat' dir='ltr'><strong>natura:</strong></span> <span class='ocrx_word' id='word_1_863' title='bbox 1454 2782 1605 2816; x_wconf 68' lang='lat' dir='ltr'><strong>involucra,</strong></span> <span class='ocrx_word' id='word_1_864' title='bbox 1631 2782 1698 2810; x_wconf 84' lang='lat' dir='ltr'><strong>adeo</strong></span> <span class='ocrx_word' id='word_1_865' title='bbox 1714 2787 1742 2809; x_wconf 85' lang='lat' dir='ltr'><strong>ut</strong></span> 
     </span>
    </p>
   </div>
  </div>
