1926 3080
205 66 237 94 ἐἹ
818 69 846 95 S.
877 68 1039 97 GBEGORII
1068 69 1213 98 NYSS‘ENI
1787 71 1822 98 43

204 125 319 152 excelsa
332 129 357 152 et
375 125 506 153 sublimes
532 125 592 160 ejus
619 127 791 160 operationes
822 127 904 155 simul
927 128 980 155 red-

1038 128 1113 162 γείας
1126 128 1207 154 αὐτοῦ
1223 129 1253 163 τῇ
1269 128 1335 162 πρὸς
1350 127 1380 154 τὸ
1393 129 1518 156 ταπεινὸν
1531 128 1654 164 ἐπιμιξίᾳ
1672 130 1820 156 συνευτελί-

205 171 306 197 dantur
321 170 435 204 abiecta:
450 173 476 197 et
490 169 556 197 viles
573 178 635 197 cum
657 170 822 199 admistione
836 171 896 206 ejus
913 172 987 208 quod

205 220 247 244 est
260 216 395 251 abiectum
410 220 437 244 et
450 216 570 242 humile?

501 260 614 288 CAPUT
636 261 694 289 XV.

239 307 322 334 Nobis
337 307 369 334 ad
386 307 442 334 haec
467 307 579 334 minime
601 307 678 334 deest
705 315 764 342 quae
783 307 866 335 Deum
891 308 986 335 deceat

205 352 356 387 resptmsio.
373 351 479 384 Quaeris
493 359 604 379 causam
619 360 669 379 cur
685 352 757 380 Deus
770 353 879 387 genitus
893 353 928 380 sit
943 353 986 379 in-

205 402 246 424 ter
261 398 402 424 homines?
419 397 447 423 Si
465 405 479 424 a
496 398 550 424 vita
561 398 727 425 abstraxeris
737 406 797 433 qua:
811 407 825 425 a
842 398 896 425 Deo
908 406 985 426 acce-

205 446 248 475 pta
264 442 318 469 sint
333 441 474 473 beneﬁcia,
491 442 582 469 dicere
593 450 646 469 non
663 443 764 477 poteris
775 451 807 470 ex
820 444 985 478 quibusnam

205 487 284 513 Iebus
302 486 387 513 Deum
401 494 542 522 agnosces.
558 487 597 514 Ex
615 487 649 514 iis
666 488 738 515 enim
753 496 812 523 quze
823 488 983 523 accipimus,

201 531 403 559 benefactorem
423 532 613 567 agnoscimus.
629 533 668 559 Ad
684 541 714 560 ea
742 534 813 560 enitn
841 542 901 568 quae
917 533 984 560 liunt

202 576 375 610 aspicientes,
397 583 444 610 per
461 584 490 603 ea
511 577 571 611 ejus
586 578 632 611 qui
650 578 705 612 agit
729 583 854 605 naturam
875 582 985 612 reputa-

202 629 272 647 llth.
291 620 319 648 Si
336 628 400 655 ergo
430 621 528 648 divinae
549 626 653 649 natura:
678 622 807 649 indicium
832 627 859 650 et
877 623 984 656 signum

202 667 340 702 proprium
370 671 411 694 est
440 667 626 694 benevolentia
644 668 670 694 in
688 668 823 700 homines,
841 669 922 696 habes
942 676 985 694 ra-

202 713 302 739 tionem
320 720 400 747 quam
414 714 565 747 quaerebas,
584 713 669 739 habes
697 720 807 740 causam
837 721 886 740 cur
913 713 984 740 Deus

202 759 305 786 venerit
320 759 353 786 ad
379 759 512 787 homines.
540 758 614 793 Opus
639 760 710 786 enim
741 759 857 786 habebat
880 758 983 786 medico

1038 173 1132 204 ζεσοαι
1155 182 1161 204 ;

1333 261 1457 288 ΚΕΦΑΛ.
1474 262 1524 288 IE'.

1071 307 1130 334 Οὐκ
1153 307 1308 342 ἀποροῦμεν
1324 307 1392 342 πρὸς
1415 306 1492 333 τοῦτο
1514 307 1680 341 θεοπρεποῦς
1705 307 1820 342 ἀποκρί-

1038 361 1116 384 σεως.
1136 353 1231 387 Ζηῼῖς
1250 353 1299 389 τὴν
1307 351 1394 379 αἰτίαν
1401 350 1447 377 τοῦ
1459 353 1636 388 γεγεννῆσθαι
1647 352 1713 379 Θεὸν
1727 354 1756 379 ὲν
1773 354 1820 379 ἀν-

1037 398 1171 433 θρώποις;
1197 397 1258 424 Ἐὰν
1276 397 1378 434 ἀφέλῃς
1391 397 1438 424 τοῦ
1452 398 1508 432 βίου
1518 398 1567 429 τὰς
1578 398 1669 424 θεόθεν
1689 399 1820 432 ἀπογενο-

1038 444 1121 478 μένας
1139 444 1309 479 εὐεργεσίας,
1324 444 1356 470 ἐκ
1370 444 1454 470 ποίων
1468 444 1606 479 ὲπιγνώσῃ
1630 444 1660 470 τὸ
1671 444 1757 475 Θείον,
1770 445 1821 471 οὐκ

1037 489 1070 515 ἂν
1086 490 1172 515 εἰπεῖν
1183 488 1264 523 ἔχοις.
1289 489 1347 523 Ἀφ’
1366 486 1403 515 ὧν
1415 489 1469 524 γὰρ
1484 490 1636 525 πάσχομεν,
1650 490 1704 516 ἀπὺ
1718 490 1820 517 τούτων

1035 533 1081 560 τὸν
1094 533 1241 569 εὐεργέτην
1263 534 1490 569 ἑπιγινὼσκομεν.
1509 527 1580 568 Πρὸς
1605 534 1659 569 γὰρ
1673 534 1706 560 τὰ
1730 535 1820 569 γιγνό-

1038 588 1104 614 μενα
1131 579 1285 613 βλέποντες,
1312 579 1356 605 διὰ
1383 580 1485 605 τούτων
1508 579 1557 614 τὴν
1579 579 1627 605 τοῦ
1647 579 1820 614 ἐνεργοῦντος

1036 624 1248 659 ἀναλογιζόμεθα
1271 624 1361 659 φύσιν.
1389 625 1420 651 Et
1443 622 1489 651 οὖν
1514 624 1580 651 ἴδιον
1604 624 1746 660 γνώρισμα
1770 625 1820 659 τῆς

1035 669 1109 700 Θείας
1127 669 1232 703 φύσεως
1251 670 1267 704 ὴ
1288 669 1491 704 φιλανθρωπία,
1515 669 1586 703 ἔχεις
1602 669 1631 696 ὂν
1650 670 1819 705 ὲπεζήτησας

1035 714 1121 748 λόγον,
1141 714 1212 749 ἔχεις
1235 713 1284 750 τὴν
1305 715 1392 741 αἰτίαν
1408 715 1456 749 τῆς
1472 716 1500 740 ὲν
1514 714 1666 750 ἀνθρώποις
1689 715 1736 741 τοῦ
1752 716 1818 742 Θεοῦ

1035 760 1195 794 παρουσίας.
1223 760 1321 786 Ἐδείτο
1342 760 1397 795 γὰρ
1424 759 1471 786 τοῦ
1497 760 1666 794 ἰατρεύοντος
1695 762 1711 796 ἡ
1740 761 1818 795 φύσις

202 808 298 832 natura
312 809 418 836 nostra,
438 813 498 840 qua:
515 805 609 832 tnorbo
627 805 778 832 laborabat.
808 805 882 839 Opus
899 804 980 831 habe-

1033 805 1110 840 ἡμῶν
1125 805 1306 840 ἀσθενήσασα.
1333 805 1432 832 Ἐδεῖτο
1443 805 1489 831 τοῦ
1506 805 1691 841 ἁνορθοῦντος,
1705 807 1719 832 ὁ
1736 807 1764 832 ὲν
1779 806 1818 841 τῷ

203 849 250 875 bat
269 856 302 876 eo
320 849 366 884 qui
383 849 510 884 erigeret,
525 849 606 876 homo
619 849 665 884 qui
680 849 826 876 ceciderat.
844 849 918 883 Opus
935 849 982 875 ba-

204 894 282 921 ltebat
297 902 328 922 eo
345 895 391 930 qui
407 894 566 927 viviﬁcaret,
583 896 628 930 qui
647 902 661 921 a
675 896 728 922 vita
745 895 893 922 exciderat.
908 894 982 929 Opus

201 941 318 968 habebat
334 948 366 968 eo
383 941 428 976 qui
443 941 475 968 ad
489 941 589 968 bonum
605 941 755 973 reduceret,
771 941 818 975 qui
833 939 982 968 deﬂuxerat

200 994 214 1013 a
228 987 292 1014 boni
308 987 526 1021 participatione.
547 985 649 1021 Egebat
666 987 734 1014 lucis
759 987 910 1021 pratsentia,
935 987 982 1022 qui

200 1036 259 1058 erat
280 1033 403 1062 inclusus
418 1031 445 1058 in
470 1031 600 1058 tenebris.
617 1031 762 1063 Quaerebat
778 1031 979 1066 redemptorem

202 1078 336 1112 captivus,
360 1077 514 1111 adjutorem
531 1077 648 1108 vinctus,
683 1076 856 1104 liberatorem
884 1076 907 1103 is
934 1076 980 1110 qui

198 1123 264 1158 jugo
282 1123 457 1157 premebatur
474 1122 623 1150 servitutis.
652 1121 751 1149 Hamae
776 1126 840 1149 sunt
858 1129 939 1156 parva
955 1126 980 1149 et

200 1169 310 1203 indigna
325 1176 385 1204 qute
405 1168 487 1196 Deum
506 1172 640 1201 moveant,
657 1174 687 1195 ut
703 1169 850 1196 descendat
873 1169 905 1195 ad
932 1169 982 1195 lut-

201 1223 308 1241 tnanam
327 1219 452 1241 naturam
467 1214 641 1244 visitandam,
659 1221 720 1240 cum
741 1214 808 1240 adeo
828 1206 982 1240 infeliciter

202 1265 228 1287 et
241 1258 434 1285 miserabiliter
451 1258 545 1286 affecta
564 1262 637 1286 esset
652 1258 807 1285 humanitas
821 1258 832 1284 Τ
848 1258 882 1284 At
906 1262 980 1293 pote-

200 1309 251 1335 rat,
270 1305 368 1339 inquit,
387 1308 413 1331 et
427 1304 509 1331 homo
528 1304 660 1331 beneficio
679 1303 758 1336 allici,
778 1308 805 1331 et
821 1303 892 1331 Deus
920 1312 980 1331 ma-

200 1358 264 1377 nere
279 1350 306 1376 in
323 1350 534 1383 impatibilitate.
552 1350 603 1382 Qui
620 1351 691 1377 enim
710 1350 914 1378 universitatem
930 1357 980 1376 vo-

200 1396 305 1423 luntate
321 1395 457 1427 condidit,
476 1401 502 1422 et
518 1397 590 1430 quod
607 1403 661 1422 non
677 1399 736 1422 erat
753 1395 815 1422 fecit
829 1394 980 1422 consistere

199 1442 256 1468 solo
268 1445 339 1468 nutu
356 1445 383 1468 ct
398 1445 536 1468 momento
554 1441 713 1471 voluntatis,
734 1448 784 1467 cur
808 1447 862 1467 non
886 1440 979 1466 divina

199 1486 288 1520 aliqua
307 1485 472 1512 auctoritate
483 1489 509 1512 et
526 1485 639 1519 imperio
654 1492 669 1511 a
683 1485 820 1512 contraria
845 1489 980 1520 potestate

199 1531 323 1558 avulsum
340 1530 477 1566 hominem
502 1529 613 1558 deducit
629 1530 662 1557 ad
677 1538 737 1558 eum
750 1534 850 1559 statum
867 1532 912 1566 qui
929 1531 980 1558 fuit

201 1577 235 1602 ab
254 1576 343 1608 initio,
360 1576 382 1602 si
400 1575 451 1602 hoc
465 1575 489 1602 ei
511 1575 621 1602 lubebat
639 1584 645 1607 ;
667 1575 713 1602 sed
730 1576 825 1611 longos
842 1576 898 1603 obit
925 1577 980 1603 cir-

200 1621 302 1651 l‘UilUS,
318 1620 442 1654 corporis
458 1622 582 1647 naturam
601 1619 723 1652 subiens,
752 1625 778 1647 et
793 1628 841 1654 per
866 1628 979 1655 genera-

200 1667 300 1693 tionem
335 1665 369 1691 ad
389 1665 471 1691 vitam
489 1664 633 1698 accedens,
658 1670 684 1692 et
712 1670 911 1700 consequenter
932 1674 980 1701 per

199 1719 307 1738 onmem
323 1711 460 1739 transiens
481 1715 598 1743 aetatem.
613 1715 640 1737 et
659 1711 756 1738 deinde
787 1713 922 1744 moriens,
954 1717 978 1739 et

199 1758 234 1783 ila
255 1764 302 1791 per
320 1764 398 1783 suum
415 1763 514 1791 corpus
531 1764 662 1793 peragens
674 1764 786 1792 scopum
802 1758 980 1784 resurrectio-

200 1805 262 1831 nis:
282 1804 393 1838 perinde
419 1808 499 1838 atque
519 1805 541 1830 si
558 1804 582 1831 ci
609 1812 662 1831 non
691 1805 785 1831 liceret
817 1806 936 1830 manenti
952 1803 979 1830 in

199 1850 297 1876 divinae
311 1850 405 1885 glorite
422 1850 574 1881 altitudine,
600 1849 681 1884 jussu
705 1857 814 1876 servare
831 1849 978 1880 hominem,

199 1895 292 1927 jubere
309 1900 398 1921 autem
417 1895 506 1921 valere
521 1895 656 1929 ejusmodi
683 1894 839 1922 circuitus?
862 1893 980 1922 Necesse

199 1944 239 1967 est
266 1949 329 1974 ergo
361 1940 495 1974 ejusmodi
525 1940 727 1974 objectionibus
746 1940 828 1973 etiam
858 1944 978 1967 nostrain

198 1986 318 2019 objicere
336 1986 489 2016 veritatem,
517 1988 546 2011 ut
569 1985 645 2012 nulla
674 1993 703 2012 re
723 1985 887 2020 impediatur
912 1985 980 2012 [ich

195 2039 302 2063 rerum,
318 2032 364 2066 qui
378 2030 560 2058 examinandi)
575 2034 700 2065 qumrunt
716 2031 827 2058 verbum
845 2031 978 2066 mysterii.

200 2077 318 2104 Primum
345 2077 417 2110 ideo,
432 2076 505 2112 quod
523 2084 605 2111 supra
619 2077 675 2110 jam
704 2076 904 2110 quodammodo
921 2075 978 2103 dis-

197 2131 307 2149 cussum
340 2127 392 2154 est,
412 2122 628 2152 consideretuus,
643 2121 771 2155 quidnam
801 2120 895 2147 virtuti
918 2125 978 2147 tan-

198 2175 278 2202 quam
297 2167 463 2193 contrarium
476 2168 638 2200 opponatur.
653 2165 732 2191 Certe
748 2164 977 2198 quemadmodum

199 2213 317 2239 tenebrae
335 2211 446 2244 lumini,
468 2218 542 2238 mors
556 2210 628 2242 vitae,
647 2210 682 2236 ita
701 2209 793 2236 virtuti
814 2217 921 2244 quoque
940 2210 979 2236 vi-

199 2258 277 2289 tium,
292 2264 341 2284 nec
355 2256 427 2282 aliud
440 2256 586 2290 quidquam
599 2255 765 2282 contrarium
779 2259 830 2281 est.
847 2254 880 2281 Ut
897 2256 979 2286 enim,

199 2311 260 2329 cum
278 2302 363 2328 multa
377 2301 432 2328 sint
448 2308 507 2336 qua:
521 2300 729 2327 considerantur
749 2300 776 2325 in
787 2303 921 2331 creatura,
939 2299 981 2326 ni-

201 2348 237 2374 hil
254 2346 327 2373 aliud
342 2355 375 2374 ex
393 2347 509 2374 adverso
525 2346 702 2380 distinguitur
718 2353 731 2370 a
745 2345 805 2371 luce
823 2349 870 2371 aut
886 2352 899 2371 a
914 2345 979 2375 vita,

200 2400 254 2419 non
273 2393 354 2427 lapis,
369 2400 424 2419 non
442 2393 556 2427 lignum.
581 2399 634 2417 non
650 2398 730 2425 aqua,
755 2399 809 2417 non
826 2391 916 2421 homo.
932 2399 980 2418 nc-

199 2445 252 2472 que
266 2438 368 2472 aliquid
386 2438 459 2464 aliud
478 2445 510 2464 ex
530 2437 563 2463 iis
580 2444 640 2471 qua:
658 2441 732 2467 sunt,
753 2441 932 2471 praeterquam
949 2445 980 2464 ca

199 2492 259 2519 quae
279 2485 389 2519 proprie
408 2483 596 2519 intelliguntur
615 2491 648 2510 ex
669 2484 816 2514 contrario,
833 2488 925 2518 utpote
941 2488 980 2510 tc—

199 2532 290 2558 nebrar
304 2534 331 2557 et
346 2538 419 2557 mors
437 2538 443 2556 :
457 2530 493 2556 ita
510 2529 591 2556 etiam
614 2529 640 2555 in
657 2528 766 2559 virtute,
783 2536 863 2555 nemo
881 2528 981 2555 dixerit

200 2577 281 2603 ullam
296 2579 450 2603 creaturam
468 2575 580 2610 intelligi
593 2582 653 2601 esse
667 2574 689 2601 ei
713 2575 890 2606 contrariam,
913 2582 982 2608 prte-

199 2627 321 2656 terquam
339 2621 366 2648 id
390 2620 462 2655 quod
483 2624 572 2647 mente
598 2620 752 2654 concipitur
781 2627 813 2647 ex
849 2620 924 2646 vitio.
953 2619 980 2646 Si

199 2674 264 2701 ergo
278 2667 305 2693 in
319 2667 386 2693 vitio
401 2666 511 2701 quidem
532 2672 700 2693 natum‘esse
716 2665 799 2693 Deum
818 2670 914 2692 nostra
938 2672 982 2690 as-

199 2718 303 2739 sereret
328 2712 426 2744 oratio,
442 2716 594 2746 opportune
622 2715 714 2746 posset
734 2712 779 2746 qui
806 2710 980 2740 contradicit,

199 2762 320 2786 nostram
337 2759 464 2787 insectari
477 2758 568 2791 ﬁdem,
582 2763 611 2786 ut
626 2757 672 2791 qui
684 2765 714 2784 ea
726 2757 904 2790 opinarentur
921 2763 981 2789 qum

1033 851 1158 885 πτώματι
1182 850 1335 886 ἄνθρωπος.
1367 851 1466 877 Ἐδεῖτο
1493 850 1540 877 τοῦ
1569 851 1775 883 ζωοποιοῦντος,
1803 853 1819 878 ὸ

1032 896 1197 931 ὲφαμαρτὼν
1222 897 1271 931 τῆς
1290 896 1372 930 ζωῆς.
1392 896 1492 923 Ἑδεῖτο
1508 895 1555 922 τοῦ
1574 896 1642 932 πρὸς
1657 896 1687 922 τὸ
1716 897 1817 931 ἀγαθὴν

1033 941 1231 975 ἑπανὰγοντος,
1250 943 1264 968 ὁ
1289 942 1437 977 ἀπορρυεὶς
1460 942 1508 977 τῆς
1534 942 1579 969 τοῦ
1598 942 1700 976 ἀγαθοῦ
1724 950 1815 976 μετου-

1034 988 1103 1018 σίας.
1120 988 1237 1023 Ἔχρῃζε
1252 988 1301 1022 τῆς
1316 987 1362 1014 τοῦ
1384 988 1472 1021 φωτὸς
1491 988 1651 1023 παρουσίας,
1675 989 1689 1014 ὁ
1708 988 1818 1023 καθειρ-

1032 1032 1131 1067 γμένος
1146 1033 1184 1067 τῷ
1202 1032 1300 1059 σκότει,
1323 1032 1428 1068 Ἑζήτει
1442 1033 1487 1059 τὸν
1501 1033 1639 1068 λυτρωτὴν
1652 1033 1667 1058 ὁ
1680 1033 1818 1067 αἰχμάλω-

1031 1086 1095 1109 τος,
1117 1076 1162 1102 τὸν
1184 1077 1383 1112 συναγωνιστὴν
1402 1079 1416 1104 6
1432 1077 1589 1113 δεσμώτης,
1607 1078 1652 1104 τὸν
1670 1078 1817 1113 ἐλευθερω-

1031 1122 1079 1156 τὴν
1106 1123 1121 1148 ὸ
1145 1122 1183 1157 τῷ
1208 1122 1283 1157 ζυγῷ
1309 1123 1358 1157 τῆς
1381 1123 1500 1154 δουλείας
1527 1124 1717 1157 κατεχόμενος.
1744 1121 1818 1158 Ἀρι

1033 1167 1117 1202 μικρὰ
1132 1166 1216 1193 ταῦτα
1233 1167 1278 1193 καὶ
1294 1168 1388 1199 ἀνάξια
1409 1167 1453 1194 τὸν
1477 1168 1542 1194 Θεδν
1568 1168 1727 1202 δυσωπῆσαι
1749 1168 1816 1202 πρὸς

1031 1211 1173 1246 ἐπίσκεψιν
1194 1213 1242 1247 τῆς
1267 1212 1438 1248 ἀνθρωπίνης
1463 1213 1568 1247 φύσεως
1585 1213 1752 1248 καταϐῆναι,
1769 1213 1816 1240 οὖ-

1031 1266 1085 1289 τως
1110 1258 1233 1289 ἐλεεινῶς
1257 1259 1304 1284 καὶ
1334 1258 1433 1289 ἀθλίως
1456 1259 1504 1293 τῆς
1533 1259 1739 1293 ἀνθρωπότητος
1764 1259 1817 1285 δια-

1031 1301 1177 1336 κειμένης;
1198 1301 1267 1327 Ἀλλ’
1281 1301 1353 1336 ἐξῆν,
1369 1302 1450 1337 φησὶ,
1471 1303 1517 1329 καὶ
1541 1303 1754 1338 εὐεργετηθῆναι
1771 1304 1815 1329 τὸν

1030 1346 1189 1382 ἄνθρωπον,
1219 1347 1266 1374 καὶ
1297 1348 1325 1373 ὲν
1351 1348 1468 1383 ἀπαθείᾳ
1495 1348 1537 1374 τὸν
1566 1349 1632 1375 Θεὸν
1669 1349 1814 1384 διαμεῖναι.

1037 1391 1065 1417 '0
1093 1391 1147 1426 γὰρ
1172 1391 1210 1426 τῷ
1233 1391 1380 1427 βουλήματι
1407 1393 1437 1419 τὸ
1457 1395 1511 1420 πᾶν
1533 1395 1749 1429 συστησάμενος,
1768 1395 1815 1421 καὶ

1031 1437 1061 1463 τὸ
1085 1438 1122 1472 μὴ
1138 1437 1167 1463 ὃν
1193 1438 1348 1473 ὑποστήσας
1372 1440 1400 1464 ἐν
1426 1440 1493 1474 μόνη
1512 1441 1544 1474 τῇ
1567 1441 1639 1475 ὁρμῇ
1662 1440 1708 1466 τοῦ
1733 1441 1815 1475 θελή-

1033 1491 1128 1517 ματος,
1139 1483 1164 1509 τί
1176 1483 1235 1518 οὐχὶ
1251 1484 1297 1510 καὶ
1310 1484 1354 1510 τὸν
1365 1484 1506 1519 ἄνθρωπον
1520 1485 1552 1511 δι’
1568 1485 1727 1520 αὐθεντικῆς
1742 1494 1814 1518 τινος

1032 1529 1077 1554 καὶ
1092 1528 1185 1563 θεῖκῆς
1199 1528 1321 1561 ἐξουσίας
1332 1530 1382 1564 τῆς
1396 1530 1520 1562 ἐναντίας
1534 1530 1673 1566 δυνάμεως
1690 1531 1816 1558 ἀποσπάα

1033 1583 1096 1606 σας,
1112 1574 1178 1609 πρὸς
1193 1574 1242 1609 τὴν
1256 1574 1284 1607 ἐξ
1305 1575 1391 1610 ἀρχῆς
1415 1576 1474 1609 ἄγει
1497 1576 1673 1609 κατάστασιν,
1696 1578 1719 1602 εί
1738 1577 1816 1603 τοῦτο

1032 1619 1107 1653 φίλον
1131 1619 1222 1654 αὐτῷ’
1244 1620 1311 1646 ἀλλὰ
1341 1620 1450 1655 μακρὰς
1474 1621 1648 1656 περιέρχεται
1675 1622 1815 1656 περιόδους

1033 1666 1165 1700 σώματος,
1185 1666 1368 1701 ὑπερχόμενος
1384 1666 1473 1701 φύσιν,
1482 1669 1529 1696 καὶ
1537 1667 1578 1693 διὰ
1586 1667 1735 1702 γεννήσεως
1746 1679 1816 1704 παρ-

1034 1713 1081 1739 ιὼν
1100 1715 1139 1745 εἰς
1157 1713 1202 1740 τὸν
1225 1712 1281 1746 βίον
1292 1731 1299 1742 ,
1318 1711 1364 1738 καὶ
1380 1713 1468 1738 πᾶσαν
1485 1711 1638 1742 ἀκολούθως
1656 1712 1762 1746 ἠλικίαν
1775 1712 1814 1738 δι-

1031 1753 1184 1789 εξιὼν,εῖτα
1199 1756 1312 1783 Θανάτου
1330 1757 1484 1791 γενόμενος,
1497 1757 1542 1783 καὶ
1553 1756 1639 1788 οὕτως
1653 1757 1697 1783 διὰ
1707 1759 1756 1793 τῆς
1769 1758 1815 1783 τοῦ

1033 1802 1097 1828 ἰδίου
1121 1801 1246 1837 σώματος
1264 1803 1436 1834 ἀναστάσεως
1456 1803 1501 1829 τὸν
1525 1803 1625 1830 σκοπὺν
1649 1803 1755 1830 ἀνύων·
1778 1803 1815 1834 ὡς

1030 1849 1080 1874 οὐκ
1095 1848 1153 1880 ἐξὸν
1169 1847 1242 1883 αὺτῷ
1259 1848 1364 1883 μένοντι
1386 1849 1431 1874 ἐπὶ
1451 1849 1497 1875 τοῦ
1513 1848 1658 1884 ὒψουςπῆς
1675 1848 1754 1884 δόξης
1772 1848 1814 1875 διὰ

1031 1894 1237 1929 προστάγματος
1257 1894 1340 1920 σῶσαι
1358 1895 1402 1919 τὸν
1418 1894 1569 1929 ἄνθρωπον,
1585 1895 1635 1926 τὰς
1649 1896 1677 1922 δὲ
1689 1895 1816 1926 τοιαύτας

1031 1939 1169 1975 περιόδους
1190 1940 1294 1975 χαίρειν
1314 1941 1410 1971 ἐάσαις
1438 1941 1541 1967 Οὐκοῦν
1560 1941 1667 1977 ἀνάγκη
1687 1942 1734 1968 καὶ
1755 1943 1816 1973 ταῖς

1030 1985 1166 2017 τοιαύταις
1179 1986 1233 2012 τῶν
1247 1986 1407 2013 ἀντιθέσεων
1418 1987 1644 2021 ἁντικαταστῆναι
1658 1989 1722 2021 παρ’
1737 1987 1816 2022 ἡμῶν

1030 2030 1078 2065 τὴν
1093 2031 1228 2066 ἀλήθειαν,
1245 2032 1282 2063 ὡς
1302 2032 1334 2058 ἂν
1348 2032 1392 2058 διὰ
1408 2032 1520 2067 μηδενὸς
1532 2033 1548 2066 ἡ
1570 2032 1662 2063 πίστις
1673 2033 1815 2061 κωλύοιτο,

1030 2074 1084 2099 τῶν
1098 2074 1275 2107 ἐξεταστικῶς
1297 2076 1449 2111 ζητούντων
1466 2077 1513 2102 τοῦ
1541 2076 1690 2111 μυστηρίου
1705 2077 1751 2103 τὸν
1771 2077 1816 2102 λό-

996 2131 1016 2158 D
1030 2128 1085 2153 γον.
1104 2121 1212 2155 Πρῶτον
1233 2122 1281 2156 μὲν
1295 2120 1340 2148 οὖν
1353 2123 1419 2158 ὅπερ
1439 2123 1484 2148 καὶ
1499 2123 1528 2148 ὲν
1538 2123 1594 2154 τοῖς
1613 2123 1749 2156 φθάσασιν
1766 2123 1815 2158 ἤδη

1032 2165 1150 2200 μετρίως
1166 2167 1319 2201 ἐξήτασται,
1338 2169 1365 2195 τί
1388 2170 1420 2204 τῇ
1446 2169 1529 2204 ἀρετῇ
1551 2169 1620 2195 κατά
1638 2169 1670 2195 τὸ
1696 2169 1817 2195 ἐναντίον

1031 2211 1206 2247 καθέστηκεν,
1224 2214 1443 2248 ἐπισκεψώμεθα.
1464 2215 1508 2246 Ὠς
1520 2214 1589 2249 φωτὶ
1602 2214 1698 2245 σκότος
1710 2214 1758 2240 καὶ
1771 2214 1817 2240 θά-

1031 2264 1108 2288 νατος
1119 2258 1151 2292 τῇ
1169 2257 1235 2293 ζωῇ.
1253 2258 1323 2285 οὕτω
1336 2259 1383 2285 καὶ
1399 2261 1432 2294 τῇ
1452 2260 1535 2295 κακίᾳ
1550 2260 1565 2294 ἡ
1588 2259 1672 2294 ἀρετὴ
1684 2259 1816 2294 δηλονότι,

1031 2303 1077 2328 καὶ
1092 2303 1165 2330 οὐδὲν
1182 2304 1257 2338 παρά
1269 2305 1369 2339 ταύτην
1381 2305 1481 2338 ἕτερον,
1498 2305 1630 2340 Καθάπερ
1644 2305 1700 2340 γὰρ
1712 2305 1819 2332 πολλῶν

1030 2348 1113 2374 ὄντων
1122 2349 1174 2374 τῶν
1186 2350 1214 2376 ἐν
1224 2351 1255 2384 τῇ
1268 2350 1353 2376 κτίσει
1368 2350 1571 2385 θεωρουμένων,
1583 2350 1660 2376 οὐδὲν
1672 2351 1736 2377 ἄλλο
1751 2351 1819 2385 πρὸς

1030 2394 1060 2419 τὸ
1076 2393 1157 2428 φῶςῆ
1169 2394 1218 2429 τὴν
1231 2394 1302 2428 ζωὴν
1311 2394 1358 2428 τὴν
1372 2395 1561 2430 ἀντιδιαίρεσιν
1573 2394 1639 2429 ἔχει,
1650 2396 1680 2420 οὐ
1692 2395 1776 2426 λίθος,
1788 2395 1818 2420 οὔ

1031 2437 1117 2469 Ξύλον,
1131 2439 1179 2473 οὐχ
1188 2438 1267 2471 ὕδωρ,
1281 2439 1329 2464 οὐκ
1340 2438 1386 2464 ἄνθ
1392 2447 1490 2473 ρωπος,
1504 2440 1552 2465 οὐκ
1561 2439 1624 2465 ἄλλο
1635 2439 1722 2465 τιτῶν
1734 2439 1820 2465 ὄντων

1031 2483 1115 2514 οὐδὲν,
1132 2484 1199 2518 πλὴν
1219 2484 1289 2514 ἰδίως
1300 2483 1334 2509 τὰ
1351 2484 1419 2510 κατὰ
1432 2483 1461 2509 τὸ
1477 2484 1596 2510 ἐναντίον
1607 2484 1750 2518 νοούμενα,
1765 2480 1820 2509 οἷον

1033 2528 1125 2559 σκότος
1144 2529 1190 2554 καὶ
1214 2528 1342 2560 θάνατος·
1365 2529 1436 2554 οὓτω
1457 2530 1502 2556 καὶ
1518 2530 1563 2555 ἐπὶ
1582 2530 1631 2564 τῆς
1646 2530 1747 2564 ἀρετῆς
1769 2530 1820 2555 οὐκ

1032 2572 1064 2599 ἄν
1078 2581 1119 2603 τις
1139 2572 1224 2598 κτίσιν
1244 2573 1303 2598 τινὰ
1328 2575 1397 2599 κατὰ
1415 2573 1445 2599 τὸ
1470 2574 1589 2599 ἐναντίον
1610 2574 1678 2608 αὐτῇ
1699 2573 1820 2614 νοεῖσθαι

1032 2617 1114 2650 λέγοι,
1129 2617 1197 2652 πλὴν
1216 2617 1245 2642 τὸ
1262 2618 1332 2644 κατὰ
1347 2618 1443 2644 κακίαν
1459 2618 1555 2653 νόημα.
1571 2619 1674 2644 Οὐκοῦν
1690 2619 1713 2644 εἰ
1731 2619 1780 2653 μὲν
1792 2620 1821 2644 ἐν

1033 2663 1114 2697 κακίᾳ
1126 2663 1285 2697 γεγενῆσθαι
1298 2663 1327 2688 τὸ
1343 2663 1419 2688 Θεῖον
1434 2664 1447 2689 ὁ
1464 2663 1595 2698 ἡμέτερος
1611 2664 1762 2698 ἐπρέσϐευε
1779 2665 1822 2691 λό-

1033 2717 1089 2742 γος,
1106 2708 1200 2742 καιρὸν
1216 2707 1248 2733 ἂν
1265 2705 1336 2742 εἶχεν
1352 2709 1365 2734 ό
1385 2708 1530 2742 ἀντιλέγων
1547 2709 1727 2744 κατατρέχειν
1741 2710 1822 2744 ἡμῶν

1032 2754 1081 2788 τῆς
1105 2754 1236 2784 πίστεως,
1253 2753 1290 2784 ὼς
1306 2753 1464 2789 ἁνάρμοστά
1491 2762 1520 2779 τε
1537 2754 1584 2780 καὶ
1613 2755 1821 2789 ἀπεμιραίνοντα
