1926 3080
55 195 92 222 49

675 197 804 226 ORATIO
817 195 1068 224 CATECHETICA.

1648 195 1685 224 50

58 253 123 291 περὶ
138 255 191 290 τῆς
205 255 280 287 θείας
296 255 402 290 φύσεως
415 255 588 289 δοξαζόντων.
602 255 640 283 Οὐ
654 256 708 292 γὰρ
722 257 753 292 δὴ
773 257 847 292 θεμι-

902 255 1001 283 divinae
1031 257 1135 282 naturae
1156 253 1269 282 minime
1295 257 1448 290 congruant
1464 257 1492 283 et
1508 253 1682 284 conveniant.

58 301 103 327 τὸν
118 298 154 335 ἦν
166 299 217 335 τὴν
230 300 392 334 αὖτοσοφίαν
403 301 447 327 καὶ
458 301 612 336 ἀγαθότητα
625 302 671 328 καὶ
685 302 848 338 ἀφθαρσίαν,

59 347 105 373 καὶ
118 347 146 373 εἴ
161 355 188 373 τι
204 346 306 381 ὑψηλόν
323 347 380 373 ἐστι
402 346 494 381 νόημά
512 355 542 373 τε
559 347 605 373 καὶ
620 348 715 382 ὄνομα,
736 348 804 383 πρὸς
821 348 850 375 τὺ

59 393 182 419 ἐναντίον
199 393 443 428 μεταπεπτωκέναι
456 392 553 427 λέγειν,
573 394 604 420 El
626 391 672 420 οὖν
686 393 752 425 Θεὸς
770 394 818 429 μὲν
833 394 849 429 ὴ

58 438 164 473 ἀληθὴς
188 438 291 473 ἀρετή⁵
314 438 394 472 φύσις
414 438 442 464 δέ
462 447 504 470 τις
525 439 575 466 οὐκ
596 439 800 474 ἁντιδιαιρεῖται
816 441 849 474 τῇ

59 485 145 520 ἀρετῇ
160 505 167 515 ,
187 484 257 510 ἀλλὰ
281 484 378 510 κακία·
394 484 460 516 Θεὸς
471 485 500 511 δὲ
519 485 569 511 οὐκ
589 486 617 511 ὲν
633 485 731 520 κακίᾳ,
746 485 803 512 ἀλλ’
821 487 850 512 ὲν

58 529 207 565 ἀνθρώπου
228 530 332 563 γίνεται
347 529 425 564 φύσει
435 538 442 545 ·
465 529 543 564 μόνον
566 530 593 556 δὲ
608 530 730 565 ἀπρεπὲς
746 531 792 557 καὶ
808 531 850 557 αί-

62 576 148 610 σχρὸν
160 576 189 601 τὸ
204 575 277 602 κατὰ
289 575 388 602 κακίαν
402 575 497 608 πάθος,
515 576 543 602 ὲν
553 572 575 609 ᾧ
590 576 651 602 οὔτε
664 576 759 610 γέγονε
773 576 848 608 Θεὸς.

60 621 124 647 οὔτε
138 621 185 647 τοῦ
202 620 329 655 γενέσθαι
341 621 421 655 φύσιν
437 621 494 656 ἔχει
506 629 513 637 ·
537 621 563 647 τί
578 618 788 656 ἐπαισχύνονται
801 621 850 656 τὴν

59 667 206 702 ὁμολογίαν
225 666 274 693 τοῦ
292 667 358 693 Θεὸν
380 667 554 703 ἀνθρωπίνης
578 667 700 702 ἅψασθαι
723 667 848 702 φύσεως,

60 713 189 746 οὐδεμιᾶς
206 712 391 747 ἐναντιότητος
408 713 446 744 ὡς
461 713 529 748 πρὸς
544 713 589 739 τὸν
600 713 650 748 τῆς
662 713 762 748 ἀρετῆς
773 713 849 746 λόγον

60 759 90 784 ἐν
109 760 141 793 τῇ
158 760 316 793 κατασκευῇ
332 758 379 784 τοῦ
397 758 540 793 ἀνθρώπου
557 759 766 794 θεωρουμένηςς
782 758 849 785 οὔτε

59 804 114 839 γὰρ
131 804 161 830 τὸ
175 804 297 838 λογικὸν,
312 803 373 830 οὔτε
383 805 413 831 τὸ
425 804 605 840 διανοητικὺν,
618 804 680 831 οὕτε
692 805 722 831 τὸ
737 805 850 839 ἐπιστή-

62 858 115 884 μης
130 849 267 881 δεκτικὸν,
279 849 340 876 οὕτε
355 849 419 876 ἄλλο
438 850 566 881 τοιοῦτον,
581 850 596 876 ὃ
612 851 661 885 τῆς
677 850 849 885 ἀνθρωπίνης

61 895 125 922 ἴδιον
141 895 238 926 οὐσίας
248 895 316 928 ἐστὶ,
329 895 367 930 τῷ
380 895 452 930 λόγῳ
467 896 514 930 τῆς
529 896 628 931 ἀρετῆς
641 895 811 930 ὴναντίωται.

900 300 959 328 Non
973 301 1044 329 enim
1060 299 1101 327 fas
1113 303 1187 327 esset
1202 299 1293 327 dicere
1309 300 1395 334 ipsam
1409 308 1455 335 per
1475 307 1505 327 se
1522 299 1682 335 sapientiam

899 351 927 374 et
943 346 1092 374 bonitatem
1108 349 1136 372 et
1162 345 1406 380 incorruptionem,
1432 350 1459 373 et
1481 346 1503 373 si
1530 350 1572 373 est
1591 340 1683 380 aliqua

900 392 1026 420 sublimis
1040 391 1227 426 intelligentia,
1243 395 1270 418 et
1281 391 1398 419 sublime
1414 399 1523 424 nomen,
1542 396 1682 419 transmu-

900 441 987 465 talum
1007 445 1068 466 esse
1082 437 1110 464 in
1129 437 1307 464 contrarium.
1339 437 1367 464 Si
1396 445 1462 472 ergo
1488 437 1558 465 Deus
1573 437 1682 472 quidem

899 489 940 512 est
955 491 1019 510 vera
1041 484 1138 515 virtus,
1157 483 1231 510 nulla
1251 486 1342 510 autem
1366 487 1462 509 natura
1480 487 1609 517 tanquam
1636 482 1670 509 ad

900 537 978 558 versa
996 530 1125 557 statuitur
1145 529 1251 562 virtuti,
1282 528 1329 556 scd
1348 529 1464 560 vitium;
1494 528 1564 556 Deus
1591 532 1682 556 autem

901 583 955 603 non
971 576 1090 611 gignitur
1108 575 1135 602 in
1151 575 1226 608 vitio,
1246 575 1292 602 sed
1309 575 1335 601 iu
1350 579 1447 602 natura
1466 573 1604 607 hominis;
1624 574 1681 600 sola

902 627 990 650 autem
1006 626 1049 650 est
1064 622 1193 649 indecora
1209 626 1235 649 et
1252 622 1340 656 turpis
1356 629 1415 655 qme
1431 629 1462 648 ex
1477 620 1543 647 vitio
1562 625 1604 647 est
1620 619 1683 646 aﬂe-

899 668 966 699 etio,
984 668 1010 694 in
1027 675 1083 702 qua
1101 674 1150 694 nec
1166 667 1275 702 genitus
1290 671 1331 693 est
1348 666 1428 698 Deus,
1445 673 1494 692 nec
1517 673 1548 692 ca
1563 669 1605 692 est
1625 664 1684 698 ejus

899 717 999 740 natura
1015 717 1043 740 ut
1059 713 1131 748 gigni
1153 713 1252 748 possit,
1278 720 1328 739 cur
1344 711 1427 747 pudet
1441 719 1490 738 eos
1506 710 1582 738 lateri
1599 710 1682 737 Deum

901 759 1047 789 humanam
1065 759 1189 794 attigisse
1220 762 1358 790 naturam,
1378 756 1490 792 perinde
1518 764 1549 783 ac
1568 757 1590 784 si
1614 756 1684 783 ratio

900 805 1009 832 virtutis
1029 806 1218 832 consideretur
1233 804 1371 832 contraria
1387 802 1535 830 conditioni
1549 802 1684 829 hominis?

900 849 992 885 Neque
1009 850 1080 877 enim
1099 849 1213 877 rationis
1230 854 1257 877 et
1284 848 1472 884 intelligentim
1497 855 1557 876 esse
1572 847 1685 882 partici-

900 903 971 930 pem,
993 904 1082 931 neque
1099 897 1219 923 scientize
1245 903 1306 924 esse
1323 901 1462 930 capacem,
1495 902 1582 929 neque
1601 894 1682 928 quid-

863 946 884 973 B
899 949 979 976 quam
994 942 1067 969 aliud
1081 941 1227 976 ejusmodi,
1245 941 1316 976 quod
1339 944 1381 968 est
1403 941 1541 976 proprium
1559 940 1685 967 humana.-

351 1032 476 1060 ΚΕΦΛΛ,
498 1033 554 1066 ιφ

97 1079 159 1105 Ἀλλ
171 1077 253 1113 αὑτὴ,
281 1077 371 1112 φησὶν,
387 1079 403 1112 ἡ
417 1078 503 1113 τροπὴ
518 1078 564 1105 τοῦ
577 1078 711 1114 ἡμετέρου
725 1079 849 1114 σώματος

60 1123 146 1154 πάθος
163 1123 249 1150 ἐστίν,
273 1124 302 1149 ’0
319 1123 346 1149 δὲ
365 1123 394 1148 έν
406 1123 493 1158 τούτῳ
509 1123 645 1157 γεγονὼς,
660 1125 689 1150 ὲν
711 1124 793 1150 πάθει
808 1124 850 1158 γί-

59 1178 154 1196 νεται·
173 1169 280 1201 ἀπειθὲς
304 1169 332 1196 δὲ
351 1169 381 1196 τὺ
397 1169 484 1196 Θείον.
509 1169 613 1196 Οὐκοῦν
638 1169 764 1205 ἀλλοτρία
786 1169 850 1204 περὶ

60 1214 128 1240 Θεοῦ
145 1215 161 1249 ἡ
179 1214 330 1249 ὑπόληψις,
357 1213 434 1249 εἴπερ
447 1214 491 1240 τὸν
505 1213 596 1248 ἀπαθῆ
615 1213 685 1240 κατὰ
710 1213 759 1248 τὴν
770 1213 850 1248 φύσιν

62 1260 129 1295 πρὸς
145 1260 289 1287 κοινωνίαν
302 1259 404 1291 πάθους
419 1259 504 1286 ἐλθεῖν
520 1258 692 1294 διορίζονται.
712 1259 791 1285 Ἀλλὰ
803 1259 850 1286 καὶ

62 1307 130 1340 πρὸς
145 1305 230 1332 ταῦτα
255 1305 337 1332 πάλιν
359 1305 397 1340 τῷ
411 1305 485 1340 αὺτῷ
508 1305 580 1340 λόγῳ
605 1304 788 1340 χρησώμεθα,
809 1305 850 1331 ὅτι

60 1351 90 1378 τὸ
107 1352 193 1383 πάθος
210 1352 241 1378 rb
262 1352 311 1387 μὲν
327 1351 437 1387 κυρίως,
455 1351 484 1378 τὸ
503 1351 530 1377 δὲ
549 1351 580 1377 ἐκ
597 1351 791 1386 καταχρήσεως
807 1350 851 1376 λέ-

61 1407 151 1431 γεται.
164 1398 202 1424 Τὸ
217 1398 265 1433 μὲν
282 1396 328 1424 οὖν
346 1397 527 1433 προαιρεῖπεως
545 1397 705 1432 ἀπτόμενον,
722 1397 767 1423 καὶ
783 1397 850 1431 πρὸς

61 1441 164 1468 κακίαν
187 1441 238 1467 ἀπὸ
252 1441 302 1476 τῆς
320 1441 419 1477 ἀρετῆς
435 1441 629 1476 μεταστρέφον,
648 1441 755 1476 ἀληθῶς
766 1441 850 1472 πάθος

61 1486 118 1512 ὲττί
132 1495 140 1502 ·
167 1486 197 1512 τὸ
211 1487 233 1513 δ’
247 1488 309 1513 ὅσον
322 1488 351 1513 ἐν
367 1488 399 1522 τῇ
418 1487 496 1521 φύσει
517 1487 586 1514 κατὰ
605 1487 650 1513 τὸν
673 1487 737 1514 ἴδιον
756 1487 850 1522 είρμον

63 1531 233 1568 πορευομένῃ
253 1531 406 1564 διεξοδικῶς
423 1531 572 1567 θεωρεῖται,
590 1532 669 1558 τοῦτο
685 1531 864 1568 κυριώτερον,

62 1577 140 1612 ἔργον
152 1577 186 1604 ἂν
201 1577 311 1612 μᾶλλον,
321 1578 336 1611 ἧ
347 1577 431 1609 πάθος
445 1577 681 1612 προσαγορεύοιτο,
693 1575 748 1604 οἷον
759 1577 847 1613 ἠγέν-

898 989 1034 1020 esscntim,
1051 992 1183 1024 repugnat
1199 987 1298 1014 rationi
1316 987 1436 1014 virtutis.

1188 1033 1302 1060 CAPUT
1322 1032 1392 1060 XVI.

934 1080 968 1107 At
980 1080 1048 1115 ipsa,
1067 1080 1166 1114 inquit,
1183 1079 1268 1107 nostri
1282 1079 1408 1114 corporis
1428 1078 1543 1105 mutatio
1558 1081 1599 1105 est
1618 1077 1682 1104 affe-

900 1127 963 1153 otio.
983 1125 1033 1158 Qui
1051 1129 1141 1153 autem
1159 1126 1186 1152 in
1205 1133 1235 1152 ea
1251 1124 1343 1158 fuerit,
1362 1124 1488 1151 adicitur.
1506 1123 1578 1152 Deus
1595 1128 1684 1150 autem

899 1175 941 1199 est
956 1172 1126 1207 impatibilis.
1145 1171 1193 1199 Est
1207 1180 1273 1207 ergo
1285 1172 1373 1199 aliena
1388 1171 1422 1198 de
1440 1170 1495 1198 Deo
1507 1170 1685 1200 existimatio.

900 1217 1034 1252 siquidem
1054 1225 1116 1244 eum
1133 1217 1179 1252 qui
1198 1221 1239 1245 est
1260 1216 1422 1252 impalibilis
1438 1216 1589 1244 secundum
1605 1219 1686 1242 natu-

900 1270 970 1295 ram,
984 1266 1108 1290 statuunt
1123 1263 1217 1290 venire
1233 1263 1266 1290 ad
1283 1262 1504 1290 communionem
1521 1259 1683 1288 alfectionis.

902 1307 953 1335 Sed
972 1309 1006 1336 ad
1018 1308 1074 1336 haec
1086 1316 1195 1344 quoque
1209 1316 1305 1336 rursus
1318 1308 1413 1339 eadem
1427 1311 1535 1335 utemur
1551 1307 1684 1337 oratione.

901 1361 999 1388 nempe
1017 1353 1088 1389 quod
1102 1353 1210 1381 affectio
1241 1354 1294 1381 alia
1312 1353 1421 1388 quidem
1445 1353 1554 1387 proprie
1573 1352 1683 1382 dicitur,

900 1399 952 1426 alia
973 1406 1038 1426 vero
1058 1407 1106 1434 per
1132 1399 1304 1427 abusionem.
1325 1399 1414 1433 Atque
1442 1406 1473 1426 ea
1489 1398 1597 1433 quidem
1625 1404 1686 1432 quae

906 1444 993 1478 tangit
1009 1444 1126 1471 liberum
1156 1444 1238 1471 animi
1266 1444 1411 1471 arbitrium
1428 1449 1455 1470 et
1472 1443 1643 1473 electionem,
1659 1447 1686 1469 ct

901 1494 915 1513 a
933 1487 1033 1515 virtute
1054 1487 1152 1514 avertit
1180 1487 1213 1515 ad
1245 1487 1354 1520 vitium,
1383 1487 1493 1523 proprie
1508 1490 1551 1514 est
1568 1486 1684 1514 all'ectio.

900 1533 965 1566 Qum
980 1538 1068 1560 autem
1085 1534 1112 1561 in
1123 1537 1220 1561 natura
1238 1541 1286 1569 per
1297 1541 1375 1562 suam
1391 1533 1488 1561 seriem
1514 1532 1685 1560 transeundo

901 1579 1070 1615 ingrediente
1085 1580 1286 1611 censideratur,
1302 1587 1333 1607 ea
1347 1587 1417 1614 opus
1432 1579 1524 1614 potius
1540 1586 1621 1613 quam
1646 1578 1685 1605 af-

62 1611 148 1658 νήεις,
163 1624 179 1658 ἡ
191 1611 314 1658 αὔξησις,
332 1624 349 1658 ἡ
361 1623 405 1650 διὰ
430 1611 480 1658 τῆς
495 1623 643 1658 ἐπιρρύτου
657 1631 686 1649 τε
699 1622 746 1650 καὶ
758 1611 846 1658 ἄπορ-

900 1611 980 1654 fectio
1000 1626 1109 1661 proprie
1133 1630 1175 1654 est
1203 1611 1374 1661 appellanda:
1407 1611 1440 1652 ut
1464 1611 1614 1660 generatio,
1633 1632 1681 1651 au-

64 1669 142 1703 ρύτου
156 1668 205 1702 τῆς
229 1668 331 1703 τροφῆς
351 1667 398 1694 τοῦ
413 1668 591 1703 ὑποκειμένου
606 1667 731 1702 διαμονὴ,
757 1667 775 1701 ὴ
794 1666 848 1693 τῶν

64 1714 201 1749 στοιχείων
225 1713 290 1748 περὶ
307 1714 337 1739 τὸ
357 1712 435 1748 σῶμα
450 1712 597 1748 συνδρομὴ.
615 1712 631 1747 ἡ
646 1711 693 1738 τοῦ
710 1710 848 1738 συντεθέν-

63 1769 105 1792 τος
120 1760 200 1787 πάλιν
213 1759 335 1790 διάλυσίς
347 1768 377 1785 τε
393 1760 440 1786 καὶ
456 1759 524 1795 πρὸς
542 1759 575 1786 τὰ
591 1759 708 1794 συγγενῆ
725 1757 848 1793 μεταχώ-

64 1814 148 1841 ρησις.
166 1806 245 1838 Τίνος
266 1803 313 1832 οὖν
330 1805 404 1839 λέγει
425 1805 455 1832 τὸ
473 1805 620 1840 μυστήριον
632 1805 710 1840 ἡμῶν
724 1803 849 1839 ἦφθαιτδ

63 1851 155 1883 Θεῑον;
178 1851 226 1877 τοῦ
247 1850 350 1886 κυρίως
371 1850 517 1886 λεγομένου
539 1851 652 1882 πάθους,
671 1850 739 1886 ὅπερ
765 1850 848 1876 κακία

64 1896 143 1926 ἐστὶν,
157 1896 173 1931 ἦ
188 1895 237 1922 τοῦ
251 1896 322 1922 κατὰ
341 1895 421 1930 φύσιν
437 1896 584 1931 κινήματος
598 1904 605 1926 ς
628 1896 659 1922 Εἰ
677 1895 726 1930 μὲν
750 1895 805 1931 γὰρ
819 1897 848 1922 ὲν

63 1943 116 1973 τοῖς
126 1943 360 1978 ἀπηγορευμένοις
375 1942 537 1976 γεγενῆσθαι
551 1942 580 1969 τὸ
593 1941 669 1968 Θεῐον
689 1943 703 1968 ὁ
717 1942 794 1976 λόγος
810 1942 848 1968 δι-

66 1985 228 2022 ιςχυρίζετο,
243 1986 352 2020 φεύγειν
373 1986 426 2013 ἔδει
445 1987 494 2022 τὴν
506 1987 621 2014 ἀτοπίαν
639 1986 685 2013 τοῦ
703 1987 846 2022 δόγματος,

64 2033 98 2064 ὡς
110 2033 186 2059 οὐδὲν
202 2033 275 2066 ὑγιὲς
290 2033 353 2067 περὶ
372 2032 422 2067 τῆς
441 2032 515 2063 θείας
528 2032 633 2067 φύσεως
645 2031 796 2063 διεξιόντος.
817 2032 848 2058 Εἰ

103 2079 148 2113 τῆς
168 2079 276 2113 φύσεως
293 2078 372 2114 ἡμῶν
388 2078 468 2105 αὐτὸν
487 2078 606 2113 ὲφῆφθαι
622 2077 705 2112 λέγει,
719 2075 752 2113 ἧς
766 2078 812 2104 καὶ
831 2078 847 2112 ἡ

67 2124 154 2159 πρώτη
175 2125 282 2158 γένεσίς
308 2133 338 2150 τε
364 2125 411 2150 καὶ
435 2124 580 2155 ὐπόστασις
607 2125 669 2158 παρ’
694 2123 776 2151 αὐτοῦ
799 2124 849 2160 τὴν

67 2170 146 2205 ἀρχὴν
160 2170 232 2205 ἔσχε,
246 2169 297 2196 ποῦ
309 2170 358 2204 τῆς
372 2169 431 2204 Θεῷ
443 2170 601 2204 πρεπούσης
617 2170 721 2201 ἑννοίας
731 2169 847 2204 διαμαρ-

67 2216 135 2242 τάνει
154 2217 184 2242 τὸ
209 2217 355 2251 κήρυγμα,
375 2216 507 2251 μηδεμιᾶς
527 2216 681 2251 παθητικῆς
701 2216 847 2248 διαθέσεως

66 2260 92 2285 ἐν
105 2262 163 2292 ταῖς
182 2261 247 2296 περὶ
269 2260 337 2287 Θεοῦ
359 2260 509 2296 ὑπολήψεσι
530 2262 562 2296 τῇ
579 2261 668 2287 πίστει
691 2261 845 2295 donatione;
864 2284 885 2310 Β

66 2306 129 2332 Οὐδὲ
140 2306 192 2342 γὰρ
206 2307 252 2332 τὸν
265 2307 356 2342 ἰατρὸν
373 2306 401 2333 ὲν
412 2307 491 2334 πάθει
505 2306 626 2341 γίνεσθαι
641 2307 766 2342 λέγομεν,
783 2307 847 2333 ὅταν

67 2351 198 2388 θεραπεύῃ
212 2352 258 2378 τὸν
271 2352 300 2378 ὲν
323 2351 403 2378 πάθει
420 2353 572 2387 γενόμενον.
597 2352 675 2378 ’Λλλὰ
695 2352 746 2379 κᾶν
763 2360 846 2386 προσ-

67 2396 162 2430 diluta:
172 2396 219 2422 τοῦ
231 2396 360 2431 ἀρρωστή
367 2405 458 2430 ματος,
473 2397 524 2428 ἔξω
537 2396 638 2428 πάθους
652 2398 665 2423 ὁ
678 2396 846 2432 θεραπευτὴς

65 2441 188 2476 διαμένει.
220 2443 252 2469 Ei
266 2443 282 2476 ἡ
299 2442 405 2476 γένεσις
421 2443 487 2478 αὑτὴ
504 2442 565 2469 καθ’
578 2443 677 2478 ἑαυτὴν
696 2443 781 2475 πάθος
795 2444 845 2470 οὐκ

67 2488 133 2514 ἐςτιν
165 2489 217 2515 οὐδ’
239 2489 273 2515 ἂν
289 2489 321 2524 τῇ
345 2489 403 2523 ζωῇ
420 2497 461 2520 τις
482 2489 567 2520 πάθος
590 2489 843 2524 προσαγορεύσειεν.

72 2534 147 2560 Ἀλλὰ
162 2535 191 2560 τὸ
200 2534 261 2561 καθ’
273 2534 370 2569 ἡδονὴν
384 2534 468 2566 πάθος
479 2536 529 2569 τῆς
541 2534 713 2572 ἀνθρωπίνης
726 2535 851 2569 καθηγεῖ-

65 2586 105 2604 ται
122 2579 261 2612 γενέπεως,
278 2579 326 2606 καὶ
348 2581 364 2615 ὴ
384 2580 450 2615 πρὸς
465 2580 561 2606 κακίαν
577 2580 648 2616 ὁρμὴ
665 2580 718 2607 τῶν
731 2580 848 2613 ζώντων,

66 2623 141 2651 τοῦτο
147 2625 194 2660 τῆς
205 2625 314 2660 φύσεώς
326 2626 401 2652 ἐστιν
412 2625 590 2661 ἀρρώστημα.
600 2626 680 2653 Ἀλλὰ
698 2626 750 2662 μὴν
762 2627 850 2661 ἀμφο-

67 2670 148 2704 τέρων
162 2673 249 2699 αὐτῶν
264 2671 426 2707 καθαρεύειν
445 2672 511 2707 φησὶ
532 2672 562 2698 τὸ
579 2673 735 2708 μυστήριον.
759 2672 790 2698 Εἰ
804 2671 850 2699 οὖν

69 2715 156 2750 ήὼνῆς
171 2718 216 2752 μὲν
233 2718 250 2752 ἡ
274 2717 382 2752 γένεσις
398 2717 583 2752 ἠλλοτρίωται,
599 2717 697 2749 κακίας
708 2717 736 2745 δὲ
752 2718 767 2752 ἡ
780 2717 846 2752 ζωὴ,

70 2762 139 2786 ﬁlim
151 2763 323 2790 ὑπολείπεται
341 2759 475 2794 πάθος,οἶι
490 2763 534 2790 τὸν
543 2763 607 2791 Θεὸν
621 2763 846 2797 κεκοινωνηκέναι

70 2807 130 2840 φησι
147 2808 174 2834 τὸ
183 2809 231 2845 τῆς
251 2808 392 2840 εὑσεῆείας
409 2809 573 2845 μ·δστὴριον;

899 1676 1050 1708 gmentum,
1064 1680 1124 1707 qua:
1132 1680 1180 1707 per
1194 1671 1329 1699 aﬂluentis
1342 1675 1369 1699 et
1384 1671 1520 1698 eﬂluentis
1535 1671 1685 1697 nutrimen-

899 1723 956 1746 tum
983 1718 1100 1754 subjecti
1130 1718 1158 1745 ﬁt
1181 1718 1356 1753 permansio,
1388 1717 1586 1745 elementorum
1613 1715 1685 1742 circa

899 1771 998 1798 corpus
1015 1764 1172 1796 cancursio,
1192 1763 1338 1798 compositi
1369 1770 1465 1790 rursus
1485 1761 1641 1792 dissolutio,
1658 1766 1685 1788 et

899 1809 932 1836 ad
948 1817 979 1837 ea
996 1817 1057 1845 quae
1076 1814 1141 1838 sunt
1162 1813 1277 1845 cognata
1293 1809 1436 1836 transitus.
1454 1807 1604 1840 Quamnam
1620 1814 1685 1842 ergo

899 1854 1072 1883 aﬂ‘ectionem
1097 1856 1164 1883 dicit
1190 1855 1351 1891 mysterium
1368 1859 1494 1883 nostrum
1518 1854 1600 1882 Deum
1625 1854 1686 1881 teti-

898 1901 996 1937 gisse?
1020 1909 1115 1929 eamne
1132 1909 1193 1936 quae
1215 1902 1324 1936 preprie
1352 1901 1454 1929 dicitur
1481 1900 1600 1931 alTectio,
1625 1908 1686 1934 quae

898 1947 1007 1983 quidem
1022 1951 1064 1975 est
1083 1947 1190 1980 vitium,
1220 1955 1254 1975 an
1277 1952 1380 1974 motum
1406 1946 1452 1981 qui
1470 1951 1512 1974 est
1534 1945 1685 1973 secundum

899 1998 1023 2020 naturam
1039 1992 1132 2020 ?Nam
1148 1993 1171 2020 si
1200 1993 1227 2020 in
1245 1993 1279 2020 iis
1297 1992 1406 2027 quidem
1420 1999 1481 2027 qute
1510 1996 1572 2019 sunt
1592 1991 1685 2027 prohi-

899 2039 954 2066 bita
974 2038 1057 2066 Deum
1067 2038 1153 2066 fuisse
1168 2038 1314 2066 allirmaret
1331 2043 1426 2066 nostra
1443 2038 1542 2071 oratio,
1558 2038 1685 2073 fugienda

899 2089 971 2113 esset
989 2085 1145 2112 ahsurditas
1161 2085 1312 2120 dogmatis,
1330 2089 1359 2112 ut
1372 2085 1444 2120 quod
1462 2085 1530 2112 nihil
1556 2085 1624 2111 recti
1643 2084 1685 2110 di-

899 2134 973 2157 ceret
988 2129 1022 2157 de
1038 2130 1130 2157 divina
1145 2134 1253 2157 natura.
1276 2129 1323 2158 Sin
1342 2135 1432 2158 autem
1451 2130 1517 2157 dicit
1543 2137 1606 2157 eum
1632 2136 1683 2156 no-

898 2181 983 2204 stram
1013 2176 1137 2210 attigisse
1157 2179 1294 2208 naturam,
1323 2176 1403 2211 cujus
1420 2176 1526 2211 primus
1556 2178 1634 2202 ortus
1658 2178 1684 2202 et

899 2222 1052 2249 substantia
1066 2222 1100 2249 ab
1112 2230 1145 2250 eo
1159 2222 1255 2249 habuit
1270 2223 1446 2257 principium,
1469 2222 1580 2249 ubinam
1607 2221 1685 2248 aber-

899 2271 943 2295 rat
959 2268 1117 2302 prazdicatio
1134 2269 1168 2295 ab
1184 2276 1216 2295 ea
1236 2276 1296 2303 qua:
1311 2268 1395 2295 Deum
1410 2268 1488 2295 decet
1502 2267 1602 2295 mentis
1617 2275 1684 2294 con-

901 2314 1037 2348 ceptione,
1052 2321 1114 2341 cum
1135 2314 1209 2341 nulla
1241 2313 1362 2348 patibilis
1378 2313 1498 2346 allectio,
1531 2313 1558 2339 in
1575 2312 1609 2340 iis
1624 2320 1685 2345 quae

900 2359 934 2386 de
953 2358 1009 2386 Deo
1033 2363 1096 2386 sunt
1113 2359 1300 2394 opinionibus,
1317 2359 1395 2386 tidem
1423 2358 1614 2394 ingrediatur?
1632 2357 1684 2385 Ne-

899 2413 953 2440 que
970 2405 1043 2432 enim
1059 2405 1195 2433 medicum
1208 2405 1326 2432 dicimus
1339 2412 1402 2432 esse
1416 2404 1554 2436 atfectum,
1573 2403 1685 2439 quando

898 2459 962 2493 eum
975 2454 1052 2478 curat
1066 2451 1112 2486 qui
1130 2454 1171 2478 est
1181 2450 1303 2478 aﬂectus.
1322 2450 1375 2478 Sed
1391 2454 1418 2478 et
1433 2451 1457 2478 si
1473 2450 1592 2486 attigerit
1606 2450 1684 2485 aegri-

900 2496 1033 2528 tudinem,
1063 2497 1086 2524 is
1112 2497 1159 2531 qui
1190 2496 1324 2530 medetur,
1339 2500 1430 2524 manet
1445 2500 1565 2524 remotus
1586 2496 1620 2522 ab
1641 2495 1684 2522 af-

902 2543 1029 2570 fectione.
1046 2543 1074 2570 Si
1089 2547 1179 2571 autem
1195 2543 1253 2578 ipse
1273 2547 1350 2570 ortus
1365 2550 1414 2577 per
1439 2551 1468 2570 se
1483 2550 1538 2570 non
1554 2546 1597 2570 est
1619 2541 1684 2568 οσο-

898 2589 964 2621 ctio,
980 2596 1069 2623 neque
1084 2588 1139 2616 vita
1168 2589 1329 2624 appellanda
1349 2592 1391 2616 est
1407 2588 1526 2617 affectio.
1555 2587 1608 2615 Sed
1624 2594 1686 2621 quae

899 2642 930 2662 ex
959 2634 1098 2669 voluptate
1126 2634 1236 2669 quidem
1256 2635 1365 2662 exsistit
1393 2634 1512 2665 aﬂ‘ectio.
1533 2633 1681 2660 humanam

899 2681 1028 2714 praecedit
1044 2681 1258 2716 generationem,
1279 2684 1307 2708 et
1323 2680 1370 2715 qui
1403 2680 1436 2707 ad
1468 2680 1565 2706 vitium
1597 2678 1684 2706 fertur

902 2726 1050 2753 viventium
1065 2727 1193 2761 impetus,
1211 2733 1242 2754 ea
1255 2731 1297 2754 est
1313 2730 1417 2753 naturae
1439 2724 1581 2760 aegritudo.
1599 2723 1682 2758 Atqui

902 2780 963 2800 eum
982 2773 1015 2800 ab
1034 2776 1150 2807 utroque
1162 2780 1223 2799 esse
1238 2772 1369 2799 mundum
1384 2770 1450 2798 dicit
1465 2770 1634 2805 mysterium.
1653 2769 1681 2796 Si

902 2826 966 2853 ergo
980 2826 994 2845 a
1009 2818 1148 2852 voluptate
1164 2817 1274 2852 quidem
1290 2817 1378 2843 aliena
1395 2821 1436 2844 est
1450 2816 1589 2851 generatio
1606 2825 1613 2848 ;
1627 2815 1682 2842 vita

902 2868 992 2891 autem
1005 2872 1020 2890 a
1034 2864 1100 2891 vitio
1112 2873 1119 2890 ι
1133 2870 1258 2899 quamam
1272 2866 1359 2890 restat
1373 2861 1492 2895 aﬂectio,
1507 2861 1586 2897 cujus
1599 2861 1682 2889 Deum

903 2910 988 2938 fuisse
1006 2910 1165 2945 participem
1180 2909 1247 2937 dicit
1262 2908 1384 2936 divinum
1399 2905 1575 2945 mysterium?
