1954 3081
113 129 145 158 53
721 135 850 164 ORATIO
865 132 1116 165 CATECIIETICA.
1692 139 1727 168 ιιι

403 193 527 220 ΚΕΦΑΔ.
557 195 605 222 IZ’.

149 236 215 263 Ἀλλ’
225 236 306 264 οὔπω
325 238 403 274 φήσει
427 247 468 271 τις
495 239 620 267 λελύσθαι
637 239 687 276 τὴν
702 242 892 279 ὑπενεχθεῐσαν

111 283 170 318 ἡμῖν
188 282 338 316 ἀντίθεσιν,
364 285 591 320 ισχυροποιεῖσϐαι
616 287 644 313 δὲ
669 288 767 323 μᾶλλον
788 290 820 315 ὲκ
840 290 894 316 τῶν

110 328 258 362 είρημένων
273 330 306 355 τὸ
334 330 408 365 παρὰ
422 330 476 357 τῶν
493 331 614 359 ἀπίστων
636 334 702 368 ἡμῖν
722 335 894 370 προφερόμε-

110 381 158 399 νον.
176 372 207 399 Et
229 373 286 409 γὰρ
303 375 419 410 τοσαύτη
437 375 550 411 δύναμίς
564 377 637 404 ἐστιν
657 380 685 405 ἐν
702 379 785 415 αὐτῷ,
801 381 866 414 ὅσην
879 381 893 407 ὁ

110 419 180 452 λόγος
194 419 350 452 ἀπέδειξεν,
366 421 404 452 ὡς
419 421 535 448 θανάτου
551 431 580 449 τε
594 423 752 460 καθαίρεσιν
763 426 809 452 καὶ
821 426 894 461 ζωῆς

109 464 204 490 είσοδον
227 464 272 489 ἐπ’
290 464 367 500 αὐτῷ
382 463 461 497 εἶναι,
486 466 513 492 τί
536 467 595 502 οὐχὶ
620 468 750 504 θελήματι
774 471 846 506 μόνῳ
862 471 893 498 τὸ

109 508 173 535 κατὰ
193 508 309 545 γνώμην
326 512 406 543 ποιεῖ¹
425 511 481 538 ἀλλ’
504 513 536 539 ὲκ
551 513 673 548 περιόδου
690 515 739 550 τὴν
756 517 892 552 σωτηρίαν

108 555 181 589 ἡμῶν
196 555 407 589 κατεργάζεται,
421 558 579 593 τικτόμενός
600 567 629 585 τε
650 561 696 586 καὶ
716 561 889 596 τρεφόμενος,

110 600 151 626 καὶ
173 601 204 634 τῇ
227 600 274 626 τοῦ
303 601 418 628 θανάτου
442 602 527 638 πείρᾳ.
552 603 647 636 σώζων
669 605 714 632 τὸν
736 605 889 641 ἄνθρωπον,

110 648 163 680 ἐξὸν
185 648 253 682 μήτε
270 648 301 674 ἐν
319 648 405 684 τούτῳ
428 650 562 683 γενέσθαι,
584 651 630 677 καὶ
645 652 719 687 ἡμᾶς
739 653 891 688 περισώσα-

111 694 183 726 σθαι;
203 693 276 728 Πρὸς
304 694 333 720 δὲ
360 694 406 721 τὸν
429 695 547 722 τοιοῦτον
571 696 648 731 λόγον
674 697 762 724 ἱκανὸν
791 699 840 734 μὲν
856 697 889 734 ἦν

110 739 170 774 πρὸς
183 739 245 769 τοὺς
262 739 440 775 εὐγνώμονας
454 741 578 769 τοσοῦτον
595 743 690 774 είπεῖν,
713 744 752 769 ὅτι
774 745 819 770 καὶ
835 746 889 777 τοῖς

110 785 203 820 ἰατροῖς
219 785 249 811 οὐ
266 786 442 820 νομοθετοῦσι
457 787 501 813 τὸν
516 788 614 822 τρόπον
632 788 682 823 τῆς
696 789 852 823 ἐπιμελείας
864 791 888 816 οι

108 830 250 864 ⁴ιιιςὶμνοντες
263 838 270 845 ·
287 831 350 857 οὐδὲ
366 832 428 866 περὶ
440 832 486 858 τοῦ
503 834 552 868 τῆς
565 832 709 866 θεραπείας
723 834 809 867 εἴδους
821 835 889 870 πρὸς

108 877 165 908 τοὺς
187 876 338 912 εὐεργέτας
363 877 575 914 ἀμφισϐητοῦσι,
607 879 650 906 διὰ
675 880 703 906 τί
732 881 889 916 προσήψατο

107 921 148 947 τοῦ
166 921 312 953 πονοῦντος
327 921 426 957 μέρους
441 923 455 948 ό
471 922 639 958 θεραπεύων,
651 925 697 951 καὶ
712 925 770 952 τόδε
784 935 810 952 τι
821 927 889 961 πρὸς

109 966 151 1000 τὴν
172 965 217 992 τοῦ
235 966 326 992 κακοῦ
344 966 419 993 λύσιν
439 968 589 1003 ἐνενόησεν,
606 968 699 1004 ἕτερον
721 971 778 997 δέον
791 979 797 986 ’
822 971 890 998 ἀλλὰ

109 1012 169 1046 πρὸς
186 1011 216 1037 τὸ
240 1011 332 1047 πέρας
354 1013 469 1047 ὁρῶντες
493 1014 542 1050 τῆς
566 1015 733 1050 εὐεργεσίας,
758 1017 787 1043 ἐν
809 1017 888 1052 εὐχα-

109 1057 192 1092 ριστίᾳ
207 1057 256 1092 τὴν
274 1058 400 1086 εὐποιίαν
418 1058 549 1092 ἐδέξαντο.
579 1060 648 1086 Ἀλλ’
670 1061 773 1097 ἐπειδὴ,
799 1063 889 1095 καθώς

109 1111 182 1137 φησιν
202 1102 219 1128 ό
236 1104 395 1138 προφήτης,
417 1104 448 1130 τὸ
462 1103 562 1138 πλῆθος
576 1106 624 1140 τῆς
640 1107 821 1142 χρηστότητος
841 1108 888 1134 τοῦ

108 1147 168 1174 Θεοῦ
182 1150 380 1185 κεκρυμμένην
397 1149 452 1184 ἔχει
466 1149 514 1185 τὴν
535 1150 677 1184 ὠφέλειαν,
697 1153 745 1178 καὶ
758 1152 832 1180 οὔπω
845 1154 888 1181 διὰ

108 1194 149 1220 τοῦ
164 1195 298 1230 παρόντος
321 1195 379 1230 βίου
397 1196 538 1231 τηλαυγῶς
555 1197 701 1232 καθορᾶται
727 1196 761 1234 (ἦ
787 1199 841 1235 γὰρ
855 1200 888 1227 ἂν

109 1239 250 1276 περιῄρητο
276 1241 354 1267 πᾶσα
383 1241 436 1268 τῶν
462 1241 583 1268 ἀπίστων
615 1243 788 1279 ἀντίρρησις,
809 1246 833 1271 εἰ
858 1246 889 1272 τὸ

109 1285 328 1321 προσδοκώμενον
353 1288 382 1313 ὲν
403 1287 549 1322 ὀφθαλμοῖς
566 1285 600 1324 ἦν
614 1297 620 1304 ·
647 1289 694 1315 νῦν
711 1289 739 1315 δὲ
759 1291 888 1326 ἀναμένει

107 1332 164 1362 τοὺς
183 1332 384 1367 ἐπερχομένους
403 1332 513 1365 αἰῶνας.
539 1333 608 1360 ὥστε
629 1336 658 1361 ἐν
679 1335 768 1367 αὐτοῖς
786 1336 888 1363 ἀποκα-

108 1377 232 1412 λυφθῆναι
247 1378 282 1404 τὰ
302 1378 349 1404 νῦν
364 1378 407 1404 διὰ
421 1378 471 1412 τῆς
485 1379 601 1411 πίστεως
628 1380 710 1416 μόνης
734 1381 868 1417 ὁρώμενα)
880 1391 886 1398 ·

107 1421 248 1454 ἀναγκαῖον
268 1422 304 1449 ἂν
327 1424 369 1458 εἴη
394 1423 533 1459 λογισμοῖς
548 1432 602 1450 τισι
621 1425 690 1452 κατὰ
702 1425 732 1452 τὸ
751 1427 889 1462 ἐγχωροῦν

108 1467 149 1492 καὶ
162 1467 213 1493 τῶν
229 1467 452 1503 ἐπιζητουμένων
469 1469 589 1505 ἐξευρεῖν
600 1470 650 1506 τὴν
663 1470 739 1498 λύσιν
752 1473 807 1504 τοῖς
820 1481 887 1507 προ-

107 1511 266 1546 λαμὸάνουσι
285 1512 495 1548 συμῦαίνουσαν.

394 1559 513 1587 ΚΕΦΑΛ.
536 1561 588 1588 lII’.

136 1603 228 1630 Καίτοι
250 1604 380 1639 περιττὸν
407 1605 471 1637 ἴσως
491 1606 548 1632 ἐστὶ
572 1606 637 1633 Θεὸν
661 1607 886 1644 ἐπιδεδημηκέναι.

106 1648 140 1683 τῷ
154 1648 201 1684 βίῳ
216 1649 416 1682 πιστεύσαντας
430 1651 581 1679 διαΰάλλειν
604 1653 653 1688 τὴν
670 1654 829 1690 παρουσίαν,
849 1654 886 1687 ὼς

106 1696 150 1720 οὐκ
167 1696 193 1721 ὲν
208 1696 294 1731 σοφίᾳ
316 1696 369 1722 τινὶ
394 1697 439 1724 καὶ
455 1697 525 1733 λόγῳ
541 1699 725 1735 γεγενημένην
739 1699 778 1735 τῷ
796 1701 886 1736 κρείτ-

107 1748 164 1767 τονι.
183 1741 244 1773 Τοῖς
270 1741 330 1777 γὰρ
352 1743 390 1777 μὴ
412 1742 471 1769 λίαν
495 1744 720 1780 ἀντιμαχομὲνοις
745 1745 812 1781 πρὸς
838 1746 885 1782 τὴν

107 1785 234 1821 ἀλήθειαν,
250 1787 285 1813 οὺ
304 1787 390 1822 μικρὰ
404 1790 452 1824 τῆς
465 1788 539 1821 θείας
550 1790 694 1825 ἐπιδημίας
707 1791 851 1824 ἀπόδειξις,
869 1794 885 1828 ή

108 1829 149 1856 καὶ
175 1831 226 1866 πρὸ
247 1832 301 1866 τῆς
328 1832 476 1868 μελλούσης
495 1834 567 1869 ζωῆς
588 1835 616 1861 ἐν
640 1835 679 1871 τῷ
698 1837 810 1871 παρόντι
836 1837 886 1872 βίῳ

79 1907 82 1910 ,
107 1876 301 1911 φανερωθεῖσα,
323 1878 340 1913 ἡ
364 1878 407 1904 διὰ
424 1878 477 1905 τῶν
502 1880 671 1915 πραγμάτων
682 1881 784 1914 αὐτῶν,
802 1883 885 1917 φημὶ,

109 1922 246 1958 μαρτυρία.
270 1923 320 1954 Τίς
334 1923 389 1959 γὰρ
403 1925 452 1951 οὐκ
468 1922 535 1951 οῐδεν
551 1926 624 1957 ὅπως
640 1927 802 1962 πεπλήρωτο
818 1928 887 1955 κατὰ

108 1968 155 1992 πᾶν
171 1968 249 2003 μέρος
274 1969 324 2003 τῆς
340 1970 499 2005 οίκουμένης
519 1972 535 2006 ἡ
559 1971 614 1998 τῶν
629 1973 763 2008 δαιμόνων
782 1974 884 2009 ἀπάτη,

106 2013 144 2039 διὰ
159 2015 206 2048 τῆς
217 2014 412 2049 είδωλομανίας
424 2015 472 2051 τῆς
485 2015 557 2051 ζωῆς
569 2017 623 2043 τῶν
640 2017 790 2053 ἀνθρώπων
803 2028 887 2046 κατα-

107 2059 275 2093 κρατήσασας
299 2060 393 2092 Ὅπως
406 2060 483 2087 τοῦτο
508 2062 621 2097 νόμιμον
646 2064 713 2089 πᾶσι
734 2065 790 2096 τοῖς
815 2065 886 2091 κατὰ

105 2102 145 2129 τὸν
168 2104 270 2138 κόσμον
287 2103 390 2131 ἔθνεσιν
403 2103 446 2141 ἦν,
466 2105 497 2132 τὸ
510 2106 668 2143 θεραπεύειν
684 2108 728 2136 διὰ
740 2108 793 2135 τῶν
808 2109 886 2135 εἰδώ-

105 2148 152 2174 λων
167 2150 228 2181 τοὺς
244 2149 378 2184 δαίμονας
391 2152 419 2177 ὲν
436 2153 495 2183 ταῖς
509 2152 678 2186 ζωοθυσιαις,
695 2154 742 2180 καὶ
756 2155 812 2185 τοῖς
824 2155 885 2181 ἐπι-

1224 194 1339 224 CAPUT
1362 194 1444 223 XVII.

982 241 1034 269 Sed
1050 242 1122 269 dicet
1143 242 1277 276 quispiam
1294 242 1414 270 nondum
1431 241 1515 269 luisse
1530 243 1645 270 solutam
1666 251 1726 280 qum

945 288 1024 315 nobis
1038 287 1108 315 facta
1123 292 1165 315 est
1177 287 1357 322 objectionem
1367 310 1374 321 ,
1393 288 1440 316 sed
1454 289 1544 323 potius
1559 288 1645 316 fuisse
1660 297 1725 316 con-

945 332 1080 360 ﬁrmatum
1095 340 1128 360 ex
1147 332 1180 359 iis
1196 339 1256 367 quae
1272 332 1344 360 dicta
1362 337 1424 361 sunt
1438 333 1463 360 id
1476 333 1547 369 quod
1563 334 1642 361 nobis
1656 334 1726 369 obji-

944 377 1068 404 cicbatur
1081 377 1115 404 ab
1133 377 1290 404 incredulis.
1306 376 1372 403 Nam
1390 377 1412 405 si
1429 381 1504 405 tanta
1519 383 1561 406 est
1577 379 1604 405 in
1620 386 1653 406 eo
1668 379 1730 406 vir—

946 426 990 450 tus
1002 426 1131 457 quantam
1144 427 1237 449 nostra
1250 422 1421 450 ostendimus
1436 424 1569 456 oratione,
1583 424 1652 451 utin
1666 424 1725 458 ejus

944 467 1024 495 fuerit
1043 471 1177 502 potestate
1197 472 1223 495 et
1241 472 1355 495 mortem
1379 468 1520 496 destruere
1535 474 1563 496 et
1582 469 1664 497 vitam
1683 471 1724 497 in-

943 513 1035 547 gredi,
1051 521 1100 541 cur
1112 520 1166 540 non
1182 513 1239 540 sola
1264 513 1329 540 facit
1348 513 1484 541 voluntate
1505 514 1530 541 id
1547 514 1618 549 quod
1634 515 1723 546 lubet,

942 558 991 585 sed
1019 558 1099 593 longa
1124 558 1284 586 circuitione
1308 562 1429 586 nostram
1447 559 1560 586 salutem
1581 559 1676 592 edicit,
1695 566 1724 587 ut

941 605 986 640 qui
999 609 1128 632 nascatur
1137 609 1165 633 et
1179 605 1276 637 alatur,
1288 608 1314 631 et
1327 604 1451 639 pericqu
1460 605 1554 631 mortis
1567 603 1638 632 facto
1649 606 1722 633 salu-

942 655 995 677 tem
1008 651 1053 678 det
1071 651 1173 678 homini
1184 671 1191 683 ,
1209 658 1270 678 cum
1285 650 1309 677 ei
1324 650 1417 677 liceret
1432 655 1458 677 et
1473 650 1529 677 haec
1544 657 1598 676 non
1612 651 1702 678 subire
1712 671 1720 682 ,

940 700 966 723 et
979 703 1029 723 nos
1042 696 1223 724 conservare?
1238 696 1277 722 Ad
1293 695 1350 722 haec
1364 698 1452 722 autem
1469 695 1535 722 satis
1547 701 1619 723 esset
1631 695 1723 723 dicere

940 743 1009 776 apud
1025 750 1077 769 non
1092 743 1247 777 pervicaces
1257 763 1263 773 .
1276 741 1347 776 quod
1363 741 1408 776 qui
1422 745 1569 775 aegrotant,
1589 749 1642 768 non
1657 749 1725 776 pra:—

939 787 1063 814 scribunt
1086 788 1170 823 legem
1198 786 1327 818 medicis,
1353 786 1489 820 quomodo
1511 787 1566 813 sint
1587 787 1723 820 curandi;

939 840 1028 867 neque
1049 834 1120 868 apud
1136 832 1322 860 benefactores
1338 832 1491 866 disceptant
1506 832 1538 859 de
1552 839 1650 867 genere
1663 839 1721 873 uie-

905 864 926 894 Β
940 864 1038 910 dendi,
1063 864 1159 913 nempe
1182 886 1231 905 cur
1249 864 1424 905 laborantem
1438 881 1541 912 partem
1554 864 1652 913 vtetigit
1677 868 1723 912 qui

938 923 1099 956 medicatur,
1124 927 1151 951 et
1164 924 1214 951 hoc
1228 923 1271 951 vel
1285 924 1352 951 illud
1374 923 1538 958 excogitavit
1559 923 1593 950 ad
1621 923 1722 950 malum

939 969 1167 1004 propulsandum,
1187 977 1248 997 cum
1265 974 1401 1004 oporteret
1417 969 1508 1002 aliud;
1525 969 1571 996 sed
1588 969 1620 995 ad
1639 968 1719 996 ﬁnem

939 1013 1101 1047 aspicientes
1116 1013 1255 1046 beneﬁcii,
1274 1014 1300 1040 id
1314 1018 1389 1049 grato
1403 1015 1494 1040 animo
1508 1013 1654 1048 accipiunt.
1669 1012 1721 1040 Sed

938 1058 1080 1093 quoniam,
1105 1063 1134 1085 ut
1149 1060 1186 1085 ait
1203 1059 1344 1094 propheta,
1371 1058 1516 1086 multitudo
1532 1058 1660 1085 bonitatis
1675 1058 1721 1085 Dei

939 1104 1072 1130 occultam
1087 1104 1167 1131 habet
1187 1105 1327 1132 utilitatem
1340 1125 1348 1138 ,
1371 1112 1458 1140 neque
1475 1104 1546 1131 clare
1558 1105 1678 1131 cernitur
1693 1103 1720 1130 in

937 1148 989 1175 hac
1011 1148 1066 1175 vita
1092 1149 1204 1182 (revera
1222 1149 1293 1176 enim
1319 1149 1520 1176 incredulorum
1546 1148 1633 1175 ablata
1649 1153 1721 1176 esset

939 1193 1028 1221 omnis
1042 1194 1223 1221 contradictio
1233 1214 1240 1226 ,
1255 1195 1278 1222 si
1295 1194 1321 1221 id
1338 1194 1409 1229 quod
1424 1197 1608 1228 exspectatur,
1625 1201 1718 1221 cerne-

938 1242 1013 1266 retur
1025 1239 1141 1274 oculis);
1156 1247 1229 1266 nunc
1244 1243 1332 1266 autem
1349 1239 1439 1267 futura
1452 1242 1590 1274 exspectat
1605 1234 1702 1266 saecula
1714 1258 1722 1270 ,

938 1288 968 1311 ut
985 1284 1012 1310 in
1025 1284 1064 1312 eis
1084 1285 1239 1312 reveIentur
1253 1292 1313 1319 qua).
1335 1293 1410 1312 nunc
1424 1284 1550 1312 videntur
1569 1293 1617 1320 per
1635 1284 1721 1312 solam

937 1329 1017 1357 ﬁdem
1042 1340 1048 1357 :
1074 1338 1186 1358 necesse
1210 1331 1263 1358 erit
1283 1330 1418 1366 aliquibus
1438 1330 1606 1362 rationibus,
1631 1330 1721 1365 quoad

937 1375 996 1402 ﬁeri
1015 1376 1124 1410 poterit,
1141 1383 1234 1403 eorum
1254 1383 1314 1411 quae
1330 1379 1486 1410 quaeruntur
1502 1375 1624 1403 invenire
1645 1375 1719 1403 solu-

938 1421 1050 1454 tionem,
1061 1429 1121 1457 quae
1131 1421 1234 1449 accedit
1250 1421 1474 1457 praecedentibus.

1213 1557 1327 1585 CAPUT
1348 1557 1441 1585 XVIII.

973 1603 1134 1639 Quanquam
1153 1609 1195 1632 est
1215 1605 1333 1632 fortasse
1351 1611 1583 1640 supervacaneum
1596 1624 1605 1637 ,
1622 1608 1651 1631 ut
1672 1605 1718 1639 qui

937 1649 1022 1678 Deum
1039 1650 1071 1677 ad
1089 1650 1169 1677 vitam
1182 1651 1290 1678 venisse
1305 1650 1485 1682 crediderint,
1501 1650 1646 1678 adventum
1660 1649 1720 1685 ejus

937 1700 1067 1723 accusent
1081 1716 1088 1727 ,
1104 1699 1134 1723 ut
1147 1696 1193 1731 qui
1208 1704 1262 1723 non
1279 1696 1369 1731 aliqua
1384 1696 1518 1723 exstiterit
1531 1695 1660 1730 sapientia
1671 1717 1679 1728 ,
1693 1699 1720 1723 et

937 1742 1077 1776 praestanti
1095 1742 1187 1777 aliqua
1205 1742 1319 1769 ratione.
1342 1741 1378 1769 Iis
1393 1741 1466 1769 enim
1489 1742 1535 1776 qui
1560 1749 1614 1768 non
1638 1740 1721 1768 nimis

937 1788 1074 1816 obstinate
1093 1791 1245 1824 repugnant
1263 1788 1388 1821 veritati,
1412 1787 1496 1815 divini
1514 1787 1647 1815 adventus
1663 1794 1718 1814 non

937 1841 1051 1869 parvum
1076 1834 1158 1861 fuerit
1180 1837 1387 1868 argumentum,
1415 1833 1441 1860 id
1464 1833 1536 1868 quod
1557 1833 1639 1860 etiam
1656 1837 1719 1860 ante

938 1879 1058 1906 futuram
1074 1879 1157 1906 vitam
1175 1879 1201 1905 in
1219 1879 1345 1914 praesenti
1357 1879 1411 1906 vita
1428 1878 1478 1905 fuit
1494 1878 1695 1906 manifestatum
1709 1887 1716 1905 :

940 1924 1031 1959 quod,
1058 1924 1187 1959 inquam,
1210 1931 1243 1951 ex
1268 1924 1350 1952 rebus
1374 1924 1440 1958 ipsis
1458 1924 1576 1951 sumitur
1597 1924 1720 1951 testimo—

939 1970 1024 1996 nium.
1037 1969 1104 2002 Quis
1120 1969 1192 1996 enim
1210 1969 1308 2003 nescit,
1324 1968 1550 2004 quemadmodum
1573 1969 1718 1997 universus

937 2015 1011 2042 orbis
1028 2018 1106 2042 terrae
1121 2014 1239 2049 repletus
1263 2018 1336 2042 esset
1357 2013 1451 2041 fraude
1465 2013 1620 2041 daemonum
1633 2033 1640 2045 ,
1657 2021 1718 2048 quia

936 2067 984 2095 per
1000 2061 1127 2087 insanum
1144 2059 1246 2086 cultum
1262 2060 1470 2087 simulacrorum
1487 2060 1514 2086 in
1530 2060 1612 2087 vitam
1629 2060 1716 2087 homi-

936 2113 1001 2132 num
1017 2104 1155 2132 obtinebat
1175 2104 1342 2131 dominatum
1357 2114 1364 2131 :
1380 2105 1606 2140 quemadmodum
1628 2106 1717 2133 omni-

937 2152 988 2179 bus
1005 2158 1066 2186 quae
1080 2150 1108 2177 in
1122 2149 1223 2177 mundo
1236 2154 1314 2178 erant
1331 2150 1457 2185 gentibus
1475 2150 1533 2185 lege
1545 2155 1603 2178 erat
1617 2152 1719 2179 consti-

105 2194 209 2228 ϐωμίοις
224 2195 398 2230 μιάσμασιν;
415 2194 510 2230 Ἀφ“οὗ
526 2196 563 2229 δὲ,
576 2197 666 2230 καθώς
681 2207 762 2234 φησιν
773 2201 788 2226 ὁ
807 2200 885 2226 Ἀπό-

939 2200 1025 2224 tutum
1043 2196 1199 2222 animalium
1217 2195 1359 2223 sacriﬁciis
1371 2215 1377 2227 ,
1403 2199 1430 2223 et
1445 2203 1507 2230 qua
1525 2204 1606 2231 super
1623 2197 1720 2224 aitaria

106 2240 198 2273 στολος,
224 2240 376 2275 Ἐπεφάνη
397 2242 416 2275 ἡ
439 2242 525 2276 χάρις
543 2243 596 2270 τοῦ
612 2243 685 2270 Θεοῦ
702 2245 721 2278 ἡ
740 2244 885 2279 σωτήριος

104 2284 190 2312 πᾶσιν
201 2285 380 2319 ἀνθρώποις,
393 2286 437 2313 διὰ
447 2288 496 2320 τῆς
510 2288 682 2324 ἀνθρωπίνης
693 2290 885 2326 ὲπιδημήσασα

105 2328 213 2362 φύσεως,
232 2329 325 2356 πάντα
348 2331 452 2357 καπνοῦ
467 2331 543 2366 δίκην
564 2333 604 2364 εἰς
618 2333 649 2359 τὸ
664 2333 701 2368 μὴ
719 2334 749 2361 ὃν
767 2334 885 2370 μετεχώ-

105 2375 286 2408 paen-63615
313 2375 468 2402 παύσασθαι
495 2377 543 2411 μὲν
560 2377 608 2408 τὰς
631 2377 684 2404 τῶν
711 2380 884 2415 χρηστηρίων

103 2426 129 2444 τε
142 2420 186 2446 καὶ
202 2421 338 2455 μαντειῶν
364 2421 477 2456 μανίας,
503 2422 678 2458 ἀναιρεθῆναι
699 2423 727 2450 δὲ
749 2425 798 2456 τὰς
824 2426 886 2461 ἐτη-

103 2464 170 2497 σίους
186 2465 300 2501 πομπὰς
310 2486 318 2498 ,
333 2467 380 2492 καὶ
395 2466 429 2493 τὰ
444 2467 476 2493 δι’
492 2467 616 2502 αἱμάτων
635 2469 664 2495 ὲν
686 2469 743 2500 ταῖς
766 2470 883 2506 ἑκατόμ-

103 2507 157 2539 ὕςιις
175 2509 337 2544 μολὺσματα
347 2518 355 2525 ·
377 2511 405 2537 ἐν
421 2510 449 2537 δὲ
462 2512 518 2543 τοῖς
531 2512 636 2544 πολλοῖς
651 2512 705 2539 τῶν
718 2513 801 2540 ὲθνῶν
814 2515 883 2548 ἀφα-

106 2553 217 2589 νισθῆναι
234 2555 350 2582 καθόλου
372 2555 478 2591 βωμούς
491 2565 520 2583 τε
534 2557 580 2584 καὶ
595 2557 760 2592 προπύλαια,
776 2559 822 2586 καὶ
838 2568 882 2586 τε·

105 2598 174 2634 μένη,
189 2600 237 2628 καὶ
259 2601 448 2636 ἀφιδρύματα,
465 2602 511 2629 καὶ
528 2603 576 2630 ὅσα
597 2603 664 2629 ἄλλα
679 2605 734 2635 τοῖς
749 2604 881 2640 θεραπευ-

103 2647 156 2677 ταῖς
167 2647 219 2673 τῶν
232 2647 369 2683 δαιμόνων
382 2649 427 2675 ἐπὶ
440 2649 547 2685 ἀπάτης
562 2650 637 2684 σφῶν
653 2651 741 2677 αὐτῶν
761 2651 808 2678 καὶ
826 2652 880 2679 τῶν

104 2689 312 2726 ἐντυγχανόντων
343 2693 547 2728 ὲπιτετήδευτο-
575 2693 612 2725 ὡς
638 2695 667 2721 ὲν
693 2695 800 2728 πολλοῖς
825 2696 879 2722 τῶν

104 2735 183 2762 τόπων
204 2737 271 2772 μηδὲ
296 2738 322 2764 εί
344 2738 439 2772 γέγονε
460 2739 546 2766 ταῦτά
571 2748 635 2767 ποτε
654 2742 878 2776 μνημονεύεσθαι,

133 2826 143 2842 ¹
158 2826 207 2855 Tit.
226 2837 257 2861 ιι,
275 2829 320 2857 Η.

935 2243 1034 2270 ﬁebant
1050 2241 1316 2273 abominationibus,
1342 2240 1478 2269 daemones
1502 2241 1591 2268 colere
1615 2249 1663 2276 per
1683 2243 1720 2270 si-

933 2287 1078 2315 mulacra?
1094 2286 1132 2314 Ex
1148 2293 1202 2321 quo
1216 2290 1323 2318 autem,
1339 2289 1370 2312 ut
1382 2285 1449 2313 dicit
1465 2286 1611 2320 Apostolus
1625 2286 1645 2319 ‘,
1664 2287 1718 2320 Ap-

932 2333 1022 2367 paruit
1053 2332 1141 2366 gratia
1176 2330 1222 2358 Dei
1248 2331 1375 2358 salutaris
1405 2331 1524 2358 omnibus
1549 2331 1719 2358 hominibus.

932 2386 993 2414 quae
1016 2385 1063 2413 per
1078 2378 1222 2404 humanam
1239 2377 1346 2404 advenit
1363 2380 1502 2410 naturam,
1522 2377 1613 2404 omnia
1629 2378 1714 2405 instar

934 2425 1000 2452 fumi
1017 2425 1050 2451 ad
1073 2423 1188 2450 nihilum
1209 2423 1318 2450 redacta
1339 2426 1420 2455 sunt;
1446 2423 1513 2450 adeo
1534 2428 1562 2450 ut
1585 2425 1721 2451 cessarint

933 2469 1042 2504 quidem
1056 2467 1228 2495 oraculorum
1236 2471 1263 2494 et
1270 2467 1468 2494 divinationum
1480 2467 1603 2499 insaniae,
1622 2469 1718 2495 ablatas

932 2515 989 2542 sint
1015 2517 1103 2540 autem
1130 2519 1234 2547 pompae
1259 2512 1464 2544 anniversaria,
1487 2515 1514 2539 et
1544 2519 1604 2547 quae
1627 2513 1654 2539 in
1672 2513 1718 2540 he-

931 2558 1065 2587 catombis
1079 2557 1211 2592 sanguine
1224 2556 1323 2584 ﬁebant
1340 2557 1562 2591 inquinamenta,
1586 2557 1612 2583 in
1626 2557 1719 2584 multis

934 2608 1023 2631 autem
1037 2603 1164 2638 gentibus
1176 2602 1286 2629 omnino
1299 2601 1387 2629 deleta
1399 2602 1454 2630 sint
1466 2602 1559 2629 altaria
1570 2621 1577 2633 ,
1591 2606 1618 2628 et
1636 2602 1719 2628 vesti-

934 2650 1011 2681 buIa,
1027 2654 1055 2676 et
1068 2649 1166 2683 templa
1176 2668 1183 2679 ,
1201 2652 1228 2675 et
1249 2647 1360 2675 delubra
1374 2657 1382 2681 ;
1404 2653 1431 2675 et
1455 2654 1623 2682 quaecunque
1637 2647 1688 2674 alia
1703 2655 1717 2674 a

934 2695 1083 2724 cultoribus
1097 2693 1249 2721 daemonum
1264 2693 1297 2720 ad
1313 2693 1354 2720 sui
1371 2693 1505 2723 fraudem.
1525 2697 1553 2719 et
1564 2699 1657 2720 eorum
1671 2693 1718 2726 qui

934 2742 961 2769 in
983 2741 1041 2776 ipsa
1064 2739 1238 2771 incidebant,
1261 2743 1351 2766 erecta
1374 2742 1401 2766 ct
1420 2737 1568 2765 constituta
1591 2736 1718 2764 fuerant:
