1926 3080
232 103 266 132 55
867 103 894 130 ε.
916 103 1078 133 cancenu
1098 107 1244 137 Missam
1821 114 1855 144 ὅθ

233 157 301 184 adeo
315 159 344 183 ut
361 156 387 184 in
403 158 495 186 multis
509 158 577 186 locis
592 167 626 186 ne
640 166 674 186 an
690 159 748 188 lucc
766 161 877 196 quidem
894 171 1014 199 unquam

1071 168 1265 205 ἀντεγερθῆναι
1280 171 1308 197 δέ
1324 171 1393 198 κατὰ
1410 173 1498 199 πᾶσαν
1510 172 1559 208 τὴν
1572 173 1732 208 οἰκουμένην
1753 173 1799 199 ἐπὶ
1818 173 1855 208 τῷ

234 202 350 235 fuerint,
364 205 553 237 meminerint;
566 212 659 232 eorum
673 211 764 233 autem
777 207 837 235 loco
852 209 878 236 in
891 210 1019 237 universo

232 247 298 275 urbe
311 252 446 276 terrarum
459 250 583 277 excitatae
596 251 651 278 sint
665 251 692 278 in
706 251 808 280 Christi
822 254 932 281 nomine
947 255 1018 283 aedes

233 301 334 327 sacrm,
353 295 450 329 templa
473 299 499 322 et
517 295 629 329 altaria,
652 297 773 331 illudque
791 299 976 327 venerandum
991 305 1018 327 et

234 339 404 366 incruentum
432 341 618 374 sacriﬁcium,
645 342 825 378 sublimisque
851 348 878 371 et
905 346 1017 373 excelsa

233 384 401 419 philosophia
412 405 419 418 ,
434 394 495 420 quae
510 386 590 414 factis
605 387 696 421 potius
708 396 788 423 quam
801 396 928 418 sermone
940 398 1017 418 exer-

231 433 323 461 cclur;
338 430 455 465 vitaeque
467 432 621 466 corporalis
634 431 785 467 despectio,
799 438 826 463 et
839 435 936 463 mortis
950 443 1018 462 con-

231 475 359 509 temptio,
377 483 458 510 quam
484 477 663 505 ostenderunt
680 479 727 513 qui
750 487 765 507 a
788 481 912 515 tyrannis
934 489 1015 516 coge-

231 519 330 547 bantur
354 527 370 547 a
395 521 447 548 ﬁde
463 521 598 556 deﬁcere,
627 524 768 551 cruciatus
792 525 919 559 corporis
946 524 1014 552 nihil

230 565 379 598 ducentes,
400 569 426 593 et
447 567 612 594 sententiam
633 569 750 603 capitis:
768 569 824 596 haec
841 571 947 597 scilicet
964 571 1015 598 mi-

231 609 303 637 nime
319 611 454 643 subituri,
472 612 525 639 nisi
540 616 664 647 apertum
682 617 708 640 et
726 615 837 642 minime
853 615 965 642 dubium
983 616 1016 643 de

231 654 277 681 Dei
301 655 419 683 adventu
444 657 605 685 habuissent
628 663 828 693 argumentum.
850 659 907 687 Hoc
925 661 1014 695 ipsum

230 706 318 728 autem
334 702 415 728 etiam
431 703 500 738 apud
514 702 623 731 Judaeos
640 704 700 731 licet
712 704 803 732 dicere
814 713 875 733 esse
887 706 993 741 signum
1005 727 1013 740 ,

229 746 302 780 quod
313 747 383 774 adsit
396 748 419 774 is
431 749 476 782 qui
490 749 523 776 ab
533 749 572 776 eis
588 756 642 776 non
654 750 786 777 creditur.
801 750 867 778 Nam
880 750 1013 787 usque'ad

229 791 332 819 Christi
350 793 460 827 quidem
479 793 525 821 Dei
541 794 705 827 adventum,
724 796 795 830 apud
812 803 859 823 eos
873 796 1012 833 Jerosoly-

229 837 282 864 mis
297 837 427 871 praeclara
443 843 500 866 erat
514 839 593 867 sedes
609 841 698 875 regia,
716 841 847 877 inclytum
863 843 930 870 illud
945 847 1013 871 tem-

229 883 302 916 plum
316 902 322 915 ,
336 883 394 918 lege
409 885 558 912 constituta
573 893 661 913 annua
675 887 828 920 sacriﬁcia,
844 892 871 916 et
887 897 1016 924 quaecun-

229 936 282 963 que
298 936 313 955 a
332 929 389 965 lege
413 937 461 964 per
485 931 646 966 aenigmata,
663 932 697 960 iis
718 933 763 967 qui
787 935 901 969 mystice
922 935 1015 964 audire

229 977 346 1008 possunt
358 994 365 1006 ,
380 980 444 1002 sunt
462 974 595 1003 distincta
618 984 650 1004 ac
672 978 784 1005 deﬁnita
807 979 840 1006 ad
859 980 911 1007 hoc
928 988 1014 1016 usque

230 1024 354 1054 tempus,
371 1028 405 1048 ex
421 1021 462 1048 eis
483 1022 636 1049 constituto
659 1023 713 1050 ritu
738 1024 879 1060 religionis
903 1026 1015 1054 minime

229 1070 307 1092 erant
321 1066 469 1100 prohibita.
487 1066 634 1102 Postquam
649 1072 738 1096 autem
753 1070 880 1098 viderunt
893 1078 954 1098 eum
967 1072 1014 1107 qui

229 1112 453 1145 exspectabatur,
471 1117 498 1139 et
514 1121 595 1148 quem
612 1121 628 1139 a
646 1114 704 1149 lege
726 1117 753 1141 et
775 1116 916 1150 prophetis
938 1117 1014 1151 prius

230 1156 398 1189 didicerant,
413 1163 441 1185 ct
456 1158 518 1185 ﬁdei
534 1159 561 1185 in
584 1167 646 1186 eum
669 1160 716 1195 qui
733 1165 896 1195 apparuerat
916 1168 1014 1197 praetu-

230 1202 316 1229 lerunt
335 1202 431 1230 falsam
451 1204 525 1232 illam
543 1205 785 1239 superstitionem:
802 1214 857 1242 qua
880 1208 950 1236 male
965 1217 1013 1236 ex-

230 1248 307 1281 pulsa
331 1249 530 1277 conservabant
552 1250 636 1279 verba
659 1251 743 1286 legis,
757 1253 950 1280 consuetudini
966 1261 1014 1288 po-

229 1293 284 1320 tius
299 1293 450 1321 servientes
463 1302 545 1329 quam
560 1295 749 1331 intelligentia
762 1306 769 1331 ;
785 1305 874 1332 neque
889 1306 949 1333 qua:
964 1306 1012 1334 ap-

228 1339 320 1372 paruit
333 1339 448 1373 gratiam
463 1344 628 1375 acceperunt
639 1349 716 1376 ;qu:e
727 1350 760 1370 ex
773 1350 866 1370 eorum
882 1345 1014 1382 religione

229 1385 360 1418 prmclara
374 1388 452 1412 erant
472 1389 498 1412 et
516 1387 670 1414 veneranda
681 1408 688 1420 ,
712 1389 807 1417 relicta
823 1395 888 1418 sunt
902 1393 930 1419 in
945 1393 1013 1420 solis

229 1429 363 1463 nudisque
380 1429 601 1461 narrationibus,
619 1438 680 1457 cum
701 1435 833 1468 templum
850 1443 884 1462 ne
897 1443 929 1462 ex
946 1436 1013 1470 ipsis

229 1475 339 1510 quidem
357 1479 519 1511 agnoscatur
535 1475 679 1513 vestigiis;
698 1480 787 1513 ampla
805 1483 895 1507 autem
910 1487 937 1508 et
953 1489 1013 1508 ma—

1070 214 1187 249 Χριστοῠ
1203 216 1323 251 ὀνόματι,
1336 218 1416 249 ναούς
1431 227 1460 245 τε
1479 219 1526 245 καὶ
1542 218 1730 254 θυσιαστήρια,
1747 219 1795 245 καὶ
1807 219 1854 254 τὴν

1072 261 1172 295 σεμνήν
1187 270 1216 287 τε
1230 262 1276 288 καὶ
1292 263 1457 297 ἀναίμακτον
1475 264 1633 299 ἱερωσύνην,
1653 265 1700 290 καὶ
1713 264 1763 299 τὴν
1788 264 1854 298 ὑψη-

1070 304 1117 340 λὴν
1132 306 1298 341 φιλοσοφίαν,
1311 308 1385 344 ἔργῳ
1399 309 1497 343 μᾶλλον
1509 310 1525 344 ἢ
1541 310 1612 345 λόγῳ
1624 310 1756 345 κατορθου
1761 310 1852 344 μένην.

1069 351 1114 377 καὶ
1133 352 1182 386 τῆς
1208 355 1365 390 σωματικῆς
1391 354 1463 389 ζωῆς
1485 354 1533 390 τὴν
1557 355 1715 390 ὑπεροψίαν,
1743 355 1789 381 καὶ
1808 354 1852 380 τοῦ

1069 395 1181 423 Θανάτου
1207 398 1255 434 τὴν
1278 399 1488 434 καταφρόνησιν,
1515 400 1547 434 ἣν
1569 400 1594 425 ot
1622 399 1790 434 μεταστῆναι
1806 399 1853 434 τῆς

1067 441 1184 474 πίστεως
1199 444 1273 478 παρὰ
1286 444 1339 470 τῶν
1351 445 1488 480 τυράννων
1500 446 1715 480 ἀναγκαζόμενοι
1730 445 1853 480 φανερῶς

1067 487 1246 521 ἐπεδείξαντο,
1261 489 1317 516 ἀντ’
1333 490 1438 521 οὐδενὸς
1452 490 1591 525 δεξάμενοι
1604 491 1654 522 τὰς
1665 490 1711 517 τοῦ
1729 490 1852 526 σώματος

1066 532 1166 564 αέκίας,
1189 533 1235 560 καὶ
1251 534 1299 569 τὴν
1314 535 1360 561 ἐπὶ
1375 535 1482 570 Θανάτῳ
1495 536 1597 570 ψῆφον·
1616 537 1665 562 οὐκ
1676 535 1709 562 ἂν
1722 535 1852 562 ὑποστάθ-

1065 587 1110 609 τες
1123 579 1222 614 δηλαδὴ
1238 579 1333 612 ταῦτα,
1349 581 1385 616 μὴ
1402 581 1472 616 σαφῆ
1489 590 1518 607 τε
1534 582 1580 608 καὶ
1601 582 1786 617 ἀναμφίϐολον
1804 582 1850 616 τῆς

1066 623 1140 655 θείας
1155 625 1301 660 ἐπιδημίας
1326 625 1433 661 ἔχοντες
1447 627 1495 662 τὴν
1517 626 1662 659 ἀπόδειξιν.
1687 627 1724 654 Τὸ
1745 627 1774 654 δὲ
1787 627 1852 653 αὐτὸ

1065 669 1142 696 τοῦτο
1168 671 1214 697 xui.
1233 671 1300 706 πρὸς
1321 673 1383 704 τοὺς
1405 672 1545 704 Ἰουδαίους
1567 673 1657 699 ἰκανὸν
1677 674 1791 707 σημεῖον
1815 673 1852 699 εί-

1065 716 1135 747 πεῖν,
1161 715 1208 742 τοῦ
1233 718 1358 752 παρεῖναι
1384 717 1427 744 τὸν
1452 719 1515 752 παρ’
1529 718 1617 744 αὐτῶν
1640 718 1850 752 ἀπιστούμενον.

1064 760 1151 796 Μέχρι
1165 761 1214 796 μὲν
1228 762 1282 797 γὰρ
1293 764 1342 797 τῆς
1363 763 1409 789 τοῦ
1431 764 1547 798 Χριστοῦ
1564 763 1724 798 θεοφανείας
1736 763 1851 799 λαμπρὰ

1122 805 1268 815 ’1-47

1031 854 1052 881 Β
1066 851 1173 886 ώνυμος
1191 853 1291 884 ἐκεῖνος
1316 854 1388 886 ναὸς,
1406 855 1434 881 αἱ
1454 855 1643 890 νενομισμέναι
1660 855 1692 881 δι’
1704 854 1781 886 ἔτους
1806 855 1851 883 θυ-

1067 896 1132 929 σίαι,
1150 897 1238 924 πάντα
1253 898 1302 924 ὅσα
1316 899 1390 934 παρὰ
1407 899 1453 926 τοῦ
1468 900 1550 935 νόμου
1564 900 1598 926 δι’
1611 900 1780 934 αἰνιγμάτων
1798 901 1853 930 τοῖς

1067 943 1207 976 μυστικοῖς
1227 943 1332 970 ἐπαΐειν
1353 944 1510 979 δυναμένοις
1523 945 1659 980 διῄρηται,
1678 945 1775 980 μέχρις
1792 944 1852 970 τότε

1066 988 1135 1014 κατὰ
1149 988 1196 1023 τὴν
1211 988 1240 1021 ἐξ
1253 989 1338 1024 ἀρχῆς
1353 990 1525 1025 νομισθεῖσαν
1540 992 1632 1022 αὐτοῖς
1645 991 1695 1025 τῆς
1710 991 1851 1022 εὐσεῦείας

1066 1032 1211 1068 θρησκείαν
1230 1033 1355 1060 ἀκώλυτοι
1368 1032 1412 1070 ἦν.
1440 1035 1514 1061 Ἐπεὶ
1538 1036 1565 1062 δὲ
1591 1034 1659 1062 εἶδον
1679 1036 1725 1061 τὸν
1740 1035 1853 1069 προσδο-

1065 1077 1197 1113 κώμενον,
1213 1079 1259 1106 καὶ
1275 1079 1304 1106 ὃν
1318 1079 1361 1106 διὰ
1383 1081 1436 1107 τῶν
1451 1081 1597 1117 προφητῶν
1613 1090 1642 1108 τε
1665 1081 1711 1108 καὶ
1733 1080 1781 1107 τοῦ
1807 1081 1852 1107 νό-

1067 1131 1117 1157 μου
1132 1123 1373 1159 προεδιδάχοησαν,
1392 1126 1440 1152 καὶ
1464 1126 1664 1162 προτιμοτέραν
1688 1127 1852 1161 ἐποιήσαντο

1065 1169 1113 1203 τῆς
1130 1169 1169 1200 εἰς
1182 1169 1228 1196 τὸν
1238 1170 1354 1204 φανέντα
1370 1170 1486 1203 πίστεως
1500 1172 1548 1206 τὴν
1562 1172 1733 1208 ἐσφαλμένην
1744 1172 1852 1207 ἐκείνην

1064 1212 1282 1249 δεισιδαιμονίαν,
1304 1215 1336 1250 ἢν
1358 1216 1450 1248 κακῶς
1463 1216 1634 1249 ἐκϐαλόντες,
1654 1217 1686 1243 τὰ
1702 1217 1749 1243 τοῦ
1769 1217 1852 1252 νόμον

1065 1259 1174 1293 ῥήματα
1210 1259 1395 1293 διεφύλασσον,
1422 1261 1550 1297 συνηθείᾳ
1581 1262 1680 1296 μᾶλλον
1707 1263 1723 1296 ἢ
1749 1262 1854 1297 διανοίᾳ

1063 1302 1242 1337 δουλεύοντες,
1272 1305 1333 1332 οὔτε
1355 1305 1400 1341 τὴν
1417 1307 1594 1341 ἐπιφανεῖσαν
1617 1307 1742 1340 ἐδέξαντο
1760 1308 1852 1342 χάριν.

1065 1350 1110 1375 καὶ
1128 1349 1162 1375 τὰ
1179 1350 1264 1384 σεμνὰ
1283 1352 1332 1385 τῆς
1361 1352 1425 1386 παρ’
1440 1352 1530 1383 αὺτοῖς
1546 1351 1703 1388 θρησκείας,
1719 1354 1747 1379 ἐν
1761 1353 1854 1388 διηγή-

1066 1402 1131 1428 μασι
1158 1394 1243 1428 ψιλοῖς
1268 1394 1472 1423 ὑπολέλειπται’
1498 1395 1544 1423 τοῦ
1573 1396 1636 1423 ναοῦ
1663 1397 1713 1432 μὲν
1738 1397 1800 1423 οὐδὲ
1825 1397 1854 1429 ἐξ

1066 1437 1144 1472 ίχνῶν
1172 1439 1431 1474 ἐπιγινωσκομένου,
1459 1441 1509 1475 τῆς
1533 1441 1561 1467 δέ
1584 1441 1711 1476 λαμπρᾶς
1742 1442 1852 1477 ἐκείνης

1065 1483 1168 1515 πόλεως
1189 1485 1217 1510 ὲν
1238 1485 1368 1519 ἐρειπίοις
1393 1486 1611 1521 ὑπολειφθείσης,
1636 1487 1724 1521 μεῖναί
1747 1495 1777 1513 τε
1795 1489 1854 1518 τοῖς

229 1521 328 1555 gniﬁca
342 1521 387 1548 illa
401 1521 499 1549 civitas
512 1523 609 1550 relicta
623 1524 659 1551 sit
673 1524 699 1550 in
716 1525 862 1553 ruderibus
876 1531 902 1553 et
915 1527 1013 1559 ruinis,

1072 1527 1207 1560 Ἰουδαίοις
1224 1516 1278 1556 τών
1297 1530 1367 1556 κατὰ
1388 1531 1417 1557 τὸ
1442 1516 1554 1566 ἀρχαῖον
1579 1516 1781 1566 νενομισμένων
1806 1541 1854 1567 μη-

231 1574 280 1594 nec
294 1575 389 1595 eorum
407 1576 468 1602 qua:
482 1569 546 1596 olim
562 1574 640 1597 erant
663 1569 766 1599 Iudaeis
790 1572 909 1607 legitima
931 1574 1012 1609 quid-

228 1621 310 1647 quam
334 1614 477 1647 manserit,
501 1615 547 1642 sed
563 1619 590 1642 et
605 1615 638 1642 ad
654 1616 754 1651 ipsum,
771 1617 817 1652 qui
838 1617 1015 1653 Jerosolymis

229 1662 288 1685 crat
311 1659 350 1686 eis
381 1659 457 1687 locus
490 1661 679 1695 venerandus,
705 1664 786 1698 jussu
819 1664 1014 1699 imperatorum

229 1704 383 1739 prohibitus
400 1704 479 1733 fuerit
492 1707 591 1736 aditus.

522 1752 635 1780 CAPUT
650 1754 721 1780 XIX.

265 1794 317 1822 Sed
334 1796 460 1830 quoniam
476 1804 563 1832 neque
579 1797 612 1826 iis
625 1799 672 1833 qui
688 1798 845 1826 Graecorum
860 1803 1014 1834 sequuntur

229 1841 398 1876 disciplinas,
417 1850 503 1877 neque
526 1843 559 1871 iis
578 1844 623 1878 qui
646 1849 768 1879 praasunt
793 1844 948 1872 Judmorum
966 1845 1015 1871 do-

229 1888 376 1922 gmatibus,
398 1889 503 1916 videtur
515 1897 547 1917 ex
565 1890 608 1917 his
623 1891 754 1918 sumenda
767 1898 828 1918 esse
849 1891 949 1918 indicia
968 1891 1014 1918 Dei

229 1934 370 1966 adventus,
396 1934 462 1962 bene
486 1935 536 1962 erit
561 1943 686 1963 seorsum
716 1940 834 1963 tractare
857 1936 891 1964 de
906 1937 939 1964 iis
954 1945 1015 1972 qua:

228 1984 291 2006 sunt
312 1979 429 2014 objecta,
455 1989 551 2016 nempe
570 1989 688 2016 quanam
702 1982 736 2009 de
756 1989 839 2010 causa
859 1983 950 2010 divina
966 1991 1015 2010 na-

227 2029 288 2051 tura
313 2033 374 2052 cum
398 2030 492 2052 nostra
518 2027 699 2060 connectitur,
722 2035 771 2062 per
797 2035 827 2055 se
847 2035 1014 2056 conservans

229 2070 435 2102 humanitatem,
453 2078 506 2097 non
520 2071 600 2105 jussu
617 2079 734 2106 operans
751 2072 777 2100 itl
793 2072 866 2106 quod
887 2076 929 2099 est
944 2073 969 2099 ei
987 2073 1014 2099 in

227 2116 377 2150 proposito.
395 2116 538 2148 Quodnam
558 2124 622 2151 ergo
645 2117 726 2143 tuerit
738 2117 819 2144 nobis
837 2117 1013 2151 principium,

228 2160 259 2187 nd
278 2160 446 2194 propositum
460 2167 571 2195 scopum
587 2165 788 2195 consequenter
798 2161 937 2189 deducens
955 2170 1014 2197 ora-
1031 2178 1052 2205 υ

227 2205 350 2231 tionem?
371 2204 449 2237 Quod
471 2206 555 2236 aliud,
582 2214 664 2240 quam
687 2207 845 2234 summatim
871 2215 1014 2235 recensere

226 2257 287 2284 qua:
301 2249 333 2276 de
345 2249 400 2277 Deo
415 2250 458 2285 pie
475 2251 651 2278 sentiuntur?

526 2294 640 2322 CAPUT
660 2294 718 2321 XX.

261 2339 375 2367 Constat
386 2348 450 2375 ergo
461 2340 533 2374 apud
548 2348 654 2373 omnes,
669 2345 794 2374 oportere
808 2342 918 2368 credere
931 2341 1013 2368 Deum

227 2394 280 2414 non
306 2387 394 2413 solum
416 2395 478 2414 esse
502 2391 651 2421 potentem,
681 2388 727 2415 sed
746 2391 773 2415 et
793 2388 898 2422 justuln
921 2392 947 2415 et
964 2388 1013 2415 bo-

227 2440 303 2463 num,
319 2435 346 2457 ct
362 2431 524 2466 sapientem,
540 2436 567 2458 ct
580 2427 712 2466 quidquid
726 2433 758 2458 ad
772 2432 798 2458 id
815 2433 886 2466 quod
899 2437 941 2459 cst
957 2441 1009 2460 me~

227 2478 291 2506 lius,
305 2476 354 2503 icrt
367 2477 570 2511 cogitationem.
584 2477 762 2512 Consequens
775 2486 841 2513 ergo
851 2483 892 2506 cst
903 2479 929 2505 in
944 2486 1013 2513 prte-

227 2522 297 2549 senti
313 2522 527 2556 dispensatione.
544 2530 597 2549 non
613 2522 713 2557 aliquid
729 2523 838 2558 quidem
858 2531 890 2550 ex
906 2524 940 2552 iis
952 2532 1013 2558 quae

227 2567 310 2594 Deum
329 2567 425 2594 decent
443 2574 573 2601 apparere
588 2568 614 2594 in
640 2568 673 2595 iis
690 2576 750 2602 qua:
769 2568 841 2595 facta
859 2573 940 2596 sunt:
963 2569 1013 2595 ali-

226 2614 291 2648 quid
312 2618 400 2639 autem
424 2621 476 2639 non
499 2613 595 2640 adesse
621 2613 688 2639 Nam
713 2618 743 2640 ut
761 2615 845 2641 semel
861 2614 1011 2646 absolvam,

226 2659 329 2685 nullum
360 2665 406 2691 per
434 2665 462 2684 se
487 2666 519 2684 cx
546 2658 588 2685 bis
608 2658 772 2686 sublimibus
798 2659 954 2687 nominibus
979 2660 1013 2686 ab

227 2704 287 2730 aliis
301 2703 479 2736 disjum-tum,
495 2704 632 2738 sigillatim
647 2709 689 2731 est
707 2705 801 2732 virtus.
813 2705 903 2740 Neque
913 2705 1012 2732 bonum

228 2757 290 2776 vere
299 2753 339 2776 est
354 2749 465 2780 bonum,
477 2750 612 2785 quodnon
626 2755 666 2777 est
676 2750 771 2778 ordine
779 2752 939 2778 collocatum
949 2759 1011 2778 cum

227 2795 342 2827 iustitia,
363 2795 494 2829 sapientia
509 2800 533 2823 et
546 2797 674 2831 potentia.
692 2797 768 2829 Quod
785 2797 857 2824 cnim
880 2801 920 2824 cst
942 2797 1012 2831 inju-

1064 1573 1123 1600 δέν·
1151 1573 1218 1600 ἀλλὰ
1237 1574 1284 1601 καὶ
1305 1575 1385 1602 αὐτὸν
1408 1576 1453 1602 τὸν
1476 1577 1726 1612 σεϐάσμιοναῦτοῖς
1750 1578 1777 1603 ἐν
1804 1578 1854 1603 ἰε-

1066 1619 1223 1655 ροσολύμοις
1243 1621 1333 1654 τόπον,
1357 1621 1456 1649 ἄϐατον
1481 1622 1673 1658 προστάγματι
1697 1623 1754 1650 τῶν
1773 1623 1854 1650 δυναο

1066 1666 1211 1693 στευόντων
1227 1667 1362 1701 γενέσθαι.

1356 1757 1481 1784 ΚΕΦΑΛ.
1501 1758 1549 1784 IG’.

1107 1799 1175 1825 Ἀλλ’
1191 1800 1264 1834 ὅμως
1284 1800 1374 1836 ἐπειδὴ
1400 1802 1468 1837 μήτε
1489 1804 1545 1834 τοῖς
1566 1803 1763 1838 Ἐλληνίζουσι,

1065 1846 1120 1876 τοῖς
1134 1845 1188 1871 τῶν
1204 1845 1337 1872 Ἰουδαίων
1351 1848 1501 1882 προεστῶσι
1511 1849 1664 1883 δογμάτων,
1679 1849 1754 1876 δοκεῖ
1768 1849 1855 1876 ταῦτα

1065 1892 1139 1922 θείας
1154 1891 1302 1926 παρουσίας
1323 1893 1456 1919 ποιεῖσθαι
1477 1894 1624 1929 τεκμήρια,
1641 1894 1732 1925 καλῶς
1750 1894 1783 1921 ἂν
1799 1895 1855 1929 ἔχοι

1066 1937 1129 1973 περ).
1145 1937 1199 1964 τῶν
1216 1936 1467 1972 ἁνθυπενεχθέντων
1482 1938 1535 1973 ἰδίᾳ
1551 1939 1596 1965 τὸν
1611 1939 1690 1974 λόγον
1704 1939 1854 1971 διαλαῧεῖν,

1065 1984 1124 2010 ὅτου
1140 1984 1218 2019 χάριν
1242 1985 1257 2018 ὴ
1282 1984 1341 2010 θεία
1363 1984 1442 2017 φύσις
1466 1986 1533 2019 πρὸς
1552 1985 1602 2019 τὴν
1621 1986 1761 2022 ἡμετέραν
1789 1995 1856 2022 συμ-

1067 2028 1204 2060 πλέκεται,
1227 2029 1258 2054 δι¹
1272 2029 1371 2063 ἑαυτῆς
1389 2029 1511 2061 σώζουσα
1522 2030 1552 2056 τὺ
1566 2030 1748 2066 ἀνθρώπινον,
1768 2032 1801 2058 οὺ
1815 2031 1857 2058 διὶ

1066 2073 1273 2107 προστάγματος
1286 2074 1506 2109 κατεργαζομένη
1523 2074 1554 2101 τὸ
1570 2076 1641 2102 κατὰ
1651 2076 1794 2111 πρόθεσιν.
1812 2076 1858 2106 Τί;

1065 2115 1110 2143 οὖν
1136 2117 1168 2143 ἂν
1192 2117 1295 2151 γένοιτο
1318 2120 1382 2154 ἡμῖν
1406 2120 1486 2155 ἀρχὴ,
1513 2121 1581 2155 πρὸς
1604 2121 1650 2148 τὸν
1674 2122 1857 2157 προκείμενον

1067 2163 1165 2189 σκοπὸν
1190 2164 1342 2195 ἀκολούθως
1366 2166 1574 2200 χειραγωγοῦσα
1598 2166 1644 2193 τὸν
1669 2167 1750 2200 λόγον
1769 2177 1776 2200 ;
1812 2168 1858 2198 Τίς

1067 2209 1144 2243 ἄλλη,
1159 2208 1175 2244 ἢ
1187 2208 1217 2235 τὸ
1231 2209 1278 2241 τὰς
1294 2210 1414 2242 εὐσεϐεῖς
1427 2212 1491 2246 περὶ
1504 2211 1550 2238 τοῦ
1565 2212 1633 2238 Θεοῦ
1648 2212 1802 2248 ὑπολήψεις
1814 2214 1858 2239 ἐπὶ

1068 2253 1219 2288 κεᾳαλαίων
1235 2254 1378 2287 διεξελθεῖν
1388 2265 1395 2288 ;

1362 2301 1487 2328 ΚΕΦΑΛ.
1510 2301 1551 2327 ις’.

1102 2343 1205 2370 Οὐκοῦν
1219 2344 1386 2379 ὁμολογεῖται
1405 2345 1479 2380 παρὰ
1496 2347 1574 2378 πᾶσι,
1592 2346 1629 2382 μὴ
1645 2347 1726 2382 μόνον
1743 2348 1860 2376 δυνατὸν

1066 2387 1134 2415 εἶναι
1146 2389 1201 2415 δεῖν
1215 2389 1352 2416 πιστεύειν
1365 2390 1396 2416 τὸ
1412 2390 1499 2424 Θεῖον,
1515 2391 1583 2418 ἀλλὰ
1603 2393 1650 2418 καὶ
1672 2393 1791 2426 δίκαιον,
1814 2394 1860 2420 καὶ

1065 2434 1176 2468 ἀγαθον,
1192 2435 1237 2460 καὶ
1251 2435 1341 2469 σοφὸν,
1359 2436 1405 2462 καὶ
1418 2437 1470 2462 πᾶν
1487 2437 1501 2462 ὅ
1512 2445 1537 2463 τι
1555 2437 1624 2473 πρὸς
1645 2438 1676 2464 τὸ
1699 2441 1828 2474 κρεῖττον
1844 2440 1859 2473 ἡ

1065 2479 1167 2506 διάνοια
1189 2479 1277 2514 φέρει.
1300 2479 1456 2506 Ἀκόλουθον
1471 2481 1559 2507 τοίνυν
1582 2481 1629 2508 ἐπὶ
1648 2482 1698 2517 τῆς
1713 2485 1859 2519 παρούσης

1065 2526 1227 2560 οἰκονομίας,
1246 2526 1283 2560 μὴ
1298 2526 1327 2552 τὸ
1341 2527 1389 2561 μέν
1403 2535 1428 2552 τι
1447 2527 1586 2561 βούλεσθαι
1598 2529 1652 2555 τῶν
1664 2529 1703 2563 τῷ
1718 2530 1781 2565 Θεῷ
1793 2539 1859 2566 πρε-

1065 2571 1168 2597 πόντων
1189 2571 1378 2605 ἐπιφαίνεσθαι
1401 2574 1454 2603 τοῖς
1478 2573 1692 2608 γεγενημένοις,
1722 2575 1754 2602 τὸ
1775 2576 1805 2602 δὲ
1824 2576 1859 2610 μὴ

1066 2617 1201 2651 παρεῖναι.
1221 2616 1341 2642 Καθόλου
1356 2617 1409 2652 γὰρ
1420 2618 1494 2644 οὐδὲν
1507 2619 1549 2653 ἐφ’
1565 2620 1663 2646 ἐαυτοῦ
1678 2621 1734 2647 τῶν
1747 2622 1859 2658 ὑψηλῶν

1064 2661 1164 2687 τούτων
1187 2661 1326 2695 ὀνομάτων
1352 2662 1540 2698 διεζευγμένον
1561 2665 1616 2691 τῶν
1639 2665 1746 2697 ἄλλων,
1774 2667 1860 2703 ἀρετή

1065 2707 1219 2741 καταμόνας
1254 2707 1337 2734 ἐστίν.
1373 2708 1441 2734 Οὔτε
1467 2709 1496 2735 τὸ
1521 2710 1621 2744 ἀγαθὸν
1649 2712 1761 2747 ἀληθῶς
1786 2715 1859 2740 ἐστιν

1065 2751 1174 2785 ἀγαθὸν,
1194 2752 1231 2786 μὴ
1256 2754 1323 2786 μετὰ
1339 2753 1384 2779 τοῦ
1401 2754 1504 2780 δικαίου
1522 2764 1549 2781 τε
1566 2756 1613 2782 καλ
1630 2759 1715 2791 σοφοῦ
1739 2759 1788 2785 καὶ
1812 2758 1859 2785 τοῦ

1064 2797 1174 2824 δυνατοῦ
1200 2798 1378 2832 τεταγμένον·
1407 2800 1436 2826 τὸ
1464 2801 1517 2836 γὰρ
1538 2802 1639 2834 ἄδικον,
1662 2803 1678 2838 ἢ
1703 2804 1853 2839 imponi}
