1926 3080
86 121 119 149 ει
709 121 835 150 ORATIO
849 121 1100 150 CATECIIETICA.
1678 123 1714 151 δῖ

85 182 177 212 θέντος
189 181 235 216 βίᾳ
252 180 322 208 κατὰ
336 181 382 208 τοῦ
393 182 569 217 ὠνησαμένου
586 181 685 218 χρῷτο,
701 182 793 214 ἄδικος
807 181 876 210 εἶναι

933 190 1029 218 gerens
1057 183 1117 218 ejus
1131 182 1176 217 qui
1193 182 1244 209 fuit
1258 182 1394 213 venditus.
1424 182 1449 209 vi
1473 186 1565 209 utatur
1581 182 1714 210 adversus

84 226 157 257 δόξει
177 225 221 260 τῷ.
231 226 308 260 νόμῳ
330 226 464 262 κτηθέντα
480 227 647 262 τυραννικῶς
666 227 874 263 ἐξαιρούμενοςο

85 270 244 303 ἐξωνεῖσθαι
255 271 285 297 δὲ
299 271 377 297 πᾶλιν
390 273 413 297 εἰ
430 271 546 305 βούλοιτο
557 272 751 301 τῶν¹τοιούτων
763 274 849 305 οὐδεὶς
861 275 876 300 ὁ

85 316 201 342 κωλύων
215 317 298 351 νόμος
312 316 385 343 ἐστί·

385 362 510 388 ΚΕΦΑΛ.
531 362 595 389 Kl".

124 406 204 432 Κατὰ
223 406 269 433 τὸν
291 407 370 434 αὑτὸν
393 408 493 443 τρόπον
515 408 644 440 ἑκουσίως
667 408 744 443 ἡμῶν
767 410 880 441 ἑαυτοὺς

87 452 354 488 ἀπεμπολησάντων,
371 453 423 479 ἔδει
439 454 514 489 παρὰ
525 453 572 479 τοῦ
589 453 621 480 δι’
633 454 786 490 ἁγαθότητα
799 455 879 482 πάλιν

87 498 167 531 ἡμᾶς
187 497 227 527 είς
242 497 398 532 ἐλευθερίαν
411 497 612 533 ὲξαιρουμένου,
633 497 668 532 μὴ
691 498 735 524 τὸν
755 506 879 533 τυραννι-

89 542 149 573 κδν,
165 542 232 568 ἀλλὰ
247 543 294 568 τὸν
313 542 414 569 δίκαιον
433 542 532 577 τρόπον
546 542 719 577 ἐπινοηθῆναι
744 543 794 578 τῆς
810 543 878 569 ἀνα-

94 588 230 623 κλήσεως.
262 584 347 619 Οὗτος
360 588 387 614 δέ
404 589 461 614 ἐστί
476 597 518 619 τις
536 588 576 623 τῷ
596 587 786 623 ὲπικρατοῦντι
801 589 879 623 ποιή-

90 633 190 660 σασθαι
217 634 271 660 πᾶν
288 634 354 669 ὅπερ
369 634 401 661 ἂν
416 633 503 660 ἐθέλοι
517 634 614 669 λύτρον
634 634 693 660 ἀντὶ
705 633 752 660 τοῢ
766 642 879 669 κατεχο-

92 678 174 713 μένου
189 678 292 705 λαὸεῖν.
315 679 348 704 Τί
371 679 460 705 τοίνυν
484 679 556 710 είκὸς
575 677 609 713 ἦν
635 679 732 714 μᾶλλον
749 679 797 706 τὸν
811 688 878 715 κρα-

88 724 189 750 τοῦντα
213 724 306 750 λαϐεῖν
330 724 436 751 ἑλέσθαι
451 733 458 757 ;
484 725 599 751 Δυνατόν
612 726 669 751 ἐστι
684 725 716 751 δι’
734 725 879 752 ἀκολούθου

90 769 243 804 στοχασμόν
261 778 323 796 τινα
339 770 387 804 τῆς
410 770 558 804 ἐπιθυμίας
580 770 661 797 αὑτοῦ
684 771 786 798 λαϐεῖν.
814 769 880 797 Εἶτα

91 815 214 851 πρόεηλα
230 815 335 848 γένοιτο
350 815 414 849 ἡμῖν
429 816 482 842 τῶν
496 815 668 851 ζητουμένων
682 817 828 852 τεκμήρια.
851 816 880 843 '0

86 862 179 888 τοίνυν
194 863 264 888 κατὰ
277 862 323 888 τὸν
338 861 367 888 ἐν
381 861 451 896 ἀρχῇ
466 860 512 887 τοῦ
531 860 745 897 συγγράμματος
762 869 880 896 προαπο-

88 906 199 933 δοθέντα
216 907 306 939 λόγον,
322 906 360 942 τῷ
377 905 446 942 πρὸς
460 906 505 932 τὸν
516 906 699 941 εὐημεροῦντα
711 905 800 941 φθόνῳ
813 906 881 941 πρὸς

89 951 121 978 τδ
139 952 242 986 ἀγαθὸν
258 952 407 987 ὲπιμύσας,
436 952 481 978 τὸν
508 951 535 978 δὲ
558 952 606 986 τῆς
631 952 728 983 κακίας
751 951 830 986 ζόφον
853 952 881 978 ὲν

89 996 179 1032 ἑαυτῷ
194 998 329 1032 γεννήσας
341 1005 347 1012 ·
360 997 448 1032 ἀρχὴν
463 997 491 1024 δε
506 997 555 1032 τῆς
571 997 638 1032 πρὸς
650 997 683 1023 τὰ
696 996 778 1032 χείρω
794 997 880 1032 ῥοπῆς

89 1043 137 1075 καὶ
159 1043 287 1069 ὑπόθεσιν
315 1044 361 1069 καὶ
378 1043 458 1069 οἱονεὶ
479 1043 583 1078 μητέρα
600 1043 648 1078 τῆς
669 1043 765 1077 λοιπῆς
781 1043 881 1075 κακίας

89 1089 140 1123 τὴν
167 1089 313 1124 φιλαρχίαν
335 1089 467 1124 νοσήσας,
493 1089 563 1120 τίνος
585 1089 617 1116 ἂν
639 1089 820 1124 ἀντηλλάξατο
835 1089 880 1115 τὸν

89 1135 283 1169 κατεχόμενον,
300 1135 325 1161 ει
347 1134 383 1170 μὴ
400 1134 498 1169 δηλαδὴ
514 1134 561 1161 τοῦ
578 1135 741 1170 ὑψηλοτέρου
758 1135 804 1161 καὶ
821 1135 879 1169 μεί-

90 1181 167 1212 ζονος
180 1180 414 1215 ἁνταλλάγματος,
431 1180 468 1211 ὡς
485 1180 517 1206 ἃν
535 1181 633 1216 μᾶλλον
649 1180 744 1207 ἑαυτοῦ
760 1181 790 1206 τὸ
811 1181 879 1207 κατὰ

90 1225 136 1252 τὸν
151 1225 235 1259 τῦφον
252 1225 360 1261 θρέψειε
382 1225 477 1257 πάθος.
498 1226 530 1252 τὰ
549 1226 633 1261 μείζω
656 1226 710 1252 τῶν
733 1226 880 1252 ἐλαττόνων

91 1269 299 1305 διαμειϐόμενος
313 1279 320 1302 ς
347 1270 425 1297 Ἀλλὰ
448 1271 500 1306 μὴν
523 1271 550 1297 ὲν
564 1271 620 1302 τοῖς
634 1271 679 1297 ἀπ’
698 1270 794 1302 αἰῶνος
811 1271 881 1297 ίστο-

93 1315 245 1350 ρουμένοις,
263 1316 293 1340 ὲν
312 1314 398 1341 οὐδενὶ
417 1315 579 1348 συνεγνώκει
595 1314 714 1341 τοιοῦτον
733 1314 819 1347 οὐδὲν,
837 1313 881 1341 οἶα

93 1359 220 1395 καθεώρα
234 1360 299 1395 περὶ
313 1360 361 1395 τὴν
375 1359 435 1386 τότε
457 1359 622 1395 φαινομένην
638 1360 784 1395 κυοφορίαν
796 1360 877 1386 ἀσυν-

93 1407 230 1441 τρῐαστον,
249 1406 296 1432 καὶ
311 1405 434 1439 γέννησιν
449 1404 576 1440 ἄφθορον,
594 1405 641 1431 καὶ
658 1404 742 1440 θὴλην
757 1406 789 1431 ὲκ
807 1414 880 1441 παρ-

94 1450 194 1482 θενίας,
208 1451 256 1477 καὶ
270 1450 371 1477 ἄνωθεν
385 1450 622 1486 ὲπιμαρτυρούσας
633 1450 671 1486 τῷ
685 1452 817 1486 ὑπερφυεῖ
830 1451 880 1486 τῆς

94 1495 171 1528 ἀξίας
183 1497 215 1523 ὲκ
228 1496 283 1522 τῶν
296 1496 418 1532 ἀοράτων
439 1497 544 1530 φωνάς·
570 1497 615 1523 καὶ
639 1497 693 1523 τῶν
710 1496 758 1532 τῆς
774 1497 879 1532 φύσεως

95 1542 325 1577 ἀρρωστημάτων
339 1542 495 1577 διόρθωσιν,
516 1543 742 1578 ἁπραγμάτευτόν
755 1551 817 1570 τινα
833 1543 880 1569 καὶ

94 1586 172 1621 ψιλὴν
184 1587 214 1613 ὲν
227 1587 331 1622 ῥήματι
345 1587 417 1622 μόνῳ
433 1588 480 1614 καὶ
496 1588 566 1623 ὁρμῇ
584 1588 630 1615 τοῦ
645 1588 796 1624 θελήματος
811 1589 878 1623 παρ’

94 1631 175 1658 αὑτοῦ
197 1632 354 1667 γινομένην,
372 1633 421 1667 τήν
445 1641 474 1659 τε
497 1633 551 1659 τῶν
574 1633 742 1668 τεθνηκότων
767 1634 814 1660 ἐπὶ
836 1634 882 1660 τὸν

95 1677 149 1712 βίον
165 1678 308 1709 ἀνάλυσιν,
319 1679 365 1704 καὶ
376 1678 421 1705 τὴν
436 1678 506 1705 κατὰ
515 1679 569 1705 τῶν
583 1678 718 1713 δαιμόνων
733 1678 824 1713 φόϐον,
836 1679 882 1705 καὶ

93 1724 147 1750 τῶν
164 1723 237 1750 κατὰ
251 1724 298 1749 τὸν
310 1724 377 1759 ἀέρα
392 1724 485 1750 παθῶν
499 1724 547 1760 τὴν
569 1725 702 1758 ἐξουσίαν,
716 1726 762 1751 καὶ
777 1726 826 1760 τὴν
839 1725 884 1751 διὰ

94 1768 233 1803 θαλάσσης
247 1769 370 1804 πορείαν,
386 1770 416 1796 οὺ
438 1769 631 1805 διαχωροῦντος
650 1771 691 1805 ἐφ’
707 1770 823 1806 ἑκάτερα
836 1770 882 1797 τοῦ

94 1814 244 1848 πελάγους,
262 1815 310 1841 καὶ
335 1815 379 1842 τὸν
405 1815 530 1850 πυθμένα
551 1815 715 1850 γυμνοῦντος
735 1817 791 1848 τοῖς
813 1825 883 1852 παρ’

92 1860 215 1886 οδεὺουσι
230 1860 300 1886 κατὰ
314 1861 363 1896 τὴν
381 1861 500 1892 Μωσέως
512 1861 740 1897 θαυματουργίαν,
757 1862 813 1888 ἀλλ’
828 1863 883 1890 ἅνω

94 1905 142 1939 τῆς
158 1906 321 1939 ἐπιφανείας
331 1905 377 1932 τοῦ
392 1905 486 1938 ὓδατος
499 1906 733 1942 ὑποχερσουμένης
746 1909 779 1942 τῇ
795 1907 881 1942 βάσει,

94 1950 143 1976 καὶ
159 1949 205 1975 διὰ
228 1950 277 1984 τῆς
299 1950 435 1984 ἀσφαλοῦς
458 1951 616 1984 ἀντιτυπίας
638 1952 841 1988 ὑπερειδούσηᾳ
854 1953 884 1979 τὺ

94 1995 179 2028 ιχνος,
199 1995 249 2029 τήν
271 2003 302 2021 τε
323 1995 372 2030 τῆς
388 1995 489 2030 τροφῆς
503 1996 652 2032 ὑπεροψίαν
671 1997 712 2032 ἐφ’
737 1998 798 2025 ὅσον
824 1997 884 2032 βού-

94 2039 176 2072 λοιτο,
194 2040 243 2068 καὶ
262 2040 312 2072 τὰς
325 2041 353 2067 ὲν
369 2039 471 2077 ἐρημίᾳ
484 2042 603 2076 δαψιλεῖς
621 2035 756 2076 ἑστιάσεις
786 2043 840 2070 τῶν
855 2045 884 2070 ὲν

95 2085 208 2117 πολλαῖς
235 2086 354 2120 χιλιάσιν
377 2088 571 2123 εὐωχουμένων
585 2098 591 2104 ·
622 2086 663 2120 οἷς
686 2089 746 2116 οὔτε
770 2090 885 2125 οὐρανὸς

93 2130 207 2166 ἐπέρρει
223 2130 254 2156 τὸ
269 2131 366 2166 μάννα,
392 2131 453 2158 οὔτε
475 2133 491 2167 ὴ
513 2133 549 2167 γῆ
566 2133 637 2160 κατὰ
652 2133 701 2168 τὴν
720 2134 786 2160 ἰδίαν
801 2135 885 2168 αὐτῆς

929 233 1090 263 emptorem,
1119 228 1238 262 injustus
1260 235 1320 255 esse
1342 227 1486 259 videbitur,
1514 227 1560 262 qui
1584 235 1645 254 eum
1666 227 1714 262 qui

929 275 988 309 lege
1000 278 1042 301 est
1057 273 1218 308 acquisitus,
1233 274 1259 300 vi
1273 274 1370 308 eripit;
1387 273 1433 300 sed
1456 273 1478 300 si
1499 274 1634 307 quispiam
1651 273 1714 300 velit

929 328 990 348 eum
1006 319 1147 350 redimere,
1160 319 1232 345 nulla
1248 324 1288 346 est
1304 319 1344 345 lex
1360 327 1420 352 quae
1436 318 1463 345 id
1477 323 1547 346 vetet
1565 328 1572 345 :

1219 363 1332 390 CAPUT
1352 362 1444 390 XXIII.

965 410 1065 438 Eodem
1079 410 1160 437 modo
1177 417 1238 436 eum
1255 417 1306 436 nos
1326 410 1399 444 ipsos
1417 413 1508 436 nostra
1531 413 1627 444 sponte
1649 417 1714 436 ven-

930 455 1090 486 diderimus,
1112 455 1254 490 oportebat
1279 455 1313 481 ab
1331 462 1364 481 eo
1379 455 1424 489 qui
1441 459 1552 488 propter
1565 454 1713 480 bonitatem

931 508 980 528 nos
996 501 1024 527 in
1039 500 1190 527 libertatem
1207 508 1302 527 rursus
1317 505 1375 526 erat
1395 499 1582 529 restituturus.
1593 506 1645 525 non
1665 499 1714 525 ali-

929 554 1010 582 quem
1036 546 1217 580 tyrannicum,
1242 545 1290 573 scd
1310 545 1414 580 justum
1438 544 1585 579 excogitari
1604 544 1714 570 modum

930 590 1122 618 revocationis.
1145 590 1170 618 ls
1197 595 1286 617 autem
1309 595 1363 622 est,
1394 589 1459 616 dare
1475 589 1655 623 quodcunque
1670 595 1715 615 ve-

930 636 961 663 lit
984 637 1099 671 pretium
1123 635 1317 671 redemptionis
1343 643 1392 670 pro
1418 642 1451 662 eo
1475 642 1555 669 quem
1584 634 1714 668 possidet.

930 681 1000 714 Quid
1016 689 1081 716 ergo
1098 685 1141 708 est
1154 681 1310 711 verisimile,
1331 680 1417 714 magis
1432 680 1500 707 velle
1516 679 1640 714 accipere
1652 686 1713 706 eum

931 728 978 762 qui
998 727 1078 754 habet
1100 727 1289 754 dominatum?
1309 725 1459 753 Possumus
1478 732 1525 759 per
1544 732 1716 758 consequen-

931 771 995 798 tiam
1011 778 1107 806 capere
1121 771 1238 805 aliquam
1261 770 1445 804 conjecturam
1463 769 1523 804 ejus
1548 768 1714 802 cupiditatis.

931 817 953 844 si
970 816 1026 844 sint
1043 816 1122 844 nobis
1144 816 1287 843 manifesta
1308 815 1384 850 signa
1398 822 1491 842 eorum
1511 822 1571 848 qua:
1587 821 1715 847 quierun-

896 855 916 882 Β
932 867 985 888 tur.
1011 861 1061 894 Qui
1077 869 1151 897 ergo.
1178 866 1207 888 ut
1225 861 1275 888 fuit
1300 861 1375 896 prius
1403 860 1566 894 explicatum
1591 859 1618 885 in
1640 858 1716 885 initio

930 907 1003 940 libri,
1034 912 1144 943 propter
1160 907 1288 934 invidiam
1310 907 1339 934 in
1357 913 1418 933 cum
1435 910 1606 940 conceptam,
1636 905 1715 938 cujus

931 961 976 981 res
992 958 1070 980 erant
1085 953 1229 985 secundm,
1251 952 1284 979 ad
1308 952 1409 978 bonum
1434 951 1532 977 clausit
1561 949 1665 980 oculos,
1688 949 1716 976 in

931 1001 1022 1035 seipso
1044 1005 1132 1026 autem
1159 999 1251 1033 genuit
1271 998 1397 1025 tenebras
1421 997 1495 1029 vitii,
1515 1001 1542 1024 et
1565 994 1716 1030 imperandi

931 1046 1058 1074 laborans
1073 1045 1231 1080 cupiditate,
1247 1052 1307 1079 qua:
1322 1048 1365 1071 est
1380 1043 1461 1070 veluti
1483 1043 1589 1069 initium
1609 1046 1637 1068 et
1654 1041 1717 1067 fun-

931 1092 1087 1119 damentum
1105 1091 1138 1118 ad
1155 1090 1289 1117 deteriora
1309 1089 1509 1124 propensiouis,
1520 1092 1547 1116 et
1559 1087 1643 1115 veluti
1657 1094 1716 1113 ina-

931 1143 971 1165 ter
984 1143 1142 1165 caeterorum
1161 1136 1298 1167 vitiorum,
1317 1142 1436 1170 quonam
1461 1134 1547 1169 pretio
1564 1137 1716 1160 commuta-

932 1187 971 1210 ret
992 1190 1054 1210 eum
1077 1189 1156 1217 quem
1182 1180 1349 1216 possidebat,
1376 1180 1428 1206 nisi
1453 1179 1525 1214 quod
1546 1183 1618 1206 esset
1636 1179 1713 1212 longe

931 1227 1089 1260 maximum,
1120 1226 1224 1261 majora
1240 1224 1398 1260 accipiendo
1422 1232 1470 1259 pro
1499 1223 1660 1254 minoribus,
1688 1227 1716 1249 ut

931 1273 1017 1307 magis
1035 1273 1118 1298 aleret
1137 1278 1214 1298 suam
1231 1270 1366 1305 superbia:
1380 1269 1572 1296 affectionem?
1594 1267 1675 1301 Atqui
1689 1267 1715 1292 in

931 1319 964 1346 iis
983 1326 1042 1353 qua:
1056 1326 1069 1344 a
1086 1317 1222 1353 prioribus
1238 1316 1346 1344 saeculis
1365 1319 1412 1342 aut
1434 1319 1554 1346 narrata,
1583 1317 1628 1340 aut
1647 1313 1717 1339 litte-

931 1364 970 1392 ris
994 1363 1121 1391 mandata
1149 1362 1265 1395 fuerant,
1284 1361 1450 1396 intelligebat
1467 1360 1534 1387 nihil
1551 1359 1635 1386 fuisse
1651 1358 1715 1389 tale,

931 1408 1010 1443 quale
1026 1407 1132 1435 videbat
1145 1408 1172 1433 in
1189 1414 1222 1434 eo
1238 1406 1284 1440 qui
1297 1413 1367 1432 nunc
1378 1404 1534 1440 apparebat,
1547 1411 1643 1438 nempe
1654 1410 1718 1430 con-

930 1453 1081 1488 ceptionem
1100 1453 1202 1486 absque
1225 1451 1279 1478 ulla
1303 1458 1365 1482 cum
1387 1451 1446 1477 viro
1469 1449 1671 1484 conjunctione,
1689 1453 1717 1475 et

931 1504 1020 1527 ortum
1028 1499 1130 1534 absque
1138 1498 1192 1525 ulla
1201 1498 1385 1531 corruptione,
1401 1500 1427 1523 et
1436 1496 1579 1522 laetantem
1589 1493 1716 1521 feminam

931 1552 965 1571 ex
983 1543 1147 1577 virginitate,
1156 1547 1182 1569 et
1197 1542 1414 1576 vocesesupcris
1429 1544 1561 1568 testantes
1570 1538 1718 1566 admirabi-

933 1589 984 1616 lem
1009 1590 1068 1624 ejus
1082 1588 1252 1624 dignitatem,
1268 1595 1330 1614 cum
1344 1587 1410 1614 nihil
1423 1591 1514 1614 tamen
1539 1584 1648 1612 caderet
1667 1584 1718 1612 sub

934 1639 1085 1670 aspectum,
1096 1639 1200 1661 natura;
1208 1634 1365 1661 morborum
1376 1636 1403 1660 et
1417 1631 1608 1667 aegritudinum
1623 1637 1714 1657 corre-

933 1680 1049 1707 ctionem
1057 1686 1088 1706 ac
1095 1678 1273 1711 curationem,
1283 1686 1342 1714 quae
1359 1678 1394 1705 ab
1408 1685 1440 1705 eo
1456 1677 1536 1704 ﬁebat
1549 1676 1615 1703 citra
1632 1675 1716 1703 ullum

933 1726 1081 1760 negotium,
1092 1725 1204 1760 soloque
1212 1725 1294 1752 verbo
1303 1728 1329 1752 et
1344 1728 1410 1751 nutu
1427 1731 1458 1750 ac
1468 1725 1604 1750 momento
1619 1720 1718 1748 volun-

933 1771 1006 1804 tatis,
1015 1774 1143 1799 eteorum
1153 1771 1199 1805 qui
1207 1778 1222 1798 e
1237 1771 1292 1797 vita
1301 1773 1487 1802 excesserant,
1498 1769 1559 1796 vitae
1567 1767 1717 1795 restitutio-

934 1824 1005 1849 nem,
1015 1820 1040 1844 et
1052 1816 1205 1843 daemonum
1221 1820 1361 1846 terrorem,
1377 1818 1593 1849 potestatemque
1609 1812 1636 1839 in
1656 1809 1719 1838 affe-

934 1862 1038 1889 ctiones
1055 1863 1136 1894 aeris,
1149 1865 1175 1889 et
1191 1869 1237 1896 per
1248 1868 1322 1888 mare
1336 1861 1499 1895 ingressum,
1511 1859 1637 1893 utrinque
1648 1856 1718 1884 mari

935 1916 989 1934 non
1006 1907 1173 1938 discedente.
1194 1911 1222 1934 et
1240 1906 1274 1933 iis
1288 1906 1334 1941 qui
1350 1905 1504 1932 transibant
1523 1904 1636 1931 fundum
1658 1908 1719 1937 αρε-

935 1953 1031 1994 ιθὶθέιιθ,
1050 1955 1229 1988 congruenter
1250 1952 1275 1978 ei
1293 1951 1424 1978 miraculo
1436 1949 1507 1986 quod
1530 1949 1629 1975 factum
1646 1951 1687 1975 est
1703 1955 1718 1974 a

935 1993 1036 2033 Moyse,
1052 1998 1098 2024 sed
1114 1997 1198 2024 maris
1213 1996 1355 2030 superficie
1375 1995 1408 2022 ad
1425 1993 1631 2030 ingrediendum
1655 1997 1718 2018 tan-

935 2052 1016 2079 quam
1034 2043 1148 2071 solidam
1164 2048 1263 2070 terram
1284 2042 1430 2076 praebente,
1447 2046 1473 2068 et
1490 2041 1580 2068 stabili
1600 2048 1630 2066 ac
1648 2039 1717 2066 resi.

936 2093 1024 2118 stente
1036 2088 1136 2116 duritie
1154 2088 1267 2123 vestigia
1285 2087 1419 2118 firmante,
1435 2091 1461 2113 et
1486 2086 1606 2113 alimenti
1632 2092 1718 2119 quan-

936 2139 990 2161 tam
1009 2134 1088 2161 vellet
1104 2133 1301 2168 elargitionem,
1317 2132 1444 2166 lautaque
1459 2135 1487 2158 et
1502 2130 1641 2166 splendida
1654 2137 1717 2156 con-

94 2176 176 2210 φὺσιν
189 2176 365 2203 σιτοποιοῦσα
380 2177 429 2212 τὴν
443 2178 537 2212 χρείαν
553 2178 671 2213 ἐπλήρου
683 2187 690 2193 ·
710 2179 765 2205 ἀλλ’
783 2180 815 2205 ὲκ
829 2179 881 2206 τῶν

937 2179 1008 2205 vivia
1039 2178 1066 2204 in
1089 2177 1254 2208 solitudine,
1279 2176 1371 2204 multis
1394 2176 1514 2203 millibus
1540 2175 1577 2202 ibi
1607 2175 1719 2209 opipare

93 2223 225 2257 ἀρρήτων
242 2222 363 2258 ταμείων
376 2223 426 2258 τῆς
450 2224 525 2255 θείας
545 2224 684 2259 δυνάμεως
709 2225 725 2259 ἡ
749 2225 886 2260 φιλοτιμία

95 2270 204 2305 προῄει,
218 2270 328 2304 ἕτοιμος
348 2270 428 2305 ἄρτος
451 2271 511 2302 ταῖς
534 2271 611 2306 χερσὶ
624 2271 678 2297 τῶν
692 2271 886 2298 διακονούντων

93 2314 352 2349 ἑνγεωργούμενος,
376 2315 422 2341 καὶ
442 2315 487 2341 διὰ
505 2316 551 2342 τοῦ
567 2316 655 2351 ,κόρου
671 2316 726 2342 τῶν
742 2316 886 2343 ἐσθιόντων

95 2359 195 2386 πλείων
208 2360 377 2395 γιγνόμενος,
391 2361 408 2396 ἦ
421 2370 450 2387 τε
459 2362 501 2388 διὰ
514 2361 568 2387 τῶν
586 2361 683 2397 ἰχθύων
698 2361 844 2396 ὀψοφαγία,
855 2362 885 2388 οὐ

94 2405 236 2440 θαλάσσης
258 2406 349 2437 αὐτοῖς
374 2407 440 2442 πρὸς
462 2407 512 2442 τὴν
530 2408 622 2442 χρείαν
646 2407 884 2442 συνεισφερούσης,

95 2450 162 2476 ἀλλὰ
180 2450 229 2476 τοῦ
240 2451 290 2477 καὶ
304 2452 336 2486 τῇ
353 2451 474 2488 θαλάσσῃ
487 2452 516 2478 τὸ
531 2452 608 2486 γένος
623 2453 675 2478 τῶν
694 2452 792 2488 ἰχθύων
803 2461 886 2479 κατα-

95 2496 271 2530 σπείραντος,
288 2495 342 2522 Καὶ
359 2496 416 2528 πῶς
428 2496 460 2523 ἄν
474 2506 515 2528 τις
531 2498 560 2524 τὸ
573 2497 632 2524 καθ’
647 2498 759 2524 ἕκαστον
774 2498 827 2524 τῶν
842 2497 886 2523 εὑ-

95 2542 251 2576 αγγελικῶν
275 2543 365 2576 διεξίοι
389 2545 554 2579 θαυμάτων;
586 2544 695 2579 ’Ταύτην
722 2545 810 2571 τοίνυν
836 2543 886 2578 τὴν

95 2587 208 2623 δύναμιν
233 2588 358 2624 καθορῶν
380 2591 393 2616 ὀ
416 2590 512 2624 ἐχθρὸς
535 2591 565 2616 ὲν
591 2590 699 2624 ἐκείνῳ,
723 2590 812 2616 πλεῖον
837 2589 884 2616 τοῦ

95 2633 288 2668 κατεχομένου,
306 2633 336 2659 τὸ
355 2634 533 2669 προκείμενον
554 2632 623 2660 εἶδεν
644 2635 672 2661 ἐν
694 2635 733 2670 τῷ
754 2634 884 2661 συναλλά-

96 2685 180 2711 γματι
192 2685 200 2693 ·
227 2677 325 2704 τούτου
342 2679 419 2713 χάριν
443 2679 523 2705 αὑτὸν
540 2679 657 2713 αἱρεῖται
678 2679 773 2715 λύτρον
786 2679 840 2706 τῶν
856 2680 884 2705 ἐν

95 2724 129 2756 τῇ
158 2722 205 2749 τοῦ
241 2722 358 2749 θανάτου
389 2724 495 2759 φρουρᾷ
520 2724 723 2759 καθειργμένων
748 2724 882 2757 γενέσθαι.

103 2769 182 2795 Ἀλλὰ
208 2769 264 2804 μὴν
286 2769 426 2804 ἀμήχανον
439 2768 472 2804 ἦν
487 2772 576 2805 γυμνῇ
592 2770 758 2806 προσϐλέψαι
780 2772 813 2805 τῇ
838 2771 884 2797 τοῦ

95 2811 162 2839 Θεοῦ
191 2812 342 2848 φαντασίᾳ.
371 2813 407 2848 μὴ
434 2814 531 2849 σαρκὸς
553 2823 612 2841 τινα
636 2817 731 2850 μοῖραν
757 2815 785 2841 ἐν
811 2815 884 2850 αὐτῷ

937 2222 1079 2255 tractatis;
1093 2223 1192 2257 quibus
1207 2229 1294 2257 neque
1311 2222 1410 2249 coelum
1427 2221 1495 2257 pluit
1512 2228 1720 2256 matula,neque

937 2273 1011 2297 terra
1037 2269 1188 2297 secundum
1212 2277 1289 2296 suam
1316 2273 1443 2296 naturam
1460 2267 1625 2295 frumentum
1654 2275 1719 2302 pro-

937 2314 1050 2346 ducens,
1075 2314 1102 2340 id
1118 2313 1190 2348 quod
1205 2314 1246 2341 eis
1271 2318 1330 2341 erat
1359 2321 1428 2348 opus
1449 2313 1656 2348 suppeditabat:
1671 2312 1719 2339 sed

937 2367 968 2387 ex
985 2359 1165 2387 inelTabilibus
1185 2359 1283 2386 divinae
1298 2359 1426 2393 potentia;
1448 2358 1644 2394 promptuariis
1656 2365 1720 2392 pro-

937 2405 1050 2432 cedebat
1063 2404 1223 2438 liberalitas,
1258 2404 1335 2439 panis
1352 2409 1472 2437 paratus,
1486 2411 1580 2430 eorum
1604 2404 1652 2438 qui
1669 2403 1720 2430 im-

937 2449 1125 2484 partiebantur
1146 2453 1275 2483 tanquam
1303 2448 1483 2483 agricolarum
1515 2447 1641 2474 manibus
1662 2447 1718 2473 ela-

937 2496 1060 2527 boratus,
1076 2498 1102 2522 et
1116 2502 1166 2530 per
1188 2502 1281 2522 eorum
1299 2494 1344 2529 qui
1368 2494 1547 2520 vescebantur
1566 2492 1718 2520 satietatem

938 2540 1144 2575 multiplicatus,
1160 2545 1187 2567 et
1204 2540 1318 2575 piscium
1333 2539 1489 2571 obsonium,
1513 2546 1576 2566 cum
1589 2537 1630 2565 eis
1645 2544 1721 2564 mare

938 2586 1152 2613 nihilconferret
1165 2587 1198 2612 ad
1212 2593 1302 2616 usum.
1323 2586 1370 2613 sed
1386 2587 1410 2613 is
1428 2585 1473 2620 qui
1495 2585 1575 2612 etiam
1600 2582 1717 2617 piscium

935 2640 1022 2669 genus
1034 2632 1060 2659 in
1078 2632 1146 2658 mari
1164 2632 1355 2659 semiuaverat.
1387 2630 1529 2664 Quomodo
1547 2633 1635 2656 autem
1652 2636 1719 2654 etin-

937 2677 1051 2704 merabit
1075 2677 1211 2712 quispiam
1241 2678 1349 2712 singula
1377 2676 1508 2703 miracula
1541 2673 1720 2709 evangelica?

936 2723 1010 2752 llanc
1025 2732 1091 2757 ergo
1116 2724 1168 2750 vim
1184 2723 1210 2750 in
1229 2723 1274 2749 illo
1293 2731 1409 2750 cernens
1439 2721 1576 2751 inimicus,
1605 2719 1672 2747 vidit
1690 2719 1718 2746 in

935 2769 1135 2804 permutatione
1156 2769 1216 2802 plus
1230 2775 1291 2794 Esse
1316 2765 1503 2796 emolumenti,
1529 2772 1611 2800 quam
1635 2764 1662 2791 in
1684 2771 1719 2792 eo

935 2815 1006 2851 quod
1037 2813 1203 2848 possidebat.
1229 2813 1265 2840 Ea
1286 2813 1318 2840 dc
1332 2821 1412 2840 causa
1443 2820 1504 2840 eum
1532 2811 1633 2839 mavult
1660 2810 1717 2838 fieri
