1926 3080
47 70 72 97 65
653 65 781 94 ORATIO
801 65 1047 94 CATECHETICA.
1627 69 1661 97 οσ

49 135 139 160 «λιμμα,
154 126 193 160 τῷ
209 126 419 161 προκαλύμματι
433 126 481 160 τῆς
496 126 601 159 ψύσεως
622 125 699 160 ἡμῶν
712 125 822 160 ἑνεκρύ-

880 127 947 151 esset
967 131 997 150 ea
1021 127 1118 150 natura
1137 124 1282 158 potestatis
1300 125 1455 158 contrariae,
1484 129 1514 152 ut
1527 125 1661 154 admisce-

51 175 91 209 ρθη
105 174 134 199 τὸ
145 173 234 203 Θεῖον,
247 173 290 198 ῖνα
299 173 367 198 κατὰ
382 173 444 204 τοὺς
455 172 559 206 λίχνους
570 171 622 198 τῶν
633 171 730 206 ἰχθύων
741 171 779 206 τῷ
786 171 825 197 δε-

49 221 112 246 ).ἔατι
121 219 172 252 τῆς
184 218 286 253 σαρκὸς
295 217 506 252 συναποσπασθῇ
515 217 545 243 τὸ
552 217 697 252 ἄγκιστρον
704 218 751 252 τῆς
763 217 823 243 Θεό-

49 273 124 299 τητος-
141 265 191 291 καὶ
208 263 278 290 οὓτω
290 264 339 298 τῆς
350 262 422 297 ζωῆς
437 263 476 298 τῷ
491 263 596 298 θανάτῳ
607 262 824 297 είσοικισθείσης,

49 312 84 337 ml.
98 310 136 345 τῷ
149 311 240 336 σκότει
250 308 296 335 τοῦ
311 308 398 342 φωτὸς
412 309 586 343 ὲμφανέντος,
596 307 823 343 ὲξαφανισθ[ἠτω]

48 357 75 390 τῷ
88 356 156 390 φωτὶ
173 356 220 382 καὶ
239 356 272 391 τῇ
287 355 342 390 ζωῇ
355 354 385 380 τὸ
398 354 468 381 κατὰ
485 354 515 380 τὸ
533 354 651 380 ἐναντίον
673 354 824 389 νοούμενον.

47 403 75 428 0-3
87 402 140 436 γὰρ
166 402 223 436 ἔχει
242 401 332 435 φύσιν,
350 399 414 426 οὔτε
437 400 530 438 cuii-ro;
546 400 681 434 διαμένειν
697 400 725 426 ὲν
739 399 826 433 φωτὸς

48 447 188 482 παρουσίᾳ,
199 445 266 478 ᾧτε
286 445 399 472 θάνατον
411 443 478 472 εἶναι
502 444 573 478 ζωῆς
583 443 829 479 ὲνεργούσης.οὗκ-

48 492 84 518 οὖν
110 489 158 517 ἐπὶ
181 490 323 525 κεφαλαίῳ
342 488 389 515 τοῦ
425 490 573 526 μυστηρίου
593 490 641 525 τὴν
667 489 824 516 ἀκολουθίαν

47 537 225 567 ἀναλαῆὁντες,
243 536 334 570 ἐντελῆ
351 535 516 570 ποιησόμεθα
533 535 582 570 τὴν
595 535 740 568 ἀπολογίαν
757 534 825 569 πρὸς

47 584 97 614 τοὺς
112 580 331 616 κατηγοροῦντας
343 581 391 616 τῆς
402 580 475 612 θείας
487 581 640 615 οἰκονομίας
652 601 659 613 ,
674 580 734 606 ὅτου
746 580 825 615 χάριν

46 627 71 652 Ei‘
85 626 181 660 ἑαυτῆς
194 626 211 660 ὴ
224 626 324 661 θεότης
335 625 384 660 τὴν
400 625 572 661 ἀνθρωπίνην
586 626 616 652 οὐ
630 625 826 660 κατεργάζεται

48 672 183 708 σωτηρίαν.
200 673 246 698 Δεῖ
262 672 314 706 γὰρ
330 672 372 698 διὰ
389 672 494 698 πάντων
507 671 537 698 τὸ
549 672 625 698 Θεῖον
642 672 670 697 ὲν
683 673 742 703 ταῖς
757 679 825 705 πρε-

47 718 149 749 πούσαις
173 716 338 751 ὑπολήψεσιν
361 715 439 744 εἶναι’
464 717 500 752 μὴ
527 717 557 743 τὸ
581 717 630 752 μὲν
655 716 763 751 ὑψηλῶς
783 717 824 742 ἐπ’

48 763 117 790 αὺτοῦ
132 762 269 794 νοεῖσθαι,
285 762 315 788 τὸ
328 762 355 788 δὲ
373 762 422 797 τῆς
433 762 596 797 θεοπρεποῦς
611 761 687 794 ἀξίας
700 762 827 788 ἐκϐάλλε-

876 173 950 196 retur
971 176 1051 196 merae
1066 168 1112 196 Dei
1138 170 1298 204 praesentiat,
1330 175 1357 198 et
1386 170 1467 198 ferret
1483 171 1582 198 nudam
1603 172 1663 206 ejus

876 215 1084 249 apparitioncm,
1113 219 1144 242 ut
1170 216 1204 243 ab
1222 223 1254 243 eo
1273 216 1321 251 qui
1345 217 1475 250 poscebat
1502 217 1581 244 facile
1611 225 1662 252 pro

876 259 954 286 nobis
974 259 1062 294 accipi
1084 264 1177 294 posset
1194 261 1310 294 pretium
1332 261 1359 287 in
1381 263 1591 296 permutatione,
1614 270 1663 289 na-

875 307 944 331 tura;
956 307 1058 331 nostrae
1079 305 1266 340 integumento
1283 306 1369 333 celata
1396 305 1447 333 fuit
1468 307 1615 341 divinitas;
1632 311 1662 334 ut

875 349 963 377 instar
976 350 1091 384 piscium
1112 351 1270 385 gulosorum
1290 359 1352 378 cum
1377 359 1439 379 esca
1464 353 1555 380 carnis
1579 353 1662 380 simul

875 394 1060 422 attraheretur
1077 395 1175 424 bamus
1193 396 1363 429 divinitatis;
1377 402 1404 424 et
1420 398 1460 424 sic
1478 398 1531 425 vita
1543 398 1576 425 ad
1590 406 1663 426 mor-

876 444 930 467 tem
949 441 1117 474 introducta,
1130 447 1157 470 et
1171 443 1232 470 luce
1247 447 1396 477 apparenle
1411 443 1437 469 in
1454 444 1584 477 tenebris,
1601 445 1662 471 luce

879 489 906 513 et
930 486 983 513 vita
1001 486 1139 514 deleretur
1165 488 1191 514 id
1219 487 1292 522 quod
1315 488 1355 515 eis
1375 490 1543 516 contrarium
1565 490 1662 517 intelli-

876 532 959 566 gitur.
973 531 1066 567 Neque
1077 533 1149 560 enim
1174 540 1205 560 ea
1228 539 1270 561 est
1293 538 1393 561 natura
1420 535 1604 568 tenebrarum,
1632 539 1661 562 ut

877 577 937 604 luce
967 583 1099 613 praesente
1117 584 1296 613 permaneant
1311 588 1317 606 :
1335 587 1424 614 neque
1442 581 1550 612 mortis,
1580 585 1609 608 ut
1625 582 1660 609 sit

875 623 930 650 vita
948 627 1087 658 operante.
1105 624 1133 650 In
1151 632 1286 651 summam
1306 625 1398 660 itaque
1414 625 1522 652 redacta
1540 627 1661 661 mysterii

876 669 1080 703 consequentia.
1093 669 1242 704 perfectam
1259 671 1393 699 faciemus
1407 671 1592 699 defensionem
1611 673 1660 699 ad-

876 723 970 743 versus
985 723 1032 743 eos
1053 715 1099 751 qui
1123 720 1254 743 accusant
1276 716 1395 743 divinam
1416 717 1660 751 dispensationem,

878 768 974 795 nempe
990 769 1109 794 quanam
1132 761 1166 789 de
1185 770 1267 789 causa
1292 762 1424 790 Divinitas
1448 763 1594 789 humanam
1616 771 1662 797 per

48 809 98 834 σθαι
109 817 115 822 ·
126 807 194 834 ἀλλὰ
205 809 258 834 πᾶν
269 807 368 843 ὑψηλὸν
382 808 426 835 καὶ
439 807 548 840 εὐσεϐὲς
562 808 649 842 νόημα
665 807 704 834 δεῖ
716 808 824 839 πάντως

880 813 908 833 se
924 814 979 833 non
995 807 1075 833 ellicit
1091 807 1216 835 salutem.
1249 807 1362 842 Oportet
1385 808 1457 834 enim
1482 809 1510 834 in
1533 809 1662 836 omnibus

47 854 83 878 ἐπὶ
100 853 167 879 Θεοῦ
188 853 363 880 πιστεύεσθαι
374 874 381 886 ,
397 854 448 880 καὶ
469 853 650 888 συνηρτῆσθαι
667 848 700 879 δι’
711 853 824 880 ἀκολου-

47 899 96 930 θίας
112 899 150 934 τῷ
161 899 247 934 ἑτέρῳ
259 900 288 926 τὸ
299 899 399 934 ἕτερον.
420 899 556 926 Δέδεικται
570 899 659 925 τοίνυν
669 899 698 925 τὺ
713 899 823 933 ἀγαθὸν,

48 948 71 970 το
80 945 166 978 τοέὸν,
181 945 211 971 τὸ
222 945 334 978 δίκαιον,
349 945 380 971 τὺ
394 944 516 977 δυνατὸν,
531 945 561 970 τὸ
579 944 680 980 φθορᾶς
701 945 824 971 ἀνεπίδε-

48 998 109 1021 κτον¹
124 990 212 1016 πάντα
230 989 268 1024 τῷ
282 989 353 1024 λόγῳ
370 990 419 1024 τῆς
431 990 492 1016 καθ’
512 990 585 1025 ἡμᾶς
599 990 753 1025 οἰκονομίας
766 991 826 1016 ὲπι-

47 1034 209 1070 δῑικνύμενα.
226 1033 259 1062 Ἠ
271 1035 406 1070 metu];
421 1037 448 1062 ὲν
461 1035 499 1070 τῷ
510 1035 671 1071 προελέσθαι
686 1036 770 1062 σῶσαι
781 1036 826 1061 τὸν

46 1081 193 1107 ἀπολωλότα
208 1081 454 1115 καταλαμϐάνεται.
477 1081 509 1107 'll
526 1081 606 1115 σοιρία
626 1081 673 1108 καὶ
692 1082 708 1116 ὴ
723 1082 826 1107 δικαιο-

47 1125 105 1160 σύνη
133 1127 161 1151 ὲν
174 1125 213 1160 τῷ
225 1126 318 1160 τρόπῳ
331 1125 380 1160 τῆς
393 1125 528 1159 σωτηρίας
541 1125 619 1160 ἡμῶν
633 1125 775 1160 διεδείχθη.
795 1125 825 1151 'il

47 1171 152 1206 δύναμις
175 1172 203 1197 ὲν
228 1171 266 1204 τῷ
293 1171 417 1205 γενέσθαι
445 1171 493 1205 μὲν
517 1171 597 1197 αὑτὸν
622 1172 650 1197 ὲν
676 1170 826 1206 ὁμοιώματι

47 1216 180 1252 ανθρώπου
194 1217 242 1243 καὶ
259 1217 377 1251 σχήματι
392 1216 461 1243 κατὰ
476 1216 506 1242 τὸ
518 1216 644 1243 ταπεινὸν
658 1217 706 1251 τῆς
721 1216 827 1250 φύσεως

48 1262 127 1296 ἡμῶν,
143 1263 189 1289 καὶ
199 1262 361 1296 ὲλπισθῆναι
375 1262 502 1288 δύνασθαι
518 1262 598 1288 αὑτὸν
609 1262 668 1288 καθ’
682 1263 828 1297 ὁμοιότητα

47 1308 92 1334 τῶν
100 1307 148 1334 ἀνθ
152 1307 250 1343 ρώπων
258 1307 297 1342 τῷ
307 1307 411 1343 θανάτῳ
420 1307 629 1343 ὲγκρατηθῆναι-
637 1308 780 1342 γενόμενον
788 1309 826 1340 δὲ,

47 1353 72 1378 το
85 1354 181 1379 οίκεῖον
199 1352 288 1388 ἑαυτῴ
305 1353 375 1379 κατὰ
391 1352 469 1386 φύσιν
483 1352 660 1387 ἐργάσασθαι.
681 1353 786 1380 Οἱκεῖον
800 1353 827 1379 δὲ

48 1399 108 1431 ent-3v.
125 1399 172 1433 μὲν
187 1399 201 1425 ὁ
212 1398 363 1433 ἀφανιτμδς
375 1398 420 1424 τοῦ
438 1398 558 1428 σκότους,
575 1397 630 1433 ζωῇ
649 1397 676 1424 δὲ
690 1399 706 1433 ἡ
720 1397 767 1424 τοῦ
782 1398 828 1425 θα-

47 1447 118 1469 νάτου
140 1443 307 1478 καθαίρεσις.
338 1443 412 1469 Ἐπεὶ
430 1441 474 1469 οὖν
496 1443 544 1478 τῆς
564 1443 670 1474 εὐθείας
683 1443 742 1470 ὁδοῦ
764 1453 828 1470 κατ-

876 859 906 878 ea
918 852 951 879 de
963 852 1017 879 Deo
1029 853 1127 880 sentiri
1141 856 1168 880 et
1187 853 1337 881 existimari
1356 861 1416 888 qua:
1439 853 1524 881 Deum
1542 854 1639 881 decent
1653 863 1661 888 ;

875 902 902 925 et
921 906 975 925 non
991 892 1163 932 hocquideni
1181 899 1288 926 excelse
1303 903 1329 925 et
1355 899 1505 926 sublimiter
1523 899 1557 927 de
1575 907 1606 926 eo
1621 899 1663 926 in-

876 944 973 978 telligi,
1003 944 1069 971 illud
1086 947 1175 971 autem
1197 944 1291 978 repelli
1309 945 1342 971 ab
1357 952 1388 971 ea
1408 953 1468 979 qure
1483 945 1537 972 Deo
1563 953 1663 972 conve-

876 988 915 1015 nit
931 988 1081 1023 dignitate;
1102 989 1150 1016 sed
1171 997 1279 1016 omnem
1296 989 1433 1016 excelsam
1454 997 1485 1016 ac
1497 989 1567 1023 piam
1583 990 1662 1016 intel-

876 1035 1014 1069 ligentiam
1034 1039 1141 1070 oportet
1153 1035 1265 1062 omnino
1282 1035 1308 1062 in
1325 1035 1378 1062 Deo
1392 1034 1476 1067 credi,
1492 1039 1518 1062 et
1532 1043 1578 1069 per
1589 1043 1654 1062 cou-

882 1081 1055 1114 sequentiam
1079 1087 1163 1107 unum
1185 1080 1303 1115 pendere
1325 1081 1359 1107 ab
1385 1081 1482 1107 altero.
1514 1079 1662 1108 Ostensum

877 1133 942 1160 ergo
960 1129 1002 1153 est
1023 1126 1181 1158 bonitatem,
1205 1126 1377 1161 sapientiam,
1401 1126 1546 1160 justitiam,
1570 1130 1663 1160 poten-

877 1171 952 1202 tiam,
968 1175 993 1197 et
1010 1171 1240 1206 incorruptionem
1256 1172 1396 1198 evidenter
1413 1172 1560 1201 monstrari
1572 1172 1599 1198 in
1614 1179 1661 1199 ra-

878 1215 951 1242 tione
959 1219 1061 1242 nostra:
1077 1216 1169 1243 carnis
1183 1224 1197 1243 a
1214 1216 1267 1244 Deo
1283 1220 1418 1251 susceptae
1436 1217 1660 1252 dispensationis.

878 1262 988 1289 Bonitas
1003 1262 1030 1288 in
1046 1262 1098 1289 hoc
1113 1263 1364 1298 comprehenditur,
1390 1261 1463 1297 quod
1479 1263 1595 1290 voluerit
1607 1270 1664 1290 ser-

879 1314 943 1333 vare
969 1314 1031 1333 eum
1053 1307 1098 1340 qui
1124 1307 1252 1341 perierat.
1286 1307 1314 1333 ln
1334 1306 1415 1333 modo
1443 1307 1539 1334 salutis
1563 1311 1664 1334 nostrae

877 1356 987 1380 ostensa
1001 1357 1042 1380 est
1054 1351 1186 1387 sapientia
1195 1352 1345 1387 etjustitia.
1373 1351 1496 1379 Potentia
1522 1355 1612 1379 autem
1634 1353 1660 1379 in

878 1405 921 1430 eo,
931 1397 1005 1432 quod
1019 1398 1077 1432 ipse
1090 1397 1199 1433 quidem
1223 1397 1312 1426 factus
1327 1398 1362 1426 sit
1385 1398 1411 1425 in
1435 1398 1615 1425 similitudine
1634 1403 1662 1425 et

883 1443 968 1477 figura
990 1443 1120 1476 hominis,
1148 1444 1343 1471 convenienter
1369 1447 1472 1471 naturae
1492 1448 1594 1470 nostrae
1613 1443 1665 1470 ιλιι·

47 1489 195 1523 ενεχθέντες
215 1489 246 1514 τὺ
278 1489 338 1514 κατ’
358 1489 444 1524 ἀρχὰς
466 1489 515 1523 τῆς
540 1488 611 1523 ζωῆς
627 1489 825 1524 ὲξετρᾶπημεν,

881 1474 1003 1520 militati;
1031 1492 1058 1514 et
1073 1474 1135 1522 spes
1150 1488 1232 1515 fuerit
1253 1489 1341 1522 ipsum
1358 1488 1390 1515 ad
1405 1488 1544 1515 hominum
1572 1488 1665 1515 simili-

47 1534 88 1558 καὶ
103 1533 140 1568 τῷ
155 1533 260 1568 θανάτῳ
279 1533 525 1568 ὲγκατηνέχθημενδ
549 1534 575 1559 τί
598 1533 645 1559 τοῦ
661 1535 763 1566 εἰκότος
777 1535 828 1568 ἔξω

47 1580 117 1612 παρὰ
142 1579 187 1605 τοῦ
210 1579 360 1614 μυστηρίου
385 1578 565 1613 μανθάνομεν,
586 1579 610 1604 εί
631 1580 648 1614 ἡ
676 1579 830 1615 καθαρότης

48 1624 95 1650 τῶν
112 1624 142 1657 ἐξ
155 1625 292 1659 ἁμαρτίας
306 1624 487 1658 μολυνθὲντων
501 1624 649 1658 ἐφάπτεται
661 1646 667 1656 ,
684 1625 730 1651 καὶ
746 1625 829 1661 ἡζωὴ

47 1669 94 1695 τῶν
119 1671 299 1704 τεθνηκότων,
322 1670 368 1695 καὶ
385 1671 401 1704 ἡ
418 1669 514 1704 ὀδηγία
534 1669 587 1696 τῶν
605 1671 829 1705 πεπλανημένων,

47 1715 81 1746 ὡς
95 1715 127 1742 ἂν
145 1717 197 1742 ὅτε
215 1715 354 1751 μολυσμὸς
368 1715 515 1751 καθαρθείη
526 1737 532 1748 ,
549 1716 594 1742 καὶ
614 1717 631 1751 ἡ
647 1717 734 1751 πλάνη
749 1716 829 1752 θερα-

48 1759 166 1794 nas-95in,
183 1760 230 1786 καὶ
245 1760 284 1791 είς
304 1759 351 1795 τὴν
367 1758 438 1794 ζωὴν
453 1759 483 1786 τὸ
496 1760 624 1795 τεθνηκὸς
642 1761 791 1794 Euax/ﬂeat;

877 1534 998 1561 tudinem
1017 1538 1104 1562 morte
1118 1541 1197 1568 posse
1216 1534 1312 1560 teneri.
1328 1534 1394 1560 Cum
1407 1538 1496 1561 autem
1517 1534 1604 1561 factus
1613 1542 1659 1561 es-

878 1585 929 1611 set,
958 1579 985 1606 id
1001 1578 1095 1606 fecerit
1111 1579 1183 1614 quod
1199 1583 1257 1606 erat
1273 1579 1325 1607 sibi
1349 1579 1487 1614 proprium
1515 1587 1547 1606 ac
1570 1587 1666 1607 conve-

879 1623 957 1651 niens
973 1622 1126 1651 seenndum
1148 1627 1285 1650 naturam.
1308 1622 1356 1650 Est
1373 1628 1464 1651 autem
1482 1624 1535 1651 luci
1554 1624 1663 1658 quidem

880 1669 1020 1704 proprium
1037 1676 1069 1696 ac
1084 1669 1262 1702 conveniens,
1290 1673 1319 1695 ut
1333 1668 1422 1696 deleat
1442 1669 1579 1701 tenebras,
1604 1669 1666 1696 vitae

881 1720 982 1749 autem,
1002 1719 1030 1742 ut
1046 1719 1160 1742 mortem
1177 1715 1281 1750 perdat.
1302 1714 1371 1748 Quia
1391 1722 1455 1750 ergo
1478 1714 1636 1742 aberrantes
1651 1722 1667 1741 a

884 1765 959 1788 recta
975 1761 1018 1788 via
1036 1762 1069 1788 ab
1086 1761 1164 1798 initio
1182 1768 1196 1787 a
1213 1761 1266 1787 vita
1285 1761 1385 1792 aversi,
1400 1764 1426 1788 et
1439 1761 1473 1787 ad
1488 1765 1600 1787 mortem
1618 1760 1666 1786 de-

48 1805 93 1832 lati
109 1813 215 1837 smnus,
230 1805 296 1840 quid
311 1813 325 1832 a
340 1806 469 1840 mysterio
485 1805 617 1833 discimus
634 1807 705 1841 quod
726 1808 760 1834 sit
777 1811 910 1834 remotum
930 1815 945 1834 a
958 1807 1155 1842 probabilitate,
1171 1811 1262 1834 etnon
1281 1811 1504 1838 consentaneum,
1525 1807 1547 1834 si
1564 1807 1667 1842 puritas

47 1859 92 1878 eos
106 1854 200 1888 tangit,
219 1854 266 1888 qni
283 1860 297 1879 a
314 1853 433 1888 peccatis
451 1857 516 1880 sunt
532 1853 664 1888 inquinati
680 1863 686 1887 ;
706 1858 732 1881 et
748 1855 802 1882 vita
825 1861 958 1886 mortuos,
975 1859 1001 1882 et
1021 1856 1062 1881 via
1079 1863 1126 1882 eos
1144 1855 1190 1889 qui
1211 1855 1416 1886 aberrare-runt,
1432 1860 1461 1882 ut
1478 1859 1503 1882 ct
1519 1857 1668 1889 purgentur

48 1899 150 1928 sordes.
167 1904 193 1926 et
207 1899 241 1926 ab
260 1906 353 1926 errore
370 1902 492 1926 cessetur
503 1919 509 1930 ,
532 1903 558 1926 et
573 1899 643 1933 quod
663 1905 722 1927 erat
734 1904 871 1927 mortuum
884 1900 918 1928 ad
935 1901 1017 1927 vitam
1035 1899 1208 1927 revertatur?

337 1943 461 1970 ΚΕΦΛΛ.
480 1945 545 1971 KE’.

82 1989 119 2014 Τὸ
131 1989 157 2015 δὲ
167 1989 195 2015 ἐν
206 1991 237 2024 τῇ
252 1989 332 2024 φύσει
346 1989 422 2025 ἡμῶν
437 1989 562 2024 γενέσθαι
575 1989 623 2025 τὴν
635 1990 762 2025 Θεότητα,
778 1991 833 2022 τοῖς

52 2035 85 2070 μὴ
101 2035 160 2061 λίαν
183 2034 362 2071 μικροψύχοις
378 2035 536 2061 κατανοοῦσι
549 2035 583 2061 τὰ
597 2035 672 2066 ὂντα,
691 2036 784 2062 οὐδένα
799 2035 833 2062 ἂν

51 2080 80 2105 ὲκ
101 2081 145 2106 τοῦ
166 2081 277 2115 εὐλόγου
302 2080 426 2115 ξενισμὸν
451 2080 594 2114 ἐπαγάγοι.
622 2080 669 2112 Τίς
688 2081 741 2116 γὰρ
762 2081 833 2107 οὕτω

50 2127 142 2160 “ﬁmo;
156 2127 204 2161 τὴν
219 2126 318 2161 ψυχὴν,
338 2126 374 2157 ὡς
390 2127 428 2157 είς
446 2126 475 2152 τὸ
497 2127 550 2153 πᾶν
566 2126 727 2153 ἀποῦλέπων
745 2126 782 2161 μὴ
805 2127 832 2152 ἐν

52 2173 130 2198 παντὶ
153 2172 290 2199 πιστεύειν
316 2169 384 2198 εἶναι
399 2172 428 2198 τὸ
444 2171 531 2203 Θεῖον,
549 2173 595 2199 καὶ
612 2171 701 2199 ὲνδύον
722 2172 772 2206 μὲν
786 2172 832 2198 καὶ

51 2219 170 2252 περιέχον
192 2219 240 2245 καὶ
255 2218 456 2253 ὲγκαθήμενον;
471 2218 523 2244 Τοῦ
546 2218 600 2252 γὰρ
618 2218 692 2249 ὄντος
718 2218 833 2252 ἐξῆπται

49 2264 79 2288 τὰ
96 2264 191 2295 πάντα,
205 2265 251 2289 καὶ
266 2263 317 2289 οὐκ
333 2263 433 2289 ἔνεστιν
447 2261 514 2289 εἶναί
530 2272 568 2294 τι,
586 2263 623 2298 μὴ
638 2263 666 2290 ἐν
681 2262 718 2297 τῷ
730 2263 785 2289 ὄντι
803 2263 834 2289 τὸ

50 2306 116 2334 εἶναι
131 2309 200 2344 ἔχον.
221 2309 253 2334 Ei
270 2306 316 2334 οὖν
331 2309 359 2334 ὲν
378 2308 452 2343 αὐτῷ
469 2308 503 2334 τὰ
520 2309 618 2341 πάντα,
636 2309 683 2335 καὶ
704 2309 732 2335 ἐν
751 2309 833 2335 πᾶσιν

50 2354 145 2380 ἐκεῖνο·
156 2355 182 2381 τί
196 2355 404 2389 ἐπαισχύνονται
419 2355 448 2381 ὲν
463 2356 496 2390 τῇ
513 2354 650 2390 οἰκονομίᾳ
666 2354 711 2380 τοῦ
731 2363 834 2390 μυστη-

52 2400 105 2432 ρίου
119 2400 165 2425 τὴν
180 2400 244 2426 Θεὸν
258 2400 288 2426 ἐν
301 2398 454 2433 ἀνθρώποις
471 2399 635 2434 γεγενῆσθαι
655 2399 833 2431 διδάσκοντος,

50 2445 90 2470 τὸν
106 2445 168 2471 οὐδὲ
188 2445 234 2472 νῦν
255 2445 308 2479 ἔξω
332 2445 381 2471 τῶν
397 2444 545 2480 ἀνθρώπων
562 2442 630 2471 εἶναι
654 2444 835 2479 πεπιστευμέ-

50 2499 105 2521 Vn;
134 2491 165 2516 Εἰ
181 2490 235 2526 γὰρ
260 2490 308 2516 καὶ
330 2491 344 2516 ὁ
366 2490 464 2524 τρόπος
488 2490 537 2524 τῆς
559 2490 586 2516 ἐν
609 2490 673 2524 ἡμῖν
694 2489 740 2515 τοῦ
766 2489 834 2516 Θεοῦ

50 2536 209 2569 παρουσίας,
226 2536 277 2561 οὐκ
294 2534 374 2566 αὐτὸς
388 2532 462 2566 οὗτος
479 2535 591 2567 ἐκείνῳ·
611 2534 666 2560 ἀλλ’
690 2532 735 2561 οὖν
753 2535 784 2560 τὸ
807 2536 835 2560 ἐν

48 2582 62 2614 ἠ
68 2582 112 2614 μῖιι
126 2579 204 2613 εἶναι,
220 2580 268 2607 καὶ
281 2579 328 2606 νῦν
342 2580 388 2606 καὶ
402 2580 461 2606 τότε
477 2579 547 2607 κατὰ
560 2579 590 2606 τὸ
604 2577 661 2606 ἴσον
673 2580 836 2615 διωμολόγη-

48 2634 101 2652 ται.
120 2626 178 2653 Νῦν
199 2627 248 2661 μὲν
265 2624 312 2653 οὖν
327 2626 492 2661 ἐγκέκραται
504 2626 570 2661 ἡμῖν
585 2626 599 2652 ό
622 2626 739 2661 συνέχων
755 2627 784 2652 ὲν
797 2626 836 2661 τῷ

49 2670 115 2699 εἶναι
127 2673 177 2699 τὴν
192 2673 285 2708 φύσιν·
301 2672 359 2698 τότε
370 2672 397 2698 δὲ
408 2672 558 2707 κατεμίχθη
571 2671 638 2708 πρὸς
649 2672 678 2697 τὸ
692 2672 835 2707 ἡμέτερον,

49 2718 89 2743 ἵνα.
100 2719 134 2753 τῇ
145 2718 210 2753 πρὸς
221 2719 251 2744 ca
262 2718 339 2744 Θεῖον
353 2717 476 2751 ἐπιμιξίᾳ
485 2718 590 2752 γίνηται
607 2718 687 2749 θεῖον,
699 2716 836 2752 ἐξαιρεθὲν

50 2764 92 2790 τοῦ
103 2763 231 2796 θανάτου,
242 2763 289 2790 καὶ
305 2763 352 2798 τῆς
365 2762 409 2789 τοῦ
422 2762 607 2797 ἀντικειμένου
618 2762 772 2799 τυραννίδος
783 2760 836 2793 ἔξω

1164 1943 1278 1971 CAPUT
1298 1943 1380 1970 XXV.

919 1989 997 2022 Quod
1010 1994 1100 2016 autem
1114 1989 1140 2015 in
1154 1993 1249 2016 nostra
1261 1989 1398 2015 exstiterit
1413 1991 1510 2015 natura
1523 1987 1666 2020 Divinitas,

884 2035 917 2062 iis
933 2035 978 2070 qui
994 2042 1048 2061 non
1064 2034 1164 2068 pusillo
1181 2039 1207 2060 et
1234 2033 1342 2068 abjecto
1360 2034 1450 2060 animo
1471 2042 1502 2061 ea
1521 2042 1581 2068 qua:
1603 2038 1668 2061 sunt

884 2080 1071 2111 considerant,
1091 2079 1117 2106 id
1130 2086 1305 2114 nequaquam
1322 2078 1397 2106 dictu
1414 2086 1514 2106 novum
1530 2079 1669 2106 videbitur

883 2131 909 2153 et
932 2126 1063 2152 alienum.
1083 2125 1151 2158 Quis
1172 2129 1214 2153 est
1236 2125 1308 2152 enim
1327 2124 1394 2151 adeo
1412 2125 1509 2160 puerili
1531 2125 1622 2152 animo
1641 2129 1669 2151 et

884 2171 1005 2207 ingenio.
1020 2171 1050 2198 iit
1065 2171 1099 2198 ad
1120 2171 1325 2198 universitatem
1344 2171 1491 2205 aspiciens,
1513 2170 1540 2197 in
1557 2171 1668 2197 univcr-

884 2218 966 2246 sitate
982 2227 1036 2246 non
1055 2218 1149 2245 credat
1173 2211 1234 2245 esse
1251 2217 1346 2249 Deum,
1374 2225 1433 2245 eam
1458 2217 1616 2244 induentem
1643 2222 1670 2244 et

884 2263 1082 2295 continentem,
1098 2267 1125 2289 et
1139 2263 1163 2289 ei
1180 2261 1369 2289 insidentem?
1388 2262 1429 2288 Ab
1450 2269 1482 2288 eo
1501 2262 1574 2288 enim
1590 2261 1666 2296 quod

884 2312 938 2339 est,
959 2308 1076 2342 pendent
1092 2308 1196 2340 omnia,
1213 2315 1263 2335 nec
1279 2308 1336 2335 ﬁeri
1349 2311 1438 2342 potest
1454 2311 1484 2333 ut
1500 2307 1535 2333 sit
1551 2307 1668 2342 aliquid,

884 2353 957 2388 quod
982 2353 1008 2380 in
1025 2360 1058 2380 eo
1084 2352 1158 2387 quod
1178 2356 1231 2385 est,
1257 2361 1312 2380 non
1334 2353 1433 2380 habeat
1453 2352 1614 2380 essentiam.
1641 2352 1669 2380 Si

884 2404 950 2432 ergo
968 2397 995 2424 in
1020 2405 1053 2424 eo
1077 2403 1139 2424 sunt
1166 2398 1268 2430 omnia,
1297 2402 1323 2425 et
1346 2396 1413 2424 illud
1437 2398 1521 2424 estin
1543 2397 1671 2425 omnibus

885 2451 935 2470 cur
952 2450 999 2470 eos
1025 2443 1108 2478 pudet
1133 2442 1206 2478 quod
1224 2443 1384 2478 mysterium
1409 2443 1437 2469 in
1463 2443 1670 2477 dispensatione

885 2489 981 2519 doceat
999 2490 1082 2516 Deum
1094 2490 1234 2517 exstitisse
1251 2489 1322 2517 inter
1333 2489 1470 2522 homines,
1484 2490 1528 2526 qui
1543 2498 1576 2517 ne
1596 2497 1670 2516 nunc

887 2536 997 2572 quidem
1025 2536 1146 2563 creditur
1166 2543 1226 2563 esse
1251 2539 1329 2563 extra
1352 2535 1508 2563 hominem?
1529 2534 1595 2562 Nam
1617 2534 1670 2562 etsi

886 2582 985 2608 modus
1001 2580 1047 2608 Dei
1064 2581 1135 2608 inter
1148 2588 1198 2608 nos
1218 2581 1379 2615 praesentiae,
1395 2589 1449 2608 non
1467 2584 1509 2608 est
1529 2580 1574 2607 hic
1598 2579 1668 2606 idem

886 2628 932 2662 qui
948 2627 1011 2660 ille;
1026 2630 1145 2653 attamen
1160 2625 1232 2661 quod
1246 2627 1282 2653 sit
1299 2626 1325 2653 in
1341 2626 1419 2654 nobis
1431 2633 1463 2653 ex
1478 2633 1566 2660 aequo,
1583 2631 1670 2656 nunc,

887 2677 912 2699 et
928 2677 992 2699 tunc
1015 2672 1095 2706 plane
1113 2675 1230 2699 constat.
1253 2673 1342 2707 Atque
1358 2679 1431 2699 nunc
1453 2671 1561 2706 quidem
1586 2669 1669 2697 estin

888 2717 967 2744 nobis
992 2720 1224 2751 contemperatus,
1245 2717 1291 2751 qui
1330 2721 1454 2743 naturam
1487 2716 1608 2742 continet
1640 2714 1669 2742 in

888 2763 1028 2797 essentia;
1050 2767 1115 2789 tunc
1130 2766 1220 2790 autem
1240 2771 1301 2790 cum
1319 2765 1412 2790 nostra
1430 2765 1528 2788 natura
1549 2761 1670 2789 immista

1044 2845 1051 2853 .
1085 2838 1098 2850 κ
