1926 3080
239 99 275 128 61
871 101 899 128 S.
921 101 1082 130 GREGORll
1096 102 1242 130 NYSSENI
1841 104 1880 131 63

241 157 292 186 l'uit
307 156 458 191 Divinitas;
473 162 500 184 et
522 158 547 185 in
569 164 599 185 ea
617 161 716 185 nostra:
736 161 840 185 natura:
856 166 917 186 cum
934 159 1024 186 divina

1121 161 1229 196 ιόμενον.
1251 162 1282 188 ἸΙ
1308 162 1361 196 γὰρ
1378 162 1481 188 ἐκείνου
1504 161 1557 188 ἀπὸ
1571 161 1616 188 τοῦ
1639 160 1753 188 θανάτου
1781 160 1879 186 ἐπάν-

241 205 440 234 commistione.
466 209 559 231 nostra
581 204 676 232 elIecta
700 208 743 230 est
767 204 869 236 divina,
891 208 919 230 ut
934 212 994 239 qua:
1009 212 1024 230 a

241 254 331 278 morte
345 251 382 278 sit
395 255 531 285 exempta,
549 255 576 277 et
599 251 633 278 ab
648 251 799 277 adversarii
822 256 914 285 erepta
932 255 1026 286 tyran-

1078 206 1146 238 οδος,
1158 207 1228 242 ἀρχὴ
1241 207 1279 242 τῷ
1294 207 1382 243 θνητῷ
1390 209 1462 242 γένει
1473 208 1523 243 τῆς
1536 209 1575 239 εἱς
1585 207 1634 242 τὴν
1647 207 1780 234 ἀθάνατον
1795 205 1879 240 ζωὴν

1078 253 1207 278 ἐπανόδου
1224 253 1356 286 γίγνεται.

241 299 313 325 nide.
336 298 410 325 lllius
432 299 504 325 enim
527 306 541 324 a
564 303 652 326 morte
673 298 804 329 reversio,
831 298 933 325 exstitit
955 299 1062 325 mortali
1088 300 1179 334 generi
1207 301 1369 336 principium
1396 300 1561 328 reversionis
1586 300 1618 327 ad
1645 299 1728 326 vitam
1752 298 1880 324 immor-

242 342 331 368 talem.

510 390 624 418 CAPUT
646 389 740 416 XXVI.

278 435 332 462 Sed
350 435 380 462 in
403 435 584 463 examinanda
609 435 679 463 forte
696 435 805 470 justitia
829 439 856 462 et
882 434 1023 469 sapientia,

239 490 300 517 qua:
317 482 507 510 consideratur
534 482 560 508 in
578 482 628 508 hac
644 481 856 516 dispensatione.
883 481 1026 507 adducitur

240 527 359 554 fortasse
375 527 521 561 quispiam,
546 529 576 552 ut
594 527 730 554 existimet
746 525 841 553 fraude
864 525 933 553 lianc
954 525 1025 552 viam

239 577 265 600 et
285 574 417 600 rationem
441 580 455 599 a
474 572 529 599 Deo
550 580 600 607 pro
621 572 701 599 nobis
721 571 806 599 fuisse
830 572 1023 606 excogitatam.

242 618 320 650 Quod
345 618 417 645 enim
435 625 487 644 non
506 618 579 644 nuda
594 617 751 649 Divinitate,
768 616 814 644 sed
830 621 900 644 tecta
918 616 952 643 ab
975 616 1024 642 liu-

244 671 324 690 mana
343 668 452 695 natura,
466 662 539 690 Deus
553 663 586 690 ab
606 657 718 690 inimico
738 662 890 699 ignoratus,
917 662 944 688 in
961 668 1025 688 eum

239 711 286 746 qui
310 711 479 737 dominatum
507 710 664 742 obtinebat,
695 718 724 738 se
749 710 951 742 insinuaverit;
983 713 1026 736 cst

239 756 442 791 quodammodo
455 756 534 783 dolus
549 755 659 791 quidam
675 759 701 783 et
714 755 946 790 circumscriptio,
959 762 1021 782 cum

1358 389 1483 416 ΚΕΦΑΛ.
1504 390 1575 423 Kq'.

1121 435 1188 462 Ἄλλ¹
1206 435 1270 467 toto;
1282 443 1324 467 τις
1340 435 1368 461 ὲν
1381 436 1414 470 τῇ
1428 436 1478 470 τῆς
1493 433 1664 468 δικαιοσύνης
1678 433 1802 466 ἐξετάσει
1827 432 1882 458 καὶ

1080 482 1174 516 σοφίας
1190 481 1240 517 τῆς
1256 480 1327 507 κατὰ
1348 480 1397 516 τὴν
1416 480 1570 514 οἰκονομίαν
1592 478 1693 514 ταύτην
1710 478 1880 513 θεωρουμέ-

1079 536 1138 561 νης,
1157 527 1282 560 ὲνάγεται
1296 526 1364 562 πρὸς
1379 526 1408 551 τὸ
1421 525 1528 560 νομίσαι
1543 524 1650 560 ἀπάτην
1664 523 1724 550 τινὰ
1739 523 1880 557 τοιαύτην

1080 574 1189 609 μέθοδον
1208 572 1395 606 ὲπινενοῆσθαι
1418 572 1487 607 ὑπὲρ
1509 571 1586 606 ἡμῶν
1609 571 1648 606 τῷ
1666 570 1736 606 Θεῷ.
1760 571 1797 596 Τὸ
1816 572 1879 605 γὰρ

1078 620 1108 646 οὐ
1127 620 1215 654 γυμνῇ
1236 620 1268 654 τῇ
1281 618 1403 653 θεότητι,
1421 618 1477 644 ἀλλ’
1496 617 1548 644 ὑπὸ
1563 618 1611 653 τῆς
1624 617 1800 653 ἀνθρωπίνης
1819 616 1880 650 φύ-

1079 674 1147 697 σεως
1159 665 1362 700 κεκαλυμμένη,
1373 656 1539 699 ἀγνοηθέντα
1551 663 1623 699 παρὰ
1634 663 1680 690 τοῦ
1695 663 1811 698 Ἐχϐροῦ
1827 663 1879 689 τὸν

1079 710 1154 742 Θεὸν,
1167 710 1241 741 ἐντὸς
1257 709 1303 736 τοῦ
1320 709 1481 745 κρατοῦντος
1493 708 1629 743 γενέσθαι,
1643 709 1734 744 ἀπάτη
1749 708 1792 740 τίς
1812 709 1880 734 ἐστι

1078 756 1177 791 τρόπον
1197 755 1257 781 τινὰ
1275 756 1322 782 καὶ
1347 755 1560 790 παραλογισμὺς,
1586 754 1702 789 ἐπείπερ
1725 754 1798 780 ἴδιον
1816 754 1879 781 τῶν

241 803 279 830 sit
297 803 435 837 proprium
454 809 547 829 eorum
565 802 610 836 qui
629 802 779 836 decipiunt,
807 802 840 828 ad
864 801 937 828 aliud
958 807 1023 827 con-

1121 805 1243 832 ιτὼντων
1261 804 1336 836 ἐστὶ,
1362 804 1392 830 τὺ
1414 803 1482 839 πρὸς
1501 803 1593 838 ἕτερον
1613 803 1661 834 τὰς
1682 802 1735 828 τῶν
1755 802 1879 828 ἐπιϐου-

241 853 346 875 vertere
367 856 440 882 spem
454 855 561 880 eorum,
575 848 675 882 quibus
696 851 841 874 struuntur
864 845 981 877 insidiae,
998 849 1025 872 et

243 894 316 920 aliud
335 894 440 921 enicere
456 901 537 928 quam
556 893 626 927 quod
655 892 705 919 fuit
726 896 876 927 speratum.
905 891 957 918 Sed
977 890 1024 925 qui

244 939 344 974 aspicit
373 939 407 966 ad
439 939 600 969 veritatem,
632 938 682 964 hoc
718 945 828 972 quoque
859 937 1025 964 asscntictur

239 984 360 1011 omnium
390 984 507 1010 maxime
529 991 590 1010 esse
613 982 727 1017 iustitiae
747 986 774 1009 et
791 981 940 1016 sapientiae.
958 980 1024 1007 Nam

240 1029 308 1064 justi
326 1029 435 1064 quidem
460 1033 502 1055 est
525 1037 574 1063 pro
591 1028 696 1055 meritis
720 1027 869 1061 unicuique
893 1027 1023 1053 tribuere.

242 1074 380 1109 Sapientis
409 1078 499 1101 autem
530 1081 617 1108 neque
639 1073 743 1108 justum
774 1077 910 1104 avertere,
938 1078 1025 1106 neque.

240 1119 341 1145 bonum
369 1118 547 1152 benignitatis
580 1125 694 1152 scopum
723 1123 851 1151 separare
881 1123 896 1142 a
921 1115 1025 1150 judicio

240 1165 314 1200 quod
329 1164 357 1191 lit
372 1172 403 1191 ex
419 1164 537 1198 justitia,
562 1163 608 1190 sed
629 1167 690 1198 apte
702 1167 728 1190 et
751 1166 936 1197 congruenter
951 1165 1024 1188 utra-

239 1218 292 1246 que
306 1211 376 1237 inter
387 1217 415 1237 se
428 1208 724 1244 eonjungere,justitia:
739 1209 847 1243 quidem
862 1207 1021 1238 tribuendo.

238 1255 312 1289 quod
327 1255 409 1280 datur
425 1262 474 1288 pro
490 1253 613 1286 meritis;
631 1253 744 1280 bonitati
762 1256 863 1283 autem.
880 1252 952 1287 quod
969 1259 1024 1279 mn

240 1300 386 1327 recedatur
403 1307 417 1326 a
435 1306 518 1333 scopo
534 1299 720 1333 benignitatis.
745 1298 959 1325 Consideremus
973 1298 1025 1332 igi-

239 1350 284 1372 tur
300 1353 390 1372 annon
402 1345 459 1371 haec
472 1345 551 1371 ambo
564 1344 773 1371 considerentur
785 1344 812 1370 in
829 1344 862 1371 iis
877 1351 938 1378 quae
953 1343 1024 1370 facta

238 1396 312 1419 sunt.
331 1391 398 1418 Nam
418 1398 466 1426 par
481 1391 538 1425 pari
555 1398 604 1425 pro
630 1389 736 1417 meritis
756 1390 869 1421 referre,
885 1396 934 1424 per
951 1388 1024 1423 quod

238 1438 360 1465 vicissim
371 1437 507 1472 decipitur
517 1437 656 1470 deceptor,
669 1435 941 1470 ostenditjustitiam.
960 1434 1024 1469 Ejus

1121 1450 1176 1468 αιον
1190 1441 1324 1467 δείκνυσιν
1338 1448 1343 1453 ·
1361 1441 1375 1466 ὀ
1390 1440 1419 1466 δὲ
1433 1439 1533 1470 σκοπὸς
1548 1438 1594 1465 τοῦ
1606 1437 1780 1472 γιγνομένου,
1800 1446 1881 1472 μαρ-

239 1483 417 1516 autemquod
437 1481 464 1508 ﬁt
478 1489 590 1516 scopus,
615 1486 656 1508 est
680 1480 865 1507 testimonium
891 1480 1023 1507 bonitatis

1121 1485 1154 1512 ιία
1183 1485 1231 1520 τῆς
1260 1485 1306 1511 τοῦ
1337 1484 1510 1520 ἐνεργοῦντος
1537 1483 1703 1518 ἀγαθότητος
1731 1483 1881 1516 γίγνεται.

239 1529 300 1562 ejus
315 1529 361 1562 qui
382 1532 521 1561 operatur.
539 1526 605 1552 Nam
621 1525 735 1560 iustitia:
755 1525 864 1559 quidem
893 1529 935 1552 est
960 1532 1025 1560 pro-

240 1575 329 1609 prium
353 1573 501 1606 unicuique
517 1572 562 1598 illa
589 1571 719 1601 tribuere,
738 1571 816 1605 cujus
841 1571 974 1606 principia
999 1575 1025 1598 et

239 1627 338 1646 causas
355 1619 432 1653 prius
447 1618 551 1651 jecerat
565 1625 571 1650 ;
588 1617 724 1652 quomodo
737 1620 808 1643 terra
829 1617 1025 1642 convenienter

240 1665 392 1692 seminibus
409 1671 470 1698 qum
490 1663 516 1689 in
537 1670 595 1689 eam
610 1662 683 1696 jacta
707 1665 781 1694 sunt,
805 1661 909 1688 fructus
926 1661 1022 1688 reddit.

241 1711 393 1745 Sapientia:
406 1715 496 1735 autem
511 1713 564 1739 est.
582 1708 607 1735 in
625 1708 704 1735 modo
721 1708 848 1735 reddendi
876 1708 975 1734 similia
990 1707 1025 1734 ab

239 1765 272 1784 co
286 1755 358 1791 quod
371 1760 412 1782 est
427 1755 523 1781 melius
541 1762 595 1781 non
614 1754 764 1781 discedere.
783 1753 841 1786 Quo
853 1753 933 1780 modo
952 1754 1023 1780 enim

240 1803 304 1829 cibo
331 1801 509 1836 pharmacum
530 1800 656 1828 similiter
676 1800 820 1832 admiscet,
843 1803 870 1826 et
889 1799 934 1833 qui
958 1799 1025 1825 insi-

240 1848 342 1877 diatur,
356 1850 382 1873 et
398 1846 444 1880 qui
454 1846 478 1873 ei
492 1845 615 1872 medetur
627 1844 673 1879 qui
686 1844 821 1878 appetitus
834 1843 884 1870 I‘uit
898 1843 1022 1870 insidiis:

239 1893 286 1921 sed
311 1893 355 1920 ille
378 1892 488 1927 quidem
516 1898 651 1918 venenum
681 1891 783 1925 praebet
810 1890 957 1923 letiferum,
982 1889 1025 1915 hic

239 1943 329 1965 autem
358 1937 454 1964 veneni
479 1937 581 1971 praebet
611 1936 860 1967 medicamentum,
876 1938 904 1961 et
928 1934 1025 1961 modus

239 1984 390 2012 curationis
413 1983 526 2009 minime
554 1981 708 2016 corrumpit
729 1988 841 2015 scopum
866 1980 1026 2007 conferendi

1075 852 1225 886 λευομένων
1241 850 1348 881 ἐλπίδας
1364 849 1484 885 τρέπειν,
1507 849 1554 875 καὶ
1568 848 1631 876 ἄλλο
1646 847 1721 884 παρὰ
1743 847 1773 873 τὸ
1792 848 1881 873 ἐλπι-

1077 895 1138 922 σθὲν
1153 893 1379 929 κατεργάζεσθαι·
1398 893 1454 919 ἀλλ’
1475 893 1488 919 ὁ
1506 893 1573 927 πρὸς
1595 891 1644 927 τὴν
1658 890 1787 925 ἀλήθειαν
1809 889 1880 924 βλέ-

1076 950 1144 972 πων,
1169 940 1275 966 πάντων
1306 938 1421 974 μάλιστα
1444 937 1492 964 καὶ
1518 937 1597 963 τοῦτο
1623 936 1674 971 τῆς
1695 935 1880 969 δικαιοσύνης

1074 995 1104 1013 τε
1116 987 1163 1013 καὶ
1177 986 1226 1020 τῆς
1243 985 1337 1019 σοφίας
1354 981 1423 1010 εἶναι
1438 981 1608 1018 συνθήσεται.
1620 981 1732 1008 Δικαίου
1747 981 1798 1016 μὲν
1816 982 1879 1015 γάρ

1075 1033 1143 1063 ἐστι,
1159 1031 1190 1058 τὸ
1205 1027 1264 1057 κατ’
1279 1030 1357 1062 ἀξίαν
1374 1029 1481 1064 ἑκάστῳ
1493 1028 1596 1062 νέμειν·
1613 1026 1696 1060 σοφοῦ
1711 1027 1739 1053 δὲ
1753 1027 1784 1052 τὸ
1800 1027 1879 1061 μήτε

1075 1076 1262 1113 παρατρέπειν
1280 1075 1310 1101 τὸ
1324 1074 1438 1105 δίκαιον,
1456 1073 1524 1108 μήτε
1537 1073 1583 1098 τὸν
1594 1071 1698 1106 ἀγαθὸν
1710 1071 1760 1106 τῆς
1774 1071 1880 1105 φιλαν-

1076 1121 1198 1157 θρωπίας
1224 1120 1323 1146 σκοπὸν
1346 1118 1525 1154 ἀποχωρίζειν
1548 1118 1597 1153 τῆς
1622 1117 1691 1144 κατὰ
1711 1116 1741 1142 τὸ
1765 1116 1880 1142 δίκαιον

1070 1168 1207 1204 κρίσεως,
1223 1166 1290 1193 ἀλλὰ
1306 1165 1449 1192 συνάπτειν
1461 1164 1586 1199 ἀλλήλοις
1600 1162 1763 1198 εὐμηχάνους
1777 1161 1880 1196 ἀμ.φὸ-

1074 1222 1151 1249 τερα,
1168 1215 1200 1248 τῇ
1217 1212 1266 1248 μὲν
1280 1211 1436 1247 δικαιοσύνῃ
1449 1230 1456 1242 ,
1472 1210 1501 1236 τὺ
1517 1210 1575 1236 κατ’
1595 1208 1673 1241 ἀξίαν
1688 1207 1879 1234 ἀντιδιδόντα-

1075 1261 1107 1294 τῇ
1121 1259 1148 1285 δὲ
1163 1258 1320 1293 ἀγαῠότητι,
1341 1257 1387 1283 τοῦ
1410 1255 1511 1282 σκοποῦ
1533 1257 1582 1291 τῆς
1601 1253 1809 1289 φιλανθρωπίας
1825 1254 1883 1278 οὐκ

1075 1304 1261 1340 ἐξιστάμενον.
1279 1304 1463 1337 Σκοπὴσωμεν
1477 1301 1564 1328 τοίνυν
1576 1303 1599 1327 εἰ
1619 1301 1656 1336 μὴ
1670 1301 1705 1326 τὰ
1720 1300 1767 1326 δύο
1782 1300 1883 1326 ταῦτα

1073 1351 1130 1380 τοῖς
1157 1349 1296 1383 γεγονόσιν
1323 1347 1504 1382 ἑνθεωρεῖται.
1531 1346 1562 1372 'H
1589 1346 1638 1380 μὲν
1662 1345 1718 1380 γὰρ
1739 1344 1787 1371 τοῦ
1811 1345 1881 1371 κατ’

1075 1395 1151 1428 ἀξίαν
1167 1394 1298 1426 ἀντίδοσις
1310 1414 1317 1426 ,
1335 1394 1367 1420 δι’
1387 1391 1420 1429 ἧς
1434 1395 1448 1420 ὁ
1465 1392 1590 1419 ἀπατεὼν
1614 1392 1828 1424 ἀνταπατᾶται,
1847 1392 1884 1417 ’τὸ

1078 1531 1156 1556 Ἰδιον
1180 1530 1227 1565 μὲν
1249 1530 1303 1564 γὰρ
1323 1530 1372 1565 τῆς
1394 1530 1576 1565 δικαιοσύνης,
1604 1528 1635 1555 τὸ
1658 1529 1751 1554 ἐκεῖνα
1778 1528 1884 1565 νέμειν

1076 1577 1193 1611 ἑκάστῳ,
1215 1573 1252 1602 ὧν
1272 1585 1312 1607 τις
1331 1576 1381 1606 τὰς
1395 1575 1482 1611 ἀρχὰς
1496 1575 1543 1602 καὶ
1566 1575 1614 1606 τὰς
1638 1575 1728 1606 αἰτίας
1748 1583 1885 1610 προκατ-

1076 1621 1202 1648 εῆἀλετο·
1215 1620 1308 1656 ὥσπερ
1323 1622 1339 1655 ὴ
1354 1621 1390 1655 γῆ
1406 1622 1476 1647 κατὰ
1491 1620 1525 1646 τὰ.
1537 1620 1602 1655 γένη
1618 1620 1671 1646 τῶν
1684 1621 1885 1656 καταϐληθέν-

1075 1676 1128 1693 των
1140 1667 1314 1702 σπερμάτων,
1328 1667 1374 1693 καὶ
1390 1666 1452 1697 τοὺς
1465 1667 1588 1701 καρποὺς
1599 1665 1753 1692 ἀναδίδωσι.
1770 1666 1885 1700 Σοφξεις

1075 1713 1103 1739 δὲ
1117 1713 1147 1739 τὸ
1170 1713 1198 1739 ὲν
1219 1712 1258 1746 τῷ
1276 1712 1370 1747 τρόπῳ
1387 1711 1435 1747 τῆς
1456 1712 1509 1738 τῶν
1530 1711 1631 1746 ὁμοίων
1651 1711 1819 1743 ἀντιδόσεως
1841 1713 1886 1747 μὴ

1076 1758 1201 1784 ἐκπεσεῖν
1225 1756 1272 1783 τοῦ
1297 1756 1441 1791 βελτίονος.
1467 1757 1573 1792 ’Ὠσπερ
1596 1756 1651 1791 γὰρ
1676 1756 1715 1791 τῷ
1741 1756 1886 1791 ἐδέσματι

1075 1803 1175 1838 ὁμοίως
1187 1802 1373 1837 παραμίγνυσι
1384 1802 1413 1828 τὺ
1424 1802 1580 1838 φάρμακον,
1593 1803 1638 1829 καὶ
1647 1803 1661 1828 ὁ
1674 1802 1886 1835 ἐπιϐουλεύων,

1077 1849 1123 1876 καὶ
1137 1849 1150 1875 ὁ
1165 1849 1209 1875 τὸν
1231 1848 1454 1875 ἐπιϐουλευθέντα
1471 1847 1595 1883 ἰώμενος·
1610 1848 1667 1875 ἀλλ’
1680 1849 1694 1875 ὁ
1712 1849 1762 1883 μὲν
1778 1849 1812 1875 τὺ
1833 1850 1887 1883 δη-

1076 1895 1214 1931 λητήριον,
1234 1896 1248 1921 ὁ
1271 1895 1299 1921 δὲ
1315 1894 1345 1920 τὺ
1369 1894 1415 1920 τοῦ
1440 1894 1604 1929 δηλητηρίου
1621 1894 1794 1930 ἀλεξιτὴριον
1807 1905 1815 1910 -
1834 1898 1888 1925 καὶ

1076 1940 1150 1966 οὐδὲν
1167 1940 1181 1965 ὁ
1195 1939 1294 1974 τρόπος
1308 1939 1356 1973 τῆς
1370 1939 1526 1974 θεραπείας,
1544 1939 1590 1965 τὸν
1611 1939 1712 1965 σκοπὸν
1725 1939 1777 1974 τῆς
1795 1940 1890 1977 εὐερ-

1076 1984 1170 2017 γεσίας
1198 1983 1391 2018 διελυμήνατο·
1422 1984 1446 2009 εἰ
1472 1983 1525 2018 γὰρ
1545 1983 1592 2009 καὶ
1617 1984 1683 2018 παρ’
1707 1984 1889 2021 ἀμφοτέρων

239 2030 382 2062 beneﬁcii;
407 2036 470 2055 nam
496 2028 549 2055 etsi
575 2027 608 2054 ab
626 2027 750 2061 utrisque
772 2027 798 2053 in
825 2027 954 2053 alimento
981 2025 1024 2052 ﬁat

1121 2028 1222 2062 ρμὰκου
1244 2027 1316 2062 μίξις
1336 2028 1364 2054 ἐν
1387 2029 1474 2063 τροφῇ
1491 2028 1630 2061 γίγνεται,
1649 2028 1717 2054 ἁλλά
1739 2030 1814 2063 πρὸς
1836 2031 1890 2057 τὸν

239 2076 332 2103 ηιὶειίὒ
361 2075 522 2110 pharmnci,
554 2081 667 2108 scopum
696 2078 785 2099 tamen
816 2076 844 2099 et
869 2072 1024 2098 institutum

1121 2074 1178 2100 »πον
1199 2073 1411 2108 ἀποϐλέψαντες,
1430 2074 1475 2100 τὸν
1497 2074 1546 2108 μὲν
1570 2074 1748 2109 ἐπαινοῦμεν,
1777 2076 1831 2103 τὸν
1857 2077 1890 2104 δὲ

239 2122 413 2156 aspicientes,
443 2121 515 2146 hunc
532 2118 639 2152 quidem
661 2117 816 2148 laudamus,
834 2117 909 2143 illum
936 2123 1024 2143 autem

1121 2119 1294 2154 ιεπαίνομεν·
1322 2118 1391 2145 οὕτω
1415 2120 1462 2145 καὶ
1482 2119 1609 2151 ἐνταῦθα,
1627 2120 1665 2156 τῷ
1691 2121 1742 2156 μὲν
1759 2124 1840 2151 κατὰ
1854 2127 1889 2152 τὸ

240 2167 349 2194 odimus
363 2169 390 2192 et
405 2171 566 2191 aversantur
581 2163 637 2189 :ita
654 2162 698 2188 hic
714 2169 833 2196 quoque,
849 2163 954 2189 ratione
967 2162 1024 2196 qui-

1123 2172 1180 2190 αιον
1192 2163 1274 2198 λόγῳ,
1293 2164 1383 2191 ἐκεῖνα
1400 2165 1413 2190 ὁ
1427 2164 1552 2191 ἀπατεὼν
1566 2165 1775 2201 ἀντιλαμϐάνει,
1794 2166 1839 2196 ὧν
1852 2172 1891 2199 τὰ

241 2213 302 2238 dem
318 2210 434 2244 justilitc
450 2210 495 2236 illa
511 2208 611 2242 recipit
626 2208 766 2242 deceptor,
785 2215 901 2242 quorum
923 2209 1024 2235 semina

1121 2208 1223 2243 ἕρματα
1246 2209 1288 2235 διὰ
1314 2209 1364 2243 τῆς
1387 2209 1454 2241 ιδίας
1479 2211 1667 2246 προαιρέσεως
1695 2214 1891 2245 κατεϐάλετο,

241 2263 292 2282 suo
307 2255 393 2281 libero
407 2254 511 2288 jecerat
525 2253 649 2279 arbitrio.
666 2252 734 2279 Nam
756 2252 812 2286 ipse
828 2260 937 2287 quoque
953 2253 1024 2280 deci-

1121 2256 1232 2281 πτατᾱται
1247 2255 1300 2290 γὰρ
1319 2257 1365 2282 καὶ
1381 2256 1461 2287 αὐτὸς
1475 2256 1513 2291 τῷ
1526 2256 1572 2282 τοῦ
1586 2257 1734 2292 ἀνθρώπου
1753 2262 1891 2298 προϐλή-

241 2302 314 2336 pitur
340 2300 447 2334 objecta
473 2299 592 2326 hominis
617 2299 716 2333 specie,
731 2300 777 2333 qui
801 2307 864 2326 esca
881 2300 1024 2334 voluptatis

1121 2309 1154 2331 τι,
1177 2302 1191 2327 ὁ
1208 2302 1405 2336 προαπατήσας
1425 2301 1470 2328 τὸν
1492 2302 1635 2337 ἄνθρωπον
1657 2303 1698 2338 τῷ
1712 2304 1765 2339 τῆς
1782 2306 1893 2343 ἡδονῆς

240 2346 380 2373 hominem
395 2345 471 2379 prius
487 2344 641 2378 deceperat.
653 2343 751 2371 Eorum
768 2349 858 2372 autem
877 2353 935 2379 quae
949 2345 1024 2376 tiuut,

1121 2347 1249 2382 crispum.
1260 2347 1288 2373 '0
1299 2346 1327 2372 δὲ
1339 2347 1437 2379 σκοπὸς
1448 2347 1501 2374 τῶν
1509 2349 1679 2383 γιγνομένων
1690 2350 1738 2376 ἐπὶ
1747 2351 1780 2377 τὸ
1794 2356 1895 2388 κρεῖτ-

241 2399 342 2426 scopus
361 2396 388 2418 et
402 2390 559 2418 institutum
573 2390 653 2417 habet
665 2392 845 2418 mutationem
860 2391 893 2418 ad
909 2392 934 2418 id
953 2391 1024 2426 quod

1121 2393 1187 2426 »τὴν
1207 2392 1383 2428 παραλλαγὴν
1403 2393 1468 2427 ἔχει.
1489 2393 1517 2419 '0
1532 2394 1580 2429 μὲν
1597 2395 1651 2430 γὰρ
1673 2396 1721 2422 ἐπὶ
1739 2396 1895 2432 διαφθορᾷ

241 2425 407 2465 ρειγιιιοιίυε.
432 2436 499 2463 Nam
523 2437 567 2463 ille
589 2436 698 2470 quidem
725 2437 819 2464 l‘raude
842 2445 909 2465 usus
935 2425 977 2464 eat
994 2436 1024 2463 ad

1121 2446 1129 2469 ;
1142 2425 1253 2471 ιριῑσεως⁷
1260 2438 1309 2472 τὴν
1321 2425 1433 2474 ἀπάτην
1444 2425 1608 2474 ἐνήργησενί
1622 2425 1675 2466 δ’δὲ
1689 2425 1806 2474 δίκαιος
1816 2425 1894 2478 aia:

242 2481 428 2518 perimendam
445 2485 569 2508 naturam
583 2491 591 2516 ;
608 2482 653 2509 hic
668 2487 757 2509 autem
777 2482 869 2514 simul,
884 2487 911 2508 et
924 2482 1024 2516 justus,

1121 2482 1251 2515 ιὰγαθὸς,
1268 2482 1314 2508 καὶ
1329 2483 1424 2516 σοφὸς,
1446 2484 1491 2509 ἐπὶ
1514 2485 1637 2519 σωτηρίᾳ
1661 2485 1711 2511 τοῦ
1738 2489 1897 2522 καταφθα-

242 2533 270 2556 et
285 2528 384 2560 bonus,
399 2531 427 2554 et
454 2527 574 2562 sapiens.
597 2528 778 2562 excogitatam
804 2527 929 2554 adhibuit
949 2527 1024 2553 dece-

1121 2535 1171 2558 ito;
1187 2529 1219 2562 τῇ
1241 2527 1346 2562 ἐπινοίᾳ
1370 2528 1420 2562 τῆς
1439 2529 1546 2564 ἀπάτης
1569 2531 1724 2564 ἐχρήσατο,
1747 2532 1781 2558 οὐ
1804 2536 1898 2568 μόνον

243 2574 363 2609 ptionem
391 2573 424 2600 ad
450 2574 565 2600 salutem
582 2573 643 2607 ejus
659 2573 704 2608 qui
733 2573 869 2606 perierat,
901 2579 947 2607 per
972 2573 1024 2598 haec

1121 2579 1127 2596 β
1140 2571 1295 2598 ἀπολωλότα
1305 2572 1348 2598 διὰ
1359 2573 1462 2599 τούτων
1472 2574 1636 2609 εὐεργετῶν,
1649 2575 1720 2602 ἀλλὰ
1732 2577 1784 2604 καὶ
1802 2580 1896 2608 αὑτὸν

243 2618 375 2646 beneﬁcio
388 2617 507 2645 alliciens
524 2626 579 2645 non
596 2618 684 2645 solum
698 2626 760 2644 eum
774 2618 820 2652 qui
835 2617 964 2651 perierat.
981 2617 1024 2644 sed

1121 2625 1125 2639 ι
1141 2615 1277 2643 ἀπώλειαν
1298 2617 1359 2643 καθ’
1373 2618 1451 2653 ἡμῶν
1470 2620 1668 2655 ὲνεργήσαντα.
1691 2623 1740 2649 Ἐκ
1755 2624 1817 2660 γὰρ
1840 2629 1896 2655 τοῦ

242 2673 304 2692 eum
319 2672 428 2699 quoque
441 2664 486 2699 qui
501 2665 580 2691 nobis
596 2664 725 2690 attulerat
741 2663 891 2690 interitum.
913 2662 980 2688 Nam
996 2670 1024 2689 ex

1121 2663 1259 2696 οσεγγίσαι
1273 2664 1304 2697 τῇ
1319 2662 1374 2699 ζωῇ
1393 2663 1442 2698 μὲν
1459 2664 1504 2690 τὸν
1519 2665 1644 2698 θάνατον,
1661 2667 1703 2701 τῷ
1719 2669 1796 2702 φωτὶ
1811 2670 1843 2699 δὲ
1863 2674 1899 2700 τὸ

243 2719 276 2739 co
300 2711 373 2746 quod
392 2712 455 2739 vitae
479 2711 589 2746 quidem
616 2717 691 2736 mors
716 2709 954 2744 appropinquavit,
975 2707 1024 2734 luci

1121 2708 1187 2740 ἆτος,
1205 2710 1237 2743 τῇ
1251 2709 1387 2744 ἀφθαρσίᾳ
1409 2709 1437 2736 δὲ
1451 2711 1499 2745 τὴν
1521 2711 1634 2746 φθοράν
1657 2714 1823 2750 ἅφανισμὺς
1840 2721 1898 2754 μὲν

245 2761 335 2784 autem
364 2758 502 2788 tenebrae,
531 2755 659 2783 interitus
692 2759 783 2782 autem
813 2753 1024 2788 incorruptioni,

1121 2753 1128 2778 3
1143 2754 1262 2802 χείρονος
1286 2754 1487 2802 Ibus-caltam!
1501 2757 1541 2788 εἰς
1559 2758 1590 2783 τὸ
1606 2758 1643 2793 μὴ
1662 2758 1693 2785 ὃν
1715 2762 1899 2802 μεταχώρη,

244 2803 350 2831 deletur
363 2803 473 2839 quidem
488 2803 515 2830 id
533 2801 604 2837 quod
621 2805 663 2829 est
676 2800 808 2832 deterius,
823 2805 848 2827 ct
863 2800 896 2827 ad
909 2799 935 2826 id
951 2799 1023 2834 quod

1131 2806 1137 2812 ·
1153 2799 1269 2832 ὠφέλεια
1285 2799 1312 2824 δὲ
1327 2799 1372 2825 τοῦ
1387 2800 1440 2827 ἀπὸ
1459 2801 1561 2828 τούτων
1584 2803 1807 2840 καθαιρομένου.
1830 2799 1897 2839 Κέ-
