1926 3080
54 111 87 136 ra
675 109 801 137 ORATlO
817 107 1065 136 CATECHETICA.
1650 105 1684 133 70

54 167 146 202 θὰπερ
169 167 223 202 γὰρ
239 167 288 202 τῆς
300 167 464 203 ἀτιμοτέρας
478 167 543 203 ὕλης
559 168 598 202 τῷ
618 167 710 203 χρυσῷ
731 175 845 202 καταμι-

900 173 955 193 non
970 170 1011 192 est
1026 165 1054 191 lit
1076 164 1229 196 transitus;
1258 168 1284 190 et
1305 163 1418 198 juvatur
1446 162 1471 190 id
1494 162 1567 197 quod
1595 170 1626 189 ex
1650 163 1683 189 iis

55 212 181 246 χθείσ-ης,
195 213 228 248 τῇ
239 211 283 239 διὰ
295 212 341 238 τοῦ
353 213 437 247 πυρὸς
451 213 558 249 δαπάνῃ
570 213 600 239 τὸ
611 212 747 248 ἀλλότριόν
761 221 790 238 τε
801 212 846 237 καὶ

55 257 211 292 ἀπόϐλητον
226 258 251 283 οἱ
268 257 431 293 θεροιτιιευτα)⁸
445 257 492 284 τοῦ
511 258 622 293 χρυσίου
640 257 847 284 καταναλώσαν-

56 311 109 335 τες,
125 303 211 329 πάλιν
224 304 388 338 ἐπανάγουσι
409 304 477 339 πρὸς
491 304 541 339 τὴν
563 303 630 330 κατὰ
643 303 722 338 φύσιν
735 304 846 339 λαμπη-

55 348 115 375 δόνα
129 348 181 383 τὴν
195 349 396 384 προτιμοτέραν
415 348 496 384 ὓλην·
515 350 564 375 οὐκ
583 349 682 381 ἄπονος
699 350 790 384 μέντοι
806 349 847 383 γί-

56 401 129 419 νεται
152 394 170 428 ἡ
189 393 336 428 διάκρισις,
361 394 448 429 χρόνῳ
464 394 509 420 τοῦ
532 395 617 429 πυρὸς
637 395 670 429 τῇ
692 394 845 429 ἀναλωτικῇ

56 437 170 472 δύναμει
185 438 216 463 τὸ
230 437 305 464 νόθον
319 437 535 472 ἔξαφανίζοντος,
554 438 622 473 πλὴν
635 439 701 465 ἀλλὰ
714 439 846 475 θεραπεία

56 482 96 514 τίς
118 483 180 508 ἐστι
197 483 245 509 τοῦ
266 483 386 518 χρυσίου,
402 483 434 509 τὸ
456 483 604 518 ὲκτακῆναι
624 485 687 519 παρ’
707 484 796 519 αὐτῷ,
816 484 846 510 τὺ

57 528 101 554 ἐπὶ
115 527 190 564 λύμῃ
206 528 254 555 τοῦ
269 529 350 556 καλοῦ
367 529 525 564 ἐγκείμενον
535 536 541 543 ⁸
556 530 626 556 κατὰ
637 530 681 556 τὸν
693 530 773 556 αὑτὸν
789 530 847 565 τρό-

57 581 105 599 πον
121 573 239 600 Θανάτου
257 574 303 600 καὶ
316 573 418 609 φθορᾶς
431 593 437 606 ,
453 575 501 601 καὶ
518 575 639 606 σκότους.
655 575 700 600 καὶ
717 575 742 600 εἰ
756 583 781 601 τι
796 583 846 601 κα-

58 618 116 650 κίας
132 619 257 652 ἔκγονον,
271 619 311 654 τῷ
328 620 424 655 εὑρετῇ
450 619 497 646 τοῦ
516 620 600 647 κακοῦ
616 621 816 656 περιφυέντων,
832 621 846 647 ὁ

58 665 264 700 προσεγγισμδς
279 666 327 701 τῆς
339 666 414 698 θείας
428 667 567 702 δυνάμεως
582 667 667 702 πυρὸς
681 667 759 702 δίκην
777 669 846 702 ἀφα-

59 710 150 744 νισμδν
169 711 218 736 τοῦ
240 711 316 747 παρὰ
335 711 415 746 φύσιν
436 713 673 748 κατεργασάμενος
685 733 692 742 .
709 714 848 748 εὐεργετεῖ

59 757 88 790 τῇ
104 755 243 792 ἀφθαρσίᾳ
259 757 307 791 τὴν
321 757 410 790 φύσιν,
427 758 478 784 κᾶν
490 759 616 790 ἐπίπονος
632 760 648 794 ἡ
664 759 797 795 διάκρισις

59 801 159 827 Οὐκοῦν
174 801 232 827 οὐδ’
247 802 280 828 ἂν
294 803 358 837 παρ’
375 803 456 829 αὐτοῦ
469 803 513 829 τοῦ
525 804 711 839 ἀντικειμένου
727 805 763 840 μὴ
777 803 846 832 εἶναι

59 846 157 874 δίκαιόν
166 856 196 873 τε
207 848 256 874 καὶ
267 849 397 883 σωτήριον
407 849 437 875 τὺ
446 850 555 883 γεγονὸς
564 851 848 887 ἀμφιϐάλλοιτο,εῐπερ

59 893 96 923 εἰς
109 892 239 927 αἴσθησιν
249 893 299 928 τῆς
312 894 471 929 εὐεργεσίας
483 895 563 922 ἔλθοι.
577 896 644 922 Νυνὶ
657 897 711 932 γὰρ
722 897 847 933 καθάπερ

59 939 80 964 οἱ
94 939 137 965 ἐπὶ
148 939 284 974 θεραπείᾳ
297 940 455 975 τεμνόμενοί
469 942 553 968 τεκαὶ
566 942 705 977 καιόμενοι
719 943 847 978 χαλεπαί-

59 992 129 1010 νουσι
144 986 202 1016 τοῖς
217 985 407 1022 θεραπεύουσι,
422 988 455 1022 τῇ
471 987 552 1024 ὀδύνῃ
571 988 620 1023 τῆς
635 989 719 1024 τομῆς
734 989 848 1024 δριμυσ-

61 1031 163 1064 σόμενοι
174 1041 181 1047 ·
209 1032 234 1057 εἰ
248 1031 277 1057 δὲ
292 1032 321 1058 τὸ
336 1032 467 1065 ὑγιαίνειν
481 1033 524 1059 διὰ
539 1033 633 1060 τούτου
653 1034 828 1070 προσγένοιτο
838 1056 845 1067 ,

60 1077 102 1102 καὶ
112 1077 128 1111 ὴ
139 1077 190 1111 τῆς
203 1077 329 1108 καύσεως
345 1077 468 1113 ἀλγηδὼν
480 1079 619 1114 παρέλθοι,
636 1079 716 1115 χάριν
730 1081 847 1106 εἴσονται

58 1124 111 1153 τοῖς
122 1122 171 1158 τὴν
186 1123 336 1158 θεραπείαν
350 1124 392 1151 ἐπ’
409 1124 507 1156 αὐτοὺς
521 1125 685 1160 ὲνεργήσασι
695 1134 702 1140 ·
719 1125 787 1152 κατὰ
802 1126 846 1151 τὸν

60 1169 136 1195 αὐτοι
159 1170 264 1204 τρόπον
287 1171 346 1201 ταῖς
367 1172 484 1206 μακραῖς
508 1172 641 1207 περιόδοις
663 1171 848 1208 ἐξαιρεθέντος

59 1215 102 1240 τοῦ
125 1215 212 1240 κακοῦ
238 1215 289 1249 τῆς
316 1215 438 1249 φύσεως,
463 1216 510 1242 τοῦ
537 1216 585 1242 νῦν
611 1217 703 1248 αὐτοῖς
731 1226 848 1252 διαταμι-

59 1258 164 1293 χθέντος
189 1261 239 1286 καὶ
257 1261 442 1295 συμφυέντος,
465 1261 572 1289 ἐπειδὰν
591 1263 606 1297 ἡ
629 1263 668 1293 είς
690 1262 719 1288 τὸ
736 1263 847 1297 ἀρχαῖον

61 1305 281 1337 ἀποκατάστασις
296 1306 350 1332 τῶν
370 1306 417 1333 νῦν
433 1307 462 1333 ἐν
478 1307 561 1342 κακίᾳ.
576 1307 710 1342 κειμένων
724 1308 846 1343 γένηται,

61 1350 195 1384 ὁμόςωνος
208 1351 369 1386 εὐχαριστία
381 1352 457 1387 παρὰ
471 1353 560 1388 πάσης
572 1352 647 1379 ἔσται
658 1355 706 1388 τῆς
719 1354 846 1386 κτίσεως,

61 1396 104 1422 καὶ
116 1397 168 1423 τῶν
185 1397 217 1423 ὲν
230 1399 264 1432 τῇ
278 1397 408 1433 καθάρσει
422 1398 638 1433 κεκολασμένων,
653 1399 764 1425 καὶτῶν
780 1399 847 1434 μηδὲ

61 1443 106 1478 τὴν
123 1444 212 1479 ἀρχὴν
232 1443 429 1478 ὲπιδεηθέντων
448 1444 618 1479 καθάρσεως.
641 1444 733 1471 Ταῦτα
750 1445 797 1471 καὶ
813 1446 846 1471 τὰ

61 1489 165 1516 τοιαῦτα
189 1489 359 1524 παραδίδωσι
382 1489 412 1515 τὸ
435 1490 505 1525 μέγα
529 1490 676 1525 μυστήριον
698 1490 747 1524 τῆς
773 1489 846 1521 θείας

62 1535 300 1572 ὲνανθρωπήσεως.
316 1535 355 1562 Δι’
368 1531 405 1562 ὧν
419 1536 473 1571 γὰρ
492 1535 642 1570 κατεμίχθη
658 1537 691 1571 τῇ
707 1535 846 1571 ἀνθρωπό-

61 1590 126 1616 τητι,
142 1582 185 1608 διὰ
198 1582 318 1608 πάντων
337 1581 391 1608 τῶν
412 1581 461 1616 τῆς
477 1581 583 1614 φύσεως
604 1581 754 1615 ἰδιωμάτων
769 1581 846 1615 γενόα

63 1635 146 1662 μενος,
161 1627 298 1662 γενέσεώς
309 1636 337 1654 τε
352 1628 398 1654 καὶ
409 1627 563 1661 ἀνατροφῆς
578 1627 624 1653 καὶ
636 1627 785 1662 αὐξήσεως,
800 1627 846 1653 καὶ

62 1673 137 1708 μέχρι
151 1675 200 1710 τῆς
225 1674 273 1700 τοῦ
288 1674 400 1701 θανάτου
423 1674 520 1709 πείρας
540 1672 690 1706 διεξελθὼν,
705 1673 739 1699 τὰ
756 1681 847 1707 προει-

64 1718 162 1752 ρημένα
187 1719 279 1745 πάντα
300 1718 510 1754 κατείργασται,
529 1717 574 1745 τόν
597 1725 625 1744 τε
643 1717 783 1752 ἄνθρωπον
797 1718 847 1752 τῆς

63 1763 154 1794 κακίας
167 1763 331 1799 ἐλευθερῶν.
347 1765 392 1790 καὶ
407 1764 485 1791 αὑτὸν
498 1765 543 1791 τὸν
556 1764 604 1800 τῆς
618 1765 717 1796 κακίας
734 1764 846 1799 εὑρετὴν

64 1806 180 1842 ἰώμενος.
195 1809 284 1839 ’Ῑασι;
292 1809 344 1844 γάρ
357 1809 430 1835 ἐστιν
437 1809 590 1845 ἀρρωστίας
607 1809 623 1844 ὴ
639 1809 685 1836 τοῦ
697 1809 847 1845 νοσήματος

64 1854 203 1890 κάθαρσις,
222 1856 276 1882 κᾶν
293 1856 458 1893 ἐπίπονος

349 1945 472 1971 ΚΕΦΛΛ.
493 1945 556 1972 ΚΖ’.

103 1990 257 2016 Ἀκόλουθον
277 1990 304 2016 δὲ
323 1991 438 2022 πάντως,
454 1992 497 2017 τὸν
511 1991 580 2026 πρὸς
598 1991 646 2024 τὴν
662 1991 742 2026 φύσιν
768 1991 845 2027 ήμῶν

65 2033 286 2072 ἀνακιρνάμενον,
304 2037 346 2063 διὰ
357 2038 463 2064 πάντων
478 2036 605 2070 δέξασθαι
625 2039 678 2064 τῶν
695 2039 845 2073 ἰδιωμάτων

66 2080 141 2115 αὐτῆς
153 2082 201 2116 τὴν
218 2081 288 2116 πρὸς
298 2082 369 2116 ἡμᾶς
382 2083 592 2117 συνανάκρασιν.
611 2081 745 2118 Καθάπερ
757 2082 811 2118 γὰρ
821 2084 844 2109 οί

64 2128 104 2152 τὸν
117 2127 200 2161 ῥύπον
215 2127 273 2154 τῶν
288 2128 400 2162 ἱματίων
415 2128 602 2160 ἑκπλύνοντες,
617 2129 646 2154 οὐ
662 2127 696 2154 τὰ
719 2129 767 2163 μὲν
780 2128 845 2154 ἐῶσι

65 2173 114 2199 τῶν
137 2173 330 2209 μολυσμάτων,
357 2173 390 2200 τὰ
415 2174 442 2200 δὲ
465 2174 694 2210 ἀπορρίπτουσιν
719 2174 775 2200 ἀλλ’
797 2175 833 2200 ἀι·

65 2219 143 2254 ἀρχῆς
156 2220 220 2256 ἄχρι
234 2219 328 2251 τέλους
349 2219 542 2255 ἐκκαθαίρουσι
562 2220 616 2246 τῶν
641 2220 756 2256 κηλίδων
771 2220 844 2246 ἅπαν

64 2264 90 2289 τὺ
103 2264 224 2300 ὖψασμα,
237 2265 276 2296 ὡς
289 2265 321 2291 ἂν
335 2265 463 2303 ὁμότιμον
475 2265 562 2300 ἐαυτῷ
573 2265 605 2291 δι’
620 2265 680 2291 ὅλου
696 2265 727 2291 τὸ
739 2265 844 2299 ἱμάτιον

65 2310 169 2344 γένοιτο,
187 2311 219 2337 τὸ
243 2311 314 2338 κατὰ
335 2311 364 2337 τὸ
388 2311 447 2337 ἴσον
468 2311 642 2347 λαμπρυνθὲν
659 2311 691 2338 ὲκ
714 2312 763 2346 τῆς
779 2311 845 2337 πλύ-

66 2363 143 2387 σεως·
156 2357 245 2388 οὕτως
263 2356 438 2391 μολυνθείσης
455 2358 486 2392 τῇ
501 2357 623 2392 ἁμαρτίᾳ
642 2357 692 2391 τῆς
709 2357 846 2391 ἀνθρωπί-

65 2410 107 2436 νης
118 2403 200 2438 ζωῆς,
217 2404 247 2429 ἐν
262 2403 331 2438 ἀρχῇ
346 2412 374 2429 τε
391 2403 438 2430 καὶ
452 2403 564 2438 τελευτῇ
575 2404 621 2430 καὶ
635 2404 690 2434 τοῖς
702 2402 746 2429 διὰ
761 2403 843 2438 μέσου

66 2449 150 2480 πᾶσιν,
165 2449 218 2475 ἔδει
231 2448 275 2474 διὰ
289 2449 394 2475 πάντων
407 2449 532 2482 γενέσθαι
546 2449 596 2484 τὴν
607 2449 790 2475 ἐκπλύνουσαν
801 2449 845 2475 διξ-

65 2502 147 2528 ναμιν,
162 2496 209 2521 καὶ
222 2495 260 2530 μὴ
272 2495 302 2521 τὸ
318 2494 366 2530 μέν
379 2503 405 2520 τι
419 2494 584 2530 θεραπεῦσαι
599 2495 638 2530 τῷ
650 2495 799 2530 καθαρσίῳ,
816 2495 845 2522 τὸ

65 2538 89 2564 δὲ
113 2541 243 2575 πριιδεῖν
270 2540 468 2575 ἀθεράπευτον
492 2541 586 2568 τούτου
605 2542 684 2576 χάριν
706 2543 755 2576 τῆς
773 2540 845 2576 ζωῆς

66 2583 135 2617 ἡμῶν
145 2584 191 2611 δύο
203 2584 320 2620 πέρασιν
333 2585 502 2620 ἑκατέρωθεν
514 2586 717 2622 διειλημμένης,
732 2587 763 2612 τὸ
775 2586 845 2613 κατὰ

66 2629 108 2664 τὴν
117 2631 200 2666 ἀρχήν
213 2640 286 2666 φημι
305 2632 351 2658 καὶ
365 2631 396 2658 τὺ
408 2631 493 2663 τέλος,
507 2631 568 2659 καθ’
585 2633 712 2667 ἑκάτερον
724 2632 846 2668 εὑρίσκε-

66 2680 105 2699 ται
120 2675 205 2710 πέρας
223 2677 240 2710 ἡ
265 2675 427 2711 διορθωτικὴ
454 2677 504 2712 τῆς
518 2676 625 2711 φύσεως
648 2677 772 2712 δύναμις,
798 2677 846 2703 καὶ

66 2718 108 2753 τῆς
121 2720 206 2755 ἀρχῆς
230 2721 368 2756 ἁψαμένη,
388 2721 435 2748 καὶ
461 2721 543 2757 μέχρι
564 2721 611 2748 τοῦ
633 2722 726 2754 τέλους
748 2721 845 2757 ἑαυτὴν

68 2765 248 2800 ἐπεκτείνασα,
267 2767 313 2794 καὶ
327 2767 361 2794 τὰ
374 2767 416 2794 διὰ
440 2768 522 2803 μέσου
535 2767 636 2794 τούτων
651 2768 740 2795 πάντα
753 2768 846 2795 διαλα-

68 2809 153 2840 εοῦτα.
169 2812 244 2845 Μιᾶς
260 2812 287 2840 δὲ
311 2814 392 2840 πᾶσιν
413 2813 565 2851 ἀνθρώποις
583 2814 631 2849 τῆς
652 2815 691 2847 εἰς
705 2814 753 2851 τὴν
775 2814 845 2851 ζωὴν

899 214 1077 246 expurgatur.
1092 209 1152 242 Quo
1175 209 1255 236 modo
1270 209 1342 236 enim
1363 210 1385 236 si
1412 209 1457 235 vili
1481 209 1594 235 materia
1616 215 1684 234 auro

899 257 1029 288 admista,
1045 257 1172 283 auriliees
1189 263 1237 290 per
1251 255 1352 290 ignem,
1375 262 1407 282 eo
1425 259 1587 290 consumpto
1612 254 1683 288 quod

899 305 959 328 erat
975 302 1093 328 alienum
1107 304 1133 328 et
1154 300 1343 335 rejiciendum,
1365 299 1398 326 ad
1419 300 1570 327 naturalem
1592 299 1685 334 splen-

900 348 994 375 dorem
1010 347 1229 382 praastantiorem
1261 346 1395 373 reducunt
1415 345 1557 373 materiem
1574 353 1580 370 ι
1596 353 1684 379 neque

900 398 991 421 tamen
1008 393 1078 419 citra
1093 392 1213 419 laborem
1229 392 1257 419 ﬁt
1274 392 1319 418 illa
1331 392 1456 423 secretio,
1474 399 1534 418 cum
1551 391 1622 425 ignis
1635 397 1684 417 sua

900 438 1081 467 consumendi
1097 443 1242 474 potestate,
1263 441 1387 472 tempore
1407 437 1495 464 deleat
1511 436 1536 463 id
1553 436 1626 471 quod
1643 441 1685 463 est

900 485 1085 513 adulterinum
1105 494 1112 512 ι
1132 493 1225 512 verum
1245 484 1384 512 enimvero
1413 484 1472 510 auri
1502 483 1623 518 quaedam
1643 485 1684 510 est

899 532 1058 564 medicatio,
1073 531 1145 566 quod
1168 531 1196 558 in
1212 531 1272 566 ipso
1291 530 1428 564 eliquetur
1443 529 1469 556 id
1487 529 1558 564 quod
1573 530 1604 556 ad
1621 529 1684 556 boni

899 578 1014 606 exitium
1031 580 1058 605 in
1075 586 1107 605 eo
1125 577 1244 610 positum
1265 572 1353 604 fuerat
1366 585 1372 603 :
1386 576 1481 603 eodem
1504 575 1586 602 ntodo
1602 575 1684 602 etiam

899 632 963 652 cum
978 632 1054 652 mors
1068 628 1095 651 et
1123 623 1262 653 interitus.
1283 627 1309 649 et
1325 622 1454 653 tenebrm,
1479 626 1505 648 ct
1522 621 1543 648 si
1567 621 1628 655 quis
1643 624 1685 647 est

900 673 971 699 alius
989 671 1048 699 vitii
1065 670 1147 702 fetus,
1161 669 1297 697 inventori
1317 668 1381 695 mali
1399 668 1499 695 adnata
1516 671 1622 695 essent.
1643 667 1686 693 di-

900 718 970 744 vinae
997 717 1109 744 virtutis
1132 715 1380 751 appropinquatio,
1406 718 1536 748 tanquam
1564 713 1599 740 ab
1625 712 1686 746 igne

900 763 990 791 deleto
1005 770 1037 790 eo
1053 762 1125 797 quod
1142 766 1185 790 est
1204 764 1302 796 praeter
1328 764 1465 792 naturam,
1490 762 1617 786 naturam
1644 759 1687 786 in-

901 807 1088 840 corruptionis
1104 807 1186 834 adicit
1198 807 1340 838 bencticio,
1367 806 1473 834 etiamsi
1497 805 1633 833 laboriosa
1651 806 1687 832 sit

866 847 886 874 Β
900 855 1028 882 secretio.
1047 853 1118 889 Ergo
1137 861 1172 880 ne
1187 853 1313 880 dubitare
1340 853 1448 888 quidem
1465 852 1564 887 poterit
1589 852 1686 879 adver-

899 901 1000 932 sarius,
1010 900 1075 936 quiti
1088 899 1161 934 quod
1177 898 1278 926 factum
1291 902 1343 929 est.
1357 898 1504 932 sitjustnm
1515 903 1541 924 et
1554 897 1686 930 salutare,

897 946 921 974 si
937 945 1043 974 venerit
1067 945 1100 972 ad
1125 951 1237 972 sensum
1263 943 1399 971 beneficii.
1430 943 1510 970 Nunc
1535 943 1608 969 enim
1631 950 1686 978 quo

898 991 979 1019 modo
992 990 1038 1025 qni
1059 993 1088 1016 ut
1111 995 1252 1021 curentur,
1282 993 1410 1017 secantur
1428 994 1454 1016 et
1479 992 1606 1020 uruntur,
1632 989 1686 1014 ira-

897 1039 1012 1063 scuntur
1025 1035 1058 1062 iis
1083 1034 1129 1068 qui
1145 1037 1252 1065 curant,
1270 1037 1296 1060 ut
1316 1034 1418 1068 quibus
1435 1033 1507 1060 acris
1532 1037 1559 1060 et
1587 1040 1685 1070 aspera

898 1081 1034 1108 sentiatur
1049 1080 1136 1107 sectio
1154 1079 1244 1114 :quod
1264 1079 1287 1106 si
1312 1079 1444 1106 acciderit
1468 1083 1497 1106 ut
1521 1087 1569 1114 per
1585 1079 1610 1105 id
1625 1079 1685 1105 sani

898 1126 974 1158 ﬂant,
990 1130 1017 1152 ct
1037 1125 1115 1152 dolor
1129 1129 1249 1153 transeat
1261 1125 1402 1158 sectionis,
1415 1125 1554 1152 habebunt
1568 1124 1684 1159 gratiam

898 1171 931 1198 iis
947 1171 993 1206 qui
1011 1171 1086 1206 ipsos
1111 1172 1269 1198 curaverint
1292 1171 1410 1198 :eodein
1439 1170 1522 1198 modo
1550 1178 1611 1197 cum
1637 1177 1686 1205 per

898 1217 1009 1252 longum
1026 1217 1158 1251 temporis
1176 1217 1309 1244 ambitum
1333 1217 1453 1244 ablatum
1473 1216 1554 1244 fuerit
1579 1220 1685 1243 natura:

898 1262 1010 1293 malum,
1027 1262 1100 1296 quod
1124 1270 1196 1290 nunc
1211 1268 1253 1290 est
1270 1262 1312 1290 eis
1337 1262 1487 1289 immistum
1503 1266 1530 1289 et
1543 1262 1684 1294 coalitum,

897 1311 1031 1334 eteorum
1049 1308 1094 1342 qui
1125 1316 1199 1334 nunc
1213 1309 1307 1342 jacent
1331 1308 1358 1334 in
1386 1308 1476 1340 malis,
1494 1307 1519 1333 in
1541 1307 1684 1341 antiquum

898 1356 999 1379 statum
1030 1353 1100 1379 facta
1119 1353 1200 1380 fuerit
1225 1352 1373 1384 restitutio,
1395 1360 1451 1379 una
1481 1360 1546 1379 voce
1570 1356 1686 1387 agentur

897 1398 991 1432 gratia:
1007 1398 1041 1424 ab
1057 1398 1184 1424 universa
1202 1401 1338 1429 creatura,
1355 1401 1382 1424 et
1397 1397 1431 1423 ab
1449 1397 1481 1423 iis
1496 1396 1542 1431 qui
1560 1396 1685 1431 castigati

898 1443 1009 1471 fuerunt
1026 1444 1052 1470 in
1080 1443 1252 1478 purgatione,
1277 1448 1303 1470 et
1324 1443 1357 1470 ab
1387 1443 1420 1470 iis
1443 1442 1488 1477 qui
1517 1451 1552 1470 ne
1571 1443 1683 1469 omnino

898 1489 1007 1523 quidem
1025 1496 1095 1523 opus
1110 1488 1265 1515 habuerunt
1291 1492 1320 1516 ut
1339 1492 1533 1524 purgarentur.
1568 1487 1630 1515 llaec
1657 1491 1685 1514 et

899 1541 958 1568 qum
981 1538 1046 1561 sunt
1073 1533 1242 1568 hujusmodi,
1260 1534 1345 1561 tradit
1372 1541 1499 1568 magnum
1524 1533 1684 1569 mysterium

898 1585 1034 1615 suscepta:
1052 1589 1066 1608 ιι
1086 1580 1141 1608 Deo
1167 1581 1356 1608 humanitatis.
1384 1580 1436 1608 Per
1456 1581 1508 1608 hoc
1523 1581 1595 1608 enim
1612 1580 1684 1614 quod

898 1627 995 1653 mistus
1021 1626 1071 1653 fuit
1103 1626 1277 1658 humanitati,
1302 1634 1364 1653 eum
1394 1625 1475 1653 fuerit
1499 1627 1527 1653 in
1557 1625 1685 1653 omnibus

897 1676 1003 1699 natura}
1028 1671 1255 1706 proprietatibus,
1280 1679 1377 1706 nempe
1399 1672 1682 1707 generatione,,edu-

897 1717 1006 1744 eatione
1022 1722 1049 1744 et
1065 1717 1247 1749 incremento,
1261 1721 1288 1745 et
1313 1725 1401 1752 usque
1416 1717 1450 1744 ad
1472 1718 1570 1744 mortis
1589 1724 1685 1752 perva-

897 1764 964 1790 serit
976 1763 1185 1798 experientiam,
1197 1763 1288 1790 cﬂ‘ecit
1302 1771 1332 1791 ea
1344 1763 1437 1790 omnia
1449 1772 1510 1799 qua:
1522 1763 1598 1798 prius
1611 1763 1684 1790 dicta

897 1813 972 1840 sunt,
985 1813 1011 1836 et
1028 1808 1165 1836 hominem
1187 1817 1202 1836 a
1220 1809 1286 1836 vitio
1310 1809 1443 1841 liberans,
1459 1815 1486 1837 et
1499 1810 1556 1836 vitii
1572 1809 1684 1836 medens

897 1855 1044 1882 inventori.
1067 1854 1250 1890 Aigritudinis
1274 1856 1347 1882 enim
1374 1855 1479 1883 medela
1529 1859 1571 1882 est
1595 1855 1683 1882 morbl

897 1902 1035 1938 purgatio,
1056 1901 1163 1929 etiamsi
1177 1902 1213 1927 sit
1230 1901 1377 1928 laboriosa.

1166 1945 1279 1972 CAPUT
1300 1945 1406 1973 XXVII.

931 1991 1110 2025 Consequens
1123 1995 1214 2018 autem
1234 1996 1302 2023 erat,
1317 1996 1347 2018 ut
1364 1991 1410 2026 qui
1427 1994 1527 2018 nostrae
1549 1990 1684 2018 admisce-

897 2036 978 2064 batur
994 2041 1111 2067 naturae,
1137 2044 1186 2071 per
1203 2043 1300 2063 omnes
1314 2036 1373 2070 ejus
1390 2036 1573 2071 proprietates
1594 2037 1684 2063 susei-

896 2087 973 2117 peret
987 2089 1046 2109 eam
1057 2089 1117 2116 quae
1130 2081 1271 2109 nobiscum
1287 2081 1368 2109 fiebat
1383 2083 1678 2117 contemperationem.

897 2128 957 2160 Quo
975 2128 1057 2155 modo
1072 2128 1144 2155 enim
1161 2128 1208 2162 qui
1228 2127 1345 2155 vestium
1369 2127 1465 2155 sordes
1480 2128 1605 2160 abluunt,
1627 2135 1683 2155 non

862 2192 882 2218 Β
897 2174 950 2200 alia
971 2173 1081 2208 quidem
1106 2173 1313 2208 inquinamenta
1337 2177 1519 2206 conservant,
1545 2174 1599 2200 alia
1620 2181 1684 2201 vero

896 2220 1075 2254 abstergunt;
1093 2220 1140 2247 sed
1160 2220 1194 2247 ab
1214 2220 1293 2246 initio
1319 2219 1352 2246 ad
1381 2219 1459 2246 tinem
1486 2227 1574 2254 usque
1597 2219 1684 2246 totius

896 2264 979 2299 palmi
1002 2265 1122 2292 maculas
1137 2268 1299 2300 expurgant,
1320 2268 1350 2291 ut
1366 2265 1401 2292 sit
1417 2265 1607 2292 vestimentum
1623 2265 1683 2291 ubi-

895 2318 948 2344 que
965 2310 1087 2344 ejusdem
1107 2311 1199 2344 pretii,
1214 2319 1247 2338 οι(
1262 2317 1341 2344 aequo
1362 2310 1486 2337 effectum
1507 2309 1623 2338 eluendo
1640 2311 1682 2336 ni-

896 2357 981 2384 tidum
998 2359 1024 2383 et
1038 2355 1211 2391 splendidum
1225 2366 1231 2383 :
1243 2356 1279 2382 ita
1291 2363 1353 2382 cum
1369 2356 1423 2382 vita
1438 2356 1554 2382 lmmana
1571 2359 1684 2391 peccato

895 2407 968 2430 esset
992 2403 1146 2438 inquinata,
1163 2407 1190 2429 et
1210 2402 1237 2428 in
1258 2402 1403 2436 principio,
1427 2405 1455 2429 et
1479 2402 1506 2429 in
1530 2402 1592 2435 ﬁne,
1611 2407 1639 2429 et
1655 2403 1682 2429 in

895 2448 998 2479 medio,
1028 2448 1053 2475 vi
1076 2452 1103 2475 et
1125 2451 1261 2483 potestate
1285 2455 1354 2482 opus
1378 2447 1495 2476 habebat
1518 2456 1565 2483 per
1588 2449 1680 2476 Omnia

896 2493 1033 2526 abluente,
1051 2498 1078 2521 et
1089 2493 1233 2528 oportebat
1246 2501 1299 2520 non
1321 2493 1374 2520 hoc
1395 2494 1504 2528 quidem
1517 2502 1680 2529 expurgare.

897 2539 962 2565 illud
988 2547 1052 2566 vero
1072 2540 1228 2574 relinquere
1253 2547 1306 2566 non
1339 2545 1518 2574 expurgatum
1535 2541 1590 2566 :ita
1618 2548 1680 2566 cum

896 2586 951 2612 vita
970 2591 1063 2612 nostra
1081 2586 1189 2613 duobus
1219 2585 1254 2612 sit
1279 2586 1430 2620 intercepta
1456 2585 1566 2616 ﬁnibus,
1584 2592 1680 2619 nempe

897 2631 1032 2666 principio
1054 2635 1081 2658 ct
1095 2631 1158 2661 line,
1176 2631 1202 2658 in
1229 2635 1347 2667 utroque
1366 2631 1418 2659 line
1438 2631 1577 2658 invenitur
1593 2631 1635 2657 vis
1655 2634 1682 2657 et

896 2681 1020 2712 potestas
1049 2682 1154 2705 natura:
1181 2678 1360 2713 corrigendae,
1389 2681 1419 2704 ut
1446 2685 1506 2712 qum
1529 2680 1556 2703 et
1581 2676 1683 2711 princi-

897 2723 971 2758 pium
993 2722 1124 2758 attigerit,
1147 2727 1174 2750 et
1188 2727 1315 2757 porrecta
1337 2723 1373 2750 sit
1389 2730 1474 2757 usque
1489 2721 1520 2748 ad
1546 2721 1637 2754 ﬁnem,
1656 2725 1684 2749 et

896 2770 987 2796 omnia
1003 2776 1064 2804 quae
1083 2773 1147 2796 sunt
1162 2768 1324 2796 intermedia
1345 2768 1531 2803 interceperit.
1548 2768 1616 2795 Cum
1633 2775 1683 2794 au-

897 2819 951 2843 tem
966 2815 1094 2843 omnibus
1112 2815 1270 2842 hominibus
1293 2823 1364 2843 unus
1388 2814 1424 2843 sit
1441 2815 1467 2843 in
1485 2815 1565 2842 vitam
1582 2815 1684 2847 aditus,
