1926 3080
256 115 288 144 71
924 114 1036 143 ΕΒΕΟΟ

1101 116 1247 144 NYSSENI
1843 118 1876 145 7‘1

255 177 391 204 undenant
412 176 554 211 oportebat
581 183 641 202 eum
667 176 712 211 qui
740 176 772 202 ad
802 185 852 204 nos
877 178 1036 212 ingreditur,

1092 178 1172 213 οὒσης
1190 177 1317 213 παρόδου,
1335 178 1414 204 πόθεν
1438 177 1489 204 ἔδει
1514 178 1559 204 τὸν
1576 177 1692 205 εἰσιόντα
1715 177 1783 214 πρὸς
1805 178 1875 213 ἡμᾶς

255 223 283 250 in
303 223 355 249 vita
374 222 522 248 collocari?
546 221 582 247 Ex
607 222 678 248 (mlo
703 222 740 249 ait
757 221 873 250 fortasse
893 223 938 258 qui
956 232 1042 258 genus

257 267 384 294 humana:
405 267 520 301 originis
535 266 645 302 despuit
668 271 800 302 tanquam
817 272 896 303 turpe
922 274 948 296 et
966 269 1041 303 abje-

255 316 339 339 etum.
363 312 413 339 Sed
429 312 454 338 in
473 313 544 340 cmlo
559 321 613 339 non
631 317 708 340 erant
723 313 865 347 homines;
880 322 930 342 nec
948 315 973 341 in
988 316 1041 342 vita

254 350 474 391 supermubdana
494 359 657 385 versabatur
672 359 785 386 morbus
800 360 868 386 vitii.
884 359 936 393 Qui
952 365 1041 388 autem

254 410 315 427 cum
343 402 453 429 homine
475 403 717 436 commisecbatur,
737 405 797 439 ejus
811 409 870 432 erat
896 413 996 440 seopus
1015 410 1042 433 et

253 446 409 473 institutum
436 447 463 474 in
488 448 533 474 illa
558 451 826 484 contemperatione,
849 455 877 478 ut
901 452 1043 486 prodesset

254 492 369 519 homini.
390 492 440 519 Ubi
460 501 524 528 ergo
542 503 594 521 non
615 499 675 523 erat
693 496 803 529 malum,
822 505 910 532 neque
935 498 971 524 ibi
988 499 1041 524 vita

253 538 401 572 degebatur
416 539 545 571 humana,
569 541 799 575 quemadmmlum
821 543 941 576 postulat
965 544 1042 578 quis-

213 609 216 613 ,
254 583 338 618 piam,
363 589 392 610 ut
408 583 490 610 homo
508 585 583 612 illine
609 585 662 612 Deo
687 587 880 621 eonjungatur,
906 587 960 614 imo
977 595 1042 615 vero

254 635 307 654 non
333 628 424 657 homo.
444 628 490 656 sed
517 630 628 664 aliquod
654 630 842 662 simulacrum,
868 635 895 658 et
918 632 1040 667 quaedam

254 675 405 702 similitudo
423 675 564 703 hominis?

290 761 419 794 Quaenam
439 765 528 788 autem
549 761 626 788 ﬁeret
650 765 750 789 nostra;
774 766 880 789 natura:
895 763 1039 796 correctio.

255 806 277 834 si
295 814 357 833 cum
380 810 510 832 terrestre
526 809 684 841 aegrotasset
708 807 820 836 animal.
843 807 951 842 aliquod
968 808 1040 835 aliud

1093 223 1244 258 οἰκισθῆναι
1263 223 1301 256 τῷ
1322 224 1385 259 βίῳ;
1410 223 1454 256 Ἐξ
1465 223 1589 259 οὐρανοῦ,
1603 225 1668 258 φησὶ
1685 224 1765 258 τυχὸν
1786 224 1800 250 ὁ
1820 224 1876 250 δια-

1093 269 1184 295 πτύων
1200 269 1237 300 ὡς
1253 270 1363 304 αἰσχρόν
1377 278 1406 296 τε
1421 270 1467 296 κα)⁸
1483 269 1574 303 ἄδοξον
1589 269 1619 296 τὸ
1634 267 1702 301 εἶδος
1715 270 1763 304 τῆς
1775 269 1877 304 ἀνθρω-

1093 315 1172 350 πίνης
1185 316 1327 349 γενέσεως.
1350 316 1418 343 Ἀλλ’
1432 316 1480 342 οὑκ
1490 314 1524 351 ἦν
1536 317 1564 343 ἐν
1577 316 1682 351 οὐρανῷ
1693 316 1724 342 τὸ
1741 315 1875 351 ἀνθρώπια

1093 369 1154 387 νον·
1171 361 1230 387 οὐδέ
1248 370 1290 393 τις
1313 362 1341 388 ἐν
1360 363 1392 397 τῇ
1410 362 1586 397 ὑπερκοσμίῳ
1607 363 1663 398 ζωῇ
1690 362 1790 394 κακίας
1802 362 1875 393 νόσος

1093 405 1286 441 ἐπεχωρίασεν.
1309 406 1338 433 ’0
1360 407 1388 433 δὲ
1409 407 1448 441 τῷ
1470 407 1605 442 ἀνθρώπῳ
1629 407 1875 442 καταμιγνύμενος,

1093 451 1130 486 τῷ
1146 452 1238 486 σκοπῷ
1254 452 1303 486 τῆς
1317 452 1448 487 ὠφελείας
1464 453 1579 479 ἐποιεῖτο
1595 453 1644 488 τὴν
1668 453 1875 488 συνανάχρατιν.

1095 497 1180 524 Ἔνθα
1192 498 1280 525 τοίνυν
1293 498 1322 524 τὸ
1338 499 1421 525 κακὸν
1436 499 1486 525 οὐκ
1500 497 1543 534 ἦν,
1559 499 1620 525 οὐδὲ
1636 498 1805 534 ἀνθρώπινος
1817 499 1875 524 ἐπο-

1093 546 1211 572 λιτεύετο
1224 546 1289 581 βίος,
1301 547 1357 578 πῶς
1370 546 1489 581 ἐπιζητεῖ
1501 555 1541 577 τις
1559 547 1662 573 ἐκεῖθεν
1677 546 1714 581 τῷ
1727 546 1786 581 Θεῷ
1803 555 1875 580 περι-

1093 591 1228 626 πλακῆναι
1247 592 1290 621 τὸν
1310 592 1462 628 ἄνθρωπον,
1486 592 1585 627 μᾶλλον
1606 592 1634 618 δὲ
1650 592 1710 626 οὐχὶ
1725 592 1873 627 ἄνθρωπον,

1092 636 1158 662 ἀλλὰ
1170 636 1313 672 ἀνθρώπου
1328 646 1354 663 τι
1367 637 1475 664 εἴδωλον
1488 638 1534 664 καί
1548 638 1671 672 ὁμοίωιια
1682 645 1689 669 ;

1128 770 1175 801 Τίς
1186 770 1208 796 δ’
1223 769 1254 796 ἄν
1265 770 1370 804 ἐγένετο
1384 770 1431 805 τῆς
1446 770 1551 804 φύσεως
1569 769 1673 805 ἡμῶνὴ
1689 769 1840 804 διόρθωσις,
1853 769 1873 794 εί

1093 814 1138 840 τοῦ
1157 814 1277 848 ἐπιγείου
1297 814 1365 846 ζώου
1379 815 1561 849 νενοσηκότος,
1579 815 1669 850 ἕτερον
1683 823 1709 840 τι
1727 814 1781 840 τῶν
1794 814 1873 848 οὖρα-

254 861 288 880 ex
308 853 466 880 coelestibus
480 852 601 879 divinum
616 848 786 888 suscepisset
799 853 968 880 adventum?
981 854 1036 881 Non

1091 860 1153 886 νίων
1169 860 1218 895 τὴν
1233 859 1307 886 θείαν
1322 860 1468 894 ἐπιδημίαν
1482 860 1603 893 ἑδέξατο;
1618 860 1674 886 Οὐκ
1691 859 1746 886 ἐστι
1763 859 1819 893 γὰρ
1833 859 1873 884 Θε-

254 903 343 935 potest
372 899 443 926 enim
469 897 527 926 fieri
554 902 583 925 ut
609 904 721 926 curetur
747 900 819 934 quod
845 900 962 930 laborat,
986 901 1039 928 nisi

255 952 318 979 pars
334 945 463 971 laborans
476 944 613 978 propriam
631 952 662 971 ae
677 945 842 979 peculiarem
856 946 974 980 accipiat
991 954 1040 974 cu-

255 990 399 1016 rationem.
416 988 445 1016 Si
462 996 527 1024 ergo
549 990 621 1024 quod
640 990 783 1018 laborabat
805 991 926 1025 quidem,
942 991 1040 1020 fuisset

241 1035 282 1061 ‘in
305 1039 396 1067 terra;
416 1035 504 1062 virtus
528 1039 618 1062 autem
640 1036 732 1062 divina
750 1036 775 1063 id
800 1037 873 1071 quod
898 1037 1040 1065 laborabat

255 1080 369 1107 minime
391 1079 535 1115 attigisset,
557 1080 694 1115 aspiciens
720 1081 753 1108 ad
772 1081 797 1108 id
816 1083 887 1117 quod
908 1083 1038 1117 decebat;

255 1125 352 1153 fuisset
372 1127 451 1160 plane
466 1126 569 1153 homini
587 1126 684 1153 inutile
709 1126 808 1154 divina:
822 1128 933 1155 virtutis
957 1136 1039 1162 nego-

254 1172 333 1202 tium.
350 1171 378 1198 in
395 1171 428 1198 iis
453 1179 566 1199 versans
585 1179 646 1206 quae
667 1172 809 1199 nobiscum
832 1173 934 1199 nullam
959 1173 1040 1200 habe-

254 1217 318 1243 bant
335 1217 564 1244 communionem.
580 1217 607 1243 ln
629 1216 772 1244 Divinitate
791 1218 860 1245 enim
877 1226 953 1253 a-que
972 1218 1038 1245 [uisi

254 1268 295 1290 set
314 1263 481 1293 indecorum.
508 1263 530 1290 si
552 1263 661 1298 quidem
681 1263 721 1290 fas
744 1267 786 1291 est
803 1264 916 1291 omnino
934 1265 1036 1299 aliquid

253 1309 325 1336 aliud
343 1310 463 1344 cogitare
488 1309 657 1341 indecorum,
679 1313 777 1344 praeter
800 1310 907 1342 vitium,
928 1310 951 1337 ei
978 1311 1038 1345 qui-

254 1353 315 1381 dem
334 1355 380 1388 qui
402 1355 502 1389 pusillo
520 1359 545 1380 et
561 1355 666 1389 ahjecto
691 1355 781 1381 animo
793 1355 911 1382 divinam
935 1357 962 1383 in
987 1357 1038 1383 hoc

253 1400 347 1426 statuit
363 1399 530 1436 majestate")
548 1404 575 1426 ct
594 1400 813 1434 amplitudinem,
840 1401 912 1435 quod
937 1408 1038 1429 nostra:

253 1450 358 1474 natura:
389 1446 585 1480 proprietatum
618 1447 730 1473 minime
755 1447 874 1481 aliquam
905 1448 1059 1483 suscipiat‘

253 1492 541 1524 cmnmunieationcm,
560 1491 646 1518 nihilo
659 1491 827 1518 tolerabilior
850 1492 957 1519 videtur
977 1501 1037 1521 esse

1091 905 1258 942 ραπευθῆναι
1272 906 1317 931 τὸν
1337 905 1484 940 κάμνοντα,
1503 905 1540 940 μὴ
1555 905 1600 931 τοῦ
1620 905 1762 936 πονοῦντος
1778 905 1874 940 μέρους

1092 951 1242 983 ἰδιαζόντως
1253 950 1398 985 δεξαμένου
1413 951 1461 984 τὴν
1472 951 1551 978 ἴασιν.
1564 951 1594 977 ΕΞ
1611 949 1657 977 οὖν
1671 951 1700 977 τὸ
1715 951 1764 985 μὲν
1775 951 1874 985 κάμνον

1090 995 1136 1021 ἐπὶ
1159 995 1210 1031 γῆς
1231 992 1275 1030 ἦν,
1293 997 1309 1030 ἡ
1333 995 1360 1021 δὲ
1380 995 1440 1022 Θεία
1456 995 1569 1030 δύναμις
1592 995 1638 1022 τοῦ
1664 995 1817 1030 κάμνοντος
1842 995 1874 1029 μὴ

1090 1040 1221 1076 ἐφήψατο,
1243 1040 1309 1076 πρὸς
1333 1040 1361 1067 τὸ
1379 1041 1479 1075 ἑαυτῆς
1502 1040 1637 1076 βλέπουσα
1654 1041 1768 1076 πρέπον,
1794 1041 1875 1076 ἄχρη-

1091 1094 1151 1117 στος
1166 1083 1200 1121 ἦν
1217 1086 1256 1120 τῷ
1273 1086 1408 1121 ἀνορώπῳ
1431 1087 1447 1121 ἡ
1464 1086 1527 1122 περὶ
1541 1087 1574 1113 τὰ
1597 1087 1678 1122 μηδὲν
1694 1088 1759 1122 ἡμῖν
1776 1089 1870 1113 ἐπικοι-

1090 1130 1223 1157 νωνοῦντα
1238 1132 1287 1166 τῆς
1309 1131 1381 1163 Θείας
1398 1131 1537 1167 δυνάμεως
1558 1132 1679 1167 ἀσχολία.
1697 1132 1732 1158 Τὸ
1757 1133 1809 1168 μὲν
1825 1132 1875 1167 γὰρ

1090 1177 1222 1211 ἀπρεπὲς.
1239 1177 1284 1202 ἐπὶ
1298 1177 1346 1212 τῆς
1358 1177 1488 1212 Θεότητος
1504 1175 1571 1210 ἴσον,
1590 1177 1670 1212 εἴπερ
1686 1177 1751 1209 ὅλως
1767 1177 1875 1212 θεμιτόν

1089 1221 1163 1247 ἐστιν
1188 1221 1251 1248 ἄλλο
1273 1231 1298 1248 τι
1322 1222 1398 1258 παρὰ
1417 1223 1465 1258 τὴν
1492 1223 1589 1250 κακίαν
1618 1223 1739 1259 ἀπρεπὲς
1763 1225 1874 1255 ἐννοεῖν,

1089 1266 1158 1300 πλὴν
1180 1267 1218 1301 τῷ
1247 1267 1420 1302 μικροψὺχως
1441 1268 1469 1294 ἐν
1494 1269 1579 1303 τούτῳ
1594 1269 1712 1304 κρίνοντι
1727 1269 1777 1304 τὴν
1803 1269 1875 1296 Θείαν

1090 1311 1295 1347 μεγαλειότητα,
1310 1313 1338 1338 ἐν
1361 1312 1400 1347 τῷ
1415 1313 1451 1348 μὴ
1473 1313 1599 1346 δέξασθαι
1623 1313 1677 1340 τῶν
1696 1314 1745 1347 τῆς
1769 1314 1874 1349 φύσεως

1088 1356 1165 1390 ἡμῶν
1184 1356 1335 1392 ἰδιωμάτων
1350 1357 1398 1392 τὴν
1411 1358 1562 1390 κοινωνίαν,
1578 1358 1653 1386 οὐδὲν
1669 1358 1769 1393 μᾶλλον
1790 1368 1875 1395 παρα-

1090 1401 1212 1436 μυθεῖται
1234 1401 1264 1428 τὸ
1280 1402 1371 1435 ἄδοξον
1389 1403 1507 1438 οὐρανίῳ
1528 1403 1644 1438 σώματι,
1661 1404 1676 1439 ἢ
1700 1405 1818 1440 ἐπιγείῳ
1832 1414 1875 1432 cn-

1089 1447 1302 1482 σχηματισοῆναι
1317 1448 1347 1474 το
1359 1449 1444 1475 Θεῖον.
1463 1448 1516 1475 Τοῦ
1532 1449 1585 1485 γὰρ
1599 1449 1708 1484 ὑψίστου
1725 1450 1773 1476 καὶ
1794 1450 1875 1486 ἀπρο-

1089 1492 1161 1518 σίτου
1181 1493 1249 1519 κατὰ
1263 1493 1293 1519 τὸ
1310 1493 1375 1528 ὕψος
1389 1495 1436 1528 τῆς
1451 1494 1567 1528 φύσεως,
1584 1496 1600 1530 ἠ
1615 1495 1701 1526 κτίσις
1716 1497 1794 1522 πᾶσα
1810 1497 1875 1523 κατά

254 1536 395 1570 turpitudo
408 1541 434 1563 et
447 1535 577 1567 dedecus,
596 1536 668 1570 quod
691 1536 763 1563 Deus
778 1537 897 1564 ctelestis
913 1539 1036 1573 corporis

1089 1536 1119 1562 τὸ
1130 1534 1187 1563 ἴσον
1208 1538 1253 1563 ἐπὶ
1269 1538 1298 1564 τὸ
1321 1538 1394 1565 κάτω
1414 1539 1560 1575 ἀφέστηκε,
1578 1541 1625 1566 καὶ
1647 1541 1788 1575 ὁμοτίμως
1804 1542 1876 1576 αὐτῷ

255 1581 367 1616 ﬁguram
383 1582 535 1615 susceperit
556 1589 636 1616 quam
658 1582 808 1610 terrestris.
825 1582 865 1609 Ab
888 1583 947 1618 ejus
966 1584 1037 1611 enim

253 1628 300 1662 qui
325 1631 366 1655 est
391 1627 552 1658 altissimus,
577 1632 603 1653 et
630 1628 662 1654 ad
683 1628 761 1662 cujus
788 1629 958 1656 altitudinem
984 1638 1037 1656 non

255 1675 325 1705 patet
343 1671 443 1701 aditus.
468 1674 566 1697 natura
591 1679 622 1698 ex
641 1679 719 1706 aequo
743 1672 826 1699 distat
855 1674 944 1700 ornnis
961 1682 1038 1700 erea-

254 1721 325 1747 tura,
342 1719 444 1742 etsunt
459 1716 548 1742 omnia
572 1716 595 1743 ei
618 1717 760 1750 aequaliter
780 1717 911 1752 subjecta.
929 1718 994 1744 Nam
1010 1719 1036 1746 id

253 1761 323 1795 qum
341 1765 382 1788 est
407 1760 552 1796 ejusmodi,
578 1764 607 1787 ut
630 1761 670 1788 ad'
688 1761 713 1788 id
733 1763 844 1789 omnino
870 1771 923 1790 non
948 1768 1037 1798 pateat

252 1807 352 1838 aditus,
373 1815 425 1834 non
443 1807 522 1834 alicui
539 1807 648 1842 quidem
671 1808 773 1843 prrehet
795 1808 908 1840 aditum,
935 1810 1037 1845 aliquid

253 1859 315 1877 vero
329 1851 361 1877 ad
377 1851 464 1885 ipsum
488 1860 540 1879 non
558 1857 646 1887 potest
669 1853 904 1888 apprOpinquare;
930 1855 976 1882 sed
1003 1864 1036 1883 ex

250 1904 328 1930 aequo
347 1897 473 1924 universa
492 1906 551 1932 qua:
571 1902 645 1928 sunt,
664 1902 775 1933 superat
797 1902 823 1925 et
843 1901 1034 1934 supereminet.

251 1941 343 1975 Neque
360 1949 425 1976 ergo
445 1946 517 1969 terra
535 1947 578 1970 est
593 1943 724 1970 remotior
742 1951 757 1970 a
781 1952 907 1979 suprema
933 1946 977 1973 illa
994 1946 1036 1973 di-

249 1987 362 2021 gnitate,
387 1995 474 2022 neque
504 1989 602 2015 emlum
634 1989 832 2024 propinquius;
856 1998 945 2026 neque
971 2001 1034 2027 qua:

251 2032 332 2058 vitam
349 2032 450 2067 degunt
465 2033 492 2059 in
508 2037 623 2067 utroque
641 2033 783 2067 elemento,
800 2035 850 2062 hac
871 2035 897 2062 in
914 2044 943 2063 re
955 2037 1034 2071 quid--

250 2085 331 2112 quam
345 2085 359 2104 a
380 2086 410 2105 se
424 2078 541 2105 invicem
556 2078 695 2110 differunt,
714 2083 743 2106 ut
759 2080 810 2106 alia
827 2081 935 2114 quidem
953 2082 1035 2109 attin-

248 2128 313 2158 gant
334 2128 460 2150 naturam
478 2123 510 2150 ad
533 2131 613 2157 quam
625 2131 678 2149 non
693 2127 765 2158 patet
780 2125 878 2156 aditus.
902 2126 954 2152 alia
970 2135 1034 2154 vero

248 2169 283 2195 ab
308 2176 338 2195 ea
367 2172 556 2195 secernantur.
591 2167 658 2194 Nam
693 2169 733 2195 sic
760 2169 868 2202 quidem
893 2171 1033 2198 existima—

249 2221 353 2244 remus,
368 2213 423 2238 vim
438 2213 512 2239 illam
536 2220 568 2239 ac
584 2216 744 2247 potestatem
765 2222 825 2248 quae
841 2215 933 2242 omnia
945 2217 1034 2243 conti-

249 2262 307 2295 net,
334 2265 388 2284 non
407 2266 440 2284 ex
465 2265 543 2292 aequo
569 2265 616 2292 per
630 2258 720 2284 omnia
744 2260 910 2294 pervadere;
936 2261 982 2288 sed
1006 2262 1031 2288 in

249 2303 310 2329 aliis
340 2302 450 2336 quidem
475 2310 534 2329 eam
569 2310 631 2330 esse
655 2303 897 2339 abundantiorem;
923 2305 949 2333 in
973 2307 1033 2334 aliis

248 2353 314 2372 vero
329 2347 414 2381 magis
429 2345 561 2378 deiicere;
574 2351 598 2372 et
617 2353 649 2373 ex
667 2347 779 2381 majoris
795 2348 964 2384 minorisque
982 2350 1034 2377 dil-

249 2390 362 2417 I‘erenlia
379 2390 546 2424 compositus
559 2398 592 2417 ex
607 2393 782 2426 consequenti
794 2394 934 2428 apparebit
950 2395 1031 2429 Deus,

249 2440 278 2460 ut
303 2435 350 2469 qui
374 2435 426 2462 sibi
440 2435 490 2469 ipsi
520 2443 575 2462 non
594 2437 748 2468 conveniat.
776 2439 910 2473 siquidem
936 2442 1032 2476 procul

247 2488 309 2507 esse
332 2488 348 2506 a
376 2480 457 2507 nobis
478 2481 650 2509 existimetur
669 2484 774 2511 ratione
802 2489 921 2519 naturze;
949 2487 1031 2513 alicui

246 2530 337 2552 autem
364 2525 409 2552 alii
431 2526 663 2561 appropinquans,
690 2536 722 2555 ex
736 2537 769 2556 eo
792 2531 863 2563 quod
882 2539 963 2566 prope
983 2532 1029 2564 sit,

246 2572 325 2598 facile
341 2571 428 2606 possit
443 2573 617 2606 apprehendi.
638 2573 690 2601 Sed
708 2582 770 2601 vera
785 2576 864 2608 ratio,
878 2577 905 2604 in
922 2578 1030 2604 excelsa

245 2622 272 2644 et
287 2617 397 2644 sublimi
418 2617 462 2643 illa
477 2619 649 2650 auctoritate.
664 2627 753 2654 neque
770 2621 898 2648 deorsum
919 2623 1029 2656 aspicit,

245 2670 333 2696 neque
344 2670 454 2689 sursum
473 2669 520 2697 per
533 2666 775 2700 comparationem.
794 2666 890 2693 Omnia
905 2667 977 2693 enim
994 2675 1027 2694 ex

244 2714 322 2741 atquo
339 2712 403 2734 sunt
422 2708 543 2743 subjecta
559 2711 686 2744 potestati
701 2711 739 2736 illi
758 2719 817 2745 quae
831 2716 927 2744 pra-est
940 2712 1028 2738 omni-

1088 1582 1118 1608 τὸ
1137 1584 1190 1609 πᾶν
1213 1583 1377 1618 ὐποδέῦηκε,
1403 1584 1439 1611 Τὸ
1461 1585 1514 1620 γὰρ
1536 1586 1650 1612 καθόλου
1674 1586 1835 1621 ἀπρόσιτον,
1848 1588 1874 1613 οὐ

1088 1629 1140 1654 τινὶ
1163 1628 1211 1663 μέν
1227 1629 1283 1655 ἐστι
1300 1630 1435 1664 προσιτὸν,
1450 1630 1488 1665 τῷ
1505 1631 1531 1657 δὲ
1553 1632 1779 1667 ἀπροσπέλαστον
1790 1653 1798 1664 ,
1822 1633 1875 1659 ἀλλ’

1088 1673 1184 1708 ἐπίσης
1200 1675 1306 1701 πάντων
1323 1675 1376 1700 τῶν
1396 1675 1479 1702 ὄντων
1498 1677 1727 1712 ὑπερανέστηκεν.
1744 1678 1817 1705 Οὔτε
1833 1677 1875 1705 οὖν

1087 1719 1102 1753 ἡ
1123 1720 1156 1754 γῆ
1176 1720 1337 1755 πορρωτέρω
1354 1721 1401 1756 τῆς
1415 1721 1493 1754 ἀξίας
1509 1723 1575 1754 ἐστὶ,
1595 1723 1655 1750 οὗτε
1678 1725 1794 1760 οὐρανὸς
1810 1725 1875 1759 πλη-

1088 1765 1235 1800 σιέστερος,
1249 1765 1310 1792 οὔτε
1324 1766 1358 1793 τὰ
1376 1768 1405 1793 ἐν
1422 1768 1543 1804 ἐκατέρῳ
1555 1769 1607 1795 τῶν
1623 1771 1763 1805 στοιχείων
1779 1771 1875 1798 ἐνδιαι-

1087 1810 1205 1846 τώμενοι,
1218 1811 1340 1847 διαφέρει
1355 1822 1381 1839 τι
1395 1813 1516 1848 ἀλλήλων
1532 1815 1559 1841 ἐν
1574 1814 1611 1850 τῷ
1631 1816 1709 1851 μέρει
1724 1816 1827 1852 τούτῳ,
1841 1817 1875 1849 ὡς

1086 1855 1120 1882 τὰ
1135 1856 1184 1890 μὲν
1198 1857 1365 1891 ἐφάπτεσθαι
1377 1859 1424 1893 τῆς
1436 1859 1581 1894 ἀπροσίτου
1597 1860 1712 1894 φύσεως,
1723 1861 1760 1888 τὰ
1772 1862 1801 1888 δὲ
1816 1863 1875 1888 ἀπο-

1087 1901 1235 1936 κρίνεσθαι,
1252 1902 1267 1936 ἢ
1283 1902 1344 1929 οὔτε
1360 1904 1385 1937 γ’
1397 1904 1428 1930 ἂν
1445 1906 1512 1939 μήτε
1529 1905 1572 1932 διὰ
1592 1907 1699 1933 πάντων
1719 1908 1822 1943 ἐπίσης
1840 1909 1874 1934 δι-

1087 1946 1164 1981 ήκειν
1177 1947 1226 1981 τὴν
1241 1947 1272 1973 τὸ
1289 1948 1342 1974 πᾶν
1360 1949 1558 1984 ἐπικρατοῦσαν
1572 1951 1686 1986 δύναμιν
1710 1952 1873 1988 ὑπονοήσει-

1088 2000 1146 2027 μεν,
1162 1992 1218 2019 ἀλλ’
1233 1993 1261 2019 ἓν
1281 2003 1335 2021 τισι
1354 1995 1561 2027 πλεονάζουσαν,
1579 1997 1606 2024 ἐν
1621 1998 1725 2033 ἑτέροις
1741 1999 1874 2026 ἐνδεεστέ-

1087 2045 1136 2071 ραν
1151 2035 1229 2069 εἶναι,
1248 2039 1294 2065 καὶ
1305 2041 1337 2074 τῇ
1357 2040 1424 2074 πρὸς
1439 2041 1467 2066 τὸ
1487 2041 1596 2068 ἔλαττόν
1616 2051 1645 2069 τε
1666 2043 1712 2069 καὶ
1732 2044 1816 2071 πλέον
1830 2045 1874 2071 καὶ

1085 2078 1164 2115 ἧττον
1187 2083 1303 2119 διαφορᾷ
1323 2080 1449 2112 σύνθετον
1470 2087 1501 2113 ἐκ
1524 2087 1569 2114 τοῦ
1586 2089 1732 2116 ἀκολούθου
1748 2091 1780 2117 τὸ
1799 2091 1873 2118 Θεῖον

1085 2127 1297 2172 ἀναφανήσεται,
1312 2131 1376 2156 αὐτὸ
1389 2131 1456 2167 προς
1472 2133 1551 2159 ἑαυτὸ
1568 2134 1605 2169 μὴ
1617 2135 1777 2169 συμϐαῖνοι,
1797 2138 1873 2172 εἴπερ

1085 2171 1162 2206 ἡμῶν
1181 2173 1319 2208 πόρρωθεν
1345 2175 1484 2203 ὑπονοοῖτο
1508 2176 1576 2204 εἶναι
1599 2179 1637 2214 τῷ
1664 2179 1736 2216 λόγῳ
1759 2183 1811 2218 τῆς
1827 2171 1870 2217 eui-

1088 2225 1155 2248 σεως
1166 2227 1172 2233 ·
1194 2219 1278 2255 ἑτέρῳ
1292 2220 1320 2247 δέ
1336 2230 1387 2247 τινι
1407 2223 1540 2255 γειτνιῶν,
1564 2225 1609 2251 καὶ
1626 2225 1759 2261 εῦληπτος
1781 2229 1814 2254 ἐκ
1831 2228 1874 2255 τοῦ

1087 2262 1217 2298 σύνεγγυς
1243 2266 1370 2300 γίγνοιτο.
1396 2268 1464 2294 Ἀλλ’
1484 2270 1498 2295 ὁ
1519 2270 1620 2305 ἀληθὴς
1646 2272 1725 2306 λόγος
1753 2275 1802 2301 ἐπὶ
1829 2276 1875 2310 τῆς

1083 2307 1188 2343 ὑψηλῆς
1209 2311 1297 2343 ἀξίας,
1322 2311 1382 2338 οὔτε
1408 2314 1482 2340 κάτω
1502 2314 1592 2349 βλέπει
1617 2316 1661 2343 διὰ
1689 2307 1872 2354 συγκρίσεως,

1082 2353 1143 2380 οὔτε
1160 2355 1224 2382 ἀνω.
1241 2357 1333 2383 Πάντα
1355 2358 1408 2392 γὰρ
1422 2360 1492 2385 κατὰ
1515 2361 1545 2386 τὸ
1565 2359 1623 2388 ἶσον
1639 2363 1688 2397 τὴν
1708 2365 1755 2392 τοῦ
1766 2353 1874 2396 παντὸς

1082 2400 1279 2428 ἐπιστατοῦσαν
1291 2402 1404 2438 δύναμιν
1416 2404 1594 2440 ὑποϐέϐηκεν.
1617 2408 1697 2434 Ὥστε
1713 2409 1737 2434 εί
1752 2409 1805 2445 τὴν
1818 2411 1874 2437 ἐπί-

1082 2453 1156 2479 γειον
1182 2447 1262 2480 φύσιν
1288 2447 1400 2480 ἀναξίαν
1421 2450 1470 2485 τῆς
1496 2451 1562 2486 πρὸς
1584 2452 1614 2478 τὺ
1633 2453 1709 2479 Θεῐον
1735 2456 1874 2490 οἰήσονται

1082 2491 1249 2536 συμπλοκῆς,
1263 2493 1317 2519 οὐδ’
1327 2493 1358 2519 ἂν
1367 2494 1432 2530 ἄλλη
1443 2504 1487 2527 τις
1502 2497 1625 2533 εὑρεθείη
1637 2507 1662 2524 τι
1675 2499 1751 2531 ἄξιον
1763 2500 1872 2536 ἔχουσα.

1081 2534 1112 2560 Et
1125 2534 1153 2560 δὲ
1167 2535 1263 2569 ἐπίσης
1278 2536 1365 2563 πάντα
1376 2539 1424 2573 τῆς
1435 2539 1510 2573 ἀξίας
1524 2541 1754 2577 ἀπολιμπάνεται,
1771 2534 1875 2581 ἐριπρὲ-

1081 2587 1131 2605 πον
1154 2580 1213 2605 ἐστὶ
1229 2580 1267 2615 τῷ
1283 2581 1342 2616 Θεῷ
1359 2583 1389 2609 τὺ
1405 2584 1558 2619 εὐεργετεῖν
1580 2587 1624 2613 τὸν
1644 2580 1794 2623 δεόμενον(
1809 2580 1872 2618 ὅπου

1080 2624 1170 2651 τοίνυν
1185 2623 1219 2660 ἦν
1235 2626 1251 2660 ἡ
1265 2627 1351 2660 νόσος,
1367 2629 1424 2654 ἐκεῖ
1442 2631 1567 2664 φοιτῆσαι
1586 2633 1635 2667 τὴν
1653 2634 1775 2671 ίωμένην
1796 2637 1873 2663 δῦναι

1084 2676 1128 2702 μιν
1144 2669 1346 2703 ὁμολογοῦντες,
1358 2672 1384 2698 τί
1398 2672 1449 2705 ἔξω
1462 2675 1511 2710 τῆς
1524 2674 1693 2711 θεοπρεποῦς
1708 2669 1872 2716 ὑπολήψεως

1082 2714 1302 2747 πεπιστεύκαμεν
1311 2724 1318 2746 ς

244 2753 305 2779 bus.
339 2752 520 2786 Quamobrem
543 2756 566 2782 si
601 2759 757 2782 terrestrem
799 2759 924 2782 naturam
957 2757 1155 2785 existimabunt
1175 2760 1313 2795 indignam
1338 2769 1398 2796 quae
1416 2771 1477 2790 cum
1496 2764 1550 2793 Deo
1576 2773 1769 2803 connectatur,
1784 2778 1872 2804 neque

243 2800 298 2827 ulla
321 2800 473 2829 invenietur
499 2803 590 2836 digna.
619 2802 696 2835 Quod
722 2803 742 2829 si
770 2811 802 2830 ex
825 2811 902 2837 ecquo
934 2804 1026 2832 omnia
1045 2809 1108 2832 sunt
1131 2805 1264 2839 indigna:
1300 2816 1383 2836 unum
1413 2817 1550 2846 superest,
1576 2814 1648 2849 quod
1676 2814 1732 2842 Duo
1762 2800 1872 2844 iconic-
