1926 3080
77 111 108 138 73
682 106 812 136 ORATIO
825 107 860 135 Ci

914 107 1078 138 iCHETICA.
1664 102 1698 129 75

77 170 139 202 niat,
166 166 296 195 nimirum
327 165 415 202 egenti
438 165 598 193 benetaeere
620 175 626 193 :

655 166 700 194 ubi
726 171 769 194 cst
795 173 862 202 ergo
880 165 1004 198 morbus,
1022 165 1087 193 illuc
1099 164 1303 193 medicatricem
1330 171 1424 191 venire
1441 166 1603 197 potestatem
1632 170 1695 192 cor:-

78 216 186 247 liteutes,
200 212 332 248 quidnam
346 212 484 240 credimus
503 212 622 240 alienum
645 213 678 239 ab
692 220 724 240 eo
740 212 812 247 quod
827 217 856 240 ut
875 212 954 239 decet
967 211 1000 239 de
1016 210 1071 239 Deo
1086 216 1128 239 est
1142 208 1373 239 existimandum?

355 258 479 286 ΚΕΦΑΛ.
501 259 569 287 ΚΗ’.

112 305 189 332 Ἀλλά
213 304 375 340 κωμῳδοῦσι
398 304 448 339 τὴν
463 305 544 339 φύσιν
566 305 655 340 ἡμῶν,
680 305 787 332 καὶτὸν
809 305 858 339 τῆς

75 352 221 387 γεννήσεως
236 350 315 386 ἡμῶν
340 350 440 390 τρόπον
465 350 663 387 διαθρυλλοῦσι,
686 351 735 380 καὶ
756 351 858 378 οἴονται

74 398 114 425 διὰ
135 397 236 424 τούτων
265 396 442 430 ὲπιγέλαστον
470 399 556 424 ποιεῖν
579 398 610 424 τὸ
630 398 796 434 μυστήριον·
820 399 858 431 ὡς

76 443 190 479 ἀπρεπὲς
205 443 236 470 ὃν
259 443 298 479 τῷ
311 442 381 478 Θεῷ,
402 442 447 470 διὰ
470 443 598 479 τοιαύτης
619 445 722 472 εἰσόδου
746 445 796 480 τῆς
811 444 858 472 τοῦ

76 489 240 525 ἀνθρωπίνου
266 489 324 524 βίου
348 489 490 521 κοινωνίας
517 489 682 524 ἐφάψασθαι.
715 490 786 518 Ἀλλ’
807 490 859 526 ήδη

76 536 134 570 περὶ
147 535 242 561 τούτου
262 535 309 561 καὶ
326 535 354 562 ὲν
378 535 434 566 τοῖς
456 534 610 571 ἔμπροσθεν
627 536 735 571 εἴρηται
758 536 858 570 λόγοις,

75 581 111 608 ὅτι
133 581 212 615 μόνον
231 580 344 616 αἰσχρὸν
359 582 393 617 τῇ
416 581 514 608 ἑαυτοῦ
536 581 616 615 φύσει
638 581 668 608 τὸ
692 582 776 609 κακόν
790 583 858 614 ἐστι,

76 627 122 659 κᾶν
133 627 159 654 εἴ
177 635 203 653 τι
228 627 298 662 πρὸς
315 627 364 663 τὴν
378 627 478 658 κακίαν
497 628 604 660 οίκείως
619 628 680 665 ἔχῃ.
703 628 736 655 Ἦ
759 628 788 655 δὲ
810 629 860 663 τῆς

76 673 174 706 φύσεως
191 673 360 707 ἀκολουθία,
381 673 446 710 Θείῳ
470 673 620 710 βουλήματι
639 674 686 701 καὶ
704 674 778 710 νόμῳ
800 675 860 707 δια-

75 720 204 756 ταχθεῖσα,
227 721 324 756 πὸῥρω
336 720 385 755 τῆς
404 720 475 747 κατά
492 720 591 748 κακίαν
604 720 663 747 ἐστὶ
676 720 811 756 διαϐολῆς.
825 721 861 747 Ἢ

75 765 138 792 οὕτω
158 766 183 799 γ’
197 765 234 792 ἂν
250 766 298 792 ἐπὶ
313 765 359 792 τὸν
368 765 533 800 δημιουργὸν
550 765 567 800 ὴ
580 765 733 801 κατηγορία
745 765 794 801 τῆς
811 765 861 800 φύ-

76 819 135 843 σεως
153 812 272 843 ἐπανίοι,
289 812 316 838 et
335 820 363 838 τι
378 811 433 838 τῶν
454 812 520 847 περὶ
534 810 618 848 αὐτὴν
631 811 669 843 ὡς
687 811 799 847 αἰσχρὸν
813 811 861 844 καὶ

73 856 187 893 ἀπρεπὲς
205 857 388 884 διαδάλλοιτο.
410 857 442 883 Et
458 855 505 884 οὖν
522 856 606 892 μόνης
622 857 721 889 κακίας
743 857 861 885 τὸθείον

75 903 245 939 κεχώρισται.
260 903 341 937 φύσις
362 903 390 929 δὲ
408 903 508 935 κακίας
523 903 573 930 οὐκ
584 903 652 936 ἔστι,
668 903 699 930 τὺ
711 903 739 930 δὲ
759 905 862 939 μυστή-

74 958 126 985 ριον
149 951 177 976 ὲν
198 948 338 985 ἀνθρώπῳ
358 948 484 983 γενέσθαι
506 949 552 977 τὸν
568 949 634 976 Θεὸν
655 949 706 977 οὐκ
722 950 752 976 ὲν
775 950 860 986 κακίᾳ

73 996 153 1030 λέγει·
169 996 193 1022 εἰ
207 995 239 1021 δὲ
258 995 304 1021 τοῦ
324 994 468 1030 ἀνθρώπου
490 995 537 1022 ἐπὶ
553 995 598 1022 τὸν
617 995 675 1030 βίον
693 995 796 1031 εἴσοδος
810 997 861 1030 μία

74 1041 135 1072 ἐστὶ,
148 1041 181 1067 δι’
197 1039 234 1076 ἧς
248 1040 426 1076 παραγίνεται
438 1040 486 1067 ἐπὶ
499 1040 547 1076 τὴν
556 1040 628 1076 ζωὴν
640 1041 670 1067 τὺ
681 1040 860 1076 γεννώμενον·

74 1087 148 1121 νόμον
161 1087 211 1122 μὲν
221 1087 232 1098 ⁶
246 1086 308 1113 τίνα
326 1086 516 1121 νομοθετοῦσιν
529 1086 621 1122 ἕτερον
635 1087 735 1123 τρόπον
751 1086 790 1122 τῷ
801 1086 861 1122 Θεῷ

72 1133 117 1167 τῆς
130 1133 169 1164 εις
183 1132 231 1159 τὸν
248 1131 306 1167 βίον
323 1132 450 1168 παρόδου,
465 1133 490 1162 οι
510 1132 710 1168 ὲπισκεφθῆναι
723 1133 772 1169 μὲν
787 1135 862 1169 παρά

73 1177 118 1211 τῆς
131 1177 203 1209 Θείας
220 1177 363 1212 δυνάμεως
375 1178 565 1213 ἀσθενήσασαν
577 1179 607 1205 ὲν
620 1179 704 1215 κακίᾳ
721 1180 769 1216 τὴν
781 1180 861 1215 φύσιν

73 1222 174 1257 εὔλογον
194 1223 337 1259 κρίνοντες
350 1233 357 1257 ;
373 1224 441 1259 πρὸς
456 1224 486 1251 δὲ
498 1225 544 1251 τὸν
556 1225 605 1260 τῆς
620 1226 788 1260 ἐπισκέψεως
799 1227 862 1262 τρό-

74 1277 119 1295 πον
134 1269 391 1305 δυσαρεστούμενοι,
410 1271 460 1297 οὐκ
471 1270 573 1303 ειδότες
582 1271 624 1298 ὅτι
634 1272 710 1298 πᾶσα
722 1272 791 1308 πρὸς
805 1273 863 1299 ἑαυ-

73 1314 147 1350 τὴνὴ
171 1315 331 1351 κατασκευὴ
351 1316 397 1343 τοῦ
425 1317 551 1352 σώματος
572 1318 711 1354 ὀμοτίμως
732 1318 797 1354 ἔχει,
815 1320 862 1345 καὶ

73 1360 143 1386 οὐδὲν
166 1361 195 1387 ἐν
221 1361 309 1397 ταύτῃ
327 1361 379 1388 τῶν
405 1362 473 1398 πρὸς
498 1362 547 1398 τὴν
572 1363 702 1391 σύστασιν
723 1364 773 1399 τῆς
791 1363 863 1400 ζωῆς

76 1406 269 1433 συντελούντων
291 1407 329 1439 ὡς
349 1408 444 1442 ἄτιμόν
463 1417 489 1435 τι
507 1411 522 1447 ἢ
539 1409 656 1445 πονηρὸν
679 1409 861 1437 διαϐάλλεται.

74 1451 141 1486 Πρὸς
153 1452 200 1480 ἕνα
216 1453 275 1489 γὰρ
297 1453 395 1481 σκοπὸν
412 1455 428 1490 ἡ
443 1455 498 1482 τῶν
513 1456 667 1491 ὀργανικῶν
694 1455 782 1491 μελῶν
805 1457 862 1490 δια-

76 1498 153 1532 σκευὴ
169 1500 247 1526 πᾶσα
265 1500 451 1528 συντέτακται.
475 1500 504 1528 Ὀ
520 1501 549 1528 δὲ
563 1502 663 1534 σκοπός
682 1502 751 1535 ἐστι,
768 1503 863 1538 διαμέ-

74 1553 124 1573 νειν
137 1546 164 1572 ὲν
177 1547 210 1582 τῇ
227 1546 287 1582 ζωῇ
300 1547 344 1573 τὸν
357 1547 509 1583 ἄνθρωπον.
527 1547 567 1574 Τὰ
588 1548 637 1583 μὲν
649 1547 696 1575 οὖν
715 1549 794 1576 λοιπὰ
809 1549 863 1575 τῶν

73 1590 189 1625 ᾼργάνων
207 1593 261 1627 τὴν
286 1591 424 1628 παροῦσαν
446 1593 552 1628 συνέχει
571 1593 611 1628 τῷ
627 1593 764 1629 ἀνορώπῳ
778 1594 862 1630 ζωὴν,
877 1600 898 1629 c

72 1636 135 1664 ἄλλα
161 1638 231 1673 πρὸς
255 1637 340 1674 ἄλλην
357 1638 495 1674 ἐνέργειαν
520 1639 719 1676 μεμερισμένα,
740 1640 775 1667 δι’
793 1637 830 1667 ὧν
846 1643 864 1678 ἡ

72 1684 212 1721 αἰσθητική
227 1693 259 1711 τε
274 1684 321 1712 καί
335 1685 352 1719 ή
367 1685 531 1722 ὲνεργητικὴ
543 1685 658 1721 δύναμις
670 1687 863 1722 οἰκονομεῖται·

72 1730 104 1756 τὰ
115 1730 144 1757 δὲ
158 1732 311 1766 γεννητικὰ
332 1731 380 1758 τοῦ
399 1731 539 1767 μέλλοντος
563 1732 620 1768 ἔχει
645 1733 696 1769 τὴν
723 1735 863 1770 πρόνοιαν,

73 1774 104 1801 δι’
117 1775 219 1803 ἑαυτῶν
235 1776 317 1810 φύσει
332 1776 383 1812 τὴν
403 1777 527 1812 διαδοχὴν
545 1777 751 1813 ἀντεισάγοντα.
767 1779 799 1806 El
818 1778 864 1807 οὖν

74 1820 138 1856 πρὸς
153 1821 184 1848 τὸ
197 1821 330 1857 χρειῶδες
351 1821 469 1857 βλέποις,
491 1823 563 1855 τίνος
579 1823 612 1850 ἂν
629 1816 671 1859 εἴη
694 1824 749 1851 τῶν
766 1825 864 1861 τιμίων

73 1862 139 1891 εἶναι
154 1866 344 1902 νομιζομένων
356 1867 447 1894 ἐκεῖνα
467 1868 597 1905 δεύτερας
618 1870 697 1901 Τίνος
713 1870 742 1897 δὲ
765 1871 814 1898 οὐκ
831 1871 864 1898 ἂν

75 1913 257 1947 προτιμότερα
269 1912 340 1939 κατὰ
350 1913 380 1939 τὸ
388 1913 499 1948 εὔλογον
510 1915 629 1949 κρίνοιτο
639 1923 646 1948 ;
657 1915 694 1943 Οὐ
704 1915 758 1951 γὰρ
771 1916 864 1952 ὀφθαλ-

78 1956 116 1991 μῷ
134 1958 181 1984 καὶ
196 1959 278 1994 ἀκοῇ,
294 1959 340 1986 καὶ
357 1958 476 1996 γλώσσῃ,
497 1960 513 1996 ἢ
531 1960 604 1996 ἄλλῳ
625 1961 678 1988 τινὶ
694 1961 749 1988 τῶν
769 1962 865 1997 αἰσθη-

75 2002 172 2037 τηρίων
193 2004 264 2040 πρὸς
277 2004 307 2030 τὺ
325 2004 446 2043 διηνεκὲς
460 2005 491 2033 τὸ
508 2006 587 2040 γένος
608 2007 686 2042 ἡμῶν
701 2007 862 2042 διεξάγεται.

75 2048 162 2076 Ταῦτα
175 2050 242 2085 γὰρ,
257 2050 348 2082 καθὼς
362 2050 480 2087 εἴρηται,
494 2052 545 2087 τῆς
561 2053 701 2088 παρούσης
716 2054 788 2080 ἐστὶν
803 2055 865 2081 ἀπο-

74 2094 206 2129 λαύσεως·
222 2097 283 2123 ἀλλ’
299 2097 328 2123 ἐν
342 2097 457 2129 ἐκείνοις
468 2099 485 2134 ἠ
498 2098 633 2125 ἀθανασία
647 2101 819 2136 συντηρεῖται
830 2103 863 2137 τῇ

73 2141 280 2178 ἀνθρωπότητι·
300 2143 336 2175 ὡς
352 2144 395 2170 ἀεὶ
408 2144 468 2170 καθ’
482 2143 561 2179 ἡμῶν
577 2144 741 2180 ἐνεργοῦντα
755 2146 800 2172 τὸν
815 2146 864 2174 ϐά-

74 2195 156 2220 νατον,
184 2189 330 2224 ἄπρακτον
356 2189 425 2216 εἶναι
451 2190 551 2225 τρόπον
568 2190 629 2217 τινὰ
651 2191 699 2217 καὶ
720 2192 862 2227 ἀνήνυτον,

71 2233 182 2261 πάντοτε
198 2235 271 2271 πρὸς
285 2235 318 2261 τὺ
329 2235 421 2267 λεῖπον
438 2235 470 2262 δι’
485 2236 576 2263 αὐτῶν
591 2237 787 2272 ἐπιγινομένων
801 2239 865 2265 ἐαυ-

1177 257 1291 286 CAPUT
1311 257 1430 285 XXVIII.

945 303 999 333 Sed
1025 308 1147 333 nostram
1170 305 1289 333 ludibrio
1310 305 1412 332 habent
1439 308 1577 338 naturam,
1595 310 1622 332 et
1646 313 1696 333 no-

908 353 996 380 strum
1020 350 1151 379 nascendi
1172 351 1284 377 modum
1310 351 1337 377 in
1358 350 1455 385 vulgus
1471 351 1588 385 jactant,
1605 351 1697 379 existi-

912 400 1091 431 mantque'se
1115 402 1147 423 ea
1170 396 1278 423 ratione
1298 395 1444 423 ridiculum
1462 399 1585 425 nostrum
1607 397 1697 435 facere

910 442 1068 477 mysterium
1087 451 1093 469 :
1114 444 1208 477 utpote
1235 441 1307 478 quod
1329 440 1414 474 Deum
1441 449 1496 468 non
1519 442 1624 474 deceat,
1649 449 1698 477 per

909 488 1043 523 ejusmodi
1075 489 1231 524 ingressum
1258 488 1387 516 devenire
1415 488 1449 515 ad
1479 488 1605 516 humana!
1636 490 1699 517 vita:

910 534 1081 562 societatem.
1101 533 1154 561 Sed
1169 534 1225 568 jam
1246 533 1281 562 de
1300 533 1343 561 his
1360 533 1464 561 dictum
1479 539 1521 561 est
1538 534 1566 561 in
1587 535 1622 563 iis
1637 543 1699 570 qua:

911 579 987 614 prius
1009 578 1141 612 diximus,
1158 587 1255 614 nempe
1276 579 1349 615 quod
1369 579 1458 616 solum
1478 580 1575 607 vitium
1591 585 1634 609 est
1648 589 1698 609 sua

910 629 1008 655 natura
1023 629 1112 660 turpe,
1129 629 1156 653 et
1168 626 1190 653 si
1205 626 1270 661 quid
1291 633 1354 653 cum
1371 625 1439 653 vitio
1454 625 1574 662 aliquam
1583 627 1698 662 conjun-

909 671 1029 699 ctionem
1043 671 1127 703 habet
1148 676 1175 702 et
1189 671 1357 700 afﬁnitatem.
1374 671 1483 700 Natum
1496 678 1587 702 autem
1603 681 1700 702 cense-

910 717 1024 752 quentia
1046 717 1092 745 Dei
1116 718 1258 747 voluntate
1279 722 1306 745 et
1329 718 1388 754 lege
1401 719 1540 754 ordinata,
1561 720 1619 746 vitii
1642 721 1698 748 cri-

911 763 1056 790 minationi
1074 764 1153 799 longe
1166 765 1243 791 abest
1256 768 1287 791 ut
1300 764 1335 792 sit
1349 765 1446 795 atiinis.
1459 764 1538 793 Nunc
1553 769 1644 793 autem
1658 767 1699 794 sic

911 816 1021 844 quoque
1037 808 1071 836 ad
1087 809 1212 844 opiﬁcem
1233 814 1276 838 est
1289 810 1410 838 reditura
1425 815 1530 839 natura:
1547 812 1698 845 accusatio,

911 855 935 883 si
949 855 1099 890 quidquam
1113 855 1174 890 ejus
1189 856 1361 891 vituperetur
1375 861 1506 892 tanquam
1518 862 1596 893 turpe
1615 862 1642 886 et
1658 859 1701 885 in-

912 900 1054 929 decorum.
1069 901 1129 928 Jam
1153 902 1177 929 si
1203 909 1217 928 a
1246 903 1305 930 solo
1330 903 1397 931 vitio
1414 903 1552 934 Divinitas
1574 910 1700 940 separata

911 951 963 978 est,
989 946 1050 974 vitii
1078 950 1170 979 autem
1199 947 1273 976 nulla
1292 950 1383 979 exstat
1405 953 1512 980 natura,
1539 949 1699 984 mysterium

910 996 995 1030 porro
1017 989 1079 1020 ﬁdei
1104 995 1206 1018 nostra;
1231 990 1316 1019 Deum
1337 991 1404 1024 dicit
1425 992 1454 1024 in
1471 993 1580 1024 homine
1600 993 1700 1027 fuisse,

911 1043 967 1064 non
982 1036 1010 1064 in
1026 1037 1110 1071 vitio;
1127 1038 1150 1065 si
1166 1045 1265 1066 rursus
1280 1038 1399 1066 hominis
1414 1039 1440 1066 in
1455 1039 1538 1066 vitam
1556 1041 1701 1076 ingressus

911 1090 984 1110 unus
998 1088 1051 1117 est,
1068 1091 1117 1118 per
1131 1092 1212 1119 quem
1229 1084 1255 1112 id
1273 1085 1345 1120 quod
1369 1085 1493 1113 nascitur
1516 1085 1544 1113 tit
1563 1087 1625 1114 vitae
1643 1095 1703 1121 par-

912 1129 999 1164 ticeps
1016 1137 1200 1164 :quemnam,
1226 1139 1336 1166 qua-so,
1364 1133 1448 1160 alium
1474 1133 1528 1161 Deo
1556 1134 1584 1161 in
1617 1135 1700 1162 vitam

911 1175 1083 1210 ingrediendi
1110 1177 1222 1204 modum
1251 1179 1451 1213 praescribunt,
1476 1180 1523 1215 qui
1555 1187 1702 1209 consenta-

913 1215 994 1246 neum
1014 1221 1124 1254 quidem
1139 1221 1275 1256 iudicant,
1299 1227 1328 1250 ιιι
1343 1231 1358 1250 a
1379 1224 1470 1252 divina
1487 1226 1588 1253 virtute
1603 1226 1701 1254 visita-

911 1269 1000 1297 retur,
1020 1273 1081 1300 quae
1104 1266 1131 1294 in
1148 1268 1214 1294 vitio
1240 1273 1389 1303 aegrotant
1412 1271 1531 1304 natura?
1554 1272 1594 1300 eis
1610 1276 1702 1303 autem

912 1310 1043 1346 displicet
1058 1313 1154 1340 modus
1170 1314 1348 1348 visitationis,
1362 1316 1550 1346 nescientibus
1566 1319 1638 1353 quod
1653 1326 1702 1354 par

913 1360 968 1388 est,
994 1357 1068 1391 quod
1095 1358 1128 1385 ad
1154 1366 1184 1386 se
1206 1359 1304 1387 attinet
1331 1361 1460 1395 quarl'ebet
1486 1365 1610 1398 corporis
1633 1371 1702 1398 con—

913 1403 1047 1436 structio;
1066 1412 1155 1440 neque
1171 1406 1199 1432 in
1223 1414 1254 1433 ea
1275 1407 1424 1442 quidquam
1447 1416 1479 1436 ex
1501 1409 1544 1442 iis,
1560 1418 1620 1445 quae
1638 1419 1704 1444 cou-

914 1447 1008 1478 terunt
1030 1449 1063 1477 ad
1087 1451 1170 1477 vitam
1189 1452 1422 1486 constituendam,
1446 1455 1627 1491 vituperatur~
1643 1460 1704 1489 tau-

915 1502 995 1530 quam
1020 1499 1102 1532 turpe
1121 1497 1236 1532 aliquid,
1261 1503 1287 1526 et
1309 1499 1458 1534 abiectum,
1480 1507 1508 1529 et
1534 1503 1645 1530 malum.
1662 1504 1703 1531 Ad

914 1549 999 1569 unum
1011 1543 1085 1570 enim
1097 1551 1210 1580 scopum
1222 1549 1265 1574 est
1276 1546 1379 1577 directa
1392 1552 1420 1575 et
1434 1549 1561 1576 ordinata
1577 1551 1704 1579 universa

916 1587 1208 1618 instrumentariorum
1224 1592 1412 1622 membrorum
1427 1596 1604 1630 compositio.
1618 1597 1642 1624 Is
1659 1605 1705 1629 au-

915 1637 969 1661 tem
992 1642 1096 1671 seopus
1114 1639 1167 1670 est,
1195 1642 1225 1666 ut
1244 1638 1326 1666 homo
1351 1639 1377 1666 in
1399 1641 1451 1667 vita
1481 1646 1597 1670 maneat.
1616 1643 1705 1679 Atque

914 1684 1013 1708 caetera
1027 1681 1136 1716 quidem
1154 1684 1277 1711 membra
1296 1685 1323 1712 in
1342 1687 1470 1721 prmsenti
1493 1687 1547 1715 vita
1565 1688 1703 1725 hominem

914 1728 1069 1762 continent,
1085 1729 1137 1756 alia
1156 1729 1203 1758 alii
1228 1731 1376 1759 distributa
1394 1734 1561 1767 operationi,
1577 1742 1626 1770 per
1643 1743 1706 1771 qua:

914 1773 1128 1810 administratur
1147 1776 1266 1804 facultas
1289 1779 1425 1807 sentiendi
1445 1785 1471 1807 ct
1494 1771 1643 1816 operandi;
1662 1791 1706 1818 ge-

916 1820 1011 1848 nitalia
1026 1826 1117 1849 autem
1140 1830 1234 1850 curam
1254 1829 1352 1860 gerunt
1366 1824 1465 1858 futuri,
1488 1830 1518 1854 ut
1537 1835 1596 1862 qua:
1614 1834 1664 1862 per
1676 1836 1705 1856 se

916 1867 1072 1895 mortalium
1095 1869 1177 1896 aliam
1195 1870 1329 1898 inducant
1351 1874 1565 1901 successionem.
1593 1874 1621 1901 Si
1638 1883 1705 1910 ergo

916 1912 1034 1946 aspicias
1063 1914 1097 1940 ad
1123 1913 1148 1940 id
1164 1915 1238 1949 quod
1265 1919 1307 1943 est
1329 1916 1405 1949 utile,
1423 1917 1531 1944 eninam
1550 1924 1632 1951 erunt
1658 1919 1704 1946 Illa

914 1958 1036 1985 secunda
1057 1966 1089 1985 ex
1113 1959 1149 1986 iis
1169 1967 1230 1994 qua:
1247 1961 1441 1988 existimantur
1458 1963 1616 1996 praestantia
1642 1971 1705 1991 esse

915 2007 943 2031 et
958 2003 1149 2031 honorabilia?
1165 2005 1278 2033 Cuinam
1296 2010 1386 2034 autem
1406 2015 1470 2039 non,
1489 2011 1516 2034 ut
1532 2012 1574 2036 est
1589 2016 1705 2036 consen-

916 2053 1041 2081 taneum,
1068 2055 1134 2078 sunt
1155 2051 1373 2079 excellentiora?
1396 2052 1454 2083 Non
1476 2054 1548 2081 enim
1574 2055 1654 2082 oculo
1679 2060 1705 2083 et

916 2096 1040 2129 auribus,
1065 2099 1092 2124 et
1119 2096 1222 2132 lingua,
1247 2103 1295 2124 aut
1311 2098 1404 2134 aliquo
1424 2099 1478 2126 alio
1504 2107 1635 2128 sensuum
1664 2101 1705 2128 in-

916 2145 1070 2173 strumento
1085 2142 1118 2170 ad
1135 2145 1345 2180 perpetuitatem
1368 2149 1492 2177 nostrum
1507 2154 1594 2182 genus
1610 2147 1705 2175 tradu-

916 2189 998 2216 citur.
1026 2188 1064 2215 Ea
1093 2189 1179 2222 enim,
1206 2193 1234 2217 ut
1258 2190 1364 2217 dictum
1386 2196 1439 2224 est,
1469 2195 1534 2219 sunt
1559 2193 1705 2233 prtesentis

917 2242 985 2262 usus
999 2243 1006 2261 :
1021 2233 1069 2262 sed
1083 2234 1110 2261 in
1128 2235 1183 2262 illis
1203 2234 1396 2264 immortalitas
1411 2241 1591 2264 conservatur
1608 2237 1705 2264 huma-

70 2278 115 2315 τήν
136 2281 393 2317 ἀντεισαγαγούσης
418 2282 468 2317 τῆς
489 2282 607 2317 φύσεως.
622 2282 656 2308 Τί
669 2281 717 2309 οὖν
738 2284 860 2319 ἀπρεπὲς

914 2280 992 2310 uitali
1016 2280 1141 2315 :quippe
1165 2287 1226 2315 quae
1256 2280 1370 2315 faciant,
1399 2285 1432 2316 ut
1455 2289 1530 2309 mors
1557 2282 1703 2310 adversum

71 2326 188 2361 περιέχει
216 2326 297 2362 ήμῶν
322 2327 352 2354 τὸ
372 2329 540 2363 μυστήριον,
566 2328 590 2354 εἰ
614 2328 659 2356 διὰ
679 2329 780 2356 τούτων
796 2339 861 2357 κατ-

71 2371 164 2408 εμίχθη
180 2374 195 2399 ὁ
208 2373 278 2404 Θεὸς
286 2372 323 2408 τῷ
335 2373 497 2410 ἀνθρωπίνῳ
509 2374 558 2409 βίῳ
571 2373 604 2400 δι’
619 2371 656 2401 ὦν
671 2375 688 2411 ἡ
699 2375 780 2410 φύσις
794 2377 862 2412 πρὸς

69 2415 111 2442 τὸν
126 2416 246 2445 θάνατον
261 2418 392 2454 μάχεται;
815 2417 817 2421 ’

915 2326 1057 2361 ηοείιτίιιι
1071 2326 1274 2362 quodammodo
1291 2335 1414 2367 vanaque
1433 2328 1479 2360 sit,
1497 2333 1593 2359 natura
1610 2329 1705 2357 videli-

916 2378 958 2399 cet
975 2374 1092 2408 seipsam
1112 2380 1160 2408 per
1174 2380 1205 2399 ea
1237 2380 1298 2410 qua:
1316 2374 1453 2406 0riuntur,
1472 2374 1505 2402 ad
1527 2375 1705 2410 supplemen-

918 2424 977 2446 tum
995 2420 1055 2454 ejus
1073 2420 1146 2454 quod
1167 2419 1257 2452 deﬁcit
1273 2420 1445 2448 obtrudente.
1461 2421 1531 2454 Quid
1552 2430 1616 2457 ergo
1632 2424 1704 2458 quod

69 2469 120 2490 non
145 2466 241 2495 decet,
264 2468 389 2491 nostrum
410 2465 534 2492 continet
552 2466 726 2502 mysterium,
752 2466 776 2493 si
800 2467 861 2494 vita:
881 2466 1009 2494 humana:
1029 2465 1102 2493 Deus
1117 2472 1164 2500 per
1178 2472 1209 2492 ea
1233 2465 1332 2494 mistus
1355 2472 1407 2500 est,
1446 2474 1495 2502 per
1524 2475 1584 2505 quae
1607 2472 1705 2494 natura

69 2515 169 2545 pugnat
185 2518 252 2537 enm
272 2510 377 2538 morte?

359 2555 485 2583 ΚΕΦΔΛ.
506 2556 570 2585 KO’.

107 2603 191 2630 una
210 2602 379 2638 μεταϐάντες
405 2602 459 2629 ἀπὸ
483 2602 588 2634 τούτου,
604 2603 636 2629 δι’
656 2603 758 2639 ἐτέρων
779 2604 860 2632 πάλιν

55 2648 189 2680 ,κακίζειν
208 2649 377 2683 ἐπιχειροῦσι
394 2648 438 2676 τὴν
455 2649 541 2684 λόγον.
559 2650 611 2676 Καί
631 2655 721 2685 φασιν
736 2651 767 2677 Εἰ
779 2650 860 2677 καλὸν

70 2694 113 2720 καὶ
128 2694 240 2730 πρέπον
260 2693 298 2728 τῷ
313 2693 371 2729 Θεῷ
385 2694 416 2720 τὸ
427 2695 583 2729 γενόμενον,
598 2694 624 2720 τί
647 2694 791 2722 ἀνεὸάλετο
811 2695 859 2730 τὴν

70 2739 251 2774 εΰερτεσίανς
269 2740 301 2766 Τί
320 2740 347 2766 δὲ
364 2741 414 2767 οὐκ
430 2741 458 2766 ἐν
473 2741 570 2776 ἀρχαῖς
584 2741 666 2777 οὔσης
684 2741 733 2776 τῆς
750 2741 859 2772 κακίας,

70 2787 115 2821 τὴν
129 2787 178 2814 ἐπὶ
192 2787 226 2813 τὸ
247 2787 337 2813 πλεῖον
350 2787 435 2823 αὐτῆς
455 2787 566 2823 πρόοδον
587 2787 767 2822 ὐπετέμνετο;
789 2786 860 2820 Πρὸς

71 2831 96 2859 at
109 2832 190 2859 τοῦτο
213 2832 344 2867 σύντομος
355 2834 370 2858 ό
385 2832 450 2866 παρ’
463 2832 541 2867 ἡμῶν
556 2833 613 2858 ἐστι
623 2833 710 2867 λόγος,
726 2832 765 2858 ὅτι
781 2832 860 2866 cuiq.

237 2879 374 2910 PATRUL.
395 2880 455 2912 Gtt.
474 2881 498 2910 Χ
506 2880 565 2910 LV.

1187 2555 1302 2584 CAPUT
1330 2555 1426 2584 XXIX.

948 2601 1000 2630 Sed
1017 2601 1116 2629 adhoc
1131 2605 1314 2634 transeuntes,
1333 2609 1380 2636 per
1396 2601 1448 2630 alia
1472 2609 1567 2629 rursus
1594 2609 1625 2629 ea
1645 2609 1705 2637 qua:

913 2649 1030 2676 dicimus
1044 2652 1178 2675 conantur
1196 2647 1360 2682 vituperare.
1374 2646 1568 2674 Dicuntenim:
1586 2646 1614 2672 Si
1631 2647 1703 2681 quod

913 2695 1014 2722 factum
1033 2697 1086 2726 est,
1109 2694 1253 2721 honestum
1279 2697 1337 2721 erat
1358 2697 1385 2719 et
1409 2694 1491 2719 Deum
1516 2692 1639 2725 decebat,
1655 2700 1705 2720 cur

913 2739 1019 2767 distulit
1033 2738 1270 2766 beneﬁcium?Cur
1284 2744 1385 2768 autem,
1402 2746 1463 2764 cum
1478 2742 1550 2766 esset
1566 2738 1659 2765 vitium
1677 2739 1704 2764 in

914 2784 1059 2820 principio,
1076 2784 1136 2819 ejus
1161 2784 1194 2810 ad
1218 2783 1348 2811 ulteriora
1373 2791 1548 2818 progressum
1577 2792 1630 2811 non
1646 2792 1703 2811 am-

914 2831 1034 2866 putavit?
1049 2830 1088 2858 Ad
1105 2831 1155 2858 hoe
1168 2834 1257 2857 alitem
1276 2830 1364 2857 brevis
1376 2836 1417 2858 est
1430 2839 1489 2866 (μιν
1502 2840 1514 2856 ιι
1533 2831 1609 2859 nobis
1626 2831 1705 2858 aﬂ’et-

1514 2877 1533 2904 .‘l
