1926 3080
241 113 277 141 ’15
779 148 783 153 ,
863 118 893 146 S.
908 118 1021 147 GREGU

1082 118 1229 148 NYSSENI
1838 126 1868 153 7G

244 175 288 198 tur
303 172 398 203 oratio,
414 179 509 208 nempe
523 174 593 208 quod
604 181 650 208 per
667 174 839 209 sapientiam,
853 181 879 203 et
892 177 951 210 ejus
963 185 1021 212 (μην

1079 178 1191 212 γέγονε,
1205 177 1252 204 καὶ
1268 178 1315 205 τοῦ
1331 179 1528 212 λυσιτελοῦντος
1540 182 1572 216 τῇ
1591 182 1669 216 φύσει
1686 183 1840 218 προμηθείᾳ
1857 185 1870 215 ἡ

243 221 344 243 μυξη-ω
371 221 474 243 natura
493 218 621 245 conducit
644 226 740 246 curant
765 227 797 247 ac
820 221 1032 254 providentiam,

243 260 367 288 beneficii
394 262 419 287 itt
447 268 496 288 nos
521 262 612 289 collati
632 262 702 290 facta
724 263 777 290 fuit
798 265 904 292 dilatio.
916 264 984 292 Nam
1004 267 1031 293 in

242 307 345 334 morbis
363 307 550 341 corporalibus
567 308 678 342 quando
701 309 800 344 aliquis
818 311 1031 348 httnter_pra\'us

241 356 268 379 et
282 356 426 392 corruptus
443 353 539 388 irrepit
552 354 585 380 ad
602 362 700 388 pot-os;
718 355 877 390 priusquam
891 357 918 382 in
937 364 1032 391 super-

241 398 302 425 ﬁcie
323 401 445 432 apertum
467 398 549 426 fuerit
568 399 700 434 quidquid
721 404 763 428 est
780 406 877 435 praeter
894 405 1029 434 naturam,

240 445 347 479 corpori
372 444 569 472 eondensantia
587 453 640 483 non
662 446 792 473 adhibent
822 447 1030 479 medicamenta,

240 490 258 516 ii
274 490 319 525 qui
336 490 460 517 medendi
477 490 581 518 morbis
604 495 691 518 artem
709 492 872 527 profitentur
892 501 899 519 :
916 493 964 520 sed
984 501 1031 520 ett-

239 539 365 570 spectant
376 535 463 563 donec
479 540 556 563 extta
572 537 704 571 prodierit
715 538 846 573 quidquid
865 539 1030 569 intrinsecus

239 583 266 608 in
287 581 342 608 into
356 581 510 608 delitescit:
530 581 565 608 ita
584 582 662 609 nuda:
677 581 814 609 affectioni
831 583 960 610 adhibent
974 592 1030 610 ute-

237 625 369 654 dieinam.
384 625 531 662 Postquam
546 635 613 662 ergo
626 627 752 656 humana:
769 632 873 656 natura:
889 630 972 657 semel
988 632 1030 657 itt-

238 671 335 700 cubuit
353 672 465 700 morbus
480 673 550 705 vitii,
566 675 735 708 cxspectavit
750 673 873 702 medicus
890 675 1024 703 universi-

239 719 315 750 tatis,
330 723 359 745 ut
376 718 478 746 ttulittm
494 723 568 747 esset
589 720 724 755 reliquum
738 728 824 756 genus
838 721 897 748 vitii
915 722 1028 750 immisti

239 769 355 792 naturae.
372 763 519 800 Propterea
538 772 593 792 tton
607 766 700 793 statim
716 770 778 801 post
801 767 940 799 invidiam,
957 772 984 795 et
1013 775 1028 795 a

238 809 306 837 Cain
322 809 420 837 factant
438 810 532 838 fratris
545 811 645 838 caedem
662 811 765 839 homini
786 812 897 840 adhibet
914 812 1028 841 medici-

1083 223 1152 258 πρὸς
1173 223 1222 258 τὴν
1246 224 1405 258 εὐεργεσίαν
1426 226 1505 261 ἡμῶν
1525 227 1652 262 ἀναϐολή.
1671 228 1726 254 Καὶ
1748 229 1803 264 γὰρ
1828 230 1870 256 ἐπὶ

1083 269 1137 294 τῶν
1153 269 1316 304 σωματικῶν
1331 272 1500 306 νοσημάτων,
1519 273 1582 299 ὃταν
1602 282 1642 304 τις
1661 274 1810 310 διεφθορὼς
1825 285 1871 310 χυ-

1085 314 1135 348 μὸς
1154 315 1264 351 ὐφέρπῃ
1285 315 1396 351 πόρους,
1412 319 1476 353 πρὶν
1495 318 1568 346 ἅπαν
1589 321 1636 346 ἐπὶ
1659 319 1707 354 τὴν
1723 320 1871 354 ἐμφάνειαν

1084 359 1288 394 ἐκκαλυφθῆναι
1304 362 1376 396 παρὰ
1388 363 1467 396 φύσιν
1476 365 1641 398 ἐγκείμενον,
1652 365 1682 391 οὐ
1691 373 1871 400 καταφαρμα‹

1082 405 1191 432 κεὺεται
1212 407 1269 438 τοῖς
1289 408 1419 434 πυκνοῦσι
1436 409 1466 435 τὸ
1488 410 1566 444 σῶμα
1580 411 1654 445 παρὰ
1675 410 1730 437 τῶν
1739 413 1870 446 τεχνικῶς

1083 450 1282 485 μεθοδευόντων
1297 453 1330 479 τὰ
1353 453 1425 489 πάθη
1435 462 1442 469 ’
1453 455 1521 481 ἀλλὰ
1535 455 1643 490 μένουσι
1658 456 1690 482 τὸ
1708 456 1870 492 ἐνδομυκοῦν

1082 496 1154 523 ἅπαν
1170 497 1222 532 ἔξω
1239 499 1373 532 γενέσθαι,
1396 501 1443 527 καὶ
1465 501 1538 527 οὕτω
1550 501 1646 537 γυμνῷ
1659 501 1699 536 τῷ
1721 502 1805 529 πάθει
1824 504 1870 537 τὴν

1083 542 1203 577 ἰατρείαν
1218 545 1408 579 προσάγουσιν.
1429 547 1537 583 Ἐπειδὴ
1550 548 1638 574 τοίνυν
1650 548 1722 581 ἅπαξ
1736 549 1869 583 ἐνέσκηψε

1080 588 1113 622 τῇ
1127 588 1205 622 φύσει
1219 590 1268 625 τῆς
1283 591 1491 626 ἀνθρωπάτητος
1505 594 1521 628 ὴ
1536 594 1585 629 τῆς
1598 595 1697 625 κακίας
1709 594 1798 626 νόσος,
1811 595 1869 621 ἀνέ-

1084 643 1163 670 μενεν
1185 637 1199 662 ό
1217 637 1264 664 τοῦ
1282 639 1382 670 παντὸς
1399 639 1579 675 θεραπευτὴς,
1600 641 1685 676 μηδὲν
1708 641 1870 676 ὑπολειφθῆ-

1082 689 1124 707 ναι
1141 683 1190 717 τῆς
1217 684 1350 718 πονηρίας
1376 683 1445 716 εἶδος
1467 687 1692 722 ἐγκεκρυμμένον
1717 689 1748 722 τῇ
1780 688 1866 721 φύσει.

1080 727 1129 754 Διὰ
1139 728 1218 754 τοῦτο
1229 729 1279 756 οὐκ
1288 729 1367 762 εὐθὺς
1381 730 1450 765 μετὰ
1462 732 1507 758 τδν
1520 733 1626 767 φθόνον,
1637 734 1685 760 καὶ
1697 733 1744 768 τὴν
1757 734 1868 768 ἀδελφο-

1080 774 1190 801 κτονίαν
1204 774 1252 802 τοῦ
1273 776 1342 803 Κάῖν
1364 779 1497 813 προσάγει
1515 779 1554 814 τῷ
1575 779 1713 815 ἀνθρώπῳ
1725 779 1776 815 τὴν
1792 780 1869 815 θερα-

1082 819 1177 846 πείαν·
1191 819 1267 848 οὔπω
1280 821 1334 857 γὰρ
1348 822 1401 850 τῶν
1414 823 1460 851 ἐπὶ
1475 824 1536 850 Νῶε
1549 825 1782 861 καταφθαρέντων
1795 827 1811 861 ἡ
1825 836 1869 853 κα-

238 862 318 888 natu;
337 855 457 883 nondum
472 857 545 883 enim
566 856 592 883 in
611 857 670 884 luce
688 857 845 892 prodierant
861 859 963 886 scelera
981 867 1021 887 eo-

1078 865 1123 891 κίοι
1141 864 1302 901 ἐξέλαμψεν,
1317 855 1380 895 οὐδὲ
1397 869 1447 904 τῆς
1469 855 1645 907 Σοδομιτικῆς
1666 855 1870 907 παρανομίαςὴ

238 908 298 927 rutn
313 901 358 936 qui
379 900 474 929 Noctni
505 905 629 937 tempore
645 903 808 938 perierunt;
826 911 875 931 nec
901 903 1026 931 Sodomi-

237 947 296 974 tica:
311 947 464 982 iniquitatis
481 948 663 982 gravissimus
680 949 726 976 ille
750 950 862 977 morbus
880 954 963 984 caput
977 958 1026 977 ex-

236 997 345 1020 ertterat
359 1002 366 1026 ;
383 1002 471 1029 neque
488 993 680 1030 «Egyptiortttn
710 995 844 1023 adversus
863 996 946 1023 Deum
976 1004 1028 1031 pu-

234 1047 302 1073 gna,
326 1047 414 1074 neque
445 1039 623 1075 Assyriorum
654 1041 802 1076 superbia,
835 1049 885 1068 nec
912 1046 1026 1069 cruenta

235 1084 390 1112 Jtulazorunt
406 1085 433 1112 in
455 1085 501 1112 Dei
522 1089 633 1113 sanctos
652 1087 775 1119 smvitia,
804 1095 892 1122 ueqtte
922 1087 1026 1114 nefaria

235 1129 272 1155 ab
287 1128 394 1156 llerode
404 1128 476 1156 facta
491 1129 579 1157 caedes
593 1129 739 1157 infantium
755 1150 764 1163 ,
781 1138 831 1158 nec
857 1138 1027 1166 quaecunque

236 1174 289 1201 alia
308 1175 460 1203 litterarum
476 1177 660 1204 monumentis
675 1181 740 1204 sunt
755 1177 894 1210 ntandata,
908 1182 936 1206 et
952 1186 1026 1213 quae-

234 1227 343 1255 cunque
362 1220 389 1248 in
406 1221 549 1256 gentilium
573 1222 689 1249 historia
710 1223 943 1258 consequentibus
973 1232 1024 1251 sa:-

233 1266 303 1295 culis
319 1270 395 1301 gesta
410 1271 559 1294 narrantur
570 1289 576 1300 ,
591 1275 653 1296 cum
669 1269 694 1295 in
721 1268 808 1296 libero
823 1268 964 1296 hominum
980 1277 1024 1296 ar-

233 1312 316 1340 bitrio
331 1312 508 1340 multifariam
526 1313 675 1348 multisque
691 1313 779 1341 modis
793 1315 962 1349 germinarct
978 1322 1023 1342 ra-

233 1359 278 1386 dix
294 1359 363 1386 vitii.
377 1358 525 1394 Postquam
554 1366 619 1394 ergo
636 1360 732 1387 vitium
755 1360 878 1395 pervenit
897 1360 931 1388 ad
948 1368 1023 1388 sum-

233 1411 319 1435 tttunt,
336 1410 386 1430 nec
400 1407 458 1431 erat
475 1402 557 1430 ullum
574 1410 661 1438 genus
683 1404 807 1434 sceleris,
825 1404 899 1438 quod
927 1403 1023 1432 admit-

1078 910 1181 946 χαλεπὴ
1197 912 1273 943 νόσος
1292 913 1465 950 ἀνεκαλύφθη
1477 924 1484 930 ·
1499 916 1515 951 ἢ
1536 917 1596 943 οὐδὲ
1612 917 1628 953 ἡ
1644 917 1698 944 τῶν
1713 919 1869 952 Αἰγυπτίων

1078 955 1221 991 θεομαχία,
1236 958 1295 984 οὐδὲ
1308 959 1323 994 ἡ
1338 960 1392 986 τῶν
1411 961 1560 996 Ἀσσυρίων
1574 963 1758 998 ὑπερηφανία,
1775 964 1837 990 οὑδὲ
1853 965 1868 998 ἠ

1076 1001 1124 1028 τοῦ
1147 1002 1265 1037 Ἡρώδου
1287 1005 1444 1041 παράνομος
1470 1007 1639 1042 παιδοφονία,
1659 1009 1718 1036 οὐδὲ
1743 1009 1781 1035 τὰ
1807 1010 1869 1035 ἄλλα

1078 1047 1167 1074 πάντα
1186 1049 1236 1076 ὅσα
1256 1058 1286 1076 τε
1305 1053 1513 1086 μνημονεύεται,
1534 1055 1578 1081 καὶ
1601 1055 1651 1081 ὅσα
1668 1055 1719 1088 ἔξω
1732 1055 1785 1090 τῆς
1801 1056 1869 1081 ξεττ-

1080 1092 1139 1127 ρίας
1154 1094 1183 1119 ὲν
1195 1096 1255 1126 ταῖς
1272 1096 1388 1131 καθεξῆς
1402 1100 1509 1131 γενεαῖς
1523 1100 1700 1136 κατεπράχθη
1713 1109 1720 1116 ·
1737 1101 1870 1135 πολυτρό-

1077 1144 1136 1168 πως
1149 1138 1199 1173 τῆς
1209 1139 1256 1166 τοῦ
1270 1141 1355 1167 κακοῦ
1368 1141 1447 1178 ῥίζης
1459 1144 1487 1168 ὲν
1499 1145 1558 1175 ταῖς
1571 1144 1625 1171 τῶν
1639 1144 1796 1180 ἀνθρώπιον
1810 1153 1871 1180 προ-

1077 1183 1198 1218 αιρέσεσι
1217 1184 1426 1223 βλαστανούσης.
1447 1188 1523 1214 Ἐπεὶ
1537 1187 1583 1216 οὖν
1597 1190 1666 1225 πρὸς
1675 1190 1706 1217 τὸ
1717 1191 1869 1225 ἀκρότατον

1076 1226 1177 1261 ἔφθασε
1194 1229 1292 1264 μέτρον
1307 1232 1322 1266 ἡ
1341 1233 1435 1264 κακία,
1447 1234 1493 1260 καὶ
1507 1234 1583 1260 οὐδὲν
1596 1235 1636 1261 ἔτι
1653 1235 1789 1270 πονηρίας
1805 1233 1869 1267 sivi);

1076 1272 1105 1298 ἐν
1123 1275 1178 1305 τοῖς
1201 1275 1355 1312 ἀνθρώποις
1369 1278 1520 1314 ἀτόλμητον
1533 1278 1577 1315 ἦν,
1599 1279 1638 1312 ὡς
1662 1281 1695 1307 ἂν
1708 1281 1753 1307 διὰ
1780 1282 1870 1315 πάσης

1076 1318 1125 1353 τῆς
1134 1319 1290 1355 ἀρρωστίας
1303 1325 1505 1359 προχωρήσειεν
1519 1326 1534 1361 ἡ
1555 1326 1695 1362 θεραπεία,
1711 1329 1811 1354 τούτου
1825 1328 1870 1362 χᾶ-

1079 1371 1120 1398 ριν
1134 1364 1184 1392 οὐκ
1200 1366 1365 1404 ἀρχομένην,
1378 1369 1446 1397 ἀλλὰ
1457 1371 1646 1398 τελειωθεῖσαν
1661 1372 1811 1408 θερατεὺει
1824 1374 1868 1408 τὴν

1080 1409 1167 1437 νόσον.

232 1454 289 1476 tere
305 1456 359 1476 non
375 1449 435 1476 ausi
449 1452 542 1476 essent
558 1448 694 1480 homines,
708 1453 737 1476 ttt
753 1457 801 1483 per
827 1456 936 1476 omnem
969 1451 1159 1485 agritudinetu
1196 1457 1358 1492 pert/adoret
1390 1461 1537 1494 medicina,
1574 1470 1606 1491 ea
1633 1463 1667 1491 de
1695 1471 1782 1492 causa
1817 1472 1868 1491 non

233 1494 420 1530 incipientem,
433 1493 481 1522 sed
492 1494 548 1528 jam
565 1493 716 1528 perfectum
733 1495 857 1522 morbum
872 1499 961 1524 curat.

516 1534 631 1568 (ΣΑΡΟΤ
650 1540 737 1568 XXX.

269 1586 298 1612 Si
309 1586 371 1622 quis
385 1589 474 1613 autem
488 1587 628 1615 existimat
638 1594 667 1614 se
679 1594 759 1622 posse
771 1587 895 1616 refellere
909 1589 935 1616 id
948 1589 1023 1624 quod

232 1631 360 1664 dicimus,
385 1631 514 1667 quoniam
541 1632 623 1659 etiam
641 1636 786 1668 postquam
819 1633 871 1661 fuit
899 1635 1021 1662 adhibita

232 1677 378 1711 medicina,
396 1677 526 1712 peccandi
546 1677 667 1705 nondum
696 1678 775 1706 linem
808 1679 876 1707 facit
901 1681 1022 1708 humana

231 1723 287 1750 vita
299 1743 307 1756 ,
331 1723 354 1750 is
369 1722 461 1758 aliquo
475 1726 540 1750 noto
559 1726 586 1750 et
604 1722 732 1751 familiari
749 1725 873 1759 exemplo
904 1725 1022 1753 deduca-

231 1774 278 1798 tur
292 1769 326 1796 ad
351 1770 503 1798 veritatem.
521 1769 666 1803 Quomodo
680 1770 753 1798 enim
773 1770 801 1798 in
829 1776 967 1807 serpente,
998 1773 1021 1800 si

231 1815 403 1843 mortiferum
417 1815 528 1851 aliquod
541 1816 641 1844 vulnus
657 1816 685 1843 in
697 1816 788 1852 capite
801 1818 949 1852 acceperit,
967 1825 1020 1845 tton

231 1861 323 1888 statim
339 1860 420 1888 simul
433 1868 495 1888 cutn
511 1861 600 1897 capite
619 1865 706 1889 tnorle
728 1861 843 1889 adicitur
868 1863 948 1890 etiam
975 1863 1020 1898 qui

231 1915 301 1942 pone
314 1911 354 1934 est
369 1910 484 1939 tractus,
500 1907 548 1935 sed
570 1910 709 1934 mortuutn
727 1907 837 1942 quidem
855 1912 898 1936 est
926 1913 1019 1944 caput,

229 1953 318 1980 cauda
333 1958 422 1980 autem
440 1953 552 1989 proprio
568 1953 661 1980 anitno
678 1953 768 1981 adhuc
786 1957 828 1982 est
844 1954 975 1986 animata,
993 1959 1020 1983 et

229 1998 304 2025 vitali
323 1998 421 2026 virtute
437 2005 490 2025 non
509 2002 552 2026 est
567 1998 675 2034 privata
692 2007 699 2025 :
720 1999 758 2026 ita
780 1998 862 2026 etiam
889 1999 954 2027 licet
976 2000 1017 2027 vi-

230 2045 295 2072 dere
309 2044 405 2072 vitium
421 2044 530 2072 letifero
542 2044 653 2079 quidem
668 2044 782 2072 vulnere
803 2044 970 2077 confectum,
990 2046 1017 2072 in

229 2089 288 2118 suis
302 2094 392 2118 autem
407 2090 531 2126 reliquiis
544 2090 606 2117 vitae
632 2090 763 2118 exhibere
780 2091 944 2118 molestiam.
965 2090 1018 2118 Sed

228 2142 291 2163 cum
309 2135 432 2171 mystcrii
451 2135 585 2163 rationem
599 2134 682 2165 initis
704 2134 904 2169 reprehendere
932 2135 1019 2163 desie-

229 2181 295 2213 rint,
312 2188 410 2208 rursus
425 2180 619 2211 criminantur,
635 2179 709 2214 quod
726 2179 793 2207 fides
818 2187 874 2208 non
894 2188 943 2215 per
957 2188 1016 2207 om-

1373 1551 1498 1580 ΚΕΦΑΛ.
1520 1554 1562 1581 Λ’.

1112 1592 1143 1619 Ei
1158 1593 1186 1620 δέ
1205 1603 1248 1627 τις
1267 1595 1388 1632 ἐλέγχειν
1404 1598 1488 1626 οἴεται
1504 1599 1550 1626 τὸν
1570 1600 1704 1635 ἡμέτερον
1720 1601 1813 1636 λόγον.
1830 1603 1870 1630 δτι

1076 1637 1123 1684 καί
1139 1638 1208 1672 μετὰ
1223 1639 1254 1666 τὺ
1278 1642 1466 1678 προσαχθῆναι
1480 1644 1530 1680 τὴν
1552 1645 1698 1680 θεραπείαν
1714 1646 1756 1673 ἔτι
1778 1648 1870 1684 πλημο

1077 1683 1197 1718 μελεῖται
1213 1686 1257 1713 διὰ
1280 1688 1334 1715 τῶν
1356 1689 1562 1726 ἁμαρτημάτων
1576 1693 1589 1718 ὸ
1611 1692 1785 1728 ἀνθρώπινος
1801 1694 1868 1728 βίος,

1076 1730 1254 1767 ὑποδείγματι
1271 1742 1323 1760 τινι
1336 1735 1391 1761 τῶν
1405 1736 1550 1771 γνωρίμων
1563 1737 1723 1772 ὁδηγηθήτω
1733 1739 1805 1774 πρὸς
1819 1740 1868 1775 τὴν

1075 1775 1213 1811 ἀλήθειαν.
1230 1778 1339 1814 ’Ὥσπερ
1351 1779 1405 1815 γὰρ
1420 1781 1466 1807 ἐπὶ
1483 1781 1530 1808 τοῦ
1549 1782 1638 1817 ὄφεως
1656 1784 1679 1809 εί
1697 1785 1771 1811 κατὰ
1787 1794 1868 1819 κεφα-

1074 1820 1122 1856 λῆς
1137 1822 1187 1857 τὴν
1208 1824 1319 1860 καιρίαν
1336 1825 1423 1858 λάϐοι,
1439 1827 1489 1853 οὐκ
1512 1827 1593 1859 εὐθὺς
1617 1829 1817 1864 συννεκροῦται
1836 1833 1867 1866 τῇ

1074 1867 1178 1904 κεφαλῇ
1195 1869 1242 1895 καὶ
1254 1870 1268 1896 6
1287 1871 1401 1898 κατόπιν
1415 1871 1502 1904 ὁλκὸς,
1516 1873 1573 1899 ἀλλ’
1587 1875 1606 1909 ἡ
1621 1874 1671 1909 μὲν
1690 1874 1822 1908 τέθνηκε,
1839 1877 1868 1903 τὸ

1073 1912 1101 1939 δὲ
1115 1914 1210 1948 οὺρέον
1226 1914 1266 1942 ἔτι
1279 1915 1416 1951 ὲψὺχωται
1430 1917 1468 1953 τῷ
1483 1919 1540 1954 ίδίῳ
1551 1919 1639 1955 θυμῷ.
1654 1921 1702 1947 καὶ
1716 1920 1769 1956 τῆς
1786 1923 1867 1954 ζωτι-

1073 1958 1124 1993 κῆς
1137 1958 1277 1993 δυνάμεως
1299 1960 1348 1987 οὐκ
1372 1962 1534 1997 ἐστέρηται·
1553 1963 1640 1995 οὕτως
1665 1964 1725 1992 ἐστι
1750 1967 1802 1992 και
1820 1967 1867 2001 τὴν

1073 2002 1170 2030 κακίαν
1196 2003 1259 2030 ίδεῖν
1272 2003 1311 2038 τῷ
1330 2005 1378 2040 μὲν
1402 2006 1502 2042 καιρίῳ
1527 2007 1686 2043 πληγεῖσαν,
1707 2009 1737 2035 ἐν
1761 2011 1793 2037 δὲ
1813 2012 1867 2042 τοῖς

1071 2046 1207 2082 λειψάνοις
1238 2049 1337 2084 ἑαυτῆς
1364 2050 1404 2077 ἔτι
1436 2044 1593 2087 διοχλοῦσᾶν
1626 2054 1665 2089 τῷ
1697 2055 1759 2091 βίῳ.
1797 2057 1866 2083 Ἀλλ’

1073 2092 1184 2137 ἀφέντες
1196 2094 1242 2120 καὶ
1255 2094 1299 2122 τὸν
1311 2096 1373 2132 περὶ
1385 2097 1486 2124 τούτων
1497 2099 1542 2125 τὸν
1554 2099 1631 2134 λόγον
1645 2100 1692 2127 τοῦ
1710 2103 1865 2137 μυστηρίου

1073 2135 1237 2171 μέμφεσθαι,
1253 2138 1283 2165 τὸ
1295 2139 1332 2175 μὴ
1347 2140 1390 2168 διὰ
1402 2142 1509 2169 πάντων
1525 2143 1628 2178 διήκειν
1642 2144 1697 2170 τῶν
1707 2135 1867 2181 ἀνθρώπων

1070 2181 1119 2217 τὴν
1137 2182 1227 2209 πίστιν
1251 2184 1280 2211 ἐν
1297 2186 1370 2221 alti;
1395 2187 1543 2215 ποιοῦνται.
1561 2188 1616 2216 Καὶ
1638 2189 1665 2216 τί
1681 2190 1798 2226 δήποτε,
1816 2201 1867 2227 φα-

229 2234 279 2254 nes
295 2226 425 2261 pervadat
442 2225 576 2253 homines.
602 2225 657 2252 Cur
673 2225 795 2258 tandem,
810 2225 950 2260 inquiunt,
966 2234 1019 2253 non

1076 2226 1123 2273 sit),
1137 2227 1186 2254 οὒκ
1201 2228 1246 2255 ἐπὶ
1259 2230 1361 2262 πάντας
1373 2229 1453 2267 ἦλθεν
1468 2234 1484 2268 ἡ
1496 2233 1586 2269 χάρις,
1599 2235 1668 2262 ἀλλά
1680 2244 1764 2263 τινων
1781 2225 1867 2273 προσ-

229 2271 264 2298 ad
282 2278 378 2298 omnes
396 2270 468 2298 venit
483 2269 582 2305 gratia,
603 2269 651 2297 sed
668 2277 730 2298 cum
753 2271 838 2306 aliqui
855 2271 888 2298 ad
905 2271 1017 2298 verbum

228 2315 276 2343 Dei
293 2315 470 2348 accesserint,
487 2322 540 2341 non
558 2322 640 2350 parva
659 2322 722 2350 pars
734 2319 776 2343 est
793 2323 888 2344 eorum
909 2317 956 2351 qui
972 2317 1019 2344 de-

229 2364 303 2393 sunt,
320 2368 381 2388 cum
397 2365 443 2388 attt
464 2360 536 2388 Deus
555 2361 675 2388 noluerit
687 2362 815 2390 omnibus
831 2363 939 2390 abunde
967 2364 1018 2389 iut-

228 2406 331 2440 pertire
347 2405 522 2437 beneficium,
538 2410 584 2433 aut
600 2406 712 2434 omnino
725 2415 778 2434 non
795 2407 937 2442 potuerit?
952 2415 1018 2442 quo-

229 2458 289 2479 rum
302 2451 411 2486 quidem
430 2456 556 2479 neutrum
574 2452 788 2487 reprehensione
805 2458 880 2481 caret
895 2463 901 2481 :
927 2462 1016 2488 neque

227 2497 301 2525 enim
318 2496 374 2524 Deo
386 2497 513 2524 convenit
533 2497 606 2532 qttod
628 2498 728 2524 bonum
754 2498 874 2525 noluerit
893 2519 900 2532 ,
927 2507 1015 2534 neque

227 2543 300 2578 quod
315 2549 369 2569 non
385 2542 514 2577 potuerit.
532 2541 560 2569 Si
587 2550 654 2578 ergo
678 2543 788 2577 aliquod
803 2544 904 2571 bonum
927 2548 969 2572 est
985 2545 1016 2571 fi-

227 2588 298 2616 des:
319 2594 380 2619 cur,
395 2587 534 2622 inquiunt,
554 2594 609 2614 non
626 2587 658 2614 ad
683 2595 779 2614 otnnes
808 2588 880 2615 venit
905 2589 1017 2624 gratia?

226 2635 315 2669 Atque
331 2633 355 2662 si
371 2633 428 2661 bzee
446 2633 556 2668 quidem
578 2632 605 2659 in
627 2633 660 2660 iis
686 2640 746 2668 qua:
761 2633 878 2661 dicimus
897 2641 912 2660 a
937 2634 1016 2662 nobis

228 2683 428 2712 astruerentur,
444 2679 518 2714 quod
544 2686 560 2708 a
583 2678 675 2706 divina
702 2678 841 2706 voluntate
859 2679 1016 2708 hominibus

228 2723 440 2753 distribueretur
457 2724 535 2757 fides,
551 2728 644 2759 utpote
657 2723 728 2759 quod
744 2724 788 2750 alii
804 2723 912 2758 quidem
936 2732 1016 2752 voca-

230 2775 338 2803 rentur,
355 2772 444 2798 caeteri
468 2775 560 2798 autem
578 2774 670 2798 essent
697 2774 823 2804 expertes
841 2771 991 2797 vocationis
1007 2780 1014 2802 ς

228 2823 310 2852 oppot
319 2820 383 2844 tunc
393 2817 546 2852 hujusmodi
557 2815 734 2852 reprehensio
742 2815 907 2850 objiceretttr
916 2821 1016 2850 mystc-

1070 2269 1190 2319 Gsttévmv
1206 2274 1244 2309 τῷ
1258 2275 1337 2311 λόγῳ,
1353 2277 1383 2303 οὐ
1402 2279 1499 2313 μικρόν
1523 2280 1582 2306 ἐστι
1598 2281 1628 2307 τὸ
1645 2269 1867 2319 ὑπολειπόμενον

1070 2317 1162 2353 μέρος,
1178 2319 1193 2354 ἢ
1220 2320 1256 2355 μὴ
1279 2321 1454 2357 βουληθέντος
1473 2324 1520 2351 τοῦ
1536 2325 1604 2353 Θεοῦ
1620 2328 1711 2354 πᾶσαν
1736 2317 1866 2363 ἀφθόνως

1068 2363 1117 2398 τὴν
1131 2364 1288 2400 εὐεργεσίαν
1302 2365 1380 2400 εἶναι,
1399 2369 1414 2404 ἢ
1437 2370 1473 2406 μὴ
1490 2371 1650 2406 δυνηθέντος
1664 2373 1794 2407 πάντωςς
1815 2374 1866 2402 Ὧν

1069 2408 1125 2454 οὐθ’
1140 2409 1232 2454 ἕτερον
1245 2411 1390 2446 καθαρεύει
1403 2414 1452 2449 τῆς
1469 2415 1615 2450 μέμψεως·
1630 2417 1692 2444 οὕτε
1707 2418 1764 2454 γὰρ
1780 2420 1865 2446 ἀϐού-

1069 2452 1148 2488 λητον
1165 2451 1277 2482 εἶναιτὸ
1295 2457 1395 2490 ἀγαθὸν
1412 2461 1545 2495 προσήκει
1567 2461 1606 2496 τῷ
1624 2461 1695 2496 θεῷ,
1711 2463 1777 2490 οὔτε
1801 2465 1866 2491 ἀδύ-

1069 2507 1159 2526 νατον.
1173 2500 1204 2526 Εἰ
1218 2498 1264 2527 οὖν
1278 2501 1378 2535 ἀγαθόν
1393 2512 1419 2530 τι
1435 2505 1451 2539 ἡ
1470 2505 1571 2538 πίστις,
1587 2507 1632 2533 διὰ
1648 2508 1685 2540 τί,
1703 2510 1803 2542 φασιν,
1816 2510 1866 2537 οὐκ

1069 2543 1114 2570 ἐπὶ
1129 2544 1232 2576 πάντας
1243 2546 1364 2581 ἡχᾶιρις;
1377 2547 1408 2574 Et
1425 2548 1473 2583 μὲν
1487 2548 1534 2576 οὖν
1546 2551 1632 2577 ταῦτα
1643 2552 1691 2578 καὶ
1701 2553 1770 2588 παρ’
1784 2555 1864 2589 ἡμῶν

1069 2589 1098 2615 ὲν
1111 2589 1151 2624 τῷ
1165 2589 1236 2636 λόγῳ
1246 2592 1468 2625 κατεσκευάζετο,
1482 2597 1557 2631 παρὰ
1572 2596 1620 2623 τοῦ
1636 2597 1710 2624 θείου
1723 2598 1865 2636 βουλήμαη

1067 2643 1112 2666 τος
1128 2635 1347 2671 ἀποκληροῦσθαι
1360 2640 1417 2670 τοῖς
1439 2641 1595 2676 ἀνθρώποις
1617 2643 1667 2678 τὴν
1685 2643 1794 2676 πίστιν,
1806 2635 1865 2671 τῶν

1066 2679 1095 2705 δὲ
1113 2680 1161 2714 μὲν
1177 2680 1349 2716 καλουμένων
1375 2683 1430 2710 τῶν
1445 2684 1473 2710 δὲ
1487 2685 1588 2712 λοιπῶν
1605 2687 1801 2723 ἀμοιρούντων
1813 2690 1864 2724 τῆς

1067 2725 1200 2759 κλήσεως,
1218 2727 1313 2762 καιρὸν
1326 2726 1382 2763 εἶχε
1399 2730 1428 2755 τὸ
1442 2730 1559 2758 τοιοῦτον
1575 2732 1658 2768 ἑγκλη
1665 2742 1702 2768 μοι
1723 2736 1799 2761 κατὰ
1815 2735 1863 2761 τοῦ

1069 2770 1217 2805 μυστηρίου
1234 2772 1427 2808 προφέρεσθαι.
1447 2775 1477 2801 Εἰ
1492 2776 1519 2802 δὲ
1534 2777 1665 2813 ὁμότιμος
1687 2780 1736 2805 ἐπὶ
1755 2781 1864 2811 πάντας

1071 2816 1086 2850 ἡ
1104 2815 1209 2849 κλῆσις,
1231 2816 1291 2844 οὒτε
1308 2818 1397 2851 ἀξίας,
1411 2820 1471 2846 οὔτε
1494 2821 1617 2857 ἡλικίας,
1636 2823 1696 2850 οὔτε
1712 2825 1764 2856 τὰς
1790 2825 1865 2853 κατὰ
