1926 3080
79 98 112 125 77
693 99 824 127 ORATIO
838 76 1087 128 CATECIIELTICA.
1671 103 1703 131 73

77 158 112 185 τὰ
123 157 188 192 ἔθνη
203 155 338 191 διαφορὰς
353 156 537 192 διακρίνουσα.
558 157 607 184 Διὰ
623 157 702 184 τοῦτο
721 157 776 193 γὰρ
790 156 866 192 παρὰ

926 157 967 185 'io.
993 157 1021 184 Si
1037 163 1126 186 autem
1145 158 1247 194 pariter
1272 159 1305 186 ad
1321 167 1416 187 omnes
1436 160 1560 195 proeedit
1585 163 1700 192 vocatio.

78 203 127 237 τὴν
151 201 265 237 πρώτην
287 201 376 237 ἀρχὴν
402 201 587 237 κηρύγματος.
612 202 779 237 ὁμόγλωσσοι
802 203 868 229 πᾶσι

78 249 132 280 τοῖς
147 247 255 274 ἔθνεσιν
270 247 295 273 οἱ
309 247 494 279 διακονοῦντες
508 247 554 274 τὸν
575 247 652 281 λόγον
668 248 699 274 ἐκ
715 247 788 280 θείας
810 249 869 274 ἐπι-

78 294 173 326 πνοίας
188 293 297 329 ἀθρόως
318 294 453 328 ἐγένοντο,
468 294 507 327 ὼς
527 294 560 321 ἂν
575 295 669 330 μηδεὶς
685 294 739 321 τῶν
759 293 869 329 ἀγαθῶν

78 339 258 374 ἀμοιρήσειε·
284 338 343 371 πῶς
362 338 395 366 ἂν
409 339 480 366 κατὰ
494 339 524 366 τὸ
548 339 658 374 εῠλογον
676 339 716 366 ἔτι
737 339 782 366 τον
803 339 870 366 Θεὸν

77 384 214 419 αἰτιῷντο,
224 383 272 411 τοῦ
290 383 327 419 μὴ
340 384 448 411 πάντων
461 384 643 419 ἐπικρατῆσαι
659 383 703 410 τὸν
717 384 817 417 Λόγον;
839 383 869 409 Ὀ

76 429 132 465 γὰρ
143 430 189 456 τοῦ
207 430 308 462 παντὸς
318 430 367 466 τὴν
379 430 504 463 ἐξουσίαν
516 430 595 465 ἔχων,
608 430 642 456 δι’
657 428 809 464 ὑπερϐολὴν
821 429 869 464 τῆς

76 477 119 508 εἱς
137 475 183 503 τὸν
198 475 340 512 ἄνθρωπον
356 476 450 512 τιμῆς,
468 476 557 511 ἀφῆκέ
572 485 598 502 τι
617 476 665 502 καὶ
679 475 730 502 ὑπὸ
742 474 791 510 τὴν
805 475 870 510 ἡμε-

76 521 162 557 τέραν
173 521 298 554 ἐξουσίαν
316 518 395 553 εἶναι,
409 518 438 548 οὗ
455 521 535 556 μόνος
552 521 668 552 ἔκαστός
688 522 746 547 ἐστι
766 519 868 555 κύριος.

77 567 168 595 Τοῦτο
181 567 212 595 δέ
234 569 307 594 ἐστιν
325 568 341 603 ή
368 567 536 603 προαίρεσις,
562 567 711 594 ἀδούλωτόν
726 576 751 593 τι
775 566 870 601 χρῆμα

78 615 127 641 καὶ
144 614 318 647 αὐτεξούσιον
330 615 358 641 ἐν
375 615 408 650 τῇ
422 614 564 649 ἐλευθερίᾳ
577 614 626 649 τῆς
641 613 760 646 διανοίας
774 615 869 649 κείμε-

78 668 135 687 νον.
161 659 266 686 Οὐκοῦν
286 659 332 686 ἐπὶ
358 661 421 692 τοὺς
447 659 484 695 μὴ
501 660 703 695 προσαχθέντας
722 661 754 695 τῇ
779 660 870 687 πίστει

78 705 248 741 δικαιὰτερον
263 706 296 733 ἂν
314 705 343 732 τὸ
361 706 479 733 τοιοῦτον
493 706 619 742 ἔγκλημα
634 706 805 743 μετατεθείη,
819 707 870 734 οὐκ

78 751 126 777 ἐπὶ
142 752 188 778 τὸν
202 751 355 787 κεκληκότα
369 752 436 788 πρὸς
445 752 495 788 τὴν
507 753 662 780 κατάθεσιν.
678 752 744 780 Οὑδέ
759 753 812 789 γὰρ
824 753 870 779 ἐπὶ

77 797 126 824 τοῦ
146 798 249 833 Πέτρου
268 798 328 825 κατ’
353 798 440 834 ἀρχὰς
458 798 504 825 τὸν
525 798 604 832 λόγον
624 800 653 826 ἐν
668 798 870 834 πολυανθρώπῳ

78 843 134 870 τῶν
164 843 301 870 Ἰουδαίων
336 844 484 880 Ἐκκλησία
511 844 687 880 κηρύξαντος,
713 845 869 880 τρισχιλίων

78 888 152 914 κατὰ
165 888 263 915 ταύτὸν
278 889 507 925 παραδεξαμένων
521 889 569 926 τὴν
588 889 688 922 πίστιν,
705 890 814 922 πλείους
827 891 871 917 ὃν·

79 942 126 965 τες
140 933 193 960 τῶν
212 934 432 962 πεπιστευκότων
449 935 473 961 οἱ
487 935 695 970 ἀπειθήσαντες,
713 936 870 971 ἐμέμψαντο

78 977 126 1004 τὸν
149 979 312 1006 ’Δπόστολον
339 980 381 1014 ἐφ’
400 977 441 1011 οἷς
465 980 640 1016 ἐπείσθησαν.
664 981 731 1008 Οὑδέ
756 981 810 1016 γὰρ
836 979 870 1016 ἦν

78 1026 164 1058 εἰκὸς,
181 1026 211 1053 ἐν
232 1026 316 1061 κοινῷ
332 1025 512 1062 προταθείσης
525 1026 574 1061 τῆς
596 1026 717 1062 χάριτος,
732 1027 777 1053 τὸν
793 1027 871 1053 ἐκου-

79 1071 148 1103 ait»;
159 1072 394 1107 ὰποφοιτήσαντα,
412 1070 450 1107 μὴ
462 1070 567 1104 ἑαυτὸν,
577 1070 633 1098 ἀλλ’
644 1071 737 1107 ἕτερον
749 1071 797 1108 τῆς
810 1072 870 1098 δυσ-

77 1115 197 1152 κληρίας
213 1116 401 1144 ἐπαιτιᾶσθαι.

919 210 969 230 nec
984 203 1186 234 auctoritatem.
1203 211 1253 231 nec
1270 208 1387 238 amntem,
1405 212 1492 240 neque
1505 205 1625 241 gentium
1645 206 1702 234 dis-

919 256 1034 277 cernens
1059 249 1240 277 differentiam
1268 249 1428 285 (propterea
1457 251 1530 278 enim
1562 251 1589 278 in
1616 251 1704 286 primo

921 294 1000 322 initio
1014 294 1233 330 prmdieationis,
1248 294 1339 322 divina
1363 296 1554 331 inspiratione,
1572 298 1654 325 unius
1676 303 1704 326 ct

919 341 1042 376 ejusdem
1058 341 1169 376 linguas,
1183 341 1264 376 cujus
1281 349 1375 368 onmes
1387 346 1493 377 gentes,
1512 347 1623 376 repente
1641 343 1703 370 lacti

920 391 982 414 sunt
1000 387 1045 421 qui
1063 387 1176 414 verbum
1193 387 1395 418 ministrabant.
1411 393 1440 414 ut
1461 395 1541 415 nemo
1559 392 1635 415 esset
1658 396 1706 416 ex-

920 442 983 469 pers
1006 434 1177 468 bononun),
1194 434 1422 468 quemadmodum
1450 433 1533 461 fuerit
1560 440 1705 463 consenta-

919 487 1013 511 neum,
1029 484 1058 506 ut
1073 478 1156 506 Deum
1167 479 1258 506 adhuc
1270 483 1410 510 accusent.
1428 479 1501 513 quod
1514 479 1633 508 Verbum
1649 489 1702 508 non

921 526 948 554 in
966 533 1063 553 omnes
1078 526 1248 553 dominatum
1267 525 1439 552 obtinuerit?
1455 524 1522 552 Nam
1537 527 1582 561 qui
1599 527 1625 553 in
1641 527 1703 554 uni-

920 572 1076 600 versitatem
1105 571 1216 598 liberam
1248 571 1364 598 habebat
1391 575 1564 606 potestatem,
1594 576 1705 607 propter

920 625 1058 646 summum
1076 617 1103 644 in
1122 617 1246 644 homines
1261 617 1405 646 honorem,
1420 616 1526 644 dimisit
1547 617 1629 644 etiam
1655 619 1705 645 ali-

919 663 985 698 quid
1004 663 1031 690 in
1050 667 1145 690 nostra
1163 665 1307 698 potestate,
1337 662 1416 696 cujus
1444 663 1632 697 unusquisque
1657 671 1706 690 no-

920 713 1008 737 strum
1027 708 1102 736 solus
1126 712 1168 736 est
1199 707 1338 735 dominus.
1370 707 1426 734 lloc
1441 713 1531 734 autem
1564 711 1606 735 est
1626 708 1704 736 liberi

920 755 1029 783 arbitrii
1044 755 1129 782 libera
1151 754 1258 786 electio,
1282 761 1343 788 quae
1367 754 1464 788 subjici
1491 754 1597 789 nequit,
1621 759 1648 781 et
1664 753 1705 781 sui

918 801 990 836 juris
1004 804 1047 828 est
1069 800 1096 826 in
1118 799 1245 826 libertate
1273 799 1374 826 mentis
1388 802 1415 826 et
1442 799 1616 834 cogitationis
1641 800 1704 828 sita.

887 838 906 864 Β
922 844 1016 879 Itaque
1030 843 1057 870 in
1078 851 1124 870 eos
1142 843 1188 877 qui
1204 843 1236 869 ad
1253 842 1331 870 ﬁdem
1348 843 1455 870 adducti
1473 851 1526 871 non
1551 848 1626 877 sunt.
1645 844 1702 872 cri-

921 889 1035 916 minatio
1051 889 1135 916 multo
1148 888 1250 923 justius
1265 888 1406 916 transferri
1425 893 1522 924 queat,
1539 897 1592 917 non
1609 890 1634 917 in
1644 898 1704 917 eum

919 935 967 970 qui
987 935 1095 963 vocavit
1123 934 1156 961 ad
1174 935 1394 962 Consensionem.
1414 934 1506 970 Neque
1535 936 1607 963 enim
1643 944 1705 963 cum

921 981 1018 1009 Petrus
1035 981 1062 1008 in
1075 980 1152 1008 initio
1168 980 1279 1007 vet-bum
1296 980 1470 1015 praedicasset
1487 981 1514 1008 in
1542 981 1707 1016 frequentis-

929 1027 1000 1054 sima
1023 1025 1178 1053 Judmorum
1208 1026 1349 1057 concione.
1384 1030 1410 1054 et
1439 1026 1491 1053 tria
1517 1027 1600 1054 millia
1626 1028 1707 1055 simul

923 1072 1005 1100 ﬁdem
1034 1071 1214 1106 accepissent,
1230 1071 1248 1098 ii
1276 1071 1322 1106 qui
1349 1079 1402 1098 non
1431 1072 1617 1103 credidi-runt.
1644 1081 1706 1100 cum

925 1118 1018 1154 plures
1031 1117 1164 1145 essentiis
1178 1117 1223 1152 qui
1233 1117 1415 1150 crediderant,
1431 1117 1456 1144 in
1469 1118 1628 1153 Apostolum
1643 1125 1708 1144 cau-

78 1171 140 1190 sam
164 1163 352 1196 contulerunt,
378 1163 448 1198 quod
482 1171 535 1190 non
564 1164 748 1192 crediderunt.
778 1163 871 1200 Neque
889 1165 961 1193 enim
979 1171 1028 1200 par
1043 1167 1112 1196 erat,
1127 1167 1168 1196 ut,
1191 1164 1277 1199 gratia
1292 1163 1319 1190 in
1334 1171 1478 1192 commune
1498 1165 1649 1200 proposita,
1685 1164 1708 1192 is

77 1209 129 1244 qui
159 1208 316 1236 voluntarie
333 1209 366 1236 ab
399 1217 430 1236 ea
458 1209 640 1242 abscesserat,
667 1218 720 1238 non
741 1210 804 1242 sibi,
825 1211 872 1239 sed
892 1211 937 1238 alii
954 1210 1052 1238 malam
1068 1217 1144 1237 suam
1160 1213 1261 1237 sortem
1282 1210 1438 1238 ascﬁberet.

373 1256 498 1283 ΚΕΦΑΛ.
518 1256 581 1283 AA'.

122 1301 193 1328 Ἀλλ’
215 1301 266 1328 οὐκ
288 1300 437 1336 ἀποροῦσιν
456 1301 515 1328 οὐδὲ
540 1302 608 1337 πρὸς
632 1302 665 1329 τὰ
690 1303 802 1330 τοιαῦτα
825 1303 874 1339 τῆς

80 1347 224 1382 ἐριστικῆς
234 1346 397 1380 ἀντιλογίας.
410 1347 525 1381 Λέγουσι
537 1347 591 1383 γὰρ
601 1347 730 1375 δύνασθαι
741 1348 787 1375 τὸν
796 1349 872 1381 Θεὸν,

81 1393 162 1427 εἴπερ
176 1392 313 1423 ἐδούλετο,
328 1392 375 1418 καὶ
389 1392 450 1424 τοὺς
465 1392 616 1424 ἀντιτύπως
631 1393 741 1428 ἔχοντας
754 1394 874 1428 ἀναγκα-

82 1438 186 1470 πικῶς
202 1437 401 1472 ἐφελκύσασθαι
426 1437 494 1473 πρὸς
514 1438 564 1474 τὴν
588 1439 741 1474 παραδοχὴν
761 1439 808 1466 τοῦ
826 1449 875 1476 κη-

1202 1256 1317 1285 CAPUT
1341 1256 1436 1283 XXXI.

961 1303 1014 1331 Sed
1029 1310 1117 1338 neque
1132 1302 1165 1330 ad
1180 1303 1236 1330 haec
1254 1299 1371 1338 litigiosa
1388 1307 1467 1338 egent
1481 1303 1708 1331 contradictione.

925 1349 1024 1377 Dicunt
1043 1349 1115 1376 enim
1132 1347 1216 1375 Deum
1234 1355 1325 1382 posse,
1341 1348 1363 1375 si
1387 1347 1461 1379 velit,
1485 1355 1532 1375 eos
1555 1348 1635 1375 etiam
1663 1348 1709 1384 qui

924 1394 1078 1425 resistunt,
1110 1392 1267 1420 necessario
1295 1391 1483 1426 compellendo
1513 1393 1648 1420 attrahere
1677 1393 1709 1420 ad

926 1438 1128 1474 suscipiendam
1146 1438 1379 1473 praedicationem.
1400 1438 1452 1466 Ubi
1469 1429 1511 1466 est
1533 1445 1598 1473 ergo
1612 1439 1639 1466 in
1667 1439 1711 1467 his

84 1487 236 1522 ρύγματος.
251 1483 306 1510 Ποῦ
319 1484 407 1510 τοίνυν
419 1483 447 1510 ἐν
458 1483 560 1515 τούτοις
574 1483 604 1510 τδ
619 1484 807 1518 αὑτεξούσιον;
823 1485 874 1512 Ποῦ

928 1485 1043 1513 liberum
1059 1483 1224 1512 arbitrium?
1243 1483 1294 1511 Ubi
1308 1487 1397 1511 autem
1414 1487 1456 1511 est
1470 1483 1581 1511 vinus?
1603 1483 1652 1511 Ulii
1669 1490 1712 1512 est

82 1533 111 1560 δέ
124 1533 180 1559 τῶν
193 1530 397 1566 κατορθούντων
407 1531 422 1556 ὁ
434 1529 559 1562 ἔπαινος;
570 1531 665 1557 Mdev
677 1531 732 1566 γὰρ
745 1531 797 1557 τῶν
809 1531 876 1566 aqua-

83 1587 139 1614 χων
155 1577 172 1612 ἢ
188 1576 243 1603 τῶν
256 1575 361 1614 ἁλόγῳν
376 1576 435 1602 ἐστὶ
447 1575 487 1610 τῷ
500 1575 635 1612 ἀλλοτρίῳ·
648 1576 796 1612 βουλήματι
810 1578 876 1612 πρὸς

83 1623 114 1650 τὺ
130 1621 229 1649 δοκοῦν
250 1621 439 1657 περιάγεσθαι.
465 1621 498 1647 Ἦ
514 1621 542 1648 δὲ
558 1621 653 1658 λογική
680 1631 710 1649 τε
734 1623 780 1649 καὶ
797 1622 882 1658 νοερὰ.

83 1668 177 1703 φύσις,
195 1667 245 1694 ἐὰν
256 1666 287 1693 τὸ
301 1667 360 1693 κατ’
373 1666 496 1698 ἐξουσίαν
511 1666 658 1702 ἀπόθηται,
674 1668 720 1694 καὶ
733 1667 783 1703 τὴν
797 1668 876 1703 χάριν

82 1715 131 1743 τοῦ
144 1713 241 1750 νοεροῦ
256 1712 453 1740 συναπώλεσεν.
467 1713 514 1744 Εἰς
524 1712 550 1739 τί
563 1712 617 1749 γὰρ
630 1713 760 1748 χρήσεται
774 1714 806 1749 τῇ
820 1713 877 1740 δια-

83 1761 144 1796 νοῐᾳ
158 1760 210 1795 τῆς
225 1757 273 1785 τοῦ
288 1758 477 1794 προαιρεῖσθαί
488 1767 514 1784 τι
525 1758 579 1784 τῶν
590 1757 660 1784 κατὰ
675 1757 786 1793 γνώμην
801 1758 877 1790 ἐξου-

84 1807 147 1837 σίας
160 1806 203 1839 ἐφ’
219 1804 307 1840 ἑτέρῳ
322 1802 467 1838 κειμένηςς
484 1803 516 1829 El
529 1802 556 1829 δὲ
567 1802 707 1838 ἄπρακτος
720 1803 736 1837 ἡ
751 1802 878 1837 προαίρε-

85 1861 129 1884 σις
158 1852 247 1887 μένοι,
275 1850 420 1884 ἠφάνισται
445 1849 506 1876 κατ’
529 1848 651 1883 ἀνάγκην
675 1849 692 1884 ὴ
715 1848 816 1884 ἀρετὴ.
843 1849 876 1883 τῇ

84 1897 218 1934 ἀκινησίᾳ
242 1896 292 1931 τῆς
307 1895 493 1931 προαιρέσεως
509 1894 715 1930 ἐμποδισθεῖσα·
732 1894 831 1929 ἀρετῆς
849 1894 877 1920 δὲ

85 1946 123 1980 μὴ
144 1944 241 1979 οὔσης,
261 1943 276 1969 δ
298 1942 354 1977 βίος
374 1941 526 1977 ἠτίμωται,
552 1940 599 1968 καὶ
622 1939 683 1967 καθ’
707 1940 878 1975 εἱμαρμένην

84 1991 172 2026 χωρεῖ
190 1989 204 2015 ό
225 1988 319 2022 λόγος,
335 1986 472 2022 ἀφῄρηται
489 1985 542 2012 τῶν
556 1984 758 2021 κατορθούντων
770 1985 784 2011 ὁ
798 1985 877 2011 ἔπαι-

84 2045 143 2068 νος·
163 2035 294 2070 ἀνίκητος
312 2034 329 2069 ἡ
350 2032 486 2068 ἁμαρτία,
504 2031 614 2066 ἄκριτος
633 2032 649 2066 ἡ
670 2030 740 2058 κατὰ
756 2031 802 2057 τὺν
822 2030 878 2064 βίον

84 2081 213 2117 διαφορά.
229 2079 278 2110 Τίς
290 2079 342 2115 γὰρ
357 2078 390 2105 ἂν
404 2077 445 2104 ἔτι
458 2077 529 2104 κατὰ
542 2076 573 2103 τὸ
585 2075 695 2110 εὔλογον
710 2076 727 2111 ἢ
741 2075 877 2102 διαὸάλλοι

84 2127 133 2155 τὸν
157 2126 321 2156 ἀκόλαστον,
349 2124 366 2159 ἦ
386 2123 510 2158 ἐπαινοίη
536 2122 581 2149 τὸν
596 2121 752 2157 ’σώφρονα;
771 2121 878 2157 Ταύτης

85 2173 157 2201 κατὰ
168 2172 201 2198 ea
217 2156 366 2207 πρόχειρον.
375 2168 457 2204 οὔσης
471 2156 578 2203 ἑκάστῳ
590 2168 639 2204 τῆς
652 2156 833 2203 ἀποκρίσεως,
847 2156 878 2194 τὸ
894 2156 917 2184 D

84 2218 170 2254 μηδὲν
191 2216 233 2251 ἐφ’
259 2217 326 2251 ἡμῖν
341 2215 394 2242 τῶν
411 2213 482 2241 κατὰ
501 2213 614 2249 γνώμην
635 2211 715 2245 εἶναι,
733 2213 877 2248 δυναστείᾳ

82 2265 110 2292 δὲ
123 2263 263 2300 κρείττονι
280 2262 329 2293 τὶς
342 2260 515 2296 ἀνθρωπίνας
530 2259 703 2295 προαιρέσεις
716 2259 784 2296 πρὸς
796 2258 828 2286 τὸ
839 2259 877 2294 τῷ

83 2308 233 2345 κρατοῦντι
246 2305 341 2334 δοκοῦν
356 2305 543 2341 περιάγεσθαι.
557 2304 661 2332 Οὐκοῦν
675 2305 706 2331 οὐ
717 2305 766 2340 τῆς
777 2304 877 2338 ἁγαθό-

82 2363 165 2389 τητος
183 2352 315 2385 τοῦ,Θέοὖ
332 2352 361 2378 τὺ
375 2351 509 2387 ἔγκλημα.
524 2351 555 2378 τὸ
570 2350 607 2386 μὴ
623 2352 705 2378 πᾶσιν
719 2350 877 2385 ἐγγενέσθαι

82 2401 132 2435 τὴν
158 2399 271 2431 πίστιν,
291 2398 358 2425 ἀλλὰ
376 2398 425 2433 τῆς
443 2397 589 2429 διαθέσεως
610 2397 663 2424 τῶν
678 2397 830 2433 δεχομένων
846 2397 878 2424 τὸ

83 2447 230 2481 κήρυγμα-

927 1532 989 1559 laus
1003 1538 1097 1558 eorum
1118 1530 1163 1565 qui
1179 1537 1208 1558 se
1223 1533 1298 1557 recte
1329 1528 1444 1564 gerunt?
1460 1529 1508 1557 Est
1524 1529 1596 1556 enim
1623 1531 1711 1558 solum

926 1577 1122 1608 inanimarum,
1132 1581 1180 1602 aut
1194 1583 1289 1603 eorum
1304 1583 1364 1610 quae
1377 1580 1441 1603 sunt
1452 1577 1573 1611 expertia
1589 1577 1711 1608 rationis.

927 1621 1016 1649 aliena
1031 1621 1171 1648 voluntate
1187 1621 1219 1648 ad
1237 1621 1262 1648 id
1280 1621 1350 1656 quod
1368 1621 1476 1648 videtur
1491 1621 1600 1649 adduci.
1617 1621 1713 1650 ltatio-

927 1665 971 1694 nis
985 1670 1074 1693 autem
1093 1665 1231 1700 particeps
1257 1669 1284 1693 et
1299 1665 1453 1701 intelligens
1469 1672 1576 1699 natura,
1601 1668 1623 1695 si
1647 1669 1714 1695 libe-

927 1720 989 1740 rum
1021 1712 1181 1747 deposuerit
1208 1711 1371 1743 arbitrium,
1396 1711 1478 1739 simul
1512 1713 1593 1740 etiam
1623 1714 1712 1748 perdit

927 1758 1044 1794 gratiam
1061 1757 1258 1795 intelligentia
1283 1757 1321 1783 Ad
1345 1757 1411 1792 quid
1437 1758 1509 1785 enim
1536 1767 1585 1786 sua
1622 1763 1714 1788 utetur

927 1792 1019 1830 incute
1032 1792 1065 1830 ae
1077 1792 1251 1837 cogitatione,
1261 1802 1284 1828 si
1297 1806 1419 1837 potestas
1430 1803 1490 1837 ejus
1499 1804 1627 1839 eligendi,
1641 1806 1714 1840 quod

928 1855 979 1876 suo
994 1848 1128 1875 arbitratu
1145 1847 1298 1878 constituit,
1315 1847 1366 1874 sita
1382 1852 1425 1875 est
1438 1848 1465 1875 in
1479 1849 1534 1875 alio
1547 1849 1558 1876 ’ἒ
1572 1848 1601 1876 Si
1625 1855 1715 1878 manet

928 1899 1018 1921 autem
1039 1892 1161 1920 inefﬁcax
1178 1897 1205 1919 et
1218 1893 1320 1920 nullius
1337 1901 1405 1921 usus
1425 1893 1539 1921 liberum
1557 1895 1640 1922 animi
1671 1895 1714 1922 in-

928 1941 1055 1968 stitutum
1073 1944 1100 1966 et
1114 1939 1223 1970 electio,
1247 1939 1406 1967 necessario
1429 1939 1511 1966 etiam
1545 1940 1645 1968 abolita
1672 1945 1716 1969 est

927 1986 1028 2016 virtus,
1042 1984 1172 2018 impedita
1190 1984 1380 2011 immobilitate
1394 1985 1470 2012 liberi
1483 1985 1600 2013 arbitrii.
1618 1985 1645 2013 Si
1661 1993 1714 2013 non

928 2031 965 2058 sit
984 2033 1075 2056 autem
1095 2030 1192 2061 virtus,
1211 2029 1316 2056 honore
1332 2029 1436 2064 privata
1458 2033 1500 2057 est
1515 2030 1579 2062 vita,
1608 2035 1634 2058 et
1659 2031 1716 2058 fato

927 2076 1054 2112 procedit
1068 2075 1148 2107 ratio,
1169 2075 1259 2103 ablata
1279 2080 1320 2102 est
1334 2076 1393 2103 laus
1410 2083 1505 2103 eorum
1520 2077 1565 2111 qui
1583 2084 1613 2104 se
1642 2082 1717 2105 recte

929 2126 1038 2158 gerunt,
1066 2129 1179 2158 peccare
1207 2121 1296 2149 cuivis
1319 2121 1430 2157 impune
1454 2122 1526 2154 licet,
1550 2123 1612 2150 vita:
1635 2124 1715 2151 insti-

931 2169 1040 2197 tuenda
1053 2168 1202 2196 discrimen
1218 2169 1324 2196 nullum
1340 2172 1475 2204 superest.
1502 2168 1570 2201 Quis
1585 2169 1670 2202 enim,
1687 2176 1717 2197 ut

930 2219 973 2243 est
988 2214 1088 2242 rationi
1103 2218 1328 2246 consentaneum,
1345 2215 1464 2250 amplius
1474 2215 1516 2243 vel
1533 2216 1717 2250 intemperan-

931 2265 985 2288 tem
1002 2260 1220 2295 reprehenderit,
1245 2261 1287 2288 vel
1317 2264 1516 2296 temperantem
1545 2262 1719 2289 laudaverit?

931 2314 993 2334 cum
1009 2306 1126 2341 quilibet
1141 2306 1169 2333 in
1191 2310 1319 2341 promptu
1349 2306 1421 2334 hanc
1445 2307 1542 2334 habeat
1560 2308 1718 2342 responsio-

932 2359 1005 2385 nem,
1023 2351 1096 2387 quod
1111 2351 1178 2379 nihil
1193 2359 1288 2379 eorum
1310 2360 1371 2387 quae
1391 2356 1485 2380 nostro
1502 2353 1634 2380 arbitratu
1661 2357 1718 2380 sta-

929 2398 1044 2431 tuimus,
1059 2397 1087 2425 in
1103 2402 1198 2425 nostra
1218 2397 1254 2425 sit
1269 2401 1402 2433 potestate
1415 2418 1423 2430 ,
1444 2398 1541 2433 majori
1561 2405 1650 2426 autem
1668 2406 1717 2433 po-

930 2444 1014 2472 tentia
1029 2444 1148 2471 humana
1176 2443 1318 2470 trahantur
1334 2443 1459 2472 instituta
1478 2449 1505 2472 et
1521 2445 1661 2480 proposita
1684 2444 1717 2471 ad

83 2493 110 2522 id
136 2492 214 2528 quod
240 2491 317 2518 lubet
331 2490 358 2518 ei
373 2490 419 2525 qui
445 2490 616 2518 dominatum
640 2491 756 2518 obtinet.
773 2489 802 2517 In
831 2491 876 2518 Dei
895 2498 961 2526 ergo
995 2491 1146 2518 bonitatem
1174 2490 1255 2526 culpa
1284 2498 1339 2519 non
1365 2495 1408 2519 est
1441 2491 1619 2524 c0nferenda,
1645 2491 1718 2526 quod

84 2546 138 2566 non
165 2537 197 2564 in
221 2535 352 2564 omnibus
386 2535 468 2563 fuerit
483 2535 560 2568 ﬁdes,
587 2535 636 2564 sed
651 2536 678 2564 in
706 2535 878 2564 affectionem
898 2543 1005 2570 eorum,
1021 2536 1067 2572 qui
1084 2535 1304 2572 pradicationem
1318 2537 1394 2564 verbi
1409 2536 1535 2564 audiunt.

379 2583 504 2610 ΚΕΦΑΔ.
536 2583 598 2610 ΛΒ¹.

119 2628 156 2654 Τί
176 2627 248 2664 πρὸς
263 2626 367 2659 τούτοις
383 2627 423 2654 ἔτι
442 2627 517 2663 παρὰ
533 2627 588 2654 τῶν
606 2627 799 2663 ἀντιλεγόντων
814 2638 882 2665 προ-

85 2675 224 2710 «peperat;
240 2673 277 2700 Τὸ
291 2673 407 2708 μάλιστα
426 2673 474 2709 μὲν
498 2673 535 2709 μὴ
556 2673 624 2706 ὅλως
643 2675 696 2701 δεῖν
712 2676 752 2706 εἰς
767 2674 882 2702 θανάτου

85 2722 188 2755 πεῖραν
203 2718 293 2746 ἐλθεῖν
306 2718 355 2753 τὴν
374 2719 561 2754 ὑπερέχουσαν
576 2718 666 2754 φύσιν,
679 2719 746 2746 ἀλλὰ
759 2720 805 2746 καὶ
820 2720 881 2754 δῖχα

85 2765 184 2792 τούτου
198 2765 233 2799 τῇ
248 2764 391 2799 περιουσίᾳ
403 2764 452 2798 τῆς
465 2764 604 2799 δυνάμεως
618 2765 748 2792 δύνασθαι
762 2765 795 2792 ἃν
811 2765 880 2800 μετὰ

85 2810 234 2847 ῥᾳστώνης
251 2808 283 2835 τὸ
296 2809 388 2836 δοκοῦν
403 2810 632 2845 κατεργάσασθαι,
654 2811 684 2838 Ei
705 2812 732 2838 δὲ
750 2812 795 2839 καὶ
814 2812 880 2839 πάν-

1207 2583 1323 2612 CAPUT
1340 2583 1448 2612 XXXII.

969 2628 1039 2662 Quid
1056 2632 1153 2664 prazter
1169 2629 1227 2656 htec
1251 2628 1365 2656 all‘ertur
1390 2630 1425 2657 ab
1445 2629 1478 2657 iis
1506 2629 1552 2664 qui
1578 2629 1719 2657 contradi-

933 2675 1015 2703 cunt?
1023 2674 1139 2703 Maxime
1148 2675 1268 2710 quidem.
1280 2675 1351 2710 quod
1368 2683 1421 2703 non
1438 2679 1576 2710 oporteret
1584 2682 1719 2702 summam

932 2725 959 2750 et
973 2722 1221 2757 supereminentem
1237 2726 1362 2749 naturam
1378 2721 1489 2748 omnino
1504 2721 1602 2749 mortis
1627 2721 1720 2749 subire

932 2767 1138 2802 experientiam,
1154 2767 1201 2795 sed
1220 2767 1323 2802 absque
1337 2773 1368 2793 ea
1384 2774 1433 2794 sua
1460 2766 1560 2802 insigni
1575 2770 1601 2794 ct
1628 2766 1719 2795 excel-

934 2813 1006 2840 lente
1021 2814 1120 2841 virtute
1135 2817 1225 2849 posset
1244 2812 1373 2840 facillime
1393 2812 1465 2848 quod
1491 2813 1632 2840 videbatur
1661 2812 1718 2840 elli-
