1926 3080
208 65 240 90 7!!
842 67 869 92 ς.
887 66 1049 95 (Lillitleill
1072 66 1217 94 NYSSI;NI
1806 67 1841 92 κο

204 134 274 154 cere.
293 127 372 159 Quod
404 126 426 153 si
450 126 530 154 etiam
550 134 648 153 arcana
684 127 774 162 aliqua
787 112 905 154 νγειιίοιιιε
939 127 990 153 hoc

1047 135 1096 158 τως
1112 127 1164 154 ἔδει
1181 127 1258 154 τοῦτο
1276 127 1344 154 κατά
1360 134 1418 154 τινα
1438 126 1516 161 λόγον
1532 125 1700 163 ἀπόρρητον
1717 126 1775 153 ἀλλ’
1792 125 1840 153 οὖν

202 172 315 199 omnino
331 172 388 199 fieri
417 172 567 206 oportebat.
596 181 650 199 non
682 177 772 200 tamen
805 173 991 207 ignominiosae

205 217 302 245 mortis
320 218 387 245 allici
403 217 547 244 dedecore.
565 219 629 250 Quae
652 218 725 246 enim
751 226 835 250 mors.
855 219 990 253 inquiunt,

210 267 252 290 est
268 262 475 298 ignominiosior
489 270 520 289 ca
538 271 598 297 qum
626 271 674 299 per
688 271 795 291 crucem
821 264 993 291 sustinetur?

205 309 275 341 Quid
287 317 351 344 ergo
371 309 403 335 ad
421 309 478 335 lucc
494 317 603 344 quoque
620 310 760 337 dicimus?
776 310 872 338 Mortis
882 311 990 346 quidem

205 355 395 383 necessitatem
412 353 493 381 cllicit
518 354 649 382 nascendi
669 354 800 382 conditio.
830 355 898 382 Eum
919 356 992 382 enim

204 401 251 436 qui
279 400 364 428 semel
392 404 527 428 statuerat
552 408 615 428 esse
637 401 773 436 particeps
801 400 991 434 humanitatis,

194 447 347 483 .oportehat
372 447 522 482 pervadere
551 454 646 474 omnes
672 451 776 474 naturae
799 447 992 483 proprietates.

205 492 234 520 Si
254 500 321 528 ergo
334 500 396 521 eum
413 492 523 519 duobus
538 491 637 521 ﬁnibus
651 496 802 527 intercepta
817 493 852 520 sit
874 492 993 520 humana

205 543 315 571 natura,
332 539 357 565 in
377 546 432 566 uno
453 537 561 570 fuissot,
581 542 608 565 et
635 539 750 566 alterunt
767 546 821 565 non
847 539 992 573 attigisset.

204 584 427 620 semiperfectum
454 584 601 612 mansisset
628 584 817 619 propositum,
836 588 864 611 ut
881 585 926 619 qui
945 593 994 612 no-

206 635 269 658 strm
286 634 391 657 natura)
416 630 531 657 alteram
550 638 604 657 non
631 630 768 665 attigisset
785 631 992 665 proprietatem.

205 676 335 704 Fortasse
358 681 448 704 autem
467 677 614 712 quispiam,
638 684 701 704 cum
730 677 888 712 mysterium
912 684 994 704 accu-

206 727 265 750 rate
282 726 308 749 ct
322 726 417 750 exacto
435 721 571 754 didicerit,
584 722 671 757 magis
685 726 868 749 consentanee
882 721 992 756 dixerit,

206 775 261 795 non
279 768 404 795 evenisse
418 773 534 795 mortem
566 772 708 803 propterea
729 768 801 803 quod
829 772 909 795 natus
936 769 991 802 sit,

207 812 254 839 sed
278 817 372 838 contra
391 812 486 839 mortis
515 819 598 839 causa
626 811 711 839 fuisse
728 813 763 841 ab
789 820 822 840 eo
854 816 992 847 acceptam

207 857 336 884 nascendi
357 856 553 884 conditionem.
584 856 677 892 Neque
703 858 776 885 cnim
806 863 924 887 mternus
951 858 995 886 ille

206 908 367 937 corpoream
387 901 491 929 idcirco
509 902 712 938 generationem
737 903 832 936 subiit,
857 904 923 938 quia
942 904 996 931 vita

205 951 296 982 egeret
308 968 319 980 ,,
341 945 389 974 sed
406 953 420 973 a
434 950 522 975 morte
538 954 590 974 nos
604 946 638 973 ad
652 948 736 976 vitam
759 955 902 976 revocans.
921 949 996 980 Quo-

207 993 279 1019 niam
296 991 378 1027 igitur
393 992 536 1026 oportebat
556 995 585 1019 ut
617 992 702 1020 totius
720 997 825 1021 natura:
851 999 956 1021 nostrae
981 1001 996 1020 a

207 1037 323 1065 mortuis
339 1037 505 1065 resurrectio
517 1037 609 1072 ﬁeret;
623 1042 750 1073 tanquam
767 1046 877 1066 manum
894 1039 995 1074 jacenti

209 1082 361 1118 porrigens,
376 1086 403 1110 et
426 1086 569 1118 propterea
586 1083 620 1111 ad
640 1087 766 1111 nostrum
788 1084 904 1112 cadaver
925 1085 997 1120 aspi~

208 1131 296 1161 ciens,
314 1130 395 1157 morti
413 1134 518 1157 tantum
531 1130 771 1165 appropinquavit,
800 1136 933 1166 quantum
955 1136 997 1159 est

209 1177 333 1210 attigisse
358 1176 556 1203 mortalitatem
571 1195 578 1206 .
602 1179 629 1203 ct
650 1176 756 1204 initium
785 1177 998 1205 resurrectionis

209 1230 259 1250 suo
273 1230 388 1257 corpore
399 1221 510 1249 dedisse
526 1225 639 1253 naturae,
658 1226 688 1249 nt
707 1222 753 1257 qui
777 1223 877 1250 virtute
892 1231 922 1250 ac
948 1222 997 1258 pd-

207 1272 307 1296 tcstate
319 1272 406 1295 totum
422 1268 558 1296 hominem
571 1268 652 1295 simul
667 1269 850 1296 suscitaverit.
861 1269 996 1302 Quoniam

208 1314 279 1342 enim
295 1321 351 1341 non
376 1313 486 1340 aliunde
497 1320 578 1348 quant
595 1321 627 1341 ex
639 1319 731 1342 nostra
741 1321 832 1341 massa
850 1322 915 1341 caro
928 1317 996 1346 erat,

208 1369 269 1396 quae
285 1361 369 1388 Deum
392 1363 567 1395 susceperat,
587 1367 648 1395 quae
662 1360 771 1395 quidem
788 1367 834 1394 per
858 1367 998 1387 resurrec-

212 1407 314 1435 tionem
342 1406 423 1433 simul
445 1405 564 1432 excitata
589 1404 642 1433 fuit
660 1412 724 1431 eum
747 1405 912 1438 divinitate;
930 1413 998 1440 quo-

209 1452 290 1479 modo
308 1452 335 1478 in
351 1455 445 1478 nostro
467 1458 592 1485 corpore,
606 1450 689 1478 unius
705 1458 738 1477 ex
751 1458 882 1479 sensuum
894 1450 998 1478 instra
1012 1469 1032 1496 Ο

209 1497 310 1524 mentis
324 1497 448 1531 operatio
467 1495 578 1524 deducit
600 1503 766 1524 consensum
788 1496 821 1522 ad
840 1496 996 1524 universum

210 1542 280 1577 parti
294 1542 400 1568 unitum
415 1551 421 1568 :
436 1541 471 1568 ita
487 1542 569 1569 etiam
584 1541 698 1576 perinde
709 1549 742 1569 ac
760 1541 783 1569 si
800 1547 873 1570 esset
886 1542 997 1576 aliquod

210 1587 312 1614 animal
327 1587 454 1614 universa
472 1591 580 1618 natura,
597 1587 684 1622 partis
706 1587 873 1614 resurrectio
899 1588 998 1615 transit

210 1633 244 1660 ad
257 1633 425 1664 universum,
439 1637 466 1660 ct
483 1641 531 1667 pro
549 1632 730 1660 continuitate
747 1633 998 1669 coniunctioneque

211 1684 316 1707 natura:
331 1683 417 1706 totum
432 1687 464 1706 ex
480 1683 556 1714 parte
566 1679 716 1706 concurrit.
731 1678 802 1711 Quid
813 1679 885 1706 enim
910 1687 998 1706 rrmo-

211 1731 268 1752 tum
284 1733 299 1752 a
312 1725 503 1760 probabilitate
516 1729 543 1751 et
561 1724 800 1752 verisimilitudine
818 1724 949 1752 discimus
970 1726 997 1753 in

212 1771 353 1806 mysterio,
373 1771 395 1798 si
415 1770 459 1805 qui
472 1774 538 1800 stat.
554 1770 701 1797 inclinatur
715 1769 748 1797 ad
756 1766 822 1797 eum
835 1768 880 1804 qui
891 1769 997 1803 cecidit,

212 1820 259 1843 aut
277 1815 308 1842 ad
329 1815 503 1842 excitandum
516 1823 577 1842 cum
592 1816 636 1849 qui
651 1815 736 1848 jacet?
749 1815 820 1842 Crux
831 1819 920 1841 autem
934 1823 998 1841 num

214 1862 331 1897 aliquam
345 1862 426 1889 etiam
439 1861 520 1889 aliam
539 1861 744 1896 profundiorem
759 1861 898 1888 contineat
916 1861 999 1887 ratio-

213 1916 286 1940 nem,
304 1908 423 1935 viderint
438 1908 455 1935 ii
477 1907 525 1942 qui
553 1915 595 1935 res
617 1914 731 1934 arcanas
752 1911 896 1934 noverunt.
919 1907 999 1940 Quod

212 1959 301 1982 autem
317 1953 350 1981 ad
364 1961 415 1982 nos
436 1954 509 1981 venit
528 1961 561 1980 ex
592 1953 748 1984 traditione,
767 1956 808 1980 est
822 1953 976 1987 hujusmodi
990 1961 997 1980 ι

211 2000 346 2032 Quoniam
375 1999 468 2027 omnia
491 1999 686 2027 convenienter
707 1998 861 2026 sublimiori
888 1999 949 2026 vita:
971 1998 1000 2026 in

211 2046 359 2081 Evangelia
370 2045 443 2073 dicta
460 2045 537 2073 (5"er
548 2049 574 2072 ta
587 2049 672 2076 sunt,
691 2052 778 2079 neque
795 2044 941 2078 quidquam
958 2048 1000 2072 est

212 2092 358 2127 ejusmodi,
370 2096 399 2119 ut
413 2092 477 2119 inde
490 2099 544 2118 non
565 2094 658 2125 aperte
679 2094 809 2124 appareat
828 2090 940 2116 omnino
958 2090 1001 2116 di-

1044 173 1081 208 μὴ
1098 173 1136 208 τῷ
1151 174 1240 209 ὰτὶμῳ
1254 174 1347 209 τρόπῳ
1357 173 1404 200 τοῦ
1418 173 1532 200 θανάτου
1546 173 1775 208 καθυϐρισθῆναι.
1791 173 1842 204 Τίς

1043 219 1096 253 γὰρ
1115 219 1148 245 ἂν
1163 220 1277 253 γένοιτο,
1298 219 1375 255 φησι,
1389 218 1435 246 τοῦ
1451 219 1494 246 διὰ
1510 219 1627 254 σταυροῦ
1644 219 1756 250 θάνατος
1780 219 1841 245 ἀτιο

1045 263 1172 299 μότεροςς
1195 265 1227 291 Τί
1249 262 1298 291 οὖν
1319 265 1365 291 καὶ
1385 265 1452 300 πρὸς
1469 264 1554 291 ταῦτά
1572 272 1678 300 φαμεν;
1699 263 1763 291 Ὀτι
1794 265 1842 290 τὸν

1042 309 1157 337 θάνατον
1179 310 1228 345 μὲν
1245 311 1392 344 ἀναγκαῖον
1406 312 1422 346 ἡ
1435 310 1541 345 γένεσις
1555 311 1764 346 κατεργάζεται.
1786 311 1841 337 Τὸν

1043 356 1097 391 γὰρ
1118 356 1192 389 ἅπαξ
1216 358 1361 392 μετασχεῖν
1382 357 1521 390 ἐγνωκότα
1543 357 1592 391 τῆς
1613 357 1838 392 ἁνθρωπὸτητος,

1042 401 1087 428 διὰ
1099 401 1207 429 πάντων
1219 401 1272 428 ἔδει
1282 402 1409 435 γενέσθαι
1421 401 1476 429 τῶν
1487 401 1639 437 ἰδιωμάτων
1651 403 1700 437 τῆς
1714 401 1840 436 φύσεως,

1043 446 1075 473 El
1087 446 1176 473 τοίνυν
1192 446 1238 473 δύο
1257 447 1355 482 πέρασι
1371 447 1421 482 τῆς
1437 447 1609 483 ἀνθρωπίνης
1625 445 1697 482 ζωῆς
1712 447 1840 482 διειλημ-

1046 492 1147 527 μένης,
1170 493 1199 519 ὲν
1221 492 1259 527 τῷ
1282 492 1322 518 ένὶ
1343 492 1488 527 γενόμενος
1505 492 1551 519 τοῦ
1572 491 1670 527 ἑφεξῆς
1692 493 1730 527 μὴ
1748 501 1839 528 προσ-

1044 538 1141 573 ήψατο,
1155 539 1285 574 ἡμιτελὴς
1300 539 1333 565 ἂν
1343 539 1360 574 ἡ
1369 538 1496 574 πρόθεσις
1509 538 1609 572 ἔμεινε,
1619 538 1664 564 τοῦ
1679 539 1777 574 ἑτέρου
1789 540 1838 574 τῆς

1045 583 1152 618 φύσεως
1161 584 1238 619 ἡμῶν
1254 584 1396 620 ἰδιώματος
1408 584 1455 619 οὐχ
1467 584 1606 619 ἁψαμένου
1614 593 1620 599 ·
1631 584 1701 619 τάχα
1710 584 1731 610 δ’
1745 584 1783 611 ἂν
1798 594 1839 616 τις

1043 629 1078 656 δι’
1092 629 1235 664 ἀκριϐείας
1249 629 1413 664 καταμαθὼν
1435 630 1465 656 τὸ
1484 630 1642 665 μυστήριον,
1653 630 1839 665 εὐλογώτερον

1044 674 1132 706 εἴποι,
1155 674 1191 710 μὴ
1215 674 1258 701 διὰ
1280 675 1331 709 τὴν
1355 675 1461 709 γένεσιν
1487 675 1687 711 συμῦεεηκέναι
1715 675 1762 702 τὸν
1792 675 1840 701 ϐἀ·

1044 727 1139 745 νατον·
1157 719 1226 746 ἀλλὰ
1240 720 1270 746 τὸ
1291 719 1408 755 ἔμπαλιν
1429 719 1476 746 τοῦ
1504 719 1620 747 θανάτου
1640 720 1719 756 χάριν
1747 729 1840 756 παρα-

1044 765 1181 801 ληφθῆναι
1189 766 1238 801 τὴν
1247 765 1353 800 γένεσιν
1364 774 1370 780 ·
1383 767 1413 793 οὗ
1423 766 1477 801 γὰρ
1485 766 1532 793 τοῦ
1542 766 1764 802 ζῆσαιδεόμενος.
1775 768 1789 794 ὁ
1798 768 1840 794 ἀεὶ

1046 811 1099 843 ζῶν
1115 811 1164 848 τὴν
1184 811 1342 847 σωματικὴν
1367 812 1511 839 ὑποδύεται
1526 812 1667 848 γέννησιν,
1682 813 1739 840 ἀλλ’
1764 814 1840 848 ἡμᾶς

1045 856 1092 883 ὲπὶ
1105 856 1154 892 τὴν
1168 856 1240 893 ζωὴν
1260 858 1293 884 ὲκ
1305 857 1353 884 τοῦ
1373 857 1488 885 θανάτου
1503 858 1731 894 ἀνακαλούμενος.
1760 860 1839 886 Ἐπεὶ

1045 900 1092 930 οὖν
1107 902 1160 930 ἔδει
1173 903 1300 937 γενέσθαι
1315 903 1378 939 ὅλης
1392 904 1441 940 τῆς
1460 904 1566 938 φύσεως
1583 905 1661 940 ἡμῶν
1674 906 1706 932 ὲκ
1722 905 1772 932 τοῦ
1794 905 1841 932 θα-

1044 948 1127 975 νάτου
1159 948 1242 976 πάλιν
1270 949 1397 976 ἐπάνοδον
1410 970 1417 981 ,
1446 951 1527 980 οἱονεὶ
1551 951 1629 986 χεῖρα
1654 951 1691 986 τῷ
1718 951 1840 986 κειμένῳ

1045 994 1159 1030 ὀρέγων,
1176 995 1223 1021 καὶ
1245 994 1289 1021 διὰ
1312 995 1392 1021 τοῦτο
1409 995 1478 1031 πρὸς
1497 995 1527 1022 τὸ
1547 996 1681 1032 ἡμέτερον
1700 996 1840 1031 ἐπικύψας

1047 1040 1158 1075 πτῶμα,
1173 1040 1298 1070 τοσοῦτον
1316 1041 1355 1076 τῷ
1374 1041 1481 1077 Θανάτῳ
1497 1043 1693 1078 προσήγγισεν,
1709 1043 1774 1070 ὅσον
1791 1044 1840 1078 τῆς

1047 1086 1208 1122 νεκρὸτητος
1219 1086 1339 1121 ἅψασθαι
1348 1096 1355 1102 ·
1368 1087 1415 1114 καὶ
1430 1088 1516 1124 ἀρχὴν
1528 1088 1618 1115 δοῦναι
1632 1089 1680 1125 τὴν
1695 1088 1779 1124 φύσιν
1791 1088 1841 1124 τῆς

1047 1131 1221 1163 ἀναστάσεως
1232 1131 1271 1167 τῷ
1285 1132 1342 1168 ἰδίῳ
1357 1132 1473 1168 σώματι,
1489 1134 1548 1160 ὅλον
1569 1135 1777 1169 συναναστήσας
1795 1134 1839 1160 τὸν

1047 1178 1188 1213 ἄνθρωπον
1201 1179 1234 1213 τῇ
1251 1178 1374 1213 δυνάμει.
1395 1178 1504 1214 Ἐπειδὴ
1515 1179 1569 1214 γὰρ
1582 1180 1632 1206 οὐκ
1644 1179 1767 1212 ἄλλοθεν,
1783 1179 1838 1206 ἀλλ’

1047 1224 1079 1249 ὲκ
1095 1222 1141 1249 τοῦ
1162 1223 1295 1258 ἡμετέρου
1311 1223 1471 1259 φυράματος
1492 1225 1508 1259 ή
1529 1224 1651 1261 Θεοδόχος
1669 1225 1737 1261 σὰρξ
1758 1223 1805 1260 ἦν,
1822 1226 1837 1259 ἡ

1046 1269 1090 1296 διὰ
1104 1270 1154 1304 τῆς
1165 1268 1340 1300 ἀναστάσεως
1353 1269 1551 1304 συνεπαρθεῖσα
1564 1271 1596 1305 τῇ
1611 1270 1727 1306 θεότητι,
1742 1270 1839 1305 ὥσπερ

1048 1316 1093 1342 ἐπὶ
1106 1315 1154 1341 τοῦ
1180 1314 1241 1341 καθ’
1265 1316 1338 1350 ἡμᾶς
1354 1314 1478 1350 σώματος
1491 1317 1507 1351 ἡ
1522 1315 1568 1342 τοῦ
1592 1316 1650 1348 ἐνὸς
1672 1316 1726 1342 τῶν
1742 1316 1839 1350 αἰσθη-

1047 1360 1147 1396 τηρίων
1159 1360 1282 1396 ἐνέργεια
1297 1359 1363 1396 πρὸς
1380 1361 1452 1387 ἅπαν
1475 1361 1523 1396 τὴν
1539 1361 1715 1396 συναίσθησιν
1727 1361 1792 1396 ἄγει
1811 1361 1839 1387 τδ

1048 1406 1186 1441 ἡνωμένον
1197 1406 1237 1442 τῷ
1249 1406 1328 1442 μέρει
1341 1414 1349 1424 ε
1361 1405 1446 1438 οὕτως
1461 1406 1586 1441 καθάπερ
1596 1407 1668 1438 τινὸς
1680 1407 1759 1438 ὄντος
1771 1405 1839 1439 ζώω

1049 1452 1140 1488 πάσης
1153 1452 1202 1487 τῆς
1223 1451 1339 1486 φύσεως,
1359 1453 1375 1487 ἡ
1395 1452 1442 1478 τοῦ
1460 1452 1559 1488 μέρους
1581 1453 1728 1484 ἀνάστασις
1746 1453 1795 1479 ἐπὶ
1811 1452 1839 1478 τδ

1049 1499 1103 1525 πᾶν
1115 1497 1290 1534 διεξέρχεται,
1302 1497 1372 1524 κατὰ
1382 1498 1412 1524 τὸ
1424 1499 1530 1533 συνεχές
1543 1508 1571 1525 τε
1583 1498 1630 1527 καὶ
1640 1498 1781 1534 ἡνωμένον
1791 1498 1839 1531 τῆς

1049 1546 1165 1580 φύσεως,
1183 1545 1216 1571 ὲκ
1240 1544 1286 1571 τοῦ
1303 1544 1401 1580 μέρους
1420 1544 1466 1572 ἐπὶ
1479 1547 1512 1571 τὸ
1531 1545 1590 1572 ὅλον
1603 1544 1791 1580 σννδιδομένη.
1808 1545 1838 1570 Τί

1048 1589 1094 1618 οὖν
1107 1590 1159 1624 ἔξω
1171 1589 1218 1616 τοῦ
1231 1590 1335 1621 εἰκότος
1354 1590 1383 1615 ὲν
1396 1589 1434 1624 τῷ
1457 1589 1597 1625 μυστηρίῳ
1616 1589 1799 1629 μανθάνομεν,
1816 1590 1838 1615 εἰ

1048 1636 1146 1663 κόπτει
1163 1635 1231 1671 πρὸς
1241 1636 1286 1662 τὸν
1302 1636 1466 1662 πεπτωκότα
1486 1637 1500 1663 ό
1520 1636 1615 1667 ἑστὼς,
1635 1635 1651 1670 ἢ
1668 1635 1714 1662 ἐπὶ
1727 1635 1759 1662 τὸ
1777 1635 1838 1662 ἁνα-

1050 1682 1146 1716 στῆσαι
1170 1680 1215 1707 τὸν
1232 1681 1372 1715 κείμενον;
1394 1681 1409 1707 ὁ
1431 1680 1458 1707 δὲ
1476 1680 1592 1716 σταυρὸς
1612 1681 1636 1706 εἰ
1655 1681 1691 1716 μή
1708 1689 1772 1707 τινα
1795 1680 1838 1706 καὶ

1049 1727 1142 1762 ἕτερον
1163 1726 1284 1762 περιέχει
1304 1726 1382 1760 λόγον
1398 1726 1560 1761 βαθύτερον,
1576 1725 1670 1752 εὶδοῖεν
1689 1725 1723 1752 ἂν
1736 1726 1762 1752 οἱ
1786 1724 1838 1751 τῶν

1049 1773 1243 1808 κρυπτομένων
1259 1771 1409 1806 ἑπίστιρες.
1425 1773 1457 1798 Ὂ
1470 1771 1491 1798 δ’
1502 1770 1548 1798 οὖν
1563 1773 1602 1803 εἰς
1616 1772 1690 1806 ἡμᾶς
1704 1773 1736 1797 ἐκ
1750 1779 1838 1806 παρα-

1048 1819 1148 1851 δόσεως
1171 1820 1249 1855 ἥκει,
1271 1818 1390 1845 τοιοῦτον
1415 1819 1505 1844 ἐστιν·
1529 1818 1637 1853 Ἐπειδὴ
1661 1818 1749 1845 πάντα
1768 1817 1836 1844 κατὰ

1049 1864 1094 1891 τὸν
1107 1864 1220 1899 ὑψηλότε
1226 1863 1270 1900 ρόν
1279 1872 1309 1889 τε
1320 1864 1367 1889 καὶ
1377 1863 1510 1898 θειότερον
1523 1863 1579 1897 βίον
1591 1863 1620 1889 ὲν
1630 1862 1667 1897 τῷ
1678 1861 1836 1896 Εὐαγγελίῳ

1050 1910 1155 1945 εἴρηται
1170 1909 1217 1936 καὶ
1236 1909 1398 1944 γεγένηται·
1417 1909 1462 1935 καὶ
1476 1909 1551 1935 οὒδὲν
1565 1908 1684 1935 τοιοῦτόν
1697 1909 1772 1935 ἐστιν
1782 1929 1789 1940 ,
1810 1908 1837 1933 ὲν

1049 1953 1071 1990 ᾧ
1085 1956 1144 1990 οὐχὶ
1165 1955 1273 1987 πάντως
1289 1955 1362 1991 μῖξις
1375 1964 1417 1987 τις
1437 1955 1598 1990 ἐμφαίνεται
1614 1954 1659 1981 τοῦ
1677 1954 1749 1981 Galae
1770 1953 1836 1990 πρὸς

1050 2001 1079 2028 τὺ
1094 2000 1280 2036 ἀνθρώπινον,
1295 2000 1347 2034 τῆς
1364 2000 1413 2035 μὲν
1430 1999 1521 2034 φωνῆς
1540 1999 1556 2034 ἢ
1575 1999 1627 2034 τῆς
1649 1999 1775 2034 πράξεως
1791 1999 1835 2025 ἁν-

1051 2044 1196 2080 θρωπικῶς
1215 2044 1424 2078 διεξαγομένης,
1450 2043 1497 2070 τοῦ
1523 2044 1550 2070 δὲ
1573 2044 1645 2070 κατὰ
1665 2044 1695 2070 τὸ
1719 2043 1836 2079 κρυπτὸν

1051 2091 1194 2126 νοουμένου
1216 2090 1246 2116 τὸ
1265 2090 1336 2117 θεῖον
1358 2090 1551 2125 ἐμφαίνοντος·
1570 2090 1715 2117 ἀκόλουθον
1738 2090 1772 2117 ἂν
1795 2089 1835 2123 εἴη

211 2139 333 2165 vinitatis
348 2138 440 2165 mistio
456 2145 517 2164 eum
540 2136 721 2167 humanitate,
737 2142 800 2161 cum
817 2142 869 2162 vox
887 2135 996 2169 quidem

1049 2137 1096 2163 καὶ
1109 2137 1137 2162 ὲν
1151 2135 1189 2170 τῷ
1207 2135 1285 2171 μέρει
1300 2135 1387 2172 τούτῳ
1397 2156 1404 2168 ,
1422 2135 1458 2170 μὴ
1471 2135 1500 2162 τὸ
1517 2135 1566 2170 μὲν
1580 2135 1697 2170 βλέπειν,
1715 2135 1837 2171 παρορᾷν

212 2187 259 2210 aut
273 2183 344 2210 actio
356 2187 480 2210 transeat
493 2181 663 2211 humanitus.
684 2179 710 2207 id
725 2185 815 2207 autem
826 2181 899 2215 quod
912 2189 944 2208 ex
957 2188 1000 2208 0c-

212 2229 286 2256 culto
311 2228 492 2263 intelligitur.
526 2226 653 2254 ostendat
682 2226 873 2254 divinitatem:
901 2227 928 2253 in
949 2227 1001 2254 hac

212 2275 293 2302 etiam
308 2278 383 2308 parte
403 2273 486 2300 fuerit
500 2279 682 2306 consequens.
712 2275 742 2298 ut
770 2279 824 2298 non
850 2271 1002 2305 aspiciatur

214 2327 310 2352 unum,
323 2319 437 2346 alterum
451 2323 541 2346 autem
555 2317 737 2352 despiciatur,
749 2317 796 2344 sed
814 2317 839 2343 in
854 2316 999 2346 immortali

213 2367 324 2402 quidem
339 2367 453 2394 mortale
468 2365 670 2396 consideretur.
686 2365 714 2392 iu
730 2364 840 2392 homine
854 2368 944 2391 autem
973 2365 999 2392 id
1012 2395 1014 2397 _

213 2413 285 2448 quod
306 2416 349 2440 cst
368 2412 489 2440 divinius
516 2410 590 2438 omni
606 2411 700 2438 studio
726 2409 908 2445 disquiratur.
931 2409 999 2437 Nam

213 2459 342 2494 quoniam
358 2459 498 2493 proprium
510 2461 552 2485 est
563 2457 714 2485 divinitatis
732 2457 825 2483 omnia
841 2456 999 2491 pervadere,

214 2512 315 2534 etcum
336 2512 430 2531 corum
446 2511 506 2539 quat
522 2509 585 2531 Slllll.
600 2507 696 2530 natura
708 2510 756 2537 per
772 2509 879 2530 omnem
896 2505 1000 2537 partem

213 2551 321 2579 extendi
337 2549 410 2586 (non
427 2549 500 2576 enim
520 2548 650 2576 litanserit
664 2547 803 2582 quippiam
821 2547 849 2574 in
872 2549 1000 2579 essentia,

214 2599 266 2626 nisi
282 2599 309 2625 in
325 2605 358 2625 eo
384 2595 456 2631 quod
476 2599 518 2622 est
541 2598 659 2622 maneat.
676 2593 754 2626 Quod
770 2598 859 2620 autem
893 2593 1001 2628 proprie

213 2649 257 2671 est
269 2647 295 2671 et
308 2643 407 2678 primo,
423 2641 517 2669 divina
532 2645 575 2667 est
592 2644 688 2666 natura
703 2648 709 2666 :
729 2646 810 2674 quam
831 2644 861 2667 ut
872 2646 1001 2666 necessa-

215 2689 256 2716 rio
276 2689 420 2716 credamus
431 2695 493 2716 esse
515 2687 542 2714 in
560 2685 669 2714 cunctis
684 2692 744 2719 quas
761 2688 835 2716 sunt,
857 2692 908 2711 nos
931 2685 1003 2718 cogit

213 2742 307 2762 eorum
322 2742 382 2769 quze
396 2738 461 2761 sunt
478 2731 663 2769 permansio),
685 2731 736 2758 hoc
759 2738 807 2765 per
820 2738 928 2757 crucem
952 2730 1002 2756 do-

213 2787 320 2810 remur.
341 2788 401 2806 cum
418 2780 478 2813 ejus
497 2778 695 2814 quadrifariam
727 2776 812 2811 ﬁgura
838 2776 873 2803 sit
893 2775 979 2803 divisa
995 2795 1001 2807 ,

1050 2181 1078 2207 δὲ
1092 2181 1121 2206 τὸ
1134 2180 1226 2216 ἕτερον
1235 2188 1242 2195 ·
1255 2180 1312 2207 ἀλλ’
1325 2181 1354 2206 ὲν
1371 2180 1419 2215 μὲν
1430 2179 1468 2214 τῷ
1482 2180 1608 2214 ἀθανάτῳ
1621 2179 1740 2214 καθορᾷν
1749 2179 1780 2205 τὸ
1793 2179 1837 2205 ἀν-

1051 2225 1195 2261 θρώπινον,
1217 2226 1246 2252 ὲν
1268 2225 1296 2252 δὲ
1325 2225 1364 2260 τῷ
1389 2221 1524 2261 ἀνθρώπῳ
1548 2225 1788 2260 πολυπραγμονεῖν
1810 2223 1838 2250 τὸ

1051 2272 1195 2308 θειότερον.
1217 2272 1324 2308 Ἐπειδὴ
1345 2271 1400 2307 γὰρ
1421 2271 1487 2298 ἴδιόν
1505 2271 1563 2297 sim
1585 2271 1635 2305 τῆς
1657 2270 1794 2306 θειότητος
1809 2269 1837 2296 τὸ

1051 2317 1095 2344 διὰ
1109 2318 1216 2345 πάντων
1231 2318 1318 2353 ἥκειν,
1333 2317 1380 2344 καὶ
1393 2318 1428 2356 τῇ
1441 2315 1521 2350 φύσει
1535 2316 1589 2342 τῶν
1603 2317 1686 2342 ὄντων
1701 2317 1772 2343 κατὰ
1785 2315 1836 2341 πᾶν

1053 2363 1134 2400 μέρος
1153 2363 1447 2399 συμπαρεκτείνεσθαι·
1466 2362 1496 2388 οὑ
1511 2362 1565 2398 γὰρ
1585 2362 1618 2389 ἂν
1631 2371 1657 2388 τι
1674 2362 1796 2397 διαμένοι
1810 2361 1836 2386 ἐν

1051 2409 1090 2444 τῷ
1101 2407 1180 2443 εἶναι,
1195 2409 1232 2444 μὴ
1247 2409 1275 2436 ὲν
1287 2408 1325 2444 τῷ
1335 2408 1390 2434 ὖντι
1403 2408 1491 2443 μένον.
1504 2407 1541 2433 Τὸ
1553 2407 1582 2434 δὲ
1594 2408 1695 2443 κυρίως
1705 2408 1753 2434 καὶ
1766 2405 1836 2442 πρώ-

1050 2464 1104 2487 τως
1116 2455 1156 2488 ὃν,
1172 2456 1188 2490 ὴ
1204 2455 1263 2481 θεία
1278 2454 1358 2489 φύσις
1374 2453 1459 2486 ἐστὶν,
1471 2455 1504 2488 ἢν
1521 2453 1552 2486 ἐξ
1566 2454 1688 2490 ἀνάγκης
1703 2453 1837 2480 πιστεύειν

1052 2502 1080 2527 ἒν
1103 2502 1184 2527 πᾶσιν
1209 2499 1278 2528 εἶναι
1296 2501 1352 2532 τοῖς
1368 2497 1459 2531 οὖσιν,
1479 2501 1497 2535 ἡ
1525 2499 1638 2535 διαμονὴ
1669 2499 1723 2526 τῶν
1756 2500 1836 2526 ὅντων

1052 2546 1264 2581 καταναγκάζει·
1288 2545 1368 2574 τοῦτο
1384 2546 1427 2573 διὰ
1442 2545 1489 2572 τοῦ
1509 2546 1627 2582 σταυροῦ
1646 2545 1834 2582 διδασκόμεθα,

1052 2593 1170 2628 τετραχῆ
1186 2591 1233 2619 τοῦ
1249 2593 1307 2618 κατ’
1319 2591 1399 2619 αὑτὸν
1413 2592 1551 2627 σχήματος
1561 2593 1727 2628 διῃρημένου
1737 2601 1743 2607 ·
1757 2592 1794 2623 ὡς
1808 2592 1836 2616 ἐκ

1052 2637 1098 2664 τοῦ
1118 2639 1212 2673 μέσου,
1232 2639 1299 2665 καθὸ
1321 2639 1388 2675 πρὸς
1404 2639 1498 2666 ἑαυτὸν
1515 2639 1688 2671 συνάπτεται,
1707 2639 1835 2673 ’τέσσαρας

1053 2684 1226 2719 ἀριθμεῖσθαι
1248 2684 1298 2716 τὰς
1322 2684 1473 2721 προϐολάς·
1491 2685 1531 2711 ὅτι
1554 2686 1567 2712 ὁ
1585 2686 1630 2712 ἐπὶ
1645 2685 1740 2712 τούτου
1761 2686 1788 2711 ὲν
1801 2680 1836 2716 τῷ

1054 2728 1141 2764 καιρῷ
1159 2731 1209 2765 τῆς
1223 2728 1293 2755 κατὰ
1305 2729 1351 2755 τὸν
1370 2729 1482 2756 θάνατον
1495 2729 1650 2764 οἰκονομίας
1669 2729 1810 2760 διατεθεὶς.
1823 2726 1835 2752 ὃ

1054 2774 1084 2800 τὸ
1100 2775 1152 2800 πᾶν
1165 2775 1231 2809 πρὸς
1249 2774 1337 2809 ἑαυτῷ
1352 2774 1465 2801 συνδέων
1481 2782 1509 2800 τε
1527 2774 1572 2800 καὶ
1591 2774 1776 2810 συναρμόζων,
1791 2771 1834 2802 τὰς
