  <div class='ocr_page' id='page_1' title='image "/cluster/home/n/w/nwhite01/storage/ocr_20150623/45/njp.32101077772596/053.png"; bbox 0 0 1926 3080; ppageno 0'>
   <div class='ocr_carea' id='block_1_1' title="bbox 249 127 1863 161">
    <p class='ocr_par' dir='ltr' id='par_1_1' title="bbox 249 127 1863 161">
     <span class='ocr_line' id='line_1_1' title="bbox 249 127 1863 161; baseline 0.004 -6"><span class='ocrx_word' id='word_1_1' title='bbox 249 127 283 155; x_wconf 68' lang='grc'><strong>85</strong></span> <span class='ocrx_word' id='word_1_2' title='bbox 865 130 894 159; x_wconf 71' lang='lat'><strong>8.</strong></span> <span class='ocrx_word' id='word_1_3' title='bbox 915 129 1079 158; x_wconf 73' lang='lat' dir='ltr'><strong>GREGORH</strong></span> <span class='ocrx_word' id='word_1_4' title='bbox 1099 130 1246 158; x_wconf 76' lang='lat' dir='ltr'><strong>NYSSENI</strong></span> <span class='ocrx_word' id='word_1_5' title='bbox 1835 134 1863 161; x_wconf 73' lang='lat' dir='ltr'><strong>St</strong></span> 
     </span>
    </p>
   </div>
   <div class='ocr_carea' id='block_1_2' title="bbox 247 185 1034 227">
    <p class='ocr_par' dir='ltr' id='par_1_2' title="bbox 247 185 1034 223">
     <span class='ocr_line' id='line_1_2' title="bbox 247 185 1034 223; baseline 0.006 -12"><span class='ocrx_word' id='word_1_6' title='bbox 247 190 311 212; x_wconf 88' lang='lat' dir='ltr'><strong>cum</strong></span> <span class='ocrx_word' id='word_1_7' title='bbox 326 192 358 213; x_wconf 83' lang='lat' dir='ltr'><strong>ex</strong></span> <span class='ocrx_word' id='word_1_8' title='bbox 374 194 404 214; x_wconf 87' lang='lat' dir='ltr'><strong>se</strong></span> <span class='ocrx_word' id='word_1_9' title='bbox 421 185 479 222; x_wconf 84' lang='lat' dir='ltr'><strong>ipsa</strong></span> <span class='ocrx_word' id='word_1_10' title='bbox 495 187 583 214; x_wconf 88' lang='lat' dir='ltr'><strong>oratio</strong></span> <span class='ocrx_word' id='word_1_11' title='bbox 597 187 664 214; x_wconf 84' lang='lat' dir='ltr'><strong>satis</strong></span> <span class='ocrx_word' id='word_1_12' title='bbox 681 186 781 214; x_wconf 87' lang='lat' dir='ltr'><strong>indicet</strong></span> <span class='ocrx_word' id='word_1_13' title='bbox 805 194 837 215; x_wconf 75' lang='lat' dir='ltr'><strong>ea</strong></span> <span class='ocrx_word' id='word_1_14' title='bbox 867 195 929 216; x_wconf 79' lang='lat' dir='ltr'><strong>esse</strong></span> <span class='ocrx_word' id='word_1_15' title='bbox 954 195 1034 223; x_wconf 81' lang='lat' dir='ltr'><strong>supra</strong></span> 
     </span>
    </p>
   </div>
   <div class='ocr_carea' id='block_1_3' title="bbox 1086 185 1864 227">
    <p class='ocr_par' dir='ltr' id='par_1_3' title="bbox 1088 189 1864 227">
     <span class='ocr_line' id='line_1_3' title="bbox 1088 189 1864 227; baseline 0.004 -12"><span class='ocrx_word' id='word_1_16' title='bbox 1088 189 1218 225; x_wconf 82' lang='grc' dir='ltr'>κονομία·</span> <span class='ocrx_word' id='word_1_17' title='bbox 1229 189 1243 216; x_wconf 84' lang='grc' dir='ltr'><strong>ὅ</strong></span> <span class='ocrx_word' id='word_1_18' title='bbox 1253 190 1307 216; x_wconf 71' lang='grc' dir='ltr'>εἴτε</span> <span class='ocrx_word' id='word_1_19' title='bbox 1319 189 1471 225; x_wconf 82' lang='grc' dir='ltr'><strong>βάπτισμα,</strong></span> <span class='ocrx_word' id='word_1_20' title='bbox 1485 190 1539 217; x_wconf 71' lang='grc' dir='ltr'>εἴτε</span> <span class='ocrx_word' id='word_1_21' title='bbox 1553 191 1694 227; x_wconf 79' lang='grc' dir='ltr'>φώτισμα,</span> <span class='ocrx_word' id='word_1_22' title='bbox 1707 192 1759 218; x_wconf 73' lang='grc' dir='ltr'>εἴτε</span> <span class='ocrx_word' id='word_1_23' title='bbox 1775 191 1864 226; x_wconf 79' lang='grc' dir='ltr'>παλιγ-</span> 
     </span>
    </p>
   </div>
   <div class='ocr_carea' id='block_1_4' title="bbox 248 232 1035 268">
    <p class='ocr_par' dir='ltr' id='par_1_4' title="bbox 248 232 1035 268">
     <span class='ocr_line' id='line_1_4' title="bbox 248 232 1035 268; baseline 0.006 -10"><span class='ocrx_word' id='word_1_24' title='bbox 248 235 385 259; x_wconf 64' lang='grc' dir='ltr'>ιιιιιυτοηλ</span> <span class='ocrx_word' id='word_1_25' title='bbox 403 232 455 260; x_wconf 82' lang='lat' dir='ltr'><strong>Sed</strong></span> <span class='ocrx_word' id='word_1_26' title='bbox 467 233 595 268; x_wconf 90' lang='lat' dir='ltr'><strong>quoniam</strong></span> <span class='ocrx_word' id='word_1_27' title='bbox 616 233 792 268; x_wconf 69' lang='lat' dir='ltr'><strong>mysticorum</strong></span> <span class='ocrx_word' id='word_1_28' title='bbox 808 234 1035 263; x_wconf 66' lang='lat' dir='ltr'><strong>documentorum</strong></span> 
     </span>
    </p>
   </div>
   <div class='ocr_carea' id='block_1_5' title="bbox 248 277 1037 315">
    <p class='ocr_par' dir='ltr' id='par_1_5' title="bbox 248 277 1037 315">
     <span class='ocr_line' id='line_1_5' title="bbox 248 277 1037 315; baseline 0.006 -12"><span class='ocrx_word' id='word_1_29' title='bbox 248 283 313 310; x_wconf 83' lang='lat' dir='ltr'><strong>pars</strong></span> <span class='ocrx_word' id='word_1_30' title='bbox 328 281 370 304; x_wconf 88' lang='lat' dir='ltr'><strong>est</strong></span> <span class='ocrx_word' id='word_1_31' title='bbox 383 277 463 304; x_wconf 85' lang='lat' dir='ltr'><strong>etiam</strong></span> <span class='ocrx_word' id='word_1_32' title='bbox 479 277 580 312; x_wconf 83' lang='lat' dir='ltr'><strong>aliqua,</strong></span> <span class='ocrx_word' id='word_1_33' title='bbox 597 286 657 313; x_wconf 69' lang='lat' dir='ltr'><strong>qua:</strong></span> <span class='ocrx_word' id='word_1_34' title='bbox 681 277 711 307; x_wconf 87' lang='lat' dir='ltr'><strong>in</strong></span> <span class='ocrx_word' id='word_1_35' title='bbox 725 278 835 306; x_wconf 77' lang='lat' dir='ltr'><strong>lavacro</strong></span> <span class='ocrx_word' id='word_1_36' title='bbox 857 280 885 306; x_wconf 86' lang='lat' dir='ltr'><strong>tit</strong></span> <span class='ocrx_word' id='word_1_37' title='bbox 899 279 1037 315; x_wconf 80' lang='lat' dir='ltr'><strong>dispensa-</strong></span> 
     </span>
    </p>
   </div>
   <div class='ocr_carea' id='block_1_6' title="bbox 249 320 1037 359">
    <p class='ocr_par' dir='ltr' id='par_1_6' title="bbox 249 320 1037 359">
     <span class='ocr_line' id='line_1_6' title="bbox 249 320 1037 359; baseline 0.009 -12"><span class='ocrx_word' id='word_1_38' title='bbox 249 320 305 348; x_wconf 86' lang='lat' dir='ltr'><strong>tio:</strong></span> <span class='ocrx_word' id='word_1_39' title='bbox 333 322 406 357; x_wconf 88' lang='lat' dir='ltr'><strong>quod</strong></span> <span class='ocrx_word' id='word_1_40' title='bbox 418 323 528 357; x_wconf 81' lang='lat' dir='ltr'><strong>quidem</strong></span> <span class='ocrx_word' id='word_1_41' title='bbox 543 331 591 351; x_wconf 90' lang='lat' dir='ltr'><strong>seu</strong></span> <span class='ocrx_word' id='word_1_42' title='bbox 605 323 783 359; x_wconf 74' lang='lat' dir='ltr'><strong>baptismum,</strong></span> <span class='ocrx_word' id='word_1_43' title='bbox 798 332 847 352; x_wconf 89' lang='lat' dir='ltr'><strong>seu</strong></span> <span class='ocrx_word' id='word_1_44' title='bbox 864 325 1037 354; x_wconf 89' lang='lat' dir='ltr'><strong>illuminatio-</strong></span> 
     </span>
    </p>
   </div>
   <div class='ocr_carea' id='block_1_7' title="bbox 1088 235 1865 279">
    <p class='ocr_par' dir='ltr' id='par_1_7' title="bbox 1088 235 1865 279">
     <span class='ocr_line' id='line_1_7' title="bbox 1088 235 1865 279; baseline 0.004 -18"><span class='ocrx_word' id='word_1_45' title='bbox 1088 235 1212 269; x_wconf 89' lang='grc' dir='ltr'>γενεσίαν</span> <span class='ocrx_word' id='word_1_46' title='bbox 1228 235 1348 271; x_wconf 85' lang='grc' dir='ltr'>βούλοιτό</span> <span class='ocrx_word' id='word_1_47' title='bbox 1361 244 1402 268; x_wconf 89' lang='grc' dir='ltr'><strong>τις</strong></span> <span class='ocrx_word' id='word_1_48' title='bbox 1412 235 1564 279; x_wconf 62' lang='grc' dir='ltr'>ὀνομάζειν,</span> <span class='ocrx_word' id='word_1_49' title='bbox 1580 237 1656 264; x_wconf 76' lang='grc' dir='ltr'>οὐδὲν</span> <span class='ocrx_word' id='word_1_50' title='bbox 1672 237 1740 272; x_wconf 75' lang='grc' dir='ltr'>πρὸς</span> <span class='ocrx_word' id='word_1_51' title='bbox 1752 237 1801 272; x_wconf 78' lang='grc' dir='ltr'>τὴν</span> <span class='ocrx_word' id='word_1_52' title='bbox 1814 238 1865 264; x_wconf 83' lang='grc' dir='ltr'>ὀνο·</span> 
     </span>
    </p>
   </div>
   <div class='ocr_carea' id='block_1_8' title="bbox 1090 281 1864 319">
    <p class='ocr_par' dir='ltr' id='par_1_8' title="bbox 1090 281 1864 319">
     <span class='ocr_line' id='line_1_8' title="bbox 1090 281 1864 319; baseline 0.004 -11"><span class='ocrx_word' id='word_1_53' title='bbox 1090 281 1191 316; x_wconf 85' lang='grc' dir='ltr'>μασίαν</span> <span class='ocrx_word' id='word_1_54' title='bbox 1203 281 1396 317; x_wconf 72' lang='grc' dir='ltr'><strong>διαφερόμεθα,</strong></span> <span class='ocrx_word' id='word_1_55' title='bbox 1410 282 1500 315; x_wconf 83' lang='grc' dir='ltr'>καλῶς</span> <span class='ocrx_word' id='word_1_56' title='bbox 1517 283 1550 310; x_wconf 86' lang='grc' dir='ltr'>ἂν</span> <span class='ocrx_word' id='word_1_57' title='bbox 1564 282 1620 319; x_wconf 73' lang='grc' dir='ltr'>ἔχοι</span> <span class='ocrx_word' id='word_1_58' title='bbox 1636 283 1683 310; x_wconf 68' lang='grc' dir='ltr'>καὶ</span> <span class='ocrx_word' id='word_1_59' title='bbox 1698 284 1761 319; x_wconf 78' lang='grc' dir='ltr'>περὶ</span> <span class='ocrx_word' id='word_1_60' title='bbox 1778 283 1864 311; x_wconf 76' lang='grc' dir='ltr'><strong>τοὺτω</strong></span> 
     </span>
    </p>
   </div>
   <div class='ocr_carea' id='block_1_9' title="bbox 1089 326 1359 362">
    <p class='ocr_par' dir='ltr' id='par_1_9' title="bbox 1089 326 1359 362">
     <span class='ocr_line' id='line_1_9' title="bbox 1089 326 1359 362; baseline 0.004 -9"><span class='ocrx_word' id='word_1_61' title='bbox 1089 326 1192 362; x_wconf 82' lang='grc' dir='ltr'>βραχέα</span> <span class='ocrx_word' id='word_1_62' title='bbox 1207 327 1359 360; x_wconf 80' lang='grc' dir='ltr'>διεξελθεῖν.</span> 
     </span>
    </p>
   </div>
   <div class='ocr_carea' id='block_1_10' title="bbox 249 370 1864 406">
    <p class='ocr_par' dir='ltr' id='par_1_10' title="bbox 249 370 1864 406">
     <span class='ocr_line' id='line_1_10' title="bbox 249 370 1864 406; baseline 0.006 -13"><span class='ocrx_word' id='word_1_63' title='bbox 249 374 321 400; x_wconf 88' lang='lat' dir='ltr'><strong>nem,</strong></span> <span class='ocrx_word' id='word_1_64' title='bbox 360 375 408 395; x_wconf 85' lang='lat' dir='ltr'><strong>seu</strong></span> <span class='ocrx_word' id='word_1_65' title='bbox 442 370 677 404; x_wconf 82' lang='lat' dir='ltr'><strong>regenerationem</strong></span> <span class='ocrx_word' id='word_1_66' title='bbox 716 371 783 398; x_wconf 85' lang='lat' dir='ltr'><strong>velis</strong></span> <span class='ocrx_word' id='word_1_67' title='bbox 800 371 951 405; x_wconf 85' lang='lat' dir='ltr'><strong>nominare,</strong></span> <span class='ocrx_word' id='word_1_68' title='bbox 979 372 1013 400; x_wconf 89' lang='lat' dir='ltr'><strong>de</strong></span> <span class='ocrx_word' id='word_1_69' title='bbox 1039 373 1156 403; x_wconf 76' lang='lat' dir='ltr'><strong>nomine</strong></span> <span class='ocrx_word' id='word_1_70' title='bbox 1177 380 1232 401; x_wconf 92' lang='lat' dir='ltr'><strong>non</strong></span> <span class='ocrx_word' id='word_1_71' title='bbox 1259 372 1459 406; x_wconf 87' lang='lat' dir='ltr'><strong>contenditnus,</strong></span> <span class='ocrx_word' id='word_1_72' title='bbox 1485 374 1553 402; x_wconf 83' lang='lat' dir='ltr'><strong>bene</strong></span> <span class='ocrx_word' id='word_1_73' title='bbox 1577 375 1629 402; x_wconf 90' lang='lat' dir='ltr'><strong>erit</strong></span> <span class='ocrx_word' id='word_1_74' title='bbox 1643 373 1760 402; x_wconf 81' lang='lat' dir='ltr'><strong>breviter</strong></span> <span class='ocrx_word' id='word_1_75' title='bbox 1781 373 1815 401; x_wconf 85' lang='lat' dir='ltr'><strong>de</strong></span> <span class='ocrx_word' id='word_1_76' title='bbox 1835 380 1864 402; x_wconf 82' lang='lat' dir='ltr'><strong>eo</strong></span> 
     </span>
    </p>
   </div>
   <div class='ocr_carea' id='block_1_11' title="bbox 248 412 350 440">
    <p class='ocr_par' dir='ltr' id='par_1_11' title="bbox 248 412 350 440">
     <span class='ocr_line' id='line_1_11' title="bbox 248 412 350 440; baseline 0.01 -1"><span class='ocrx_word' id='word_1_77' title='bbox 248 412 350 440; x_wconf 82' lang='lat' dir='ltr'><strong>dicere.</strong></span> 
     </span>
    </p>
   </div>
   <div class='ocr_carea' id='block_1_12' title="bbox 513 460 774 489">
    <p class='ocr_par' dir='ltr' id='par_1_12' title="bbox 513 460 774 489">
     <span class='ocr_line' id='line_1_12' title="bbox 513 460 774 489; baseline 0 -1"><span class='ocrx_word' id='word_1_78' title='bbox 513 460 628 489; x_wconf 82' lang='lat' dir='ltr'><strong>CAPUT</strong></span> <span class='ocrx_word' id='word_1_79' title='bbox 651 460 774 489; x_wconf 77' lang='lat' dir='ltr'><strong>XXXlll.</strong></span> 
     </span>
    </p>
   </div>
   <div class='ocr_carea' id='block_1_13' title="bbox 283 502 1037 542">
    <p class='ocr_par' dir='ltr' id='par_1_13' title="bbox 283 502 1037 542">
     <span class='ocr_line' id='line_1_13' title="bbox 283 502 1037 542; baseline 0.007 -13"><span class='ocrx_word' id='word_1_80' title='bbox 283 502 350 530; x_wconf 86' lang='lat' dir='ltr'><strong>Nam</strong></span> <span class='ocrx_word' id='word_1_81' title='bbox 376 509 521 539; x_wconf 84' lang='lat' dir='ltr'><strong>postquam</strong></span> <span class='ocrx_word' id='word_1_82' title='bbox 547 513 561 532; x_wconf 81' lang='lat' dir='ltr'><strong>n</strong></span> <span class='ocrx_word' id='word_1_83' title='bbox 594 506 674 534; x_wconf 90' lang='lat' dir='ltr'><strong>nobis</strong></span> <span class='ocrx_word' id='word_1_84' title='bbox 696 507 860 540; x_wconf 79' lang='lat' dir='ltr'><strong>audiverim,</strong></span> <span class='ocrx_word' id='word_1_85' title='bbox 886 507 956 542; x_wconf 84' lang='lat' dir='ltr'><strong>quod</strong></span> <span class='ocrx_word' id='word_1_86' title='bbox 975 515 1037 535; x_wconf 88' lang='lat' dir='ltr'><strong>cum</strong></span> 
     </span>
    </p>
   </div>
   <div class='ocr_carea' id='block_1_14' title="bbox 249 548 1037 587">
    <p class='ocr_par' dir='ltr' id='par_1_14' title="bbox 249 548 1037 587">
     <span class='ocr_line' id='line_1_14' title="bbox 249 548 1037 587; baseline 0.004 -12"><span class='ocrx_word' id='word_1_87' title='bbox 249 548 363 576; x_wconf 86' lang='lat' dir='ltr'><strong>mortale</strong></span> <span class='ocrx_word' id='word_1_88' title='bbox 389 553 510 577; x_wconf 83' lang='lat' dir='ltr'><strong>transeat</strong></span> <span class='ocrx_word' id='word_1_89' title='bbox 522 550 554 578; x_wconf 85' lang='lat' dir='ltr'><strong>ad</strong></span> <span class='ocrx_word' id='word_1_90' title='bbox 567 550 662 583; x_wconf 86' lang='lat' dir='ltr'><strong>vitam,</strong></span> <span class='ocrx_word' id='word_1_91' title='bbox 680 559 852 587; x_wconf 83' lang='lat' dir='ltr'><strong>consequens</strong></span> <span class='ocrx_word' id='word_1_92' title='bbox 862 556 930 584; x_wconf 85' lang='lat' dir='ltr'><strong>erat,</strong></span> <span class='ocrx_word' id='word_1_93' title='bbox 950 551 1037 587; x_wconf 89' lang='lat' dir='ltr'><strong>prima</strong></span> 
     </span>
    </p>
   </div>
   <div class='ocr_carea' id='block_1_15' title="bbox 248 588 1035 629">
    <p class='ocr_par' dir='ltr' id='par_1_15' title="bbox 248 588 1035 629">
     <span class='ocr_line' id='line_1_15' title="bbox 248 588 1035 629; baseline 0.004 -8"><span class='ocrx_word' id='word_1_94' title='bbox 248 588 425 629; x_wconf 69' lang='lat' dir='ltr'><strong>gimeratione</strong></span> <span class='ocrx_word' id='word_1_95' title='bbox 443 596 477 623; x_wconf 79' lang='lat' dir='ltr'><strong>ad</strong></span> <span class='ocrx_word' id='word_1_96' title='bbox 499 597 582 624; x_wconf 82' lang='lat' dir='ltr'><strong>vitam</strong></span> <span class='ocrx_word' id='word_1_97' title='bbox 608 598 749 625; x_wconf 85' lang='lat' dir='ltr'><strong>mortalem</strong></span> <span class='ocrx_word' id='word_1_98' title='bbox 770 597 930 629; x_wconf 83' lang='lat' dir='ltr'><strong>deducente,</strong></span> <span class='ocrx_word' id='word_1_99' title='bbox 954 597 1035 624; x_wconf 81' lang='lat' dir='ltr'><strong>aliam</strong></span> 
     </span>
    </p>
   </div>
   <div class='ocr_carea' id='block_1_16' title="bbox 249 641 1034 680">
    <p class='ocr_par' dir='ltr' id='par_1_16' title="bbox 249 641 1034 680">
     <span class='ocr_line' id='line_1_16' title="bbox 249 641 1034 680; baseline 0.005 -13"><span class='ocrx_word' id='word_1_100' title='bbox 249 641 366 668; x_wconf 77' lang='lat' dir='ltr'><strong>inveniri</strong></span> <span class='ocrx_word' id='word_1_101' title='bbox 389 642 602 677; x_wconf 77' lang='lat' dir='ltr'><strong>generationem,</strong></span> <span class='ocrx_word' id='word_1_102' title='bbox 627 651 688 679; x_wconf 71' lang='lat' dir='ltr'><strong>quae</strong></span> <span class='ocrx_word' id='word_1_103' title='bbox 711 651 800 680; x_wconf 80' lang='lat' dir='ltr'><strong>neque</strong></span> <span class='ocrx_word' id='word_1_104' title='bbox 816 644 851 672; x_wconf 86' lang='lat' dir='ltr'><strong>al)</strong></span> <span class='ocrx_word' id='word_1_105' title='bbox 870 644 980 672; x_wconf 85' lang='lat' dir='ltr'><strong>interitu</strong></span> <span class='ocrx_word' id='word_1_106' title='bbox 994 644 1034 671; x_wconf 89' lang='lat' dir='ltr'><strong>in-</strong></span> 
     </span>
    </p>
   </div>
   <div class='ocr_carea' id='block_1_17' title="bbox 247 687 1034 724">
    <p class='ocr_par' dir='ltr' id='par_1_17' title="bbox 247 687 1034 724">
     <span class='ocr_line' id='line_1_17' title="bbox 247 687 1034 724; baseline 0.001 -10"><span class='ocrx_word' id='word_1_107' title='bbox 247 687 363 721; x_wconf 86' lang='lat' dir='ltr'><strong>ciperet,</strong></span> <span class='ocrx_word' id='word_1_108' title='bbox 378 695 466 723; x_wconf 82' lang='lat' dir='ltr'><strong>neque</strong></span> <span class='ocrx_word' id='word_1_109' title='bbox 483 688 621 716; x_wconf 79' lang='lat' dir='ltr'><strong>desineret</strong></span> <span class='ocrx_word' id='word_1_110' title='bbox 633 690 660 716; x_wconf 93' lang='lat' dir='ltr'><strong>in</strong></span> <span class='ocrx_word' id='word_1_111' title='bbox 673 689 812 717; x_wconf 89' lang='lat' dir='ltr'><strong>interitum</strong></span> <span class='ocrx_word' id='word_1_112' title='bbox 826 711 834 724; x_wconf 92' lang='lat'><strong>,</strong></span> <span class='ocrx_word' id='word_1_113' title='bbox 852 689 899 718; x_wconf 88' lang='lat' dir='ltr'><strong>sed</strong></span> <span class='ocrx_word' id='word_1_114' title='bbox 913 697 973 717; x_wconf 86' lang='lat' dir='ltr'><strong>cum</strong></span> <span class='ocrx_word' id='word_1_115' title='bbox 987 689 1034 724; x_wconf 86' lang='lat' dir='ltr'><strong>qui</strong></span> 
     </span>
    </p>
   </div>
   <div class='ocr_carea' id='block_1_18' title="bbox 179 733 1036 772">
    <p class='ocr_par' dir='ltr' id='par_1_18' title="bbox 179 733 1036 772">
     <span class='ocr_line' id='line_1_18' title="bbox 179 733 1036 772; baseline 0.005 -14"><span class='ocrx_word' id='word_1_116' title='bbox 179 753 192 757; x_wconf 84' lang='grc'><strong><em>-</em></strong></span> <span class='ocrx_word' id='word_1_117' title='bbox 249 733 348 761; x_wconf 76' lang='lat' dir='ltr'><strong>fuisset</strong></span> <span class='ocrx_word' id='word_1_118' title='bbox 373 738 529 769; x_wconf 86' lang='lat' dir='ltr'><strong>generatus,</strong></span> <span class='ocrx_word' id='word_1_119' title='bbox 550 735 584 762; x_wconf 87' lang='lat' dir='ltr'><strong>ad</strong></span> <span class='ocrx_word' id='word_1_120' title='bbox 607 736 698 772; x_wconf 84' lang='lat' dir='ltr'><strong>_vitam</strong></span> <span class='ocrx_word' id='word_1_121' title='bbox 721 735 869 764; x_wconf 83' lang='lat' dir='ltr'><strong>deduceret</strong></span> <span class='ocrx_word' id='word_1_122' title='bbox 895 736 1036 763; x_wconf 80' lang='lat' dir='ltr'><strong>immorta-</strong></span> 
     </span>
    </p>
   </div>
   <div class='ocr_carea' id='block_1_19' title="bbox 250 778 1036 816">
    <p class='ocr_par' dir='ltr' id='par_1_19' title="bbox 250 778 1036 816">
     <span class='ocr_line' id='line_1_19' title="bbox 250 778 1036 816; baseline 0.006 -12"><span class='ocrx_word' id='word_1_123' title='bbox 250 779 302 806; x_wconf 96' lang='lat' dir='ltr'><strong>lem</strong></span> <span class='ocrx_word' id='word_1_124' title='bbox 316 778 464 814; x_wconf 85' lang='lat' dir='ltr'><strong>(quomodo</strong></span> <span class='ocrx_word' id='word_1_125' title='bbox 485 780 557 807; x_wconf 84' lang='lat' dir='ltr'><strong>enim</strong></span> <span class='ocrx_word' id='word_1_126' title='bbox 581 788 615 808; x_wconf 77' lang='lat' dir='ltr'><strong>ex</strong></span> <span class='ocrx_word' id='word_1_127' title='bbox 638 781 746 809; x_wconf 78' lang='lat' dir='ltr'><strong>mortali</strong></span> <span class='ocrx_word' id='word_1_128' title='bbox 771 781 946 816; x_wconf 75' lang='lat' dir='ltr'><strong>generatione</strong></span> <span class='ocrx_word' id='word_1_129' title='bbox 961 789 1036 809; x_wconf 84' lang='lat' dir='ltr'><strong>mor-</strong></span> 
     </span>
    </p>
   </div>
   <div class='ocr_carea' id='block_1_20' title="bbox 249 825 1032 863">
    <p class='ocr_par' dir='ltr' id='par_1_20' title="bbox 249 825 1032 863">
     <span class='ocr_line' id='line_1_20' title="bbox 249 825 1032 863; baseline 0.005 -12"><span class='ocrx_word' id='word_1_130' title='bbox 249 825 304 852; x_wconf 85' lang='lat' dir='ltr'><strong>tale</strong></span> <span class='ocrx_word' id='word_1_131' title='bbox 329 825 486 853; x_wconf 85' lang='lat' dir='ltr'><strong>necessario</strong></span> <span class='ocrx_word' id='word_1_132' title='bbox 511 827 615 854; x_wconf 80' lang='lat' dir='ltr'><strong>exstitit</strong></span> <span class='ocrx_word' id='word_1_133' title='bbox 629 827 657 854; x_wconf 87' lang='lat' dir='ltr'><strong>id</strong></span> <span class='ocrx_word' id='word_1_134' title='bbox 679 827 752 862; x_wconf 90' lang='lat' dir='ltr'><strong>quod</strong></span> <span class='ocrx_word' id='word_1_135' title='bbox 776 827 827 855; x_wconf 81' lang='lat' dir='ltr'><strong>fuit</strong></span> <span class='ocrx_word' id='word_1_136' title='bbox 854 832 1032 863; x_wconf 82' lang='lat' dir='ltr'><strong>generatum:</strong></span> 
     </span>
    </p>
   </div>
   <div class='ocr_carea' id='block_1_21' title="bbox 1371 461 1576 489">
    <p class='ocr_par' dir='ltr' id='par_1_21' title="bbox 1371 461 1576 489">
     <span class='ocr_line' id='line_1_21' title="bbox 1371 461 1576 489; baseline 0 -2"><span class='ocrx_word' id='word_1_137' title='bbox 1371 461 1496 489; x_wconf 78' lang='grc' dir='ltr'><strong>ΚΕΦΔΔ.</strong></span> <span class='ocrx_word' id='word_1_138' title='bbox 1515 461 1576 488; x_wconf 83' lang='lat' dir='ltr'><strong>AI&quot;.</strong></span> 
     </span>
    </p>
   </div>
   <div class='ocr_carea' id='block_1_22' title="bbox 1128 507 1863 544">
    <p class='ocr_par' dir='ltr' id='par_1_22' title="bbox 1128 507 1863 544">
     <span class='ocr_line' id='line_1_22' title="bbox 1128 507 1863 544; baseline 0.003 -10"><span class='ocrx_word' id='word_1_139' title='bbox 1128 508 1251 536; x_wconf 77' lang='grc' dir='ltr'>Ἐπειδὰν</span> <span class='ocrx_word' id='word_1_140' title='bbox 1265 509 1318 544; x_wconf 78' lang='grc' dir='ltr'>γὰρ</span> <span class='ocrx_word' id='word_1_141' title='bbox 1343 509 1408 544; x_wconf 82' lang='grc' dir='ltr'>παρ’</span> <span class='ocrx_word' id='word_1_142' title='bbox 1426 508 1505 543; x_wconf 85' lang='grc' dir='ltr'>ήμῶν</span> <span class='ocrx_word' id='word_1_143' title='bbox 1518 508 1549 534; x_wconf 72' lang='grc' dir='ltr'>τὸ</span> <span class='ocrx_word' id='word_1_144' title='bbox 1574 507 1695 534; x_wconf 75' lang='grc' dir='ltr'>τοιοῦτον</span> <span class='ocrx_word' id='word_1_145' title='bbox 1709 507 1863 542; x_wconf 76' lang='grc' dir='ltr'>ἀκούσωσιν,</span> 
     </span>
    </p>
   </div>
   <div class='ocr_carea' id='block_1_23' title="bbox 1083 553 1864 590">
    <p class='ocr_par' dir='ltr' id='par_1_23' title="bbox 1083 553 1864 590">
     <span class='ocr_line' id='line_1_23' title="bbox 1083 553 1864 590; baseline 0.001 -9"><span class='ocrx_word' id='word_1_146' title='bbox 1083 554 1124 581; x_wconf 81' lang='grc' dir='ltr'><strong>ὅτι</strong></span> <span class='ocrx_word' id='word_1_147' title='bbox 1137 554 1183 580; x_wconf 76' lang='grc' dir='ltr'>τοῦ</span> <span class='ocrx_word' id='word_1_148' title='bbox 1206 553 1303 590; x_wconf 77' lang='grc' dir='ltr'><strong>θνητοῦ</strong></span> <span class='ocrx_word' id='word_1_149' title='bbox 1318 554 1387 589; x_wconf 79' lang='grc' dir='ltr'>πρὸς</span> <span class='ocrx_word' id='word_1_150' title='bbox 1399 553 1448 589; x_wconf 83' lang='grc' dir='ltr'>τὴν</span> <span class='ocrx_word' id='word_1_151' title='bbox 1473 553 1546 589; x_wconf 79' lang='grc' dir='ltr'><strong>ζωὴν</strong></span> <span class='ocrx_word' id='word_1_152' title='bbox 1568 553 1780 588; x_wconf 75' lang='grc' dir='ltr'>μεταϐαίνοντος</span> <span class='ocrx_word' id='word_1_153' title='bbox 1790 574 1798 587; x_wconf 84' lang='grc'><strong>,</strong></span> <span class='ocrx_word' id='word_1_154' title='bbox 1810 555 1864 582; x_wconf 72' lang='grc' dir='ltr'>ἀκύ-</span> 
     </span>
    </p>
   </div>
   <div class='ocr_carea' id='block_1_24' title="bbox 1083 597 1863 636">
    <p class='ocr_par' dir='ltr' id='par_1_24' title="bbox 1083 597 1863 636">
     <span class='ocr_line' id='line_1_24' title="bbox 1083 597 1863 636; baseline 0.001 -10"><span class='ocrx_word' id='word_1_155' title='bbox 1083 599 1175 626; x_wconf 85' lang='grc' dir='ltr'>λουθον</span> <span class='ocrx_word' id='word_1_156' title='bbox 1187 597 1221 635; x_wconf 86' lang='grc' dir='ltr'><strong>ἧν</strong></span> <span class='ocrx_word' id='word_1_157' title='bbox 1232 600 1281 635; x_wconf 78' lang='grc' dir='ltr'>τῆς</span> <span class='ocrx_word' id='word_1_158' title='bbox 1295 599 1405 636; x_wconf 81' lang='grc' dir='ltr'><strong>πρώτης</strong></span> <span class='ocrx_word' id='word_1_159' title='bbox 1415 599 1547 634; x_wconf 77' lang='grc' dir='ltr'>γενέσεως</span> <span class='ocrx_word' id='word_1_160' title='bbox 1566 600 1614 626; x_wconf 74' lang='grc' dir='ltr'>ἐπὶ</span> <span class='ocrx_word' id='word_1_161' title='bbox 1628 599 1675 627; x_wconf 82' lang='grc' dir='ltr'>τὸν</span> <span class='ocrx_word' id='word_1_162' title='bbox 1693 600 1790 636; x_wconf 75' lang='grc' dir='ltr'>θνητὸν</span> <span class='ocrx_word' id='word_1_163' title='bbox 1804 609 1863 636; x_wconf 73' lang='grc' dir='ltr'>παρυ</span> 
     </span>
    </p>
   </div>
   <div class='ocr_carea' id='block_1_25' title="bbox 1082 645 1862 682">
    <p class='ocr_par' dir='ltr' id='par_1_25' title="bbox 1082 645 1862 682">
     <span class='ocr_line' id='line_1_25' title="bbox 1082 645 1862 682; baseline 0.001 -10"><span class='ocrx_word' id='word_1_164' title='bbox 1082 645 1203 681; x_wconf 77' lang='grc' dir='ltr'>αγούσης</span> <span class='ocrx_word' id='word_1_165' title='bbox 1223 646 1298 681; x_wconf 85' lang='grc' dir='ltr'>βίον,</span> <span class='ocrx_word' id='word_1_166' title='bbox 1322 645 1418 681; x_wconf 75' lang='grc' dir='ltr'>ἑτέραν</span> <span class='ocrx_word' id='word_1_167' title='bbox 1438 645 1563 681; x_wconf 80' lang='grc' dir='ltr'>γέννησιν</span> <span class='ocrx_word' id='word_1_168' title='bbox 1584 645 1775 682; x_wconf 68' lang='grc' dir='ltr'>ἐξευρεθῆναι,</span> <span class='ocrx_word' id='word_1_169' title='bbox 1801 647 1862 682; x_wconf 74' lang='grc' dir='ltr'>μήτε</span> 
     </span>
    </p>
   </div>
   <div class='ocr_carea' id='block_1_26' title="bbox 1085 691 1862 728">
    <p class='ocr_par' dir='ltr' id='par_1_26' title="bbox 1085 691 1862 728">
     <span class='ocr_line' id='line_1_26' title="bbox 1085 691 1862 728; baseline -0.001 -9"><span class='ocrx_word' id='word_1_170' title='bbox 1085 692 1139 719; x_wconf 82' lang='grc' dir='ltr'><strong>ἀπὺ</strong></span> <span class='ocrx_word' id='word_1_171' title='bbox 1151 692 1252 727; x_wconf 76' lang='grc' dir='ltr'>φθορᾶς</span> <span class='ocrx_word' id='word_1_172' title='bbox 1265 692 1429 728; x_wconf 81' lang='grc' dir='ltr'>ἀρχομένην,</span> <span class='ocrx_word' id='word_1_173' title='bbox 1446 692 1514 728; x_wconf 78' lang='grc' dir='ltr'>μήτε</span> <span class='ocrx_word' id='word_1_174' title='bbox 1530 692 1570 723; x_wconf 75' lang='grc' dir='ltr'>εἰς</span> <span class='ocrx_word' id='word_1_175' title='bbox 1586 691 1689 727; x_wconf 81' lang='grc' dir='ltr'>φθορὰν</span> <span class='ocrx_word' id='word_1_176' title='bbox 1703 692 1862 727; x_wconf 67' lang='grc' dir='ltr'>καταλήγουε</span> 
     </span>
    </p>
   </div>
   <div class='ocr_carea' id='block_1_27' title="bbox 1086 737 1862 773">
    <p class='ocr_par' dir='ltr' id='par_1_27' title="bbox 1086 737 1862 773">
     <span class='ocr_line' id='line_1_27' title="bbox 1086 737 1862 773; baseline 0.001 -9"><span class='ocrx_word' id='word_1_177' title='bbox 1086 746 1135 764; x_wconf 85' lang='grc' dir='ltr'><strong>σαν</strong></span> <span class='ocrx_word' id='word_1_178' title='bbox 1148 745 1155 753; x_wconf 91' lang='grc'><strong>·</strong></span> <span class='ocrx_word' id='word_1_179' title='bbox 1171 737 1227 764; x_wconf 82' lang='grc' dir='ltr'>ἀλλ’</span> <span class='ocrx_word' id='word_1_180' title='bbox 1238 738 1278 769; x_wconf 73' lang='grc' dir='ltr'>εἰς</span> <span class='ocrx_word' id='word_1_181' title='bbox 1285 737 1417 765; x_wconf 80' lang='grc' dir='ltr'>ἀθάνατον</span> <span class='ocrx_word' id='word_1_182' title='bbox 1432 737 1504 773; x_wconf 80' lang='grc' dir='ltr'><strong>ζωὴν</strong></span> <span class='ocrx_word' id='word_1_183' title='bbox 1516 738 1562 764; x_wconf 82' lang='grc' dir='ltr'>τὸν</span> <span class='ocrx_word' id='word_1_184' title='bbox 1574 737 1771 773; x_wconf 83' lang='grc' dir='ltr'>γεγεννημένον</span> <span class='ocrx_word' id='word_1_185' title='bbox 1783 738 1862 773; x_wconf 83' lang='grc' dir='ltr'>παρά-</span> 
     </span>
    </p>
   </div>
   <div class='ocr_carea' id='block_1_28' title="bbox 1084 782 1862 819">
    <p class='ocr_par' dir='ltr' id='par_1_28' title="bbox 1084 782 1862 819">
     <span class='ocr_line' id='line_1_28' title="bbox 1084 782 1862 819; baseline 0 -9"><span class='ocrx_word' id='word_1_186' title='bbox 1084 792 1194 818; x_wconf 82' lang='grc' dir='ltr'>γουσαν.</span> <span class='ocrx_word' id='word_1_187' title='bbox 1210 784 1315 818; x_wconf 84' lang='grc' dir='ltr'>’Ὠσπερ</span> <span class='ocrx_word' id='word_1_188' title='bbox 1328 783 1382 819; x_wconf 81' lang='grc' dir='ltr'><strong>γὰρ</strong></span> <span class='ocrx_word' id='word_1_189' title='bbox 1396 784 1428 810; x_wconf 83' lang='grc' dir='ltr'>ὲκ</span> <span class='ocrx_word' id='word_1_190' title='bbox 1450 783 1550 819; x_wconf 81' lang='grc' dir='ltr'>θνητῆς</span> <span class='ocrx_word' id='word_1_191' title='bbox 1565 784 1717 818; x_wconf 78' lang='grc' dir='ltr'>γεννήσεως</span> <span class='ocrx_word' id='word_1_192' title='bbox 1730 782 1825 819; x_wconf 70' lang='grc' dir='ltr'>θνητὸν</span> <span class='ocrx_word' id='word_1_193' title='bbox 1837 783 1862 816; x_wconf 71' lang='grc' dir='ltr'><strong>ἐξ</strong></span> 
     </span>
    </p>
   </div>
   <div class='ocr_carea' id='block_1_29' title="bbox 1083 828 1862 864">
    <p class='ocr_par' dir='ltr' id='par_1_29' title="bbox 1083 828 1862 864">
     <span class='ocr_line' id='line_1_29' title="bbox 1083 828 1862 864; baseline -0.003 -8"><span class='ocrx_word' id='word_1_194' title='bbox 1083 829 1205 864; x_wconf 82' lang='grc' dir='ltr'>ἀνάγκης</span> <span class='ocrx_word' id='word_1_195' title='bbox 1230 828 1261 855; x_wconf 80' lang='grc' dir='ltr'><strong>τὸ</strong></span> <span class='ocrx_word' id='word_1_196' title='bbox 1281 828 1479 864; x_wconf 77' lang='grc' dir='ltr'>γεγεννημένον</span> <span class='ocrx_word' id='word_1_197' title='bbox 1503 828 1629 863; x_wconf 80' lang='grc' dir='ltr'>ὑπέστη·</span> <span class='ocrx_word' id='word_1_198' title='bbox 1648 828 1734 860; x_wconf 80' lang='grc' dir='ltr'>οὕτως</span> <span class='ocrx_word' id='word_1_199' title='bbox 1761 829 1792 855; x_wconf 73' lang='grc' dir='ltr'><strong>ὲκ</strong></span> <span class='ocrx_word' id='word_1_200' title='bbox 1819 828 1862 863; x_wconf 78' lang='grc' dir='ltr'>τῆς</span> 
     </span>
    </p>
   </div>
   <div class='ocr_carea' id='block_1_30' title="bbox 250 870 1034 910">
    <p class='ocr_par' dir='ltr' id='par_1_30' title="bbox 250 870 1034 908">
     <span class='ocr_line' id='line_1_30' title="bbox 250 870 1034 908; baseline 0.005 -11"><span class='ocrx_word' id='word_1_201' title='bbox 250 871 286 898; x_wconf 89' lang='lat' dir='ltr'><strong>ita</strong></span> <span class='ocrx_word' id='word_1_202' title='bbox 300 870 373 906; x_wconf 91' lang='lat' dir='ltr'><strong>quod</strong></span> <span class='ocrx_word' id='word_1_203' title='bbox 386 878 419 898; x_wconf 76' lang='lat' dir='ltr'><strong>ex</strong></span> <span class='ocrx_word' id='word_1_204' title='bbox 433 872 608 906; x_wconf 74' lang='lat' dir='ltr'><strong>generatione</strong></span> <span class='ocrx_word' id='word_1_205' title='bbox 621 871 648 899; x_wconf 91' lang='lat' dir='ltr'><strong>in</strong></span> <span class='ocrx_word' id='word_1_206' title='bbox 660 880 740 908; x_wconf 83' lang='lat' dir='ltr'><strong>quam</strong></span> <span class='ocrx_word' id='word_1_207' title='bbox 755 881 810 900; x_wconf 91' lang='lat' dir='ltr'><strong>non</strong></span> <span class='ocrx_word' id='word_1_208' title='bbox 823 873 897 900; x_wconf 85' lang='lat' dir='ltr'><strong>cadit</strong></span> <span class='ocrx_word' id='word_1_209' title='bbox 909 873 1034 901; x_wconf 86' lang='lat' dir='ltr'><strong>interitus</strong></span> 
     </span>
    </p>
   </div>
   <div class='ocr_carea' id='block_1_31' title="bbox 1086 870 1862 910">
    <p class='ocr_par' dir='ltr' id='par_1_31' title="bbox 1086 873 1862 910">
     <span class='ocr_line' id='line_1_31' title="bbox 1086 873 1862 910; baseline 0.003 -10"><span class='ocrx_word' id='word_1_210' title='bbox 1086 874 1125 910; x_wconf 77' lang='grc' dir='ltr'>μὴ</span> <span class='ocrx_word' id='word_1_211' title='bbox 1145 874 1368 910; x_wconf 80' lang='grc' dir='ltr'>παραδεχομένης</span> <span class='ocrx_word' id='word_1_212' title='bbox 1394 873 1495 909; x_wconf 80' lang='grc' dir='ltr'>φθορὰν</span> <span class='ocrx_word' id='word_1_213' title='bbox 1510 875 1662 909; x_wconf 79' lang='grc' dir='ltr'>γεννήσεως</span> <span class='ocrx_word' id='word_1_214' title='bbox 1674 874 1719 901; x_wconf 80' lang='grc' dir='ltr'>τὸν</span> <span class='ocrx_word' id='word_1_215' title='bbox 1733 874 1862 910; x_wconf 75' lang='grc' dir='ltr'>γεννώμε-</span> 
     </span>
    </p>
   </div>
   <div class='ocr_carea' id='block_1_32' title="bbox 249 917 1034 954">
    <p class='ocr_par' dir='ltr' id='par_1_32' title="bbox 249 917 1034 954">
     <span class='ocr_line' id='line_1_32' title="bbox 249 917 1034 954; baseline 0.003 -10"><span class='ocrx_word' id='word_1_216' title='bbox 249 922 404 952; x_wconf 75' lang='lat' dir='ltr'><strong>generatur,</strong></span> <span class='ocrx_word' id='word_1_217' title='bbox 423 917 521 946; x_wconf 83' lang='lat' dir='ltr'><strong>melius</strong></span> <span class='ocrx_word' id='word_1_218' title='bbox 537 917 618 945; x_wconf 77' lang='lat' dir='ltr'><strong>fuerit</strong></span> <span class='ocrx_word' id='word_1_219' title='bbox 644 925 676 945; x_wconf 86' lang='lat' dir='ltr'><strong>ac</strong></span> <span class='ocrx_word' id='word_1_220' title='bbox 699 918 885 954; x_wconf 65' lang='lat' dir='ltr'><strong>praestantius,</strong></span> <span class='ocrx_word' id='word_1_221' title='bbox 903 926 984 954; x_wconf 86' lang='lat' dir='ltr'><strong>quam</strong></span> <span class='ocrx_word' id='word_1_222' title='bbox 1004 923 1034 946; x_wconf 94' lang='lat' dir='ltr'><strong>ut</strong></span> 
     </span>
    </p>
   </div>
   <div class='ocr_carea' id='block_1_33' title="bbox 248 963 1033 999">
    <p class='ocr_par' dir='ltr' id='par_1_33' title="bbox 248 963 1033 999">
     <span class='ocr_line' id='line_1_33' title="bbox 248 963 1033 999; baseline 0.004 -10"><span class='ocrx_word' id='word_1_223' title='bbox 248 969 264 988; x_wconf 89' lang='lat' dir='ltr'><strong>a</strong></span> <span class='ocrx_word' id='word_1_224' title='bbox 284 967 371 990; x_wconf 89' lang='lat' dir='ltr'><strong>morte</strong></span> <span class='ocrx_word' id='word_1_225' title='bbox 395 963 515 998; x_wconf 84' lang='lat' dir='ltr'><strong>patiatur</strong></span> <span class='ocrx_word' id='word_1_226' title='bbox 538 963 701 999; x_wconf 82' lang='lat' dir='ltr'><strong>interitum),</strong></span> <span class='ocrx_word' id='word_1_227' title='bbox 730 968 886 999; x_wconf 87' lang='lat' dir='ltr'><strong>postquam,</strong></span> <span class='ocrx_word' id='word_1_228' title='bbox 911 965 1033 999; x_wconf 84' lang='lat' dir='ltr'><strong>inquam,</strong></span> 
     </span>
    </p>
   </div>
   <div class='ocr_carea' id='block_1_34' title="bbox 247 1009 1034 1045">
    <p class='ocr_par' dir='ltr' id='par_1_34' title="bbox 247 1009 1034 1045">
     <span class='ocr_line' id='line_1_34' title="bbox 247 1009 1034 1045; baseline 0.003 -10"><span class='ocrx_word' id='word_1_229' title='bbox 247 1009 306 1035; x_wconf 67' lang='lat' dir='ltr'><strong>haec</strong></span> <span class='ocrx_word' id='word_1_230' title='bbox 320 1009 486 1043; x_wconf 86' lang='lat' dir='ltr'><strong>audiverim,</strong></span> <span class='ocrx_word' id='word_1_231' title='bbox 501 1013 528 1037; x_wconf 88' lang='lat' dir='ltr'><strong>et</strong></span> <span class='ocrx_word' id='word_1_232' title='bbox 543 1017 604 1044; x_wconf 69' lang='lat' dir='ltr'><strong>qua:</strong></span> <span class='ocrx_word' id='word_1_233' title='bbox 622 1014 688 1037; x_wconf 88' lang='lat' dir='ltr'><strong>sunt</strong></span> <span class='ocrx_word' id='word_1_234' title='bbox 702 1009 870 1045; x_wconf 72' lang='lat' dir='ltr'><strong>huiusmodi,</strong></span> <span class='ocrx_word' id='word_1_235' title='bbox 885 1014 912 1038; x_wconf 91' lang='lat' dir='ltr'><strong>et</strong></span> <span class='ocrx_word' id='word_1_236' title='bbox 923 1010 1034 1038; x_wconf 88' lang='lat' dir='ltr'><strong>modum</strong></span> 
     </span>
    </p>
   </div>
   <div class='ocr_carea' id='block_1_35' title="bbox 247 1054 1036 1091">
    <p class='ocr_par' dir='ltr' id='par_1_35' title="bbox 247 1054 1036 1091">
     <span class='ocr_line' id='line_1_35' title="bbox 247 1054 1036 1091; baseline 0.004 -10"><span class='ocrx_word' id='word_1_237' title='bbox 247 1054 324 1089; x_wconf 87' lang='lat' dir='ltr'><strong>prius</strong></span> <span class='ocrx_word' id='word_1_238' title='bbox 344 1054 502 1088; x_wconf 84' lang='lat' dir='ltr'><strong>didicerint,</strong></span> <span class='ocrx_word' id='word_1_239' title='bbox 525 1063 621 1091; x_wconf 85' lang='lat' dir='ltr'><strong>nempe</strong></span> <span class='ocrx_word' id='word_1_240' title='bbox 641 1055 713 1091; x_wconf 92' lang='lat' dir='ltr'><strong>quod</strong></span> <span class='ocrx_word' id='word_1_241' title='bbox 732 1056 767 1083; x_wconf 88' lang='lat' dir='ltr'><strong>ad</strong></span> <span class='ocrx_word' id='word_1_242' title='bbox 789 1055 873 1084; x_wconf 92' lang='lat' dir='ltr'><strong>Deum</strong></span> <span class='ocrx_word' id='word_1_243' title='bbox 889 1063 994 1091; x_wconf 84' lang='lat' dir='ltr'><strong>preces,</strong></span> <span class='ocrx_word' id='word_1_244' title='bbox 1008 1060 1036 1084; x_wconf 84' lang='lat' dir='ltr'><strong>et</strong></span> 
     </span>
    </p>
   </div>
   <div class='ocr_carea' id='block_1_36' title="bbox 247 1101 1035 1137">
    <p class='ocr_par' dir='ltr' id='par_1_36' title="bbox 247 1101 1035 1137">
     <span class='ocr_line' id='line_1_36' title="bbox 247 1101 1035 1137; baseline 0.004 -10"><span class='ocrx_word' id='word_1_245' title='bbox 247 1101 343 1136; x_wconf 68' lang='lat' dir='ltr'><strong>gratiae</strong></span> <span class='ocrx_word' id='word_1_246' title='bbox 363 1101 484 1129; x_wconf 81' lang='lat' dir='ltr'><strong>caelestis</strong></span> <span class='ocrx_word' id='word_1_247' title='bbox 509 1101 657 1133; x_wconf 85' lang='lat' dir='ltr'><strong>invocatio,</strong></span> <span class='ocrx_word' id='word_1_248' title='bbox 671 1106 698 1129; x_wconf 89' lang='lat' dir='ltr'><strong>et</strong></span> <span class='ocrx_word' id='word_1_249' title='bbox 722 1109 803 1137; x_wconf 91' lang='lat' dir='ltr'><strong>aqua,</strong></span> <span class='ocrx_word' id='word_1_250' title='bbox 827 1106 854 1130; x_wconf 92' lang='lat' dir='ltr'><strong>et</strong></span> <span class='ocrx_word' id='word_1_251' title='bbox 877 1102 955 1134; x_wconf 82' lang='lat' dir='ltr'><strong>ﬁdes,</strong></span> <span class='ocrx_word' id='word_1_252' title='bbox 970 1106 1035 1130; x_wconf 87' lang='lat' dir='ltr'><strong>sunt</strong></span> 
     </span>
    </p>
   </div>
   <div class='ocr_carea' id='block_1_37' title="bbox 247 1145 1034 1182">
    <p class='ocr_par' dir='ltr' id='par_1_37' title="bbox 247 1145 1034 1182">
     <span class='ocr_line' id='line_1_37' title="bbox 247 1145 1034 1182; baseline 0.008 -12"><span class='ocrx_word' id='word_1_253' title='bbox 247 1153 279 1170; x_wconf 75' lang='lat' dir='ltr'><strong>ea</strong></span> <span class='ocrx_word' id='word_1_254' title='bbox 298 1152 346 1180; x_wconf 87' lang='lat' dir='ltr'><strong>per</strong></span> <span class='ocrx_word' id='word_1_255' title='bbox 361 1153 423 1180; x_wconf 68' lang='lat' dir='ltr'><strong>qua:</strong></span> <span class='ocrx_word' id='word_1_256' title='bbox 437 1145 566 1181; x_wconf 91' lang='lat' dir='ltr'><strong>impletur</strong></span> <span class='ocrx_word' id='word_1_257' title='bbox 582 1146 744 1181; x_wconf 86' lang='lat' dir='ltr'><strong>mysterium</strong></span> <span class='ocrx_word' id='word_1_258' title='bbox 761 1148 987 1182; x_wconf 85' lang='lat' dir='ltr'><strong>regenerationis,</strong></span> <span class='ocrx_word' id='word_1_259' title='bbox 1002 1156 1034 1176; x_wconf 84' lang='lat' dir='ltr'><strong>ea</strong></span> 
     </span>
    </p>
   </div>
   <div class='ocr_carea' id='block_1_38' title="bbox 247 1190 1035 1229">
    <p class='ocr_par' dir='ltr' id='par_1_38' title="bbox 247 1190 1035 1229">
     <span class='ocr_line' id='line_1_38' title="bbox 247 1190 1035 1229; baseline 0.005 -12"><span class='ocrx_word' id='word_1_260' title='bbox 247 1190 392 1218; x_wconf 83' lang='lat' dir='ltr'><strong>diﬂiciliter</strong></span> <span class='ocrx_word' id='word_1_261' title='bbox 411 1191 451 1218; x_wconf 81' lang='lat' dir='ltr'><strong>eis</strong></span> <span class='ocrx_word' id='word_1_262' title='bbox 477 1191 687 1226; x_wconf 80' lang='lat' dir='ltr'><strong>persuadentur,</strong></span> <span class='ocrx_word' id='word_1_263' title='bbox 713 1198 742 1220; x_wconf 91' lang='lat' dir='ltr'><strong>ut</strong></span> <span class='ocrx_word' id='word_1_264' title='bbox 765 1194 812 1228; x_wconf 84' lang='lat' dir='ltr'><strong>qui</strong></span> <span class='ocrx_word' id='word_1_265' title='bbox 837 1194 870 1220; x_wconf 87' lang='lat' dir='ltr'><strong>ad</strong></span> <span class='ocrx_word' id='word_1_266' title='bbox 897 1193 970 1229; x_wconf 88' lang='lat' dir='ltr'><strong>quod</strong></span> <span class='ocrx_word' id='word_1_267' title='bbox 987 1201 1035 1229; x_wconf 90' lang='lat' dir='ltr'><strong>ap-</strong></span> 
     </span>
    </p>
   </div>
   <div class='ocr_carea' id='block_1_39' title="bbox 248 1236 1035 1275">
    <p class='ocr_par' dir='ltr' id='par_1_39' title="bbox 248 1236 1035 1275">
     <span class='ocr_line' id='line_1_39' title="bbox 248 1236 1035 1275; baseline 0.006 -13"><span class='ocrx_word' id='word_1_268' title='bbox 248 1240 326 1271; x_wconf 87' lang='lat' dir='ltr'><strong>paret</strong></span> <span class='ocrx_word' id='word_1_269' title='bbox 348 1236 493 1272; x_wconf 79' lang='lat' dir='ltr'><strong>aspiciant,</strong></span> <span class='ocrx_word' id='word_1_270' title='bbox 514 1241 609 1272; x_wconf 86' lang='lat' dir='ltr'><strong>utpote</strong></span> <span class='ocrx_word' id='word_1_271' title='bbox 636 1238 708 1273; x_wconf 87' lang='lat' dir='ltr'><strong>quod</strong></span> <span class='ocrx_word' id='word_1_272' title='bbox 732 1238 759 1265; x_wconf 93' lang='lat' dir='ltr'><strong>id</strong></span> <span class='ocrx_word' id='word_1_273' title='bbox 782 1239 855 1274; x_wconf 92' lang='lat' dir='ltr'><strong>quod</strong></span> <span class='ocrx_word' id='word_1_274' title='bbox 881 1240 910 1266; x_wconf 85' lang='lat' dir='ltr'><strong>lit</strong></span> <span class='ocrx_word' id='word_1_275' title='bbox 935 1247 1035 1275; x_wconf 85' lang='lat' dir='ltr'><strong>corpo-</strong></span> 
     </span>
    </p>
   </div>
   <div class='ocr_carea' id='block_1_40' title="bbox 248 1282 1033 1319">
    <p class='ocr_par' dir='ltr' id='par_1_40' title="bbox 248 1282 1033 1319">
     <span class='ocr_line' id='line_1_40' title="bbox 248 1282 1033 1319; baseline 0.005 -11"><span class='ocrx_word' id='word_1_276' title='bbox 248 1282 354 1314; x_wconf 87' lang='lat' dir='ltr'><strong>raliter,</strong></span> <span class='ocrx_word' id='word_1_277' title='bbox 376 1289 431 1310; x_wconf 88' lang='lat' dir='ltr'><strong>non</strong></span> <span class='ocrx_word' id='word_1_278' title='bbox 458 1282 565 1310; x_wconf 88' lang='lat' dir='ltr'><strong>accidat</strong></span> <span class='ocrx_word' id='word_1_279' title='bbox 592 1284 778 1318; x_wconf 87' lang='lat' dir='ltr'><strong>promissioni.</strong></span> <span class='ocrx_word' id='word_1_280' title='bbox 795 1284 935 1318; x_wconf 82' lang='lat' dir='ltr'><strong>Quomodo</strong></span> <span class='ocrx_word' id='word_1_281' title='bbox 950 1285 1033 1319; x_wconf 91' lang='lat' dir='ltr'><strong>enim,</strong></span> 
     </span>
    </p>
   </div>
   <div class='ocr_carea' id='block_1_41' title="bbox 247 1328 1036 1366">
    <p class='ocr_par' dir='ltr' id='par_1_41' title="bbox 247 1328 1036 1366">
     <span class='ocr_line' id='line_1_41' title="bbox 247 1328 1036 1366; baseline 0.005 -11"><span class='ocrx_word' id='word_1_282' title='bbox 247 1328 386 1363; x_wconf 84' lang='lat' dir='ltr'><strong>inquiunt,</strong></span> <span class='ocrx_word' id='word_1_283' title='bbox 404 1336 510 1364; x_wconf 83' lang='lat' dir='ltr'><strong>preces,</strong></span> <span class='ocrx_word' id='word_1_284' title='bbox 527 1333 554 1356; x_wconf 90' lang='lat' dir='ltr'><strong>et</strong></span> <span class='ocrx_word' id='word_1_285' title='bbox 569 1329 669 1357; x_wconf 69' lang='lat' dir='ltr'><strong>divina:</strong></span> <span class='ocrx_word' id='word_1_286' title='bbox 684 1330 792 1358; x_wconf 89' lang='lat' dir='ltr'><strong>virtutis</strong></span> <span class='ocrx_word' id='word_1_287' title='bbox 811 1331 957 1364; x_wconf 85' lang='lat' dir='ltr'><strong>invocatio,</strong></span> <span class='ocrx_word' id='word_1_288' title='bbox 974 1339 1036 1366; x_wconf 72' lang='lat' dir='ltr'><strong>qua:</strong></span> 
     </span>
    </p>
   </div>
   <div class='ocr_carea' id='block_1_42' title="bbox 249 1375 1035 1412">
    <p class='ocr_par' dir='ltr' id='par_1_42' title="bbox 249 1375 1035 1412">
     <span class='ocr_line' id='line_1_42' title="bbox 249 1375 1035 1412; baseline 0.006 -12"><span class='ocrx_word' id='word_1_289' title='bbox 249 1375 276 1401; x_wconf 88' lang='lat' dir='ltr'><strong>lit</strong></span> <span class='ocrx_word' id='word_1_290' title='bbox 301 1382 384 1408; x_wconf 84' lang='lat' dir='ltr'><strong>super</strong></span> <span class='ocrx_word' id='word_1_291' title='bbox 404 1382 516 1409; x_wconf 88' lang='lat' dir='ltr'><strong>aquam,</strong></span> <span class='ocrx_word' id='word_1_292' title='bbox 544 1376 572 1402; x_wconf 88' lang='lat' dir='ltr'><strong>lit</strong></span> <span class='ocrx_word' id='word_1_293' title='bbox 597 1375 653 1403; x_wconf 81' lang='lat' dir='ltr'><strong>dux</strong></span> <span class='ocrx_word' id='word_1_294' title='bbox 681 1381 707 1404; x_wconf 89' lang='lat' dir='ltr'><strong>et</strong></span> <span class='ocrx_word' id='word_1_295' title='bbox 731 1376 894 1412; x_wconf 88' lang='lat' dir='ltr'><strong>principium</strong></span> <span class='ocrx_word' id='word_1_296' title='bbox 921 1378 981 1404; x_wconf 70' lang='lat' dir='ltr'><strong>vitae</strong></span> <span class='ocrx_word' id='word_1_297' title='bbox 1000 1378 1035 1406; x_wconf 90' lang='lat' dir='ltr'><strong>iis</strong></span> 
     </span>
    </p>
   </div>
   <div class='ocr_carea' id='block_1_43' title="bbox 247 1420 1035 1458">
    <p class='ocr_par' dir='ltr' id='par_1_43' title="bbox 247 1420 1035 1458">
     <span class='ocr_line' id='line_1_43' title="bbox 247 1420 1035 1458; baseline 0.005 -12"><span class='ocrx_word' id='word_1_298' title='bbox 247 1420 294 1455; x_wconf 86' lang='lat' dir='ltr'><strong>qui</strong></span> <span class='ocrx_word' id='word_1_299' title='bbox 318 1420 481 1448; x_wconf 82' lang='lat' dir='ltr'><strong>initiantur?</strong></span> <span class='ocrx_word' id='word_1_300' title='bbox 502 1421 543 1449; x_wconf 86' lang='lat' dir='ltr'><strong>Ad</strong></span> <span class='ocrx_word' id='word_1_301' title='bbox 569 1429 649 1458; x_wconf 81' lang='lat' dir='ltr'><strong>quos,</strong></span> <span class='ocrx_word' id='word_1_302' title='bbox 681 1422 704 1449; x_wconf 94' lang='lat' dir='ltr'><strong>si</strong></span> <span class='ocrx_word' id='word_1_303' title='bbox 728 1430 783 1449; x_wconf 87' lang='lat' dir='ltr'><strong>non</strong></span> <span class='ocrx_word' id='word_1_304' title='bbox 802 1422 857 1450; x_wconf 90' lang='lat' dir='ltr'><strong>sint</strong></span> <span class='ocrx_word' id='word_1_305' title='bbox 877 1423 958 1451; x_wconf 87' lang='lat' dir='ltr'><strong>nimis</strong></span> <span class='ocrx_word' id='word_1_306' title='bbox 973 1423 1035 1451; x_wconf 89' lang='lat' dir='ltr'><strong>duri</strong></span> 
     </span>
    </p>
   </div>
   <div class='ocr_carea' id='block_1_44' title="bbox 247 1466 1034 1501">
    <p class='ocr_par' dir='ltr' id='par_1_44' title="bbox 247 1466 1034 1501">
     <span class='ocr_line' id='line_1_44' title="bbox 247 1466 1034 1501; baseline 0.005 -9"><span class='ocrx_word' id='word_1_307' title='bbox 247 1470 274 1492; x_wconf 81' lang='lat' dir='ltr'><strong>et</strong></span> <span class='ocrx_word' id='word_1_308' title='bbox 290 1466 457 1500; x_wconf 86' lang='lat' dir='ltr'><strong>pervicaccs,</strong></span> <span class='ocrx_word' id='word_1_309' title='bbox 475 1466 592 1501; x_wconf 80' lang='lat' dir='ltr'><strong>simplex</strong></span> <span class='ocrx_word' id='word_1_310' title='bbox 606 1466 743 1494; x_wconf 78' lang='lat' dir='ltr'><strong>suii&#39;eeerit</strong></span> <span class='ocrx_word' id='word_1_311' title='bbox 757 1467 847 1494; x_wconf 82' lang='lat' dir='ltr'><strong>oratio</strong></span> <span class='ocrx_word' id='word_1_312' title='bbox 860 1467 894 1494; x_wconf 84' lang='lat' dir='ltr'><strong>ad</strong></span> <span class='ocrx_word' id='word_1_313' title='bbox 913 1467 1034 1496; x_wconf 76' lang='lat' dir='ltr'><strong>efﬁcien-</strong></span> 
     </span>
    </p>
   </div>
   <div class='ocr_carea' id='block_1_45' title="bbox 248 1511 1034 1547">
    <p class='ocr_par' dir='ltr' id='par_1_45' title="bbox 248 1511 1034 1547">
     <span class='ocr_line' id='line_1_45' title="bbox 248 1511 1034 1547; baseline 0.006 -10"><span class='ocrx_word' id='word_1_314' title='bbox 248 1511 313 1538; x_wconf 91' lang='lat' dir='ltr'><strong>dum</strong></span> <span class='ocrx_word' id='word_1_315' title='bbox 330 1516 359 1538; x_wconf 92' lang='lat' dir='ltr'><strong>ut</strong></span> <span class='ocrx_word' id='word_1_316' title='bbox 382 1511 569 1539; x_wconf 84' lang='lat' dir='ltr'><strong>assentiamur</strong></span> <span class='ocrx_word' id='word_1_317' title='bbox 596 1511 724 1547; x_wconf 79' lang='lat' dir='ltr'><strong>dogmati.</strong></span> <span class='ocrx_word' id='word_1_318' title='bbox 749 1512 816 1539; x_wconf 87' lang='lat' dir='ltr'><strong>Nam</strong></span> <span class='ocrx_word' id='word_1_319' title='bbox 842 1513 965 1541; x_wconf 86' lang='lat' dir='ltr'><strong>vicissim</strong></span> <span class='ocrx_word' id='word_1_320' title='bbox 987 1521 1034 1542; x_wconf 82' lang='lat' dir='ltr'><strong>eos</strong></span> 
     </span>
    </p>
   </div>
   <div class='ocr_carea' id='block_1_46' title="bbox 251 1557 1035 1593">
    <p class='ocr_par' dir='ltr' id='par_1_46' title="bbox 251 1557 1035 1593">
     <span class='ocr_line' id='line_1_46' title="bbox 251 1557 1035 1593; baseline 0.004 -10"><span class='ocrx_word' id='word_1_321' title='bbox 251 1557 462 1592; x_wconf 80' lang='lat' dir='ltr'><strong>interrogemus,</strong></span> <span class='ocrx_word' id='word_1_322' title='bbox 487 1564 549 1584; x_wconf 94' lang='lat' dir='ltr'><strong>cum</strong></span> <span class='ocrx_word' id='word_1_323' title='bbox 579 1557 676 1585; x_wconf 91' lang='lat' dir='ltr'><strong>modus</strong></span> <span class='ocrx_word' id='word_1_324' title='bbox 694 1557 753 1592; x_wconf 87' lang='lat' dir='ltr'><strong>ejus</strong></span> <span class='ocrx_word' id='word_1_325' title='bbox 769 1566 830 1593; x_wconf 66' lang='lat' dir='ltr'><strong>quae</strong></span> <span class='ocrx_word' id='word_1_326' title='bbox 849 1566 882 1586; x_wconf 81' lang='lat' dir='ltr'><strong>ex</strong></span> <span class='ocrx_word' id='word_1_327' title='bbox 904 1566 986 1586; x_wconf 83' lang='lat' dir='ltr'><strong>carne</strong></span> <span class='ocrx_word' id='word_1_328' title='bbox 1006 1559 1035 1586; x_wconf 83' lang='lat' dir='ltr'><strong>iit</strong></span> 
     </span>
    </p>
   </div>
   <div class='ocr_carea' id='block_1_47' title="bbox 248 1602 1035 1639">
    <p class='ocr_par' dir='ltr' id='par_1_47' title="bbox 248 1602 1035 1639">
     <span class='ocr_line' id='line_1_47' title="bbox 248 1602 1035 1639; baseline 0.005 -11"><span class='ocrx_word' id='word_1_329' title='bbox 248 1602 431 1635; x_wconf 76' lang='lat' dir='ltr'><strong>generationis</strong></span> <span class='ocrx_word' id='word_1_330' title='bbox 440 1602 476 1630; x_wconf 85' lang='lat' dir='ltr'><strong>sit</strong></span> <span class='ocrx_word' id='word_1_331' title='bbox 486 1603 613 1631; x_wconf 84' lang='lat' dir='ltr'><strong>omnibus</strong></span> <span class='ocrx_word' id='word_1_332' title='bbox 625 1603 795 1637; x_wconf 79' lang='lat' dir='ltr'><strong>manifestus,</strong></span> <span class='ocrx_word' id='word_1_333' title='bbox 808 1604 1035 1639; x_wconf 84' lang='lat' dir='ltr'><strong>quemadmodqu</strong></span> 
     </span>
    </p>
   </div>
   <div class='ocr_carea' id='block_1_48' title="bbox 249 1647 1036 1684">
    <p class='ocr_par' dir='ltr' id='par_1_48' title="bbox 249 1647 1036 1684">
     <span class='ocr_line' id='line_1_48' title="bbox 249 1647 1036 1684; baseline 0.004 -10"><span class='ocrx_word' id='word_1_334' title='bbox 249 1648 280 1674; x_wconf 84' lang='lat' dir='ltr'><strong>tit</strong></span> <span class='ocrx_word' id='word_1_335' title='bbox 304 1647 386 1675; x_wconf 87' lang='lat' dir='ltr'><strong>homo</strong></span> <span class='ocrx_word' id='word_1_336' title='bbox 411 1648 438 1675; x_wconf 89' lang='lat' dir='ltr'><strong>id</strong></span> <span class='ocrx_word' id='word_1_337' title='bbox 469 1649 542 1683; x_wconf 90' lang='lat' dir='ltr'><strong>quod</strong></span> <span class='ocrx_word' id='word_1_338' title='bbox 567 1649 705 1684; x_wconf 89' lang='lat' dir='ltr'><strong>dejicitur,</strong></span> <span class='ocrx_word' id='word_1_339' title='bbox 727 1653 756 1677; x_wconf 89' lang='lat' dir='ltr'><strong>ut</strong></span> <span class='ocrx_word' id='word_1_340' title='bbox 783 1658 817 1678; x_wconf 79' lang='lat' dir='ltr'><strong>ex</strong></span> <span class='ocrx_word' id='word_1_341' title='bbox 844 1658 878 1677; x_wconf 87' lang='lat' dir='ltr'><strong>eo</strong></span> <span class='ocrx_word' id='word_1_342' title='bbox 902 1651 1036 1678; x_wconf 88' lang='lat' dir='ltr'><strong>consistat</strong></span> 
     </span>
    </p>
   </div>
   <div class='ocr_carea' id='block_1_49' title="bbox 248 1693 1035 1734">
    <p class='ocr_par' dir='ltr' id='par_1_49' title="bbox 248 1693 1035 1734">
     <span class='ocr_line' id='line_1_49' title="bbox 248 1693 1035 1734; baseline 0.005 -15"><span class='ocrx_word' id='word_1_343' title='bbox 248 1693 350 1734; x_wconf 72' lang='lat' dir='ltr'><strong>animal</strong></span> <span class='ocrx_word' id='word_1_344' title='bbox 365 1693 376 1720; x_wconf 73' lang='grc'><strong><em>2</em></strong></span> <span class='ocrx_word' id='word_1_345' title='bbox 389 1694 472 1729; x_wconf 88' lang='lat' dir='ltr'><strong>Atqui</strong></span> <span class='ocrx_word' id='word_1_346' title='bbox 490 1694 518 1721; x_wconf 87' lang='lat' dir='ltr'><strong>in</strong></span> <span class='ocrx_word' id='word_1_347' title='bbox 533 1701 566 1722; x_wconf 89' lang='lat' dir='ltr'><strong>eo</strong></span> <span class='ocrx_word' id='word_1_348' title='bbox 579 1695 647 1722; x_wconf 86' lang='lat' dir='ltr'><strong>nihil</strong></span> <span class='ocrx_word' id='word_1_349' title='bbox 667 1695 721 1722; x_wconf 87' lang='lat' dir='ltr'><strong>dici</strong></span> <span class='ocrx_word' id='word_1_350' title='bbox 739 1700 838 1730; x_wconf 87' lang='lat' dir='ltr'><strong>potest,</strong></span> <span class='ocrx_word' id='word_1_351' title='bbox 852 1695 924 1730; x_wconf 86' lang='lat' dir='ltr'><strong>quod</strong></span> <span class='ocrx_word' id='word_1_352' title='bbox 944 1697 1035 1731; x_wconf 86' lang='lat' dir='ltr'><strong>aliqua</strong></span> 
     </span>
    </p>
   </div>
   <div class='ocr_carea' id='block_1_50' title="bbox 250 1739 1034 1776">
    <p class='ocr_par' dir='ltr' id='par_1_50' title="bbox 250 1739 1034 1776">
     <span class='ocr_line' id='line_1_50' title="bbox 250 1739 1034 1776; baseline 0.005 -11"><span class='ocrx_word' id='word_1_353' title='bbox 250 1739 357 1767; x_wconf 83' lang='lat' dir='ltr'><strong>ratione</strong></span> <span class='ocrx_word' id='word_1_354' title='bbox 379 1740 462 1767; x_wconf 83' lang='lat' dir='ltr'><strong>ullam</strong></span> <span class='ocrx_word' id='word_1_355' title='bbox 483 1740 604 1769; x_wconf 80' lang='lat' dir='ltr'><strong>inveniat</strong></span> <span class='ocrx_word' id='word_1_356' title='bbox 621 1741 851 1776; x_wconf 73' lang='lat' dir='ltr'><strong>probabilitatem.</strong></span> <span class='ocrx_word' id='word_1_357' title='bbox 878 1742 947 1775; x_wconf 86' lang='lat' dir='ltr'><strong>Quid</strong></span> <span class='ocrx_word' id='word_1_358' title='bbox 963 1744 1034 1769; x_wconf 89' lang='lat' dir='ltr'><strong>enim</strong></span> 
     </span>
    </p>
   </div>
   <div class='ocr_carea' id='block_1_51' title="bbox 249 1786 1036 1823">
    <p class='ocr_par' dir='ltr' id='par_1_51' title="bbox 249 1786 1036 1823">
     <span class='ocr_line' id='line_1_51' title="bbox 249 1786 1036 1823; baseline 0.005 -12"><span class='ocrx_word' id='word_1_359' title='bbox 249 1792 394 1813; x_wconf 82' lang='lat' dir='ltr'><strong>commune</strong></span> <span class='ocrx_word' id='word_1_360' title='bbox 411 1786 492 1814; x_wconf 82' lang='lat' dir='ltr'><strong>habet</strong></span> <span class='ocrx_word' id='word_1_361' title='bbox 510 1794 603 1815; x_wconf 87' lang='lat' dir='ltr'><strong>setneu</strong></span> <span class='ocrx_word' id='word_1_362' title='bbox 620 1787 739 1815; x_wconf 82' lang='lat' dir='ltr'><strong>hominis</strong></span> <span class='ocrx_word' id='word_1_363' title='bbox 765 1795 828 1815; x_wconf 90' lang='lat' dir='ltr'><strong>cum</strong></span> <span class='ocrx_word' id='word_1_364' title='bbox 856 1796 887 1815; x_wconf 87' lang='lat' dir='ltr'><strong>ea</strong></span> <span class='ocrx_word' id='word_1_365' title='bbox 903 1788 1036 1823; x_wconf 82' lang='lat' dir='ltr'><strong>qualitate</strong></span> 
     </span>
    </p>
   </div>
   <div class='ocr_carea' id='block_1_52' title="bbox 249 1831 1035 1867">
    <p class='ocr_par' dir='ltr' id='par_1_52' title="bbox 249 1831 1035 1867">
     <span class='ocr_line' id='line_1_52' title="bbox 249 1831 1035 1867; baseline 0.004 -11"><span class='ocrx_word' id='word_1_366' title='bbox 249 1839 310 1865; x_wconf 80' lang='lat' dir='ltr'><strong>qmo</strong></span> <span class='ocrx_word' id='word_1_367' title='bbox 339 1831 365 1858; x_wconf 90' lang='lat' dir='ltr'><strong>in</strong></span> <span class='ocrx_word' id='word_1_368' title='bbox 397 1831 442 1858; x_wconf 90' lang='lat' dir='ltr'><strong>illo</strong></span> <span class='ocrx_word' id='word_1_369' title='bbox 466 1832 676 1859; x_wconf 81' lang='lat' dir='ltr'><strong>consideratur?</strong></span> <span class='ocrx_word' id='word_1_370' title='bbox 696 1831 783 1859; x_wconf 85' lang='lat' dir='ltr'><strong>ilomo</strong></span> <span class='ocrx_word' id='word_1_371' title='bbox 803 1833 972 1867; x_wconf 86' lang='lat' dir='ltr'><strong>compositus</strong></span> <span class='ocrx_word' id='word_1_372' title='bbox 993 1837 1035 1861; x_wconf 85' lang='lat' dir='ltr'><strong>est</strong></span> 
     </span>
    </p>
   </div>
   <div class='ocr_carea' id='block_1_53' title="bbox 248 1876 1033 1913">
    <p class='ocr_par' dir='ltr' id='par_1_53' title="bbox 248 1876 1033 1913">
     <span class='ocr_line' id='line_1_53' title="bbox 248 1876 1033 1913; baseline 0.004 -11"><span class='ocrx_word' id='word_1_373' title='bbox 248 1884 294 1902; x_wconf 81' lang='lat' dir='ltr'><strong>res</strong></span> <span class='ocrx_word' id='word_1_374' title='bbox 324 1876 449 1911; x_wconf 70' lang='lat' dir='ltr'><strong>quredam</strong></span> <span class='ocrx_word' id='word_1_375' title='bbox 473 1876 611 1912; x_wconf 83' lang='lat' dir='ltr'><strong>particeps</strong></span> <span class='ocrx_word' id='word_1_376' title='bbox 639 1877 753 1905; x_wconf 81' lang='lat' dir='ltr'><strong>rationis</strong></span> <span class='ocrx_word' id='word_1_377' title='bbox 784 1882 809 1905; x_wconf 90' lang='lat' dir='ltr'><strong>et</strong></span> <span class='ocrx_word' id='word_1_378' title='bbox 840 1878 1033 1913; x_wconf 62' lang='lat' dir='ltr'><strong>intelligentiae.</strong></span> 
     </span>
    </p>
   </div>
   <div class='ocr_carea' id='block_1_54' title="bbox 249 1922 1036 1959">
    <p class='ocr_par' dir='ltr' id='par_1_54' title="bbox 249 1922 1036 1959">
     <span class='ocr_line' id='line_1_54' title="bbox 249 1922 1036 1959; baseline 0.003 -10"><span class='ocrx_word' id='word_1_379' title='bbox 249 1922 318 1951; x_wconf 87' lang='lat' dir='ltr'><strong>Illud</strong></span> <span class='ocrx_word' id='word_1_380' title='bbox 346 1930 435 1950; x_wconf 86' lang='lat' dir='ltr'><strong>autem</strong></span> <span class='ocrx_word' id='word_1_381' title='bbox 458 1923 647 1951; x_wconf 86' lang='lat' dir='ltr'><strong>consideratur</strong></span> <span class='ocrx_word' id='word_1_382' title='bbox 662 1923 688 1951; x_wconf 93' lang='lat' dir='ltr'><strong>in</strong></span> <span class='ocrx_word' id='word_1_383' title='bbox 707 1924 824 1959; x_wconf 86' lang='lat' dir='ltr'><strong>quadam</strong></span> <span class='ocrx_word' id='word_1_384' title='bbox 844 1924 954 1952; x_wconf 88' lang='lat' dir='ltr'><strong>humida</strong></span> <span class='ocrx_word' id='word_1_385' title='bbox 968 1932 1036 1959; x_wconf 87' lang='lat' dir='ltr'><strong>qua—</strong></span> 
     </span>
    </p>
   </div>
   <div class='ocr_carea' id='block_1_55' title="bbox 248 1968 1037 2005">
    <p class='ocr_par' dir='ltr' id='par_1_55' title="bbox 248 1968 1037 2005">
     <span class='ocr_line' id='line_1_55' title="bbox 248 1968 1037 2005; baseline 0.004 -10"><span class='ocrx_word' id='word_1_386' title='bbox 248 1969 341 2001; x_wconf 87' lang='lat' dir='ltr'><strong>litate,</strong></span> <span class='ocrx_word' id='word_1_387' title='bbox 368 1973 396 1996; x_wconf 90' lang='lat' dir='ltr'><strong>et</strong></span> <span class='ocrx_word' id='word_1_388' title='bbox 410 1968 478 1996; x_wconf 80' lang='lat' dir='ltr'><strong>nihil</strong></span> <span class='ocrx_word' id='word_1_389' title='bbox 496 1969 613 2005; x_wconf 85' lang='lat' dir='ltr'><strong>amplius</strong></span> <span class='ocrx_word' id='word_1_390' title='bbox 625 1970 834 2005; x_wconf 86' lang='lat' dir='ltr'><strong>comprehendit</strong></span> <span class='ocrx_word' id='word_1_391' title='bbox 851 1970 951 1998; x_wconf 89' lang='lat' dir='ltr'><strong>mentis</strong></span> <span class='ocrx_word' id='word_1_392' title='bbox 967 1977 1037 1998; x_wconf 88' lang='lat' dir='ltr'><strong>con—</strong></span> 
     </span>
    </p>
   </div>
   <div class='ocr_carea' id='block_1_56' title="bbox 247 2013 1035 2052">
    <p class='ocr_par' dir='ltr' id='par_1_56' title="bbox 247 2013 1035 2052">
     <span class='ocr_line' id='line_1_56' title="bbox 247 2013 1035 2052; baseline 0.008 -14"><span class='ocrx_word' id='word_1_393' title='bbox 247 2013 347 2047; x_wconf 78' lang='lat' dir='ltr'><strong>tchtio,</strong></span> <span class='ocrx_word' id='word_1_394' title='bbox 364 2021 445 2048; x_wconf 87' lang='lat' dir='ltr'><strong>quam</strong></span> <span class='ocrx_word' id='word_1_395' title='bbox 461 2014 533 2048; x_wconf 81' lang='lat' dir='ltr'><strong>quod</strong></span> <span class='ocrx_word' id='word_1_396' title='bbox 552 2023 586 2042; x_wconf 84' lang='lat' dir='ltr'><strong>ex</strong></span> <span class='ocrx_word' id='word_1_397' title='bbox 611 2023 695 2043; x_wconf 86' lang='lat' dir='ltr'><strong>sensu</strong></span> <span class='ocrx_word' id='word_1_398' title='bbox 718 2016 847 2044; x_wconf 86' lang='lat' dir='ltr'><strong>cernitur.</strong></span> <span class='ocrx_word' id='word_1_399' title='bbox 869 2015 947 2049; x_wconf 84' lang='lat' dir='ltr'><strong>Quod</strong></span> <span class='ocrx_word' id='word_1_400' title='bbox 969 2023 1035 2052; x_wconf 84' lang='lat' dir='ltr'><strong>ergo</strong></span> 
     </span>
    </p>
   </div>
   <div class='ocr_carea' id='block_1_57' title="bbox 248 2059 1035 2095">
    <p class='ocr_par' dir='ltr' id='par_1_57' title="bbox 248 2059 1035 2095">
     <span class='ocr_line' id='line_1_57' title="bbox 248 2059 1035 2095; baseline 0.005 -10"><span class='ocrx_word' id='word_1_401' title='bbox 248 2059 283 2086; x_wconf 88' lang='lat' dir='ltr'><strong>ab</strong></span> <span class='ocrx_word' id='word_1_402' title='bbox 293 2059 478 2095; x_wconf 84' lang='lat' dir='ltr'><strong>interrogatis,</strong></span> <span class='ocrx_word' id='word_1_403' title='bbox 490 2061 628 2095; x_wconf 85' lang='lat' dir='ltr'><strong>quomodo</strong></span> <span class='ocrx_word' id='word_1_404' title='bbox 640 2062 676 2090; x_wconf 87' lang='lat' dir='ltr'><strong>sit</strong></span> <span class='ocrx_word' id='word_1_405' title='bbox 686 2062 817 2090; x_wconf 89' lang='lat' dir='ltr'><strong>credibile</strong></span> <span class='ocrx_word' id='word_1_406' title='bbox 824 2070 858 2090; x_wconf 78' lang='lat' dir='ltr'><strong>ex</strong></span> <span class='ocrx_word' id='word_1_407' title='bbox 873 2062 920 2089; x_wconf 90' lang='lat' dir='ltr'><strong>illo</strong></span> <span class='ocrx_word' id='word_1_408' title='bbox 930 2061 1035 2089; x_wconf 84' lang='lat' dir='ltr'><strong>consti-</strong></span> 
     </span>
    </p>
   </div>
   <div class='ocr_carea' id='block_1_58' title="bbox 249 2104 1036 2140">
    <p class='ocr_par' dir='ltr' id='par_1_58' title="bbox 249 2104 1036 2140">
     <span class='ocr_line' id='line_1_58' title="bbox 249 2104 1036 2140; baseline 0.004 -10"><span class='ocrx_word' id='word_1_409' title='bbox 249 2104 315 2131; x_wconf 87' lang='lat' dir='ltr'><strong>tisse</strong></span> <span class='ocrx_word' id='word_1_410' title='bbox 328 2104 476 2138; x_wconf 84' lang='lat' dir='ltr'><strong>hominem,</strong></span> <span class='ocrx_word' id='word_1_411' title='bbox 488 2110 701 2134; x_wconf 82' lang='lat' dir='ltr'><strong>consentaneum</strong></span> <span class='ocrx_word' id='word_1_412' title='bbox 712 2111 754 2135; x_wconf 87' lang='lat' dir='ltr'><strong>est</strong></span> <span class='ocrx_word' id='word_1_413' title='bbox 764 2106 844 2134; x_wconf 81' lang='lat' dir='ltr'><strong>nobis</strong></span> <span class='ocrx_word' id='word_1_414' title='bbox 856 2106 914 2134; x_wconf 86' lang='lat' dir='ltr'><strong>ﬂeri</strong></span> <span class='ocrx_word' id='word_1_415' title='bbox 926 2113 1036 2140; x_wconf 82' lang='lat' dir='ltr'><strong>respon-</strong></span> 
     </span>
    </p>
   </div>
   <div class='ocr_carea' id='block_1_59' title="bbox 248 2150 1035 2187">
    <p class='ocr_par' dir='ltr' id='par_1_59' title="bbox 248 2150 1035 2187">
     <span class='ocr_line' id='line_1_59' title="bbox 248 2150 1035 2187; baseline 0.003 -11"><span class='ocrx_word' id='word_1_416' title='bbox 248 2158 321 2181; x_wconf 76' lang='lat' dir='ltr'><strong>sum,</strong></span> <span class='ocrx_word' id='word_1_417' title='bbox 337 2150 388 2176; x_wconf 91' lang='lat' dir='ltr'><strong>hoc</strong></span> <span class='ocrx_word' id='word_1_418' title='bbox 403 2151 486 2177; x_wconf 88' lang='lat' dir='ltr'><strong>etiam</strong></span> <span class='ocrx_word' id='word_1_419' title='bbox 505 2151 540 2178; x_wconf 86' lang='lat' dir='ltr'><strong>de</strong></span> <span class='ocrx_word' id='word_1_420' title='bbox 552 2151 758 2186; x_wconf 82' lang='lat' dir='ltr'><strong>regeneratioue</strong></span> <span class='ocrx_word' id='word_1_421' title='bbox 771 2160 818 2187; x_wconf 89' lang='lat' dir='ltr'><strong>per</strong></span> <span class='ocrx_word' id='word_1_422' title='bbox 832 2159 930 2186; x_wconf 85' lang='lat' dir='ltr'><strong>aquam</strong></span> <span class='ocrx_word' id='word_1_423' title='bbox 950 2151 1035 2179; x_wconf 87' lang='lat' dir='ltr'><strong>inter-</strong></span> 
     </span>
    </p>
   </div>
   <div class='ocr_carea' id='block_1_60' title="bbox 1084 919 1860 955">
    <p class='ocr_par' dir='ltr' id='par_1_60' title="bbox 1084 919 1860 955">
     <span class='ocr_line' id='line_1_60' title="bbox 1084 919 1860 955; baseline 0 -9"><span class='ocrx_word' id='word_1_424' title='bbox 1084 928 1129 946; x_wconf 86' lang='lat' dir='ltr'><strong>vov</strong></span> <span class='ocrx_word' id='word_1_425' title='bbox 1140 939 1148 953; x_wconf 88' lang='lat'><strong>,</strong></span> <span class='ocrx_word' id='word_1_426' title='bbox 1167 920 1290 955; x_wconf 82' lang='grc' dir='ltr'>κρεῖττον</span> <span class='ocrx_word' id='word_1_427' title='bbox 1312 920 1424 955; x_wconf 76' lang='grc' dir='ltr'>γένηται</span> <span class='ocrx_word' id='word_1_428' title='bbox 1441 919 1491 954; x_wconf 85' lang='grc' dir='ltr'>τῆς</span> <span class='ocrx_word' id='word_1_429' title='bbox 1515 920 1548 946; x_wconf 82' lang='grc' dir='ltr'>ὲκ</span> <span class='ocrx_word' id='word_1_430' title='bbox 1565 919 1611 946; x_wconf 85' lang='grc' dir='ltr'>τοῦ</span> <span class='ocrx_word' id='word_1_431' title='bbox 1627 919 1742 946; x_wconf 82' lang='grc' dir='ltr'>θανάτου</span> <span class='ocrx_word' id='word_1_432' title='bbox 1757 920 1860 955; x_wconf 75' lang='grc' dir='ltr'>φθορᾶς·</span> 
     </span>
    </p>
   </div>
   <div class='ocr_carea' id='block_1_61' title="bbox 1106 963 1862 998">
    <p class='ocr_par' dir='ltr' id='par_1_61' title="bbox 1106 963 1862 998">
     <span class='ocr_line' id='line_1_61' title="bbox 1106 963 1862 998; baseline 0 -7"><span class='ocrx_word' id='word_1_433' title='bbox 1106 965 1212 992; x_wconf 70' lang='grc' dir='ltr'>ἐπειδὰν</span> <span class='ocrx_word' id='word_1_434' title='bbox 1228 965 1330 992; x_wconf 84' lang='grc' dir='ltr'>τούτων</span> <span class='ocrx_word' id='word_1_435' title='bbox 1351 965 1399 992; x_wconf 77' lang='grc' dir='ltr'>καὶ</span> <span class='ocrx_word' id='word_1_436' title='bbox 1419 964 1474 992; x_wconf 85' lang='grc' dir='ltr'>τῶν</span> <span class='ocrx_word' id='word_1_437' title='bbox 1490 965 1618 991; x_wconf 75' lang='grc' dir='ltr'>τοιούτων</span> <span class='ocrx_word' id='word_1_438' title='bbox 1644 963 1800 998; x_wconf 81' lang='grc' dir='ltr'><strong>ἀκούσωσι,</strong></span> <span class='ocrx_word' id='word_1_439' title='bbox 1821 965 1862 991; x_wconf 74' lang='grc' dir='ltr'>καὶ</span> 
     </span>
    </p>
   </div>
   <div class='ocr_carea' id='block_1_62' title="bbox 1084 1009 1862 1046">
    <p class='ocr_par' dir='ltr' id='par_1_62' title="bbox 1084 1009 1862 1046">
     <span class='ocr_line' id='line_1_62' title="bbox 1084 1009 1862 1046; baseline 0 -10"><span class='ocrx_word' id='word_1_440' title='bbox 1084 1009 1283 1046; x_wconf 84' lang='grc' dir='ltr'>προδιδαχθῶσι</span> <span class='ocrx_word' id='word_1_441' title='bbox 1295 1009 1341 1036; x_wconf 84' lang='grc' dir='ltr'>τὸν</span> <span class='ocrx_word' id='word_1_442' title='bbox 1354 1010 1472 1046; x_wconf 73' lang='grc' dir='ltr'>τρόπον,</span> <span class='ocrx_word' id='word_1_443' title='bbox 1493 1010 1534 1037; x_wconf 77' lang='grc' dir='ltr'>ὅτι</span> <span class='ocrx_word' id='word_1_444' title='bbox 1554 1009 1620 1045; x_wconf 78' lang='grc' dir='ltr'>εὐχὴ</span> <span class='ocrx_word' id='word_1_445' title='bbox 1637 1009 1705 1045; x_wconf 78' lang='grc' dir='ltr'>πρὸς</span> <span class='ocrx_word' id='word_1_446' title='bbox 1724 1009 1806 1042; x_wconf 71' lang='grc' dir='ltr'>Θεὸν,</span> <span class='ocrx_word' id='word_1_447' title='bbox 1821 1009 1862 1037; x_wconf 80' lang='grc' dir='ltr'>καὶ</span> 
     </span>
    </p>
   </div>
   <div class='ocr_carea' id='block_1_63' title="bbox 1083 1055 1862 1091">
    <p class='ocr_par' dir='ltr' id='par_1_63' title="bbox 1083 1055 1862 1091">
     <span class='ocr_line' id='line_1_63' title="bbox 1083 1055 1862 1091; baseline 0.001 -10"><span class='ocrx_word' id='word_1_448' title='bbox 1083 1055 1193 1090; x_wconf 84' lang='grc' dir='ltr'>χάριτος</span> <span class='ocrx_word' id='word_1_449' title='bbox 1207 1055 1334 1091; x_wconf 77' lang='grc' dir='ltr'>οὐρανίας</span> <span class='ocrx_word' id='word_1_450' title='bbox 1352 1055 1511 1090; x_wconf 74' lang='grc' dir='ltr'>ἐπίκλησις,</span> <span class='ocrx_word' id='word_1_451' title='bbox 1528 1055 1576 1081; x_wconf 76' lang='grc' dir='ltr'>καὶ</span> <span class='ocrx_word' id='word_1_452' title='bbox 1597 1055 1669 1091; x_wconf 79' lang='grc' dir='ltr'><strong>ὕδωρ</strong></span> <span class='ocrx_word' id='word_1_453' title='bbox 1683 1076 1690 1088; x_wconf 90' lang='grc'><strong>,</strong></span> <span class='ocrx_word' id='word_1_454' title='bbox 1711 1056 1759 1082; x_wconf 74' lang='grc' dir='ltr'>καὶ</span> <span class='ocrx_word' id='word_1_455' title='bbox 1779 1055 1862 1087; x_wconf 78' lang='grc' dir='ltr'>πίστις</span> 
     </span>
    </p>
   </div>
   <div class='ocr_carea' id='block_1_64' title="bbox 1084 1098 1863 1137">
    <p class='ocr_par' dir='ltr' id='par_1_64' title="bbox 1084 1098 1863 1137">
     <span class='ocr_line' id='line_1_64' title="bbox 1084 1098 1863 1137; baseline -0.001 -9"><span class='ocrx_word' id='word_1_456' title='bbox 1084 1101 1153 1134; x_wconf 74' lang='grc' dir='ltr'>ἐστὶ,</span> <span class='ocrx_word' id='word_1_457' title='bbox 1168 1101 1202 1128; x_wconf 85' lang='grc' dir='ltr'><strong>δι’</strong></span> <span class='ocrx_word' id='word_1_458' title='bbox 1217 1098 1255 1128; x_wconf 85' lang='grc' dir='ltr'>ὧν</span> <span class='ocrx_word' id='word_1_459' title='bbox 1271 1101 1302 1128; x_wconf 75' lang='grc' dir='ltr'><strong>τὸ</strong></span> <span class='ocrx_word' id='word_1_460' title='bbox 1316 1101 1366 1136; x_wconf 76' lang='grc' dir='ltr'>τῆς</span> <span class='ocrx_word' id='word_1_461' title='bbox 1380 1101 1586 1136; x_wconf 81' lang='grc' dir='ltr'>ἀναγεννήσεως</span> <span class='ocrx_word' id='word_1_462' title='bbox 1603 1101 1754 1137; x_wconf 59' lang='grc' dir='ltr'>πληροῶαι</span> <span class='ocrx_word' id='word_1_463' title='bbox 1768 1103 1863 1137; x_wconf 79' lang='grc' dir='ltr'>μυστή-</span> 
     </span>
    </p>
   </div>
   <div class='ocr_carea' id='block_1_65' title="bbox 1085 1146 1862 1182">
    <p class='ocr_par' dir='ltr' id='par_1_65' title="bbox 1085 1146 1862 1182">
     <span class='ocr_line' id='line_1_65' title="bbox 1085 1146 1862 1182; baseline 0.001 -9"><span class='ocrx_word' id='word_1_464' title='bbox 1085 1155 1152 1182; x_wconf 88' lang='grc' dir='ltr'>ριον,</span> <span class='ocrx_word' id='word_1_465' title='bbox 1171 1147 1322 1179; x_wconf 83' lang='grc' dir='ltr'>δυσπειθῶς</span> <span class='ocrx_word' id='word_1_466' title='bbox 1341 1147 1452 1182; x_wconf 73' lang='grc' dir='ltr'>ἔχουσι,</span> <span class='ocrx_word' id='word_1_467' title='bbox 1478 1147 1546 1181; x_wconf 70' lang='grc' dir='ltr'>πρὸς</span> <span class='ocrx_word' id='word_1_468' title='bbox 1568 1146 1599 1173; x_wconf 82' lang='grc' dir='ltr'>τδ</span> <span class='ocrx_word' id='word_1_469' title='bbox 1623 1147 1782 1182; x_wconf 77' lang='grc' dir='ltr'>φαινόμενον</span> <span class='ocrx_word' id='word_1_470' title='bbox 1808 1146 1862 1182; x_wconf 79' lang='grc' dir='ltr'><strong>βλέ-</strong></span> 
     </span>
    </p>
   </div>
   <div class='ocr_carea' id='block_1_66' title="bbox 1084 1194 1861 1230">
    <p class='ocr_par' dir='ltr' id='par_1_66' title="bbox 1084 1194 1861 1230">
     <span class='ocr_line' id='line_1_66' title="bbox 1084 1194 1861 1230; baseline 0 -10"><span class='ocrx_word' id='word_1_471' title='bbox 1084 1202 1179 1225; x_wconf 81' lang='grc' dir='ltr'>ποντες</span> <span class='ocrx_word' id='word_1_472' title='bbox 1192 1214 1198 1226; x_wconf 90' lang='grc'><strong>,</strong></span> <span class='ocrx_word' id='word_1_473' title='bbox 1215 1194 1252 1226; x_wconf 82' lang='grc' dir='ltr'><strong>ὡς</strong></span> <span class='ocrx_word' id='word_1_474' title='bbox 1272 1194 1303 1221; x_wconf 87' lang='grc' dir='ltr'>οὺ</span> <span class='ocrx_word' id='word_1_475' title='bbox 1319 1194 1466 1229; x_wconf 79' lang='grc' dir='ltr'>συμϐαῖνον</span> <span class='ocrx_word' id='word_1_476' title='bbox 1480 1195 1513 1229; x_wconf 85' lang='grc' dir='ltr'><strong>τῇ</strong></span> <span class='ocrx_word' id='word_1_477' title='bbox 1532 1194 1683 1230; x_wconf 73' lang='grc' dir='ltr'>ἐπαγγελίᾳ</span> <span class='ocrx_word' id='word_1_478' title='bbox 1700 1194 1731 1220; x_wconf 79' lang='grc' dir='ltr'>τὸ</span> <span class='ocrx_word' id='word_1_479' title='bbox 1747 1202 1861 1229; x_wconf 86' lang='grc' dir='ltr'>σωματι-</span> 
     </span>
    </p>
   </div>
   <div class='ocr_carea' id='block_1_67' title="bbox 1084 1238 1861 1275">
    <p class='ocr_par' dir='ltr' id='par_1_67' title="bbox 1084 1238 1861 1275">
     <span class='ocr_line' id='line_1_67' title="bbox 1084 1238 1861 1275; baseline -0.001 -8"><span class='ocrx_word' id='word_1_480' title='bbox 1084 1240 1139 1272; x_wconf 84' lang='grc' dir='ltr'>κῶς</span> <span class='ocrx_word' id='word_1_481' title='bbox 1151 1240 1359 1275; x_wconf 71' lang='grc' dir='ltr'>ὲνεργούμενονι-</span> <span class='ocrx_word' id='word_1_482' title='bbox 1368 1239 1430 1271; x_wconf 86' lang='grc' dir='ltr'><strong>Πῶς</strong></span> <span class='ocrx_word' id='word_1_483' title='bbox 1446 1239 1500 1274; x_wconf 84' lang='grc' dir='ltr'><strong>γὰρ</strong></span> <span class='ocrx_word' id='word_1_484' title='bbox 1511 1259 1518 1271; x_wconf 83' lang='grc'><strong>,</strong></span> <span class='ocrx_word' id='word_1_485' title='bbox 1538 1239 1632 1273; x_wconf 74' lang='grc' dir='ltr'>φησὶν,</span> <span class='ocrx_word' id='word_1_486' title='bbox 1646 1238 1712 1274; x_wconf 85' lang='grc' dir='ltr'>εὐχὴ</span> <span class='ocrx_word' id='word_1_487' title='bbox 1728 1239 1776 1266; x_wconf 81' lang='grc' dir='ltr'>καὶ</span> <span class='ocrx_word' id='word_1_488' title='bbox 1794 1239 1861 1266; x_wconf 74' lang='grc' dir='ltr'>δυνά·</span> 
     </span>
    </p>
   </div>
   <div class='ocr_carea' id='block_1_68' title="bbox 1085 1284 1860 1322">
    <p class='ocr_par' dir='ltr' id='par_1_68' title="bbox 1085 1284 1860 1322">
     <span class='ocr_line' id='line_1_68' title="bbox 1085 1284 1860 1322; baseline -0.004 -9"><span class='ocrx_word' id='word_1_489' title='bbox 1085 1295 1157 1322; x_wconf 84' lang='grc' dir='ltr'>μεως</span> <span class='ocrx_word' id='word_1_490' title='bbox 1182 1286 1258 1318; x_wconf 82' lang='grc' dir='ltr'>θείας</span> <span class='ocrx_word' id='word_1_491' title='bbox 1282 1285 1424 1321; x_wconf 70' lang='grc' dir='ltr'>ἐπίκλησις</span> <span class='ocrx_word' id='word_1_492' title='bbox 1443 1286 1489 1312; x_wconf 76' lang='grc' dir='ltr'>ἐπὶ</span> <span class='ocrx_word' id='word_1_493' title='bbox 1515 1285 1563 1311; x_wconf 72' lang='grc' dir='ltr'><strong>τοῦ</strong></span> <span class='ocrx_word' id='word_1_494' title='bbox 1588 1284 1683 1316; x_wconf 79' lang='grc' dir='ltr'>ὓδατος</span> <span class='ocrx_word' id='word_1_495' title='bbox 1708 1284 1860 1319; x_wconf 80' lang='grc' dir='ltr'>γιγνομένη,</span> 
     </span>
    </p>
   </div>
   <div class='ocr_carea' id='block_1_69' title="bbox 1084 1328 1860 1367">
    <p class='ocr_par' dir='ltr' id='par_1_69' title="bbox 1084 1328 1860 1367">
     <span class='ocr_line' id='line_1_69' title="bbox 1084 1328 1860 1367; baseline -0.005 -8"><span class='ocrx_word' id='word_1_496' title='bbox 1084 1331 1155 1367; x_wconf 78' lang='grc' dir='ltr'><strong>ζωῆς</strong></span> <span class='ocrx_word' id='word_1_497' title='bbox 1180 1331 1300 1367; x_wconf 79' lang='grc' dir='ltr'>ἀρχηγὸς</span> <span class='ocrx_word' id='word_1_498' title='bbox 1315 1333 1373 1363; x_wconf 81' lang='grc' dir='ltr'>τοῖς</span> <span class='ocrx_word' id='word_1_499' title='bbox 1391 1330 1553 1366; x_wconf 74' lang='grc' dir='ltr'>μυουμένοις</span> <span class='ocrx_word' id='word_1_500' title='bbox 1577 1329 1698 1364; x_wconf 87' lang='grc' dir='ltr'>γίνεται;</span> <span class='ocrx_word' id='word_1_501' title='bbox 1718 1329 1790 1364; x_wconf 78' lang='grc' dir='ltr'>Πρὸς</span> <span class='ocrx_word' id='word_1_502' title='bbox 1804 1328 1860 1361; x_wconf 79' lang='grc' dir='ltr'>οὓς,</span> 
     </span>
    </p>
   </div>
   <div class='ocr_carea' id='block_1_70' title="bbox 1084 1375 1860 1413">
    <p class='ocr_par' dir='ltr' id='par_1_70' title="bbox 1084 1375 1860 1413">
     <span class='ocr_line' id='line_1_70' title="bbox 1084 1375 1860 1413; baseline -0.004 -9"><span class='ocrx_word' id='word_1_503' title='bbox 1084 1378 1162 1413; x_wconf 82' lang='grc' dir='ltr'>εἴπερ</span> <span class='ocrx_word' id='word_1_504' title='bbox 1177 1377 1236 1403; x_wconf 84' lang='grc' dir='ltr'>λίαν</span> <span class='ocrx_word' id='word_1_505' title='bbox 1252 1377 1337 1412; x_wconf 80' lang='grc' dir='ltr'>ἔχοιεν</span> <span class='ocrx_word' id='word_1_506' title='bbox 1351 1376 1505 1408; x_wconf 84' lang='grc' dir='ltr'>ἀντιτύπως</span> <span class='ocrx_word' id='word_1_507' title='bbox 1515 1397 1522 1410; x_wconf 89' lang='grc'><strong>,</strong></span> <span class='ocrx_word' id='word_1_508' title='bbox 1534 1375 1636 1408; x_wconf 80' lang='grc' dir='ltr'>ἁπλοῦς</span> <span class='ocrx_word' id='word_1_509' title='bbox 1654 1375 1765 1411; x_wconf 69' lang='grc' dir='ltr'>ἐξαρκεῖ</span> <span class='ocrx_word' id='word_1_510' title='bbox 1780 1375 1860 1410; x_wconf 78' lang='grc' dir='ltr'>λόγος,</span> 
     </span>
    </p>
   </div>
   <div class='ocr_carea' id='block_1_71' title="bbox 1084 1419 1862 1459">
    <p class='ocr_par' dir='ltr' id='par_1_71' title="bbox 1084 1419 1862 1459">
     <span class='ocr_line' id='line_1_71' title="bbox 1084 1419 1862 1459; baseline -0.009 -9"><span class='ocrx_word' id='word_1_511' title='bbox 1084 1423 1152 1459; x_wconf 80' lang='grc' dir='ltr'>πρὸς</span> <span class='ocrx_word' id='word_1_512' title='bbox 1170 1423 1219 1459; x_wconf 81' lang='grc' dir='ltr'><strong>τὴν</strong></span> <span class='ocrx_word' id='word_1_513' title='bbox 1234 1423 1281 1449; x_wconf 72' lang='grc' dir='ltr'>τοῦ</span> <span class='ocrx_word' id='word_1_514' title='bbox 1297 1423 1431 1456; x_wconf 83' lang='grc' dir='ltr'>δόγματος</span> <span class='ocrx_word' id='word_1_515' title='bbox 1448 1422 1562 1456; x_wconf 84' lang='grc' dir='ltr'>ἀγαγεῖν</span> <span class='ocrx_word' id='word_1_516' title='bbox 1572 1419 1781 1454; x_wconf 79' lang='grc' dir='ltr'>συγκατάθεσιν.</span> <span class='ocrx_word' id='word_1_517' title='bbox 1795 1419 1862 1444; x_wconf 74' lang='grc' dir='ltr'>Ἄντ-</span> 
     </span>
    </p>
   </div>
   <div class='ocr_carea' id='block_1_72' title="bbox 1083 1463 1862 1503">
    <p class='ocr_par' dir='ltr' id='par_1_72' title="bbox 1083 1463 1862 1503">
     <span class='ocr_line' id='line_1_72' title="bbox 1083 1463 1862 1503; baseline -0.006 -10"><span class='ocrx_word' id='word_1_518' title='bbox 1083 1467 1214 1503; x_wconf 81' lang='grc' dir='ltr'>ερωτήσω</span> <span class='ocrx_word' id='word_1_519' title='bbox 1233 1467 1282 1503; x_wconf 80' lang='grc' dir='ltr'>μὲν</span> <span class='ocrx_word' id='word_1_520' title='bbox 1303 1467 1370 1502; x_wconf 79' lang='grc' dir='ltr'>γὰρ,</span> <span class='ocrx_word' id='word_1_521' title='bbox 1383 1465 1430 1493; x_wconf 77' lang='grc' dir='ltr'>τοῦ</span> <span class='ocrx_word' id='word_1_522' title='bbox 1443 1466 1544 1501; x_wconf 82' lang='grc' dir='ltr'>τρόπον</span> <span class='ocrx_word' id='word_1_523' title='bbox 1557 1465 1605 1498; x_wconf 80' lang='grc' dir='ltr'>τῆς</span> <span class='ocrx_word' id='word_1_524' title='bbox 1617 1463 1687 1490; x_wconf 81' lang='grc' dir='ltr'>κατὰ</span> <span class='ocrx_word' id='word_1_525' title='bbox 1703 1463 1794 1498; x_wconf 81' lang='grc' dir='ltr'>σάρκα</span> <span class='ocrx_word' id='word_1_526' title='bbox 1808 1470 1862 1496; x_wconf 84' lang='grc' dir='ltr'>γεν-</span> 
     </span>
    </p>
   </div>
   <div class='ocr_carea' id='block_1_73' title="bbox 1085 1509 1863 1549">
    <p class='ocr_par' dir='ltr' id='par_1_73' title="bbox 1085 1509 1863 1549">
     <span class='ocr_line' id='line_1_73' title="bbox 1085 1509 1863 1549; baseline -0.009 -8"><span class='ocrx_word' id='word_1_527' title='bbox 1085 1517 1189 1549; x_wconf 70' lang='grc' dir='ltr'>νήσεως</span> <span class='ocrx_word' id='word_1_528' title='bbox 1205 1514 1287 1540; x_wconf 75' lang='grc' dir='ltr'>πᾶσιν</span> <span class='ocrx_word' id='word_1_529' title='bbox 1300 1513 1376 1545; x_wconf 79' lang='grc' dir='ltr'>ὄντος</span> <span class='ocrx_word' id='word_1_530' title='bbox 1388 1511 1533 1548; x_wconf 84' lang='grc' dir='ltr'>προδήλου,</span> <span class='ocrx_word' id='word_1_531' title='bbox 1547 1510 1606 1542; x_wconf 84' lang='grc' dir='ltr'>πῶς</span> <span class='ocrx_word' id='word_1_532' title='bbox 1626 1510 1768 1545; x_wconf 78' lang='grc' dir='ltr'>ἄνθρωπος</span> <span class='ocrx_word' id='word_1_533' title='bbox 1781 1509 1863 1535; x_wconf 71' lang='grc' dir='ltr'>ἐκεῖνο</span> 
     </span>
    </p>
   </div>
   <div class='ocr_carea' id='block_1_74' title="bbox 1086 1553 1861 1594">
    <p class='ocr_par' dir='ltr' id='par_1_74' title="bbox 1086 1553 1861 1594">
     <span class='ocr_line' id='line_1_74' title="bbox 1086 1553 1861 1594; baseline -0.009 -8"><span class='ocrx_word' id='word_1_534' title='bbox 1086 1560 1189 1594; x_wconf 81' lang='grc' dir='ltr'>γίνεται</span> <span class='ocrx_word' id='word_1_535' title='bbox 1214 1559 1245 1585; x_wconf 81' lang='grc' dir='ltr'><strong>τὺ</strong></span> <span class='ocrx_word' id='word_1_536' title='bbox 1268 1560 1308 1590; x_wconf 76' lang='grc' dir='ltr'><strong>είς</strong></span> <span class='ocrx_word' id='word_1_537' title='bbox 1333 1558 1459 1594; x_wconf 76' lang='grc' dir='ltr'>ἀφορμὴν</span> <span class='ocrx_word' id='word_1_538' title='bbox 1485 1556 1537 1592; x_wconf 79' lang='grc' dir='ltr'>τῆς</span> <span class='ocrx_word' id='word_1_539' title='bbox 1559 1555 1713 1586; x_wconf 81' lang='grc' dir='ltr'>συστάσεως</span> <span class='ocrx_word' id='word_1_540' title='bbox 1731 1554 1780 1580; x_wconf 84' lang='grc' dir='ltr'>τοῦ</span> <span class='ocrx_word' id='word_1_541' title='bbox 1799 1553 1861 1586; x_wconf 66' lang='lat' dir='ltr'><strong>{tim</strong></span> 
     </span>
    </p>
   </div>
   <div class='ocr_carea' id='block_1_75' title="bbox 1087 1597 1863 1639">
    <p class='ocr_par' dir='ltr' id='par_1_75' title="bbox 1087 1597 1863 1639">
     <span class='ocr_line' id='line_1_75' title="bbox 1087 1597 1863 1639; baseline -0.01 -7"><span class='ocrx_word' id='word_1_542' title='bbox 1087 1604 1336 1639; x_wconf 74' lang='grc' dir='ltr'>καταϐαλλόμενον;</span> <span class='ocrx_word' id='word_1_543' title='bbox 1356 1602 1436 1630; x_wconf 82' lang='grc' dir='ltr'><strong>Ἀλλὰ</strong></span> <span class='ocrx_word' id='word_1_544' title='bbox 1456 1602 1509 1638; x_wconf 84' lang='grc' dir='ltr'>μὴν</span> <span class='ocrx_word' id='word_1_545' title='bbox 1533 1601 1620 1632; x_wconf 74' lang='grc' dir='ltr'>οὐδεὶς</span> <span class='ocrx_word' id='word_1_546' title='bbox 1639 1601 1683 1627; x_wconf 70' lang='grc' dir='ltr'><strong>ἐπ’</strong></span> <span class='ocrx_word' id='word_1_547' title='bbox 1704 1599 1810 1627; x_wconf 69' lang='grc' dir='ltr'>ἐκείνου</span> <span class='ocrx_word' id='word_1_548' title='bbox 1825 1597 1863 1624; x_wconf 84' lang='grc' dir='ltr'><strong>λό-</strong></span> 
     </span>
    </p>
   </div>
   <div class='ocr_carea' id='block_1_76' title="bbox 1085 1643 1863 1686">
    <p class='ocr_par' dir='ltr' id='par_1_76' title="bbox 1085 1643 1863 1686">
     <span class='ocr_line' id='line_1_76' title="bbox 1085 1643 1863 1686; baseline -0.01 -8"><span class='ocrx_word' id='word_1_549' title='bbox 1085 1660 1133 1686; x_wconf 79' lang='grc' dir='ltr'><strong>γος</strong></span> <span class='ocrx_word' id='word_1_550' title='bbox 1143 1651 1227 1684; x_wconf 73' lang='grc' dir='ltr'>ἐστὶν,</span> <span class='ocrx_word' id='word_1_551' title='bbox 1240 1651 1254 1677; x_wconf 85' lang='grc' dir='ltr'>ὁ</span> <span class='ocrx_word' id='word_1_552' title='bbox 1272 1649 1395 1685; x_wconf 84' lang='grc' dir='ltr'>λογισμῷ</span> <span class='ocrx_word' id='word_1_553' title='bbox 1406 1658 1459 1676; x_wconf 87' lang='grc' dir='ltr'>τινι</span> <span class='ocrx_word' id='word_1_554' title='bbox 1474 1648 1504 1675; x_wconf 77' lang='grc' dir='ltr'>τὸ</span> <span class='ocrx_word' id='word_1_555' title='bbox 1524 1647 1636 1674; x_wconf 77' lang='grc' dir='ltr'>πιθανὸν</span> <span class='ocrx_word' id='word_1_556' title='bbox 1650 1646 1822 1682; x_wconf 76' lang='grc' dir='ltr'>ἐξευρίσκων.</span> <span class='ocrx_word' id='word_1_557' title='bbox 1835 1643 1863 1670; x_wconf 89' lang='grc' dir='ltr'>τί</span> 
     </span>
    </p>
   </div>
   <div class='ocr_carea' id='block_1_77' title="bbox 1084 1690 1863 1732">
    <p class='ocr_par' dir='ltr' id='par_1_77' title="bbox 1084 1690 1863 1732">
     <span class='ocr_line' id='line_1_77' title="bbox 1084 1690 1863 1732; baseline -0.009 -9"><span class='ocrx_word' id='word_1_558' title='bbox 1084 1696 1139 1732; x_wconf 80' lang='grc' dir='ltr'>γὰρ</span> <span class='ocrx_word' id='word_1_559' title='bbox 1151 1695 1239 1723; x_wconf 79' lang='grc' dir='ltr'>κοινὸν</span> <span class='ocrx_word' id='word_1_560' title='bbox 1256 1695 1392 1730; x_wconf 80' lang='grc' dir='ltr'>σπέρματι</span> <span class='ocrx_word' id='word_1_561' title='bbox 1409 1693 1551 1728; x_wconf 81' lang='grc' dir='ltr'>ἀνθρώπου</span> <span class='ocrx_word' id='word_1_562' title='bbox 1573 1692 1642 1728; x_wconf 82' lang='grc' dir='ltr'>πρὸς</span> <span class='ocrx_word' id='word_1_563' title='bbox 1663 1692 1713 1727; x_wconf 80' lang='grc' dir='ltr'>τὴν</span> <span class='ocrx_word' id='word_1_564' title='bbox 1731 1693 1760 1718; x_wconf 74' lang='grc' dir='ltr'>ὲν</span> <span class='ocrx_word' id='word_1_565' title='bbox 1776 1690 1863 1722; x_wconf 72' lang='grc' dir='ltr'>ἐκείνῳ</span> 
     </span>
    </p>
   </div>
   <div class='ocr_carea' id='block_1_78' title="bbox 1086 1737 1863 1779">
    <p class='ocr_par' dir='ltr' id='par_1_78' title="bbox 1086 1737 1863 1779">
     <span class='ocr_line' id='line_1_78' title="bbox 1086 1737 1863 1779; baseline -0.009 -9"><span class='ocrx_word' id='word_1_566' title='bbox 1086 1743 1274 1779; x_wconf 71' lang='grc' dir='ltr'>θεωρουμένην</span> <span class='ocrx_word' id='word_1_567' title='bbox 1299 1741 1444 1776; x_wconf 72' lang='grc' dir='ltr'>ποιότητας,</span> <span class='ocrx_word' id='word_1_568' title='bbox 1468 1739 1682 1775; x_wconf 83' lang='grc' dir='ltr'>Συγκρινόμενος</span> <span class='ocrx_word' id='word_1_569' title='bbox 1698 1739 1713 1765; x_wconf 87' lang='grc' dir='ltr'>ὁ</span> <span class='ocrx_word' id='word_1_570' title='bbox 1727 1737 1863 1773; x_wconf 75' lang='grc' dir='ltr'>ἄνθρωπος</span> 
     </span>
    </p>
   </div>
   <div class='ocr_carea' id='block_1_79' title="bbox 1085 1782 1864 1823">
    <p class='ocr_par' dir='ltr' id='par_1_79' title="bbox 1085 1782 1864 1823">
     <span class='ocr_line' id='line_1_79' title="bbox 1085 1782 1864 1823; baseline -0.01 -7"><span class='ocrx_word' id='word_1_571' title='bbox 1085 1788 1192 1823; x_wconf 82' lang='grc' dir='ltr'>λογικόν</span> <span class='ocrx_word' id='word_1_572' title='bbox 1204 1797 1230 1815; x_wconf 88' lang='grc' dir='ltr'><strong>τι</strong></span> <span class='ocrx_word' id='word_1_573' title='bbox 1249 1787 1342 1823; x_wconf 84' lang='grc' dir='ltr'>χρῆμα.</span> <span class='ocrx_word' id='word_1_574' title='bbox 1355 1787 1402 1813; x_wconf 79' lang='grc' dir='ltr'>καὶ</span> <span class='ocrx_word' id='word_1_575' title='bbox 1412 1785 1581 1821; x_wconf 80' lang='grc' dir='ltr'>διανοητικόν</span> <span class='ocrx_word' id='word_1_576' title='bbox 1598 1785 1672 1816; x_wconf 70' lang='grc' dir='ltr'>ἐστι,</span> <span class='ocrx_word' id='word_1_577' title='bbox 1688 1782 1733 1810; x_wconf 82' lang='grc' dir='ltr'>νοῦ</span> <span class='ocrx_word' id='word_1_578' title='bbox 1748 1782 1795 1810; x_wconf 73' lang='grc' dir='ltr'>καὶ</span> <span class='ocrx_word' id='word_1_579' title='bbox 1810 1783 1864 1809; x_wconf 77' lang='grc' dir='ltr'>ἔπι-</span> 
     </span>
    </p>
   </div>
   <div class='ocr_carea' id='block_1_80' title="bbox 1087 1828 1864 1870">
    <p class='ocr_par' dir='ltr' id='par_1_80' title="bbox 1087 1828 1864 1870">
     <span class='ocr_line' id='line_1_80' title="bbox 1087 1828 1864 1870; baseline -0.009 -9"><span class='ocrx_word' id='word_1_580' title='bbox 1087 1835 1194 1870; x_wconf 82' lang='grc' dir='ltr'>στήμης</span> <span class='ocrx_word' id='word_1_581' title='bbox 1213 1832 1353 1860; x_wconf 82' lang='grc' dir='ltr'>δεκτικόν·</span> <span class='ocrx_word' id='word_1_582' title='bbox 1375 1833 1463 1859; x_wconf 82' lang='grc' dir='ltr'>ὲκεῖνο</span> <span class='ocrx_word' id='word_1_583' title='bbox 1480 1831 1510 1858; x_wconf 77' lang='grc' dir='ltr'><strong>δὲ</strong></span> <span class='ocrx_word' id='word_1_584' title='bbox 1532 1831 1604 1866; x_wconf 79' lang='grc' dir='ltr'>ὑγρᾷ</span> <span class='ocrx_word' id='word_1_585' title='bbox 1623 1838 1677 1857; x_wconf 86' lang='grc' dir='ltr'>τινι</span> <span class='ocrx_word' id='word_1_586' title='bbox 1698 1828 1864 1864; x_wconf 73' lang='grc' dir='ltr'>ἑνθεωριίται</span> 
     </span>
    </p>
   </div>
   <div class='ocr_carea' id='block_1_81' title="bbox 1086 1874 1863 1916">
    <p class='ocr_par' dir='ltr' id='par_1_81' title="bbox 1086 1874 1863 1916">
     <span class='ocr_line' id='line_1_81' title="bbox 1086 1874 1863 1916; baseline -0.01 -8"><span class='ocrx_word' id='word_1_587' title='bbox 1086 1881 1228 1916; x_wconf 81' lang='grc' dir='ltr'>ποιότητι,</span> <span class='ocrx_word' id='word_1_588' title='bbox 1242 1879 1288 1906; x_wconf 76' lang='grc' dir='ltr'>καὶ</span> <span class='ocrx_word' id='word_1_589' title='bbox 1303 1879 1395 1906; x_wconf 88' lang='grc' dir='ltr'>πλεῖον</span> <span class='ocrx_word' id='word_1_590' title='bbox 1410 1878 1486 1905; x_wconf 80' lang='grc' dir='ltr'>οὐδὲν</span> <span class='ocrx_word' id='word_1_591' title='bbox 1508 1876 1556 1904; x_wconf 86' lang='grc' dir='ltr'>τοῦ</span> <span class='ocrx_word' id='word_1_592' title='bbox 1579 1875 1640 1903; x_wconf 74' lang='grc' dir='ltr'>κατ’</span> <span class='ocrx_word' id='word_1_593' title='bbox 1653 1875 1780 1910; x_wconf 72' lang='grc' dir='ltr'>αῖσθησιν</span> <span class='ocrx_word' id='word_1_594' title='bbox 1800 1874 1863 1909; x_wconf 83' lang='grc' dir='ltr'><strong>ὁρω-</strong></span> 
     </span>
    </p>
   </div>
   <div class='ocr_carea' id='block_1_82' title="bbox 1087 1920 1863 1963">
    <p class='ocr_par' dir='ltr' id='par_1_82' title="bbox 1087 1920 1863 1963">
     <span class='ocr_line' id='line_1_82' title="bbox 1087 1920 1863 1963; baseline -0.013 -9"><span class='ocrx_word' id='word_1_595' title='bbox 1087 1927 1167 1963; x_wconf 86' lang='grc' dir='ltr'>μένου</span> <span class='ocrx_word' id='word_1_596' title='bbox 1184 1926 1388 1961; x_wconf 82' lang='grc' dir='ltr'>καταλαμϐἀνει</span> <span class='ocrx_word' id='word_1_597' title='bbox 1409 1923 1506 1951; x_wconf 74' lang='grc' dir='ltr'>ἔννοια.</span> <span class='ocrx_word' id='word_1_598' title='bbox 1521 1923 1573 1949; x_wconf 86' lang='grc' dir='ltr'>Ἦν</span> <span class='ocrx_word' id='word_1_599' title='bbox 1595 1921 1682 1949; x_wconf 81' lang='grc' dir='ltr'>τοίνυν</span> <span class='ocrx_word' id='word_1_600' title='bbox 1704 1920 1777 1952; x_wconf 79' lang='grc' dir='ltr'>εἰκός</span> <span class='ocrx_word' id='word_1_601' title='bbox 1797 1920 1863 1946; x_wconf 63' lang='grc' dir='ltr'>ἐστιν</span> 
     </span>
    </p>
   </div>
   <div class='ocr_carea' id='block_1_83' title="bbox 1084 1965 1862 2009">
    <p class='ocr_par' dir='ltr' id='par_1_83' title="bbox 1084 1965 1862 2009">
     <span class='ocr_line' id='line_1_83' title="bbox 1084 1965 1862 2009; baseline -0.013 -8"><span class='ocrx_word' id='word_1_602' title='bbox 1084 1973 1230 2009; x_wconf 77' lang='grc' dir='ltr'>ἀπόκρισιν</span> <span class='ocrx_word' id='word_1_603' title='bbox 1250 1972 1377 2007; x_wconf 84' lang='grc' dir='ltr'>γενέσθαι</span> <span class='ocrx_word' id='word_1_604' title='bbox 1399 1971 1466 2007; x_wconf 80' lang='grc' dir='ltr'>ἡμῖν</span> <span class='ocrx_word' id='word_1_605' title='bbox 1491 1968 1568 2005; x_wconf 79' lang='grc' dir='ltr'>παρὰ</span> <span class='ocrx_word' id='word_1_606' title='bbox 1595 1969 1650 1995; x_wconf 85' lang='grc' dir='ltr'>τῶν</span> <span class='ocrx_word' id='word_1_607' title='bbox 1668 1965 1862 2003; x_wconf 64' lang='grc' dir='ltr'>ἐρωτηθέντων.</span> 
     </span>
    </p>
   </div>
   <div class='ocr_carea' id='block_1_84' title="bbox 1085 2010 1862 2050">
    <p class='ocr_par' dir='ltr' id='par_1_84' title="bbox 1085 2010 1862 2050">
     <span class='ocr_line' id='line_1_84' title="bbox 1085 2010 1862 2050; baseline -0.013 -5"><span class='ocrx_word' id='word_1_608' title='bbox 1085 2018 1125 2044; x_wconf 85' lang='grc' dir='ltr'>ὅτι</span> <span class='ocrx_word' id='word_1_609' title='bbox 1139 2017 1202 2050; x_wconf 87' lang='grc' dir='ltr'><strong>Πῶς</strong></span> <span class='ocrx_word' id='word_1_610' title='bbox 1213 2017 1271 2045; x_wconf 78' lang='grc' dir='ltr'>ἔστι</span> <span class='ocrx_word' id='word_1_611' title='bbox 1283 2015 1378 2043; x_wconf 72' lang='grc' dir='ltr'>πιστὸν</span> <span class='ocrx_word' id='word_1_612' title='bbox 1399 2015 1429 2048; x_wconf 79' lang='grc' dir='ltr'><strong>ὲξ</strong></span> <span class='ocrx_word' id='word_1_613' title='bbox 1445 2014 1549 2041; x_wconf 66' lang='grc' dir='ltr'>ἐκείνου</span> <span class='ocrx_word' id='word_1_614' title='bbox 1570 2013 1700 2048; x_wconf 81' lang='grc' dir='ltr'>συστῆναι</span> <span class='ocrx_word' id='word_1_615' title='bbox 1715 2010 1862 2046; x_wconf 74' lang='grc' dir='ltr'>ἄνθρωπονς</span> 
     </span>
    </p>
   </div>
   <div class='ocr_carea' id='block_1_85' title="bbox 1084 2056 1864 2097">
    <p class='ocr_par' dir='ltr' id='par_1_85' title="bbox 1084 2056 1864 2097">
     <span class='ocr_line' id='line_1_85' title="bbox 1084 2056 1864 2097; baseline -0.01 -8"><span class='ocrx_word' id='word_1_616' title='bbox 1084 2062 1165 2090; x_wconf 82' lang='grc' dir='ltr'>τοῦτο</span> <span class='ocrx_word' id='word_1_617' title='bbox 1183 2062 1230 2089; x_wconf 68' lang='grc' dir='ltr'>καὶ</span> <span class='ocrx_word' id='word_1_618' title='bbox 1242 2062 1307 2097; x_wconf 82' lang='grc' dir='ltr'>περὶ</span> <span class='ocrx_word' id='word_1_619' title='bbox 1324 2062 1375 2096; x_wconf 85' lang='grc' dir='ltr'>τῆς</span> <span class='ocrx_word' id='word_1_620' title='bbox 1389 2061 1433 2088; x_wconf 84' lang='grc' dir='ltr'>διὰ</span> <span class='ocrx_word' id='word_1_621' title='bbox 1453 2059 1501 2087; x_wconf 78' lang='grc' dir='ltr'>τοῦ</span> <span class='ocrx_word' id='word_1_622' title='bbox 1523 2059 1619 2090; x_wconf 80' lang='grc' dir='ltr'>ὕδατος</span> <span class='ocrx_word' id='word_1_623' title='bbox 1640 2057 1787 2093; x_wconf 77' lang='grc' dir='ltr'>γινομένης</span> <span class='ocrx_word' id='word_1_624' title='bbox 1808 2056 1864 2082; x_wconf 80' lang='grc' dir='ltr'>ἀνα-</span> 
     </span>
    </p>
   </div>
   <div class='ocr_carea' id='block_1_86' title="bbox 1084 2100 1864 2143">
    <p class='ocr_par' dir='ltr' id='par_1_86' title="bbox 1084 2100 1864 2143">
     <span class='ocr_line' id='line_1_86' title="bbox 1084 2100 1864 2143; baseline -0.009 -9"><span class='ocrx_word' id='word_1_625' title='bbox 1084 2109 1236 2143; x_wconf 81' lang='grc' dir='ltr'>γεννήσεως</span> <span class='ocrx_word' id='word_1_626' title='bbox 1246 2107 1428 2143; x_wconf 81' lang='grc' dir='ltr'>ἐρωτηθέντες</span> <span class='ocrx_word' id='word_1_627' title='bbox 1442 2104 1671 2142; x_wconf 78' lang='grc' dir='ltr'>ἀποκρινούμεθα.</span> <span class='ocrx_word' id='word_1_628' title='bbox 1688 2103 1763 2130; x_wconf 80' lang='grc' dir='ltr'>Ἐκεῖ</span> <span class='ocrx_word' id='word_1_629' title='bbox 1773 2110 1804 2129; x_wconf 87' lang='grc' dir='ltr'><strong>τε</strong></span> <span class='ocrx_word' id='word_1_630' title='bbox 1816 2100 1864 2135; x_wconf 71' lang='grc' dir='ltr'>γὰρ</span> 
     </span>
    </p>
   </div>
   <div class='ocr_carea' id='block_1_87' title="bbox 1086 2146 1864 2189">
    <p class='ocr_par' dir='ltr' id='par_1_87' title="bbox 1086 2146 1864 2189">
     <span class='ocr_line' id='line_1_87' title="bbox 1086 2146 1864 2189; baseline -0.01 -9"><span class='ocrx_word' id='word_1_631' title='bbox 1086 2153 1217 2189; x_wconf 79' lang='grc' dir='ltr'>πρότερόν</span> <span class='ocrx_word' id='word_1_632' title='bbox 1233 2153 1306 2179; x_wconf 74' lang='grc' dir='ltr'>ἐστιν</span> <span class='ocrx_word' id='word_1_633' title='bbox 1319 2153 1427 2188; x_wconf 74' lang='grc' dir='ltr'>ἑκάστῳ</span> <span class='ocrx_word' id='word_1_634' title='bbox 1443 2151 1497 2178; x_wconf 74' lang='grc' dir='ltr'><strong>τῶν</strong></span> <span class='ocrx_word' id='word_1_635' title='bbox 1513 2149 1698 2186; x_wconf 72' lang='grc' dir='ltr'>ἠρωτημένων</span> <span class='ocrx_word' id='word_1_636' title='bbox 1712 2148 1800 2174; x_wconf 78' lang='grc' dir='ltr'>εἰπεῖν</span> <span class='ocrx_word' id='word_1_637' title='bbox 1810 2165 1817 2178; x_wconf 88' lang='grc'><strong>,</strong></span> <span class='ocrx_word' id='word_1_638' title='bbox 1828 2146 1864 2172; x_wconf 78' lang='grc' dir='ltr'>ὅτι</span> 
     </span>
    </p>
   </div>
   <div class='ocr_carea' id='block_1_88' title="bbox 249 2190 1034 2234">
    <p class='ocr_par' dir='ltr' id='par_1_88' title="bbox 249 2195 1033 2232">
     <span class='ocr_line' id='line_1_88' title="bbox 249 2195 1033 2232; baseline 0.003 -10"><span class='ocrx_word' id='word_1_639' title='bbox 249 2195 335 2229; x_wconf 80' lang='lat' dir='ltr'><strong>rogati</strong></span> <span class='ocrx_word' id='word_1_640' title='bbox 349 2195 582 2229; x_wconf 79' lang='lat' dir='ltr'><strong>respondebimus.</strong></span> <span class='ocrx_word' id='word_1_641' title='bbox 596 2196 664 2223; x_wconf 72' lang='lat' dir='ltr'><strong>Nam</strong></span> <span class='ocrx_word' id='word_1_642' title='bbox 675 2200 702 2224; x_wconf 89' lang='lat' dir='ltr'><strong>et</strong></span> <span class='ocrx_word' id='word_1_643' title='bbox 714 2196 770 2224; x_wconf 88' lang='lat' dir='ltr'><strong>illic</strong></span> <span class='ocrx_word' id='word_1_644' title='bbox 782 2197 930 2232; x_wconf 85' lang='lat' dir='ltr'><strong>unicuique</strong></span> <span class='ocrx_word' id='word_1_645' title='bbox 939 2204 1033 2224; x_wconf 89' lang='lat' dir='ltr'><strong>eorum</strong></span> 
     </span>
    </p>
   </div>
   <div class='ocr_carea' id='block_1_89' title="bbox 1086 2190 1865 2234">
    <p class='ocr_par' dir='ltr' id='par_1_89' title="bbox 1086 2190 1865 2234">
     <span class='ocr_line' id='line_1_89' title="bbox 1086 2190 1865 2234; baseline -0.009 -9"><span class='ocrx_word' id='word_1_646' title='bbox 1086 2198 1146 2234; x_wconf 72' lang='grc' dir='ltr'>θεία</span> <span class='ocrx_word' id='word_1_647' title='bbox 1160 2198 1272 2233; x_wconf 82' lang='grc' dir='ltr'>δυνάμει</span> <span class='ocrx_word' id='word_1_648' title='bbox 1287 2198 1389 2228; x_wconf 69' lang='grc' dir='ltr'>ἐκεῖνος</span> <span class='ocrx_word' id='word_1_649' title='bbox 1397 2195 1540 2232; x_wconf 79' lang='grc' dir='ltr'>ἄνθρωπος</span> <span class='ocrx_word' id='word_1_650' title='bbox 1554 2195 1687 2230; x_wconf 83' lang='grc' dir='ltr'>γίγνεται,</span> <span class='ocrx_word' id='word_1_651' title='bbox 1700 2190 1735 2229; x_wconf 82' lang='grc' dir='ltr'><strong>ἧς</strong></span> <span class='ocrx_word' id='word_1_652' title='bbox 1751 2192 1789 2228; x_wconf 83' lang='grc' dir='ltr'>μὴ</span> <span class='ocrx_word' id='word_1_653' title='bbox 1801 2198 1865 2225; x_wconf 71' lang='grc' dir='ltr'>παρ-</span> 
     </span>
    </p>
   </div>
   <div class='ocr_carea' id='block_1_90' title="bbox 249 2240 1035 2278">
    <p class='ocr_par' dir='ltr' id='par_1_90' title="bbox 249 2240 1035 2278">
     <span class='ocr_line' id='line_1_90' title="bbox 249 2240 1035 2278; baseline 0.006 -12"><span class='ocrx_word' id='word_1_654' title='bbox 249 2240 296 2274; x_wconf 83' lang='lat' dir='ltr'><strong>qui</strong></span> <span class='ocrx_word' id='word_1_655' title='bbox 321 2240 524 2276; x_wconf 72' lang='lat' dir='ltr'><strong>interrogantur</strong></span> <span class='ocrx_word' id='word_1_656' title='bbox 545 2242 573 2268; x_wconf 93' lang='lat' dir='ltr'><strong>in</strong></span> <span class='ocrx_word' id='word_1_657' title='bbox 602 2247 726 2277; x_wconf 88' lang='lat' dir='ltr'><strong>promptu</strong></span> <span class='ocrx_word' id='word_1_658' title='bbox 746 2247 789 2270; x_wconf 86' lang='lat' dir='ltr'><strong>est</strong></span> <span class='ocrx_word' id='word_1_659' title='bbox 815 2243 923 2276; x_wconf 87' lang='lat' dir='ltr'><strong>dicere,</strong></span> <span class='ocrx_word' id='word_1_660' title='bbox 960 2243 1035 2278; x_wconf 86' lang='lat' dir='ltr'><strong>quod</strong></span> 
     </span>
    </p>
   </div>
   <div class='ocr_carea' id='block_1_91' title="bbox 249 2285 1032 2323">
    <p class='ocr_par' dir='ltr' id='par_1_91' title="bbox 249 2285 1032 2323">
     <span class='ocr_line' id='line_1_91' title="bbox 249 2285 1032 2323; baseline 0.005 -11"><span class='ocrx_word' id='word_1_661' title='bbox 249 2285 340 2312; x_wconf 84' lang='lat' dir='ltr'><strong>divina</strong></span> <span class='ocrx_word' id='word_1_662' title='bbox 354 2285 453 2313; x_wconf 75' lang='lat' dir='ltr'><strong>virtute</strong></span> <span class='ocrx_word' id='word_1_663' title='bbox 463 2287 507 2314; x_wconf 89' lang='lat' dir='ltr'><strong>ille</strong></span> <span class='ocrx_word' id='word_1_664' title='bbox 519 2287 545 2313; x_wconf 84' lang='lat' dir='ltr'><strong>lit</strong></span> <span class='ocrx_word' id='word_1_665' title='bbox 557 2287 648 2320; x_wconf 91' lang='lat' dir='ltr'><strong>homo,</strong></span> <span class='ocrx_word' id='word_1_666' title='bbox 663 2295 723 2323; x_wconf 60' lang='lat' dir='ltr'><strong>qua)</strong></span> <span class='ocrx_word' id='word_1_667' title='bbox 734 2288 757 2316; x_wconf 89' lang='lat' dir='ltr'><strong>si</strong></span> <span class='ocrx_word' id='word_1_668' title='bbox 774 2296 828 2316; x_wconf 91' lang='lat' dir='ltr'><strong>non</strong></span> <span class='ocrx_word' id='word_1_669' title='bbox 842 2288 924 2321; x_wconf 87' lang='lat' dir='ltr'><strong>adsit,</strong></span> <span class='ocrx_word' id='word_1_670' title='bbox 940 2296 1032 2317; x_wconf 86' lang='lat' dir='ltr'><strong>semen</strong></span> 
     </span>
    </p>
   </div>
   <div class='ocr_carea' id='block_1_92' title="bbox 249 2331 1035 2369">
    <p class='ocr_par' dir='ltr' id='par_1_92' title="bbox 249 2331 1035 2369">
     <span class='ocr_line' id='line_1_92' title="bbox 249 2331 1035 2369; baseline 0.006 -12"><span class='ocrx_word' id='word_1_671' title='bbox 249 2337 292 2358; x_wconf 79' lang='lat' dir='ltr'><strong>est</strong></span> <span class='ocrx_word' id='word_1_672' title='bbox 317 2331 455 2359; x_wconf 87' lang='lat' dir='ltr'><strong>immobile</strong></span> <span class='ocrx_word' id='word_1_673' title='bbox 478 2336 506 2360; x_wconf 89' lang='lat' dir='ltr'><strong>et</strong></span> <span class='ocrx_word' id='word_1_674' title='bbox 530 2332 668 2361; x_wconf 78' lang='lat' dir='ltr'><strong>inefﬁcax.</strong></span> <span class='ocrx_word' id='word_1_675' title='bbox 687 2334 715 2361; x_wconf 92' lang='lat' dir='ltr'><strong>Si</strong></span> <span class='ocrx_word' id='word_1_676' title='bbox 733 2342 797 2369; x_wconf 76' lang='lat' dir='ltr'><strong>ergo</strong></span> <span class='ocrx_word' id='word_1_677' title='bbox 817 2334 873 2362; x_wconf 90' lang='lat' dir='ltr'><strong>illic</strong></span> <span class='ocrx_word' id='word_1_678' title='bbox 898 2342 952 2361; x_wconf 86' lang='lat' dir='ltr'><strong>non</strong></span> <span class='ocrx_word' id='word_1_679' title='bbox 969 2335 1035 2363; x_wconf 86' lang='lat' dir='ltr'><strong>sub-</strong></span> 
     </span>
    </p>
   </div>
   <div class='ocr_carea' id='block_1_93' title="bbox 247 2377 1036 2411">
    <p class='ocr_par' dir='ltr' id='par_1_93' title="bbox 247 2377 1036 2411">
     <span class='ocr_line' id='line_1_93' title="bbox 247 2377 1036 2411; baseline 0.006 -8"><span class='ocrx_word' id='word_1_680' title='bbox 247 2378 350 2409; x_wconf 80' lang='lat' dir='ltr'><strong>jectum</strong></span> <span class='ocrx_word' id='word_1_681' title='bbox 377 2377 443 2404; x_wconf 68' lang='lat' dir='ltr'><strong>facit</strong></span> <span class='ocrx_word' id='word_1_682' title='bbox 464 2378 611 2411; x_wconf 86' lang='lat' dir='ltr'><strong>hominem,</strong></span> <span class='ocrx_word' id='word_1_683' title='bbox 629 2379 678 2406; x_wconf 79' lang='lat' dir='ltr'><strong>Sed</strong></span> <span class='ocrx_word' id='word_1_684' title='bbox 696 2379 737 2407; x_wconf 87' lang='lat' dir='ltr'><strong>vis</strong></span> <span class='ocrx_word' id='word_1_685' title='bbox 758 2379 850 2407; x_wconf 87' lang='lat' dir='ltr'><strong>divina</strong></span> <span class='ocrx_word' id='word_1_686' title='bbox 871 2384 1036 2408; x_wconf 84' lang='lat' dir='ltr'><strong>transnmtat</strong></span> 
     </span>
    </p>
   </div>
   <div class='ocr_carea' id='block_1_94' title="bbox 250 2423 1035 2459">
    <p class='ocr_par' dir='ltr' id='par_1_94' title="bbox 250 2423 1035 2459">
     <span class='ocr_line' id='line_1_94' title="bbox 250 2423 1035 2459; baseline 0.005 -11"><span class='ocrx_word' id='word_1_687' title='bbox 250 2423 276 2449; x_wconf 90' lang='lat' dir='ltr'><strong>id</strong></span> <span class='ocrx_word' id='word_1_688' title='bbox 301 2424 372 2457; x_wconf 85' lang='lat' dir='ltr'><strong>quod</strong></span> <span class='ocrx_word' id='word_1_689' title='bbox 403 2428 515 2458; x_wconf 87' lang='lat' dir='ltr'><strong>apparet</strong></span> <span class='ocrx_word' id='word_1_690' title='bbox 537 2425 565 2452; x_wconf 91' lang='lat' dir='ltr'><strong>in</strong></span> <span class='ocrx_word' id='word_1_691' title='bbox 599 2428 724 2452; x_wconf 88' lang='lat' dir='ltr'><strong>naturam</strong></span> <span class='ocrx_word' id='word_1_692' title='bbox 749 2425 879 2459; x_wconf 86' lang='lat' dir='ltr'><strong>hominis,</strong></span> <span class='ocrx_word' id='word_1_693' title='bbox 907 2430 1035 2453; x_wconf 68' lang='lat' dir='ltr'><strong>extremae</strong></span> 
     </span>
    </p>
   </div>
   <div class='ocr_carea' id='block_1_95' title="bbox 250 2469 1033 2507">
    <p class='ocr_par' dir='ltr' id='par_1_95' title="bbox 250 2469 1033 2507">
     <span class='ocr_line' id='line_1_95' title="bbox 250 2469 1033 2507; baseline 0.004 -11"><span class='ocrx_word' id='word_1_694' title='bbox 250 2470 333 2497; x_wconf 77' lang='lat' dir='ltr'><strong>fuerit</strong></span> <span class='ocrx_word' id='word_1_695' title='bbox 358 2469 521 2505; x_wconf 74' lang='lat' dir='ltr'><strong>insipientia:</strong></span> <span class='ocrx_word' id='word_1_696' title='bbox 543 2470 698 2507; x_wconf 82' lang='lat' dir='ltr'><strong>ingratique</strong></span> <span class='ocrx_word' id='word_1_697' title='bbox 709 2476 737 2499; x_wconf 85' lang='lat' dir='ltr'><strong>et</strong></span> <span class='ocrx_word' id='word_1_698' title='bbox 753 2472 921 2501; x_wconf 86' lang='lat' dir='ltr'><strong>immemoris</strong></span> <span class='ocrx_word' id='word_1_699' title='bbox 937 2473 1033 2506; x_wconf 89' lang='lat' dir='ltr'><strong>animi,</strong></span> 
     </span>
    </p>
   </div>
   <div class='ocr_carea' id='block_1_96' title="bbox 250 2514 1034 2551">
    <p class='ocr_par' dir='ltr' id='par_1_96' title="bbox 250 2514 1034 2551">
     <span class='ocr_line' id='line_1_96' title="bbox 250 2514 1034 2551; baseline 0.004 -8"><span class='ocrx_word' id='word_1_700' title='bbox 250 2516 306 2543; x_wconf 86' lang='lat' dir='ltr'><strong>illic</strong></span> <span class='ocrx_word' id='word_1_701' title='bbox 324 2514 379 2543; x_wconf 90' lang='lat' dir='ltr'><strong>Deo</strong></span> <span class='ocrx_word' id='word_1_702' title='bbox 404 2519 508 2543; x_wconf 84' lang='lat' dir='ltr'><strong>tantam</strong></span> <span class='ocrx_word' id='word_1_703' title='bbox 537 2517 689 2546; x_wconf 88' lang='lat' dir='ltr'><strong>tribuentes</strong></span> <span class='ocrx_word' id='word_1_704' title='bbox 704 2518 844 2551; x_wconf 84' lang='lat' dir='ltr'><strong>virtutem,</strong></span> <span class='ocrx_word' id='word_1_705' title='bbox 874 2519 1034 2546; x_wconf 77' lang='lat' dir='ltr'><strong>existimare</strong></span> 
     </span>
    </p>
   </div>
   <div class='ocr_carea' id='block_1_97' title="bbox 248 2561 1034 2598">
    <p class='ocr_par' dir='ltr' id='par_1_97' title="bbox 248 2561 1034 2598">
     <span class='ocr_line' id='line_1_97' title="bbox 248 2561 1034 2598; baseline 0.008 -11"><span class='ocrx_word' id='word_1_706' title='bbox 248 2561 334 2590; x_wconf 86' lang='lat' dir='ltr'><strong>Deum</strong></span> <span class='ocrx_word' id='word_1_707' title='bbox 360 2562 411 2590; x_wconf 86' lang='lat' dir='ltr'><strong>hac</strong></span> <span class='ocrx_word' id='word_1_708' title='bbox 428 2563 456 2589; x_wconf 89' lang='lat' dir='ltr'><strong>in</strong></span> <span class='ocrx_word' id='word_1_709' title='bbox 481 2569 558 2598; x_wconf 85' lang='lat' dir='ltr'><strong>parte</strong></span> <span class='ocrx_word' id='word_1_710' title='bbox 569 2572 630 2592; x_wconf 84' lang='lat' dir='ltr'><strong>esse</strong></span> <span class='ocrx_word' id='word_1_711' title='bbox 649 2565 814 2593; x_wconf 86' lang='lat' dir='ltr'><strong>imbecillum</strong></span> <span class='ocrx_word' id='word_1_712' title='bbox 837 2566 870 2593; x_wconf 91' lang='lat' dir='ltr'><strong>ad</strong></span> <span class='ocrx_word' id='word_1_713' title='bbox 887 2574 964 2593; x_wconf 84' lang='lat' dir='ltr'><strong>suam</strong></span> <span class='ocrx_word' id='word_1_714' title='bbox 983 2566 1034 2593; x_wconf 91' lang='lat' dir='ltr'><strong>im-</strong></span> 
     </span>
    </p>
   </div>
   <div class='ocr_carea' id='block_1_98' title="bbox 249 2607 1034 2644">
    <p class='ocr_par' dir='ltr' id='par_1_98' title="bbox 249 2607 1034 2644">
     <span class='ocr_line' id='line_1_98' title="bbox 249 2607 1034 2644; baseline 0.003 -10"><span class='ocrx_word' id='word_1_715' title='bbox 249 2607 375 2641; x_wconf 82' lang='lat' dir='ltr'><strong>plendam</strong></span> <span class='ocrx_word' id='word_1_716' title='bbox 385 2607 561 2635; x_wconf 85' lang='lat' dir='ltr'><strong>voluntatem.</strong></span> <span class='ocrx_word' id='word_1_717' title='bbox 570 2608 640 2641; x_wconf 80' lang='lat' dir='ltr'><strong>Quid</strong></span> <span class='ocrx_word' id='word_1_718' title='bbox 649 2617 801 2642; x_wconf 89' lang='lat' dir='ltr'><strong>commune,</strong></span> <span class='ocrx_word' id='word_1_719' title='bbox 808 2609 943 2644; x_wconf 83' lang='lat' dir='ltr'><strong>inquiunt.</strong></span> <span class='ocrx_word' id='word_1_720' title='bbox 954 2609 1034 2637; x_wconf 84' lang='lat' dir='ltr'><strong>habet</strong></span> 
     </span>
    </p>
   </div>
   <div class='ocr_carea' id='block_1_99' title="bbox 248 2652 1034 2689">
    <p class='ocr_par' dir='ltr' id='par_1_99' title="bbox 248 2652 1034 2689">
     <span class='ocr_line' id='line_1_99' title="bbox 248 2652 1034 2689; baseline 0.005 -11"><span class='ocrx_word' id='word_1_721' title='bbox 248 2652 303 2679; x_wconf 79' lang='lat' dir='ltr'><strong>vita</strong></span> <span class='ocrx_word' id='word_1_722' title='bbox 326 2661 387 2679; x_wconf 86' lang='lat' dir='ltr'><strong>cum</strong></span> <span class='ocrx_word' id='word_1_723' title='bbox 408 2653 501 2688; x_wconf 84' lang='lat' dir='ltr'><strong>aqua?</strong></span> <span class='ocrx_word' id='word_1_724' title='bbox 519 2652 590 2686; x_wconf 85' lang='lat' dir='ltr'><strong>Quid</strong></span> <span class='ocrx_word' id='word_1_725' title='bbox 616 2658 706 2682; x_wconf 85' lang='lat' dir='ltr'><strong>autem</strong></span> <span class='ocrx_word' id='word_1_726' title='bbox 731 2654 782 2689; x_wconf 85' lang='lat' dir='ltr'><strong>(eis</strong></span> <span class='ocrx_word' id='word_1_727' title='bbox 803 2654 937 2688; x_wconf 84' lang='lat' dir='ltr'><strong>dicemus)</strong></span> <span class='ocrx_word' id='word_1_728' title='bbox 961 2663 1034 2682; x_wconf 85' lang='lat' dir='ltr'><strong>com-</strong></span> 
     </span>
    </p>
   </div>
   <div class='ocr_carea' id='block_1_100' title="bbox 249 2699 1034 2736">
    <p class='ocr_par' dir='ltr' id='par_1_100' title="bbox 249 2699 1034 2736">
     <span class='ocr_line' id='line_1_100' title="bbox 249 2699 1034 2736; baseline 0.005 -12"><span class='ocrx_word' id='word_1_729' title='bbox 249 2706 330 2725; x_wconf 87' lang='lat' dir='ltr'><strong>mune</strong></span> <span class='ocrx_word' id='word_1_730' title='bbox 352 2699 434 2726; x_wconf 85' lang='lat' dir='ltr'><strong>habet</strong></span> <span class='ocrx_word' id='word_1_731' title='bbox 459 2699 556 2726; x_wconf 90' lang='lat' dir='ltr'><strong>humor</strong></span> <span class='ocrx_word' id='word_1_732' title='bbox 575 2704 602 2727; x_wconf 89' lang='lat' dir='ltr'><strong>et</strong></span> <span class='ocrx_word' id='word_1_733' title='bbox 620 2700 710 2736; x_wconf 89' lang='lat' dir='ltr'><strong>imago</strong></span> <span class='ocrx_word' id='word_1_734' title='bbox 727 2700 796 2728; x_wconf 82' lang='lat' dir='ltr'><strong>Dei?</strong></span> <span class='ocrx_word' id='word_1_735' title='bbox 815 2701 868 2728; x_wconf 85' lang='lat' dir='ltr'><strong>Sed</strong></span> <span class='ocrx_word' id='word_1_736' title='bbox 886 2701 953 2728; x_wconf 90' lang='lat' dir='ltr'><strong>nihil</strong></span> <span class='ocrx_word' id='word_1_737' title='bbox 978 2701 1034 2728; x_wconf 92' lang='lat' dir='ltr'><strong>illic</strong></span> 
     </span>
    </p>
   </div>
   <div class='ocr_carea' id='block_1_101' title="bbox 248 2743 1033 2777">
    <p class='ocr_par' dir='ltr' id='par_1_101' title="bbox 248 2743 1033 2777">
     <span class='ocr_line' id='line_1_101' title="bbox 248 2743 1033 2777; baseline 0.006 -9"><span class='ocrx_word' id='word_1_738' title='bbox 248 2747 290 2769; x_wconf 90' lang='lat' dir='ltr'><strong>cst</strong></span> <span class='ocrx_word' id='word_1_739' title='bbox 322 2743 490 2777; x_wconf 67' lang='lat' dir='ltr'><strong>adnuirabile,</strong></span> <span class='ocrx_word' id='word_1_740' title='bbox 515 2745 537 2773; x_wconf 91' lang='lat' dir='ltr'><strong>si</strong></span> <span class='ocrx_word' id='word_1_741' title='bbox 559 2744 613 2773; x_wconf 90' lang='lat' dir='ltr'><strong>Deo</strong></span> <span class='ocrx_word' id='word_1_742' title='bbox 639 2746 745 2774; x_wconf 76' lang='lat' dir='ltr'><strong>volente</strong></span> <span class='ocrx_word' id='word_1_743' title='bbox 768 2747 867 2774; x_wconf 90' lang='lat' dir='ltr'><strong>humor</strong></span> <span class='ocrx_word' id='word_1_744' title='bbox 883 2747 981 2775; x_wconf 86' lang='lat' dir='ltr'><strong>transit</strong></span> <span class='ocrx_word' id='word_1_745' title='bbox 1007 2747 1033 2774; x_wconf 93' lang='lat' dir='ltr'><strong>in</strong></span> 
     </span>
    </p>
   </div>
   <div class='ocr_carea' id='block_1_102' title="bbox 249 2789 1034 2824">
    <p class='ocr_par' dir='ltr' id='par_1_102' title="bbox 249 2789 1034 2824">
     <span class='ocr_line' id='line_1_102' title="bbox 249 2789 1034 2824; baseline 0.008 -10"><span class='ocrx_word' id='word_1_746' title='bbox 249 2789 349 2815; x_wconf 80' lang='lat' dir='ltr'><strong>animal</strong></span> <span class='ocrx_word' id='word_1_747' title='bbox 377 2791 643 2824; x_wconf 61' lang='lat' dir='ltr'><strong>przestantissimum.</strong></span> <span class='ocrx_word' id='word_1_748' title='bbox 669 2791 705 2819; x_wconf 87' lang='lat' dir='ltr'><strong>De</strong></span> <span class='ocrx_word' id='word_1_749' title='bbox 725 2793 777 2820; x_wconf 81' lang='lat' dir='ltr'><strong>hoc</strong></span> <span class='ocrx_word' id='word_1_750' title='bbox 807 2793 888 2820; x_wconf 87' lang='lat' dir='ltr'><strong>etiam</strong></span> <span class='ocrx_word' id='word_1_751' title='bbox 908 2792 1034 2821; x_wconf 78' lang='lat' dir='ltr'><strong>similiter</strong></span> 
     </span>
    </p>
   </div>
   <div class='ocr_carea' id='block_1_103' title="bbox 249 2833 1031 2874">
    <p class='ocr_par' dir='ltr' id='par_1_103' title="bbox 249 2833 1031 2874">
     <span class='ocr_line' id='line_1_103' title="bbox 249 2833 1031 2874; baseline 0.006 -12"><span class='ocrx_word' id='word_1_752' title='bbox 249 2833 382 2870; x_wconf 85' lang='lat' dir='ltr'><strong>dicemus,</strong></span> <span class='ocrx_word' id='word_1_753' title='bbox 408 2836 519 2866; x_wconf 87' lang='lat' dir='ltr'><strong>minime</strong></span> <span class='ocrx_word' id='word_1_754' title='bbox 543 2846 603 2867; x_wconf 81' lang='lat' dir='ltr'><strong>esse</strong></span> <span class='ocrx_word' id='word_1_755' title='bbox 625 2838 791 2874; x_wconf 83' lang='lat' dir='ltr'><strong>mirandum,</strong></span> <span class='ocrx_word' id='word_1_756' title='bbox 816 2839 839 2868; x_wconf 92' lang='lat' dir='ltr'><strong>si</strong></span> <span class='ocrx_word' id='word_1_757' title='bbox 861 2838 960 2868; x_wconf 78' lang='lat' dir='ltr'><strong>divinae</strong></span> <span class='ocrx_word' id='word_1_758' title='bbox 975 2839 1031 2868; x_wconf 80' lang='lat' dir='ltr'><strong>vir-</strong></span> 
     </span>
    </p>
   </div>
   <div class='ocr_carea' id='block_1_104' title="bbox 1087 2236 1865 2280">
    <p class='ocr_par' dir='ltr' id='par_1_104' title="bbox 1087 2236 1865 2280">
     <span class='ocr_line' id='line_1_104' title="bbox 1087 2236 1865 2280; baseline -0.012 -8"><span class='ocrx_word' id='word_1_759' title='bbox 1087 2245 1187 2280; x_wconf 82' lang='grc' dir='ltr'>ούσης,</span> <span class='ocrx_word' id='word_1_760' title='bbox 1208 2243 1335 2279; x_wconf 81' lang='grc' dir='ltr'>ἀκίνητόν</span> <span class='ocrx_word' id='word_1_761' title='bbox 1354 2244 1413 2270; x_wconf 69' lang='grc' dir='ltr'>ἔστι</span> <span class='ocrx_word' id='word_1_762' title='bbox 1435 2242 1482 2270; x_wconf 74' lang='grc' dir='ltr'>καὶ</span> <span class='ocrx_word' id='word_1_763' title='bbox 1495 2240 1684 2276; x_wconf 85' lang='grc' dir='ltr'>ἀνενέργητον.</span> <span class='ocrx_word' id='word_1_764' title='bbox 1701 2239 1733 2267; x_wconf 82' lang='lat' dir='ltr'><strong>El</strong></span> <span class='ocrx_word' id='word_1_765' title='bbox 1753 2236 1865 2267; x_wconf 71' lang='grc' dir='ltr'>οὖνέκεῖ</span> 
     </span>
    </p>
   </div>
   <div class='ocr_carea' id='block_1_105' title="bbox 1086 2282 1864 2324">
    <p class='ocr_par' dir='ltr' id='par_1_105' title="bbox 1086 2282 1864 2324">
     <span class='ocr_line' id='line_1_105' title="bbox 1086 2282 1864 2324; baseline -0.012 -7"><span class='ocrx_word' id='word_1_766' title='bbox 1086 2291 1117 2317; x_wconf 84' lang='grc' dir='ltr'>οὐ</span> <span class='ocrx_word' id='word_1_767' title='bbox 1129 2290 1160 2316; x_wconf 81' lang='grc' dir='ltr'><strong>τὸ</strong></span> <span class='ocrx_word' id='word_1_768' title='bbox 1175 2289 1352 2324; x_wconf 76' lang='grc' dir='ltr'>ὑποκείμενον</span> <span class='ocrx_word' id='word_1_769' title='bbox 1372 2289 1445 2315; x_wconf 86' lang='grc' dir='ltr'><strong>ποιεί</strong></span> <span class='ocrx_word' id='word_1_770' title='bbox 1458 2287 1504 2314; x_wconf 77' lang='grc' dir='ltr'>τὸν</span> <span class='ocrx_word' id='word_1_771' title='bbox 1529 2286 1670 2322; x_wconf 73' lang='grc' dir='ltr'>ἄνθρωπον</span> <span class='ocrx_word' id='word_1_772' title='bbox 1681 2305 1688 2316; x_wconf 85' lang='grc'><strong>,</strong></span> <span class='ocrx_word' id='word_1_773' title='bbox 1705 2284 1762 2311; x_wconf 82' lang='grc' dir='ltr'>ἀλλ’</span> <span class='ocrx_word' id='word_1_774' title='bbox 1780 2284 1796 2318; x_wconf 78' lang='grc' dir='ltr'><strong>ἠ</strong></span> <span class='ocrx_word' id='word_1_775' title='bbox 1811 2282 1864 2309; x_wconf 75' lang='grc' dir='ltr'>θεία</span> 
     </span>
    </p>
   </div>
   <div class='ocr_carea' id='block_1_106' title="bbox 1085 2329 1865 2371">
    <p class='ocr_par' dir='ltr' id='par_1_106' title="bbox 1085 2329 1865 2371">
     <span class='ocr_line' id='line_1_106' title="bbox 1085 2329 1865 2371; baseline -0.01 -8"><span class='ocrx_word' id='word_1_776' title='bbox 1085 2336 1199 2371; x_wconf 87' lang='grc' dir='ltr'>δύναμις</span> <span class='ocrx_word' id='word_1_777' title='bbox 1218 2336 1258 2367; x_wconf 86' lang='grc' dir='ltr'>εἰς</span> <span class='ocrx_word' id='word_1_778' title='bbox 1271 2334 1413 2370; x_wconf 88' lang='grc' dir='ltr'>ἀνθρώπου</span> <span class='ocrx_word' id='word_1_779' title='bbox 1431 2332 1511 2368; x_wconf 81' lang='grc' dir='ltr'>φύσιν</span> <span class='ocrx_word' id='word_1_780' title='bbox 1534 2332 1676 2368; x_wconf 80' lang='grc' dir='ltr'>μεταποιεῖ</span> <span class='ocrx_word' id='word_1_781' title='bbox 1695 2330 1726 2357; x_wconf 84' lang='grc' dir='ltr'>τὸ</span> <span class='ocrx_word' id='word_1_782' title='bbox 1742 2329 1865 2364; x_wconf 83' lang='grc' dir='ltr'>φαινόμε-</span> 
     </span>
    </p>
   </div>
   <div class='ocr_carea' id='block_1_107' title="bbox 1086 2374 1865 2417">
    <p class='ocr_par' dir='ltr' id='par_1_107' title="bbox 1086 2374 1865 2417">
     <span class='ocr_line' id='line_1_107' title="bbox 1086 2374 1865 2417; baseline -0.01 -8"><span class='ocrx_word' id='word_1_783' title='bbox 1086 2390 1140 2415; x_wconf 85' lang='grc' dir='ltr'>νον,</span> <span class='ocrx_word' id='word_1_784' title='bbox 1153 2383 1203 2417; x_wconf 85' lang='grc' dir='ltr'>τῆς</span> <span class='ocrx_word' id='word_1_785' title='bbox 1217 2381 1334 2416; x_wconf 76' lang='grc' dir='ltr'>ἐσχάτης</span> <span class='ocrx_word' id='word_1_786' title='bbox 1358 2380 1392 2407; x_wconf 80' lang='grc' dir='ltr'>ἂν</span> <span class='ocrx_word' id='word_1_787' title='bbox 1410 2379 1452 2416; x_wconf 85' lang='grc' dir='ltr'><strong>εἴη</strong></span> <span class='ocrx_word' id='word_1_788' title='bbox 1472 2377 1684 2414; x_wconf 83' lang='grc' dir='ltr'>ἀγνωμοσύνης,</span> <span class='ocrx_word' id='word_1_789' title='bbox 1702 2377 1761 2404; x_wconf 72' lang='grc' dir='ltr'>ἐκεῖ</span> <span class='ocrx_word' id='word_1_790' title='bbox 1774 2374 1865 2403; x_wconf 84' lang='grc' dir='ltr'>τοσαύ-</span> 
     </span>
    </p>
   </div>
   <div class='ocr_carea' id='block_1_108' title="bbox 1085 2420 1864 2462">
    <p class='ocr_par' dir='ltr' id='par_1_108' title="bbox 1085 2420 1864 2462">
     <span class='ocr_line' id='line_1_108' title="bbox 1085 2420 1864 2462; baseline -0.009 -9"><span class='ocrx_word' id='word_1_791' title='bbox 1085 2435 1133 2462; x_wconf 87' lang='grc' dir='ltr'><strong>την</strong></span> <span class='ocrx_word' id='word_1_792' title='bbox 1145 2426 1184 2461; x_wconf 85' lang='grc' dir='ltr'>τῷ</span> <span class='ocrx_word' id='word_1_793' title='bbox 1198 2425 1257 2461; x_wconf 85' lang='grc' dir='ltr'>Θεῷ</span> <span class='ocrx_word' id='word_1_794' title='bbox 1273 2424 1550 2461; x_wconf 78' lang='grc' dir='ltr'>προσ-μαρτυροῦντας</span> <span class='ocrx_word' id='word_1_795' title='bbox 1573 2422 1687 2457; x_wconf 80' lang='grc' dir='ltr'>δύναμιν</span> <span class='ocrx_word' id='word_1_796' title='bbox 1699 2442 1706 2454; x_wconf 93' lang='grc'><strong>,</strong></span> <span class='ocrx_word' id='word_1_797' title='bbox 1719 2422 1824 2449; x_wconf 76' lang='grc' dir='ltr'>ἀτονεῖν</span> <span class='ocrx_word' id='word_1_798' title='bbox 1839 2420 1864 2445; x_wconf 79' lang='grc' dir='ltr'>ὲν</span> 
     </span>
    </p>
   </div>
   <div class='ocr_carea' id='block_1_109' title="bbox 1084 2466 1865 2507">
    <p class='ocr_par' dir='ltr' id='par_1_109' title="bbox 1084 2466 1865 2507">
     <span class='ocr_line' id='line_1_109' title="bbox 1084 2466 1865 2507; baseline -0.008 -9"><span class='ocrx_word' id='word_1_799' title='bbox 1084 2472 1124 2507; x_wconf 85' lang='grc' dir='ltr'>τῷ</span> <span class='ocrx_word' id='word_1_800' title='bbox 1138 2471 1215 2506; x_wconf 83' lang='grc' dir='ltr'>μέρει</span> <span class='ocrx_word' id='word_1_801' title='bbox 1228 2470 1315 2505; x_wconf 82' lang='grc' dir='ltr'>τούτῳ</span> <span class='ocrx_word' id='word_1_802' title='bbox 1328 2470 1358 2496; x_wconf 75' lang='grc' dir='ltr'>τὸ</span> <span class='ocrx_word' id='word_1_803' title='bbox 1369 2471 1446 2498; x_wconf 81' lang='grc' dir='ltr'><strong>Θείον</strong></span> <span class='ocrx_word' id='word_1_804' title='bbox 1458 2469 1561 2496; x_wconf 75' lang='grc' dir='ltr'>οἴεσθαι</span> <span class='ocrx_word' id='word_1_805' title='bbox 1576 2467 1645 2504; x_wconf 82' lang='grc' dir='ltr'>πρὸς</span> <span class='ocrx_word' id='word_1_806' title='bbox 1658 2467 1708 2502; x_wconf 81' lang='grc' dir='ltr'><strong>τὴν</strong></span> <span class='ocrx_word' id='word_1_807' title='bbox 1728 2466 1865 2500; x_wconf 68' lang='grc' dir='ltr'><strong>ἐκπλήρωο</strong></span> 
     </span>
    </p>
   </div>
   <div class='ocr_carea' id='block_1_110' title="bbox 1086 2511 1864 2552">
    <p class='ocr_par' dir='ltr' id='par_1_110' title="bbox 1086 2511 1864 2552">
     <span class='ocr_line' id='line_1_110' title="bbox 1086 2511 1864 2552; baseline -0.006 -8"><span class='ocrx_word' id='word_1_808' title='bbox 1086 2526 1128 2544; x_wconf 86' lang='grc' dir='ltr'><strong>σιν</strong></span> <span class='ocrx_word' id='word_1_809' title='bbox 1138 2517 1185 2544; x_wconf 83' lang='grc' dir='ltr'>τοῦ</span> <span class='ocrx_word' id='word_1_810' title='bbox 1200 2517 1361 2552; x_wconf 81' lang='grc' dir='ltr'>θελήματος.</span> <span class='ocrx_word' id='word_1_811' title='bbox 1378 2515 1410 2541; x_wconf 90' lang='grc' dir='ltr'>Τί</span> <span class='ocrx_word' id='word_1_812' title='bbox 1429 2515 1529 2547; x_wconf 81' lang='grc' dir='ltr'>κοινὸν,</span> <span class='ocrx_word' id='word_1_813' title='bbox 1542 2514 1635 2550; x_wconf 76' lang='grc' dir='ltr'>φασὶν,</span> <span class='ocrx_word' id='word_1_814' title='bbox 1651 2513 1727 2541; x_wconf 81' lang='grc' dir='ltr'>ὕδατι</span> <span class='ocrx_word' id='word_1_815' title='bbox 1740 2513 1788 2540; x_wconf 81' lang='grc' dir='ltr'>καὶ</span> <span class='ocrx_word' id='word_1_816' title='bbox 1801 2511 1864 2545; x_wconf 70' lang='lat' dir='ltr'><strong>Coiﬁ;</strong></span> 
     </span>
    </p>
   </div>
   <div class='ocr_carea' id='block_1_111' title="bbox 1085 2557 1865 2597">
    <p class='ocr_par' dir='ltr' id='par_1_111' title="bbox 1085 2557 1865 2597">
     <span class='ocr_line' id='line_1_111' title="bbox 1085 2557 1865 2597; baseline -0.01 -7"><span class='ocrx_word' id='word_1_817' title='bbox 1085 2563 1156 2590; x_wconf 83' lang='grc' dir='ltr'><strong>Τίδὲ</strong></span> <span class='ocrx_word' id='word_1_818' title='bbox 1171 2562 1271 2595; x_wconf 83' lang='grc' dir='ltr'>κοινδν,</span> <span class='ocrx_word' id='word_1_819' title='bbox 1286 2562 1354 2597; x_wconf 78' lang='grc' dir='ltr'>πρὸς</span> <span class='ocrx_word' id='word_1_820' title='bbox 1366 2561 1446 2587; x_wconf 75' lang='grc' dir='ltr'>αὑτὸν</span> <span class='ocrx_word' id='word_1_821' title='bbox 1460 2560 1576 2596; x_wconf 81' lang='grc' dir='ltr'>ἐροῦμεν</span> <span class='ocrx_word' id='word_1_822' title='bbox 1588 2579 1596 2592; x_wconf 95' lang='grc'><strong>,</strong></span> <span class='ocrx_word' id='word_1_823' title='bbox 1616 2559 1746 2594; x_wconf 81' lang='grc' dir='ltr'>ὑγρότητι</span> <span class='ocrx_word' id='word_1_824' title='bbox 1762 2558 1809 2586; x_wconf 78' lang='grc' dir='ltr'>καὶ</span> <span class='ocrx_word' id='word_1_825' title='bbox 1831 2557 1865 2582; x_wconf 84' lang='grc' dir='ltr'><strong>ει-</strong></span> 
     </span>
    </p>
   </div>
   <div class='ocr_carea' id='block_1_112' title="bbox 1085 2601 1883 2641">
    <p class='ocr_par' dir='ltr' id='par_1_112' title="bbox 1085 2601 1883 2641">
     <span class='ocr_line' id='line_1_112' title="bbox 1085 2601 1883 2641; baseline -0.009 -6"><span class='ocrx_word' id='word_1_826' title='bbox 1085 2608 1144 2636; x_wconf 83' lang='grc' dir='ltr'>κόνι</span> <span class='ocrx_word' id='word_1_827' title='bbox 1158 2607 1225 2634; x_wconf 78' lang='grc' dir='ltr'>θεοῦ</span> <span class='ocrx_word' id='word_1_828' title='bbox 1238 2616 1245 2641; x_wconf 87' lang='grc'><strong>;</strong></span> <span class='ocrx_word' id='word_1_829' title='bbox 1271 2607 1341 2633; x_wconf 79' lang='grc' dir='ltr'><strong>Ἀλλ’</strong></span> <span class='ocrx_word' id='word_1_830' title='bbox 1355 2607 1431 2634; x_wconf 83' lang='grc' dir='ltr'>οὐδὲν</span> <span class='ocrx_word' id='word_1_831' title='bbox 1446 2607 1505 2633; x_wconf 81' lang='grc' dir='ltr'><strong>ὲκεί</strong></span> <span class='ocrx_word' id='word_1_832' title='bbox 1519 2606 1550 2633; x_wconf 83' lang='grc' dir='ltr'><strong>τὺ</strong></span> <span class='ocrx_word' id='word_1_833' title='bbox 1572 2604 1739 2640; x_wconf 79' lang='grc' dir='ltr'>παράδοξον,</span> <span class='ocrx_word' id='word_1_834' title='bbox 1754 2604 1779 2630; x_wconf 83' lang='lat' dir='ltr'><strong>sl</strong></span> <span class='ocrx_word' id='word_1_835' title='bbox 1802 2601 1864 2630; x_wconf 77' lang='grc' dir='ltr'><strong>8εοῦ</strong></span> <span class='ocrx_word' id='word_1_836' title='bbox 1878 2626 1883 2632; x_wconf 86' lang='grc'><em>,</em></span> 
     </span>
    </p>
   </div>
   <div class='ocr_carea' id='block_1_113' title="bbox 1086 2649 1864 2691">
    <p class='ocr_par' dir='ltr' id='par_1_113' title="bbox 1086 2649 1864 2691">
     <span class='ocr_line' id='line_1_113' title="bbox 1086 2649 1864 2691; baseline -0.008 -9"><span class='ocrx_word' id='word_1_837' title='bbox 1086 2654 1246 2691; x_wconf 83' lang='grc' dir='ltr'>βουλομένου</span> <span class='ocrx_word' id='word_1_838' title='bbox 1272 2653 1341 2689; x_wconf 77' lang='grc' dir='ltr'>πρὸς</span> <span class='ocrx_word' id='word_1_839' title='bbox 1358 2653 1389 2679; x_wconf 80' lang='grc' dir='ltr'>τὸ</span> <span class='ocrx_word' id='word_1_840' title='bbox 1401 2652 1564 2688; x_wconf 87' lang='grc' dir='ltr'>τιμιώτατον</span> <span class='ocrx_word' id='word_1_841' title='bbox 1587 2651 1655 2683; x_wconf 82' lang='grc' dir='ltr'>ζῶον</span> <span class='ocrx_word' id='word_1_842' title='bbox 1672 2651 1703 2677; x_wconf 78' lang='grc' dir='ltr'>τὸ</span> <span class='ocrx_word' id='word_1_843' title='bbox 1717 2649 1800 2684; x_wconf 74' lang='grc' dir='ltr'>ὑγρὸν</span> <span class='ocrx_word' id='word_1_844' title='bbox 1822 2655 1864 2682; x_wconf 81' lang='grc' dir='ltr'>με-</span> 
     </span>
    </p>
   </div>
   <div class='ocr_carea' id='block_1_114' title="bbox 1083 2692 1865 2732">
    <p class='ocr_par' dir='ltr' id='par_1_114' title="bbox 1083 2692 1865 2732">
     <span class='ocr_line' id='line_1_114' title="bbox 1083 2692 1865 2732; baseline -0.01 -5"><span class='ocrx_word' id='word_1_845' title='bbox 1083 2700 1216 2727; x_wconf 77' lang='grc' dir='ltr'>ταϐαίνει.</span> <span class='ocrx_word' id='word_1_846' title='bbox 1239 2699 1276 2726; x_wconf 81' lang='grc' dir='ltr'>Τὸ</span> <span class='ocrx_word' id='word_1_847' title='bbox 1298 2697 1356 2725; x_wconf 80' lang='grc' dir='ltr'>ῐσον</span> <span class='ocrx_word' id='word_1_848' title='bbox 1385 2698 1432 2725; x_wconf 80' lang='grc' dir='ltr'>καὶ</span> <span class='ocrx_word' id='word_1_849' title='bbox 1461 2698 1508 2725; x_wconf 67' lang='grc' dir='ltr'><strong>ἐπὶ</strong></span> <span class='ocrx_word' id='word_1_850' title='bbox 1533 2698 1628 2724; x_wconf 83' lang='grc' dir='ltr'>τούτου</span> <span class='ocrx_word' id='word_1_851' title='bbox 1650 2696 1757 2732; x_wconf 78' lang='grc' dir='ltr'>φαμὲν,</span> <span class='ocrx_word' id='word_1_852' title='bbox 1788 2692 1865 2730; x_wconf 71' lang='grc' dir='ltr'>μηδὲν</span> 
     </span>
    </p>
   </div>
   <div class='ocr_carea' id='block_1_115' title="bbox 1085 2737 1865 2780">
    <p class='ocr_par' dir='ltr' id='par_1_115' title="bbox 1085 2737 1865 2780">
     <span class='ocr_line' id='line_1_115' title="bbox 1085 2737 1865 2780; baseline -0.01 -8"><span class='ocrx_word' id='word_1_853' title='bbox 1085 2744 1154 2772; x_wconf 77' lang='grc' dir='ltr'>εἶναι</span> <span class='ocrx_word' id='word_1_854' title='bbox 1181 2744 1344 2780; x_wconf 77' lang='grc' dir='ltr'>θαυμαστὸν,</span> <span class='ocrx_word' id='word_1_855' title='bbox 1366 2744 1390 2770; x_wconf 72' lang='grc' dir='ltr'>εἰ</span> <span class='ocrx_word' id='word_1_856' title='bbox 1408 2743 1483 2774; x_wconf 85' lang='grc' dir='ltr'>θείας</span> <span class='ocrx_word' id='word_1_857' title='bbox 1497 2742 1635 2777; x_wconf 84' lang='grc' dir='ltr'>δυνάμεως</span> <span class='ocrx_word' id='word_1_858' title='bbox 1653 2740 1788 2776; x_wconf 85' lang='grc' dir='ltr'>παρουσία</span> <span class='ocrx_word' id='word_1_859' title='bbox 1802 2737 1865 2774; x_wconf 77' lang='grc' dir='ltr'>πρὸς</span> 
     </span>
    </p>
   </div>
   <div class='ocr_carea' id='block_1_116' title="bbox 1084 2785 1865 2826">
    <p class='ocr_par' dir='ltr' id='par_1_116' title="bbox 1084 2785 1865 2826">
     <span class='ocr_line' id='line_1_116' title="bbox 1084 2785 1865 2826; baseline -0.01 -8"><span class='ocrx_word' id='word_1_860' title='bbox 1084 2791 1238 2826; x_wconf 64' lang='grc' dir='ltr'>ἀφθαρσίαν</span> <span class='ocrx_word' id='word_1_861' title='bbox 1254 2789 1449 2826; x_wconf 76' lang='grc' dir='ltr'>μετασκευάζει</span> <span class='ocrx_word' id='word_1_862' title='bbox 1466 2789 1495 2821; x_wconf 73' lang='grc' dir='ltr'>τὸ</span> <span class='ocrx_word' id='word_1_863' title='bbox 1509 2789 1538 2816; x_wconf 75' lang='grc' dir='ltr'>ἐν</span> <span class='ocrx_word' id='word_1_864' title='bbox 1556 2789 1590 2824; x_wconf 83' lang='grc' dir='ltr'><strong>τῇ</strong></span> <span class='ocrx_word' id='word_1_865' title='bbox 1608 2788 1714 2824; x_wconf 77' lang='grc' dir='ltr'>φθαρτῇ</span> <span class='ocrx_word' id='word_1_866' title='bbox 1729 2785 1808 2821; x_wconf 76' lang='grc' dir='ltr'>φύσει</span> <span class='ocrx_word' id='word_1_867' title='bbox 1821 2790 1865 2818; x_wconf 85' lang='grc' dir='ltr'>γι-</span> 
     </span>
    </p>
   </div>
   <div class='ocr_carea' id='block_1_117' title="bbox 1085 2837 1207 2872">
    <p class='ocr_par' dir='ltr' id='par_1_117' title="bbox 1085 2837 1207 2872">
     <span class='ocr_line' id='line_1_117' title="bbox 1085 2837 1207 2872; baseline -0.008 -8"><span class='ocrx_word' id='word_1_868' title='bbox 1085 2837 1207 2872; x_wconf 76' lang='grc' dir='ltr'>νόμενον.</span> 
     </span>
    </p>
   </div>
  </div>
