1926 3080
84 96 118 123 8.;
704 93 832 122 οιιιιῑιο
843 93 1094 122 CATICCllETICA.
1181 95 1186 100 ·
1617 127 1619 130 ι
1687 85 1721 113 86

89 150 158 176 tutis
184 154 328 184 pia-sentio
354 151 533 180 transformat
553 152 587 180 ad
602 153 837 189 incorruptionem
852 152 878 181 id
899 152 971 189 quod
998 157 1091 180 natum
1116 151 1203 180 fuerat
1225 150 1251 177 in
1294 152 1392 177 natura
1415 148 1442 176 in
1466 155 1548 183 quam
1572 147 1646 175 cadit
1678 146 1721 176 ιιι-

89 195 201 222 teritus.

377 244 504 272 κεψΑΑ.
520 245 582 272 Λιν.
810 271 816 277 ,

132 287 214 315 Ἀλλὰ
233 287 360 323 ζητοῦσιν
382 290 519 324 ἀπόδειξιν
534 290 581 317 τοῦ
604 292 732 327 παρεῖναι
755 291 786 318 τὸ
804 292 882 319 Θεῖον

89 334 139 360 ἐπὶ
154 334 299 370 ἀγιασμῶν
314 335 368 362 τῶν
378 336 526 371 γινομένων
540 336 714 372 καλούμενον.
723 336 751 364 ’0
764 336 793 364 δὲ
804 336 883 363 τοῦτο

90 378 193 414 ζητῶν,
210 380 359 414 ἀναγνώτω
375 380 455 407 πάλιν
468 381 502 408 τὰ
517 382 632 408 κατόπιν
646 381 828 418 ἐξητασμένα.
851 382 882 409 Ἦ

90 425 148 461 γὰρ
160 427 318 462 κατασκευὴ
336 427 382 454 τοῦ
395 428 444 464 τὴν
456 428 500 455 διὰ
511 429 611 464 σαρκὸς
625 429 692 463 ἡμῖν
706 429 883 463 ἐπιφανεῖσαν

89 471 218 507 δύναμιν,
231 470 341 506 ἀληθῶς
357 472 431 499 Θείαν
440 471 517 508 εἶναι,
527 473 574 500 τοῦ
585 473 717 510 παρόντος
732 472 812 506 λόγου
826 480 884 499 συν-

89 518 193 553 ηγορία
209 518 324 552 γίνεται.
340 519 496 554 Δειχθέντος
521 518 576 554 γὰρ
598 518 645 545 τοῦ
667 517 732 544 Θεὸν
747 516 816 544 εἷναι
838 517 884 545 τὸν

91 567 123 592 ἐν
138 565 221 601 σαρκὶ
239 566 441 601 φανερωθέντα,
455 567 511 598 τοῖς
526 566 571 593 διὰ
582 566 636 592 τῶν
650 565 799 601 γινομένων
816 565 883 592 θαύ·

93 619 163 646 μασι
178 611 228 647 τὴν
254 610 335 646 φύσιν
356 612 453 639 ἑαυτοῦ
467 612 612 645 δείξαντα,
638 610 832 646 συναπεδείχθη
853 609 884 636 τὸ

94 658 221 692 παρεῖναι
238 658 295 689 τοῖς
321 657 472 693 γινομένοις
495 657 576 684 αὐτὸν
600 656 670 684 κατὰ
685 657 774 684 πάντα
788 655 885 692 καιρὸν

93 702 278 738 ἐπικλήσεως.
288 702 393 738 Ὠσπερ
407 702 460 739 γὰρ
472 702 587 730 ἑκάστου
602 702 657 730 τῶν
669 702 753 729 δντων
770 702 828 729 ἐστί
843 710 884 733 τις

95 747 196 782 ἰδιότης
219 748 236 783 ἡ
261 747 311 783 τὴν
327 747 407 782 φύσιν
422 748 592 784 γνωρίζουσα
604 757 612 764 ·
637 747 723 780 οὕτως
738 747 802 775 ῐδιόν
826 748 885 774 ἐστι

93 793 146 827 τῆς
165 792 241 824 θείας
258 793 366 828 φύσεως
385 795 401 830 ἡ
418 794 541 829 ἀλήθεια.
563 793 642 821 Ἀλλὰ
668 793 721 830 μὴν
745 793 789 821 ἀεὶ
813 802 884 829 παρ-

94 838 207 865 έσεσθαι
220 840 276 871 τοῖς
287 839 510 875 ἐπικαλουμένοις
525 839 701 875 ἐπήγγελται,
710 840 758 867 καὶ
769 840 798 866 ἐν
811 839 886 874 μέσῳ

94 884 150 911 τῶν
165 884 346 911 πιστευόντων
361 883 440 918 εἶναι,
456 885 503 912 καὶ
518 885 547 912 ἐν
564 886 632 912 πᾶσι
653 885 751 920 μένειν
760 886 807 912 καὶ
821 885 885 912 ἐκάη

1188 236 1304 265 CAPUT
1344 236 1462 264 XXXIV.

969 287 1023 314 Sed
1047 289 1173 320 qumrunt
1206 288 1235 311 ut
1262 284 1312 311 sibi
1344 282 1522 313 ostendatur.
1550 280 1624 316 quod
1652 280 1724 308 Deus

933 333 1004 362 adsit
1025 332 1168 359 invocatus
1185 330 1213 357 in
1231 329 1265 357 iis
1285 337 1345 365 quae
1360 329 1428 356 fiunt
1444 327 1722 356 sanctiﬁcationibus.

932 380 983 412 Qui
1008 383 1098 405 autem
1113 377 1164 404 hoc
1177 375 1286 411 quaerit,
1301 377 1410 402 revocet
1427 374 1455 400 in
1471 378 1591 401 mentem
1617 380 1649 400 ea
1663 379 1724 408 qum

933 429 1008 453 retro
1019 428 1083 452 sunt
1100 422 1265 451 examinata.
1279 420 1460 449 Conﬁrmatio
1475 419 1559 453 enim,
1575 419 1647 454 quod
1662 426 1725 454 qua:

933 478 982 506 per
996 477 1106 497 carnem
1128 468 1209 496 nobis
1229 466 1356 503 apparuit
1370 467 1468 499 virtus,
1482 474 1546 494 vere
1564 466 1600 494 sit
1616 465 1721 497 divina,

934 514 1056 543 defendit
1080 513 1107 541 id
1131 513 1205 549 quod
1225 512 1343 540 dicimus
1360 511 1387 538 in
1408 511 1564 546 praesentia.
1578 510 1644 538 Nam
1662 518 1724 538 cum

933 567 1075 589 ostensum
1108 560 1145 589 sit
1172 559 1244 595 quod
1273 559 1310 587 sit
1332 557 1404 586 Deus
1427 557 1474 592 qui
1503 565 1581 586 suam
1606 556 1726 585 ostendit

935 611 1062 635 naturam
1083 605 1224 634 miraculis
1243 612 1291 641 per
1308 612 1341 632 ea
1357 611 1419 640 quae
1441 603 1519 637 ﬁunt,
1545 603 1626 631 simul
1642 603 1724 631 etiam

934 657 1073 681 ostensum
1097 656 1149 686 est,
1178 659 1240 680 eum
1261 651 1360 679 adesse
1378 651 1412 678 iis
1438 657 1498 686 quae
1518 650 1586 677 ﬁunt
1603 654 1726 684 tempore

934 698 1128 727 invocationis.
1155 697 1299 731 Quomodo
1320 697 1394 724 enim
1409 696 1437 724 in
1453 703 1619 731 unoquoque
1630 702 1725 723 eorum

934 753 996 782 qua:
1006 749 1080 778 sunt,
1096 749 1138 773 est
1148 744 1271 780 quaedam
1288 743 1442 781 proprietas
1456 751 1518 779 quae
1527 746 1618 770 notam
1637 741 1727 769 reddit

935 797 1073 824 naturam,
1107 791 1146 818 ita
1162 790 1263 818 divina:
1281 794 1386 817 natum
1403 788 1598 824 propriumvest
1613 787 1725 817 veritas.

934 838 1016 873 Atqui
1044 836 1236 864 invocantibus
1251 844 1281 865 se
1297 843 1405 872 semper
1420 834 1568 866 affuturum
1582 838 1624 865 cst
1647 833 1727 869 polli-

935 885 1019 916 citus,
1043 887 1070 911 et
1096 883 1218 911 futurum
1239 882 1270 911 in.
1282 881 1373 909 medio
1386 880 1568 912 credentium,
1584 885 1610 907 el
1622 879 1650 906 in
1664 887 1727 907 om-

95 939 152 965 στῳ
164 931 292 962 συνεῖναι,
305 929 352 958 καὶ
360 930 448 957 οὐκέτ’
460 931 493 958 ἂν
503 931 599 967 ἐτέρας
611 917 697 964 εις-τὸ
710 933 837 968 παρεῖναι
853 931 885 958 τὸ

943 931 1019 959 nibus
1044 936 1215 961 mansurum,
1235 932 1338 957 etcum
1358 933 1524 962 unoquoque
1548 929 1727 956 conversatu-

94 974 175 1001 Θείον
185 975 241 1006 τοῖς
256 976 408 1011 γινομένοις
428 976 591 1009 ἀποδείξεως
608 978 804 1014 προσδεοίμεθα
814 987 822 994 ·
839 978 885 1005 τὸν

96 1019 149 1054 μὲν
164 1019 230 1046 Θεὸν
247 1017 316 1047 εἶναι
331 1021 375 1047 διὰ
389 1020 444 1047 τῶν
466 1020 610 1056 θαυμάτων
632 1022 721 1050 αὐτῶν
741 1031 886 1049 πεπιστευ-

96 1066 176 1098 κότες
187 1085 195 1099 ,
207 1066 236 1092 ἐν
249 1066 279 1092 δὲ
292 1065 331 1102 τῷ
344 1066 455 1101 ἀψευδεῖ
465 1067 516 1102 τῆς
528 1068 701 1103 ὑποσχέσεως
718 1070 843 1105 παρεῖναι
855 1068 886 1095 τὸ

94 1110 302 1146 ἐπηγγελμένον
314 1111 363 1138 οὐκ
374 1111 599 1147 ἀμφιδάλλοντες.
615 1112 652 1139 Τὸ
666 1112 695 1138 δὲ
708 1112 886 1147 προηγεῖσθαι

93 1157 144 1193 τὴν
157 1157 202 1184 διὰ
215 1158 266 1193 τῆς
279 1157 361 1193 εὐχῆς
374 1158 468 1193 κλῆσιν
484 1158 535 1193 τῆς
553 1157 628 1190 θείας
647 1158 801 1193 οἰκονομίας
813 1178 820 1190 ,
839 1166 886 1184 πε-

96 1203 205 1238 ριουσία
218 1203 261 1235 τίς
276 1204 334 1230 ἐστι
350 1204 399 1238 τῆς
415 1202 578 1236 ἀποδείξεως
594 1203 641 1230 τοῦ
658 1203 729 1230 κατὰ
745 1203 811 1230 Θεὸν
827 1204 886 1230 ἐπι-

95 1247 232 1274 τελεῖσθαι
243 1247 274 1275 τὸ
286 1247 489 1283 ἐνεργούμενον.
503 1248 533 1274 Et
548 1247 602 1284 γὰρ
613 1247 660 1274 ἐπὶ
672 1248 718 1274 τοῦ
731 1248 825 1283 ἐτέρου
837 1248 887 1283 τῆς

95 1293 318 1328 ἀνθρωποποιῖας
336 1292 442 1326 εῑδους,
470 1293 497 1320 at
526 1292 581 1319 τῶν
608 1292 765 1327 γεννώντων
791 1292 889 1329 ὁρμαὶ,

98 1339 150 1365 xiv
167 1338 205 1373 μὴ
220 1337 356 1374 ἐπικληθῇ
374 1338 439 1373 παρ’
458 1337 550 1365 αὐτῶν
561 1337 594 1364 δι’
605 1337 687 1372 εὐχῆς
700 1337 731 1364 τὸ
745 1337 838 1369 Θεῖον,
854 1338 887 1372 τῇ

96 1384 144 1410 τοῦ
158 1383 227 1410 Θεοῦ
242 1383 367 1419 δυνάμει,
383 1383 473 1415 καθὼς
489 1384 518 1409 ἐν
531 1384 587 1415 τοῖς
601 1383 754 1419 ἔμπροσθεν
769 1383 888 1418 εἴρηται,

99 1429 296 1456 διαπλάσσουσι
313 1429 344 1456 τὸ
358 1429 526 1465 γεννώμενον
536 1437 543 1444 ·
561 1426 594 1465 ἧς
605 1429 785 1465 χωρισθείσ-ης
799 1429 890 1464 ἄπρα-

99 1475 163 1507 κτός
176 1476 250 1502 ἐστιν
267 1476 282 1510 ἡ
305 1475 405 1515 σπουδὴ
420 1475 467 1502 καὶ
488 1475 629 1511 ἀνόνητος·
648 1475 723 1510 πόσῳ
737 1474 837 1509 μᾶλλον
860 1474 890 1501 ἐν

100 1521 139 1556 τῷ
154 1521 333 1556 πνευματικῷ
345 1522 393 1557 τῆς
404 1521 557 1556 γεννήσεως
568 1521 671 1557 τρόπῳ,
681 1521 727 1548 καὶ
737 1519 804 1547 Θεοῦ
818 1528 890 1556 παρ-

101 1567 210 1594 έσεσθαι
234 1569 292 1599 τοῖς
308 1567 463 1603 γενομένοις
477 1567 693 1603 ἐπηγγελμένον,
706 1568 752 1594 καὶ
765 1567 814 1603 τὴν
825 1566 890 1603 παρ’

101 1614 198 1641 ἑαυτοῦ
215 1613 331 1648 δύναμιν
345 1613 526 1645 ὲντεϐεικότος
542 1613 580 1648 τῷ
595 1613 668 1649 ἔργῳ
679 1634 686 1645 ,
703 1613 794 1645 καθὼς
811 1622 891 1640 πεπι-

101 1660 257 1695 στεύκαμεν
270 1667 276 1674 ·
292 1659 339 1686 καὶ
359 1660 408 1695 τῆς
422 1660 559 1695 ἡμετέρας
577 1659 762 1696 προαιρέσεως
781 1659 848 1694 πρὸς
862 1659 892 1686 τὸ

101 1705 322 1741 σπουδαζόμενον
338 1705 385 1741 τὴν
405 1706 492 1742 ὁρμὴν
505 1706 620 1741 ἐχούσης
633 1714 640 1721 ·
663 1707 687 1732 εἰ
712 1704 892 1740 συμπαραλη-

101 1751 182 1787 φθείη
198 1751 374 1786 καθηκόντως
390 1752 406 1786 ἡ
429 1751 472 1778 διὰ
485 1751 535 1786 τῆς
550 1751 633 1786 εὐχῆς
649 1750 791 1786 συμμαχία
803 1771 809 1782 ,
825 1750 894 1785 μᾶλ-

101 1798 147 1825 λον
163 1797 288 1830 ἐπιτελὲς
303 1797 379 1824 ἔσται
397 1797 428 1824 τὸ
439 1796 667 1832 σπουδαζόμενον;
681 1796 814 1832 Καθάπερ
827 1796 856 1823 δὲ
869 1796 893 1822 οι

102 1845 238 1879 ἐπιφᾶναι
258 1843 305 1870 τὸν
319 1843 393 1879 ἥλιον
413 1843 504 1875 αὐτοῖς
523 1842 663 1878 εὐχόμενοι
675 1841 714 1876 τῷ
728 1841 787 1877 Θεῷ
798 1861 805 1874 ,
819 1841 894 1868 οὐδὲν

103 1889 274 1926 ἀμϐλύνουσι
298 1889 329 1916 τὸ
352 1889 458 1921 πάντως
474 1889 628 1924 γινόμενον·
650 1887 710 1914 οὐδὲ
731 1888 785 1923 μὴν
809 1888 895 1923 ἄχρη-

105 1945 168 1964 στον
187 1934 259 1963 εἷναί
274 1944 318 1967 τις
335 1935 415 1970 φήσει
429 1935 477 1971 τὴν
495 1934 550 1961 τῶν
567 1933 791 1970 προσευχομένων
810 1941 895 1960 σπου-

104 1983 163 2018 δὴν,
176 1983 201 2009 ει
215 1981 280 2018 περὶ
295 1980 342 2008 τοῦ
355 1981 462 2012 πάντως
478 1979 605 2014 ἐσομένου
620 1979 666 2006 τὸν
680 1979 746 2006 Θεὸν
758 1979 895 2006 ἱκετεύου-

106 2037 148 2055 σιν
160 2035 168 2042 ⁸
186 2027 275 2058 οὕτως
293 2027 317 2053 οἱ
331 2025 557 2061 πεπιστευμένοι,
575 2024 646 2051 κατὰ
659 2025 708 2059 τὴν
729 2025 834 2060 ἀψευδῆ
848 2024 894 2051 τοῦ

106 2073 346 2108 ἐπαγγειλαμένου
360 2072 505 2107 ὑπόσχεσιν
523 2070 631 2103 πάντως
646 2071 771 2106 παρεῖναι
786 2071 834 2108 τὴν
850 2071 896 2106 χά-

108 2129 150 2156 ριν
161 2122 220 2152 τοῖς
232 2119 277 2146 διὰ
290 2119 339 2154 τῆς
354 2119 488 2154 μυστικῆς
498 2117 600 2152 ταύτης
614 2117 769 2152 οίκονομίας
782 2118 897 2152 ἀναγεν-

106 2167 254 2202 νωμένοις,
267 2165 284 2200 ἢ
305 2165 462 2201 προσθήκην
478 2163 540 2191 τινὰ
555 2163 694 2191 ποιοῦνται
707 2164 757 2199 τῆς
775 2164 896 2203 χάριτος,

107 2212 124 2247 ἢ
139 2211 188 2248 τὴν
197 2210 282 2239 οὖσαν
294 2210 344 2237 οὐκ
356 2209 581 2245 ἀποστρέφουσιν.
596 2209 633 2236 Τὸ
646 2209 700 2245 γὰρ
714 2210 824 2242 πάντως
835 2219 897 2237 συν-

108 2260 176 2286 εἶναι
200 2258 246 2285 διὰ
266 2257 298 2283 τὸ
313 2257 380 2283 Θεὸν
399 2254 468 2284 εἶναι
491 2256 537 2283 τὸν
553 2256 785 2291 ἐπαγγειλάμενον
814 2254 898 2282 πεπί-

109 2310 231 2329 στευται.
248 2301 316 2328 Ἡδὲ
325 2301 376 2335 τῆς
392 2301 524 2337 Θεότητος
544 2301 680 2338 μαρτυρία
698 2302 742 2330 διὰ
761 2303 811 2338 τῆς
834 2301 898 2329 θαυ-

109 2347 201 2381 μάτων
213 2346 299 2374 ἐστιν.
320 2346 401 2372 Ὥστε
411 2346 454 2374 διὰ
464 2348 572 2374 πάντων
585 2347 614 2374 τὸ
631 2348 756 2383 παρεῖναι
770 2349 799 2375 τὸ
807 2349 895 2382 Θεῖον,

106 2391 235 2426 οὖδεμὶαν
246 2391 412 2428 ἁμιριὸολίαν
425 2391 490 2427 ἔχει.

410 2529 535 2556 ΚΕΦΑΛ.
554 2529 615 2557 ΛΕ’.

150 2576 180 2602 'H
195 2575 224 2602 δέ
244 2575 289 2607 είς
299 2575 330 2602 τὸ
349 2575 420 2611 ὕδωρ
437 2576 567 2608 κάθοδος,
585 2576 631 2603 καὶ
646 2577 676 2604 τὸ
699 2577 759 2613 τρὶς
778 2578 809 2604 ἐν
825 2578 900 2614 αὐτῷ

111 2623 235 2657 γενέσθαι
252 2622 300 2648 τὸν
320 2622 477 2658 ἄνθρωπον,
493 2623 587 2659 ἕτερον
614 2624 774 2660 ἐμπεριέχει
798 2625 901 2661 μυστή-

109 2676 175 2703 ριον.
198 2666 312 2702 Ἐπειδὴ
324 2666 379 2702 γὰρ
400 2668 414 2693 ὁ
426 2667 476 2702 τῆς
494 2667 628 2703 σωτηρίας
642 2669 721 2704 ἡμῶν
734 2669 834 2704 τρόπος
870 2670 900 2696 οὑ

107 2713 235 2740 τοσοῦτον
249 2715 284 2740 ἐκ
296 2713 348 2747 τῆς
370 2712 439 2740 κατὰ
458 2713 582 2749 διαδοχὴν
606 2714 769 2750 ὐφηγήσεως
792 2715 902 2751 ἐνεργὸς

108 2759 219 2794 γέγονεν
231 2780 239 2792 ,
258 2759 323 2785 ὅσον
338 2757 370 2784 δι’
381 2758 470 2786 αὐτῶν
483 2757 522 2786 ὧν
537 2760 664 2796 ἐποίησεν
679 2761 694 2788 6
711 2760 760 2796 τὴν
773 2760 841 2797 πρὸς
856 2760 903 2787 τὸν

107 2805 252 2842 ἄνθρωπον
270 2805 391 2838 ὑποστὰς
406 2806 565 2840 κοινωνίαν,
589 2807 661 2844 ἔργῳ
675 2807 724 2844 τὴν
738 2807 810 2844 ζωὴν
831 2809 903 2845 ἐνερ-

936 985 1022 1009 rum;
1051 983 1140 1011 neque
1164 974 1216 1005 alia
1241 973 1323 1003 fuerit
1347 972 1430 1004 nobis
1455 979 1525 1007 opus
1552 971 1727 1007 probatione.

935 1023 1009 1059 quod
1031 1020 1103 1050 Deus
1122 1020 1195 1048 adsit
1215 1019 1249 1047 iis
1270 1026 1331 1054 quae
1344 1019 1424 1050 ﬁunt.
1435 1025 1498 1046 cum
1517 1016 1602 1044 Deum
1617 1017 1728 1052 quidem

935 1076 997 1097 esse
1010 1075 1058 1103 per
1071 1067 1129 1102 ipsa
1145 1065 1277 1093 miracula
1299 1063 1510 1095 crediderimus,
1535 1070 1623 1098 neque
1647 1061 1729 1095 dubi-

936 1118 1036 1144 temus.
1057 1113 1085 1140 id
1105 1110 1179 1147 quod
1210 1109 1378 1145 promissum
1404 1114 1447 1136 est
1472 1107 1570 1136 adesse
1593 1107 1677 1137 certis
1702 1111 1731 1135 et

936 1168 952 1188 ι
980 1158 1125 1189 mendacio
1153 1156 1251 1184 alienis
1274 1154 1514 1191 promissionibus.
1538 1153 1617 1188 Quod
1639 1158 1730 1181 autem

935 1213 998 1242 quat
1022 1212 1070 1240 per
1100 1210 1196 1239 preces
1218 1202 1248 1229 ﬁt
1273 1201 1420 1234 invocatio,
1446 1201 1567 1228 divinam
1595 1198 1732 1236 praecedat

937 1250 1183 1287 dispensationem,
1211 1248 1279 1279 satis
1305 1255 1443 1284 superque
1469 1247 1578 1282 probat,
1603 1245 1676 1282 quod
1703 1245 1732 1272 id

938 1297 1009 1332 quod
1031 1296 1070 1327 ﬁt,
1097 1303 1130 1322 ex
1155 1294 1210 1322 Deo
1235 1293 1382 1329 peragitur.
1413 1292 1443 1320 Si
1475 1293 1548 1320 enim
1578 1291 1606 1319 in
1641 1291 1730 1318 altero

939 1349 1038 1379 genere
1060 1340 1202 1368 hominum
1227 1339 1440 1375 procreationis,
1463 1345 1558 1366 eorum
1578 1336 1625 1372 qui
1651 1343 1730 1372 gener

939 1393 1002 1416 rant
1028 1388 1062 1416 ad
1089 1388 1117 1415 id
1148 1387 1269 1415 incitata;
1291 1386 1484 1422 appetitiones,
1508 1383 1617 1413 etiamsi
1640 1383 1674 1414 ab
1696 1383 1731 1410 iis

940 1434 1013 1462 Deus
1027 1433 1156 1469 precibus
1177 1439 1232 1460 non
1250 1432 1403 1464 invocetur,
1419 1430 1512 1459 divina
1528 1430 1640 1461 virtute.
1659 1429 1734 1457 sicut

941 1481 1018 1516 prius
1047 1479 1152 1506 dictum
1179 1482 1235 1509 est,
1261 1477 1397 1512 efﬁngunt
1422 1477 1448 1504 id
1468 1475 1540 1512 quod
1564 1478 1733 1510 generatur,

941 1534 994 1562 qua
1004 1529 1131 1560 separata
1143 1523 1268 1552 inefﬁcax
1286 1527 1314 1551 et
1327 1522 1433 1551 inutilis
1444 1530 1477 1550 ac
1491 1521 1567 1548 irrita
1579 1525 1621 1549 est
1638 1528 1734 1548 eorum

941 1579 1024 1608 opera
1045 1581 1051 1598 ε
1065 1573 1168 1606 quanto
1181 1569 1267 1605 magis
1284 1569 1311 1596 in
1329 1567 1465 1604 spirituali
1482 1566 1564 1594 modo
1578 1565 1734 1602 generatio-

942 1619 996 1650 nis,
1017 1624 1079 1644 cum
1095 1620 1122 1643 et
1137 1615 1209 1643 Deus
1233 1615 1267 1643 iis
1283 1623 1343 1650 quae
1364 1613 1435 1642 facta
1458 1617 1523 1641 sunt
1538 1620 1567 1640 se
1583 1612 1733 1641 affuturum

943 1663 978 1691 sit
997 1662 1154 1697 pollicitus.
1183 1665 1211 1689 et
1238 1668 1315 1688 suam
1339 1659 1415 1694 operi
1440 1659 1570 1687 virtutem
1595 1656 1734 1690 indiderit,

944 1713 973 1736 ut
989 1707 1172 1739 credidimus.
1193 1711 1372 1741 nostrumque
1388 1705 1560 1741 propositum
1583 1709 1609 1732 et
1624 1703 1736 1731 institu—

944 1758 1000 1781 tum
1020 1753 1123 1780 feratur
1145 1752 1179 1780 ad
1200 1752 1227 1779 id
1251 1751 1278 1778 in
1294 1751 1367 1786 quod
1381 1751 1500 1779 studium
1517 1754 1545 1778 et
1568 1758 1650 1786 opera
1667 1757 1735 1777 con-

945 1799 1046 1831 fertur,
1074 1799 1096 1825 si
1113 1805 1207 1825 eorum
1231 1805 1347 1833 quorum
1369 1796 1447 1824 decet
1467 1796 1550 1824 simul
1574 1803 1622 1831 per
1643 1803 1737 1830 preces

944 1848 1100 1872 assumatur
1110 1842 1250 1875 auxilium,
1264 1841 1350 1878 magis
1359 1842 1412 1869 erit
1425 1841 1576 1879 perfectum
1587 1841 1613 1870 id
1625 1841 1652 1869 in
1664 1839 1737 1876 quod

945 1890 1085 1918 confertur
1093 1887 1225 1917 studium?
1236 1887 1296 1921 Quo
1311 1887 1392 1916 modo
1407 1891 1497 1915 autem
1512 1887 1559 1922 qui
1577 1886 1660 1914 Deum
1676 1894 1738 1922 pre-

945 1940 1043 1965 cantur
1059 1939 1089 1963 ut
1100 1935 1151 1962 sibi
1167 1935 1208 1962 sol
1221 1934 1372 1966 illucescat,
1397 1933 1423 1961 id
1437 1933 1509 1968 quod
1524 1932 1552 1960 ﬁt
1567 1940 1738 1968 nequaquam

946 1984 1101 2012 obtundunt
1112 1988 1138 2011 et
1148 1985 1297 2012 obscurant
1311 1982 1375 2016 (sed
1397 1990 1448 2010 nec
1459 1981 1555 2010 inutile
1569 1981 1739 2018 precantium

948 2029 1050 2057 dixeris
1063 2037 1125 2057 esse
1135 2029 1267 2062 studium,
1282 2029 1304 2057 si
1316 2029 1350 2057 de
1364 2036 1398 2056 eo
1411 2028 1483 2063 quod
1495 2028 1606 2055 omnino
1617 2028 1739 2055 futurum

946 2079 989 2103 est
999 2074 1053 2102 Deo
1065 2074 1242 2110 supplicant);
1252 2075 1288 2102 ita
1304 2075 1323 2102 ii
1335 2074 1382 2110 qui
1393 2074 1579 2107 crediderunt,
1591 2081 1742 2110 congruen-

947 2124 988 2149 ter
1002 2124 1084 2149 εει-ιω
1113 2124 1140 2148 ct
1155 2128 1170 2148 a
1186 2120 1329 2151 mendacio
1346 2120 1442 2148 alienae
1460 2119 1521 2155 ejus
1537 2119 1585 2155 qui
1602 2119 1740 2155 pollicitus

949 2167 999 2194 fuit
1021 2165 1209 2202 promissioni.
1221 2166 1334 2194 omnino
1345 2166 1442 2195 adesse
1455 2166 1573 2202 gratiam
1585 2166 1619 2194 iis
1635 2165 1682 2202 qui
1697 2173 1742 2193 re-

948 2217 1114 2248 generantur
1127 2221 1174 2248 per
1186 2212 1257 2240 hanc
1273 2213 1416 2248 mysticam
1437 2212 1681 2248 dispensationem.
1694 2216 1744 2240 aut

912 2271 937 2302 υ
949 2258 1045 2294 gratiae
1062 2259 1181 2293 aliquant
1201 2257 1305 2286 faciunt
1320 2257 1504 2286 accessionem
1515 2279 1522 2292 ,
1537 2262 1584 2285 aut
1595 2261 1669 2285 certe
1682 2265 1743 2295 eam

949 2312 1011 2340 qua:
1023 2309 1064 2333 est
1079 2305 1189 2335 minime
1201 2307 1337 2332 avertunt.
1359 2303 1426 2331 Nam
1441 2303 1514 2339 quod
1530 2303 1641 2331 omnino
1658 2303 1742 2336 adsit,

949 2358 984 2378 ex
1009 2358 1043 2378 eo
1064 2354 1180 2382 constat,
1201 2350 1275 2387 quod
1296 2349 1368 2378 Deus
1386 2350 1422 2378 sit
1444 2350 1490 2386 qui
1506 2350 1640 2385 promisit.
1658 2350 1744 2377 Caete-

952 2404 1012 2423 rum
1038 2395 1212 2424 Divinitatem
1242 2404 1303 2424 esse
1321 2396 1453 2425 miracula
1480 2400 1626 2424 testantur.
1648 2395 1744 2430 Itaque

951 2441 1017 2476 quin
1036 2441 1108 2470 Deus
1131 2441 1158 2470 in
1182 2442 1311 2470 omnibus
1326 2442 1407 2475 adsit,
1425 2441 1499 2472 nulla
1514 2447 1556 2470 est
1566 2441 1676 2484 o’ccasio
1691 2441 1743 2469 du-

926 2496 930 2501 ‘
952 2487 1071 2514 bilaudi.

1218 2533 1333 2562 CAPUT
1368 2533 1478 2561 XXXV.

991 2577 1144 2606 Descensus
1152 2582 1242 2607 autem
1255 2579 1283 2606 in
1296 2586 1406 2614 aquam,
1421 2583 1449 2606 et
1463 2578 1534 2614 quod
1552 2578 1578 2605 in
1591 2585 1649 2605 eam
1662 2577 1744 2604 homo

954 2627 996 2651 ter
1013 2623 1150 2652 demissus
1165 2624 1211 2657 sit,
1224 2625 1340 2652 alterum
1352 2624 1472 2652 continet
1489 2623 1658 2660 mysterium.
1676 2622 1744 2650 Nam

954 2670 1083 2705 quoniam
1101 2670 1199 2698 modus
1224 2674 1325 2699 nostrze
1342 2671 1439 2699 salutis
1454 2670 1486 2697 ad
1500 2669 1624 2697 effectum
1635 2671 1661 2696 et
1675 2676 1744 2704 opus

955 2725 1010 2745 non
1021 2719 1089 2746 adeo
1107 2719 1292 2747 estdcductus
1303 2727 1336 2746 ex
1351 2722 1486 2754 praeeunte
1503 2716 1640 2749 doctrina,
1658 2726 1742 2753 quauv

957 2767 1013 2791 tum
1035 2772 1083 2799 per
1109 2772 1140 2793 ea
1162 2765 1220 2800 ipsa
1231 2773 1293 2800 quae
1304 2764 1369 2791 fecit
1379 2764 1425 2799 qui
1453 2771 1515 2790 cum
1533 2762 1642 2790 homine
1658 2763 1742 2790 subiit

957 2809 1126 2845 societatem,
1150 2811 1237 2846 utqui
1262 2810 1351 2845 rcipsa
1373 2809 1456 2837 vitam
1474 2809 1510 2838 sit
1536 2812 1688 2845 operatus.
1713 2811 1744 2834 ut
