1926 3080
208 99 241 127 37
752 87 755 90 ’
844 98 872 129 s.
895 101 1058 130 eneconu
1075 101 1224 132 russam
1807 103 1843 130 88

208 162 256 194 per
277 163 388 186 carnem
416 160 511 186 ritrsus
538 157 704 193 assInnptam
733 158 760 186 et
785 159 867 186 simul
884 155 996 186 deifica-

1052 159 1149 195 γήσας,
1175 160 1218 186 ἵνα
1242 159 1285 186 διὰ
1305 160 1355 196 τῆς
1378 159 1579 196 ἀναληφθείσης
1607 160 1672 195 παρ’
1693 159 1777 186 αὖτοῦ
1793 159 1842 186 καὶ

207 209 264 231 tam
295 204 377 231 simul
402 204 554 231 salvaretur
578 204 711 240 quidquid
736 208 778 232 cst
802 204 826 232 ei
850 203 996 239 cognatum

207 252 234 276 et
257 254 356 284 genere
381 247 557 282 conjunctum
582 257 588 276 :
620 249 777 276 necessario
803 249 999 283 excogitandus

208 299 267 322 ccat
290 294 388 329 aliquis
409 293 518 327 modus,
545 294 571 321 in
596 302 650 329 quo
671 294 698 322 in
714 295 748 323 iis
763 300 826 330 qua:
845 295 911 321 tiunt
925 297 998 322 esset

207 339 335 375 cognatio
347 339 437 374 aliqua
452 339 513 374 ejus
528 339 575 374 qui
591 341 716 375 sequitur
727 347 789 368 cum
805 347 838 368 eo
859 341 905 375 qui
920 340 997 375 prmit

207 393 240 412 ac
261 385 347 412 ducit.
371 384 485 419 Oportet
509 393 575 421 ergo
604 387 696 414 videre
717 387 744 413 in
769 386 932 422 quibusnam
956 390 998 414 est

207 431 398 459 consideratus
422 432 468 466 qui
490 431 543 459 dux
565 431 615 459 fuit
631 432 658 460 et
680 435 776 460 n‘uctor
793 436 893 460 nostra:
918 433 996 460 vitae:

209 479 248 510 ut,
265 477 337 505 sicut
362 477 429 505 dicit
445 478 595 512 Apostolus
619 478 651 511 “,
668 479 862 506 cenvenientcr
890 478 950 506 dulci
972 483 997 506 et

159 526 169 529 ‘
208 523 313 551 auctori
335 528 437 551 nostrae
463 524 560 551 salutis
574 524 751 558 sequentibus
775 527 848 551 recte
867 524 997 558 procedat

208 568 338 596 imitatio.
364 568 424 601 Quo
447 568 527 595 modo
553 569 636 601 enim,
653 568 699 603 qui
720 568 756 595 ad
774 575 946 596 numerosam
970 570 996 595 et

207 614 352 641 militarem
371 614 398 640 in
425 614 511 641 armis
535 615 683 641 motionem
710 613 882 645 erudiuntur,
903 612 936 640 ab
961 613 996 640 iis

207 660 254 695 qui
276 660 436 688 ordinanda}
450 661 516 687 a‘clei
535 664 598 688 sunt
616 660 705 695 periti,
727 665 774 695 per
794 667 825 687 ea
848 667 908 695 quae
922 660 996 694 aspi-

207 709 295 742 ciunt,
314 707 486 735 deducuntur
512 708 546 734 ad
568 709 620 734 rite
639 707 843 734 tractandorum
857 714 994 733 armorum

207 754 424 790 experientiam;
442 753 487 788 qui
504 757 596 781 autem
610 760 665 780 non
683 753 739 788 agit
756 753 782 780 id
795 753 868 788 quod
880 753 903 780 ei
919 753 996 787 prius

207 800 370 832 ostenditur,
383 802 505 827 remanet
517 807 615 835 expers
627 799 686 834 ejus
699 799 886 834 experientia}:
901 800 995 826 eodem

1049 204 1302 241 συναποθεωοείσης
1334 205 1433 241 σαρκὸς
1466 205 1539 232 ἆπαν
1566 204 1784 240 συνδιασωθῆναι
1812 205 1842 231 τὺ

1049 250 1178 285 συγγενὲς
1191 251 1258 287 αὐτῇ
1273 251 1318 278 καὶ
1339 251 1472 287 ὁμόφυλον
1483 271 1491 284 ,
1515 252 1663 285 ἀναγκαῖον
1679 249 1713 286 ἦν
1728 252 1841 286 ἐπινοη-

1049 295 1127 333 ϐῆναί
1140 305 1199 324 τινα
1212 297 1311 333 τρόπον
1325 317 1332 330 ,
1356 299 1384 324 ἐν
1403 295 1425 332 ᾧ
1447 307 1489 330 τις
1511 294 1544 334 ἦν
1570 297 1714 331 συγγένειά
1737 306 1768 324 τε
1796 297 1844 324 καὶ

1050 341 1176 377 ὁμοιότης
1187 342 1281 373 ἐντοῖς
1294 342 1445 378 γινομένοις
1477 343 1554 378 παρὰ
1561 342 1608 368 τοῦ
1623 342 1757 377 ἑπομένου
1773 341 1843 376 πρὸς

1050 387 1097 414 τὸν
1111 388 1270 423 ἡγούμενον.
1286 388 1345 424 Χρὴ
1359 389 1447 415 τοίνυν
1465 389 1528 415 ἰδεῖν
1543 389 1571 415 ὲν
1586 388 1656 415 τίσιν
1671 389 1684 414 ό
1700 388 1751 423 τῆς
1769 386 1843 422 ζωῆς

1051 433 1129 468 ὴμῶν
1145 434 1372 469 καθηγησάμενος
1385 433 1525 470 ὲθεωρήθη
1538 442 1544 448 ·
1558 434 1612 466 ἵνα,
1622 432 1713 465 καθώς
1729 441 1813 468 φησιν
1830 433 1844 458 ό
1884 460 1886 463 τ

1059 479 1231 511 Ἀπάτην)λοῦ
1245 479 1314 506 κατὰ
1330 479 1375 506 τὸν
1396 479 1516 515 ἀρχηγὸν
1538 479 1587 513 τῆς
1612 478 1747 513 σωτηρίας
1763 478 1843 513 ἡμῶν

1052 525 1211 562 κατορθωθῇ
1229 526 1284 558 τοῖς
1306 526 1450 561 ἑπομένοις
1473 526 1489 561 ὴ
1516 524 1641 560 μίμησις.
1658 524 1765 559 Ὠσπερ
1789 525 1843 560 γὰρ

1052 571 1128 606 παρὰ
1146 571 1199 598 τῶν
1210 571 1431 606 πεπαιδευμένων
1444 570 1478 596 τὰ
1492 569 1609 596 τακτικὰ
1624 569 1693 604 πρὸς
1705 568 1754 604 τὴν
1766 568 1843 595 ὁπλι-

1051 617 1130 652 τικὴν
1147 616 1292 652 ἐμπειρίαν
1306 616 1461 650 ἀνάγονται,
1476 615 1509 642 δι’
1526 611 1563 641 ὧν
1579 614 1722 650 βλέπουσιν
1736 614 1760 639 οἱ
1775 612 1843 648 πρὸς

1051 664 1101 698 τὴν
1113 662 1248 699 εὖρυθμόν
1264 668 1292 690 τε
1307 663 1354 690 καὶ
1374 662 1496 689 ἐνόπλιον
1512 661 1619 696 κίνησιν
1639 659 1842 693 παιδευόμενοι.

1057 710 1088 736 '0
1102 709 1130 736 δὲ
1147 709 1186 745 μὴ
1203 709 1330 745 πράττων
1345 709 1374 735 τὸ
1388 707 1625 744 προδεικνύμενον)
1644 705 1780 741 ἀμέτοχος
1794 706 1842 740 τῆς

1050 756 1178 792 τοιαύτης
1194 756 1340 792 ἐμπειρίας
1360 755 1445 791 μένει,
1464 753 1543 781 Κατὰ
1571 753 1616 780 τὸν
1640 752 1719 779 αὐτὸν
1741 751 1843 787 τρόπον

1051 802 1090 838 τῷ
1111 802 1178 838 πρὸς
1200 801 1248 838 τὴν
1276 802 1412 837 σωτήριαν
1436 800 1514 836 ἡμῶν
1539 798 1714 834 ἑξηγουμένῳ
1735 798 1842 828 πάντως

207 846 291 872 modo
314 850 429 873 necesse
445 849 497 878 cSt,
522 846 553 873 ut
573 845 674 881 quibus
699 846 820 872 studium
839 853 888 880 par
901 847 943 872 est
960 844 994 871 ad

1052 846 1087 881 οἷς
1103 849 1148 884 ἴση
1169 849 1237 883 πρὸς
1252 849 1282 875 τὸ
1297 848 1397 883 ἀγαθόν
1419 847 1492 873 ἐστιν
1507 847 1524 881 ἠ
1547 845 1663 880 σπουδὴ.
1676 843 1778 879 ὁμοίως
1794 844 1841 870 ἑπ-

207 892 321 925 bonum,
333 892 445 919 omnino
456 891 583 918 similiter
594 896 745 926 sequantur
756 893 804 927 per
818 891 997 919 imitationem

206 943 270 964 cum
296 938 342 972 qui
369 943 418 965 nos
439 937 517 964 ducit
547 936 581 964 a‘d
607 937 735 968 salutem.
764 936 797 963 ad
822 943 891 971 opus
910 936 998 964 dedu-

207 982 296 1010 cendo
320 982 345 1010 id
375 983 450 1018 quod
473 983 550 1017 prius
568 982 601 1010 ab
618 990 650 1010 eo
675 983 726 1010 fuit
750 987 906 1012 ostensum.
938 981 997 1009 Non

207 1030 299 1064 potest
323 1029 395 1056 enim
419 1029 476 1056 ﬁeri
501 1032 531 1056 ut
555 1029 587 1055 ad
611 1036 704 1064 parem
721 1028 801 1056 l'inem
825 1028 996 1064 perveniant,

206 1073 254 1110 qui
277 1082 331 1102 non
350 1077 398 1110 per
412 1075 483 1102 viam
501 1075 619 1103 similem
633 1079 698 1103 sunt
713 1075 841 1110 ingressi.
856 1075 999 1109 Quomodo

206 1119 280 1146 enim
301 1119 348 1154 qui
371 1119 518 1156 labyrinthi
537 1128 645 1148 errores
662 1128 716 1148 non
738 1126 854 1156 possunt
881 1121 936 1148 ulla
952 1128 998 1148 ra-

207 1164 282 1192 tione
300 1165 416 1193 evadere
429 1188 436 1199 ,
453 1166 476 1193 si
492 1166 519 1193 in
537 1166 655 1202 aliquem
673 1166 826 1195 inciderint
842 1167 888 1203 qui
903 1169 997 1194 eorum‘

207 1211 244 1237 sit
257 1211 376 1246 peritus,
393 1220 454 1239 cum
478 1220 549 1247 pone
563 1216 721 1248 sequentes,
738 1214 830 1241 varios
844 1218 871 1241 et
887 1213 999 1241 fallaces

206 1257 352 1284 domorum
374 1256 463 1285 {textis
480 1258 679 1293 anl'ractusque
696 1264 848 1294 permeant,
864 1267 920 1287 non
937 1265 1000 1294 per-

208 1304 324 1331 meaturi
348 1298 400 1332 nisi
426 1304 487 1339 ejus
510 1305 556 1340 qui
575 1305 716 1340 praecedit,
733 1305 894 1333 insisterent
911 1306 996 1333 vesti-

207 1348 278 1383 giis:
293 1350 330 1376 ita
346 1350 430 1377 etiam
440 1349 507 1377 mihi
521 1351 611 1386 cogita
625 1349 707 1386 hujus
720 1351 783 1378 vita:
794 1351 995 1387 labyrinthum,

207 1399 289 1432 quem
306 1397 426 1423 httma‘na
439 1402 539 1424 natura
556 1398 668 1425 minime
686 1401 779 1433 potest
795 1398 925 1429 transire,
945 1397 998 1425 nisi

207 1443 345 1478 quispiam
369 1443 493 1471 eamdem
516 1444 589 1471 viam
615 1447 719 1476 teneat,
743 1451 792 1478 per
812 1451 893 1478 quam
909 1444 956 1479 qui
972 1445 999 1470 in

207 1496 242 1517 eo
261 1489 324 1521 fuit,
339 1497 470 1524 egressus
488 1493 530 1517 est
547 1490 691 1516 ambitum.
706 1488 824 1524 Tropice
837 1495 926 1517 autem
939 1490 1000 1517 dico

208 1532 406 1570 labyrinthum.
427 1536 474 1570 qui
492 1535 655 1570 pertransiri
673 1543 727 1563 non
748 1540 848 1570 potest,
866 1536 928 1563 vitae
941 1540 1000 1562 car—
1014 1521 1035 1550 ο

209 1588 311 1613 cerein,
330 1580 357 1608 in
383 1588 438 1617 quo
454 1581 593 1609 detentum
614 1581 665 1608 fuit
685 1580 780 1609 infelix
800 1589 887 1617 genus
906 1582 1001 1608 huma-

209 1635 286 1654 num.
311 1626 381 1661 Quid
410 1635 476 1663 ergo
500 1628 660 1662 aspeximus
687 1627 717 1655 in
744 1627 814 1655 duce
833 1632 860 1655 et
888 1631 1001 1654 auctore

209 1673 312 1700 h'ostrze
350 1667 466 1701 salutis?
497 1673 667 1701 Triduanam
699 1679 814 1701 mortem
850 1668 1000 1701 et'rursus

209 1720 304 1747 vitam.
328 1716 444 1755 Oportet
466 1728 532 1755 ergo
556 1720 583 1748 in
614 1720 695 1748 nobis
716 1728 831 1756 quoque
845 1721 925 1748 talem
953 1728 1001 1747 ex-

209 1765 323 1801 cogitari
347 1765 568 1794 similitudinem.
595 1765 731 1800 Quidnam
750 1770 872 1801 estergo
887 1766 997 1802 excogi-

209 1816 310 1845 tatum,
333 1819 381 1847 per
404 1812 477 1847 quod
499 1813 582 1839 etiam
607 1813 634 1840 in
651 1813 730 1840 nobis
745 1812 806 1848 ejus
820 1813 893 1847 quod
916 1812 950 1840 ab
967 1820 1000 1840 eo

209 1858 313 1885 factum
336 1861 378 1885 est
393 1857 523 1892 impletur
542 1858 677 1885 imitatio?
691 1858 830 1894 Quidquid
851 1863 894 1887 est
911 1864 1001 1888 morte

209 1903 348 1938 affectum,
373 1905 518 1940 quemdam
542 1905 684 1940 proprium
703 1904 785 1932 habet
805 1905 894 1932 locum
910 1910 937 1932 et
958 1913 1000 1933 se-

209 1950 329 1978 cundum
349 1956 496 1984 naturam,
519 1959 618 1986 nempe
643 1955 744 1978 terram
768 1951 796 1978 in
818 1958 900 1987 quam
920 1952 1000 1980 incli-

209 1999 302 2029 natur,
321 1997 348 2023 et
369 1995 396 2023 in
421 2003 475 2031 qua
501 1995 641 2024 conditur.
662 1994 788 2031 Magnam
815 1999 906 2026 autem
929 1995 1000 2023 inter

208 2049 239 2069 se
259 2041 363 2069 habent
388 2042 579 2077 cognationem
604 2040 677 2069 terra
700 2045 727 2069 et
757 2049 838 2077 aqua,
861 2049 921 2076 qua:
941 2042 999 2069 sola

208 2096 241 2115 ex
265 2088 409 2116 elementis
435 2086 500 2115 sunt
526 2088 630 2124 gravia,
652 2092 680 2115 et
706 2088 834 2115 feruntur
857 2089 997 2121 deorsum.

208 2137 236 2160 et
254 2138 364 2162 manent
384 2134 412 2160 in
434 2141 465 2161 se
481 2133 610 2166 invicem,
636 2135 662 2160 et
678 2141 726 2168 per
741 2141 770 2161 se
796 2134 912 2161 invicem
931 2142 998 2161 con-

1051 894 1168 929 άναγκες
1185 894 1229 921 διὰ
1245 895 1388 929 μιμήσεως
1404 892 1530 924 ἔπεσθαι,
1544 891 1574 918 τὸ
1594 892 1658 927 παρ’
1675 889 1759 917 αὑτοῦ
1775 897 1842 926 προ-

1049 939 1154 974 δειχθὲν
1176 940 1215 971 είς
1237 939 1316 974 ἔργον
1331 938 1493 973 ἀγαγόντας.
1515 937 1552 964 Ob
1577 937 1630 973 γὰρ
1653 935 1708 962 ἔστι
1724 934 1795 970 πρὸς
1815 935 1844 961 τὸ

1049 982 1107 1012 ἴσον
1122 986 1285 1021 καταρτίσαι
1304 985 1405 1020 πέρας,
1424 984 1461 1020 μὴ
1475 983 1520 1010 διὰ
1533 983 1587 1010 τῶν
1603 982 1704 1017 ὁμοίων
1716 981 1842 1008 ὁδεύσαν-

1049 1041 1108 1063 ιιας.
1124 1032 1257 1068 Καθάπερ
1278 1031 1332 1067 γὰρ
1361 1032 1385 1058 οί
1405 1030 1455 1063 τὰς
1477 1030 1531 1057 τῶν
1556 1027 1724 1064 λαϐυρίνθων
1740 1028 1843 1058 πλάνας

1050 1077 1192 1111 διεξελθεῖν
1211 1077 1417 1116 ἀμηχανοῦντες
1428 1097 1435 1108 ,
1454 1076 1480 1103 εἴ
1493 1084 1564 1107 τινος
1580 1073 1719 1110 ἐμπείρως
1737 1073 1843 1108 ἔχοντος

1050 1119 1204 1158 ἐπιτύχοιεν
1218 1144 1225 1156 ,
1241 1123 1355 1149 κατόπιν
1375 1121 1501 1157 ἑπόμενοι
1525 1120 1574 1152 τὰς
1598 1119 1722 1150 ποικίλας
1741 1127 1772 1144 τε
1797 1118 1843 1144 καὶ

1051 1169 1195 1205 ὰπατηλὰς
1213 1169 1267 1196 τῶν
1283 1168 1364 1195 οἴκων
1382 1165 1554 1202 ἀναστροφὰς
1571 1165 1774 1201 διεξέρχονται,
1794 1165 1843 1190 οὐκ

1051 1209 1083 1240 ἃν
1098 1213 1292 1246 διεξελθόντες,
1313 1213 1338 1239 εἰ
1352 1212 1390 1248 μὴ
1413 1211 1474 1238 κατ’
1491 1211 1563 1246 ἴχνος
1582 1211 1710 1245 ἑπόμενοι
1725 1209 1764 1245 τῷ
1781 1217 1843 1243 προ-

1051 1259 1155 1294 άγοντι·
1176 1256 1246 1285 οὕτω
1255 1267 1299 1293 μοι
1313 1258 1407 1292 νόησον
1425 1257 1472 1283 καὶ
1485 1256 1530 1283 τὸν
1544 1255 1591 1282 τοῦ
1611 1255 1668 1290 βίου
1684 1254 1780 1280 τούτου
1797 1253 1841 1279 λα-

1051 1305 1176 1342 ϐύρινθον
1190 1305 1356 1340 ἁδιεξίτητον
1378 1303 1448 1330 εἶναι
1469 1304 1504 1338 τῇ
1526 1301 1685 1337 (ΞινθρωτιίνιςΙ
1702 1300 1805 1335 θύσει,
1820 1301 1842 1326 εί

1053 1354 1090 1389 μή
1107 1361 1148 1384 τις
1169 1352 1218 1387 τῆς
1235 1350 1321 1386 αὐτῆς
1344 1349 1403 1376 ὀδοῦ
1423 1349 1532 1376 λάϐοιτο
1545 1370 1551 1382 ,
1576 1348 1608 1374 δι’
1628 1345 1662 1382 ἧς
1681 1348 1694 1374 ό
1713 1348 1743 1373 ὲν
1768 1345 1841 1380 αὑτῷ

1051 1399 1195 1434 γενόμενος
1208 1397 1259 1430 ἔξω
1277 1395 1395 1431 κατέστη
1411 1395 1457 1421 τοῦ
1475 1394 1659 1430 περιέχοντος.
1675 1392 1841 1428 Λαϐύρινθον

1052 1442 1081 1469 δέ
1096 1451 1166 1478 φημι
1180 1441 1335 1477 τροπικῶς,
1353 1440 1401 1476 τὴν
1419 1439 1551 1471 ἀδιέξοδον
1570 1438 1617 1465 τοῦ
1641 1438 1755 1464 θανάτου
1780 1437 1841 1471 φθο-

1056 1489 1104 1525 ρὰν
1116 1509 1123 1520 ,
1169 1488 1199 1514 τὸ
1213 1487 1327 1514 δείλαιον
1340 1486 1387 1513 τοῦ
1410 1485 1552 1522 ἀνθρώπου
1571 1485 1648 1519 γένος
1665 1483 1838 1520 περιεσχέθη.

1051 1536 1084 1562 Τί
1097 1532 1143 1562 οὖν
1158 1535 1221 1570 περὶ
1236 1530 1281 1560 τδν
1299 1533 1419 1569 ἀρχηγὸν
1436 1533 1485 1568 τῆς
1500 1531 1636 1566 σωτηρίας
1651 1529 1837 1564 ἑθεασάμεθα;

1052 1583 1199 1618 τριήμερον
1214 1581 1346 1615 νέκρωσιν
1359 1599 1366 1612 ,
1379 1579 1426 1606 καὶ
1441 1579 1519 1606 πάλιν
1534 1577 1616 1612 ζωήν.
1630 1576 1735 1604 Οὐκοῦν
1749 1576 1801 1611 χρή
1815 1583 1840 1601 τι

1051 1627 1170 1654 τοιοῦτον
1187 1626 1234 1653 καὶ
1256 1626 1285 1652 ἐν
1305 1627 1370 1661 ἡμῖν
1389 1624 1564 1659 ἐπινοηθῆναι
1580 1623 1715 1658 ὁμοίωμα.
1734 1622 1782 1653 Τίς
1796 1619 1842 1647 οὖν

1052 1675 1125 1700 ἐστιν
1181 1672 1304 1703 ἐπίνοια,
1328 1671 1363 1698 δι’
1383 1668 1417 1707 ἧς
1434 1671 1481 1697 καὶ
1506 1671 1534 1696 ὲν
1550 1671 1617 1705 ἡμῖν
1631 1668 1782 1704 πληροῦται
1795 1667 1842 1694 τοῦ

1053 1721 1117 1756 παρ’
1136 1721 1240 1747 ἐκείνου
1254 1719 1395 1753 γεγονότος
1414 1720 1430 1754 ἡ
1452 1717 1588 1753 μίμησις;
1605 1717 1677 1744 ἆπαν
1692 1716 1722 1743 τὸ
1738 1724 1840 1751 νεκρω-

1052 1767 1097 1794 θὲν
1111 1767 1211 1793 οἰκεῖόν
1226 1775 1286 1793 τινα
1301 1766 1348 1792 καὶ
1362 1764 1432 1792 κατὰ
1446 1764 1526 1800 φύσιν
1540 1764 1596 1799 ἔχει
1610 1763 1698 1798 χῶρον
1708 1783 1715 1795 ,
1729 1763 1779 1797 τὴν
1791 1762 1842 1796 γῆν

1051 1815 1081 1842 ὲν
1101 1811 1254 1850 ᾖκλίνεται
1277 1813 1324 1839 καὶ
1348 1811 1580 1847 κατακρύπτεται.
1604 1808 1709 1844 Πολλὴν
1731 1808 1760 1835 δὲ
1775 1808 1842 1842 πρὸς

1051 1860 1153 1896 ἄλληλα
1174 1859 1223 1896 τὴν
1245 1858 1404 1894 συγγένειαν
1427 1857 1483 1893 ἔχει
1498 1858 1532 1892 γῆ
1546 1865 1575 1882 τε
1594 1856 1642 1883 καὶ
1659 1852 1840 1890 ὖὸωρ,’μόνα

1050 1908 1105 1934 τῶν
1121 1906 1259 1942 στοιχείων
1274 1905 1360 1941 βαρέα
1374 1913 1404 1931 τε
1419 1904 1494 1936 ὅντα,
1509 1901 1556 1930 καὶ
1570 1901 1718 1937 κατωφερῆ
1728 1922 1737 1934 ,
1752 1900 1796 1927 καὶ
1814 1900 1841 1926 ἐν

1051 1953 1177 1989 ἀλλήλοις
1204 1952 1339 1988 μένοντα,
1369 1951 1416 1977 καὶ
1448 1949 1481 1976 δι’
1506 1948 1628 1984 ἀλλήλων
1657 1946 1840 1983 κρατούμενα.

1057 1992 1195 2027 Ἑπεὶοῦν
1212 1997 1258 2024 τοῦ
1277 1995 1482 2031 καθηγουμένου
1503 1996 1552 2031 τῆς
1572 1994 1643 2029 ζωῆς
1659 1993 1738 2028 ἡμῶν
1763 1993 1777 2018 ὁ
1796 1991 1842 2018 θά-

1051 2054 1130 2077 νατος
1150 2044 1276 2078 ὑπόγειος
1287 2065 1294 2077 ,
1310 2042 1442 2070 καὶκατὰ
1461 2041 1510 2077 τὴν
1530 2041 1623 2076 κοινὴν
1643 2040 1734 2074 γέγονε
1751 2039 1841 2074 φύσιν,

1050 2092 1067 2126 ὴ
1092 2090 1139 2117 τοῦ
1155 2089 1270 2117 θανάτου
1297 2088 1444 2125 μίμησιςὴ
1469 2087 1533 2123 παρ’
1554 2087 1633 2122 ἡμῶν
1657 2086 1797 2120 γινομένη,
1814 2085 1841 2111 ὲν

1050 2135 1089 2171 τῷ
1103 2136 1203 2170 γείτονι
1217 2134 1405 2162 ἁποτυποῦται
1423 2132 1558 2169 στοιχείῳ.
1575 2132 1631 2159 Καὶ
1647 2131 1684 2163 ὡς
1702 2132 1807 2162 ἐκεῖνος
1829 2132 1842 2157 ό

183 2179 342 2210 ,tincntur.
369 2179 505 2212 Quoniam
536 2181 601 2214 ergo
631 2178 711 2207 ducis
734 2178 762 2206 et
791 2181 914 2207 auctoris
937 2180 998 2208 vitae

1054 2182 1157 2210 ἄνωθεν
1175 2181 1318 2217 ἄνθρωπος
1330 2201 1341 2214 ,
1361 2175 1503 2207 ἀναλαϐὼν
1530 2179 1579 2214 τὴν
1604 2178 1756 2213 νεκρότητα
1777 2176 1842 2212 μετὰ

210 2225 312 2251 nostra:
330 2232 406 2251 mors
430 2224 483 2250 fuit
510 2224 561 2251 sub
588 2228 671 2256 terra,
701 2229 727 2252 et
753 2225 905 2253 secundum
926 2234 1002 2253 com-

210 2278 322 2298 munem
340 2275 466 2298 naturam
485 2280 492 2298 :
508 2276 569 2305 quae
583 2271 612 2298 tit
629 2278 643 2297 a
662 2271 741 2299 nobis
756 2271 855 2300 mortis
870 2271 999 2305 imitatio,

210 2317 237 2344 in
265 2317 421 2352 propinqtto
443 2317 609 2352 eitprimitur
635 2317 781 2344 elemento.
807 2317 840 2345 Et
861 2318 934 2345 sicut
956 2317 1000 2346 ille

209 2362 333 2390 cmlcstis
358 2362 440 2390 homo
472 2370 536 2390 eum
569 2362 764 2390 mortalitatem
791 2363 997 2398 assumpsisset,

208 2413 355 2444 postquam
375 2409 426 2437 sub
441 2412 513 2437 terra
540 2405 638 2437 fuisset
654 2409 771 2444 positus.
797 2409 877 2438 tertio
891 2409 935 2438 die
955 2417 999 2438 re-

209 2462 308 2482 vorsus
326 2454 368 2482 est
396 2455 429 2482 ad
459 2448 544 2482 vitain
571 2464 578 2483 ι
606 2454 643 2482 ita
671 2456 752 2483 etiam
774 2456 820 2492 qui
848 2457 999 2485 secundum

208 2506 337 2530 naturam
355 2501 481 2537 corporis
494 2505 537 2529 est
549 2502 587 2529 illi
599 2501 776 2536 conjunclus,
790 2503 822 2530 ad
842 2503 912 2531 idem
927 2504 999 2538 quod

1053 2228 1102 2264 τὴν
1126 2223 1252 2262 ὖπόγειον
1277 2227 1368 2259 θέσιν,
1393 2227 1513 2262 τριταῖος
1532 2224 1579 2251 ἐπὶ
1599 2224 1647 2260 τὴν
1666 2223 1739 2259 ζωὴν
1764 2223 1841 2249 πάλιν

1053 2274 1218 2310 ἀνέδραμεν·
1232 2273 1303 2300 οὕτω
1329 2274 1382 2304 πᾶς
1406 2274 1420 2299 ὁ
1436 2271 1606 2306 συνημμένος
1630 2271 1702 2296 κατὰ
1726 2270 1776 2305 τὴν
1797 2268 1841 2296 τοῦ

1054 2320 1179 2356 σώματος
1206 2319 1287 2354 φύσιν
1311 2318 1422 2353 ἐκείνῳ,
1453 2317 1521 2351 πρὸς
1542 2317 1573 2343 τὸ
1588 2316 1655 2342 αὐτὸ
1677 2315 1841 2350 κατόρθωμα

1053 2366 1178 2401 βλέπων,
1190 2360 1221 2392 τὸ
1237 2363 1308 2392 κατὰ
1334 2364 1383 2399 τὴν
1408 2362 1479 2398 ζωὴν
1495 2362 1566 2396 λέγω
1590 2362 1694 2396 πέρας,
1713 2361 1774 2387 ἀντὶ
1793 2361 1842 2395 γῆς

1053 2408 1083 2438 τὸ
1102 2411 1175 2446 ὕδωρ
1196 2409 1375 2445 ὲπιχεάμενος
1387 2430 1394 2442 ,
1410 2408 1457 2434 καὶ
1478 2408 1577 2439 ὑποδὺς
1601 2406 1630 2433 τὸ
1651 2407 1801 2441 στοιχεῖον,
1814 2406 1841 2431 ὲν

1055 2457 1129 2492 τρισὶ
1144 2457 1279 2492 περιόδοις
1291 2455 1341 2490 τὴν
1351 2455 1500 2490 τριήμερον
1514 2454 1564 2490 τῆς
1574 2452 1750 2484 ἀναστάσεως
1765 2452 1841 2488 χάριν

1054 2503 1258 2538 ἀπεμιμήσατο.

209 2551 245 2578 ab
260 2551 320 2586 ipso
335 2553 410 2577 recte
427 2555 532 2586 gestum
544 2555 586 2579 est
598 2551 720 2583 intuens,
742 2552 774 2579 ad
785 2552 856 2585 vitm,
875 2553 997 2587 inquam,
1019 2551 1110 2584 ﬁnem,
1133 2558 1182 2586 pro
1208 2554 1280 2578 terra
1305 2554 1376 2584 aqua
1391 2549 1414 2576 ei
1429 2548 1531 2578 infusa.
1568 2547 1682 2575 subiens
1722 2546 1841 2574 elemen-

209 2602 278 2631 tum,
302 2597 329 2624 in
354 2596 443 2625 tribus
464 2597 612 2626 ambitibus
630 2597 754 2626 imitatus
776 2603 820 2626 est
842 2599 998 2626 triduanum
1019 2596 1135 2634 gratiam
1156 2595 1380 2625 resurrectionis.

246 2642 354 2669 Dictum
370 2646 412 2670 est
423 2641 506 2669 ctiam
520 2642 575 2671 tale
594 2643 660 2678 quid
677 2644 703 2670 in
717 2644 751 2671 iis
766 2652 826 2679 qua:
846 2652 997 2679 praecesse-

210 2689 285 2719 runt.
294 2695 393 2723 nempe
401 2687 486 2723 quod,
501 2688 629 2724 prudenti
642 2690 760 2717 consilio
770 2691 998 2725 dispensationis.

209 2740 225 2760 ιι
243 2733 334 2761 divina
350 2734 521 2768 providentia
549 2734 599 2762 fuit
612 2735 758 2771 importata
782 2745 856 2766 mors
871 2737 998 2764 humana:

265 2819 286 2837 ”
308 2819 390 2849 Hebr.
406 2829 455 2854 xu.
470 2821 497 2848 ἓ.

1090 2644 1204 2680 Εἴρηται
1219 2642 1247 2669 δὲ
1261 2640 1379 2668 τοιοῦτον
1394 2640 1441 2666 καὶ
1457 2641 1486 2666 ἐν
1499 2641 1554 2671 τοῖς
1569 2638 1716 2674 φθάσασιν,
1728 2638 1769 2664 ὅτι
1785 2637 1842 2664 κατ’

1053 2689 1206 2725 οἰκονομίαν
1215 2688 1332 2723 ἐπῆκται
1339 2688 1371 2722 τῇ
1379 2685 1537 2722 ἀνθρωπίνῃ
1546 2683 1708 2720 φύσειτιαρὰ
1716 2684 1763 2719 τῆς
1771 2683 1841 2712 θείας

1055 2735 1179 2771 προνοίας
1201 2735 1215 2760 ό
1234 2734 1362 2764 θάνατος·
1387 2732 1424 2764 ὡς
1446 2731 1495 2767 τῆς
1517 2730 1616 2763 κακίας
1631 2731 1660 2757 ἐν
1673 2731 1706 2765 τῇ
1724 2728 1841 2757 διαλύσει
