1926 3080
35 118 68 146 so
640 122 768 152 ORATIO
784 124 1038 155 CATECHETICA.
1641 125 1674 153 90

35 177 84 204 τοῦ
98 176 228 212 σώματος
240 178 287 205 καὶ
298 179 349 215 τῆς
360 179 449 216 ψυχῆς
456 180 613 217 ἐκρυείσης,
631 182 712 209 πάλιν
723 182 767 210 διὰ
783 185 826 219 τῆς

884 189 1003 218 natura,
1025 190 1055 213 ut
1070 192 1131 214 cum
1143 185 1295 214 efﬂuxisset
1308 186 1416 219 vitium,
1446 186 1475 214 in
1490 187 1672 216 dissolutione

36 222 215 255 ἀναστάσεως
245 224 324 258 σῶον,
355 225 403 251 καὶ
427 225 531 261 ἀπαθῆ,
555 227 601 253 καὶ
631 227 771 262 ἀκέραιον,
789 228 837 255 καὶ

37 269 130 304 πάσης
140 269 192 304 τῆς
203 271 274 297 κατὰ
285 271 384 298 κακίαν
400 272 541 307 ἐπιμιξίας
557 272 695 309 ἀλλότριον
711 274 836 301 dvas-rot-

36 315 187 350 χειωθῆναι
201 316 249 342 τὸν
263 316 414 352 ἄνθρωπον.
440 317 509 344 Ἀλλ’
524 318 570 344 ἐπὶ
582 318 631 353 μὲν
644 319 691 345 τοῦ
703 319 836 355 καθηγου-

37 360 121 395 μένου
154 361 206 397 τῆς
234 361 371 398 σωτηρίας
396 362 486 398 ήμῶν,
504 362 536 390 τὸ
558 363 661 390 τέλειον
677 365 776 400 ἡκατὰ
789 365 836 392 τὸν

36 406 153 433 θάνατον
164 407 244 442 ἔσχεν
259 408 410 443 οἰκονομία,
424 409 496 436 κατὰ
510 409 556 436 τὸν
572 409 637 437 ἴδιον
651 411 752 437 σκοπὸν
763 411 836 438 ἐντεο

35 452 89 484 λῶς
97 452 287 488 πληρωθεῖσα.
301 455 432 490 Διεστάλη
446 464 476 482 τε
484 455 538 491 γὰρ
555 455 599 482 διὰ
612 456 660 483 τοῦ
673 456 788 483 θανάτου
801 457 835 484 τὰ

35 498 183 533 ἡνωμένα·
200 500 249 526 καὶ
274 500 356 527 πάλιν
378 501 499 537 συνήχθη
520 502 553 529 τὰ
567 502 780 538 διακεκριμένα·
796 503 834 534 ὡς

36 543 69 569 ἂν
84 544 272 580 καθαρθείσης
281 545 330 580 τῆς
342 545 450 580 φύσεως
465 547 495 573 ἐν
510 548 543 583 τῇ
559 547 613 574 τῶν
631 548 761 583 συμφυῶν
775 548 833 575 δια-

36 588 122 621 λύσει,
140 590 231 625 ψυχῆς
244 599 274 617 τε
288 590 360 625 λέγω
373 593 419 618 καὶ⁴
437 593 573 628 σώματος,
588 593 669 620 πάλιν
684 595 699 630 ἠ
715 594 768 620 τῶν
788 602 827 621 κε-

37 636 216 671 χωρισμένων
230 637 360 670 ἐπάνοδος
368 638 418 673 τῆς
424 638 567 674 ἀλλοτρίας
579 639 720 675 ἐπιμιξίας
727 641 833 675 γένοιτο

38 681 240 717 καθαρεύουσα.
268 682 329 709 Ἐπὶ
340 682 368 709 δὲ
382 684 436 710 τῶν
458 684 677 712 ἀκολουθούντων
692 685 731 721 τῷ
748 686 833 722 καθ-ηδ

38 727 174 763 γουμένῳ,
188 728 219 755 οὺ
243 730 330 764 χωρεῖ
347 729 397 764 τὴν
423 730 525 766 ἀκριϐῆ
545 731 660 767 μίμησιν
681 732 715 759 δι’
730 732 798 760 ὅλων
815 734 832 769 ἡ

38 772 116 806 φύσις
129 781 136 788 ·
150 773 209 800 ἀλλ’
227 774 290 800 ὅσον
303 774 424 807 διινατῶς
451 776 517 812 ἔχει,
534 777 660 805 τοσοῦτον
675 777 722 805 νῦν
743 786 836 814 παρα-’

37 818 183 855 δεξαμένη,
209 819 240 846 τὸ
262 820 354 848 λεῖπον
373 823 401 848 ἐν
422 822 462 857 τῷ
478 823 546 858 μετὰ
561 823 648 851 ταῦτα
671 824 831 860 ταμιεύεται

38 864 133 900 χρόνῳ.
153 865 187 891 Τί
201 864 249 892 οὖν
262 867 334 893 ἐστιν
348 867 362 893 ὃ
377 869 518 903 μιμεῖται;
534 868 571 895 Τὸ
585 869 634 904 τῆς
652 869 832 906 ἐμμιχθείσης

38 910 133 942 κακίας
147 911 177 936 ὲν
191 912 225 947 τῇ
245 912 296 947 τῆς
315 913 474 948 νεκρώσεως
489 914 572 941 εἰκόνι
588 916 620 951 τῇ
640 916 773 951 γενομένῃ
788 916 832 943 διὰ

38 955 80 981 τοῦ
94 955 194 988 ὕδατος
208 957 255 984 τὸν
268 959 420 994 ἀφανισμὸν
433 960 593 995 ἐμποιῆσαι,
605 962 636 988 οὺ
652 962 705 998 μὴν
721 962 830 994 τελείως

38 1001 203 1037 ἀφανισμὸν,
220 1003 290 1030 ἀλλά
312 1013 373 1031 τινα
394 1005 527 1041 διακοπὴν
540 1007 589 1041 τῆς
605 1007 652 1033 τοῦ
667 1008 752 1034 κακοῦ
769 1016 831 1035 συν-

38 1049 136 1084 εχείας,
163 1051 373 1087 συνδραμόντων
403 1053 475 1081 δυοῖν
504 1054 572 1090 πρὸς
597 1055 646 1091 τὴν
668 1056 718 1091 τῆς
732 1057 831 1090 κακίας

37 1095 186 1132 ἀναίρεσιν,
202 1098 253 1132 τῆς
273 1106 302 1124 τε
316 1098 362 1125 τοῦ
377 1100 619 1136 πλημμελήσαντος
635 1102 829 1138 μεταμελείας,

38 1142 81 1167 καὶ
97 1143 147 1177 τῆς
163 1143 212 1170 τοῦ
229 1143 344 1171 θανάτου
362 1147 515 1181 μιμήσεως,
532 1147 565 1173 δι’
581 1143 618 1174 ὧν
631 1148 755 1175 ἐκλύεταί
772 1157 830 1182 πως

37 1187 50 1213 ὀ
63 1187 207 1223 ἄνθρωπος
219 1189 269 1225 τῆς
286 1190 352 1225 πρὸς
359 1191 389 1217 τὸ
399 1191 482 1218 κακὸν
497 1193 645 1227 συμφυΐας,
660 1194 692 1228 τῇ
710 1202 831 1229 μεταμε-

37 1231 95 1268 λείᾳ
110 1233 159 1267 μὲν
172 1233 213 1265 είς
226 1234 305 1268 μῐσός
317 1243 347 1261 τε
362 1235 408 1262 καὶ
419 1229 596 1272 ἀλλοτρίωσιν
604 1237 653 1272 τῆς
663 1238 762 1270 κακίας
773 1247 829 1274 χω-

41 1279 101 1313 ρῶν,
113 1279 152 1314 τῷ
165 1279 194 1306 δὲ
208 1279 316 1316 θανάτῳ
332 1281 378 1308 τοῦ
393 1282 478 1309 κακοῦ
493 1282 538 1309 τὸν
551 1283 702 1317 ἀφανισμὸν
716 1284 830 1319 ἐργαζό-

40 1332 125 1358 μενος.
143 1326 251 1353 nam:
272 1327 320 1361 μὲν
332 1325 366 1363 ἦν
382 1327 504 1361 δυνατὸν,
517 1329 546 1356 ὲν
561 1329 654 1364 τελείῳ
670 1329 709 1364 τῷ
722 1329 830 1365 θανάτῳ

39 1370 160 1403 γενέσθαι
171 1371 219 1398 τὸν
233 1372 411 1409 μιμούμενον,
425 1374 479 1400 οὐδ’
495 1373 528 1401 ἂν
547 1370 672 1410 μίμησις,
685 1375 753 1402 ἀλλὰ
766 1376 830 1403 ταύ-

39 1416 114 1453 τότης
124 1419 154 1444 τὸ
171 1419 314 1454 γινόμενον
338 1417 384 1456 ἦν,
409 1421 454 1448 καὶ
470 1421 510 1452 είς
527 1422 557 1448 τὸ
568 1422 698 1454 παντελὲς
709 1422 757 1457 τῆς
777 1423 828 1457 φύ-

40 1473 104 1496 σεως
119 1466 199 1501 ἡμῶν
211 1467 243 1493 τὺ
255 1467 338 1494 κακὸν
358 1468 504 1502 ἠφανίζετο
517 1477 522 1482 ·
541 1468 622 1501 ὥστε,
639 1469 730 1500 καθώς
747 1478 828 1503 φησιν

888 231 1013 266 corporis
1043 235 1070 259 et
1103 231 1210 264 animae,
1236 240 1332 260 rursus
1360 240 1408 268 per
1438 234 1673 262 resurrectionem

887 277 991 310 salvus,
1008 277 1178 312 impatibilis,
1195 281 1224 305 et
1244 278 1358 313 integer,
1379 281 1406 305 et
1418 278 1524 306 alienus
1540 279 1575 306 ab
1596 287 1672 307 omni

886 322 1075 351 commistione
1090 323 1160 355 vitii,
1177 323 1259 351 homo
1276 323 1481 351 reformaretnr.
1493 323 1546 351 Sed
1564 324 1674 352 induce

886 369 996 404 quidem
1029 373 1056 397 et
1083 373 1195 397 auctore
1220 374 1322 396 nostrae
1349 370 1447 398 salutis
1474 369 1672 404 perfectionem

886 415 981 443 habuit
994 418 1129 450 susceptae
1144 415 1240 443 mortis
1257 415 1435 450 dispensatio,
1452 420 1481 444 ut
1497 424 1558 451 quae
1570 424 1671 444 conve-

885 461 993 489 nienter
1012 461 1063 488 sub
1079 469 1163 495 scopo
1185 465 1213 489 et
1232 461 1360 488 instituto
1375 461 1497 496 perfecte
1520 461 1604 489 fuerit
1623 462 1674 488 ad-

885 507 1005 542 impleta.
1036 506 1103 534 Nam
1119 511 1146 534 et
1175 515 1225 542 per
1252 511 1367 534 mortem
1395 506 1535 542 disiuncta
1561 507 1674 535 fuerunt

884 560 945 588 qua:
955 557 1034 580 erant
1044 553 1130 583 unita,
1148 557 1175 580 et
1191 560 1287 580 rursus
1299 552 1444 586 conjuncta
1453 557 1516 580 sunt
1527 561 1587 588 quae
1595 557 1674 580 erant

883 599 1000 626 discreta
1011 619 1018 631 ,
1039 603 1069 626 ut
1086 601 1199 634 purgata
1215 598 1352 625 naturain
1370 598 1552 627 dissolutione
1576 605 1671 626 eorum

883 652 944 679 qtne
959 644 1121 671 naturaliter
1134 644 1269 676 coierant,
1288 644 1398 674 auium,
1421 640 1545 679 inquam,
1571 647 1599 671 et
1610 651 1673 671 cor—

884 690 969 725 puris.
996 697 1093 717 eorum
1120 697 1181 724 qua:
1206 689 1316 718 fuerant
1344 694 1471 724 separata
1503 689 1608 717 reditus
1639 689 1673 717 ab

883 736 972 764 aliena
997 735 1164 763 admistione
1191 739 1265 762 esset
1284 742 1382 770 purus.
1409 734 1440 762 In
1457 735 1492 762 iis
1511 739 1605 762 autem
1626 735 1674 769 qui

882 783 978 810 ducent
992 785 1155 817 sequuntur,
1173 785 1330 809 accuratam
1348 786 1375 808 et
1399 781 1548 816 perfectam
1575 781 1670 808 imita-

883 829 985 856 tionem
1000 835 1053 855 n0n
1066 828 1179 855 omnino
1194 827 1267 862 capit
1280 832 1378 854 natura
1389 848 1396 860 ,
1430 826 1479 854 sed
1495 834 1557 853 cum
1582 834 1674 861 quan-

884 878 940 902 tum
956 878 1047 909 potest
1062 881 1136 901 nunc
1151 872 1298 908 acceperit,
1326 873 1355 899 in
1370 876 1478 907 tempus
1495 871 1615 900 ftiturum
1629 879 1674 899 re-

883 923 974 957 servat
984 918 1010 946 id
1026 917 1099 954 quod
1117 916 1212 946 réstat.
1243 917 1313 950 Quid
1340 925 1405 952 ergo
1434 917 1573 943 imitatur?
1594 916 1672 949 Quod

883 965 939 992 vitii
958 964 1070 992 immisti
1090 964 1119 991 in
1136 964 1254 999 imagine
1270 963 1378 996 mortis,
1395 969 1456 998 qua:
1475 962 1546 988 facta
1565 964 1608 989 est
1625 968 1673 996 per

882 1015 993 1046 aquam,
1018 1011 1186 1045 expresserit
1206 1009 1380 1040 deletionem,
1404 1015 1459 1036 non
1472 1007 1621 1043 perfectam
1635 1011 1674 1033 ta-

881 1065 944 1086 men
979 1057 1160 1090 deletionem,
1191 1057 1240 1085 sed
1261 1056 1416 1091 'qnamdam
1443 1054 1671 1089 interruptionem

881 1103 1098 1132 continuationis
1119 1103 1188 1135 vitii,
1207 1110 1270 1130 eum
1286 1102 1341 1129 duo
1359 1100 1554 1128 concurrerint
1570 1099 1603 1126 ad
1618 1099 1673 1127 told

881 1150 991 1177 lendum
1006 1149 1112 1181 vitium,
1129 1156 1228 1183 nempe
1239 1152 1265 1176 et
1281 1148 1342 1183 ejus
1358 1147 1406 1183 qui
1431 1146 1555 1182 peccavit
1576 1146 1667 1181 ptent-

882 1195 1045 1225 nitentia.et
1059 1195 1177 1221 imitatio
1197 1194 1305 1226 mortis,
1337 1200 1385 1228 per
1411 1200 1473 1228 qua;
1497 1193 1580 1220 homo
1599 1200 1672 1228 quo-

881 1241 1029 1269 dammodo
1052 1241 1218 1269 dissolvitur
1249 1247 1263 1267 a
1283 1239 1428 1275 congenita
1451 1247 1513 1266 cum
1528 1239 1594 1266 vitio
1607 1247 1672 1266 con-

877 1286 1030 1322 junctione,
1047 1286 1207 1321 paenitentia
1223 1285 1333 1320 quidem
1353 1283 1506 1319 procedens
1526 1283 1559 1309 ad
1574 1282 1669 1310 odium

880 1331 939 1358 vitii
964 1335 991 1359 et.
1022 1331 1228 1361 alienationem,
1249 1332 1336 1356 morte
1357 1333 1448 1355 autem
1472 1328 1529 1354 vitii
1552 1334 1670 1362 operans

880 1377 1055 1405 deletionem.
1071 1376 1124 1404 Sed
1136 1376 1159 1404 si
1177 1375 1234 1403 fieri
1248 1375 1357 1410 quidem
1373 1378 1478 1409 posset,
1490 1378 1520 1401 ut
1534 1373 1561 1400 in
1579 1372 1670 1408 perfeo

881 1427 925 1450 cta
941 1426 1028 1449 morte
1045 1427 1118 1450 esset
1140 1421 1164 1449 is
1181 1420 1229 1456 qui
1247 1419 1379 1452 imitatur,
1396 1426 1452 1445 non
1468 1422 1540 1446 esset
1557 1418 1582 1444 id
1597 1417 1671 1452 quod

882 1469 910 1496 iit
928 1467 1108 1499 imitatio,sed
1123 1474 1168 1494 res
1182 1466 1288 1497 eadem,
1316 1468 1343 1492 et
1357 1473 1372 1492 a
1385 1468 1480 1492 nostra
1496 1468 1594 1491 natura
1605 1457 1670 1490 ~ma-

39 1509 51 1535 ὁ
73 1511 242 1545 Ἀπόστολος,
263 1514 307 1548 ἐφ’
327 1514 399 1547 ams
415 1514 537 1550 ἀποθάνῃ
553 1516 583 1550 τῇ
598 1515 729 1556 ἁμαρτίᾳ.
753 1515 826 1542 Ἐπεῖ

883 1515 937 1542 lum
951 1514 1070 1549 perferte
1084 1513 1233 1544 deleretur,
1263 1511 1331 1538 adeo
1349 1515 1389 1542 ut,
1413 1510 1486 1538 sicut
1503 1510 1570 1537 dicit
1591 1510 1664 1544 Apo-
1689 1534 1694 1538 ,

39 1556 74 1588 δὲ,
97 1558 188 1589 καθὼς
217 1558 333 1594 εἴρηται,
349 1559 474 1586 τοσοῦτον
495 1559 652 1595 μιμούμεθα
669 1561 718 1595 τῆς
741 1560 826 1595 ὑπερ-

39 1603 147 1638 εχούσης
163 1603 316 1639 δυνάμεως.
334 1605 395 1633 ὅσον
418 1606 502 1641 χωρεῖ
516 1605 593 1641 ἡμῶν
608 1607 624 1641 ἡ
643 1605 762 1641 πτωχεία
777 1606 827 1640 τῆς

40 1647 138 1680 φύσεως
150 1657 158 1663 ·
170 1648 202 1674 τὸ
215 1647 290 1684 ὓδωρ
309 1649 370 1684 τρὶς
395 1650 581 1686 ἐπιχεάμενοι,
597 1651 643 1677 καὶ
659 1651 739 1677 πάλιν
761 1651 827 1678 ἅνα-

41 1692 129 1724 6άντες
143 1693 197 1720 ἀπὸ
210 1693 258 1720 τοῦ
272 1693 378 1727 ὕδατος,
393 1695 441 1730 τὴν
458 1695 590 1731 σωτήριον
604 1695 692 1731 ταφὴν
706 1695 753 1722 καὶ
764 1694 828 1721 ἀνά-

41 1745 127 1765 στασιν
144 1739 195 1774 τὴν
219 1740 248 1765 ἐν
270 1740 412 1776 τριημέρῳ
428 1741 577 1776 γενομένην
597 1740 635 1776 τῷ
655 1741 742 1776 χρόνῳ
757 1741 825 1767 ἀπο-

40 1785 192 1819 κρινάμεθα,
206 1784 287 1812 τοῦτο
300 1784 428 1817 λαὸόντες
437 1787 506 1813 κατὰ
519 1786 647 1820 διάνοιαν,
661 1788 701 1813 ὅτι
714 1788 751 1819 ὡς
761 1788 826 1823 ἡμῖν

40 1830 67 1855 τὸ
81 1830 151 1865 ὕδωρ
163 1832 192 1858 ἐν
208 1831 319 1867 ἐξουσίᾳ
335 1832 403 1864 ἐστὶ,
419 1833 465 1859 καὶ⁴
488 1833 517 1859 ὲν
533 1833 607 1868 αὐτῷ
621 1833 758 1867 γενέσθαι,
779 1834 826 1860 καὶ

42 1875 67 1907 ἐξ
78 1876 156 1903 αὑτοῦ
172 1877 254 1904 πάλιν
265 1877 405 1910 ἁναδὶναι,
420 1879 491 1906 κατὰ
513 1879 558 1906 τὸν
577 1879 657 1907 αὑτὸν
668 1881 768 1916 τρόπον
782 1882 826 1907 ἐπ’

42 1921 155 1954 ἐξουσίας
169 1921 204 1959 ἦν
227 1924 242 1950 ὁ
267 1924 313 1950 τοῦ
339 1926 438 1957 παντὸς
458 1925 528 1961 ἔχων
542 1925 591 1961 τὴν
603 1926 770 1960 δεσποτείαν,
789 1927 827 1959 ὡς

42 1967 112 2002 ἡμεῖς
126 1969 154 2007 ἐν
165 1969 205 2004 τῷ
216 1969 304 2002 ὕδατι,
312 1969 398 2002 οὓτως
411 1971 515 2002 ἐκεῖνος
528 1972 557 1998 ὲν
569 1971 607 2007 τῷ
619 1971 724 2007 θανάτῳ
737 1981 825 2000 κατα-

41 2013 113 2048 δυεὶς,
128 2015 210 2042 πάλιν
228 2015 277 2042 ἐπὶ
296 2015 344 2052 τὴν
363 2017 430 2044 ιδίαν
444 2016 569 2044 ἀναλύειν
588 2019 786 2054 μακαριότητα.

71 2105 100 2130 Et
115 2102 161 2132 οὖν
191 2115 235 2137 τις
249 2106 319 2141 πρὸς
335 2106 365 2133 τὸ
382 2107 454 2139 εἰκὸς
481 2107 587 2143 βλέποι,
618 2108 666 2134 καὶ
689 2109 759 2136 κατὰ
775 2109 824 2146 τὴν

41 2147 163 2185 ἑκατέρου
183 2149 299 2185 δύναμιν
324 2150 358 2178 τὰ
381 2151 513 2187 γινόμενα
529 2152 626 2188 κρίνοι,
647 2153 775 2190 οὐδεμίαν
797 2155 825 2182 ὲν

40 2195 88 2226 toi;
101 2195 255 2230 γινομένοις
273 2195 383 2232 εὑρήσει
394 2197 542 2233 διαφωνίαν
558 2199 699 2235 ἐκατέρου,
712 2200 783 2227 κατὰ
795 2198 825 2228 τὸ

882 1561 969 1588 stolus
980 1561 1012 1592 ¹’,
1029 1559 1141 1587 omnino
1157 1562 1310 1585 moreretur
1323 1559 1448 1591 peccato.
1466 1555 1602 1588 Quoniam
1619 1562 1669 1581 au-

882 1611 947 1638 tem,
965 1606 1153 1634 sicutdictnm
1179 1608 1231 1636 est,
1262 1611 1397 1638 supremae
1422 1602 1498 1630 illius
1523 1601 1670 1636 potestatis

881 1656 988 1680 tantum
1010 1651 1163 1681 imitamur.
1185 1653 1319 1684 quantum
1344 1647 1417 1682 capit
1434 1650 1535 1674 nostra:
1564 1650 1671 1673 naturae

882 1697 1047 1725 mendicitas
1063 1705 1070 1723 :
1085 1702 1155 1730 aqua
1172 1698 1213 1721 ter
1229 1693 1331 1726 infusa,
1355 1701 1387 1719 ex
1400 1700 1432 1719 ea
1449 1699 1547 1719 rursus
1571 1698 1670 1718 ascen-

881 1743 989 1775 dentes,
1021 1732 1168 1776 saluta'rem
1184 1739 1325 1766 imitamur
1348 1738 1515 1773 sepulturam
1535 1740 1562 1764 et
1577 1744 1670 1763 resur-

880 1789 1029 1817 rectionem
1040 1794 1100 1822 qnae
1115 1785 1187 1812 facta
1203 1788 1244 1812 est
1260 1785 1286 1810 in
1304 1787 1428 1818 tempore
1447 1782 1587 1813 triduano,
1597 1781 1669 1808 hanc

880 1835 1061 1870 suscipientes
1076 1832 1278 1868 cogitationem,
1293 1829 1366 1865 quod
1385 1829 1456 1857 sicut
1472 1835 1544 1863 aqua
1565 1829 1592 1854 in
1617 1834 1668 1854 no-

881 1887 938 1910 stra
947 1884 989 1908 est
1002 1882 1147 1914 potestate,
1160 1882 1190 1904 ut
1205 1880 1231 1904 et
1243 1877 1269 1903 in
1287 1882 1318 1903 ea
1331 1875 1428 1906 simus,
1441 1877 1468 1901 et
1479 1882 1510 1901 ex
1528 1881 1560 1901 ea
1570 1879 1668 1900 rursus

879 1933 1063 1961 emergamus,
1076 1924 1171 1952 eodem
1186 1923 1266 1950 modo
1282 1922 1308 1948 in
1321 1923 1392 1956 ejus,
1416 1921 1463 1954 qui
1480 1918 1668 1946 universitatis

878 1972 1048 2000 dominatum
1077 1970 1194 2001 obtinet,
1228 1972 1272 1995 est
1295 1970 1439 2002 potestate,
1465 1968 1497 1992 ut
1517 1964 1589 1992 sicut
1616 1971 1665 1990 nos

878 2025 975 2053 aquas,
992 2017 1029 2043 ita
1045 2015 1089 2042 ille
1105 2018 1220 2041 mortem
1235 2013 1358 2044 subiens,
1371 2019 1467 2039 rursus
1486 2009 1520 2037 ad
1529 2009 1666 2045 propriam

875 2065 990 2093 reducat
1001 2062 1211 2090 beatitudinem.

912 2110 942 2138 Si
956 2110 1103 2145 quisquam
1118 2115 1183 2143 ergo
1201 2105 1317 2142 aspiciat
1334 2105 1368 2132 ad
1384 2102 1665 2134 verisimilitudinem,

875 2161 903 2185 et
913 2164 945 2184 ex
962 2155 1105 2190 utriusque
1119 2153 1220 2180 virtute
1234 2159 1267 2179 ea
1284 2158 1345 2186 quae
1371 2150 1440 2177 ﬁunt
1460 2148 1576 2183 judicet,
1603 2146 1663 2174 nul-

875 2203 929 2230 lam
946 2202 973 2228 in
991 2201 1025 2228 iis
1039 2207 1100 2235 quae
1116 2199 1184 2226 liunt
1198 2197 1320 2225 inveniet
1340 2195 1485 2230 utriusque
1504 2193 1666 2227 discrepan-

40 2239 83 2274 τῆς
94 2242 199 2276 φύσεως
217 2243 315 2278 μέτρον
329 2243 549 2280 ἐξεργασαμένου
565 2245 598 2272 τὰ
611 2245 680 2273 κατὰ
699 2247 823 2283 δύναμιν.

881 2248 951 2281 tiam,
964 2251 991 2274 ut
1008 2246 1053 2281 qui
1069 2247 1253 2280 congruenter
1270 2242 1351 2270 modo
1370 2248 1426 2269 suae
1441 2243 1547 2267 natura:
1574 2245 1606 2266 ea
1621 2237 1664 2265 ef-

47 2285 84 2318 Ὠς
97 2288 149 2323 γάρ
166 2290 242 2315 ἐστιν
256 2288 392 2325 ἀνθρώπῳ
413 2290 443 2317 τὸ
458 2290 541 2327 ὕδωρ,
553 2292 620 2327 πρὸς
635 2292 665 2321 τὸ
674 2292 823 2326 ἀκινδύνως

41 2332 230 2377 itaet-navem,
262 2335 286 2361 εἱ
310 2335 440 2370 βούλοιτο,
465 2337 685 2373 ἀπειροπλασίως
704 2341 739 2376 τῇ
764 2340 824 2377 Θείᾳ

41 2376 144 2414 δυνάμει
167 2379 229 2406 κατ’
257 2380 381 2408 εὐκολίαν
413 2381 527 2414 θάνατος
550 2384 702 2419 πρόκειται,
728 2386 775 2412 καὶ
794 2387 823 2414 ὲν

41 2424 107 2459 αὑτῷ
122 2425 261 2459 γενέσθαι,
287 2427 334 2454 καὶ
363 2427 400 2463 μὴ
422 2429 559 2464 τραπῆναι
578 2430 646 2466 πρὸς
660 2431 755 2463 πάθος.
774 2433 823 2460 Διά

41 2467 111 2512 τοῦτο
123 2469 213 2496 τοίνυν
228 2471 376 2506 αναγκαῖον
387 2472 452 2507 ἡμῖν
474 2473 505 2499 τὸ
521 2474 550 2501 ἐν
568 2474 607 2510 τῷ
628 2474 703 2502 ὕδατι
721 2485 823 2512 προμε-

42 2511 141 2549 λετῆσαι
155 2515 204 2550 τὴν
217 2517 267 2551 τῆς
284 2516 457 2549 ἀναστάσεως
470 2518 559 2554 χάριν,
578 2519 615 2552 ὡς
629 2519 661 2547 ἂν
677 2511 821 2557 εἰδείήμεν,

41 2557 116 2603 ὅτιτὸ
137 2558 193 2587 ἴσον
206 2561 272 2597 ἡμῖν
292 2562 331 2594 είς
347 2563 472 2591 εὐκολίαν
488 2565 572 2598 ἐστὶν,
589 2565 664 2593 ὕδατί
677 2576 707 2593 τε
724 2567 821 2603 βαπτι-

44 2601 140 2637 σθῆναι,
160 2605 206 2631 καὶ
235 2606 267 2633 ἐκ
293 2607 340 2633 τοῦ
365 2608 479 2636 θανάτου
499 2610 580 2638 πάλιν
597 2601 734 2639 ἀναδῦναι..
754 2613 823 2641 Ἀλλ’

41 2657 127 2686 ωσπερ
142 2652 170 2677 ἐν
193 2654 250 2684 τοῖς
277 2653 347 2680 κατὰ
365 2655 410 2681 τὸν
429 2655 485 2690 βίον
498 2657 652 2692 γενομένοις
665 2659 727 2686 τινά
741 2653 821 2686 τινών

42 2693 110 2741 ἔστιν
118 2697 336 2733 ἀρχηγικώτερα,
348 2697 386 2727 ὧν
399 2701 462 2729 ἄνευ
480 2702 530 2729 κᾶν
538 2703 567 2730 τὸ
578 2705 717 2739 γινόμενον
729 2714 820 2741 κατορ-

42 2738 143 2777 θυιθείη,
168 2744 256 2770 καίτοι
283 2745 307 2771 εἰ
323 2746 388 2781 πρὸς
416 2749 445 2774 τὸ
465 2749 581 2786 πέραςὴ
602 2738 673 2787 ἁρχὴ
692 2738 820 2787 κρίνοιτο,

97 2829 116 2844 “
130 2830 204 2859 Buta.
222 2841 283 2865 vni,
303 2835 346 2862 l2.

876 2293 972 2322 fecerit
995 2299 1055 2328 quae
1069 2299 1125 2319 sua:
1148 2294 1227 2318 erant
1251 2288 1406 2324 potestatis.
1430 2284 1572 2319 Quomodo
1592 2283 1665 2311 enim

876 2344 918 2368 est
935 2341 962 2367 iu
977 2342 1110 2374 potestate
1124 2336 1254 2368 hominis,
1266 2342 1376 2369 aquam,
1393 2332 1416 2361 si
1428 2332 1503 2363 velit,
1531 2331 1600 2358 citra
1621 2329 1665 2356 uia

876 2386 933 2413 lum
948 2389 1059 2420 tangere
1077 2382 1241 2418 periculum,
1263 2380 1377 2408 infinitis
1403 2378 1526 2414 partibus
1556 2375 1665 2403 facilius

877 2439 952 2459 mors
967 2433 1009 2458 est
1029 2429 1168 2464 proposita
1189 2427 1291 2455 divina:
1307 2425 1413 2458 virtuti,
1441 2428 1471 2451 ut
1487 2427 1514 2451 et
1530 2423 1557 2450 in
1572 2430 1602 2449 ea
1617 2421 1663 2453 sit,

875 2481 903 2505 et
922 2484 976 2503 non
989 2479 1168 2503 convertatur
1183 2474 1215 2501 ad
1232 2473 1404 2501 aﬂ'eetionem
1422 2477 1483 2506 quae
1501 2478 1534 2497 ex
1551 2469 1597 2496 illa
1615 2475 1663 2495 ac-

875 2523 986 2558 cipitur.
998 2521 1146 2556 Propterea
1166 2527 1231 2555 ergo
1250 2519 1329 2546 nobis
1355 2525 1467 2545 necesse
1485 2520 1526 2544 est
1545 2516 1572 2542 in
1592 2518 1662 2548 aqua

875 2568 1058 2605 przemeditari
1086 2569 1203 2603 gratiam
1226 2565 1465 2596 resurrectionis,'
1481 2569 1510 2590 ut
1541 2562 1663 2590 sciamus

875 2614 947 2651 quod
963 2622 996 2642 ex
1012 2621 1090 2649 mque
1103 2613 1183 2641 nobis
1207 2617 1249 2641 cst
1261 2612 1340 2639 facile
1351 2616 1379 2639 ct
1404 2618 1475 2646 aqua
1501 2609 1580 2643 tingi,
1600 2610 1628 2634 et
1646 2611 1662 2633 c

875 2664 963 2688 morte
977 2667 1076 2688 rursus
1093 2667 1243 2694 emergere.
1262 2657 1315 2686 Sed
1329 2665 1383 2693 quo
1405 2656 1487 2683 modo
1507 2655 1535 2681 in
1553 2654 1587 2680 iis
1602 2659 1662 2687 qua:

877 2705 945 2733 fiunt
967 2706 1073 2738 invita,
1096 2710 1160 2733 sunt
1182 2705 1272 2740 aliqua
1286 2703 1422 2739 aliquibus
1453 2699 1659 2736 principaliora,

877 2753 935 2781 sine
954 2753 1054 2788 quibus
1067 2753 1149 2781 etiam
1174 2751 1200 2780 id
1228 2751 1301 2788 quod
1326 2750 1366 2783 iit,
1388 2755 1559 2785 nequaquam
1587 2750 1660 2774 recte
