1926 3080
275 120 305 147 9.
898 114 927 142 s.
947 114 1112 145 GREGORII
1124 115 1271 145 svsssru
1861 118 1889 144 νε

280 175 443 202 successerit
476 173 655 209 (quanquam
683 174 707 200 si
734 180 796 200 cum
825 173 879 201 fine
902 174 1058 203 conferatur

1112 175 1168 203 ἀντ’
1183 175 1288 208 οὐδενὸς
1304 172 1373 202 εἶναι
1387 175 1457 208 δόξει
1478 175 1524 202 τοῦ
1546 174 1706 210 πράγματος
1722 175 1820 210 ἡάρχὴ
1833 185 1889 211 συγ.

278 219 455 254 principium,
481 227 530 254 pro
544 219 628 246 nihilo
642 226 704 246 esse
734 218 871 246 videbitur
897 219 938 246 rei
963 219 1062 254 princi-

277 265 350 300 pium
365 272 426 292 cum
444 266 495 291 line
511 269 716 299 comparatum:
731 272 813 299 quam
826 264 898 292 enirn
908 265 1009 293 habent
1022 274 1060 293 ae-

277 312 436 346 qualitatem
452 311 544 344 homo,
561 315 588 339 et
601 311 675 346 quod
692 310 726 337 ad
742 311 942 346 procreandum
958 312 1061 340 animal

276 356 424 391 dejicitur?
437 355 484 383 sed
501 359 592 384 tamen
606 356 660 383 nisi
679 356 746 383 illud
767 356 815 389 sit,
838 356 889 383 hoc
910 364 964 384 non
983 357 1058 393 (iet):

276 403 313 429 ita
325 402 407 429 etiam
419 402 492 436 quod
510 403 538 429 in
552 409 651 437 magna
667 402 697 429 fit
711 402 926 434 resurrectione,
944 409 1005 429 cum
1024 404 1061 430 sit

275 447 365 481 majus
380 452 492 479 natura,
521 447 585 474 hinc
600 447 684 475 habet
712 448 790 475 initia
818 452 846 475 et
870 455 980 476 causas.
1000 447 1059 476 Non

275 497 366 527 potest
379 493 452 521 enim
467 493 525 520 ﬁeri
539 497 568 520 ut
582 493 648 520 illud
665 493 723 526 fiat,
737 492 791 520 nisi
808 493 860 520 hoc
875 493 1058 528 praecesserit.

275 538 340 566 Dico
357 543 447 567 autem
463 539 520 567 lieri
544 548 598 567 non
614 547 695 574 posse
718 543 749 566 ut
763 539 846 567 homo
863 540 898 567 sit
919 539 946 566 in
967 547 1060 567 resur-

274 584 397 612 rcctione
411 585 516 620 absque
537 585 639 613 lavacri
663 586 880 621 regeneratione,
908 594 962 613 non
989 586 1061 621 aspi—

274 630 351 657 ciens
366 630 399 657 ad
413 637 510 658 massae
525 635 626 658 nostra:
654 631 820 659 relictionem
841 635 868 659 et
888 631 1061 659 reformatio-

274 684 349 703 nem.
365 676 405 703 Ad
423 677 474 703 hoc
492 677 565 704 enim
582 677 694 704 omnino
709 681 816 712 oportet
830 677 959 705 devenire
979 681 1061 705 natu-

275 730 345 754 ram,
365 722 473 758 propria
483 723 645 750 necessitate
658 723 827 758 compulsam
846 731 878 751 ex
901 724 1061 760 praescripto

274 768 489 802 dispensationis
510 768 570 802 ejus
582 768 629 803 qni
650 768 796 800 ordinavit.
809 769 866 796 sive
883 768 986 796 lavacri
999 777 1061 804 gra-

275 814 340 839 tiam
354 814 546 848 assumpserit,
569 814 627 842 sive
651 814 816 842 initiationis
838 814 996 849 huiusmodi
1013 823 1059 842 ex-

274 866 338 893 pers
353 859 495 893 manserit,
512 859 560 887 sed
585 859 786 887 restitutionem
811 859 1001 892 beatitudinis,
1017 859 1058 888 di-
1075 849 1097 878 Β

273 905 395 932 vinitatis
412 909 439 933 et
465 906 500 933 ab
529 906 604 933 omni
637 913 755 934 maerore
781 906 973 934 immunitatis.
998 905 1059 934 Non

272 949 346 976 cnim
360 958 530 986 quaecunque
549 959 598 986 per
613 951 846 979 resurrectionem
865 950 983 979 reditum
1013 951 1060 979 ac;

273 995 378 1030 cipiunt
392 996 426 1024 ad
451 997 609 1030 essentiam,
624 997 658 1024 ad
683 997 807 1025 eamdem
826 997 911 1024 vitam
932 997 1058 1025 redeunt.

273 1041 327 1068 Sed
343 1041 457 1069 multum
473 1042 588 1070 interest
602 1043 674 1071 inter
690 1050 738 1070 eos
753 1043 799 1078 qui
823 1047 887 1071 sunt
903 1043 1058 1078 expurgati,

272 1089 300 1112 et
315 1093 363 1113 eos
377 1086 424 1121 qui
443 1087 566 1122 indigent
575 1088 785 1123 expurgatione.
806 1089 836 1115 1n
861 1088 962 1123 quibus
983 1089 1059 1116 enim

274 1131 302 1158 in
330 1131 381 1158 hac
407 1132 462 1159 vita
477 1131 618 1167 praecessit
643 1140 692 1168 per
722 1133 862 1162 lavacrum
885 1134 1058 1169 expurgatio,

273 1176 308 1203 iis
321 1177 373 1204 erit
388 1178 491 1205 reditus
512 1177 547 1204 ad
566 1178 593 1206 id
610 1178 684 1213 quod
710 1183 753 1206 est
766 1178 819 1206 sibi
842 1183 998 1214 cognatum.
1027 1179 1058 1207 Ei

273 1225 364 1249 autem
379 1222 452 1257 quod
466 1226 509 1250 est
524 1230 624 1258 purum
643 1227 671 1251 et
684 1223 828 1255 mundum.
855 1224 994 1259 proprium
1016 1227 1059 1252 est

272 1272 299 1295 et
315 1267 504 1296 familiaritate
531 1268 710 1304 conjunctum
741 1269 903 1304 impatibile.
921 1268 994 1303 Quin
1012 1277 1059 1297 au-

271 1319 325 1340 tem
343 1315 370 1342 in
389 1314 591 1350 impatihilitate
605 1315 641 1343 sit
663 1315 773 1343 beatum
790 1323 861 1349 esse,
874 1316 986 1344 minime
1004 1317 1058 1344 du-

272 1357 385 1386 bitatur.
397 1359 503 1392 Quibus
514 1365 605 1388 autem
627 1360 761 1388 induratae
775 1361 965 1389 occalluerunt
991 1361 1058 1389 all‘e—

270 1405 387 1437 ctiones,
401 1412 489 1440 neque
504 1405 625 1432 sordium
636 1411 663 1433 et
675 1407 844 1433 macularum
863 1407 919 1434 ulla
946 1407 996 1433 fuit
1011 1407 1059 1434 ad-

273 1451 357 1478 hibita
373 1452 511 1486 purgatio,
522 1460 576 1478 non
593 1459 664 1486 aqua
678 1452 805 1486 mystica,
819 1459 874 1478 non
892 1451 992 1478 divinae
1006 1453 1060 1478 vir-

273 1495 507 1526 tutisinvocatio.
532 1503 586 1522 non
614 1496 784 1523 inconcinna:
807 1496 947 1530 pravitatis
968 1504 1059 1524 corre-

273 1541 328 1567 ctio
341 1562 349 1574 ,
364 1549 477 1568 necesse
488 1546 530 1569 est
543 1547 570 1568 ut
585 1542 604 1569 ii
623 1550 732 1577 quoque
747 1542 803 1569 sint
818 1542 844 1569 in
859 1549 892 1570 eo
905 1542 978 1577 quod
996 1550 1058 1570 con-

272 1587 358 1614 venit.
376 1586 551 1615 Manifestum
573 1592 616 1615 est
630 1591 721 1614 autem
741 1595 809 1615 auro
824 1588 979 1616 adulterino
993 1596 1060 1616 con-

272 1630 388 1665 fusoque
421 1635 448 1658 et
474 1639 527 1658 non
546 1631 655 1659 sincero
680 1632 825 1659 convenire
853 1632 1005 1668 fornacem,
1030 1637 1060 1660 ut

273 1682 334 1701 cum
350 1674 391 1702 eis
413 1674 522 1701 mistum
539 1670 633 1702 vitium
664 1675 746 1702 fuerit
762 1675 946 1710 liquefactum,
972 1676 1060 1711 longis

274 1724 366 1754 postea
380 1720 488 1747 sacculis
511 1719 565 1748 Deo
579 1728 646 1756 pura
665 1725 844 1749 conservetur
861 1725 970 1748 natura.
984 1722 1060 1754 Quo-

274 1767 346 1793 niam
364 1774 429 1802 ergo
439 1767 466 1794 in
485 1775 555 1802 aqua
572 1771 598 1794 et
614 1767 675 1802 igne
686 1773 728 1795 cst
748 1768 790 1795 vis
805 1768 929 1802 quaedam
951 1769 1058 1796 abster—

274 1812 353 1847 gendi
367 1817 394 1839 et
408 1812 569 1845 mundandi,
595 1814 641 1850 qui
659 1821 708 1848 per
723 1821 820 1847 aquam
837 1814 979 1848 mysticam
1000 1814 1058 1840 vitii

1112 219 1260 255 κρινομένη
1288 219 1327 254 τῷ
1349 219 1431 246 τέλει.
1447 219 1478 246 Τί
1490 219 1543 254 γὰρ
1563 217 1620 245 ἴσον
1635 218 1786 253 ἄνθρωπος,
1802 221 1847 246 καὶ
1865 221 1888 246 τὸ

1112 266 1180 302 πρὸς
1191 266 1240 301 τὴν
1257 265 1386 292 σύστασιν
1403 264 1448 292 τοῦ
1463 264 1532 297 ζώου
1548 264 1782 299 καταϐαλλόμενον
1796 273 1803 297 ;
1828 266 1887 292 Ἀλλ’

1110 313 1184 346 ὅμως
1199 312 1224 338 εἰ
1235 311 1272 347 μὴ
1289 313 1375 338 ἐκεῖνο
1393 312 1447 346 εἴη,
1465 311 1519 338 οὐδ’
1536 310 1569 337 ἂν
1583 310 1662 337 τοῦτο
1677 310 1792 344 γένοιτο,
1806 310 1888 343 Οὕτως

1112 357 1197 384 καὶτὸ
1213 357 1284 384 κατὰ
1298 357 1348 392 τὴν
1363 357 1483 393 μεγάλην
1497 356 1644 384 ἀνάστασιν
1654 356 1745 392 μεῖζον
1759 357 1788 384 ὃν
1803 359 1834 393 τῇ
1847 357 1888 391 φύ-

1111 411 1162 435 σει,
1179 402 1228 433 τὰς
1252 402 1339 438 ἀρχὰς
1351 402 1474 429 ἐντεῦθεν
1488 402 1594 434 καὶτὰς
1608 402 1698 433 αἰτίας
1713 402 1779 437 ἔχει.
1793 403 1830 429 οὐ
1843 403 1888 438 γάρ

1110 449 1169 475 ἐστι
1185 448 1296 475 δυνατὸν
1316 449 1404 475 ὲκεῖνο
1420 448 1556 482 γενέσθαι,
1571 449 1596 474 εί
1612 448 1649 484 μὴ
1664 447 1742 475 τοῦτο
1760 449 1887 484 προκαθη-

1110 494 1234 530 γήσαιτο.
1247 493 1293 529 Μὴ
1307 493 1437 521 δύνασθαι
1454 493 1482 520 δέ
1492 502 1564 529 φημι
1576 493 1637 528 δίχα
1649 493 1698 528 τῆς
1711 493 1782 521 κατὰ.
1798 493 1828 521 τὸ
1839 493 1888 521 λον-

1110 538 1174 574 τρδν
1191 538 1394 573 ἀναγεννήσεως
1402 539 1430 564 ὲν
1443 538 1589 564 ἀναστάσει
1603 537 1729 572 γενέσθαι
1740 537 1785 564 τὸν
1801 538 1888 573 ἄνθρω-

1111 592 1170 616 πον,
1188 584 1218 610 οὐ
1233 583 1302 619 πρὸς
1317 583 1367 618 τὴν
1381 583 1429 610 τοῦ
1455 583 1640 619 συγκρίματος
1654 583 1731 618 ἡμῶν
1749 583 1887 610 ἀνάπλασιν

1110 637 1140 655 τε
1154 629 1201 655 καὶ
1211 629 1431 663 ἀναστοιχείωσιν
1445 628 1652 660 ἀναὸλέποντες.
1668 627 1739 664 Πρὸς
1755 628 1832 655 τοῦτο
1844 629 1887 664 γὰρ

1110 674 1150 700 δεῖ
1165 674 1271 705 πάντως
1285 674 1449 709 πορευθῆναι
1476 674 1526 710 τὴν
1541 674 1622 708 φύσιν
1639 674 1753 706 οἰκείαις
1768 674 1887 708 ἀνάγκαις

1111 720 1182 748 κατὰ
1193 720 1242 756 τὴν
1252 719 1300 746 τοῦ
1315 719 1444 753 τάξαντος
1457 720 1612 755 οἰκονομίαν
1622 719 1836 755 συνωθουμένην.
1846 720 1888 746 κᾶν

1111 764 1251 800 προσλάϐῃ
1279 764 1328 800 τὴν
1356 765 1389 791 ὲκ
1416 763 1464 791 τοῦ
1479 763 1591 800 λουτροῦ
1614 764 1706 800 χάριν,
1722 763 1775 790 κᾶν
1789 764 1887 800 ἄμοιρος

1113 810 1191 846 μείνῃ
1207 810 1256 846 τῆς
1272 810 1399 845 τοιαύτης
1418 810 1552 846 μυήσεως,
1565 809 1632 836 ἀλλὰ
1647 809 1697 844 τὴν
1707 809 1753 835 ἐπὶ
1766 809 1797 836 τὸ
1813 809 1887 844 μαιὰ-

1114 857 1169 892 ριόν
1183 865 1213 882 τε
1231 857 1277 883 καὶ
1288 856 1362 883 θεῖον
1385 856 1432 882 καί
1449 856 1540 891 πάσης
1559 855 1710 891 κατηφείας
1730 855 1887 890 καχωρισμέ-

1113 910 1156 928 νον
1179 902 1408 929 άποκατάστασιν.
1433 901 1471 927 οὐ
1491 900 1547 936 γάρ
1561 901 1610 928 ὅσα
1624 901 1657 927 δι’
1668 901 1839 932 ἀναστάσεως
1849 901 1887 935 τὴν

1113 948 1159 974 ἐπὶ
1171 948 1202 973 τὸ
1213 945 1283 975 εἶναι
1309 947 1389 974 πάλιν
1411 947 1539 975 ἐπάνοδον
1553 947 1669 983 δέχεται,
1685 947 1752 982 πρὸς
1763 946 1808 974 τὸν
1821 948 1886 973 αὐτὸν

1113 994 1235 1021 ἐπάνεισι
1247 993 1313 1028 βίον.
1335 992 1415 1021 Ἀλλὰ
1429 993 1495 1020 πολὺ
1509 993 1540 1020 τὸ
1558 992 1638 1028 μέσον
1651 992 1705 1019 τῶν
1721 1001 1752 1019 τε
1765 992 1886 1027 κεκαθαρ-

1113 1040 1211 1077 μένων.
1225 1040 1271 1066 καὶ
1295 1039 1348 1066 τῶν
1362 1039 1410 1066 τοῦ
1432 1039 1578 1075 καθαρσίου
1598 1038 1805 1074 προσδεομένων
1816 1038 1884 1065 ἐστίν.

1118 1084 1181 1119 Ἐφ’·
1189 1081 1226 1111 ὧν
1239 1083 1293 1119 γὰρ
1310 1083 1380 1110 κατὰ
1394 1083 1440 1110 τδν
1454 1083 1509 1118 βίον
1522 1083 1615 1112 τοῦτον
1633 1083 1650 1119 ἡ
1662 1083 1705 1110 διὰ
1721 1083 1770 1111 τοῦ
1790 1082 1885 1117 λουτροῦ

1113 1130 1343 1165 προκαθηγήσατο
1362 1129 1505 1166 κάθαρσις,
1513 1129 1580 1164 πρὸς
1592 1130 1628 1157 αδ
1653 1128 1784 1163 συγγενὲς
1799 1128 1886 1158 τούτοις

1111 1175 1284 1211 ἀναχώρησις
1311 1175 1397 1202 ἔσται.
1414 1175 1459 1211 Τῷ
1473 1175 1501 1202 δὲ
1528 1175 1639 1211 καθαρῷ
1658 1175 1688 1201 τὸ
1701 1175 1804 1206 ἀπαθὲς
1816 1182 1884 1210 προσ-

1112 1221 1255 1257 ῳκείωται.
1276 1222 1321 1248 Ἐν
1337 1221 1365 1248 δὲ
1384 1223 1417 1258 τῇ
1444 1221 1563 1257 ἀπαθείᾳ
1580 1222 1610 1248 τὸ
1625 1221 1759 1257 μακάριον
1769 1218 1834 1248 εἶναι
1848 1220 1886 1247 οὐκ

1111 1268 1321 1302 ἀμφιϐάλλεται.
1342 1265 1389 1298 Οἷς
1414 1268 1442 1295 δὲ
1467 1267 1673 1304 προσεπωρώθη
1698 1267 1734 1294 τὰ
1752 1267 1834 1302 πάθη,
1849 1266 1885 1293 καὶ

1111 1314 1186 1340 οὐδὲν
1199 1314 1322 1349 προήχθη
1337 1314 1385 1349 τῆς
1395 1314 1502 1349 κηλίδος
1514 1313 1661 1349 καθάρσιον
1672 1321 1678 1328 ·
1695 1313 1746 1349 οὐχ
1763 1313 1832 1348 ὕδωρ
1846 1322 1885 1348 μυ-

1113 1360 1216 1391 στικὸν,
1242 1359 1291 1386 οὐκ
1313 1359 1456 1394 ἐπίκλησις
1490 1359 1565 1392 Θείας
1590 1359 1740 1394 δυνάμεως,
1757 1360 1806 1395 οὐχ
1828 1360 1843 1394 ἡ
1861 1358 1884 1384 ὲκ

1113 1404 1292 1440 μεταμελείας
1308 1404 1422 1440 δροωσις
1435 1413 1442 1421 ·
1458 1405 1565 1440 ἀνάγκη
1587 1405 1671 1436 πᾶσα,
1685 1405 1732 1431 καὶ
1749 1405 1852 1436 τούτους
1863 1404 1883 1430 ἐν

1111 1451 1150 1486 τῷ
1167 1450 1326 1486 καταλλήλῳ
1337 1451 1472 1485 γενέσθαι.
1491 1451 1664 1486 Κατάλληλον
1680 1451 1708 1478 δὲ
1721 1450 1762 1486 τῷ
1776 1450 1883 1483 κεκιϐδη-

1111 1494 1233 1530 λευμένῳ
1245 1495 1348 1530 χρυσίῳ
1362 1495 1392 1521 τὸ
1407 1496 1596 1532 χωνευτήριον,
1612 1495 1650 1527 ὡς
1659 1495 1707 1531 τῆς
1720 1494 1883 1531 ὲμμιχθείσης

1110 1540 1201 1572 αὐτοῖς
1227 1540 1326 1572 κακίας
1343 1541 1534 1576 ἀποτακείσης,
1562 1542 1676 1577 μακροῖς
1696 1540 1809 1576 ὕστερον
1820 1539 1884 1566 ait-nm

1110 1584 1232 1621 καθαρὰν
1256 1585 1431 1621 ἀποσωθῆναι
1455 1585 1493 1621 τῷ
1510 1586 1570 1621 Θεῷ
1585 1586 1634 1622 τὴν
1650 1586 1741 1622 φύσιν.
1763 1586 1834 1612 Ἐπεὶ
1850 1582 1883 1610 οὖν

1111 1631 1228 1666 ῥυπτική
1244 1630 1286 1661 τίς
1301 1632 1360 1657 ὲστι
1383 1631 1497 1666 δύναμις
1512 1632 1541 1657 ἐν
1561 1632 1600 1666 τῷ
1617 1632 1682 1667 πυρὶ
1696 1632 1746 1658 καὶ
1760 1631 1798 1666 τῷ
1812 1631 1882 1661 ὖᾶατι,

1110 1675 1134 1701 οἱ
1149 1675 1193 1702 διὰ
1204 1675 1251 1701 τοῦ
1267 1674 1362 1708 ὓδατος
1373 1675 1420 1702 τοῦ
1435 1676 1566 1712 μυστικοῦ
1581 1676 1626 1702 τὸν
1638 1677 1687 1712 τῆς
1701 1676 1801 1707 κακίας
1817 1674 1884 1710 filim?

1111 1720 1339 1755 ἁποκλυσάμενοι,
1365 1721 1413 1748 τοῦ
1442 1721 1535 1758 ἑτέρου
1561 1722 1615 1748 τῶν
1638 1722 1794 1758 καθαρσίων
1814 1719 1883 1749 εἴδους

1111 1767 1161 1794 οὐκ
1190 1767 1350 1794 ἐπιδέονται.
1371 1768 1402 1794 Ol
1420 1767 1448 1794 δὲ
1472 1767 1574 1803 ταύτης
1595 1767 1712 1803 ἀμύητοι
1735 1769 1785 1803 τῆς
1800 1765 1884 1800 καθάρ-

1114 1822 1181 1845 σεως
1205 1812 1358 1847 ἀναγκαίως
1369 1812 1409 1848 τῷ
1420 1813 1487 1848 πυρὶ
1502 1812 1705 1849 καθαρίζονται.

273 1859 369 1886 sordes
410 1858 577 1892 ablnerunt,
611 1867 666 1886 non
696 1867 765 1894 opus
796 1859 895 1886 habent
929 1859 1015 1886 altero
1039 1867 1138 1894 genere
1171 1859 1352 1895 purgationis.
1383 1858 1435 1893 Qui
1465 1863 1556 1886 autem
1580 1866 1636 1886 non
1668 1859 1772 1887 fuerint
1802 1855 1883 1886 initiati

272 1905 403 1941 mysterio
426 1905 508 1939 hujus
534 1905 716 1940 purgationis.
742 1905 803 1940 igne
834 1909 986 1941 purgantur
1009 1905 1174 1933 necessario.

536 1970 653 1999 CAPUT
672 1971 792 1998 XXXVI.

306 2037 373 2064 Nam
390 2042 417 2065 et
431 2037 586 2064 communis
606 2037 678 2064 ratio
693 2041 720 2064 et
740 2036 943 2071 Scripturarum
965 2039 1058 2063 osten-

272 2084 312 2111 dit
323 2084 458 2117 doctrina,
489 2084 612 2111 divinuln
629 2086 742 2110 chorum
766 2091 819 2110 non
835 2090 916 2118 posse
944 2081 1059 2116 ingredi.

272 2130 317 2164 qui
331 2137 425 2157 omnes
450 2138 482 2157 ex
505 2130 571 2156 vitio
591 2133 748 2156 contractas
771 2128 866 2155 sordes
886 2135 918 2154 ac
938 2127 1059 2154 maculas

1394 1972 1520 1998 ΚΕΨΛΛ.
1543 1972 1615 2005 Λςν.

1147 2038 1193 2073 Μὴ
1206 2037 1260 2074 γὰρ
1275 2036 1343 2065 εἷναι
1368 2037 1479 2065 δυνατὸν
1499 2038 1513 2064 ὃ
1536 2046 1566 2064 τε
1582 2038 1669 2070 κοινὸς
1681 2039 1799 2066 δείκνυσι
1812 2038 1883 2072 λόγος.

1111 2084 1158 2111 καὶ
1171 2085 1187 2119 ἡ
1206 2084 1260 2110 τῶν
1274 2083 1390 2119 Γραφῶν
1403 2083 1559 2111 διδασκαλία
1568 2105 1575 2115 ,
1592 2084 1665 2115 ὲντδς
1677 2084 1724 2110 τοῦ
1743 2085 1813 2111 θείου
1824 2083 1883 2118 γενέ-

1114 2130 1174 2156 σθαι
1193 2129 1274 2165 χοροῦ
1288 2129 1333 2156 τὸν
1348 2129 1385 2165 μὴ
1403 2129 1530 2165 καθαρῶς
1553 2129 1657 2161 πάντας
1673 2131 1737 2162 τοὺς
1756 2132 1788 2157 ἐκ
1803 2129 1883 2159 κακίας

272 2183 326 2202 non
349 2176 455 2203 eluerit.
484 2174 540 2202 Hoc
565 2174 632 2201 illud
648 2179 701 2206 est,
729 2174 801 2210 quod
823 2182 884 2201 cum
913 2174 948 2201 sit
975 2182 1006 2201 ex
1027 2181 1056 2200 se

1112 2176 1220 2206 σπίλους
1242 2175 1479 2211 ἀπορρυψάμενον.
1507 2175 1592 2202 Τοῦτό
1615 2177 1689 2202 ἐστιν
1717 2176 1731 2203 ὂ
1753 2177 1844 2213 μικρὸν
1861 2174 1883 2201 ὃν

274 2227 398 2253 parvum,
422 2227 582 2254 magnorum
600 2224 642 2246 est
663 2219 795 2246 bonorum
817 2219 924 2246 initium
945 2224 971 2246 et
997 2218 1057 2246 fun-

273 2265 441 2291 damentum.
468 2264 585 2291 Parvum
604 2268 694 2292 autem
718 2265 779 2292 dico
805 2265 840 2292 ob
869 2270 942 2292 recte
962 2265 1057 2300 agendi

273 2308 441 2336 facilitatem.
457 2309 524 2342 Quis
536 2309 609 2337 enim
620 2314 661 2337 est
677 2310 727 2336 hac
744 2310 771 2337 in
789 2319 816 2338 re
835 2311 922 2344 labor,
947 2311 1059 2338 credere

275 2354 357 2381 Deum
372 2362 434 2383 esse
458 2356 580 2391 ubique:
611 2363 673 2383 cum
684 2360 773 2383 autem
798 2357 834 2384 sit
863 2357 889 2384 in
917 2357 1056 2390 omnibus,

274 2398 370 2426 adesse
383 2400 466 2427 etiam
489 2401 681 2429 invocantibus
698 2403 808 2430 vitalem
833 2402 893 2436 ejus
918 2403 1056 2434 virtutem,

275 2449 434 2480 prmsentem
448 2450 538 2474 autem
557 2447 646 2475 facere
660 2447 686 2475 id
703 2448 774 2482 quod
788 2452 829 2476 est
847 2448 898 2476 sibi
917 2448 1058 2483 proprium

273 2496 300 2518 ct
315 2492 499 2519 conveniens?
515 2492 618 2520 Divina}
632 2497 723 2521 autem
741 2494 910 2529 operationis
933 2498 976 2521 est
995 2501 1059 2529 pro-

273 2536 332 2572 pria
345 2537 420 2564 salus
435 2545 530 2565 eorum
552 2539 599 2573 qui
621 2539 753 2573 indigent.
777 2540 837 2575 Ipsa
849 2544 940 2568 autem
957 2540 986 2567 fit
1003 2540 1059 2568 eiii-

272 2590 321 2610 cax
338 2587 365 2610 et
380 2581 414 2610 ad
429 2590 498 2618 opus
509 2582 654 2611 deducitur
672 2593 719 2620 per
735 2593 793 2612 eam
812 2593 872 2620 quae
898 2585 924 2612 in
941 2593 1011 2621 aqua
1030 2586 1058 2613 ﬁt

272 2637 303 2657 ex
310 2629 509 2664 purgationem.
519 2628 570 2662 Qui
582 2634 624 2657 est
637 2634 727 2658 autem
742 2635 918 2666 expurgatus,
929 2632 982 2659 erit
994 2639 1058 2667 par-

274 2675 361 2709 ticeps
377 2675 514 2710 puritatis.
527 2674 604 2708 Quod
625 2681 713 2703 autem
730 2684 793 2704 vere
816 2684 913 2711 purum
930 2681 984 2710 est,
1016 2681 1058 2705 est

274 2719 414 2748 divinitas.
429 2720 512 2749 Vides
527 2729 608 2756 quam
624 2720 659 2749 sit
677 2730 801 2757 parvum,
826 2726 853 2750 et
871 2730 953 2758 quam
976 2722 1057 2751 facile

276 2767 350 2790 recte
365 2764 423 2792 tieri
439 2769 529 2800 potest
557 2766 583 2793 id
599 2767 670 2801 quod
685 2771 727 2794 cst
743 2767 770 2794 in
795 2767 939 2802 principio,
957 2776 1054 2802 nelnpe

275 2808 341 2837 ﬁdes
357 2812 383 2836 ει
401 2819 471 2846 aqua
486 2820 493 2838 :
509 2812 554 2839 illa
570 2813 679 2847 quidem
704 2813 755 2841 sita
769 2814 795 2842 in
819 2814 932 2842 arbitrio
960 2814 1052 2842 libera:

1111 2222 1172 2248 καθ’
1189 2221 1269 2248 ἑαυτὸ
1292 2220 1417 2256 μεγάλων
1441 2221 1551 2255 ἀγαθῶν
1565 2222 1637 2257 ἀρχή
1654 2230 1684 2248 τε
1707 2223 1755 2248 καὶ
1776 2222 1884 2251 ὑπόθεσις

1112 2269 1224 2302 γίνεται.
1243 2267 1347 2302 Μικρὸν
1358 2267 1386 2293 δέ
1404 2276 1475 2302 φημι
1489 2268 1522 2303 τῇ
1538 2267 1648 2303 εὐκολίᾳ
1663 2268 1709 2294 τοῦ
1725 2267 1884 2303 κατορθώμα·

1110 2322 1167 2345 τος.
1179 2313 1226 2344 Τίς
1239 2312 1293 2348 γὰρ
1309 2312 1425 2348 πάρεστι
1439 2312 1520 2344 πόνος
1536 2312 1575 2348 τῷ
1589 2313 1741 2348 πράγματι,
1757 2311 1884 2339 πιστεῦσαι

1112 2358 1250 2394 πανταχοῦ
1269 2357 1314 2384 τὸν
1327 2358 1392 2385 Θεὸν
1404 2356 1473 2385 εἶναι
1485 2366 1492 2373 ·
1513 2358 1542 2384 ὲν
1559 2359 1626 2385 πᾶσι
1644 2357 1673 2384 δὲ
1686 2358 1762 2390 ὄντα,
1778 2358 1884 2393 παρεῖναι

1111 2405 1226 2436 καὶτοῖς
1239 2403 1462 2439 ἐπικαλουμένοις
1483 2404 1531 2439 τὴν
1546 2403 1662 2439 ζωτικὴν
1677 2404 1760 2431 αὑτοῦ
1777 2404 1884 2437 δῦναμινι

1112 2451 1233 2485 παρόντα
1257 2450 1285 2478 δὲ
1309 2450 1339 2477 τὸ
1368 2451 1466 2477 οἰκεῖον
1491 2451 1595 2483 ποιεῖν;
1611 2451 1690 2477 ’Ίδιον
1706 2450 1735 2477 δὲ
1757 2452 1806 2486 τῆς
1826 2448 1884 2477 θείας

1112 2496 1253 2532 ἐνεργείας
1287 2497 1304 2532 ὴ
1328 2495 1381 2522 τῶν
1397 2496 1531 2531 δεομένων
1549 2498 1608 2523 ἐστὶ
1633 2497 1764 2532 σωτηρία.
1781 2495 1849 2529 Αὕτη
1865 2492 1884 2518 δὲ

1111 2542 1155 2568 διὰ
1175 2543 1222 2576 τῆς
1238 2543 1265 2568 ὲν
1279 2541 1355 2568 ὕδατι
1379 2540 1536 2576 καθάρσεως
1558 2541 1667 2577 ἐνεργὸς
1692 2542 1807 2575 γίνεται.
1827 2539 1852 2566 '0
1864 2536 1884 2564 εὶ

1112 2587 1288 2623 καθαρισοεὶς
1303 2588 1332 2614 ὲν
1351 2587 1479 2622 μετουσίᾳ
1494 2588 1544 2622 τῆς
1564 2587 1748 2622 καθαρότητος
1763 2587 1844 2613 ἔσται.
1857 2582 1884 2609 ἠ

1111 2632 1140 2659 δὲ
1151 2631 1259 2666 άληθῶς
1269 2631 1390 2666 καθαρὸν
1406 2631 1422 2666 ἡ
1437 2631 1534 2666 θεότης
1553 2631 1636 2658 ἐστίν.
1658 2631 1739 2668 Ὁρᾷς
1765 2631 1836 2661 ὅπως
1851 2636 1884 2663 μι-

1112 2677 1176 2712 κρόν
1192 2685 1218 2703 τι
1237 2677 1268 2703 τὸ
1284 2677 1355 2703 κατὰ
1381 2676 1429 2712 τὴν
1443 2677 1530 2712 ἀρχήν
1548 2677 1605 2703 ἐστι
1627 2677 1673 2703 καὶ
1686 2675 1884 2712 εὐκατόρθωτονι

1112 2722 1204 2754 πίστις
1216 2722 1261 2748 καὶ
1275 2721 1347 2757 ὕδωρ
1356 2729 1362 2737 ·
1376 2723 1392 2757 ἡ
1409 2722 1457 2757 μὲν
1472 2721 1546 2753 ἐντὸς
1560 2722 1608 2756 τῆς
1624 2721 1809 2758 προαιρέσεως
1821 2717 1884 2755 ἡμῶν

1113 2767 1297 2803 ἀποκειμένη·
1324 2768 1356 2794 τὸ
1370 2768 1399 2794 δὲ
1429 2767 1576 2803 σύντροφον
1596 2768 1629 2803 τῇ
1652 2767 1808 2803 ἀνθρωπίνῃ
1828 2766 1882 2799 {wil-

1120 2814 1197 2841 Ἀλλᾶ
1231 2815 1260 2842 τὸ
1292 2816 1324 2842 ὲκ
1353 2815 1454 2842 τούτων
1483 2815 1669 2851 ἀναφυόμενον
1707 2814 1808 2851 ἀγαθὸν
1836 2814 1883 2840 ἥσω
