1926 3080
61 139 96 168 93
680 142 808 171 ORATIO
825 143 1078 173 CATECHETICA.
1654 147 1691 176 94

63 195 110 222 καὶ
127 192 196 230 οἷον,
221 196 263 229 ὡς
284 197 350 233 πρὸς
371 197 437 225 αὐτὸ
462 197 492 225 τὸ
504 201 581 228 Θεῖον
599 196 672 232 ἔχειν
688 200 738 236 τὴν
756 201 851 228 οἰκειό-

909 206 1011 229 nostra:
1023 202 1180 236 electionis,
1202 202 1261 230 hac
1275 209 1342 230 vero
1358 208 1419 237 quae
1439 199 1521 229 simul
1542 207 1606 228 cum
1634 199 1691 227 vita

61 248 149 276 τητας

363 379 486 406 ΚΕΦΛΛ.
501 380 561 407 AZ'.

103 423 174 451 Ἀλλ’
188 424 285 460 ἐπειδὴ
296 424 405 452 διπλοῦν
426 426 456 452 τὸ
471 425 650 461 ἀνθρώπινον,
666 426 739 463 ψυχῇ
759 435 790 454 τε
807 428 855 455 καὶ

62 470 170 504 σώματι
197 470 430 505 συγκεκραμένον,
445 471 550 507 ἀνάγκη
566 471 604 507 τῷ
619 471 687 507 πρὸς
711 473 761 508 τὴν
782 473 855 509 ζωὴν

61 515 280 551 καθηγουμένῳ,
294 515 328 542 δι’
341 516 504 552 ἀμφοτέρων
532 517 595 548 τοὺς
624 517 794 553 σωζομένους
807 520 855 553 ὲφ-

59 560 186 587 έπεσθαι.
208 560 314 587 Οὐκοῦν
332 563 349 596 ἡ
365 561 438 597 ψυχὴ
453 562 502 597 μὲν
521 562 566 589 διὰ
580 562 698 595 πίστεως
720 563 789 598 πρὸς
805 564 855 590 αὑ-

59 606 105 633 τὸν
120 606 308 642 άνακραθείσα
317 607 366 639 τὰς
379 608 506 643 ἀφορμὰς
520 607 645 636 ἐντεῦθεν
658 609 708 645 τῆς
719 610 855 645 σωτηρίας

60 652 117 687 ἔχει
129 660 137 667 ·
154 653 171 687 ἠ
191 653 246 688 γὰρ
275 652 342 689 πρὸς
357 652 406 689 τὴν
430 653 502 689 ζωὴν
520 653 616 686 ἕνωσις
650 655 700 690 τὴν
715 655 765 690 τῆς
781 654 855 690 ζωῆς

60 698 205 725 κοινωνίαν
219 698 288 733 ἔχει.
301 698 337 725 Τδ
348 699 377 725 δὲ
396 698 476 734 σῶμα
491 699 584 736 ἕτερον
597 699 696 736 τρόπον
713 701 742 728 ὲν
757 709 855 736 μετου-

60 744 107 778 σίᾳ
122 752 153 770 τε
169 745 217 771 καὶ
231 744 383 780 ἀνακράσει
403 744 451 772 τοῦ
475 745 606 778 σώζοντος
623 745 737 780 γίνεται.
750 747 854 784 Ὠσπερ

59 788 114 823 γὰρ
125 789 150 815 οἱ
165 788 328 824 δηλητήριον
340 790 373 816 δι’
386 789 532 826 ἐπιϐουλῆς
547 790 685 824 λαϐόντες,
701 792 772 827 ἄλλῳ
783 801 854 828 φαρ-

61 834 142 868 μάκῳ
157 834 209 868 τὴν
224 834 385 869 φθοροποιὸν
393 835 508 870 δύναμιν
521 835 635 862 ἔσϐεσαν
649 843 656 851 ·
675 837 728 872 χρὴ
746 837 774 864 δὲ
791 837 853 864 καθ’

58 879 207 914 ὁμοιότητα
222 879 270 906 τοῦ
282 879 402 916 ὀλεθρίου
419 881 466 907 καὶ
481 880 511 907 τὸ
527 881 696 918 άλεξιτήριον
711 883 786 915 ἐντὸς
798 883 852 911 τῶν
869 879 889 906 Β

58 925 240 960 ἀνθρωπίνων
253 926 379 961 γενέσθαι
397 927 570 963 σπλάγχνων,
587 927 626 959 ὡς
641 927 675 955 ἃν
690 928 724 955 δι’
740 929 852 956 ἐκείνων

58 971 101 1004 ἐφ’
119 972 194 998 ἆπαν
222 972 438 1008 καταμερισθείη
450 973 480 999 τὸ
493 973 573 1008 σῶμα
593 974 610 1009 ὴ
631 974 678 1000 τοῦ
692 974 853 1010 βοηθοῦντος

56 1015 188 1050 δύναμιςσ
202 1016 276 1044 οὕτω
294 1017 342 1044 τοῦ
355 1017 510 1050 διαλύοντος
530 1018 580 1054 τὴν
595 1018 675 1053 φύσιν
692 1020 772 1056 ἡμῶν
786 1021 854 1048 ἀπο-

57 1062 236 1097 γευσάμενοι,
254 1062 335 1090 πάλιν
350 1064 498 1098 ἀναγκαῖον
517 1064 554 1096 ὡς
569 1064 675 1092 καὶτοῦ
692 1066 853 1100 συνάγοντος

56 1109 88 1135 τὸ
100 1109 295 1144 διαλελυμένον
314 1110 499 1146 ὲπεδεήθημεν
511 1119 519 1126 ·
539 1111 576 1143 ὡς
599 1111 633 1139 ἂν
649 1112 678 1138 ὲν
694 1113 760 1147 ἡμῖν
774 1113 852 1147 γενό-

58 1162 140 1188 μενον
154 1155 185 1181 τὺ
197 1155 318 1182 τοιοῦτον
339 1156 507 1192 άὴξιτήριον
520 1157 570 1193 τὴν
591 1158 801 1192 προεντεθεῖσαν
813 1158 852 1194 τῷ

58 1200 167 1235 σώματι
179 1200 227 1227 τοῦ
238 1200 402 1237 δηλητηρίου
422 1201 524 1238 βλάϐην
540 1203 584 1229 διὰ
599 1203 648 1238 τῆς
662 1204 765 1235 οἰκείας
779 1204 852 1230 άντι-

57 1246 175 1278 παθείας
190 1245 337 1274 ὰπώσοιτο.
351 1246 384 1274 Τί
400 1245 446 1274 οὖν
471 1248 530 1274 ἐστι
546 1248 640 1281 τοῦτο,
657 1248 741 1275 Οὐδὲν
759 1248 852 1284 ἓτερον

56 1292 74 1327 ἢ
85 1293 174 1319 ἐκεῖνο
183 1293 214 1319 τὸ
230 1293 320 1328 σῶμα,
332 1293 347 1320 δ
361 1293 408 1320 τοῦ
424 1301 453 1320 τε
465 1293 580 1320 θανάτου
595 1295 718 1329 κρεῖττον
734 1294 850 1330 ἐδείχθη,

56 1338 106 1365 καὶ
118 1339 169 1374 τῆς
183 1339 256 1374 ζωῆς
275 1339 353 1374 ήμῶν
368 1339 532 1375 κατήρξατο.
549 1339 682 1375 Καθάπερ
695 1340 750 1374 γὰρ
764 1339 851 1375 μικρὰ

56 1383 143 1419 ζύμη,
173 1383 267 1416 καθώς
288 1392 369 1419 φησιν
387 1386 402 1411 ὀ
426 1385 595 1418 Ἀπὸστολος,
616 1385 677 1412 ὅλον
689 1385 719 1412 τὸ
737 1385 851 1421 φύραμα

57 1431 126 1466 πρὸς
137 1430 239 1466 ἑαυτὴν
267 1430 443 1466 ωνεξομοιοῖ,
465 1430 552 1463 οὕτως
572 1430 603 1456 τὸ
622 1430 782 1458 θανατισθὲν
798 1430 852 1457 ὑπὸ

54 1476 104 1502 τοῦ
124 1475 192 1502 Θεοῦ
206 1475 288 1510 σῶμα
301 1475 330 1502 ἐν
343 1475 381 1510 τῷ
396 1476 523 1511 ἡμετέρῳ
541 1475 697 1510 γενόμενον,
711 1475 772 1502 ὂλον
782 1475 852 1511 πρὸς

55 1522 137 1548 ἑαυτὸ
154 1523 302 1556 μεταποιεῖ
324 1521 371 1548 καὶ
387 1520 574 1556 μετατίθησιν.
597 1521 640 1552 Ὡς
656 1521 711 1557 γὰρ
723 1521 770 1548 τοῦ
785 1520 850 1556 φθο-

300 1567 331 1594 τδ
358 1547 476 1602 ὑγιαῖνον
499 1547 704 1602 άναμιχθέντοςζ
725 1547 798 1594 διτέαᾷ
820 1567 850 1593 τὸ
864 1547 885 1576 c

55 1612 212 1648 ἁιακραθὲν
241 1612 457 1648 συνηχρείωται⁶
486 1611 572 1644 οὕτως
598 1612 646 1639 καὶ
668 1612 698 1638 τὸ
717 1612 850 1640 ἀθάνατον

56 1659 135 1694 σῶμα
168 1658 252 1694 ἐντῷ
268 1658 425 1686 ἀναλαϐόντι
448 1658 513 1686 αύτὺ
534 1658 690 1693 γενόμενον,
715 1658 782 1693 πρὸς
800 1659 850 1694 τὴν

55 1704 150 1731 ἑαυτοῦ
175 1703 260 1738 φύσιν
293 1704 340 1730 καὶ
362 1703 391 1730 τὸ
407 1704 461 1730 πᾶν
482 1703 669 1738 μετεποίησεν.
694 1703 775 1730 Ἀλλὰ
797 1703 850 1738 μὴν

55 1750 103 1776 οῦκ
115 1750 192 1777 ἐστιν
207 1749 297 1781 ἄλλως
309 1749 382 1781 ἐντός
393 1758 420 1776 τι
430 1749 570 1784 γίγνεσθαι
587 1748 633 1775 τοῦ
651 1748 786 1783 σώματος,
811 1748 849 1784 μὴ

55 1795 97 1821 διά
111 1796 245 1831 βρώσεως
257 1795 305 1822 καὶ
318 1795 422 1827 πόσεως
435 1796 491 1827 τοῖς
505 1794 667 1830 σπλάγχνοις
681 1793 849 1829 καταμιγνύ-

58 1850 146 1876 μενον.
167 1841 277 1868 οὐκοῦν
291 1841 444 1875 ὶπάναγκες
455 1842 526 1868 κατὰ
535 1841 581 1867 τὸν
595 1840 706 1867 δυνατὸν
722 1841 755 1876 τῇ
771 1840 850 1874 φύσει

55 1886 155 1920 τρόπον
163 1886 215 1922 τὴν
224 1886 355 1918 ζωοποιὸν
365 1887 478 1921 δύναμιν
486 1885 532 1912 τοῦ
541 1885 611 1913 Πνιύ
615 1893 699 1921 ματος
712 1884 848 1917 δέξασθαι.

59 1932 144 1959 Μόνον
157 1931 188 1958 δὲ
199 1931 249 1959 τοῦ
265 1929 394 1966 Θεοόόχου
404 1931 530 1967 σώματος
544 1931 650 1959 ἐκείνου
659 1931 761 1967 ταύτην
775 1931 851 1963 δεξα-

60 1977 139 2011 μένου
155 1977 207 2012 τὴν
228 1977 318 2012 χάριν,
329 1977 416 2008 ἄλλως
429 1977 458 2004 δὲ
470 1977 621 2013 δειχθέντος
637 1977 673 2013 μὴ
690 1975 758 2003 εῖναι
771 1977 851 2003 δυνα-

57 2022 100 2048 τὸν
110 2024 140 2049 ὲν
151 2022 292 2058 ἀθανασίᾳ
318 2023 443 2055 γενέσθαι
469 2023 500 2050 τὸ
523 2023 657 2059 ἡμέτερον
669 2022 759 2058 σῶμα,
772 2023 797 2048 εί
812 2021 850 2058 μὴ

56 2067 98 2093 διὰ
108 2070 160 2103 τῆς
175 2068 246 2102 πρὸς
259 2069 288 2094 τὸ
304 2068 436 2096 ἀθάνατον
452 2068 593 2100 κοινωνίας
608 2069 637 2095 ὲν
657 2068 788 2104 μετουσίᾳ.
800 2070 850 2104 τῆς

58 2113 215 2149 ἀφθαρσίας
225 2114 370 2149 γενόμενον
380 2123 387 2129 ·
407 2114 543 2149 σκοπῆσαι
556 2114 700 2150 προσήκει,
719 2114 777 2146 πῶς
790 2113 851 2147 ἐγέ-

57 2168 117 2186 νετο
128 2160 245 2187 δυνατὸν
274 2161 304 2187 τὸ
327 2160 355 2187 ἓν
373 2161 460 2187 ἐκεῖνο
473 2161 552 2196 σῶμα
563 2162 623 2192 ταῖς
635 2162 779 2192 τοσαύταις
796 2159 849 2187 τῶν

906 250 1003 274 nostra
1028 247 1122 274 alitur.
1153 246 1208 274 Sed
1239 246 1313 282 quod
1340 254 1373 274 ex
1390 246 1432 274 bis
1463 245 1567 273 bonum
1589 245 1692 277 oritur,

905 295 1039 327 quantum
1050 295 1093 319 est
1108 296 1135 320 et
1153 292 1243 327 quale,
1271 296 1301 319 ut
1315 299 1378 319 cum
1393 291 1454 327 ipso
1473 290 1530 319 Deo
1554 290 1637 318 homo
1654 289 1694 317 fa-

906 338 1092 366 miliaritatem
1109 338 1208 366 habeat
1221 342 1249 366 et
1267 337 1493 372 conjunctionem
1505 337 1518 364 τ

1165 382 1281 411 CAPUT
1300 383 1433 410 XXXVII.

942 429 995 458 Sed
1012 430 1142 465 quoniam
1162 429 1245 457 homo
1265 433 1308 456 est
1323 428 1435 464 duplex,
1461 432 1493 456 ut
1508 428 1556 464 qui
1569 427 1605 456 sit
1614 434 1693 455 com-

906 475 1013 510 positus
1038 482 1071 502 ac
1089 478 1311 510 contemperalus
1335 481 1368 502 ex
1393 473 1484 501 animo
1510 477 1538 501 et
1563 480 1691 508 corpore,

906 527 1019 548 necesse
1039 523 1082 548 est
1094 524 1124 548 ut
1138 521 1184 556 qui
1199 524 1356 553 servantur,
1380 527 1430 555 per
1443 523 1591 554 utrumque
1607 519 1690 547 attin-

905 569 970 601 gant
981 573 1044 593 eum
1060 565 1108 601 qui
1121 565 1197 593 ducit
1214 565 1248 593 sd
1262 565 1359 593 vitam.
1375 565 1448 601 Ergo
1462 565 1555 592 anima
1577 564 1691 600 quidem

905 618 968 639 cum
982 611 1042 647 ipso
1054 615 1258 647 contemperata
1274 619 1321 646 per
1352 610 1432 639 ﬁdem
1449 611 1515 638 hinc
1529 611 1627 638 salutis
1637 611 1692 638 ha-

905 657 950 685 bet
975 656 1158 685 occasionem.
1188 656 1257 684 Nam
1272 656 1338 684 unio
1352 663 1415 684 cum
1442 656 1498 683 vita
1519 656 1583 684 vita)
1610 656 1692 684 habet

905 703 1076 730 societatem.
1095 702 1202 737 Corpus
1216 706 1307 730 autem
1323 701 1377 729 alio
1393 701 1476 729 modo
1494 701 1571 729 venit
1583 701 1617 729 ad
1632 708 1692 737 par-

904 747 1093 782 ticipationem
1115 751 1143 775 et
1167 746 1447 782 contemperationem
1474 745 1535 780 ejus
1547 745 1621 780 quod
1644 745 1692 772 dat

905 793 1032 820 salutem.
1053 791 1114 825 Quo
1125 791 1207 819 modo
1220 792 1292 819 enim
1308 791 1355 826 qui
1365 798 1500 818 venenum
1512 793 1692 825 sumpserunt

904 837 968 865 dolo
989 841 1017 866 et
1030 845 1063 865 ex
1078 837 1201 868 insidiis.
1219 836 1272 864 alio
1289 836 1490 864 medicamento
1510 836 1691 871 exslinguunt

904 885 957 911 vim
977 891 1037 919 quae
1052 883 1130 911 aﬂ'ert
1156 883 1295 911 interitum
1305 901 1313 915 ,
1332 886 1440 918 oportet
1453 886 1543 910 alitem
1559 882 1630 910 sicut
1641 890 1690 910 ex-

903 931 988 961 itiale,
1003 930 1039 957 ita
1065 930 1148 957 etiam
1181 929 1302 956 salutare
1328 928 1559 956 medicamentum
1580 927 1689 955 admitti

903 977 975 1004 intra
1001 975 1108 1003 viscera
1124 974 1255 1007 hominis,
1276 978 1307 1000 ut
1329 981 1377 1009 per
1393 973 1440 1002 illa
1457 973 1640 1001 distribuatur
1661 973 1689 1000 in

903 1023 1062 1050 universum
1079 1028 1182 1056 corpus
1195 1020 1282 1048 virtus
1295 1019 1357 1054 ejus
1377 1019 1451 1054 quod
1475 1018 1528 1046 fert
1542 1026 1620 1054 opem
1633 1019 1688 1045 :ita

902 1075 965 1095 cum
981 1067 1007 1094 id
1022 1066 1223 1102 gustaverimus
1237 1064 1311 1100 quod
1325 1068 1448 1092 nostram
1461 1063 1589 1092 dissolvit
1605 1067 1689 1091 natu-

903 1121 972 1145 ram,
987 1120 1085 1140 rursus
1099 1119 1213 1139 necesse
1227 1115 1269 1139 est
1283 1115 1313 1139 ut
1323 1119 1394 1147 opus
1401 1111 1551 1139 habeamus
1565 1118 1598 1138 eo
1608 1109 1684 1145 quod

902 1158 976 1193 cogit
993 1165 1025 1184 ac
1037 1157 1166 1184 conciliat
1178 1157 1205 1184 id
1222 1157 1295 1192 quod
1313 1160 1372 1184 erat
1386 1156 1563 1190 dissolutum,
1576 1161 1606 1183 ut
1620 1163 1686 1183 cum

902 1203 974 1230 intra
991 1211 1041 1231 nos
1056 1203 1137 1232 fuerit
1151 1203 1201 1231 hoc
1210 1202 1686 1234 salutaremedicamentum.veneni

902 1249 1044 1282 damnum,
1069 1250 1142 1285 quod
1154 1250 1262 1285 corpori
1278 1249 1367 1277 fuerat
1392 1248 1520 1280 inditum,
1548 1255 1598 1283 per
1619 1255 1687 1275 con-

901 1295 1015 1321 trariam
1033 1295 1148 1329 repellat
1167 1295 1350 1322 affectionem.
1378 1293 1449 1326 Quid
1467 1293 1519 1320 hoc
1531 1300 1597 1327 ergo
1622 1293 1688 1320 cst?

901 1339 972 1367 Nihil
986 1339 1061 1367 aliud
1079 1347 1160 1374 quam
1175 1339 1241 1366 illud
1257 1346 1370 1374 corpus,
1392 1338 1467 1372 quod
1483 1343 1511 1365 et
1531 1341 1621 1365 morte
1638 1345 1688 1365 os-

901 1388 1009 1413 tensum
1029 1385 1081 1413 fuit
1096 1393 1157 1413 esse
1181 1385 1331 1420 potentius,
1361 1388 1390 1413 et
1417 1388 1521 1412 nostra:
1547 1384 1610 1411 vita:
1635 1383 1688 1411 l'uit

901 1430 1021 1458 initium.
1037 1431 1180 1464 Quomodo
1194 1431 1268 1458 enim
1282 1439 1379 1466 parum
1399 1430 1538 1462 fermenti,
1569 1433 1599 1457 ut
1618 1429 1688 1458 dicit

899 1475 1048 1510 Apostolus
1057 1476 1090 1508 ",
1100 1475 1152 1503 sibi
1160 1475 1295 1503 assimilat
1303 1478 1388 1503 totam
1400 1475 1635 1510 conspersionem,
1648 1475 1686 1502 ita

901 1530 1002 1556 corpus
1013 1528 1028 1548 a
1046 1521 1099 1548 Deo
1111 1525 1197 1548 morte
1213 1519 1341 1548 affectum
1361 1527 1424 1548 cum
1445 1520 1528 1548 fuerit
1549 1520 1621 1548 intra
1636 1527 1689 1548 no-

903 1571 1003 1598 strum,
1018 1569 1104 1593 totum
1118 1565 1153 1593 ad
1165 1572 1195 1593 se
1211 1568 1378 1593 transmutat
1399 1569 1424 1593 et
1440 1565 1584 1593 transfert.
1608 1565 1686 1599 Quo-

901 1612 984 1640 modo
1002 1611 1074 1638 enim
1087 1619 1150 1639 cum
1168 1611 1241 1646 quod
1255 1614 1297 1638 est
1311 1611 1433 1643 exitiale,
1459 1611 1571 1638 mistum
1600 1610 1686 1639 fuerit

901 1665 964 1685 cum
994 1665 1073 1690 sano,
1106 1657 1238 1692 quidquid
1266 1660 1309 1684 est
1337 1661 1581 1691 contemperatum,
1605 1656 1688 1684 simul

901 1703 1027 1730 redditur
1042 1702 1153 1736 inutile,
1168 1701 1205 1728 ita
1221 1701 1303 1729 etiam
1325 1707 1427 1736 corpus
1452 1700 1607 1728 immortale
1619 1706 1684 1727 cum

901 1746 983 1774 fuerit
999 1746 1069 1773 intra
1084 1753 1147 1774 eum
1174 1746 1221 1780 qui
1239 1745 1368 1780 sumpsit,
1393 1745 1551 1773 universum
1574 1751 1686 1780 quoque

902 1797 1068 1821 transmutat
1091 1793 1119 1820 in
1135 1799 1214 1820 suam
1230 1795 1369 1819 naturam.
1403 1790 1456 1819 Sed
1486 1791 1545 1818 fieri
1564 1798 1619 1818 non
1637 1797 1687 1826 po-

901 1841 956 1866 test
972 1842 1002 1865 ut
1025 1837 1062 1865 sit
1086 1837 1190 1872 aliquid
1215 1836 1295 1864 aliter
1321 1836 1393 1863 intra
1418 1843 1530 1871 corpus,
1559 1835 1613 1863 nisi
1639 1843 1688 1870 per

900 1891 978 1911 esum
1000 1887 1028 1910 et
1045 1883 1184 1918 potionem
1210 1883 1359 1910 misceatur
1385 1882 1550 1909 visceribus.
1568 1881 1688 1910 Necesse

900 1935 942 1958 est
953 1937 1029 1964 ergo,
1045 1938 1078 1956 eo
1096 1929 1177 1956 modo
1192 1935 1247 1963 quo
1264 1931 1363 1955 natura
1385 1931 1486 1962 potest,
1501 1926 1621 1962 Spiritus
1645 1928 1688 1954 vi-

900 1976 1008 2003 vificam
1031 1973 1173 2008 suscipere
1197 1973 1336 2000 virtutem.
1356 1971 1425 1999 Cum
1440 1974 1532 1998 autem
1547 1970 1635 1998 solum
1653 1970 1688 1998 il-

900 2021 947 2049 lud
964 2028 1066 2054 corpus
1089 2018 1162 2054 quod
1192 2018 1277 2046 Deum
1306 2017 1438 2052 suscepit,
1464 2017 1536 2043 hanc
1567 2016 1685 2051 gratiam

901 2067 1049 2102 acceperit,
1086 2068 1229 2092 ostensum
1256 2063 1293 2091 sit
1320 2066 1412 2090 autem
1433 2062 1514 2090 aliter
1539 2062 1598 2089 ﬁeri
1629 2068 1686 2089 non

901 2120 991 2149 posse,
1027 2115 1056 2140 ut
1076 2114 1201 2138 nostrum
1230 2116 1330 2144 corpus
1354 2108 1390 2135 sit
1417 2108 1446 2135 in
1466 2107 1685 2139 inmortalitate,

901 2160 954 2188 nisi
971 2166 1019 2194 per
1033 2157 1254 2185 communionem
1277 2163 1339 2182 cum
1361 2153 1505 2182 immortali
1527 2153 1627 2180 iactum
1651 2152 1687 2180 sit

56 2206 159 2233 πιστῶν
182 2206 297 2241 μυριάσι
313 2207 382 2234 κατὰ
401 2207 490 2233 πᾶσαν
511 2207 559 2242 τὴν
577 2206 740 2241 οἰκουμένην
763 2205 849 2232 εἰσαεὶ

903 2206 1036 2242 particeps
1050 2201 1281 2237 incorruptionis:
1297 2203 1404 2235 oportet
1415 2199 1600 2231 considerare,
1615 2205 1688 2233 quo-

55 2252 318 2288 χιταμεριζόμενον,
335 2252 394 2279 ὅλον
411 2253 440 2279 ὲν
454 2253 560 2288 ἑκάστῳ
576 2251 674 2279 διὰτοῦ
692 2252 791 2287 μέρους
803 2259 850 2285 γε-

54 2298 160 2329 νέσθαι,
174 2299 223 2324 καὶ
249 2298 316 2325 αὐτὸ
336 2299 425 2334 μένειν
438 2299 480 2334 ἐφ’
495 2298 591 2325 ἑαυτοῦ
606 2299 676 2325 ὅλον.
693 2298 797 2324 Οὐκοῦν
812 2298 850 2330 ὡς

55 2343 87 2370 ἂν
113 2344 184 2379 πρὸς
211 2343 244 2370 τὸ
260 2343 403 2372 ἀκόλουθον
419 2346 484 2380 ήμῖν
498 2346 515 2380 ἡ
528 2344 617 2376 πίστις
631 2344 776 2379 βλέπουσα,
795 2352 850 2379 μη.

52 2389 151 2425 δεμίαν
180 2389 347 2424 άμφιὸολίαν
368 2390 432 2426 περὶ
452 2389 499 2417 τοῦ
521 2389 701 2425 προκειμένου
715 2390 850 2424 νοήματος

54 2436 123 2471 ἔχοι,
140 2436 241 2472 μικρόν
257 2437 425 2472 τιπροσήκει
440 2435 648 2471 παρασχολῆσαι
662 2435 708 2461 τὸν
721 2434 800 2469 λόγον
810 2435 850 2466 είς

53 2482 102 2517 τὴν
117 2481 295 2516 φυσιολογίαν
313 2481 361 2508 τοῦ
382 2481 517 2517 σώματος.
533 2481 581 2512 Τίς
593 2481 648 2516 γὰρ
662 2481 712 2508 οὐκ
728 2479 797 2508 οἶδεν
808 2481 850 2507 ὅτι

55 2529 70 2564 ἡ
83 2528 132 2555 τοῦ
147 2527 277 2564 σώματος
292 2527 370 2563 ήμῶν
379 2527 459 2562 φύσις
475 2527 545 2563 αὐτὴ
563 2527 624 2554 καθ’
641 2527 741 2563 ἑαυτὴν
756 2527 784 2553 ὲν
798 2526 851 2562 [δίᾳ

53 2574 106 2599 τινὶ
127 2572 280 2600 ὑποστάσει
299 2572 370 2609 ζωήν
397 2573 448 2600 οὐκ
467 2573 542 2608 ἔχει’
563 2572 629 2599 ἀλλὰ
642 2572 686 2599 διὰ
706 2574 755 2608 τῆς
771 2574 850 2608 ἐπιρ-

54 2619 172 2654 ρεούσης
185 2619 258 2653 αὐτῇ
283 2618 423 2654 δυνάμεως
437 2619 542 2654 συνέχει
555 2627 584 2645 τε
598 2620 698 2655 ἑαυτὴν
710 2620 757 2646 καὶ
772 2620 801 2645 ἐν
811 2618 850 2654 τῷ

53 2663 124 2693 εῐναι
139 2664 230 2700 μένει,
242 2665 374 2701 ἀπαύστῳ
384 2666 488 2701 κινήσει
497 2666 527 2692 τὸ
539 2665 661 2692 ἐλλεῖπον
674 2664 741 2700 πρὸς
752 2665 851 2700 ἑαυτὴν

54 2711 240 2746 ἐφελκομένη.
268 2711 315 2737 καὶ
339 2711 371 2738 τὸ
399 2711 557 2746 περιττεῦον
587 2710 850 2746 ἀπωθουμένηςΚαὶ

55 2755 149 2793 ὥσπερ
167 2765 211 2789 τις
228 2757 311 2789 ἀσκὸς
323 2757 406 2793 ὑγροῦ
421 2766 490 2790 τινος
507 2758 613 2794 πλήρης
627 2757 674 2791 ὢν,
688 2758 712 2784 εἰ
726 2756 794 2783 κατὰ
805 2755 850 2782 τὸν

114 2850 132 2864 ¹λ
147 2848 156 2875 l
169 2848 236 2876 Cor.
251 2855 282 2880 ν,
295 2847 324 2876 6.

902 2251 984 2279 modo
1008 2250 1065 2277 ﬁeri
1086 2248 1222 2284 potuerit,
1244 2251 1273 2274 ut
1295 2253 1380 2274 unum
1399 2244 1466 2272 illud
1481 2251 1598 2279 corpus,
1615 2243 1688 2278 quod

903 2301 957 2324 tam
974 2295 1068 2323 multis
1083 2294 1201 2321 lidelium
1224 2292 1346 2320 millibus
1367 2291 1395 2318 in
1411 2291 1541 2318 universo
1555 2289 1621 2317 orbe
1637 2293 1690 2317 ter-

902 2349 994 2370 rarum
1011 2347 1116 2374 semper
1137 2338 1321 2369 distribuitur,
1346 2340 1432 2364 tolum
1453 2342 1501 2370 per
1525 2339 1628 2370 partem
1653 2334 1689 2362 sit

903 2388 930 2415 in
950 2392 1132 2421 unoquoque,
1154 2388 1182 2411 et
1200 2383 1290 2418 ipsum
1311 2382 1339 2409 in
1359 2389 1388 2410 se
1402 2385 1489 2408 totum
1514 2382 1633 2407 maneat.
1654 2378 1690 2406 Ut

903 2443 968 2470 ergo
984 2433 1050 2461 ﬁdes
1071 2432 1107 2460 ad
1128 2432 1154 2459 id
1179 2430 1252 2466 quod
1278 2433 1322 2458 est
1341 2435 1514 2464 consequens
1537 2427 1688 2462 aspiciens,

902 2479 936 2507 de
959 2486 1042 2507 sensu
1064 2477 1206 2512 proposito
1230 2475 1333 2502 nullam
1356 2474 1456 2502 habeat
1473 2473 1687 2504 dubitationem,

900 2527 1008 2559 oportet
1024 2526 1146 2550 nostram
1164 2521 1316 2548 orationem
1339 2519 1477 2554 paulisper
1495 2517 1636 2546 immorari
1660 2517 1689 2544 in

902 2569 1020 2597 naturali
1035 2567 1159 2602 corporis
1177 2565 1405 2596 consideratione.
1422 2563 1489 2598 Quis
1505 2564 1578 2592 enim
1600 2561 1688 2590 nescit

903 2615 976 2651 quod
1004 2613 1093 2642 nostri
1133 2613 1258 2648 corporis
1284 2616 1382 2640 natura
1416 2611 1475 2647 ipsa
1501 2618 1549 2646 per
1574 2616 1605 2637 se
1633 2615 1690 2636 non

905 2661 987 2689 habet
1004 2661 1088 2687 vitam
1107 2660 1133 2686 in
1155 2658 1272 2694 quadam
1292 2657 1402 2693 propria
1422 2655 1545 2691 corporis
1561 2654 1688 2682 substant-

905 2710 961 2742 tia,
991 2708 1038 2736 sed
1065 2715 1112 2744 per
1146 2705 1292 2741 quamdam
1324 2704 1476 2732 allluentent
1507 2701 1532 2729 ci
1559 2701 1687 2728 virtutem

904 2759 931 2783 et
948 2754 1066 2790 scipsam
1085 2753 1223 2786 continet,
1239 2756 1265 2780 et
1281 2755 1372 2779 manet
1387 2750 1416 2777 in
1431 2747 1552 2777 essentia
1562 2767 1569 2781 ,
1591 2753 1688 2782 perpe-
