1926 3080
247 128 284 159 ος
886 123 915 152 5.
933 121 1097 152 CRECORII
1116 122 1262 153 NYSSENI
1850 121 1879 148 96

248 190 296 213 tua
311 184 431 213 motione
446 184 479 211 ad
495 191 524 211 se
539 183 680 211 attrahens
697 183 723 210 id
746 182 819 218 quod
840 182 937 216 deest,
952 186 980 211 et
995 190 1036 211 re-

1091 183 1216 218 πυθμένα
1242 183 1272 210 τδ
1295 183 1452 219 ἐγκείμενον
1466 182 1580 216 ὑπεξίοι,
1595 183 1646 210 οὐκ
1658 183 1692 210 ἂν
1707 182 1842 218 φυλάσσοι
1855 181 1880 207 τὺ

249 232 353 267 pellens
378 231 403 258 id
419 231 490 265 quod
513 233 555 257 est
572 229 822 264 supervacaneum?
843 229 878 257 Et
899 230 1039 264 quomodo

249 282 312 306 nter
322 277 423 312 aliquis
436 276 527 311 aliquo
538 276 653 303 lunuore
663 275 771 310 plenus,
785 275 808 304 si
817 276 843 303 in
854 276 938 303 fundo
957 278 1037 302 exeat

249 323 275 350 id
297 323 369 358 quod
393 323 420 349 in
438 329 472 350 eo
493 326 536 350 est
554 323 690 357 positum,
709 322 737 349 in
753 322 944 358 magnitudine
959 330 1038 350 suam

249 377 304 396 non
321 369 470 396 servaverit
487 368 619 403 ﬁguram,
639 368 692 396 nisi
713 376 832 403 superne
849 376 900 402 pro
913 375 947 396 eo
966 368 1038 403 quod

246 415 314 442 exiit
328 415 498 450 ingrediatur
514 414 588 442 aliud
603 414 638 441 ad
655 414 680 441 id
694 415 766 449 quod
779 413 935 443 exinanitur
948 424 955 442 :
970 414 1040 442 adeo

248 465 278 488 ut
303 460 351 495 qui
376 459 449 487 videt
473 459 661 495 magnitudine
687 459 836 488 distentum
859 459 942 494 hujus
964 460 1038 488 vasis

247 506 380 534 ambitum
391 524 398 537 ,
413 505 484 533 sciat
498 513 560 532 eum
576 513 633 532 non
651 513 713 534 esse
733 505 875 540 proprium
888 505 948 540 ejus
965 506 1038 540 quod

246 555 360 586 apparet
375 573 385 586 ,
399 552 446 579 sed
460 551 488 579 id
502 551 576 587 quod
589 551 677 578 inﬂuit
687 572 695 584 ,
710 559 772 579 cum
786 552 815 586 in
831 559 864 579 eo
880 551 961 580 fuerit
974 552 1040 587 ligu-

246 604 310 625 rarc
336 596 365 624 id
394 597 466 632 quod
487 597 609 624 continet
633 597 871 632 magnitudinem:
889 598 926 625 ita
954 598 1038 626 etiam

246 643 374 677 corporis
397 643 486 671 nostri
511 643 683 671 constructio
711 643 778 670 nihil
816 643 927 678 quidem
955 643 1038 672 habet

246 689 390 724 proprium
407 689 488 718 nobis
504 689 643 724 cognitum
669 688 704 716 ad
729 689 773 717 sui
794 689 1037 721 constitutionem,

247 743 297 770 per
311 742 371 763 eam
390 740 480 762 autem
497 743 558 770 quae
577 735 772 762 intromittitur
792 735 923 763 virtutem
946 739 1038 762 manet

247 782 276 808 iu
291 781 421 809 essentia.
446 781 482 807 Ea
504 785 595 809 autem
610 782 699 809 virtus
713 780 873 808 alimentum
894 784 921 808 et
947 785 990 808 est
1012 784 1040 808 et

247 827 359 854 dicitur.
373 827 507 855 Praeterea
531 831 623 855 autem
649 835 704 855 non
724 827 795 855 idem
819 826 949 854 omnibus
977 834 1038 862 qua:

1090 230 1154 264 περὶ
1167 229 1212 257 τὸν
1224 230 1306 264 ὄγκον
1319 229 1414 256 ἑαυτοῦ
1426 229 1528 264 σχῆμα,
1540 229 1577 265 μὴ
1589 228 1770 260 ἀντεισιόντος
1782 227 1880 255 ἄνωθεν

1089 277 1184 312 ἑτέρου
1213 277 1281 312 πρὸς
1305 275 1335 303 τὸ
1361 275 1524 311 κενούμενον
1536 284 1542 291 ·
1565 275 1636 302 ὥστε
1653 275 1698 302 τὸν
1716 275 1827 310 ὁρῶντα
1838 274 1880 308 τὴν

1089 322 1195 358 ὀγκώδη
1204 322 1250 349 τοῦ
1264 322 1374 357 ἀγγείου
1389 321 1483 349 τούτου
1495 321 1634 357 περιοχὴν,
1649 319 1747 348 εἰδέναι
1761 320 1803 356 μὴ
1819 320 1880 346 ἰδίαν

1089 366 1159 395 εἶναι
1174 368 1220 396 τοῦ
1233 368 1393 403 φαινομένου
1406 376 1412 383 ·
1425 367 1491 394 ἀλλὰ
1510 367 1542 394 τὸ
1561 366 1666 402 εἰσρέον
1680 367 1708 392 ἐν
1725 365 1805 400 αὐτῷ
1816 364 1880 398 γινό-

1090 422 1171 448 μενον
1192 414 1367 450 σχηματίζειν
1387 413 1417 440 τὸ
1434 413 1561 448 περιέχον
1578 413 1622 439 τὸν
1638 411 1732 446 ὄγκον·
1751 407 1830 439 οὕτω
1841 411 1881 436 καὶ

1089 461 1106 495 ἡ
1118 459 1164 486 τοῦ
1188 459 1313 495 σώματος
1341 460 1418 495 ἡμῶν
1434 458 1591 495 κατασκευὴ
1607 458 1672 485 ἴδιον
1686 457 1736 492 μὲν
1752 457 1826 493 πρὸς
1840 457 1881 492 τὴν

1089 507 1189 542 ἑαυτῆς
1199 506 1327 533 σύστασιν
1337 505 1413 533 οὐδὲν
1427 505 1492 541 ἡμῖν
1503 505 1640 540 γνώριμον
1653 504 1722 539 ἔχει,
1734 503 1783 531 διὰ
1798 503 1828 529 δὲ
1839 503 1882 537 τῆς

1087 552 1306 588 ὲπεισαγομένης
1333 552 1484 587 δυνάμεως,
1505 552 1534 578 ὲν
1558 550 1596 586 τῷ
1612 549 1682 577 εἶναι
1704 550 1796 586 μένει.
1815 550 1846 575 'H
1859 549 1882 576 δὲ

1088 595 1202 632 δύναμις
1217 597 1284 633 αὕτη
1302 597 1388 634 τροφὴ
1403 597 1451 624 καὶ
1463 597 1521 623 ἐστι
1532 597 1579 624 καὶ
1587 597 1704 630 λέγεται.
1723 595 1788 622 Ἔτι
1800 595 1828 622 δὲ
1840 595 1882 628 οὐχ

1088 643 1104 678 ἡ
1123 642 1191 682 αὑτὴ
1204 643 1270 670 πᾶσι
1286 644 1341 675 τοῖς
1355 643 1532 678 τρεφομένοις
1546 642 1664 678 σώμασι.
1679 641 1748 669 ἀλλά.
1767 650 1812 672 τις
1824 641 1882 667 ἑκά-

1090 692 1144 724 στῳ
1167 688 1332 723 κατάλληλος
1353 688 1430 725 παρὰ
1453 688 1499 716 τοῦ
1520 689 1569 724 τὴν
1585 688 1666 723 φύσιν
1678 686 1882 722 οἱκονομοῦντος

1089 735 1324 771 ἀποκεκλήρωται.
1344 735 1385 762 Τὰ
1399 735 1449 770 μὲν
1460 735 1514 771 γὰρ
1527 732 1582 760 τῶν
1591 730 1669 765 ζώων
1681 732 1882 770 ριζωρυχοῦντα

1088 779 1237 815 τρέφεται·
1262 779 1366 815 ἑτέροις
1379 780 1453 807 ἐστὶν
1470 781 1487 815 ἡ
1509 780 1563 807 πόα
1589 779 1722 814 τρόφιμος
1736 787 1744 795 ’
1764 777 1848 804 τινῶν
1859 776 1883 802 δὲ

1090 825 1107 860 ἡ
1123 825 1210 860 τροφὴ
1226 825 1326 861 σάρκες
1351 825 1431 852 εἰσίν.
1450 825 1599 861 Ἀνθρώπῳ
1615 825 1644 851 δὲ
1663 824 1734 851 κατά
1751 823 1786 850 τδ
1805 831 1882 858 προην

247 873 358 898 aluntur
373 872 554 906 corporibus,
574 872 623 899 sed
642 871 780 907 quoddam
802 871 952 906 unicuique
971 879 1036 899 con-

1089 870 1219 906 γούμενον
1232 871 1324 907 ἄρτος,
1343 868 1390 897 και
1409 872 1449 903 εἰς
1461 871 1511 906 τὴν
1527 871 1576 898 τοῦ
1591 870 1675 907 ὑγροῦ
1695 869 1832 905 διαμονὴν
1842 869 1883 895 ul

247 924 349 951 gruens
362 917 523 945 attributum
537 921 580 945 est
593 917 627 945 ab
640 925 674 945 eo
687 917 735 952 qui
750 922 877 945 naturam
892 917 1035 951 dispensat

246 968 273 990 et
289 963 476 991 administrat.
499 963 568 990 Nam
583 963 636 990 alia
653 964 762 998 quidem
779 963 907 991 animalia
924 963 1036 990 aluntur

246 1010 354 1038 etl'ossis
368 1010 509 1037 radicibus
523 1019 531 1042 ;
549 1010 603 1037 alia
620 1014 711 1037 autem
729 1009 842 1038 aluntur
857 1009 951 1037 herbis
965 1017 972 1041 ;
987 1009 1037 1037 ali-

246 1063 362 1090 quorum
384 1059 475 1083 autem
497 1056 697 1083 nutrimentum
714 1059 779 1083 sunt
794 1062 904 1083 carnes.
927 1053 1037 1082 Homini

247 1106 337 1128 autem
352 1101 489 1136 praecipue
502 1105 546 1129 est
563 1101 641 1135 panis
652 1121 659 1133 ,
675 1104 702 1128 et
717 1101 750 1128 ad
766 1101 891 1128 humoris
903 1100 1037 1135 perdura-

246 1146 349 1173 tionem
372 1150 400 1173 et
423 1146 660 1173 conservationem
687 1151 786 1180 potus,
810 1153 865 1173 non
892 1146 950 1180 ipsa
978 1145 1036 1173 sola

246 1199 332 1226 aqua,
354 1192 401 1219 sed
416 1192 481 1219 vino
497 1199 569 1227 saepe
587 1193 718 1226 condita,
740 1184 773 1220 ad
795 1200 874 1228 opem
896 1191 1035 1220 ferendam

247 1233 355 1264 interno
378 1240 473 1264 nostro
496 1237 592 1264 calori.
608 1237 659 1270 Qui
673 1245 739 1272 ergo
753 1237 787 1265 ad
809 1245 841 1265 ea
856 1237 970 1272 aspicit.
988 1243 1035 1271 po-

246 1286 344 1310 testate
368 1283 466 1316 aspicit
490 1283 523 1310 ad
549 1282 674 1317 corporis
695 1283 783 1310 nostri
807 1281 1036 1318 magnitudinem.

245 1336 315 1364 pus,
337 1329 506 1356 nutrimento
532 1337 580 1364 per
605 1329 657 1361 vim
682 1330 817 1358 alterandi
846 1332 1031 1365 congruenter

281 1375 329 1402 llis
342 1383 356 1401 a
373 1375 452 1403 nobis
466 1376 517 1403 hoc
533 1371 613 1404 modo
626 1376 764 1404 distinctis
778 1383 810 1403 ac
823 1375 969 1403 declaratis
980 1394 987 1406 ,
1001 1374 1034 1402 ad

245 1429 277 1449 ea
300 1429 361 1457 quae
385 1426 450 1449 sunt
474 1423 633 1457 proposita,
656 1421 810 1449 revocanda
832 1425 875 1448 est
894 1420 1034 1456 cogitatio.

245 1467 426 1500 Quaerebatur
439 1468 510 1494 enim
530 1467 761 1501 quemadmodum
777 1466 850 1501 quod
870 1470 913 1493 est
940 1465 968 1493 in
988 1466 1035 1493 illo

245 1519 347 1546 corpus
359 1511 478 1544 Christi,
487 1511 608 1538 viviﬁcat
618 1519 726 1538 omnem
739 1511 881 1538 hominum
891 1515 1016 1538 naturam
1026 1530 1033 1543 ,

246 1556 273 1582 in
295 1556 396 1590 quibus
420 1559 462 1582 est
483 1555 567 1587 ﬁdes,
590 1555 719 1583 omnibus
741 1556 938 1588 distributum,
954 1561 980 1583 et
994 1555 1034 1590 ip-

245 1608 306 1629 sum
324 1601 436 1628 minime
449 1601 623 1628 diminutum.
641 1599 769 1629 Fortasse
784 1608 850 1636 ergo
863 1609 917 1628 non
940 1602 1036 1636 procul

246 1647 380 1674 absumus
398 1654 414 1673 a
435 1646 569 1680 probabili
585 1646 702 1674 ratione.
714 1646 782 1673 Nam
797 1646 819 1674 si
838 1647 960 1681 cujusvis
980 1655 1038 1674 cor-

245 1693 321 1727 poris
335 1692 516 1720 subsistentia
528 1692 708 1724 nntrimeuto,
720 1693 851 1719 nimirum
863 1693 926 1719 cibo
935 1697 962 1720 et
973 1697 1036 1728 potu

246 1741 372 1769 constet,
390 1738 426 1765 sit
439 1741 531 1765 autem
548 1737 628 1765 cibus
645 1738 690 1765 ille
705 1739 782 1772 panis
793 1759 799 1770 ,
818 1742 952 1773 potusque
967 1746 1037 1773 aqua

246 1783 310 1810 vino
330 1782 504 1816 exhilarata;
526 1782 574 1810 Dei
596 1787 686 1810 autem
710 1782 849 1816 Verbum,
868 1784 941 1810 sicut
961 1785 1037 1819 prius

246 1833 289 1856 est
301 1828 445 1856 deﬁnitum
456 1849 463 1861 ,
480 1828 554 1863 quod
573 1832 615 1856 est
636 1828 708 1857 Deus
722 1833 750 1857 et
763 1828 899 1862 Verbum,
918 1830 1037 1857 humana

246 1880 289 1902 est
303 1879 400 1902 natura
416 1879 651 1909 contemperatum
664 1883 672 1908 ;
686 1878 714 1902 et
730 1882 792 1901 cum
809 1879 883 1902 esset
899 1875 926 1902 in
943 1879 1037 1903 nostro

245 1926 376 1953 corpore,
391 1926 445 1946 non
462 1919 582 1953 aliquam
596 1919 679 1946 alium
694 1920 821 1947 humana:
837 1924 940 1947 natura:
957 1921 1037 1947 inno-

244 1964 321 1991 vavit
332 1963 558 1991 constitutionem
573 1984 580 1996 ,
593 1962 639 1990 sed
655 1970 702 1998 per
711 1970 743 1990 ea
757 1971 818 1998 quae
829 1967 893 1991 sunt
904 1967 1037 1991 consueta

244 2015 272 2037 et
284 2010 477 2044 congruentia,
499 2016 552 2036 suo
571 2008 682 2044 corpori
702 2009 776 2036 dedit
794 2010 1013 2043 permansionem
1028 2031 1036 2044 ,

244 2056 308 2083 cibo
331 2059 359 2083 et
377 2059 443 2090 potu
465 2055 613 2084 continens
633 2055 828 2082 substantiam.
848 2056 931 2084 Cibus
947 2060 1036 2083 autem

245 2106 305 2129 erat
319 2102 410 2137 panis.
424 2101 568 2135 Quomodo
580 2109 645 2136 ergo
660 2101 686 2127 in
700 2102 798 2133 nobis,
814 2101 952 2136 sicutjam
966 2109 1038 2136 saepe

244 2147 348 2175 dictum
363 2151 422 2178 est,
438 2147 485 2182 qui
499 2154 596 2181 panem
612 2146 694 2178 vidit,
714 2146 863 2172 humanum
883 2154 985 2180 corpus
999 2147 1038 2173 vi-

245 2193 291 2220 det
303 2192 522 2227 quodammodo,
538 2191 611 2225 quod
627 2198 689 2217 cum
712 2191 758 2218 ille
779 2190 806 2217 in
821 2197 853 2217 eo
871 2190 971 2222 fuerit,
987 2190 1038 2218 hoc

245 2239 294 2266 ﬁt:
313 2239 350 2265 ita
367 2238 423 2265 illic
443 2245 553 2272 quoque
566 2237 640 2271 quod
663 2237 748 2264 Deum
773 2237 894 2271 suscepit
917 2244 1034 2272 corpus,

243 2293 308 2313 cum
325 2284 402 2319 panis
423 2285 584 2311 alimentum
604 2275 772 2317 accepisset,
786 2283 903 2318 quadam
924 2285 1032 2311 ratione

245 2329 318 2357 idem
331 2333 391 2357 erat
403 2329 476 2363 quod
489 2329 544 2361 ille,
558 2329 699 2361 alimento,
713 2332 742 2356 ut
755 2329 858 2356 dictum
872 2333 932 2361 est,
948 2334 1036 2358 trans-

244 2379 329 2403 eunte
350 2375 378 2402 in
400 2379 527 2402 naturam
543 2376 677 2409 corporis.
692 2374 760 2401 Nam
773 2375 846 2410 quod
861 2379 902 2403 est
913 2377 1034 2403 omnium

245 2420 388 2455 proprium
400 2439 407 2452 ,
425 2420 452 2447 id
469 2427 579 2454 quoque
597 2426 646 2454 pro
662 2425 738 2448 certo
752 2425 780 2447 ct
796 2421 932 2448 constanti
950 2425 992 2448 est
1008 2421 1035 2448 in

246 2467 292 2493 illa
309 2473 410 2496 carne,
428 2473 527 2500 nempe
543 2466 617 2500 quod
636 2466 703 2493 illud
720 2473 830 2500 quoque
844 2473 944 2501 corpus
966 2474 1036 2501 pauo

243 2511 451 2540 continebatur.
468 2511 575 2545 Corpus
597 2515 687 2538 autem
721 2511 767 2538 Dei
796 2511 875 2539 Verbi
898 2512 1036 2539 inhabita-

246 2559 323 2584 tione
338 2556 372 2584 ad
381 2556 502 2583 divinam
519 2560 731 2583 transmutatum
741 2559 784 2584 est
797 2557 966 2591 dignitatem.
984 2557 1036 2584 Re-

244 2607 292 2630 cte
305 2610 371 2637 ergo
388 2608 463 2628 nunc
477 2608 589 2636 quoque
603 2601 651 2628 Dei
667 2600 756 2629 Verbi
770 2601 970 2630 sanctiﬁcatum
987 2611 1035 2637 pa-

246 2651 310 2674 nem
327 2647 355 2674 in
367 2645 416 2673 Dei
428 2644 510 2674 Verbi
523 2652 624 2680 corpus
636 2645 717 2672 credo
729 2646 916 2672 transmutari.
930 2646 1034 2673 Etenim

247 2692 328 2727 panis
344 2697 405 2719 erat
421 2694 557 2727 potestate
573 2690 640 2718 illud
654 2698 766 2725 corpus.
787 2691 849 2718 Fuit
865 2694 954 2718 autem
971 2699 1035 2719 san-

248 2736 387 2765 etiﬂcatus
403 2737 575 2766 habitatione
589 2735 688 2769 Verbi,
704 2736 776 2771 quod
797 2741 926 2771 tanquam
950 2737 976 2764 in
995 2741 1036 2764 ta.

250 2782 401 2810 bernaeulo
425 2782 558 2810 habitavit
585 2782 610 2809 in
635 2790 726 2810 carne.
749 2782 833 2817 igitur
849 2783 919 2810 unde
940 2783 966 2810 in
992 2782 1037 2810 illo

249 2836 369 2865 corpore
393 2833 593 2858 transmutatus
621 2829 697 2864 panis
730 2829 827 2856 transit
868 2829 893 2856 iu
918 2828 1038 2856 divinum

1089 917 1253 952 συντήρησιν
1278 917 1358 943 ποτὸν
1372 917 1486 951 γίνεται,
1503 914 1553 944 οὐχ
1566 916 1631 944 αὐτὸ
1650 916 1731 951 μόνον
1757 916 1792 942 τὸ
1806 915 1881 949 ὕδωρ,

1087 961 1146 988 ἀλλ’
1160 960 1224 996 οϊνῳ
1238 960 1366 992 πολλάκις
1386 960 1594 996 ὲφηδυνόμενον,
1612 960 1680 996 πρὸς
1691 958 1740 994 τὴν
1755 957 1806 984 τοῦ
1827 956 1882 991 0:9-

1090 1006 1140 1042 μοῦ
1154 1006 1200 1033 τοῦ
1215 1007 1244 1033 ὲν
1260 1007 1325 1042 ἡμῖν
1355 1007 1523 1042 συμμαχίαν.
1541 1005 1646 1033 Οὐκοῦν
1664 1005 1679 1031 ὁ
1705 1003 1778 1040 πρὸς
1801 1002 1880 1030 ταῦτα

1090 1052 1207 1088 βλέπων,
1222 1052 1335 1087 δυνάμει
1348 1051 1417 1087 πρὸς
1430 1052 1475 1078 τὸν
1484 1051 1566 1086 ὄγκον
1575 1050 1623 1078 τοῦ
1638 1049 1778 1086 ἡμετέρου
1796 1048 1880 1083 σώμα-

1089 1106 1134 1130 τος
1146 1097 1249 1133 βλέπει.
1270 1097 1314 1124 Ἐν
1338 1098 1400 1132 ἐμοὶ
1418 1096 1472 1132 γὰρ
1493 1097 1586 1124 ἐκεῖνα
1603 1096 1737 1131 γενόμενα
1755 1092 1830 1129 αἷμα
1842 1093 1882 1120 καὶ

1089 1143 1168 1177 σῶμα
1186 1144 1290 1177 γίνεται
1308 1143 1494 1178 καταλλὴλως,
1508 1143 1552 1169 διὰ
1567 1144 1616 1178 τῆς
1635 1140 1825 1176 ἀλλοιωτικῇ
1843 1139 1880 1166 δυ-

1087 1189 1195 1224 νάμεως
1210 1189 1277 1224 πρὸς
1292 1188 1322 1215 τὸ
1336 1187 1382 1215 τοῦ
1399 1187 1525 1223 σώματος
1539 1186 1609 1220 εἶδος
1623 1189 1673 1224 τῆς
1688 1187 1799 1223 τροφῆς
1811 1185 1881 1214 καθι-

1086 1233 1235 1269 σταμένης.

1057 1278 1125 1306 Nam
1143 1287 1204 1306 cum
1222 1279 1268 1306 illa
1283 1278 1311 1306 i‘n
1329 1287 1374 1307 me
1390 1278 1507 1311 fuerint,
1541 1277 1611 1306 fiunt
1645 1277 1762 1314 sanguis
1778 1280 1807 1305 et
1827 1282 1880 1303 cor-

1049 1326 1160 1355 redacto
1174 1326 1208 1354 ad
1224 1326 1338 1354 formam
1354 1328 1490 1362 corporis.

1125 1371 1232 1399 Τούτων
1252 1373 1318 1407 ἡμῖν
1339 1372 1433 1399 τοῦτον
1454 1372 1696 1409 διευκρινηθὲντων
1712 1371 1762 1399 τὸν
1778 1370 1880 1407 τρόπον,

1089 1417 1257 1444 ὲπανακτέον
1272 1417 1351 1445 πάλιν
1365 1418 1433 1455 πρὸς
1452 1419 1486 1446 τὰ
1505 1419 1673 1455 προκείμενα
1689 1417 1739 1454 τὴν
1756 1417 1880 1444 διάνοιαν.

1095 1463 1231 1499 Ἐζητεῖτο
1245 1463 1308 1498 γὰρ,
1325 1463 1384 1495 πῶς
1397 1463 1428 1490 τὸ
1441 1464 1470 1490 ἐν
1485 1464 1581 1499 ἐκείνῳ
1600 1463 1680 1498 σῶμα
1693 1462 1740 1489 τοῦ
1755 1460 1879 1498 Χριστοῦ,

1089 1510 1178 1536 πᾶσαν
1192 1509 1319 1542 ζωοποιεῖ
1333 1510 1382 1544 τὴν
1397 1509 1450 1535 τῶν
1472 1509 1622 1545 ἀνθρώπων
1638 1508 1719 1544 φύσιν
1729 1529 1737 1542 ,
1762 1509 1793 1535 ἐν
1818 1508 1880 1537 ὅσοις

1089 1555 1105 1590 ἡ
1121 1554 1210 1586 πίστις
1223 1554 1293 1586 ἐστὶ,
1308 1555 1375 1590 πρὺς
1388 1554 1491 1585 πάντας
1508 1553 1697 1590 μεριζόμενον,
1713 1554 1763 1581 καὶ
1779 1552 1844 1580 αὐτὸ
1856 1552 1880 1578 οὐ

1090 1600 1260 1635 μειούμενον.
1285 1601 1361 1635 Τάχα
1386 1600 1474 1627 τοίνυν
1497 1600 1580 1634 ἐγγὺς
1602 1600 1650 1627 τοῦ
1677 1599 1787 1632 εἰκότος
1811 1599 1880 1633 λόγω

1088 1646 1226 1681 γινόμεθα.
1247 1646 1278 1672 Ei
1301 1646 1355 1680 γὰρ
1375 1645 1475 1676 παντὸς
1495 1645 1620 1680 σώματος
1644 1646 1662 1681 ἡ
1682 1645 1836 1676 ὑπόστασις
1854 1645 1879 1669 ὲκ

1087 1692 1137 1727 τῆς
1152 1691 1254 1726 τροφῆς
1270 1691 1383 1725 γίνεται,
1400 1687 1469 1726 αὕτη
1482 1691 1510 1717 δὲ
1527 1690 1629 1726 βρῶσις
1643 1691 1691 1717 καὶ
1708 1691 1794 1722 πόσις
1804 1689 1879 1729 ὲσςτίν·

1087 1737 1145 1764 ἐστι
1160 1738 1187 1763 δὲ
1207 1738 1236 1764 ἐν
1249 1738 1281 1773 τῇ
1297 1737 1395 1772 βρώσει
1410 1738 1501 1773 ἄρτος,
1519 1739 1548 1764 ὲν
1567 1737 1595 1764 δὲ
1612 1739 1647 1773 τῇ
1669 1737 1748 1764 πόσει
1770 1737 1802 1764 τὺ
1817 1736 1879 1770 ὕδωρ

1089 1783 1273 1817 ὲφηδυσμένον
1286 1782 1325 1817 τῷ
1338 1783 1401 1817 οἴνῳ
1411 1791 1417 1797 ⁸
1432 1784 1446 1809 ὀ
1457 1783 1485 1810 δὲ
1499 1782 1546 1809 τοῦ
1558 1783 1626 1810 Θεοῦ
1640 1783 1738 1817 Λόγος,
1751 1782 1845 1814 καθὼς
1856 1782 1879 1808 ἐν

1087 1829 1144 1859 τοῖς
1158 1828 1276 1864 πρώτοις
1288 1828 1424 1864 διῄρηται,
1439 1830 1453 1855 ό
1473 1829 1521 1856 καὶ
1540 1829 1608 1861 Θεὸς
1625 1828 1664 1855 ὢν
1675 1829 1724 1856 καὶ
1739 1830 1837 1863 Λόγος,
1852 1828 1880 1862 τῇ

1088 1874 1245 1911 ἀνθρωπίνῃ
1260 1875 1413 1910 συνεκράθη
1428 1874 1518 1909 φύσει,
1534 1875 1582 1901 καὶ
1598 1875 1626 1901 ὲν
1641 1875 1679 1910 τῷ
1698 1874 1810 1910 σώματι
1825 1875 1882 1909 ἡμεο

1087 1920 1159 1954 τὲρῳ
1182 1921 1343 1955 γενόμενος,
1366 1920 1417 1947 οὐκ
1438 1921 1521 1955 ἀλλην
1546 1920 1607 1947 τινὰ
1630 1921 1880 1955 παρεκαινοτόμησε

1087 1966 1120 1999 τῇ
1136 1964 1292 2000 ἀνθρωπίνῃ
1303 1964 1382 1999 φύσει
1395 1966 1445 2001 τὴν
1460 1966 1588 1992 σύστασιν
1598 1973 1605 1980 ·
1620 1965 1689 1992 ἀλλὰ
1700 1966 1747 1992 διὰ
1758 1966 1815 1993 τῶν
1828 1974 1881 1991 συν-

1087 2009 1161 2045 ήθων
1174 2018 1204 2036 τε
1222 2010 1268 2036 καὶ
1284 2010 1459 2046 καταλλήλων
1472 2011 1557 2038 ἔδωκε
1572 2011 1612 2047 τῷ
1636 2011 1697 2038 καθ’
1721 2012 1821 2039 ἑαυτὸν
1835 2009 1880 2037 σώ-

1089 2066 1155 2093 ματι
1167 2058 1216 2093 τὴν
1228 2058 1366 2094 διαμονὴν,
1380 2059 1480 2095 βρώσει
1492 2060 1540 2086 καὶ
1552 2059 1631 2086 πόσει
1645 2067 1678 2086 πε
1684 2058 1825 2094 ρικρατῶν
1839 2055 1880 2090 τὴν

1089 2103 1247 2130 ὑπόστασιν.
1267 2104 1299 2130 Ἦ
1323 2104 1352 2130 δὲ
1375 2105 1474 2140 βρῶσις
1496 2105 1579 2140 ἄρτος
1601 2102 1646 2140 ἦν.
1668 2104 1780 2139 Ὥσπερ
1799 2102 1881 2128 τοίνυν

1088 2147 1131 2180 ἐφ’
1148 2146 1236 2182 ήμῶν,
1253 2147 1344 2179 καθὼς
1360 2148 1410 2183 ἤδη
1427 2149 1556 2180 πολλάκις
1573 2149 1692 2184 εἴρηται,
1712 2148 1728 2174 ὁ
1743 2148 1792 2175 τὸν
1809 2147 1880 2182 ἄρτον

1091 2191 1162 2225 ἰδὼν,
1175 2193 1274 2227 τρόπον
1284 2195 1344 2221 τινὰ
1358 2195 1388 2221 τὸ
1399 2195 1568 2232 ἀνθρώπινον
1583 2195 1677 2231 βλέπει
1697 2195 1792 2230 σῶμα,
1806 2195 1845 2221 δτι
1857 2193 1880 2218 ὲν

1052 2240 1073 2267 Ι)
1087 2236 1173 2271 τούτῳ
1192 2237 1280 2264 ἐκεῖνο
1302 2239 1455 2274 γενόμενον,
1479 2240 1558 2267 τοῦτο
1574 2240 1679 2274 γίνεται
1690 2248 1696 2253 ·
1714 2239 1790 2266 οὕτω
1810 2237 1881 2265 κάκεῖ

1087 2282 1117 2309 τὸ
1131 2282 1251 2317 θεοδὸχον
1264 2283 1344 2319 σῶμα
1357 2284 1407 2320 τὴν
1419 2286 1522 2320 τροφὴν
1542 2285 1626 2321 ἄρτου
1651 2286 1878 2322 παραδεξάμενον.

1087 2327 1158 2363 λόγῳ
1170 2329 1221 2356 τινι
1233 2329 1332 2356 ταύτὸν
1340 2327 1374 2366 ἦν
1390 2331 1496 2366 ἐκείνῳ,
1512 2331 1561 2366 τῆς
1574 2332 1688 2367 τροφῆς,
1707 2332 1804 2363 καθὼς
1815 2331 1880 2365 εἰρη-

1086 2381 1141 2405 ται,
1160 2374 1227 2408 πρὸς
1245 2374 1293 2408 τὴν
1309 2374 1354 2401 τοῦ
1371 2374 1496 2410 σώματος
1515 2376 1595 2410 φύσιν
1620 2377 1835 2412 μεθισταμένης.
1849 2374 1880 2400 Τὺ

1087 2417 1141 2452 γὰρ
1156 2418 1263 2444 πάντων
1280 2418 1354 2450 ἴδιον,
1368 2419 1413 2445 καὶ
1424 2419 1466 2446 ἐπ’
1480 2420 1588 2456 ἐκείνης
1601 2421 1651 2456 τῆς
1666 2421 1772 2456 σαρκὸς
1785 2419 1879 2455 ὡμολο-

1089 2461 1172 2496 γήθη.
1185 2461 1225 2487 ὅτι
1241 2461 1315 2497 ἄρτῳ
1333 2463 1443 2490 κάκεῖνο
1464 2463 1496 2490 τὸ
1515 2464 1594 2499 σῶμα.
1612 2465 1795 2500 διεκρατεῖτο.
1812 2464 1846 2490 Τὸ
1855 2463 1879 2489 δὲ

1090 2506 1170 2540 σῶμα
1185 2507 1218 2542 τῇ
1237 2508 1370 2542 ἐνοικήσει
1386 2508 1433 2534 τοῦ
1444 2508 1512 2535 Θεοῦ
1524 2509 1612 2543 Λόγου
1631 2510 1701 2545 πρὸς
1722 2510 1774 2546 τὴν
1796 2510 1880 2543 Οεῖκὴν

1089 2552 1166 2584 ἀξίαν
1182 2553 1355 2589 μετεποιήοη.
1370 2553 1465 2586 Καλῶς
1485 2552 1531 2582 οὖν
1551 2555 1597 2583 καὶ
1623 2555 1671 2584 νῦν
1691 2556 1738 2583 τὸν
1754 2558 1796 2592 τῷ
1811 2556 1880 2588 Λόγῳ

1089 2598 1136 2624 τοῦ
1151 2597 1217 2625 Θεοῦ
1231 2597 1410 2633 ἁγιαζόμενον
1426 2600 1506 2635 ἄρτον
1528 2601 1567 2632 εἰς
1588 2601 1669 2637 σῶμα
1680 2601 1729 2629 τοῦ
1746 2602 1817 2630 Θεοῦ
1834 2601 1880 2628 Λό-

1090 2652 1138 2677 γου
1157 2644 1358 2678 μεταποιεῖσθαι
1382 2645 1555 2681 πιστεύομαι.
1582 2647 1638 2674 Καὶ
1662 2647 1719 2683 γὰρ
1746 2648 1835 2676 ἐκεῖνο
1855 2646 1880 2672 τδ

1090 2690 1179 2724 σῶμα,
1195 2689 1276 2724 ἄρτος
1296 2691 1329 2725 τῇ
1351 2690 1464 2726 δυνάμει
1485 2689 1528 2727 ἦν.
1549 2692 1683 2728 Ἡγιάσθη
1713 2694 1743 2721 δὲ
1766 2697 1799 2731 τῇ
1826 2695 1879 2721 ἐπί-

1092 2735 1239 2770 σκνηνώσει
1253 2735 1300 2762 τοῦ
1316 2735 1402 2770 Λόγου
1416 2736 1464 2763 τοῦ
1481 2737 1669 2773 σκηνὼσαντος
1686 2740 1716 2767 ὲν
1737 2743 1771 2776 τῇ
1796 2739 1878 2775 σαρκί-

1093 2780 1196 2806 Οὐκοῦν
1216 2780 1276 2807 ὅθεν
1299 2782 1313 2807 ὁ
1336 2782 1364 2807 ὲν
1385 2782 1480 2817 ἐκείνῳ
1501 2782 1540 2818 τῷ
1561 2783 1668 2820 σώματι
1690 2784 1877 2820 μεταποιηοεὶς

1094 2826 1185 2860 ἄρτος,
1200 2826 1238 2858 εἷς
1257 2825 1330 2853 θείαν
1346 2827 1456 2862 μεθίστη
1470 2827 1592 2864 δύναμιν,
1610 2829 1654 2857 διὰ
1671 2830 1718 2857 τοῦ
1743 2831 1824 2858 αὐτοῦ
1841 2829 1878 2856 καὶ
