1926 3080
272 70 317 107 99'
897 80 927 117 ε.
941 81 1060 111 casco

1116 81 1264 113 NYSSENI
1832 89 1869 116 too

272 142 348 165 stare
363 140 499 164 naturam.-
514 135 619 164 Dictum
641 139 684 164 est
705 136 779 165 enim
795 138 868 173 quod
892 139 928 167 sit
945 140 973 168 in
997 140 1058 176 ejus

1111 143 1170 174 τοὺς
1184 144 1346 181 γεννήτορας
1362 145 1376 172 ὁ
1394 145 1513 178 τοιοῦτος
1530 145 1647 181 αἱρεῖται
1660 145 1745 178 τόκος.
1760 146 1818 182 Διχῆ
1830 148 1870 174 τοί-

273 186 410 218 potestate
421 182 519 218 eligere
534 182 681 217 genitores.
699 183 767 210 Cum
779 191 844 220 ergo
860 192 891 212 ea
908 193 969 221 quae
982 190 1057 219 sunt,

274 228 416 263 dispertita
433 227 486 255 sint
500 226 637 260 b.l'ariam,
662 236 759 264 nempe
781 229 809 256 in
824 234 946 258 creatum
966 236 993 260 et
1017 233 1060 260 in-

273 278 406 306 creatum,
434 276 461 300 et
482 273 603 300 increata
620 274 731 309 quidem
755 279 854 303 natura
883 277 1059 305 stabilitatem

274 319 301 346 in
316 327 345 347 se
366 318 463 346 haheat
485 322 512 346 et
535 319 799 356 immutabilitatem,
828 322 861 350 ad
880 324 1059 352 mutationem

273 370 363 393 autem
378 365 509 394 alteretur
524 370 666 395 creatura:
684 368 732 402 qui
747 369 920 397 considerate
937 369 1011 406 eligit
1033 369 1060 397 id

273 412 345 448 quod
360 416 404 440 est
426 412 610 446 conducibile,
626 413 770 448 cujusnam
787 414 870 442 malet
893 423 955 443 esse
976 416 1058 450 titius,

271 457 370 492 ejusne
381 465 442 493 quae
456 458 646 487 consideratur
655 459 684 486 in
701 460 863 492 mutatione,
879 468 913 488 an
927 461 988 496 ejus
997 456 1079 496 quae?

272 505 379 532 ﬁrmam
390 509 416 532 et
427 504 552 532 stabilem
563 505 816 541 immutabilemque
831 506 911 534 habet
921 511 1058 540 naturam,

272 555 300 578 et
322 551 351 578 in
364 551 437 578 bono
450 558 557 585 semper
573 550 704 579 similiter
717 556 746 579 et
762 551 855 579 eodem
871 553 951 580 modo
964 560 994 580 se
1008 553 1059 580 ha-

271 596 400 624 bentem?
414 596 547 629 Quoniam
558 604 623 632 ergo
638 597 665 624 in
678 597 826 632 Evangelio
842 602 899 626 tres
917 602 980 626 sunt
997 606 1059 634 per-

273 650 347 670 sona:
363 647 391 670 et
409 643 531 675 nomina,
549 650 596 678 per
610 650 671 678 quas
686 643 720 671 iis
737 643 783 678 qui
802 644 919 673 credunt
937 645 1014 680 origo
1028 645 1060 672 tit

274 697 306 716 ac
323 689 506 725 generatio”,
533 693 680 724 generatur
703 693 793 718 autem
814 697 846 718 ex
870 698 948 725 aequo
965 691 1010 726 qui
1029 691 1058 718 in

273 734 408 762 Trinitate
430 738 577 770 generatur
604 742 620 762 a
647 734 728 762 Patre
753 738 781 762 et
807 735 877 762 Filio
900 739 928 764 et
956 735 1059 771 Spiritu

273 785 379 807 sancto.
396 780 436 808 ita
449 780 521 808 enim
533 779 568 808 de
579 779 684 815 Spiritu
700 779 767 807 dicit
779 780 966 816 Evangelium,
984 782 1058 817 quod

1109 197 1157 216 νυν
1180 189 1235 216 τῶν
1259 190 1343 217 ὄντων
1369 191 1586 227 μεμερισμένων,
1610 193 1650 224 εἰς
1671 191 1701 218 τὺ
1723 192 1822 219 κτιστδν
1837 193 1870 219 καὶ

1107 233 1139 260 τδ
1154 234 1290 266 ἀκτιστον,
1307 236 1355 263 καὶ
1370 236 1419 271 τῆς
1437 236 1485 272 μὲν
1504 236 1629 264 ἀκτίστου
1646 236 1750 271 φύσεως
1766 237 1794 263 τὺ
1808 237 1870 273 ἄτρε-

1109 279 1176 306 πτόν
1190 288 1221 307 τε
1246 281 1293 308 καὶ
1313 281 1479 317 ἀμετάθετον
1495 282 1523 309 ὲν
1539 283 1622 318 ἑαυτῇ
1647 282 1822 318 κεκτημένης·
1835 283 1871 316 τῆς

1108 324 1137 351 δὲ
1157 325 1271 357 κτίσεως
1288 327 1357 362 πρὸς
1383 328 1486 364 τροπὴν
1504 328 1711 364 ἀλλοιουμένης·
1728 328 1742 354 ὁ
1762 328 1824 355 κατὰ
1839 329 1870 355 'm-

1109 371 1208 406 γισμὸν
1221 372 1252 399 τδ
1267 372 1420 401 λυσιτελοῦν
1429 374 1651 410 προαιρούμενος,
1665 375 1735 406 τίνος
1750 374 1870 410 αἱρήσεται

1110 417 1209 452 μᾶλλον
1223 418 1348 452 γενέσθαι
1364 419 1467 451 τέκνον,
1484 420 1533 455 τῆς
1548 421 1577 447 ὲν
1591 421 1677 456 τροπῇ
1695 419 1869 456 θεωρουμένης,

1106 458 1124 494 ἦ
1140 461 1189 497 τῆς
1202 463 1387 498 ἀμετάστατόν
1399 473 1429 491 τε
1451 464 1498 491 καὶ
1519 465 1620 499 παγίαν
1642 464 1689 491 καὶ
1704 465 1745 491 ἀεὶ
1763 464 1870 495 ὡσαύτως

1107 506 1222 542 ἔχουσαν
1237 508 1266 535 ὲν
1281 508 1319 543 τῷ
1340 509 1433 544 ἀγαθῷ
1452 509 1623 545 κεκτημένης
1646 509 1695 544 τὴν
1710 509 1798 544 φύσιν;
1812 510 1870 536 Ἐπεὶ

1107 550 1154 580 οὖν
1168 554 1196 580 ὲν
1221 553 1260 589 τῷ
1281 555 1437 591 Εὑαγγελίῳ
1453 555 1487 582 τὰ
1499 556 1560 592 τρία
1574 555 1750 592 παραδέδοται
1764 555 1873 591 πρόσωπά

1107 607 1138 625 τε
1164 599 1211 626 καὶ
1235 599 1364 635 ὀνόματα,
1385 601 1417 627 δι’
1437 597 1474 627 ὧν
1498 602 1515 637 ἡ
1539 601 1643 635 γένεσις
1661 602 1717 633 τοῖς
1741 601 1872 628 πιστεύοντι

1108 644 1222 679 γίνεται,
1239 647 1364 680 γεννᾶται
1377 646 1405 673 δὲ
1419 646 1488 674 κατὰ
1503 647 1533 674 τὺ
1543 645 1600 674 ἴσον
1613 647 1627 673 ό
1639 648 1667 673 ὲν
1682 648 1716 682 τῇ
1726 646 1814 682 Τριάδι
1826 655 1873 680 γεν-

1108 692 1227 725 νώμενος
1245 692 1320 728 παρὰ
1336 693 1383 720 τοῦ
1397 693 1502 729 Πατρός
1520 702 1549 720 τε
1572 693 1620 720 καὶ
1637 693 1684 720 τοῦ
1706 692 1770 719 Υίοῦ
1786 692 1872 719 καὶτοῦ

1107 736 1265 772 Πνεύματος
1281 738 1366 772 ἁγίου.
1383 737 1463 765 Οὕτω
1475 738 1529 773 γάρ
1547 747 1613 773 φησι
1630 737 1753 774 περὶτοῦ
1770 737 1872 772 Πνεύμα-

1108 790 1153 814 τος
1169 783 1344 818 Εὑαγγέλιον,
1360 784 1401 810 ὅτι
1412 784 1449 811 Τὸ
1459 783 1657 819 γεγεννημένον
1668 785 1701 811 ὲκ
1710 783 1757 811 τοῦ
1772 784 1873 818 “vstitu-

273 826 300 854 id
317 826 391 861 quod
408 829 452 854 est
470 812 628 861 generatum
653 833 686 854 ex
703 825 819 861 Spiritu,
844 812 885 855 est
900 812 1012 863 spiritus
1026 829 1058 861 ",

1111 812 1154 860 τος
1172 812 1282 862 πνευμά
1305 812 1374 861 ἐστι,
1399 828 1447 856 καὶ
1494 812 1601 861 Παῦλος
1620 830 1650 855 ἐν
1670 829 1782 865 Χριστῷ
1800 812 1873 863 γεννᾷ,

272 875 300 900 οι
313 871 414 899 Paulus
427 871 513 907 gignit
533 872 560 899 in
572 871 681 899 Christo
693 872 727 905 ”,
750 875 777 900 et
792 871 873 900 Pater
883 873 1004 901 omnium
1017 878 1060 902 est

272 922 351 954 pater
363 920 396 946 ³⁸.

307 963 358 991 Hic
370 963 437 991 mihi
451 963 487 992 sit
501 963 592 991 sobria
607 971 685 992 mens
701 963 846 997 auditoris,
868 972 902 992 ne
915 972 945 992 se
960 963 1059 992 etiiciat

272 1009 378 1045 prolem
386 1012 492 1037 natura:
507 1009 657 1042 instabilis,
673 1017 736 1037 cum
751 1010 877 1038 stabilem
892 1013 919 1038 et
933 1010 1060 1037 inaltera-

273 1055 355 1083 bilem
383 1054 435 1083 sibi
459 1055 541 1083 liceat
560 1062 617 1082 suae
639 1048 703 1083 vita:
729 1055 880 1090 principem
903 1055 1009 1083 etlicere
1032 1058 1059 1083 et

272 1104 422 1128 auctorem.
445 1099 513 1127 Nam
536 1103 619 1135 prout
631 1100 692 1135 ejus
713 1101 759 1135 qui
775 1100 809 1127 ad
826 1100 1058 1135 dispensationem

272 1145 389 1177 accedit,
407 1152 455 1172 cor
470 1144 596 1172 allectum
610 1149 662 1177 est,
690 1144 717 1172 id
734 1145 818 1172 etiam
832 1146 904 1180 quod
927 1145 1057 1181 gignitur,

272 1191 344 1219 vires
358 1191 448 1219 habet.
464 1190 594 1226 Quisquis
608 1198 673 1226 ergo
696 1195 819 1219 sanctam
831 1192 990 1220 Trinitatem
1015 1192 1058 1219 in-

270 1241 390 1265 creatam
403 1245 465 1265 esse
479 1238 637 1270 conﬁtetur,
651 1238 804 1272 ingreditur
823 1240 907 1265 vitam
928 1238 1058 1266 immuta-

270 1284 353 1312 bilem
375 1287 403 1312 et
426 1283 645 1317 inalterahilem;
670 1288 788 1311 creatam
806 1287 897 1311 autem
921 1283 1058 1318 aspiciens

270 1332 398 1357 naturam
412 1328 439 1355 in
454 1327 590 1356 Trinitate
604 1328 673 1356 falsa
687 1328 903 1360 existimatione,
920 1333 947 1356 et
960 1328 1058 1356 deinde

271 1374 298 1402 in
311 1381 343 1402 ea
355 1374 521 1409 baptizatus,
537 1374 712 1410 ingeneratur
728 1381 826 1402 rursus
850 1375 877 1401 in
893 1374 950 1401 vita
966 1377 1055 1401 muta~

270 1421 320 1448 bili
332 1425 359 1448 et
368 1428 429 1456 quae
443 1420 587 1447 alteratur.
601 1419 668 1446 Nam
680 1419 754 1454 quod
765 1419 898 1450 nascitur,
910 1423 952 1446 est
963 1427 1059 1447 neces-

271 1467 345 1495 sario
359 1466 481 1501 ejusdem
494 1465 614 1501 generis,
627 1465 707 1500 cujus
721 1469 764 1493 est
779 1469 877 1492 natura
889 1473 983 1492 eorum
997 1473 1057 1500 quae
1070 1485 1091 1514 G

271 1516 414 1547 generant.
439 1510 510 1544 Quid
534 1517 600 1545 ergo
621 1509 704 1537 fuerit
723 1509 936 1542 conducibilius,
963 1510 992 1537 in
1017 1510 1057 1537 vi.

271 1562 364 1585 tamne
383 1556 488 1591 ingredi
512 1555 722 1587 immutabilem,
744 1562 778 1582 an
804 1562 901 1583 rursus
925 1554 1059 1583 ﬂuctuare

271 1604 300 1630 in
311 1603 366 1630 vita
382 1601 504 1630 instabili
517 1605 544 1629 et
559 1608 621 1637 qua:
636 1601 790 1628 alteratur?
809 1601 876 1628 Cum
891 1608 956 1636 ergo
970 1601 1058 1629 cuivis

271 1648 308 1676 sit
315 1647 499 1682 perspicuum,
512 1646 558 1681 qui
570 1646 606 1674 sit
618 1645 708 1681 aliqua
718 1645 847 1680 praeditus
857 1645 1055 1681 intelligentia,

271 1693 346 1728 quod
359 1693 386 1720 id
399 1692 473 1728 quod
487 1696 542 1719 stat
556 1699 610 1719 non
622 1695 713 1719 stante
725 1695 767 1719 est
780 1691 966 1727 praestantius,
980 1695 1008 1718 et
1025 1698 1059 1718 co

272 1740 346 1774 quod
372 1738 462 1766 deﬁcit
488 1737 516 1766 id
542 1738 615 1773 quod
640 1742 682 1766 est
707 1737 868 1772 perfectum,
888 1742 915 1764 et
930 1745 963 1764 eo
986 1737 1059 1772 quod

273 1789 346 1821 eget,
373 1785 400 1812 id
422 1784 496 1820 quod
521 1792 576 1811 non
596 1788 667 1819 eget,
692 1787 719 1812 et
743 1791 776 1811 eo
802 1783 874 1818 quod
893 1783 1060 1818 proﬁciendo

273 1830 408 1862 ascendit,
426 1830 453 1858 id
469 1830 542 1866 quod
557 1838 612 1858 non
628 1829 709 1858 habet
725 1837 779 1865 quo
794 1829 995 1865 progrediatur,
1011 1830 1060 1858 sed

272 1885 381 1912 semper
394 1880 485 1905 manet
501 1877 528 1904 in
542 1877 606 1914 boni
629 1875 815 1912 perfectione:
845 1884 957 1905 necesse
979 1876 1061 1904 fuerit

272 1928 303 1951 ut
316 1924 364 1960 qui
379 1924 466 1959 sapit,
478 1931 563 1951 unum
579 1931 612 1952 ex
627 1923 735 1950 duobus
750 1922 842 1958 eligat,
858 1930 956 1958 nempe
971 1925 1060 1950 utaut

272 1969 403 1997 increalaa
417 1972 523 1996 naturae
549 1972 673 1997 sanctam
696 1967 791 1995 credat
812 1975 873 1996 esse
887 1967 1059 2000 Trinitatem,

272 2018 301 2042 et
315 2015 353 2042 ita
379 2022 428 2050 per
451 2014 622 2049 spiritualem
646 2014 851 2049 generationem
875 2020 936 2041 eam
963 2012 1062 2040 eﬂiciat

273 2059 424 2095 principem
450 2063 478 2087 et
503 2063 645 2086 auctorem
672 2066 730 2086 sua:
752 2059 833 2086 vitae:
856 2062 903 2084 aut
934 2057 957 2084 si
985 2060 1062 2084 extra

273 2106 355 2141 primi
368 2109 396 2133 et
409 2105 468 2133 veri
481 2109 508 2132 et
527 2105 592 2132 boni
604 2104 653 2132 Dei
667 2108 806 2136 naturam,
824 2103 924 2136 Patris,
939 2104 1061 2139 inquam,

1109 873 1156 901 καὶ
1168 874 1182 900 ὁ
1199 874 1294 911 Πατὴρ
1309 874 1417 901 πάντων
1433 874 1490 901 ἐστὶ
1507 875 1610 911 πατήρ.

1151 965 1282 994 Ἐνταῦθά
1298 975 1344 1002 μοι
1362 966 1470 1002 νηφέτω
1488 966 1535 994 τοῦ
1550 966 1685 1003 ἀκροατοῦ
1699 967 1717 1002 ἡ
1731 966 1835 998 διάνοια,
1847 966 1873 1001 μὴ

1108 1013 1158 1048 τῆς
1171 1011 1339 1047 ἀστατούσης
1348 1011 1454 1046 φύσεως
1471 1011 1569 1047 ἑαυτὴν
1584 1011 1695 1046 ἔκγονον
1711 1012 1816 1046 ποιήσῃ,
1832 1011 1875 1043 tibi

1108 1057 1157 1096 τὴν
1172 1056 1305 1092 ἀτρεπτόν
1327 1065 1357 1083 τε
1379 1057 1427 1083 καὶ
1451 1056 1627 1083 ἀναλλοίωτον
1646 1057 1768 1092 ἀρχηγὸν
1784 1057 1875 1091 ποιήσα-

1110 1101 1172 1129 σθαι
1184 1103 1232 1138 τῆς
1258 1101 1335 1133 ιδίας.
1352 1101 1431 1128 Κατά
1450 1102 1504 1137 γὰρ
1525 1101 1575 1138 τὴν
1589 1101 1709 1129 διάθεσιν
1725 1102 1774 1137 τῆς
1787 1101 1876 1136 καρδίας

1108 1148 1155 1174 τοῦ
1178 1148 1334 1183 προσιόντος
1352 1148 1386 1183 τῇ
1412 1147 1562 1183 οἰκονομίᾳ,
1577 1148 1668 1174 καὶτὸ
1686 1147 1823 1183 γινόμενον
1841 1146 1876 1181 τὴν

1108 1193 1222 1228 δύναμιν
1243 1192 1309 1228 ἔχει,
1327 1193 1408 1219 Ὥστε
1439 1193 1480 1219 τὸν
1503 1192 1553 1227 μὲν
1573 1192 1700 1220 ἀκτιστον
1719 1191 1877 1228 ὁμολογοῦντα

1108 1238 1157 1273 τὴν
1173 1238 1252 1273 ἁγίαν
1266 1238 1378 1274 Τριάδα,
1393 1238 1433 1270 εἰς
1448 1238 1497 1274 τὴν
1510 1238 1643 1274 ἄτρεπτον
1655 1246 1685 1265 τε
1698 1236 1877 1264 καὶ-ἀναλλοίω-

1107 1293 1154 1312 τον
1165 1285 1293 1312 εἰσελθεῖν
1306 1284 1389 1318 ζωὴν,
1399 1284 1448 1320 τὴν
1461 1284 1489 1311 δὲ
1501 1284 1613 1320 κτιστὴν
1623 1284 1704 1319 φύσιν
1718 1285 1747 1311 ὲν
1757 1285 1789 1320 τῇ
1802 1284 1822 1310 Τ
1824 1282 1877 1318 prdit

1108 1329 1152 1356 διὰ
1164 1330 1214 1365 τῆς
1227 1329 1405 1365 ἡπατημένης
1421 1328 1580 1364 ὑπολήψεως
1600 1329 1743 1364 βλέποντα,
1758 1329 1842 1355 ἔπειτα
1856 1327 1876 1352 ἐν

1108 1374 1177 1410 αὐτῇ
1193 1373 1398 1410 βαπτιζόμενον,
1413 1373 1493 1400 πάλιν
1504 1373 1543 1408 τῷ
1552 1373 1662 1409 τρεπτῷ
1674 1381 1704 1399 τε
1719 1373 1766 1399 καὶ
1777 1372 1876 1399 ἀλλοιου⁷

1110 1419 1182 1454 μένῳ
1198 1418 1392 1454 ἐπεννηθῆναι
1400 1417 1505 1454 βίῳ.Τῇ
1522 1418 1575 1453 γὰρ
1586 1418 1639 1445 τῶν
1650 1418 1805 1452 γεννώντων
1817 1416 1878 1451 φύσει

1109 1465 1170 1491 κατ’
1184 1465 1306 1500 ἀνάγκην
1326 1465 1455 1500 ὁμογενὲς
1477 1465 1535 1491 ἐστι.
1559 1465 1606 1491 καὶ
1626 1464 1657 1490 τὸ
1679 1465 1841 1500 τικτόμενον.
1857 1463 1879 1489 ΤΞ

1108 1508 1154 1537 οὖν
1173 1509 1206 1537 ἂν
1222 1510 1264 1546 εἴη
1288 1509 1516 1545 λυσιτελέστερον,
1540 1510 1579 1541 είς
1598 1510 1647 1546 τὴν
1673 1510 1808 1546 ἄτρεπτον
1827 1509 1880 1543 ζωὴν

1108 1555 1280 1591 εἰσελθεῖν,ῆ
1304 1555 1385 1582 πάλιν
1406 1555 1444 1591 τῷ
1464 1555 1624 1582 ἀστατοῦντι
1647 1557 1696 1583 καὶ
1719 1556 1879 1592 ἀλλοιουμένου

1108 1601 1327 1638 ὲγκυματοῦσθαι
1341 1601 1407 1637 βίῳ;
1429 1601 1504 1628 Ἐπεὶ
1521 1599 1567 1628 οὖν
1584 1603 1664 1629 παντὶ
1685 1602 1768 1637 δῆλόν
1781 1600 1880 1634 ἐστι,ιῷ

1109 1649 1157 1676 καὶ
1167 1647 1291 1675 ὁπωσοῦν
1301 1647 1418 1679 διανοίας
1430 1647 1580 1683 μετέχοντι,
1593 1647 1633 1674 ὅτι
1652 1647 1683 1674 τὸ
1700 1647 1788 1680 ἑστὼς
1801 1646 1842 1674 τοῦ
1856 1645 1882 1679 μὴ

1109 1694 1226 1726 ἑστῶτος
1236 1693 1302 1721 πολὺ
1325 1693 1496 1730 τιμιώτερον,
1517 1694 1564 1721 καὶ
1582 1693 1630 1720 τοῦ
1649 1693 1792 1725 ἔλλειποῦς
1810 1692 1883 1719 1615-

1109 1740 1190 1773 λειον,
1207 1741 1254 1768 καὶ
1264 1740 1310 1767 τοῦ
1326 1740 1452 1776 δεομένου
1467 1739 1554 1776 τὺ-μὴ
1572 1740 1710 1775 δεόμενον,
1728 1740 1776 1767 καὶ
1794 1733 1836 1766 τοῧ
1852 1737 1884 1764 διὰ

1111 1785 1254 1821 προκοπῆς
1269 1785 1388 1817 ἀνιόντος
1401 1785 1432 1812 τὸ
1452 1784 1489 1820 μὴ
1501 1784 1563 1820 ἕχον
1583 1785 1623 1817 είς
1636 1785 1651 1811 ὅ
1660 1793 1689 1812 τι
1705 1784 1832 1820 προέλθῃ,
1843 1781 1883 1808 ἀλλ’

1111 1831 1157 1857 ἐπὶ
1173 1830 1222 1865 τῆς
1237 1830 1402 1865 τελειότητος
1415 1829 1462 1856 τοῦ
1484 1829 1587 1864 ἀγαθοῦ
1612 1829 1692 1865 μένον
1710 1830 1767 1862 ἀεὶ,
1789 1829 1885 1860 ἐπάναγ-

1111 1884 1158 1907 κες
1178 1874 1212 1902 ἂν
1230 1875 1272 1910 εἴη
1293 1875 1322 1901 ἓν
1338 1874 1368 1908 ἐξ
1388 1874 1550 1910 ἀμφοτέρων
1572 1874 1708 1910 αἱρεῖσθαι
1729 1875 1777 1901 τόν
1792 1883 1822 1908 γε
1840 1872 1886 1899 νοῦν

1111 1921 1216 1957 ἔχοντα,
1230 1921 1247 1956 ἢ
1269 1921 1318 1956 τῆς
1338 1920 1465 1948 ἀκτίστου
1484 1919 1590 1955 φύσεως
1615 1918 1684 1947 εἶναι
1703 1921 1841 1947 πιστεύειν
1851 1919 1886 1952 τὴν

1112 1968 1193 2002 ἁγίαν
1206 1967 1318 2003 Τριάδα,
1335 1967 1383 1994 καὶ
1401 1967 1486 1998 οὕτως
1502 1966 1622 2002 ἀρχηγὸν
1641 1966 1685 1993 διὰ
1707 1966 1761 2001 τῆς
1785 1972 1887 1998 πνευμα-

1111 2015 1191 2050 τικῆς
1202 2011 1333 2047 γενέσεως
1351 2012 1484 2039 ποιεῖσθαι
1508 2012 1557 2047 τῆς
1581 2011 1648 2043 ἰδίας
1667 2011 1789 2047 ζωῆς-ἢ
1807 2011 1830 2037 εξ
1850 2009 1887 2041 ἔξω

1112 2059 1161 2095 τῆς
1180 2059 1226 2086 τοῦ
1245 2058 1354 2094 πρώτου
1374 2058 1421 2085 καὶ
1439 2057 1562 2093 ἀληθινοῦ
1583 2057 1630 2084 καὶ
1650 2057 1756 2092 ἀγαθοῦ
1777 2056 1841 2083 Θεοῦ
1853 2053 1889 2088 φύ-

1115 2111 1193 2136 σεως,
1210 2103 1259 2138 τῆς
1276 2102 1323 2130 τοῦ
1345 2102 1452 2138 Πατρδς
1473 2102 1555 2137 λέγω,
1568 2101 1673 2137 νομίζοι
1693 2100 1766 2130 εἶναι
1786 2101 1829 2129 τδν
1841 2099 1889 2126 Wa

273 2151 373 2178 Filium
388 2157 451 2178 esse
466 2149 615 2182 existimat,
636 2153 685 2176 aut
703 2149 836 2185 Spiritum
853 2153 990 2182 sanctum,
1008 2157 1060 2177 non

1115 2148 1131 2184 ἢ
1143 2149 1173 2175 τὸ
1185 2148 1297 2184 Πνεῦμα
1309 2148 1340 2176 τδ
1352 2149 1439 2182 ἅγιον,
1453 2148 1491 2184 μὴ
1505 2148 1789 2184 ωμπαραλαμόἀνων
1805 2147 1849 2182 τὴν
1863 2146 1890 2174 εἰς

275 2196 358 2224 simul
376 2202 520 2223 assumens
535 2202 595 2222 eam
608 2202 670 2230 quae
681 2200 723 2222 est
737 2195 764 2222 in
780 2195 838 2222 haec
853 2194 932 2222 ﬁdem
950 2196 978 2222 in
993 2199 1064 2222 tem-

275 2249 343 2278 pore
369 2241 565 2278 generationis,
591 2247 627 2268 ne
646 2240 805 2276 imprudens
830 2240 950 2275 seipsum
973 2241 1063 2268 tradat

275 2293 381 2314 manete
399 2285 566 2321 delectaeque
584 2290 700 2317 naturae,
729 2289 757 2313 et
772 2293 833 2320 quae
851 2289 910 2322 eget
934 2293 968 2314 eo
990 2286 1061 2321 quod

278 2334 381 2361 bonum
397 2332 498 2364 reddit,
524 2337 548 2360 et
570 2339 601 2359 se
615 2332 816 2367 quodammodo
833 2339 929 2360 rursus
951 2332 1064 2360 reducat

276 2377 312 2405 ad
327 2377 354 2405 id
371 2377 444 2413 quod
462 2380 506 2405 est
521 2377 645 2412 ejusdem
661 2377 778 2412 generis,
791 2381 821 2405 ut
840 2377 919 2413 cujus
931 2378 999 2406 lides
1014 2378 1064 2406 de-

277 2423 373 2451 fecerit
383 2430 398 2450 a
409 2430 515 2451 summa
529 2427 557 2451 et
568 2423 788 2458 superemineute
804 2427 913 2452 natura.
926 2424 978 2457 Qui
991 2425 1063 2452 cnim

269 2469 358 2497 alicui
373 2477 407 2497 ex
423 2469 505 2497 rebus
519 2470 620 2497 creatis
633 2469 753 2504 seipsum
769 2470 922 2505 subjunxit,
939 2478 993 2497 non
1008 2471 1065 2498 ani-

277 2515 435 2548 madvertit,
454 2521 484 2542 se
497 2514 525 2542 iu
538 2513 594 2542 Deo
605 2522 681 2549 spem
696 2523 749 2542 non
767 2515 867 2543 habere
880 2516 987 2544 salutis.
999 2517 1064 2544 0m-

277 2562 322 2589 nis
335 2561 407 2589 enim
418 2564 554 2593 creatura.
571 2567 606 2588 ex
624 2568 657 2588 eo
669 2561 742 2596 quod
757 2568 789 2588 ex
804 2568 882 2596 aequo
893 2561 929 2589 ab
942 2569 975 2589 eo
992 2561 1065 2597 quod

277 2616 332 2636 non
351 2611 393 2636 est
411 2606 535 2643 procedit
548 2607 583 2634 ad
595 2608 755 2639 essentiam,
771 2607 824 2634 sibi
837 2607 890 2642 ipsi
903 2612 946 2635 est
955 2608 1064 2643 propria

279 2653 483 2682 necessitudine
496 2651 643 2687 conjuncta
657 2660 664 2684 ;
685 2655 712 2679 et
727 2651 865 2687 quomodo
879 2651 906 2678 in
920 2659 1064 2686 corporum

279 2698 485 2726 constructione
523 2696 614 2724 omnia
643 2696 764 2724 membra
789 2700 853 2724 sunt
875 2695 927 2724 sibi
950 2696 1065 2724 invicem

335 2799 358 2815 “
373 2798 466 2825 Matth.
479 2805 575 2833 antu,
597 2798 639 2826 l9.
680 2799 700 2814 "
713 2797 791 2825 Joan.
805 2803 845 2830 lu,
861 2798 888 2824 6.

946 2797 967 2812 ⁴³
982 2795 991 2823 1
1005 2796 1069 2824 Cor.
1082 2804 1118 2829 Iv,
1138 2796 1179 2823 15.

1114 2194 1200 2221 ταῦτα
1212 2194 1304 2222 πίστιν
1314 2195 1343 2221 ὲν
1353 2194 1392 2230 τῷ
1403 2194 1491 2229 καιρῷ
1503 2194 1552 2229 τῆς
1561 2194 1704 2228 γενέσεως,
1724 2195 1829 2230 μήποτε
1839 2191 1891 2225 λάθῃ

1114 2240 1147 2274 τῇ
1163 2238 1281 2265 ἐλλειπεϊ
1294 2238 1373 2273 φύσει
1387 2239 1434 2265 καὶ
1453 2238 1568 2274 δεομένῃ
1584 2238 1631 2265 τοῦ
1650 2238 1834 2272 ἀγαθύνοντος
1845 2238 1892 2263 tav-

1115 2283 1159 2310 τὸν
1171 2284 1308 2316 εἰσποιῶν,
1320 2283 1369 2311 καὶ
1381 2284 1480 2319 τρόπον
1499 2283 1559 2311 τινὰ
1580 2283 1659 2311 πάλιν
1678 2285 1720 2316 είς
1737 2285 1769 2311 τὸ
1783 2281 1892 2320 ὁμογενὲς

1115 2329 1211 2356 ἑαυτὸν
1221 2329 1364 2365 εῑσαγάγῃ,
1375 2329 1425 2365 τῆς
1434 2329 1620 2366 ὑπερεχούσης
1631 2329 1744 2365 φύσεως
1754 2329 1892 2363 ἀποστήσας

1115 2374 1165 2410 τὴν
1177 2375 1278 2402 πίστιν.
1296 2375 1325 2401 '0
1336 2374 1391 2410 γάρ
1402 2383 1454 2401 τινι
1471 2375 1524 2402 τῶν
1546 2375 1663 2403 κτιστῶν
1680 2375 1782 2402 ἑαυτὸν
1796 2372 1893 2405 ὑποζεύ-

1116 2420 1174 2453 ξας,
1186 2420 1296 2455 λέληθεν
1311 2420 1407 2447 ἑαυτὸν
1419 2421 1468 2448 οὐκ
1483 2422 1524 2452 είς
1544 2421 1576 2448 τὸ
1590 2423 1668 2450 Θεῖον
1682 2421 1736 2456 τὴν
1759 2420 1851 2448 ἐλπίδα
1859 2417 1894 2450 τῆς

1117 2466 1252 2501 σωτηρίας
1264 2466 1344 2501 ἔχων.
1362 2466 1441 2493 Πᾶσα
1454 2466 1509 2502 γὰρ
1521 2467 1538 2503 ή
1557 2466 1656 2499 κτίσις,
1670 2466 1710 2502 τῷ
1726 2466 1802 2493 κατὰ
1814 2466 1842 2492 τὺ
1853 2462 1895 2490 ἴσον

1117 2512 1149 2538 ἐκ
1160 2511 1207 2538 τοῦ
1224 2512 1261 2548 μὴ
1280 2512 1356 2544 ὄντος
1373 2512 1412 2544 εἰς
1428 2512 1459 2539 τὸ
1478 2510 1547 2540 εἶναι
1562 2513 1703 2548 προήκειν,
1719 2513 1831 2543 οἰκείως
1846 2508 1896 2545 πρὸς

1119 2557 1217 2592 ἑαυτὴν
1235 2557 1290 2592 ἔχει
1299 2565 1307 2573 ι
1321 2557 1368 2584 καὶ
1380 2557 1473 2592 ὥσπερ
1484 2558 1530 2585 ἐπὶ
1540 2558 1591 2593 τῆς
1604 2558 1658 2584 τῶν
1673 2559 1814 2593 σωμάτων
1830 2562 1896 2583 κατα-

1120 2603 1219 2638 σκευῆς
1231 2603 1321 2629 πάντα
1333 2602 1367 2630 τὰ
1381 2603 1449 2639 μέλη
1459 2603 1528 2638 πρὸς
1537 2603 1622 2631 ἑαυτά
1637 2604 1777 2639 συμφυῶς
1789 2603 1850 2639 ἔχει,
1860 2599 1898 2626 κᾶν

1120 2648 1153 2674 τὰ
1166 2648 1214 2682 μὲν
1226 2648 1424 2683 ὐποδεϐηκότα,
1439 2649 1473 2675 τὰ
1494 2648 1521 2676 δὲ
1536 2649 1753 2684 ὑπερανεστῶτα
1771 2649 1854 2684 τύχῃ·
1865 2643 1898 2671 οὗ·

1119 2702 1173 2726 τως
1186 2694 1202 2729 ἡ
1215 2694 1309 2729 κτιστὴ
1320 2693 1399 2729 φύσις
1412 2695 1512 2731 ἥνωται
1525 2695 1593 2732 πρὸς
1615 2695 1716 2732 ἑαυτὴν
1731 2695 1806 2723 κατὰ
1817 2693 1858 2721 τὸν
1869 2689 1899 2717 Μ·

1232 2797 1251 2811 ¹⁹
1267 2793 1325 2821 Phil
1356 2802 1376 2826 ι,
1391 2795 1417 2822 2.
