1926 3080
60 103 104 130 ltll
667 107 797 136 ORATIO
815 105 1069 135 CATECHETICA.

1616 99 1684 135 ‘toa

60 168 103 193 γον
119 160 169 195 τῆς
183 159 308 192 κτίσεως.
326 162 372 189 καὶ
392 163 470 190 οὐδὲν
483 164 500 199 ὴ
521 165 590 192 κατὰ
608 165 637 192 τὸ
652 166 782 202 ὑπερέχον
802 166 839 192 κα¹

899 164 1047 198 conjuncta
1062 164 1232 197 natm-aliter,
1246 163 1351 192 etiamsi
1368 164 1419 192 alia
1434 165 1543 199 quidem
1559 171 1622 193 sunt
1643 167 1684 194 in-

59 205 145 231 ἐνδέον
157 207 187 232 ὲν
202 206 268 241 ἡμῖν
278 207 394 243 διαφορὰ
407 208 540 244 διῖστησιν
550 211 635 247 αὐτὴν
646 212 695 246 τῆς
707 212 772 247 πρὸς
786 211 848 237 ἐαυ-

58 250 106 284 τὴν
134 250 284 285 συμιρυἳας.
309 249 359 278 Ὠν
385 253 439 289 γὰρ
463 255 560 290 ἐπίσης
591 258 791 290 πρππινοεῖται
829 256 846 291 ἡ

58 295 222 331 ἁνυπαρεὶα,
241 297 292 324 κᾶν
314 298 342 324 ἐν
360 299 417 330 τοῖς
432 299 522 331 ἄλλοις
541 300 572 326 τδ
590 300 716 335 διάφορον
729 298 757 338 ᾗ,
774 300 848 327 οὐδε-

59 341 122 375 μίαν
137 342 210 368 κατὰ
226 342 257 368 τὺ
274 343 357 378 μέρος
378 343 455 371 τοῦτο
475 345 525 380 τῆς
545 345 651 380 φύσεως
672 342 848 381 παρᾶλλαγὴν

57 388 263 424 ὲξευρίσκομεν.
286 390 318 417 Et
345 388 391 417 οὖν
415 391 522 424 κτιστὸς
540 392 588 427 μὲν
611 391 648 419 ὣν
663 393 677 418 ὁ
695 392 847 427 άνθρωπος,

58 435 165 460 atto-cev
183 434 211 461 δὲ
231 435 279 462 καὶ
299 436 328 462 τὸ
353 437 476 472 Πνεῦμα,
498 438 544 464 καὶ
557 438 603 465 τὸν
628 439 758 474 μονογενῆ
783 439 848 465 Θεὸν

57 478 125 506 εἶναι
146 479 264 514 νομίζοι,
280 481 394 516 μάταιος
420 483 453 510 ἂν
478 484 519 519 ετη
543 484 663 511 άνελπίδι
683 485 732 520 τῆς
751 486 797 511 ἐπὶ
818 485 848 512 τὺ

55 526 180 560 κρεῖττον
195 527 388 561 μεταστάσεως
399 528 468 564 πρὸς
484 530 579 557 ἑαυτὸν
592 531 722 558 ἀναλύων.
736 531 848 567 Ὅμοιον

55 572 109 606 γὰρ
125 573 186 603 ταῖς
201 571 249 598 τοῦ
273 573 426 608 Νικοδήμου
441 575 605 611 ὑπολήψεσίν
622 579 680 604 ὲστι
695 576 725 603 τὸ
741 577 848 612 γινόμε-

54 626 109 648 νον,
123 617 152 649 ὃς
170 619 236 653 περὶ
259 618 306 645 τοῦ
323 619 378 646 δεῖν
399 619 503 647 ἄνωθεν
519 619 682 657 γεννηθῆναι
698 622 775 657 παρὰ
799 621 847 649 τοῦ

54 662 156 699 Κυρίου
173 663 279 698 μαθὼν,
296 663 339 690 διὰ
355 664 385 691 τδ
400 665 483 700 μήπω
497 665 620 701 χωρῆσαι
633 666 680 693 τοῦ
697 668 847 704 μυστηρίου

53 707 98 733 τὸν
117 707 205 741 λόγον,
230 708 278 735 ἐπὶ
299 708 345 735 τὸν
370 710 495 745 μητρῷον
519 711 618 738 κόλπον
641 713 698 744 τοῖς
709 712 848 749 λογισμοῖς

53 752 230 789 κατεσύρετο.
249 754 330 781 Ὥστε
345 755 369 781 εί
385 755 422 791 μὴ
439 755 507 791 πρὸς
528 757 653 784 ἄκτιστον
673 757 763 792 φύσιν,
779 759 847 785 ἀλλὰ

53 798 122 833 πρὸς
137 799 189 834 τὴν
206 799 324 835 συγγενῆ
341 799 388 827 καὶ
403 801 545 835 ὁμόδουλον
560 802 646 829 κτίσιν
666 803 762 830 ἑαυτὸν
774 804 846 831 άπά-

899 209 1009 241 feriora,
1026 209 1078 235 alia
1095 216 1159 236 vero
1176 209 1339 244 superiora:
1353 209 1389 237 ita
1407 214 1498 238 creata
1516 215 1614 238 natura
1630 211 1683 239 sibi

898 260 940 283 est
957 255 1044 286 unita,
1065 255 1136 290 quod
1153 254 1186 282 ad
1201 256 1333 283 rationem
1356 256 1452 283 attinet
1467 262 1609 289 creatura},
1633 265 1684 285 nec

898 307 958 335 quae
979 299 1005 326 in
1024 307 1058 327 eo
1081 299 1155 334 quod
1181 304 1326 334 exsuperat
1348 303 1376 326 et
1393 299 1482 327 deiicit
1496 304 1538 327 est
1557 300 1585 328 in
1605 301 1684 328 nobis

897 345 1062 377 diil'crentia,
1086 353 1145 373 eam
1161 345 1303 380 disiungit,
1321 353 1354 373 ne
1369 345 1420 373 sibi
1445 346 1496 380 ipsi
1510 345 1547 373 sit
1564 347 1682 374 naturali

896 393 1044 426 conjuncta
1065 391 1270 426 conjunctione.
1291 390 1319 418 ln
1342 391 1442 426 quibus
1463 392 1536 419 enim
1557 400 1590 419 ex
1604 398 1684 426 mquo

896 439 1032 473 cogitatur
1053 437 1126 472 quod
1148 445 1202 464 non
1217 437 1272 465 sint
1292 444 1325 464 ac
1343 437 1505 469 consistant,
1525 437 1630 464 etiamsi
1655 437 1682 464 in

897 484 959 510 aliis
973 483 1110 515 diﬂerant,
1134 490 1228 510 eorum
1249 482 1275 509 in
1294 483 1344 509 hac
1364 486 1439 516 parte
1459 490 1511 509 non
1530 483 1683 510 invenimus

898 531 980 558 ullam
1004 534 1111 558 natura):
1129 531 1317 558 mutationem.
1338 529 1366 557 Si
1388 538 1453 565 ergo
1470 530 1550 557 homo
1570 537 1632 556 cum
1646 529 1683 556 sit

896 580 1022 609 creatus,
1043 576 1174 611 Spiritum
1198 583 1307 611 quoque
1332 568 1452 604 creatum
1467 583 1537 608 esse,
1565 575 1683 609 itemque

897 622 1066 657 unigenitum
1090 621 1173 649 Deum
1192 621 1317 654 afﬁrmat,
1346 621 1369 648 is
1392 628 1459 648 vana
1484 628 1532 656 spe
1556 620 1682 651 ducetur,

896 667 998 702 quippe
1011 667 1058 702 qui
1081 667 1202 702 seipsum
1220 666 1255 693 ab
1277 666 1323 693 illa
1342 666 1368 692 in
1385 665 1484 692 melius
1510 664 1684 692 restitutione

897 713 1017 740 alienum
1042 712 1135 740 faciat.
1154 712 1227 740 Idem
1248 711 1320 739 enim
1334 712 1361 738 in
1385 710 1436 738 hac
1452 718 1480 738 re
1493 709 1593 738 accidit
1611 708 1683 745 quod

895 758 1060 786 Nicodemus
1085 758 1270 790 existimabat,
1297 758 1344 793 qui
1366 765 1427 784 cum
1446 764 1460 783 a
1476 756 1592 784 Domino
1613 755 1684 783 didi-

896 805 981 833 cisset
1003 812 1123 840 superne
1146 805 1222 832 nasel
1241 806 1379 839 oportere,
1404 802 1470 838 quia
1486 801 1608 829 nondum
1626 808 1686 836 my-

51 852 106 878 γοι,
123 846 174 879 τῆς
195 845 328 877 κάτωθεν,
351 846 382 873 οὐ
407 848 456 882 τῆς
480 847 582 875 ᾶνωοέν
607 849 664 875 ἐστι
681 851 839 886 γεννήσεως.

897 851 974 880 sterii
988 851 1121 878 rationem
1140 853 1260 885 caperet,
1274 849 1308 876 ad
1323 853 1477 876 maternum
1492 851 1599 875 uterum
1613 846 1686 882 cogi-

50 890 120 925 Φησὶ
134 890 163 916 δὲ
178 890 209 918 τὸ
224 891 396 927 Εὑαγγέλιον,
410 892 512 921 ἀνωθεν
526 892 594 921 εἶναι
613 895 668 922 τῶν
684 895 844 932 σωζομένων

51 935 100 970 τὴν
115 935 196 972 γέννη
201 945 254 964 σιν.

898 897 1049 926 tationibus
1065 896 1305 924 devolvebatur”.
1324 894 1504 928 Quamobrem
1529 893 1553 921 si
1571 900 1624 920 non
1649 892 1684 919 ad

896 943 1046 970 iuereatam
1062 947 1200 975 naturam,
1215 940 1263 969 sed
1275 940 1308 967 ad
1326 943 1469 975 cognatam
1481 942 1507 966 et
1521 944 1682 966 conservam

50 985 207 1008 creaturam
229 989 259 1010 se
272 982 400 1017 abducat,
413 989 454 1012 est
467 986 650 1020 generationis
667 994 727 1022 qme
739 991 782 1015 est
798 987 915 1020 inferne,
931 995 986 1016 non
1000 988 1061 1024 ejus
1075 994 1136 1023 quae
1145 991 1185 1016 est
1213 987 1341 1022 desnper.
1375 985 1443 1012 Dicit
1475 989 1564 1012 autem
1595 983 1684 1011 Evan-

49 1025 164 1061 gelium,
183 1026 304 1063 desuper
316 1036 377 1057 esse
403 1031 607 1065 generationem
623 1039 718 1060 eorum
735 1033 782 1069 qui
796 1033 865 1061 salvi
883 1033 962 1061 ﬁunt.

348 1076 474 1104 ΚΕΦΑΛ.
493 1078 540 1106 Μ’.

90 1120 161 1147 Ἀλλ’
173 1120 205 1148 οὗ
222 1129 268 1157 μοι
283 1121 356 1149 δοκεί
379 1123 459 1159 μέχρι
474 1123 528 1151 τῶν
547 1124 700 1161 εἰρημένων
715 1126 839 1163 αὐτάρκη

47 1166 99 1200 τὴν
113 1166 290 1195 διδασκαλίαν
311 1169 328 1203 ή
350 1169 501 1205 κατήχησις
517 1170 598 1205 ἔχειν.
614 1172 659 1198 Δεῖ
670 1171 735 1208 γὰρ,
752 1171 840 1208 οἶμαι,

49 1213 96 1238 καὶ
112 1212 143 1238 τὺ
158 1214 229 1249 μετά
245 1214 323 1240 τοῦτο
337 1216 458 1248 σκοπεῖν,
473 1215 487 1242 ὃ
504 1216 594 1243 πολλοὶ
606 1217 661 1244 τῶν
673 1219 839 1254 προσιόντων

48 1260 82 1293 τῇ
93 1259 142 1285 τοῦ
154 1259 345 1296 βαπτίσματος
354 1261 445 1296 χάριτι
453 1262 603 1297 παρορῶσι,
611 1263 644 1290 δι’
659 1263 765 1300 ἀπάτης
773 1265 838 1292 ἑαυ-

47 1305 112 1336 τοὺς
127 1306 307 1341 παράγοντες,
324 1307 370 1333 καὶ
385 1307 424 1343 τῷ
439 1307 526 1335 δοκεῖν
547 1309 637 1344 μόνον,
651 1311 711 1346 οὐχὶ
731 1311 769 1346 τῷ
783 1312 840 1339 ὄντι

48 1349 228 1387 γεννώμενοι.
247 1350 281 1378 Ἦ
290 1350 343 1387 γὰρ
352 1352 397 1379 διὰ
416 1352 467 1389 τῆς
480 1355 684 1391 ἀναγεννήσεως
709 1358 838 1394 γινομένη

48 1396 98 1431 τῆς
111 1396 186 1439 ζωῆς
199 1397 279 1432 ἡμῶν
290 1398 478 1434 μεταποίησις,
490 1401 540 1427 οὐκ
548 1400 581 1427 ἂν
593 1401 635 1437 εἴη
650 1403 838 1439 μεταποίησις,

48 1441 73 1467 εί
89 1442 119 1467 ἐν
136 1437 159 1474 ᾧ
174 1441 259 1477 ἐσμεν
280 1441 463 1478 δισμένοιμεν.
486 1444 538 1471 Τὸν
553 1445 607 1481 γὰρ
624 1446 652 1472 ὲν
668 1448 725 1478 τοῖς
745 1437 838 1481 αυτοῖς

47 1487 128 1535 ὄντα,
141 1487 192 1535 ουκ
213 1485 272 1535 οἶδα
291 1488 347 1520 πῶς
362 1487 434 1516 ἔστιν
454 1489 532 1517 ἄλλον
546 1491 606 1519 τινὰ
621 1492 783 1528 γεγενῆσθαι
796 1502 838 1520 νο-
851 1505 872 1535 c

48 1532 136 1567 pint,
160 1534 205 1568 ἐφ’
221 1532 252 1561 οὗ
267 1535 350 1570 μηδὲν
366 1535 421 1562 τῶν
438 1537 636 1573 γνωρισμάτων
661 1539 835 1576 μετεποιήθη.

46 1577 82 1604 Τὺ
97 1577 154 1614 γὰρ
169 1578 218 1605 ἐπὶ
234 1579 424 1615 ἀνακαινισμῷ
440 1581 486 1608 καὶ
501 1583 534 1618 τῇ
560 1583 694 1619 μεταϐολῇ
718 1584 768 1620 τῆς
787 1585 838 1619 φύ-

47 1631 115 1655 σεως
125 1623 209 1659 ἡμῶν
221 1624 273 1660 τὴν
287 1626 419 1661 σωτήριον
430 1627 689 1662 παραλαμϐάνεσθαι
699 1630 836 1666 γέννησιν,

47 1671 126 1697 παντὶ
144 1671 228 1707 δῆλόν
247 1672 331 1700 ἐστιν.
360 1672 440 1700 Ἀλλὰ
463 1674 517 1709 μὴν
538 1675 555 1710 ἡ
570 1672 747 1712 άνθρωπότης
768 1676 837 1713 αὐτὴ

46 1715 105 1742 καθ’
117 1716 222 1752 ἑαυτὴν
238 1717 389 1754 μεταϐολὴν
403 1718 436 1745 ὲκ
449 1718 495 1745 τοῦ
508 1718 695 1756 βαπτίσματος
709 1722 739 1748 οὐ
753 1730 838 1757 προσ-

47 1761 130 1794 ίεται,
145 1762 210 1788 οὗτε
226 1762 258 1789 τὺ
275 1763 396 1797 λογικὸν,
409 1764 470 1791 οὔτε
488 1764 518 1792 τὸ
534 1765 714 1801 διανοητικὸν,
730 1767 792 1794 οὔτε
806 1767 837 1794 τὸ

46 1808 202 1844 ἐπιστήμης
226 1807 364 1842 δεκτικὸν,
388 1810 448 1837 οὐδὲ
472 1811 536 1838 ἄλλο
557 1820 584 1838 τι
599 1811 653 1839 τῶν
666 1821 836 1848 χαρακτηρι-

46 1853 147 1885 ζὸντων
171 1854 246 1886 ἰδίως
265 1856 316 1890 τὴν
331 1856 504 1893 ἀνθρωπίνην
523 1857 604 1892 φύσιν
617 1858 646 1884 ἐν
659 1858 836 1894 μεταποιήσει

46 1899 160 1932 γίνεται.
183 1901 240 1927 Καὶ
255 1901 309 1936 γὰρ
327 1901 360 1928 ἂν
379 1902 447 1938 πρὸς
465 1903 496 1930 τὸ
513 1904 603 1939 χεῖρον
619 1904 636 1940 ἠ
659 1904 836 1940 μεταποίησις

46 1947 98 1982 εἴη,
112 1946 138 1972 εἰ
154 1955 181 1972 τι
192 1946 298 1974 τούτων
309 1947 491 1984 ὑπαμειςρθείη
505 1948 560 1975 τῶν
572 1949 645 1976 ίδίων
656 1949 706 1985 τῆς
717 1949 833 1984 φύσεως.

46 1992 76 2019 Et
101 1990 148 2019 οὖν
165 1993 182 2028 ή
209 1992 314 2020 ἄνωθεν
339 1993 464 2029 γέννησις
490 1994 710 2030 ἀναστοιχείωσίς
735 2004 765 2022 τε
787 1995 835 2022 τοῦ

45 2038 188 2075 ἀνθρώπου
196 2038 316 2074 γίνεται,
325 2039 412 2067 ταῦτα
427 2040 455 2067 δὲ
468 2040 516 2077 τὴν
533 2040 686 2077 μεταϐολὴν
699 2041 729 2068 οὐ
749 2050 833 2078 προσο

47 2084 131 2118 ίεται,
147 2084 281 2112 σκεπτέον
304 2085 376 2118 τίνος
397 2086 640 2122 μεταποιηοέντος,
662 2086 769 2123 ἐντελὴς
786 2089 835 2123 τῆς

45 2130 252 2166 ἁναγεννήσεως
264 2132 282 2166 ή
297 2131 376 2167 χάρις
398 2131 466 2159 ἔστί.
487 2132 613 2167 Δηλονότι
634 2132 688 2160 τῶν
709 2133 835 2168 πονηρῶν

1191 1078 1308 1108 CAPUT
1322 1078 1379 1107 XI...

928 1127 981 1156 Sed
991 1127 1056 1155 mihi
1071 1134 1126 1154 non
1142 1126 1252 1154 videtur
1265 1125 1418 1154 catechesis
1430 1131 1517 1160 usque
1530 1124 1563 1152 ad
1580 1132 1611 1152 ea
1620 1131 1682 1159 qua:

893 1174 968 1202 dicta
986 1179 1051 1202 sunt
1067 1173 1220 1202 doctrinam
1236 1172 1337 1200 habere
1359 1171 1547 1200 suﬂicientem.
1568 1169 1681 1205 Oportet

891 1220 975 1252 enim,
990 1219 1097 1255 opinor,
1112 1219 1139 1246 id
1154 1226 1264 1254 quoque
1278 1217 1350 1253 quod
1367 1221 1462 1252 postea
1479 1217 1603 1252 sequitur
1614 1224 1680 1244 eon—

891 1264 1022 1297 siderare,
1035 1265 1109 1300 quod
1126 1265 1205 1292 multi
1223 1265 1362 1300 negligant
1377 1271 1410 1292 ex
1431 1264 1464 1291 iis
1478 1264 1525 1299 qui
1544 1263 1681 1293 accedunt

890 1310 924 1337 ad
939 1311 1052 1346 gratiam
1076 1310 1259 1346 baptismatis,
1286 1309 1393 1344 seipsos
1407 1309 1435 1336 in
1456 1308 1577 1336 fraudem
1598 1307 1678 1335 indu-

890 1361 992 1389 centes,
1009 1357 1082 1391 quod
1097 1357 1242 1384 videantur
1255 1359 1372 1387 tantum,
1397 1359 1423 1382 et
1438 1361 1493 1381 non
1512 1354 1568 1382 sint
1584 1360 1679 1381 revera

889 1402 1021 1436 generati.
1046 1400 1113 1428 Nam
1129 1409 1190 1436 qua:
1208 1408 1258 1436 per
1281 1399 1513 1434 regenerationem
1533 1402 1634 1426 nostra:
1649 1397 1679 1425 ﬁt

888 1447 951 1474 vita:
973 1446 1177 1478 transmutatio,
1204 1453 1259 1473 non
1275 1444 1356 1472 fuerit
1376 1444 1581 1475 transmutatio,
1611 1443 1634 1470 si
1650 1443 1678 1470 in

888 1499 921 1520 eo
938 1493 965 1519 in
981 1500 1036 1527 quo
1051 1500 1157 1524 sumus,
1173 1498 1374 1526 permanemus.
1390 1489 1457 1517 Nam
1473 1489 1519 1525 qui
1538 1489 1566 1516 in
1581 1489 1677 1517 iisdem

887 1543 1025 1569 versatur,
1049 1545 1102 1564 non
1127 1536 1206 1564 video
1223 1537 1454 1572 quemadmodum
1477 1535 1678 1574 existimandus

887 1583 925 1612 sit
940 1583 1029 1610 factus
1047 1590 1110 1610 esse
1126 1582 1208 1615 alius,
1232 1582 1259 1609 in
1280 1589 1335 1617 quo
1349 1581 1418 1608 nihil
1440 1584 1482 1608 est
1498 1584 1630 1608 mutatum
1643 1588 1676 1608 ex

888 1628 922 1657 iis
934 1628 1035 1663 quibus
1048 1628 1233 1664 cognoscitur.
1249 1627 1326 1661 Quod
1337 1627 1410 1655 enim
1423 1626 1457 1654 ad
1474 1626 1676 1654 renovationem

886 1678 913 1702 et
933 1673 1110 1702 mutationem
1133 1677 1235 1702 nostra:
1252 1676 1356 1700 natura
1373 1671 1502 1700 salutaris
1522 1675 1678 1699 assumatur

887 1720 1036 1755 generatio,
1047 1719 1136 1747 cuivis
1148 1723 1191 1747 est
1206 1719 1394 1754 perspicuum.
1405 1718 1486 1753 Atqui
1504 1719 1562 1753 ipsa
1582 1718 1678 1745 huma-

886 1764 960 1792 nitas
977 1772 1026 1801 per
1048 1772 1077 1792 se
1100 1764 1280 1791 mutationem
1298 1771 1352 1791 non
1377 1763 1498 1790 admittit
1523 1763 1551 1790 in
1569 1762 1674 1797 baptiso

887 1816 969 1842 matc,
997 1818 1086 1846 neque
1109 1810 1150 1838 vis
1179 1809 1362 1838 ratiocinandi
1388 1813 1416 1837 et
1446 1808 1615 1844 intelligendi
1648 1813 1676 1835 et

886 1856 1030 1884 scientiam
1055 1855 1234 1892 percipiendi,
1260 1862 1349 1890 neque
1373 1854 1476 1890 aliquid
1504 1854 1577 1881 aliud
1593 1854 1676 1881 exiis

886 1909 947 1937 quae
960 1901 1107 1928 humanam
1124 1904 1250 1928 naturam
1267 1900 1377 1936 proprie
1398 1899 1566 1935 exprimunt,
1585 1903 1675 1926 trans-

885 1951 1029 1980 mutatur;
1055 1951 1129 1974 esset
1143 1947 1216 1974 enitn
1230 1946 1345 1973 mutatio
1359 1946 1387 1972 in
1409 1944 1541 1977 deterius,
1567 1944 1589 1971 si
1609 1944 1675 1979 quid

885 1992 1023 2020 deleretur
1039 1999 1074 2020 ex
1089 1991 1122 2019 iis
1135 1999 1197 2026 qua:
1211 1995 1277 2018 sunt
1298 1990 1409 2025 propria
1433 1994 1546 2017 naturae.
1565 1988 1594 2016 Si
1609 1997 1676 2032 ergo

884 2046 946 2074 quae
960 2038 989 2065 iit
1005 2037 1123 2073 desuper
1140 2037 1292 2073 generatio,
1309 2035 1469 2064 reformatio
1484 2035 1606 2071 qumdam
1632 2038 1674 2062 est

885 2083 1005 2112 hominis
1017 2105 1025 2116 ,
1051 2083 1108 2111 haec
1125 2087 1215 2110 autem
1241 2082 1418 2110 nmtationem
1442 2089 1495 2109 non
1512 2082 1672 2114 admittunt,

886 2130 1114 2158 considerandum
1130 2133 1172 2158 est
1182 2136 1300 2164 quanam
1316 2128 1423 2156 tandem
1437 2135 1467 2155 re
1478 2131 1580 2156 mutata
1594 2135 1673 2163 rege-

45 2176 244 2211 γνωρισμάτων
271 2175 480 2211 ἐξαλειφοὲντων
505 2177 554 2212 τῆς
577 2176 685 2212 φύσεως
706 2177 834 2213 ἡμῶν,ή

890 2175 1042 2204 nerationis
1055 2176 1142 2211 gratia
1160 2168 1330 2211 perﬁciatur;
1342 2174 1419 2202 Malis
1434 2174 1540 2202 scilicet
1554 2174 1627 2202 notis
1646 2178 1674 2201 et

44 2220 114 2256 πρὸς
129 2220 158 2247 τὺ
170 2222 295 2256 κρεῖττον
311 2222 473 2257 μετάστασις
484 2223 599 2257 γίνεται.
614 2223 718 2250 Οὐκοῦν
734 2224 769 2255 εί,
785 2232 836 2250 κα-

45 2265 99 2297 θώς
125 2275 208 2302 φησιν
237 2267 252 2293 ὸ
281 2268 437 2303 προφήτης,
462 2268 622 2305 λουσάμενοι
647 2269 686 2306 τῷ
713 2270 836 2306 μυστικῷ

44 2311 132 2347 τούτῳ
152 2311 274 2348 λουτρῷ,
290 2312 404 2349 καθαροὶ
422 2314 472 2346 τὰς
487 2315 660 2352 προαιρέσεις
679 2316 834 2352 γινοίμεθα,

44 2357 93 2390 τὰς
118 2358 250 2394 πονηρίας
272 2358 326 2384 τῶν
347 2359 440 2394 ψυχῶν
459 2360 676 2394 άποκλύσαντες,
694 2362 836 2398 κρείττους

42 2404 206 2439 γεγόναμεν,
221 2404 268 2431 καὶ
282 2404 349 2439 πρὸς
365 2405 395 2431 τὸ
407 2406 528 2441 κρεῖττον
539 2407 790 2444 μεταπεποιήμεθα.
803 2408 835 2434 El.

43 2448 71 2474 δὲ
86 2449 117 2474 τὸ
143 2449 256 2484 λουτρὸν
281 2449 330 2484 μὲν
346 2450 477 2486 ἐπαχθείη
498 2451 537 2487 τῷ
551 2451 667 2487 σώματι,
687 2453 704 2488 ή
720 2453 748 2480 δὲ
762 2453 835 2489 ψυχὴ

42 2494 92 2526 τὰς
107 2491 242 2529 ἐμπασείς
257 2494 369 2530 κηλίδας
391 2496 429 2531 μὴ
442 2496 636 2533 ἀπορῥίψοιτο·
660 2497 717 2525 ἀλλ’
735 2498 750 2524 ὁ
767 2499 836 2534 μετὰ

41 2540 92 2574 τὴν
109 2539 210 2576 μύησιν
224 2540 283 2575 βίος
299 2541 442 2576 συμϐαίνει
456 2542 495 2578 τῷ
510 2544 625 2579 ἀμυήτῳ
638 2543 698 2580 βίῳ,
713 2544 764 2571 κᾶν
776 2544 835 2571 τολ-

42 2586 134 2622 μηρὸν
149 2587 237 2614 εἰπεῖν
253 2584 282 2623 ᾖ,
294 2586 378 2619 λέξω,
399 2588 446 2616 καὶ
462 2589 512 2616 οὐκ
527 2590 772 2625 ἀποτραπήσομαι,
790 2591 831 2617 ὅτι

40 2632 90 2658 ἐπὶ
105 2632 209 2659 τούτων
218 2632 250 2659 τὸ
264 2632 346 2668 ὕδωρ,
356 2632 427 2670 ὕδωρ
437 2633 526 2667 ἐστὶν,
536 2634 653 2670 οὐδαμοῦ
664 2635 713 2670 τῆς
728 2635 831 2670 δωρεᾶς

39 2676 89 2704 τοῦ
103 2677 181 2712 ἁγίου
196 2678 356 2713 Πνεύματος
369 2680 547 2716 ἐπιψανείσης
559 2680 596 2716 τῷ
612 2681 755 2716 γινομένῳ,
769 2681 832 2708 ὅταν

41 2723 82 2759 μὴ
96 2723 177 2760 μόνον
190 2724 222 2752 τὸ
234 2724 306 2751 κατὰ
319 2725 364 2752 τὸν
380 2726 466 2762 θυμὸν
477 2725 571 2762 αἶσχος
584 2727 681 2764 ὑϐρίζῃ
693 2727 742 2764 τὴν
758 2727 832 2754 θείαν

96 2814 119 2830 ⁸·
130 2813 209 2842 Joan.
227 2821 270 2847 In,
286 2814 306 2840 9.
322 2821 380 2850 sqq.

883 2217 1018 2258 signis'ex
1033 2222 1125 2249 anima
1147 2226 1242 2249 nostra
1259 2221 1369 2253 deletis,
1395 2220 1425 2248 Iit
1446 2221 1579 2248 transitus
1597 2220 1630 2248 ad
1646 2221 1673 2248 id

883 2268 958 2304 quod
971 2274 1013 2297 est
1026 2268 1135 2297 melius.
1150 2267 1178 2295 Si
1191 2275 1266 2303 ergo,
1279 2271 1308 2295 ut
1320 2267 1387 2295 dicit
1397 2266 1541 2302 propheta,
1556 2267 1674 2302 mystico

884 2315 994 2343 lavacro
1009 2315 1067 2347 loti,
1085 2314 1180 2343 mundi
1193 2313 1354 2346 eiliciamur,
1375 2321 1487 2349 pravam
1503 2313 1672 2341 voluntatem

883 2366 910 2389 et
920 2361 992 2388 mala
1003 2360 1095 2389 studia
1105 2367 1137 2388 ac
1149 2359 1274 2388 instituta
1284 2359 1407 2387 eluentes
1418 2366 1450 2386 ex
1462 2358 1573 2390 animis,
1585 2357 1672 2385 eﬁ‘ecti

884 2415 981 2435 sunms
1002 2407 1140 2438 meliores,
1157 2410 1185 2434 et
1199 2405 1374 2433 transmutati
1394 2411 1490 2432 sumus
1506 2404 1533 2431 in
1551 2403 1577 2432 id
1598 2404 1672 2439 quod

883 2458 926 2481 est
940 2453 1049 2480 melius.
1063 2453 1112 2480 Sin
1126 2456 1218 2480 autem
1234 2452 1373 2479 lavacrum
1393 2450 1504 2486 quidem
1520 2450 1672 2478 adhibitum

884 2498 920 2526 sit
929 2497 1049 2533 corpori.
1060 2498 1150 2525 anima
1162 2500 1252 2525 autent
1263 2500 1386 2523 motuum
1397 2500 1421 2523 et
1434 2495 1671 2531 perturbationum

883 2544 1008 2572 maculas
1032 2551 1086 2571 non
1103 2543 1217 2576 eluerit,
1237 2542 1283 2570 sed
1304 2549 1365 2577 quae
1384 2545 1446 2577 post
1471 2544 1670 2569 sacramentum

884 2594 1042 2625 susceptum
1057 2590 1163 2625 degitur
1177 2590 1242 2621 vita,
1257 2587 1386 2616 convenit
1407 2588 1431 2616 ei
1448 2595 1508 2622 quae
1523 2586 1671 2621 degebatur

885 2637 1042 2672 priusquam
1055 2639 1226 2663 sacramento
1239 2634 1408 2662 initiaretur:
1423 2632 1529 2660 etiamsi
1544 2631 1569 2658 id
1579 2631 1669 2658 dicere

886 2682 922 2709 sit
937 2681 1080 2714 audacius,
1095 2681 1183 2709 dicam
1201 2685 1303 2712 tamen,
1314 2687 1362 2707 nec
1375 2682 1499 2705 avertar:
1515 2677 1579 2709 Quae
1593 2675 1620 2702 in
1636 2675 1670 2702 iis

886 2727 1007 2756 adhibita
1032 2731 1074 2756 cst
1099 2733 1181 2762 aqua,
1201 2732 1271 2761 aqua
1297 2729 1350 2758 est,
1373 2731 1433 2751 cum
1460 2721 1560 2749 donum
1583 2720 1670 2748 sancti
