1926 3080
260 122 310 150 ωδ

894 117 923 145 S.
944 117 1110 146 GREGORII
1124 116 1272 145 NYSSENI

1828 116 1873 144 1M

260 179 380 214 b‘piritus
391 179 413 205 ei
429 179 476 212 qui
488 180 634 212 generatur
647 175 760 202 minimc
774 174 924 210 advenerit,
937 177 1046 211 quando

1107 176 1217 212 ιορφὴν,
1235 176 1251 212 ἢ
1266 175 1297 202 τὺ
1312 159 1383 202 κατὰ
1405 173 1560 207 πλεονεξίαν
1577 172 1676 204 πάθος,
1691 171 1739 199 καὶ
1752 172 1769 207 ή
1786 171 1878 198 ἀκόλα-

258 234 314 252 non
329 225 416 253 solum
429 223 513 251 animi
533 223 672 258 turpitudo
684 221 799 249 formam
814 222 934 250 divinam
946 223 1047 257 probro

259 271 351 302 allicit,
370 273 417 296 aut
436 269 531 295 vitium
556 268 686 301 avaritiae,
702 267 912 302 impudicusque
930 271 957 295 et
972 268 1049 295 inho-

259 320 355 342 nestus
379 313 497 347 animus,
512 313 667 348 lastusqtte,
696 316 721 340 et
739 312 851 345 invidia,
868 316 895 340 et
907 313 1047 348 superbia,

258 360 306 389 sed
322 364 349 388 et
365 360 442 387 lucra
460 367 520 395 quae
538 359 603 386 fecit
617 367 649 386 ex
664 358 809 393 injttstitia,
827 359 898 394 apud
912 367 974 386 eum
992 367 1049 394 per-

258 411 380 440 manent,
394 411 421 434 et
432 414 493 442 qua:
507 405 643 433 adulterio
657 409 698 432 cst
709 405 732 432 ei
746 408 842 439 parata
857 405 955 432 mulier
967 405 1048 432 etiam

256 457 351 489 postea
363 453 424 488 ejus
439 453 522 479 servit
535 451 732 486 voluptatibus.
746 450 774 477 Si
791 451 857 483 haec,
870 454 897 478 et
912 458 973 486 quae
985 455 1050 478 sunt

258 497 427 533 ltujusmodi,
446 505 501 524 non
529 503 610 524 secus
635 499 718 530 atque
745 496 832 530 prius,
859 500 923 523 sunt
946 496 974 522 in
995 495 1050 522 vita

258 546 319 581 ejus
331 546 376 580 qui
391 545 496 572 tinctus
510 544 561 571 fuit
575 543 749 578 baptismate,
765 549 818 570 non
833 549 945 577 possum
960 540 1051 569 videre

258 593 285 620 in
294 599 413 628 quonam
429 592 464 619 sit
473 594 604 623 mutatus,
618 597 680 617 cum
693 589 818 617 eumdem
830 588 960 623 aspiciant
969 595 1049 622 quem

259 637 347 671 prius,
362 636 409 670 qui
424 635 513 662 fuerat
528 634 627 670 injuria
642 633 764 664 at'l‘ectus,
781 633 826 667 qui
840 632 986 660 calumniis
1003 639 1051 667 ap-

259 683 372 717 petitus.
387 682 434 716 qui
450 680 530 708 bonis
546 680 604 709 suis
617 687 730 707 eversus
745 687 778 707 ac
800 678 934 713 dejectus,
948 676 1050 705 nullam

240 728 355 760 ,videns
377 727 554 755 mutationem
582 726 643 761 ejus
667 725 714 761 qui
739 728 783 753 est
810 728 967 760 generatus.
991 722 1051 750 Non

261 772 407 799 audierunt
420 771 453 798 ab
467 779 500 799 eo
511 779 606 799 vocem
620 770 726 798 Zachaei
738 779 745 796 :
761 770 791 798 Si
805 778 880 805 quem
895 769 1051 796 circumvem'

260 825 306 852 per
321 817 492 848 calumniam,
510 816 590 844 reddo
606 816 783 852 quadruplum
795 816 828 842 ²¹.
842 815 909 848 Qua:
923 815 1051 842 dicebant

261 868 324 891 ante
341 863 520 898 baptismum,
539 862 634 890 cadent
654 863 737 891 etiam
752 862 787 890 dc
803 869 836 890 eo
854 868 929 888 nunc
942 861 1048 893 dicunt,
1066 856 1087 885 Β

261 913 288 936 et
318 909 413 937 iisdem
443 909 525 936 etiam
554 909 713 937 nominibus
741 908 899 943 appellant,
925 914 1048 940 avarum,

261 956 412 983 alienorum
430 956 564 983 bonorum
583 959 766 991 appetentem,
787 963 819 983 ex
842 955 985 982 hominum
1001 961 1049 982 ea-

261 995 432 1029 lamitatibus
448 1001 564 1029 delicias
591 1001 642 1028 sibi
661 1006 813 1036 parantemt
830 1000 881 1034 Qui
903 1008 969 1036 ergo
988 1007 1050 1028 ver-

263 1052 340 1074 satur
358 1047 385 1074 iit
402 1047 510 1079 iisdem,
534 1051 562 1075 et
587 1047 687 1074 deinde
703 1047 788 1082 jactat
805 1047 833 1074 in
848 1046 948 1080 vulgus
972 1053 1050 1074 suam

263 1100 312 1128 per
329 1093 499 1127 baptismum
515 1093 542 1120 in
553 1093 654 1121 melius
665 1093 854 1126 mutationem,
869 1092 962 1120 attdiat
974 1092 1052 1119 Pauli

262 1146 356 1166 vocem
372 1148 378 1166 :
394 1139 427 1169 Si
439 1139 498 1173 quis
511 1139 612 1166 videtur
627 1138 678 1166 sibi
704 1146 759 1165 esse
773 1138 886 1174 aliquid,
910 1146 968 1165 cum
985 1138 1053 1166 nihil

263 1184 310 1216 sit,
325 1184 437 1217 seipsum
452 1183 548 1218 decipit
560 1184 593 1211 “.
607 1182 666 1211 Non
680 1190 711 1211 es
724 1183 796 1211 enim
811 1183 884 1218 quod
894 1191 949 1210 non
963 1183 1052 1211 lactus

262 1236 304 1257 es.
344 1228 498 1263 Quicunque
526 1237 586 1256 eum
616 1233 789 1264 acceperunt,
822 1228 856 1256 de
885 1229 1052 1264 regeneratis

263 1275 331 1302 dicit
346 1274 534 1310 Evangelium,
556 1275 629 1302 dedit
650 1275 687 1302 eis
708 1279 865 1310 potestatem
890 1281 918 1302 ut
935 1276 986 1310 filii
1006 1275 1053 1302 Dei

263 1321 400 1356 ﬁerent".
424 1322 476 1355 Qui
498 1326 588 1349 autent
613 1321 704 1350 factus
723 1326 765 1350 est
788 1322 906 1358 alicujus
931 1323 1012 1356 lilius,
1031 1323 1053 1350 is

263 1371 306 1394 est
323 1367 437 1396 omnino
460 1367 584 1402 ejusdem
603 1368 712 1404 generis
729 1368 809 1404 cujus
831 1369 855 1395 is
877 1369 923 1403 qui
949 1369 1053 1403 genuit.

266 1412 295 1440 Si
315 1421 381 1448 ergo
405 1413 489 1440 Deum
515 1414 656 1448 accepisti,
680 1419 707 1441 et
733 1414 821 1442 laetus
848 1421 878 1441 es
903 1413 949 1441 Dei
971 1414 1054 1448 ﬁlius,

264 1458 379 1485 ostende
392 1458 475 1485 etiam
502 1458 541 1485 tui
568 1458 651 1485 animi
668 1458 755 1488 libero
779 1459 922 1494 proposito
945 1467 978 1486 ac
996 1460 1054 1487 ele-

269 1502 363 1530 ctione
377 1502 460 1529 Deum
474 1502 522 1537 qui
543 1503 571 1530 in
597 1507 623 1530 te
640 1506 693 1530 est.
710 1504 828 1531 Ostende
853 1504 880 1531 in
894 1508 920 1531 te
931 1512 994 1532 eum
1007 1505 1055 1540 qui

267 1548 372 1583 genuit.
400 1547 453 1575 Per
480 1549 527 1575 illa
555 1556 588 1575 ex
607 1548 708 1583 quibus
736 1548 822 1577 Deum
850 1541 1091 1584 cognoscimus,C

268 1597 378 1628 oportet
397 1594 505 1621 ostendi
522 1601 584 1621 cum
607 1594 662 1622 Deo
680 1595 904 1630 conjunctionem
920 1601 946 1623 ct
961 1603 1056 1624 neces-

268 1639 417 1667 situdinem
432 1639 493 1674 ejus
515 1640 562 1675 qui
579 1640 669 1668 lacttts
684 1645 726 1668 est
747 1641 818 1669 lilitts
834 1641 890 1669 Dei.
906 1640 958 1668 Ille
972 1643 1056 1676 aperit

267 1693 386 1718 manum,
403 1690 427 1714 et
442 1687 533 1721 implet
563 1695 638 1714 omne
652 1687 755 1714 animal
770 1688 838 1714 bona
867 1688 1001 1716 uoluntate
1012 1689 1056 1714 ’δι

267 1732 388 1759 transilit
410 1731 588 1767 iniquitates,
612 1733 645 1761 de
670 1734 743 1761 malo
771 1734 826 1769 agit
853 1734 1054 1768 pmniteutiam.

268 1776 364 1803 Suavis
393 1776 525 1804 Dominus
552 1778 701 1811 universis,
726 1787 779 1806 non
806 1779 887 1813 infert
920 1780 989 1807 iram
1011 1787 1058 1813 per

269 1821 387 1855 singulos
403 1821 458 1848 dies
471 1822 496 1839 “
512 1830 522 1849 .'
550 1827 636 1850 rectus
660 1823 789 1850 Dominus
805 1823 893 1857 Deus,
906 1829 931 1851 et
946 1833 998 1851 non
1014 1829 1058 1851 est

268 1868 297 1895 in
311 1876 342 1896 eo
361 1868 490 1904 iniquitas
507 1870 541 1901 ³⁸,
558 1873 585 1896 et
605 1876 777 1905 quazcunque
802 1871 959 1906 hujusmodi
977 1879 1058 1907 spar-

269 1914 322 1941 sim
334 1914 466 1942 docemur
476 1923 490 1942 a
500 1923 579 1942 sacra
589 1915 743 1951 Scriptura.
759 1916 786 1943 Si
800 1917 826 1945 in
838 1917 881 1945 his
892 1918 1056 1950 versabaris,

269 1960 360 1990 factus
379 1970 409 1991 es
434 1971 498 1991 vere
517 1962 589 1990 lilitts
620 1963 678 1990 Dei.
695 1963 726 1990 Si
753 1967 844 1993 autem
868 1972 1013 1999 permanes
1031 1965 1058 1992 in

269 2009 355 2043 signis
377 2010 505 2044 notisque
522 2009 592 2041 vitii,
609 2013 711 2037 temere
734 2013 760 2037 te
782 2010 816 2038 de
835 2018 953 2046 superna
968 2011 1059 2047 jactas

270 2054 455 2088 generatione.
474 2054 534 2082 Tibi
558 2055 631 2082 dicet
648 2055 790 2090 prophetia
805 2066 813 2083 :
831 2056 867 2084 Es
882 2056 955 2091 ﬁlius
973 2057 1058 2083 homi-

270 2099 324 2130 nis,
341 2107 393 2125 non
407 2099 481 2133 ﬁlius
502 2099 644 2126 Altissimi.
670 2099 768 2135 Diligis
785 2102 943 2132 vanitatem,
961 2101 1059 2136 quieris

271 2144 437 2170 mendacium
457 2145 491 2170 ".
516 2143 614 2171 Nescis
642 2145 715 2179 quod
742 2145 824 2172 homo
850 2153 904 2172 non
935 2146 1015 2173 aliter
1030 2145 1059 2173 lit

270 2189 318 2215 Dei
336 2190 418 2220 lilius,
433 2197 513 2224 quam
529 2189 552 2217 si
572 2189 619 2216 ﬁat
636 2191 774 2217 sanctus?

307 2234 425 2261 Necesse
438 2238 528 2261 atttetn
552 2235 632 2262 luerit
658 2236 740 2262 etiam
761 2235 804 2263 his
823 2236 925 2264 addere
945 2237 971 2264 id
986 2238 1058 2272 quod
1078 2218 1098 2244 Β

270 2283 369 2312 restat,
387 2288 484 2314 nempe
499 2280 571 2314 quod
599 2280 670 2307 bona
689 2289 750 2315 qua:
776 2282 803 2308 in
830 2282 1061 2316 promissionihus

272 2329 339 2352 sunt
363 2325 504 2360 proposita
531 2326 567 2353 iis
583 2326 628 2360 qui
656 2330 731 2353 recte
746 2326 893 2360 vixerunt,
924 2335 977 2354 non
998 2332 1062 2356 sunt

271 2371 420 2405 ejusmodi,
446 2376 474 2398 ut
498 2371 591 2399 verbis
619 2371 728 2406 possint
757 2372 887 2399 describi.
917 2373 1061 2406 Quomodo

272 2416 358 2447 enim,
374 2424 435 2450 qua:
454 2424 542 2451 neque
559 2417 656 2444 oculus
681 2417 760 2450 vidit,
777 2425 828 2445 nec
848 2418 923 2446 auris
945 2420 1061 2452 audivit,

273 2470 365 2497 neque
378 2462 406 2489 in
415 2469 465 2489 cor
476 2463 596 2490 ltominis
606 2463 792 2490 ascenderunt
804 2464 826 2480 "‘
836 2464 848 2490 ‘2
858 2463 951 2501 Neque
966 2467 1065 2494 misera

272 2514 301 2537 et
325 2509 421 2537 dolore
442 2510 520 2544 plena
549 2510 605 2537 vita
634 2517 730 2538 eorum
750 2511 796 2546 qui
814 2519 1000 2546 peccaverunt
1026 2519 1068 2541 est

274 2555 375 2585 similis
392 2555 441 2582 ulli
463 2563 494 2582 ex
515 2555 556 2583 ~iis
569 2563 632 2591 qua:
657 2563 769 2584 sensum
787 2556 833 2584 hic
858 2558 992 2586 cruciant.
1013 2558 1066 2587 Sed

276 2603 329 2631 etsi
347 2601 460 2637 aliquod
483 2609 516 2629 ex
534 2601 569 2629 iis
583 2609 644 2637 quae
659 2602 715 2630 illic
726 2606 791 2639 sunt
805 2605 959 2637 tormentis,
977 2606 1068 2634 nomi-

276 2652 371 2675 natum
391 2647 474 2675 fuerit
491 2647 649 2675 nominibus
662 2655 722 2683 quae
734 2648 778 2675 hic
791 2654 856 2676 sunt
869 2649 990 2684 cognita,
1007 2658 1060 2677 non

276 2697 319 2720 est
351 2697 444 2720 tamen
470 2699 583 2728 parvum
609 2692 770 2721 discrimen.
799 2693 865 2721 Nam
895 2701 956 2722 cum
975 2695 1063 2730 ignem

1099 232 1159 255 στος
1175 223 1219 249 καὶ
1234 223 1249 257 ἡ
1263 222 1394 257 ἀσχήμων
1410 221 1523 252 διάνοια,
1538 220 1584 247 καὶ
1596 219 1678 253 τύφος
1688 239 1695 251 ,
1707 218 1756 245 καὶ
1770 218 1878 252 φθόνος,

1098 270 1145 296 καὶ
1170 269 1359 305 ὑπερηφανία·
1386 267 1454 294 ἀλλὰ
1479 267 1525 293 καὶ
1555 265 1589 293 τὰ
1615 265 1644 298 ἐξ
1670 264 1776 296 ἀδικίας
1801 264 1880 298 κέρδη

1098 315 1246 353 παραμένῃ
1269 313 1344 349 αὐτῷ
1367 313 1413 340 καὶ
1435 313 1452 348 ἡ
1470 313 1502 339 ἐκ
1518 311 1640 348 μοιχείας
1661 309 1737 344 αὐτῷ
1756 309 1881 343 multatas

1099 362 1166 397 γυνὴ
1191 362 1252 392 ταῖς
1272 360 1380 396 ἡδοναῖς
1399 358 1481 386 αὑτοῦ
1496 358 1544 384 καὶ
1560 355 1629 392 μετὰ
1647 355 1727 382 τοῦτο
1743 355 1882 390 ὑπηρετεῖ-
1903 375 1906 378 .

1099 416 1150 435 ται.
1172 407 1234 434 Ὲὰν
1249 406 1335 433 ταῦτα
1349 405 1397 432 καὶ
1411 403 1522 431 τοιαῦτα
1537 402 1636 438 ὁμοίως
1647 399 1780 437 πρότερόν
1795 408 1825 426 τε
1840 399 1881 425 καὶ

1101 454 1170 488 μετὰ
1190 453 1276 479 ταῦτα
1300 452 1364 487 περὶ
1386 451 1431 477 τὸν
1455 450 1510 486 βίον
1527 449 1575 476 τοῦ
1593 446 1788 483 βαπτισθέντος
1805 442 1834 482 ᾖ,
1859 446 1882 470 τί

1102 499 1318 535 μεταπεποίηται
1343 497 1406 524 ἰδεῖν
1428 496 1477 523 οὐκ
1503 495 1542 522 ἔνι
1558 494 1626 521 ’τὸν
1652 493 1734 522 αὑτὸν
1763 493 1881 527 βλέπων,

1099 547 1184 581 ὅνπερ
1200 545 1247 572 καὶ
1267 543 1398 580 πρότερον
1408 563 1415 575 ,
1430 543 1444 569 ὀ
1457 540 1619 577 ἠδικημένος
1629 560 1636 572 ,
1656 539 1670 566 ὁ
1685 546 1881 572 σεσυκοφαντη-

1102 592 1197 628 μένος,
1218 591 1232 617 ὁ
1246 591 1300 617 τῶν
1318 589 1389 617 ἰδίων
1409 587 1561 620 ἀπωσθεὶς,
1579 586 1706 621 οὐδεμίαν
1730 584 1833 620 ὁρῶσιν
1846 584 1882 617 ἑᾷ

1101 638 1204 664 ἑαυτῶν
1224 637 1274 672 τὴν
1288 635 1335 662 τοῦ
1357 634 1502 669 λεγομένου
1520 632 1679 668 μεταϐολήν.
1697 631 1755 657 Οὐχ
1770 630 1883 665 ἥκουσαν

1101 684 1148 712 καὶ
1162 683 1238 718 παρὰ
1250 682 1343 709 τούτου
1365 681 1414 717 τὴν
1430 680 1563 715 Ζακχαίου
1578 679 1670 713 φωνήν
1681 698 1687 709 ,
1706 678 1748 703 ὅτι
1760 676 1798 703 Et
1810 674 1884 706 τινός

1100 739 1129 757 τι
1158 727 1412 763 ἐσυκοφάντησα,
1444 724 1607 759 ἀποδίδωμι
1636 721 1882 757 τετραπλασίου-α.

1104 776 1139 802 Ἀ
1163 775 1216 811 πρὸ
1232 774 1278 801 τοῦ
1297 773 1480 809 βαπτίσματος
1504 771 1610 806 ἔλεγον,
1624 769 1660 796 τὰ
1678 768 1747 795 αὑτά
1769 767 1819 794 καὶ
1843 766 1885 793 νῦν

1103 822 1168 857 περὶ
1181 819 1229 847 τοῦ
1245 819 1326 847 αὐτοῦ
1342 818 1572 855 διεξέρχονται,ὲκ
1582 815 1636 842 τῶν
1649 814 1737 842 αὐτῶν
1750 813 1885 848 ὀνομάτων

1102 866 1327 903 κατονομάζουσι,
1338 864 1511 899 πλεονέκτην,
1527 862 1581 889 τῶν
1593 859 1739 896 ἀλλοτρίων
1753 859 1885 893 ἐπιθυμη-

1101 914 1163 950 τὴν,
1178 913 1234 941 άπὸ
1252 911 1398 948 συμφορῶν
1419 907 1595 945 ἀνθρωπίνων
1609 905 1764 942 τρυφῶντα.
1789 905 1820 931 '0
1837 904 1885 930 τοί-

1101 968 1150 988 νυν
1165 961 1194 986 ὲν
1207 960 1263 990 τοῖς
1283 958 1372 989 αὐτοῖς
1386 955 1433 989 ὢν,
1450 955 1545 982 ἔπειτα
1559 951 1726 989 ὲπιθρυλλῶν
1743 950 1835 986 ἑαυτῷ
1848 949 1886 976 διὰ

1101 1006 1148 1033 τοῦ
1169 1005 1355 1041 βαπτίσματος
1374 1002 1423 1038 τὴν
1448 1000 1516 1037 πρὸς
1531 1000 1562 1026 τὸ
1577 1000 1700 1035 κρεῖττον
1721 996 1884 1041 μεταϐολὴν,

1102 1040 1244 1079 άκουαάτω
1258 1050 1306 1084 τῆς
1320 1048 1426 1076 Παύλου
1438 1046 1544 1082 φωνῆς·
1561 1045 1602 1072 ὅτι
1611 1044 1649 1070 El
1661 1052 1706 1076 τις
1719 1042 1810 1070 δοκεῖ
1819 1040 1886 1069 εἶναι

1100 1097 1197 1134 μηδὲν
1223 1097 1274 1128 ὢν,
1298 1092 1471 1130 φρεναπατᾷ
1494 1091 1614 1120 ἑαυτόν.
1642 1091 1674 1118 Ὂ
1701 1090 1758 1125 γὰρ
1787 1089 1826 1125 μὴ
1849 1088 1887 1121 γέ-

1102 1133 1183 1180 γονας
1199 1143 1248 1170 οὐκ
1261 1140 1296 1170 εἴ,
1311 1142 1399 1168 ’Ὅσοι
1414 1140 1524 1167 ἔλαϐον
1544 1139 1647 1167 αὑτὸν.
1665 1137 1733 1172 φησὶ
1753 1134 1822 1171 περὶ
1842 1133 1888 1160 τῶν

1102 1188 1337 1224 άναγεννηθέντων
1374 1187 1405 1213 τδ
1433 1184 1616 1220 Εὐαγγέλιον,
1646 1182 1763 1209 ἔδωκεν
1794 1180 1888 1212 αὐτοῖς

1103 1235 1250 1268 ἐξουσίαν
1261 1234 1352 1262 τέκνα
1366 1231 1440 1259 Θεοῦ
1454 1230 1601 1266 γενέσθαι.
1615 1229 1651 1256 1%
1665 1228 1694 1255 δὲ
1705 1228 1809 1255 τέκνον
1821 1226 1888 1261 γενόμ

1106 1281 1184 1317 μενόν
1199 1289 1285 1312 τινος,
1309 1278 1437 1314 ὁμογενὲς
1450 1275 1558 1307 πάντως
1576 1275 1635 1302 ἐστὶ
1655 1273 1696 1310 τῷ
1718 1273 1880 1308 γεννήσαντι

1103 1328 1136 1354 El
1162 1324 1208 1353 οὖν
1234 1325 1329 1357 ἔλαϐες
1351 1324 1396 1350 τὸν
1423 1322 1498 1355 Θεὸν,
1516 1322 1562 1348 καὶ
1587 1321 1682 1347 τέκνον
1699 1319 1800 1354 ἐγένου
1820 1317 1889 1345 Θεοῦ.

1104 1373 1189 1406 δεῖξον
1205 1371 1248 1399 διὰ
1260 1372 1309 1407 τῆς
1323 1369 1508 1406 προαιρέσεως
1516 1368 1563 1395 καὶ
1576 1367 1623 1394 τὸν
1637 1367 1666 1393 ἐν
1682 1365 1723 1392 σοὶ
1739 1365 1810 1392 ὅντα
1823 1363 1889 1391 Θεό-1.

1105 1419 1196 1452 Δεῖξον
1218 1419 1247 1445 ὲν
1271 1417 1376 1452 σεαυτῷ
1396 1415 1443 1442 τὸν
1459 1415 1636 1449 γεννήσαντα.
1653 1412 1697 1445 Ἐξ
1712 1408 1751 1439 ὧν
1771 1411 1819 1437 τὸν
1835 1409 1890 1436 Bait

1106 1464 1291 1500 γνωρίζομεν,
1309 1462 1341 1489 δι’
1359 1461 1471 1488 ἐκείνων
1482 1460 1616 1495 προσήκει
1628 1458 1770 1493 δειχθῆναι
1790 1456 1838 1483 τοῦ
1855 1464 1891 1489 γε·

1108 1510 1220 1546 νομένου
1239 1507 1298 1536 υἱοῦ
1323 1507 1390 1535 Θεοῦ
1411 1507 1460 1542 τὴν
1484 1506 1552 1541 πρὸς
1567 1505 1614 1532 τὸν
1640 1504 1707 1531 Θεδν
1731 1503 1891 1536 οἰκειότητα.

1114 1555 1246 1588 Ἐκεῖνος
1253 1554 1363 1589 ἀνοίγει
1372 1553 1429 1588 τὴν
1441 1551 1535 1586 χεῖρα,
1549 1551 1598 1578 καὶ
1611 1548 1746 1585 ἐμπιπλᾷ
1757 1548 1823 1576 πᾶν
1831 1547 1893 1578 ζῶον

1109 1602 1257 1634 εὐδοκίας,
1271 1600 1429 1636 ὑπερϐαίνει
1446 1599 1570 1634 ἀνομίας,
1582 1596 1708 1632 μετανοεῖ
1720 1595 1771 1621 ἐπὶ
1793 1592 1892 1621 κακίας.

1109 1644 1245 1682 Χρὴστὸς
1260 1647 1366 1680 Κύριος
1379 1645 1441 1678 τοῖς
1456 1644 1604 1678 σύμπασι,
1617 1642 1657 1677 μὴ
1670 1641 1769 1676 ὀργὴν
1787 1637 1894 1672 ἐπῆ-ων

1109 1694 1174 1721 καθ’
1183 1691 1444 1726 ἐκάστηνήμέραν·
1455 1689 1546 1722 εὐθὺς
1555 1689 1660 1723 Κύριος
1669 1689 1685 1714 ὁ
1697 1687 1785 1719 Θεὸς,
1796 1686 1842 1712 καὶ
1850 1685 1895 1711 σὺν

1109 1733 1195 1766 ἐστιν
1207 1738 1306 1766 ἀδικία
1317 1738 1352 1764 ἐν
1368 1735 1448 1769 αὐτῷ
1458 1757 1464 1769 ,
1490 1735 1538 1762 καὶ
1554 1735 1603 1761 ὅσα
1627 1733 1741 1760 τοιαῦτα
1767 1731 1895 1768 σποράδην

1111 1787 1186 1821 παρὰ
1201 1786 1250 1821 τῆς
1271 1785 1382 1821 Γραφῆς
1398 1782 1589 1818 διδασκόμεθα.
1611 1782 1676 1808 Ἐὰν
1693 1781 1723 1807 ὲν
1739 1781 1848 1811 τούτοις
1860 1777 1895 1813 ἧς,

1111 1830 1218 1866 ἀληθῶς
1241 1830 1334 1865 ἐγένου
1367 1829 1461 1856 τέκνον
1475 1828 1554 1855 Θεοῦ.
1573 1827 1604 1854 El
1623 1827 1653 1853 δὲ
1668 1827 1725 1857 ταῖς
1741 1826 1795 1861 τῆς
1810 1825 1896 1853 κακίας

1111 1877 1250 1912 ὲπιμένεις
1272 1876 1461 1912 γνωρίσμασι,
1490 1875 1577 1910 μάτην
1597 1873 1775 1909 ὲπιθρυλ).εἰς
1802 1869 1897 1904 σεαυτῴ

1110 1923 1160 1958 τὴν
1183 1922 1285 1950 ἄνωθεν
1306 1921 1441 1956 γέννησιν.
1467 1921 1540 1954 Ἰἰρεί
1562 1919 1629 1955 πρὸς
1647 1918 1678 1944 σὲ
1693 1919 1710 1953 ἡ
1732 1916 1896 1954 προφητεία.

1111 1969 1152 1995 ὅτι
1159 1969 1222 2001 Υἱὸς
1230 1967 1385 2002 ἀνθρώπου
1393 1965 1430 1998 εἴ,
1437 1966 1503 2001 οὐχὶ
1516 1966 1581 1998 υίὸς
1595 1966 1603 1975 ⁸
1609 1965 1759 1998 Υψίστου.
1776 1964 1808 1991 Ἀ
1813 1961 1898 1997 ram];

1110 2015 1307 2050 ματαιότητα,
1336 2013 1429 2048 ζητεῖς
1455 2013 1579 2047 ψεῦδος.
1599 2011 1657 2038 Οὐκ
1681 2011 1772 2045 ἔγνως
1796 2011 1838 2037 ὅτι
1862 2009 1899 2035 ἂν·

1113 2061 1220 2096 θρωπος
1240 2061 1289 2087 οὐκ
1309 2059 1396 2092 ἄλλως
1417 2059 1475 2091 υἱὸς
1495 2058 1562 2086 Θεοῦ
1588 2058 1709 2093 γίνεται,
1734 2058 1761 2083 εἰ
1780 2057 1820 2093 μὴ
1838 2056 1899 2086 ac»;

1113 2106 1224 2142 γένηται
1233 2114 1242 2138 ;
1522 2108 1525 2111 ‘

1155 2242 1314 2275 Ἀναγκαῖον
1328 2240 1360 2267 ἂν
1381 2240 1423 2275 εἴη
1442 2240 1546 2271 τούτοις
1562 2240 1721 2275 προσοεῖναι
1742 2241 1794 2267 καὶ
1809 2240 1839 2266 τὺ
1855 2239 1900 2265 λει-

1115 2286 1244 2322 πόμενον,
1266 2286 1306 2313 ὅτι
1322 2285 1383 2312 οὒτε
1400 2286 1434 2312 τὰ
1451 2285 1542 2319 ἀγαθὰ
1555 2284 1590 2311 τὰ
1603 2285 1632 2312 ὲν
1655 2285 1840 2318 ἐπαγγελίαις
1856 2283 1902 2313 τοῖ;

1114 2330 1144 2360 εὗ
1160 2333 1303 2368 βεόιωκόσι
1319 2333 1487 2368 προκείμενα
1501 2331 1613 2358 τοιαῦτά
1627 2333 1712 2363 ἔστιν,
1727 2331 1768 2363 ὡς
1785 2333 1828 2364 είς
1845 2332 1903 2357 ὑπο-

1114 2379 1223 2414 γραφὴν
1236 2378 1313 2412 λόγου
1328 2379 1423 2405 ἐλθεῖν.
1435 2378 1497 2410 Πῶς
1510 2378 1573 2413 γὰρ,
1583 2377 1601 2404 ὃ.
1609 2377 1672 2404 οὗτε
1683 2375 1903 2414 ὀφθαλμὺςεῖδεν,

1114 2423 1176 2450 οὔτε
1189 2422 1233 2456 οὖς
1248 2425 1372 2459 ἤκουσεν,
1385 2423 1446 2451 οὔτε
1458 2424 1504 2450 ἐπὶ
1518 2423 1631 2459 καρδίαν
1643 2423 1795 2458 ἀνθρώπου
1812 2421 1903 2454 άνέὃη;

1115 2469 1184 2496 Οὔτε
1199 2470 1252 2505 μὴν
1264 2469 1398 2505 ήὰλγεινὴ
1410 2469 1464 2496 τῶν
1479 2468 1754 2504 πεπλημμεληκότων
1772 2469 1832 2503 ζωὴ
1847 2465 1904 2501 πρίς

1114 2523 1140 2542 τι
1156 2514 1209 2541 τῶν
1227 2515 1289 2550 τῇδε
1305 2514 1459 2541 λυπούντων
1474 2515 1524 2550 τὴν
1543 2514 1671 2550 αἴσθησιν
1684 2514 1832 2550 ὁμοτίμως
1848 2513 1904 2547 ἔχει.

1122 2559 1201 2586 Ἀλλὰ
1215 2560 1265 2586 κᾶν
1282 2560 1454 2596 ἐπονομασθῇ
1467 2569 1494 2587 τι
1510 2560 1563 2587 τῶν
1579 2561 1637 2587 ἐκεῖ
1648 2559 1846 2595 κολαστηρίων
1860 2558 1906 2586 τοῖς

1115 2602 1165 2631 ὧδε
1177 2605 1385 2640 γνωριζομένοις
1394 2606 1532 2642 ὀνόμασιν,
1543 2606 1594 2633 οὐκ
1605 2607 1634 2633 ὲν
1643 2605 1731 2642 ὀλίγῳ
1741 2605 1795 2641 τὴν
1812 2603 1907 2641 παραλ-

1116 2650 1202 2685 λαγὴν
1226 2651 1291 2686 ἔχει.
1317 2652 1373 2688 Πῦρ
1396 2652 1450 2687 γὰρ
1472 2651 1596 2684 ἀκούων,
1618 2650 1684 2678 ἄλλο
1699 2659 1728 2677 τι
1743 2651 1825 2687 παρὰ
1838 2647 1908 2676 τοῦτο

1119 2697 1188 2723 νοεῖν
1202 2697 1353 2732 ἐδιδάχθης,
1365 2699 1397 2724 ἐκ
1412 2697 1459 2725 τοῦ
1471 2697 1632 2734 προκείσοαί
1646 2706 1673 2724 τι
1683 2697 1724 2733 τῷ
1739 2706 1778 2724 πυ
1784 2697 1812 2733 pi
1823 2694 1908 2727 ἐκείνῳ

314 2792 337 2832 ’1
352 2793 418 2832 Luc.
429 2801 486 2832 Itx_,
497 2793 524 2821 8.
550 2794 688 2832 d"_Gaiat.
705 2795 780 2832 vt,_5.
804 2795 847 2832 λ¹³ῗ
861 2794 939 2823 Joan.
957 2796 1032 2827 ι,12.

1107 2796 1177 2825 l‘sal.
1192 2804 1281 2831 cntv,
1302 2798 1345 2826 16.
1381 2799 1403 2815 ’⁵
1419 2799 1493 2828 Psal.
1510 2808 1559 2832 vn,
1575 2801 1619 2828 12.
1659 2800 1682 2817 ¹⁶
1697 2799 1774 2828 Psal.
1794 2796 1908 2832 nihil).

278 2827 300 2842 ⁸⁷
319 2827 393 2856 Psal.
412 2837 448 2861 tv,
468 2829 494 2856 5.
547 2830 570 2846 ’⁸
590 2830 727 2864 lsa.t.xtv,
743 2830 779 2863 ὸς
804 2829 890 2858 lCor.
908 2839 937 2865 ll,
956 2833 981 2859 9.
