1926 3080
60 146 112 175 105

683 144 810 174 ORATIO
821 144 1070 174 CATECIIETICA.

1635 147 1684 174 106

57 203 73 230 ὃ
91 203 122 232 ιν
136 200 226 237 τούτῳ
245 201 296 229 οὐκ
310 201 375 229 ἔστι.
393 202 429 229 Τὸ
443 202 492 238 μὲν
509 203 562 239 γάρ
574 203 604 230 οὗ
619 203 773 231 σϐέννυται·
789 205 846 230 τοῦ·

901 203 990 236 audis,
1003 203 1124 231 didicisti
1136 203 1253 239 aliquem
1264 204 1298 232 ab
1314 205 1361 233 illo
1371 206 1508 233 diversum
1521 204 1683 240 intelligere,

58 256 107 274 του
132 247 163 274 δὲ
184 246 272 274 πολλὰ
295 247 369 283 παρὰ
391 248 440 282 τῆς
457 248 553 284 πείρας
577 248 719 285 ἐξεύρηται
735 249 768 276 τὰ
788 249 848 276 σϐε-

59 293 160 328 στήρια
170 301 176 308 ·
193 293 280 328 πολλὴ
294 293 322 320 δὲ
335 293 382 320 τοῦ
394 293 572 329 σϐεννυμένου
589 296 656 331 πρὸς
671 297 701 322 τὸ
716 295 753 332 μὴ
766 304 851 331 παρα-

56 339 205 374 δεχόμενον
217 339 311 366 σϐέσιν
321 339 338 374 η
348 339 474 374 διαφορά.
489 340 593 367 Οὐκοῦν
606 341 669 368 ἄλλο
681 350 717 372 τι,
735 342 780 368 καὶ
791 342 850 376 οὐχὶ

56 383 136 410 τοῦτό
157 384 227 410 ἐστι.
243 383 326 411 Πάλιν
346 384 474 420 σκώληκά
491 394 533 417 τις
546 385 674 418 ἀκούσας,
692 387 729 422 μὴ
744 387 788 414 διὰ
800 387 850 422 τῆς

55 429 219 464 ὁμωνυμίας
244 429 314 464 πρὸς
334 429 364 456 τὸ
384 430 503 464 ἐπίγειον
533 431 612 458 τοῦτο
634 431 727 467 θηρίον
747 432 849 466 ἀποφε-

56 475 148 510 ρέσθω
159 476 194 510 τῇ
209 474 324 510 διανοίᾳ.
338 475 372 501 Ἦ
386 474 440 511 γὰρ
452 475 595 512 προσθήκη
611 476 658 503 τοῦ
673 476 850 512 ἀτελεύτητον

55 519 143 554 εἶναι,
171 521 255 556 ἄλλην
279 519 341 548 τινὰ
363 521 443 555 φύσιν
467 522 543 558 παρά
568 522 618 558 τὴν
645 523 849 559 γινωσκομένην

55 569 127 594 νοεῖν
151 567 321 594 ὑποτίθεται.
342 567 419 593 Ἐπεὶ
438 564 484 594 οὖν
498 567 585 595 ταῦτα
600 569 744 604 πρόκειται
756 571 788 604 τῇ
804 570 849 596 ἐλ-

55 613 112 640 πίδι
127 613 178 639 τοῦ
199 613 270 648 μετὰ
290 612 375 640 ταῦτα
393 612 464 647 βίου,
481 613 652 650 καταλλήλως
668 615 700 642 ὲκ
716 615 765 650 τῆς
783 615 849 642 ἑκά-

55 667 118 686 στου
135 659 335 694 προαιρέσεως,
350 658 420 686 κατὰ
440 659 487 695 τὴν
498 659 605 686 δικαίαν
616 659 663 686 τοῦ
678 660 745 687 Θεοῦ
759 660 849 696 κρίσιν

55 704 237 740 ἀναφυόμενα
252 703 292 739 τῷ
309 703 358 739 βίῳ
368 725 376 737 ,
392 705 599 739 σωφρονούντων
613 705 646 732 ἂν
660 706 712 742 εἴη,
730 705 767 742 μὴ
782 706 848 741 πρὸς

55 750 84 776 τὸ
102 749 203 785 παρὸν,
215 749 285 776 ἀλλὰ
300 749 367 785 πρὸς
378 749 408 776 τὺ
423 750 490 785 μετὰ
507 750 585 777 τοῦτο
601 750 719 785 βλέπειν,
737 751 783 778 καὶ
799 751 848 787 τῆς

56 796 204 830 ἀφράστοιο
221 796 419 831 μακαριότητος
432 796 460 822 ἐν
473 797 506 832 τῇ
519 796 595 832 ὀλίγῃ
609 797 693 833 ταύτῃ
704 797 751 824 καὶ
766 806 849 833 προσ-

55 841 146 878 καίρῳ
171 841 229 877 ζωῇ
248 841 299 873 τὰς
317 842 443 878 ἀφορμὰς
464 842 694 875 καταϐάλλεσθαι,
725 843 771 870 καὶ
797 845 848 879 τῆς

53 888 107 914 τῶν
131 887 231 914 κακῶν
257 888 353 923 πείρας
373 888 407 914 δι’
436 888 541 923 ἀγαθῆς
562 889 747 924 προαιρέσεως
769 889 847 915 ἀλλο·
863 881 883 909 Β

53 931 198 968 τριοῦσθαι
212 940 220 947 ·
245 932 294 959 νῦν
317 933 365 966 μὲν
381 933 452 959 κατὰ
470 932 515 959 τὸν
540 933 606 968 βίον,
623 933 691 968 μετὰ
709 932 798 960 ταῦτα
819 933 847 960 δὲ

53 979 125 1005 κατά
152 978 204 1013 τὴν
234 977 346 1005 αἰωνίαν
374 978 506 1005 ἀντίδοσιν
533 979 548 1005 ὁ
575 978 693 1014 Χριστὸς
723 978 846 1014 βούλεται

53 1025 182 1060 ὒεωρεῖν,
201 1024 249 1051 δύο
269 1024 362 1059 φύσεις
375 1024 509 1056 οὑσιωδῶς
520 1024 662 1060 ὴνωμένας
679 1024 846 1060 ὁμολογοῦσα

52 1072 108 1098 κάκ
124 1071 225 1097 τούτου
244 1070 404 1106 παριστῶσα
415 1070 445 1096 τὸ
461 1070 602 1106 μεγαλεῖον
615 1070 662 1097 τοῦ
679 1070 784 1103 ἐλέους,
800 1070 846 1098 καὶ

50 1116 108 1143 τῶν
121 1116 275 1152 οἰκτιρμῶν
291 1116 338 1143 τοῦ
350 1115 416 1143 Θεοῦ
436 1117 498 1151 περὶ
519 1117 609 1151 ἡμᾶς,
625 1110 846 1152 καταδεξαμένου

49 1162 96 1188 διὰ
112 1162 164 1197 τὴν
185 1162 255 1198 πρὸς
272 1162 346 1197 ἡμᾶς
365 1163 498 1198 στοργην,
519 1161 638 1189 συνεῖναί
660 1170 690 1188 τε
715 1162 763 1189 καὶ
786 1170 847 1188 συν-

50 1207 233 1243 αριθμεῖσθαι
263 1209 297 1243 τῇ
324 1208 420 1234 ἑαυτοῦ
447 1208 526 1242 φύσει
550 1208 600 1244 τὴν
628 1207 774 1244 ἡμετέραν.
796 1207 847 1235 Καὶ

50 1255 133 1290 χάρις
156 1254 197 1289 τῷ
221 1253 282 1289 Θεῷ
304 1254 350 1280 ἐπὶ
370 1255 402 1290 τῇ
432 1254 618 1289 ἀνεκδιηγήτῳ
641 1253 723 1280 αὐτοῦ
746 1254 845 1290 δωρεᾷ.

50 1301 110 1327 Καὶ
134 1300 224 1327 ταῦτα
242 1300 292 1335 μὲν
309 1300 347 1332 εἰς
361 1300 495 1327 τοσοῦτον.
524 1300 632 1336 Ἐπειδὴ
648 1300 676 1326 δὲ
692 1301 707 1326 ὁ
727 1300 847 1336 Σευῆρος

48 1345 144 1380 ψιλαῖς
166 1344 366 1381 προκαθέζεται
389 1348 502 1380 φωναῖς,
528 1346 556 1371 ἐν
582 1345 684 1381 ῥήμασί
707 1354 736 1372 τε
757 1346 846 1381 μόνοις

49 1392 101 1418 καὶ
122 1393 201 1426 ἧχοις
219 1392 272 1427 τὴν
293 1391 433 1418 εὐσέϐειαν
455 1392 625 1425 ὑποτίθεται,
641 1392 729 1419 καίτοι
751 1400 784 1427 γε
799 1392 846 1419 τοῦ

57 1437 226 1464 ’Δποστὸλου
238 1437 378 1471 λέγοντοςο
394 1438 435 1464 οὺ
450 1436 503 1472 γὰρ
518 1438 552 1464 ὲν
565 1438 645 1472 λόγῳ
667 1439 686 1472 ὴ
701 1439 846 1471 ,βασιλεία

48 1484 106 1511 τοῦ
122 1483 198 1510 Θεοῦ
208 1503 216 1515 ,
235 1483 303 1509 ἀλλ’
323 1483 357 1509 ἐν
368 1482 492 1517 δυνάμει
507 1482 556 1509 καὶ
570 1483 708 1517 ἀληθείᾳ·
727 1482 804 1516 οὗτος
817 1484 846 1511 δὲ

50 1530 119 1566 παρ’
141 1529 218 1565 αὐτῷ
235 1529 346 1564 Σευήρῳ
363 1528 506 1564 κράτιστος
521 1528 646 1563 οεολόγος
667 1530 843 1564 γνωρίζεται,
861 1547 881 1575 C

50 1577 80 1608 ὃς
98 1577 133 1602 ἂν
153 1575 205 1607 τὰς
223 1575 391 1610 κατηγορίας
419 1575 632 1610 Ἀριστοτέλους.
653 1576 700 1602 καὶ
716 1576 750 1602 τὰ
766 1576 846 1604 λοιπά

51 1622 106 1649 τῶν
135 1621 190 1654 ἔξω
214 1621 369 1655 φιλοσόφων
398 1620 491 1655 κομψὰ
516 1620 671 1656 ἠσκημένος
699 1621 845 1656 τυγχάνοι,

50 1668 202 1701 ἀναγκαῖον
218 1667 295 1702 ἡμᾶς
305 1667 338 1693 τὰ
355 1667 541 1702 σημαινόμενα
551 1667 669 1702 ἑκάστης
681 1666 779 1698 λέξεως
791 1667 846 1694 τῶν

50 1715 91 1744 εἰς
107 1712 144 1739 τὰ
164 1712 237 1748 πρὸς
256 1711 336 1739 αὑτὸν
347 1711 464 1747 Σευῆρον
479 1711 613 1747 λεγόμενα
628 1711 765 1747 χρειωδῶς
775 1712 845 1748 λαμ-

50 1758 224 1793 ϐανομένων,
241 1758 287 1784 ἐπὶ
302 1757 397 1793 καιροῦ
415 1758 561 1793 σαφηνίσαι
576 1758 645 1784 κατά
658 1757 702 1784 τὸν
715 1757 775 1784 νοῦν
791 1758 845 1784 τῶν

50 1803 293 1839 ὲκκλησιαστικῶν
316 1803 497 1836 διδασκάλων,
525 1803 585 1830 καθ’
613 1803 642 1829 ὃν
667 1803 754 1830 ταῦτα
778 1803 846 1836 ἐξει-

50 1852 190 1886 λήφασιν·
219 1850 265 1876 ῐνα
290 1849 373 1885 ἔχοιεν
395 1850 419 1877 ol.
445 1850 652 1884 ἐντυγχάνοντες
674 1851 730 1881 τοῖς
745 1850 845 1883 ὑπογε-

50 1897 228 1933 γραμμένοις
251 1896 356 1930 λόγοις,
371 1896 403 1922 ὲκ
419 1895 530 1932 πρώτης
546 1895 690 1929 ἐντεύξεως
709 1896 780 1922 νοεῖν
793 1895 846 1922 τῶν

51 1944 210 1978 λεγομένων
235 1942 366 1977 δύναμιν·
389 1942 436 1970 καὶ
462 1942 498 1978 μὴ
520 1941 564 1969 διὰ
589 1942 638 1977 τὴν
665 1941 777 1975 ἄγνοιαν
798 1941 845 1968 τοῦ

52 1989 260 2026 σημαινομένου
280 1987 333 2015 τῶν
348 1988 446 2021 λέξεων
465 1987 533 2023 πρὸς
552 1987 602 2022 τὴν
625 1986 777 2021 κατάληψιν
791 1986 846 2013 τῶν

53 2036 82 2062 ἓν
94 2035 190 2066 αὐτοῖς
205 2033 393 2069 Θεωρημάτων
407 2032 654 2069 παραποδίζωνται.

901 255 934 274 ex
957 255 990 275 eo
1009 247 1081 282 quod
1097 247 1137 275 illi
1152 248 1207 283 igni
1224 249 1327 284 aliquid
1341 249 1377 277 sit
1391 249 1513 277 additum
1530 249 1603 284 quod
1629 256 1685 277 non

902 296 943 320 est
961 293 987 320 in
1014 292 1077 321 hoc.
1107 292 1175 320 Nam
1202 294 1248 321 ille
1273 294 1383 329 quidem
1411 302 1466 321 non
1490 296 1684 330 exstinguitur.

901 337 975 365 hunc
992 343 1082 366 autem
1100 339 1185 367 multa
1203 340 1313 367 inventa
1331 344 1395 368 sunt
1411 348 1472 376 qua:
1487 340 1661 376 exstinguant
1676 349 1684 374 ;

901 390 998 419 magna
1014 387 1056 412 est
1069 388 1160 412 autem
1177 384 1330 412 differentia
1346 385 1416 412 inter
1429 393 1490 413 eum
1515 386 1561 421 qui
1580 386 1685 413 exstin-

900 429 1002 464 guitur,
1010 434 1108 458 etcum
1119 431 1166 466 qui
1178 431 1280 458 nullam
1295 431 1415 458 admittit
1424 431 1636 459 exstinctionem
1649 432 1684 458 ".

901 474 949 502 Est
972 483 1037 511 ergo
1061 476 1161 512 aliquis
1182 476 1263 509 alius,
1282 481 1308 504 et
1331 485 1384 504 non
1410 477 1454 504 hic
1477 478 1558 512 ignis.
1577 476 1684 505 Rursus

900 528 962 549 cum
979 528 1098 549 vermcm
1114 522 1245 554 audieris,
1257 530 1291 550 ne
1314 527 1457 558 propterea
1473 523 1544 558 quod
1562 523 1632 551 idem
1649 522 1685 550 sit

900 575 1011 599 nomen.
1024 567 1058 595 ad
1086 572 1216 596 terrestre
1234 568 1286 596 hoc
1302 568 1402 595 animal
1429 573 1475 596 tua
1493 568 1594 596 feratur
1611 568 1685 604 cogi-

900 613 978 640 tatio.
1005 613 1131 647 Adjectio
1159 614 1233 641 enim
1262 614 1323 648 ejus
1354 613 1428 649 quod
1454 622 1509 641 non
1539 614 1683 647 moriatur,

899 658 1023 694 suggerit
1039 659 1119 686 aliam
1133 667 1194 687 esse
1209 659 1412 695 intelligendam
1437 663 1576 691 naturam,
1601 666 1684 694 quam

899 712 960 732 eam
985 712 1046 740 qua:
1073 705 1259 740 cognoscitur.
1286 704 1422 738 Quoniam
1447 713 1513 740 ergo
1538 704 1596 732 hanc
1620 708 1685 732 sunt

899 751 1039 786 proposita
1067 751 1124 787 spei
1153 751 1214 779 vitae
1238 755 1300 786 post
1320 751 1376 778 haec
1401 750 1510 783 futurae,
1530 757 1592 786 qua:
1617 757 1685 777 con-

898 801 1028 831 gruenter
1044 804 1076 823 ex
1094 797 1181 824 libero
1203 798 1421 833 uniuscujusque
1440 797 1564 829 arbitrio.
1582 803 1683 824 conve-

898 842 1006 870 nienter
1030 842 1105 878 justo
1123 842 1170 870 Dei
1192 843 1297 878 judicio
1326 843 1390 870 vita:
1415 843 1586 876 exoriuntur,
1603 842 1684 870 fuerit

898 889 1064 924 sapientum,
1088 896 1144 916 non
1165 889 1199 916 ad
1215 897 1336 925 praesens
1360 889 1471 923 intueri,
1488 889 1535 917 sed
1550 889 1584 916 ad
1608 888 1683 916 futu-

898 942 970 969 rum,
998 938 1025 962 et
1054 934 1081 962 in
1109 934 1160 962 ltac
1186 935 1261 962 brevi
1289 939 1316 963 et
1343 935 1486 969 temporali
1511 935 1566 961 vita
1590 933 1684 969 jacere

898 980 1038 1008 materiam
1053 984 1081 1008 et
1099 984 1249 1008 sementem
1271 980 1450 1008 beatitudinis
1476 979 1621 1008 ineil‘abilis
1634 988 1642 1012 ;
1656 983 1683 1006 et

898 1033 947 1060 per
963 1026 1064 1053 bonum
1080 1026 1252 1061 propositum
1267 1031 1294 1054 et
1310 1026 1472 1055 electionem
1499 1026 1603 1054 alienos
1623 1025 1681 1052 ﬁeri

898 1076 912 1098 a
926 1071 1059 1101 malorum
1075 1072 1244 1106 experientia
1260 1081 1266 1099 ε
1286 1079 1360 1099 nunc
1375 1071 1484 1107 quidem
1501 1071 1528 1099 in
1547 1071 1598 1098 hac
1613 1070 1682 1102 vita,

897 1121 959 1152 post
975 1117 1033 1145 haec
1049 1123 1138 1145 autem
1163 1117 1191 1145 in
1215 1122 1316 1145 aeterna
1331 1118 1564 1150 remuneratione,
1582 1117 1639 1144 vult
1657 1121 1683 1143 te

897 1162 1025 1191 Christus
1051 1163 1231 1198 contemplari
1261 1163 1330 1191 duas
1359 1167 1473 1190 naturas
1496 1161 1682 1191 essentialiter

898 1208 1000 1241 unitas,
1016 1208 1187 1242 conﬁtentes,
1216 1211 1243 1236 et
1261 1216 1293 1236 ex
1309 1216 1342 1236 eo
1359 1208 1521 1236 exhibentes
1543 1207 1681 1243 magnitu-

898 1254 988 1281 dinem
1003 1253 1202 1281 misericordia:
1217 1258 1244 1281 et
1267 1254 1474 1281 miserationum
1500 1253 1546 1280 Dei
1569 1253 1595 1279 in
1619 1260 1681 1285 nos.

897 1300 944 1336 qui
970 1303 1081 1335 propter
1108 1300 1196 1327 nostri
1230 1306 1349 1326 amorem
1373 1299 1400 1326 in
1427 1299 1547 1326 animum
1575 1297 1683 1324 induxit

898 1346 1041 1374 nobiscum
1057 1346 1170 1377 versari,
1185 1349 1211 1372 et
1226 1345 1311 1371 voluit
1330 1352 1392 1372 cum
1413 1351 1461 1372 sua
1488 1346 1586 1371 natura
1615 1350 1682 1370 nos—

898 1397 968 1419 tram
1001 1391 1204 1420 eonnumerati'.
1235 1390 1290 1418 Deo
1319 1393 1410 1417 autem
1443 1389 1499 1417 sint
1527 1388 1621 1424 gratiae
1645 1387 1682 1415 ob

897 1440 1000 1466 donum
1027 1439 1087 1474 ejus
1105 1437 1251 1465 ineﬁ‘abile.
1278 1436 1312 1464 Et
1332 1437 1391 1464 haec
1408 1436 1517 1472 quidem
1536 1435 1680 1462 hactenus.

897 1486 1032 1518 Quoniam
1051 1489 1142 1512 autem
1163 1484 1281 1512 Severus
1299 1490 1312 1504 ιι
1327 1483 1400 1511 solas
1415 1485 1535 1510 sectatur
1548 1487 1639 1512 voces,
1655 1484 1682 1507 et

899 1532 926 1559 in
954 1531 1019 1559 solis
1046 1531 1135 1558 verbis
1165 1533 1193 1557 et
1222 1529 1298 1557 SOnis
1317 1529 1434 1556 collocat
1461 1527 1600 1563 pietatem,
1618 1525 1684 1553 licet

899 1578 971 1605 dicat
985 1577 1144 1612 Apostolus,
1162 1575 1224 1602 Non
1241 1575 1310 1602 enim
1326 1575 1354 1601 in
1370 1581 1488 1601 sermone
1513 1577 1551 1600 est
1576 1580 1684 1607 regnum

901 1622 957 1654 Dei,
974 1622 1019 1649 sed
1034 1622 1061 1648 in
1075 1621 1170 1648 virtute
1187 1625 1211 1647 et
1228 1620 1336 1647 veritate
1352 1619 1385 1652 '°,
1401 1618 1424 1646 is
1442 1620 1532 1645 autem
1549 1616 1620 1652 apud
1635 1615 1684 1642 Se-

897 1675 992 1695 verum
1009 1667 1129 1702 oplimus
1141 1665 1298 1701 agnoscitur
1315 1665 1468 1699 theologus,
1484 1662 1531 1698 qui
1559 1662 1587 1689 in
1615 1668 1684 1697 pra:-

898 1712 1062 1740 dicamentis
1087 1710 1264 1743 Aristotelis,
1289 1714 1315 1737 et
1330 1709 1357 1736 in
1387 1708 1494 1736 caeteris
1521 1713 1582 1742 qua:
1610 1705 1682 1740 apud

897 1761 1027 1785 externos
1041 1756 1220 1791 philosophos
1237 1759 1302 1782 sunt
1319 1754 1461 1790 praeclara,
1480 1752 1562 1780 fuerit
1577 1750 1683 1779 exerci-

898 1807 982 1835 tatus,
1007 1809 1121 1830 necesse
1145 1806 1188 1829 est
1210 1808 1259 1829 nos
1287 1799 1440 1836 signiﬁcata
1463 1797 1685 1832 uniuscujusque

898 1849 1027 1878 dictionis
1041 1855 1136 1876 eorum
1151 1855 1212 1883 quae
1227 1847 1410 1882 accipiuntur,
1426 1849 1557 1880 tanquam
1574 1847 1684 1872 senten-

897 1895 943 1922 tia:
957 1895 985 1924 in
998 1895 1032 1922 iis
1045 1901 1105 1930 qum
1120 1894 1250 1921 dicuntur
1274 1891 1346 1927 apud
1364 1891 1507 1922 Severum,
1529 1893 1683 1925 opportune

898 1940 1052 1972 declarare,
1064 1947 1095 1967 ex
1109 1938 1245 1967 sententia
1261 1937 1403 1965 doctorum
1420 1934 1682 1965 ecclesiasticarum,

900 1986 928 2013 in
942 1994 996 2021 qua
1010 1993 1042 2013 ea
1058 1988 1242 2020 acceperunt,
1259 1987 1288 2010 ut
1301 1983 1346 2018 qui
1361 1982 1389 2009 in
1412 1981 1496 2009 libros
1512 1980 1682 2013 subscriptos

900 2031 1056 2065 inciderint,
1069 2030 1175 2066 possint
1188 2037 1249 2057 cum
1263 2029 1382 2064 primum
1394 2027 1519 2063 legerint,
1531 2025 1682 2061 intelligere

53 2082 107 2109 vim
123 2087 226 2109 eorum
245 2087 308 2114 qua:
333 2079 483 2110 dicuntur,
517 2085 605 2113 neque
633 2081 744 2113 prepter
771 2076 970 2112 ignorationem
1011 2075 1220 2114 signiﬁcationis
1246 2074 1397 2103 dictionum
1421 2072 1615 2108 impediantur.
1647 2077 1682 2098 ne

53 2124 295 2162 comprehendant
309 2130 340 2151 ea
351 2130 412 2159 quae
424 2126 488 2151 sunt
503 2123 530 2150 in
546 2122 614 2158 ipsis
627 2122 806 2150 theoremata.

86 2206 110 2222 "
126 2204 229 2233 Matth.
247 2211 291 2237 ιιι,
310 2203 358 2237 t2;
377 2203 458 2230 Marc.
475 2201 577 2235 H.112;
597 2199 664 2227 Luc.
686 2208 727 2234 ιιι,
749 2199 792 2226 Π.
831 2199 846 2215 ³¹

898 2197 958 2228 Cor.
975 2205 1011 2230 iv,
1029 2198 1074 2226 20.
1086 2234 1089 2237 Ι

90 2290 103 2304 ι
117 2285 160 2314 Ci.
177 2284 266 2313 Fabr.
287 2283 401 2316 Notitia,
437 2289 529 2318 supra,
551 2282 603 2310 col.
624 2280 668 2308 Ἡ.

224 2924 358 2955 ΡΑτιιοι..
381 2923 440 2954 Gn.
464 2923 557 2955 XLV.
