1954 3081
239 140 292 169 107

850 131 877 159 S.
888 137 1055 165 ‘GREGUltll
1066 134 1215 164 stssm

1815 136 1866 166 1Οὸ

712 316 825 360 ΤΟΥ
855 317 1045 361 ΑΥΤΟΥ
1080 319 1390 362 ΓΡΗΓΟΡΙΟΥ

863 403 1060 432 ΕΠΙΣΚΟΙΙΟΥ
1081 404 1215 431 ΝΥΣΣΙΙΣ

412 501 631 558 ΠΕΡΙ
667 501 842 556 ΤΗΣ
889 501 1047 557 ΕΓΓ

1085 501 1672 560 ᾹΣΤΡΙΜΥΘΟΥ

568 622 685 648 ΠΡΟΣ
713 621 970 648 ΘΕΟΔυΣΙΟΝ
1002 621 1270 648 ΕῘΙΙΣΚΟΠΟΝ
1295 621 1516 649 ΕΠΙΣῬΟΛΠ

753 780 803 818 EJ
813 779 983 819 USDEM
1013 778 1054 817 S.
1082 778 1328 818 GREGORII

879 867 1034 896 EPISCOPI
1059 868 1205 897 NYSSENI

712 961 816 1016 DE
861 959 1390 1018 PYTHONISSA

654 1069 701 1097 ΑΙ)
734 1068 982 1098 Τιιεουοειωι
1013 1068 1240 1104 EPISCOPUM,
1269 1067 1449 1098 EPISTULA

837 1211 956 1235 Frontone
979 1210 1066 1236 Duram
1087 1209 1222 1242 interprete.

273 1375 327 1409 Qui
341 1374 482 1410 discipulis
498 1374 555 1402 suis
569 1373 646 1405 dixit.
656 1373 770 1407 Quwrile
780 1373 947 1402 elinvem‘elis
959 1373 1028 1406 ³⁰·“,
1045 1375 1066 1404 Α

1122 1376 1152 1400 '0
1173 1374 1258 1402 εἰπὼν
1273 1376 1328 1406 τοῖς
1348 1375 1442 1402 ἑαυτοῦ
1459 1375 1604 1411 μαθητριῖς,
1621 1375 1738 1410 Ζητεῖτε
1754 1375 1803 1403 καὶ
1820 1376 1867 1403 εὐ-

242 1423 265 1449 is
279 1421 372 1457 procul
383 1421 465 1448 dubio
478 1420 632 1448 facultatem
647 1420 729 1446 etiam
743 1419 897 1448 inveniendi
906 1419 1027 1448 studiose

1085 1419 1206 1453 ρήσετε,
1228 1418 1307 1446 δώσει
1328 1420 1436 1452 πάντως
1457 1422 1503 1448 καὶ
1525 1421 1574 1457 τὴν
1595 1422 1662 1457 πρὸς
1676 1421 1706 1448 τὸ
1722 1421 1813 1456 εὑρεῖν
1823 1421 1868 1448 δ’ὕ-

242 1466 462 1502 perquirentibus
474 1485 481 1496 ,
500 1469 528 1493 et
547 1473 579 1493 ex
604 1469 738 1500 prmcepto
757 1463 864 1492 Domini
888 1465 1028 1493 recondita

243 1517 348 1540 secreta
369 1511 561 1547 indagantibus
578 1511 718 1546 largietur.
739 1511 798 1539 Non
816 1513 887 1540 enim
913 1513 1026 1540 mendax

243 1561 300 1588 cst,
318 1557 364 1591 qui
383 1556 518 1591 promisit,
535 1556 614 1590 cujus
634 1555 821 1583 munificentia
843 1556 1030 1591 donorumque

246 1601 352 1636 largitio
374 1601 516 1636 magnifica
545 1601 668 1636 petitioni
692 1601 864 1628 corollarium
887 1605 914 1628 ct
936 1607 1030 1628 aucta—

246 1647 316 1674 rium
325 1645 410 1673 addit.
428 1641 521 1680 Itaque
536 1644 639 1672 attende
658 1645 774 1675 lectioni.
789 1645 829 1679 ﬁli
848 1645 981 1672 Timet/tce
996 1646 1028 1678 ³³,

245 1691 372 1719 convenit
387 1691 470 1724 enim,
483 1694 512 1717 ut
528 1690 636 1725 opinor,
653 1694 682 1717 ut
694 1691 780 1725 magni
795 1691 866 1718 illius
880 1690 955 1718 Pauli
971 1699 1032 1719 ver-

245 1739 288 1767 bis
304 1737 451 1765 bonitatem
473 1741 547 1764 tuam
567 1736 699 1772 alloquar,
721 1742 748 1764 et
763 1737 807 1764 det
830 1737 878 1764 tibi
902 1737 1031 1766 Dominus

245 1784 413 1812 intellectum
437 1783 464 1810 in
480 1783 617 1816 omnibus,
641 1783 677 1810 ita
700 1786 730 1810 ut
745 1782 819 1811 dives
842 1784 890 1811 lias
907 1783 934 1810 in
957 1784 1031 1811 omni

245 1830 328 1858 verbo
344 1833 370 1857 et
388 1830 416 1857 in
439 1829 512 1857 omni
528 1829 651 1857 scientia.
672 1828 749 1856 Nunc
769 1833 858 1857 autem
873 1829 908 1858 de
923 1831 956 1858 iis
971 1838 1031 1866 quae

243 1875 367 1910 iussisti.
387 1883 556 1912 quaecunque
586 1876 752 1911 suggesserit
773 1876 914 1910 Dominus,
943 1885 1031 1912 operae

1084 1473 1164 1499 ναμιν
1185 1466 1241 1497 τοίς
1260 1465 1415 1501 φιλομαθῶς
1430 1466 1500 1493 κατὰ
1517 1467 1566 1502 τὴν
1577 1466 1685 1502 ἐντολὴν
1701 1467 1748 1494 τοῦ
1765 1467 1867 1502 Κυρίου

1081 1510 1312 1546 διερευνωμένοις,
1335 1511 1382 1538 καὶ
1402 1502 1564 1547 ἀναζητουσι
1577 1512 1610 1538 τὰ
1625 1511 1804 1547 κεκρυμμένα
1817 1520 1868 1546 μυ-

1084 1557 1192 1593 στήρια.
1219 1556 1350 1592 1λιψευδὴς
1369 1557 1424 1592 γὰρ
1441 1558 1455 1584 ὁ
1475 1557 1716 1592 ἐπαγγειλάμενος,
1735 1556 1807 1591 ὑπὲρ
1820 1555 1868 1590 τὴν

1083 1603 1190 1638 αἴτησιν
1214 1602 1454 1638 ὲπιδαῲιλούμενος
1466 1605 1496 1638 τῇ
1513 1603 1702 1639 μεγαλοδωρεᾷ
1717 1601 1770 1629 τῶν
1793 1611 1870 1637 χαριο

1084 1649 1204 1684 σμάτων.
1227 1649 1332 1676 Οὐκοῦν
1348 1649 1479 1683 πρόσεχε
1498 1649 1534 1683 τῇ
1551 1648 1716 1683 ἀναγνώσει
1730 1668 1737 1680 ,
1763 1649 1869 1674 τέκνον

1085 1694 1221 1730 Τιμόθεε·
1235 1695 1335 1730 πρέπει
1357 1695 1420 1730 γὰρ,
1441 1693 1526 1730 οἶμαι,
1547 1696 1579 1730 τῇ
1597 1694 1643 1721 τοῦ
1659 1694 1777 1730 μεγάλου
1795 1695 1869 1728 φωνῇ

1083 1741 1151 1777 πρὸς
1175 1742 1222 1776 τὴν
1249 1741 1299 1776 σὴν
1326 1741 1482 1776 ἁγαοότητα
1512 1740 1680 1776 χρήσασθαι,
1696 1741 1743 1766 καὶ
1761 1739 1817 1775 δώῃ
1830 1748 1870 1766 σοι

1083 1787 1185 1823 Κύριος
1200 1786 1306 1814 σύνεσιν
1322 1788 1350 1813 ἐν
1375 1787 1467 1818 πᾶσιν,
1485 1787 1555 1813 ὥστε
1570 1795 1599 1813 σε
1623 1785 1817 1820 πλουτισθῆναι
1841 1787 1868 1811 ἐν

1084 1833 1165 1860 παντὶ
1175 1833 1245 1868 λόγῳ
1259 1833 1305 1859 καὶ
1324 1833 1398 1870 πάσῃ
1412 1832 1520 1867 γνώσει.
1534 1831 1590 1859 Νῦν
1606 1832 1634 1859 δὲ
1652 1832 1714 1868 περὶ
1725 1828 1761 1858 ὧν
1773 1831 1871 1858 ἐπέτα-

1086 1878 1150 1911 ξας,
1181 1879 1284 1914 ὅσαπερ
1310 1879 1342 1906 ἂν
1370 1879 1384 1905 ὁ
1406 1879 1507 1915 Κύριος
1539 1878 1677 1914 ὑποϐάλῃ,
1703 1878 1736 1904 δι’
1773 1877 1871 1911 ὀλίγων

247 1922 362 1957 pretium
376 1929 420 1949 me
431 1921 565 1948 facturum
578 1921 683 1957 putavi,
698 1922 720 1949 si
732 1923 826 1957 paucis
839 1926 886 1949 tuo
897 1922 1033 1951 desiderio

1085 1923 1308 1959 ὑπηρετήσασοαί
1325 1932 1371 1950 σου
1388 1924 1421 1958 τῇ
1438 1923 1574 1959 προθυμίᾳ
1591 1923 1680 1954 καλῶς
1699 1922 1770 1958 ἔχειν
1786 1922 1870 1949 ἐδοκί-

246 1968 420 2003 obsequerer,
436 1971 466 1994 ut
479 1975 513 1995 ex
528 1967 570 1994 liis
585 1967 721 2003 intelligas
731 1987 738 2000 ,
756 1968 828 2003 quod
842 1976 892 1996 nos
908 1973 1033 2004 oporteat

248 2015 364 2042 invicem
375 2021 428 2049 per
446 2013 607 2042 charitatem
623 2014 743 2046 servire.
761 2014 826 2042 dum
842 2015 958 2043 aliorum
973 2024 1033 2044 mu-

180 2070 190 2078 ο
246 2065 292 2087 tuo
309 2059 442 2087 faciamus
459 2059 636 2087 voluntatem.
652 2059 778 2087 Primum
800 2060 883 2096 igitur
902 2061 1033 2096 quoniam

246 2109 273 2132 et
289 2105 334 2133 illa
349 2105 419 2132 inter
431 2109 527 2132 caetera
541 2105 630 2140 capita
646 2105 733 2140 prima
750 2106 891 2141 proposita
907 2110 958 2140 est,
972 2114 1034 2142 quae

246 2151 399 2186 exquiritur
413 2150 446 2179 de
466 2150 608 2183 Samnele,
627 2151 760 2178 sententia
771 2172 779 2184 ,
796 2156 928 2186 quantum
949 2152 975 2180 in
992 2160 1034 2180 me

247 2198 328 2225 situm
343 2197 414 2230 erit,
429 2196 485 2224 Deo
501 2197 599 2229 dante,
614 2196 710 2231 paucis
723 2197 814 2225 verbis
831 2197 897 2233 quid
912 2197 1035 2225 videatur

245 2249 392 2278 exponam.
407 2241 576 2275 Quibusdam
594 2245 658 2269 ante
674 2249 724 2269 nos
742 2243 844 2277 placuit
858 2250 949 2270 veram
961 2243 1034 2270 arbi-

247 2288 313 2315 trari
343 2287 557 2324 prastigiatricis
580 2287 653 2315 illius
681 2288 709 2314 in
736 2288 862 2316 Samuele
881 2289 1033 2317 animarum

246 2332 451 2365 evocationem,
472 2335 554 2366 atque
575 2331 610 2358 ad
625 2331 763 2366 opinionis
782 2340 838 2360 sua:
853 2333 1033 2368 patrocinium

245 2377 380 2412 ejusmodi
404 2377 536 2404 rationem
551 2377 698 2412 quamdam
719 2376 852 2413 afferunt,
874 2379 947 2414 quod
973 2387 1033 2406 cum

247 2428 356 2459 propter
374 2423 464 2451 Saulis
489 2423 663 2458 rejectionem
687 2424 799 2452 tristitia
831 2425 943 2453 allectus
963 2431 1035 2454 esset

243 2470 370 2502 Samuel,
387 2476 547 2504 semperque
559 2468 612 2496 Deo
625 2477 788 2505 proponeret
804 2469 912 2498 Saulem
930 2472 1035 2507 praesti-

248 2515 306 2549 εἰη
329 2514 574 2549 ventriloquorum,
592 2515 692 2549 quibus
715 2515 840 2544 homines
863 2517 890 2544 in
911 2517 1034 2545 fraudem

249 2560 408 2594 iniciebant,
424 2560 458 2588 de
473 2561 573 2596 populo
590 2561 718 2593 erasisse,
736 2561 851 2598 ideoque
868 2570 938 2597 aegre
951 2563 1032 2591 ferret

248 2606 390 2640 propheta,
410 2605 483 2641 quod
503 2613 517 2633 a
542 2614 571 2634 se
588 2607 688 2641 rejeeto
702 2607 803 2642 placari
819 2608 919 2641 nollet,
934 2609 1032 2644 permi~

249 2653 319 2680 sisse
334 2651 418 2679 Deum
430 2651 567 2687 inquiunt,
582 2657 610 2680 ut
623 2661 671 2688 per
682 2653 816 2688 ejusmodi
827 2654 948 2690 magicas
961 2658 1034 2682 anes

250 2696 389 2732 prophetae
401 2697 490 2724 anima
502 2702 670 2730 evocarctur,
684 2702 714 2726 ut
727 2698 831 2726 videret
845 2697 953 2727 Samuel
965 2699 1034 2728 falsa

251 2750 279 2770 se
295 2742 349 2770 Deo
365 2742 393 2770 in
411 2743 498 2778 ipsius
518 2742 704 2772 defensionem
729 2744 871 2780 allegasse.
892 2752 954 2772 cum
971 2753 1032 2774 eum

246 2788 353 2817 diceret
373 2789 509 2817 infensum
521 2790 701 2825 ventriloquis
719 2794 800 2824 atque
815 2791 919 2819 hostem
937 2791 1031 2825 fuisse,

296 2840 358 2860 ¹⁰·“
374 2843 463 2875 Matth,
481 2852 528 2876 vn,
548 2845 572 2873 7.
626 2850 648 2865 ⁸⁸
667 2850 674 2876 l
693 2849 761 2878 Tim.
777 2859 796 2883 ι.
811 2853 837 2880 4.

1085 1977 1158 2004 μασα
1169 1978 1176 1984 ·
1193 1969 1230 2001 ὡς
1248 1969 1280 1995 ἂν
1297 1969 1342 1996 διὰ
1357 1969 1459 1996 τούτων
1476 1969 1572 2004 μάθοις
1587 1969 1628 1995 ὅτι
1647 1968 1699 2004 χρὴ
1713 1968 1745 1995 δι’
1760 1968 1871 2003 ἀγάπης

1083 2014 1207 2050 ἀλλήλοις
1229 2014 1362 2041 δουλεύειν
1384 2014 1468 2050 ἡμᾶς,
1489 2015 1517 2040 ἐν
1538 2014 1578 2049 τῷ
1593 2015 1680 2040 ποιεῖν
1700 2013 1733 2040 τὰ
1747 2013 1870 2048 ἀλλήλων

1084 2060 1231 2097 θελήματα.
1249 2061 1359 2096 Πρῶτον
1373 2060 1462 2087 τοίνυν
1481 2060 1574 2094 ἐπειδὴ
1592 2061 1639 2087 καὶ
1653 2060 1706 2087 τῶν
1721 2060 1822 2087 λοιπῶν
1837 2058 1870 2096 ἧν

1084 2106 1237 2140 κεφαλαίων
1247 2105 1465 2141 προτεταγμένον
1474 2105 1505 2132 τὸ
1520 2106 1585 2140 περὶ
1603 2105 1649 2132 τοῦ
1665 2105 1792 2141 Σαμουὴλ
1811 2105 1871 2131 ἐπι-

1084 2151 1248 2186 ζητούμενον
1273 2151 1372 2186 νόημα,
1398 2151 1442 2178 διὰ
1465 2151 1588 2186 βραχέων
1615 2150 1653 2182 ὼς
1678 2150 1734 2177 ἐστι
1759 2150 1871 2177 δυνατὸν

1084 2195 1151 2223 Θεοῦ
1166 2191 1280 2228 διδόντος
1293 2197 1454 2232 ἐκθήσομαι.
1472 2195 1573 2232 Ἤρεσέ
1587 2204 1641 2223 τισι
1655 2195 1709 2222 τῶν
1724 2196 1778 2232 πρὸ
1792 2196 1871 2232 ἡμῶν

1085 2243 1172 2278 ἀληθῆ
1193 2242 1301 2278 νομίσαι
1317 2242 1368 2278 τῆς
1393 2241 1534 2278 γοητρίδος
1550 2242 1657 2278 ἐκείνης
1675 2241 1724 2278 τὴν
1751 2241 1798 2268 ἐπὶ
1824 2240 1870 2268 τοῦ

1085 2288 1209 2323 Σαμουὴλ
1232 2288 1419 2323 ψυχαγωγίαν.
1449 2288 1495 2316 καί
1515 2296 1576 2315 τινα
1599 2288 1678 2322 λόγον
1691 2286 1812 2314 τοιοῦτον
1832 2288 1871 2319 είς

1085 2334 1246 2369 συνηγορίαν
1269 2334 1318 2369 τῆς
1340 2333 1499 2369 ὑπολήψεως
1515 2333 1604 2360 αὑτῶν
1618 2333 1718 2369 ταύτης
1738 2333 1871 2368 παρέχον-

1084 2388 1145 2412 ται,
1169 2380 1208 2406 ὅτι
1231 2379 1399 2414 λυπουμένου
1425 2379 1470 2406 τοῦ
1488 2378 1614 2414 Σαμουὴλ
1638 2379 1684 2405 ἐπὶ
1699 2379 1732 2413 τῇ
1749 2378 1871 2413 ἀποϐολῇ

1084 2426 1131 2452 τοῦ
1143 2426 1237 2458 Σαοὺλ,
1255 2426 1302 2452 καὶ
1314 2425 1430 2452 πάντοτε
1444 2424 1491 2451 τοῦ
1505 2425 1543 2460 τῷ
1557 2424 1651 2460 Κυρίῳ
1670 2424 1870 2459 προσφέροντος

1084 2472 1114 2498 τὸ
1133 2471 1174 2497 ὅτι
1189 2470 1260 2497 θέλει
1277 2471 1286 2482 “
1298 2470 1345 2506 τὴν
1361 2471 1392 2496 ὲκ
1407 2470 1459 2496 τῶν
1479 2468 1705 2505 ἐγγαστριμύθων
1725 2469 1872 2504 γινομένην

1085 2515 1211 2551 γοητείαν
1227 2516 1272 2542 ἐπὶ
1288 2516 1379 2551 ἀπάτῃ
1406 2515 1460 2542 τῶν
1481 2515 1631 2551 ἀνθρώπων
1653 2514 1818 2550 ὲξεκάθηρεν
1841 2515 1872 2540 ἐκ

1085 2562 1131 2589 τοῦ
1157 2561 1220 2588 λαοῦ
1244 2562 1347 2588 Σαούλ·
1374 2562 1419 2588 καὶ
1442 2561 1485 2588 διὰ
1509 2561 1588 2587 mito
1612 2560 1873 2595 δυσανισχετοῦντος

1086 2607 1132 2635 τοῦ
1157 2609 1296 2644 προφήτου
1323 2609 1369 2634 ἐπὶ
1381 2608 1421 2643 τῷ
1438 2607 1475 2643 μὴ
1490 2607 1600 2642 θελῆσαι
1618 2607 1663 2633 τὸν
1683 2607 1786 2641 Κύριον
1801 2606 1874 2632 διαλ-

1085 2655 1200 2690 λαγῆναι
1221 2654 1260 2689 τῷ
1282 2653 1440 2689 ἀποελήτῳ,
1466 2652 1639 2688 συγχωρῆσαί
1656 2660 1722 2686 φασι
1745 2651 1791 2678 τὴν
1807 2651 1873 2677 Θεὸν

1085 2700 1234 2736 ἀναχθῆναι
1254 2699 1300 2726 τοῦ
1325 2700 1465 2734 προφήτου
1493 2698 1581 2733 ψυχὴν
1600 2698 1643 2724 διὰ
1669 2699 1718 2733 τῆς
1746 2696 1875 2731 τοιαύτης

1087 2746 1270 2782 μαγγανείας·
1296 2745 1339 2771 ἵνα
1362 2745 1417 2779 είδῇ
1446 2745 1460 2770 ὁ
1476 2743 1601 2778 Σαμουὴλ
1620 2743 1660 2770 ὃτι
1688 2742 1774 2777 ψευδῆ
1804 2742 1874 2777 ὑπὲρ

1086 2792 1167 2819 αὐτοῦ
1191 2791 1230 2826 τῷ
1246 2790 1305 2826 Θεῷ
1332 2789 1515 2824 προετείνετο,
1532 2788 1620 2823 λέγων
1639 2789 1718 2816 αὐτὸν
1743 2788 1875 2824 πολέμιον
