1954 3081
76 146 122 175 {09
151 166 164 174 -.

752 146 794 173 DE
813 145 1038 175 PYTHONISSA.

1655 146 1705 174 H0

79 204 143 232 εἶναι
167 205 226 236 ταῖς
249 204 502 240 ὲγγαστριμύθοις,
522 205 567 232 τὺν
589 205 737 240 τηνικαῦτα
758 205 802 232 διὰ
819 207 861 240 τῆς

920 205 965 240 qui
980 210 1035 232 tum
1050 206 1190 241 temporis.
1205 207 1269 234 dum
1284 206 1424 234 oraculum
1437 205 1566 237 consulit,
1578 206 1608 233 in
1623 213 1704 234 causa

79 249 162 276 αὐτῶν
184 249 316 283 γοητείας
336 249 385 284 τὴν
406 249 497 276 ἄνοδον
515 250 565 284 τῆς
586 249 675 284 ψυχῆς
698 249 780 275 αὑτοῦ
799 258 868 284 μαν-

80 297 221 323 τεύσαντα.
243 295 315 329 Ἐγὼ
333 296 362 322 δὲ
379 295 447 331 πρὸς
459 295 490 321 τὺ
506 295 681 329 εὐαγγελικὸν
699 295 792 330 χάσμα
808 294 869 329 βλέη

79 348 144 371 πων,
161 339 175 365 ὃ
189 339 233 365 διὰ
250 339 333 374 μέσον
346 339 400 365 τῶν
416 339 508 366 κακῶν
524 348 553 365 τε
574 339 621 365 καὶ
636 339 744 372 ἀγαθῶν
760 340 868 374 ἐστήρι-

77 395 147 416 κται,
173 386 256 420 φησὶν
277 385 292 410 ὁ
314 386 502 420 πατριάρχης,
533 384 632 420 μᾶλλον
657 384 684 410 δὲ
708 386 722 411 ὁ
743 384 791 410 τοῦ
815 393 867 410 πα-

77 433 207 469 τριάρχου
231 433 334 469 Κύριος
345 453 352 464 ,
373 433 411 464 ὡς
426 434 565 469 ἀμήχανον
578 431 647 460 εἶναι
662 434 718 465 τοῖς
732 442 762 459 τε
784 442 868 460 κατα-

76 480 181 514 κρίτοις
195 480 240 505 ἐπὶ
253 480 302 514 τὴν
312 479 366 505 τῶν
377 479 487 505 δικαίων
501 479 591 506 ἄνεσιν
604 479 745 514 ἀναϐῆναι,
755 478 802 505 καὶ
813 480 868 510 τοῖς

77 526 164 560 ἁγίοις
175 525 243 560 πρὸς
256 524 301 550 τὸν
316 524 369 551 τῶν
380 524 504 559 πονηρῶν
514 524 592 560 χορὸν
603 524 773 560 διαπεράσαν
786 524 817 550 οὺ
830 524 868 550 δέ-

76 581 158 606 λομαι
169 571 280 606 ἀληθεῖς
287 569 356 598 εἶναι
370 571 419 602 τὰς
431 571 556 602 τοιαύτας
567 569 723 605 ὑπολήψεις,
736 570 867 604 διδαχθεὶς

77 619 158 652 μόνον
175 617 274 653 ἀληθὲς
288 616 356 644 εῖναι
379 617 515 644 πιστεύειν
529 617 558 643 τι
568 617 740 651 Εὐαγγέλιον.
759 616 866 651 Ἐπειδὴ

75 663 164 690 τοίνυν
177 663 263 697 μέγας
280 664 308 689 ἐν
322 663 410 696 ἁγίοις
421 664 435 689 ὁ
448 662 583 698 Σαμουὴλ,
596 662 713 698 πονηρὸν
729 661 756 688 δέ
775 661 867 696 κτῆμα

77 709 227 744 ἡτοητεία,
243 709 272 735 οὐ
289 708 416 743 πείθομαι
427 709 468 735 ὅτι
483 709 511 735 ἐν
526 708 644 743 τοσούτῳ
655 707 705 742 τῆς
720 708 787 740 ιδίας
802 708 867 734 ἁνα-

76 755 205 786 παύσεως
224 755 239 780 ὁ
255 754 382 789 Σαμουὴλ
401 754 548 786 καταστὰς,
565 754 594 780 τδ
617 754 766 780 ἀδιόδευτον
780 755 866 780 ἐκεῖνο

76 800 168 834 χάσμα
190 799 258 834 πρὸς
282 799 343 830 τοὺς
364 799 526 831 ἀσεϐοῦντας
548 800 689 835 διήρχετο,
709 799 771 826 οὔτε
796 798 865 826 ἑκὼν

75 845 135 871 οὔτε
153 846 244 872 ἄκων·
263 845 336 872 ἄκων
353 845 402 880 μὲν
415 842 460 871 οὖν
474 845 523 871 οὒκ
539 845 571 871 ἂν
583 845 622 871 ἔτι
637 845 768 880 ὑπέμεινε
780 846 810 872 τὸ
827 846 864 881 μὴ

898 263 905 268 -
920 249 1021 282 fuerat,
1049 253 1079 276 ut
1098 250 1158 285 ejus
1181 251 1272 277 anima
1290 255 1460 278 cvocaretur.
1486 249 1542 285 Ego
1562 258 1626 277 vero
1639 250 1704 277 dum

919 296 985 323 mihi
1011 296 1038 323 in
1064 299 1182 324 mentem
1206 297 1279 323 venit
1307 296 1492 331 evangelicum
1515 295 1581 323 illud
1597 296 1702 326 chaos.

919 341 992 375 quod
1007 340 1033 367 in
1048 341 1138 368 medio
1153 341 1284 368 malorum
1298 341 1487 375 bonorumque
1503 340 1637 368 firmatum
1650 345 1702 372 est.

919 385 1008 420 inquit
1025 386 1193 421 patriarcha,
1208 387 1251 414 vel
1268 387 1358 422 potius
1373 388 1532 422 patriarcha:
1548 388 1679 416 Dominus
1694 409 1702 420 ,

919 431 955 458 ita
967 435 997 458 ut
1011 439 1100 466 neque
1111 432 1215 466 possint
1229 432 1349 459 damnati
1364 433 1397 460 ad
1411 438 1565 461 sanctorum
1583 434 1703 469 quietem

919 477 1082 510 ascendere,
1106 485 1193 512 neque
1216 479 1302 505 sancti
1329 478 1362 505 ad
1387 478 1573 513 improborum
1600 484 1702 507 emtum

918 527 1080 557 penetrare:
1097 531 1175 551 veras
1196 531 1256 551 esse
1273 524 1423 551 sententias
1436 524 1571 558 ejusmodi
1588 534 1641 553 non
1656 527 1704 554 ad-

917 567 1010 600 mitto,
1026 571 1118 603 utpote
1129 568 1174 603 qui
1193 568 1280 595 solum
1297 576 1389 596 verum
1402 568 1514 596 credere
1527 568 1702 605 Evangeliutn

917 620 977 640 sum
994 612 1117 640 edoctus.
1139 613 1253 646 Quando
1270 613 1353 649 igitur
1369 621 1484 649 magnus
1501 614 1571 641 inter
1590 619 1700 643 sanctos

917 662 975 685 erat
990 657 1117 690 Samuel,
1142 667 1186 686 res
1203 662 1294 686 autem
1309 659 1380 686 mala
1401 663 1442 687 est
1457 660 1546 695 magia
1560 664 1586 688 et
1604 661 1699 688 incan-

918 703 1003 735 tatio,
1027 711 1088 730 cum
1107 704 1191 732 tantis
1218 704 1327 732 Samuel
1355 705 1382 731 in
1401 705 1506 732 deliciis
1534 710 1702 739 versaretur,

916 757 1004 784 neque
1029 750 1163 777 volentem
1187 758 1250 778 eum
1280 759 1368 786 neque
1394 751 1508 778 invitum
1536 752 1702 786 profundum

916 795 992 821 illum
1008 795 1110 822 hiatum
1125 804 1221 824 versus
1235 797 1333 831 impios
1347 801 1374 824 et
1389 797 1473 825 chaos
1488 798 1648 833 impervium
1662 806 1704 826 ar-

916 840 1003 867 bitror
1016 841 1165 876 trajecisse.
1181 843 1245 869 Nam
1262 843 1364 870 invitus
1379 843 1488 879 quidem
1505 844 1531 871 id
1544 851 1599 871 non
1617 844 1702 871 susti-

75 892 202 919 δύνασθαι
219 891 250 918 τὸ
263 892 399 927 δαιμόνιον
417 891 541 927 διαϐῆναι
554 890 584 917 τὸ
599 891 691 926 χάσμα
702 912 709 923 ,
724 892 770 917 καὶ
783 891 812 917 ἐν
826 889 861 925 τᾷ

915 886 1030 918 nuisset,
1053 887 1125 922 quod
1142 887 1247 915 hiatum
1262 887 1368 916 damon
1388 890 1554 924 pertransire
1569 897 1622 917 non
1641 898 1704 925 pos-

75 938 146 974 χορῴ
168 938 223 965 τῶν
241 938 321 964 ὁσίων
338 937 482 972 γενόμενον
511 937 689 972 μετακινῆσαι
710 936 755 963 τὸν
771 936 861 971 ἆγιον·

75 984 144 1011 ἑκὼν
164 985 194 1010 δὲ
210 984 262 1010 οὐκ
287 983 320 1011 ἂν
344 982 422 1009 τοῦτο
437 982 561 1017 ἐποίησε,
583 982 622 1017 τῷ
637 983 706 1017 μήτε
721 982 862 1017 βούλεσθαι

73 1029 252 1064 ἐπιμιχθῆναι
270 1029 325 1060 τοῖς
342 1029 451 1060 κακοῖς,
468 1028 537 1063 μήτε
550 1027 676 1054 δύνασθαι
687 1035 693 1042 ”
707 1027 746 1062 τῷ
764 1028 818 1063 γὰρ
832 1029 861 1054 ἐν

72 1076 183 1109 ἀγαθοῖς
199 1074 258 1100 am
281 1073 429 1108 ἀϐούλητον
446 1073 499 1100 ἀπὸ
514 1072 568 1099 τῶν
583 1074 611 1099 ὲν
626 1069 666 1104 οἷς
678 1073 751 1099 ἐστιν
762 1074 778 1108 ἡ
791 1072 859 1108 πρὸς

72 1121 104 1148 τὰ
118 1120 230 1147 ἐναντία
244 1119 418 1154 μετάστασις.
435 1119 465 1145 Εἰ
480 1118 507 1144 δέ
526 1127 566 1149 τις
580 1118 626 1144 καὶ
639 1117 779 1152 βούλεσθαι
789 1118 858 1153 δοίη,

72 1163 126 1190 ἀλλ’
140 1163 157 1197 ἡ
170 1161 218 1188 τοῦ
242 1161 381 1196 χάσματος
399 1160 478 1195 φύσις
493 1160 542 1187 οὐκ
561 1160 702 1196 ἐπιτρέπει
727 1159 775 1195 τὴν
790 1159 860 1195 πάρ-

71 1205 137 1232 οδον.

104 1246 137 1271 Τί
163 1243 212 1272 οὖν
236 1245 309 1271 ἐστιν
330 1243 344 1270 ὃ
367 1244 431 1279 περὶ
453 1242 554 1277 τούτων
577 1243 656 1278 ἡμεῖς
677 1242 857 1278 λογιζόμεθας

78 1291 188 1326 Ἐχθρὸς
200 1291 251 1325 τῆς
266 1289 439 1325 ἀνθρωπίνης
460 1288 567 1324 φύσεώς
581 1289 654 1315 ἐστιν
666 1289 680 1315 ὁ
693 1288 780 1319 κοινὸς
791 1288 858 1315 πάν-

71 1346 122 1363 των
139 1337 287 1372 πολέμιος,
300 1332 322 1369 ᾧ
337 1335 412 1362 πᾶσά
431 1335 503 1361 ἐστιν
517 1334 621 1361 ἐπίνοια
635 1333 682 1361 καὶ
702 1333 803 1369 σπουδὴ
821 1334 859 1365 είς

73 1382 139 1410 αὐτὰ
149 1383 185 1409 τὰ
193 1382 290 1418 καίρια
299 1381 426 1416 βλάπτειν
438 1381 482 1407 τδν
490 1380 640 1416 ἄνθρωπον.
656 1379 703 1411 Τίς
710 1379 737 1405 δὲ
748 1379 858 1414 τοιαύτη

73 1428 163 1462 καιρία
178 1427 250 1454 κατὰ
266 1426 318 1453 τῶν
332 1425 482 1462 ἀνθρώπων
498 1424 565 1459 άλλη
580 1423 680 1460 πληγὴ.
699 1423 736 1455 ὡς
750 1423 780 1450 τὸ
792 1423 860 1450 ἀπο-

917 935 974 964 set,
993 936 1074 968 atque
1085 941 1116 960 ex
1133 933 1222 961 medio
1238 934 1377 962 beatorum
1390 939 1462 962 cmtu
1479 935 1565 962 virum
1577 941 1702 963 sanetum

916 977 970 1005 alio
985 979 1149 1013 transferre;
1169 980 1262 1008 volens
1278 985 1368 1008 autem
1382 981 1408 1008 id
1425 988 1479 1008 non
1496 981 1615 1014 fecisset,
1629 983 1702 1017 quod

915 1029 1003 1057 neque
1021 1029 1084 1049 cum
1110 1024 1239 1058 improbis
1252 1025 1424 1052 commisceri
1443 1026 1521 1053 vellet
1538 1033 1627 1061 neque
1643 1033 1704 1060 pos-

917 1071 967 1094 set.
993 1067 1042 1100 Qui
1060 1068 1132 1095 enim
1156 1068 1184 1095 in
1204 1069 1283 1097 bonis
1297 1073 1433 1103 versatur,
1453 1070 1488 1097 ab
1502 1070 1537 1097 iis
1557 1070 1585 1097 in
1602 1071 1703 1106 quibus

918 1117 1042 1140 versatur
1060 1113 1094 1140 ad
1120 1115 1257 1141 contraria
1278 1119 1374 1150 sponte
1389 1122 1442 1144 non
1461 1116 1569 1144 transit.
1585 1116 1662 1149 Quod
1679 1117 1703 1144 si

917 1159 979 1193 quis
1007 1159 1089 1186 etiam
1116 1159 1190 1186 illum
1221 1160 1340 1188 voluisse
1363 1160 1513 1193 concedat,
1532 1169 1587 1189 non
1612 1165 1703 1189 tamen

918 1205 1004 1239 ipsius
1018 1204 1108 1232 hiatus
1120 1209 1216 1232 natura
1232 1206 1390 1233 transeundi
1407 1210 1568 1241 potestatem
1583 1206 1701 1236 fecisset.

953 1251 1022 1284 Quid
1044 1258 1108 1286 ergo
1131 1254 1183 1283 est,
1211 1251 1284 1286 quod
1312 1252 1346 1279 de
1371 1252 1413 1279 his
1434 1252 1513 1280 nobis
1534 1253 1561 1280 in
1583 1257 1702 1280 mentem

923 1295 1014 1322 venit?
1032 1295 1100 1322 Cum
1114 1300 1219 1322 natura:
1234 1295 1360 1323 humana:
1374 1296 1410 1322 sit
1431 1296 1559 1324 inimicus
1575 1304 1701 1324 commu-

916 1340 960 1368 nis
974 1341 1096 1368 omnium
1114 1341 1214 1371 hostis,
1233 1339 1260 1367 id
1279 1348 1361 1367 unum
1378 1341 1482 1376 cogitat
1497 1340 1653 1376 studetque,
1673 1347 1702 1369 ut

916 1394 971 1414 non
996 1386 1112 1422 quodvis
1136 1387 1258 1419 homini,
1282 1387 1329 1415 sed
1356 1387 1436 1414 letale
1459 1388 1559 1415 vulnus
1584 1387 1699 1424 inﬂigat.

914 1431 1056 1465 Quodnam
1074 1439 1155 1467 porro
1172 1431 1246 1459 aliud
1263 1433 1318 1460 tale
1330 1432 1429 1459 vulnus
1446 1432 1605 1461 hominibus
1621 1433 1701 1461 letale

72 1472 202 1507 ϐληθῆναι
227 1471 280 1498 ἀπὸ
302 1470 348 1498 τοῦ
362 1470 429 1497 Θεοῦ
452 1469 654 1502 ζωοποιοῦντος,
671 1468 798 1504 καὶπρὸς
812 1469 860 1504 τὴν

914 1477 1000 1512 possit
1017 1476 1113 1512 inﬂigi,
1129 1484 1211 1512 quam
1226 1477 1248 1504 si
1265 1483 1280 1503 a
1297 1476 1360 1504 vitae
1372 1481 1484 1504 auctore
1500 1476 1556 1505 Deo
1569 1477 1700 1513 rejician-

72 1519 209 1545 ἀπώλειαν
217 1518 264 1544 τοῦ
273 1517 386 1544 θανάτου
396 1516 526 1548 ἑκουσίως
536 1515 735 1550 αὑτομολῆσαις
750 1514 858 1549 Ἐπειδὴ

71 1565 158 1591 τοίνυν
175 1564 275 1599 σπουδή
291 1564 332 1595 τίς
347 1564 403 1590 ἐστι
422 1563 491 1590 κατὰ
504 1558 620 1598 τὺνᾟίον
631 1563 686 1594 τοῖς
702 1561 857 1596 φιλοσωμά-

71 1621 126 1643 τοις
147 1611 249 1645 γνῶσίν
262 1618 322 1637 τινα
335 1610 390 1636 τῶν
406 1609 556 1645 μελλόντων
576 1609 662 1644 ἔχειν·
680 1608 713 1634 δι’
731 1605 765 1644 ἧς
781 1607 857 1634 ἐλπί-

72 1658 162 1689 ζουσιν
174 1657 190 1692 ἢ
204 1657 259 1683 τῶν
274 1656 365 1683 κακῶν
376 1656 528 1690 ἀποφυγὴν,
542 1655 558 1690 ἢ
575 1654 644 1690 πρὸς
655 1654 689 1681 τὰ
704 1654 859 1689 καταθύμια

72 1704 256 1739 χειραγωγίαν
267 1712 273 1718 ·
289 1702 384 1729 τούτου
399 1702 488 1737 χάριν,
505 1701 541 1732 ὡς
556 1701 588 1727 ἂν
608 1699 645 1736 μὴ
659 1699 726 1735 πρὸς
740 1700 784 1726 τὸν
794 1699 860 1726 Θεὸν

71 1752 94 1777 οἰ
107 1750 247 1786 ἄνθρωποι
263 1749 385 1784 βλέποιεν
396 1768 403 1781 ,
417 1747 529 1779 πολλοὺς
539 1746 657 1783 τρόπους
671 1746 720 1781 τῆς
732 1745 778 1772 τοῦ
795 1745 859 1780 μέλ-

71 1797 162 1828 λοντος
172 1795 300 1830 γνώσεως
315 1796 332 1830 ἡ
347 1793 473 1829 ἀπατηλὴ
483 1793 538 1820 τῶν
551 1793 684 1828 δαιμόνων
698 1792 860 1827 ἐτεχνάσατο

72 1843 166 1877 φύσις,
182 1840 388 1871 οἰωνοσκοπίας,
413 1837 672 1874 συμϐολομαντείας,
687 1837 858 1873 χρηστήρια,

70 1886 421 1924 ὴπατοσκοπίαςωεκυῖας,
442 1884 662 1919 ἐνθουσιασμοὺς,
685 1883 858 1918 κατακωχὰς,

73 1934 248 1970 εμπ-νεύσεις,
273 1932 320 1959 καὶ
335 1932 403 1959 ἄλλα
425 1930 536 1958 τοιαῦτα
556 1930 657 1957 πολλά·
678 1930 724 1957 καὶ
740 1930 808 1964 ὅπερ
828 1929 860 1955 ἄν

71 1989 112 2012 τις
127 1979 197 2011 εἶδος
214 1977 394 2014 προγνώσεως
410 1977 440 2004 ἐκ
460 1985 531 2009 τινος
550 1977 657 2012 ἀπάτης
674 1975 771 2010 ἀληθὲς
788 1974 858 2002 εἶναι

72 2027 218 2062 νομίσειεν,
235 2026 323 2052 ἐκεῖνο
338 2024 368 2050 τὸ
383 2023 521 2059 ἀπατηλὸν
537 2022 671 2058 δαιμόνιον
691 2021 859 2057 παρασαίνε-

71 2082 115 2100 ται
134 2073 175 2104 εἰς
197 2071 339 2098 δικαίωσιν
361 2069 410 2104 τῆς
427 2069 605 2104 ἡπατημένης
629 2067 787 2103 ὑπολήψεως
813 2067 859 2094 τοῦ

72 2117 290 2154 πεπλανημένου.
306 2116 398 2147 Οῦτως
408 2115 455 2142 καὶ
465 2115 513 2149 τὴν
524 2114 570 2141 τοῦ
587 2114 666 2141 ἀετοῦ
683 2114 779 2149 πτῆσιν
792 2113 860 2149 πρὸς

71 2166 119 2200 τὴν
131 2163 180 2190 τοῦ
213 2161 468 2198 παρατετηρηκότος
481 2160 576 2187 ἐλπίδα
596 2160 756 2195 συνδραμεῖν
773 2168 859 2194 παρα-

74 2208 201 2240 σκευάζει
216 2209 231 2235 ὁ
248 2208 364 2242 δαίμων,
380 2207 428 2233 καὶ
439 2205 485 2232 τοῦ
501 2206 605 2241 ἥπατος
622 2205 666 2231 τὸν
680 2204 797 2239 παλμὸν,
813 2205 859 2231 καὶ

71 2255 118 2291 τὴν
130 2255 164 2281 ἐκ
177 2254 224 2281 τοῦ
236 2253 373 2288 φυσώδους
388 2252 531 2287 γινομένην
543 2251 597 2277 τῶν
617 2251 755 2285 μηνίγγων
771 2259 860 2284 παρα-

73 2300 169 2336 φορὰν,
187 2300 235 2327 καὶ
247 2299 302 2326 τῶν
322 2299 451 2334 ὀμμάτων
465 2297 669 2333 παραστροφὴν,
685 2297 731 2323 καὶ
742 2296 859 2330 ἑκάστην

73 2346 143 2374 κατὰ
153 2347 202 2381 τὴν
215 2345 414 2381 σημειωθεῖσαν
423 2345 455 2371 ὲκ
468 2345 516 2379 τῆς
523 2344 631 2378 ἀπάτης
643 2343 833 2377 παρατήρησιν
847 2343 863 2377 ἡ

73 2389 117 2415 τοῦ
125 2388 253 2423 δαίμονος
261 2387 415 2422 πανουργία
421 2386 593 2422 προδείκνυσι
600 2386 656 2416 τοῖς
664 2384 860 2418 ὰπατωμένοις·

73 2434 141 2460 ὥστε
161 2433 336 2463 ἀποστάντας
358 2431 422 2463 τοὺς
441 2430 599 2466 ἀνθρώπους
612 2429 658 2456 τοῦ
676 2428 759 2461 Θεοῦ,
778 2437 861 2464 προσ-

73 2481 144 2515 έχειν
157 2481 191 2515 τῇ
209 2477 344 2514 θεραπείᾳ
366 2476 420 2503 τῶν
435 2476 578 2511 δαιμόνων,
592 2475 625 2502 δι’
640 2467 861 2510 ὤν’ἐνεργεῖσθαι

72 2526 106 2552 τὰ
119 2525 231 2552 τοιαῦτα
246 2524 430 2551 πιστεύουσιν.
448 2522 495 2549 Ἐν
509 2521 598 2548 τοίνυν
618 2521 725 2556 ἀπάτης
743 2517 811 2551 εἶδος
827 2517 861 2553 ἦν

72 2572 118 2599 καὶ
128 2572 157 2598 τὸ
180 2571 236 2598 τῶν
257 2568 499 2605 ἐγγαστριμύθων,
522 2565 559 2595 ὧν
584 2569 600 2603 ἠ
626 2566 777 2602 μαγγανεία
800 2566 860 2591 ἐπι-

74 2617 180 2644 στεύετο
189 2616 323 2643 δύνασθαι
341 2615 392 2646 τὰς
407 2614 461 2640 τῶν
472 2614 669 2648 κατοιχομένων
680 2612 768 2647 ψυχὰς
779 2611 859 2638 πάλιν

72 2656 138 2699 πρὸς
154 2663 200 2690 τὸν
215 2663 273 2690 ἄνω
291 2661 350 2696 βίον
371 2660 540 2694 ἐφέλκεσθαι.
559 2658 612 2685 Τοῦ
627 2658 716 2684 τοίνυν
730 2658 817 2685 Σαοὺλ
833 2658 862 2684 ἐν

72 2709 221 2744 ἀπογνώσει
247 2706 389 2743 σωτηρίας
412 2705 568 2740 γεγονότος,
586 2704 674 2731 διὰτὸ
695 2705 866 2740 πανστρατιᾷ

73 2751 285 2787 συγκεκινῆσθαι
312 2748 375 2776 κατ’
401 2746 481 2774 αὑτοῦ
504 2748 556 2774 πᾶν
580 2747 610 2773 τὸ
629 2746 791 2781 ἀλλόιρυλον,
818 2747 866 2773 καὶ

72 2799 114 2826 ἐπὶ
125 2798 229 2834 ταύτην
242 2795 372 2826 ἐλθόντος
385 2793 433 2829 τὴν
445 2793 563 2820 ἐπίνοιαν
572 2813 578 2824 ,
594 2792 663 2819 ὥστε
679 2792 724 2818 τὶν
739 2791 865 2826 Σαμουὴλ

70 2844 138 2881 αὐτῷ
158 2844 264 2880 τρόπον
282 2840 435 2869 ὑποθέσθαι
450 2839 510 2867 τινὰ
528 2838 677 2874 σωτηρίας·
691 2838 721 2865 τὸ
742 2837 866 2874 παραμέ-

913 1526 967 1554 tur,
993 1525 1022 1548 ut
1048 1522 1076 1549 in
1095 1521 1191 1549 mortis
1207 1521 1321 1549 exitium
1339 1521 1492 1556 prircipites
1509 1522 1581 1550 ultro
1610 1523 1701 1551 feran-

913 1569 975 1595 tur?
996 1567 1128 1601 Quoniam
1153 1567 1234 1603 igitur
1258 1567 1383 1595 homines
1398 1568 1543 1603 voluptarii
1560 1569 1701 1604 corporis-

911 1622 964 1649 que
980 1614 1042 1650 plus
1063 1620 1142 1648 aequo
1160 1617 1283 1641 amantes
1302 1613 1329 1640 in
1345 1613 1396 1641 hac
1413 1614 1470 1641 vita
1485 1614 1578 1642 studio
1593 1622 1638 1643 res
1655 1615 1700 1642 fu-

911 1665 988 1687 turas
1001 1659 1105 1687 sciendi
1118 1663 1246 1687 tenentur
1261 1679 1268 1692 ,
1285 1668 1339 1695 qua
1357 1660 1516 1696 cognitione
1531 1661 1574 1689 vel
1589 1661 1660 1688 mala
1671 1669 1701 1690 se

911 1706 1062 1733 evilaturos
1079 1709 1203 1740 sperant,
1222 1705 1264 1732 vel
1282 1705 1308 1732 id
1324 1705 1397 1740 quod
1414 1705 1572 1734 desiderant
1588 1714 1701 1735 assecu-

912 1755 989 1778 turos
1008 1760 1015 1778 :
1038 1751 1144 1778 idcirco
1161 1759 1195 1779 nc
1212 1758 1227 1777 a
1242 1750 1298 1778 Deo
1316 1751 1453 1786 pendeant
1477 1751 1614 1784 homines,
1631 1760 1702 1788 pra:-

911 1797 1032 1824 notionis
1048 1804 1142 1824 rerum
1162 1796 1316 1824 futurarum
1336 1797 1411 1824 varia
1436 1804 1535 1832 genera
1549 1797 1629 1825 fallax
1645 1798 1701 1826 dae-

911 1849 1022 1869 monum
1034 1845 1131 1869 natura
1145 1846 1300 1870 commenta
1312 1846 1365 1874 est,
1377 1842 1503 1877 auguria,
1517 1843 1700 1871 divinationes

912 1897 960 1925 per
975 1888 1109 1924 symbola,
1124 1888 1247 1921 oracula,
1270 1887 1418 1922 aruspieia,
1441 1892 1609 1915 mortuorum
1635 1895 1700 1916 evo-

911 1936 1042 1967 cationes,
1062 1935 1166 1963 furoris
1187 1935 1305 1967 afﬂatus,
1331 1934 1454 1962 numinis
1474 1935 1633 1968 instinctus,
1657 1935 1699 1962 in~

911 1981 1088 2016 spirationes,
1103 1981 1210 2015 aliaque
1226 1980 1345 2015 plurima
1368 1979 1394 2007 id
1412 1987 1498 2015 genus
1516 1989 1523 2008 :
1541 1984 1599 2007 tum
1624 1989 1700 2016 quaa-

911 2033 1019 2061 cunque
1033 2025 1211 2061 praenotionis
1226 2025 1331 2060 species
1349 2033 1383 2052 ex
1399 2025 1488 2060 aliqua
1508 2025 1614 2054 fallacia
1634 2034 1699 2054 vera

912 2072 1029 2107 cuipiam
1044 2071 1181 2104 videatur,
1203 2070 1250 2098 illa
1271 2070 1404 2098 continuo
1425 2078 1440 2097 a
1464 2070 1554 2098 fallaci
1576 2071 1700 2099 daemone

911 2121 1092 2150 monstratur,
1109 2120 1140 2144 ut
1163 2117 1214 2144 hoc
1232 2119 1361 2151 tanquam
1378 2116 1532 2152 patrocinio
1549 2116 1626 2152 ejus,
1650 2117 1698 2152 qui

913 2163 941 2190 in
952 2163 1075 2190 fraudem
1090 2163 1196 2190 illectus
1210 2165 1262 2195 est,
1280 2162 1363 2189 fallax
1378 2162 1470 2197 opinio
1482 2161 1556 2197 justa
1572 2169 1699 2198 compro-

914 2210 1002 2237 betur.
1030 2209 1076 2237 Sic
1100 2209 1181 2236 efficit
1197 2209 1314 2241 daemon,
1339 2212 1368 2236 ut
1389 2209 1486 2244 aquilae
1508 2209 1614 2237 volatus
1636 2216 1698 2237 cum

913 2255 982 2290 ejus,
1003 2254 1049 2289 qui
1067 2253 1229 2286 observat-it,
1248 2260 1297 2287 spe
1317 2255 1344 2280 et
1365 2252 1568 2288 exspectatione
1582 2259 1699 2280 concur-

915 2305 966 2332 rat,
992 2304 1019 2327 et
1034 2302 1064 2326 ut
1078 2299 1179 2334 jecoris
1204 2298 1362 2333 palpitatio,
1385 2301 1413 2326 et
1430 2298 1650 2326 membranarum
1666 2304 1700 2324 ac

913 2344 1102 2380 pellicularum
1115 2352 1147 2371 ex
1163 2343 1300 2370 inﬂatione
1313 2347 1373 2370 orta
1392 2343 1548 2376 titubantia,
1564 2346 1591 2370 et
1606 2343 1700 2370 oculo-

914 2397 973 2416 rum
989 2389 1170 2420 inversiones,
1185 2392 1212 2415 et
1242 2394 1412 2422 unaquaeque
1434 2390 1516 2421 prout
1533 2391 1627 2414 notata
1642 2386 1700 2417 fue-

911 2434 947 2461 rit
971 2442 1003 2461 ex
1026 2434 1131 2461 fallacia
1156 2433 1332 2464 observatio,
1356 2432 1475 2467 deceptis
1501 2432 1657 2460 hominibus
1683 2439 1698 2459 a

911 2479 1031 2506 versutia
1048 2478 1180 2506 daemonis
1195 2481 1444 2510 commonstretur;
1462 2483 1492 2504 ut
1507 2485 1522 2504 a
1538 2477 1592 2505 Deo
1608 2477 1699 2505 disce-

912 2525 1006 2552 dentes
1023 2525 1176 2552 daemonum
1193 2524 1278 2550 cultui
1294 2531 1323 2550 se
1336 2522 1474 2555 addicant,
1489 2530 1503 2549 a
1519 2523 1618 2557 quibus
1635 2523 1698 2549 talia

911 2570 1144 2613 perﬁci‘credunt.
1168 2569 1251 2597 Porro
1267 2577 1351 2597 unum
1375 2573 1434 2597 erat
1456 2577 1487 2596 ex
1511 2569 1565 2596 illis
1585 2568 1699 2596 fallacia:

912 2616 1056 2652 generibus
1072 2616 1123 2642 hoc
1139 2615 1385 2650 ventriloquorum,
1400 2622 1448 2642 seu
1473 2614 1622 2649 Pythonem
1649 2614 1697 2640 ha-

915 2662 1046 2695 bentium,
1070 2669 1186 2696 quorum
1209 2662 1352 2697 praestigiae
1369 2668 1449 2696 posse
1465 2661 1569 2687 animas
1590 2667 1696 2689 eorum.

913 2709 959 2743 qui
974 2708 1158 2740 decesserant,
1176 2716 1271 2735 rursus
1285 2707 1318 2735 ad
1334 2708 1404 2735 hanc
1421 2707 1597 2742 superstitum
1615 2705 1696 2732 vitam

915 2754 1071 2788 protrahere
1086 2754 1276 2781 credebantur.
1294 2754 1361 2780 Cum
1386 2753 1476 2787 itaque
1501 2751 1566 2778 Saul
1593 2752 1632 2788 dc_
1649 2758 1698 2778 sua

914 2786 1001 2816 salute
1016 2789 1182 2824 desperaret,
1203 2789 1275 2823 quod
1291 2795 1386 2815 omnes
1402 2786 1495 2822 copias
1518 2795 1582 2814 suas
1601 2786 1697 2813 adver~

914 2842 961 2863 sus
978 2835 1065 2870 ipsum
1082 2834 1237 2870 alienigena:
1259 2841 1354 2862 omnes
1372 2833 1563 2869 collegissent,
1591 2833 1697 2868 sibique.
