1954 3081
93 76 135 105 113
726 66 769 93 DE
788 65 1015 94 PYTHONISSA.

1647 67 1703 95 HI"

91 133 115 158 ὲν
126 130 175 160 τοῖς
199 125 310 161 αὔχμοτς
338 122 602 159 ἀποξηραινομένου,
623 121 706 158 ἄλλης
729 122 768 157 τῷ
789 131 855 157 προ-

912 125 949 149 est
964 127 1061 155 aquam
1080 119 1172 147 bibere
1189 127 1220 147 ex
1237 123 1368 154 torrente,
1393 121 1509 148 latenter
1534 128 1547 148 a
1573 121 1626 149 Deo
1647 123 1694 149 ad-

91 176 152 211 φήτῃ
166 173 200 208 μὴ
215 170 408 207 εὑρισκομένης
427 168 493 203 πρὸς
506 168 555 204 τὴν
570 167 649 202 δίψαν
662 167 837 203 παραμυθίας
847 187 855 200 ,

90 221 126 248 διὰ
133 219 160 246 τὸ
169 216 327 252 ἀπειρῆσθαι
344 214 417 249 αὐτῷ
430 213 577 248 ἀλλαχόθεν
599 214 669 239 πιεῖν
679 233 686 245 ,
707 213 861 247 ἐπάναγκες

89 266 117 303 ἦν
138 264 240 299 αἰτῆσαι
262 262 307 288 τὸν
329 261 448 296 ὄμϐρον,
463 260 506 287 ἵνα
529 259 566 295 μὴ
586 259 712 296 ἐπιλείπῃ
738 259 768 285 τὸ
790 258 861 294 ὕδωρ

90 314 125 339 τὸν
143 308 300 345 χείμαρρον·
322 306 425 340 γίνεται
439 305 467 331 δὲ
494 304 534 339 τῷ
553 306 680 340 προφήτῃ
706 312 743 330 πα
751 303 785 339 ρὰ
806 303 861 330 τῶν

90 356 196 392 κοράκων
225 355 242 388 ἡ
266 351 319 379 τῶν
346 352 413 386 πρὸς
438 352 487 386 τὴν
515 350 587 386 ζωὴν
624 350 777 384 ἀναγκαίων
803 349 862 376 δια-

89 401 167 432 κονία,
192 397 341 428 δεικνύντος
366 396 410 422 διὰ
430 395 532 422 τούτων
556 395 603 422 τοῦ
629 395 697 422 Θεοῦ
729 395 768 431 τῷ
797 403 862 430 προ-

89 447 157 482 φήτῃ,
177 445 214 470 ὅτι
231 441 321 469 πολλοί
347 442 415 467 εἰσιν
431 442 455 467 οι
478 440 739 476 παραμεμενηκότες
760 441 793 475 τῇ
815 438 861 466 τοῦ

88 491 144 518 Θεοῦ
168 487 289 524 ἀληθινοῦ
323 487 442 522 λατρεία,
468 486 528 513 ὅθεν
552 487 709 522 ἐχορηγεῖτο
739 485 783 512 διὰ
809 485 862 512 τῶν

89 536 196 572 κοράκων
212 535 227 570 ἡ
250 533 335 569 τροφὴ
357 533 396 568 τῷ
412 532 555 568 προφήτῃ·
571 532 601 558 οὐ
613 531 667 567 γὰρ
684 531 718 558 ἂν
740 530 793 558 τῶν
813 539 862 566 με·

91 583 227 620 μιασμένων
251 580 327 615 αὐτῷ
352 580 472 616 προῆγον
486 580 587 614 ἀρτων,
610 579 626 614 ἢ
644 578 674 605 τὸ
691 578 862 605 εἰδωλόθυτον

89 629 166 664 κρέας.
179 627 257 652 Ὥστε
275 625 323 652 καὶ
337 624 382 650 διὰ
399 623 498 650 τούτων
524 623 671 658 ὲναχθῆναι
687 623 733 649 τὸν
757 621 861 657 Ἦλίανλ

89 672 227 708 χαθυψεῐναί
242 680 269 698 τι
280 670 328 697 τοῦ
345 669 415 697 κατὰ
429 669 484 697 τῶν
499 669 673 704 ὴσεῦηκότων
689 669 787 704 θυμοῦ,
805 677 857 703 μα-

89 721 154 746 θόντα
165 718 204 745 διὰ
226 717 280 744 τῶν
305 716 464 751 γινομένων,
480 715 520 741 ὃτι
545 714 637 741 πολλοί
658 715 726 742 εἰσιν
741 715 764 741 οἱ
790 714 858 749 πρὸς

87 763 189 792 τόνΘεὺν
202 762 332 797 ὁρῶντες,
354 761 399 792 οὒς
414 761 463 787 οὑκ
477 760 534 786 ἔστι
547 760 650 787 δίκαιον
664 759 861 794 συγκαταδικα-

913 166 1076 193 monebatur
1087 164 1155 197 fore,
1172 169 1201 192 ut
1215 173 1230 193 a
1244 166 1374 201 propheta
1388 167 1492 202 prolata
1505 171 1600 195 contra
1613 167 1699 195 Israe-

913 211 975 238 litas
993 211 1126 238 sententia
1143 211 1272 239 siccitatis
1286 216 1313 239 et
1331 212 1450 247 penuriae
1472 212 1566 241 imbris
1592 213 1626 241 ab
1640 213 1701 249 ipso

913 265 1010 285 rursus
1033 257 1245 284 rescinderetur.
1269 257 1319 285 Cui
1341 259 1412 286 enim
1429 258 1523 286 datum
1541 263 1593 292 est,
1618 263 1648 287 ut
1664 267 1695 287 cx

914 304 972 331 solo
984 307 1103 331 torrente
1116 303 1228 336 biberet,
1243 303 1289 332 illo
1300 304 1419 339 quidem,
1433 309 1463 333 ut
1473 306 1619 334 verisimile
1629 311 1698 338 erat,

912 349 1024 377 aestibus
1052 348 1201 380 exsiccato,
1227 356 1288 376 cum
1309 349 1418 377 aliunde
1447 350 1513 377 nihil
1541 354 1697 386 suppeteret

914 395 1062 430 prophetae,
1078 401 1131 429 quo
1143 394 1215 421 sitim
1228 394 1340 427 levaret,
1352 395 1569 430 quandoquidem
1583 398 1697 425 vetitum

915 440 952 467 illi
969 439 1068 473 fuerat,
1086 448 1119 468 ne
1143 440 1253 468 aliunde
1270 443 1361 476 potum
1386 445 1522 474 sumeret,
1549 444 1699 472 necessitas

915 487 1098 518 incumbebat,
1115 491 1144 514 ut
1155 486 1272 522 pluviam
1287 487 1445 521 postularet,
1464 495 1496 514 ne
1512 491 1616 516 torrens
1628 496 1696 524 aqua

914 531 1118 561 destitueretur.
1133 532 1216 560 Porro
1236 539 1251 559 a
1267 532 1357 560 corvis
1373 533 1521 568 prophetae,
1536 542 1597 568 quae
1610 534 1644 561 ad
1657 535 1697 562 vi-

913 580 987 604 ctum
1002 581 1080 605 erant
1103 577 1268 609 necessaria,
1287 576 1530 604 subministrantur
1545 597 1552 611 ,
1583 578 1636 606 Deo
1650 587 1698 614 per

913 624 971 652 hate
987 625 1123 660 prophetat
1146 623 1311 656 declarante,
1336 623 1436 650 multos
1451 630 1513 650 esse
1536 623 1581 658 qui
1606 623 1633 650 in
1650 623 1696 650 Dei

913 670 970 697 veri
992 671 1066 698 cultu
1092 673 1307 705 perseverarent,
1333 677 1365 698 ex
1391 677 1445 705 quo
1465 669 1542 696 cibus
1559 669 1697 704 prophetae

914 716 1138 750 suppeditabatur
1154 725 1160 743 :
1181 723 1269 750 neque
1284 715 1355 742 enim
1371 715 1489 749 pollutos
1504 714 1528 742 ei
1542 722 1636 749 panes,
1649 718 1696 741 aut

915 761 996 789 idolis
1013 762 1166 790 immolatas
1179 769 1274 789 carnes
1291 761 1471 797 porrigerent.
1489 761 1577 796 Atque
1592 762 1630 788 ita
1651 769 1698 796 per

89 809 166 843 σθῆναι
184 792 237 838 eoi;
256 792 402 837 ὑπαιτίοις.
427 805 473 836 Et;
484 804 512 831 δὲ
535 804 607 839 πρωϊ
623 805 671 840 μὲν
689 792 708 831 ὁ⁷
720 805 817 839 ἄρτος,
831 805 859 831 ἐν

913 805 970 833 haec
982 806 1147 833 incitabatur
1161 806 1245 838 Elias,
1262 792 1407 841 ut-aliqdid
1423 807 1457 833 de
1472 792 1564 833 suain
1579 813 1636 838 eos,
1651 792 1701 840 qui.

86 853 109 880 δὲ
119 855 147 888 τῇ
159 852 258 887 ἑσπέρᾳ
270 852 301 878 τὸ
315 851 399 886 κρέας
410 850 482 884 αὐτῷ
499 850 670 877 διακονεῖται.
682 851 761 882 Ἴσως
775 850 807 876 δι’
820 851 861 876 att-

86 899 197 933 νίγματος
221 896 291 931 πρὸς
311 896 438 931 ἐνάρετον
457 895 513 930 βίον
536 895 653 930 σπουδὴν
667 895 698 921 τὸ
719 894 861 930 γινόμενον

87 945 141 980 ἔχει,
154 944 191 970 ὅτι
204 942 257 978 χρὴ
272 941 434 977 ἀρχομένοις
449 940 503 967 τῶν
519 940 701 975 τελειοτέρων,
717 941 788 967 κατὰ
811 941 860 977 τὴν

87 989 124 1015 τοῦ
134 988 231 1015 Παύλου
245 987 349 1021 φωνὴν,
363 986 392 1017 ὃς
408 994 487 1021 φησιν
500 1005 506 1017 ,
522 985 562 1011 ὅτι
588 985 711 1012 Τελείων
721 985 755 1012 δέ
776 986 861 1012 ἐστιν

86 1035 100 1068 ἢ
112 1033 206 1067 στερεὰ
222 1031 333 1067 τροφὴ,
348 1031 409 1058 τῶν
420 1031 468 1058 διὰ
482 1031 539 1065 τὴν
553 1030 619 1062 ἕξιν
633 1031 669 1058 τὰ
683 1031 861 1066 αἰσθητήρια

87 1078 296 1114 ξεγυμνιισμένα
307 1077 450 1112 ἑχόντων.
466 1077 502 1103 Τὸ
520 1077 548 1103 δὲ
574 1077 702 1112 κάλυμμα
716 1076 762 1103 τοῦ
776 1078 858 1104 Muti-

87 1127 142 1158 σὲως
150 1127 195 1152 οὐκ
208 1127 355 1161 ἀγνοήσεις
369 1125 437 1161 πρὸς
453 1123 467 1151 ὅ
481 1133 508 1150 τι
524 1122 626 1158 βλέπει,
639 1123 671 1158 τῇ
686 1123 753 1158 πρὸς
766 1123 860 1158 Κορινε

86 1173 145 1204 ϐίους
163 1171 303 1207 Ἐπιστολῇ
323 1171 428 1199 Παύλου
447 1169 640 1205 καθομιλήσας.
661 1169 731 1195 Ὅσα
753 1168 780 1194 δὲ
797 1169 860 1204 περὶ

84 1220 128 1246 τῶν
149 1220 244 1247 θυσιῶν
261 1219 455 1255 ὲπεζήτησας,
474 1218 563 1249 καλῶς
592 1217 715 1251 ποιήσεις
744 1216 803 1244 ὅλον
830 1216 861 1242 τὸ

87 1266 208 1292 λευῑτικὺν
232 1263 452 1299 φιλοπονώτερον
466 1263 606 1296 ἐξετάσας,
620 1262 667 1288 καὶ
684 1262 752 1296 μετὰ
773 1261 859 1288 πλείο-

85 1320 120 1341 νος
131 1311 173 1345 τῆς
183 1310 348 1346 προσεδρίας
371 1308 520 1340 καθολικῶς
532 1307 577 1334 τὸν
590 1308 619 1333 ὲν
635 1306 738 1338 τούτοις
753 1306 857 1342 θεωρή-

86 1364 128 1387 σας
144 1357 229 1391 νόμον.
239 1356 322 1383 Οὕτω
334 1355 388 1390 γὰρ
399 1353 679 1388 συγκατανοηθήσεται
691 1352 730 1388 τῷ
742 1353 794 1388 ὅλῳ
811 1351 857 1388 μὲ-

87 1410 136 1435 ρος·
150 1402 187 1435 ἐφ’
201 1401 298 1428 ἑαυτοῦ
322 1400 376 1436 γὰρ
396 1400 475 1427 τοῦτο
492 1400 570 1435 μόνον
588 1400 638 1426 οὐκ
658 1399 690 1426 ἂν
707 1398 859 1433 διευκρινηη

85 1448 134 1482 θείη
149 1447 197 1482 πρὸ
215 1447 266 1482 τῆς
287 1446 338 1473 τοῦ
355 1446 454 1478 παντὸς
471 1445 597 1481 θεωρίας.
616 1445 659 1471 Ἐν
674 1445 702 1471 δὲ
726 1445 781 1474 τοῖς
795 1444 859 1479 περὶ
873 1457 894 1486 c

85 1492 126 1526 τῆς
138 1491 326 1527 ἀντικειμένης
340 1491 478 1528 δυνάμεως
491 1489 710 1526 ὲπηπορημένοις
726 1489 857 1524 πρόδηλός

84 1538 145 1564 ἐστιν
158 1539 173 1573 ἡ
185 1538 268 1570 λύσις,
295 1538 339 1564 ὅτι
353 1538 402 1572 οὐχ
412 1536 506 1568 ἁπλῶς
524 1536 653 1570 ἄγγελος,
672 1535 729 1562 ἀλλ’
742 1535 771 1561 ὲν
788 1535 852 1571 ἀρχ-

84 1583 192 1616 αγγέλοις
203 1581 236 1618 ἦν
253 1581 423 1617 τεταγμένος
434 1582 449 1608 ὁ
467 1580 621 1616 ἀποστάτης
636 1579 789 1615 γενόμενος.
806 1580 857 1614 Δῆ-

83 1628 119 1655 λον
127 1626 168 1655 οὖν
179 1628 217 1655 ᾶιι
228 1629 262 1664 τῇ
282 1628 358 1664 ἀρχῇ
379 1626 593 1653 συνενδείκνυται
608 1625 654 1652 καὶ
669 1625 699 1651 τὸ
706 1623 857 1659 ὑποχείριον

84 1673 170 1708 τάγμα,
186 1673 255 1701 ὥστε
270 1672 402 1700 λελύσθαι
415 1671 464 1706 τὴν
482 1671 593 1706 ζήτησιν
612 1669 733 1705 περὶτοῦ
749 1668 806 1700 πῶς
816 1666 857 1700 εἷς

84 1715 160 1751 ἦνκαὶ
174 1718 240 1753 μετά
254 1716 379 1752 πλήθους
395 1715 452 1743 ὲστί
462 1724 468 1731 ·
479 1715 529 1749 τῆς
541 1715 594 1750 γὰρ
609 1714 764 1749 ὑποχειρίου
776 1722 859 1748 στρα-

83 1764 131 1794 τιᾶς
146 1764 214 1798 αὐτῷ
230 1761 452 1796 συναποστάσης,
470 1761 663 1795 σεσαφήνισται
678 1759 708 1785 τὸ
725 1758 858 1794 ζητούμε‹

83 1815 126 1833 νον.
142 1807 176 1833 Τὺ
187 1807 214 1834 δὲ
229 1808 389 1833 τελευταῖον
403 1805 457 1832 τῶν
468 1803 685 1840 ὲπιζητηοέντων
700 1803 856 1838 κεφάλαιον,

82 1853 142 1887 λέγω
152 1853 180 1888 δὴ
190 1853 229 1887 τὸ,
245 1853 310 1885 πῶς
325 1851 503 1886 παραγίνεται
516 1851 547 1878 τὸ
560 1850 671 1886 Πνεῦμα
680 1851 733 1886 πρὸ
747 1850 795 1877 τοῦ
809 1850 858 1885 βα-

85 1900 227 1934 πτίσματος,
251 1899 428 1934 πλατυτέρας
450 1897 598 1929 ὲξετὰσεώς
613 1905 643 1924 τε
670 1897 716 1924 καὶ
742 1896 858 1932 θεωρίας

82 1945 200 1979 δεόμενον,
226 1945 287 1980 ίδίῳ
310 1943 529 1979 περιγράψαντες
545 1942 631 1978 λόγῳ,
647 1941 714 1969 Θεοῦ
727 1942 855 1973 διδόντος,

82 1990 266 2026 ἀποστελοῦμέν
283 1997 334 2016 σου
345 1990 378 2024 τῇ
395 1988 540 2023 τιμιότητι.

913 850 987 885 impii
1006 850 1032 877 in
1054 851 1139 878 Deum
1164 851 1281 883 fuerant,
1297 850 1337 877 ira
1350 850 1511 882 remitteret,
1527 858 1588 878 cum
1611 851 1699 888 exiis

912 903 972 930 quae
984 895 1082 923 fiebant
1097 896 1268 931 intelligeret,
1285 896 1384 924 multos
1404 903 1466 924 esse
1481 896 1527 931 qui
1550 896 1634 924 Deum
1651 905 1698 924 co-

912 943 1010 975 lerent,
1026 950 1094 977 quos
1108 950 1214 977 aequum
1231 950 1284 969 non
1301 942 1336 970 sit
1351 949 1411 969 cum
1428 942 1482 970 reis
1500 942 1600 977 puniri.
1618 942 1696 976 Quod

912 995 977 1015 vero
992 995 1071 1015 mane
1085 989 1195 1022 quidem
1213 989 1302 1023 panis,
1317 995 1432 1023 vespere
1445 992 1533 1016 autem
1550 996 1648 1017 carnes
1659 989 1696 1015 illi

912 1033 1165 1066 subministrantur,
1191 1033 1306 1061 fortasse
1321 1041 1369 1069 per
1389 1034 1503 1069 aenigma
1527 1034 1604 1066 illud,
1625 1034 1699 1069 quod

916 1078 958 1111 fit,
974 1078 1105 1111 studium,
1121 1085 1170 1105 seu
1183 1077 1349 1113 diligentiam
1375 1079 1408 1105 ad
1425 1078 1507 1106 vitam
1521 1086 1583 1105 cum
1599 1078 1701 1106 virtute

913 1123 1115 1158 transigendam
1137 1131 1192 1159 prae
1210 1131 1239 1151 se
1255 1123 1318 1156 fert,
1340 1124 1414 1159 quod
1439 1124 1473 1152 iis
1497 1124 1542 1159 qui
1564 1124 1699 1159 incipiunt

912 1177 981 1204 opus
1001 1171 1035 1196 sit
1052 1169 1123 1201 cibo,
1140 1170 1186 1204 qui
1203 1173 1243 1197 est
1260 1169 1462 1204 perfectiorum,
1474 1170 1551 1205 juxta
1565 1169 1640 1196 Pauli
1656 1169 1698 1196 di-

911 1217 985 1241 ctum
1000 1223 1006 1240 :
1024 1213 1206 1248 Perfectorum
1226 1219 1313 1240 autem
1331 1219 1369 1241 est
1386 1215 1488 1242 solidus
1507 1215 1593 1246 cibus,
1606 1223 1702 1241 eorum

911 1259 956 1294 qui
981 1267 1029 1294 pro
1054 1260 1242 1286 consuetudine
1264 1260 1422 1287 exercitatos
1444 1268 1535 1287 sensus
1559 1260 1652 1287 habent
1663 1260 1699 1285 ⁸⁸,

914 1303 1014 1338 Moysis
1026 1308 1115 1331 autem
1131 1305 1264 1336 velamen,
1281 1312 1336 1339 quo
1350 1308 1464 1340 spectet,
1480 1313 1535 1332 non
1550 1305 1701 1340 ignorabis,

912 1350 934 1377 si
953 1349 1099 1384 Epistolam
1113 1349 1146 1377 ad
1160 1349 1316 1378 Corinthios
1336 1350 1466 1378 lectitaris
1477 1351 1522 1377 η’.
1535 1350 1613 1388 Quod
1632 1357 1702 1378 vero

912 1396 1007 1423 attinet
1021 1395 1055 1423 ad
1065 1403 1096 1424 ea
1111 1403 1173 1430 quae
1189 1396 1223 1424 de
1243 1396 1386 1424 sacriﬁciis
1403 1400 1580 1432 percontatus
1597 1403 1638 1428 es.
1655 1403 1701 1423 re-

911 1445 953 1468 cte
965 1441 1070 1474 feceris,
1087 1442 1111 1468 si
1121 1440 1278 1474 ,Leviticum
1287 1441 1438 1471 studiosius
1448 1445 1587 1469 scrutatus
1601 1441 1699 1474 fueris.

913 1486 1063 1520 majorique
1086 1485 1248 1513 assiduitate
1268 1487 1416 1521 generatim
1433 1493 1481 1514 cas
1495 1494 1555 1521 qua:
1571 1486 1605 1514 ad
1632 1486 1698 1514 istas

911 1531 1047 1566 pertinent
1075 1531 1147 1566 leges
1169 1531 1396 1559 consideraveris.
1425 1531 1472 1558 Sic
1498 1531 1571 1559 enim
1595 1531 1650 1564 fiet,
1669 1535 1699 1558 ut

914 1583 975 1602 cum
991 1579 1048 1603 toto
1065 1579 1169 1610 partem
1186 1575 1342 1611 intelligas;
1358 1575 1502 1610 separatim
1516 1583 1634 1610 namque
1647 1575 1702 1603 hoc

911 1620 999 1648 solum
1016 1628 1070 1648 non
1083 1620 1161 1648 facile
1178 1620 1261 1648 fuerit
1276 1621 1434 1649 discernere
1445 1629 1477 1649 ac
1489 1621 1625 1649 discutere
1636 1626 1700 1649 ante

911 1667 996 1694 totius
1011 1668 1117 1702 generis
1132 1667 1364 1702 disquisitionem.
1387 1667 1417 1694 ln
1435 1667 1477 1694 his
1493 1675 1557 1695 vero
1572 1668 1699 1703 quastio-

910 1713 1007 1745 uibus,
1031 1720 1092 1748 quae
1117 1713 1150 1741 ad
1173 1714 1340 1741 contrariam
1366 1714 1503 1750 pertinent
1525 1718 1698 1749 potestatem,

909 1757 1052 1786 manifesta
1067 1762 1108 1786 est
1123 1759 1234 1792 solutio,
1248 1767 1302 1787 non
1318 1760 1479 1794 simpliciter
1493 1761 1618 1795 angelum
1632 1759 1696 1787 fuis-

909 1811 948 1837 se,
957 1804 1004 1832 sed
1014 1805 1083 1832 inter
1091 1805 1268 1842 archangelos
1280 1806 1458 1833 constitutum
1473 1805 1558 1834 fuisse
1570 1813 1642 1839 eum,
1651 1806 1698 1841 qui

909 1849 1033 1878 desertor
1049 1854 1092 1879 est
1109 1851 1207 1879 factus.
1233 1851 1330 1887 Liquet
1352 1859 1417 1888 ergo
1435 1860 1487 1879 una
1504 1860 1566 1880 cum
1582 1853 1697 1888 imperio

909 1896 1043 1924 subditam
1069 1898 1107 1925 illi
1135 1902 1253 1925 turmam
1278 1898 1391 1926 indicari
1419 1899 1469 1930 sic,
1496 1903 1525 1926 ut
1549 1898 1638 1925 soluta
1662 1889 1698 1925 sit

908 1943 1028 1978 quaestio
1042 1944 1097 1976 illa,
1114 1951 1168 1979 quo
1182 1948 1263 1977 pacto
1279 1952 1349 1971 unus
1369 1943 1462 1975 fuerit,
1482 1947 1509 1971 et
1528 1951 1590 1971 cum
1624 1944 1696 1971 mul-

909 1988 1025 2016 titudine
1039 1989 1092 2017 sit:
1112 1997 1173 2019 cum
1190 1990 1262 2018 enim
1280 1989 1316 2022 id,
1334 1990 1406 2024 quod
1419 1989 1572 2024 subjectum
1587 1990 1626 2016 illi
1639 1993 1698 2017 erat

83 2045 174 2072 agmen,
189 2045 251 2065 cum
268 2045 304 2065 co
320 2035 460 2068 defecerit,
473 2035 624 2070 expositum
641 2039 681 2062 est
697 2034 771 2069 quod
801 2035 984 2069 quaerebatur.
1008 2035 1180 2064 Postremum
1212 2044 1277 2063 vero
1301 2040 1383 2072 caput
1417 2036 1598 2072 quaestionum
1631 2043 1696 2070 pro—

84 2085 226 2118 positarum,
243 2083 397 2120 quomodo,
412 2083 535 2118 inquam,
549 2082 669 2116 Spiritus
691 2084 753 2108 ante
794 2081 960 2116 baptismum
982 2082 1117 2113 adveniat,
1149 2082 1273 2117 ampliori
1285 2082 1387 2117 indiget
1397 2081 1588 2117 disquisitione
1616 2086 1697 2117 atque

83 2132 299 2164 consideratione.
315 2130 388 2167 quod
408 2137 470 2158 cum
494 2129 603 2165 proprio
625 2129 695 2157 libro
717 2127 851 2164 complexi
872 2127 1022 2163 fuerimus,
1047 2130 1101 2158 Deo
1122 2129 1214 2162 dante,
1231 2130 1264 2157 ad
1297 2133 1375 2157 tuam
1392 2130 1570 2157 reverentiam
1604 2133 1695 2156 trans-

83 2178 215 2206 mittemus.

110 2247 127 2261 δ’
145 2247 222 2276 Hebr.
237 2259 265 2284 ν,
277 2250 331 2278 43.
372 2251 406 2268 ⁸³⁸
426 2251 448 2279 ll
462 2252 524 2280 Cor.
541 2260 581 2288 ιιι,
601 2254 643 2282 15.
