1954 3081
243 95 296 123 “Si

251 169 383 184 ‘=—-‘_
383 169 592 183 ,εΗ-*β
593 169 906 180 =_——_—_———
698 169 739 171 —
752 169 787 173 ‘—
796 169 800 170 ⁷
810 168 880 173 ‘——
891 169 1099 181 _—-—~—"‘_:

845 91 874 118 S.
903 90 1065 118 GREGORII
1086 90 1230 118 NYSSENI

1822 89 1872 116 116

1754 167 1876 174 ..η-μα..

1758 175 1875 182 —...

651 281 765 324 ΤΟΥ
804 282 876 324 EN
903 263 1102 325 ἈΓΙΟΙΣ
1151 282 1462 325 ΓΡΗΓΟΡΙΟΥ

888 406 1085 434 ΕΠΙΣΚΟΠΟΥ
1101 406 1238 434 ΝΥΣΣΗΣ

263 503 266 506 ’
321 530 518 596 ΠΕΡΙ
591 528 767 596 ΤΟΥ
802 530 931 596 ΜΗ
969 525 1188 594 EINAI
1225 529 1463 594 ΤΡΕΙΣ
1513 527 1798 596 ΘΕΟΥΣ

903 670 1001 696 ΠΡΟΣ
1024 669 1212 696 ABAA-BION.

789 876 836 920 S.
866 875 918 919 P.
957 874 1015 918 N.
1041 872 1331 920 GREGORII

897 1004 1054 1033 EPISCOPI
1074 1003 1224 1033 NYSSENI

560 1122 756 1192 QUOD
798 1121 945 1180 NON
1019 1121 1186 1177 SINT
1232 1118 1413 1177 TRES
1454 1121 1558 1178 Dll

926 1245 975 1272 AD
990 1244 1192 1273 ABLABIUM.

659 1339 806 1372 (Laurentio
817 1338 900 1364 Sifano
916 1336 1065 1370 interprete.
1078 1350 1108 1356 -—
1123 1337 1168 1362 Ed.
1184 1337 1252 1367 1658,
1267 1341 1284 1362 ι.
1297 1337 1340 1368 lll,
1353 1344 1377 1368 p.
1394 1337 1443 1368 l5.)

243 1519 375 1554 Ostendit,
398 1526 450 1547 tres
467 1519 598 1547 Personas
616 1518 719 1546 divinas
748 1527 799 1545 non
820 1525 896 1552 posse
924 1518 977 1545 dici
993 1522 1046 1545 tres
1067 1518 1139 1549 deos.
1166 1518 1211 1545 scd
1226 1526 1270 1545 eas
1289 1526 1370 1545 unum
1398 1518 1479 1546 Deum
1494 1527 1559 1547 esse.
1587 1519 1749 1554 Opusculum
1767 1522 1818 1549 hoc
1834 1522 1881 1550 sub

276 1569 383 1596 nomine
398 1577 406 1593 ι
430 1566 560 1602 Epistula:
577 1565 612 1593 ad
623 1565 765 1592 Ablabium
783 1565 814 1593 de
830 1564 859 1593 S.
877 1566 1006 1593 Trinitate
1023 1566 1102 1600 ijam
1122 1566 1185 1592 alim
1201 1565 1328 1602 Gregorio
1345 1565 1466 1602 Nysseno
1490 1567 1593 1600 tribuit,
1615 1568 1672 1596 loco
1690 1569 1751 1596 inde
1760 1570 1880 1604 prolato,

278 1620 350 1640 conc.
368 1612 495 1640 Lateran.
523 1611 586 1638 anni
603 1609 664 1644 649,
678 1610 749 1638 decr.
765 1618 790 1638 v.
807 1610 917 1644 (Mansi,
937 1616 956 1638 ι.
978 1610 1012 1644 Χ,
1029 1619 1050 1638 ε(

1099 1611 1189 1646 1075)

279 1801 334 1829 Vos
354 1800 475 1836 quidem,
492 1801 537 1836 qui
548 1800 626 1836 juxta
644 1801 783 1829 internum
801 1801 939 1830 hominem
955 1801 1030 1829 onmi

241 1847 343 1875 robore
353 1847 462 1883 vigetis,
481 1855 589 1882 aequum
616 1851 676 1875 erat
693 1855 755 1875 cum
782 1847 948 1875 adversariis
964 1848 1033 1875 veri-

243 1893 310 1920 tatis
325 1892 476 1925 decertare,
496 1900 615 1928 eumque
641 1892 713 1920 haud
734 1893 866 1929 gravatim
892 1893 1033 1926 suscipere

242 1939 377 1973 laborem,
394 1942 423 1966 ut
436 1946 487 1967 nos
502 1942 595 1973 patres
610 1939 751 1974 praeclaris
778 1939 897 1966 ﬁliorum
925 1939 1033 1967 sudori-

243 1986 295 2014 bus
307 1985 510 2016 oblectaremur
525 1985 590 2020 (hoc
610 1985 683 2013 enim
701 1985 824 2020 suggerit
836 1985 879 2013 lex
895 1989 1031 2020 naturae);

243 2031 291 2060 sed
305 2031 436 2067 quoniam
463 2031 572 2060 inverso
588 2031 685 2059 ordine
699 2031 731 2059 ad
748 2039 799 2059 nos
813 2031 900 2059 mittis
915 2031 1034 2067 impetus

242 2077 410 2112 cuspidum,
435 2077 537 2112 quibus
566 2077 716 2105 adversarii
744 2078 887 2105 veritatem
916 2080 1033 2112 petunt,

243 2123 422 2158 pustulasque
435 2129 451 2150 a
471 2122 551 2150 nobis
569 2123 682 2151 senibus
701 2123 797 2158 clypeo
815 2122 876 2150 ﬁdei
894 2123 1033 2158 exstingui

243 2169 379 2196 carbones
407 2169 602 2200 desolatorios,
618 2174 645 2197 et
667 2169 777 2197 retundi
802 2169 854 2196 tela
868 2176 916 2204 per
938 2168 1034 2196 falsam

244 2213 388 2240 scientiam
414 2218 507 2246 acula,
531 2215 699 2249 suscipimus
726 2222 797 2242 onus
820 2214 985 2250 injunctum,
1003 2221 1035 2241 ac

243 2259 294 2291 tibi
317 2259 351 2286 ad
380 2267 546 2295 propensam
573 2260 757 2288 obedientiam
782 2260 909 2295 exemplo
926 2267 1033 2292 sumus,

244 2309 274 2332 ut
289 2306 372 2333 etiam
389 2306 447 2340 ipse
472 2306 553 2334 nobis
569 2306 687 2333 invicem
703 2313 797 2341 parem
813 2305 936 2339 praebeas
950 2306 978 2332 in
995 2305 1035 2333 si-

244 2351 358 2378 milibus
370 2350 457 2385 jussis
470 2351 692 2383 retributionem,
715 2350 738 2378 si
758 2350 870 2386 quando
883 2355 909 2378 te
923 2351 956 2378 ad
969 2350 1035 2378 talia

244 2396 396 2423 certamina
411 2396 636 2428 excitaret-imus,
654 2403 671 2423 ο
688 2399 800 2423 strenue
826 2395 930 2423 Christi
955 2396 1035 2424 miles

244 2443 367 2471 Ablabie.
382 2443 430 2471 Est
445 2447 537 2470 autem
551 2442 624 2469 baud
640 2449 723 2476 parva
737 2442 853 2477 quaestio
869 2442 936 2475 haec,
952 2449 1034 2478 quam

245 2488 414 2524 proposuisti
438 2489 529 2522 nobis,
556 2496 646 2523 neque
671 2488 816 2523 ejusmodi,
841 2496 903 2524 quae
926 2490 949 2516 si
978 2496 1033 2516 non

245 2536 442 2563 convenienter
460 2542 492 2562 ac
507 2534 588 2568 digne
608 2538 726 2561 tractata
755 2538 782 2562 et
798 2535 952 2562 examinata
973 2534 1032 2563 fue-

245 2582 291 2613 rit,
308 2589 362 2609 non
381 2588 479 2616 parum
496 2580 653 2607 detrimenti
665 2580 780 2607 allatura
797 2581 842 2608 sit.
857 2580 975 2608 Necesse
990 2585 1033 2608 est

244 2628 318 2654 enim
335 2634 367 2653 ex
384 2626 409 2653 vi
429 2624 617 2658 theorematis,
635 2625 785 2653 secundum
804 2633 866 2653 eum
880 2626 927 2660 qui
944 2626 1031 2660 prima

245 2670 336 2698 fronte
352 2677 381 2698 se
398 2669 477 2697 otl‘ert
495 2669 676 2702 intellectum,
697 2669 726 2698 in
743 2670 904 2698 alterutrum
919 2677 1033 2705 prorsus

245 2715 421 2743 dissimilium
441 2715 556 2743 duorum
578 2715 701 2744 incidere
717 2723 849 2749 errorem,
871 2720 899 2743 et
919 2716 959 2743 vel
976 2719 1032 2744 tres

246 2762 338 2789 dicere
351 2761 417 2789 deos
433 2761 516 2797 (quod
532 2761 610 2790 nefas
623 2761 686 2796 est).
702 2762 743 2790 vel
759 2762 916 2790 testimonio
936 2764 1032 2789 nostro

247 2815 302 2837 non
328 2809 519 2845 comprobare,
549 2809 621 2845 quod
642 2808 710 2836 Filio
739 2807 910 2843 Spirituique
935 2810 1031 2835 sancto

1047 1800 1069 1827 Δ

1125 1801 1213 1836 ’Υμᾶς
1230 1801 1279 1837 μὲν
1293 1801 1395 1828 δίκαιόν
1408 1801 1467 1827 ἐστι
1483 1800 1546 1832 τοὺς
1568 1800 1743 1836 ἀκμάζοντας
1761 1801 1791 1828 ὲν
1805 1802 1882 1839 πάσῃ

1083 1845 1195 1880 δυνάμει
1209 1846 1280 1873 κατὰ
1294 1845 1338 1872 τὸν
1352 1846 1406 1873 ἔσω
1419 1846 1562 1881 ἄνθρωπον
1579 1846 1647 1881 πρὸς
1662 1846 1726 1878 τοὺς
1739 1847 1881 1879 ἐναντίους

1083 1891 1133 1927 τῆς
1156 1891 1283 1927 ἀληθείας
1299 1892 1518 1926 διαγωνίζεσθαι,
1539 1885 1586 1918 καὶ
1601 1891 1638 1927 μὴ
1656 1894 1798 1920 κατοκνεῖν
1811 1893 1882 1928 πρὸς

1084 1937 1148 1969 τοὺς
1158 1937 1266 1969 πόνους,
1279 1938 1353 1969 ὅπως
1367 1937 1400 1965 ἂν
1410 1938 1490 1973 ἡμεῖς
1503 1938 1528 1964 οἱ
1546 1937 1663 1973 πατέρες
1677 1939 1733 1970 τοῖς
1743 1939 1882 1973 γενναίοις

1085 1982 1178 2018 ἱδρῶσι
1189 1983 1244 2019 τῶν
1257 1983 1359 2010 τέκνων
1373 1983 1618 2020 ἑπευιρραινώμεθα
1632 1984 1722 2018 (τοῦτο
1736 1984 1790 2020 γὰρ
1802 1986 1816 2012 ὁ
1829 1985 1881 2020 τῆς

1085 2029 1193 2065 φύσεως
1206 2029 1363 2057 ὑποτίθεται
1376 2030 1479 2066 νόμος)·
1496 2029 1590 2066 ἐπειδὴ
1606 2030 1634 2057 δὲ
1648 2031 1820 2067 ἀναστρέψας
1830 2032 1881 2067 τὴν

1085 2075 1161 2107 τάξιν
1177 2075 1219 2110 ἐφ’
1234 2076 1307 2110 ἡμᾶς
1333 2076 1453 2111 πέμπεις
1467 2076 1516 2108 τὰς
1531 2076 1683 2112 προσὸολὰς
1697 2077 1751 2104 τῶν
1765 2078 1879 2110 ἀκίδων,

1087 2119 1130 2153 αἷς
1140 2122 1164 2148 οί
1179 2121 1359 2156 ἀντικείμενοι
1371 2123 1403 2157 τῇ
1416 2121 1530 2157 ἀληθείᾳ
1544 2122 1681 2157 βάλλουσι,
1696 2123 1743 2150 καὶ
1757 2123 1880 2155 κελεύεις

1085 2167 1124 2201 τῷ
1139 2166 1228 2202 θυρεῷ
1241 2167 1290 2202 τῆς
1302 2167 1419 2198 πίστεως
1439 2167 1504 2203 παρ’
1516 2168 1595 2203 ἡμῶν
1607 2168 1662 2194 τῶν
1677 2168 1812 2204 γερόντων
1829 2178 1881 2196 κα-

1085 2212 1278 2239 τασϐέννυσθαι
1307 2213 1370 2245 τοὺς
1406 2213 1558 2248 ὲρημικοὺς
1588 2213 1746 2250 ἄνθρακας.
1772 2215 1820 2241 καὶ
1844 2215 1880 2241 τὰ

1086 2257 1242 2293 ἠκονημένα
1258 2257 1302 2284 διὰ
1317 2259 1367 2294 τῆς
1378 2258 1553 2294 ψευδωνύμου
1568 2259 1695 2293 γνώσεως
1710 2259 1785 2295 βέλη,
1804 2260 1881 2295 δεχό-

1087 2304 1157 2339 μεθα
1178 2303 1209 2330 τὸ
1230 2303 1385 2338 ἐπίταγμα,
1411 2304 1452 2330 σοὶ
1469 2304 1554 2336 τύπος
1568 2305 1618 2340 τῆς
1633 2306 1787 2339 εὐπειθείας
1804 2307 1880 2341 γινό-

1087 2359 1172 2385 μενοι,
1192 2349 1228 2382 ὼς
1245 2349 1278 2377 ἂν
1294 2350 1341 2377 καὶ
1357 2350 1437 2382 αὐτὸς
1453 2351 1517 2387 ἡμῖν
1530 2351 1721 2387 ἀντιπαρέχοις
1743 2353 1792 2389 τὴν
1815 2353 1879 2388 ἴσην

1085 2395 1201 2422 ἐπὶτῶν
1222 2395 1322 2431 ὁμοίων
1347 2396 1542 2431 ἐπιταγμάτων
1563 2398 1708 2429 ἀντίδοσιν,
1732 2398 1824 2426 εἴποτέ
1848 2408 1878 2425 σε

1087 2440 1154 2475 πρὸς
1167 2440 1231 2472 τοὺς
1246 2440 1382 2473 τοιούτους
1398 2441 1494 2474 ἄθλους
1512 2442 1751 2479 διαναστήσαιμεν,
1773 2441 1795 2471 ὦ
1813 2453 1878 2479 γεν-

1086 2487 1143 2513 ναῖε
1166 2486 1213 2513 τοῦ
1228 2487 1346 2522 Χριστοῦ
1363 2488 1514 2523 στρατιῶται
1536 2489 1668 2517 Ἀὁλάόιε.
1699 2491 1776 2518 Ἔστι
1800 2491 1829 2518 δὲ
1845 2493 1877 2518 οὐ

1088 2533 1185 2568 μικρὸς
1200 2529 1277 2564 οὗτος
1289 2534 1303 2560 ὁ
1317 2533 1394 2568 λόγος
1406 2534 1435 2561 ὃν
1449 2535 1607 2570 προέτεινας
1620 2536 1696 2572 ἡμῖν,
1709 2537 1770 2564 οὐδὲ
1789 2537 1879 2564 τοιοῦ-

1085 2587 1130 2610 τος
1143 2578 1180 2610 ὡς
1192 2578 1284 2613 ὀλίγην
1297 2579 1389 2615 φέρειν
1407 2579 1517 2616 ζημίαν,
1529 2582 1553 2607 εί
1568 2581 1606 2616 μὴ
1619 2582 1668 2617 τῆς
1683 2583 1878 2618 προηκούσης

1085 2624 1234 2657 ἐξετάσεως
1250 2624 1335 2660 τύχοι.
1359 2625 1476 2661 Ἀνάγκη
1498 2627 1551 2662 γὰρ
1567 2627 1598 2653 ἐκ
1610 2627 1659 2661 τῆς
1673 2627 1732 2662 βίας
1745 2628 1793 2655 τοῦ
1807 2629 1878 2656 θεω-

1088 2669 1120 2704 ρή
1126 2677 1219 2704 ματος,
1240 2669 1268 2695 ἓν
1282 2670 1390 2702 πάντως
1404 2671 1457 2698 τῶν
1471 2672 1523 2698 ἀπε
1528 2672 1698 2706 μφαινόντων
1713 2674 1878 2709 συνενεχθῆ-

1086 2723 1130 2741 ναι
1152 2715 1222 2741 κατὰ
1246 2715 1292 2742 τὸν
1313 2716 1457 2752 πρόχειρον
1481 2717 1553 2749 νοῦν,
1579 2719 1625 2745 καὶ
1650 2718 1666 2754 ἥ
1686 2720 1760 2754 τρεῖς
1787 2720 1877 2753 λέγειν

1086 2760 1170 2792 Θεοὺς
1188 2760 1265 2796 (ὅπερ
1281 2761 1429 2796 ἀθέμιτον),
1444 2762 1460 2798 ἢ
1479 2763 1516 2799 μὴ
1531 2766 1750 2800 προσμαρτυρεῖν
1767 2765 1807 2800 τῷ
1822 2766 1878 2801 rte»

1088 2807 1133 2834 καὶ
1146 2806 1183 2842 τῷ
1206 2807 1274 2843 ἁγίῳ
1287 2808 1423 2844 Πνερματι
1444 2809 1491 2844 τὴν
1506 2809 1636 2845 θεότητα·
1652 2811 1719 2846 ὅπερ
1734 2811 1832 2844 ἀσεϐές
1848 2820 1876 2838 τε
