1954 3081
96 115 139 142 117
658 111 750 144 QUOD
771 109 839 138 NON
861 109 937 137 SIN'I‘
960 110 1050 139 ΤΒΕὸ
1069 111 1124 139 Dll.

96 176 136 204 ull.
149 174 256 201 ἄτοπον.
281 173 316 200 Τὸ
331 173 359 200 δὲ
376 174 516 208 λεγόμενον
528 173 601 210 παρὰ
613 172 660 200 σοῦ
670 173 788 199 τοιοῦτόν
801 173 859 199 ὲστι
870 182 871 186 π

929 173 1017 202 deitas
1043 174 1115 201 adsit
1134 184 1140 202 :
1160 175 1232 210 quod
1252 180 1279 203 et
1301 176 1386 212 impit.

96 222 200 257 Πέτρος,
211 221 260 247 καὶ
278 220 413 251 Ἰάκωϐος,
428 221 474 247 καὶ
495 220 629 256 Ἰωάννης,
649 221 677 246 ὲν
694 221 743 255 μιᾷ
756 220 830 251 ὄντες
842 221 875 255 τῇ

96 265 275 302 ἀνθρωπότητι
288 285 295 298 ,
320 267 395 301 τρεῖς
409 265 545 301 ἄνθρωποι
562 265 696 300 λέγονται.
724 266 780 292 Καὶ
799 266 874 293 οὐδὲν

93 314 181 339 ἄτοπον
194 312 258 343 τοὺς
275 311 462 347 συνημμένους
474 312 546 339 κατὰ
562 312 611 348 τὴν
624 311 714 346 φύσιν,
730 313 754 338 εἰ
770 312 878 344 πλείους

93 356 150 391 εἷεν,
170 359 201 384 ὲκ
214 358 262 384 τοῦ
278 358 446 393 τῆςλφύσεως
463 359 595 394 ὀνόματος
611 358 801 393 πληθυντικῶς
817 359 878 394 ἀρι-

93 405 218 441 θμεῖσθαι.
237 405 270 431 El
287 403 333 432 οὖν
349 405 409 432 ἐκεῖ
422 404 501 432 τοῦτο
516 405 623 433 δίδωσιν
638 406 654 441 ἡ
673 405 810 441 συνήθεια,
830 405 878 432 καὶ

93 454 104 479 ὁ
116 451 292 487 ἀπαγορεύων
305 452 356 478 οὐκ
367 451 424 478 ἔστι
440 451 487 478 δύο
497 451 587 486 λέγειν
601 452 664 483 τοὺς
675 452 731 483 δύο⁹
745 451 792 478 καὶ
804 452 878 487 τρεῖς

93 498 148 530 τοὺς
168 497 236 532 ὑπὲρ
259 497 308 523 δύο
318 500 339 512 ’⁸
348 497 406 530 πῶς
430 497 476 524 ἐπὶ
498 497 553 524 τῶν
575 498 714 533 μυστικῶν
733 497 877 532 δογμάτων

93 544 134 575 τὰς
154 544 224 578 τρεῖς
251 543 417 575 ὑποστάσεις
442 543 653 579 ὁμολογοῦντες,
677 543 724 570 καὶ
749 543 877 578 οὐδεμίαν

94 591 129 616 ἐπ’
141 589 225 616 αὐτῶν
239 589 291 624 τὴν
308 589 377 616 κατὰ
393 589 472 623 φύσιν
485 590 617 626 διαφορὰν
636 590 798 622 ἐννοοῦντες,
823 598 877 624 μα-

93 635 183 670 χόμεθα
197 635 301 671 τρόπον
316 635 379 662 τινὰ
393 637 427 671 τῇ
446 636 587 672 ὁμολογίᾳ,
609 636 674 672 μίαν
689 637 738 671 μὲν
750 636 800 672 τὴν
816 636 875 663 θεό-

92 689 151 716 τητα
170 679 216 706 τοῦ
241 680 352 716 Πατρδς
376 681 422 707 καὶ
435 681 482 707 τοῦ
497 681 563 707 Υίοῦ
577 681 623 708 καὶ
636 681 682 707 τοῦ
698 681 776 716 ἁγίου
790 681 877 709 Πνεύ-

94 735 166 761 ματος
178 726 314 760 λέγοντες,
327 729 401 762 τρεῖς
410 727 438 754 δὲ
451 727 528 759 θεοὺς
539 727 629 762 λέγειν
640 728 857 762 ἀπαγορεύοντες
867 736 875 760 ;

97 773 120 799 ’0
133 773 178 807 μὲν
192 769 238 798 οὖν
251 772 342 806 λόγος,
359 772 449 804 καθὼς
461 772 596 808 προέφην,
615 773 683 800 πολὺ
694 773 725 799 τὸ
737 773 874 808 δυσμετα-

90 819 212 854 χείριστον
227 828 234 833 ·
259 819 343 854 ἡμεῖς
366 818 394 845 δὲ
410 820 434 845 εί
461 818 510 853 μέν
524 827 550 845 τι
567 818 687 845 τοιοῦτον
700 818 828 855 εὕροιμεν
841 819 875 845 δι’

91 863 115 892 03
125 865 151 891 τὸ
160 863 309 899 ἀμφίϐολον
323 865 373 900 τῆς
388 864 507 896 διανοίας
521 864 600 899 ἡμῶν
613 864 760 900 ἐρεισθείη,
775 865 874 900 μηκέτι

91 910 148 944 πρὸς
160 910 189 935 τὸ
209 909 356 945 διάλημμα
379 910 410 936 τὸ
432 910 482 945 τῆς
504 909 619 942 ἀτοπίας
638 909 810 941 ὲπιδιστάζον
827 912 874 938 καὶ

91 955 306 990 κραδαινόμενον,
333 953 363 982 εὖ
390 955 423 982 ἂν
449 955 526 990 ἔχοι·
554 955 579 981 εἰ
600 955 628 981 δὲ
645 955 692 981 καὶ
708 955 874 990 ἀτονώτερος

90 1001 214 1036 ἐλεγχθείη
238 1000 288 1028 τοῦ
312 1001 505 1037 προϐλήματος
529 1001 544 1027 ὁ
561 1000 692 1036 ἡμέτερος
707 1000 802 1034 λόγος,
823 1000 873 1035 τὴν

91 1048 131 1082 μὲν
147 1047 293 1082 παράδοσιν
315 1048 349 1083 ἢν
374 1047 449 1082 παρὰ
465 1047 519 1073 τῶν
535 1046 664 1081 πατέρων
684 1046 871 1082 διεδεξάμεθα,

89 1094 228 1129 φυλάξομεν
249 1094 291 1126 εἰς
306 1094 351 1120 ἀεὶ
365 1093 476 1129 βεϐαίαν
498 1101 527 1119 τε
548 1093 594 1120 καὶ
611 1093 738 1127 ἀκίνητον
753 1100 760 1108 ·
786 1092 831 1118 τὸν
845 1092 873 1119 δὲ

89 1142 222 1178 συνήγορον
245 1141 296 1175 τῆς
323 1141 440 1172 πίστεως
464 1139 564 1174 λόγον,
597 1139 672 1175 παρὰ
696 1138 743 1166 τοῦ
768 1138 872 1174 Κυρίου

89 1189 235 1224 ζητήσωμεν
250 1196 256 1203 ·
284 1187 315 1219 ὂς
342 1188 366 1213 εἰ
395 1187 444 1222 μὲν
472 1186 597 1222 εὑρεθείη
621 1185 697 1221 παρά.
722 1193 794 1216 τινος
818 1184 872 1211 τῶν

89 1235 189 1270 ἑχόντων
203 1234 253 1270 τὴν
266 1234 360 1270 χάριν,
381 1232 615 1269 εὖχαριστήσομεν
629 1231 668 1267 τῷ
684 1231 810 1257 δεδωκότι
824 1230 872 1265 τὴν

89 1281 174 1315 χάριν·
198 1281 222 1306 εἰ
244 1279 272 1306 δὲ
293 1279 344 1315 μὴ,
368 1279 443 1305 οὐδὲν
458 1275 539 1314 ἦττον
555 1277 602 1304 ἐπὶ
622 1276 676 1303 τῶν
692 1275 872 1311 ἐγνωσμένων

89 1328 131 1363 τὴν
146 1327 233 1354 πίστιν
247 1325 421 1362 ἀμετάθετον
436 1325 543 1360 ἕξομεν.

1654 94 1702 123 12⁵2

1385 158 1488 214 Ὺίῖέι
1509 179 1536 204 et
1558 158 1701 205 absu".l.ur’

1421 207 1471 225 "ex
1513 222 1529 225 _
1630 198 1701 225 aliud

931 219 1018 246 Ρθττο
1034 219 1107 255 (μιοά
1119 206 1208 248 abs-te
1222 206 1412 255 dicituritale
1513 222 1622 256 Petrus,
1630 206 1682 271 ἷζῖ

932 266 1020 294 cohus
1032 271 1058 293 et
1075 265 1208 300 Joannes,
1221 275 1283 295 cum
1300 269 1326 296 in
1343 277 1395 296 una
1409 269 1464 298 sint
1476 270 1595 297 humana
1608 253 1704 315 miti:

929 315 986 340 tres
1001 312 1127 340 homines
1154 313 1295 341 dicuntur.
1312 315 1351 342 Ac
1369 315 1444 343 nullo
1464 316 1546 343 modo
1570 312 1701 344 absurd-ui

928 362 980 391 est,
998 363 1095 386 natura
1119 359 1294 394 conjunctos,
1314 360 1337 388 si
1359 362 1453 396 plures
1471 362 1536 396 sint,
1561 370 1594 391 ex
1610 364 1722 392 nomine

929 408 1034 432 naturae
1047 405 1191 441 pluraliter
1202 407 1354 434 numerari.
1373 406 1402 434 Si
1419 407 1503 443 igitur
1520 409 1577 437 illic
1591 409 1642 437 hoc
1658 417 1722 438 t‘on-

929 451 1046 478 suetudo
1059 451 1199 485 concedit,
1215 460 1248 479 ac
1275 460 1356 480 nemo
1373 457 1446 481 vetat
1463 453 1532 482 duos
1555 455 1657 487 dicere,
1673 456 1719 490 qui

928 496 983 524 duo
1002 501 1078 529 sunt,
1102 501 1129 525 et
1158 503 1214 526 tres
1233 506 1281 526 eos
1297 499 1344 533 qui
1363 507 1446 535 supra
1466 500 1535 528 duos
1560 505 1644 529 sunt:
1665 509 1720 537 quo

929 547 1010 578 pacto
1025 543 1053 570 in
1078 544 1204 579 mysticis
1224 543 1344 571 decretis
1370 549 1428 572 tres
1457 545 1617 581 hypostascs
1634 548 1721 575 conﬁ»

929 591 1028 620 tentes,
1045 591 1072 615 et
1088 588 1190 615 nullam
1207 589 1234 615 in
1251 589 1286 616 iis
1299 590 1373 617 circa
1396 594 1521 630 naturam
1539 590 1720 619 diﬁcrentiam

928 638 1120 668 agnoscentes,
1132 635 1311 662 adversamur
1323 635 1527 670 quodammodo
1539 637 1717 670 confessioni,

928 686 1010 706 unam
1028 679 1138 714 quidem
1156 680 1286 708 deitatem
1306 681 1396 710 Patris
1412 685 1438 709 et
1460 681 1523 709 Filii
1542 686 1570 710 et
1600 682 1720 718 Spiritus

927 725 1016 752 sancti
1039 725 1174 758 dicentes,
1192 729 1249 754 tres
1275 731 1366 755 autem
1388 727 1454 755 deos
1473 728 1565 755 dicere
1578 730 1721 756 velantes?

927 769 1013 805 Igitur
1027 770 1144 805 quaestio
1157 771 1279 806 quidem,
1295 771 1527 807 quemadmodum
1548 773 1631 800 modo
1645 773 1721 801 dice~

927 816 1001 848 bam,
1026 819 1147 843 tractatu
1178 817 1293 843 multum
1321 817 1440 845 difﬁcilis
1474 821 1543 845 est:
1575 818 1720 845 nobiscum

927 869 1003 893 vero.
1021 862 1044 889 si
1074 862 1185 896 quidem
1205 862 1309 898 aliquid
1338 863 1392 891 tale
1416 864 1556 898 possimus
1586 864 1720 897 invenire,

928 915 976 943 per
991 908 1063 943 quod
1080 908 1178 936 mentis
1199 913 1302 936 nostra:
1324 910 1490 945 ambiguitas
1512 910 1677 943 ﬁrmaretur,
1694 915 1722 937 et

928 962 982 981 non
1000 955 1116 989 amplius
1131 954 1164 982 ad
1180 955 1329 982 absurdum
1344 955 1472 983 dilemma
1485 956 1567 983 dubia
1578 955 1721 984 vacillaret

927 1004 1009 1036 atque
1019 1001 1160 1036 penderet,
1168 1002 1300 1036 pra‘clare
1311 1006 1439 1037 ageretur
1449 1011 1456 1028 :
1466 1003 1508 1030 sin
1521 1007 1612 1030 autem
1626 1008 1719 1030 nostra

927 1047 1015 1074 oratio
1029 1047 1169 1082 proposita
1183 1048 1335 1083 quaestione
1350 1048 1487 1076 inﬁrmior
1503 1053 1646 1085 arguatur,
1663 1054 1720 1076 tra-

927 1093 1058 1121 ditionem
1071 1094 1194 1128 quidem,
1206 1102 1287 1129 quam
1299 1102 1313 1121 a
1323 1095 1448 1130 patribus
1460 1103 1508 1130 per
1515 1096 1720 1123 successionem

927 1140 1097 1175 accepimus,
1116 1140 1290 1168 servabimus
1322 1141 1349 1168 in
1367 1145 1531 1177 perpetuum
1564 1141 1670 1169 ﬁrmam
1693 1147 1720 1169 et

926 1185 1067 1212 immotam
1081 1195 1088 1212 :
1107 1186 1260 1214 orationem
1274 1194 1350 1220 vero,
1367 1195 1429 1223 qua:
1445 1188 1506 1215 ﬁdei
1521 1189 1719 1223 patrocinetur.

926 1237 940 1257 a
956 1230 1074 1258 Domino
1103 1232 1277 1267 requiremus
1297 1242 1304 1260 :
1321 1241 1383 1268 quae
1406 1233 1430 1261 si
1453 1234 1488 1262 ab
1503 1234 1596 1269 aliquo
1611 1242 1717 1266 eorum,

924 1277 971 1311 qui
988 1278 1075 1312 gratia
1086 1278 1192 1313 prmditi
1211 1282 1286 1311 sunt,
1303 1278 1413 1307 inventa
1428 1280 1521 1312 fuerit,
1538 1281 1640 1316 gratias
1653 1288 1718 1315 age-

924 1330 986 1351 mus
1000 1323 1036 1356 ei,
1052 1324 1099 1359 qui
1120 1325 1236 1360 gratiam
1259 1324 1365 1353 dederit
1382 1335 1389 1353 :
1415 1325 1458 1354 sin
1479 1326 1571 1354 minus
1596 1326 1622 1353 id
1639 1326 1717 1353 nobis

89 1374 230 1410 contigerit,
250 1374 341 1401 nihilo
364 1373 455 1401 secius
473 1374 501 1400 in
529 1372 564 1399 iis
586 1371 770 1407 qumdccreta
791 1374 875 1406 atque
910 1374 1013 1399 statuta
1051 1376 1128 1407 sunt,
1158 1365 1238 1401 ﬁdem
1260 1373 1387 1401 stabilem
1402 1377 1430 1401 et
1454 1373 1561 1402 ﬁrmam
1585 1374 1718 1410 retinebi-

89 1430 141 1450 mus

118 1471 146 1498 Τί
159 1472 255 1507 δήποτε
275 1469 369 1497 τοίνυν
392 1469 421 1497 ὲν
437 1470 470 1505 τῇ
488 1468 548 1496 καθ’
562 1468 634 1503 ἡμᾶς
660 1466 789 1502 συνηθείᾳ
811 1465 871 1493 καθ’

88 1518 128 1545 ἕνα
140 1519 196 1550 τοὺς
212 1519 240 1544 ὲν
261 1519 296 1553 τῇ
315 1517 395 1552 φύσει
420 1517 453 1552 τῇ
478 1516 546 1549 αὐτῇ
567 1513 757 1547 δεικνυμένους
770 1513 871 1548 ἀπαρι-

89 1565 225 1600 θμήσαντες
238 1562 430 1599 πληθυντικῶς
443 1561 622 1597 ὀνομάζομεν,
636 1560 730 1591 τόσους
744 1559 868 1594 λέγοντες

89 1611 140 1643 τοὺς
151 1609 320 1646 ἀνθρώπους,
345 1609 391 1636 καὶ
415 1608 474 1643 οὐχὶ
492 1608 539 1634 Ξνα
561 1607 624 1638 τοὺς
648 1606 762 1637 πάντας,
782 1606 827 1632 επὶ
839 1605 868 1632 δὲ

88 1656 130 1691 τῆς
143 1656 211 1688 θείας
221 1656 332 1691 φύσεως
347 1654 473 1682 ἐκϐάλλει
487 1653 516 1679 τδ
531 1652 633 1688 πλῆθος
647 1651 702 1678 τῶν
717 1651 787 1679 θεῶν
797 1653 810 1678 ὁ
820 1650 866 1678 τοῦ

87 1702 205 1738 δόγματος
223 1702 303 1736 λόγος
314 1721 322 1733 ,
346 1700 394 1727 καὶ
417 1698 542 1735 ἀριθμῶν
556 1698 607 1730 τὰς
623 1697 796 1729 ὑποστάσεις,
820 1697 867 1723 καὶ

88 1749 129 1783 τὴν
140 1746 321 1783 πληθυντικὴν
337 1745 474 1782 σημασίαν
489 1745 518 1771 οὐ
536 1743 749 1779 προσδεχόμενος
764 1751 771 1776 ;
789 1743 868 1769 Ἔστι

90 1793 131 1828 μὲν
144 1791 185 1820 οὖν
201 1793 270 1820 κατὰ
286 1793 320 1819 τδ
332 1792 488 1828 πρόχειρον,
505 1790 585 1817 τοῦτο
600 1791 657 1821 τοῖς
671 1789 867 1824 ἁπλουστέροις

88 1839 194 1870 εἰπόντα,
217 1838 292 1870 δόξαι
317 1845 343 1864 τι
361 1837 466 1871 λέγειν,
490 1836 530 1863 ὅτι
548 1835 656 1870 φεύγων
680 1835 694 1861 ὁ
715 1834 794 1869 λόγος
818 1835 868 1869 τῆς

93 1883 235 1919 Ἑλληνικῆς
247 1882 397 1914 πολυθεῖας
411 1882 458 1918 τὴν
469 1882 626 1917 ὁμοιότητα,
637 1880 715 1912 θεοὺς
728 1880 758 1907 ὲν
770 1880 866 1916 πλήθει

89 1930 197 1965 ἀριθμεῖν
213 1930 406 1966 παρῃτήσατο,
422 1929 459 1960 ὡς
474 1928 506 1955 ἃν
523 1928 560 1963 μή
578 1936 619 1959 τις
634 1926 681 1953 καὶ
694 1927 748 1953 τῶν
763 1926 866 1962 δογμά-

89 1985 132 2003 των
143 1977 278 2012 νομισθείη
294 1976 429 2012 κοινότης,
443 1976 468 2002 εί
486 1976 523 2011 μὴ
543 1975 703 2010 μοναδικῶς,
718 1975 787 2002 ἀλλά
800 1975 868 2011 πλη-

89 2022 205 2055 θυντικῶς
222 2024 268 2050 καὶ
288 2023 355 2059 παρ’
374 2022 452 2058 ἡμῶν
476 2021 620 2057 ἁριθμοῖτο
640 2021 670 2048 τδ
693 2021 780 2053 θεῖον,
805 2021 867 2048 καθ’

89 2068 218 2104 ὁμοιότητα
233 2069 285 2104 τῆς
305 2068 371 2104 παρ’
385 2067 475 2094 αὐτῶν
490 2067 635 2102 συνηθείας
648 2074 656 2082 ·
677 2066 757 2093 τοῦτο
768 2067 797 2093 δὲ
812 2068 868 2098 τοῖς

91 2114 131 2148 μὲν
143 2115 344 2150 ἀκεραιοτέροις
358 2113 516 2148 λεγόμενον,
541 2112 607 2144 ἴσως
628 2111 661 2139 ἀν
675 2121 701 2138 τι
720 2112 806 2146 δόξειε
823 2112 867 2138 λέ-

89 2160 179 2193 γεσθαι,
196 2160 242 2187 ἐπὶ
269 2160 300 2186 δέ
321 2168 352 2193 γε
374 2158 428 2186 τῶν
449 2158 537 2185 ἄλλων
551 2158 580 2185 τὸ
599 2158 693 2194 ἕτερον
710 2158 801 2190 αὐτοῖς
817 2158 867 2193 τῆς

962 1463 1017 1492 Cur
1035 1463 1119 1499 igitur
1142 1464 1251 1492 tandem
1281 1465 1309 1492 in
1328 1469 1423 1493 nostra
1440 1466 1640 1494 consuetudine
1657 1473 1719 1494 cum

928 1511 1067 1546 sigillatim
1082 1511 1321 1540 numeraverimus
1340 1519 1399 1544 eos,
1423 1512 1470 1548 qui
1501 1512 1528 1540 in
1551 1520 1605 1540 una
1621 1516 1719 1540 natura

925 1557 1163 1589 demonstrantur,
1185 1557 1286 1591 plurali
1301 1557 1414 1585 nomine
1438 1558 1552 1590 utimur,
1568 1562 1609 1586 tot
1630 1558 1720 1586 homi—

924 1611 985 1635 nes,
1004 1605 1032 1630 et
1050 1609 1104 1629 non
1118 1610 1205 1629 unum
1230 1610 1328 1630 omnes
1349 1610 1412 1631 esse
1432 1603 1566 1636 dicentes,
1584 1604 1612 1632 in
1627 1604 1719 1645 diviqa

924 1656 990 1676 vero
1015 1652 1114 1675 natura
1143 1648 1214 1675 ratio
1242 1648 1345 1676 decreti
1372 1648 1486 1676 deorum
1517 1649 1719 1677 multitudinem

920 1693 1042 1728 expellit,
1054 1698 1082 1721 et
1097 1693 1261 1729 liypostases
1272 1701 1433 1728 numerans,
1448 1698 1475 1722 et
1484 1694 1619 1729 pluralem
1634 1695 1719 1730 signi-

920 1740 1076 1767 ﬁcationem
1107 1747 1162 1767 non
1179 1739 1346 1768 admittens?
1360 1739 1393 1767 Et
1424 1740 1536 1776 quidem
1557 1739 1660 1776 aliquid
1677 1740 1719 1768 di-

919 1794 981 1814 cere
1002 1785 1140 1818 videntur,
1158 1786 1181 1814 si
1208 1786 1270 1822 quis
1292 1786 1511 1821 simplicioribus
1541 1787 1568 1814 id
1598 1786 1672 1822 quod
1691 1787 1717 1814 in

918 1832 1048 1864 promptu
1062 1832 1114 1862 est,
1125 1829 1210 1863 dicat,
1231 1830 1304 1865 quod
1325 1830 1397 1858 ratio
1420 1831 1526 1859 decreti
1543 1831 1657 1859 deorum
1671 1832 1718 1867 qui

919 1883 934 1903 a
949 1875 1053 1903 Graecis
1079 1875 1266 1909 celebrantur,
1289 1876 1476 1906 multitudinis
1506 1878 1716 1906 similitudinem

919 1922 1021 1954 vitans,
1049 1921 1116 1950 deos
1144 1922 1238 1957 plures
1265 1931 1411 1952 numerare
1441 1924 1570 1957 noluerit,
1598 1932 1632 1952 ne
1659 1933 1713 1961 qua

919 1968 1094 1996 decretorum
1111 1976 1220 2004 quoque
1236 1969 1410 1998 existimetur
1422 1978 1483 1999 esse
1505 1972 1674 2005 communio,
1691 1973 1717 2000 si

919 2020 974 2040 non
989 2013 1175 2048 singulariter,
1192 2015 1239 2043 sed
1258 2015 1401 2051 pluraliter
1425 2017 1512 2049 etiam
1525 2024 1541 2044 a
1567 2017 1649 2046 nobis
1664 2027 1715 2046 nu-

919 2067 980 2087 men
1008 2065 1200 2088 numeraretur
1215 2060 1249 2088 ad
1266 2061 1479 2090 similitudinem
1505 2064 1716 2093 consuetudinis

920 2103 991 2139 apud
1007 2104 1068 2133 illos
1089 2105 1259 2140 obtinentis;
1277 2110 1361 2142 atque
1386 2107 1450 2141 hoc,
1473 2109 1608 2144 siquidem
1642 2110 1714 2138 inte-

919 2150 1058 2186 grioribus
1079 2159 1112 2179 ac
1128 2152 1331 2182 sincerioribus
1344 2153 1463 2188 dicatur,
1481 2155 1598 2184 forsitan
1611 2157 1715 2192 aliquid

90 2205 231 2239 προτάσεως
251 2205 352 2239 στῆναι
377 2203 541 2238 ζητούντων,
566 2202 582 2238 ἢ
601 2203 638 2238 μὴ
660 2203 802 2238 ὁμολογεῖν
821 2203 868 2230 ἐπὶ

925 2197 976 2225 dici
999 2198 1135 2231 videatur,
1153 2199 1226 2234 apud
1252 2200 1322 2228 alios
1347 2205 1449 2236 autem,
1476 2202 1523 2238 qui
1548 2203 1664 2231 alterum
1681 2212 1714 2232 ex

88 2249 132 2275 τῶν
145 2250 223 2285 τριῶν
241 2251 293 2286 τὴν
311 2249 434 2284 θεότητα,
459 2248 476 2283 ἢ
497 2250 570 2284 τρεῖς
594 2249 703 2280 πάντως
725 2249 869 2284 ὀνομάζειν

88 2293 140 2324 τοὺς
156 2293 202 2328 τῆς
222 2294 309 2328 αὐτῆς
325 2292 520 2324 κοινωνοῦντας
531 2293 668 2329 θεότητος,
685 2293 762 2320 οὔπω
779 2294 868 2321 τοιοῦ-

89 2337 126 2364 τόν
137 2339 188 2365 ἐστι
199 2339 228 2365 τὺ
242 2339 398 2376 εἰρημένον,
413 2336 467 2366 οἷον
481 2339 631 2375 ἐμποιῆσαι
645 2348 706 2366 τινα
722 2340 798 2367 λύσιν
818 2339 865 2367 τοῦ

89 2382 239 2420 ζητήματος.

119 2520 214 2548 (νῦκοῦν
231 2521 389 2554 ἐπάναγκες
413 2520 456 2547 διὰ
481 2521 611 2547 πλειόνων
640 2521 804 2556 ποιήσασθαι
819 2521 868 2557 τὴν

91 2566 231 2602 ἀπόκρισιν,
243 2568 318 2599 ὅπως
326 2567 360 2594 ἂν
372 2564 465 2593 οἷόντε
478 2566 506 2604 ᾖ,
518 2567 547 2593 τὸ
559 2567 657 2602 ἀληθὲς
667 2567 867 2602 ἁνιχνεύοντας,

91 2613 121 2638 Οὐ
135 2613 183 2648 γὰρ
198 2615 261 2649 περὶ
278 2613 490 2648 τῶν’τυχόντων
513 2604 637 2647 όῐλὸγος.
662 2613 754 2649 Φαμὲν
779 2614 868 2641 τοίνυν

90 2658 184 2691 πρῶτον
200 2658 371 2694 κατάχρησὶν
384 2667 445 2685 τινα
461 2658 604 2693 συνηθείας
619 2656 687 2685 εἶναι
705 2658 735 2685 τὺ
749 2659 812 2690 τοὺς
830 2659 867 2693 μὴ

90 2702 256 2739 διῃρημένους
268 2706 302 2740 τῇ
314 2704 394 2739 φύσει
407 2705 467 2730 κατ’
483 2703 548 2731 αὐτὸ
559 2704 589 2730 τὺ
603 2704 652 2739 τῆς
662 2704 768 2738 φύσεως
783 2704 869 2739 ὄνομα

91 2748 265 2782 πληθυντικῶς
283 2748 428 2784 ὀνομάζειν
444 2749 490 2775 καὶ
511 2749 609 2783 λέγειν,
637 2750 677 2776 ὅτι
703 2750 799 2776 Πολλοὶ
821 2750 868 2776 ἅν-

91 2791 200 2826 θρωποι·
225 2792 302 2832 ᾧπερ
325 2794 419 2830 ὅμοιόν
440 2795 497 2821 ἐστι
522 2795 552 2821 τὸ
578 2795 681 2829 λέγειν,
708 2796 748 2822 ὅτι
773 2795 868 2822 πολλαὶ

91 2837 172 2872 φῦςεις
185 2841 362 2876 ἀνθρώπιναι.
380 2840 433 2867 Καὶ
449 2840 488 2868 ὅτι
510 2840 594 2868 ταῦτα
607 2841 692 2873 οὕτως
705 2841 770 2876 ἔχει,
790 2841 868 2877 δῆλον

921 2244 1111 2278 propositione
1127 2245 1181 2273 sibi
1211 2245 1320 2274 ﬁrmum
1347 2255 1379 2275 ac
1397 2248 1496 2277 stabile
1514 2257 1626 2278 manere
1640 2251 1714 2279 desi-

921 2289 1031 2323 derant,
1048 2294 1095 2317 aut
1106 2298 1160 2318 non
1185 2291 1311 2320 conﬁteri
1329 2292 1457 2321 videlicet
1473 2294 1601 2323 deitatem
1619 2296 1647 2324 in
1664 2297 1714 2324 tri-

923 2335 986 2369 bus,
1000 2340 1048 2363 aut
1066 2341 1122 2365 tres
1145 2345 1260 2372 prorsus
1280 2340 1424 2368 nominare
1450 2348 1508 2373 eos,
1527 2343 1573 2377 qui
1590 2343 1713 2378 ejusdem

921 2381 1070 2416 participes
1094 2386 1122 2409 et
1147 2383 1216 2410 socii
1233 2384 1289 2411 sint
1304 2383 1425 2417 deitatis,
1453 2387 1575 2414 nondum
1600 2389 1655 2416 tale
1672 2394 1714 2417 est

921 2427 960 2459 id,
976 2427 1050 2462 quod
1065 2428 1200 2462 diximus,
1213 2434 1242 2457 ut
1259 2437 1391 2465 generare
1421 2436 1448 2459 et
1470 2433 1600 2462 inducere
1627 2435 1714 2470 possit

921 2474 1040 2510 aliquam
1057 2475 1219 2509 qumstionis
1235 2476 1412 2505 solutionem.

955 2521 1092 2555 Quocirca
1108 2529 1223 2550 necesse
1238 2527 1281 2551 est
1301 2524 1429 2558 pluribus
1451 2527 1630 2560 respondere,
1644 2535 1712 2562 quo-

920 2567 1114 2603 r’nodocuvnque
1129 2569 1281 2603 poterimus
1292 2569 1486 2606 investigando
1501 2572 1538 2599 rei
1558 2574 1710 2601 veritatem.

919 2613 978 2641 Non
996 2615 1068 2642 enim
1087 2614 1121 2642 de
1138 2615 1221 2643 rebus
1243 2615 1349 2645 frivolis
1367 2624 1400 2644 ac
1423 2618 1580 2653 vulgaribus
1596 2622 1712 2654 quatstio

924 2665 975 2688 est.
989 2659 1111 2688 Dicimus
1127 2661 1209 2697 igitur
1221 2663 1341 2698 primum
1356 2664 1472 2691 abusum
1489 2665 1633 2700 quemdam
1649 2675 1712 2697 esse

920 2707 1139 2741 consuetudinis,
1150 2712 1233 2736 uteos
1246 2709 1293 2744 qui
1303 2714 1400 2738 natura
1412 2718 1466 2738 non
1481 2711 1561 2739 divisi
1578 2717 1652 2746 sunt,
1662 2722 1712 2749 per

920 2753 1010 2788 ipsum
1036 2758 1144 2782 natura:
1172 2762 1273 2783 nomen
1299 2755 1445 2792 pluraliter
1477 2758 1651 2788 nominemus
1680 2767 1711 2788 ac

919 2799 1054 2833 dicaiuus,
1081 2801 1158 2828 Multi
1187 2801 1313 2829 homines
1332 2811 1338 2828 :
1358 2802 1402 2830 cui
1424 2803 1515 2831 simile
1532 2809 1584 2837 est,
1603 2806 1625 2832 si
1648 2806 1709 2840 quis

919 2844 1002 2878 dicat,
1028 2846 1121 2874 multae
1148 2851 1254 2875 natura:
1278 2847 1415 2876 humanae.
1444 2848 1522 2883 Quod
1540 2854 1631 2878 autem
1653 2850 1709 2878 Im:
