1954 3081
243 127 292 156 ll.’

869 122 897 149 S.
921 121 1083 150 GllEGOllll
1111 122 1256 151 NYSSENI

1828 123 1881 151 1Ξο

251 169 331 230 ,___‘;se
341 162 650 264 lialteanrtéyl'nobis
664 182 775 218 planum
790 183 846 210 tieri
861 183 955 218 possit.
968 183 1036 210 Cum

310 236 319 264 ι
335 226 439 263 appella
492 243 504 254 ,ν
518 226 647 262 aliquem,
663 235 717 255 non
732 236 763 256 ex
781 232 880 255 natura
892 236 955 256 eum
985 236 1035 256 no-

1089 184 1122 211 ἂν
1136 185 1200 220 ἡμῖν
1214 184 1336 211 ἐντεῦθεν
1350 185 1463 219 γένοιτο.
1481 183 1638 221 Προσκαλου
1643 192 1718 219 μενοι
1733 183 1788 219 γάρ
1805 191 1879 216 τινα,

1089 231 1138 257 οὐκ
1153 231 1184 257 ἐκ
1197 231 1245 264 τῆς
1255 230 1361 264 φύσεως
1377 230 1457 258 αὐτὸν
1471 230 1649 264 ὀνομάζομεν,
1668 230 1705 262 ὼς
1719 230 1753 257 ἃν
1769 230 1806 264 μή
1817 237 1879 256 τινα

310 226 319 264 ι
335 226 504 264 σρρειιιιιῃιις
518 226 647 262 aliquem,
663 235 717 255 non
732 236 763 256 ex
781 232 880 255 natura
892 236 955 256 eum
985 236 1035 256 no-

306 280 396 306 amus,
421 279 455 300 ne
484 272 555 301 forte
581 281 704 301 errorem
729 274 889 302 communio
918 275 1038 302 nominis

269 318 370 351 .ducat,
387 326 553 354 unoquoque
567 319 614 354 qui
633 319 726 347 audiat
738 320 857 355 seipsum
871 320 1037 355 appellatum

247 372 308 392 esse
333 365 521 398 existimantc,
541 366 614 401 quod
630 373 684 393 non
702 366 812 401 propria
843 366 1036 401 appellatione,

247 411 295 440 sed
309 420 341 439 ex
368 412 507 440 communi
533 412 644 440 nomine
670 417 775 440 natura:
796 413 904 440 vocatio
916 412 973 445 ﬁat,
989 412 1036 439 sed

247 456 385 492 propriam
400 458 425 485 ei
434 457 586 493 impositam
599 457 828 493 (signiﬁcatricem
840 457 901 485 dico
909 457 1038 492 subjecti)

248 510 341 531 vocem
356 503 538 539 profer-entes,
550 504 586 531 ita
609 512 670 532 eum
685 511 700 530 a
717 504 797 539 vulgo
812 511 844 532 ac
861 504 1038 532 multitudine

246 556 418 584 separamus.
437 548 471 577 Ut
501 549 578 577 multi
599 549 709 585 quidem
737 549 792 578 sint
806 550 930 578 eamdem
946 550 1037 578 sortiti

247 600 387 627 naturam,
409 596 486 623 verbi
516 595 614 632 gratia,
628 595 768 631 discipuli,
791 596 833 624 vel
849 596 976 631 apostoli,
996 596 1038 624 vel

247 646 392 677 martyres,
411 650 482 670 unus
502 650 566 670 vero
593 643 620 670 in
633 642 761 670 omnibus
793 643 829 670 sit
854 643 947 670 homo.
963 641 1036 675 Quo-

246 687 330 720 niam,
347 692 376 715 ut
396 688 499 715 dictum
519 692 571 720 est,
585 696 639 716 non
657 688 804 724 singularis
821 687 974 724 (alicujus),
989 688 1036 716 sed

246 734 451 762 communitatis
461 738 566 763 natura:
583 739 626 763 est
640 735 731 765 homo.
749 734 837 763 llomo
853 735 927 763 enim
939 738 982 763 est
995 735 1036 762 vel

245 779 347 814 Lucas,
359 781 402 808 vel
421 781 576 816 Stephanus
603 791 609 808 :
626 789 681 809 non
710 785 800 810 tamen
827 782 851 810 si
868 782 931 817 quis
956 782 1037 809 homo

245 829 304 858 est,
336 833 452 861 prorsus
487 826 569 854 etiam
600 825 690 854 Lucas
722 827 764 854 vel
792 826 949 862 Stephanus
983 830 1035 854 est.

1089 231 1138 257 οὐκ
1153 231 1184 257 ἐκ
1197 231 1245 266 τῆς
1255 230 1361 265 φύσεως
1377 230 1457 258 αὐτὸν
1471 230 1649 266 ὀνομάζομεν,
1668 230 1705 262 ὼς
1719 230 1753 257 ἃν
1769 230 1806 265 μή
1817 237 1881 256 τινα

1090 275 1193 311 πλάνην
1209 276 1225 311 ἡ
1243 276 1366 312 κοινότης
1385 276 1432 304 τοῦ
1449 277 1579 312 ὀνόματος
1601 276 1794 312 ἐμποιήσειεν,
1814 275 1881 302 ἑκά-

1091 331 1152 348 στου
1167 321 1220 349 τῶν
1240 323 1392 350 ἀκουόντων
1414 323 1508 350 ἑαυτὸν
1527 320 1597 349 εἶναι
1612 323 1658 349 τὸν
1672 321 1881 358 προσκληθέντα

1089 367 1254 402 νομίζοντος,
1268 369 1309 395 ὃτι
1327 368 1364 404 μὴ
1376 369 1410 403 τῇ
1427 368 1563 404 ίδιαζούσῃ
1576 367 1758 403 προσηγορίᾳ,
1771 366 1829 393 ἀλλ’
1847 367 1881 392 ὲκ

1089 413 1135 440 τοῦ
1150 414 1240 441 κοινοῦ
1263 415 1312 450 τῆς
1337 408 1443 449 (ῥύσεως
1462 415 1593 449 ὀνόματος
1614 415 1630 449 ἠ
1652 413 1747 449 κλῆσις
1762 413 1879 447 γίνεται,

1089 458 1157 485 ἀλλὰ
1170 458 1219 494 τὴν
1235 458 1302 486 [δίαν
1327 459 1505 494 ἐπικειμένην
1526 458 1600 494 αὐτῷ
1629 455 1694 494 (τεὴν
1709 456 1880 494 σημαντικὴν

1089 503 1161 538 λέγω
1176 503 1222 531 τοῦ
1238 505 1430 540 ὑποκειμένου)
1447 504 1538 540 φωνὴν
1555 504 1686 536 εἰπόντες,
1700 503 1785 535 οὕτως
1798 501 1881 529 αὐτὸν

1088 549 1142 576 τῶν
1163 549 1267 576 πολλῶν
1291 549 1483 586 ἀποκρίνομεν.
1501 551 1582 578 Ὥστε
1599 549 1712 580 πολλοὺς
1738 550 1787 585 μὲν
1808 547 1879 576 εἷναι

1089 595 1151 628 τοὺς
1168 597 1369 631 μετεσχηκότας
1388 597 1436 632 τῆς
1457 596 1574 631 φύσεως,
1598 596 1664 632 φέρε
1686 597 1772 623 εἰπεῖν
1789 595 1881 631 μαθη-

1088 641 1148 674 τὰς,
1165 641 1182 677 ἢ
1198 642 1375 674 ἀποστόλους,
1396 642 1411 678 ἧ
1429 643 1582 678 μάρτυρας,
1601 643 1649 669 ἕνα
1663 642 1691 668 δὲ
1707 642 1736 668 ὲν
1750 642 1817 668 πᾶσι
1833 639 1880 665 τὸν

1088 689 1239 725 ἄνθρωπον.
1273 688 1419 724 Ἐπείπερ,
1443 689 1534 717 καθὼς
1547 689 1665 724 εἴρηται,
1680 687 1742 723 οὐχὶ
1755 686 1802 714 τοῦ
1818 686 1880 713 καθ’

1089 735 1202 762 ἕκαστον
1216 755 1224 768 ,
1251 735 1319 762 ἀλλὰ
1342 735 1389 762 τοῦ
1404 734 1494 762 κοινοῦ
1517 735 1567 770 τῆς
1590 733 1698 769 φύσεώς
1711 734 1784 760 ἔστιν
1800 733 1814 758 ὁ
1831 732 1879 760 ἄν·

1089 781 1207 816 θρωπος.
1225 781 1383 816 Ἀνθρωπος
1403 781 1456 816 γὰρ
1479 781 1492 806 ὀ
1509 781 1632 812 Λουκᾶς,
1660 779 1677 815 ἢ
1691 780 1706 806 ὁ
1723 778 1861 813 Στέφανος
1872 785 1880 793 ²

1089 827 1118 853 οὐ
1137 826 1190 862 μὴν
1205 826 1231 853 εἴ
1243 835 1284 859 τις
1297 826 1451 861 ἄνθρωπος,
1466 827 1574 858 πάντως
1595 826 1642 852 καὶ
1654 825 1760 856 Λουκᾶς
1775 824 1851 850 ἐστιν
1864 823 1881 857 ἢ

245 870 300 899 Sed
333 871 515 908 hypostaseon
546 873 656 908 quidem
686 873 757 900 ratio
797 880 845 909 per
877 880 943 906 eas,
976 881 1036 909 quae

1090 872 1232 907 Στέφανος.
1262 872 1330 898 Ἀλλ’
1354 873 1368 899 ὁ
1395 872 1443 907 μὲν
1460 871 1512 899 τῶν
1528 870 1704 898 ὑποστάσεων
1729 869 1809 903 λόγος
1836 867 1882 894 διὰ

245 918 273 944 in
289 925 455 954 unoquoque
470 919 694 953 considerantur,
713 919 907 955 proprietates,
930 919 1037 955 disper-

244 963 370 992 titionem
391 965 522 999 admittit,
539 970 567 994 et
588 965 667 1000 juxta
689 966 918 1001 compositionem
931 965 958 993 in
983 973 1038 993 nu-

245 1016 322 1037 mero
341 1010 545 1038 consideratur.
570 1009 674 1038 Natura
689 1018 754 1039 vero
772 1018 826 1038 una
841 1016 892 1043 est,
910 1011 969 1046 ipsa
994 1018 1038 1039 se-

245 1063 309 1082 cum
330 1056 416 1088 unita,
434 1056 598 1091 penitusque
615 1064 647 1083 ac
663 1064 777 1092 prorsus
792 1057 885 1084 unitas
898 1056 1037 1084 individua

245 1104 298 1132 est.
310 1109 371 1136 qua:
399 1109 489 1137 neque
514 1101 667 1136 adjectione
695 1107 811 1137 augetur
826 1109 915 1137 neque
930 1102 1038 1130 subtra-

245 1146 338 1174 ctione
365 1147 538 1180 diminuilur,
570 1148 619 1176 sed
643 1148 717 1183 quod
740 1153 793 1181 est,
824 1156 909 1175 unum
933 1156 984 1176 ens
1011 1152 1037 1176 et

246 1199 332 1219 unum
346 1199 524 1227 permanens,
547 1192 655 1221 etiamSi
682 1192 709 1220 in
728 1192 904 1220 multitudine
919 1200 980 1221 esse
1000 1194 1038 1220 vi-

245 1238 353 1270 deatur,
372 1238 504 1266 sectionis
528 1246 639 1274 expers,
656 1238 800 1272 continua,
832 1238 938 1274 integra
955 1242 1037 1273 atque

244 1283 366 1318 perfecta
380 1288 432 1316 est,
449 1292 510 1319 qua:
532 1292 586 1312 non
617 1292 670 1312 una
698 1292 761 1311 cum
779 1284 967 1320 singularibus
990 1284 1036 1319 qui

244 1329 305 1364 ejus
317 1330 465 1365 participes
491 1334 556 1358 sunt
582 1330 724 1358 dividitur.
739 1330 778 1358 Ac
801 1329 1035 1366 quemadmodum

244 1376 332 1411 plebs,
351 1376 478 1412 populus,
491 1376 640 1408 exercitus,
657 1376 765 1410 concio,
783 1376 960 1412 singulariter
978 1384 1037 1404 om-

243 1421 289 1448 nia
303 1420 445 1454 dicuntur,
465 1421 681 1457 unumquodque
696 1425 788 1449 autem
802 1422 902 1448 horum
918 1421 945 1448 in
966 1422 1037 1449 mul-

243 1466 361 1495 titudine
376 1475 438 1495 esse
453 1467 616 1502 intelligitur
632 1476 637 1494 :
659 1467 755 1495 eodem
783 1467 863 1494 modo
885 1467 1037 1495 secundum

244 1513 411 1540 exactiorem
428 1517 455 1540 et
470 1513 678 1548 exquisitiorem
706 1512 842 1540 rationem
871 1512 952 1540 homo
967 1520 1037 1547 quo-

1088 919 1136 951 τὰς
1148 919 1280 954 ὲνθεωρου
1285 919 1368 954 μένας
1381 918 1514 954 ἰδιότητας
1527 918 1634 952 ἑκάστῳ
1644 916 1688 943 τὸν
1700 913 1882 950 διαμερισμὸν

1089 964 1251 999 ἐπιδέχεται,
1268 965 1314 991 καὶ
1328 964 1398 992 κατὰ
1415 964 1539 991 σύνθεσιν
1561 964 1589 990 ὲν
1601 961 1710 998 ἀριθμῷ
1725 960 1880 996 θεωρεῖται.

1094 1011 1126 1037 Ἥ
1140 1010 1168 1038 δὲ
1181 1011 1261 1045 φύσις
1278 1011 1327 1046 μία
1341 1009 1416 1037 ἐστὶν
1426 1029 1434 1042 ,
1457 1010 1524 1045 αὐτὴ
1542 1009 1608 1044 πρὸς
1624 1007 1722 1043 ἑαυτὴν
1739 1005 1880 1042 ἡνωμένη,

1089 1057 1135 1083 καὶ
1149 1056 1312 1092 ἁδιάτμητος
1331 1056 1453 1092 ἀκριϐῶς
1467 1055 1562 1091 μονὰς,
1585 1054 1635 1081 οὐκ
1649 1052 1818 1088 αὐξανομένη
1837 1051 1880 1078 διὰ

1089 1103 1258 1138 προσθήκης,
1281 1103 1310 1129 οὐ
1328 1102 1476 1138 μειουμένη
1492 1102 1525 1128 δι’
1542 1100 1723 1136 ὑφαιρέσεως,
1739 1099 1796 1125 ἀλλ’
1810 1099 1881 1132 ὅπερ

1087 1149 1162 1176 ἐστὶν
1175 1149 1204 1175 ἓν
1216 1148 1294 1182 οὖσα,
1317 1149 1369 1176 κᾶν
1381 1150 1410 1176 ὲν
1424 1147 1522 1184 πλήθει
1536 1148 1665 1182 φαίνηται
1680 1145 1820 1181 ἄσχιστος.
1835 1144 1882 1171 καὶ

1056 1229 1059 1233 Ι
1089 1197 1214 1231 συνεχὴς,
1230 1196 1277 1222 καὶ
1299 1195 1456 1231 ὁλόκληρος,
1478 1195 1525 1222 καὶ
1545 1195 1602 1226 τοῖς
1624 1193 1781 1229 μετέχουσιν
1795 1191 1883 1225 αὐτῆς

1087 1243 1143 1273 τοῖς
1157 1242 1218 1268 καθ’
1232 1242 1346 1268 ἕκαστον
1361 1241 1391 1268 οὐ
1407 1240 1642 1276 συνδιαιρουμένη.
1661 1239 1715 1266 Καὶ
1729 1238 1825 1273 ῶσπερ
1840 1237 1883 1263 λέο

1087 1295 1173 1321 γεται,
1189 1286 1263 1318 λαὸς,
1289 1286 1336 1312 καὶ
1349 1275 1691 1321 δῆμοςίκαὶνστράτευμα,
1715 1284 1763 1311 καὶ
1780 1283 1882 1317 ἐκκλη-

1088 1332 1143 1364 σία,
1173 1332 1297 1367 μοναχῶς
1320 1332 1419 1363 πάντα,
1445 1332 1560 1358 ἕκαστον
1576 1331 1603 1357 δὲ
1620 1330 1721 1357 τούτων
1739 1331 1768 1356 ἐν
1785 1329 1882 1364 πλήθει

1088 1380 1204 1405 νοεῖται·
1227 1378 1298 1405 οὕτω
1317 1378 1387 1405 κατὰ
1402 1378 1445 1405 τὸν
1465 1377 1660 1414 ἀκριϐέστερον
1675 1376 1754 1411 λόγον
1770 1375 1818 1403 καὶ
1835 1375 1883 1402 άν-

1089 1425 1196 1460 θρωπος
1214 1422 1254 1456 εἷς
1270 1425 1372 1460 κυρίως
1386 1425 1418 1451 ἂν
1434 1425 1530 1461 ῥηθείη
1545 1445 1552 1456 ,
1580 1425 1633 1452 κᾶν
1651 1425 1674 1450 οἱ
1700 1425 1728 1451 ὲν
1750 1424 1784 1458 τῇ
1802 1422 1883 1457 φύσει

1087 1473 1120 1506 τῇ
1135 1472 1203 1508 αὐτῇ
1220 1471 1389 1508 δεικνύμενοι
1410 1472 1511 1507 πλῆθος
1532 1469 1598 1499 ὦσιν
1610 1492 1617 1504 ,
1643 1471 1681 1503 ὡς
1698 1471 1763 1498 πολὺ
1781 1470 1883 1506 μᾶλλον

1051 1534 1073 1564 C
1090 1518 1180 1550 καλῶς
1204 1518 1276 1554 ἔχειν
1293 1519 1342 1554 τὴν
1366 1518 1540 1554 ὲσφαλμένην
1563 1518 1605 1553 ἐφ’
1620 1517 1703 1564 ἡμῶν,
1716 1515 1884 1564 ἐπανορθοῦ-

244 1566 298 1594 que
323 1566 395 1586 unus
413 1559 522 1594 proprie
537 1558 592 1586 dici
617 1562 721 1594 posset,
737 1558 845 1586 etiatnsi
876 1557 914 1591 hi,
940 1559 987 1593 qui
1010 1559 1036 1585 in

1090 1564 1152 1591 σθαι
1168 1564 1311 1600 συνήθειαν
1328 1566 1368 1596 εἰς
1383 1565 1414 1591 τὸ
1432 1564 1530 1600 μηκέτι
1549 1564 1579 1591 τὸ
1600 1565 1649 1598 τῆς
1671 1563 1778 1599 φύσεως
1796 1562 1884 1596 ὄνομα

245 1604 341 1633 eadem
367 1609 468 1632 natura
492 1604 730 1636 demonstrantur,
748 1604 895 1632 multitudo
926 1604 991 1637 sint,
1011 1608 1036 1631 ut

1089 1611 1157 1646 πρὸς
1170 1610 1271 1646 πλῆθος
1284 1611 1425 1643 ἐκτείνειν,
1446 1611 1463 1646 ἦ
1477 1610 1562 1647 ταύτῃ
1576 1609 1751 1641 δουλεύοντας
1765 1609 1813 1644 τὴν
1830 1605 1885 1635 ὦδε

245 1651 332 1679 multo
347 1651 450 1679 rectius
478 1651 575 1684 fuerit,
601 1651 704 1686 lapsam
733 1650 759 1678 in
790 1651 870 1678 nobis
897 1651 1036 1686 corrigere

1089 1655 1194 1690 πλάνην
1218 1657 1265 1682 καὶ
1291 1656 1338 1683 ἐπὶ
1364 1656 1394 1683 τὺ
1420 1656 1490 1683 θεῖον
1513 1656 1602 1691 δόγμα
1619 1655 1656 1691 μὴ
1677 1653 1882 1691 μεταῦιὸάζειν.

245 1697 487 1730 consuetudinem,
507 1702 534 1725 et
558 1704 613 1724 non
628 1697 747 1732 amplius
763 1702 869 1724 natura:
888 1704 988 1724 nomen
1002 1697 1036 1724 ad

1093 1702 1163 1729 Ἀλλ’
1179 1702 1272 1738 ἐπειδὴ
1290 1703 1429 1739 ἀμήχανος
1443 1703 1492 1738 τῆς
1506 1702 1650 1738 συνηθείας
1665 1702 1681 1737 ἠ
1695 1700 1884 1736 ἐπανόρθωσις

244 1742 451 1770 multitudinem
467 1742 624 1774 extendere,
653 1749 738 1777 quam
762 1740 957 1770 consuetudini
981 1749 1036 1769 ser-

1089 1748 1157 1782 (πῶς
1173 1748 1227 1784 γὰρ
1247 1749 1279 1776 ἄν
1291 1758 1334 1781 τις
1354 1749 1494 1785 πεισθείη,
1516 1749 1540 1776 εί
1563 1748 1600 1785 μὴ
1616 1748 1729 1778 πολλοὺς
1745 1747 1820 1782 λέγει
1836 1747 1884 1774 άν-

244 1788 361 1821 vientes,
379 1794 501 1816 errorem
525 1787 571 1822 qui
586 1786 630 1814 hic
651 1787 727 1820 latet,
749 1787 831 1815 etiam
857 1787 892 1814 ad
913 1787 1036 1815 divinum

1089 1793 1212 1829 θρώπους
1244 1795 1306 1826 τοὺς
1339 1795 1368 1822 ὲν
1403 1795 1484 1830 φύσει
1512 1796 1546 1830 τῇ
1577 1794 1645 1830 αὐτῇ
1672 1792 1882 1828 δεικνυμένους;

245 1834 343 1869 dogma
355 1833 515 1862 transferre.
534 1833 588 1861 Sed
598 1833 728 1869 quoniam
745 1833 955 1862 consuetudinis
974 1841 1036 1862 cor-

1089 1839 1284 1875 Βυσμετάθετον
1299 1840 1353 1876 γὰρ
1370 1841 1417 1868 ἐπὶ
1431 1840 1532 1872 παντὸς
1548 1841 1565 1876 ἠ
1589 1839 1748 1876 συνήθεια),
1761 1838 1809 1865 ἐπὶ
1834 1838 1884 1873 μὲν

244 1880 330 1908 rectio
343 1880 462 1908 dillicilis
473 1884 515 1908 est
526 1880 584 1915 (qui
605 1880 679 1908 enim
695 1880 777 1908 alicui
797 1879 958 1915 persuaderi
974 1887 1036 1916 pos-

244 1927 291 1966 sit,
305 1931 335 1954 ut:
351 1934 406 1954 non
423 1927 524 1954 multos
538 1927 614 1955 dicat
634 1926 759 1955 homines
770 1926 816 1962 qui
834 1927 862 1954 in
881 1926 976 1954 eadem
988 1935 1038 1954 na-

245 1977 307 2000 tura
323 1972 687 2001 demonstrantur2etenim
713 1972 741 2000 in
756 1972 831 2000 omni
856 1980 886 2000 re
918 1980 1036 2002 consue-

244 2019 312 2047 tudo
329 2023 435 2047 mutatu
447 2019 568 2047 dilticilis
581 2019 646 2054 est),
661 2023 796 2054 quantum
813 2019 909 2047 attinet
925 2019 959 2047 ad
969 2020 1040 2047 hanc

246 2069 380 2095 internam
399 2066 510 2102 quidem
528 2069 668 2098 naturam,
685 2066 709 2093 si
723 2066 859 2093 obtinenti
891 2071 1040 2094 consuetu-

245 2111 303 2140 dini
314 2119 369 2139 non
384 2112 571 2144 adversemur,
582 2118 754 2146 nequaquam
767 2114 872 2144 tantum
887 2111 1041 2146 peccaveri-

1089 1886 1138 1921 τῆς
1161 1886 1236 1913 κάτω
1253 1887 1360 1922 φύσεως
1381 1889 1415 1923 τῇ
1433 1886 1571 1923 κρατούσῃ
1599 1886 1728 1922 συνηθείᾳ
1754 1885 1792 1921 μὴ
1809 1884 1885 1911 ἀντι-

1090 1930 1239 1963 ϐαίνοντες.
1258 1932 1319 1959 οὐδὲ
1345 1932 1379 1960 ἂν
1394 1931 1521 1959 τοσοῦτον
1543 1932 1725 1967 ἁμάρτοιμεν,
1747 1929 1884 1965 μηδεμιᾶς

1090 1976 1173 2012 οὔσης
1195 1977 1297 2013 ζημίας
1321 1978 1353 2005 ἐκ
1376 1978 1425 2011 τῆς
1447 1977 1645 2014 ὴμαρτημένης
1667 1977 1720 2003 τῶν
1742 1975 1885 2011 ὀνομάτων

1091 2022 1225 2058 χρήσεως.
1247 2022 1308 2050 Ἐπὶ
1321 2023 1349 2050 δὲ
1363 2023 1410 2050 τοῦ
1425 2023 1496 2050 θείου
1512 2023 1654 2059 δόγματος,
1670 2022 1761 2048 οὐκέτι
1781 2021 1885 2056 ὁμοίως

1091 2067 1232 2100 ἀκίνδυνος
1247 2069 1263 2104 ἡ
1277 2068 1405 2105 διάφορος
1419 2070 1516 2105 χρῆσις
1529 2069 1582 2096 τῶν
1598 2069 1749 2104 ὀνομάτων.
1776 2067 1815 2093 Οὐ
1829 2066 1885 2103 γὰρ

1092 2113 1190 2149 μικρὸν
1205 2114 1321 2142 ἐνταῦθα
1332 2115 1363 2142 τὸ
1379 2115 1455 2150 παρὰ
1469 2115 1576 2151 μικρόν.

245 2169 317 2194 mus,
331 2167 394 2188 cum
406 2160 511 2187 nullum
523 2159 638 2186 exsistat
656 2157 848 2186 detrimentum
865 2165 899 2186 ex
914 2166 1000 2193 pravo
1019 2160 1161 2188 nominum
1174 2170 1236 2190 usu.
1252 2161 1281 2189 In
1292 2162 1384 2190 divino
1401 2171 1466 2191 vero
1476 2163 1587 2192 decreto
1597 2171 1651 2191 non
1667 2163 1785 2199 amplius
1805 2171 1885 2198 mque

245 2212 322 2237 tutus
337 2211 364 2236 et
372 2215 386 2235 a
395 2207 516 2243 periculo
528 2214 642 2239 vacuus,
651 2207 826 2241 promiscuus
836 2210 863 2234 et
875 2206 1034 2236 indill'erens
1045 2209 1185 2237 nominum
1195 2218 1262 2238 usus
1269 2214 1322 2239 est.
1331 2210 1389 2239 Non
1402 2211 1474 2239 enim
1486 2218 1598 2246 parvum
1615 2211 1659 2239 hic
1668 2211 1747 2246 quod
1770 2217 1883 2246 perpar-

245 2263 309 2284 vum
328 2258 383 2282 est.

280 2301 368 2337 Igitur
379 2308 450 2329 unus
461 2300 540 2329 nobis
552 2299 726 2328 conﬁtendus
738 2302 780 2327 est
791 2298 862 2326 Deus
870 2298 948 2334 juxta
965 2299 1036 2327 Scri‘

1126 2299 1230 2327 Οὐκοῦν
1244 2295 1285 2331 εἷς
1299 2299 1364 2335 ἡμῖν
1379 2298 1559 2334 ὀμολογητέος
1574 2297 1639 2329 Θεὸς
1661 2297 1731 2324 κατὰ
1746 2297 1796 2332 τὴν
1813 2305 1885 2333 γρα-

244 2351 332 2383 pturae
348 2347 537 2375 testimonium
552 2355 561 2375 :
579 2355 589 2372 ι
600 2346 682 2378 Audi,
700 2345 795 2379 Israel,
810 2345 942 2373 Dominus
966 2345 1038 2374 lleus

246 2399 310 2422 tuus
337 2393 469 2422 Dominus
484 2399 557 2420 unus
577 2395 620 2420 est
638 2392 646 2407 ¹
666 2401 674 2419 :
696 2401 706 2418 ι
722 2391 830 2419 etiamsi
850 2398 903 2419 vox
927 2391 1038 2420 deitatis

246 2443 368 2475 permeat
379 2442 503 2466 sanctam
524 2437 697 2466 Trinitatem.
727 2437 898 2466 llzectautem
915 2437 976 2466 dico
991 2446 1036 2467 se-

245 2486 367 2514 cundum
382 2485 517 2512 rationem
544 2483 679 2512 redditam
708 2483 736 2511 in
763 2483 882 2511 humana
913 2487 1035 2512 natura:

245 2539 300 2567 qua
328 2529 476 2558 didicimus
502 2537 556 2558 non
586 2533 713 2565 oportere
728 2529 825 2566 plurali
842 2529 1033 2566 designatione

246 2578 363 2607 dilatare
377 2576 587 2611 appellationem
602 2582 716 2604 natum.
743 2575 798 2605 Sed
813 2578 939 2604 exactius
956 2576 1036 2613 nobis

246 2621 438 2652 excutiendum
466 2626 509 2650 est.
540 2622 630 2658 ipsum
655 2631 754 2651 nomen
783 2622 905 2655 deitatis,
931 2627 960 2650 ut
988 2630 1037 2657 per

246 2677 318 2700 eam,
336 2675 397 2704 qua:
421 2668 492 2696 inest
506 2668 579 2701 voci,
597 2668 827 2704 signiﬁcationem
858 2668 969 2704 aliquod
985 2675 1036 2696 no—

247 2716 290 2744 bis
305 2715 493 2750 adjumentum
511 2715 624 2744 accedat
637 2715 671 2743 ad
695 2715 909 2744 declarationem
935 2722 1037 2749 propo-

245 2761 308 2788 sitae
321 2760 491 2796 quaestionis.
509 2761 569 2790 Vox
599 2761 682 2798 igitur
698 2761 810 2790 deitatis
836 2759 908 2796 vulgi
924 2759 1035 2795 quidem

284 2852 291 2887 ξ
312 2852 390 2881 Deut.
409 2861 444 2888 vI,
455 2853 479 2881 ί.

1090 2345 1173 2382 φικὴν
1190 2345 1344 2381 μαρτυρίαν
1357 2353 1364 2359 ·
1393 2345 1520 2375 (Ἄκουε,
1539 2343 1658 2379 Ἰσραὴλ,
1676 2342 1777 2378 Κύριος
1789 2343 1804 2368 ὁ
1817 2343 1884 2374 Θεός

1090 2401 1138 2420 σου
1163 2392 1265 2428 Κύριος
1289 2388 1329 2422 εἷς
1351 2391 1425 2417 ἐστι’
1449 2399 1458 2415 ι
1487 2389 1538 2416 κᾶν
1562 2390 1579 2425 ἡ
1594 2389 1669 2424 φωνὴ
1685 2388 1736 2424 τῆς
1755 2388 1884 2424 θεότητος

1088 2439 1177 2474 διήκει
1191 2437 1235 2465 διὰ
1247 2437 1297 2471 τῆς
1315 2436 1394 2471 ἁγίας
1416 2435 1539 2471 Τριάδος.
1563 2435 1656 2462 Ταῦτα
1670 2434 1699 2461 δὲ
1715 2434 1788 2469 λέγω
1811 2434 1883 2460 κατὰ

1088 2485 1134 2511 τὸν
1145 2483 1310 2511 ἀποδοθέντα
1327 2483 1392 2518 ἡμῖν
1406 2481 1452 2508 ἐπὶ
1462 2481 1511 2516 τῆς
1527 2480 1699 2516 ἀνθρωπίνης
1714 2480 1822 2514 φύσεως
1837 2480 1882 2506 λό-

1089 2539 1136 2565 γον
1150 2538 1157 2546 ”
1181 2530 1210 2556 ὲν
1226 2526 1248 2563 ᾧ
1265 2528 1466 2564 μεμαθήκαμεν
1483 2527 1520 2563 μὴ
1534 2527 1589 2553 δεῖν
1605 2526 1778 2563 πληθυντικῷ
1792 2535 1882 2562 χαρα-

1089 2576 1170 2611 κτῆρι
1179 2575 1228 2611 τὴν
1239 2574 1424 2610 προσηγορίαν
1438 2573 1581 2600 πλατύνειν
1595 2572 1644 2606 τῆς
1657 2572 1775 2607 φύσεως.
1793 2574 1885 2608 ’Δκρι-

1090 2621 1216 2656 εέστερον
1232 2620 1260 2646 δὲ
1274 2621 1340 2655 ἡμῖν
1355 2619 1423 2646 αὐτὸ
1438 2618 1469 2646 τὸ
1486 2618 1572 2653 ὄνομα
1586 2618 1636 2653 τῆς
1649 2618 1773 2654 θεότητος
1787 2618 1882 2650 ἐξετα-

1091 2667 1178 2698 στέον,
1196 2667 1270 2697 ὅπως
1286 2666 1319 2692 ἂν
1333 2665 1378 2692 διὰ
1392 2665 1441 2700 τῆς
1460 2663 1622 2699 ἐγκειμένης
1645 2664 1678 2698 τῇ
1694 2664 1768 2698 φωνῇ
1790 2671 1882 2698 σημα-

1090 2713 1160 2745 σίας,
1173 2711 1277 2746 γένοιτό
1291 2719 1332 2743 τις
1348 2710 1477 2746 συνεργία
1489 2710 1557 2746 πρὸς
1574 2709 1623 2745 τὴν
1635 2708 1682 2736 τοῦ
1698 2710 1881 2746 προκειμένου

1091 2759 1248 2795 σαφήνειαν.
1276 2758 1354 2784 Δοκεῖ
1371 2757 1418 2792 μὲν
1442 2754 1488 2784 οὖν
1514 2757 1571 2788 τοῖς
1595 2755 1700 2788 πολλοῖς
1724 2754 1881 2787 ίδιαζόντως
