1954 3081
86 111 127 138 121

660 113 755 146 QUOD
773 114 842 142 NON
860 114 937 142 SlNT
963 114 1053 142 TRES
1067 113 1122 141 Dll.

1656 112 1706 140 1‘22

85 166 148 192 κατὰ
160 166 210 201 τῆς
227 165 339 200 φύσεως
361 169 377 203 ἡ
393 169 466 204 φωνὴ
488 170 537 205 τῆς
551 168 675 205 θεότητος
689 172 804 203 κεῖσθαι,
822 171 868 198 καὶ

923 171 1052 206 opinione
1066 175 1172 197 naturae
1185 169 1362 206 peculiariter
1392 169 1478 197 indita
1504 177 1566 197 esse
1588 170 1705 198 videtur.

85 212 198 247 ὥσπερὴ
215 213 400 250 ὁοὺρανὺς,ἢ
421 216 435 242 ὁ
457 215 542 250 ἥλιος,
567 215 583 251 ἢ
609 216 672 242 ἄλλο
695 225 724 243 τι
744 216 798 243 τῶν
819 216 866 243 τοῦ

85 258 178 293 κόσμου
194 259 337 292 στοιχείων
362 260 440 292 ίδίαις
463 261 564 295 φωναῖς
584 261 790 297 διασημαίνεται
804 264 864 294 ταῖς

86 303 132 329 τῶν
148 303 335 338 ὑποκειμένων
351 307 529 340 σημα-ιτικαῖς
543 314 549 321 ·
568 306 638 333 οὕτω
661 307 727 341 φασὶ
750 308 797 334 καὶ
819 307 865 333 ἐπὶ

85 349 126 383 τῆς
146 349 277 376 ἀνωτάτω
301 351 347 376 καὶ
371 351 445 383 θείας
463 351 580 386 φύσεως,
606 352 700 388 ὥσπερ
720 361 747 379 τι
774 353 867 388 κύριον

84 396 158 430 δνομα
167 396 317 430 προσφυῶς
328 398 378 431 ἐφη
384 397 498 432 ρμόσθαι
509 397 546 433 τῷ
553 398 709 433 δηλουμένῳ
719 399 767 434 τὴν
776 399 867 433 φωνὴν

84 441 126 475 τῆς
142 441 278 475 θεότητος.
304 441 398 477 Ἡμεῖς
415 443 442 469 δὲ
456 445 515 475 ταῖς
530 445 578 479 τῆς
592 445 702 479 Γραφῆς
715 445 867 480 ὑποθήκαις

84 487 210 521 ἑπόμενοι.
225 487 455 523 ἀκατωνόμαστόν
471 498 500 515 τε
513 490 558 516 καὶ
569 491 707 525 ἄφραστον
722 490 806 525 αὐτὴν
821 498 867 525 με-

86 532 238 567 μαθήκαμεν
251 541 257 547 ·
287 534 334 560 καὶ
359 534 412 560 πᾶν
437 534 521 570 δνομα
535 535 590 561 εἴτε
608 536 683 571 παρὰ
698 536 747 571 τῆς
761 535 867 571 ἀνθρω-

86 578 157 612 πίνης
181 577 275 610 οὐσίας
308 579 472 615 ἐξεύρηται,
499 580 554 606 εἴτε
579 582 654 616 παρὰ
677 581 730 607 τῶν
752 581 867 616 Γραφῶν

86 623 252 658 παραδέδοται
263 644 271 656 ,
295 624 350 650 τῶν
365 634 391 651 τι
407 626 470 661 περὶ
485 626 534 661 τὴν
547 626 621 653 θείαν
637 627 717 661 φύσιν
729 627 881 661 νοουμένων

87 670 268 705 ἑρμηνευτικὸν
279 669 350 698 εἶναι
363 671 486 706 λέγομεν,
503 673 552 699 οὐκ
567 673 651 708 αὐτῆς
663 673 690 698 δε
701 673 749 708 τῆς
759 673 867 708 φύσεως

87 716 210 750 περιέχειν
219 716 270 751 τὴν
283 725 317 752 ση
323 717 430 752 μασίαν.
445 718 500 744 Καὶ
511 719 540 744 οὐ
554 718 653 753 πολλῆς
665 719 696 745 ἄν
707 728 748 750 τις
757 719 865 754 δεηθείη

86 760 264 796 πραγματείας
281 762 351 797 πρὸς
365 762 414 797 τὴν
429 763 563 794 ἀπόδειξιν
578 763 624 790 τοῦ
637 764 671 790 τὰ
686 763 771 795 οὕτως
784 763 864 798 ἔχειν,

87 805 119 830 Τὰ
129 805 174 839 μὲν
187 805 239 840 γὰρ
249 805 335 832 λοιπὰ.
349 807 401 833 τῶν
412 807 561 842 ὀνομάτων,
573 808 622 834 ὅσα
634 808 680 835 ἐπὶ
692 810 741 844 τῆς
752 809 866 840 κτίσεως

918 223 950 243 ac
969 215 1199 251 quemadmodum
1219 216 1259 244 vel
1283 216 1395 249 coelum,
1422 216 1464 244 vel
1492 217 1544 248 sol,
1564 216 1607 243 vel
1633 217 1705 244 aliud

918 261 1056 296 quidpiam
1069 269 1101 288 ex
1119 261 1213 288 mttndi
1230 262 1374 290 clementis
1389 263 1576 298 peculiaribus
1591 263 1707 290 vocibus

923 307 1110 342 subjectorum
1127 306 1367 341 signiﬁcatricibus
1383 308 1529 335 denotatur
1546 318 1551 335 :
1568 307 1605 333 ita
1627 307 1706 333 aiunt

919 353 945 380 in
962 360 1088 387 suprema
1106 360 1216 387 quoque
1242 357 1323 387 atque
1338 353 1430 380 divina
1454 357 1554 380 natura
1574 357 1705 388 tanquam

918 400 1057 434 proprium
1078 399 1215 433 quoddam
1243 407 1341 426 nomen
1358 407 1450 426 vocem
1468 399 1562 426 deitati
1583 403 1645 434 apte
1660 407 1707 426 ac—

918 443 1117 472 commodatam
1147 452 1208 472 esse
1225 444 1260 476 ei,
1280 444 1351 478 quod
1372 445 1431 479 (per
1452 446 1522 479 eam)
1539 445 1706 472 declaratur.

917 489 973 518 Nos
988 498 1052 517 vero
1070 490 1219 524 Scriptura:
1235 490 1398 517 documenta
1419 495 1564 524 sequentes
1585 491 1707 518 innomi-

917 535 1035 562 nubilem
1051 539 1077 562 et
1102 534 1318 569 inexplicabilem
1340 542 1398 561 eam
1419 542 1480 561 esse
1492 534 1637 561 didicimus
1655 543 1662 561 :
1680 537 1708 561 et

918 588 998 608 omne
1016 588 1112 607 nomen
1130 581 1187 607 sive
1202 580 1235 608 ab
1257 580 1375 607 humana
1403 580 1603 607 consuetudine
1627 579 1707 606 adin-

917 630 1041 657 ventum,
1073 626 1130 653 sive
1153 633 1167 652 a
1187 625 1339 660 Scripturis
1353 626 1483 653 traditum
1499 625 1592 656 fuerit.
1605 625 1707 660 aliquid

918 671 1066 699 denotandi
1085 671 1139 698 vim
1163 671 1264 699 habere
1282 672 1400 699 dicimus
1419 679 1526 704 eortun,
1556 679 1616 706 quae
1633 671 1707 698 circa

917 716 1037 743 divinam
1055 719 1181 742 natttratn
1214 724 1276 744 esse
1303 717 1506 751 intelliguntur,
1534 716 1622 751 ipsius
1641 723 1706 743 vero

917 765 1023 788 natura:
1043 769 1097 788 non
1115 762 1257 789 continere
1281 762 1523 797 signiﬁcationem.
1548 761 1636 796 Atque
1650 761 1708 787 luce

918 808 954 834 ita
969 815 1041 840 esse,
1062 807 1135 834 haud
1150 815 1248 841 magno
1269 808 1378 843 negotio
1402 807 1584 835 demonstrari
1606 809 1704 842 potest.

86 852 172 882 κεῖται,
185 852 230 877 καὶ
245 852 309 886 δίχα
323 853 395 885 τινὸς
412 853 588 888 ἐτυμολογίας
602 854 676 889 εὖροι
690 863 732 886 τις
748 855 781 881 ἂν
795 855 866 881 κατὰ

920 853 983 880 Nam
1000 857 1098 880 caetera
1118 853 1227 887 quidem
1257 854 1369 881 nomina
1386 861 1446 889 quae
1470 853 1604 881 creaturis
1620 853 1708 887 impo-

86 896 111 921 τὸ
123 896 223 930 συμϐὰν
244 898 443 933 ὲςρηρμοσμένα
457 901 512 930 τοῖς
526 900 724 934 ὑποκειμένοις,
739 901 868 935 ἀγαπών-

85 950 131 968 των
142 942 217 977 ἡμῶν
232 944 361 970 ὁπωσοῦν
374 944 408 970 τὰ
433 946 584 980 πράγματα
598 946 641 972 διὰ
655 947 704 980 τῆς
721 947 764 973 ἐπ’
777 947 867 974 αὐτῶν

87 988 166 1022 φωνῆς
185 988 410 1023 σημειώσασθαι,
433 991 501 1025 πρὸς
517 990 547 1016 τὸ
563 991 715 1025 ἀσύγχυτον
737 993 801 1027 ἡμῖν
826 992 867 1026 γί-

86 1033 166 1059 νεσθαι
178 1034 230 1060 τῶν
247 1043 315 1070 σεση
321 1036 480 1071 μειωμένων
494 1036 542 1071 τὴν
554 1036 662 1070 γνῶσιν.
681 1037 749 1063 Ὂσα
760 1038 788 1064 δὲ
800 1039 868 1073 πρὸς

86 1080 182 1114 ὁδηγίαν
195 1081 245 1115 τῆς
259 1081 339 1113 θείας
354 1082 544 1118 κατανοήσεώς
567 1083 640 1109 ἐστιν
655 1083 782 1118 ὀνόματα,
801 1085 867 1111 ἰδίαν

86 1125 132 1160 ἔχει
148 1126 259 1153 ἕκαστον
275 1128 548 1163 ὲμπεριειλημμένην
565 1128 693 1161 διάνοιαν,
712 1129 758 1156 καὶ
769 1130 818 1156 οὐκ
835 1129 867 1157 ἂν

86 1171 159 1205 χωρὶς
173 1173 309 1208 νοήματος
327 1182 399 1205 τινος
415 1174 541 1209 οὐδεμίαν
559 1174 649 1209 εὕροις
665 1175 756 1210 φωνὴν
768 1176 796 1201 ἐν
812 1177 867 1207 τοῖς

87 1217 319 1254 θεοπρεπεστέροις
344 1220 398 1246 τῶν
415 1219 562 1254 ὀνομάτων.
589 1221 632 1252 Ὠς
650 1221 681 1247 ὲκ
698 1221 792 1253 τούτου
812 1222 866 1248 δεί-

87 1263 185 1290 κνυσθαι
211 1264 249 1299 μὴ
278 1265 366 1301 αὐτὴν
386 1267 435 1302 τὴν
459 1267 534 1294 θείαν
559 1266 639 1301 φύσιν
654 1267 706 1293 ὑπό
726 1276 798 1298 τινος
814 1267 868 1295 τῶν

87 1308 210 1343 ὀνομάτων
227 1311 443 1345 σεσημειῶσθαι,
463 1311 530 1338 ἀλλά
543 1320 569 1338 τι
586 1312 640 1338 τῶν
653 1312 716 1347 περὶ
728 1312 811 1348 αὐτὴν
825 1313 869 1340 διὰ

87 1354 131 1380 τῶν
143 1354 293 1390 λεγομένων
308 1357 500 1392 γνωρίζεσθαι.
524 1357 646 1392 Λέγομεν
671 1358 726 1393 γὰρ
747 1356 816 1385 εἶναι
838 1358 868 1384 τὸ

88 1399 147 1426 θεῖον
159 1401 306 1437 ἄφθαρτον,
327 1403 350 1428 εἰ
366 1403 436 1429 οὕτω
446 1403 531 1438 τύχοι,
544 1403 560 1439 ἢ
572 1404 690 1436 δυνατὸν,
705 1404 721 1439 ἢ
736 1405 786 1431 ὃσα
802 1404 868 1431 ἄλλα

88 1445 188 1480 σᾶνηθές
201 1448 258 1474 ἐστι
281 1448 383 1483 λέγειν.
407 1449 475 1475 Ἀλλ’
490 1449 654 1484 εὑρίσκομεν
675 1450 790 1476 ἑκάστου
812 1449 867 1477 τῶν

87 1492 212 1527 ὀνομάτων
229 1493 388 1526 ἰδιάζουσαν
412 1494 541 1530 ἔμφασιν,
556 1495 713 1531 πρέπουσαν
737 1497 800 1531 περὶ
817 1496 867 1530 τῆς

88 1538 152 1571 θείας
169 1540 273 1573 φύσεως
289 1540 410 1567 νοεῖσθαι
430 1541 476 1568 καὶ
493 1541 620 1575 λέγεσθαι
631 1550 637 1557 ·
665 1542 695 1568 οὐ
713 1542 766 1577 μὴν
780 1543 867 1568 ἐκεῖνο

89 1586 269 1620 σημαίνουσαν,
286 1587 301 1613 ὅ
318 1588 376 1614 ἐστι
391 1589 450 1615 κατ’
466 1587 560 1614 οὐσίαν
577 1588 593 1623 ἡ
613 1588 703 1622 φύσις.
730 1588 800 1614 Αὐτὸ
813 1588 867 1624 γὰρ

88 1630 131 1657 ὅτι
145 1631 206 1658 ποτέ
220 1632 311 1665 ἐστιν,
329 1633 466 1669 ἄφθαρτόν
487 1634 571 1660 ἐστιν·
592 1634 609 1668 ἡ
625 1632 653 1660 δὲ
667 1634 714 1660 τοῦ
729 1633 867 1669 ἀφθάρτου

88 1677 163 1704 ἔννοια
183 1678 251 1714 αὕτη
266 1699 274 1710 ,
300 1679 333 1705 τὸ
358 1680 395 1714 μὴ
417 1680 457 1710 είς
481 1678 583 1714 φθορὰν
603 1679 634 1705 τὸ
655 1678 685 1705 ὃν
700 1678 866 1706 διαλύεσθαι.

89 1723 178 1751 Οὐκοῦν
199 1724 339 1760 ἄφθαρτον
364 1725 503 1756 εἰπόντες,
525 1724 540 1751 ὃ
566 1725 603 1760 μὴ
628 1725 726 1759 πάσχει
749 1725 765 1760 ὴ
789 1724 869 1759 φύσις

89 1768 195 1804 εἴπομεν.
222 1770 254 1796 Τί
279 1770 310 1796 δέ
334 1771 392 1797 ἐστι
415 1770 446 1797 τὸ
468 1770 518 1806 τὴν
537 1769 639 1805 φθορὰν
655 1770 693 1805 μὴ
708 1769 821 1805 πάσχον,
838 1769 867 1796 οὑ

89 1816 299 1852 παρεστήσαμεν.

917 900 969 926 sita
994 904 1068 933 sunt,
1093 900 1135 927 vel
1163 900 1266 935 absque
1295 901 1387 935 aliqua
1413 899 1539 934 originali
1554 900 1706 930 notatione,

916 953 997 980 quam
1023 947 1213 981 etymologiam
1236 946 1364 977 dicimus,
1387 946 1506 981 reperiat
1525 945 1625 978 aliquis
1654 944 1707 971 l‘or-

917 993 985 1018 tuito
1001 991 1205 1018 accommodata
1217 1000 1278 1019 esse
1295 992 1438 1026 subjectis,
1453 999 1515 1018 cum
1529 991 1651 1018 contenti
1663 998 1708 1018 es-

917 1044 1009 1064 semus
1022 1044 1185 1071 quocunque
1201 1036 1282 1063 modo
1298 1044 1344 1071 per
1362 1037 1395 1063 iis
1409 1036 1551 1070 impositas
1565 1043 1647 1062 voces
1662 1042 1707 1062 res

917 1082 1080 1117 signiﬁcare,
1108 1090 1142 1110 ne
1161 1083 1276 1109 conl'usa
1304 1082 1383 1109 nobis
1403 1086 1475 1109 esset
1489 1089 1580 1109 rerum
1599 1080 1707 1116 signiﬁ-

917 1133 1039 1154 catarum
1057 1128 1186 1163 cognitio.
1203 1127 1303 1154 Eorum
1335 1131 1425 1155 autem
1444 1135 1504 1162 quae
1522 1126 1624 1154 ideirco
1646 1133 1710 1161 pro-

918 1174 973 1201 dita
991 1178 1098 1201 suntut
1117 1182 1167 1201 nos
1193 1174 1361 1201 deducerent
1386 1174 1419 1200 ad
1443 1174 1489 1200 Dei
1513 1173 1708 1208 cognitionem,

919 1221 1082 1254 peculiarem
1098 1220 1311 1255 unmuquodqne
1326 1220 1448 1246 continet
1462 1219 1488 1245 in
1502 1226 1531 1245 se
1545 1218 1709 1246 sententiam

918 1266 1164 1301 comprehensam:
1185 1275 1234 1293 nec
1262 1266 1345 1293 ullam
1374 1266 1401 1292 in
1431 1265 1533 1292 divinis
1550 1264 1709 1291 nominibus

919 1319 1012 1338 vocetn
1026 1313 1146 1346 reperias
1164 1312 1256 1346 aliquo
1271 1315 1409 1337 carentem
1431 1310 1583 1337 intellectu.
1600 1307 1639 1335 Ex
1657 1307 1709 1334 hoc

919 1357 1011 1393 itaque
1025 1357 1238 1389 deutonstratur,
1266 1357 1337 1391 quod
1353 1364 1406 1382 non
1421 1357 1479 1390 ipsa
1494 1355 1585 1382 divina
1611 1357 1710 1381 natura

919 1411 967 1439 per
982 1403 1091 1438 aliquod
1118 1411 1212 1430 eorum
1234 1403 1375 1429 nominum
1401 1403 1558 1432 denotctur,
1590 1400 1638 1428 sed
1657 1399 1709 1427 ali—

919 1450 983 1484 quid
1004 1456 1110 1479 eorum,
1132 1457 1192 1483 quae
1219 1449 1242 1475 ei
1272 1448 1399 1482 adjuncta
1424 1451 1499 1480 sunt,
1528 1454 1576 1482 per
1600 1454 1632 1473 ea
1648 1453 1709 1480 quae

921 1495 1060 1526 dicuntur,
1078 1495 1222 1521 indicetur.
1255 1493 1376 1521 Dicimus
1405 1494 1488 1526 enim,
1513 1493 1589 1521 verbi
1611 1493 1709 1528 gratia,

921 1541 944 1567 si
961 1548 1005 1567 res
1017 1541 1053 1566 ita
1072 1539 1149 1570 ferat,
1167 1547 1267 1565 numen
1282 1546 1343 1566 esse
1366 1539 1585 1573 ineorruptibile,
1601 1538 1641 1565 vel
1659 1545 1710 1573 po-

921 1590 991 1618 tens,
1005 1585 1047 1612 vel
1060 1592 1228 1620 quaacunque
1240 1585 1293 1611 alia
1304 1584 1396 1611 dicere
1411 1592 1470 1611 mos
1488 1587 1540 1611 cst.
1565 1583 1617 1611 Sed
1633 1591 1711 1618 repe-

922 1630 1009 1658 rimus
1028 1630 1163 1665 cujusque
1178 1630 1297 1656 nominis
1313 1629 1479 1664 peculiarem
1493 1637 1554 1656 esse
1571 1628 1710 1664 signiﬁca-

922 1676 1035 1707 tionem,
1051 1683 1132 1710 quam
1156 1675 1252 1702 deceat
1286 1675 1399 1710 intelligi
1429 1682 1460 1702 ae
1479 1674 1533 1702 diei
1555 1674 1588 1702 de
1618 1675 1711 1702 divina

922 1727 1031 1754 natura,
1047 1729 1108 1757 qua:
1125 1721 1288 1756 significatio
1302 1725 1392 1748 tamen
1410 1729 1464 1748 non
1487 1720 1553 1747 illud
1566 1720 1711 1756 signiﬁcet,

922 1768 994 1803 quod
1005 1771 1102 1794 natura
1117 1767 1193 1802 juxta
1205 1767 1352 1794 essentiam
1368 1770 1419 1794 est.
1430 1766 1499 1793 Nam
1512 1766 1612 1801 ipsum,
1624 1765 1712 1801 quod~

923 1821 1031 1848 cunque
1051 1813 1160 1841 tandem
1187 1817 1240 1845 est,
1269 1813 1477 1848 incorruptibile
1501 1817 1544 1840 est
1559 1821 1567 1839 :
1581 1812 1711 1840 dictionis

90 1866 167 1888 autem
180 1862 408 1901 incorruptibilis
435 1863 512 1890 notio
535 1866 617 1897 atque
655 1861 810 1890 intellectus
821 1860 867 1889 hic
879 1866 931 1894 est,
952 1860 1025 1895 quod
1046 1860 1072 1887 id
1084 1860 1156 1895 quod
1171 1865 1211 1887 est
1226 1858 1259 1888 ad
1272 1859 1475 1894 corruptionem
1491 1866 1543 1885 non
1559 1858 1710 1892 redigatur,

90 1905 195 1935 Proinde
210 1916 274 1935 cum
294 1908 502 1943 ineorruptibile
529 1908 660 1939 diximus,
689 1907 715 1935 id
740 1907 813 1943 quod
838 1907 864 1934 in
883 1910 1010 1934 naturam
1028 1914 1082 1934 non
1098 1906 1182 1938 cadit,
1202 1906 1323 1933 diximus
1342 1914 1348 1933 :
1366 1905 1432 1940 quid
1450 1910 1538 1932 autem
1559 1905 1595 1932 sit
1625 1904 1702 1937 illud,

91 1955 151 1989 quod
166 1955 340 1990 corruptioni
366 1955 516 1982 obnoxium
536 1963 590 1982 non
608 1956 654 1988 sit,
671 1962 726 1982 non
755 1953 954 1990 expressimus.

168 2000 184 2010 κ

129 2047 198 2072 (fotu)
219 2047 272 2073 κᾶν
299 2045 429 2078 ζωοποιὺν
456 2044 594 2079 εἴπωμεν,
618 2044 632 2071 ὃ
658 2045 730 2071 ποιεῖ
752 2043 796 2070 διὰ
819 2044 870 2078 τῆς

91 2093 261 2128 προσηγορίας
288 2093 481 2128 σημάναντες,
505 2092 535 2118 τὸ
553 2091 646 2118 ποιοῦν
670 2091 709 2126 τῷ
732 2091 804 2125 λόγῳ
819 2091 869 2117 οὐκ

92 2137 274 2174 ἐγνωρίσαμεν.
303 2139 358 2164 Καὶ
376 2138 410 2165 τὰ
432 2137 499 2165 ἄλλα
517 2137 605 2164 πάντα
628 2137 698 2164 κατὰ
722 2137 767 2163 τὸν
788 2136 876 2167 αὑτὸν,

91 2181 157 2216 λόγον
167 2184 196 2210 ἐκ
207 2184 256 2219 τῆς
268 2183 434 2218 ἐγκειμένης
443 2184 503 2215 ταῖς
513 2183 757 2218 θεοπρεπεστέραις
767 2183 868 2216 φωναῖς

93 2228 215 2262 σημασίας
240 2228 420 2263 εὑρίσκομεν,
444 2227 460 2262 ἢ
483 2227 513 2253 τὸ
531 2226 568 2262 μὴ
584 2226 643 2253 δέον
658 2227 704 2253 ἐπὶ
724 2227 774 2262 τῆς
795 2226 870 2257 θείας

92 2272 184 2307 φύσεως
202 2274 350 2309 γινώσκειν
374 2273 596 2308 ἀπαγορεύοντα,
622 2273 638 2308 ἢ
664 2273 694 2299 τὸ
717 2273 776 2299 δέον
800 2272 871 2299 διδά-

93 2327 195 2353 σκοντα,
215 2321 304 2355 αὐτῆς
327 2320 355 2346 δὲ
379 2320 429 2354 τῆς
451 2319 558 2354 φύσεως
580 2318 728 2355 ἑρμηνείαν
748 2318 777 2344 οὐ
793 2326 870 2353 περι-

93 2364 184 2400 έχοντα.
209 2366 287 2392 Ἐπεὶ
298 2365 387 2392 τοίνυν
404 2366 452 2397 τὰς
464 2365 588 2396 ποικίλας
603 2365 654 2400 τῆς
669 2364 870 2400 ὑπερκειμένης

92 2409 218 2445 δυνάμεως
235 2410 376 2447 ἐνεργείας
391 2410 584 2442 κατανοοῦντες
605 2410 651 2444 ἀφ’
676 2410 793 2444 ἑκάστης
816 2410 870 2436 τῶν

93 2455 147 2489 ἡμῖν
161 2457 308 2492 γνωρίμων
322 2456 467 2492 ἐνεργειῶν
488 2456 537 2488 τὰς
552 2455 736 2492 προσηγορίας
751 2454 870 2490 ἁρμόζοι

95 2509 153 2534 μεν·
180 2502 244 2537 μίαν
265 2502 294 2529 δὲ
317 2503 365 2528 κα)¹
388 2502 490 2537 ταύτην
507 2500 575 2528 εἶναι
599 2501 648 2537 τὴν
665 2501 805 2536 ἐνέργειαν
821 2501 871 2536 τὴν

93 2547 228 2583 ἐποπτικὴν
245 2548 294 2574 καὶ
306 2547 437 2583 ὁρατικὴν
448 2567 455 2579 ,
478 2548 526 2575 καὶ
540 2547 578 2579 ὡς
593 2547 626 2574 ἄν
639 2556 681 2578 τις
694 2547 766 2573 εἴποι
783 2546 871 2573 θεατι-

93 2592 146 2628 χὴν,
161 2594 220 2621 καθ’
237 2595 271 2630 ἢν
287 2595 323 2621 τὰ
337 2594 426 2621 πάντα
444 2595 531 2630 ἐφορᾷ.
545 2595 593 2621 καὶ
608 2594 698 2620 πάντα
716 2594 869 2626 ἐπισκοπεῖ,

92 2639 134 2670 τὰς
148 2639 307 2676 ἐνθυμήσεις
331 2640 438 2675 βλέπων
458 2640 505 2667 καὶ
526 2639 572 2666 ἐπὶ
584 2639 619 2666 τὰ
641 2639 744 2666 ἀθέατα
757 2640 790 2674 τῇ
805 2638 871 2665 θεω-

94 2685 181 2720 ρητικῇ
195 2685 308 2721 δυνάμει
331 2685 521 2721 διαδυόμενος,
538 2685 743 2720 ὑπειλήφαμεν,
767 2685 799 2711 ἐκ
822 2684 872 2719 τῆς

93 2728 148 2761 θέας
159 2752 167 2763 ,
191 2731 241 2766 τὴν
266 2732 384 2767 θεότητα
400 2731 627 2768 παρωνομάσθαι,
652 2732 699 2758 καὶ
713 2731 759 2758 τὸν
773 2731 871 2766 θεατὴν

93 2773 162 2808 ἡμῶν
175 2775 250 2808 Θεὸν,
268 2777 320 2804 ὑπό
334 2785 365 2803 τε
384 2777 433 2812 τῆς
449 2777 591 2812 συνηθείας
608 2777 718 2812 καὶτῆς
732 2775 786 2803 τῶν
801 2776 870 2811 Γρα-

94 2819 146 2853 φῶν
164 2821 333 2855 διδασκαλίας
351 2822 607 2858 προσαγορεύεσθαι.
630 2822 661 2849 Εἰ
686 2822 713 2848 δὲ
737 2823 872 2857 συγχωρεῖ

959 2041 1060 2070 Eodem
1081 2041 1161 2069 modo
1178 2041 1201 2069 si
1216 2041 1259 2069 vel
1274 2041 1411 2069 viviﬁcum
1430 2041 1592 2073 dixerimus,
1605 2048 1667 2069 cum
1683 2041 1710 2068 id

922 2088 994 2123 quod
1010 2088 1091 2115 eﬂicit
1104 2096 1154 2122 per
1169 2088 1378 2123 appellationem
1396 2087 1654 2122 signiﬁcaverimus,
1670 2087 1712 2121 ip-

922 2142 982 2161 sum
999 2134 1130 2166 elﬁciens,
1159 2142 1190 2161 ac
1214 2137 1341 2161 naturam
1358 2133 1522 2160 effectricem
1544 2132 1599 2168 (eo)
1628 2132 1711 2159 verbo

887 2196 909 2225 ο
922 2186 976 2206 non
999 2178 1192 2206 indicavimus.
1209 2177 1276 2206 Item
1295 2179 1321 2205 in
1343 2179 1449 2205 caneris
1464 2177 1592 2204 otnnibus
1616 2177 1710 2204 eadem

922 2225 1030 2253 ratione
1041 2233 1074 2252 ex
1089 2232 1132 2257 ea,
1149 2232 1209 2260 quae
1224 2225 1306 2252 insita
1317 2228 1360 2252 est
1371 2224 1577 2260 augustioribus
1584 2224 1710 2257 vocibus,

922 2271 1133 2306 signiﬁcatione.
1148 2270 1298 2306 reperimus
1312 2274 1359 2297 aut
1373 2278 1416 2302 ea,
1437 2277 1497 2305 qua:
1511 2269 1549 2302 id,
1567 2270 1640 2304 quod
1655 2277 1711 2296 non

920 2321 1036 2350 Oportet,
1051 2316 1085 2344 de
1110 2316 1201 2343 divina
1218 2320 1315 2343 natura
1336 2316 1439 2343 sentire
1462 2314 1638 2347 interdicunt,
1664 2318 1711 2342 aut

921 2370 982 2397 quae
1009 2363 1112 2390 sentire
1132 2363 1237 2395 deceat,
1267 2370 1318 2390 nos
1333 2362 1460 2394 doceant,
1486 2370 1541 2389 non
1556 2366 1647 2389 autent
1664 2369 1709 2392 ea,

920 2416 982 2443 qua;
1005 2409 1165 2435 contineant
1198 2408 1284 2443 ipsius
1325 2411 1431 2434 natura:
1469 2407 1709 2441 signiﬁcationem.

921 2454 1056 2487 Quoniam
1072 2454 1156 2489 igitur
1168 2455 1261 2482 varias
1291 2461 1417 2488 supernae
1432 2453 1560 2489 potentia:
1574 2452 1712 2481 eﬁicacias

921 2501 1172 2529 animadvertentes
1190 2508 1205 2527 a
1219 2501 1340 2536 qualibet
1354 2500 1434 2528 nobis
1449 2504 1512 2527 nota
1530 2499 1649 2527 etIieacia
1663 2506 1711 2533 ap-

921 2547 1081 2582 pellationes
1098 2547 1270 2582 adaptamus,
1287 2550 1369 2581 atque
1384 2553 1465 2573 unam
1482 2545 1610 2572 nimirum
1628 2544 1711 2572 etiam

921 2595 994 2622 hanc
1007 2594 1159 2623 efﬁcaciam
1189 2594 1382 2629 inspectrirem
1398 2597 1425 2621 et
1449 2592 1627 2620 visitatricem
1642 2594 1711 2618 etut

922 2641 1021 2676 aliquis
1037 2640 1129 2668 dicere
1140 2640 1238 2675 possit.
1260 2639 1400 2674 θεατικήν,
1422 2638 1448 2666 id
1464 2642 1516 2670 est,
1528 2635 1710 2671 spectatricem

921 2693 982 2714 esse
991 2686 1184 2722 cognoscimus
1194 2693 1261 2720 :qua
1268 2684 1360 2713 omnia
1367 2682 1581 2719 inspicit,omnia
1590 2682 1710 2709 intuetur

922 2732 1105 2768 cogitationes
1116 2731 1224 2764 videns,
1239 2734 1266 2759 et
1282 2738 1370 2765 usque
1387 2729 1421 2756 ad
1441 2736 1484 2761 ea,
1499 2735 1561 2764 quae
1588 2727 1709 2762 spectari

922 2784 977 2804 non
992 2780 1120 2810 possunt,
1133 2775 1358 2810 contemplatrice
1381 2773 1481 2801 virtute
1493 2777 1639 2808 penetrans
1653 2780 1660 2798 :
1677 2772 1710 2797 ἐκ

921 2822 971 2857 τῆς
979 2821 1052 2856 θέας,
1070 2821 1095 2850 id
1108 2825 1150 2850 est
1165 2821 1264 2848 visione
1276 2825 1299 2847 et
1310 2818 1480 2854 inspectione,
1496 2816 1655 2852 θεότητα,ἰ(1
1669 2821 1708 2844 est
