  <div class='ocr_page' id='page_1' title='image "/cluster/home/n/w/nwhite01/storage/ocr_20150623/45/njp.32101077772596/073.png"; bbox 0 0 1954 3081; ppageno 0'>
   <div class='ocr_carea' id='block_1_1' title="bbox 255 105 306 132">
    <p class='ocr_par' dir='ltr' id='par_1_1' title="bbox 255 105 306 132">
     <span class='ocr_line' id='line_1_1' title="bbox 255 105 306 132; baseline 0 0"><span class='ocrx_word' id='word_1_1' title='bbox 255 105 306 132; x_wconf 70' lang='grc' dir='ltr'><strong>1Ξῦ</strong></span> 
     </span>
    </p>
   </div>
   <div class='ocr_carea' id='block_1_2' title="bbox 881 104 1265 133">
    <p class='ocr_par' dir='ltr' id='par_1_2' title="bbox 881 104 1265 133">
     <span class='ocr_line' id='line_1_2' title="bbox 881 104 1265 133; baseline 0 -2"><span class='ocrx_word' id='word_1_2' title='bbox 881 104 913 132; x_wconf 87' lang='lat' dir='ltr'><strong>S.</strong></span> <span class='ocrx_word' id='word_1_3' title='bbox 933 104 1097 132; x_wconf 72' lang='lat' dir='ltr'><strong>GllEGOllll</strong></span> <span class='ocrx_word' id='word_1_4' title='bbox 1117 104 1265 133; x_wconf 59' lang='lat' dir='ltr'><strong>NYSSENI</strong></span> 
     </span>
    </p>
   </div>
   <div class='ocr_carea' id='block_1_3' title="bbox 1832 106 1883 132">
    <p class='ocr_par' dir='ltr' id='par_1_3' title="bbox 1832 106 1883 132">
     <span class='ocr_line' id='line_1_3' title="bbox 1832 106 1883 132; baseline 0 0"><span class='ocrx_word' id='word_1_5' title='bbox 1832 106 1883 132; x_wconf 67' lang='grc' dir='ltr'><strong>ιιι</strong></span> 
     </span>
    </p>
   </div>
   <div class='ocr_carea' id='block_1_4' title="bbox 250 162 1042 200">
    <p class='ocr_par' dir='ltr' id='par_1_4' title="bbox 250 162 1037 195">
     <span class='ocr_line' id='line_1_4' title="bbox 250 162 1037 195; baseline 0.003 -5"><span class='ocrx_word' id='word_1_6' title='bbox 250 164 375 191; x_wconf 74' lang='lat' dir='ltr'><strong>deitatem</strong></span> <span class='ocrx_word' id='word_1_7' title='bbox 393 163 594 190; x_wconf 75' lang='lat' dir='ltr'><strong>dcunminatam</strong></span> <span class='ocrx_word' id='word_1_8' title='bbox 615 170 676 189; x_wconf 80' lang='lat' dir='ltr'><strong>esse</strong></span> <span class='ocrx_word' id='word_1_9' title='bbox 700 162 902 195; x_wconf 70' lang='lat' dir='ltr'><strong>existimamus,</strong></span> <span class='ocrx_word' id='word_1_10' title='bbox 916 165 960 191; x_wconf 80' lang='grc' dir='ltr'>τὸν</span> <span class='ocrx_word' id='word_1_11' title='bbox 975 165 1037 192; x_wconf 62' lang='grc' dir='ltr'>θεας</span> 
     </span>
    </p>
   </div>
   <div class='ocr_carea' id='block_1_5' title="bbox 1095 162 1883 200">
    <p class='ocr_par' dir='ltr' id='par_1_5' title="bbox 1095 163 1883 200">
     <span class='ocr_line' id='line_1_5' title="bbox 1095 163 1883 200; baseline -0.001 -9"><span class='ocrx_word' id='word_1_12' title='bbox 1095 175 1132 197; x_wconf 78' lang='grc' dir='ltr'><strong>τις</strong></span> <span class='ocrx_word' id='word_1_13' title='bbox 1149 166 1246 192; x_wconf 73' lang='grc' dir='ltr'>ταύτὸν</span> <span class='ocrx_word' id='word_1_14' title='bbox 1261 163 1340 198; x_wconf 78' lang='grc' dir='ltr'>εἶναι,</span> <span class='ocrx_word' id='word_1_15' title='bbox 1358 165 1388 192; x_wconf 85' lang='grc' dir='ltr'><strong>τδ</strong></span> <span class='ocrx_word' id='word_1_16' title='bbox 1407 165 1564 197; x_wconf 79' lang='grc' dir='ltr'>θεάσασθαι,</span> <span class='ocrx_word' id='word_1_17' title='bbox 1582 166 1627 192; x_wconf 73' lang='grc' dir='ltr'><strong>καὶ</strong></span> <span class='ocrx_word' id='word_1_18' title='bbox 1649 166 1678 192; x_wconf 73' lang='grc' dir='ltr'>τὸ</span> <span class='ocrx_word' id='word_1_19' title='bbox 1693 165 1813 200; x_wconf 83' lang='grc' dir='ltr'><strong>βλέπειν,</strong></span> <span class='ocrx_word' id='word_1_20' title='bbox 1837 166 1883 192; x_wconf 77' lang='grc' dir='ltr'><strong>καὶ</strong></span> 
     </span>
    </p>
   </div>
   <div class='ocr_carea' id='block_1_6' title="bbox 251 209 1039 245">
    <p class='ocr_par' dir='ltr' id='par_1_6' title="bbox 251 209 1039 245">
     <span class='ocr_line' id='line_1_6' title="bbox 251 209 1039 245; baseline 0.001 -9"><span class='ocrx_word' id='word_1_21' title='bbox 251 209 300 244; x_wconf 75' lang='grc' dir='ltr'>τὴν</span> <span class='ocrx_word' id='word_1_22' title='bbox 311 209 389 245; x_wconf 79' lang='grc' dir='ltr'>ἡμῶν</span> <span class='ocrx_word' id='word_1_23' title='bbox 405 209 430 235; x_wconf 87' lang='lat' dir='ltr'><strong>id</strong></span> <span class='ocrx_word' id='word_1_24' title='bbox 445 213 485 236; x_wconf 85' lang='lat' dir='ltr'><strong>est</strong></span> <span class='ocrx_word' id='word_1_25' title='bbox 497 209 668 242; x_wconf 72' lang='lat' dir='ltr'><strong>inspectaret&quot;</strong></span> <span class='ocrx_word' id='word_1_26' title='bbox 679 209 910 242; x_wconf 76' lang='lat' dir='ltr'><strong>contemplatorem</strong></span> <span class='ocrx_word' id='word_1_27' title='bbox 921 215 1039 237; x_wconf 77' lang='lat' dir='ltr'><strong>nostrum</strong></span> 
     </span>
    </p>
   </div>
   <div class='ocr_carea' id='block_1_7' title="bbox 251 253 1042 286">
    <p class='ocr_par' dir='ltr' id='par_1_7' title="bbox 251 253 1042 286">
     <span class='ocr_line' id='line_1_7' title="bbox 251 253 1042 286; baseline 0.001 -4"><span class='ocrx_word' id='word_1_28' title='bbox 251 260 275 282; x_wconf 77' lang='lat' dir='ltr'><strong>et</strong></span> <span class='ocrx_word' id='word_1_29' title='bbox 295 260 453 285; x_wconf 74' lang='lat' dir='ltr'><strong>curatorem,</strong></span> <span class='ocrx_word' id='word_1_30' title='bbox 468 254 544 286; x_wconf 75' lang='grc' dir='ltr'>Θεὸν,</span> <span class='ocrx_word' id='word_1_31' title='bbox 562 254 587 280; x_wconf 97' lang='lat' dir='ltr'><strong>id</strong></span> <span class='ocrx_word' id='word_1_32' title='bbox 601 257 644 281; x_wconf 85' lang='lat' dir='ltr'><strong>est</strong></span> <span class='ocrx_word' id='word_1_33' title='bbox 659 253 754 286; x_wconf 85' lang='lat' dir='ltr'><strong>Deum,</strong></span> <span class='ocrx_word' id='word_1_34' title='bbox 767 259 794 281; x_wconf 87' lang='lat' dir='ltr'><strong>ct</strong></span> <span class='ocrx_word' id='word_1_35' title='bbox 812 262 827 281; x_wconf 91' lang='lat' dir='ltr'><strong>a</strong></span> <span class='ocrx_word' id='word_1_36' title='bbox 843 256 1042 283; x_wconf 79' lang='lat' dir='ltr'><strong>consuetudine</strong></span> 
     </span>
    </p>
   </div>
   <div class='ocr_carea' id='block_1_8' title="bbox 251 300 1038 335">
    <p class='ocr_par' dir='ltr' id='par_1_8' title="bbox 251 300 1038 335">
     <span class='ocr_line' id='line_1_8' title="bbox 251 300 1038 335; baseline 0.001 -8"><span class='ocrx_word' id='word_1_37' title='bbox 251 307 278 328; x_wconf 75' lang='grc' dir='ltr'><strong>ιιι</strong></span> <span class='ocrx_word' id='word_1_38' title='bbox 295 309 309 327; x_wconf 90' lang='lat' dir='ltr'><strong>a</strong></span> <span class='ocrx_word' id='word_1_39' title='bbox 325 301 527 335; x_wconf 83' lang='lat' dir='ltr'><strong>Scripturarum</strong></span> <span class='ocrx_word' id='word_1_40' title='bbox 553 300 679 327; x_wconf 76' lang='lat' dir='ltr'><strong>doctrina</strong></span> <span class='ocrx_word' id='word_1_41' title='bbox 703 300 834 335; x_wconf 84' lang='lat' dir='ltr'><strong>appellari</strong></span> <span class='ocrx_word' id='word_1_42' title='bbox 860 301 1038 328; x_wconf 75' lang='lat' dir='ltr'><strong>arbitramur.</strong></span> 
     </span>
    </p>
   </div>
   <div class='ocr_carea' id='block_1_9' title="bbox 250 346 1040 380">
    <p class='ocr_par' dir='ltr' id='par_1_9' title="bbox 250 346 1040 380">
     <span class='ocr_line' id='line_1_9' title="bbox 250 346 1040 380; baseline 0.001 -8"><span class='ocrx_word' id='word_1_43' title='bbox 250 346 328 379; x_wconf 80' lang='lat' dir='ltr'><strong>Quod</strong></span> <span class='ocrx_word' id='word_1_44' title='bbox 355 346 378 374; x_wconf 85' lang='lat' dir='ltr'><strong>si</strong></span> <span class='ocrx_word' id='word_1_45' title='bbox 408 346 471 380; x_wconf 90' lang='lat' dir='ltr'><strong>quis</strong></span> <span class='ocrx_word' id='word_1_46' title='bbox 493 346 638 378; x_wconf 82' lang='lat' dir='ltr'><strong>concedit,</strong></span> <span class='ocrx_word' id='word_1_47' title='bbox 670 346 740 374; x_wconf 84' lang='lat' dir='ltr'><strong>idem</strong></span> <span class='ocrx_word' id='word_1_48' title='bbox 770 354 846 379; x_wconf 85' lang='lat' dir='ltr'><strong>esse,</strong></span> <span class='ocrx_word' id='word_1_49' title='bbox 879 347 910 374; x_wconf 81' lang='grc' dir='ltr'>τὺ</span> <span class='ocrx_word' id='word_1_50' title='bbox 940 347 1040 374; x_wconf 82' lang='grc' dir='ltr'>θεάσα-</span> 
     </span>
    </p>
   </div>
   <div class='ocr_carea' id='block_1_10' title="bbox 250 391 1041 427">
    <p class='ocr_par' dir='ltr' id='par_1_10' title="bbox 250 391 1041 427">
     <span class='ocr_line' id='line_1_10' title="bbox 250 391 1041 427; baseline 0 -9"><span class='ocrx_word' id='word_1_51' title='bbox 250 391 322 424; x_wconf 87' lang='grc' dir='ltr'>σθαι,</span> <span class='ocrx_word' id='word_1_52' title='bbox 340 391 366 418; x_wconf 98' lang='lat' dir='ltr'><strong>id</strong></span> <span class='ocrx_word' id='word_1_53' title='bbox 397 396 440 419; x_wconf 88' lang='lat' dir='ltr'><strong>est</strong></span> <span class='ocrx_word' id='word_1_54' title='bbox 469 396 595 425; x_wconf 74' lang='lat' dir='ltr'><strong>spectare,</strong></span> <span class='ocrx_word' id='word_1_55' title='bbox 612 395 640 418; x_wconf 84' lang='lat' dir='ltr'><strong>et</strong></span> <span class='ocrx_word' id='word_1_56' title='bbox 672 391 702 418; x_wconf 83' lang='grc' dir='ltr'>τὺ</span> <span class='ocrx_word' id='word_1_57' title='bbox 721 391 840 427; x_wconf 84' lang='grc' dir='ltr'>βλέπειν,</span> <span class='ocrx_word' id='word_1_58' title='bbox 868 393 920 419; x_wconf 89' lang='lat' dir='ltr'><strong>hoc</strong></span> <span class='ocrx_word' id='word_1_59' title='bbox 934 397 973 420; x_wconf 78' lang='lat' dir='ltr'><strong>est</strong></span> <span class='ocrx_word' id='word_1_60' title='bbox 1002 393 1041 419; x_wconf 83' lang='lat' dir='ltr'><strong>vi-</strong></span> 
     </span>
    </p>
   </div>
   <div class='ocr_carea' id='block_1_11' title="bbox 248 435 1042 472">
    <p class='ocr_par' dir='ltr' id='par_1_11' title="bbox 248 435 1042 472">
     <span class='ocr_line' id='line_1_11' title="bbox 248 435 1042 472; baseline 0.003 -10"><span class='ocrx_word' id='word_1_61' title='bbox 248 437 309 464; x_wconf 76' lang='lat' dir='ltr'><strong>dere</strong></span> <span class='ocrx_word' id='word_1_62' title='bbox 326 443 335 463; x_wconf 88' lang='lat'><em>:</em></span> <span class='ocrx_word' id='word_1_63' title='bbox 353 441 434 471; x_wconf 86' lang='lat' dir='ltr'><strong>atque</strong></span> <span class='ocrx_word' id='word_1_64' title='bbox 449 436 540 464; x_wconf 82' lang='lat' dir='ltr'><strong>omnia</strong></span> <span class='ocrx_word' id='word_1_65' title='bbox 555 435 707 472; x_wconf 72' lang='grc' dir='ltr'>ἐφορῶντα,</span> <span class='ocrx_word' id='word_1_66' title='bbox 723 436 774 464; x_wconf 90' lang='lat' dir='ltr'><strong>hoc</strong></span> <span class='ocrx_word' id='word_1_67' title='bbox 797 441 839 464; x_wconf 90' lang='lat' dir='ltr'><strong>est</strong></span> <span class='ocrx_word' id='word_1_68' title='bbox 859 437 1042 471; x_wconf 70' lang='lat' dir='ltr'><strong>inspiciente&quot;:</strong></span> 
     </span>
    </p>
   </div>
   <div class='ocr_carea' id='block_1_12' title="bbox 248 481 1041 517">
    <p class='ocr_par' dir='ltr' id='par_1_12' title="bbox 248 481 1041 517">
     <span class='ocr_line' id='line_1_12' title="bbox 248 481 1041 517; baseline 0.001 -9"><span class='ocrx_word' id='word_1_69' title='bbox 248 482 325 514; x_wconf 78' lang='grc' dir='ltr'>Θεόν,</span> <span class='ocrx_word' id='word_1_70' title='bbox 343 482 369 509; x_wconf 90' lang='lat' dir='ltr'><strong>id</strong></span> <span class='ocrx_word' id='word_1_71' title='bbox 395 486 438 509; x_wconf 88' lang='lat' dir='ltr'><strong>cst</strong></span> <span class='ocrx_word' id='word_1_72' title='bbox 455 481 547 512; x_wconf 77' lang='lat' dir='ltr'><strong>Deum,</strong></span> <span class='ocrx_word' id='word_1_73' title='bbox 574 481 671 517; x_wconf 73' lang='grc' dir='ltr'>ἔφορον</span> <span class='ocrx_word' id='word_1_74' title='bbox 684 481 736 509; x_wconf 83' lang='lat' dir='ltr'><strong>hoc</strong></span> <span class='ocrx_word' id='word_1_75' title='bbox 760 486 802 510; x_wconf 79' lang='lat' dir='ltr'><strong>est</strong></span> <span class='ocrx_word' id='word_1_76' title='bbox 830 483 1003 516; x_wconf 69' lang='lat' dir='ltr'><strong>imputarent</strong></span> <span class='ocrx_word' id='word_1_77' title='bbox 1016 487 1041 509; x_wconf 79' lang='lat' dir='ltr'><strong>et</strong></span> 
     </span>
    </p>
   </div>
   <div class='ocr_carea' id='block_1_13' title="bbox 247 527 1042 562">
    <p class='ocr_par' dir='ltr' id='par_1_13' title="bbox 247 527 1042 562">
     <span class='ocr_line' id='line_1_13' title="bbox 247 527 1042 562; baseline 0.003 -8"><span class='ocrx_word' id='word_1_78' title='bbox 247 527 403 562; x_wconf 67' lang='lat' dir='ltr'><strong>praefectum</strong></span> <span class='ocrx_word' id='word_1_79' title='bbox 415 536 526 555; x_wconf 63' lang='lat' dir='ltr'><strong>summa</strong></span> <span class='ocrx_word' id='word_1_80' title='bbox 538 536 625 555; x_wconf 83' lang='lat' dir='ltr'><strong>rerum</strong></span> <span class='ocrx_word' id='word_1_81' title='bbox 655 532 681 555; x_wconf 89' lang='lat' dir='ltr'><strong>et</strong></span> <span class='ocrx_word' id='word_1_82' title='bbox 696 536 758 556; x_wconf 90' lang='lat' dir='ltr'><strong>esse</strong></span> <span class='ocrx_word' id='word_1_83' title='bbox 778 533 805 556; x_wconf 89' lang='lat' dir='ltr'><strong>et</strong></span> <span class='ocrx_word' id='word_1_84' title='bbox 820 528 874 556; x_wconf 92' lang='lat' dir='ltr'><strong>dici</strong></span> <span class='ocrx_word' id='word_1_85' title='bbox 891 540 899 556; x_wconf 76' lang='lat'><strong>~.</strong></span> <span class='ocrx_word' id='word_1_86' title='bbox 915 528 1042 557; x_wconf 88' lang='lat' dir='ltr'><strong>conside-</strong></span> 
     </span>
    </p>
   </div>
   <div class='ocr_carea' id='block_1_14' title="bbox 249 573 1041 609">
    <p class='ocr_par' dir='ltr' id='par_1_14' title="bbox 249 573 1041 609">
     <span class='ocr_line' id='line_1_14' title="bbox 249 573 1041 609; baseline 0.001 -9"><span class='ocrx_word' id='word_1_87' title='bbox 249 579 290 601; x_wconf 88' lang='lat' dir='ltr'><strong>rct</strong></span> <span class='ocrx_word' id='word_1_88' title='bbox 305 575 376 602; x_wconf 89' lang='lat' dir='ltr'><strong>hanc</strong></span> <span class='ocrx_word' id='word_1_89' title='bbox 390 574 550 605; x_wconf 83' lang='lat' dir='ltr'><strong>efﬁcaciam,</strong></span> <span class='ocrx_word' id='word_1_90' title='bbox 563 579 655 601; x_wconf 87' lang='lat' dir='ltr'><strong>utrum</strong></span> <span class='ocrx_word' id='word_1_91' title='bbox 673 574 718 601; x_wconf 94' lang='lat' dir='ltr'><strong>uni</strong></span> <span class='ocrx_word' id='word_1_92' title='bbox 736 573 809 602; x_wconf 85' lang='lat' dir='ltr'><strong>adsit</strong></span> <span class='ocrx_word' id='word_1_93' title='bbox 823 582 856 601; x_wconf 81' lang='lat' dir='ltr'><strong>ex</strong></span> <span class='ocrx_word' id='word_1_94' title='bbox 871 574 918 606; x_wconf 86' lang='lat' dir='ltr'><strong>iis,</strong></span> <span class='ocrx_word' id='word_1_95' title='bbox 933 582 994 609; x_wconf 78' lang='lat' dir='ltr'><strong>qua:</strong></span> <span class='ocrx_word' id='word_1_96' title='bbox 1013 574 1041 602; x_wconf 90' lang='lat' dir='ltr'><strong>in</strong></span> 
     </span>
    </p>
   </div>
   <div class='ocr_carea' id='block_1_15' title="bbox 248 619 1042 655">
    <p class='ocr_par' dir='ltr' id='par_1_15' title="bbox 248 619 1042 655">
     <span class='ocr_line' id='line_1_15' title="bbox 248 619 1042 655; baseline 0.001 -9"><span class='ocrx_word' id='word_1_97' title='bbox 248 625 346 647; x_wconf 82' lang='lat' dir='ltr'><strong>saneta</strong></span> <span class='ocrx_word' id='word_1_98' title='bbox 371 619 508 647; x_wconf 87' lang='lat' dir='ltr'><strong>Trinitate</strong></span> <span class='ocrx_word' id='word_1_99' title='bbox 533 620 644 647; x_wconf 77' lang='lat' dir='ltr'><strong>credita:</strong></span> <span class='ocrx_word' id='word_1_100' title='bbox 676 623 751 652; x_wconf 74' lang='lat' dir='ltr'><strong>stult,</strong></span> <span class='ocrx_word' id='word_1_101' title='bbox 779 620 914 655; x_wconf 81' lang='lat' dir='ltr'><strong>personis,</strong></span> <span class='ocrx_word' id='word_1_102' title='bbox 945 627 980 647; x_wconf 88' lang='lat' dir='ltr'><strong>an</strong></span> <span class='ocrx_word' id='word_1_103' title='bbox 1007 620 1042 647; x_wconf 91' lang='lat' dir='ltr'><strong>ad</strong></span> 
     </span>
    </p>
   </div>
   <div class='ocr_carea' id='block_1_16' title="bbox 247 665 1042 700">
    <p class='ocr_par' dir='ltr' id='par_1_16' title="bbox 247 665 1042 700">
     <span class='ocr_line' id='line_1_16' title="bbox 247 665 1042 700; baseline 0 -8"><span class='ocrx_word' id='word_1_104' title='bbox 247 673 343 693; x_wconf 78' lang='lat' dir='ltr'><strong>omnes</strong></span> <span class='ocrx_word' id='word_1_105' title='bbox 369 673 402 694; x_wconf 83' lang='lat' dir='ltr'><strong>ea</strong></span> <span class='ocrx_word' id='word_1_106' title='bbox 421 666 508 693; x_wconf 87' lang='lat' dir='ltr'><strong>virtus</strong></span> <span class='ocrx_word' id='word_1_107' title='bbox 524 665 671 700; x_wconf 84' lang='lat' dir='ltr'><strong>pertineat.</strong></span> <span class='ocrx_word' id='word_1_108' title='bbox 703 665 770 692; x_wconf 86' lang='lat' dir='ltr'><strong>Nam</strong></span> <span class='ocrx_word' id='word_1_109' title='bbox 792 666 815 693; x_wconf 90' lang='lat' dir='ltr'><strong>si</strong></span> <span class='ocrx_word' id='word_1_110' title='bbox 830 673 896 693; x_wconf 83' lang='lat' dir='ltr'><strong>vera</strong></span> <span class='ocrx_word' id='word_1_111' title='bbox 924 669 978 698; x_wconf 86' lang='lat' dir='ltr'><strong>est,</strong></span> <span class='ocrx_word' id='word_1_112' title='bbox 992 666 1042 700; x_wconf 82' lang='grc' dir='ltr'><strong>τῆς</strong></span> 
     </span>
    </p>
   </div>
   <div class='ocr_carea' id='block_1_17' title="bbox 248 711 1042 747">
    <p class='ocr_par' dir='ltr' id='par_1_17' title="bbox 248 711 1042 747">
     <span class='ocr_line' id='line_1_17' title="bbox 248 711 1042 747; baseline 0.001 -9"><span class='ocrx_word' id='word_1_113' title='bbox 248 711 389 747; x_wconf 81' lang='grc' dir='ltr'>θεότητος,</span> <span class='ocrx_word' id='word_1_114' title='bbox 411 711 436 739; x_wconf 88' lang='lat' dir='ltr'><strong>id</strong></span> <span class='ocrx_word' id='word_1_115' title='bbox 454 717 495 740; x_wconf 88' lang='lat' dir='ltr'><strong>est</strong></span> <span class='ocrx_word' id='word_1_116' title='bbox 514 711 620 739; x_wconf 75' lang='lat' dir='ltr'><strong>deitatis</strong></span> <span class='ocrx_word' id='word_1_117' title='bbox 638 711 803 746; x_wconf 79' lang='lat' dir='ltr'><strong>explicatio,</strong></span> <span class='ocrx_word' id='word_1_118' title='bbox 817 716 845 739; x_wconf 88' lang='lat' dir='ltr'><strong>et</strong></span> <span class='ocrx_word' id='word_1_119' title='bbox 860 719 903 744; x_wconf 88' lang='lat' dir='ltr'><strong>ca,</strong></span> <span class='ocrx_word' id='word_1_120' title='bbox 917 719 978 746; x_wconf 64' lang='lat' dir='ltr'><strong>quae</strong></span> <span class='ocrx_word' id='word_1_121' title='bbox 1000 711 1042 739; x_wconf 89' lang='lat' dir='ltr'><strong>vi-</strong></span> 
     </span>
    </p>
   </div>
   <div class='ocr_carea' id='block_1_18' title="bbox 247 757 1044 792">
    <p class='ocr_par' dir='ltr' id='par_1_18' title="bbox 247 757 1044 792">
     <span class='ocr_line' id='line_1_18' title="bbox 247 757 1044 792; baseline 0.001 -8"><span class='ocrx_word' id='word_1_122' title='bbox 247 757 348 784; x_wconf 86' lang='lat' dir='ltr'><strong>deatur</strong></span> <span class='ocrx_word' id='word_1_123' title='bbox 376 757 468 790; x_wconf 79' lang='grc' dir='ltr'>θεατὰ,</span> <span class='ocrx_word' id='word_1_124' title='bbox 494 758 520 786; x_wconf 90' lang='lat' dir='ltr'><strong>id</strong></span> <span class='ocrx_word' id='word_1_125' title='bbox 550 763 591 785; x_wconf 88' lang='lat' dir='ltr'><strong>est</strong></span> <span class='ocrx_word' id='word_1_126' title='bbox 620 758 734 785; x_wconf 77' lang='lat' dir='ltr'><strong>visibilia</strong></span> <span class='ocrx_word' id='word_1_127' title='bbox 749 765 796 785; x_wconf 86' lang='lat' dir='ltr'><strong>seu</strong></span> <span class='ocrx_word' id='word_1_128' title='bbox 824 758 991 792; x_wconf 77' lang='lat' dir='ltr'><strong>spectabilia,</strong></span> <span class='ocrx_word' id='word_1_129' title='bbox 1016 762 1044 786; x_wconf 83' lang='lat' dir='ltr'><strong>et</strong></span> 
     </span>
    </p>
   </div>
   <div class='ocr_carea' id='block_1_19' title="bbox 246 802 1040 838">
    <p class='ocr_par' dir='ltr' id='par_1_19' title="bbox 246 802 1040 838">
     <span class='ocr_line' id='line_1_19' title="bbox 246 802 1040 838; baseline 0.003 -10"><span class='ocrx_word' id='word_1_130' title='bbox 246 802 278 829; x_wconf 77' lang='grc' dir='ltr'><strong>τὸ</strong></span> <span class='ocrx_word' id='word_1_131' title='bbox 307 802 459 838; x_wconf 83' lang='grc' dir='ltr'>θεώμενον,</span> <span class='ocrx_word' id='word_1_132' title='bbox 489 803 541 830; x_wconf 88' lang='lat' dir='ltr'><strong>hoc</strong></span> <span class='ocrx_word' id='word_1_133' title='bbox 567 808 610 830; x_wconf 83' lang='lat' dir='ltr'><strong>est</strong></span> <span class='ocrx_word' id='word_1_134' title='bbox 632 803 659 830; x_wconf 76' lang='lat' dir='ltr'><strong>id</strong></span> <span class='ocrx_word' id='word_1_135' title='bbox 682 803 751 838; x_wconf 83' lang='lat' dir='ltr'><strong>quod</strong></span> <span class='ocrx_word' id='word_1_136' title='bbox 776 803 845 830; x_wconf 77' lang='lat' dir='ltr'><strong>videt</strong></span> <span class='ocrx_word' id='word_1_137' title='bbox 870 808 895 830; x_wconf 78' lang='lat' dir='ltr'><strong>et</strong></span> <span class='ocrx_word' id='word_1_138' title='bbox 923 808 1040 838; x_wconf 70' lang='lat' dir='ltr'><strong>spectat.</strong></span> 
     </span>
    </p>
   </div>
   <div class='ocr_carea' id='block_1_20' title="bbox 1092 205 1883 247">
    <p class='ocr_par' dir='ltr' id='par_1_20' title="bbox 1092 205 1883 247">
     <span class='ocr_line' id='line_1_20' title="bbox 1092 205 1883 247; baseline -0.003 -9"><span class='ocrx_word' id='word_1_139' title='bbox 1092 213 1137 238; x_wconf 79' lang='grc' dir='ltr'>τὸν</span> <span class='ocrx_word' id='word_1_140' title='bbox 1161 212 1302 247; x_wconf 66' lang='grc' dir='ltr'>ἐφορῶντα</span> <span class='ocrx_word' id='word_1_141' title='bbox 1326 205 1414 238; x_wconf 69' lang='grc' dir='ltr'>πάντα</span> <span class='ocrx_word' id='word_1_142' title='bbox 1439 211 1514 243; x_wconf 65' lang='grc' dir='ltr'>Θεὸν,</span> <span class='ocrx_word' id='word_1_143' title='bbox 1539 212 1635 247; x_wconf 67' lang='grc' dir='ltr'>ἔφορον</span> <span class='ocrx_word' id='word_1_144' title='bbox 1656 211 1702 238; x_wconf 75' lang='grc' dir='ltr'>τοῦ</span> <span class='ocrx_word' id='word_1_145' title='bbox 1718 211 1820 242; x_wconf 79' lang='grc' dir='ltr'>παντὸς</span> <span class='ocrx_word' id='word_1_146' title='bbox 1836 211 1883 237; x_wconf 76' lang='grc' dir='ltr'><strong>καὶ</strong></span> 
     </span>
    </p>
   </div>
   <div class='ocr_carea' id='block_1_21' title="bbox 1093 255 1882 292">
    <p class='ocr_par' dir='ltr' id='par_1_21' title="bbox 1093 255 1882 292">
     <span class='ocr_line' id='line_1_21' title="bbox 1093 255 1882 292; baseline -0.003 -8"><span class='ocrx_word' id='word_1_147' title='bbox 1093 255 1163 284; x_wconf 84' lang='grc' dir='ltr'>εἶναι</span> <span class='ocrx_word' id='word_1_148' title='bbox 1177 257 1223 284; x_wconf 73' lang='grc' dir='ltr'><strong>καὶ</strong></span> <span class='ocrx_word' id='word_1_149' title='bbox 1236 257 1374 291; x_wconf 75' lang='grc' dir='ltr'>λέγεσθαι,</span> <span class='ocrx_word' id='word_1_150' title='bbox 1387 256 1539 291; x_wconf 82' lang='grc' dir='ltr'>λογισάσθω</span> <span class='ocrx_word' id='word_1_151' title='bbox 1553 258 1601 292; x_wconf 77' lang='grc' dir='ltr'><strong>τὴν</strong></span> <span class='ocrx_word' id='word_1_152' title='bbox 1614 257 1753 292; x_wconf 75' lang='grc' dir='ltr'>ἐνέργειαν</span> <span class='ocrx_word' id='word_1_153' title='bbox 1767 257 1882 290; x_wconf 77' lang='grc' dir='ltr'>ταύτην,</span> 
     </span>
    </p>
   </div>
   <div class='ocr_carea' id='block_1_22' title="bbox 1092 301 1884 337">
    <p class='ocr_par' dir='ltr' id='par_1_22' title="bbox 1092 301 1884 337">
     <span class='ocr_line' id='line_1_22' title="bbox 1092 301 1884 337; baseline 0 -9"><span class='ocrx_word' id='word_1_154' title='bbox 1092 302 1206 337; x_wconf 78' lang='grc' dir='ltr'>πότερον</span> <span class='ocrx_word' id='word_1_155' title='bbox 1231 303 1270 328; x_wconf 72' lang='grc' dir='ltr'><strong>ἑνὶ</strong></span> <span class='ocrx_word' id='word_1_156' title='bbox 1295 302 1424 337; x_wconf 77' lang='grc' dir='ltr'><strong>πρόσεστι</strong></span> <span class='ocrx_word' id='word_1_157' title='bbox 1437 302 1491 328; x_wconf 88' lang='grc' dir='ltr'><strong>τῶν</strong></span> <span class='ocrx_word' id='word_1_158' title='bbox 1506 303 1535 328; x_wconf 81' lang='grc' dir='ltr'>ὲν</span> <span class='ocrx_word' id='word_1_159' title='bbox 1556 303 1588 336; x_wconf 88' lang='grc' dir='ltr'>τῇ</span> <span class='ocrx_word' id='word_1_160' title='bbox 1609 302 1673 336; x_wconf 71' lang='grc' dir='ltr'>ἁγίᾳ</span> <span class='ocrx_word' id='word_1_161' title='bbox 1689 301 1786 336; x_wconf 84' lang='grc' dir='ltr'>Τρίαδι</span> <span class='ocrx_word' id='word_1_162' title='bbox 1802 309 1884 328; x_wconf 83' lang='grc' dir='ltr'>πεπι-</span> 
     </span>
    </p>
   </div>
   <div class='ocr_carea' id='block_1_23' title="bbox 1093 346 1882 382">
    <p class='ocr_par' dir='ltr' id='par_1_23' title="bbox 1093 346 1882 382">
     <span class='ocr_line' id='line_1_23' title="bbox 1093 346 1882 382; baseline 0.004 -10"><span class='ocrx_word' id='word_1_163' title='bbox 1093 346 1248 381; x_wconf 82' lang='grc' dir='ltr'>στευμένων</span> <span class='ocrx_word' id='word_1_164' title='bbox 1264 346 1427 382; x_wconf 75' lang='grc' dir='ltr'><strong>προσώπων,</strong></span> <span class='ocrx_word' id='word_1_165' title='bbox 1445 347 1461 382; x_wconf 80' lang='grc' dir='ltr'>ἢ</span> <span class='ocrx_word' id='word_1_166' title='bbox 1483 347 1527 374; x_wconf 87' lang='grc' dir='ltr'>διὰ</span> <span class='ocrx_word' id='word_1_167' title='bbox 1541 347 1596 373; x_wconf 80' lang='grc' dir='ltr'><strong>τῶν</strong></span> <span class='ocrx_word' id='word_1_168' title='bbox 1610 346 1693 381; x_wconf 80' lang='grc' dir='ltr'>τριῶν</span> <span class='ocrx_word' id='word_1_169' title='bbox 1715 347 1850 382; x_wconf 75' lang='grc' dir='ltr'>προσήκει</span> <span class='ocrx_word' id='word_1_170' title='bbox 1865 347 1882 381; x_wconf 78' lang='grc' dir='ltr'>ἡ</span> 
     </span>
    </p>
   </div>
   <div class='ocr_carea' id='block_1_24' title="bbox 1092 392 1883 428">
    <p class='ocr_par' dir='ltr' id='par_1_24' title="bbox 1092 392 1883 428">
     <span class='ocr_line' id='line_1_24' title="bbox 1092 392 1883 428; baseline 0 -10"><span class='ocrx_word' id='word_1_171' title='bbox 1092 392 1215 428; x_wconf 80' lang='grc' dir='ltr'>δύναμις.</span> <span class='ocrx_word' id='word_1_172' title='bbox 1240 393 1271 419; x_wconf 84' lang='grc' dir='ltr'><strong>Εἰ</strong></span> <span class='ocrx_word' id='word_1_173' title='bbox 1292 393 1345 428; x_wconf 76' lang='grc' dir='ltr'>γὰρ</span> <span class='ocrx_word' id='word_1_174' title='bbox 1360 392 1461 428; x_wconf 85' lang='grc' dir='ltr'>ἀληθὴς</span> <span class='ocrx_word' id='word_1_175' title='bbox 1484 394 1500 428; x_wconf 83' lang='grc' dir='ltr'><strong>ἡ</strong></span> <span class='ocrx_word' id='word_1_176' title='bbox 1523 393 1571 428; x_wconf 83' lang='grc' dir='ltr'>τῆς</span> <span class='ocrx_word' id='word_1_177' title='bbox 1589 393 1714 428; x_wconf 79' lang='grc' dir='ltr'><strong>θεότητος</strong></span> <span class='ocrx_word' id='word_1_178' title='bbox 1735 392 1883 427; x_wconf 74' lang='grc' dir='ltr'><strong>ἑρμηνεία,</strong></span> 
     </span>
    </p>
   </div>
   <div class='ocr_carea' id='block_1_25' title="bbox 1092 437 1884 473">
    <p class='ocr_par' dir='ltr' id='par_1_25' title="bbox 1092 437 1884 473">
     <span class='ocr_line' id='line_1_25' title="bbox 1092 437 1884 473; baseline -0.001 -9"><span class='ocrx_word' id='word_1_179' title='bbox 1092 437 1138 464; x_wconf 81' lang='grc' dir='ltr'>καὶ</span> <span class='ocrx_word' id='word_1_180' title='bbox 1155 438 1188 464; x_wconf 75' lang='grc' dir='ltr'>τὰ</span> <span class='ocrx_word' id='word_1_181' title='bbox 1203 437 1330 473; x_wconf 83' lang='grc' dir='ltr'>ὁρώμενα</span> <span class='ocrx_word' id='word_1_182' title='bbox 1353 438 1446 470; x_wconf 79' lang='grc' dir='ltr'>θεατὰ,</span> <span class='ocrx_word' id='word_1_183' title='bbox 1461 439 1508 465; x_wconf 76' lang='grc' dir='ltr'>καὶ</span> <span class='ocrx_word' id='word_1_184' title='bbox 1522 438 1552 464; x_wconf 74' lang='grc' dir='ltr'>τὸ</span> <span class='ocrx_word' id='word_1_185' title='bbox 1568 438 1705 473; x_wconf 77' lang='grc' dir='ltr'><strong>θεώμενον</strong></span> <span class='ocrx_word' id='word_1_186' title='bbox 1721 438 1787 469; x_wconf 78' lang='grc' dir='ltr'>Θεὸς</span> <span class='ocrx_word' id='word_1_187' title='bbox 1803 437 1884 471; x_wconf 82' lang='grc' dir='ltr'>λέγε-</span> 
     </span>
    </p>
   </div>
   <div class='ocr_carea' id='block_1_26' title="bbox 1091 483 1884 519">
    <p class='ocr_par' dir='ltr' id='par_1_26' title="bbox 1091 483 1884 519">
     <span class='ocr_line' id='line_1_26' title="bbox 1091 483 1884 519; baseline 0 -10"><span class='ocrx_word' id='word_1_188' title='bbox 1091 491 1152 514; x_wconf 85' lang='grc' dir='ltr'>ται,</span> <span class='ocrx_word' id='word_1_189' title='bbox 1177 483 1268 509; x_wconf 86' lang='grc' dir='ltr'>οὐκέτι</span> <span class='ocrx_word' id='word_1_190' title='bbox 1294 483 1327 510; x_wconf 78' lang='grc' dir='ltr'>ἂν</span> <span class='ocrx_word' id='word_1_191' title='bbox 1351 483 1470 517; x_wconf 80' lang='grc' dir='ltr'><strong>εὐλόγως</strong></span> <span class='ocrx_word' id='word_1_192' title='bbox 1493 483 1653 519; x_wconf 79' lang='grc' dir='ltr'><strong>ἀποκριθείη</strong></span> <span class='ocrx_word' id='word_1_193' title='bbox 1676 492 1701 510; x_wconf 81' lang='grc' dir='ltr'><strong>τι</strong></span> <span class='ocrx_word' id='word_1_194' title='bbox 1724 483 1780 509; x_wconf 78' lang='grc' dir='ltr'><strong>τῶν</strong></span> <span class='ocrx_word' id='word_1_195' title='bbox 1805 484 1834 509; x_wconf 81' lang='grc' dir='ltr'>ἐν</span> <span class='ocrx_word' id='word_1_196' title='bbox 1852 484 1884 518; x_wconf 83' lang='grc' dir='ltr'>τῇ</span> 
     </span>
    </p>
   </div>
   <div class='ocr_carea' id='block_1_27' title="bbox 1093 527 1886 564">
    <p class='ocr_par' dir='ltr' id='par_1_27' title="bbox 1093 527 1886 564">
     <span class='ocr_line' id='line_1_27' title="bbox 1093 527 1886 564; baseline -0.003 -10"><span class='ocrx_word' id='word_1_197' title='bbox 1093 527 1187 563; x_wconf 78' lang='grc' dir='ltr'>Τριάδι</span> <span class='ocrx_word' id='word_1_198' title='bbox 1202 528 1354 563; x_wconf 84' lang='grc' dir='ltr'><strong>προσώπων</strong></span> <span class='ocrx_word' id='word_1_199' title='bbox 1367 528 1417 563; x_wconf 76' lang='grc' dir='ltr'>τῆς</span> <span class='ocrx_word' id='word_1_200' title='bbox 1431 528 1559 563; x_wconf 79' lang='grc' dir='ltr'><strong>τοιαύτης</strong></span> <span class='ocrx_word' id='word_1_201' title='bbox 1575 528 1761 564; x_wconf 78' lang='grc' dir='ltr'><strong>προσηγορίας</strong></span> <span class='ocrx_word' id='word_1_202' title='bbox 1776 527 1821 555; x_wconf 76' lang='grc' dir='ltr'>διὰ</span> <span class='ocrx_word' id='word_1_203' title='bbox 1835 528 1886 562; x_wconf 76' lang='grc' dir='ltr'>τὴν</span> 
     </span>
    </p>
   </div>
   <div class='ocr_carea' id='block_1_28' title="bbox 1092 574 1886 609">
    <p class='ocr_par' dir='ltr' id='par_1_28' title="bbox 1092 574 1886 609">
     <span class='ocr_line' id='line_1_28' title="bbox 1092 574 1886 609; baseline -0.003 -9"><span class='ocrx_word' id='word_1_204' title='bbox 1092 574 1254 609; x_wconf 76' lang='grc' dir='ltr'>ὲγκειμένην</span> <span class='ocrx_word' id='word_1_205' title='bbox 1268 575 1301 609; x_wconf 82' lang='grc' dir='ltr'>τῇ</span> <span class='ocrx_word' id='word_1_206' title='bbox 1317 575 1391 609; x_wconf 80' lang='grc' dir='ltr'><strong>φωνῇ</strong></span> <span class='ocrx_word' id='word_1_207' title='bbox 1410 574 1556 609; x_wconf 79' lang='grc' dir='ltr'>σημασίαν.</span> <span class='ocrx_word' id='word_1_208' title='bbox 1581 575 1617 600; x_wconf 82' lang='grc' dir='ltr'><strong>Τὸ</strong></span> <span class='ocrx_word' id='word_1_209' title='bbox 1633 574 1686 608; x_wconf 79' lang='grc' dir='ltr'>γὰρ</span> <span class='ocrx_word' id='word_1_210' title='bbox 1699 574 1809 608; x_wconf 80' lang='grc' dir='ltr'><strong>βλέπειν</strong></span> <span class='ocrx_word' id='word_1_211' title='bbox 1823 574 1886 599; x_wconf 79' lang='grc' dir='ltr'>ἐπί-</span> 
     </span>
    </p>
   </div>
   <div class='ocr_carea' id='block_1_29' title="bbox 1093 620 1886 656">
    <p class='ocr_par' dir='ltr' id='par_1_29' title="bbox 1093 620 1886 656">
     <span class='ocr_line' id='line_1_29' title="bbox 1093 620 1886 656; baseline -0.003 -10"><span class='ocrx_word' id='word_1_212' title='bbox 1093 628 1144 655; x_wconf 85' lang='grc' dir='ltr'><strong>σης</strong></span> <span class='ocrx_word' id='word_1_213' title='bbox 1159 622 1292 655; x_wconf 79' lang='grc' dir='ltr'>μαρτυρεῖ</span> <span class='ocrx_word' id='word_1_214' title='bbox 1308 622 1324 656; x_wconf 76' lang='grc' dir='ltr'><strong>ἠ</strong></span> <span class='ocrx_word' id='word_1_215' title='bbox 1342 621 1436 656; x_wconf 77' lang='grc' dir='ltr'>Γραφὴ</span> <span class='ocrx_word' id='word_1_216' title='bbox 1449 621 1496 647; x_wconf 68' lang='grc' dir='ltr'>καὶ</span> <span class='ocrx_word' id='word_1_217' title='bbox 1514 621 1600 656; x_wconf 63' lang='lat' dir='ltr'><strong>[lupi</strong></span> <span class='ocrx_word' id='word_1_218' title='bbox 1615 621 1660 646; x_wconf 71' lang='grc' dir='ltr'>καὶ</span> <span class='ocrx_word' id='word_1_219' title='bbox 1675 620 1730 655; x_wconf 81' lang='grc' dir='ltr'><strong>Υἱῷ</strong></span> <span class='ocrx_word' id='word_1_220' title='bbox 1753 621 1800 646; x_wconf 74' lang='grc' dir='ltr'><strong>καὶ</strong></span> <span class='ocrx_word' id='word_1_221' title='bbox 1814 620 1886 654; x_wconf 71' lang='grc' dir='ltr'>ἁγίῳ</span> 
     </span>
    </p>
   </div>
   <div class='ocr_carea' id='block_1_30' title="bbox 1093 666 1886 702">
    <p class='ocr_par' dir='ltr' id='par_1_30' title="bbox 1093 666 1886 702">
     <span class='ocr_line' id='line_1_30' title="bbox 1093 666 1886 702; baseline -0.001 -10"><span class='ocrx_word' id='word_1_222' title='bbox 1093 666 1240 702; x_wconf 87' lang='grc' dir='ltr'>Πνεύματι.</span> <span class='ocrx_word' id='word_1_223' title='bbox 1262 675 1272 692; x_wconf 77' lang='grc' dir='ltr'><strong>ι</strong></span> <span class='ocrx_word' id='word_1_224' title='bbox 1283 666 1489 702; x_wconf 83' lang='grc' dir='ltr'>Ὑπερασπιστὰ</span> <span class='ocrx_word' id='word_1_225' title='bbox 1503 667 1592 702; x_wconf 80' lang='grc' dir='ltr'>ἡμῶν,</span> <span class='ocrx_word' id='word_1_226' title='bbox 1607 666 1656 698; x_wconf 79' lang='grc' dir='ltr'>ἴδε,</span> <span class='ocrx_word' id='word_1_227' title='bbox 1668 667 1682 693; x_wconf 80' lang='grc' dir='ltr'>ὁ</span> <span class='ocrx_word' id='word_1_228' title='bbox 1696 667 1788 698; x_wconf 75' lang='grc' dir='ltr'>Θεὸς.»</span> <span class='ocrx_word' id='word_1_229' title='bbox 1803 667 1886 702; x_wconf 61' lang='grc' dir='ltr'>φησιν</span> 
     </span>
    </p>
   </div>
   <div class='ocr_carea' id='block_1_31' title="bbox 1093 712 1887 748">
    <p class='ocr_par' dir='ltr' id='par_1_31' title="bbox 1093 712 1887 748">
     <span class='ocr_line' id='line_1_31' title="bbox 1093 712 1887 748; baseline -0.001 -9"><span class='ocrx_word' id='word_1_230' title='bbox 1093 713 1108 739; x_wconf 88' lang='grc' dir='ltr'><strong><em>ὁ</em></strong></span> <span class='ocrx_word' id='word_1_231' title='bbox 1121 712 1211 740; x_wconf 79' lang='grc' dir='ltr'>Δαϐίδ.</span> <span class='ocrx_word' id='word_1_232' title='bbox 1231 713 1278 739; x_wconf 83' lang='grc' dir='ltr'>Ἐκ</span> <span class='ocrx_word' id='word_1_233' title='bbox 1289 713 1317 739; x_wconf 80' lang='grc' dir='ltr'>δὲ</span> <span class='ocrx_word' id='word_1_234' title='bbox 1331 712 1426 739; x_wconf 86' lang='grc' dir='ltr'>τούτου</span> <span class='ocrx_word' id='word_1_235' title='bbox 1444 713 1627 748; x_wconf 85' lang='grc' dir='ltr'>μανθάνομεν,</span> <span class='ocrx_word' id='word_1_236' title='bbox 1641 713 1711 740; x_wconf 86' lang='grc' dir='ltr'>ίδέαν</span> <span class='ocrx_word' id='word_1_237' title='bbox 1725 713 1805 743; x_wconf 82' lang='grc' dir='ltr'>Θεοῦ,</span> <span class='ocrx_word' id='word_1_238' title='bbox 1817 712 1887 739; x_wconf 82' lang='grc' dir='ltr'>καθὸ</span> 
     </span>
    </p>
   </div>
   <div class='ocr_carea' id='block_1_32' title="bbox 1093 757 1886 793">
    <p class='ocr_par' dir='ltr' id='par_1_32' title="bbox 1093 757 1886 793">
     <span class='ocr_line' id='line_1_32' title="bbox 1093 757 1886 793; baseline 0 -10"><span class='ocrx_word' id='word_1_239' title='bbox 1093 757 1160 789; x_wconf 83' lang='grc' dir='ltr'><strong>Θεὸς</strong></span> <span class='ocrx_word' id='word_1_240' title='bbox 1172 758 1283 789; x_wconf 80' lang='grc' dir='ltr'><strong>νοεῖται,</strong></span> <span class='ocrx_word' id='word_1_241' title='bbox 1301 757 1366 784; x_wconf 83' lang='grc' dir='ltr'>ίδίαν</span> <span class='ocrx_word' id='word_1_242' title='bbox 1382 757 1521 793; x_wconf 66' lang='grc' dir='ltr'>ἐνέργειαν</span> <span class='ocrx_word' id='word_1_243' title='bbox 1536 757 1582 784; x_wconf 73' lang='grc' dir='ltr'><strong>τοῦ</strong></span> <span class='ocrx_word' id='word_1_244' title='bbox 1593 758 1668 793; x_wconf 76' lang='grc' dir='ltr'>ὸρᾷν,</span> <span class='ocrx_word' id='word_1_245' title='bbox 1684 759 1716 784; x_wconf 80' lang='grc' dir='ltr'>ὲκ</span> <span class='ocrx_word' id='word_1_246' title='bbox 1727 758 1774 784; x_wconf 76' lang='grc' dir='ltr'><strong>τοῦ</strong></span> <span class='ocrx_word' id='word_1_247' title='bbox 1786 759 1886 789; x_wconf 78' lang='grc' dir='ltr'>εἰπεῖν,</span> 
     </span>
    </p>
   </div>
   <div class='ocr_carea' id='block_1_33' title="bbox 1098 802 1887 838">
    <p class='ocr_par' dir='ltr' id='par_1_33' title="bbox 1098 802 1887 838">
     <span class='ocr_line' id='line_1_33' title="bbox 1098 802 1887 838; baseline -0.004 -7"><span class='ocrx_word' id='word_1_248' title='bbox 1098 804 1177 836; x_wconf 75' lang='grc' dir='ltr'>«Ἴδε,</span> <span class='ocrx_word' id='word_1_249' title='bbox 1193 805 1208 830; x_wconf 81' lang='grc' dir='ltr'>ὁ</span> <span class='ocrx_word' id='word_1_250' title='bbox 1221 803 1314 835; x_wconf 75' lang='grc' dir='ltr'><strong>Θεὸς.)</strong></span> <span class='ocrx_word' id='word_1_251' title='bbox 1333 803 1412 830; x_wconf 78' lang='grc' dir='ltr'>Ἀλλὰ</span> <span class='ocrx_word' id='word_1_252' title='bbox 1430 804 1477 829; x_wconf 86' lang='grc' dir='ltr'>καὶ</span> <span class='ocrx_word' id='word_1_253' title='bbox 1490 804 1504 829; x_wconf 83' lang='grc' dir='ltr'><strong>δ</strong></span> <span class='ocrx_word' id='word_1_254' title='bbox 1524 803 1627 838; x_wconf 73' lang='grc' dir='ltr'>Ἰησοῦς</span> <span class='ocrx_word' id='word_1_255' title='bbox 1640 804 1690 838; x_wconf 75' lang='grc' dir='ltr'>ὁρᾷ</span> <span class='ocrx_word' id='word_1_256' title='bbox 1705 802 1754 834; x_wconf 67' lang='grc' dir='ltr'>τὰς</span> <span class='ocrx_word' id='word_1_257' title='bbox 1768 802 1887 837; x_wconf 71' lang='grc' dir='ltr'>ἐνθυμή-</span> 
     </span>
    </p>
   </div>
   <div class='ocr_carea' id='block_1_34' title="bbox 247 844 1042 884">
    <p class='ocr_par' dir='ltr' id='par_1_34' title="bbox 247 847 1041 884">
     <span class='ocr_line' id='line_1_34' title="bbox 247 847 1041 884; baseline 0.003 -10"><span class='ocrx_word' id='word_1_258' title='bbox 247 847 324 879; x_wconf 82' lang='grc' dir='ltr'>Θεός,</span> <span class='ocrx_word' id='word_1_259' title='bbox 339 848 364 875; x_wconf 90' lang='lat' dir='ltr'><strong>id</strong></span> <span class='ocrx_word' id='word_1_260' title='bbox 379 853 420 875; x_wconf 83' lang='lat' dir='ltr'><strong>est</strong></span> <span class='ocrx_word' id='word_1_261' title='bbox 434 847 504 875; x_wconf 70' lang='lat' dir='ltr'><strong>Deus</strong></span> <span class='ocrx_word' id='word_1_262' title='bbox 522 848 635 880; x_wconf 90' lang='lat' dir='ltr'><strong>dicitur,</strong></span> <span class='ocrx_word' id='word_1_263' title='bbox 648 849 722 875; x_wconf 72' lang='lat' dir='ltr'><strong>nulla</strong></span> <span class='ocrx_word' id='word_1_264' title='bbox 737 849 794 882; x_wconf 87' lang='lat' dir='ltr'><strong>jam</strong></span> <span class='ocrx_word' id='word_1_265' title='bbox 809 848 942 884; x_wconf 81' lang='lat' dir='ltr'><strong>probabili</strong></span> <span class='ocrx_word' id='word_1_266' title='bbox 958 849 1041 876; x_wconf 85' lang='lat' dir='ltr'><strong>ratio-</strong></span> 
     </span>
    </p>
   </div>
   <div class='ocr_carea' id='block_1_35' title="bbox 1095 844 1886 884">
    <p class='ocr_par' dir='ltr' id='par_1_35' title="bbox 1095 848 1886 884">
     <span class='ocr_line' id='line_1_35' title="bbox 1095 848 1886 884; baseline -0.003 -8"><span class='ocrx_word' id='word_1_267' title='bbox 1095 858 1152 881; x_wconf 85' lang='grc' dir='ltr'>σεις</span> <span class='ocrx_word' id='word_1_268' title='bbox 1166 849 1218 876; x_wconf 83' lang='grc' dir='ltr'><strong>τῶν</strong></span> <span class='ocrx_word' id='word_1_269' title='bbox 1236 849 1496 884; x_wconf 80' lang='grc' dir='ltr'>καταγινωσκόντων</span> <span class='ocrx_word' id='word_1_270' title='bbox 1511 849 1577 875; x_wconf 77' lang='grc' dir='ltr'>διότι</span> <span class='ocrx_word' id='word_1_271' title='bbox 1592 850 1727 884; x_wconf 75' lang='grc' dir='ltr'><strong>συγχωρεῖ</strong></span> <span class='ocrx_word' id='word_1_272' title='bbox 1739 848 1788 880; x_wconf 71' lang='grc' dir='ltr'>τὰς</span> <span class='ocrx_word' id='word_1_273' title='bbox 1798 849 1886 883; x_wconf 82' lang='grc' dir='ltr'>ἁμαρ-</span> 
     </span>
    </p>
   </div>
   <div class='ocr_carea' id='block_1_36' title="bbox 247 893 1040 928">
    <p class='ocr_par' dir='ltr' id='par_1_36' title="bbox 247 893 1040 928">
     <span class='ocr_line' id='line_1_36' title="bbox 247 893 1040 928; baseline 0.001 -9"><span class='ocrx_word' id='word_1_274' title='bbox 247 901 281 920; x_wconf 88' lang='lat' dir='ltr'><strong>ne</strong></span> <span class='ocrx_word' id='word_1_275' title='bbox 293 893 383 928; x_wconf 87' lang='lat' dir='ltr'><strong>aliqua</strong></span> <span class='ocrx_word' id='word_1_276' title='bbox 396 901 584 928; x_wconf 81' lang='lat' dir='ltr'><strong>personarum,</strong></span> <span class='ocrx_word' id='word_1_277' title='bbox 602 901 662 928; x_wconf 70' lang='lat' dir='ltr'><strong>quae</strong></span> <span class='ocrx_word' id='word_1_278' title='bbox 674 894 700 920; x_wconf 91' lang='lat' dir='ltr'><strong>iu</strong></span> <span class='ocrx_word' id='word_1_279' title='bbox 721 893 856 920; x_wconf 86' lang='lat' dir='ltr'><strong>Trinitatc</strong></span> <span class='ocrx_word' id='word_1_280' title='bbox 872 897 946 927; x_wconf 82' lang='lat' dir='ltr'><strong>sunt,</strong></span> <span class='ocrx_word' id='word_1_281' title='bbox 967 901 982 920; x_wconf 89' lang='lat' dir='ltr'><strong>a</strong></span> <span class='ocrx_word' id='word_1_282' title='bbox 993 894 1040 920; x_wconf 92' lang='lat' dir='ltr'><strong>tali</strong></span> 
     </span>
    </p>
   </div>
   <div class='ocr_carea' id='block_1_37' title="bbox 247 939 1044 974">
    <p class='ocr_par' dir='ltr' id='par_1_37' title="bbox 247 939 1044 974">
     <span class='ocr_line' id='line_1_37' title="bbox 247 939 1044 974; baseline 0.003 -9"><span class='ocrx_word' id='word_1_283' title='bbox 247 939 429 974; x_wconf 82' lang='lat' dir='ltr'><strong>appellatione</strong></span> <span class='ocrx_word' id='word_1_284' title='bbox 443 939 627 973; x_wconf 69' lang='lat' dir='ltr'><strong>separabitur,</strong></span> <span class='ocrx_word' id='word_1_285' title='bbox 659 944 770 974; x_wconf 77' lang='lat' dir='ltr'><strong>propter</strong></span> <span class='ocrx_word' id='word_1_286' title='bbox 796 940 905 967; x_wconf 88' lang='lat' dir='ltr'><strong>insitam</strong></span> <span class='ocrx_word' id='word_1_287' title='bbox 924 939 985 967; x_wconf 84' lang='lat' dir='ltr'><strong>voci</strong></span> <span class='ocrx_word' id='word_1_288' title='bbox 1009 940 1044 967; x_wconf 87' lang='lat' dir='ltr'><strong>si-</strong></span> 
     </span>
    </p>
   </div>
   <div class='ocr_carea' id='block_1_38' title="bbox 246 983 1040 1020">
    <p class='ocr_par' dir='ltr' id='par_1_38' title="bbox 246 983 1040 1020">
     <span class='ocr_line' id='line_1_38' title="bbox 246 983 1040 1020; baseline 0.001 -9"><span class='ocrx_word' id='word_1_289' title='bbox 246 983 463 1019; x_wconf 75' lang='lat' dir='ltr'><strong>gnificationem.</strong></span> <span class='ocrx_word' id='word_1_290' title='bbox 492 984 559 1012; x_wconf 87' lang='lat' dir='ltr'><strong>Nam</strong></span> <span class='ocrx_word' id='word_1_291' title='bbox 584 985 658 1020; x_wconf 85' lang='lat' dir='ltr'><strong>quod</strong></span> <span class='ocrx_word' id='word_1_292' title='bbox 676 985 785 1012; x_wconf 87' lang='lat' dir='ltr'><strong>videant</strong></span> <span class='ocrx_word' id='word_1_293' title='bbox 813 990 840 1013; x_wconf 87' lang='lat' dir='ltr'><strong>ct</strong></span> <span class='ocrx_word' id='word_1_294' title='bbox 867 986 1040 1018; x_wconf 79' lang='lat' dir='ltr'><strong>intueantur,</strong></span> 
     </span>
    </p>
   </div>
   <div class='ocr_carea' id='block_1_39' title="bbox 249 1021 1040 1066">
    <p class='ocr_par' dir='ltr' id='par_1_39' title="bbox 249 1021 1040 1066">
     <span class='ocr_line' id='line_1_39' title="bbox 249 1021 1040 1066; baseline 0 -8"><span class='ocrx_word' id='word_1_295' title='bbox 249 1031 392 1066; x_wconf 79' lang='lat' dir='ltr'><strong>Scriptura</strong></span> <span class='ocrx_word' id='word_1_296' title='bbox 407 1039 457 1059; x_wconf 86' lang='lat' dir='ltr'><strong>suo</strong></span> <span class='ocrx_word' id='word_1_297' title='bbox 473 1021 633 1059; x_wconf 68' lang='lat' dir='ltr'><strong>testimonio</strong></span> <span class='ocrx_word' id='word_1_298' title='bbox 648 1039 679 1059; x_wconf 82' lang='lat' dir='ltr'><strong>ex</strong></span> <span class='ocrx_word' id='word_1_299' title='bbox 697 1039 775 1066; x_wconf 77' lang='lat' dir='ltr'><strong>:equo</strong></span> <span class='ocrx_word' id='word_1_300' title='bbox 794 1031 920 1058; x_wconf 89' lang='lat' dir='ltr'><strong>attribuit</strong></span> <span class='ocrx_word' id='word_1_301' title='bbox 938 1035 966 1059; x_wconf 85' lang='lat' dir='ltr'><strong>et</strong></span> <span class='ocrx_word' id='word_1_302' title='bbox 990 1030 1040 1058; x_wconf 79' lang='lat' dir='ltr'><strong>Pa-</strong></span> 
     </span>
    </p>
   </div>
   <div class='ocr_carea' id='block_1_40' title="bbox 247 1076 1041 1112">
    <p class='ocr_par' dir='ltr' id='par_1_40' title="bbox 247 1076 1041 1112">
     <span class='ocr_line' id='line_1_40' title="bbox 247 1076 1041 1112; baseline 0 -8"><span class='ocrx_word' id='word_1_303' title='bbox 247 1077 281 1104; x_wconf 87' lang='lat' dir='ltr'><strong>tri</strong></span> <span class='ocrx_word' id='word_1_304' title='bbox 292 1081 318 1104; x_wconf 85' lang='lat' dir='ltr'><strong>et</strong></span> <span class='ocrx_word' id='word_1_305' title='bbox 335 1076 403 1104; x_wconf 80' lang='lat' dir='ltr'><strong>Filio</strong></span> <span class='ocrx_word' id='word_1_306' title='bbox 418 1081 445 1104; x_wconf 86' lang='lat' dir='ltr'><strong>et</strong></span> <span class='ocrx_word' id='word_1_307' title='bbox 462 1076 577 1112; x_wconf 81' lang='lat' dir='ltr'><strong>Spiritui</strong></span> <span class='ocrx_word' id='word_1_308' title='bbox 603 1081 710 1104; x_wconf 86' lang='lat' dir='ltr'><strong>sancto.</strong></span> <span class='ocrx_word' id='word_1_309' title='bbox 739 1086 748 1103; x_wconf 77' lang='grc' dir='ltr'><strong>ι</strong></span> <span class='ocrx_word' id='word_1_310' title='bbox 771 1077 913 1104; x_wconf 83' lang='lat' dir='ltr'><strong>Protector</strong></span> <span class='ocrx_word' id='word_1_311' title='bbox 938 1081 1041 1110; x_wconf 86' lang='lat' dir='ltr'><strong>noster,</strong></span> 
     </span>
    </p>
   </div>
   <div class='ocr_carea' id='block_1_41' title="bbox 247 1122 1041 1159">
    <p class='ocr_par' dir='ltr' id='par_1_41' title="bbox 247 1122 1041 1159">
     <span class='ocr_line' id='line_1_41' title="bbox 247 1122 1041 1159; baseline 0 -9"><span class='ocrx_word' id='word_1_312' title='bbox 247 1123 352 1159; x_wconf 82' lang='lat' dir='ltr'><strong>aspice,</strong></span> <span class='ocrx_word' id='word_1_313' title='bbox 370 1122 453 1155; x_wconf 81' lang='lat' dir='ltr'><strong>Deus,</strong></span> <span class='ocrx_word' id='word_1_314' title='bbox 474 1133 484 1148; x_wconf 71' lang='grc' dir='ltr'><strong>ι</strong></span> <span class='ocrx_word' id='word_1_315' title='bbox 499 1123 587 1158; x_wconf 82' lang='lat' dir='ltr'><strong>inquit</strong></span> <span class='ocrx_word' id='word_1_316' title='bbox 602 1123 686 1151; x_wconf 81' lang='lat' dir='ltr'><strong>David</strong></span> <span class='ocrx_word' id='word_1_317' title='bbox 703 1125 724 1150; x_wconf 82' lang='grc'><strong>’.</strong></span> <span class='ocrx_word' id='word_1_318' title='bbox 746 1122 814 1150; x_wconf 77' lang='lat' dir='ltr'><strong>Nam</strong></span> <span class='ocrx_word' id='word_1_319' title='bbox 838 1131 872 1150; x_wconf 75' lang='lat' dir='ltr'><strong>ex</strong></span> <span class='ocrx_word' id='word_1_320' title='bbox 890 1123 942 1150; x_wconf 87' lang='lat' dir='ltr'><strong>hoc</strong></span> <span class='ocrx_word' id='word_1_321' title='bbox 955 1122 1041 1150; x_wconf 78' lang='lat' dir='ltr'><strong>disci-</strong></span> 
     </span>
    </p>
   </div>
   <div class='ocr_carea' id='block_1_42' title="bbox 247 1168 1043 1204">
    <p class='ocr_par' dir='ltr' id='par_1_42' title="bbox 247 1168 1043 1204">
     <span class='ocr_line' id='line_1_42' title="bbox 247 1168 1043 1204; baseline 0 -8"><span class='ocrx_word' id='word_1_322' title='bbox 247 1177 309 1198; x_wconf 90' lang='lat' dir='ltr'><strong>mus</strong></span> <span class='ocrx_word' id='word_1_323' title='bbox 318 1170 437 1204; x_wconf 78' lang='lat' dir='ltr'><strong>speciem</strong></span> <span class='ocrx_word' id='word_1_324' title='bbox 450 1169 507 1201; x_wconf 83' lang='lat' dir='ltr'><strong>Dei,</strong></span> <span class='ocrx_word' id='word_1_325' title='bbox 519 1175 654 1204; x_wconf 81' lang='lat' dir='ltr'><strong>quatenus</strong></span> <span class='ocrx_word' id='word_1_326' title='bbox 667 1169 739 1197; x_wconf 84' lang='lat' dir='ltr'><strong>Deus</strong></span> <span class='ocrx_word' id='word_1_327' title='bbox 754 1169 926 1204; x_wconf 77' lang='lat' dir='ltr'><strong>intelligitur,</strong></span> <span class='ocrx_word' id='word_1_328' title='bbox 941 1168 1043 1196; x_wconf 83' lang='lat' dir='ltr'><strong>habere</strong></span> 
     </span>
    </p>
   </div>
   <div class='ocr_carea' id='block_1_43' title="bbox 247 1214 1041 1250">
    <p class='ocr_par' dir='ltr' id='par_1_43' title="bbox 247 1214 1041 1250">
     <span class='ocr_line' id='line_1_43' title="bbox 247 1214 1041 1250; baseline -0.003 -8"><span class='ocrx_word' id='word_1_329' title='bbox 247 1215 413 1250; x_wconf 83' lang='lat' dir='ltr'><strong>peculiarem</strong></span> <span class='ocrx_word' id='word_1_330' title='bbox 437 1215 590 1242; x_wconf 82' lang='lat' dir='ltr'><strong>efficaciam</strong></span> <span class='ocrx_word' id='word_1_331' title='bbox 606 1215 725 1248; x_wconf 81' lang='lat' dir='ltr'><strong>videndi,</strong></span> <span class='ocrx_word' id='word_1_332' title='bbox 743 1223 776 1242; x_wconf 75' lang='lat' dir='ltr'><strong>cx</strong></span> <span class='ocrx_word' id='word_1_333' title='bbox 805 1222 838 1242; x_wconf 91' lang='lat' dir='ltr'><strong>eo</strong></span> <span class='ocrx_word' id='word_1_334' title='bbox 855 1214 929 1249; x_wconf 87' lang='lat' dir='ltr'><strong>quod</strong></span> <span class='ocrx_word' id='word_1_335' title='bbox 955 1214 1041 1246; x_wconf 79' lang='lat' dir='ltr'><strong>dixit,</strong></span> 
     </span>
    </p>
   </div>
   <div class='ocr_carea' id='block_1_44' title="bbox 249 1260 1041 1296">
    <p class='ocr_par' dir='ltr' id='par_1_44' title="bbox 249 1260 1041 1296">
     <span class='ocr_line' id='line_1_44' title="bbox 249 1260 1041 1296; baseline -0.001 -8"><span class='ocrx_word' id='word_1_336' title='bbox 249 1271 259 1288; x_wconf 73' lang='grc' dir='ltr'><strong>ι</strong></span> <span class='ocrx_word' id='word_1_337' title='bbox 284 1262 394 1296; x_wconf 80' lang='lat' dir='ltr'><strong>Aspice,</strong></span> <span class='ocrx_word' id='word_1_338' title='bbox 408 1261 490 1289; x_wconf 78' lang='lat' dir='ltr'><strong>Deus.</strong></span> <span class='ocrx_word' id='word_1_339' title='bbox 513 1271 522 1288; x_wconf 72' lang='grc' dir='ltr'><strong>ι</strong></span> <span class='ocrx_word' id='word_1_340' title='bbox 546 1262 618 1295; x_wconf 84' lang='lat' dir='ltr'><strong>Quin</strong></span> <span class='ocrx_word' id='word_1_341' title='bbox 633 1262 715 1289; x_wconf 81' lang='lat' dir='ltr'><strong>etiam</strong></span> <span class='ocrx_word' id='word_1_342' title='bbox 744 1260 827 1288; x_wconf 81' lang='lat' dir='ltr'><strong>Jesus</strong></span> <span class='ocrx_word' id='word_1_343' title='bbox 844 1260 919 1288; x_wconf 88' lang='lat' dir='ltr'><strong>videt</strong></span> <span class='ocrx_word' id='word_1_344' title='bbox 935 1260 1041 1296; x_wconf 72' lang='lat' dir='ltr'><strong>cogita-</strong></span> 
     </span>
    </p>
   </div>
   <div class='ocr_carea' id='block_1_45' title="bbox 247 1308 1041 1344">
    <p class='ocr_par' dir='ltr' id='par_1_45' title="bbox 247 1308 1041 1344">
     <span class='ocr_line' id='line_1_45' title="bbox 247 1308 1041 1344; baseline -0.003 -8"><span class='ocrx_word' id='word_1_345' title='bbox 247 1309 336 1336; x_wconf 78' lang='lat' dir='ltr'><strong>tiones</strong></span> <span class='ocrx_word' id='word_1_346' title='bbox 350 1309 560 1340; x_wconf 88' lang='lat' dir='ltr'><strong>damnantium,</strong></span> <span class='ocrx_word' id='word_1_347' title='bbox 577 1308 649 1344; x_wconf 87' lang='lat' dir='ltr'><strong>quod</strong></span> <span class='ocrx_word' id='word_1_348' title='bbox 683 1315 732 1343; x_wconf 91' lang='lat' dir='ltr'><strong>pro</strong></span> <span class='ocrx_word' id='word_1_349' title='bbox 767 1311 901 1342; x_wconf 79' lang='lat' dir='ltr'><strong>potestate</strong></span> <span class='ocrx_word' id='word_1_350' title='bbox 929 1310 1041 1342; x_wconf 85' lang='lat' dir='ltr'><strong>peccata</strong></span> 
     </span>
    </p>
   </div>
   <div class='ocr_carea' id='block_1_46' title="bbox 248 1352 1042 1386">
    <p class='ocr_par' dir='ltr' id='par_1_46' title="bbox 248 1352 1042 1386">
     <span class='ocr_line' id='line_1_46' title="bbox 248 1352 1042 1386; baseline -0.001 -5"><span class='ocrx_word' id='word_1_351' title='bbox 248 1353 389 1381; x_wconf 82' lang='lat' dir='ltr'><strong>hominum</strong></span> <span class='ocrx_word' id='word_1_352' title='bbox 408 1353 587 1381; x_wconf 87' lang='lat' dir='ltr'><strong>condonaret.</strong></span> <span class='ocrx_word' id='word_1_353' title='bbox 607 1362 617 1380; x_wconf 74' lang='grc' dir='ltr'><strong>ι</strong></span> <span class='ocrx_word' id='word_1_354' title='bbox 632 1353 733 1380; x_wconf 80' lang='lat' dir='ltr'><strong>Videas</strong></span> <span class='ocrx_word' id='word_1_355' title='bbox 747 1353 831 1384; x_wconf 88' lang='lat' dir='ltr'><strong>enim,</strong></span> <span class='ocrx_word' id='word_1_356' title='bbox 844 1353 943 1386; x_wconf 84' lang='lat' dir='ltr'><strong>inquit,</strong></span> <span class='ocrx_word' id='word_1_357' title='bbox 961 1352 1042 1380; x_wconf 79' lang='lat' dir='ltr'><strong>Jesus</strong></span> 
     </span>
    </p>
   </div>
   <div class='ocr_carea' id='block_1_47' title="bbox 246 1397 1042 1434">
    <p class='ocr_par' dir='ltr' id='par_1_47' title="bbox 246 1397 1042 1434">
     <span class='ocr_line' id='line_1_47' title="bbox 246 1397 1042 1434; baseline -0.001 -8"><span class='ocrx_word' id='word_1_358' title='bbox 246 1399 426 1434; x_wconf 84' lang='lat' dir='ltr'><strong>cogitationes</strong></span> <span class='ocrx_word' id='word_1_359' title='bbox 438 1407 533 1426; x_wconf 88' lang='lat' dir='ltr'><strong>eorum</strong></span> <span class='ocrx_word' id='word_1_360' title='bbox 550 1399 571 1426; x_wconf 90' lang='grc'><strong>³.</strong></span> <span class='ocrx_word' id='word_1_361' title='bbox 592 1409 601 1424; x_wconf 75' lang='grc' dir='ltr'><strong>ι</strong></span> <span class='ocrx_word' id='word_1_362' title='bbox 620 1397 685 1426; x_wconf 89' lang='lat' dir='ltr'><strong>Item</strong></span> <span class='ocrx_word' id='word_1_363' title='bbox 705 1399 739 1426; x_wconf 88' lang='lat' dir='ltr'><strong>de</strong></span> <span class='ocrx_word' id='word_1_364' title='bbox 765 1398 868 1433; x_wconf 89' lang='lat' dir='ltr'><strong>Spiritu</strong></span> <span class='ocrx_word' id='word_1_365' title='bbox 884 1397 982 1425; x_wconf 84' lang='lat' dir='ltr'><strong>Petrus</strong></span> <span class='ocrx_word' id='word_1_366' title='bbox 1007 1398 1042 1425; x_wconf 89' lang='lat' dir='ltr'><strong>ad</strong></span> 
     </span>
    </p>
   </div>
   <div class='ocr_carea' id='block_1_48' title="bbox 247 1444 1039 1479">
    <p class='ocr_par' dir='ltr' id='par_1_48' title="bbox 247 1444 1039 1479">
     <span class='ocr_line' id='line_1_48' title="bbox 247 1444 1039 1479; baseline -0.003 -7"><span class='ocrx_word' id='word_1_367' title='bbox 247 1445 380 1472; x_wconf 83' lang='lat' dir='ltr'><strong>Anauiam</strong></span> <span class='ocrx_word' id='word_1_368' title='bbox 395 1445 462 1472; x_wconf 85' lang='lat' dir='ltr'><strong>dicit</strong></span> <span class='ocrx_word' id='word_1_369' title='bbox 479 1454 486 1472; x_wconf 88' lang='lat'>:</span> <span class='ocrx_word' id='word_1_370' title='bbox 503 1454 511 1470; x_wconf 76' lang='grc' dir='ltr'><strong>ι</strong></span> <span class='ocrx_word' id='word_1_371' title='bbox 530 1444 587 1472; x_wconf 83' lang='lat' dir='ltr'><strong>Cur</strong></span> <span class='ocrx_word' id='word_1_372' title='bbox 612 1445 860 1479; x_wconf 83' lang='lat' dir='ltr'><strong>implevitSatauas</strong></span> <span class='ocrx_word' id='word_1_373' title='bbox 884 1451 933 1470; x_wconf 90' lang='lat' dir='ltr'><strong>cor</strong></span> <span class='ocrx_word' id='word_1_374' title='bbox 948 1448 1039 1474; x_wconf 89' lang='lat' dir='ltr'><strong>tuum.</strong></span> 
     </span>
    </p>
   </div>
   <div class='ocr_carea' id='block_1_49' title="bbox 248 1488 1040 1525">
    <p class='ocr_par' dir='ltr' id='par_1_49' title="bbox 248 1488 1040 1525">
     <span class='ocr_line' id='line_1_49' title="bbox 248 1488 1040 1525; baseline -0.004 -7"><span class='ocrx_word' id='word_1_375' title='bbox 248 1495 278 1518; x_wconf 87' lang='lat' dir='ltr'><strong>ut</strong></span> <span class='ocrx_word' id='word_1_376' title='bbox 295 1491 451 1518; x_wconf 69' lang='lat' dir='ltr'><strong>mentireris</strong></span> <span class='ocrx_word' id='word_1_377' title='bbox 468 1490 583 1525; x_wconf 86' lang='lat' dir='ltr'><strong>Spiritui</strong></span> <span class='ocrx_word' id='word_1_378' title='bbox 595 1495 692 1517; x_wconf 83' lang='lat' dir='ltr'><strong>sancto</strong></span> <span class='ocrx_word' id='word_1_379' title='bbox 707 1490 717 1506; x_wconf 72' lang='grc'><strong><em>⁵</em></strong></span> <span class='ocrx_word' id='word_1_380' title='bbox 736 1491 747 1515; x_wconf 88' lang='lat' dir='ltr'><strong>‘l</strong></span> <span class='ocrx_word' id='word_1_381' title='bbox 764 1499 772 1514; x_wconf 79' lang='grc' dir='ltr'><strong>ι</strong></span> <span class='ocrx_word' id='word_1_382' title='bbox 791 1489 951 1522; x_wconf 86' lang='lat' dir='ltr'><strong>ostendens,</strong></span> <span class='ocrx_word' id='word_1_383' title='bbox 966 1488 1040 1523; x_wconf 90' lang='lat' dir='ltr'><strong>quod</strong></span> 
     </span>
    </p>
   </div>
   <div class='ocr_carea' id='block_1_50' title="bbox 247 1535 1043 1571">
    <p class='ocr_par' dir='ltr' id='par_1_50' title="bbox 247 1535 1043 1571">
     <span class='ocr_line' id='line_1_50' title="bbox 247 1535 1043 1571; baseline 0 -9"><span class='ocrx_word' id='word_1_384' title='bbox 247 1543 353 1569; x_wconf 76' lang='lat' dir='ltr'><strong>eorum,</strong></span> <span class='ocrx_word' id='word_1_385' title='bbox 379 1544 439 1571; x_wconf 67' lang='lat' dir='ltr'><strong>qua:</strong></span> <span class='ocrx_word' id='word_1_386' title='bbox 462 1536 489 1563; x_wconf 93' lang='lat' dir='ltr'><strong>in</strong></span> <span class='ocrx_word' id='word_1_387' title='bbox 504 1536 709 1563; x_wconf 69' lang='lat' dir='ltr'><strong>oceultoausus</strong></span> <span class='ocrx_word' id='word_1_388' title='bbox 731 1539 790 1562; x_wconf 85' lang='lat' dir='ltr'><strong>erat</strong></span> <span class='ocrx_word' id='word_1_389' title='bbox 806 1535 938 1568; x_wconf 84' lang='lat' dir='ltr'><strong>Auanias,</strong></span> <span class='ocrx_word' id='word_1_390' title='bbox 964 1535 1043 1562; x_wconf 85' lang='lat' dir='ltr'><strong>testis</strong></span> 
     </span>
    </p>
   </div>
   <div class='ocr_carea' id='block_1_51' title="bbox 1095 894 1886 930">
    <p class='ocr_par' dir='ltr' id='par_1_51' title="bbox 1095 894 1886 930">
     <span class='ocr_line' id='line_1_51' title="bbox 1095 894 1886 930; baseline -0.001 -9"><span class='ocrx_word' id='word_1_391' title='bbox 1095 895 1155 926; x_wconf 86' lang='grc' dir='ltr'>τίας</span> <span class='ocrx_word' id='word_1_392' title='bbox 1167 895 1196 928; x_wconf 76' lang='grc' dir='ltr'><strong>ἐξ</strong></span> <span class='ocrx_word' id='word_1_393' title='bbox 1210 895 1353 926; x_wconf 78' lang='grc' dir='ltr'>αὑθεντίας</span> <span class='ocrx_word' id='word_1_394' title='bbox 1366 894 1419 922; x_wconf 85' lang='grc' dir='ltr'><strong>τῶν</strong></span> <span class='ocrx_word' id='word_1_395' title='bbox 1431 894 1592 930; x_wconf 80' lang='grc' dir='ltr'>ἀνθρώπων.</span> <span class='ocrx_word' id='word_1_396' title='bbox 1605 904 1614 920; x_wconf 74' lang='grc' dir='ltr'><strong>ε</strong></span> <span class='ocrx_word' id='word_1_397' title='bbox 1630 894 1701 921; x_wconf 83' lang='grc' dir='ltr'>Ἰδὼν</span> <span class='ocrx_word' id='word_1_398' title='bbox 1714 894 1777 929; x_wconf 76' lang='grc' dir='ltr'>γὰρ,</span> <span class='ocrx_word' id='word_1_399' title='bbox 1791 895 1886 928; x_wconf 71' lang='grc' dir='ltr'>φησιν,</span> 
     </span>
    </p>
   </div>
   <div class='ocr_carea' id='block_1_52' title="bbox 1092 939 1887 976">
    <p class='ocr_par' dir='ltr' id='par_1_52' title="bbox 1092 939 1887 976">
     <span class='ocr_line' id='line_1_52' title="bbox 1092 939 1887 976; baseline -0.004 -8"><span class='ocrx_word' id='word_1_400' title='bbox 1092 942 1108 968; x_wconf 82' lang='grc' dir='ltr'><strong>ὁ</strong></span> <span class='ocrx_word' id='word_1_401' title='bbox 1127 940 1230 976; x_wconf 73' lang='grc' dir='ltr'>Ἰησοῦς</span> <span class='ocrx_word' id='word_1_402' title='bbox 1240 941 1288 972; x_wconf 84' lang='grc' dir='ltr'>τὰς</span> <span class='ocrx_word' id='word_1_403' title='bbox 1301 941 1464 976; x_wconf 79' lang='grc' dir='ltr'><strong>ἐνθυμήσεις</strong></span> <span class='ocrx_word' id='word_1_404' title='bbox 1479 941 1578 968; x_wconf 77' lang='grc' dir='ltr'>αὐτῶν.</span> <span class='ocrx_word' id='word_1_405' title='bbox 1587 950 1595 966; x_wconf 79' lang='lat' dir='ltr'><strong>I</strong></span> <span class='ocrx_word' id='word_1_406' title='bbox 1608 941 1662 967; x_wconf 81' lang='lat' dir='ltr'><strong>Kal.</strong></span> <span class='ocrx_word' id='word_1_407' title='bbox 1672 941 1735 976; x_wconf 74' lang='grc' dir='ltr'>περὶ</span> <span class='ocrx_word' id='word_1_408' title='bbox 1742 939 1790 966; x_wconf 73' lang='grc' dir='ltr'>τοῦ</span> <span class='ocrx_word' id='word_1_409' title='bbox 1803 939 1887 966; x_wconf 72' lang='lat' dir='ltr'><strong>Ilvati—</strong></span> 
     </span>
    </p>
   </div>
   <div class='ocr_carea' id='block_1_53' title="bbox 1095 984 1887 1021">
    <p class='ocr_par' dir='ltr' id='par_1_53' title="bbox 1095 984 1887 1021">
     <span class='ocr_line' id='line_1_53' title="bbox 1095 984 1887 1021; baseline -0.001 -10"><span class='ocrx_word' id='word_1_410' title='bbox 1095 994 1180 1020; x_wconf 85' lang='grc' dir='ltr'>ματος</span> <span class='ocrx_word' id='word_1_411' title='bbox 1203 985 1276 1019; x_wconf 80' lang='grc' dir='ltr'>λέγει</span> <span class='ocrx_word' id='word_1_412' title='bbox 1302 985 1368 1021; x_wconf 71' lang='grc' dir='ltr'>πρὸς</span> <span class='ocrx_word' id='word_1_413' title='bbox 1391 986 1437 1012; x_wconf 78' lang='grc' dir='ltr'><strong>τὸν</strong></span> <span class='ocrx_word' id='word_1_414' title='bbox 1467 986 1591 1013; x_wconf 81' lang='grc' dir='ltr'>Ἀνανίαν</span> <span class='ocrx_word' id='word_1_415' title='bbox 1613 986 1627 1012; x_wconf 84' lang='grc' dir='ltr'><strong>ὁ</strong></span> <span class='ocrx_word' id='word_1_416' title='bbox 1648 985 1768 1020; x_wconf 81' lang='grc' dir='ltr'>Πέτρος’</span> <span class='ocrx_word' id='word_1_417' title='bbox 1794 985 1838 1011; x_wconf 79' lang='grc' dir='ltr'><strong>ἵνα</strong></span> <span class='ocrx_word' id='word_1_418' title='bbox 1860 984 1887 1010; x_wconf 88' lang='grc' dir='ltr'><strong>τί</strong></span> 
     </span>
    </p>
   </div>
   <div class='ocr_carea' id='block_1_54' title="bbox 1093 1031 1887 1068">
    <p class='ocr_par' dir='ltr' id='par_1_54' title="bbox 1093 1031 1887 1068">
     <span class='ocr_line' id='line_1_54' title="bbox 1093 1031 1887 1068; baseline -0.003 -10"><span class='ocrx_word' id='word_1_419' title='bbox 1093 1031 1253 1068; x_wconf 75' lang='grc' dir='ltr'>ἐπλήρωσεν</span> <span class='ocrx_word' id='word_1_420' title='bbox 1266 1033 1279 1058; x_wconf 82' lang='grc' dir='ltr'><em>ὁ</em></span> <span class='ocrx_word' id='word_1_421' title='bbox 1297 1033 1418 1065; x_wconf 67' lang='grc' dir='ltr'>Σατανᾶς</span> <span class='ocrx_word' id='word_1_422' title='bbox 1430 1032 1480 1068; x_wconf 81' lang='grc' dir='ltr'><strong>τὴν</strong></span> <span class='ocrx_word' id='word_1_423' title='bbox 1501 1032 1614 1068; x_wconf 84' lang='grc' dir='ltr'>καρδίαν</span> <span class='ocrx_word' id='word_1_424' title='bbox 1629 1040 1675 1058; x_wconf 83' lang='grc' dir='ltr'><strong>σου</strong></span> <span class='ocrx_word' id='word_1_425' title='bbox 1690 1032 1741 1066; x_wconf 77' lang='grc' dir='ltr'><strong>ψεύ</strong></span> <span class='ocrx_word' id='word_1_426' title='bbox 1748 1031 1843 1057; x_wconf 73' lang='grc' dir='ltr'>τασθαί</span> <span class='ocrx_word' id='word_1_427' title='bbox 1857 1039 1887 1057; x_wconf 85' lang='grc' dir='ltr'><strong>σε</strong></span> 
     </span>
    </p>
   </div>
   <div class='ocr_carea' id='block_1_55' title="bbox 1093 1076 1887 1113">
    <p class='ocr_par' dir='ltr' id='par_1_55' title="bbox 1093 1076 1887 1113">
     <span class='ocr_line' id='line_1_55' title="bbox 1093 1076 1887 1113; baseline -0.004 -8"><span class='ocrx_word' id='word_1_428' title='bbox 1093 1077 1125 1105; x_wconf 75' lang='grc' dir='ltr'>τὸ</span> <span class='ocrx_word' id='word_1_429' title='bbox 1141 1077 1253 1113; x_wconf 83' lang='grc' dir='ltr'>Πνεῦμα</span> <span class='ocrx_word' id='word_1_430' title='bbox 1268 1078 1298 1105; x_wconf 80' lang='grc' dir='ltr'>τὸ</span> <span class='ocrx_word' id='word_1_431' title='bbox 1313 1078 1410 1112; x_wconf 75' lang='grc' dir='ltr'>ἄγιονς</span> <span class='ocrx_word' id='word_1_432' title='bbox 1441 1078 1558 1109; x_wconf 79' lang='grc' dir='ltr'>δεικνὺς,</span> <span class='ocrx_word' id='word_1_433' title='bbox 1582 1077 1624 1104; x_wconf 80' lang='grc' dir='ltr'>ὅτι</span> <span class='ocrx_word' id='word_1_434' title='bbox 1644 1077 1699 1104; x_wconf 84' lang='grc' dir='ltr'><strong>τῶν</strong></span> <span class='ocrx_word' id='word_1_435' title='bbox 1720 1078 1749 1104; x_wconf 84' lang='grc' dir='ltr'>ὲν</span> <span class='ocrx_word' id='word_1_436' title='bbox 1772 1076 1887 1112; x_wconf 78' lang='grc' dir='ltr'>κρυπτῷ</span> 
     </span>
    </p>
   </div>
   <div class='ocr_carea' id='block_1_56' title="bbox 1093 1120 1887 1160">
    <p class='ocr_par' dir='ltr' id='par_1_56' title="bbox 1093 1120 1887 1160">
     <span class='ocr_line' id='line_1_56' title="bbox 1093 1120 1887 1160; baseline -0.004 -9"><span class='ocrx_word' id='word_1_437' title='bbox 1093 1124 1303 1160; x_wconf 81' lang='grc' dir='ltr'>τετολμημένων</span> <span class='ocrx_word' id='word_1_438' title='bbox 1320 1124 1396 1159; x_wconf 75' lang='grc' dir='ltr'>παρὰ</span> <span class='ocrx_word' id='word_1_439' title='bbox 1411 1123 1458 1150; x_wconf 82' lang='grc' dir='ltr'>τοῦ</span> <span class='ocrx_word' id='word_1_440' title='bbox 1480 1123 1612 1155; x_wconf 78' lang='grc' dir='ltr'>Ἀνανίου,</span> <span class='ocrx_word' id='word_1_441' title='bbox 1632 1123 1736 1158; x_wconf 77' lang='grc' dir='ltr'>μάρτυς</span> <span class='ocrx_word' id='word_1_442' title='bbox 1753 1120 1787 1158; x_wconf 79' lang='grc' dir='ltr'>ἦν</span> <span class='ocrx_word' id='word_1_443' title='bbox 1802 1122 1887 1157; x_wconf 72' lang='grc' dir='ltr'>ἀψευ-</span> 
     </span>
    </p>
   </div>
   <div class='ocr_carea' id='block_1_57' title="bbox 1092 1166 1885 1206">
    <p class='ocr_par' dir='ltr' id='par_1_57' title="bbox 1092 1166 1885 1206">
     <span class='ocr_line' id='line_1_57' title="bbox 1092 1166 1885 1206; baseline -0.004 -9"><span class='ocrx_word' id='word_1_444' title='bbox 1092 1170 1140 1206; x_wconf 82' lang='grc' dir='ltr'>δὴς</span> <span class='ocrx_word' id='word_1_445' title='bbox 1158 1170 1288 1205; x_wconf 85' lang='grc' dir='ltr'>ὲπιίστωρ</span> <span class='ocrx_word' id='word_1_446' title='bbox 1303 1170 1333 1196; x_wconf 79' lang='grc' dir='ltr'>τὸ</span> <span class='ocrx_word' id='word_1_447' title='bbox 1346 1169 1458 1204; x_wconf 78' lang='grc' dir='ltr'>Πνεῦμα</span> <span class='ocrx_word' id='word_1_448' title='bbox 1471 1169 1502 1195; x_wconf 76' lang='grc' dir='ltr'>τὸ</span> <span class='ocrx_word' id='word_1_449' title='bbox 1516 1169 1604 1203; x_wconf 74' lang='grc' dir='ltr'>ἅγιον,</span> <span class='ocrx_word' id='word_1_450' title='bbox 1620 1168 1653 1195; x_wconf 83' lang='grc' dir='ltr'>δι’</span> <span class='ocrx_word' id='word_1_451' title='bbox 1666 1166 1696 1195; x_wconf 71' lang='grc' dir='ltr'>οὗ</span> <span class='ocrx_word' id='word_1_452' title='bbox 1711 1169 1758 1195; x_wconf 80' lang='grc' dir='ltr'>καὶ</span> <span class='ocrx_word' id='word_1_453' title='bbox 1774 1168 1813 1203; x_wconf 83' lang='grc' dir='ltr'>τῷ</span> <span class='ocrx_word' id='word_1_454' title='bbox 1835 1168 1885 1194; x_wconf 82' lang='grc' dir='ltr'>Πέ-</span> 
     </span>
    </p>
   </div>
   <div class='ocr_carea' id='block_1_58' title="bbox 1093 1213 1887 1252">
    <p class='ocr_par' dir='ltr' id='par_1_58' title="bbox 1093 1213 1887 1252">
     <span class='ocr_line' id='line_1_58' title="bbox 1093 1213 1887 1252; baseline -0.003 -10"><span class='ocrx_word' id='word_1_455' title='bbox 1093 1225 1150 1252; x_wconf 83' lang='grc' dir='ltr'>τρῳ</span> <span class='ocrx_word' id='word_1_456' title='bbox 1165 1216 1218 1243; x_wconf 82' lang='grc' dir='ltr'>τῶν</span> <span class='ocrx_word' id='word_1_457' title='bbox 1236 1216 1450 1251; x_wconf 83' lang='grc' dir='ltr'>λανθανόντωνή</span> <span class='ocrx_word' id='word_1_458' title='bbox 1472 1215 1624 1251; x_wconf 82' lang='grc' dir='ltr'>φανέρωσις</span> <span class='ocrx_word' id='word_1_459' title='bbox 1645 1213 1689 1250; x_wconf 83' lang='grc' dir='ltr'><strong>ἦν.</strong></span> <span class='ocrx_word' id='word_1_460' title='bbox 1712 1215 1740 1242; x_wconf 90' lang='lat'>&#39;0</span> <span class='ocrx_word' id='word_1_461' title='bbox 1759 1215 1806 1250; x_wconf 76' lang='grc' dir='ltr'><strong>μὲν</strong></span> <span class='ocrx_word' id='word_1_462' title='bbox 1833 1215 1887 1249; x_wconf 71' lang='grc' dir='ltr'>γὰρ</span> 
     </span>
    </p>
   </div>
   <div class='ocr_carea' id='block_1_59' title="bbox 1093 1260 1886 1296">
    <p class='ocr_par' dir='ltr' id='par_1_59' title="bbox 1093 1260 1886 1296">
     <span class='ocr_line' id='line_1_59' title="bbox 1093 1260 1886 1296; baseline -0.003 -8"><span class='ocrx_word' id='word_1_463' title='bbox 1093 1262 1202 1296; x_wconf 75' lang='grc' dir='ltr'>ἐγένετο</span> <span class='ocrx_word' id='word_1_464' title='bbox 1223 1262 1342 1296; x_wconf 86' lang='grc' dir='ltr'>κλέπτης</span> <span class='ocrx_word' id='word_1_465' title='bbox 1358 1262 1439 1294; x_wconf 77' lang='grc' dir='ltr'>αὐτὸς</span> <span class='ocrx_word' id='word_1_466' title='bbox 1463 1261 1558 1288; x_wconf 75' lang='grc' dir='ltr'>ἑαυτοῦ</span> <span class='ocrx_word' id='word_1_467' title='bbox 1575 1261 1724 1293; x_wconf 84' lang='grc' dir='ltr'>λανθάνων,</span> <span class='ocrx_word' id='word_1_468' title='bbox 1748 1261 1786 1292; x_wconf 81' lang='grc' dir='ltr'>ὡς</span> <span class='ocrx_word' id='word_1_469' title='bbox 1805 1260 1886 1295; x_wconf 81' lang='grc' dir='ltr'>ᾣετο,</span> 
     </span>
    </p>
   </div>
   <div class='ocr_carea' id='block_1_60' title="bbox 1094 1307 1888 1343">
    <p class='ocr_par' dir='ltr' id='par_1_60' title="bbox 1094 1307 1888 1343">
     <span class='ocr_line' id='line_1_60' title="bbox 1094 1307 1888 1343; baseline -0.001 -9"><span class='ocrx_word' id='word_1_470' title='bbox 1094 1309 1212 1341; x_wconf 76' lang='grc' dir='ltr'>πάντας,</span> <span class='ocrx_word' id='word_1_471' title='bbox 1236 1309 1284 1335; x_wconf 78' lang='grc' dir='ltr'><strong>καὶ</strong></span> <span class='ocrx_word' id='word_1_472' title='bbox 1300 1309 1350 1343; x_wconf 88' lang='grc' dir='ltr'>τὴν</span> <span class='ocrx_word' id='word_1_473' title='bbox 1371 1307 1508 1343; x_wconf 81' lang='grc' dir='ltr'>ἁμαρτίαν</span> <span class='ocrx_word' id='word_1_474' title='bbox 1530 1307 1775 1343; x_wconf 71' lang='grc' dir='ltr'>ἐπικρυπτόμενος.</span> <span class='ocrx_word' id='word_1_475' title='bbox 1802 1307 1840 1333; x_wconf 81' lang='grc' dir='ltr'><strong>Τὸ</strong></span> <span class='ocrx_word' id='word_1_476' title='bbox 1859 1307 1888 1333; x_wconf 67' lang='grc' dir='ltr'>δὲ</span> 
     </span>
    </p>
   </div>
   <div class='ocr_carea' id='block_1_61' title="bbox 1094 1351 1888 1389">
    <p class='ocr_par' dir='ltr' id='par_1_61' title="bbox 1094 1351 1888 1389">
     <span class='ocr_line' id='line_1_61' title="bbox 1094 1351 1888 1389; baseline -0.001 -9"><span class='ocrx_word' id='word_1_477' title='bbox 1094 1354 1207 1389; x_wconf 80' lang='grc' dir='ltr'>Πνεῦμα</span> <span class='ocrx_word' id='word_1_478' title='bbox 1222 1354 1253 1380; x_wconf 83' lang='grc' dir='ltr'><strong>τὸ</strong></span> <span class='ocrx_word' id='word_1_479' title='bbox 1267 1354 1354 1388; x_wconf 74' lang='grc' dir='ltr'>ἅγιον,</span> <span class='ocrx_word' id='word_1_480' title='bbox 1370 1353 1438 1389; x_wconf 78' lang='grc' dir='ltr'>ὁμοῦ</span> <span class='ocrx_word' id='word_1_481' title='bbox 1453 1362 1484 1380; x_wconf 85' lang='grc' dir='ltr'><strong>τε</strong></span> <span class='ocrx_word' id='word_1_482' title='bbox 1493 1355 1521 1380; x_wconf 79' lang='grc' dir='ltr'>ἐν</span> <span class='ocrx_word' id='word_1_483' title='bbox 1536 1354 1632 1389; x_wconf 80' lang='grc' dir='ltr'>Πέτρῳ</span> <span class='ocrx_word' id='word_1_484' title='bbox 1643 1351 1745 1388; x_wconf 79' lang='grc' dir='ltr'>ἦν,καὶ</span> <span class='ocrx_word' id='word_1_485' title='bbox 1753 1353 1801 1388; x_wconf 83' lang='grc' dir='ltr'><strong>τὴν</strong></span> <span class='ocrx_word' id='word_1_486' title='bbox 1817 1353 1888 1380; x_wconf 74' lang='grc' dir='ltr'>ὲκείο</span> 
     </span>
    </p>
   </div>
   <div class='ocr_carea' id='block_1_62' title="bbox 1093 1398 1888 1434">
    <p class='ocr_par' dir='ltr' id='par_1_62' title="bbox 1093 1398 1888 1434">
     <span class='ocr_line' id='line_1_62' title="bbox 1093 1398 1888 1434; baseline -0.003 -8"><span class='ocrx_word' id='word_1_487' title='bbox 1093 1408 1139 1426; x_wconf 85' lang='grc' dir='ltr'><strong>νου</strong></span> <span class='ocrx_word' id='word_1_488' title='bbox 1159 1399 1276 1426; x_wconf 81' lang='grc' dir='ltr'>διάνοιαν</span> <span class='ocrx_word' id='word_1_489' title='bbox 1293 1399 1360 1434; x_wconf 78' lang='grc' dir='ltr'>πρὸς</span> <span class='ocrx_word' id='word_1_490' title='bbox 1379 1399 1429 1434; x_wconf 78' lang='grc' dir='ltr'>τὴν</span> <span class='ocrx_word' id='word_1_491' title='bbox 1452 1398 1669 1433; x_wconf 79' lang='grc' dir='ltr'>φιλοχρηματίαν</span> <span class='ocrx_word' id='word_1_492' title='bbox 1687 1400 1888 1433; x_wconf 75' lang='grc' dir='ltr'>κατασυρεῖσαν</span> 
     </span>
    </p>
   </div>
   <div class='ocr_carea' id='block_1_63' title="bbox 1094 1443 1888 1480">
    <p class='ocr_par' dir='ltr' id='par_1_63' title="bbox 1094 1443 1888 1480">
     <span class='ocr_line' id='line_1_63' title="bbox 1094 1443 1888 1480; baseline 0 -9"><span class='ocrx_word' id='word_1_493' title='bbox 1094 1444 1232 1480; x_wconf 79' lang='grc' dir='ltr'>ἐφώρασε,</span> <span class='ocrx_word' id='word_1_494' title='bbox 1256 1445 1304 1471; x_wconf 78' lang='grc' dir='ltr'><strong>καὶ</strong></span> <span class='ocrx_word' id='word_1_495' title='bbox 1325 1444 1358 1471; x_wconf 79' lang='grc' dir='ltr'>δι’</span> <span class='ocrx_word' id='word_1_496' title='bbox 1371 1444 1469 1471; x_wconf 78' lang='grc' dir='ltr'>ἑαυτοῦ</span> <span class='ocrx_word' id='word_1_497' title='bbox 1485 1444 1575 1470; x_wconf 68' lang='grc' dir='ltr'>δίδωσι</span> <span class='ocrx_word' id='word_1_498' title='bbox 1601 1443 1640 1478; x_wconf 83' lang='grc' dir='ltr'>τῷ</span> <span class='ocrx_word' id='word_1_499' title='bbox 1666 1444 1762 1480; x_wconf 80' lang='grc' dir='ltr'>Πέτρῳ</span> <span class='ocrx_word' id='word_1_500' title='bbox 1779 1445 1843 1470; x_wconf 71' lang='grc' dir='ltr'>ἰδεῖν</span> <span class='ocrx_word' id='word_1_501' title='bbox 1854 1445 1888 1471; x_wconf 71' lang='grc' dir='ltr'>τὰ</span> 
     </span>
    </p>
   </div>
   <div class='ocr_carea' id='block_1_64' title="bbox 1094 1487 1888 1525">
    <p class='ocr_par' dir='ltr' id='par_1_64' title="bbox 1094 1487 1888 1525">
     <span class='ocr_line' id='line_1_64' title="bbox 1094 1487 1888 1525; baseline -0.001 -9"><span class='ocrx_word' id='word_1_502' title='bbox 1094 1490 1260 1517; x_wconf 82' lang='grc' dir='ltr'>λανθάνοντα</span> <span class='ocrx_word' id='word_1_503' title='bbox 1274 1499 1280 1506; x_wconf 94' lang='grc'><strong>·</strong></span> <span class='ocrx_word' id='word_1_504' title='bbox 1307 1490 1356 1516; x_wconf 73' lang='grc' dir='ltr'>οὐκ</span> <span class='ocrx_word' id='word_1_505' title='bbox 1370 1490 1402 1517; x_wconf 82' lang='grc' dir='ltr'><strong>ἂν</strong></span> <span class='ocrx_word' id='word_1_506' title='bbox 1417 1489 1538 1524; x_wconf 73' lang='grc' dir='ltr'>δηλονότι</span> <span class='ocrx_word' id='word_1_507' title='bbox 1553 1488 1630 1516; x_wconf 80' lang='grc' dir='ltr'>τοῦτο</span> <span class='ocrx_word' id='word_1_508' title='bbox 1644 1489 1748 1523; x_wconf 79' lang='grc' dir='ltr'>ποιοῦν,</span> <span class='ocrx_word' id='word_1_509' title='bbox 1765 1489 1845 1525; x_wconf 70' lang='grc' dir='ltr'>εἴπερ</span> <span class='ocrx_word' id='word_1_510' title='bbox 1855 1487 1888 1524; x_wconf 77' lang='grc' dir='ltr'><strong>ἦν</strong></span> 
     </span>
    </p>
   </div>
   <div class='ocr_carea' id='block_1_65' title="bbox 1096 1535 1425 1570">
    <p class='ocr_par' dir='ltr' id='par_1_65' title="bbox 1096 1535 1425 1570">
     <span class='ocr_line' id='line_1_65' title="bbox 1096 1535 1425 1570; baseline 0.003 -9"><span class='ocrx_word' id='word_1_511' title='bbox 1096 1535 1150 1561; x_wconf 81' lang='grc' dir='ltr'><strong>τῶν</strong></span> <span class='ocrx_word' id='word_1_512' title='bbox 1163 1535 1287 1570; x_wconf 77' lang='grc' dir='ltr'>κρυφίων</span> <span class='ocrx_word' id='word_1_513' title='bbox 1303 1535 1425 1562; x_wconf 82' lang='grc' dir='ltr'>ἀθέατον.</span> 
     </span>
    </p>
   </div>
   <div class='ocr_carea' id='block_1_66' title="bbox 249 1579 1885 1617">
    <p class='ocr_par' dir='ltr' id='par_1_66' title="bbox 249 1579 1885 1617">
     <span class='ocr_line' id='line_1_66' title="bbox 249 1579 1885 1617; baseline -0.001 -7"><span class='ocrx_word' id='word_1_514' title='bbox 249 1590 332 1610; x_wconf 76' lang='lat' dir='ltr'><strong>verax</strong></span> <span class='ocrx_word' id='word_1_515' title='bbox 349 1587 376 1610; x_wconf 90' lang='lat' dir='ltr'><strong>et</strong></span> <span class='ocrx_word' id='word_1_516' title='bbox 404 1583 509 1610; x_wconf 87' lang='lat' dir='ltr'><strong>arbiter</strong></span> <span class='ocrx_word' id='word_1_517' title='bbox 524 1588 596 1610; x_wconf 88' lang='lat' dir='ltr'><strong>esset</strong></span> <span class='ocrx_word' id='word_1_518' title='bbox 614 1582 733 1617; x_wconf 80' lang='lat' dir='ltr'><strong>Spiritus</strong></span> <span class='ocrx_word' id='word_1_519' title='bbox 753 1586 877 1613; x_wconf 87' lang='lat' dir='ltr'><strong>sanctus,</strong></span> <span class='ocrx_word' id='word_1_520' title='bbox 889 1590 938 1617; x_wconf 87' lang='lat' dir='ltr'><strong>per</strong></span> <span class='ocrx_word' id='word_1_521' title='bbox 950 1590 1031 1617; x_wconf 85' lang='lat' dir='ltr'><strong>quem</strong></span> <span class='ocrx_word' id='word_1_522' title='bbox 1061 1583 1142 1610; x_wconf 88' lang='lat' dir='ltr'><strong>etiam</strong></span> <span class='ocrx_word' id='word_1_523' title='bbox 1159 1579 1239 1609; x_wconf 72' lang='lat' dir='ltr'><strong>Petro</strong></span> <span class='ocrx_word' id='word_1_524' title='bbox 1256 1583 1441 1617; x_wconf 82' lang='lat' dir='ltr'><strong>prodebantur</strong></span> <span class='ocrx_word' id='word_1_525' title='bbox 1454 1583 1573 1610; x_wconf 88' lang='lat' dir='ltr'><strong>occulta.</strong></span> <span class='ocrx_word' id='word_1_526' title='bbox 1598 1583 1687 1617; x_wconf 83' lang='lat' dir='ltr'><strong>Atque</strong></span> <span class='ocrx_word' id='word_1_527' title='bbox 1707 1582 1753 1610; x_wconf 87' lang='lat' dir='ltr'><strong>ille</strong></span> <span class='ocrx_word' id='word_1_528' title='bbox 1772 1583 1885 1617; x_wconf 87' lang='lat' dir='ltr'><strong>quidem</strong></span> 
     </span>
    </p>
   </div>
   <div class='ocr_carea' id='block_1_67' title="bbox 248 1628 1888 1664">
    <p class='ocr_par' dir='ltr' id='par_1_67' title="bbox 248 1628 1888 1664">
     <span class='ocr_line' id='line_1_67' title="bbox 248 1628 1888 1664; baseline -0.001 -8"><span class='ocrx_word' id='word_1_529' title='bbox 248 1629 291 1657; x_wconf 80' lang='lat' dir='ltr'><strong>sui</strong></span> <span class='ocrx_word' id='word_1_530' title='bbox 306 1629 393 1664; x_wconf 88' lang='lat' dir='ltr'><strong>ipsius</strong></span> <span class='ocrx_word' id='word_1_531' title='bbox 418 1628 463 1656; x_wconf 85' lang='lat' dir='ltr'><strong>fur</strong></span> <span class='ocrx_word' id='word_1_532' title='bbox 479 1633 547 1661; x_wconf 85' lang='lat' dir='ltr'><strong>erat,</strong></span> <span class='ocrx_word' id='word_1_533' title='bbox 572 1629 669 1656; x_wconf 87' lang='lat' dir='ltr'><strong>fallens</strong></span> <span class='ocrx_word' id='word_1_534' title='bbox 693 1636 799 1660; x_wconf 83' lang='lat' dir='ltr'><strong>omnes.</strong></span> <span class='ocrx_word' id='word_1_535' title='bbox 821 1634 850 1656; x_wconf 95' lang='lat' dir='ltr'><strong>ut</strong></span> <span class='ocrx_word' id='word_1_536' title='bbox 883 1630 1007 1664; x_wconf 81' lang='lat' dir='ltr'><strong>putabat,</strong></span> <span class='ocrx_word' id='word_1_537' title='bbox 1032 1633 1059 1656; x_wconf 85' lang='lat' dir='ltr'><strong>et</strong></span> <span class='ocrx_word' id='word_1_538' title='bbox 1078 1633 1220 1664; x_wconf 83' lang='lat' dir='ltr'><strong>peccatqu</strong></span> <span class='ocrx_word' id='word_1_539' title='bbox 1234 1630 1373 1656; x_wconf 75' lang='lat' dir='ltr'><strong>occultum</strong></span> <span class='ocrx_word' id='word_1_540' title='bbox 1395 1630 1508 1658; x_wconf 83' lang='lat' dir='ltr'><strong>habens.</strong></span> <span class='ocrx_word' id='word_1_541' title='bbox 1521 1629 1642 1664; x_wconf 86' lang='lat' dir='ltr'><strong>Spiritus</strong></span> <span class='ocrx_word' id='word_1_542' title='bbox 1662 1633 1753 1656; x_wconf 88' lang='lat' dir='ltr'><strong>autem</strong></span> <span class='ocrx_word' id='word_1_543' title='bbox 1772 1634 1888 1657; x_wconf 78' lang='lat' dir='ltr'><strong>sanctus</strong></span> 
     </span>
    </p>
   </div>
   <div class='ocr_carea' id='block_1_68' title="bbox 249 1674 1889 1711">
    <p class='ocr_par' dir='ltr' id='par_1_68' title="bbox 249 1674 1889 1711">
     <span class='ocr_line' id='line_1_68' title="bbox 249 1674 1889 1711; baseline -0.001 -8"><span class='ocrx_word' id='word_1_544' title='bbox 249 1675 333 1703; x_wconf 86' lang='lat' dir='ltr'><strong>simul</strong></span> <span class='ocrx_word' id='word_1_545' title='bbox 349 1679 376 1703; x_wconf 88' lang='lat' dir='ltr'><strong>et</strong></span> <span class='ocrx_word' id='word_1_546' title='bbox 392 1675 418 1701; x_wconf 93' lang='lat' dir='ltr'><strong>iu</strong></span> <span class='ocrx_word' id='word_1_547' title='bbox 434 1674 516 1702; x_wconf 87' lang='lat' dir='ltr'><strong>Petro</strong></span> <span class='ocrx_word' id='word_1_548' title='bbox 529 1680 598 1708; x_wconf 90' lang='lat' dir='ltr'><strong>erat,</strong></span> <span class='ocrx_word' id='word_1_549' title='bbox 622 1680 650 1703; x_wconf 91' lang='lat' dir='ltr'><strong>et</strong></span> <span class='ocrx_word' id='word_1_550' title='bbox 672 1675 745 1702; x_wconf 91' lang='lat' dir='ltr'><strong>illius</strong></span> <span class='ocrx_word' id='word_1_551' title='bbox 762 1680 880 1703; x_wconf 84' lang='lat' dir='ltr'><strong>mentem</strong></span> <span class='ocrx_word' id='word_1_552' title='bbox 896 1676 930 1703; x_wconf 90' lang='lat' dir='ltr'><strong>ad</strong></span> <span class='ocrx_word' id='word_1_553' title='bbox 957 1676 1100 1703; x_wconf 78' lang='lat' dir='ltr'><strong>avaritiam</strong></span> <span class='ocrx_word' id='word_1_554' title='bbox 1133 1676 1282 1710; x_wconf 75' lang='lat' dir='ltr'><strong>projectum</strong></span> <span class='ocrx_word' id='word_1_555' title='bbox 1310 1676 1501 1711; x_wconf 72' lang='lat' dir='ltr'><strong>deprehendit,</strong></span> <span class='ocrx_word' id='word_1_556' title='bbox 1527 1680 1554 1703; x_wconf 84' lang='lat' dir='ltr'><strong>et</strong></span> <span class='ocrx_word' id='word_1_557' title='bbox 1578 1684 1626 1711; x_wconf 89' lang='lat' dir='ltr'><strong>per</strong></span> <span class='ocrx_word' id='word_1_558' title='bbox 1661 1683 1721 1704; x_wconf 86' lang='lat' dir='ltr'><strong>sese</strong></span> <span class='ocrx_word' id='word_1_559' title='bbox 1747 1675 1830 1703; x_wconf 81' lang='lat' dir='ltr'><strong>Petro</strong></span> <span class='ocrx_word' id='word_1_560' title='bbox 1849 1676 1889 1702; x_wconf 70' lang='lat' dir='ltr'><strong>lu-</strong></span> 
     </span>
    </p>
   </div>
   <div class='ocr_carea' id='block_1_69' title="bbox 249 1720 1759 1757">
    <p class='ocr_par' dir='ltr' id='par_1_69' title="bbox 249 1720 1759 1757">
     <span class='ocr_line' id='line_1_69' title="bbox 249 1720 1759 1757; baseline 0.001 -9"><span class='ocrx_word' id='word_1_561' title='bbox 249 1721 334 1750; x_wconf 87' lang='lat' dir='ltr'><strong>tentia</strong></span> <span class='ocrx_word' id='word_1_562' title='bbox 350 1720 459 1748; x_wconf 87' lang='lat' dir='ltr'><strong>videndi</strong></span> <span class='ocrx_word' id='word_1_563' title='bbox 479 1721 637 1749; x_wconf 80' lang='lat' dir='ltr'><strong>facultatem</strong></span> <span class='ocrx_word' id='word_1_564' title='bbox 652 1721 699 1749; x_wconf 85' lang='lat' dir='ltr'><strong>dat</strong></span> <span class='ocrx_word' id='word_1_565' title='bbox 712 1731 719 1749; x_wconf 90' lang='lat'>:</span> <span class='ocrx_word' id='word_1_566' title='bbox 730 1722 781 1748; x_wconf 83' lang='lat' dir='ltr'><strong>hoc</strong></span> <span class='ocrx_word' id='word_1_567' title='bbox 795 1721 922 1749; x_wconf 88' lang='lat' dir='ltr'><strong>videlicet</strong></span> <span class='ocrx_word' id='word_1_568' title='bbox 931 1729 986 1748; x_wconf 88' lang='lat' dir='ltr'><strong>nun</strong></span> <span class='ocrx_word' id='word_1_569' title='bbox 1000 1721 1134 1754; x_wconf 85' lang='lat' dir='ltr'><strong>facturus,</strong></span> <span class='ocrx_word' id='word_1_570' title='bbox 1153 1722 1176 1750; x_wconf 87' lang='lat' dir='ltr'><strong>si</strong></span> <span class='ocrx_word' id='word_1_571' title='bbox 1189 1723 1299 1749; x_wconf 86' lang='lat' dir='ltr'><strong>occulta</strong></span> <span class='ocrx_word' id='word_1_572' title='bbox 1316 1722 1426 1750; x_wconf 78' lang='lat' dir='ltr'><strong>videndi</strong></span> <span class='ocrx_word' id='word_1_573' title='bbox 1440 1722 1548 1749; x_wconf 83' lang='lat' dir='ltr'><strong>virtutis</strong></span> <span class='ocrx_word' id='word_1_574' title='bbox 1562 1729 1660 1757; x_wconf 76' lang='lat' dir='ltr'><strong>expers</strong></span> <span class='ocrx_word' id='word_1_575' title='bbox 1675 1726 1759 1749; x_wconf 86' lang='lat' dir='ltr'><strong>esset.</strong></span> 
     </span>
    </p>
   </div>
   <div class='ocr_carea' id='block_1_70' title="bbox 285 1800 1043 1850">
    <p class='ocr_par' dir='ltr' id='par_1_70' title="bbox 285 1800 1043 1850">
     <span class='ocr_line' id='line_1_70' title="bbox 285 1800 1043 1850; baseline 0 -8"><span class='ocrx_word' id='word_1_576' title='bbox 285 1816 319 1842; x_wconf 80' lang='lat' dir='ltr'><strong>At</strong></span> <span class='ocrx_word' id='word_1_577' title='bbox 341 1815 463 1842; x_wconf 90' lang='lat' dir='ltr'><strong>nondum</strong></span> <span class='ocrx_word' id='word_1_578' title='bbox 483 1814 589 1850; x_wconf 89' lang='lat' dir='ltr'><strong>inquiet</strong></span> <span class='ocrx_word' id='word_1_579' title='bbox 608 1814 709 1849; x_wconf 87' lang='lat' dir='ltr'><strong>aliquis</strong></span> <span class='ocrx_word' id='word_1_580' title='bbox 730 1814 766 1841; x_wconf 90' lang='lat' dir='ltr'><strong>ad</strong></span> <span class='ocrx_word' id='word_1_581' title='bbox 780 1800 886 1848; x_wconf 65' lang='lat' dir='ltr'><strong>ithuod</strong></span> <span class='ocrx_word' id='word_1_582' title='bbox 901 1814 1043 1849; x_wconf 64' lang='lat' dir='ltr'><strong>quaeritur,</strong></span> 
     </span>
    </p>
   </div>
   <div class='ocr_carea' id='block_1_71' title="bbox 250 1860 1043 1896">
    <p class='ocr_par' dir='ltr' id='par_1_71' title="bbox 250 1860 1043 1896">
     <span class='ocr_line' id='line_1_71' title="bbox 250 1860 1043 1896; baseline -0.001 -8"><span class='ocrx_word' id='word_1_583' title='bbox 250 1861 384 1889; x_wconf 84' lang='lat' dir='ltr'><strong>orationis</strong></span> <span class='ocrx_word' id='word_1_584' title='bbox 398 1866 522 1896; x_wconf 80' lang='lat' dir='ltr'><strong>spectare</strong></span> <span class='ocrx_word' id='word_1_585' title='bbox 531 1865 713 1888; x_wconf 80' lang='lat' dir='ltr'><strong>structuram.</strong></span> <span class='ocrx_word' id='word_1_586' title='bbox 722 1860 815 1895; x_wconf 89' lang='lat' dir='ltr'><strong>Neque</strong></span> <span class='ocrx_word' id='word_1_587' title='bbox 825 1861 896 1887; x_wconf 91' lang='lat' dir='ltr'><strong>enim</strong></span> <span class='ocrx_word' id='word_1_588' title='bbox 910 1861 932 1888; x_wconf 87' lang='lat' dir='ltr'><strong>si</strong></span> <span class='ocrx_word' id='word_1_589' title='bbox 949 1861 1043 1887; x_wconf 90' lang='lat' dir='ltr'><strong>datum</strong></span> 
     </span>
    </p>
   </div>
   <div class='ocr_carea' id='block_1_72' title="bbox 251 1906 1040 1938">
    <p class='ocr_par' dir='ltr' id='par_1_72' title="bbox 251 1906 1040 1938">
     <span class='ocr_line' id='line_1_72' title="bbox 251 1906 1040 1938; baseline -0.001 -4"><span class='ocrx_word' id='word_1_590' title='bbox 251 1907 333 1935; x_wconf 87' lang='lat' dir='ltr'><strong>fuerit</strong></span> <span class='ocrx_word' id='word_1_591' title='bbox 355 1913 501 1934; x_wconf 86' lang='lat' dir='ltr'><strong>commune</strong></span> <span class='ocrx_word' id='word_1_592' title='bbox 523 1909 629 1933; x_wconf 69' lang='lat' dir='ltr'><strong>naturtc</strong></span> <span class='ocrx_word' id='word_1_593' title='bbox 653 1906 817 1933; x_wconf 80' lang='lat' dir='ltr'><strong>vocabulum</strong></span> <span class='ocrx_word' id='word_1_594' title='bbox 834 1913 895 1933; x_wconf 82' lang='lat' dir='ltr'><strong>esse</strong></span> <span class='ocrx_word' id='word_1_595' title='bbox 917 1906 1040 1938; x_wconf 82' lang='lat' dir='ltr'><strong>deitatis,</strong></span> 
     </span>
    </p>
   </div>
   <div class='ocr_carea' id='block_1_73' title="bbox 249 1951 1042 1989">
    <p class='ocr_par' dir='ltr' id='par_1_73' title="bbox 249 1951 1042 1989">
     <span class='ocr_line' id='line_1_73' title="bbox 249 1951 1042 1989; baseline -0.003 -9"><span class='ocrx_word' id='word_1_596' title='bbox 249 1953 305 1989; x_wconf 83' lang='lat' dir='ltr'><strong>jam</strong></span> <span class='ocrx_word' id='word_1_597' title='bbox 324 1953 472 1989; x_wconf 86' lang='lat' dir='ltr'><strong>(protinus)</strong></span> <span class='ocrx_word' id='word_1_598' title='bbox 493 1961 542 1987; x_wconf 83' lang='lat' dir='ltr'><strong>per</strong></span> <span class='ocrx_word' id='word_1_599' title='bbox 560 1952 612 1979; x_wconf 84' lang='lat' dir='ltr'><strong>hoc</strong></span> <span class='ocrx_word' id='word_1_600' title='bbox 628 1952 771 1987; x_wconf 88' lang='lat' dir='ltr'><strong>probatum</strong></span> <span class='ocrx_word' id='word_1_601' title='bbox 784 1951 878 1983; x_wconf 82' lang='lat' dir='ltr'><strong>fuerit,</strong></span> <span class='ocrx_word' id='word_1_602' title='bbox 897 1951 969 1986; x_wconf 89' lang='lat' dir='ltr'><strong>quod</strong></span> <span class='ocrx_word' id='word_1_603' title='bbox 987 1959 1042 1978; x_wconf 83' lang='lat' dir='ltr'><strong>non</strong></span> 
     </span>
    </p>
   </div>
   <div class='ocr_carea' id='block_1_74' title="bbox 251 1993 1045 2035">
    <p class='ocr_par' dir='ltr' id='par_1_74' title="bbox 251 1993 1045 2035">
     <span class='ocr_line' id='line_1_74' title="bbox 251 1993 1045 2035; baseline -0.001 -8"><span class='ocrx_word' id='word_1_604' title='bbox 251 2003 375 2035; x_wconf 82' lang='lat' dir='ltr'><strong>oporteat</strong></span> <span class='ocrx_word' id='word_1_605' title='bbox 387 1993 480 2027; x_wconf 78' lang='lat' dir='ltr'><strong>dicere</strong></span> <span class='ocrx_word' id='word_1_606' title='bbox 493 1999 558 2027; x_wconf 90' lang='lat' dir='ltr'><strong>deos</strong></span> <span class='ocrx_word' id='word_1_607' title='bbox 575 2009 581 2026; x_wconf 75' lang='grc' dir='ltr'><strong>ι</strong></span> <span class='ocrx_word' id='word_1_608' title='bbox 595 1999 719 2034; x_wconf 91' lang='lat' dir='ltr'><strong>quinimo</strong></span> <span class='ocrx_word' id='word_1_609' title='bbox 736 2004 832 2026; x_wconf 82' lang='lat' dir='ltr'><strong>contra</strong></span> <span class='ocrx_word' id='word_1_610' title='bbox 850 2007 882 2026; x_wconf 79' lang='lat' dir='ltr'><strong>ex</strong></span> <span class='ocrx_word' id='word_1_611' title='bbox 902 1999 944 2026; x_wconf 78' lang='lat' dir='ltr'><strong>his</strong></span> <span class='ocrx_word' id='word_1_612' title='bbox 957 1999 1045 2033; x_wconf 73' lang='lat' dir='ltr'><strong>magis</strong></span> 
     </span>
    </p>
   </div>
   <div class='ocr_carea' id='block_1_75' title="bbox 251 2045 1045 2081">
    <p class='ocr_par' dir='ltr' id='par_1_75' title="bbox 251 2045 1045 2081">
     <span class='ocr_line' id='line_1_75' title="bbox 251 2045 1045 2081; baseline -0.003 -8"><span class='ocrx_word' id='word_1_613' title='bbox 251 2047 376 2081; x_wconf 79' lang='lat' dir='ltr'><strong>cogimur</strong></span> <span class='ocrx_word' id='word_1_614' title='bbox 392 2046 482 2074; x_wconf 87' lang='lat' dir='ltr'><strong>dicere</strong></span> <span class='ocrx_word' id='word_1_615' title='bbox 498 2046 576 2073; x_wconf 85' lang='lat' dir='ltr'><strong>deos.</strong></span> <span class='ocrx_word' id='word_1_616' title='bbox 597 2045 775 2080; x_wconf 70' lang='lat' dir='ltr'><strong>lieperiemus</strong></span> <span class='ocrx_word' id='word_1_617' title='bbox 790 2045 864 2073; x_wconf 90' lang='lat' dir='ltr'><strong>enim</strong></span> <span class='ocrx_word' id='word_1_618' title='bbox 885 2045 912 2071; x_wconf 89' lang='lat' dir='ltr'><strong>in</strong></span> <span class='ocrx_word' id='word_1_619' title='bbox 927 2052 1045 2072; x_wconf 90' lang='lat' dir='ltr'><strong>consue-</strong></span> 
     </span>
    </p>
   </div>
   <div class='ocr_carea' id='block_1_76' title="bbox 253 2090 1046 2125">
    <p class='ocr_par' dir='ltr' id='par_1_76' title="bbox 253 2090 1046 2125">
     <span class='ocr_line' id='line_1_76' title="bbox 253 2090 1046 2125; baseline -0.005 -5"><span class='ocrx_word' id='word_1_620' title='bbox 253 2093 347 2120; x_wconf 81' lang='lat' dir='ltr'><strong>tLdiue</strong></span> <span class='ocrx_word' id='word_1_621' title='bbox 359 2092 511 2121; x_wconf 85' lang='lat' dir='ltr'><strong>hominum.</strong></span> <span class='ocrx_word' id='word_1_622' title='bbox 526 2099 579 2118; x_wconf 91' lang='lat' dir='ltr'><strong>non</strong></span> <span class='ocrx_word' id='word_1_623' title='bbox 593 2092 681 2119; x_wconf 88' lang='lat' dir='ltr'><strong>solum</strong></span> <span class='ocrx_word' id='word_1_624' title='bbox 695 2098 753 2123; x_wconf 77' lang='lat' dir='ltr'><strong>eos,</strong></span> <span class='ocrx_word' id='word_1_625' title='bbox 770 2091 815 2125; x_wconf 90' lang='lat' dir='ltr'><strong>qui</strong></span> <span class='ocrx_word' id='word_1_626' title='bbox 833 2090 956 2117; x_wconf 82' lang='lat' dir='ltr'><strong>eamdem</strong></span> <span class='ocrx_word' id='word_1_627' title='bbox 970 2093 1046 2116; x_wconf 89' lang='lat' dir='ltr'><strong>natu-</strong></span> 
     </span>
    </p>
   </div>
   <div class='ocr_carea' id='block_1_77' title="bbox 253 2135 1045 2169">
    <p class='ocr_par' dir='ltr' id='par_1_77' title="bbox 253 2135 1045 2169">
     <span class='ocr_line' id='line_1_77' title="bbox 253 2135 1045 2169; baseline -0.003 -5"><span class='ocrx_word' id='word_1_628' title='bbox 253 2145 311 2164; x_wconf 80' lang='lat' dir='ltr'><strong>ram</strong></span> <span class='ocrx_word' id='word_1_629' title='bbox 324 2144 496 2164; x_wconf 86' lang='lat' dir='ltr'><strong>communem</strong></span> <span class='ocrx_word' id='word_1_630' title='bbox 505 2136 618 2168; x_wconf 81' lang='lat' dir='ltr'><strong>habent,</strong></span> <span class='ocrx_word' id='word_1_631' title='bbox 625 2143 719 2163; x_wconf 87' lang='lat' dir='ltr'><strong>verum</strong></span> <span class='ocrx_word' id='word_1_632' title='bbox 727 2135 840 2162; x_wconf 80' lang='lat' dir='ltr'><strong>etiamsi</strong></span> <span class='ocrx_word' id='word_1_633' title='bbox 850 2135 897 2169; x_wconf 92' lang='lat' dir='ltr'><strong>qui</strong></span> <span class='ocrx_word' id='word_1_634' title='bbox 906 2135 1045 2169; x_wconf 84' lang='lat' dir='ltr'><strong>sintejus-</strong></span> 
     </span>
    </p>
   </div>
   <div class='ocr_carea' id='block_1_78' title="bbox 257 2180 1040 2215">
    <p class='ocr_par' dir='ltr' id='par_1_78' title="bbox 257 2180 1040 2215">
     <span class='ocr_line' id='line_1_78' title="bbox 257 2180 1040 2215; baseline 0 -8"><span class='ocrx_word' id='word_1_635' title='bbox 257 2181 318 2207; x_wconf 81' lang='lat' dir='ltr'><strong>dum</strong></span> <span class='ocrx_word' id='word_1_636' title='bbox 334 2182 429 2214; x_wconf 76' lang='lat' dir='ltr'><strong>studii,</strong></span> <span class='ocrx_word' id='word_1_637' title='bbox 440 2185 468 2208; x_wconf 88' lang='lat' dir='ltr'><strong>et</strong></span> <span class='ocrx_word' id='word_1_638' title='bbox 479 2181 570 2213; x_wconf 85' lang='lat' dir='ltr'><strong>olIicii,</strong></span> <span class='ocrx_word' id='word_1_639' title='bbox 585 2188 639 2207; x_wconf 93' lang='lat' dir='ltr'><strong>non</strong></span> <span class='ocrx_word' id='word_1_640' title='bbox 655 2180 829 2215; x_wconf 79' lang='lat' dir='ltr'><strong>singulariter</strong></span> <span class='ocrx_word' id='word_1_641' title='bbox 840 2181 938 2208; x_wconf 90' lang='lat' dir='ltr'><strong>multos</strong></span> <span class='ocrx_word' id='word_1_642' title='bbox 950 2181 1040 2207; x_wconf 84' lang='lat' dir='ltr'><strong>nomi-</strong></span> 
     </span>
    </p>
   </div>
   <div class='ocr_carea' id='block_1_79' title="bbox 256 2219 1083 2260">
    <p class='ocr_par' dir='ltr' id='par_1_79' title="bbox 256 2219 1083 2260">
     <span class='ocr_line' id='line_1_79' title="bbox 256 2219 1083 2260; baseline -0.001 -7"><span class='ocrx_word' id='word_1_643' title='bbox 256 2227 330 2253; x_wconf 87' lang='lat' dir='ltr'><strong>nari.</strong></span> <span class='ocrx_word' id='word_1_644' title='bbox 338 2227 396 2259; x_wconf 83' lang='lat' dir='ltr'><strong>Qua</strong></span> <span class='ocrx_word' id='word_1_645' title='bbox 409 2227 516 2253; x_wconf 88' lang='lat' dir='ltr'><strong>ratione</strong></span> <span class='ocrx_word' id='word_1_646' title='bbox 527 2230 651 2253; x_wconf 84' lang='lat' dir='ltr'><strong>oratores</strong></span> <span class='ocrx_word' id='word_1_647' title='bbox 663 2225 763 2253; x_wconf 91' lang='lat' dir='ltr'><strong>multos</strong></span> <span class='ocrx_word' id='word_1_648' title='bbox 773 2230 800 2253; x_wconf 91' lang='lat' dir='ltr'><strong>et</strong></span> <span class='ocrx_word' id='word_1_649' title='bbox 808 2229 962 2260; x_wconf 75' lang='lat' dir='ltr'><strong>geometras</strong></span> <span class='ocrx_word' id='word_1_650' title='bbox 973 2226 1041 2253; x_wconf 91' lang='lat' dir='ltr'><strong>dici-</strong></span> <span class='ocrx_word' id='word_1_651' title='bbox 1060 2219 1083 2246; x_wconf 84' lang='grc' dir='ltr'><strong>Ῑ)</strong></span> 
     </span>
    </p>
   </div>
   <div class='ocr_carea' id='block_1_80' title="bbox 257 2271 1041 2307">
    <p class='ocr_par' dir='ltr' id='par_1_80' title="bbox 257 2271 1041 2307">
     <span class='ocr_line' id='line_1_80' title="bbox 257 2271 1041 2307; baseline -0.001 -9"><span class='ocrx_word' id='word_1_652' title='bbox 257 2279 320 2298; x_wconf 86' lang='lat' dir='ltr'><strong>mus</strong></span> <span class='ocrx_word' id='word_1_653' title='bbox 330 2272 518 2307; x_wconf 76' lang='lat' dir='ltr'><strong>agricolasque</strong></span> <span class='ocrx_word' id='word_1_654' title='bbox 531 2276 559 2298; x_wconf 89' lang='lat' dir='ltr'><strong>et</strong></span> <span class='ocrx_word' id='word_1_655' title='bbox 570 2275 678 2298; x_wconf 86' lang='lat' dir='ltr'><strong>sutores</strong></span> <span class='ocrx_word' id='word_1_656' title='bbox 691 2280 698 2298; x_wconf 88' lang='lat'>:</span> <span class='ocrx_word' id='word_1_657' title='bbox 710 2276 740 2298; x_wconf 89' lang='lat' dir='ltr'><strong>et</strong></span> <span class='ocrx_word' id='word_1_658' title='bbox 751 2272 776 2298; x_wconf 90' lang='lat' dir='ltr'><strong>in</strong></span> <span class='ocrx_word' id='word_1_659' title='bbox 793 2271 900 2299; x_wconf 69' lang='lat' dir='ltr'><strong>caeteris</strong></span> <span class='ocrx_word' id='word_1_660' title='bbox 913 2271 1041 2298; x_wconf 87' lang='lat' dir='ltr'><strong>omnibus</strong></span> 
     </span>
    </p>
   </div>
   <div class='ocr_carea' id='block_1_81' title="bbox 255 2314 1045 2349">
    <p class='ocr_par' dir='ltr' id='par_1_81' title="bbox 255 2314 1045 2349">
     <span class='ocr_line' id='line_1_81' title="bbox 255 2314 1045 2349; baseline 0 -6"><span class='ocrx_word' id='word_1_661' title='bbox 255 2316 351 2343; x_wconf 86' lang='lat' dir='ltr'><strong>eodem</strong></span> <span class='ocrx_word' id='word_1_662' title='bbox 364 2315 455 2343; x_wconf 80' lang='lat' dir='ltr'><strong>modo.</strong></span> <span class='ocrx_word' id='word_1_663' title='bbox 471 2316 509 2342; x_wconf 81' lang='lat' dir='ltr'><strong>Ac</strong></span> <span class='ocrx_word' id='word_1_664' title='bbox 518 2314 662 2349; x_wconf 89' lang='lat' dir='ltr'><strong>siquidem</strong></span> <span class='ocrx_word' id='word_1_665' title='bbox 675 2319 779 2342; x_wconf 56' lang='lat' dir='ltr'><strong>natura).</strong></span> <span class='ocrx_word' id='word_1_666' title='bbox 788 2315 948 2342; x_wconf 88' lang='lat' dir='ltr'><strong>vocabulum</strong></span> <span class='ocrx_word' id='word_1_667' title='bbox 957 2315 1045 2343; x_wconf 88' lang='lat' dir='ltr'><strong>deitas</strong></span> 
     </span>
    </p>
   </div>
   <div class='ocr_carea' id='block_1_82' title="bbox 255 2361 1048 2397">
    <p class='ocr_par' dir='ltr' id='par_1_82' title="bbox 255 2361 1048 2397">
     <span class='ocr_line' id='line_1_82' title="bbox 255 2361 1048 2397; baseline 0 -9"><span class='ocrx_word' id='word_1_668' title='bbox 255 2365 340 2394; x_wconf 87' lang='lat' dir='ltr'><strong>esset,</strong></span> <span class='ocrx_word' id='word_1_669' title='bbox 364 2361 452 2397; x_wconf 73' lang='lat' dir='ltr'><strong>magis</strong></span> <span class='ocrx_word' id='word_1_670' title='bbox 483 2364 647 2396; x_wconf 77' lang='lat' dir='ltr'><strong>congrueret</strong></span> <span class='ocrx_word' id='word_1_671' title='bbox 672 2364 752 2394; x_wconf 85' lang='lat' dir='ltr'><strong>atque</strong></span> <span class='ocrx_word' id='word_1_672' title='bbox 778 2361 938 2389; x_wconf 82' lang='lat' dir='ltr'><strong>conveniret</strong></span> <span class='ocrx_word' id='word_1_673' title='bbox 969 2361 1048 2395; x_wconf 83' lang='lat' dir='ltr'><strong>juxta</strong></span> 
     </span>
    </p>
   </div>
   <div class='ocr_carea' id='block_1_83' title="bbox 255 2407 1047 2442">
    <p class='ocr_par' dir='ltr' id='par_1_83' title="bbox 255 2407 1047 2442">
     <span class='ocr_line' id='line_1_83' title="bbox 255 2407 1047 2442; baseline 0.001 -8"><span class='ocrx_word' id='word_1_674' title='bbox 255 2411 320 2434; x_wconf 89' lang='lat' dir='ltr'><strong>ante</strong></span> <span class='ocrx_word' id='word_1_675' title='bbox 333 2407 464 2434; x_wconf 86' lang='lat' dir='ltr'><strong>redditam</strong></span> <span class='ocrx_word' id='word_1_676' title='bbox 477 2407 609 2434; x_wconf 88' lang='lat' dir='ltr'><strong>rationem</strong></span> <span class='ocrx_word' id='word_1_677' title='bbox 623 2407 740 2441; x_wconf 83' lang='lat' dir='ltr'><strong>(omnes)</strong></span> <span class='ocrx_word' id='word_1_678' title='bbox 749 2411 803 2435; x_wconf 83' lang='lat' dir='ltr'><strong>tres</strong></span> <span class='ocrx_word' id='word_1_679' title='bbox 815 2407 976 2442; x_wconf 79' lang='lat' dir='ltr'><strong>liypostases</strong></span> <span class='ocrx_word' id='word_1_680' title='bbox 991 2408 1047 2435; x_wconf 85' lang='lat' dir='ltr'><strong>sin-</strong></span> 
     </span>
    </p>
   </div>
   <div class='ocr_carea' id='block_1_84' title="bbox 255 2452 1045 2488">
    <p class='ocr_par' dir='ltr' id='par_1_84' title="bbox 255 2452 1045 2488">
     <span class='ocr_line' id='line_1_84' title="bbox 255 2452 1045 2488; baseline 0.001 -8"><span class='ocrx_word' id='word_1_681' title='bbox 255 2453 389 2488; x_wconf 75' lang='lat' dir='ltr'><strong>gulariter</strong></span> <span class='ocrx_word' id='word_1_682' title='bbox 407 2452 649 2488; x_wconf 85' lang='lat' dir='ltr'><strong>comprehendere,</strong></span> <span class='ocrx_word' id='word_1_683' title='bbox 670 2456 697 2480; x_wconf 88' lang='lat' dir='ltr'><strong>et</strong></span> <span class='ocrx_word' id='word_1_684' title='bbox 718 2461 801 2480; x_wconf 88' lang='lat' dir='ltr'><strong>unum</strong></span> <span class='ocrx_word' id='word_1_685' title='bbox 830 2453 915 2481; x_wconf 87' lang='lat' dir='ltr'><strong>Deum</strong></span> <span class='ocrx_word' id='word_1_686' title='bbox 941 2454 1045 2486; x_wconf 83' lang='lat' dir='ltr'><strong>dicere,</strong></span> 
     </span>
    </p>
   </div>
   <div class='ocr_carea' id='block_1_85' title="bbox 256 2498 1045 2534">
    <p class='ocr_par' dir='ltr' id='par_1_85' title="bbox 256 2498 1045 2534">
     <span class='ocr_line' id='line_1_85' title="bbox 256 2498 1045 2534; baseline 0 -8"><span class='ocrx_word' id='word_1_687' title='bbox 256 2499 358 2534; x_wconf 86' lang='lat' dir='ltr'><strong>quippe</strong></span> <span class='ocrx_word' id='word_1_688' title='bbox 374 2506 435 2526; x_wconf 89' lang='lat' dir='ltr'><strong>cum</strong></span> <span class='ocrx_word' id='word_1_689' title='bbox 448 2503 543 2526; x_wconf 84' lang='lat' dir='ltr'><strong>natura</strong></span> <span class='ocrx_word' id='word_1_690' title='bbox 557 2498 619 2526; x_wconf 87' lang='lat' dir='ltr'><strong>talis</strong></span> <span class='ocrx_word' id='word_1_691' title='bbox 635 2499 681 2531; x_wconf 87' lang='lat' dir='ltr'><strong>sit.</strong></span> <span class='ocrx_word' id='word_1_692' title='bbox 712 2503 741 2525; x_wconf 91' lang='lat' dir='ltr'><strong>ut</strong></span> <span class='ocrx_word' id='word_1_693' title='bbox 760 2499 785 2525; x_wconf 90' lang='lat' dir='ltr'><strong>iu</strong></span> <span class='ocrx_word' id='word_1_694' title='bbox 803 2503 895 2533; x_wconf 85' lang='lat' dir='ltr'><strong>partes</strong></span> <span class='ocrx_word' id='word_1_695' title='bbox 910 2500 998 2527; x_wconf 87' lang='lat' dir='ltr'><strong>secari</strong></span> <span class='ocrx_word' id='word_1_696' title='bbox 1013 2506 1045 2526; x_wconf 87' lang='lat' dir='ltr'><strong>ac</strong></span> 
     </span>
    </p>
   </div>
   <div class='ocr_carea' id='block_1_86' title="bbox 257 2544 1045 2580">
    <p class='ocr_par' dir='ltr' id='par_1_86' title="bbox 257 2544 1045 2580">
     <span class='ocr_line' id='line_1_86' title="bbox 257 2544 1045 2580; baseline 0 -8"><span class='ocrx_word' id='word_1_697' title='bbox 257 2545 341 2572; x_wconf 87' lang='lat' dir='ltr'><strong>dividi</strong></span> <span class='ocrx_word' id='word_1_698' title='bbox 354 2552 409 2572; x_wconf 92' lang='lat' dir='ltr'><strong>non</strong></span> <span class='ocrx_word' id='word_1_699' title='bbox 430 2545 530 2580; x_wconf 83' lang='lat' dir='ltr'><strong>possit.</strong></span> <span class='ocrx_word' id='word_1_700' title='bbox 546 2544 599 2572; x_wconf 86' lang='lat' dir='ltr'><strong>Sed</strong></span> <span class='ocrx_word' id='word_1_701' title='bbox 617 2545 746 2579; x_wconf 88' lang='lat' dir='ltr'><strong>quoniam</strong></span> <span class='ocrx_word' id='word_1_702' title='bbox 772 2552 820 2579; x_wconf 90' lang='lat' dir='ltr'><strong>per</strong></span> <span class='ocrx_word' id='word_1_703' title='bbox 837 2553 880 2576; x_wconf 81' lang='lat' dir='ltr'><strong>ea.</strong></span> <span class='ocrx_word' id='word_1_704' title='bbox 893 2553 954 2580; x_wconf 59' lang='lat' dir='ltr'><strong>(tum</strong></span> <span class='ocrx_word' id='word_1_705' title='bbox 971 2545 1045 2572; x_wconf 89' lang='lat' dir='ltr'><strong>dicta</strong></span> 
     </span>
    </p>
   </div>
   <div class='ocr_carea' id='block_1_87' title="bbox 257 2588 1046 2624">
    <p class='ocr_par' dir='ltr' id='par_1_87' title="bbox 257 2588 1046 2624">
     <span class='ocr_line' id='line_1_87' title="bbox 257 2588 1046 2624; baseline 0 -7"><span class='ocrx_word' id='word_1_706' title='bbox 257 2593 332 2622; x_wconf 89' lang='lat' dir='ltr'><strong>sunt,</strong></span> <span class='ocrx_word' id='word_1_707' title='bbox 350 2589 515 2617; x_wconf 87' lang='lat' dir='ltr'><strong>affirmatum</strong></span> <span class='ocrx_word' id='word_1_708' title='bbox 529 2593 581 2621; x_wconf 88' lang='lat' dir='ltr'><strong>est,</strong></span> <span class='ocrx_word' id='word_1_709' title='bbox 608 2589 681 2624; x_wconf 89' lang='lat' dir='ltr'><strong>quod</strong></span> <span class='ocrx_word' id='word_1_710' title='bbox 702 2588 825 2616; x_wconf 89' lang='lat' dir='ltr'><strong>officium</strong></span> <span class='ocrx_word' id='word_1_711' title='bbox 838 2588 1046 2624; x_wconf 80' lang='lat' dir='ltr'><strong>efﬁcaciamque</strong></span> 
     </span>
    </p>
   </div>
   <div class='ocr_carea' id='block_1_88' title="bbox 256 2634 1046 2670">
    <p class='ocr_par' dir='ltr' id='par_1_88' title="bbox 256 2634 1046 2670">
     <span class='ocr_line' id='line_1_88' title="bbox 256 2634 1046 2670; baseline 0 -8"><span class='ocrx_word' id='word_1_712' title='bbox 256 2640 284 2663; x_wconf 79' lang='lat' dir='ltr'><strong>et</strong></span> <span class='ocrx_word' id='word_1_713' title='bbox 296 2643 350 2663; x_wconf 90' lang='lat' dir='ltr'><strong>non</strong></span> <span class='ocrx_word' id='word_1_714' title='bbox 364 2639 491 2662; x_wconf 84' lang='lat' dir='ltr'><strong>naturam</strong></span> <span class='ocrx_word' id='word_1_715' title='bbox 509 2635 643 2670; x_wconf 78' lang='lat' dir='ltr'><strong>significet</strong></span> <span class='ocrx_word' id='word_1_716' title='bbox 662 2642 759 2662; x_wconf 81' lang='lat' dir='ltr'><strong>nomen</strong></span> <span class='ocrx_word' id='word_1_717' title='bbox 776 2634 896 2666; x_wconf 82' lang='lat' dir='ltr'><strong>deitatis,</strong></span> <span class='ocrx_word' id='word_1_718' title='bbox 927 2635 960 2662; x_wconf 91' lang='lat' dir='ltr'><strong>ad</strong></span> <span class='ocrx_word' id='word_1_719' title='bbox 978 2643 1046 2663; x_wconf 90' lang='lat' dir='ltr'><strong>cou-</strong></span> 
     </span>
    </p>
   </div>
   <div class='ocr_carea' id='block_1_89' title="bbox 257 2680 1044 2716">
    <p class='ocr_par' dir='ltr' id='par_1_89' title="bbox 257 2680 1044 2716">
     <span class='ocr_line' id='line_1_89' title="bbox 257 2680 1044 2716; baseline 0 -8"><span class='ocrx_word' id='word_1_720' title='bbox 257 2682 371 2709; x_wconf 88' lang='lat' dir='ltr'><strong>trarium</strong></span> <span class='ocrx_word' id='word_1_721' title='bbox 386 2681 589 2716; x_wconf 85' lang='lat' dir='ltr'><strong>quodammodo</strong></span> <span class='ocrx_word' id='word_1_722' title='bbox 602 2688 712 2708; x_wconf 86' lang='lat' dir='ltr'><strong>sensum</strong></span> <span class='ocrx_word' id='word_1_723' title='bbox 728 2688 761 2708; x_wconf 77' lang='lat' dir='ltr'><strong>ex</strong></span> <span class='ocrx_word' id='word_1_724' title='bbox 772 2680 805 2707; x_wconf 90' lang='lat' dir='ltr'><strong>iis</strong></span> <span class='ocrx_word' id='word_1_725' title='bbox 822 2689 883 2715; x_wconf 72' lang='lat' dir='ltr'><strong>qua:</strong></span> <span class='ocrx_word' id='word_1_726' title='bbox 896 2681 1044 2714; x_wconf 83' lang='lat' dir='ltr'><strong>affirmant,</strong></span> 
     </span>
    </p>
   </div>
   <div class='ocr_carea' id='block_1_90' title="bbox 257 2724 1046 2764">
    <p class='ocr_par' dir='ltr' id='par_1_90' title="bbox 257 2724 1046 2764">
     <span class='ocr_line' id='line_1_90' title="bbox 257 2724 1046 2764; baseline -0.001 -9"><span class='ocrx_word' id='word_1_727' title='bbox 257 2728 346 2756; x_wconf 85' lang='lat' dir='ltr'><strong>oratio</strong></span> <span class='ocrx_word' id='word_1_728' title='bbox 358 2728 500 2764; x_wconf 73' lang='lat' dir='ltr'><strong>redigitur,</strong></span> <span class='ocrx_word' id='word_1_729' title='bbox 525 2731 554 2754; x_wconf 89' lang='lat' dir='ltr'><strong>ut.</strong></span> <span class='ocrx_word' id='word_1_730' title='bbox 577 2726 679 2754; x_wconf 88' lang='lat' dir='ltr'><strong>idcirco</strong></span> <span class='ocrx_word' id='word_1_731' title='bbox 707 2725 794 2760; x_wconf 73' lang='lat' dir='ltr'><strong>magis</strong></span> <span class='ocrx_word' id='word_1_732' title='bbox 814 2724 938 2760; x_wconf 77' lang='lat' dir='ltr'><strong>oporteat</strong></span> <span class='ocrx_word' id='word_1_733' title='bbox 954 2726 1046 2754; x_wconf 80' lang='lat' dir='ltr'><strong>dicere</strong></span> 
     </span>
    </p>
   </div>
   <div class='ocr_carea' id='block_1_91' title="bbox 311 2814 879 2850">
    <p class='ocr_par' dir='ltr' id='par_1_91' title="bbox 311 2814 879 2850">
     <span class='ocr_line' id='line_1_91' title="bbox 311 2814 879 2850; baseline 0 -8"><span class='ocrx_word' id='word_1_734' title='bbox 311 2817 321 2831; x_wconf 84' lang='lat'>&#39;</span> <span class='ocrx_word' id='word_1_735' title='bbox 342 2815 412 2843; x_wconf 72' lang='lat' dir='ltr'><strong>l‘sal.</strong></span> <span class='ocrx_word' id='word_1_736' title='bbox 446 2822 560 2847; x_wconf 72' lang='lat' dir='ltr'><strong>unm,</strong></span> <span class='ocrx_word' id='word_1_737' title='bbox 578 2816 615 2843; x_wconf 78' lang='grc' dir='ltr'><strong>ιο.</strong></span> <span class='ocrx_word' id='word_1_738' title='bbox 661 2816 670 2830; x_wconf 80' lang='grc'><strong>³</strong></span> <span class='ocrx_word' id='word_1_739' title='bbox 692 2814 758 2842; x_wconf 75' lang='lat' dir='ltr'><strong>Luc.</strong></span> <span class='ocrx_word' id='word_1_740' title='bbox 781 2823 816 2850; x_wconf 67' lang='lat' dir='ltr'><strong>Iv,</strong></span> <span class='ocrx_word' id='word_1_741' title='bbox 837 2816 879 2843; x_wconf 67' lang='grc'><strong>47.</strong></span> 
     </span>
    </p>
   </div>
   <div class='ocr_carea' id='block_1_92' title="bbox 920 2816 1093 2850">
    <p class='ocr_par' dir='ltr' id='par_1_92' title="bbox 920 2816 1093 2850">
     <span class='ocr_line' id='line_1_92' title="bbox 920 2816 1093 2850; baseline 0 -7"><span class='ocrx_word' id='word_1_742' title='bbox 920 2816 927 2831; x_wconf 76' lang='lat'>‘</span> <span class='ocrx_word' id='word_1_743' title='bbox 949 2816 1006 2845; x_wconf 66' lang='lat' dir='ltr'><strong>Act.</strong></span> <span class='ocrx_word' id='word_1_744' title='bbox 1029 2825 1054 2850; x_wconf 77' lang='grc' dir='ltr'>υ,</span> <span class='ocrx_word' id='word_1_745' title='bbox 1068 2817 1093 2844; x_wconf 78' lang='grc'><strong>5.</strong></span> 
     </span>
    </p>
   </div>
   <div class='ocr_carea' id='block_1_93' title="bbox 1142 1813 1890 1850">
    <p class='ocr_par' dir='ltr' id='par_1_93' title="bbox 1142 1813 1890 1850">
     <span class='ocr_line' id='line_1_93' title="bbox 1142 1813 1890 1850; baseline 0 -10"><span class='ocrx_word' id='word_1_746' title='bbox 1142 1814 1211 1840; x_wconf 80' lang='grc' dir='ltr'>Ἀλλ’</span> <span class='ocrx_word' id='word_1_747' title='bbox 1235 1813 1311 1840; x_wconf 66' lang='grc' dir='ltr'>οὔπω</span> <span class='ocrx_word' id='word_1_748' title='bbox 1335 1822 1376 1845; x_wconf 84' lang='grc' dir='ltr'><strong>τις</strong></span> <span class='ocrx_word' id='word_1_749' title='bbox 1391 1815 1449 1850; x_wconf 85' lang='grc' dir='ltr'><strong>ὲρεί</strong></span> <span class='ocrx_word' id='word_1_750' title='bbox 1472 1814 1540 1849; x_wconf 61' lang='grc' dir='ltr'>πρὸς</span> <span class='ocrx_word' id='word_1_751' title='bbox 1554 1814 1584 1841; x_wconf 83' lang='grc' dir='ltr'>τὸ</span> <span class='ocrx_word' id='word_1_752' title='bbox 1599 1814 1763 1850; x_wconf 73' lang='grc' dir='ltr'>ζητούμενον</span> <span class='ocrx_word' id='word_1_753' title='bbox 1779 1813 1890 1848; x_wconf 80' lang='grc' dir='ltr'>βλέπειν</span> 
     </span>
    </p>
   </div>
   <div class='ocr_carea' id='block_1_94' title="bbox 1095 1859 1890 1897">
    <p class='ocr_par' dir='ltr' id='par_1_94' title="bbox 1095 1859 1890 1897">
     <span class='ocr_line' id='line_1_94' title="bbox 1095 1859 1890 1897; baseline -0.003 -9"><span class='ocrx_word' id='word_1_754' title='bbox 1095 1862 1145 1897; x_wconf 78' lang='grc' dir='ltr'>τὴν</span> <span class='ocrx_word' id='word_1_755' title='bbox 1161 1860 1332 1894; x_wconf 75' lang='grc' dir='ltr'>κατασκευὴν</span> <span class='ocrx_word' id='word_1_756' title='bbox 1347 1859 1395 1886; x_wconf 75' lang='grc' dir='ltr'>τοῦ</span> <span class='ocrx_word' id='word_1_757' title='bbox 1409 1859 1498 1894; x_wconf 81' lang='grc' dir='ltr'>λόγου.</span> <span class='ocrx_word' id='word_1_758' title='bbox 1520 1859 1587 1886; x_wconf 73' lang='grc' dir='ltr'><strong>Οὐδὲ</strong></span> <span class='ocrx_word' id='word_1_759' title='bbox 1602 1860 1656 1894; x_wconf 85' lang='grc' dir='ltr'>γὰρ</span> <span class='ocrx_word' id='word_1_760' title='bbox 1669 1861 1693 1885; x_wconf 84' lang='grc' dir='ltr'>εἰ</span> <span class='ocrx_word' id='word_1_761' title='bbox 1707 1859 1797 1895; x_wconf 84' lang='grc' dir='ltr'>δοθείη</span> <span class='ocrx_word' id='word_1_762' title='bbox 1813 1859 1890 1895; x_wconf 80' lang='grc' dir='ltr'>κοινὴ</span> 
     </span>
    </p>
   </div>
   <div class='ocr_carea' id='block_1_95' title="bbox 1094 1904 1889 1942">
    <p class='ocr_par' dir='ltr' id='par_1_95' title="bbox 1094 1904 1889 1942">
     <span class='ocr_line' id='line_1_95' title="bbox 1094 1904 1889 1942; baseline 0 -10"><span class='ocrx_word' id='word_1_763' title='bbox 1094 1907 1144 1941; x_wconf 78' lang='grc' dir='ltr'><strong>τῆς</strong></span> <span class='ocrx_word' id='word_1_764' title='bbox 1161 1906 1295 1940; x_wconf 78' lang='grc' dir='ltr'>φύσεωςὴ</span> <span class='ocrx_word' id='word_1_765' title='bbox 1313 1905 1407 1940; x_wconf 77' lang='grc' dir='ltr'>κλῆσις</span> <span class='ocrx_word' id='word_1_766' title='bbox 1421 1905 1469 1940; x_wconf 82' lang='grc' dir='ltr'>τῆς</span> <span class='ocrx_word' id='word_1_767' title='bbox 1484 1905 1609 1940; x_wconf 74' lang='grc' dir='ltr'>θεότητος</span> <span class='ocrx_word' id='word_1_768' title='bbox 1625 1904 1703 1937; x_wconf 79' lang='grc' dir='ltr'>εἶναι,</span> <span class='ocrx_word' id='word_1_769' title='bbox 1727 1906 1779 1941; x_wconf 74' lang='grc' dir='ltr'>ἤδη</span> <span class='ocrx_word' id='word_1_770' title='bbox 1801 1907 1832 1932; x_wconf 85' lang='grc' dir='ltr'><strong>τὸ</strong></span> <span class='ocrx_word' id='word_1_771' title='bbox 1853 1907 1889 1942; x_wconf 79' lang='grc' dir='ltr'>μὴ</span> 
     </span>
    </p>
   </div>
   <div class='ocr_carea' id='block_1_96' title="bbox 1093 1950 1890 1986">
    <p class='ocr_par' dir='ltr' id='par_1_96' title="bbox 1093 1950 1890 1986">
     <span class='ocr_line' id='line_1_96' title="bbox 1093 1950 1890 1986; baseline -0.001 -8"><span class='ocrx_word' id='word_1_772' title='bbox 1093 1951 1150 1978; x_wconf 84' lang='grc' dir='ltr'>δεῖν</span> <span class='ocrx_word' id='word_1_773' title='bbox 1163 1951 1253 1986; x_wconf 84' lang='grc' dir='ltr'>λέγειν</span> <span class='ocrx_word' id='word_1_774' title='bbox 1267 1951 1344 1982; x_wconf 77' lang='grc' dir='ltr'>θεοὺς</span> <span class='ocrx_word' id='word_1_775' title='bbox 1360 1950 1404 1977; x_wconf 69' lang='grc' dir='ltr'><strong>διὰ</strong></span> <span class='ocrx_word' id='word_1_776' title='bbox 1415 1951 1509 1977; x_wconf 79' lang='grc' dir='ltr'>τούτου</span> <span class='ocrx_word' id='word_1_777' title='bbox 1529 1952 1733 1986; x_wconf 78' lang='grc' dir='ltr'>κατεσκευάσθη</span> <span class='ocrx_word' id='word_1_778' title='bbox 1745 1960 1751 1965; x_wconf 91' lang='grc'><strong>·</strong></span> <span class='ocrx_word' id='word_1_779' title='bbox 1777 1951 1890 1978; x_wconf 70' lang='grc' dir='ltr'>τούναν-</span> 
     </span>
    </p>
   </div>
   <div class='ocr_carea' id='block_1_97' title="bbox 1095 1995 1890 2033">
    <p class='ocr_par' dir='ltr' id='par_1_97' title="bbox 1095 1995 1890 2033">
     <span class='ocr_line' id='line_1_97' title="bbox 1095 1995 1890 2033; baseline -0.001 -9"><span class='ocrx_word' id='word_1_780' title='bbox 1095 1998 1150 2024; x_wconf 71' lang='grc' dir='ltr'>τίον</span> <span class='ocrx_word' id='word_1_781' title='bbox 1166 1998 1216 2033; x_wconf 85' lang='grc' dir='ltr'>μὲν</span> <span class='ocrx_word' id='word_1_782' title='bbox 1229 1995 1275 2024; x_wconf 82' lang='grc' dir='ltr'>οὖν</span> <span class='ocrx_word' id='word_1_783' title='bbox 1290 1998 1322 2023; x_wconf 78' lang='grc' dir='ltr'>ὲκ</span> <span class='ocrx_word' id='word_1_784' title='bbox 1334 1996 1436 2023; x_wconf 75' lang='grc' dir='ltr'>τούτων</span> <span class='ocrx_word' id='word_1_785' title='bbox 1450 1997 1661 2032; x_wconf 75' lang='grc' dir='ltr'>ἀναγκαζόμεθα</span> <span class='ocrx_word' id='word_1_786' title='bbox 1677 1998 1777 2033; x_wconf 79' lang='grc' dir='ltr'>μᾶλλον</span> <span class='ocrx_word' id='word_1_787' title='bbox 1800 1997 1890 2031; x_wconf 80' lang='grc' dir='ltr'>λέγειν</span> 
     </span>
    </p>
   </div>
   <div class='ocr_carea' id='block_1_98' title="bbox 1096 2042 1888 2078">
    <p class='ocr_par' dir='ltr' id='par_1_98' title="bbox 1096 2042 1888 2078">
     <span class='ocr_line' id='line_1_98' title="bbox 1096 2042 1888 2078; baseline 0 -9"><span class='ocrx_word' id='word_1_788' title='bbox 1096 2043 1182 2074; x_wconf 80' lang='grc' dir='ltr'>θεούς.</span> <span class='ocrx_word' id='word_1_789' title='bbox 1191 2043 1360 2078; x_wconf 79' lang='grc' dir='ltr'>Εὐρίσκομεν</span> <span class='ocrx_word' id='word_1_790' title='bbox 1372 2042 1426 2078; x_wconf 77' lang='grc' dir='ltr'><strong>γὰρ</strong></span> <span class='ocrx_word' id='word_1_791' title='bbox 1436 2043 1481 2069; x_wconf 66' lang='grc' dir='ltr'><strong>ἐπὶ</strong></span> <span class='ocrx_word' id='word_1_792' title='bbox 1491 2043 1540 2076; x_wconf 85' lang='grc' dir='ltr'><strong>τῆς</strong></span> <span class='ocrx_word' id='word_1_793' title='bbox 1551 2042 1722 2078; x_wconf 79' lang='grc' dir='ltr'>ἀνθρωπίνης</span> <span class='ocrx_word' id='word_1_794' title='bbox 1733 2043 1888 2078; x_wconf 79' lang='grc' dir='ltr'>συνηθείας,</span> 
     </span>
    </p>
   </div>
   <div class='ocr_carea' id='block_1_99' title="bbox 1095 2088 1890 2124">
    <p class='ocr_par' dir='ltr' id='par_1_99' title="bbox 1095 2088 1890 2124">
     <span class='ocr_line' id='line_1_99' title="bbox 1095 2088 1890 2124; baseline 0 -9"><span class='ocrx_word' id='word_1_795' title='bbox 1095 2090 1125 2116; x_wconf 82' lang='grc' dir='ltr'>οὐ</span> <span class='ocrx_word' id='word_1_796' title='bbox 1151 2089 1229 2124; x_wconf 82' lang='grc' dir='ltr'>μόνον</span> <span class='ocrx_word' id='word_1_797' title='bbox 1253 2089 1316 2120; x_wconf 79' lang='grc' dir='ltr'>τοὺς</span> <span class='ocrx_word' id='word_1_798' title='bbox 1336 2088 1387 2124; x_wconf 82' lang='grc' dir='ltr'>τῆς</span> <span class='ocrx_word' id='word_1_799' title='bbox 1408 2089 1493 2124; x_wconf 79' lang='grc' dir='ltr'>αὐτῆς</span> <span class='ocrx_word' id='word_1_800' title='bbox 1508 2088 1615 2123; x_wconf 87' lang='grc' dir='ltr'>φύσεως</span> <span class='ocrx_word' id='word_1_801' title='bbox 1634 2089 1794 2121; x_wconf 82' lang='grc' dir='ltr'>κοινωνίας,</span> <span class='ocrx_word' id='word_1_802' title='bbox 1821 2090 1890 2116; x_wconf 71' lang='grc' dir='ltr'>ἀλλὰ</span> 
     </span>
    </p>
   </div>
   <div class='ocr_carea' id='block_1_100' title="bbox 1097 2131 1889 2170">
    <p class='ocr_par' dir='ltr' id='par_1_100' title="bbox 1097 2131 1889 2170">
     <span class='ocr_line' id='line_1_100' title="bbox 1097 2131 1889 2170; baseline 0.003 -10"><span class='ocrx_word' id='word_1_803' title='bbox 1097 2135 1148 2162; x_wconf 81' lang='grc' dir='ltr'>κᾶν</span> <span class='ocrx_word' id='word_1_804' title='bbox 1161 2143 1233 2163; x_wconf 83' lang='grc' dir='ltr'>τινες</span> <span class='ocrx_word' id='word_1_805' title='bbox 1246 2134 1293 2160; x_wconf 79' lang='grc' dir='ltr'>τοῦ</span> <span class='ocrx_word' id='word_1_806' title='bbox 1309 2134 1390 2161; x_wconf 74' lang='grc' dir='ltr'>αὑτοῦ</span> <span class='ocrx_word' id='word_1_807' title='bbox 1405 2131 1470 2162; x_wconf 80' lang='grc' dir='ltr'>ὦσιν</span> <span class='ocrx_word' id='word_1_808' title='bbox 1488 2135 1715 2170; x_wconf 80' lang='grc' dir='ltr'>ἐπιτηδεύματος,</span> <span class='ocrx_word' id='word_1_809' title='bbox 1728 2136 1776 2170; x_wconf 78' lang='grc' dir='ltr'><strong>οὐχ</strong></span> <span class='ocrx_word' id='word_1_810' title='bbox 1791 2136 1889 2167; x_wconf 77' lang='grc' dir='ltr'>ἑνικῶς</span> 
     </span>
    </p>
   </div>
   <div class='ocr_carea' id='block_1_101' title="bbox 1096 2178 1890 2217">
    <p class='ocr_par' dir='ltr' id='par_1_101' title="bbox 1096 2178 1890 2217">
     <span class='ocr_line' id='line_1_101' title="bbox 1096 2178 1890 2217; baseline 0.001 -10"><span class='ocrx_word' id='word_1_811' title='bbox 1096 2181 1159 2212; x_wconf 80' lang='grc' dir='ltr'>τοὺς</span> <span class='ocrx_word' id='word_1_812' title='bbox 1174 2181 1287 2212; x_wconf 72' lang='grc' dir='ltr'>πολλοὺς</span> <span class='ocrx_word' id='word_1_813' title='bbox 1305 2181 1566 2216; x_wconf 79' lang='grc' dir='ltr'>μνημονευομένους.</span> <span class='ocrx_word' id='word_1_814' title='bbox 1583 2181 1657 2207; x_wconf 80' lang='grc' dir='ltr'>Καθό</span> <span class='ocrx_word' id='word_1_815' title='bbox 1670 2190 1760 2216; x_wconf 78' lang='grc' dir='ltr'>φαμεν</span> <span class='ocrx_word' id='word_1_816' title='bbox 1770 2178 1890 2217; x_wconf 63' lang='grc' dir='ltr'>ῥήτοράς</span> 
     </span>
    </p>
   </div>
   <div class='ocr_carea' id='block_1_102' title="bbox 1097 2226 1890 2262">
    <p class='ocr_par' dir='ltr' id='par_1_102' title="bbox 1097 2226 1890 2262">
     <span class='ocr_line' id='line_1_102' title="bbox 1097 2226 1890 2262; baseline 0.003 -10"><span class='ocrx_word' id='word_1_817' title='bbox 1097 2235 1127 2253; x_wconf 90' lang='grc' dir='ltr'><strong>τε</strong></span> <span class='ocrx_word' id='word_1_818' title='bbox 1143 2226 1255 2258; x_wconf 81' lang='grc' dir='ltr'>πολλοὺς</span> <span class='ocrx_word' id='word_1_819' title='bbox 1268 2226 1314 2252; x_wconf 76' lang='grc' dir='ltr'><strong>καὶ</strong></span> <span class='ocrx_word' id='word_1_820' title='bbox 1329 2226 1496 2261; x_wconf 82' lang='grc' dir='ltr'>γεωμέτρας,</span> <span class='ocrx_word' id='word_1_821' title='bbox 1510 2227 1648 2262; x_wconf 83' lang='grc' dir='ltr'>γεωργούς</span> <span class='ocrx_word' id='word_1_822' title='bbox 1661 2235 1691 2253; x_wconf 83' lang='grc' dir='ltr'><strong>τε</strong></span> <span class='ocrx_word' id='word_1_823' title='bbox 1703 2228 1749 2254; x_wconf 73' lang='grc' dir='ltr'>καὶ</span> <span class='ocrx_word' id='word_1_824' title='bbox 1762 2228 1890 2254; x_wconf 75' lang='grc' dir='ltr'>σκυτοτό-</span> 
     </span>
    </p>
   </div>
   <div class='ocr_carea' id='block_1_103' title="bbox 1099 2271 1891 2307">
    <p class='ocr_par' dir='ltr' id='par_1_103' title="bbox 1099 2271 1891 2307">
     <span class='ocr_line' id='line_1_103' title="bbox 1099 2271 1891 2307; baseline 0.003 -10"><span class='ocrx_word' id='word_1_825' title='bbox 1099 2280 1176 2306; x_wconf 83' lang='grc' dir='ltr'>μους,</span> <span class='ocrx_word' id='word_1_826' title='bbox 1198 2271 1244 2297; x_wconf 73' lang='grc' dir='ltr'>καὶ</span> <span class='ocrx_word' id='word_1_827' title='bbox 1258 2271 1293 2298; x_wconf 77' lang='grc' dir='ltr'>τὰ</span> <span class='ocrx_word' id='word_1_828' title='bbox 1307 2271 1374 2298; x_wconf 81' lang='grc' dir='ltr'>ἄλλα</span> <span class='ocrx_word' id='word_1_829' title='bbox 1386 2271 1474 2298; x_wconf 82' lang='grc' dir='ltr'>πάντα</span> <span class='ocrx_word' id='word_1_830' title='bbox 1488 2272 1627 2303; x_wconf 74' lang='grc' dir='ltr'>ὡσαύτως.</span> <span class='ocrx_word' id='word_1_831' title='bbox 1649 2272 1703 2299; x_wconf 76' lang='grc' dir='ltr'><strong>Καὶ</strong></span> <span class='ocrx_word' id='word_1_832' title='bbox 1724 2273 1747 2298; x_wconf 82' lang='grc' dir='ltr'>εἰ</span> <span class='ocrx_word' id='word_1_833' title='bbox 1768 2273 1818 2307; x_wconf 80' lang='grc' dir='ltr'>μὲν</span> <span class='ocrx_word' id='word_1_834' title='bbox 1842 2273 1891 2307; x_wconf 66' lang='grc' dir='ltr'><strong>φύ-</strong></span> 
     </span>
    </p>
   </div>
   <div class='ocr_carea' id='block_1_104' title="bbox 1099 2315 1890 2354">
    <p class='ocr_par' dir='ltr' id='par_1_104' title="bbox 1099 2315 1890 2354">
     <span class='ocr_line' id='line_1_104' title="bbox 1099 2315 1890 2354; baseline 0 -10"><span class='ocrx_word' id='word_1_835' title='bbox 1099 2326 1166 2349; x_wconf 83' lang='grc' dir='ltr'>σεως</span> <span class='ocrx_word' id='word_1_836' title='bbox 1180 2315 1241 2353; x_wconf 81' lang='grc' dir='ltr'><strong>ἦνή</strong></span> <span class='ocrx_word' id='word_1_837' title='bbox 1257 2317 1353 2353; x_wconf 84' lang='grc' dir='ltr'>θεότης</span> <span class='ocrx_word' id='word_1_838' title='bbox 1368 2318 1549 2354; x_wconf 83' lang='grc' dir='ltr'>προσηγορία,</span> <span class='ocrx_word' id='word_1_839' title='bbox 1565 2318 1665 2353; x_wconf 76' lang='grc' dir='ltr'>μᾶλλον</span> <span class='ocrx_word' id='word_1_840' title='bbox 1680 2318 1713 2344; x_wconf 77' lang='grc' dir='ltr'>ἂν</span> <span class='ocrx_word' id='word_1_841' title='bbox 1725 2315 1782 2353; x_wconf 77' lang='grc' dir='ltr'>εἶχε</span> <span class='ocrx_word' id='word_1_842' title='bbox 1794 2319 1890 2353; x_wconf 68' lang='grc' dir='ltr'>καιρὸν</span> 
     </span>
    </p>
   </div>
   <div class='ocr_carea' id='block_1_105' title="bbox 1100 2363 1890 2400">
    <p class='ocr_par' dir='ltr' id='par_1_105' title="bbox 1100 2363 1890 2400">
     <span class='ocr_line' id='line_1_105' title="bbox 1100 2363 1890 2400; baseline 0.001 -11"><span class='ocrx_word' id='word_1_843' title='bbox 1100 2363 1170 2390; x_wconf 83' lang='grc' dir='ltr'>κατὰ</span> <span class='ocrx_word' id='word_1_844' title='bbox 1187 2364 1231 2390; x_wconf 76' lang='grc' dir='ltr'><strong>τὸν</strong></span> <span class='ocrx_word' id='word_1_845' title='bbox 1249 2363 1435 2398; x_wconf 79' lang='grc' dir='ltr'>προαποθέντα</span> <span class='ocrx_word' id='word_1_846' title='bbox 1456 2364 1533 2399; x_wconf 81' lang='grc' dir='ltr'>λόγον</span> <span class='ocrx_word' id='word_1_847' title='bbox 1554 2365 1650 2396; x_wconf 81' lang='grc' dir='ltr'>ἑνικῶς</span> <span class='ocrx_word' id='word_1_848' title='bbox 1666 2364 1716 2395; x_wconf 75' lang='grc' dir='ltr'><strong>τὰς</strong></span> <span class='ocrx_word' id='word_1_849' title='bbox 1732 2366 1807 2400; x_wconf 80' lang='grc' dir='ltr'>τρεῖς</span> <span class='ocrx_word' id='word_1_850' title='bbox 1824 2365 1890 2390; x_wconf 51' lang='lat' dir='ltr'><strong>vim»</strong></span> 
     </span>
    </p>
   </div>
   <div class='ocr_carea' id='block_1_106' title="bbox 1100 2409 1890 2445">
    <p class='ocr_par' dir='ltr' id='par_1_106' title="bbox 1100 2409 1890 2445">
     <span class='ocr_line' id='line_1_106' title="bbox 1100 2409 1890 2445; baseline 0.003 -10"><span class='ocrx_word' id='word_1_851' title='bbox 1100 2409 1209 2440; x_wconf 80' lang='grc' dir='ltr'>στάσεις</span> <span class='ocrx_word' id='word_1_852' title='bbox 1222 2409 1446 2445; x_wconf 76' lang='grc' dir='ltr'>περιλαμϐάνειν,</span> <span class='ocrx_word' id='word_1_853' title='bbox 1463 2410 1511 2437; x_wconf 84' lang='grc' dir='ltr'><strong>καὶ</strong></span> <span class='ocrx_word' id='word_1_854' title='bbox 1531 2411 1579 2437; x_wconf 73' lang='grc' dir='ltr'>ἕνα</span> <span class='ocrx_word' id='word_1_855' title='bbox 1593 2410 1659 2437; x_wconf 83' lang='grc' dir='ltr'>Θεὸν</span> <span class='ocrx_word' id='word_1_856' title='bbox 1678 2411 1778 2444; x_wconf 79' lang='grc' dir='ltr'>λέγειν,</span> <span class='ocrx_word' id='word_1_857' title='bbox 1801 2411 1846 2437; x_wconf 72' lang='grc' dir='ltr'>διὰ</span> <span class='ocrx_word' id='word_1_858' title='bbox 1860 2412 1890 2437; x_wconf 67' lang='grc' dir='ltr'>τὸ</span> 
     </span>
    </p>
   </div>
   <div class='ocr_carea' id='block_1_107' title="bbox 1099 2454 1889 2492">
    <p class='ocr_par' dir='ltr' id='par_1_107' title="bbox 1099 2454 1889 2492">
     <span class='ocr_line' id='line_1_107' title="bbox 1099 2454 1889 2492; baseline 0.004 -12"><span class='ocrx_word' id='word_1_859' title='bbox 1099 2454 1148 2489; x_wconf 80' lang='grc' dir='ltr'>τῆς</span> <span class='ocrx_word' id='word_1_860' title='bbox 1163 2454 1269 2488; x_wconf 83' lang='grc' dir='ltr'>φύσεως</span> <span class='ocrx_word' id='word_1_861' title='bbox 1285 2455 1404 2491; x_wconf 81' lang='grc' dir='ltr'>ἄτμητόν</span> <span class='ocrx_word' id='word_1_862' title='bbox 1419 2465 1449 2482; x_wconf 84' lang='grc' dir='ltr'><strong>τε</strong></span> <span class='ocrx_word' id='word_1_863' title='bbox 1466 2456 1512 2483; x_wconf 72' lang='grc' dir='ltr'><strong>καὶ</strong></span> <span class='ocrx_word' id='word_1_864' title='bbox 1534 2456 1695 2491; x_wconf 80' lang='grc' dir='ltr'>ἀδιαίρετον.</span> <span class='ocrx_word' id='word_1_865' title='bbox 1727 2456 1836 2492; x_wconf 80' lang='grc' dir='ltr'>Ἐπειδὴ</span> <span class='ocrx_word' id='word_1_866' title='bbox 1860 2457 1889 2483; x_wconf 70' lang='grc' dir='ltr'>δὲ</span> 
     </span>
    </p>
   </div>
   <div class='ocr_carea' id='block_1_108' title="bbox 1097 2500 1890 2538">
    <p class='ocr_par' dir='ltr' id='par_1_108' title="bbox 1097 2500 1890 2538">
     <span class='ocr_line' id='line_1_108' title="bbox 1097 2500 1890 2538; baseline 0.003 -12"><span class='ocrx_word' id='word_1_867' title='bbox 1097 2500 1301 2536; x_wconf 79' lang='grc' dir='ltr'>κατεσκευάσθη</span> <span class='ocrx_word' id='word_1_868' title='bbox 1318 2501 1361 2528; x_wconf 72' lang='grc' dir='ltr'>διὰ</span> <span class='ocrx_word' id='word_1_869' title='bbox 1383 2502 1436 2529; x_wconf 86' lang='grc' dir='ltr'><strong>τῶν</strong></span> <span class='ocrx_word' id='word_1_870' title='bbox 1459 2503 1611 2538; x_wconf 79' lang='grc' dir='ltr'>εἰρημένων</span> <span class='ocrx_word' id='word_1_871' title='bbox 1634 2502 1773 2537; x_wconf 77' lang='grc' dir='ltr'>ἐνέργειαν</span> <span class='ocrx_word' id='word_1_872' title='bbox 1791 2502 1890 2537; x_wconf 82' lang='grc' dir='ltr'>σημαί-</span> 
     </span>
    </p>
   </div>
   <div class='ocr_carea' id='block_1_109' title="bbox 1097 2547 1890 2584">
    <p class='ocr_par' dir='ltr' id='par_1_109' title="bbox 1097 2547 1890 2584">
     <span class='ocr_line' id='line_1_109' title="bbox 1097 2547 1890 2584; baseline 0.004 -13"><span class='ocrx_word' id='word_1_873' title='bbox 1097 2554 1162 2578; x_wconf 80' lang='grc' dir='ltr'>νειν,</span> <span class='ocrx_word' id='word_1_874' title='bbox 1176 2547 1223 2573; x_wconf 74' lang='grc' dir='ltr'>καὶ</span> <span class='ocrx_word' id='word_1_875' title='bbox 1233 2548 1293 2582; x_wconf 77' lang='grc' dir='ltr'>οὐχὶ</span> <span class='ocrx_word' id='word_1_876' title='bbox 1305 2547 1385 2582; x_wconf 74' lang='grc' dir='ltr'>φύσιν</span> <span class='ocrx_word' id='word_1_877' title='bbox 1401 2548 1430 2575; x_wconf 83' lang='grc' dir='ltr'><strong>τὸ</strong></span> <span class='ocrx_word' id='word_1_878' title='bbox 1444 2549 1494 2584; x_wconf 83' lang='grc' dir='ltr'>τῆς</span> <span class='ocrx_word' id='word_1_879' title='bbox 1507 2549 1633 2584; x_wconf 85' lang='grc' dir='ltr'>θεότητος</span> <span class='ocrx_word' id='word_1_880' title='bbox 1648 2548 1744 2583; x_wconf 72' lang='grc' dir='ltr'>ὄνομα,</span> <span class='ocrx_word' id='word_1_881' title='bbox 1761 2549 1890 2584; x_wconf 84' lang='grc' dir='ltr'>περιτρέ-</span> 
     </span>
    </p>
   </div>
   <div class='ocr_carea' id='block_1_110' title="bbox 1098 2592 1888 2629">
    <p class='ocr_par' dir='ltr' id='par_1_110' title="bbox 1098 2592 1888 2629">
     <span class='ocr_line' id='line_1_110' title="bbox 1098 2592 1888 2629; baseline 0.004 -12"><span class='ocrx_word' id='word_1_882' title='bbox 1098 2592 1178 2618; x_wconf 83' lang='grc' dir='ltr'>πεταί</span> <span class='ocrx_word' id='word_1_883' title='bbox 1195 2601 1252 2624; x_wconf 83' lang='grc' dir='ltr'><strong>πως</strong></span> <span class='ocrx_word' id='word_1_884' title='bbox 1270 2594 1338 2628; x_wconf 75' lang='grc' dir='ltr'>πρὸς</span> <span class='ocrx_word' id='word_1_885' title='bbox 1361 2594 1512 2621; x_wconf 78' lang='grc' dir='ltr'>τούναντίον</span> <span class='ocrx_word' id='word_1_886' title='bbox 1527 2596 1558 2622; x_wconf 77' lang='grc' dir='ltr'>ἐκ</span> <span class='ocrx_word' id='word_1_887' title='bbox 1571 2595 1626 2621; x_wconf 82' lang='grc' dir='ltr'><strong>τῶν</strong></span> <span class='ocrx_word' id='word_1_888' title='bbox 1648 2595 1888 2629; x_wconf 67' lang='grc' dir='ltr'>κατασκευαζομέσ</span> 
     </span>
    </p>
   </div>
   <div class='ocr_carea' id='block_1_111' title="bbox 1099 2638 1888 2676">
    <p class='ocr_par' dir='ltr' id='par_1_111' title="bbox 1099 2638 1888 2676">
     <span class='ocr_line' id='line_1_111' title="bbox 1099 2638 1888 2676; baseline 0.005 -13"><span class='ocrx_word' id='word_1_889' title='bbox 1099 2647 1151 2664; x_wconf 89' lang='grc' dir='ltr'><strong>νων</strong></span> <span class='ocrx_word' id='word_1_890' title='bbox 1167 2639 1180 2664; x_wconf 84' lang='grc' dir='ltr'>ὁ</span> <span class='ocrx_word' id='word_1_891' title='bbox 1196 2638 1292 2672; x_wconf 82' lang='grc' dir='ltr'>λόγος,</span> <span class='ocrx_word' id='word_1_892' title='bbox 1319 2640 1357 2671; x_wconf 75' lang='grc' dir='ltr'>ὡς</span> <span class='ocrx_word' id='word_1_893' title='bbox 1378 2641 1432 2666; x_wconf 78' lang='grc' dir='ltr'>δεῖν</span> <span class='ocrx_word' id='word_1_894' title='bbox 1465 2641 1549 2676; x_wconf 80' lang='grc' dir='ltr'>ταύτῃ</span> <span class='ocrx_word' id='word_1_895' title='bbox 1577 2641 1677 2676; x_wconf 75' lang='grc' dir='ltr'>μᾶλλον</span> <span class='ocrx_word' id='word_1_896' title='bbox 1700 2640 1789 2674; x_wconf 77' lang='grc' dir='ltr'>λέγειν</span> <span class='ocrx_word' id='word_1_897' title='bbox 1812 2641 1888 2676; x_wconf 82' lang='grc' dir='ltr'>τρεῖς</span> 
     </span>
    </p>
   </div>
   <div class='ocr_carea' id='block_1_112' title="bbox 1098 2683 1888 2722">
    <p class='ocr_par' dir='ltr' id='par_1_112' title="bbox 1098 2683 1888 2722">
     <span class='ocr_line' id='line_1_112' title="bbox 1098 2683 1888 2722; baseline 0.005 -13"><span class='ocrx_word' id='word_1_898' title='bbox 1098 2683 1184 2715; x_wconf 79' lang='grc' dir='ltr'>θεοὺς,</span> <span class='ocrx_word' id='word_1_899' title='bbox 1199 2685 1262 2716; x_wconf 64' lang='grc' dir='ltr'>τοὺς</span> <span class='ocrx_word' id='word_1_900' title='bbox 1279 2686 1306 2711; x_wconf 77' lang='grc' dir='ltr'>ἐν</span> <span class='ocrx_word' id='word_1_901' title='bbox 1321 2687 1354 2721; x_wconf 80' lang='grc' dir='ltr'>τῇ</span> <span class='ocrx_word' id='word_1_902' title='bbox 1374 2687 1442 2722; x_wconf 74' lang='grc' dir='ltr'>αὐτῇ</span> <span class='ocrx_word' id='word_1_903' title='bbox 1458 2687 1582 2722; x_wconf 72' lang='grc' dir='ltr'>ἐνεργείᾳ</span> <span class='ocrx_word' id='word_1_904' title='bbox 1603 2687 1806 2722; x_wconf 74' lang='grc' dir='ltr'>θεωρουμένους</span> <span class='ocrx_word' id='word_1_905' title='bbox 1818 2696 1825 2702; x_wconf 81' lang='lat'><strong>&#39;</strong></span> <span class='ocrx_word' id='word_1_906' title='bbox 1849 2686 1888 2718; x_wconf 80' lang='grc' dir='ltr'>ὥς</span> 
     </span>
    </p>
   </div>
   <div class='ocr_carea' id='block_1_113' title="bbox 1098 2730 1888 2770">
    <p class='ocr_par' dir='ltr' id='par_1_113' title="bbox 1098 2730 1888 2770">
     <span class='ocr_line' id='line_1_113' title="bbox 1098 2730 1888 2770; baseline 0.005 -14"><span class='ocrx_word' id='word_1_907' title='bbox 1098 2738 1163 2764; x_wconf 68' lang='grc' dir='ltr'>φασι</span> <span class='ocrx_word' id='word_1_908' title='bbox 1184 2730 1310 2765; x_wconf 76' lang='grc' dir='ltr'>λέγεσθαι</span> <span class='ocrx_word' id='word_1_909' title='bbox 1328 2734 1401 2768; x_wconf 77' lang='grc' dir='ltr'>τρεῖς</span> <span class='ocrx_word' id='word_1_910' title='bbox 1424 2734 1592 2769; x_wconf 64' lang='grc' dir='ltr'>φιλοσόςρους,</span> <span class='ocrx_word' id='word_1_911' title='bbox 1609 2734 1625 2769; x_wconf 78' lang='grc' dir='ltr'>ἦ</span> <span class='ocrx_word' id='word_1_912' title='bbox 1647 2734 1773 2770; x_wconf 74' lang='grc' dir='ltr'>ῥήτορας,</span> <span class='ocrx_word' id='word_1_913' title='bbox 1791 2733 1850 2769; x_wconf 78' lang='grc' dir='ltr'>ἧέῖ</span> <span class='ocrx_word' id='word_1_914' title='bbox 1862 2732 1888 2760; x_wconf 76' lang='grc' dir='ltr'><strong>τί</strong></span> 
     </span>
    </p>
   </div>
  </div>
