1954 3081
71 77 133 110 us‘

661 92 755 126 QUOD
774 93 843 121 NON
864 95 941 123 SINT
962 96 1052 125 TRES
1073 97 1127 126 Dll.

1662 97 1710 125 123

73 143 142 190 ὲ-στιν
158 142 259 179 ἓτερον
282 146 313 178 ἐξ
336 147 548 182 ἐπιτηδεύματος
563 147 658 184 ὄνομα,
676 151 740 177 ὅταν
762 152 871 185 πλείους

930 158 981 181 ires
995 155 1070 187 deos,
1094 162 1142 182 eos
1163 154 1209 190 qui
1233 154 1259 182 in
1280 153 1374 182 eadem
1407 153 1530 182 efﬁcacia
1552 153 1654 181 versari
1672 155 1710 181 vi-

79 185 141 215 ἄσιν
157 189 182 215 oi
198 190 247 216 τοῦ
264 191 350 218 αὑτοῦ
367 193 536 228 μετέχοντες.
561 195 654 222 Ταῦτα
676 196 704 222 δὲ
723 197 871 231 φιλοπονώ-

79 242 152 269 τερον
169 235 395 274 ὲξειργασάμην,
420 239 464 266 τὸν
486 239 540 266 τῶν
563 241 730 268 ὑπεναντίων
751 243 870 270 ἀνθυπο-

78 280 168 316 φέρων
193 281 276 316 λόγον
289 303 297 312 .
321 283 359 316 ὡς
381 284 413 312 ἆν
437 284 608 321 βεϐαιότερον
630 288 696 322 ἡμῖν
723 289 823 325 παγείη
841 290 872 316 τὸ

78 325 165 360 δόγμα
187 327 250 358 ταῖς
281 329 472 365 εὐτονωτέραις
487 331 541 358 τῶν
562 332 725 361 ἀντιθέσεων
740 335 872 370 κρατυνό-

78 379 170 405 μενον.
186 373 293 401 Οὐκοῦν
309 375 512 411 ὲπαναληπτέος
525 378 605 405 πάλιν
618 379 632 404 ό
648 379 735 414 λόγος.
762 381 871 417 Ἐπειδὴ

78 418 199 453 μετρίως
220 420 287 454 ἡμῖν
302 421 334 447 ὲκ
346 421 396 457 τῆς
415 424 588 459 κατασκευῆς
602 425 759 461 ἀπεδείχθη,
779 426 809 452 οὺ
823 426 873 462 φύ-

78 471 159 510 σεως,
176 464 235 491 ἀλλ’
250 466 391 501 ἐνεργείας
409 465 479 494 εἷναι
499 468 549 504 τὴν
573 470 664 506 φωνὴν
684 471 733 506 τῆς
749 470 889 510 Θεότητος,

76 507 166 542 λέγων
196 510 265 545 τάχα
281 511 383 547 ταύτην
396 512 429 539 ἄν
439 522 481 545 τις
496 515 586 541 αἰτίαν
598 515 716 550 εὐλόγως
734 516 814 548 εἴποι,
827 517 874 543 τοῦ

76 554 274 589 πληθυντικῶς
287 557 336 592 μὲν
350 558 394 584 ἐπ’
408 559 559 594 ἀνθρώπων
569 560 632 592 τοὺς
644 561 698 587 τῶν
713 562 801 589 αὐτῶν
815 563 876 588 ἑπι-

76 600 260 635 τηδευμάτων
280 603 476 636 κοινωνοῦντας
493 605 616 641 ἀλλήλοις
634 607 808 642 ἀριθμεῖσθαι
829 608 876 634 καὶ

77 646 265 681 ὀνομάζεσθαι
277 656 284 663 ·
306 649 461 683 μοναδικῶς
472 650 500 676 δὲ
514 651 543 677 τὺ
555 651 626 678 θεῖον
641 652 681 683 ὡς
692 652 740 679 ἕνα
753 653 818 679 Θεὸν
828 653 876 680 καὶ

81 692 148 726 μίαν
163 693 280 728 θεότητα
292 694 428 729 λέγεσθαι,
445 696 497 723 κᾶν
513 698 540 723 αἱ
553 699 625 732 τρεῖς
645 698 809 730 ὑποστάσεις
825 699 875 734 τῆς

79 739 287 774 ἐμφαινομένης
301 742 335 776 τῇ
354 740 459 776 θεότητι
471 744 609 778 σημασίας
622 743 659 779 μὴ
676 744 874 780 ἀποκρίνοιντο.

80 783 142 810 Ὀτι
163 782 303 820 ἅνθρωποι
327 786 395 821 μὲν,
425 787 475 814 κᾶν
501 789 566 822 μιᾶς
592 785 658 815 ὦσιν
686 789 825 824 ἐνεργείας
850 790 874 815 οῐ

79 829 219 862 πλείονες,
233 831 294 858 καθ’
303 832 399 859 ἑαυτὸν
412 833 526 866 ἕκαστος
539 835 758 871 ἀποτεταγμένος
769 837 876 871 ἐνεργεῖ
891 830 912 857 Β

80 874 110 900 τὸ
125 876 320 911 προκείμενον,
337 878 413 905 οὐδὲν
437 880 622 908 ὲπικοινωνῶν
636 881 665 907 εν
681 882 714 916 τῇ
735 881 795 908 καθ’
810 881 874 908 ἑαυ-

79 920 126 946 τὸν
142 921 271 958 ἐνεργείᾳ
296 923 365 959 πρὸς
389 924 451 956 τοὺς
473 926 504 952 τὸ
521 923 578 952 ῐσον
599 926 816 961 ἐπιτηδεύοντας.
842 927 873 953 Εἰ

80 966 136 1002 γὰρ
147 968 196 994 καὶ
211 968 332 1002 πλείονες
344 967 399 997 εἷεν
413 972 437 998 οἱ
455 972 579 1007 ῥήτορες,
596 971 627 998 τὸ
643 973 692 1008 μὲν
705 973 873 1009 ἐπιτήδευμα

79 1013 110 1039 ἓν
133 1013 176 1045 δν,
199 1015 231 1042 τὸ
253 1016 319 1043 αὐτὸ
342 1017 371 1044 ὲν
387 1019 442 1050 τοῖς
460 1018 579 1045 πλείοσιν
594 1019 678 1054 ὕνομα
703 1019 780 1055 ἔχει·
804 1020 828 1046 oi
845 1020 874 1047 δὲ

81 1059 223 1093 μετιόντες
237 1062 298 1088 καθ’
312 1063 406 1090 ἑαυτὸν
416 1063 530 1096 ἕκαστος
544 1065 700 1100 ἐνεργοῦσιν
714 1073 720 1081 ·
738 1065 810 1097 ἰδίως
825 1067 874 1101 ῥη-

79 1105 202 1141 τορεύων
218 1107 232 1133 ὁ
247 1108 331 1141 δεῖνα,
346 1109 393 1136 καὶ¹
409 1109 481 1142 ἰδίως
497 1111 511 1136 ὁ
527 1110 628 1146 ἕτερος.

923 200 1041 228 dentur:
1053 200 1282 236 quemadmodum
1299 201 1375 228 aiunt
1386 199 1439 227 dici
1453 205 1507 228 tres
1522 199 1710 235 philosophos,

922 250 969 272 aut
983 250 1119 278 oratores,
1138 246 1216 273 autsi
1230 248 1303 281 quod
1317 250 1360 274 est
1385 246 1457 273 aliud
1469 254 1502 273 ex
1520 245 1611 273 studio
1629 249 1712 280 alque

922 291 1015 319 ofﬁcio
1032 299 1142 324 nomen,
1159 299 1221 319 cum
1244 292 1338 326 plures
1366 292 1467 320 fuerint
1494 292 1561 320 socii
1587 292 1711 327 ejusdem

923 340 984 366 vita
997 339 1124 367 instituti.
1151 339 1238 374 Atque
1253 339 1309 366 hanc
1338 339 1494 375 diligentius
1516 347 1548 367 ac
1568 341 1654 375 magis
1669 340 1711 367 in-

923 384 1029 412 dustrie
1041 384 1212 419 ampliﬁcavi,
1228 384 1448 412 adversariorum
1472 393 1506 413 ex
1530 387 1657 420 opposito
1669 387 1712 413 in-

926 431 1018 459 ferens
1031 432 1194 462 orationem,
1220 436 1249 458 ut
1267 431 1372 459 ﬁrmius
1397 440 1429 459 ac
1450 433 1553 460 certius
1574 432 1652 460 nobis
1668 432 1713 459 de-

925 481 1030 504 cretum
1059 478 1268 505 constabiliatur
1287 477 1465 504 validioribus
1493 478 1712 513 oppositionibus

925 524 1071 551 munitum.
1104 524 1223 552 Proinde
1252 531 1283 552 ex
1303 525 1411 558 integro
1432 524 1512 552 nobis
1530 524 1617 551 oratio
1633 532 1712 559 repe-

925 570 1006 596 tenda
1019 573 1070 597 est.
1085 569 1219 602 Quoniam
1233 570 1312 597 nobis
1336 578 1384 605 per
1395 570 1527 598 orationis
1546 575 1711 597 structuram

926 615 1101 642 mediocriter
1111 615 1325 643 demonstratum
1351 620 1403 650 est,
1428 615 1501 651 quod
1516 623 1570 643 non
1595 621 1711 648 naturae,

925 658 973 686 sed
983 658 1135 686 efﬁcientiae
1148 659 1311 686 vocabulum
1325 660 1435 688 deitatis
1460 661 1506 693 sit,
1523 661 1546 688 si
1563 661 1625 695 quis
1644 660 1714 689 forte

926 703 998 730 hanc
1008 703 1067 736 ejus
1078 703 1118 732 rei
1132 711 1245 731 causam
1262 704 1368 738 aﬂ'eral,
1386 709 1434 732 aut
1457 704 1577 732 absurde
1602 703 1713 737 dixerit,

925 749 1036 784 quodin
1055 750 1210 778 hominibus
1227 750 1334 785 quidem
1360 751 1503 786 pluraliter
1518 758 1575 781 eos.
1595 751 1641 786 qui
1668 757 1715 777 eo-

926 795 1051 822 rumdem
1068 796 1220 823 studiorum
1232 800 1258 823 et
1275 796 1429 823 officiorum
1442 797 1512 824 inter
1527 804 1556 824 se
1569 795 1716 831 participes

927 849 959 869 ac
971 841 1036 870 socii
1050 842 1116 873 sint,
1127 846 1304 869 numerentur
1317 847 1343 870 et
1355 843 1531 870 nominentur
1547 851 1554 870 :
1572 841 1717 876 singulari—

927 891 968 914 ter
994 894 1058 914 vero
1078 895 1178 914 nutuen
1198 887 1318 914 divinum
1345 891 1474 923 tanquam
1503 895 1575 914 unus
1596 887 1668 915 Deus
1686 892 1714 914 et

928 940 982 959 una
999 932 1087 959 deitas
1104 932 1223 965 dicatur,
1251 933 1358 960 etiamsi
1375 937 1430 961 tres
1453 933 1614 969 hypostases
1628 933 1663 960 ab
1673 940 1714 964 ea,

927 986 989 1013 qua:
1002 978 1028 1004 in
1041 978 1144 1005 deitate
1157 982 1278 1013 apparet,
1292 979 1491 1014 signiﬁcatione
1501 987 1554 1007 non
1569 986 1700 1007 secernan
1710 993 1716 998 -

928 1024 982 1047 tur.
997 1020 1102 1054 Quippe
1125 1027 1188 1047 cum
1215 1020 1340 1048 homines
1357 1021 1478 1056 quidem,
1504 1022 1610 1049 etiamsi
1625 1021 1717 1056 plures

927 1066 1050 1101 ejusdem
1062 1067 1117 1093 sint
1130 1065 1225 1098 ofﬁcii,
1240 1067 1379 1101 sigillatim
1396 1068 1514 1102 quisque
1541 1068 1653 1101 (tamen)
1672 1074 1717 1094 se-

928 1110 1041 1145 junctus
1068 1109 1124 1145 agit
1148 1114 1175 1137 et
1202 1115 1332 1145 operatur
1350 1112 1377 1138 id
1401 1113 1473 1147 quod
1494 1112 1544 1140 sibi
1571 1112 1719 1146 sumpserit

80 1153 571 1188 elficiendum,nihilcommunicans
588 1159 615 1186 in
633 1167 681 1187 sua
695 1160 801 1187 actione
812 1166 874 1187 cum
895 1158 941 1189 iis,
969 1157 1015 1192 qui
1043 1157 1167 1192 eiusdem
1188 1161 1253 1185 sunt
1279 1158 1363 1186 ofﬁcii
1383 1163 1464 1194 atque
1492 1158 1620 1186 instituti.
1650 1157 1718 1184 Nam

79 1202 130 1229 etsi
148 1203 242 1237 plures
275 1204 376 1233 fuerint
406 1210 540 1239 oratores,
570 1207 690 1235 studium
714 1207 824 1243 quidem
853 1211 880 1242 et
898 1205 1018 1234 ofﬁcium
1048 1213 1109 1233 cum
1135 1205 1171 1232 sit
1183 1213 1278 1238 unum,
1295 1207 1366 1234 idem
1381 1207 1407 1234 in
1425 1207 1548 1242 pluribus
1558 1214 1655 1234 nomen
1671 1205 1719 1231 ha-

82 1248 147 1281 bel;
165 1251 212 1285 qui
226 1255 319 1280 autem
335 1253 362 1281 id
374 1258 501 1287 tractant,
517 1254 655 1289 sigillatim
671 1255 788 1290 quisque
799 1255 874 1282 solus
895 1261 975 1282 suum
987 1253 1124 1288 negotium
1141 1257 1224 1288 agunt
1239 1263 1245 1280 :
1258 1261 1383 1281 seorsum
1419 1253 1474 1286 ille,
1498 1253 1616 1289 itemque
1650 1251 1719 1278 alter

81 1297 231 1331 separatim
251 1300 398 1328 oratoriam
413 1306 585 1330 exercentes.

118 1363 227 1391 Οὐκοῦν
243 1365 273 1391 ὲν
297 1365 348 1400 μὲν
366 1367 424 1398 τοῖς
439 1366 608 1402 ἀνθρώποις,
623 1366 717 1402 ἐπειδὴ
736 1366 873 1401 διακεκρι-

965 1362 1088 1399 igiturin
1113 1363 1270 1392 hominibus
1284 1364 1405 1400 quidem,
1428 1364 1649 1400 quandoquidem
1667 1365 1720 1393 dis-

83 1408 152 1444 μένη
173 1409 248 1436 ἐστὶν
265 1411 283 1446 ἡ
300 1411 329 1437 ὲν
342 1413 398 1443 τοῖς
418 1412 509 1444 αὐτοῖς
528 1412 742 1448 ἐπιτηδεύμασιν
757 1412 872 1439 ἑκάστου

930 1414 1001 1437 creta
1030 1410 1166 1446 cujusque
1186 1417 1228 1438 est
1245 1411 1272 1439 in
1294 1412 1390 1439 iisdem
1417 1412 1513 1440 oﬁiciis
1534 1417 1560 1439 et
1587 1413 1720 1440 institutis

82 1455 219 1490 ἐνέργεια,
234 1456 336 1492 κυρίως
348 1457 440 1484 πολλοὶ
453 1458 639 1494 ὀνομάζονται,
651 1458 766 1486 ἑκάστου
782 1458 872 1484 αὐτῶν

930 1457 998 1484 actio
1024 1461 1105 1491 atque
1125 1457 1265 1491 operatio,
1292 1458 1402 1493 proprie
1430 1459 1508 1485 multi
1531 1459 1719 1490 nominantur.

82 1501 123 1532 είς
141 1500 210 1528 ἰδίαν
225 1502 397 1538 περιγραφὴν
419 1504 488 1530 κατὰ
509 1504 539 1530 τὺ
556 1504 704 1540 ἰδιότροπον
724 1504 774 1538 τῆς
798 1505 872 1539 ὲνερ-

930 1509 987 1528 cum
1001 1501 1113 1536 quilibet
1124 1509 1220 1529 eorum
1237 1503 1308 1530 intra
1324 1511 1390 1530 suos
1404 1503 1537 1532 terminos
1550 1511 1598 1539 pro
1615 1504 1721 1530 ratione

83 1547 162 1581 γείας
176 1548 397 1583 ἀποτεμνομένου
415 1549 470 1576 τῶν
486 1549 584 1577 ἄλλων.
606 1551 668 1578 Ἐπὶ
685 1550 714 1577 δὲ
733 1550 781 1586 τῆς
798 1549 872 1581 Θείας

85 1592 194 1627 φύσεως
206 1613 213 1625 ,
229 1594 278 1629 οὐχ
291 1594 378 1626 οὕτως
393 1595 541 1631 ἐμάθομεν,
560 1597 601 1623 ὅτι
616 1598 630 1623 ὁ
654 1597 749 1632 Πατὴρ
764 1597 836 1623 ποιεῖ
850 1604 876 1623 τι

86 1638 146 1665 καθ’
161 1639 268 1672 ἑαυτὸν,
280 1637 312 1667 οὗ
327 1641 364 1676 μὴ
378 1642 578 1676 συνεφάπτεται
595 1644 609 1669 ὁ
626 1643 700 1675 Υίός.
716 1643 752 1669 Ἦ
771 1642 852 1670 πάλιν
862 1643 876 1669 ό

85 1683 151 1717 Υἱὸς
172 1685 328 1718 ἰδιαζόντως
346 1687 452 1723 ἐνεργεῖ
474 1697 501 1714 τι
523 1689 608 1724 χωρὶς
633 1688 680 1715 τοῦ
706 1688 875 1724 Πνεύματος.

92 1729 175 1757 Ἀλλὰ
196 1731 271 1757 πᾶσα
290 1731 416 1768 ἐνέργεια
437 1733 454 1768 ἡ
471 1732 563 1761 θεόθεν
587 1734 634 1760 ἐπὶ
652 1734 701 1769 τὴν
718 1734 806 1761 κτίσιν
822 1734 877 1769 διή-

85 1783 184 1808 κουσα,
205 1776 337 1803 καὶκατὰ
353 1777 402 1809 τὰς
419 1777 603 1813 πολυτρόπους
623 1778 727 1809 ἑννοίας
745 1779 877 1814 ὀνομαζο-

87 1822 168 1857 μένη,
181 1822 214 1849 ἐκ
226 1823 332 1857 Πατρδς
341 1823 496 1859 ὰφορμᾶται
509 1825 555 1851 καὶ
568 1824 612 1851 διὰ
623 1824 669 1851 τοῦ
681 1825 745 1851 Υἱοῦ
757 1825 874 1859 πρόεισι,

85 1868 134 1894 καὶ
150 1869 181 1896 ὲν
199 1868 239 1903 τῷ
260 1869 401 1904 Πνεύματι
419 1869 457 1905 τῷ
475 1870 544 1906 ἁγίῳ
559 1869 717 1897 τελειοῦται.
738 1870 787 1896 Διὰ
800 1871 878 1897 τοῦτο

87 1915 127 1946 είς
144 1914 250 1950 πλῆθος
267 1914 322 1941 τῶν
335 1915 517 1950 ἐνεργούντων
530 1916 560 1942 τὺ
576 1916 661 1951 ὄνομα
676 1917 725 1951 τῆς
740 1916 878 1952 ἐνεργείας

88 1960 118 1987 οὐ
134 1960 323 1996 διασχίζεται,
337 1962 377 1989 ὅτι
391 1963 441 1989 οὐκ
465 1962 672 1998 ἀποτεταγμένη
689 1963 805 1989 ἑκάστου
831 1963 878 1989 καὶ

90 2000 230 2039 ίδιάξουσά
243 2008 318 2035 ἐστιν
333 2009 350 2044 ἡ
369 2009 432 2045 περί
449 2018 475 2035 τι
489 2009 591 2044 σπουδή
602 2018 608 2025 ·
624 2009 682 2035 ἀλλ’
702 2009 769 2045 ὅπερ
784 2009 816 2036 ἂν
832 2009 877 2042 γί-

88 2062 162 2080 νεται
178 2053 235 2081 τῶν
256 2055 310 2081 εἴτε
333 2055 372 2086 είς
399 2055 447 2090 τὴν
466 2055 603 2090 ἡμετέραν
620 2055 748 2089 πρόνοιαν
764 2054 878 2089 φθανόν-

87 2109 152 2133 των,
166 2100 222 2127 εττε
235 2100 303 2136 πρὸς
318 2100 367 2136 τὴν
382 2100 429 2127 τοῦ
443 2101 542 2132 παντὸς
553 2101 707 2136 οἰκονομίαν
722 2100 769 2127 καὶ
782 2100 881 2127 σύστα-

91 2154 142 2178 σιν,
157 2145 202 2171 διὰ
216 2145 271 2171 τῶν
280 2140 370 2180 ’τριῶν
384 2146 432 2181 μὲν
450 2146 563 2180 γίνεται,
581 2147 610 2172 οὺ
627 2146 679 2181 μὴν
695 2146 758 2182 τρία
774 2147 832 2174 ἐστὶ
845 2146 881 2173 τὰ

89 2191 230 2226 γινόμενα.
250 2190 400 2226 Νοήσωμεν
420 2191 448 2217 δὲ
465 2191 494 2217 τὸ
510 2191 666 2227 λεγόμενον,
682 2191 724 2226 ἐφ’
739 2193 797 2231 ἑνός
807 2201 879 2224 τινος

90 2235 253 2270 πράγματος
264 2243 270 2250 ·
290 2235 336 2261 ἀπ’
353 2234 435 2261 αὑτοῦ
447 2235 520 2269 λέγω
533 2234 580 2261 τοῦ
595 2234 742 2269 κεφαλαίου
759 2235 814 2261 τῶν
829 2243 880 2270 χα-

93 2280 234 2316 ρισμάτων
252 2281 324 2315 ζωῆς
342 2280 501 2316 τετύχηκεν,
516 2281 565 2307 ὅσα
581 2280 727 2315 μετείληφε
741 2281 791 2315 τῆς
808 2280 882 2316 χάρι-

91 2335 136 2358 τος
155 2326 271 2362 ταύτης.
297 2325 483 2358 Ἐξετάζοντες
500 2323 546 2352 οὖν
563 2326 645 2352 πόθεν
664 2326 728 2360 ἡμῖν
746 2325 841 2359 γέγονε
853 2325 883 2351 τὸ

91 2371 211 2398 τοιοῦτον
237 2371 351 2406 ἀγαθὸν,
373 2372 534 2406 εὑρίσκομεν
556 2371 599 2397 διὰ
619 2371 668 2405 τῆς
688 2370 741 2397 τῶν
768 2369 884 2405 Γραφῶν

93 2418 213 2453 ὁδηγίας,
222 2418 264 2444 ὄτι
274 2418 306 2444 ἐκ
316 2417 423 2453 Πατρὺς
434 2417 479 2444 καὶ
491 2416 554 2443 Υἱοῦ
565 2416 612 2443 καὶ
624 2415 779 2450 Πνεύμανος
794 2416 882 2450 ἁγίου.

98 2463 166 2489 Ἀλλ’
181 2463 233 2489 οὐκ
249 2462 344 2498 ἐπειδὴ
360 2462 424 2497 τρία
440 2461 623 2496 ὑποτιθέμεθα
639 2460 773 2496 πρόσωπά
787 2469 817 2486 τε
838 2459 885 2486 καὶ

94 2508 228 2543 ὀνόματα,
248 2509 325 2543 τρεῖς
340 2507 387 2534 καὶ
411 2507 484 2539 ζωὰς
506 2507 578 2538 ἰδίως
595 2506 659 2541 μίαν
682 2507 746 2542 παρ’
769 2505 885 2532 ἑκάστου

95 2554 181 2581 αὐτῶν
206 2553 378 2589 δεδωρῆσθαι
402 2553 466 2588 ἡμῖν
491 2552 673 2587 λογιζόμεθα·
690 2551 746 2578 ἀλλ’
773 2552 789 2586 ὴ
809 2551 878 2586 αὑτὴ

96 2602 148 2637 ζωὴ
170 2603 217 2629 καὶ
235 2602 312 2638 παρὰ
327 2601 375 2628 τοῦ
390 2600 495 2636 nam;
509 2601 669 2636 ἐνεργεῖται.
688 2599 736 2626 καὶ
750 2599 824 2635 παρὰ
839 2598 885 2626 τοῦ

97 2646 158 2673 Υἱοῦ
176 2647 354 2683 ἑτοιμάςεται
367 2666 374 2679 ,
401 2645 448 2672 καὶ
465 2645 515 2680 τῆς
529 2645 576 2671 τοῦ
596 2644 754 2679 Πνεύματος
769 2643 885 2679 ἐξῆπται

98 2691 255 2729 βουλήσεως.

134 2766 239 2803 Ἐπειδὴ
261 2765 359 2793 τοίνυν
377 2764 438 2791 καθ’
453 2763 599 2799 ὁμοιότητα
613 2762 659 2789 τοῦ
674 2762 818 2798 εἰρημένου
836 2763 890 2790 πᾶ-

94 2822 139 2840 σαν
157 2813 303 2849 ἐνέργειαν
319 2810 353 2837 οὐ
370 2809 540 2845 διῃρημὲνιικ
560 2809 666 2843 ἐνεργεῖ
686 2808 756 2835 κατὰ
775 2808 820 2835 τὸν
835 2808 890 2836 τῶν

928 1547 970 1574 sui
984 1546 1132 1582 peculiaris
1148 1548 1252 1582 negotii
1267 1548 1301 1574 ab
1327 1549 1389 1576 aliis
1404 1552 1557 1584 separetur.
1576 1550 1609 1576 At
1638 1549 1665 1576 in
1678 1549 1723 1576 di-

927 1591 991 1619 vina
1019 1596 1118 1618 natura
1140 1599 1194 1619 non
1220 1593 1257 1619 ita
1271 1589 1427 1620 didicimus
1452 1593 1525 1628 quod
1542 1594 1621 1621 Pater
1641 1593 1723 1620 faciat

927 1636 1028 1672 aliquid
1043 1644 1090 1672 per
1109 1645 1138 1664 Ie
1155 1638 1241 1670 solus,
1257 1638 1329 1673 quod
1347 1638 1431 1666 Filius
1457 1647 1511 1666 non
1536 1647 1589 1666 una
1606 1647 1667 1666 cum
1690 1647 1722 1667 eo

927 1682 1215 1717 capessat.AutFi|ius
1224 1690 1320 1710 rursus
1330 1683 1506 1717 peculiariter
1519 1684 1619 1718 aliquid
1629 1691 1723 1720 opere-

927 1730 971 1754 tur
986 1727 1088 1762 absque
1103 1726 1217 1762 Spiritu.
1237 1727 1290 1755 Sed
1303 1728 1392 1755 omnis
1410 1729 1481 1755 actio
1489 1727 1523 1755 ad
1537 1733 1689 1756 creaturam
1707 1738 1722 1755 a

927 1772 984 1800 Deo
994 1773 1165 1808 perveniens,
1182 1781 1243 1808 qua:
1252 1773 1402 1801 secundum
1414 1775 1500 1801 varias
1510 1774 1634 1801 notiones
1643 1778 1724 1808 atque

928 1819 1163 1848 considerationes
1175 1827 1275 1848 nomen
1286 1820 1395 1854 accipit,
1408 1827 1422 1847 a
1438 1819 1518 1847 Patre
1528 1819 1722 1854 proﬁciscitur,

927 1870 956 1893 et
966 1873 1013 1901 per
1026 1865 1123 1893 Filium
1141 1865 1354 1902 progrctlilur,ct
1363 1866 1389 1892 in
1399 1865 1501 1900 Spiritu
1514 1870 1608 1892 sancto
1617 1865 1724 1900 perﬁci-

929 1915 984 1938 tur.
1010 1910 1117 1939 ldcirco
1142 1911 1169 1938 in
1200 1911 1399 1938 multitudinem
1424 1910 1595 1946 operantium
1622 1918 1723 1937 nomen

929 1958 1060 1986 efficaciae
1080 1965 1136 1985 non
1163 1957 1308 1989 scinditur,
1324 1958 1454 1991 quoniam
1480 1965 1533 1984 non
1565 1960 1722 1991 separatum

930 2004 1064 2039 cujusque
1077 2007 1158 2039 atque
1170 2004 1308 2038 peculiare
1320 2004 1393 2030 circa
1402 2003 1521 2038 aliquam
1535 2010 1591 2030 rem
1603 2002 1724 2030 stttdium

929 2054 971 2079 est
987 2060 993 2077 :
1011 2050 1058 2078 sed
1074 2049 1207 2085 quidquid
1222 2050 1262 2081 ﬁt,
1283 2050 1355 2084 quod
1368 2050 1410 2077 vel
1425 2048 1458 2076 ad
1473 2048 1560 2076 nostri
1580 2048 1725 2083 pravideu-

930 2096 1008 2128 tiam,
1034 2095 1075 2123 vel
1090 2095 1124 2122 ad
1149 2102 1262 2122 Summa:
1290 2102 1381 2122 rerum
1406 2094 1673 2122 administrationem
1698 2098 1725 2120 ct

932 2141 1157 2169 constitutionem
1179 2141 1324 2176 pertineat,
1346 2147 1394 2175 per
1413 2146 1468 2167 tres
1491 2140 1600 2175 quidem
1616 2140 1655 2171 ﬁt,
1671 2147 1725 2166 non

933 2193 1022 2214 tamen
1036 2187 1088 2214 tria
1108 2190 1181 2219 sunt,
1196 2194 1255 2221 qum
1284 2187 1361 2214 ﬁunt.
1384 2185 1568 2220 lntelligemus
1593 2189 1682 2212 autem
1699 2185 1725 2211 id

932 2233 1004 2268 quod
1018 2232 1119 2260 dicitur
1136 2241 1184 2268 per
1202 2240 1283 2259 unam
1300 2233 1419 2267 aliquam
1432 2239 1509 2259 rem:
1531 2231 1566 2258 ab
1584 2231 1654 2266 ipso,
1683 2231 1726 2257 iu-

937 2286 1031 2313 quam,
1049 2278 1138 2313 capite
1161 2278 1366 2311 beneﬁciorum,
1382 2278 1465 2305 vitam
1483 2282 1632 2305 consecuta
1650 2281 1726 2308 sunt,

934 2332 1103 2360 quiscunque
1119 2325 1145 2352 in
1159 2324 1240 2359 hujus
1257 2324 1381 2352 beneﬁcii
1402 2324 1560 2351 societatem
1583 2327 1726 2351 venerunt.

936 2370 964 2397 Si
981 2373 1137 2397 scrutemur
1164 2370 1255 2403 igitur,
1269 2370 1342 2396 unde
1355 2369 1434 2396 nobis
1449 2369 1501 2396 tale
1516 2369 1617 2395 bonum
1641 2368 1729 2395 couti-

935 2417 1015 2451 gcrit,
1028 2424 1060 2443 ex
1072 2417 1332 2444 commonstratione
1344 2415 1549 2450 Scripturarum
1565 2414 1727 2449 reperimus,

936 2462 964 2489 id
980 2462 1062 2490 nobis
1078 2462 1227 2497 contigisse
1241 2470 1256 2489 a
1281 2461 1362 2488 Patre
1376 2465 1403 2488 et
1417 2459 1486 2488 Filio
1499 2464 1526 2487 et
1543 2459 1646 2495 Spiritu
1663 2468 1726 2487 sau-

936 2511 990 2536 cto.
1008 2507 1042 2534 At
1057 2515 1111 2534 non
1123 2508 1253 2542 quoniam
1273 2511 1329 2535 tres
1349 2514 1482 2542 personas
1493 2514 1525 2534 ac
1539 2506 1592 2533 tria
1616 2507 1727 2533 nomina
1758 2534 1762 2539 ε

936 2553 1126 2589 proponimus,
1141 2558 1196 2581 tres
1224 2554 1306 2581 etiam
1329 2554 1410 2585 vitas.
1430 2553 1576 2588 separatim
1601 2559 1682 2579 unam
1695 2551 1729 2578 ab

937 2607 1104 2634 unoquoque
1118 2607 1212 2626 eorum
1229 2600 1354 2635 largitam
1368 2599 1447 2627 nobis
1462 2606 1525 2626 esse
1541 2598 1705 2625 arbitramur
1719 2605 1728 2630 ;

942 2645 988 2672 sed
1008 2645 1103 2672 eadem
1125 2645 1179 2672 vita
1194 2648 1221 2672 et
1253 2653 1268 2672 a
1304 2645 1384 2672 Patre
1404 2648 1560 2680 praestatur,
1586 2646 1614 2670 et
1631 2650 1644 2669 a
1660 2641 1729 2669 Filio

939 2682 1091 2727 eipeditur,
1104 2695 1131 2718 et
1143 2699 1158 2718 a
1169 2690 1289 2726 Spiritus
1304 2691 1404 2726 pendet
1419 2691 1569 2717 voluntate.

978 2763 1112 2796 Quoniam
1141 2763 1225 2798 igitur
1251 2763 1284 2790 ad
1320 2761 1527 2789 similitudinem
1555 2759 1627 2795 ejus,
1656 2757 1729 2794 quod

943 2809 1024 2837 modo
1037 2809 1141 2836 dictqu
1155 2813 1207 2842 cst,
1219 2817 1272 2836 non
1285 2808 1392 2836 divisim
1404 2815 1453 2844 pro
1471 2806 1584 2835 numero
1602 2806 1728 2840 byposta-
