1954 3081
249 98 301 126 1‘27

848 99 878 127 S.
896 98 1059 127 GitEGORIl
1076 98 1100 126 Ν
1107 99 1225 128 YSSENI

1829 102 1880 130 4‘33

249 161 316 181 scon
342 157 437 182 sancta
473 154 594 182 Trinitas
613 162 720 182 omnem
734 156 870 184 actionem
894 160 1035 192 operatur,

1098 157 1263 185 imordsswv
1289 158 1404 195 ἀριθμὸν
1429 160 1445 195 ἡ
1465 159 1530 194 ἁγία
1550 158 1648 193 Τριὰς.
1676 159 1743 185 ἀλλὰ
1764 158 1814 194 μία
1838 167 1881 189 τις

249 201 296 228 Sf‘d
311 208 382 228 unus
398 200 506 236 quidem
524 201 601 228 bonae
616 202 764 230 voluntatis
783 208 884 235 motus,
915 211 969 230 tina
984 203 1042 231 dis-

249 247 350 282 positio
382 250 434 278 est,
467 254 528 281 qua:
541 254 556 274 a
574 246 653 274 Patre
677 255 726 282 per
745 247 844 275 Filium
860 248 894 275 ad
908 247 1042 283 Spiritum

251 301 337 328 usque
367 292 511 320 deducitur
531 296 613 328 atque
634 293 784 329 dirigitur:
810 294 1040 329 quemadmodum

253 346 305 366 non
319 339 436 365 dicimus
450 342 507 366 tres
521 339 694 368 viviﬁcantes
706 349 765 372 eos,
795 341 842 376 qui
860 348 942 367 unam
955 340 1041 367 vitam

252 388 389 419 praestant,
403 392 490 420 neque
503 390 557 413 tres
580 386 677 419 bonos,
693 386 739 421 qui
764 387 792 413 in
812 386 905 414 cadent
921 386 1042 413 bonitate

251 429 471 460 considerantur,
486 437 538 456 nec
550 429 654 464 reliqua
682 431 773 457 omnia
791 431 934 466 pluraliter
954 438 1043 458 enun-

251 477 372 504 tiamus:
401 477 496 504 eodem
521 477 602 505 modo
617 486 706 513 neque
721 481 778 505 tres
803 478 870 506 deos
898 478 1043 506 nominare

251 530 398 558 possumus
408 531 466 554 eos,
480 523 525 558 qui
544 524 614 551 hanc
624 523 728 559 οεικήν,
746 524 772 551 id
788 529 840 556 est,
853 524 969 551 divinant
987 525 1044 552 sive

250 568 430 602 iuspeclricem
455 570 582 596 virtutem
607 573 634 597 et
651 570 787 597 actionem
818 561 879 596 tttni
907 570 934 597 in
951 570 1042 603 nobis,

251 618 308 640 tum
325 614 351 641 in
378 615 452 642 omni
467 619 603 649 creatura,
619 615 787 650 conjunctim
809 619 835 642 et
855 623 909 642 non
932 622 1045 650 separa-

251 660 300 687 tim
330 668 379 695 pcr
400 668 460 688 sese
485 661 602 688 invicem
628 666 767 689 exercent.
791 660 824 688 Ut
838 662 911 689 enim
929 661 962 688 de
989 661 1045 689 Deo

251 712 365 732 summat
380 713 470 732 rerutn
491 705 563 733 docti
581 704 724 741 Scriptura
747 705 865 737 dicente,
882 706 957 746 qtto_d
971 705 1046 740 judi-

251 755 294 777 cet
303 758 410 777 omnem
426 755 536 782 terram,
547 750 667 785 judicem
678 759 739 778 eum
753 751 942 779 universarum
953 759 1046 780 rerum

253 802 302 830 per
319 795 418 823 Filium
435 803 495 823 esse
519 795 636 824 dicimus
658 805 664 823 :
682 803 714 823 ac
732 804 829 824 rursus
845 797 891 825 ubi
906 796 1046 825 audiveri-

253 849 324 874 mus,
339 841 409 876 quod
423 841 503 869 Pater
514 842 651 870 neminem
660 841 776 882 judicet,
786 851 840 870 non
854 843 1044 871 existimamus

254 895 373 922 pugnare
390 895 481 915 secum
497 887 678 922 Scripturam.
695 887 762 915 Nam
771 889 1044 924 quijudicatomnem

253 937 364 966 terram,
381 942 429 968 pcr
443 933 555 967 Filium,
575 934 619 961 cui
634 942 715 962 omne
727 935 973 971 deditjudicium',
992 937 1043 964 hoc

254 979 318 1006 facit
334 989 340 1006 :
356 987 387 1007 ac
408 980 539 1015 quidquid
557 989 605 1015 per
624 980 801 1016 Unigenitum
831 981 870 1014 ﬁt,
885 981 918 1009 ad
935 981 1043 1009 Patrem

253 1025 413 1052 relationem
428 1026 519 1057 habet,
538 1031 567 1053 ut
581 1030 609 1054 et
624 1027 681 1061 ipse
693 1027 776 1061 judex
791 1028 980 1055 universarum
1000 1035 1045 1055 re—

253 1078 312 1097 rttnt
326 1071 372 1103 sit,
390 1075 417 1099 et
442 1072 576 1099 neminem
589 1072 706 1106 judicet.
730 1073 830 1107 quippe
858 1080 932 1105 cum,
957 1076 987 1099 ut
1003 1072 1046 1099 di-

253 1121 327 1143 ctum
347 1122 400 1149 est,
424 1117 558 1151 judicium
572 1125 652 1145 ontne
681 1117 752 1145 Filio
771 1118 888 1151 dederit,
905 1123 932 1146 et
963 1125 1045 1146 omne

252 1163 385 1197 judicium
402 1163 463 1191 Filii
479 1171 493 1191 a
505 1163 594 1191 Patris
609 1165 749 1193 voluntate
762 1165 900 1192 diversum
917 1173 971 1192 non
985 1166 1021 1192 sit
1036 1175 1043 1192 :

255 1216 305 1235 nec
325 1213 397 1236 recte
412 1209 474 1244 quis
489 1209 600 1240 dixerit,
623 1210 665 1238 vel
680 1210 750 1237 duos
775 1209 896 1244 judices.
920 1210 963 1237 vel
977 1210 1045 1237 alte-

255 1262 313 1281 rum
328 1255 462 1289 privatum
476 1262 507 1282 ac
519 1256 666 1291 spoliatum
679 1263 740 1283 esse
752 1256 852 1283 virtute
864 1264 896 1283 ac
909 1260 1045 1292 potestate

253 1299 393 1333 indicandi
411 1310 417 1327 :
435 1301 470 1327 ita
485 1301 566 1328 etiatn
584 1301 609 1327 in
622 1301 771 1328 divinitatis
786 1302 901 1333 ratione,
916 1301 1044 1330 Christus

255 1345 301 1372 Dei
317 1346 415 1378 virtus,
430 1350 457 1374 et
472 1346 517 1374 Dei
531 1347 664 1382 sapientia
677 1351 719 1374 est
738 1355 744 1373 :
760 1351 841 1382 atque
852 1347 1043 1383 inspectricem

255 1398 287 1417 ac
303 1391 440 1427 θεατικήν,
462 1392 489 1419 id
510 1397 561 1424 est,
595 1392 777 1426 sperlatricem
811 1394 944 1424 virtutem,
963 1401 1044 1428 quant

257 1437 387 1464 nimirum
408 1437 522 1473 θεότητα
543 1438 569 1464 id
583 1442 626 1465 est
654 1437 780 1465 deitatem
796 1438 855 1466 sive
879 1439 1044 1466 divinitatem

256 1485 383 1517 dicimus,
397 1493 445 1520 per
462 1486 637 1519 Unigenitum
654 1484 737 1513 Pater
753 1489 892 1521 operatur,
919 1485 986 1513 Filio
1000 1493 1046 1513 au-
1058 1506 1080 1535 ο

257 1535 310 1558 tem
322 1539 430 1558 omnem
446 1532 571 1559 virtutem
588 1531 614 1558 in
631 1531 734 1566 Spiritu
765 1536 861 1559 sancto
876 1532 1044 1567 perﬁciente,

257 1584 288 1603 ac
302 1576 444 1611 jttdicante
455 1577 565 1611 quidem
580 1597 587 1608 ,
603 1580 634 1604 ut
650 1577 824 1609 lsaiasdicit,
847 1578 874 1604 in
891 1577 989 1613 spiritu
999 1577 1046 1612 ju-

256 1623 334 1657 dicii,
352 1627 378 1651 et
393 1624 493 1659 spiritu
509 1624 683 1652 adustionis‘
697 1633 704 1652 :
723 1627 855 1659 operante
870 1625 934 1651 item
947 1631 1047 1651 secun-

258 1669 323 1696 dum
339 1669 477 1704 Evangelii
498 1675 601 1701 vocem,
617 1676 697 1704 quam
711 1669 743 1696 ad
759 1668 867 1696 Judazos
889 1669 983 1697 edidit.
1002 1668 1048 1696 Di-

258 1715 296 1742 cit
304 1714 377 1742 enitn
390 1715 400 1729 ⁷
412 1723 418 1740 :
432 1723 441 1740 ‹
458 1713 486 1740 Si
502 1717 592 1741 autem
607 1721 657 1748 ego
672 1714 698 1741 in
716 1713 819 1749 Spiritu
831 1714 877 1742 Dei
893 1714 973 1749 ejicio
992 1714 1048 1741 da:-

259 1760 350 1787 tuonia
368 1769 374 1787 :
398 1769 407 1785 ι
423 1767 438 1786 a
451 1763 528 1794 parte
544 1761 628 1786 totam
642 1759 761 1794 speciem
777 1759 902 1787 beneﬁcii
919 1767 1047 1794 compre-

259 1805 381 1833 hcndcns
391 1813 437 1840 per
446 1811 505 1832 eain
513 1811 573 1840 qua!
582 1805 654 1832 circa
663 1804 839 1832 efﬁcientiam
848 1809 889 1832 est
897 1805 1044 1832 unitatem:

259 1859 308 1886 per
325 1859 406 1885 quam
418 1850 551 1877 unitatem
568 1855 662 1878 muttta
677 1858 760 1885 opera
779 1849 922 1878 efﬁcientia
939 1858 1049 1878 exerce-

259 1901 313 1926 tur,
330 1902 413 1923 unum
428 1903 526 1922 nontcn
543 1895 694 1923 efﬁcientia:
707 1897 734 1923 in
751 1896 837 1922 multo
860 1895 1000 1930 dispertiri
1017 1903 1049 1924 ac

260 1941 343 1968 dividi
368 1948 422 1968 non
439 1944 539 1975 potest.
559 1941 694 1974 Quoniam
717 1941 790 1968 enim
809 1949 862 1968 ttna
877 1941 1049 1977 inspectricis

259 1991 286 2013 et
299 1986 472 2020 spcctat‘ricis
486 1986 596 2014 virttttis
625 1987 695 2014 ratio
717 1987 781 2020 (est)
797 1987 825 2013 in
841 1986 921 2014 Patre
940 1991 967 2014 et
981 1985 1050 2014 Filio

259 2035 287 2057 ct
304 2029 408 2065 Spiritu
434 2035 540 2064 sancto,
559 2031 790 2067 quemadmodum
808 2032 835 2058 in
861 2031 1050 2066 superioribus

261 2076 363 2103 dictum
378 2069 432 2109 est,
446 2085 506 2112 quat
522 2085 555 2105 ex
570 2076 653 2105 Patre
667 2077 778 2112 quidem
795 2081 925 2112 tanquam
947 2084 962 2104 a
975 2077 1051 2105 fonte

260 2121 378 2156 quodam
403 2122 596 2157 proﬁciscitttr,
615 2129 629 2149 a
643 2121 712 2148 Filio
724 2129 788 2148 vero
802 2121 836 2148 ad
849 2121 985 2148 actionem
1004 2121 1052 2148 de-

261 2167 381 2202 ducitur,
395 2172 422 2196 et
443 2169 471 2195 in
489 2169 588 2196 virtute
614 2168 734 2204 Spiritus
749 2167 865 2202 gratiam
888 2166 997 2202 perﬁcit
1024 2170 1050 2195 ct

262 2217 438 2242 consummat
459 2223 465 2241 :
500 2221 532 2241 ac
549 2221 603 2241 non
619 2219 764 2248 separatur
791 2212 870 2247 juxta
886 2212 1050 2247 hypostases

263 2259 317 2286 ulla
335 2259 494 2293 efﬁcientia,
512 2267 573 2294 quae
598 2258 774 2294 peculiariter
795 2265 827 2286 ac
845 2258 1004 2293 disjunctim
1018 2258 1053 2286 ab

264 2312 427 2341 unaquaque
441 2305 583 2341 hypostasi
598 2305 704 2340 absque
720 2311 762 2336 ea,
783 2311 844 2339 qua:
860 2311 915 2331 una
931 2304 1053 2332 conside-

263 2355 351 2384 ratur,
365 2351 522 2386 perﬁciatur
536 2361 543 2379 :
559 2351 607 2379 sed
622 2351 712 2378 omnis
736 2357 802 2378 cura
816 2349 1051 2385 providentiaqtte,

264 2401 291 2424 ct
306 2397 495 2424 universarum
511 2405 603 2424 rerum
617 2396 781 2429 moderatio,
795 2400 850 2423 tam
864 2403 970 2430 earum;
991 2403 1052 2431 qua:

265 2444 339 2470 circa
353 2443 508 2471 sensibilcm
519 2447 684 2475 creaturam,
694 2450 775 2477 quam
789 2450 850 2478 qua:
865 2442 939 2470 circa
954 2450 1053 2477 supra-

266 2487 433 2515 mundanam
452 2492 579 2515 naturam
592 2491 752 2523 spectantur
766 2497 773 2515 :
790 2495 877 2523 eaque
894 2487 981 2516 virttts
992 2495 1053 2523 qua:

266 2538 293 2560 et
306 2541 349 2561 res
363 2537 518 2566 conservat,
530 2537 556 2562 et
573 2534 673 2561 delicta
699 2534 822 2569 corrigit,
848 2537 876 2561 et
893 2537 967 2562 recte
983 2533 1054 2562 facta

266 2579 357 2610 docet,
372 2585 426 2606 una
439 2582 482 2606 est
499 2583 587 2606 etnon
603 2584 668 2612 tres,
699 2586 760 2614 qua:
789 2579 899 2614 quidem
914 2588 929 2606 a
958 2585 1054 2607 sancta

268 2624 401 2652 Trinitate
416 2624 566 2659 peragitur,
581 2632 635 2652 non
657 2628 747 2652 tamen
766 2632 814 2659 pro
829 2632 944 2652 numero
960 2633 1054 2660 perso-

267 2677 375 2704 narum,
397 2678 457 2706 qua:
473 2670 499 2698 in
518 2670 569 2699 ﬁde
595 2671 815 2703 considerantur,
834 2670 966 2698 trifariam
983 2671 1054 2699 divi-

303 2805 314 2821 ⁵
333 2804 410 2833 Joan.
431 2814 454 2838 v,
472 2805 515 2832 '2‘).
554 2806 563 2818 “
583 2805 632 2833 lsa.
648 2812 690 2839 tv,
717 2804 737 2832 ί.
779 2805 785 2818 τ
807 2803 901 2831 Matth.
919 2803 1019 2836 mutili.

1091 203 1193 238 γίνεται
1212 204 1259 232 τοῦ
1281 205 1384 240 ἀγαθοῦ
1406 205 1556 240 θελήματος
1579 204 1682 240 κίνησίς
1699 213 1728 231 τε
1751 205 1800 231 καὶ
1820 203 1877 230 δια-

1091 249 1226 284 κόσμησις
1236 269 1243 281 ,
1265 251 1297 277 ἐκ
1316 251 1422 287 Πατρός
1436 251 1480 276 διὰ
1491 250 1537 277 τοῦ
1552 250 1616 277 Υἱοῦ
1637 250 1704 285 πρὸς
1721 250 1751 276 τὺ
1765 248 1881 284 Πνεῦμα

1091 294 1290 330 διεξαγομένη·
1311 296 1350 328 ὡς
1370 295 1423 331 γὰρ
1442 296 1472 322 οὺ
1498 295 1614 330 λέγομεν
1635 296 1711 331 τρεῖς
1730 295 1882 327 ζωοποιοίις

1092 340 1155 371 τοὺς
1164 339 1212 375 τὴν
1226 340 1289 375 μίαν
1304 340 1481 376 ἐνεργοῦντας
1498 340 1579 376 ζωὴν,
1598 340 1656 366 οὐδὲ
1673 342 1748 375 τρεῖς
1760 339 1883 374 ἀγαθοὺς

1092 384 1156 416 τοὺς
1179 386 1208 411 ὲν
1233 386 1300 421 αὐτῇ
1316 387 1349 422 τῇ
1368 386 1515 422 ἀγαοότητι
1533 386 1737 421 θεωρουμένους
1748 406 1754 416 ,
1771 385 1834 412 οὐδὲ
1847 385 1882 411 τὰ

1093 429 1161 457 ἄλλα
1178 431 1265 458 πάντα
1283 431 1470 466 πληθυντικῶς
1485 431 1684 466 ἐξαγγέλλομεν
1696 440 1702 447 ·
1718 431 1807 462 οὕτως
1821 431 1883 457 οὐδὲ

1093 477 1167 511 τρεῖς
1191 475 1271 509 οεοὺς
1295 477 1438 513 ὀνομάζειν
1460 478 1615 513 δυνάμεθα,
1634 477 1697 508 τοὺς
1719 477 1770 511 τὴν
1789 475 1884 511 Οεῖκὴν

1094 521 1214 557 ταύτην,·
1231 523 1290 558 ἦτοι
1316 524 1468 559 ἐποπτικὴν
1490 523 1604 559 δύναμίν
1624 531 1654 549 τε
1677 523 1724 549 καὶ
1743 523 1885 558 ἐνέργειαν

1095 569 1275 604 συνημμένως
1288 570 1334 596 καὶ
1349 570 1513 605 ἀδιακρίτως
1525 570 1558 596 δι’
1571 569 1692 604 ἀλλήλων
1705 568 1747 603 ἐφ’
1761 569 1839 604 ἡμῶν
1855 577 1885 594 τε

1095 615 1143 641 καὶ
1165 615 1255 651 πάσης
1278 617 1328 651 τῆς
1345 617 1462 647 κτίσεως
1486 615 1674 650 ἐνεργοῦντας.
1702 615 1807 650 Ὥσπερ
1830 615 1887 650 γὰρ

1097 660 1227 695 μαθόντες
1242 662 1306 698 περὶ
1322 661 1370 688 τοῦ
1385 661 1452 688 Θεοῦ
1465 661 1518 688 τῶν
1528 661 1596 688 ὅλων
1607 662 1655 697 τῆς
1667 661 1775 696 Γραφῆς
1790 660 1888 695 λεγού-

1097 715 1156 741 σης,
1172 707 1274 742 κρίνειν
1292 707 1373 734 αὐτὸν
1389 708 1477 734 πᾶσαν
1494 707 1543 742 τὴν
1557 707 1619 742 γῆν,
1641 707 1736 743 κριτὴν
1751 706 1798 733 τοῦ
1814 715 1887 733 παν-

1095 753 1141 784 τὸς
1151 753 1233 780 αὑτὸν
1245 751 1314 780 εἶναι
1329 754 1372 780 διὰ
1384 753 1430 780 τοῦ
1445 753 1509 780 Υἱοῦ
1524 761 1625 789 φαμεν.
1637 753 1692 780 Καὶ
1704 753 1786 780 πάλιν
1800 753 1887 780 ἁκού-

1098 807 1208 832 σαντες,
1230 799 1270 826 ὅτι
1290 801 1304 826 ό
1322 800 1416 835 Πατὴρ
1434 801 1522 835 κρίνει
1543 800 1637 826 οὐδένα
1649 820 1657 832 ,
1673 800 1722 835 οὐχ
1744 799 1887 835 ἡγούμεθα

1099 843 1232 879 μάχεσθαι
1249 844 1318 880 πρὸς
1333 835 1433 880 ἐαυτὴν
1453 845 1501 881 τὴν
1521 845 1644 881 Γραφήν.
1666 846 1694 871 '0
1712 846 1766 881 γὰρ
1784 846 1887 881 κρίνων

1099 891 1188 916 πᾶσαν
1208 889 1257 926 τὴν
1277 890 1329 925 γῆν
1349 890 1394 917 διὰ
1412 891 1459 917 τοῦ
1478 891 1541 917 Υίοῦ
1553 912 1560 924 ,
1581 889 1603 926 ᾧ
1617 893 1706 918 πᾶσαν
1722 892 1822 918 δέδωκε
1838 891 1888 927 τὴν

1097 935 1200 970 κρίσιν,
1217 935 1296 962 τοῦτο
1312 937 1385 963 ποιεῖ
1396 945 1402 951 ·
1418 936 1466 962 καὶ
1491 937 1544 963 πᾶν
1559 937 1590 963 τὸ
1605 937 1681 971 παρὰ
1699 936 1745 963 τοῦ
1769 937 1889 970 Μονογε-

1097 981 1160 1013 νοῦς
1173 982 1324 1017 γινόμενον,
1343 984 1382 1014 είς
1398 982 1443 1008 τὸν
1464 982 1572 1017 Πατέρα
1586 982 1635 1018 τὴν
1662 983 1802 1017 ἀναφορὰν
1818 982 1886 1016 ἔχει,

1097 1025 1167 1052 ὥστε
1180 1027 1225 1052 καὶ
1238 1026 1334 1062 κριτὴν
1349 1026 1430 1053 αὑτὸν
1446 1027 1492 1053 τοῦ
1507 1028 1606 1058 παντός
1623 1025 1702 1059 εἶναι,
1723 1027 1769 1053 καὶ
1782 1027 1888 1061 κρίνειν

1099 1072 1200 1107 μηδένα
1212 1072 1256 1098 διὰ
1269 1073 1299 1098 τὺ
1311 1073 1411 1104 πᾶσαν,
1424 1073 1461 1104 ὡς
1477 1072 1595 1108 εἴρηται,
1609 1072 1658 1108 τὴν
1673 1073 1763 1108 κρίσιν
1776 1072 1815 1108 τῷ
1831 1072 1888 1107 Υἱῴ

1097 1118 1259 1149 δεδωκέναι,
1274 1119 1320 1145 καὶ
1340 1119 1430 1144 πᾶσαν
1449 1118 1497 1153 τὴν
1515 1118 1561 1144 τοῦ
1574 1117 1644 1147 ,Υἱοῦ
1660 1118 1750 1153 κρίσιν
1771 1117 1819 1144 τοῦ
1837 1126 1889 1144 πα-

1097 1163 1192 1198 τρικοῦ
1211 1163 1249 1198 μὴ
1263 1162 1498 1198 ἀπηλλοτριῶσοαι
1520 1163 1704 1198 βουλήματος’
1721 1162 1768 1188 καὶ
1789 1162 1840 1188 οὐκ
1855 1161 1889 1189 ἄν

1096 1218 1139 1241 τις
1156 1209 1283 1243 εὐλόγως,
1296 1209 1312 1245 ἢ
1327 1209 1374 1235 δύο
1388 1209 1485 1245 κριτὰς
1499 1209 1581 1242 εἴποι,
1601 1209 1618 1244 ἢ
1636 1209 1681 1235 τὸν
1699 1209 1792 1244 ἕτερον
1809 1208 1889 1242 ἠλλο-

1097 1255 1229 1290 τριῶσοαι
1244 1255 1293 1289 τῆς
1310 1256 1381 1282 κατὰ
1396 1256 1445 1291 τὴν
1458 1255 1548 1291 κρίσιν
1564 1255 1689 1287 ἐξουσίας
1704 1263 1733 1281 τε
1751 1254 1797 1280 καὶ
1810 1254 1888 1280 δυνά-

1100 1309 1171 1336 μεως
1182 1309 1188 1315 ”
1203 1300 1289 1332 οὕτως
1308 1301 1354 1328 καὶ
1369 1301 1416 1328 ἐπὶ
1432 1301 1479 1328 τοῦ
1497 1301 1545 1336 τῆς
1560 1301 1687 1335 θεότητος
1706 1300 1801 1334 λόγου,
1822 1300 1889 1335 Χρι-

1099 1346 1160 1378 στὸς
1175 1346 1243 1372 Θεοῦ
1265 1346 1378 1382 δύναμις
1388 1337 1401 1379 ,’
1420 1347 1466 1373 καὶ
1487 1346 1554 1372 Θεοῦ
1575 1346 1670 1381 σοφία·
1692 1346 1739 1372 καὶ
1758 1345 1808 1381 τὴν
1825 1346 1889 1372 ἐπο-

1098 1392 1197 1427 πτικήν
1215 1400 1244 1418 τε
1261 1392 1308 1419 καὶ
1330 1392 1456 1427 θεατικὴν
1480 1391 1604 1426 δύναμιν,
1618 1392 1705 1427 ἥνπερ
1721 1391 1752 1427 δὴ
1775 1391 1889 1426 ϐεότητα

1097 1438 1223 1472 λέγομεν,
1237 1437 1282 1464 διὰ
1296 1437 1342 1464 τοῦ
1355 1438 1524 1472 Μονογενοῦς
1536 1439 1549 1464 ό
1561 1438 1655 1472 Πατὴρ
1671 1438 1788 1472 ἐνεργεῖ,
1802 1437 1848 1463 τοῦ
1861 1437 1889 1462 δὲ

1098 1482 1164 1509 Υίοῠ
1180 1483 1270 1509 πᾶσαν
1289 1482 1408 1517 δύναμιν
1425 1483 1454 1509 ἐν
1468 1481 1507 1517 τῷ
1522 1482 1590 1516 ἁγίῳ
1606 1481 1744 1516 ῐΙνεύματι
1760 1481 1890 1507 celato-37-

1096 1538 1158 1562 τος,
1183 1530 1230 1555 καὶ
1251 1529 1388 1563 κρίνοντος
1409 1527 1477 1563 μὲν,
1502 1527 1592 1558 καθὼς
1617 1527 1730 1559 Ἡσαΐας
1748 1527 1843 1562 φησὶν.
1861 1527 1890 1552 ἐν

1097 1574 1232 1610 πνεύματι
1245 1575 1373 1610 κρίσεως,
1388 1574 1435 1600 καὶ
1448 1573 1582 1608 πνεύματι
1596 1572 1729 1604 καύσεως
1747 1572 1890 1608 ἐνεργοῦν-

1097 1628 1143 1652 τος
1157 1620 1186 1646 δὲ
1209 1620 1280 1647 κατὰ
1301 1619 1350 1655 τὴν
1366 1619 1531 1653 Εὐαγγελίου
1553 1618 1653 1654 φωνὴν,
1676 1619 1709 1653 ἦν
1731 1618 1799 1653 πρὸς
1828 1619 1890 1650 τοὺς

1105 1666 1247 1697 Ἰουδαίους
1263 1665 1418 1699 πεποίηται,
1435 1665 1590 1700 Λέγειγάρ·
1607 1665 1638 1691 Εἰ
1651 1664 1677 1690 δὲ
1691 1663 1745 1698 ἐγὼ
1759 1665 1787 1691 ἐν
1805 1664 1891 1690 Ilvati-

1100 1721 1166 1749 ματι
1185 1711 1252 1739 Θεοῦ
1270 1711 1392 1738 ἐκϐάλλω
1414 1710 1448 1737 τὰ
1472 1710 1618 1746 δαιμόνια·
1641 1710 1694 1737 ἀπὸ
1713 1710 1813 1745 μέρους
1834 1710 1890 1736 πᾶν

1099 1756 1167 1789 εἶδος
1187 1757 1345 1794 εὐεργεσίας
1369 1756 1590 1792 περιλαμϐάνων,
1618 1756 1662 1782 διὰ
1678 1756 1727 1790 τῆς
1749 1755 1820 1781 κατὰ
1842 1755 1891 1790 τὴν

1099 1804 1238 1839 ἐνέργειαν
1250 1803 1373 1837 ἐνότητος
1384 1811 1389 1817 ·
1403 1799 1442 1833 οἷς
1453 1802 1507 1837 γὰρ
1519 1801 1551 1828 δι’
1565 1801 1686 1837 ἀλλήλων
1700 1802 1852 1836 ἐνεργεῖται
1863 1801 1892 1827 τὸ

1099 1849 1139 1880 ἓν,
1156 1850 1195 1881 εἰς
1211 1848 1324 1880 πολλοὺς
1338 1847 1575 1883 καταμεμερίσοαι
1592 1847 1621 1873 et
1635 1847 1720 1882 ὄνομα
1742 1847 1792 1882 τῆς
1812 1848 1890 1882 ἐνερ-

1099 1894 1175 1928 γείας
1193 1894 1223 1920 οὐ
1243 1893 1363 1920 δύναται.
1385 1892 1494 1928 Ἐπειδὴ
1512 1892 1566 1926 γὰρ
1583 1890 1624 1923 εἷς
1642 1893 1655 1918 ὁ
1669 1892 1718 1927 τῆς
1736 1892 1891 1927 ἐποπτικῆς

1099 1948 1129 1966 τε
1145 1940 1191 1966 καὶ
1206 1939 1335 1974 θεατικῆς
1357 1939 1497 1973 δυνάμεως
1511 1938 1590 1972 λόγος
1611 1939 1640 1965 ἐν
1655 1937 1744 1973 Πατρὶ⁴
1765 1938 1814 1964 καὶ
1833 1937 1891 1973 Tin

1101 1986 1148 2013 καὶ
1166 1986 1304 2020 Πνεὺματι
1322 1984 1402 2020 ἁγίῳ,
1420 1983 1510 2015 καθὼς
1527 1984 1556 2010 ἐν
1570 1985 1626 2015 τοῖς
1645 1983 1801 2018 ἔμπροσθεν
1819 1984 1893 2018 εἴρη-

1100 2042 1144 2059 ται
1155 2053 1163 2065 ,
1179 2033 1210 2058 ἐκ
1225 2033 1273 2068 μὲν
1291 2031 1337 2065 τοῦ
1353 2031 1474 2067 Πατρὺς,
1490 2028 1545 2058 οἷον
1560 2032 1591 2057 ἐκ
1604 2031 1694 2066 πηγῆς
1710 2039 1783 2062 τινος
1806 2030 1892 2065 deop-

1103 2078 1238 2114 μώμενος,
1259 2078 1312 2104 ὑπὸ
1334 2077 1362 2104 δὲ
1382 2077 1429 2104 τοῦ
1451 2077 1518 2104 Υξοῦ
1538 2077 1750 2113 ἐνεργούμενος,
1765 2076 1794 2102 ἐν
1811 2076 1840 2102 δὲ
1859 2077 1892 2111 τῇ

1101 2123 1215 2157 δυνάμει
1235 2122 1282 2149 τοῦ
1303 2122 1463 2157 Πνεύματος
1482 2122 1592 2149 τελειῶν
1609 2122 1658 2156 τὴν
1681 2122 1772 2157 χάριν,
1795 2121 1844 2147 καὶ
1863 2122 1892 2148 οὐ

1102 2168 1271 2203 διακρίνεται
1291 2168 1359 2203 πρὸς
1373 2168 1422 2199 τὰς
1439 2168 1603 2198 ὑποστάσεις
1617 2167 1730 2202 οὐδεμία
1747 2167 1875 2203 ἐνέργεια
1885 2189 1892 2199 ,

1104 2214 1258 2246 ἰδιαζόντως
1283 2214 1348 2250 παρ’
1368 2213 1486 2248 ἑκάστης
1512 2214 1559 2240 καὶ
1583 2213 1815 2248 ἀποτεταγμένως
1833 2213 1894 2248 δίχα

1100 2260 1150 2294 τῆς
1168 2259 1406 2296 συνθεωρουμένης
1419 2259 1614 2295 ἐπιτελουμένη
1627 2267 1634 2275 ·
1653 2258 1722 2286 ἀλλὰ
1741 2259 1818 2286 πᾶσα
1833 2259 1894 2294 πρὸ-

1102 2315 1160 2333 νοια
1174 2307 1220 2333 καὶ
1235 2306 1382 2342 κηδεμονία
1395 2326 1402 2338 ,
1420 2307 1467 2333 καὶ
1481 2306 1528 2332 τοῦ
1547 2306 1647 2337 παντὸς
1663 2306 1810 2333 ἐπιστασία
1821 2327 1828 2338 ,
1842 2306 1894 2332 τῶν

1102 2361 1132 2379 τε
1147 2352 1218 2379 κατὰ
1231 2351 1280 2388 τὴν
1291 2352 1422 2387 αἰσθητὴν
1434 2351 1532 2385 κτίσιν,
1545 2353 1591 2379 καὶ
1602 2352 1657 2378 τῶν
1666 2351 1736 2378 κατὰ
1749 2351 1799 2387 τὴν
1813 2352 1892 2386 ὑπερ-

1102 2400 1215 2433 κόσμιον
1228 2398 1317 2433 φύσιν,
1329 2398 1377 2433 ἥτε
1393 2398 1575 2434 συντηρητικὴ
1589 2397 1643 2424 τῶν
1657 2398 1752 2429 ὄντων,
1762 2399 1810 2424 καὶ
1821 2397 1894 2432 διορ-

1104 2445 1205 2481 οωτικὴ
1225 2444 1279 2471 τῶν
1312 2443 1584 2480 πλημμελουμένων,
1609 2445 1656 2471 καὶ
1676 2443 1818 2479 διδακτικὴ
1842 2443 1896 2469 τῶν

1106 2489 1343 2526 κατορθουμένων,
1361 2489 1411 2524 μία
1429 2489 1487 2515 ἐστὶ
1504 2489 1551 2516 καὶ
1570 2489 1630 2524 οὐχὶ
1643 2490 1728 2524 τρεῖς,
1747 2487 1825 2524 παρὰ
1846 2488 1895 2523 μὲν

1103 2536 1153 2571 τῆς
1169 2536 1249 2570 ἁγίας
1268 2534 1383 2570 Τριάδος
1399 2535 1616 2571 κατορθουμένη,
1637 2535 1667 2562 οὐ
1684 2535 1738 2570 μὴν
1758 2534 1831 2561 κατὰ
1850 2534 1894 2560 τὸν

1107 2581 1221 2616 ἀριθμὸν
1234 2581 1289 2607 τῶν
1312 2581 1341 2607 ἐν
1363 2581 1396 2616 τῇ
1419 2581 1510 2607 πίστει
1528 2580 1722 2616 θεωρουμένων
1741 2578 1895 2614 προσώπων

1107 2628 1186 2662 τριχῇ
1203 2626 1355 2663 τεμνομένη
1368 2648 1375 2660 ,
1396 2628 1433 2659 ὡς
1447 2627 1561 2653 ἕκαστον
1575 2625 1629 2652 τῶν
1643 2625 1839 2661 ἐνεργημάτων
1851 2623 1895 2657 ἀῳ*

1107 2671 1203 2699 ἑαυτοῦ
1216 2671 1411 2708 θεωρούμενον,
1428 2673 1444 2708 ἦ
1457 2672 1503 2700 τοῦ
1515 2672 1620 2708 Πατρὺς
1633 2670 1703 2699 εἶναι
1716 2672 1809 2708 μόνον,
1822 2671 1840 2708 ἢ
1850 2669 1895 2698 τοῦ
