1954 3081
41 124 99 167 129⁷

637 142 731 176 QUOD
745 141 814 170 NON
831 140 910 169 SINT
923 140 1013 168 TRES
1026 140 1079 168 Dll.

1630 142 1680 169 L70

48 195 210 230 Μονσγενοῦς
229 197 416 232 ἰδιαζόντως,
430 200 446 235 ἢ
464 199 507 226 διὰ
520 199 566 226 τοῦ
590 199 668 234 ἁγίου
684 198 842 234 Πνεύματος

906 196 977 229 litur,
990 201 1021 223 ut
1036 195 1224 231 unusquisque
1235 199 1323 228 actus,
1338 199 1364 223 et
1381 196 1596 231 unumquodque
1611 205 1681 232 opus

52 241 267 278 κεχωρισμένως
277 245 351 272 ἀλλὰ
359 246 456 280 διαιρεῖ
465 245 512 280 μὲν
523 245 575 280 ἰδίᾳ
581 245 688 279 ἑκάστῳ
695 243 728 270 τὰ
740 244 841 278 ἀγαθὰ,

56 287 132 318 καθώς
140 295 226 323 φηςιν
236 289 252 314 ὁ
270 289 447 321 ’Δπόστολος,
457 289 486 316 τὸ
498 289 526 316 ἓν
534 289 622 316 καὶτὸ
634 288 699 316 αὐτὸ
710 288 823 324 Πνεῦμα
833 297 841 304 ·

57 334 98 360 οὺχ
116 334 234 368 ἄναρχος
248 333 280 360 δὲ
298 335 316 370 ἡ
333 335 382 361 τοῦ
398 335 499 368 ἀγαθοῦ
520 334 627 369 κίνησις
644 334 676 360 ἐκ
694 333 740 366 τοῦ
757 333 843 360 Πνεύ-

59 380 143 415 ματος·
157 379 214 405 ἀλλ’
227 379 397 416 εὑρίσκομεν
411 381 452 407 ὅτι
466 381 481 415 ἡ
496 379 727 415 προεπινοουμένη
743 379 844 414 ταύτης

56 426 173 460 δύναμις,
189 426 208 460 ἦ
221 425 265 457 τίς
284 427 361 452 ἐστιν
375 427 390 453 ὀ
408 426 551 461 μονογενὴς
566 425 642 458 Θεὸς,
658 425 745 452 πάντα
760 426 842 456 ποιεῖν

54 468 79 498 οὗ
94 471 180 506 χωρὶς
198 471 278 497 οὐδὲν
291 472 332 503 είς
349 473 453 506 γένεσιν
466 471 520 498 τῶν
538 471 623 498 ὅντων
637 470 745 506 ἔρχεται
757 479 764 486 ·
777 470 845 498 ἀλλὰ

53 517 94 544 καὶ
107 517 179 552 αὐτὴ
194 517 277 544 πάλιν
291 518 347 544 τῶν
356 517 465 552 ἀγαθῶν
475 519 492 553 ὴ
506 516 591 553 πηγὴ,
606 517 638 542 ὲκ
651 516 697 543 τοῦ
711 516 844 552 πατρικοῦ

50 563 221 599 βουλήματος
238 563 410 599 ἀφορμᾶται.

81 764 114 790 Εἰ
131 763 166 798 δὴ
185 762 240 789 πᾶν
255 762 358 796 ἀγαθὸν
375 761 491 796 πρᾶγμα
510 759 558 786 καὶ
573 759 658 794 ὄνομα
670 779 677 792 ,
698 759 747 793 τῆς
764 757 847 794 ἀνάρ-

48 819 96 844 [eo
112 808 261 843 δυνάμεώς
272 817 301 834 τε
314 807 361 833 καὶ
378 806 474 842 βουλῆς
489 805 642 840 ἐξημμένον
655 806 683 831 ὲν
693 806 725 840 τῇ
735 804 847 838 δυνάμει

47 855 95 881 τοῦ
114 854 280 889 Πνεύματος
295 853 339 880 διὰ
350 853 396 879 τοῦ
412 851 571 888 μονογενοῦς
585 851 652 878 Θεοῦ
668 850 790 886 ἀχρόνως
801 850 848 876 καὶ

47 902 225 932 ἀδιαστᾱτως
243 902 282 932 εἰς
303 899 442 926 τελείωσιν
457 897 570 932 ἄγεται,
585 897 712 932 οὐδεμιᾶς
726 896 849 932 παρατά-

49 957 120 980 σεως
137 949 169 974 ἐν
195 948 227 982 τῇ
245 945 293 972 τοῦ
316 945 387 971 θείου
406 943 574 979 βουλήματος
600 943 706 978 κινήσει
729 941 782 968 ἀπὸ
801 941 848 968 τοῦ

49 993 161 1028 [ἰατρὸς
178 991 224 1018 διὰ
248 991 295 1024 τοῦ
314 989 379 1016 Υἱοῦ
392 1009 399 1020 ,
419 989 465 1015 ἐπὶ
486 989 516 1015 τὸ
533 988 645 1024 Πνεῦμα
668 987 812 1023 γινομένης
831 986 847 1022 ἢ

49 1039 221 1074 νεουμένης·
242 1037 271 1063 ἓν
289 1037 316 1063 δὲ
329 1036 384 1062 τῶν
402 1035 512 1070 ἀγαθῶν
532 1035 669 1070 ὀνομάτων
683 1042 712 1060 τε
727 1033 774 1060 καὶ
786 1041 848 1068 νοη-

52 1086 147 1120 μάτων
164 1084 213 1110 καὶ
228 1084 245 1117 ἡ
269 1082 364 1117 θεότης
378 1087 384 1095 ·
402 1081 452 1107 οὐχ
474 1081 506 1108 ἂν
521 1081 632 1112 εἰκότως
647 1080 687 1112 είς
704 1079 804 1115 πλῆθος
819 1077 849 1104 τὸ

47 1132 138 1166 ὖνομα
163 1129 315 1164 διαχέοιτο,
331 1128 380 1162 τῆς
399 1127 470 1154 κατὰ
493 1126 542 1162 τὴν
558 1126 698 1161 ἐνέργειαν
724 1125 849 1160 ὲνότητος

52 1176 220 1211 κωλυούσης
237 1175 286 1211 τὴν
307 1173 488 1210 πληθυντικὴν
511 1172 668 1208 ἁρίθμησιν.
684 1172 738 1198 Καὶ
755 1171 848 1206 ὥσπερ

52 1220 92 1254 si;
110 1223 126 1248 ὁ
151 1221 251 1257 Σωτὴρ
275 1220 385 1247 πάντων
411 1218 571 1254 ἀνθρώπων,
597 1217 713 1253 μάλιστα
735 1217 848 1249 πιττῶν,

54 1267 106 1294 ὑπὸ
125 1267 176 1294 τοῦ
201 1266 364 1292 Ἀποστόλου
381 1264 558 1299 ὠνόμασται,
576 1264 622 1290 καὶ
636 1263 724 1295 οὐδεὶς
747 1263 779 1290 ὲκ
801 1263 849 1296 τῆς

55 1312 147 1348 ςρωνῆς
163 1312 269 1346 ταύτης
286 1311 302 1347 ἢ
317 1311 363 1338 τὸν
377 1310 441 1337 Υίὸν
457 1309 530 1344 λέγει
547 1309 583 1345 μὴ
601 1308 697 1341 σώζειν
708 1309 770 1340 τοὺς
785 1317 849 1335 πισ-

55 1358 195 1390 τεύοντας,
217 1358 234 1393 ἢ
250 1357 313 1392 δίχα
333 1355 381 1383 τοῦ
400 1356 559 1391 Πνεῦματος
572 1354 621 1390 τὴν
638 1354 773 1389 σωτηρίαν
794 1355 849 1384 τοῖς

58 1403 203 1439 μετέχουσι
223 1402 366 1437 γίνεσθαι·
384 1400 451 1428 ἀλλὰ
468 1400 571 1434 γίνεται
590 1400 699 1426 πάντων
720 1399 815 1434 Σωτὴρ
836 1399 850 1425 ό

57 1450 102 1477 Eni.
125 1450 239 1476 πάντων
257 1447 324 1478 Θεὸς
334 1469 341 1481 ,
363 1446 536 1481 ἐνεργοῦντος
549 1445 596 1472 τοῦ
617 1446 683 1472 Υίοῦ
697 1445 746 1481 τὴν
762 1454 849 1480 σωτη-

58 1496 118 1530 ρίαν
133 1496 164 1522 ὲν
178 1496 210 1530 τῇ
229 1494 277 1520 τοῦ
297 1492 455 1528 ῐΙνεύματος
476 1491 578 1527 χάριτι,
595 1491 642 1518 καὶ
658 1491 733 1518 οὐδὲν
751 1491 849 1526 μᾶλλον

57 1542 102 1568 διὰ
119 1541 203 1568 τοῦτο
217 1541 293 1576 τρεῖς
307 1539 427 1573 σωτῆρες
442 1538 493 1565 ὑπὸ
507 1537 558 1572 τῆς
575 1537 685 1572 Γραφῆς
703 1537 850 1571 ὀνομάζον·
867 1562 887 1576 ρ

60 1595 116 1618 ται,
133 1587 160 1612 εἰ
182 1586 231 1611 καὶ
251 1584 421 1619 ὁμολογεῖται
441 1581 517 1618 παρὰ
531 1582 581 1616 τῆς
598 1582 679 1616 ἁγίας
701 1581 815 1616 Τριάδος
834 1581 851 1616 ὴ
867 1581 888 1591 “¹

62 1632 197 1668 σωτηρία·
218 1630 305 1661 οὕτως
325 1629 386 1655 οὐδὲ
399 1629 473 1664 τρεῖς
494 1628 550 1654 θεοὶ
567 1628 638 1654 κατὰ
659 1628 708 1661 τὴν
725 1627 852 1654 ἀποδεδο-

65 1679 145 1714 μένην
170 1677 221 1712 τῆς
250 1675 377 1711 θεὸτητος
406 1674 555 1710 σημασίαν,
584 1675 638 1700 κᾶν
663 1673 813 1709 ἐφαρμόζει
836 1665 880 1708 ἡ⁸

62 1724 173 1756 τοιαύτη
196 1721 294 1756 κλῆσις
313 1722 346 1756 τῇ
365 1720 431 1755 ἁγίᾳ
448 1720 553 1755 Τριάδι.
578 1719 721 1754 Μάχεσθαι
739 1719 767 1745 δὲ
786 1719 853 1753 πρὸς

64 1769 122 1800 τοὺς
137 1767 330 1800 ἀντιλέγοντας
341 1785 348 1797 ,
365 1765 401 1800 μὴ
417 1764 471 1791 δεῖν
486 1764 626 1799 ἐνέργειαν
646 1765 717 1790 νοεῖν
732 1762 780 1798 τὴν
796 1761 854 1788 θεό-

65 1823 141 1849 τητα,
162 1813 193 1839 οὺ
211 1813 282 1839 πάνυ
298 1820 323 1838 τι
337 1811 391 1837 τῶν
402 1809 557 1844 ἀναγκαίων
573 1818 617 1845 μοι
631 1809 714 1841 δοκεῖ,
730 1808 768 1839 ὡς
787 1807 855 1843 πρὸς

66 1860 112 1895 τὴν
126 1858 270 1894 παροῦσαν
283 1857 330 1883 τοῦ
344 1856 424 1890 λόγου
439 1856 620 1890 κατασκευήν.
630 1855 724 1890 Ἡμεῖς
739 1854 787 1889 μὲν
800 1855 854 1890 γὰρ

68 1905 188 1940 ἀόριστον
203 1903 252 1930 καὶ
268 1901 454 1937 ἀπερίληπτον
467 1901 516 1936 τὴν
529 1900 604 1927 θείαν
624 1899 704 1935 φύσιν
724 1898 793 1926 εἶναι
809 1909 853 1926 πι-

70 1950 216 1981 στεύοντες,
222 1948 350 1983 οὐδεμίαν
361 1947 445 1982 αὐτῆς
453 1946 611 1981 ἐπινοοῦμεν
622 1945 777 1981 περίληψιν,
789 1944 857 1971 ἀλλὰ

70 1995 135 2022 κατὰ
159 1995 251 2022 πάντα
264 1993 366 2029 τρόπον
383 1994 412 2019 ὲν
435 1992 548 2028 ἀπειρίᾳ
571 1991 688 2019 νοεῖσθαι
708 1991 756 2027 τὴν
776 1991 856 2026 φύσιν

70 2040 250 2076 διοριζόμεθα.
264 2039 301 2065 Τὸ
315 2038 343 2065 δὲ
357 2037 469 2064 καθόλου
484 2037 607 2072 ἄπειρον,
621 2037 651 2063 οὐ
666 2036 719 2062 τινὶ
737 2036 787 2071 μὲν
802 2035 857 2072 ὀρί-

72 2087 151 2119 ζεται,
166 2086 223 2112 τινὶ
237 2085 267 2112 δὲ
285 2084 344 2120 οὐχί
355 2091 362 2098 ·
381 2083 448 2110 ἀλλὰ
468 2083 538 2110 κατὰ
557 2083 645 2110 πάντα
661 2082 740 2116 λόγον
754 2082 855 2116 ἐκφεύ-

72 2142 110 2166 γει
122 2133 166 2159 τὸν
185 2132 248 2167 ὅρον
263 2131 281 2166 ή
296 2129 418 2165 ἀπειρία.
433 2129 536 2156 Οὐκοῦν
559 2128 590 2155 τὸ
610 2129 688 2160 ἐκτὸς
703 2129 777 2164 ὅρου,
795 2128 856 2155 οὐδὲ

73 2179 177 2212 ὀνόματι
199 2178 310 2208 παντως
324 2176 454 2212 ὁρίζεται.
477 2175 521 2206 Ὠς
537 2174 570 2201 ἂν
592 2172 638 2201 οὖν
653 2174 775 2207 διαμένοι
789 2194 797 2206 ,
812 2174 858 2200 ἐπὶ

894 243 916 270 si
929 250 976 277 per
990 242 1108 276 seipsum
1125 242 1322 273 consideretur.
1342 247 1389 269 aut
1402 241 1491 270 Patris
1514 243 1610 275 solius,
1634 247 1681 270 aut

895 287 1030 322 Unigeniti
1045 286 1231 321 peculiariter,
1241 290 1287 312 aut
1303 285 1424 321 Spiritus
1435 287 1523 315 sancti
1535 289 1681 322 separatim

895 334 931 361 sit
945 343 952 360 :
971 333 1019 360 sed
1031 332 1129 360 dividit
1142 332 1251 366 quidem
1267 332 1367 367 cuique
1382 333 1539 368 singulatim
1558 333 1640 366 bona,
1653 338 1683 362 ut

895 378 983 412 inquit
1011 377 1160 412 Apostolus
1173 377 1194 410 ⁸,
1220 385 1291 404 unus
1316 381 1343 404 et
1362 377 1433 404 idem
1457 378 1598 413 Spiritus:
1627 387 1682 407 non

896 428 985 450 autem
997 422 1101 457 absque
1113 423 1248 457 principio
1266 423 1330 449 boni
1345 427 1435 450 motus
1449 427 1490 450 est
1505 432 1537 451 ex
1554 424 1657 459 Spiritu
1672 434 1680 452 :

896 468 943 495 sed
958 468 1108 503 reperimus
1123 467 1195 502 quod
1212 475 1254 498 ea,
1271 475 1351 502 quam
1366 471 1429 495 ante
1445 467 1496 494 hac
1517 474 1607 497 mente
1618 477 1682 504 per-

895 513 1012 548 cipimus
1023 517 1050 540 et
1065 513 1320 543 animadvertimus,
1339 513 1435 545 virtus,
1458 521 1518 547 quae
1529 518 1572 541 est
1593 515 1685 550 unige-

895 559 970 585 nitus
986 558 1074 590 Deus,
1093 558 1184 584 omnia
1201 557 1274 590 facit,
1285 558 1344 585 sine
1363 564 1417 593 quo
1429 558 1496 585 nihil
1509 567 1603 586 eorum
1625 568 1685 595 quae

897 608 961 631 sunt
980 604 1013 630 ad
1030 604 1232 639 generationem
1249 604 1387 638 provenit:
1398 605 1464 640 quin
1480 610 1507 632 et
1519 605 1577 640 ipse
1589 613 1685 634 rursus

896 649 1029 676 honorum
1046 648 1107 676 fons
1130 656 1162 676 ex
1181 648 1272 676 Patris
1290 649 1472 677 destinatione
1494 657 1526 677 ac
1551 651 1687 678 voluntate

900 695 1017 722 exsistit.

934 757 962 784 Si
982 757 1065 792 igitur
1076 757 1166 784 omnis
1183 765 1227 785 res
1237 757 1319 790 bona,
1336 762 1362 785 et
1377 766 1456 785 omne
1474 758 1575 785 bonum
1588 766 1687 785 nomen
1736 762 1741 766 ‘

898 804 932 830 ab
944 811 986 836 ea,
1005 811 1066 838 qua:
1089 804 1218 838 principii
1236 811 1333 838 expers
1351 809 1402 837 est,
1429 810 1562 839 potestate
1576 813 1607 831 ac
1621 813 1688 832 con-

899 850 961 877 silio
980 850 1113 884 pendens,
1136 850 1163 876 in
1191 850 1291 877 virtute
1302 849 1421 884 Spiritus
1449 858 1496 885 per
1519 851 1687 886 unigenitum

902 896 986 924 Deum
1000 896 1059 923 sine
1075 896 1252 923 distinctione
1267 903 1299 923 ac
1317 897 1404 930 spatio
1420 897 1552 931 temporis
1565 897 1599 923 ad
1625 904 1688 931 per-

901 942 1046 969 fectionem
1063 947 1088 969 et
1104 942 1370 969 consummationem
1388 941 1544 974 deducitur,
1568 951 1617 971 nec
1634 944 1688 971 ulla

902 995 979 1014 mora
992 988 1018 1015 in
1050 987 1134 1014 divini
1155 987 1288 1022 propositi
1314 987 1562 1023 destinationisque
1584 993 1657 1016 motu
1675 997 1690 1016 κ

902 1034 981 1061 Patre
999 1041 1047 1069 per
1065 1033 1164 1060 Filium
1180 1033 1213 1060 ad
1238 1032 1370 1068 Spiritum
1386 1033 1531 1062 intercedit
1550 1039 1597 1062 aut
1610 1035 1691 1062 intel—

902 1079 1018 1115 ligitur:
1039 1084 1119 1114 atque
1139 1087 1222 1106 unum
1238 1079 1371 1106 bonorum
1399 1084 1454 1106 tum
1480 1081 1618 1108 nominum
1634 1084 1691 1108 tum

902 1125 1090 1153 intellectuum
1107 1125 1188 1152 etiam
1205 1124 1291 1152 deitas
1306 1128 1348 1152 est
1364 1125 1452 1157 ;haud
1466 1131 1540 1154 recte
1558 1127 1585 1154 in
1600 1127 1694 1153 multi-

903 1171 1025 1198 tudinem
1053 1170 1079 1198 id
1098 1178 1197 1198 nomen
1213 1170 1398 1197 diﬁ'unditur:
1428 1171 1528 1206 quippe
1557 1179 1600 1203 ea,
1633 1179 1694 1206 qua:

904 1218 977 1245 circa
991 1217 1166 1244 efﬁcientiam
1180 1221 1232 1247 est,
1245 1217 1348 1244 unitate
1367 1217 1498 1252 pluralem
1524 1217 1695 1244 numeratio-

903 1273 963 1292 sem
979 1264 1151 1299 prohibente.
1169 1264 1207 1290 Ac
1234 1262 1464 1298 quemadmodum
1487 1271 1557 1291 unus
1572 1267 1695 1290 servator

903 1311 1024 1338 omnium
1038 1310 1179 1337 hominum
1191 1310 1310 1336 maxime
1322 1309 1439 1336 ﬁdelium
1452 1309 1486 1336 ab
1499 1309 1629 1344 Apostolo
1645 1317 1695 1336 no-

903 1357 1022 1383 minatus
1036 1359 1077 1383 est
1091 1356 1114 1388 ’,
1127 1358 1154 1382 et
1169 1355 1260 1382 nullus
1274 1361 1306 1382 ex
1322 1355 1373 1382 hac
1390 1362 1456 1382 voce
1476 1355 1517 1381 vel
1535 1354 1634 1382 Filium
1653 1355 1697 1382 di-

903 1403 940 1430 cit
956 1410 1009 1429 non
1026 1409 1137 1429 servare
1152 1400 1294 1428 credentes
1309 1421 1315 1433 ,
1339 1401 1381 1428 vel
1402 1401 1505 1436 absque
1527 1401 1632 1435 Spiritu
1651 1409 1697 1428 sa-

905 1451 987 1476 lutem
1006 1447 1240 1483 consequentibus
1259 1447 1394 1474 exsistere
1410 1457 1416 1474 :
1450 1447 1497 1475 sed
1514 1451 1557 1475 est
1573 1453 1698 1475 servator

904 1495 1037 1528 omnium,
1052 1494 1097 1529 qui
1118 1501 1202 1528 super
1215 1501 1311 1520 omnes
1327 1497 1369 1520 est
1383 1492 1465 1526 Deus,
1477 1498 1610 1528 operante
1629 1493 1699 1521 Filio

904 1542 1019 1569 salutem
1045 1548 1094 1575 per
1110 1540 1225 1575 gratiam
1243 1539 1331 1567 sancti
1357 1538 1476 1573 Spiritus
1499 1549 1505 1566 :
1530 1544 1613 1574 atque
1639 1539 1700 1566 ideo

904 1588 990 1615 nihilo
1010 1587 1097 1621 magis
1129 1591 1185 1613 tres
1216 1588 1401 1612 servatoresa
1436 1584 1579 1619 Scriptura
1611 1585 1700 1619 nomi-

904 1638 1021 1666 nantur,
1049 1632 1156 1659 etiamsi
1184 1631 1287 1666 alisque
1314 1631 1500 1658 controversia
1526 1631 1600 1658 salus
1629 1630 1702 1658 exsi-

905 1684 959 1707 stat
991 1687 1005 1706 a
1039 1684 1133 1706 sancta
1169 1677 1302 1706 Trinitate
1331 1687 1338 1705 :
1374 1678 1469 1705 eodem
1503 1678 1583 1704 modo
1612 1685 1701 1712 neque

904 1731 961 1754 tres
984 1726 1021 1753 dii
1039 1725 1125 1761 (sunt)
1148 1725 1299 1752 secundum
1324 1723 1458 1751 redditam
1482 1723 1592 1751 deitatis
1616 1722 1703 1758 signi-

908 1771 1062 1798 ﬁcationem
1088 1780 1094 1797 :
1119 1777 1276 1805 quanquam
1305 1769 1435 1796 convenit
1465 1769 1528 1796 talis
1557 1769 1702 1804 appellatio

906 1821 1008 1844 sancta:
1036 1815 1174 1842 Trinitati.
1206 1815 1332 1849 Pugnare
1350 1819 1439 1841 autem
1454 1822 1515 1841 cum
1536 1814 1702 1842 adversariis

906 1862 1063 1890 dicentibus
1077 1869 1130 1888 non
1150 1864 1278 1896 oportere
1303 1859 1456 1887 efficaciam
1483 1859 1635 1894 intelligere
1656 1867 1703 1894 per

907 1908 1048 1938 deilatcm,
1062 1914 1115 1933 non
1133 1906 1280 1933 admodum
1294 1905 1360 1932 mihi
1379 1905 1566 1932 necessarium
1584 1913 1644 1932 esse
1664 1905 1703 1931 vi-

907 1953 999 1983 detur,
1026 1955 1158 1986 quantum
1180 1951 1211 1978 ad
1243 1954 1403 1985 praesentem
1432 1950 1568 1977 sermonis
1607 1950 1704 1978 attinet

909 1996 1112 2032 probationem.
1138 1994 1205 2022 Nam
1220 2003 1271 2022 nos
1296 1995 1407 2029 quidem
1431 1994 1600 2022 indeﬁnitam
1618 1999 1645 2022 et
1661 1994 1704 2022 in-

908 2041 1184 2077 comprehensibilem
1195 2041 1316 2068 divinam
1332 2046 1457 2068 naturam
1475 2048 1535 2068 esse
1547 2040 1702 2073 credentes,

908 2089 1011 2117 nullam
1037 2087 1097 2121 ejus
1122 2087 1365 2116 animadvertimus
1395 2086 1667 2122 comprehensionem
1695 2097 1702 2115 ξ

909 2133 956 2161 sed
972 2133 1130 2160 omnimodo
1145 2132 1171 2158 in
1185 2131 1320 2159 inﬁnitate
1343 2131 1456 2167 intelligi
1480 2131 1563 2166 (eam)
1579 2135 1704 2159 naturam

910 2187 1055 2207 censemus
1072 2183 1098 2206 et
1116 2178 1297 2205 afﬁrmamus.
1320 2177 1396 2211 Quod
1415 2184 1505 2205 autem
1527 2184 1640 2213 prorsus
1665 2184 1707 2206 est

75 2225 117 2260 τῆς
132 2225 209 2256 θείας
228 2222 336 2258 φύσεως
354 2221 402 2248 τοῦ
415 2221 541 2256 ἀορίστου
555 2222 572 2256 ἡ
586 2220 686 2251 ἔννοια,
706 2221 776 2256 ὑπὲρ
801 2221 852 2247 nit

913 2225 1062 2257 inﬁnitum,
1090 2232 1144 2252 non
1164 2224 1254 2258 aliqua
1270 2224 1379 2259 quidem
1408 2231 1437 2250 re
1462 2222 1602 2256 delinitur,
1616 2224 1707 2259 aliqua

76 2270 154 2305 ινομά
165 2277 259 2304 φαμεν
273 2266 342 2295 εἶναι
357 2267 388 2294 τὸ
402 2268 483 2298 Θεῖον,
529 2266 558 2293 δὲ
575 2266 669 2301 θεότης
686 2266 714 2292 ἓν
726 2266 781 2293 τῶν
800 2266 859 2293 ὀνο-

79 2317 161 2351 μάτων
182 2315 268 2342 ἐστίν.
285 2313 389 2341 Οὐκοῦν
404 2313 434 2340 οὐ
454 2312 564 2339 δύναται
580 2312 610 2338 τὺ
627 2312 692 2346 αὐτὸ
707 2312 753 2339 καὶ
774 2311 860 2347 ὄνομα

79 2361 148 2393 εἶναι,
160 2362 209 2389 καὶ
224 2361 294 2396 ὑπὲρ
307 2361 361 2387 πᾶν
374 2359 460 2394 ὅνομα
472 2358 640 2394 νομίζεσθαι.

913 2278 978 2298 vero
993 2278 1047 2297 non
1061 2279 1068 2303 ;
1084 2269 1130 2297 sed
1146 2270 1219 2296 omni
1239 2269 1346 2296 ratione
1364 2268 1484 2296 inﬁnitas
1503 2268 1597 2304 eﬁ’ugit
1611 2268 1708 2297 delini—

914 2316 1028 2343 tionem.
1041 2315 1119 2348 Quod
1139 2315 1220 2350 igitur
1245 2322 1343 2349 expers
1358 2318 1400 2342 est
1415 2314 1594 2346 deﬁnitionis,
1611 2323 1645 2342 ne
1659 2323 1709 2342 rio--

914 2362 987 2389 mine
1003 2361 1111 2396 quidem
1127 2368 1241 2396 prorsus
1252 2360 1392 2388 deﬁnitur.
1408 2359 1443 2387 Ut
1462 2368 1527 2395 ergo
1538 2365 1707 2396 permaneat,

80 2417 103 2442 in
114 2407 205 2434 divina
227 2410 327 2433 natura
350 2404 483 2431 indeﬁniti
503 2404 672 2435 intellectus,
696 2411 780 2438 super
796 2411 876 2433 omne
895 2414 993 2435 nomen
1028 2407 1144 2435 dicimus
1170 2415 1232 2435 esse
1260 2406 1382 2434 divinum
1407 2414 1532 2434 nomen:
1566 2411 1593 2434 at
1620 2408 1709 2436 deilas

81 2462 153 2481 unum
172 2454 207 2480 de
226 2451 387 2479 nominibus
403 2453 455 2478 est.
471 2449 531 2477 Non
549 2453 638 2485 potest
653 2450 735 2486 igitur
748 2450 819 2478 idem
838 2459 937 2480 nomen
955 2456 982 2480 et
993 2460 1065 2485 esse,
1077 2457 1104 2480 et
1116 2461 1199 2489 super
1212 2460 1293 2480 omne
1304 2460 1404 2481 nomen
1420 2445 1482 2482 esse
1495 2454 1656 2482 existimari.

110 2531 176 2566 Πλὴν
193 2531 218 2557 εἰ
227 2528 311 2557 τοῦτο
322 2530 381 2561 τοῖς
392 2528 524 2559 ἐναντίοις
534 2528 658 2564 ἀρέσκοι,
670 2529 707 2568 μῂ
718 2528 861 2564 ἐνεργείας

82 2576 140 2603 ἀλλὰ
156 2576 264 2611 φύσεως
279 2573 353 2601 εῖναι
367 2574 417 2609 τὴν
435 2573 582 2609 σημασίαν,
599 2573 866 2609 ἐπαναδραμούμεθα

83 2622 141 2657 πρὸς
156 2622 203 2649 τὸν
222 2620 255 2654 ἐξ
271 2620 364 2656 ἀρχῆς
380 2619 470 2653 λόγον,
483 2619 524 2645 ὅτι
540 2618 571 2645 τὸ
585 2618 635 2653 τῆς
658 2618 765 2653 φύτεως
782 2619 868 2654 ὄνομα

84 2667 274 2703 ἡμαρτημένως
286 2667 303 2702 ἡ
318 2665 451 2700 συνήθεια
463 2665 503 2696 εἰς
517 2664 636 2700 πλήθους
651 2664 786 2700 σημασίαν
797 2665 868 2698 ἄγει,

85 2713 136 2741 οὔτε
151 2713 305 2750 μειώσεως,
318 2711 384 2739 οὔτε
395 2711 537 2746 αὐξήσεως
552 2710 623 2738 κατὰ
633 2711 678 2739 τὸν
691 2711 777 2747 ἀληθῆ
791 2711 870 2746 λόγον

84 2761 290 2798 προσγινομένης
302 2761 338 2795 τῇ
355 2758 448 2793 φύσει,
461 2758 524 2785 ὅταν
537 2758 566 2784 ὲν
582 2757 699 2785 πλείοσιν
716 2757 732 2794 ἢ
749 2757 871 2786 ἐλάττοσι

106 2851 116 2868 ⁸
131 2851 140 2879 Ι
154 2851 219 2880 Cor.
236 2849 355 2886 “1,”.
395 2847 406 2864 ⁹
421 2846 431 2875 ι
448 2845 518 2874 Tim.
531 2854 568 2879 Iv,
589 2846 632 2874 l0.

951 2527 1148 2556 Verumtamen
1178 2528 1202 2555 si
1228 2528 1395 2556 adversariis
1428 2528 1481 2556 hoc
1511 2528 1610 2563 placet,
1637 2528 1708 2562 quod

919 2582 974 2602 non
985 2573 1147 2607 eilicientiaa,
1164 2574 1212 2602 sed
1228 2578 1332 2602 natura:
1348 2574 1515 2609 signiﬁcatio
1526 2574 1573 2605 sit,
1587 2580 1711 2600 recurre-

919 2629 982 2648 mus
997 2620 1031 2647 ad
1050 2628 1122 2652 eam,
1142 2627 1224 2655 quam
1241 2620 1268 2647 in
1282 2620 1361 2647 initio
1378 2619 1523 2655 posuimus
1546 2617 1709 2650 orationem,

921 2657 995 2702 quod
1009 2666 1182 2694 consuetudo
1193 2673 1337 2701 perperam
1354 2670 1459 2692 natura:
1476 2671 1574 2691 nomen
1592 2663 1625 2690 ad
1641 2663 1707 2690 mul-

922 2712 1051 2741 titudinis
1063 2712 1292 2748 signiﬁcationem
1314 2710 1416 2745 trahat,
1434 2717 1522 2745 neque
1541 2709 1712 2736 incremento

922 2758 990 2793 ullo,
1006 2766 1097 2795 neque
1122 2758 1314 2792 diminutione,
1334 2756 1484 2785 secundum
1507 2762 1598 2784 veram
1628 2754 1713 2782 ratio-
