1954 3081
253 158 300 186 131

867 151 896 179 S.
920 151 1084 179 GREGORII
1111 151 1258 180 NYSSENI

1825 155 1876 181 152

250 225 325 250 nam,
339 214 487 243 accedente
509 212 544 240 ad
561 215 701 244 naturam,
716 219 779 239 cum
803 212 846 240 vel
868 214 896 240 in
912 212 1034 247 pluribus

1091 212 1235 248 θεωρῆται.
1252 213 1328 240 Μόνα
1347 213 1402 249 γὰρ
1419 213 1491 241 κατὰ
1505 213 1630 241 σύνθεσιν
1642 213 1811 249 ἀριθμεῖται,
1825 213 1876 240 ὅσα

250 264 293 292 vel
305 260 481 298 paucioribus
494 262 643 291 specletur.
666 257 703 285 Ea
720 255 851 298 namque
862 258 921 285 sola
938 265 1038 286 secun-

250 308 315 336 dum
335 305 564 341 compositionem
587 308 779 334 numerantur,
803 293 866 338 qua:
886 302 1037 330 secundum

249 352 387 389 propriam
415 349 700 383 circumscriptionem
727 347 951 376 considerantur.
976 347 1038 375 Cir-

249 396 430 432 cumscriptio
448 398 538 422 autem
557 394 584 421 in
609 393 755 428 superﬁcie
780 393 913 428 corporis,
929 392 957 419 in
977 400 1037 419 ma-

249 442 402 479 gnitudine,
421 441 450 467 in
467 441 538 472 loco,
558 440 584 466 in
606 439 761 466 diﬂ‘ereutia
784 439 876 474 ﬁgura
893 442 919 465 et
936 437 1037 465 coloris

249 487 502 523 comprehenditur.
514 487 550 513 At
565 486 637 521 quod
654 489 732 513 extra
757 486 813 512 haec
831 485 1036 517 consideratur,

249 534 343 568 είῐυειίι
354 541 426 566 eam,
448 540 509 567 qute
527 540 574 567 per
590 532 655 559 talia
678 531 719 564 ﬁt,
735 531 1035 565 circumscriptionem.

248 579 326 613 Quod
344 583 435 605 autem
453 585 506 605 non
525 576 772 609 circumscribitur,
785 584 840 603 non
859 581 1037 608 numeratur;

247 625 362 660 etquod
380 632 434 651 non
451 627 622 654 numeratur,
635 623 662 649 in
675 623 851 650 multitudine
867 622 1036 650 considerari

247 679 303 699 non
319 675 418 706 potest.
432 669 499 697 Nam
517 673 544 696 et
559 676 668 700 aurum,
684 669 791 695 etiamsi
816 668 843 695 in
864 669 966 696 multas
980 668 1037 694 for-

248 726 307 746 mas
323 722 349 745 et
374 718 476 752 ﬁguras
501 716 654 747 scindatur,
673 722 757 741 unum
773 718 800 741 et
814 721 876 741 esse
888 718 914 741 et
927 714 980 741 diei
997 713 1037 740 οἷς

249 765 407 792 ﬁrmantes:
421 769 548 794 nummos
562 768 625 787 vero
637 760 737 787 multos
754 767 786 786 ac
803 759 903 786 multos
920 763 1037 786 stateres

249 810 436 840 nominamus,
454 807 556 834 nullatn
575 806 635 832 auri
654 810 761 832 natura:
777 804 985 831 redundantiam
1009 803 1036 830 in

248 855 425 883 multitudine
452 857 585 881 staterum
613 850 793 886 reperientes.
817 850 894 877 L'nde
918 849 1035 875 multum

247 909 357 937 quoque
377 907 474 927 aurum
489 898 600 928 dicitur,
618 904 680 924 cum
699 896 796 930 majori
813 895 933 931 pondere
949 896 992 921 vel
1007 895 1034 922 in

247 948 320 974 vasis
332 947 373 974 vel
393 945 514 973 nummis
531 947 680 978 spectatur,
694 942 778 968 multa
792 947 881 969 autem
891 949 957 968 aura
971 948 1035 976 pro-

246 998 306 1028 pter
320 991 523 1019 multitudinem
544 989 665 1016 materim
689 996 743 1015 non
765 987 944 1014 nominantur
960 996 966 1014 :
981 987 1034 1014 nisi

246 1040 310 1075 quis
328 1039 364 1065 ita
380 1039 463 1070 dicat,
481 1044 581 1064 aureos
606 1035 719 1066 multos,
746 1034 830 1061 veluti
847 1034 972 1064 Doricos,
989 1038 1036 1060 aut

247 1091 363 1112 stateres
385 1084 433 1112 :in
450 1083 550 1118 quibus
562 1089 616 1109 non
627 1081 751 1111 materia,
769 1081 815 1108 sed
827 1083 935 1107 moneta
955 1087 1034 1106 num-

246 1132 341 1167 mique
378 1129 564 1157 multitudinis
604 1126 833 1162 signiﬁcationem
873 1124 1033 1152 admittunt.

245 1177 314 1204 Nam
330 1175 440 1211 proprie
462 1175 512 1202 hos
541 1181 594 1201 non
621 1172 748 1208 χρυσοῦς,
776 1171 802 1198 id
831 1176 872 1199 est
886 1178 963 1203 aura,
988 1170 1035 1197 sed

245 1223 402 1259 χρυσείους,
420 1221 445 1248 id
465 1225 507 1248 est
531 1227 635 1252 aureos,
651 1219 744 1246 dicere
765 1218 836 1245 licet.
853 1215 1037 1250 Quemadmo-

246 1269 310 1295 dnln
326 1267 409 1302 igitur
427 1266 506 1294 militi
522 1265 633 1300 quidem
662 1264 738 1292 attrei
766 1268 831 1291 sunt
845 1268 973 1295 stateres,
988 1269 1036 1288 au-

246 1321 308 1340 rum
323 1319 387 1340 vero
410 1319 494 1338 unum
511 1315 576 1338 est:
594 1310 688 1337 eodem
713 1309 794 1336 modo
820 1308 899 1335 multi
923 1307 1033 1342 quidem

247 1359 403 1395 singulares
418 1358 446 1384 in
471 1361 570 1384 natura
590 1356 710 1384 hominis
725 1355 919 1387 ostenduntur,
937 1359 967 1381 ut
983 1353 1035 1380 Pc-

247 1410 316 1438 trus,
342 1404 474 1436 Jacobus,
500 1403 620 1431 Joannes
637 1410 643 1428 :
659 1410 732 1429 unus
747 1410 812 1428 vero
836 1402 863 1428 in
892 1401 936 1428 his
954 1400 1035 1427 homo

246 1455 298 1479 est.
320 1451 397 1484 Quod
414 1451 436 1478 si
454 1449 596 1484 Scriptura
624 1456 722 1481 nomen
739 1448 835 1474 dilatat
860 1450 886 1474 et
913 1445 1036 1473 extendit

247 1497 280 1524 ad
302 1496 434 1532 pluralem
453 1493 692 1530 signiﬁcationem,
714 1492 779 1518 dum
815 1490 892 1520 dicit,
911 1499 920 1515 ‹
938 1488 1034 1516 llomi-

247 1549 295 1569 nes
307 1549 355 1576 per
371 1541 502 1575 majorem
512 1539 648 1574 jurant”,
662 1547 671 1562 ι
683 1541 710 1564 et
723 1546 732 1561 α
749 1535 808 1563 Filii
829 1535 1011 1568 hominum“,
1024 1543 1033 1560 ι

246 1592 273 1615 et
289 1592 387 1615 cetera
405 1586 517 1616 similia.
539 1583 718 1619 jndicandum
745 1587 798 1613 est,
825 1581 897 1616 quod
919 1588 1036 1608 consue-

246 1633 341 1661 tudine
366 1632 515 1660 obtinentis
534 1631 634 1664 linguae
661 1627 850 1663 proprietatis,
869 1634 951 1662 quam
975 1625 1035 1652 διά-

246 1677 340 1704 λεκτον
367 1683 509 1705 voeamus.
536 1679 640 1705 utatur,
670 1681 723 1700 non
750 1673 835 1708 legem
863 1671 1034 1706 praescribat,

246 1732 300 1758 qua
316 1723 357 1750 sic
371 1725 495 1756 oporteat
513 1720 604 1755 potius
617 1727 697 1754 quam
714 1719 794 1745 aliter
810 1718 900 1745 verbis
917 1718 956 1744 uti
968 1726 974 1744 :
986 1725 1036 1745 nec

246 1767 552 1801 attiiiciosamaliquam
568 1766 600 1793 de
613 1765 704 1792 verbis
719 1764 872 1791 doctrinam
889 1763 1035 1791 instituens

246 1816 303 1843 haec
314 1815 398 1847 dicat,
414 1813 462 1842 sed
491 1813 641 1842 secundum
667 1812 837 1840 obtinentem
858 1811 1035 1839 consuetudi-

1089 259 1148 286 κατ’
1168 259 1236 286 ἰδίαν
1252 260 1425 296 περιγραφὴν
1437 260 1580 295 θεωρεῖται
1591 268 1598 276 ν
1617 260 1633 294 ἡ
1654 259 1682 285 δὲ
1697 260 1857 295 περιγραφὴ
1867 281 1874 293 ,

1088 303 1117 329 έν
1125 303 1269 339 ἐπιφανείᾳ
1280 303 1403 339 σώματος
1411 304 1457 331 καὶ
1467 304 1576 340 μεγέθει
1584 304 1630 331 καὶ
1639 304 1714 338 τόπῳ
1724 304 1770 330 καὶ
1778 305 1812 339 τῇ
1819 303 1878 330 δια-

1089 350 1158 384 φορᾷ
1166 350 1198 384 τῇ
1208 349 1276 376 κατὰ
1282 350 1312 376 τὸ
1320 343 1412 386 σχῆμα
1424 351 1469 376 καὶ
1479 350 1577 385 χρῶμα
1585 349 1876 385 ηταλαμὸάνεταιπὺ

1088 394 1116 421 δὲ
1133 395 1185 427 ἔξω
1201 394 1303 422 τούτων
1313 395 1509 432 θεωρούμενον,
1534 395 1663 430 ἐκφεύγει
1683 395 1732 431 τὴν
1753 395 1798 422 διὰ
1821 395 1876 422 τῶν

1087 441 1214 468 τοιούτων
1220 442 1403 477 περιγραφήν.
1410 442 1442 468 Ὃ
1449 441 1477 468 δὲ
1489 441 1526 477 μὴ
1535 442 1734 477 περιγράφεται
1743 442 1793 468 οὐκ
1802 441 1876 477 ἀριθ-

1090 486 1228 520 μεῖται,τὸ
1241 487 1269 513 δὲ
1281 487 1318 522 μὴ
1331 487 1540 522 ἀριθμούμενον,
1555 487 1584 513 ἐν
1595 486 1690 521 πλήθει
1704 486 1876 522 θεωρηθῆναι

1088 533 1117 558 οὺ
1129 531 1250 559 δύναται.
1268 533 1343 559 Ἐπεὶ
1358 533 1404 559 καὶ
1417 533 1462 559 τὸν
1472 533 1571 568 χρυσόν
1582 541 1681 568 φαμεν,
1695 532 1746 559 κᾶν
1759 533 1800 564 εἰς
1809 532 1876 558 πολ-

1088 577 1149 608 λοὺς
1165 577 1406 614 διακερματίζηται
1423 578 1523 609 τύπους
1535 597 1542 609 ,
1560 579 1607 604 ἕνα
1624 578 1670 604 καὶ
1686 575 1755 604 εἶναι
1772 578 1819 604 καὶ
1835 577 1877 604 λέ-

1088 625 1183 657 γεσθαι
1196 633 1202 639 “
1222 625 1306 652 πολλὰ
1322 626 1350 652 δὲ
1371 626 1526 661 νομίσματα
1545 626 1593 652 καὶ
1611 625 1723 657 πολλοὺς
1737 626 1877 661 στατῆρας

1087 670 1266 706 ὀνομάζομεν,
1286 671 1380 698 οὐδένα
1396 672 1445 706 τῆς
1460 672 1567 706 φύσεως
1583 671 1630 698 τοῦ
1644 670 1744 708 χρυσοῦ
1762 671 1876 698 πλεονα-

1088 714 1157 750 σμὸν
1173 716 1202 742 ἐν
1216 716 1255 751 τῷ
1270 716 1367 752 πλήθει
1387 717 1441 743 τῶν
1463 718 1605 752 στατήρων
1624 717 1808 752 εὑρίσκοντες.
1830 718 1877 744 Διὸ

1088 761 1135 788 καὶ
1150 761 1234 792 πολὺς
1247 761 1261 786 ὁ
1283 761 1384 796 χρυσὸς
1398 761 1523 796 λέγεται,
1545 763 1609 789 ὅταν
1630 762 1705 798 ὄγκῳ
1727 763 1841 794 πλείονι,
1859 763 1875 798 ἦ

1090 806 1228 836 σκεύεσιν,
1243 807 1259 842 ἢ
1275 807 1424 842 νομίσμασι
1439 807 1586 843 θεωρῆται,
1601 807 1693 834 πολλοὶ
1703 808 1731 835 δὲ
1744 809 1767 834 οἱ
1780 810 1877 844 χρυσοῖ

1088 852 1133 879 διὰ
1149 852 1179 879 τὸ
1197 853 1297 888 πλῆθος
1311 854 1361 888 τῆς
1377 853 1442 888 ὕλης
1459 854 1509 880 οὐκ
1523 853 1700 887 ὀνομάζονται
1713 862 1719 868 ·
1736 855 1760 880 εἰ
1780 855 1817 890 μή
1835 864 1877 886 τις

1088 895 1160 923 οὕτω
1176 896 1264 930 λέγοι,
1281 897 1398 932 χρυσοὺς
1417 897 1545 929 πολλοὺς,
1563 897 1601 929 ὡς
1618 898 1680 929 τοὺς
1695 899 1841 933 Δαρεικοὺς
1861 899 1877 933 ἢ

1088 943 1152 974 τοὺς
1170 943 1317 977 στατῆρας,
1331 943 1373 977 ἐφ’
1392 939 1430 969 ὧν
1446 942 1495 978 οὐχ
1509 943 1525 978 ἡ
1542 943 1608 977 ὕλη,
1623 943 1692 969 ἀλλὰ
1704 944 1738 971 τὰ
1750 944 1877 978 κέρματα

1088 988 1138 1024 τὴν
1160 988 1206 1015 τοῦ
1233 989 1351 1024 πλήθους
1374 989 1510 1024 σημασίαν
1532 989 1666 1022 ἐδέξαντο.
1690 990 1800 1024 Κυρίως
1822 990 1878 1026 γὰρ

1089 1036 1162 1062 ἐστιν
1187 1035 1246 1070 οὐχὶ
1261 1036 1393 1070 χρυσοὺς,
1410 1036 1477 1062 ἀλλὰ
1497 1036 1630 1072 χρυσέους
1645 1037 1757 1068 τούτους
1778 1038 1877 1063 εἰπεῖν.

1090 1080 1195 1117 ’Ὠσπερ
1208 1081 1296 1108 τοίνυν
1312 1082 1404 1108 πολλοὶ
1420 1082 1469 1117 μὲν
1483 1083 1506 1108 οι
1521 1082 1631 1117 χρύσεοι
1648 1084 1793 1118 στατῆρες,
1811 1091 1880 1118 χρυ-

1090 1127 1136 1158 σὸς
1148 1127 1176 1154 δὲ
1189 1125 1240 1159 εἷς,
1255 1127 1327 1154 οὕτω
1339 1129 1387 1154 καὶ
1400 1128 1491 1155 πολλοὶ
1501 1129 1550 1164 μὲν
1563 1130 1586 1155 οἱ
1597 1129 1661 1156 καθ’
1674 1129 1789 1157 ἕκαστον
1804 1131 1833 1156 ὲν
1845 1131 1879 1165 τῇ

1090 1172 1169 1207 φύσει
1192 1173 1239 1199 τοῦ
1261 1173 1406 1209 ἀνθρώπου
1426 1174 1609 1209 δεικνύμενοι,
1632 1173 1687 1202 οἷον
1709 1175 1812 1212 Πέτρος
1833 1177 1881 1203 καὶ

1096 1219 1223 1251 Ἰάκωϐος
1239 1220 1287 1246 καὶ
1305 1220 1430 1256 Ἰωάννης
1440 1241 1446 1251 ,
1464 1217 1504 1252 εἷς
1519 1221 1547 1247 δὲ
1565 1221 1593 1248 ἐν
1607 1221 1712 1253 τούτοις
1724 1221 1878 1257 ἄνθρωπος.

1089 1265 1150 1291 Κᾶν
1165 1266 1182 1301 ἡ
1200 1265 1295 1301 Γραφὴ
1309 1265 1430 1302 πλατύνῃ
1444 1265 1474 1292 τὸ
1487 1267 1571 1302 ὄνομα
1586 1267 1657 1294 κατὰ
1669 1268 1718 1303 τὴν
1732 1268 1881 1303 πληθυντιο

1090 1311 1140 1347 κὴν
1158 1312 1295 1347 σημασίαν
1309 1313 1338 1338 ἐν
1352 1311 1390 1347 τῷ
1407 1312 1507 1347 λέγειν,
1529 1322 1538 1339 t
1560 1313 1715 1348 ’Ἄνθρωποι
1736 1313 1807 1340 κατὰ
1830 1314 1878 1340 τοῦ

1091 1358 1213 1392 μείζονος
1237 1357 1391 1392 ὀμνύουσιν,
1411 1367 1420 1383 ι
1439 1358 1495 1392 καὶ,
1516 1367 1526 1384 t
1545 1359 1604 1386 Υἱοὶ
1616 1359 1778 1394 ἀνθρώπων,
1803 1369 1812 1386 ι
1831 1361 1879 1387 καὶ

1089 1402 1139 1429 ὃσα
1154 1402 1281 1434 τοιαῦτα,
1299 1403 1434 1437 γνωστέον
1449 1404 1490 1430 ὅτι
1552 1404 1681 1440 συνηθείᾳ
1694 1405 1743 1440 τῆς
1761 1406 1881 1440 ἐπικρα-

1090 1447 1189 1482 τούσης
1203 1448 1341 1475 διαλέκτου
1354 1448 1520 1484 κεχρημένη,
1537 1448 1596 1484 οὐχὶ
1618 1449 1758 1484 νομοθετεί
1774 1449 1805 1477 τὸ
1824 1450 1880 1477 δεῖν

1090 1493 1176 1525 οὕτως
1193 1494 1208 1529 ῆ
1229 1495 1265 1526 ὡς
1284 1490 1383 1530 ἑτέρως
1407 1493 1555 1529 κεχρῆσθαι
1576 1495 1631 1526 τοῖς
1656 1496 1775 1530 ῥήμασιν
1789 1504 1796 1511 ·
1820 1496 1881 1522 οὐδέ

1089 1548 1150 1567 τινα
1163 1541 1290 1575 τεχνικὴν
1307 1540 1372 1575 περὶ
1387 1540 1517 1575 ῥημάτων
1536 1540 1710 1568 διδασκαλίαν
1729 1543 1881 1577 ποιουμένη

1089 1586 1177 1612 ταῦτα
1192 1584 1329 1617 διέξεισιν,
1343 1585 1411 1612 ἀλλὰ
1427 1585 1498 1613 κατὰ
1520 1586 1568 1622 τὴν
1585 1587 1788 1621 ἐπικρατοῦσαν
1819 1596 1882 1613 συν-

1090 1630 1186 1666 ήθειαν
1203 1630 1300 1666 χρῆται
1317 1630 1355 1665 τῷ
1369 1630 1450 1666 λόγῳ,
1462 1631 1530 1666 πρὸς
1542 1631 1620 1658 τοῦτο
1633 1631 1769 1666 βλέπουσα
1787 1633 1879 1668 μόνον,

1085 1677 1163 1708 ὅπως
1176 1676 1208 1703 ἂν
1223 1677 1365 1712 ἐπωφελὴς
1379 1676 1484 1710 γένοιτο
1505 1678 1561 1709 τοῖς
1583 1677 1738 1713 δεχομένοις
1754 1680 1768 1705 ὁ
1784 1678 1879 1713 λόγος,

1089 1720 1166 1747 οὐδὲν
1182 1720 1432 1756 ἀκριϐολογουμένη
1451 1721 1522 1747 κατὰ
1535 1721 1584 1757 τὴν
1598 1722 1681 1756 λέξιν,
1700 1723 1729 1750 ὲν
1749 1720 1791 1755 οἷς
1803 1724 1879 1750 οὔδε-

1092 1766 1141 1801 μία
1167 1766 1254 1802 βλάὸη
1278 1767 1348 1793 κατὰ
1369 1766 1487 1794 διάνοιαν
1511 1768 1544 1794 ὲκ
1574 1768 1628 1794 τῶν
1654 1769 1786 1804 ῥημάτων
1817 1778 1887 1796 συν-

1090 1813 1208 1839 ίσταται.

246 1872 307 1891 nem
333 1863 415 1890 verbo
441 1867 545 1894 utatur,
563 1861 588 1889 id
613 1861 701 1888 solum
726 1865 867 1895 spectans,
885 1864 915 1887 ut
935 1860 1138 1896 accipientibus
1157 1861 1234 1889 utilis
1259 1861 1296 1898 sit
1322 1862 1421 1894 oratio,
1451 1861 1518 1889 nihil
1550 1863 1696 1890 admodum
1718 1863 1880 1899 disquirens

246 1911 320 1938 circa
332 1909 494 1941 dictionem,
512 1908 541 1935 in
556 1907 657 1943 quibus
678 1906 747 1934 locis
772 1906 878 1933 nullum
905 1905 1035 1933 damnum
1056 1907 1132 1934 circa
1148 1908 1311 1935 sententiam
1327 1915 1359 1935 ex
1373 1907 1464 1935 verbis
1479 1907 1624 1935 conﬂatur.

280 2006 319 2030 Ae
345 2003 457 2038 longum
482 2001 563 2030 fuerit
587 2001 621 2028 ad
648 2000 782 2028 dictorum
801 1999 987 2035 probationem
1003 2008 1037 2027 ex

246 2050 390 2085 Scriptura
409 2049 538 2084 colligere
561 2047 783 2075 constructiones
805 2046 956 2074 solmcismi
973 2053 1035 2081 spe-

245 2099 314 2124 ciem
330 2096 459 2123 habentes
480 2103 488 2120 :
513 2095 540 2121 in
565 2094 666 2129 quibus
696 2098 786 2120 autem
804 2092 956 2127 periculum
981 2094 1034 2123 est,

244 2150 279 2170 ne
294 2141 489 2169 detrimentum
506 2140 627 2174 patiatur
639 2139 763 2166 veritatis
779 2137 871 2172 aliqua
890 2144 964 2172 pars,
978 2144 1034 2163 non

245 2189 308 2216 item
324 2187 500 2222 promiscuus
529 2191 555 2214 et
579 2185 736 2212 indiﬂ'erens
758 2190 838 2215 usus,
864 2190 914 2210 nec
942 2181 1034 2209 indili-

245 2233 338 2268 gentia
357 2230 524 2258 discutiendi
552 2235 580 2258 et
603 2228 780 2257 examinandi
807 2228 834 2254 in
853 2228 943 2255 verbis
959 2227 1030 2254 Scri-

245 2284 332 2314 ptura:
354 2279 501 2313 reperitur.
519 2277 626 2304 idcirco
648 2276 773 2302 homines
790 2274 900 2308 quidem
918 2273 1032 2308 plurali-

244 2329 286 2352 ter
301 2324 445 2352 nominare
464 2323 602 2354 concedit,
624 2322 724 2356 quippe
743 2325 805 2348 c'um
824 2327 904 2347 nemo
922 2323 1033 2354 propter

244 2369 401 2404 hujusmodi
414 2369 526 2403 ﬁguram
541 2367 617 2394 vocis
632 2366 665 2392 ad
684 2365 886 2392 multitudinem
906 2365 1032 2392 humani-

244 2419 329 2443 tatum
345 2415 502 2450 suspicione
516 2413 684 2448 prolabatur,
703 2419 755 2439 nec
769 2412 870 2439 multas
895 2411 1031 2439 humanas

243 2466 355 2489 naturas
370 2459 519 2495 signiﬁcari
530 2458 677 2490 existimet,
690 2463 831 2492 propterea
849 2457 921 2494 quod
933 2466 1032 2485 nomen

243 2511 348 2535 natura:
367 2505 508 2540 pluraliter
530 2503 702 2530 enuntiatum
718 2504 764 2530 sit.
779 2503 814 2529 At
842 2511 936 2530 vocem
961 2503 1033 2531 Deus

243 2560 305 2580 cuin
323 2552 451 2579 cautione
467 2554 494 2577 et
524 2548 717 2576 observatione
748 2557 795 2583 per
816 2540 984 2584 singularem
1001 2549 1031 2576 ﬁ-

242 2605 336 2633 guram
348 2596 481 2628 enuntiat,
494 2596 545 2622 hoc
564 2595 734 2630 proSpiciens
758 2601 784 2623 et
800 2604 910 2629 cavens,
929 2603 964 2623 ne
987 2596 1031 2622 di-

243 2651 327 2672 versm
341 2647 445 2669 naturae
461 2642 557 2676 plurali
570 2641 768 2676 signiﬁcatione
785 2642 896 2670 deorum
916 2642 943 2669 in
961 2641 1031 2675 divi-

242 2698 275 2717 na
291 2688 408 2716 essentia
423 2687 685 2715 subintrodueantur
704 2697 710 2714 :
729 2688 918 2722 quamobrem,
940 2695 949 2712 t
977 2685 1030 2713 Do-

243 2736 334 2762 minus
359 2733 441 2766 Deus,
461 2743 470 2759 ι
490 2733 588 2768 inquit,
611 2741 621 2758 ‹
640 2732 772 2760 Dominus
788 2741 860 2759 unus
886 2737 928 2759 est
941 2733 962 2747 "
988 2741 994 2760 :
1018 2741 1027 2757 ι

241 2782 306 2817 quin
321 2780 402 2808 etiam
421 2779 589 2815 unigenitum
604 2778 689 2806 Deum
704 2786 771 2806 voce
783 2777 892 2806 deitatis
907 2785 1031 2813 pronun-

277 2872 299 2887 "
317 2871 398 2899 llebr.
415 2879 451 2904 γι,
473 2870 514 2897 12.
549 2870 569 2885 ι’
591 2869 665 2897 Psal.
684 2876 722 2902 iv,
735 2869 762 2896 5.
803 2869 824 2884 ¹¹
842 2867 918 2900 Deut.
944 2876 979 2901 Vl,
996 2868 1022 2895 ι.

1125 2000 1180 2028 Καὶ
1201 2001 1305 2036 μακρὸν
1325 2000 1358 2027 ἂν
1377 2000 1419 2035 εἴη
1435 2000 1484 2032 τὰς
1506 2000 1708 2035 σολοικοφανεῖς
1729 2000 1777 2028 τοῦ
1796 2001 1878 2036 λόγου

1089 2046 1228 2079 συντάξεις
1246 2048 1278 2073 ὲκ
1297 2047 1348 2081 τῆς
1373 2047 1485 2082 Γραφῆς
1506 2048 1666 2081 καταλέγειν
1692 2048 1732 2079 εἰς
1751 2048 1800 2083 τὴν
1823 2048 1879 2075 τῶν

1087 2093 1239 2128 εἰρημένων
1262 2092 1413 2125 ἀπόδειξιν·
1436 2094 1464 2119 ὲν
1487 2091 1528 2125 οἷς
1543 2094 1571 2120 δὲ
1587 2093 1708 2125 κίνδυνός
1726 2094 1785 2121 ἐστι
1809 2095 1876 2130 βλα-

1086 2138 1167 2173 6ἦναί
1184 2147 1208 2165 τι
1222 2139 1270 2174 τῆς
1282 2138 1421 2173 ἀληθείας,
1434 2138 1526 2166 ούκέτι
1543 2140 1572 2166 τὸ
1588 2139 1769 2167 ἀϐασάνιστόν
1783 2149 1813 2167 τε
1828 2141 1876 2167 καὶ

1086 2185 1231 2220 ἀδιάφορον
1246 2185 1275 2211 ὲν
1290 2186 1346 2217 τοῖς
1361 2187 1506 2220 γραφικοῖς
1520 2185 1676 2221 εὑρίσκεται
1694 2187 1809 2221 ῥήμασι.
1826 2187 1878 2213 Διὰ.

1086 2229 1166 2258 τοῦτο
1181 2230 1341 2266 ἀνθρώπους
1362 2232 1499 2266 συγχωρεῖ
1513 2231 1697 2266 πληθυντικῶς
1717 2231 1875 2267 ὀνομάζειν,

1085 2274 1128 2301 διὰ
1145 2275 1175 2301 τὸ
1199 2276 1300 2311 μηδένα
1318 2275 1357 2310 τῷ
1371 2275 1626 2312 τοιούτῳ-σχήματι
1648 2276 1698 2311 τῆς
1720 2276 1814 2311 φωνῆς
1837 2278 1878 2308 εἰς

1085 2321 1186 2356 πλῆθος
1212 2322 1427 2357 ἁνθρωποτήτων
1463 2322 1522 2353 ταῖς
1552 2321 1690 2353 ὑπονοίαις
1717 2322 1875 2353 ἐκπίπτειν,

1087 2366 1153 2401 μηδὲ
1177 2366 1296 2401 νομίζειν
1318 2365 1417 2397 πολλὰς
1435 2365 1607 2401 ἀνθρωπίνας
1627 2365 1722 2400 φύσεις
1745 2367 1876 2401 σημαίνε-

1085 2412 1157 2443 σθαι,
1171 2413 1213 2439 διὰ
1223 2413 1253 2439 τὸ
1267 2411 1453 2444 πληθυντικῶς
1464 2411 1658 2447 ὲξαγγελθῆναι
1667 2411 1698 2439 τὸ
1710 2412 1761 2447 τῆς
1767 2413 1876 2447 φύσεως

1083 2459 1178 2493 ὄνομα.
1195 2457 1251 2493 Τὴν
1263 2458 1290 2485 δὲ
1312 2458 1377 2490 Θεὸς
1401 2458 1491 2493 φωνὴν
1517 2459 1785 2494 παρατετηρημένως
1802 2459 1875 2485 κατὰ

1082 2504 1128 2531 τὸν
1141 2497 1229 2531 ἑνικὸν
1241 2504 1397 2538 ἐξαγγέλλει
1407 2505 1498 2536 τόπον,
1510 2503 1588 2530 τοῦτο
1601 2504 1829 2540 προμηθουμένη,
1843 2505 1875 2531 τὸ

1085 2550 1121 2586 μὴ
1146 2550 1289 2586 διαφόρους
1311 2549 1406 2584 φύσεις
1429 2550 1475 2576 ἐπὶ
1499 2553 1549 2584 τῆς
1575 2549 1650 2582 θείας
1673 2550 1767 2581 οὐσίας
1788 2551 1818 2576 ὲν
1839 2552 1873 2586 τῇ

1083 2596 1250 2632 πληθυντικῇ
1274 2596 1395 2631 σημασία
1409 2595 1461 2622 τῶν
1480 2595 1548 2622 Θεῶν
1565 2594 1791 2630 παρεισάγεσθαι.
1809 2595 1855 2621 Διὸ
1867 2617 1873 2627 ,

1085 2642 1161 2676 φησι.
1173 2650 1182 2666 t
1197 2641 1298 2676 Κύριος
1306 2642 1320 2667 ὀ
1328 2641 1402 2673 Θεὸς,
1412 2641 1512 2677 Κύριος
1525 2639 1563 2674 εἷς
1576 2643 1658 2667 ἐστιν·
1676 2651 1685 2666 ι
1694 2641 1761 2667 ἀλλὰ
1771 2641 1818 2668 καὶ
1828 2640 1875 2667 τὸν

1085 2687 1216 2722 μονογενῆ
1231 2687 1297 2713 Θεὸν
1320 2688 1353 2722 τῇ
1366 2686 1417 2722 τῆς
1434 2686 1560 2722 θεότητος
1580 2687 1767 2722 ἀνακηρύσσει
1785 2688 1872 2721 φωνῇ,

1084 2733 1131 2759 καὶ
1147 2733 1178 2758 οὐ
1196 2732 1298 2758 διαλύει
1319 2733 1349 2758 τὸ
1365 2732 1393 2758 ἓν
1405 2733 1445 2764 εἰς
1459 2732 1552 2768 δυῑκὴν
1570 2732 1720 2768 σημασίαν,
1738 2732 1809 2759 ὥστε
1827 2732 1874 2758 δύο

1084 2778 1162 2810 θεοὺς
1177 2777 1222 2805 τὸν
1241 2777 1352 2813 Πατέρα
1366 2778 1413 2804 καὶ
1427 2778 1472 2805 τὸν
1487 2778 1551 2806 Υξὲιν
1565 2779 1698 2814 ὀνομάσαι
1711 2787 1717 2793 ·
1739 2777 1794 2805 κᾶν
1808 2777 1875 2805 ἑκά-
