1954 3081
61 111 103 138 1ὗῦ
643 111 736 144 QUOD
757 110 826 139 NON
845 111 922 140 SINT
935 113 1025 142 TRES
1035 114 1089 143 Dll.

1626 119 1677 146 .456

58 179 126 205 τιρος
140 170 205 202 62?);
225 170 302 206 παρὰ
319 171 372 197 τῶν
382 170 466 204 ἁγίων
482 169 663 205 κηρύσστραι.
685 170 764 197 ’Λλλὰ
777 170 844 202 Θεὸς
857 197 859 201 ,

913 173 947 199 iat
962 180 969 199 :
985 180 1018 200 ac
1035 180 1089 200 non
1105 173 1229 202 dissolvit
1242 174 1267 202 id
1282 174 1354 210 quod
1369 182 1452 202 unum
1469 180 1511 203 est
1526 175 1552 202 in
1570 175 1677 204 dualem

61 217 103 251 μὲν
117 216 131 242 ό
158 216 255 252 Πατήρ
267 225 274 231 ·
296 217 363 248 Θεὸς
376 217 403 242 δὲ
425 217 439 242 ὁ
463 216 542 247 Υἱός·
561 213 601 248 εἷς
620 216 647 242 δὲ
663 217 691 243 ἐν
710 216 749 251 τῷ
770 216 844 252 αὐτῷ

60 262 210 298 κηρύγματι
225 262 240 287 ὁ
257 261 342 293 Θεὸς·
362 262 405 288 διὰ
417 261 447 287 τὸ
461 262 529 297 μήτε
545 261 662 296 φύσεως,
680 262 749 297 μήτε
766 263 838 298 ὲνερι

61 307 127 342 γείας
139 306 336 342 ἐνυεωρεῖσοαί
350 315 409 333 τινα
421 306 551 342 διαφορὰν
614 306 731 342 θεότητι.
745 307 776 333 Εἰ
791 307 845 343 γὰρ

61 352 231 388 παρήλλακτο
247 352 317 379 κατὰ
328 353 376 388 τὴν
391 352 445 379 τῶν
457 352 640 388 ἠπατημένων
656 353 783 380 ὑπόνοιαν
799 354 846 380 ἐπὶ

61 399 103 433 τῆς
123 398 207 432 ἁγίας
221 398 338 434 Τριάδος
353 399 370 434 ἡ
391 398 471 433 φύσις
482 419 489 430 ,
504 398 659 430 ἀκολούθως
677 399 717 430 εἰς
747 399 848 434 πλῆθος

60 445 125 470 Θεῶν
137 445 152 470 ὁ
163 443 281 479 ἀριθμὸς
291 444 464 475 ἐπλατύνετο,
482 444 513 479 τῇ
531 443 670 479 ἑτερότητι
682 444 732 478 τῆς
754 444 847 476 οὐσίας

60 490 108 515 τῶν
129 490 318 525 ὑποκειμένων
337 489 581 526 συνδιαιρούμενος.
613 490 690 517 Ἐπεὶ
708 490 736 516 δὲ
757 491 847 516 πᾶσαν

61 535 205 562 ἀπωθεῖται
222 535 273 571 τὴν
293 535 353 562 κατ“-
366 535 458 562 οὐσίαν
477 536 622 572 ἑτερότητα
640 536 656 571 ἡ
671 535 730 562 θεία
751 545 780 562 τε
802 535 849 562 καὶ

63 581 127 615 ἁπλῆ
141 581 190 608 καὶ
204 580 383 612 ἀναλλοίωτος
399 580 489 615 φύσις,
516 581 553 613 ὡς
570 581 602 608 ἂν
619 582 666 616 μία
680 579 707 618 ᾖ.
730 581 848 616 πλήθους

64 626 195 661 σημασίαν
209 626 252 660 ἐφ’
268 626 367 662 ἑαυτῆς
383 626 412 652 οὐ
431 625 582 661 προσίεται.
604 626 673 653 Ἀλλ’
689 626 780 662 ὥσπερ
800 626 849 661 μία

63 672 164 705 λέγεται
182 671 275 706 φύσις,
296 672 367 698 οῦτω
383 672 429 698 καὶ
443 672 476 699 τὰ
491 671 557 698 ἄλλα
576 672 664 699 πάντα
681 672 779 703 ὲνικῶς
791 672 852 698 ὀνοο

66 717 187 751 μάζεται,
204 716 271 749 Θεὸς
282 737 290 749 ,
306 716 417 750 ἀγαθὸς,
431 716 507 750 ἀγιος
518 737 524 748 ,
539 717 640 752 σωτὴρ,
656 716 770 748 δίκαιος,
787 725 848 752 κρι-

64 763 118 797 τὴς,
127 762 178 789 καὶ
190 762 218 788 ετ
229 771 257 789 τι
270 762 335 789 ἄλλο
349 763 403 788 τῶν
416 762 574 797 θεοπρεπῶν
585 762 725 797 ὀνομάτων
738 763 848 794 νοεῖται,

65 810 112 835 εἴτε
124 808 195 844 πρὸς
205 808 297 843 φύσιν,
309 809 363 836 εἴτε
374 808 441 844 πρὸς
448 808 587 844 ἐνέργειαν
599 807 708 843 βλέπειν
718 817 758 839 τις
771 807 847 843 λέγῃ,

64 855 90 880 οὐ
105 854 275 889 διοισόμεθα.

898 218 1136 253 signiﬁcationem,
1155 224 1184 246 ut
1196 220 1265 247 duos
1280 220 1346 247 deos
1361 219 1468 247 Patrem
1479 224 1505 247 et
1520 219 1616 248 Filium
1628 229 1678 248 no-

898 263 1002 292 minet:
1021 264 1128 292 tametsi
1141 269 1256 299 uterque
1269 264 1340 293 Deus
1356 273 1372 292 a
1391 265 1494 293 sanctis
1508 265 1678 300 prmilicetur.

900 309 953 337 Sed
966 310 1036 337 Deus
1050 310 1159 345 quidem
1181 310 1278 341 Pater:
1291 311 1363 339 Deus
1384 312 1448 339 item
1475 311 1560 340 Filius
1577 322 1583 339 :
1608 321 1680 340 unus

897 363 962 382 vero
979 355 1006 382 in
1019 355 1111 382 eadem
1125 355 1318 390 prsedicatione
1328 355 1398 383 Deus
1413 360 1454 383 est
1469 365 1476 383 :
1503 357 1602 392 quippe
1617 365 1679 384 cum

899 408 987 436 neqttc
1002 406 1115 433 natum,
1133 409 1221 436 neque
1239 401 1368 428 efﬁcaciae
1380 402 1469 436 aliqua
1491 402 1680 430 diﬁ'crcntiain

900 446 1000 474 deitate
1025 447 1226 474 consideretur.
1251 446 1318 473 Nam
1344 446 1366 473 si
1385 447 1502 474 variaret
1527 452 1554 475 et
1572 448 1679 476 diversa

898 496 970 519 esset
988 492 1015 519 in
1031 497 1127 520 sancta
1137 492 1272 520 Trinitate
1294 497 1402 523 natura,
1415 495 1496 527 prout
1508 494 1683 528 suspicantur

899 538 1022 565 nonnulli
1038 545 1132 566 errore
1152 538 1267 573 decepti,
1280 539 1514 573 consequenterin
1531 539 1684 566 multitudi-

899 590 961 609 nem
977 582 1090 609 deorum
1110 590 1241 610 numerus
1257 583 1428 615 dilataretur,
1455 587 1537 617 atque
1551 590 1604 609 una
1621 591 1682 611 cum

899 627 1058 655 diversitate
1079 628 1205 655 essentiae
1219 628 1405 662 subjectorum
1421 627 1599 655 divideretur.
1630 627 1683 656 Sed

900 674 1028 708 quoniam
1045 681 1152 701 onmem
1174 674 1247 701 circa
1263 675 1410 702 essentiam
1431 673 1617 702 diversitatem
1642 682 1685 702 re-

898 719 1072 754 jicitdivina,
1101 720 1227 755 simplex,
1245 725 1272 748 et
1294 720 1400 747 variare
1422 720 1567 748 alterarive
1593 720 1685 748 nescia

901 769 1009 799 natura,
1026 770 1055 792 ut
1070 774 1122 792 una
1138 767 1184 797 sit,
1201 766 1383 794 multitudinis
1403 766 1631 802 signiﬁcationem
1657 768 1685 792 in

902 818 963 838 sese
978 819 1033 838 non
1047 805 1177 839 admittit.
1202 811 1254 839 Sed
1273 815 1301 839 ut
1316 819 1370 839 una
1394 812 1496 840 dicitur
1523 816 1632 844 natura,
1648 812 1684 839 ita

865 855 886 882 Β
901 860 1000 884 caetera
1024 865 1134 892 quoque
1156 858 1249 886 omnia
1271 858 1448 894 singulariter
1475 859 1653 885 nominantur
1678 867 1684 884 :

65 900 143 933 Deus,
158 901 262 933 bonus,
278 904 400 931 sanctus,
417 903 550 931 servator.
564 899 666 934 justus,
695 899 788 934 iudex.
805 901 863 928 εἰεί
883 903 956 937 quod
973 904 1044 931 aliud
1056 910 1200 940 augustum
1219 913 1251 933 ac
1263 905 1317 933 Deo
1333 905 1500 933 conveniens
1515 912 1613 932 nomen
1646 905 1687 932 in-

65 946 204 982 telligitur,
222 945 297 982 quod
310 945 368 973 sive
383 945 416 972 ad
439 950 565 972 naturam
579 946 636 974 sive
648 945 682 973 ad
702 945 853 973 efﬁcaciam
873 952 998 983 spectare
1012 949 1073 984 quis
1087 950 1173 984 dicat,
1187 957 1241 978 non
1260 949 1468 977 contendamus.

97 1042 128 1068 Et
144 1041 174 1068 δέ
187 1049 230 1072 τις
243 1039 422 1075 συκοφαντοίη
436 1039 481 1066 τὸν
492 1039 581 1073 λόγον,
600 1039 638 1072 ὡς
652 1040 684 1066 ὲκ
697 1040 744 1067 τοῦ
759 1040 796 1076 μὴ
809 1041 852 1067 δέ·

67 1087 157 1123 χεσθαι
179 1086 232 1121 τὴν
258 1085 328 1112 κατὰ
350 1084 430 1119 φύσιν
455 1085 597 1121 διαφορὰν,
623 1085 695 1120 μίξιν
719 1088 782 1114 τινά
797 1085 851 1112 τῶν

68 1131 242 1159 ὒποστάσεων
256 1131 304 1157 καὶ
314 1130 451 1165 ἀνακύκλη
456 1138 497 1156 σιν
507 1129 746 1162 κατασκευάζοντα
756 1139 762 1146 ι
774 1130 852 1157 τοῦτο

67 1178 128 1213 περὶ
150 1178 203 1212 τῆς
221 1176 350 1212 τοιαύτης
365 1174 590 1211 ἀπολογησόμεθα
604 1175 734 1211 μέμψεως
747 1195 753 1207 ,
770 1176 810 1202 ὅτι
823 1175 853 1202 τὸ

66 1223 275 1259 ἀπαράλλακτον
291 1223 340 1258 τῆς
361 1221 468 1256 φύσεως
486 1221 689 1257 ὁμολογοῦντες,
712 1222 762 1257 τὴν
784 1221 855 1248 κατά

67 1269 94 1296 τὸ
107 1270 195 1296 αἴτιον
211 1269 260 1296 καὶ
272 1268 392 1295 αἱτιατὺν
402 1267 533 1304 διαφορὰν
543 1268 592 1294 οὐκ
603 1268 769 1304 ἀρνούμεθα,
787 1269 816 1294 ὲν
832 1264 854 1301 ᾧ

68 1315 140 1350 μόνῳ
154 1314 342 1350 διακρίνεσθαι
357 1313 387 1340 τὺ
397 1313 489 1349 ἓτερον
502 1313 549 1340 τοῦ
564 1313 659 1349 ἐτέρου
675 1313 855 1348 καταλαμϐά-

67 1369 157 1396 νομεν,
169 1359 209 1395 τῷ
225 1359 257 1386 τὸ
272 1359 321 1394 μὲν
330 1359 416 1386 αῐτιον
434 1358 572 1385 πιστεύειν
588 1357 666 1391 εἴναι,
683 1359 714 1385 τὸ
725 1360 752 1386 δὲ
766 1360 797 1385 ἐκ
807 1358 853 1385 τοῦ

67 1406 152 1433 σιτίου
163 1414 170 1420 ·
187 1405 236 1433 καὶ
255 1404 301 1432 τοῦ
321 1405 351 1437 eg
364 1404 452 1436 αἰτίας
465 1405 550 1437 ὄντος,
564 1404 645 1431 πάλιν
663 1404 746 1439 ἀλλην
765 1405 856 1439 διαφο-

69 1451 117 1486 ρὰν
129 1450 285 1485 ἐννοοῦμεν.
298 1449 334 1476 Τὸ
348 1449 397 1485 μὲν
408 1450 461 1485 γὰρ
476 1450 616 1485 προσεχῶς
633 1451 664 1476 ὲκ
676 1449 722 1477 τοῦ
735 1450 855 1486 πρώτου,

67 1498 97 1524 τὺ
113 1497 142 1524 δὲ
158 1497 204 1524 διὰ
213 1496 259 1523 τοῦ
275 1496 414 1532 προσεχῶς
431 1498 463 1524 ἐκ
481 1496 528 1523 τοῦ
543 1496 664 1533 πρώτου,
681 1496 751 1523 ὥστε
768 1497 815 1524 καὶ
827 1497 856 1523 τὺ

69 1543 223 1577 Μονογενὲς
234 1542 417 1578 ἀναμφίὸολον
429 1543 475 1569 ἐπὶ
482 1543 528 1570 τοῦ
539 1543 604 1569 Υίοῦ
618 1543 717 1578 μένειν,
729 1542 776 1569 καὶ
786 1543 814 1569 τὸ
825 1543 857 1569 ἐκ

70 1589 115 1616 τοῦ
130 1589 240 1625 Πατρδς
250 1587 358 1615 εἶναιτὸ
369 1589 481 1624 Πνεῦμα
497 1589 534 1624 μὴ
549 1589 738 1624 ἀμφιϐάλλειν,
752 1589 803 1624 τῆς
813 1588 860 1615 τοῦ

73 1635 135 1662 Tini
155 1634 294 1671 μεσιτείας
307 1635 354 1661 καὶ
365 1634 439 1670 αὒτῴ
452 1634 482 1661 τδ
501 1634 648 1669 Μονογενὲς
665 1635 860 1670 φυλαττούσης,

73 1682 118 1708 καὶ
130 1681 161 1708 τὸ
169 1680 284 1710 Πνεῦμα
293 1681 342 1716 τῆς
351 1681 468 1715 φυσικῆς
478 1681 546 1716 πρὸς
560 1680 605 1706 τὸν
619 1680 729 1715 Πατέρα
744 1680 862 1716 σχέσεως

74 1727 110 1762 μὴ
122 1726 319 1762 ἀπειργούσης.
336 1727 425 1753 Αίτιον
439 1726 468 1752 δὲ
483 1726 530 1753 καὶ
541 1725 571 1752 τὸ
584 1725 612 1758 ἐξ
624 1726 714 1752 αίτίου
728 1725 862 1760 λέγοντες,

72 1772 132 1806 οὐχὶ
142 1771 225 1806 φύσιν
235 1770 280 1798 διὰ
289 1771 390 1798 τούτων
400 1771 454 1798 τῶν
466 1770 605 1806 ὀνομάτων
618 1770 864 1806 σημαίνομεν.οὐδὲ

74 1819 127 1854 γὰρ
141 1818 189 1845 τὸν
205 1818 288 1849 αὑτὸν
302 1818 334 1845 ἀν
347 1826 389 1850 τις
408 1817 497 1849 αἰτίας
510 1817 557 1844 καὶ
573 1816 680 1852 φύσεως
693 1816 806 1851 ἀποδοίη
819 1815 865 1842 λό-

74 1872 132 1897 γον,
147 1863 219 1891 ἀλλὰ
233 1863 284 1899 τὴν
296 1863 367 1890 κατὰ
380 1863 410 1889 τὺ
423 1863 482 1895 πῶς
495 1861 565 1889 εἶναι
586 1862 716 1898 διαφορὰν
732 1861 862 1888 ἐνδεικνύ-

77 1909 155 1943 μεθα.
173 1908 305 1940 Εἰπόντες
315 1908 368 1944 γὰρ
385 1908 429 1935 τὸν
446 1908 494 1944 μὲν
508 1907 637 1940 αἰτιατον,
651 1907 695 1934 τὸν
707 1907 734 1934 δὲ
745 1906 808 1934 ἄνευ
824 1908 866 1933 αἱ-

75 1955 144 1987 τίας,
158 1955 220 1989 οὐχὶ
235 1954 285 1990 τὴν
300 1954 381 1989 φύσιν
394 1954 432 1989 τῷ
445 1955 515 1981 κατά
525 1954 555 1981 τὸ
566 1954 637 1988 λόγῳ
650 1953 847 1988 διεχωρίσαμεν
856 1961 864 1969 ·

77 2001 144 2027 ἀλλά
162 2000 244 2036 μόνον
257 2000 288 2027 τὸ
304 2001 372 2035 μήτε
387 2000 433 2027 τὸν
448 2000 513 2027 Υιὸν
526 1999 681 2035 ἀγεννήτως
697 1998 776 2032 εἶναι,
797 2000 866 2035 μήτε

78 2047 124 2074 τὸν
138 2047 252 2082 Πατέρα
268 2046 312 2073 διὰ
332 2047 485 2082 γεννήσεως
508 2046 710 2080 ἐνεδειξάμεθα.
732 2046 866 2081 Πρότερον

78 2093 106 2120 δὲ
120 2094 193 2129 ἡμᾶς
206 2090 277 2119 εἶναι
293 2092 430 2119 πιστεύειν
443 2101 470 2119 τι
486 2092 656 2126 ἐπάναγκες·
672 2092 718 2118 καὶ
731 2092 790 2118 τότε
810 2092 869 2124 πῶς

79 2140 134 2165 ἐστι
147 2139 179 2165 τὸ
192 2137 410 2172 πεπιστευμένον
424 2137 665 2174 περιεργάσασθαι.
684 2137 781 2168 Ἀλλος
796 2134 842 2163 οὖν
856 2138 870 2164 ὁ

79 2185 124 2211 τοῦ
139 2185 166 2211 τί
180 2185 257 2215 ἐπι,
272 2184 320 2210 καὶ
338 2183 417 2215 ἄλλος
432 2185 447 2210 ὁ
464 2183 510 2210 τοῦ
522 2183 580 2215 πῶς
593 2184 652 2209 ἐστι
662 2182 756 2216 λόγος·
775 2181 805 2208 τὸ
821 2179 869 2208 οὖν

942 1040 1019 1073 Quod
1041 1041 1063 1068 si
1080 1041 1141 1076 quis
1161 1041 1342 1069 calumnietur
1363 1041 1527 1073 orationem,
1555 1041 1633 1076 quasi
1654 1047 1687 1067 ex

905 1095 938 1115 eo
949 1087 1020 1123 quod
1035 1095 1089 1115 non
1108 1088 1234 1115 admittat
1253 1087 1433 1115 diﬁ‘ercntiam
1449 1088 1523 1114 circa
1550 1091 1688 1117 naturam,

905 1133 1060 1161 mistionem
1077 1134 1221 1168 quamdam
1244 1139 1270 1161 et
1291 1133 1481 1161 confusionem
1507 1131 1689 1167 hypostaseon

905 1180 1067 1208 facientem:
1098 1180 1150 1207 hoc
1161 1179 1194 1206 ad
1209 1180 1289 1206 talem
1307 1179 1512 1206 accusationem
1539 1177 1690 1212 responde-

906 1225 1009 1257 bimus,
1026 1225 1100 1261 quod
1115 1233 1165 1253 nos
1179 1226 1225 1261 qui
1240 1225 1358 1252 divinam
1381 1228 1506 1252 naturam
1531 1222 1691 1250 differentias

907 1271 1102 1299 variationisve
1114 1275 1252 1306 expertem
1275 1278 1337 1298 esse
1361 1270 1534 1298 conﬁtemur.
1548 1276 1607 1296 eam
1630 1275 1691 1302 qua:

908 1315 983 1342 circa
1000 1322 1113 1343 causam
1130 1318 1158 1342 et
1177 1317 1320 1341 causatum
1348 1313 1541 1341 consideratur
1563 1312 1691 1339 diﬁ'eren-

909 1361 984 1394 tiam,
1001 1368 1056 1388 non
1073 1368 1215 1395 negamus,
1228 1367 1275 1394 per
1286 1359 1359 1394 quod
1375 1359 1464 1386 solum
1489 1359 1608 1386 discerni
1625 1359 1692 1385 alte-

908 1415 968 1434 rum
993 1407 1027 1434 ab
1049 1406 1135 1433 altero
1150 1405 1392 1440 deprehendimus,
1416 1404 1545 1432 nimirum
1559 1411 1592 1431 eo
1619 1403 1692 1438 quod

910 1452 1048 1480 credimus
1061 1451 1133 1478 aliud
1149 1451 1257 1486 quidem
1271 1458 1382 1478 causam
1399 1440 1471 1483 esse,
1496 1449 1568 1476 aliud
1585 1457 1650 1476 vero
1661 1456 1694 1476 ex

910 1505 1013 1525 causa:
1032 1501 1059 1524 et
1075 1497 1135 1532 ejus
1150 1497 1222 1532 quod
1240 1505 1271 1524 ex
1294 1503 1377 1523 causa
1409 1499 1462 1528 est,
1491 1502 1589 1522 rursus
1614 1494 1695 1521 aliam

911 1544 1094 1572 diﬂ‘erentiam
1127 1543 1345 1571 consideramus.
1380 1541 1449 1570 Nam
1479 1541 1553 1569 aliud
1585 1541 1696 1576 quidem

912 1589 1086 1617 continenter
1111 1589 1149 1622 (et
1172 1587 1232 1615 sine
1258 1587 1358 1623 medio)
1369 1595 1403 1614 ex
1427 1586 1517 1622 primo
1543 1589 1596 1617 est,
1623 1584 1696 1612 aliud

912 1641 979 1661 vero
995 1641 1044 1669 per
1060 1633 1085 1660 id
1101 1632 1174 1668 quod
1193 1631 1349 1660 immediate
1367 1636 1391 1660 et
1405 1639 1436 1659 er
1460 1631 1613 1658 continenti
1643 1634 1697 1662 est,

915 1683 945 1706 ut
960 1683 986 1706 ct
1005 1678 1142 1714 Unigeniti
1166 1679 1320 1713 proprietas
1343 1678 1447 1712 absque
1463 1677 1643 1712 ambiguitate
1671 1676 1697 1702 in

913 1723 983 1751 Filio
1001 1727 1120 1756 maneat,
1136 1727 1162 1751 et
1176 1731 1208 1751 ex
1226 1723 1304 1750 Patre
1321 1722 1454 1757 Spiritum
1469 1729 1530 1750 esse
1547 1729 1602 1749 non
1619 1720 1697 1748 dubi-

916 1774 1005 1797 tetur:
1024 1769 1103 1801 Filio,
1119 1769 1164 1804 qui
1182 1769 1289 1796 medius
1305 1768 1462 1801 intercedit,
1478 1771 1505 1794 et
1531 1767 1583 1795 sibi
1605 1767 1698 1802 unige-

915 1816 965 1843 niti
980 1816 1173 1851 proprietatem
1191 1818 1327 1847 servante,
1353 1818 1380 1841 et
1394 1812 1527 1849 Spiritum
1548 1820 1563 1839 a
1580 1811 1699 1839 naturali

915 1863 949 1890 ad
963 1862 1070 1889 Patrem
1089 1861 1181 1888 habitu
1199 1868 1252 1888 non
1271 1863 1393 1887 arcente.
1412 1859 1529 1886 Causam
1554 1862 1656 1889 autem,
1674 1861 1699 1883 ct

917 1909 944 1937 id
959 1908 1032 1944 quod
1053 1915 1087 1935 ex
1100 1915 1183 1934 causa
1200 1911 1243 1934 est
1267 1906 1400 1938 dicentes,
1424 1912 1478 1932 non
1502 1907 1628 1931 naturam
1654 1910 1699 1936 per

917 1955 975 1982 haec
985 1953 1093 1981 nomina
1108 1952 1304 1987 signiﬁcamus.
1319 1951 1411 1985 Neque
1425 1949 1497 1977 enim
1514 1948 1614 1983 aliquis
1628 1955 1700 1975 eam-

918 2001 978 2029 dem
992 2007 1083 2027 causa:
1098 2003 1125 2026 et
1138 2001 1242 2025 naturae
1255 1997 1387 2024 rationem
1398 1994 1557 2027 reddiderit,
1574 1994 1620 2022 sed
1630 2002 1700 2025 eam,

918 2054 979 2082 quae
994 2052 1035 2073 est
1051 2044 1200 2073 secundum
1216 2043 1371 2078 aliqualiter
1385 2050 1446 2070 esse
1461 2041 1643 2068 diﬁ'erentiam
1662 2039 1700 2066 in-

918 2093 1052 2120 dicamus.
1079 2090 1205 2118 Dieentes
1229 2090 1301 2117 enim
1329 2089 1414 2116 alium
1428 2088 1536 2123 quidem
1557 2090 1701 2114 causatum

922 2142 949 2166 et
965 2145 998 2166 ex
1012 2144 1095 2165 causa
1115 2140 1216 2168 ortum,
1239 2136 1323 2163 alium
1347 2143 1413 2163 vero
1437 2136 1498 2163 sine
1524 2142 1607 2162 causa
1633 2141 1702 2166 esse,

923 2192 977 2211 non
995 2188 1119 2210 naturam
1137 2182 1220 2209 verbo
1235 2189 1326 2209 causa:
1337 2189 1514 2216 separamus:
1531 2181 1579 2208 sed
1601 2181 1703 2208 solum-

80 2230 236 2265 ἀγεννήτως
250 2227 321 2256 εἷναί
333 2237 359 2255 τι
370 2228 468 2262 λέγειν,
481 2228 539 2260 πῶς
553 2228 603 2263 μέν
613 2229 686 2254 ἐστιν
695 2226 850 2254 ὑποτίθεται

923 2229 1004 2257 modo
1017 2237 1106 2265 neque
1122 2229 1220 2256 Filium
1239 2230 1276 2256 ita
1293 2238 1322 2257 se
1347 2230 1459 2261 habere,
1492 2229 1572 2265 quasi
1598 2229 1703 2264 genitus

86 2276 112 2302 τί
120 2276 148 2302 δέ
156 2276 217 2302 ἐστι
227 2276 261 2310 τῇ
273 2276 348 2310 φωνῇ
356 2275 442 2311 ταύτῃ
449 2273 484 2301 at?
489 2274 713 2301 συνενδεικνυται.
720 2273 768 2300 Καὶ
777 2274 800 2299 εἰ
809 2273 872 2308 περὶ

81 2321 190 2356 δένδρου
204 2321 280 2352 τινὸς
291 2320 437 2356 ἠρώτησας
452 2321 498 2347 τὸν
512 2320 644 2356 γεωργὸν,
657 2319 712 2347 εἴτε
730 2321 871 2355 φυτευτὸν,

82 2367 134 2394 εἴτε
149 2367 314 2402 αὐτομάτως
327 2366 415 2393 ἐστίν·
427 2367 441 2392 ὸ
457 2367 486 2393 δὲ
499 2366 676 2402 ἀπεκρίνατο,
689 2366 705 2401 ἢ
721 2366 871 2401 ἀφύτευτον

82 2410 151 2440 εἶναι
169 2412 201 2438 τὸ
216 2411 343 2448 δένδρον,
359 2411 376 2447 ἢ
393 2412 425 2438 ὲκ
440 2412 568 2446 φυτείας·
586 2410 641 2447 ἆρα
658 2413 707 2447 τὴν
732 2413 812 2447 φύσιν
828 2413 872 2440 διά

82 2457 131 2492 τῆς
155 2457 331 2492 ἀποκρίσεως
345 2456 510 2490 ὲνεδείξατο;
521 2457 559 2484 Ub
575 2457 623 2493 μὲν
638 2455 695 2484 οὖν.
716 2457 796 2485 Ἀλλά
815 2458 873 2489 πῶς

84 2505 156 2531 ἐστιν
165 2503 264 2536 εἰπὼν,
273 2502 368 2538 ἄδηλον
382 2504 428 2529 καὶ
438 2503 640 2538 ἀνερμήνευτον
647 2503 692 2530 τὸν
702 2503 751 2538 τῆς
766 2503 873 2537 φύσεως

85 2550 201 2576 ἀπέλιπε
214 2549 303 2583 λόγον.
320 2548 414 2580 Οὕτως
428 2549 474 2576 καὶ
486 2548 603 2576 ἐνταῦθα
618 2549 762 2584 ἀγέννητον
778 2548 875 2584 μαθόν-

85 2604 143 2628 τες,
156 2597 232 2627 ὅπως
248 2595 298 2631 μὲν
310 2595 391 2623 αὐτὸν
407 2593 474 2622 εἶναι
494 2595 542 2622 καὶ
558 2595 691 2631 προσήκει
703 2596 772 2621 νοεῖν
788 2594 874 2621 ἐδιδά-

86 2642 190 2677 χθημεν
204 2651 211 2657 ·
227 2643 257 2669 τὺ
274 2642 302 2669 δὲ
314 2641 397 2669 τίδιὰ
412 2642 461 2677 τῆς
474 2641 565 2677 φωνῆς
578 2642 627 2668 οὐκ
638 2641 803 2676 ἠκούσαμεν.
818 2640 874 2676 Τὴν

87 2686 132 2714 οὖν
144 2688 272 2723 τοιαύτην
284 2687 417 2724 διαφορὰν
433 2688 478 2714 ἐπὶ
494 2689 543 2723 τῆς
562 2687 642 2721 ἁγίας
653 2687 767 2723 Τριάδος
781 2687 876 2720 λέγον-

87 2742 142 2766 τες,
157 2734 194 2765 ὡς
203 2734 233 2761 τὸ
244 2735 293 2769 μὲν
307 2734 407 2766 αίτιον,
420 2733 451 2760 τὸ
465 2733 493 2760 δὲ
503 2733 533 2766 ἐξ
547 2734 633 2760 αἰτίου
644 2731 713 2760 εἶναι
726 2733 873 2763 πιστεύειν,

89 2779 176 2807 οὐκέτ’
193 2781 225 2809 ἂν
242 2781 321 2816 ἐντῷ
338 2780 422 2815 κοινῷ
436 2780 485 2815 τῆς
501 2779 608 2815 φύσεως
621 2779 666 2806 τὸν
682 2780 736 2806 τῶν
755 2779 874 2806 ὑποστά-

92 2834 158 2852 σεων
177 2827 253 2862 ὶόγον
269 2827 426 2854 συντίκτειν
446 2825 643 2860 αἰτιαθείημεν.
663 2825 770 2861 Ἐπειδὴ
786 2825 876 2851 τοίνυν

95 2872 138 2904 τὰς
152 2874 197 2908 μὲν
219 2874 389 2904 ὑποστάσεις
406 2871 456 2905 τῆς
476 2871 556 2905 ἁγίας
570 2871 683 2906 Τριάδος
701 2872 714 2898 ὁ
730 2871 775 2898 τοῦ
791 2871 875 2898 αἰτίου

925 2282 980 2303 non
992 2276 1038 2308 sit,
1057 2283 1145 2310 neque
1160 2279 1264 2310 partem
1284 2283 1333 2310 per
1349 2276 1521 2303 nativitatem
1543 2280 1570 2303 et
1593 2283 1702 2311 genera-

924 2322 1025 2349 tionem
1043 2329 1105 2349 esse
1120 2321 1283 2349 indicamus.
1309 2320 1390 2349 Prius
1410 2326 1501 2349 autem
1529 2329 1644 2349 necesse
1667 2326 1706 2348 est

926 2375 976 2395 nos
992 2367 1104 2395 credere
1114 2367 1186 2402 quod
1204 2367 1306 2402 aliquid
1321 2368 1376 2394 sit:
1393 2371 1420 2395 et
1434 2371 1500 2394 tunc
1524 2367 1661 2402 quomodo
1682 2367 1707 2394 id

926 2413 998 2448 quod
1015 2412 1149 2440 creditum
1165 2417 1219 2447 est,
1236 2414 1282 2446 sit,
1297 2413 1426 2441 scrutari.
1444 2413 1503 2440 Alia
1529 2413 1612 2449 igitur
1640 2414 1708 2440 ratio

926 2464 969 2488 est
980 2459 1050 2494 ejus,
1062 2459 1135 2494 quod
1150 2459 1214 2494 quid
1230 2464 1290 2493 est;
1310 2459 1362 2486 alia
1380 2459 1442 2487 item
1457 2459 1528 2494 ejus,
1548 2460 1621 2494 quod
1643 2467 1707 2494 quo-

926 2506 1007 2533 modo
1020 2509 1071 2533 est.
1093 2505 1228 2538 Quocirca
1241 2506 1263 2533 si
1278 2506 1339 2541 quis
1355 2505 1429 2533 dicat
1452 2505 1556 2540 aliquid
1579 2505 1616 2532 ita
1638 2513 1709 2537 csse,

926 2552 1005 2587 quasi
1019 2559 1073 2578 non
1090 2551 1223 2586 genitum,
1236 2551 1374 2586 quomodo
1389 2551 1435 2582 sit,
1454 2551 1550 2586 ponit:
1578 2551 1643 2585 quid
1664 2557 1708 2576 au-

928 2601 980 2624 tem
997 2597 1042 2630 sit,
1059 2597 1110 2624 hac
1126 2604 1193 2624 voce
1206 2597 1287 2625 simul
1303 2604 1356 2624 non
1371 2596 1483 2624 indicat.
1515 2596 1620 2623 Etenim
1641 2595 1663 2621 si
1680 2595 1713 2621 de

928 2643 1025 2670 arbore
1042 2643 1132 2678 aliqua
1144 2642 1360 2678 interrogaveris
1377 2641 1536 2677 agricolam,
1552 2644 1645 2667 utrum
1667 2646 1708 2666 sa-

928 2688 982 2715 tiva
997 2688 1043 2718 sit.
1066 2695 1099 2715 an
1123 2693 1220 2723 sponte
1246 2687 1422 2723 provenerit;
1446 2686 1491 2713 ille
1510 2692 1575 2713 vero
1601 2692 1710 2720 respon-

928 2734 1009 2765 derit,
1027 2734 1068 2761 vel
1080 2742 1134 2760 non
1152 2734 1267 2761 salivam
1285 2740 1358 2764 esse,
1371 2731 1412 2758 ve!
1429 2731 1577 2766 plantatam
1599 2737 1697 2758 succre

928 2780 1017 2807 visse:
1032 2779 1157 2814 nunquid
1172 2784 1295 2806 naturam
1309 2786 1356 2813 per
1369 2784 1427 2804 eam
1443 2776 1651 2811 responsionem
1671 2776 1711 2802 in-

928 2824 1049 2852 dicavit?
1066 2823 1186 2851 Minime.
1202 2823 1254 2851 Sed
1270 2823 1316 2850 ubi
1332 2821 1442 2854 dixerit,
1459 2821 1598 2856 quomodo
1614 2821 1659 2850 sit.
1672 2821 1711 2847 in-

929 2874 1030 2898 certam
1048 2873 1074 2897 et
1089 2869 1280 2905 inerplicatam
1303 2872 1407 2895 naturae
1431 2867 1566 2895 rationem
1591 2866 1709 2902 reliquit.
