1926 3080
262 142 314 169 535

261 199 300 228 Ita
316 200 397 227 etiam
411 198 465 231 hic,
482 204 544 225 cum
559 196 738 225 didicerimus
755 203 809 224 non
826 197 960 232 genitum,
984 205 1054 232 quo-

261 244 344 273 modo
367 244 476 280 quidem
493 243 582 278 ipsum
599 250 661 270 csse
679 247 763 278 alque
787 243 939 278 intelligere
954 250 1054 271 conve-

262 291 330 322 niat.
349 290 438 318 edocti
461 298 575 317 sumus:
596 289 622 316 id
646 293 739 316 autem
757 289 821 323 quid
844 293 898 320 est,
926 296 974 324 per
993 295 1054 316 eam

264 341 356 360 vocem
369 341 422 360 non
438 333 603 360 audivimus.
623 332 763 367 Ejusmodi
778 333 862 368 igitur
873 332 1055 360 diﬂ'erentiam

263 379 291 407 in
304 383 396 406 sancta
412 378 546 406 Trinitate
566 378 690 410 edentes.
714 383 744 406 ιιι
758 379 832 406 aliud
850 379 960 414 quidem
984 386 1054 405 cau-

263 433 333 457 sam,
350 425 422 452 aliud
438 433 471 452 ex
488 432 570 452 causa
585 433 646 452 esse
662 426 819 458 credamus,
835 434 888 454 non
915 427 970 461 jam
991 434 1052 454 am-

871 137 899 166 S.
917 137 1080 166 GREGORII
1098 131 1243 164 NYSSENI

1827 137 1863 164 l56

1104 195 1238 230 διακρίνει
1251 194 1340 228 λόγος,
1356 193 1387 220 τὸ
1405 193 1455 230 μὲν
1469 193 1598 226 ἀναιτίως
1612 190 1694 226 εἶναι,
1707 191 1736 219 τὸ
1748 191 1775 219 δὲ
1790 192 1817 219 ἔκ
1831 193 1864 219 τιν]

1105 241 1192 268 αἰτίου
1208 239 1368 276 πρεσϐεύων
1378 248 1385 255 ⁸
1402 241 1419 275 ἡ
1429 239 1457 266 δὲ
1469 239 1529 267 θεία
1545 239 1626 275 φύσις
1639 238 1836 273 ἀπαράλλακτός
1845 246 1865 264 τε

1105 289 1154 316 καὶ
1177 288 1328 324 ἀδιαίρετος
1347 287 1391 314 διὰ
1411 288 1500 324 πάσης
1514 288 1619 320 ἐννοίας
1632 286 1864 321 καταλαμϐάνεται·

1105 335 1150 362 διὰ
1163 334 1242 361 τοῦτο
1262 333 1380 370 κυρίωςκ
1395 335 1445 369 μία
1458 334 1564 370 θεότης,
1583 336 1631 361 καὶ
1643 331 1682 365 εἷς
1694 333 1759 364 Θεὸς
1770 353 1778 364 ,
1793 332 1832 359 καὶ
1843 332 1867 358 τὲ

1107 382 1174 409 ἄλλα
1195 381 1284 408 πάντα
1307 380 1361 407 τῶν
1382 380 1544 416 θεοπρεπῶν
1571 379 1713 416 ὀνομάτων
1745 377 1868 414 μοναδικῶς

1105 427 1306 462 ἐξαγγέλλεται.

264 470 335 505 piius
352 470 476 498 accusari
509 471 658 505 possimus,
682 471 756 505 quod
781 479 830 506 per
851 473 1074 500 communionem
1095 477 1201 500 naturaa
1216 473 1350 499 rationem
1370 471 1556 507 liypostaseon
1586 470 1795 498 conl‘undamus.
1816 467 1870 502 Quo-

263 519 336 547 niam
352 518 436 553 igitur
463 518 625 554 hypostases
647 520 757 554 quidem
780 523 883 548 sancta:
906 520 1050 548 Trinitatis
1070 527 1162 548 causa:
1180 520 1249 547 ratio
1266 519 1408 552 discernit.
1437 518 1510 546 aliud
1532 519 1640 554 quidem
1670 518 1772 553 absque
1798 523 1869 546 causa.

265 563 338 590 aliud
363 571 427 590 vero
449 572 482 591 ex
512 571 595 591 causa
618 573 679 593 esse
701 565 844 600 postulans
865 574 871 592 :
894 566 986 593 divina
1020 570 1111 594 autem
1141 570 1238 594 natura
1260 571 1287 594 et
1310 565 1473 592 variationis
1494 568 1521 592 et
1544 563 1688 592 divisionis
1719 571 1767 599 per
1786 569 1869 590 omnem

265 608 511 636 considerationem
539 617 638 644 expers
664 617 725 638 esse
749 611 961 645 deprehenditur
982 619 989 638 :
1011 611 1115 638 idcirco
1129 611 1240 647 proprie
1273 618 1328 638 una
1358 611 1457 643 deitas,
1479 613 1507 638 et
1538 617 1610 638 unus
1632 609 1703 637 Deus
1726 612 1812 643 est,et
1835 608 1870 634 alii

268 656 358 682 omnia
372 655 426 683 Deo
439 656 628 684 convenientia
650 657 759 684 nomina
777 658 955 693 singulariter
971 658 1134 687 ederuntur.

273 771 1443 788 m

274 781 1620 796 Ἦ

1445 776 1866 795 .__.___..___==

689 902 804 946 ΤΟΥ
840 903 913 946 ΕΝ
948 900 1131 947 ΛΓΙΟΙΣ
1167 903 1478 948 ΓΡΗΓΟΡΙΟΥ
1525 866 1533 872 ἱ

804 1026 983 1084 ΠΕΡΙ
1059 1025 1382 1083 ΠΙΣΤΕΩΣ

907 1157 1006 1184 ΠΡΟΣ
1033 1156 1280 1183 ΣΥΜΠΛΙΚΙΟΝ.

781 1343 827 1387 S.
890 1344 943 1388 P.
998 1344 1058 1388 N.

1124 1342 1414 1391 GREGORII

923 1461 1024 1517 DE
1073 1461 1271 1517 FIDE

951 1582 999 1610 AD
1016 1582 1245 1611 SIMPLICIUM

1071 1682 1121 1702 SEO

415 1775 489 1819 DE
540 1774 729 1820 PATRE
765 1774 841 1819 ET
874 1771 1041 1818 FlLlO
1092 1755 1167 1817 Er
1227 1773 1472 1819 SPlBITU
1527 1772 1776 1820 SANCTO.

899 1957 1034 1984 Laurentio
1055 1956 1137 1983 Silano
1157 1960 1303 1989 interprete.

331 2121 402 2149 Deus
415 2127 462 2154 per
475 2118 637 2153 Proplictam
651 2117 773 2152 praecipit
787 2125 821 2145 ne
835 2117 920 2145 ullum
933 2117 1016 2146 deum
1029 2125 1074 2145 no-

1166 2115 1280 2143 Κελεὺει
1292 2117 1306 2143 ὁ
1318 2115 1383 2148 Θεὸς
1397 2115 1442 2143 διὰ
1457 2115 1504 2143 τοῦ
1520 2116 1662 2153 Προφήτου
1684 2115 1786 2152 μηδένα
1797 2115 1892 2152 πρόσθι-

293 2174 357 2193 vum
376 2165 460 2192 Deum
484 2171 547 2191 esse
563 2163 762 2194 existimemus,
785 2169 873 2197 neque
887 2162 967 2190 deum
985 2162 1083 2190 adore-

294 2218 357 2237 mus
371 2210 488 2236 alienum
502 2208 522 2236 '.
543 2207 718 2234 Manifestum
731 2211 773 2235 est
788 2212 877 2235 autem
892 2208 965 2242 quod
978 2215 1080 2235 novum

296 2256 395 2283 dicitur
412 2253 439 2281 id
456 2254 527 2289 quod
545 2261 560 2280 ιι
576 2255 742 2288 sempiterno
756 2260 810 2280 non
823 2257 864 2281 est
875 2262 882 2286 ;
895 2261 927 2281 ac
940 2261 1038 2281 rursus
1049 2261 1082 2281 ex

297 2299 445 2332 contrario,
467 2298 663 2332 sempiternum
679 2297 780 2325 dicitur
803 2297 877 2332 quod
900 2305 1001 2325 novum
1027 2306 1082 2325 non

297 2349 348 2373 est.
376 2344 459 2379 Igitur
486 2344 532 2379 qui
559 2351 612 2370 non
643 2351 674 2372 ex
708 2344 875 2378 sempiterno
907 2343 1082 2378 Unigeuitum

298 2391 382 2419 Deum
399 2398 432 2418 ex
447 2389 529 2417 Patre
546 2397 608 2418 esse
626 2389 723 2422 credit,
747 2397 847 2417 novum
868 2397 930 2418 eum
948 2397 1010 2418 esse
1027 2397 1082 2417 non

298 2441 395 2472 negat;
412 2436 482 2471 quod
497 2435 570 2464 enim
586 2443 642 2463 non
659 2435 866 2471 sempiternum.
887 2443 988 2463 novum
1007 2443 1084 2470 pror-

299 2491 347 2510 sus
363 2486 424 2516 est;
441 2481 624 2517 quodcunque
641 2487 730 2509 autem
747 2490 848 2510 novum
865 2486 918 2514 est,
943 2481 1015 2510 Deus
1030 2489 1084 2509 non

299 2531 352 2559 est,
368 2527 598 2562 quemadmodum
621 2526 686 2554 dicit
707 2526 846 2562 Scriptura
864 2537 870 2554 :
888 2537 897 2553 ί
910 2526 971 2555 Νοιι
989 2527 1041 2555 erit
1058 2528 1085 2555 in

301 2577 327 2600 te
341 2572 412 2600 Deus
431 2579 528 2600 novus.
547 2572 557 2587 '
577 2581 586 2598 ι
607 2571 679 2608 Ergo
692 2573 737 2608 qui
753 2573 830 2606 dicit,
850 2573 923 2608 quod
940 2573 1086 2608 aliquando

301 2618 386 2646 Filius
402 2625 456 2645 non
482 2622 552 2652 erat,
577 2618 601 2646 is
626 2624 707 2654 negat
726 2619 785 2654 ejus
808 2618 947 2647 deitatem.
980 2618 1086 2646 Rursus

301 2665 420 2692 alienum
436 2663 521 2692 Deum
535 2668 608 2691 vetat
621 2664 745 2696 adorare,
756 2665 803 2700 qui
819 2665 886 2692 dicit
899 2675 906 2693 :
921 2674 930 2691 ‹
942 2664 1086 2700 Nunquam

302 2709 429 2738 adorabis
442 2710 522 2738 deum
537 2710 657 2738 alienum
672 2711 683 2726 ³
697 2719 705 2738 :
723 2720 734 2736 ι
757 2711 864 2739 alienus
878 2715 970 2738 autem
988 2711 1087 2739 collata

1133 2171 1178 2190 τον
1193 2162 1254 2189 θεὸν
1268 2162 1332 2188 Θεὸν
1347 2159 1416 2188 εἶναι
1440 2161 1576 2197 νομιζειν,
1606 2161 1674 2198 μηδὲ
1691 2163 1846 2197 προσκυνεῖν
1860 2160 1891 2186 ἁλ-

1133 2208 1231 2244 λοτρίῳ
1248 2207 1310 2243 θεῷ.
1336 2207 1440 2234 Οὐκοῦν
1459 2208 1537 2243 δῆλόν
1554 2208 1637 2241 ἐστιν,
1657 2208 1698 2235 ὅτι
1711 2209 1856 2244 πρόσφατον
1864 2206 1892 2231 is?

1133 2261 1208 2287 γεται
1218 2252 1232 2278 ὃ
1245 2253 1281 2288 μὴ
1293 2251 1322 2285 ἐξ
1338 2252 1422 2279 ἀϊδίου
1434 2252 1491 2279 ἐστι
1503 2259 1511 2267 ⁸
1526 2252 1581 2288 in).
1596 2253 1628 2280 ὲκ
1644 2253 1692 2280 τοῦ
1704 2253 1823 2281 ἐναντίου
1835 2251 1892 2278 πάλιν

1133 2300 1217 2327 ἀΐδιον
1231 2299 1338 2333 λέγεται
1359 2299 1372 2325 ὃ
1394 2299 1431 2335 μὴ
1447 2287 1602 2334 πρότῷατόν
1623 2300 1708 2327 ἐστιν.
1731 2300 1761 2327 '0
1779 2300 1857 2326 τοίνυν
1869 2297 1894 2331 μὴ

1134 2345 1162 2379 ἐξ
1175 2345 1257 2372 ἀϊδίου
1272 2345 1317 2372 τὸν
1328 2345 1465 2380 Μονογενῆ
1480 2345 1546 2372 Θεὸν
1561 2345 1593 2372 ὲκ
1610 2345 1656 2372 τοῦ
1671 2346 1779 2382 Πατρδς
1794 2343 1853 2372 εἶναι
1863 2351 1893 2369 πι-

1135 2393 1247 2425 στεύων,
1259 2391 1413 2428 πρόσφατον
1428 2391 1508 2419 αὑτὸν
1522 2390 1591 2418 εἶναι
1603 2392 1653 2419 οὐκ
1668 2393 1789 2428 ἀρνεῖται
1802 2401 1808 2408 ·
1822 2391 1847 2418 τὸ
1857 2390 1893 2424 γὶρ

1137 2439 1173 2475 μὴ
1185 2438 1277 2469 ἀΐδιον.
1295 2438 1448 2473 πρόσφατον
1460 2437 1568 2470 πάντως
1581 2446 1588 2453 ·
1604 2439 1657 2464 πᾶν
1667 2437 1694 2464 δὲ
1707 2438 1738 2464 τὺ
1755 2438 1894 2474 πρόσφατον.

1134 2485 1201 2516 Θεὸς
1224 2484 1274 2511 οὐκ
1295 2483 1386 2516 ἔστιν,
1408 2483 1499 2516 καθὼς
1516 2481 1592 2511 εἶπεν
1607 2484 1623 2520 ἡ
1636 2483 1752 2519 Γραφὴ,
1777 2485 1816 2511 ὅτι
1837 2480 1895 2508 «Οὐκ

1136 2530 1212 2557 ἔσται
1226 2530 1256 2557 ὲν
1278 2530 1319 2556 σοὶ
1335 2529 1401 2562 Θεὸς
1423 2530 1586 2566 πρόσφατος.
1601 2539 1610 2556 ι
1640 2531 1710 2566 Ἀρα
1723 2531 1737 2557 ὁ
1752 2530 1848 2564 λέγων.
1870 2527 1896 2552 ὅτι

1137 2575 1201 2603 ποτὲ
1216 2575 1266 2602 οὐκ
1281 2573 1325 2611 ἦν,
1342 2573 1419 2608 οὗτος
1429 2575 1550 2611 ἀρνεῖται
1563 2575 1645 2602 αὐτοῦ
1658 2575 1706 2611 τὴν
1719 2575 1839 2610 θεότητα.
1860 2571 1897 2598 Πά-

1136 2621 1177 2648 λιν
1190 2621 1328 2658 ἀλλότριον
1340 2621 1406 2648 Θεὸν
1419 2623 1581 2658 προσκυνεῖν
1594 2622 1691 2650 κωλύει
1703 2623 1716 2649 ὁ
1732 2622 1831 2657 λέγων,
1848 2629 1856 2645 ι
1865 2617 1897 2644 0'3-

1136 2669 1231 2696 δέποτε
1243 2668 1443 2704 προσκυνήσεις
1454 2667 1507 2704 θεῷ
1517 2668 1649 2703 ἀλλοτρίῳ
1658 2675 1664 2682 ·
1680 2678 1690 2694 ›
1716 2667 1730 2693 ό
1745 2667 1773 2694 δὲ
1785 2665 1898 2699 ἀλλότριης

1138 2716 1171 2750 τῇ
1188 2714 1256 2751 πρὸς
1270 2714 1314 2742 τὸν
1329 2714 1395 2741 ῑδιον
1406 2714 1485 2750 ήμῶν
1497 2714 1563 2742 Θεον
1573 2715 1757 2750 ἀντιδιαστολῇ
1769 2711 1898 2748 Θεωρεζεαι-

355 2843 445 2872 ‘Psal.
473 2851 554 2879 Lux,
571 2845 611 2873 ιο.
650 2845 660 2861 ¹
679 2843 766 2873 Exod.
779 2852 860 2872 xulv
873 2863 880 2872 .
896 2843 940 2871 Η.
979 2843 989 2859 ³
1009 2842 1095 2872 Exod.
1112 2851 1145 2871 xx
1157 2863 1165 2877 ,
1181 2843 1208 2871 3.
