1926 3080
66 92 118 122 H9

751 101 891 130 CONTRA
909 103 1036 133 FATUM.
1070 114 1075 119 ‘

1639 110 1689 140 150

65 151 281 187 ὑπηρετοῦντας,
297 154 313 189 ἢ
330 154 492 189 φιλοσοφεῖν,
511 155 526 190 ἢ
548 155 713 192 ῥητορεύειν,
729 157 744 191 ἢ
763 166 851 193 γεωρ-

913 146 1012 186 ν’ἰνριιιὶἱ
1029 168 1114 196 genus
1135 161 1206 188 colat
1220 162 1383 194 sublimius,
1400 162 1489 197 inops,
1508 169 1534 190 et
1547 163 1659 192 liberum
1679 175 1687 192 :

62 199 133 229 γεῐν,
148 197 164 233 ἣ
183 199 386 231 ναυτίλλεσθαι,
405 200 464 235 ἢέν
478 201 557 236 γάμῳ
574 201 632 236 ζῇν,
651 202 666 236 ἦ
684 202 728 227 τὸν
746 203 853 237 ἄγαμον

65 243 202 277 αἱρεῖσθαι
217 244 285 279 βίον,
302 245 404 281 ἀρετῆς
416 254 444 272 τε
462 247 508 272 καὶ
524 247 621 279 κακίας
633 247 681 282 τὴν
693 247 777 283 αὐτὴν
790 248 852 274 ἀνά-

66 295 136 322 γκην
158 287 228 315 εἶναι
241 289 430 325 διισχυρίζετο.
445 291 523 317 Ὥστε
538 292 606 318 κατὰ
620 293 667 328 τὴν
678 293 855 328 ἀπαράϐατον

66 333 169 369 ταύτην
186 335 390 370 ἁποκλήρωσιν,
411 337 455 363 τὸν
481 335 532 370 μὲν
555 339 588 373 τῇ
604 337 757 374 ὑψηλοτέρα
772 347 856 374 προσ-

66 379 176 414 ανέχειν
192 379 249 416 ζωῇ
267 381 294 407 ὲν
310 381 442 417 ἀκτήμονι
460 383 505 408 καὶ
522 382 665 418 ἐλευθερίῳ
685 383 775 415 ζῶντα
787 383 836 419 βίῳ
848 391 854 398 ·

66 424 161 458 ἕτερον
180 424 208 450 δὲ
222 446 229 457 ,
247 424 476 461 τυμϐωρυχεῖν,ἢ
492 426 672 462 πειρατεύειν,
689 427 706 462 ἦ
723 427 857 454 ἀσωτεὺε-

68 469 144 501 σθαι,
158 469 175 504 ἦ
190 469 229 505 τῷ
244 471 374 506 ἑταιρικῷ
391 470 440 507 βίῳ
454 471 683 506 ἀποθηλύνεσθαι.
699 470 752 499 Καὶ
769 473 857 500 πάντα

69 515 102 541 τὰ
117 515 230 541 τοιαῦτα
246 516 361 550 διεξιὼν,
377 516 488 552 ἱσχυρὰν
502 516 570 552 ᾤετο
590 517 635 544 τοῦ
655 517 693 553 μὴ
707 519 858 554 παραδέξα-

70 561 134 587 σθαι
148 561 194 588 τον
212 561 291 596 λόγον
310 562 388 597 ἡμῶν
401 563 489 589 αἰτίαν
505 563 683 599 ἐπιδεδεῖχθαι
695 585 702 596 ,
719 565 750 591 τὸ
764 565 801 600 μὴ
816 566 857 599 ἐφ’

69 607 135 640 ἡμῖν
150 604 219 633 εἶναι
233 608 301 642 ὅπερ
314 607 346 634 ἂν
361 607 482 643 θέλωμεν
497 608 555 634 κατ’
572 609 696 640 ἐξουσίαν
712 610 857 646 αἱρεῖσθαι,

70 652 139 678 ἀλλὰ
149 652 205 679 δεῖν
221 654 364 688 ἀναμεῖναι
381 654 430 690 τὴν
443 654 565 690 ἀνάγκην
577 655 684 690 εκείνην
695 677 703 688 ,
719 654 752 692 ἧς
769 656 799 683 τὸ
816 658 859 684 ὲν-

69 699 181 734 δόσιμον
202 700 270 735 πρὸς
289 700 337 736 τὴν
350 701 478 737 τοιαύτην
499 701 586 738 ὁρμὴν
609 703 801 738 παρασχούσης
816 704 859 730 ἐπ’

71 745 195 780 ἀνάγκης
207 745 275 773 εἶναι
293 746 457 782 προσθέσθαι
469 747 508 783 τῷ
522 748 602 783 λόγῳ,
615 748 662 774 καὶ
678 748 715 783 μὴ
731 748 859 784 βουλόμε-

71 799 132 818 νον·
156 791 220 818 ἄνευ
242 792 270 818 δὲ
294 792 415 828 ἐκείνης,
439 794 484 820 καὶ
506 793 608 828 σφόδρα
632 794 858 830 προαιρουμένου,

907 203 978 231 alius
992 205 1117 240 sepulcra
1133 206 1233 238 violet,
1257 211 1302 233 aut
1319 207 1463 241 piraticam
1483 214 1627 243 exerceat,
1643 215 1689 240 aut

908 250 1019 285 prodige
1035 252 1115 284 vivat,
1133 255 1179 278 aut
1194 252 1347 279 meretricio
1361 253 1422 280 vita:
1437 261 1537 288 genere
1548 255 1689 284 effemine-

908 299 961 321 tur.
981 295 1087 328 Quibus
1104 296 1230 324 omnibus
1242 297 1404 331 pcrcensitis
1416 320 1422 332 ,
1441 299 1545 327 tirmam
1559 308 1587 328 se
1608 307 1688 336 puta-

908 341 953 368 bat
977 349 1029 369 non
1055 342 1229 376 admittendm
1257 348 1356 371 nostrae
1381 345 1512 372 orationis
1538 346 1691 376 reddidisse

907 387 1057 420 rationem,
1074 395 1137 415 cum
1160 396 1214 415 non
1233 393 1306 416 esset
1329 389 1356 417 in
1378 397 1459 417 manu
1488 395 1601 424 nostra,
1618 393 1691 426 quod

907 432 1069 468 liberet,pro
1084 433 1216 461 arbitratu
1228 434 1430 469 suScipere,sed
1445 435 1490 462 illa
1505 436 1573 464 foret
1593 445 1692 472 exspe-

907 478 1005 506 ctanda
1026 479 1177 508 necessitas
1196 487 1202 505 :
1220 487 1280 515 qua:
1303 480 1326 508 si
1339 487 1420 515 quem
1443 481 1470 508 in
1489 489 1548 509 eam
1570 487 1688 510 mentem

908 528 1038 560 tauquam
1057 525 1136 560 signo
1150 525 1213 553 dato
1236 526 1407 561 impulisset,
1436 527 1552 555 orationi
1580 536 1691 557 necesse

909 579 969 598 esse
980 575 1010 598 ut
1021 572 1062 599 vel
1076 572 1172 599 nolens
1182 573 1349 600 assentiatur
1360 581 1367 599 :
1380 573 1452 607 quod
1462 573 1521 600 sine
1533 573 1588 605 illa,
1601 581 1692 609 quam-

908 617 950 644 vis
975 625 1139 653 magnopere
1155 618 1252 650 vellct,
1268 617 1326 646 ﬁeri
1343 626 1397 646 non
1420 622 1522 654 posset.
1544 619 1690 654 Postquam

909 661 966 688 time
979 661 1022 689 ille
1035 666 1062 689 et
1073 662 1133 697 ejus
1146 663 1254 698 generis
1268 663 1320 690 alia
1334 663 1518 697 disseruisset,
1537 664 1692 692 sciscitatus

909 715 941 734 ex
956 714 989 735 eo
1005 715 1076 740 sum,
1095 707 1214 736 Deumne
1228 709 1382 744 quempiam
1411 717 1473 737 esse
1491 714 1598 744 putaret
1612 730 1619 742 ,
1644 710 1691 737 tati

910 753 1021 780 nomine
1038 753 1217 788 appellatum,
1235 754 1282 789 qui
1298 755 1421 782 omnium
1442 763 1533 782 rerum
1549 756 1692 790 potiretur,

910 802 936 824 et
950 798 1029 832 cujus
1045 799 1187 826 voluntate
1205 799 1333 826 universa
1346 799 1471 827 crederet
1495 799 1693 827 administrari.

73 838 109 872 μὴ
123 836 236 864 δυνατὸν
251 835 319 864 εἶναι
336 838 472 872 γενέσθαι.
495 839 564 873 Ἐγὼ
578 839 607 867 δὲ
619 839 703 868 ταῦτα
716 840 797 867 αὑτοῦ
813 841 859 868 καὶ

913 843 945 870 At
963 843 1008 871 ille
1022 851 1064 872 me
1077 844 1112 871 ob
1135 839 1195 871 eam
1212 844 1454 880 interrogationem
1471 845 1631 880 ignorantiae
1646 853 1694 872 no-

70 885 104 910 τὰ
127 885 243 912 τοιαῦτα
262 885 421 919 διεξιόντος,
437 886 543 922 ἠρόμην
562 887 652 919 αὑτὸν,
675 889 698 914 εἱ
718 888 783 915 Θεόν
799 897 860 915 τινα

71 931 156 956 οἴεται
168 931 214 957 τὸν
228 931 298 957 κατὰ
317 932 423 958 πάντων
447 933 543 967 ἔχοντα
562 933 671 968 κράτος,
692 934 736 960 τὸν
751 934 789 969 τῷ
804 935 860 961 ὀνό-

73 984 138 1010 ματι
154 976 204 1010 τῆς
219 977 389 1013 εἱμαρμένης
413 978 633 1014 ἀποκαλούμενον
644 1000 651 1011 ,
672 976 702 1007 οὗ
715 980 753 1016 τῷ
766 981 861 1016 βουλή-

74 1031 138 1056 ματι
157 1022 191 1048 τὰ
209 1023 272 1049 καθ’
285 1023 397 1050 ἕκαστον
409 1024 608 1060 οἰκονομεῖσθαι
621 1026 810 1052 πεπίστευκεν.
831 1027 860 1051 ’0

69 1066 99 1094 δὲ
117 1068 220 1103 πολλήν
234 1077 284 1103 μου
303 1070 454 1103 καταγνοὺς
471 1071 635 1107 ἀϐελτηρίαν
658 1073 686 1098 ὲν
707 1071 744 1107 τῷ
759 1073 861 1107 ἐρωτή-

74 1122 151 1148 ματι,
179 1113 216 1140 Οὕ
232 1123 277 1149 μοι
292 1115 379 1147 δοκεῖς
394 1116 631 1151 κατανενοηκέναι,
652 1117 729 1152 φησι,
745 1117 798 1144 τῶν
817 1118 861 1143 οὺ-

73 1159 175 1194 ρανίων
194 1160 281 1186 οὐδέν.
299 1158 337 1186 ἾΙ
354 1160 408 1196 γὰρ
422 1161 454 1188 ἂν
469 1161 554 1196 ἔγνως
570 1163 619 1196 τῆς
634 1164 802 1199 εἱμαρμένης
812 1164 860 1198 τὴν

71 1205 205 1240 δύναμιν,
236 1206 283 1232 καὶ
308 1206 380 1238 ὅπως
411 1207 566 1243 κατελήφθη
594 1208 648 1235 τῶν
679 1209 739 1235 καθ’
767 1210 861 1245 εἱρμὸν

71 1250 262 1286 ἀπαραϐἑιτως
285 1252 434 1287 γινομένων
459 1254 475 1287 ἡ
500 1253 622 1288 δύναμις.
659 1254 740 1289 Ἑμοῦ
769 1255 797 1280 δὲ
815 1255 861 1280 καὶ

73 1297 140 1330 πρὸς
158 1297 256 1323 τοῦτον
273 1297 504 1334 ξενοφωνουμένου
518 1299 562 1325 τὸν
575 1300 664 1334 λόγον,
677 1301 722 1327 καί
739 1309 763 1327 τι
782 1301 861 1334 σαφέ-

72 1351 168 1378 στερον
185 1343 324 1376 ἀξιοῦντος
342 1343 447 1378 μαθεῖν,
465 1345 578 1379 πότερον
593 1346 705 1380 δύναμιν
722 1355 782 1372 τινα
799 1355 862 1381 προ-

71 1389 217 1424 αιρετικὴν
233 1389 385 1424 αὐτοκρατῆ
408 1398 436 1416 τε
456 1390 501 1416 καὶ
516 1391 670 1423 ἀδέσποτον,
689 1392 717 1417 ἐν
732 1391 861 1426 ὑπερκειυ

74 1434 145 1469 μένῃ
158 1435 214 1460 τινὶ
228 1433 335 1470 ἐξουσία
347 1434 535 1470 θεωρουμένην
548 1435 596 1471 τὴν
612 1436 780 1471 εἱμαρμένην
795 1434 862 1463 εἶναι

73 1479 254 1513 φαντάζεται,
272 1480 286 1514 ἢ
301 1480 363 1506 ἄλλο
382 1489 407 1506 τι
421 1481 496 1516 παρὰ
513 1481 590 1508 τοῦτο
613 1480 745 1517 ὑπείληφε
756 1503 763 1514 ,
782 1483 862 1509 πάλιν

71 1527 117 1552 τὸν
135 1526 218 1552 αὑτὸν
240 1526 416 1553 ἐπαναλαὸὼν
431 1527 520 1561 λόγον,
539 1527 568 1553 '0
580 1527 633 1554 τῶν
651 1528 791 1563 οὐρανίων,
809 1537 860 1563 φη-

74 1572 125 1602 σιν,
148 1571 356 1607 ἐπεσκεμμένος
376 1572 425 1607 τὴν
448 1573 563 1608 κίνησιν,
588 1573 632 1599 τόν
651 1582 680 1599 τε
701 1573 861 1608 ζωὸιοφόρον

73 1617 184 1650 κύκλον,
209 1617 257 1644 καὶ
282 1618 315 1643 τὰ
332 1619 360 1644 ἐν
382 1619 454 1653 αὐτῷ
471 1619 631 1645 δυοκαίδεκα
654 1619 803 1654 τμήματα,
828 1620 860 1653 τῇ

74 1663 236 1697 περιγραᾷῇ
254 1662 306 1688 τῶν
324 1662 545 1698 ἐνθεωρουμένων
561 1663 663 1695 ζωδίων
687 1663 720 1689 δι’
739 1663 796 1689 ἴσου
815 1664 862 1689 ἀπ’

72 1709 198 1744 ἀλλήλων
225 1709 393 1744 διεστηκότα,
417 1709 531 1736 ἐκάςτου
557 1719 586 1736 τε
610 1710 663 1736 τῶν
683 1709 790 1745 ἄστρων
813 1709 862 1745 τὴν

72 1754 189 1789 δύναμιν
208 1755 380 1790 κατανοήσας
392 1775 399 1786 ,
425 1755 482 1781 τίνα
505 1756 553 1790 μὲν
576 1756 617 1790 ἐφ’
635 1755 731 1782 ἑαυτοῦ
748 1756 863 1783 ἕκαστον

72 1801 103 1826 ἐκ
123 1800 159 1834 φῦ
166 1808 236 1830 seu);
252 1800 327 1834 ἰσχὺν
342 1800 415 1834 ἔχει’
432 1800 456 1826 τί
473 1800 500 1826 δὲ
514 1801 530 1835 ἡ
545 1800 650 1832 σύνοδος
665 1801 753 1827 αὐτῶν
772 1802 804 1827 ἐκ
814 1802 863 1836 τῆς

72 1846 153 1876 ποιᾶς
173 1844 244 1880 πρὸς
261 1844 361 1879 ἄλληλα
376 1845 498 1880 κράσεως
515 1846 709 1880 ἀπεργάζεται,
727 1846 776 1881 τῆς
793 1846 863 1873 κατά

72 1891 191 1925 δύναμιν
211 1891 327 1917 ἑκάστου
349 1890 436 1916 αὐτῶν
459 1890 589 1926 ἰδιότητος
615 1891 756 1926 μιχθείσης
776 1901 804 1918 τε
825 1892 863 1927 τῷ

73 1936 276 1972 προςεγγισμῴ
289 1937 354 1971 πρὸς
371 1936 418 1972 τὴν
432 1938 539 1971 ἑτέραν,
557 1937 603 1964 καὶ
615 1937 811 1973 ἀποκριθεὶσης
820 1937 863 1964 διὰ

71 1982 119 2017 τῆς
137 1983 317 2013 ἀποστάσεως
328 1991 334 1998 ·
349 1983 373 2008 τί
390 1991 418 2009 τε
437 1982 516 2009 πάλιν
533 1984 548 2017 ἡ
563 1982 608 2009 τοῦ
625 1983 778 2018 κατωτέρου
798 1984 864 2010 ὑπό-

73 2028 151 2058 ὗατις
175 2028 338 2062 ἐργάζεται·
362 2029 408 2055 καὶ
431 2028 456 2054 τί
473 2029 489 2063 ἡ
508 2029 555 2056 τοῦ
575 2029 770 2064 ὑπερκειμένου
794 2029 864 2056 κατὰ

74 2073 120 2108 τὴν
137 2073 258 2108 πάροδον
269 2073 397 2107 ἔκλειψις,
407 2073 454 2100 καὶ
470 2073 550 2100 πάλιν
564 2074 793 2106 ἀποκατάστασις,
809 2076 822 2101 ὅ
833 2083 863 2101 τε

73 2120 197 2151 ποικίλος
214 2119 268 2145 τῶν
284 2119 426 2146 συνιόντων
440 2128 468 2145 τε
486 2121 533 2146 καὶ
547 2120 738 2155 ἀφισταμένων
756 2129 863 2156 σχημα-

911 888 983 916 mine
999 896 1052 915 non
1080 889 1176 916 leviter
1191 890 1349 917 accusabat.
1372 889 1430 916 Non
1446 889 1547 917 videris
1562 910 1569 922 ,
1591 889 1691 924 inquit.

911 933 977 960 mihi
995 933 1143 968 quidquam
1162 934 1316 961 caelestium
1336 942 1424 961 rerum
1441 934 1607 968 percepisse.
1625 934 1694 961 Alio-

911 979 976 1013 quin
1004 979 1076 1005 enim
1101 979 1278 1014 cognovisscs
1307 979 1429 1014 proiecto
1449 980 1501 1006 vim
1521 978 1592 1011 fati,
1623 979 1694 1006 unde

912 1024 1017 1051 scilicet
1041 1029 1068 1051 et
1082 1024 1220 1059 quomodo
1238 1025 1407 1060 deprehensa
1431 1025 1466 1051 sit
1482 1024 1524 1051 vis
1540 1032 1632 1052 rerum
1648 1025 1695 1052 itii-

911 1069 1034 1097 mutabili
1054 1070 1170 1104 quadam
1188 1071 1258 1098 serie
1283 1078 1408 1105 nexuque
1429 1070 1621 1098 evenientium.
1640 1070 1695 1106 Ego

912 1116 1047 1144 sermonis
1064 1116 1183 1143 novitate
1195 1115 1411 1151 obstupefactus.
1434 1124 1496 1142 cum
1512 1123 1650 1151 rogassent
1667 1121 1695 1143 ut

911 1169 954 1188 me
965 1161 1045 1195 paulo
1056 1161 1158 1189 clarius
1168 1160 1304 1193 edoceret,
1319 1165 1410 1188 utrum
1423 1160 1507 1188 fatum
1523 1161 1594 1196 quod
1605 1161 1696 1187 animo

913 1206 1042 1239 lingeret,
1057 1207 1111 1236 vim
1125 1207 1271 1241 quamdant
1289 1207 1470 1234 voluntariam
1484 1226 1490 1238 ,
1511 1207 1635 1239 liberarii,
1653 1207 1695 1233 sui

909 1252 991 1286 juris,
1009 1260 1175 1288 summaeque
1187 1252 1323 1286 potentiae.
1340 1261 1374 1279 an
1390 1260 1454 1279 vero
1471 1252 1543 1279 aliud
1556 1252 1694 1287 quidpiam

912 1297 946 1324 ab
963 1298 1009 1324 illa
1036 1298 1174 1325 diversum
1196 1306 1257 1326 esse
1278 1302 1410 1326 statueret
1435 1298 1554 1325 :eadem
1580 1298 1695 1332 repetita

912 1343 1053 1371 oratione:
1075 1344 1136 1376 Qui,
1153 1343 1240 1378 inquit
1252 1363 1260 1374 ,
1274 1344 1472 1378 contemplatus
1486 1347 1528 1371 est
1545 1343 1695 1370 ctelestium

912 1396 1056 1423 corporum
1084 1395 1208 1420 motum,
1236 1389 1376 1417 zodiacum
1402 1389 1555 1422 circulum,
1583 1388 1696 1423 ejusque

913 1434 1075 1466 duodecim,
1101 1443 1161 1469 qua:
1188 1435 1214 1461 in
1238 1442 1270 1462 eo
1294 1434 1521 1475 conspiciuntur,
1552 1438 1693 1469 segmenta

878 1497 899 1525 ο
915 1481 1086 1516 aequabiliter
1103 1482 1173 1509 inter
1191 1490 1220 1510 se
1237 1482 1332 1510 dissita
1354 1491 1360 1509 :
1378 1489 1428 1509 nec
1448 1490 1502 1509 non
1523 1481 1695 1516 singulorum

917 1531 1055 1555 astrorum
1073 1528 1231 1554 facultatem
1249 1535 1280 1554 ac
1299 1528 1371 1555 vires
1382 1536 1452 1563 quas
1465 1536 1513 1563 per
1527 1535 1556 1556 sc
1569 1527 1698 1562 quodque

914 1573 941 1600 in
957 1579 1017 1600 ortu
1035 1581 1085 1600 suo
1100 1573 1181 1600 habet
1198 1583 1204 1600 :
1221 1573 1287 1608 quid
1300 1581 1394 1600 eorum
1406 1574 1503 1601 elliciat
1519 1580 1696 1608 congressus,

915 1619 1033 1654 propriis
1047 1619 1218 1654 singulorum
1238 1619 1386 1646 virtutibus
1400 1619 1472 1646 inter
1484 1627 1514 1647 se
1527 1619 1696 1654 temperatis.

914 1667 971 1693 sive
994 1673 1033 1692 ea;
1053 1665 1293 1697 commisceantur,
1319 1669 1349 1692 ut
1369 1673 1432 1692 cum
1454 1669 1559 1693 astrum
1583 1665 1698 1692 alterum

915 1709 1112 1745 appropinquat
1125 1710 1214 1742 alteri,
1231 1711 1287 1738 sive
1301 1714 1492 1742 secernantur,
1511 1715 1540 1737 ut
1559 1718 1621 1738 cum
1630 1710 1697 1738 alte-

915 1763 974 1782 rum
983 1755 1017 1782 ab
1025 1755 1111 1782 altero
1124 1755 1244 1783 recedit:
1258 1755 1322 1790 quid
1335 1757 1398 1783 item
1410 1755 1549 1783 inferioris
1561 1763 1697 1785 recessus.

914 1800 977 1835 quid
994 1801 1143 1836 superioris
1160 1801 1187 1828 in
1205 1802 1321 1828 transitu
1339 1801 1457 1829 defectio
1469 1823 1477 1834 ,
1493 1801 1558 1836 quid
1575 1800 1698 1835 ejusdem

914 1847 1053 1874 restitutio
1069 1856 1075 1873 ς
1093 1846 1158 1881 quid
1171 1846 1249 1873 varia
1265 1847 1499 1881 congredientium
1509 1851 1535 1874 et
1545 1846 1700 1881 digredien-

915 1892 982 1918 tium
992 1891 1089 1923 forma,
1106 1892 1314 1927 sivctrianguli,
1325 1893 1382 1919 sive
1394 1891 1508 1925 scaleni,
1522 1895 1569 1917 aut
1579 1891 1601 1918 si
1616 1899 1697 1926 quam

915 1939 994 1965 aliam
1007 1939 1199 1973 geometricam
1221 1939 1335 1972 ﬁguram
1349 1938 1470 1964 referunt
1486 1945 1493 1964 :
1513 1937 1558 1971 qui
1571 1937 1638 1968 haec,
1653 1936 1695 1963 in~

915 1984 984 2019 quit,
1000 1988 1027 2011 et
1043 1984 1201 2019 lmjusmodi
1214 1984 1266 2010 alia
1278 1982 1699 2018 perspexerit,scietl'atinomine

914 2029 941 2055 id
957 2028 1124 2063 signiticari,
1152 2027 1225 2062 quod
1250 2027 1320 2054 serie
1336 2026 1453 2061 quadam
1471 2026 1634 2053 immutabili
1650 2035 1699 2061 pro

915 2074 1054 2101 stellarum
1083 2073 1278 2108 conjunctione
1305 2071 1461 2099 necessario
1482 2071 1607 2098 ellicitur.
1623 2070 1692 2106 Cum

915 2119 942 2157 id
963 2126 1072 2154 quoque
1098 2119 1165 2145 mihi
1196 2117 1347 2144 inauditum
1374 2120 1400 2143 ct
1424 2124 1522 2143 novum
1553 2116 1698 2144 accidisset

72 2165 182 2200 τιςμὸς,
205 2166 241 2195 ἐν¹
253 2165 413 2199 τριγωνίοις,
432 2165 447 2200 ἢ
467 2165 608 2201 σκαληνοῖς
623 2166 861 2201 καταγραφόμενος

916 2166 982 2199 (non
1003 2165 1074 2193 enim
1093 2164 1241 2200 quidquam
1267 2171 1362 2190 eorum
1378 2171 1439 2198 qum
1463 2162 1575 2195 diceret,
1600 2162 1699 2189 intelli-

73 2212 214 2246 σχήμασιν
225 2230 232 2241 ,
282 2210 328 2236 καὶ
341 2210 405 2237 ἄλλο
421 2219 447 2237 τι
463 2210 516 2237 τῶν
528 2211 599 2237 κατά
615 2211 782 2246 γεωμετρίαν
799 2211 860 2237 θεω-

75 2257 217 2291 ρουμένων
253 2256 397 2290 σχημάτων
428 2256 582 2286 ἀποτελῶν
608 2258 622 2283 ὁ
646 2258 732 2283 ταῦτα.
761 2257 807 2283 καὶ
830 2257 865 2283 τὰ

71 2302 188 2329 τοιαῦτα
206 2304 386 2337 κατανοήσας,
401 2302 503 2330 εἵσεται
518 2303 567 2338 τῆς
585 2304 751 2338 εἱμαρμένης
767 2303 798 2329 τὸ
815 2310 864 2337 ση-

73 2348 252 2382 μαινόμενον,
266 2347 306 2373 ὂτι
323 2347 353 2373 τὸ
373 2348 460 2383 εἱρμῷ
475 2356 527 2374 τινι
549 2347 717 2382 ἀπαραδάτῳ
733 2347 804 2373 κατά
817 2347 865 2382 τὴν

74 2393 156 2419 ποιὰν
172 2392 334 2428 συμπλοκὴν
348 2393 401 2419 τῶν
418 2393 540 2428 ἀστέρων
555 2393 709 2427 ἀναγκαίως
720 2392 866 2419 ἀποτελού-

74 2447 157 2474 μενον
183 2438 223 2473 τῴ
252 2438 362 2472 ὀνόματι
391 2439 440 2473 τῆς
467 2439 636 2474 εἱμαρμένης
659 2439 864 2474 διηρμήνευται.

78 2484 158 2511 Ἐπεὶ
172 2484 201 2510 δέ
214 2476 250 2518 με
264 2483 310 2510 καὶ
321 2485 399 2511 τοῦτο
412 2484 491 2511 πάλιν
501 2485 618 2517 ἐξένιζεν
628 2493 635 2500 ·
646 2485 675 2511 οὐ
694 2485 748 2520 γὰρ
774 2484 866 2520 συνίην

73 2531 128 2557 τῶν
145 2530 304 2565 λεγομένων
318 2531 402 2563 οὐδὲν,
420 2531 466 2557 ἃτε
485 2532 522 2566 μὴ
540 2531 753 2566 πεπαιδευμένος
766 2530 866 2566 ταύτην

71 2578 124 2614 τὴν
137 2577 283 2603 παίδευσιν
293 2586 299 2592 ·
313 2576 413 2611 ἠξίουν,
427 2577 460 2603 δι’
475 2573 512 2605 ὧν
524 2575 558 2611 ἦν
578 2585 621 2611 μοι
639 2576 750 2603 δυνατὸν
765 2576 866 2611 γνῶναι

72 2625 124 2659 τὴν
142 2624 194 2658 τῆς
211 2624 381 2658 εἱμαρμένης
397 2623 525 2655 διάνοιαν,
543 2622 586 2649 διὰ
601 2623 701 2649 τούτων
717 2631 761 2658 μοι
785 2631 866 2656 φανε-

75 2670 122 2705 ρὸν
150 2670 240 2695 ποιεῖν
257 2668 287 2694 τὺ
307 2668 460 2703 λεγόμενον.
486 2668 555 2699 Τοὺς
581 2669 635 2703 γὰρ
657 2667 795 2702 ἀστρῴους
819 2667 868 2693 κύρ

74 2715 158 2745 algu;
170 2713 250 2741 ἄλλον
262 2713 334 2748 ἄλλῳ
344 2713 491 2747 ὲγκεῖαθαι,
506 2713 552 2740 καὶ
566 2714 614 2747 τὴν
625 2714 746 2740 ἐναντίαν
762 2713 867 2748 κίνησιν

73 2761 108 2794 τῇ
135 2758 256 2784 ὰπλανεῑ
276 2759 411 2794 περιφορᾷ
433 2759 502 2784 κατὰ
521 2758 550 2784 τὸ
568 2758 641 2790 ἐντὸς
665 2758 866 2797 ἀνελίσσεσθαι,

78 2805 125 2831 καὶ
139 2804 246 2834 tiu/ta;
261 2803 367 2835 τῡᾶτῦυς
384 2803 421 2838 τῷ
438 2802 562 2838 ζωδιακῷ
585 2803 741 2831 ἑνδινεῖτθαι
758 2803 847 2839 κύκλῳ
860 2811 866 2818 '

915 2213 1021 2247 gebam,
1038 2212 1137 2246 quippe
1151 2218 1183 2238 ea
1204 2209 1348 2244 disciplina
1363 2217 1415 2236 non
1438 2206 1587 2243 eruditus),
1606 2207 1700 2242 rogavi

917 2262 943 2284 ut
966 2265 1000 2284 eo
1024 2258 1104 2284 modo
1134 2257 1199 2283 mihi
1226 2256 1279 2282 vim
1306 2254 1381 2282 verbi
1396 2253 1557 2285 declararet,
1576 2260 1631 2287 quo
1652 2253 1700 2279 lati

916 2303 1053 2330 notionem
1073 2302 1182 2336 assequi
1207 2307 1325 2335 possem.
1346 2298 1414 2325 Nam
1435 2298 1560 2325 cmlestes
1579 2297 1700 2324 circulos

915 2349 999 2375 alium
1031 2348 1058 2374 in
1083 2348 1136 2374 alio
1157 2355 1227 2378 esse.
1256 2350 1282 2373 et
1312 2349 1387 2372 motu
1414 2344 1556 2372 contrario
1582 2351 1700 2371 conver-

917 2394 987 2422 sioni
1006 2393 1168 2420 lli-rnamenti
1185 2400 1233 2419 seu
1249 2391 1354 2426 aplanis
1370 2391 1486 2418 interius
1502 2389 1580 2422 cieri,
1601 2396 1702 2423 eosque

917 2447 1012 2466 omnes
1020 2440 1047 2466 in
1063 2438 1175 2465 zodiaco
1186 2437 1363 2464 circumvolvi
1379 2445 1385 2463 :
1403 2437 1472 2468 lucc,
1487 2435 1608 2469 inquam,
1620 2435 1702 2461 etiam

916 2487 951 2513 ab
976 2485 1038 2512 aliis
1060 2483 1161 2515 audivi,
1184 2491 1215 2510 ac
1235 2482 1350 2518 proinde
1375 2480 1551 2508 luminarium
1579 2479 1705 2514 splendo-

917 2540 973 2559 reln
1003 2539 1052 2566 pro
1081 2530 1258 2558 conversione
1279 2529 1377 2563 cuique
1406 2527 1478 2556 cmlo
1507 2526 1618 2561 propria
1646 2529 1705 2552 tum

917 2577 1046 2605 accedere
1059 2581 1115 2604 tum
1134 2576 1272 2606 recedere,
1293 2579 1372 2609 atque
1395 2572 1525 2600 inferiore
1539 2574 1615 2597 astro
1637 2569 1706 2597 sub—

917 2629 999 2651 eunte
1023 2623 1079 2650 tolli
1096 2630 1111 2649 e
1125 2625 1273 2656 conspectu
1286 2623 1382 2647 nostro
1405 2616 1543 2653 superius.
1557 2614 1580 2642 si
1592 2613 1708 2648 quidem

919 2669 1041 2696 interiori
1064 2669 1167 2695 directe
1189 2671 1342 2702 opponatur
1364 2675 1371 2692 :
1395 2669 1421 2692 et
1446 2666 1618 2697 quaecunque
1643 2659 1711 2688 hinc

919 2719 980 2750 apte
991 2715 1196 2749 colligerentur,
1211 2713 1269 2740 sive
1282 2711 1397 2738 formam
1414 2709 1536 2742 aliquam
1549 2704 1712 2740 efﬁcerent,

921 2764 950 2787 ut
973 2768 1034 2787 cum
1065 2759 1185 2786 circulus
1215 2757 1331 2792 spatium
1356 2754 1429 2789 quod
1454 2753 1482 2780 in
1515 2757 1546 2778 se
1569 2751 1714 2785 continet,

923 2805 958 2832 ita
977 2809 1049 2831 motu
1068 2811 1117 2831 suo
1132 2802 1225 2834 ambit,
1245 2804 1274 2828 ut
1292 2799 1367 2828 sidus
1385 2798 1412 2827 in
1434 2794 1555 2825 transitu
1569 2799 1618 2822 aut
1636 2800 1716 2824 recta
