1954 3081
80 106 124 135 I53

748 101 885 130 CONTRA
903 100 1032 128 FATUM.

1647 97 1697 125 15.5

79 166 127 192 τῶν
144 163 217 190 κατὰ
238 163 285 190 τὸν
301 164 360 198 βίον
376 163 599 199 ἀποτελουμένων
615 162 743 198 διαφορὰς
757 162 867 197 ἐξεργά-

932 159 1029 186 nodum
1052 158 1123 185 enim
1146 157 1249 192 peritus
1271 155 1402 189 medicus,
1425 155 1447 183 si
1472 155 1698 183 medicamentum

79 212 163 243 ζεται⁴
177 206 234 236 οἷον
253 218 327 241 τινος
345 210 481 245 ἁποῤῥοῆς
500 209 690 240 ἀδιασπαστως
703 207 806 233 ἐκεῖθεν
822 207 864 241 ἐφ’

80 257 146 293 ἡμᾶς
161 255 324 290 διηκούσης.
346 256 394 282 Διά
420 264 460 281 τοι
483 254 561 281 τοῦτο
580 254 628 280 καὶ
644 253 720 288 παρὰ
740 253 793 278 τῶν
808 254 867 278 ἐπι-

82 300 237 336 μλέπερον
254 299 290 325 τὰ
310 299 424 325 τοιαῦτα
444 299 659 333 φιλοσοφούντων
671 318 678 329 ,
695 298 722 323 αἱ
747 297 867 332 προρρή-

80 354 130 377 σεις
141 345 196 371 τῶν
214 345 354 380 ἐσομένων
372 345 419 380 οὐχ
435 344 645 379 ἁμαρτάνονται.
664 344 707 375 Ὡς
723 343 777 378 γὰρ
792 343 805 368 ὁ
819 341 868 376 τῆς

81 392 202 426 ἰατρικῆς
222 392 397 426 ἐπιστήμων,
411 391 435 417 εἰ
449 391 479 417 τὸ
499 390 599 426 Οερμδν
645 389 782 424 ναρκῶδες
803 388 868 423 φάρ-

81 445 163 470 μακον
194 437 366 472 ἁνακραθείη
395 436 434 472 τῷ
459 436 580 471 ἁλμῶντι
604 436 619 467 ἢ
647 434 868 469 παραστύφοντι,

79 482 206 516 προλέγει
228 481 278 517 τὴν
301 481 504 517 συστησομένην
529 482 560 507 ἐκ
579 481 628 515 τῆς
646 481 700 506 τῶν
717 478 869 514 ἑτεροφυῶν

80 527 177 562 μίξεως
190 527 321 560 ἰδιότητα,
338 527 385 553 καὶ
401 527 425 553 τί
442 526 639 561 κατεργάζεται
652 546 658 558 ,
674 526 720 552 καὶ
737 526 816 560 μέχρι
830 525 870 550 τί-

80 581 122 604 νος
135 573 186 608 τὴν
202 573 280 607 ἰσχὺν
294 573 361 604 ἕξει,
374 573 420 598 καὶ
430 573 482 598 τίνι
496 572 544 607 μὲν
556 571 687 607 ὀλέθριον,
702 571 754 597 τίνι
768 571 794 596 δὲ
811 570 870 596 ἀλε-

81 619 199 654 ξιτήριον
224 619 347 652 γίνεται·
369 618 454 650 οὕτως
474 618 520 644 καὶ
536 618 550 643 ὀ
572 619 627 650 τοῖς
647 617 702 644 ἄνω
718 617 752 643 δι’
775 617 871 650 ἐπιμε-

80 664 152 696 λείας
165 664 376 700 προσεσχηκὼς,
395 665 441 690 καὶ
454 664 503 700 τὴν
519 665 633 690 ἑκάστου
654 663 707 689 τῶν
722 663 806 689 ὅντων
819 661 870 696 φύ-

83 718 121 736 σιν
143 710 317 745 κατανοήσας
331 730 338 742 ,
364 709 465 736 εἴσεται
481 709 529 744 τὴν
552 710 584 735 ὲκ
602 709 653 743 τῆς
677 709 756 739 ποιᾶς
782 708 872 734 αὐτῶν

83 755 245 791 συμπλοκῆς
258 756 375 791 δύναμιν
386 756 412 782 τί
428 755 602 782 ἀποτελέσει·
619 754 688 789 αὕτη
709 755 736 781 δὲ
751 755 767 790 ἡ
786 755 872 789 ἀπορ-

85 801 131 836 ῥοὴ
159 801 221 828 οὐδὲ
242 802 271 827 ἐν
290 801 373 836 ὀλίγῳ
388 801 456 836 πρὸς
471 800 567 835 ἑαυτὴν
583 798 683 836 ὁμοίως
702 799 767 834 ἔχει.
794 799 873 825 Ἀλλὰ

81 846 123 873 διὰ
145 846 177 872 τὸ
202 847 332 873 ἀστατεῖν
356 847 399 873 ἀεὶ
427 846 481 872 τῶν
503 846 724 881 ἐπιπλεκομένων
754 846 874 881 ἀλλήλως
891 837 912 867 Β

83 892 189 928 ἄστρων
203 892 252 928 τὴν
268 893 386 928 κίνησιν⁷
403 892 561 926 ἀναγκαίως
574 893 686 928 κάκείνη
701 894 734 928 τῇ
752 893 876 928 συνεχείᾳ

83 938 131 973 τῆς
146 938 219 965 κατὰ
231 938 281 973 τὴν
297 938 407 973 κίνησιν
420 938 577 973 ἑτερότητος
596 938 796 964 συναλλοιοῦται
807 947 813 953 ·
833 939 875 964 ἀεὶ

83 983 365 1018 συμμετακιρναμένη
388 984 420 1019 τῇ
445 983 566 1018 ποικιλίᾳ
588 984 637 1018 τῆς
661 984 811 1018 κινήσεως,
831 984 876 1009 καὶ

83 1029 131 1061 τὰς
148 1029 292 1064 ἐνεργείας
317 1029 405 1063 αὐτῆς
426 1030 459 1064 τῇ
485 1029 590 1064 κινήσει
611 1029 666 1056 τῶν
690 1030 796 1065 ἄστρων
814 1038 876 1056 συν-

83 1073 298 1106 εξαλλάσσουσσ..
317 1070 372 1105 Ἶῐς
385 1073 440 1100 τῶν
461 1073 507 1100 ἐπὶ
534 1073 578 1100 τὸν
599 1074 655 1108 βίον
678 1073 878 1109 παραγομένων

83 1119 210 1150 ἕκαστος,
232 1119 303 1144 κατὰ
323 1118 373 1154 τὴν
390 1119 419 1145 ὲν
439 1118 479 1153 τῷ
500 1119 597 1153 ἀκαρεί
623 1118 670 1145 τοῦ
691 1119 877 1154 διαστήματος

84 1162 270 1198 ἐπιτυχοῦσαν
298 1163 374 1198 αὐτῷ
390 1165 489 1198 μοῖραν
507 1164 613 1195 σπάσας
627 1184 634 1196 ,
653 1165 739 1190 ἐκεῖνο
754 1165 857 1197 γίνεται
869 1184 877 1196 ,

84 1209 154 1243 ὅπερ
179 1209 196 1244 ἡ
220 1209 321 1244 ἰδιότης
341 1209 388 1235 τοῦ
414 1209 513 1245 μέρους
529 1209 633 1236 ἐκείνου
657 1210 830 1245 προεμήνυσέ
847 1218 877 1236 τε

84 1254 131 1281 καὶ
144 1254 320 1282 ἀπετέλεσεν.
344 1254 461 1290 ’Δνάγκη
479 1255 534 1289 γὰρ
549 1255 623 1281 πᾶσα
643 1255 769 1290 καθάπερ
785 1256 812 1282 ὲν
832 1256 878 1282 ἐκ·

87 1300 194 1335 μαγείῳ
218 1300 366 1335 σφραγῖδος
387 1300 426 1335 τῷ
448 1300 580 1328 ὲντεθέντι
599 1301 677 1336 κηρῷ
696 1301 726 1328 τὸ
741 1301 811 1328 κατὰ
829 1301 877 1336 τὴν

85 1345 193 1379 γλυφὴν
216 1343 288 1377 εἶδος
306 1345 502 1380 περιτυποῢται
513 1355 520 1361 ·
545 1345 632 1378 οὕτως
647 1347 693 1373 καὶ
710 1346 757 1372 τοῦ
775 1345 877 1381 ἀνθρώ-

85 1399 138 1418 που
153 1392 201 1418 τὸν
221 1391 290 1427 βίον,
305 1388 328 1425 ᾧ
343 1392 376 1419 ἂν
394 1392 540 1428 συνειλεχθῇ
563 1392 648 1427 μορίῳ
661 1392 709 1427 τῆς
728 1391 879 1427 ἁπορῤεοὺ-

86 1446 136 1472 σης
152 1437 298 1472 δυνάμεως
317 1438 350 1463 ὲκ
365 1438 414 1474 τῆς
436 1438 490 1464 τῶν
508 1438 615 1473 ἄστρων
641 1437 791 1473 κινήσεως,
810 1436 880 1464 κατὰ

918 205 1034 232 calidum
1064 208 1110 230 aut
1141 203 1277 242 ejusmodi
1303 202 1377 237 quod
1403 202 1623 232 dissolutionem,
1643 207 1700 229 stu-

918 256 1021 286 porem”,
1038 255 1209 284 torporemve
1229 249 1365 280 conciliet,
1382 256 1442 275 cum
1459 249 1550 283 aliquo
1562 248 1615 274 alio
1627 255 1701 274 com-

919 298 1077 328 niisceatur,
1096 296 1288 331 proprietatem
1309 302 1341 321 ex
1359 295 1405 321 illa
1425 295 1595 324 diversarum
1611 301 1700 321 rerum

919 344 1034 370 mistura
1054 341 1198 369 oriundam
1221 340 1343 376 praedicit
1361 349 1368 367 :
1386 341 1450 375 quid
1471 341 1532 368 item
1549 339 1658 371 efficiat,
1675 343 1703 366 et

919 388 1047 424 quamdiu
1071 389 1124 415 vim
1147 387 1272 418 retineat,
1298 379 1549 419 cuiperniciosum,
1571 385 1614 412 cui
1629 385 1703 411 salu-

920 439 977 462 tare
995 435 1030 462 sit
1046 444 1051 461 :
1071 435 1107 460 ita
1127 434 1149 460 is
1173 433 1266 463 etiam,
1281 432 1325 467 qui
1342 432 1373 458 ad
1387 439 1430 459 res
1443 433 1566 459 cmlestcs
1582 432 1702 458 animum

920 481 1015 510 sedulo
1035 474 1190 516 applicavit,
1212 483 1238 506 et
1253 479 1387 513 cujusque
1415 482 1536 504 naturam
1555 478 1702 513 perspexit,

920 529 988 556 sciet
1004 527 1206 561 conjunctionis
1228 533 1321 552 earum
1344 533 1404 560 quae
1423 525 1458 552 sit
1472 525 1513 552 vis
1540 529 1567 552 et
1586 525 1704 552 efﬁcaci-

921 579 972 602 tas.
991 574 1076 600 Porro
1092 573 1142 600 iste
1153 572 1271 599 inlluxus
1287 579 1320 598 ne
1335 571 1366 598 ad
1382 571 1462 598 breve
1475 571 1585 605 quidem
1600 575 1702 605 tempo-

921 621 959 648 ris
969 621 1084 656 spatium
1099 620 1149 647 sibi
1162 619 1261 647 similis
1270 622 1311 646 est
1321 628 1327 646 :
1339 618 1384 645 sed
1397 618 1460 653 quia
1474 618 1705 652 congredientium

922 666 1044 693 siderum
1059 672 1198 699 nunquam
1212 664 1318 691 stabilis
1330 668 1371 691 est
1386 667 1487 695 motus,
1507 663 1626 690 iuﬂuxus
1640 671 1707 697 quo-

922 721 974 747 que
987 720 1040 739 una
1055 720 1116 739 cum
1128 712 1172 738 illa
1185 715 1275 738 motus
1287 710 1447 738 diversitate
1459 710 1579 737 varietur
1590 718 1707 745 semper,

923 758 957 785 ad
981 765 1095 792 eamque
1107 757 1281 785 efficientiam
1298 763 1375 784 suam
1393 755 1579 784 accommodet
1596 763 1708 783 necesse

924 808 976 831 est.
1003 804 1088 838 Cujus
1113 803 1230 830 influxus
1247 803 1398 838 portionem
1415 809 1532 829 nascens
1555 802 1710 838 quisquein

927 855 959 875 eo
986 848 1115 883 temporis
1130 851 1267 875 momento
1281 848 1395 875 sortitur
1417 850 1444 874 et
1461 847 1538 882 quasi
1558 847 1653 881 spiritu
1670 850 1711 873 at-

928 893 1022 924 trahit,
1040 900 1071 920 ac
1087 893 1149 920 talis
1166 893 1266 926 evadit,
1284 893 1390 928 qualem
1408 901 1469 920 eum
1486 893 1622 927 portionis
1638 892 1710 920 illius

928 938 1079 973 proprietas
1090 938 1342 973 ctprazsigniﬁcavit
1356 943 1382 966 et
1395 938 1493 965 effecit.
1513 938 1626 964 Prorsus
1640 939 1711 965 enim

929 991 1041 1011 necesse
1062 988 1115 1016 est,
1144 987 1172 1010 ut
1199 984 1335 1018 quomodo
1355 983 1460 1018 efﬁgies
1485 984 1563 1018 signo
1579 984 1713 1018 insculpta

930 1037 998 1057 certe
1032 1029 1222 1064 imprimitur:
1248 1030 1287 1057 sic
1312 1029 1430 1056 hominis
1460 1037 1568 1064 quoque
1589 1029 1656 1060 vita,
1685 1029 1713 1056 in

931 1081 1011 1109 quam
1037 1079 1140 1109 partem
1159 1073 1298 1101 influentis
1323 1081 1355 1101 ex
1371 1078 1507 1101 astrorum
1527 1077 1601 1100 motu
1627 1073 1714 1101 virtu-

931 1119 967 1147 tis
988 1119 1091 1151 incidit,
1110 1119 1142 1146 ad
1159 1119 1233 1146 illius
1252 1118 1446 1154 proprietatem
1468 1118 1665 1149 conformetur,
1684 1127 1715 1146 ac

931 1164 992 1190 talis
1022 1163 1079 1194 fiat,
1099 1163 1206 1198 qualem
1234 1163 1261 1190 in
1289 1171 1318 1191 se
1350 1163 1506 1191 continebat
1532 1164 1576 1190 illa
1597 1163 1715 1190 infimus

931 1210 1030 1245 portio,
1062 1216 1142 1243 quam
1170 1208 1287 1243 quisque
1314 1209 1391 1236 initio
1419 1210 1481 1235 vitae
1505 1210 1588 1236 veluti
1619 1209 1715 1244 spiritu

932 1254 1101 1288 attraxisset,
1129 1258 1156 1281 et
1178 1261 1231 1289 qua
1249 1254 1350 1281 virtute
1371 1255 1455 1281 semel
1473 1255 1545 1282 velut
1568 1255 1716 1289 insignitus

931 1304 1013 1332 esset,
1036 1307 1098 1326 cum
1117 1306 1149 1326 ea
1174 1299 1333 1326 necessario
1350 1299 1480 1333 deinceps
1506 1299 1665 1332 convenire,
1683 1300 1716 1327 iis

932 1347 1013 1373 rebus
1042 1350 1097 1372 tum
1122 1344 1248 1380 gerendis
1268 1349 1324 1371 tum
1353 1345 1480 1378 ferendis,
1502 1353 1617 1380 quarum
1642 1346 1716 1380 prin-

932 1391 1003 1426 cipia
1029 1398 1162 1418 causasve
1184 1390 1306 1417 sidereus
1330 1390 1375 1418 ille
1396 1396 1423 1418 et
1452 1391 1582 1419 fortuitus
1600 1390 1717 1419 influxus

933 1437 1106 1464 contulisset.

85 1485 135 1520 τὴν
149 1485 256 1512 ἐκείνου
271 1485 319 1511 τοῦ
337 1485 434 1521 μέρους
459 1485 576 1520 ἰδιότητα
591 1485 752 1512 τυποῦσθαι·
769 1485 878 1511 κάκεῖνο
896 1485 1030 1519 γίνεσθαι,
1041 1485 1109 1519 ὅπερ
1121 1482 1192 1519 εἶχεν
1201 1485 1229 1510 ὲν
1240 1484 1321 1519 ἑαυτῇ
1336 1483 1386 1518 τῆς
1399 1484 1546 1519 ἀπορροίας
1576 1486 1592 1520 ἡ
1626 1486 1718 1520 μοῖρα.

86 1532 121 1566 ἣν
139 1521 265 1558 ἔσπασεν
291 1532 372 1564 εὐθὺς
389 1532 445 1566 ,τοῦ
477 1532 534 1567 βίου
559 1533 710 1568 ἀρχόμενος
724 1540 731 1549 ⁸
756 1530 773 1570 ᾖ
804 1532 877 1566 ἅπαξ
897 1532 1109 1567 ὲνσφραγισθεὶς
1127 1532 1197 1558 κατὰ
1217 1531 1264 1566 τὴν
1287 1532 1346 1558 ἐκεῖ
1378 1523 1561 1567 θεωρηθεῖσοίν
1597 1532 1719 1568 δύναμιν,

87 1581 246 1614 ἀναγκαίως
259 1581 288 1607 ὲν
304 1582 337 1616 τῇ
354 1581 425 1607 κατὰ
438 1581 484 1608 τὸν
499 1582 555 1617 βίον
573 1581 683 1616 ἰδιότητι
700 1581 906 1618 συμμορφοῦται
919 1589 925 1596 ”
942 1580 1028 1608 ταῦτα
1065 1581 1150 1607 ποιῶν
1171 1580 1188 1615 ἢ
1213 1580 1335 1615 πάσχων,
1351 1576 1388 1606 ὧν
1408 1580 1457 1611 τὰς
1496 1580 1581 1616 ἀρχὰς
1619 1581 1636 1616 ἢ
1673 1582 1720 1610 τὰς

89 1627 180 1657 αἰτίας
193 1628 210 1662 ἡ
227 1626 324 1662 πρώτη
338 1627 456 1661 ἔντευξις
468 1628 517 1663 τῆς
532 1628 658 1664 ἀστρῲας
675 1629 783 1664 ἐκείνης
795 1629 934 1664 ἀπορροἧς
948 1627 1118 1655 κατεϐάλετο.

130 1674 204 1708 Ἐγὼ
220 1675 249 1702 δὲ
267 1675 370 1702 τούτων
387 1676 550 1711 λεγομένων,
574 1677 610 1703 Οὐ
632 1676 739 1712 παύσῃ,
758 1677 824 1712 πρὸς
842 1678 881 1703 αὖ·

975 1675 1040 1709 Qum
1057 1683 1118 1702 cum
1138 1675 1182 1703 ille
1201 1675 1314 1708 diceret,
1334 1675 1391 1702 Non
1406 1675 1524 1709 desines,
1538 1676 1659 1710 inquam.
1674 1684 1723 1703 nu-

88 1721 134 1747 τδν
150 1718 241 1752 εἷπον,
250 1721 405 1756 φληνάφους
417 1721 478 1756 ἐμοὶ
491 1721 585 1756 λόγους
604 1723 650 1749 καὶ
659 1723 758 1758 λήρους
768 1722 884 1755 διεξιὼν,

89 1766 120 1792 τὸ
135 1767 241 1802 ἀμερὲς
255 1767 344 1793 ἐκεῖνο
360 1767 444 1802 μέρος
456 1768 507 1802 τῆς
519 1768 548 1794 ὲν
559 1768 658 1803 ἀκαρεῖ
672 1768 814 1803 μετουσίας
824 1789 831 1801 ,
848 1768 886 1804 τῷ

91 1812 195 1840 ἄνωθεν
222 1813 300 1847 ἡμῖν,
320 1812 357 1844 ὡς
376 1813 442 1848 φῂς,
458 1814 580 1849 ἐπιρρεῖν
605 1814 659 1841 τῶν
679 1815 786 1841 πάντων
802 1815 886 1842 αἴτιον

91 1858 146 1884 τῶν
164 1859 194 1884 ἐν
210 1859 277 1893 ἡμῖν
298 1852 527 1891 κατασκευάζων,
544 1859 604 1886 οὔτε
623 1861 647 1886 εἰ
672 1859 791 1895 ἔμψυχον
809 1861 888 1887 τοῦτο

94 1903 141 1930 καὶ
156 1904 351 1939 προαιρετικόν
365 1905 421 1931 ἐστι
433 1904 520 1939 λέγων
533 1925 540 1939 ,
557 1905 617 1932 οὕτε
634 1906 708 1938 ὃπως
722 1907 888 1942 κατακρατεῖ

93 1949 146 1975 τῶν
161 1950 296 1985 ὲμςαὺχων
315 1951 344 1977 τὸ
367 1951 469 1986 ἄψυχόν
491 1960 520 1978 τε
547 1952 592 1978 καὶ
618 1953 800 1979 ἀνυπόστατον
813 1973 820 1984 ,
841 1952 888 1980 καὶ

97 1997 232 2031 μηδεμίαν
249 1998 281 2022 ὲκ
295 1997 403 2030 φύσεως
417 1997 483 2023 ἰδίαν
497 1997 557 2033 ἕχον
571 1998 658 2033 ὁρμὴν
673 1998 757 2031 δεῖξαι
770 1998 888 2033 δυνάμε-

95 2050 157 2075 νος,
179 2042 253 2083 αλλὰ
279 2042 370 2076 πάσης
387 2042 484 2077 βουλῆς
500 2043 547 2070 καὶ
562 2044 610 2078 τῆς
631 2044 662 2070 ἐκ
684 2044 737 2071 τῶν
754 2044 889 2079 λογισμῶν

97 2086 291 2121 προμηθείας,
312 2087 477 2119 παιδεύσεως
502 2096 531 2114 τε
562 2088 608 2114 καὶ
640 2089 817 2123 ἐπιμελείας,
842 2090 890 2115 καὶ

94 2132 148 2157 τῶν
163 2133 226 2158 κατ’
239 2132 342 2167 ἀρετὴν
356 2133 579 2169 ἐπιτηδευμάτων
591 2154 597 2165 ,
620 2135 743 2170 καθάπερ
758 2135 819 2162 τινὰ
842 2136 888 2162 τῦ-

98 2185 191 2211 ραννον
209 2177 228 2212 ἦ
240 2177 374 2213 δεσπότην
388 2198 395 2210 ,
412 2178 442 2205 τὸ
456 2178 558 2214 ἄψυχόν
579 2189 608 2206 τε
632 2180 679 2207 καὶ
698 2181 888 2216 ἀπροαίρετον,

96 2220 212 2246 ἇστατόν
229 2229 259 2246 τε
277 2222 324 2248 καὶ
348 2222 490 2257 παροδικον
505 2243 511 2255 ,
529 2224 576 2250 καὶ
597 2225 713 2260 ἀμερὲς,
729 2226 776 2252 καὶ
789 2226 890 2252 ἀνυπό-

97 2273 193 2291 στατον
219 2266 372 2301 ἐπιστήσας
391 2266 430 2302 τῷ
444 2267 531 2303 λόγως
546 2269 602 2304 Τῆς
626 2270 728 2296 ἐκείνου
751 2271 892 2306 δυνάμεως

96 2310 226 2343 ἑξάπτεις
248 2312 300 2347 τὴν
317 2312 371 2339 τῶν
386 2313 469 2340 ὄντων
485 2313 613 2342 σύστασίν
633 2325 663 2342 τε
680 2317 727 2343 καὶ
748 2317 889 2353 διοίκησιν,

96 2357 143 2383 καὶ
157 2358 209 2392 οὐχ
224 2358 293 2392 ὁρᾷς
320 2359 360 2390 εἰς
380 2359 440 2391 οἵας
463 2361 477 2386 ό
490 2360 568 2394 λόγος
592 2362 706 2394 ἀτοπίας
729 2364 893 2398 ὲκφέρεται;

96 2401 130 2427 Εἰ
144 2402 200 2437 γὰρ
215 2402 353 2438 τοσαύτην
366 2403 423 2438 ἔχει
437 2403 551 2440 δύναμιν
567 2405 675 2441 ἐκείνης
689 2408 738 2442 τῆς
755 2407 893 2443 ἀπορροῆς

95 2447 116 2481 ἡ
130 2448 226 2483 μοῖρα,
240 2447 279 2479 ὡς
293 2448 354 2475 κατ’
368 2449 452 2484 αὐτὴν
466 2450 527 2481 τοὺς
547 2450 621 2486 παρὰ
636 2451 685 2486 τὴν
700 2451 810 2487 πρώτην
824 2451 894 2486 πάρ-

95 2493 156 2520 οδον
170 2494 320 2528 γεγονότας
343 2495 503 2523 ἀποτελεῖν·
527 2496 634 2528 πάντως
654 2497 695 2523 ὅτι
719 2498 769 2524 οὐκ
791 2498 892 2524 ἐττακο⁴

94 2539 269 2574 λουθητικῶς
281 2561 289 2573 ,
306 2540 376 2567 ἀλλὰ
391 2541 604 2576 προηγουμένως
615 2543 664 2577 τῆς
681 2542 735 2569 τῶν
752 2542 835 2570 ὄντων
851 2551 894 2569 συ-

95 2587 222 2618 στάσεως
251 2586 428 2622 ἐξηγήσεται.
454 2587 556 2614 Οὐκοῦν
576 2588 666 2623 ἐκείνη
695 2588 806 2623 προάξει
823 2588 893 2615 κατὰ

93 2631 150 2667 τὴν
169 2632 238 2659 ἰδίαν
261 2632 378 2668 δύναμιν
399 2633 445 2659 τὸν
468 2633 640 2669 τικτόμενον,
663 2635 709 2661 καὶ
723 2635 783 2670 οὐχὶ
797 2636 829 2670 τῇ
846 2634 892 2661 τοῦ

94 2678 305 2714 ἀποκυηθέντος
342 2679 473 2714 συντυχίᾳ
497 2679 672 2714 ὑπηρετήσει.
702 2680 813 2715 ’Ἄδηλον
839 2681 893 2716 γὰρ

94 2723 221 2750 ἐνταῦθα
245 2726 323 2752 ποῖον
342 2725 416 2756 τίνος
435 2725 653 2761 ἁρχηγικώτερον
666 2746 673 2757 ,
690 2727 851 2762 ἀμφοτέρων
866 2727 893 2753 ἐν

95 2768 141 2803 τῷ
161 2770 260 2805 ἀκαρεῖ
286 2771 359 2797 κατὰ
387 2770 418 2797 τὸ
440 2768 498 2797 ἴσον
521 2770 644 2805 ἀλλήλοις
671 2772 891 2807 συμφερομένων.

96 2815 138 2840 Ὅ
153 2824 180 2840 τε
197 2816 249 2852 γὰρ
268 2816 414 2852 ἄνθρωπος
428 2816 473 2842 καὶ
490 2816 540 2851 πρὸ
552 2816 600 2851 τῆς
616 2816 704 2848 ἐξόδου
722 2817 774 2844 τῶν
793 2817 893 2852 πελάγη

938 1730 986 1757 gas
1000 1726 1025 1749 et
1045 1721 1161 1756 ineptias
1176 1721 1243 1748 mihi
1264 1728 1491 1754 commemorare,
1517 1725 1544 1748 et
1558 1721 1724 1748 confirmare

937 1766 1105 1793 individuam
1123 1765 1196 1793 illam
1218 1766 1371 1800 portionem
1394 1766 1578 1793 momentanei
1592 1766 1723 1797 influxus,

938 1819 992 1846 quo
1008 1812 1035 1839 in
1053 1819 1114 1845 nos,
1135 1817 1164 1839 ut
1179 1812 1231 1844 ais,
1253 1819 1343 1839 causae
1360 1819 1455 1839 onmes
1472 1819 1486 1839 e
1498 1812 1575 1839 cmlis
1596 1812 1722 1843 influant,

939 1865 1002 1885 cum
1020 1862 1110 1889 tamen
1125 1865 1214 1893 neque
1230 1858 1306 1886 dicas
1320 1858 1505 1885 animatumne
1517 1859 1563 1889 sit.
1578 1866 1609 1885 ac
1623 1859 1723 1885 volun-

939 1903 1006 1930 tatis
1031 1903 1195 1938 arbitriique
1221 1904 1370 1938 particeps,
1394 1911 1443 1930 nec
1471 1911 1524 1938 qua
1547 1903 1654 1931 ratione
1680 1912 1725 1931 res

939 1949 1074 1976 animatas
1090 1953 1166 1984 regat
1185 1948 1211 1975 id
1231 1948 1303 1983 quod
1319 1956 1406 1982 neque
1420 1956 1467 1983 per
1483 1956 1512 1976 se
1527 1949 1663 1981 subsistit,
1675 1957 1724 1976 ne-

939 2004 992 2031 que
1009 1995 1111 2027 anima,
1127 2003 1214 2030 neque
1229 1996 1284 2022 ullo
1296 2000 1398 2022 natura:
1426 1995 1556 2023 instinctu
1580 1996 1724 2031 praeditum

939 2041 1029 2076 possis
1046 2041 1192 2068 ostendere
1203 2062 1210 2073 ,
1230 2041 1276 2069 sed
1297 2041 1424 2068 omnibus
1439 2041 1571 2074 consiliis,
1582 2043 1725 2076 cogitatio-

939 2087 1031 2120 nibus,
1048 2087 1234 2122 providcnliae,
1259 2087 1435 2120 institutioni,
1452 2095 1535 2120 curm,
1562 2089 1652 2116 studio
1671 2089 1726 2116 vir-

940 2134 1006 2161 tutis
1018 2135 1097 2169 quasi
1111 2134 1256 2168 quemdam
1269 2137 1414 2169 tyranuum
1433 2137 1480 2160 aut
1501 2133 1643 2161 dominum
1663 2143 1726 2169 pcr-

942 2178 1018 2206 ficias
1037 2178 1187 2206 inanimum
1207 2179 1348 2213 quiddam,
1368 2179 1475 2206 arbitrii
1503 2186 1612 2215 expers,
1642 2180 1727 2207 iusta-

941 2223 1006 2255 bile,
1021 2223 1135 2257 fluxum,
1155 2225 1312 2257 insecabile,
1341 2233 1392 2252 nec
1421 2234 1468 2260 per
1493 2233 1522 2253 se
1549 2226 1725 2255 subsistens:

943 2270 976 2297 ad
992 2270 1071 2305 cujus
1088 2271 1237 2305 potentiam
1261 2279 1351 2298 rerum
1374 2273 1601 2300 constitutionem
1627 2277 1653 2301 et
1676 2282 1727 2308 gu-

943 2314 1131 2343 bernationem
1159 2316 1282 2343 oratione
1312 2321 1355 2342 tua
1378 2317 1487 2344 refers?
1505 2318 1545 2344 Au
1574 2325 1627 2344 non
1653 2319 1729 2346 vides

909 2350 933 2379 υ
946 2368 1027 2395 quam
1040 2361 1092 2387 hec
1107 2361 1221 2389 auribus
1235 2361 1387 2396 animisque
1401 2363 1542 2389 hominum
1564 2364 1599 2391 sit
1627 2364 1728 2391 absur-

945 2406 1009 2432 dum
1020 2405 1037 2433 '3,
1047 2405 1074 2432 Si
1090 2405 1162 2432 enim
1182 2409 1284 2432 tantam
1302 2406 1354 2432 vim
1372 2405 1453 2433 habet
1475 2406 1606 2434 fortuitus
1623 2407 1667 2434 ille
1689 2407 1730 2433 iu-

944 2451 1043 2484 fluxus,
1066 2457 1162 2478 utnon
1193 2452 1330 2486 scquemlo
1358 2452 1404 2479 sed
1434 2452 1612 2487 prtecedendo
1638 2460 1728 2479 rerum

944 2498 1168 2525 constitutionem
1186 2498 1342 2525 moderetur
1356 2508 1362 2524 :
1379 2502 1452 2525 certe
1467 2499 1601 2533 praecedet
1613 2505 1730 2525 nascen-

944 2546 1010 2576 tem,
1027 2550 1059 2570 ac
1076 2551 1130 2570 non
1142 2543 1199 2578 jam
1226 2543 1284 2570 nati
1307 2543 1418 2570 casibus
1448 2544 1559 2571 serviet.
1588 2543 1726 2570 incertum
1770 2565 1774 2567 .

944 2589 1016 2615 enim
1030 2589 1073 2615 hic
1092 2593 1134 2616 est
1150 2589 1218 2624 quid
1240 2597 1295 2623 quo
1324 2590 1359 2617 sit
1377 2589 1463 2624 prius,
1474 2597 1535 2616 cum
1552 2588 1584 2616 ad
1596 2592 1727 2623 punctum

945 2635 1076 2669 temporis
1092 2640 1118 2662 et
1134 2635 1274 2669 atqualiter
1290 2635 1361 2662 inter
1376 2643 1405 2662 5c
1415 2643 1445 2662 ac
1462 2634 1542 2662 simul
1558 2637 1727 2661 moveantur.

945 2679 1011 2706 Nam
1029 2685 1054 2708 et
1074 2681 1155 2707 homo
1171 2681 1287 2708 necdum
1309 2682 1335 2708 iu
1351 2682 1437 2708 lucem
1452 2681 1541 2707 editus
1566 2684 1641 2707 motu
1662 2687 1730 2715 quo-

947 2725 1009 2752 dam
1036 2727 1134 2757 cietur,
1161 2727 1328 2753 decremeuti
1359 2726 1484 2752 videlicet
1504 2731 1531 2752 et
1563 2727 1726 2754 incrementi

947 2771 1090 2802 naturalis,
1105 2780 1164 2807 qua!
1179 2772 1288 2806 quidem
1301 2771 1405 2806 species
1421 2777 1513 2798 motus
1523 2777 1586 2800 sunt
1598 2782 1605 2806 ;
1617 2774 1728 2801 ctstclla

950 2823 1082 2851 movetur,
1099 2826 1185 2854 neque
1194 2817 1392 2855 quiescitprius
1402 2816 1573 2855 etiamquem
1583 2820 1663 2847 homo
1675 2819 1730 2854 spi-
