1926 3080
273 139 324 167 ιὲο

272 198 301 223 ei’
317 203 390 223 cura:
415 199 465 223 est.
494 194 647 222 inanimum
673 202 758 230 ergo,
792 202 880 230 neque
901 194 1055 222 voluntario

270 240 386 274 judicio,
412 247 499 274 nequc
518 239 581 266 boni
607 239 704 266 malive
729 239 885 274 cognitione
913 240 1054 275 praeditum

271 292 332 312 esse
345 285 475 315 aﬂ'irmas.
490 285 513 311 si
529 285 761 316 animakratione,
775 289 802 312 et
821 285 958 312 voluntate
970 289 1054 317 caret,

272 337 360 364 neque
375 337 422 364 per
436 337 465 357 se
480 330 616 358 subsism.
634 331 666 356 Et
690 330 780 357 adhuc
804 334 907 357 tantam
933 331 957 358 ei
974 331 1056 365 largi-

271 375 336 401 inini
362 378 540 409 potestatem,
568 380 599 402 ut
627 374 781 403 animantes
812 376 917 402 arbitrii
941 383 1056 410 capaces

270 421 436 451 moderetur.
457 425 573 455 eti-exat
591 429 621 448 ea
651 429 710 456 qua:
736 421 901 453 subsistunt,
930 421 956 448 id
984 421 1056 456 quod

271 465 382 493 minime
415 467 563 499 subsistit,
589 474 687 502 expers
716 467 776 494 vine
805 467 953 502 participes
982 468 1054 499 vitaé,

270 511 404 539 animatas
432 512 594 546 inanimum,
624 520 720 540 exsors
748 513 854 539 consilii
883 517 908 540 et
937 513 1054 546 virtutis,

270 562 432 590 consortes;
450 558 578 593 denique,
594 559 664 585 entia
682 565 734 585 non
747 565 805 585 ens.
819 557 886 584 Nam
898 565 952 593 quo
964 566 1056 585 rerum

270 609 369 636 genere
395 602 551 631 continetur
579 603 663 633 istud,
682 602 761 636 cujus
786 610 885 630 nomen
900 600 1057 637 tantopere

269 647 392 681 jactatis,
412 647 520 674 fatum?
547 647 654 675 Animal
671 655 724 675 non
742 652 795 681 est,
818 649 845 675 in
871 649 987 676 zodiaeo,
1002 656 1057 676 non

271 693 404 725 cernitur,
421 693 493 721 Deus
508 701 561 720 non
581 694 706 722 habetur.
723 695 774 728 Qui
795 694 866 721 enim
884 694 956 722 Deus
971 699 1054 728 esset,

272 738 318 772 qui
331 746 418 773 neque
431 739 548 770 virtutis,
560 747 646 774 neque
660 739 795 774 aequitatis
809 739 891 766 ducat
903 740 1034 767 rationem
1046 741 1057 766 ‘.’

272 783 350 816 Quod
369 791 432 811 vero
445 783 511 810 nihil
528 792 561 812 ex
575 785 617 811 his
634 785 714 812 rebus
726 784 851 819 est,quid
870 785 977 812 tandem
992 785 1055 812 est?

274 830 326 857 Sed
348 830 455 857 videtur
482 838 496 856 a
516 830 593 857 vobis
615 831 698 857 fatum
715 830 768 857 dici
794 831 909 865 quodvis
925 831 1055 866 temporis

273 880 459 903 momentum:
491 876 626 911 siquidem
652 881 759 911 tempus
788 884 849 904 sese
881 877 914 904 ad
947 884 1055 904 onmem

274 927 375 949 motum
388 922 445 950 sive
459 921 600 949 ﬂuminum
616 922 673 950 sive
685 922 825 950 stellarum
841 922 898 949 sive
914 922 1055 950 hominum

272 967 403 995 extendit.
421 967 514 1003 Neque
540 967 623 994 refert
654 968 711 994 sive
737 967 809 994 ﬂuvii
830 972 904 994 motu
931 967 1056 1003 designes

273 1013 429 1041 insecabilia
445 1013 594 1048 cujuslibet
609 1013 738 1040 instantis
756 1014 887 1048 temporis
907 1016 1056 1048 segmenta,

273 1060 330 1086 sive
344 1059 421 1086 navis
437 1058 462 1085 vi
481 1063 624 1086 ventorum
643 1059 760 1093 agitatae,
778 1058 835 1085 sive
852 1058 991 1085 hominum
1006 1058 1057 1085 iter

273 1104 442 1136 facientium,
469 1104 524 1132 sive
553 1108 690 1132 astrorum
710 1111 770 1138 quae
792 1108 962 1130 moveantur.
984 1103 1058 1130 Unus

273 1151 344 1178 enim
360 1155 402 1178 est
418 1150 540 1177 omnium
555 1157 616 1184 quae
632 1150 691 1176 loco
705 1153 848 1176 moventur
868 1149 1010 1181 terminus,
1028 1151 1057 1175 ut

273 1197 389 1232 migrent
407 1203 440 1225 ex
454 1203 487 1224 eo
504 1197 531 1222 in
548 1203 602 1230 quo
617 1199 691 1226 sunt,
711 1195 753 1222 vel
780 1194 807 1221 in
831 1194 857 1221 id
884 1194 911 1221 in
933 1201 987 1229 quo
1004 1201 1069 1225 non,

273 1246 346 1270 sunt.
366 1241 442 1275 Quod
463 1242 486 1269 si
501 1249 589 1276 neque
604 1241 759 1273 ﬂuminum,
784 1248 872 1275 neque
887 1240 1056 1275 navigiorum

273 1292 374 1320 motus,
389 1295 478 1322 neque
494 1287 634 1314 hominum
656 1286 806 1314 ambulatio
831 1287 973 1314 intervalla
990 1292 1056 1313 tem-

276 1333 351 1368 poris
367 1332 568 1368 designantium
584 1331 705 1360 eﬂiciunt
731 1322 815 1359 faium
832 1341 838 1358 τ
856 1339 906 1358 cur
929 1331 1057 1366 temporis

273 1378 383 1414 punctis
407 1385 440 1405 ex
467 1378 588 1405 motione
619 1377 759 1404 stellarum
787 1376 856 1404 ortis
887 1376 972 1402 fatum
1000 1375 1057 1404 ﬂeri

274 1424 393 1460 fingitis?
406 1431 455 1451 cur
469 1423 560 1450 dicitis
576 1427 666 1450 motus
679 1426 792 1449 cazteros
808 1429 868 1449 esse
879 1422 921 1448 vel
936 1426 1057 1456 tempora

273 1470 315 1497 vel
342 1469 443 1496 indicia
469 1469 620 1503 temporis;
650 1470 677 1493 at
700 1474 764 1494 vero
779 1474 811 1493 ex
832 1471 905 1493 motu
937 1466 1057 1493 siderum

274 1516 359 1551 fatum
376 1515 509 1542 exsistere
524 1513 698 1540 observatum
713 1519 774 1539 esse
785 1512 796 1537 ?
807 1510 863 1537 Cur
875 1518 929 1538 non
943 1511 1058 1546 singulis

275 1560 418 1590 momentis
451 1558 551 1593 singuli
582 1557 706 1584 homines
740 1557 909 1584 nascuntur?
935 1561 1055 1592 repetam

274 1604 346 1631 enim
361 1603 528 1638 superiorem
543 1602 702 1629 orationem.
717 1601 851 1634 Quoniam
865 1600 960 1628 eadem
973 1609 1060 1632 causa

274 1653 316 1677 est
332 1653 361 1679 ut
383 1649 464 1676 homo
490 1648 526 1675 sit
544 1644 649 1675 'beatus
678 1647 720 1674 vel
746 1646 839 1680 miser,
856 1650 883 1674 et
903 1650 932 1673 ut
947 1647 1058 1675 omnino

273 1695 327 1724 sit:
343 1695 366 1722 si
385 1698 458 1721 astra
483 1697 547 1723 sunt
578 1700 668 1721 causa:
685 1696 842 1724 eventuum,
869 1693 915 1727 qui
942 1692 1058 1720 hominis

274 1745 364 1769 ortum
384 1744 546 1775 sequuntur,
573 1746 686 1782 prorsus
709 1742 735 1765 et
765 1738 852 1773 ipsius
878 1738 960 1764 etiam
981 1742 1058 1767 ortus

273 1794 363 1814 causa:
382 1791 465 1813 sunt:
482 1786 525 1813 sin
542 1785 622 1819 hujus
641 1791 729 1812 causa:
749 1790 804 1810 non
835 1787 909 1816 sunt,
930 1791 979 1811 nec
997 1784 1057 1812 illo-

274 1839 333 1859 rum
348 1832 442 1866 utique
459 1835 533 1858 sunt.
551 1830 584 1856 At
611 1837 675 1856 vero
697 1833 771 1856 astra
801 1836 856 1856 non
886 1837 946 1856 esse
960 1837 1058 1858 causas

273 1881 360 1909 ortus,
377 1877 418 1904 vel
434 1884 465 1904 ex
484 1884 516 1903 eo
534 1876 628 1910 liquet,
650 1874 724 1910 quod
749 1874 864 1909 tempori
886 1875 1058 1902 continenter

273 1922 366 1950 fluenti
384 1929 554 1956 nequaquam
578 1919 723 1946 continens
747 1918 886 1946 hominum
914 1923 991 1946 ortus
1014 1927 1058 1946 re-

273 1968 415 2004 spondeat,
435 1967 481 1995 sed
502 1967 738 2000 interrumpatur:
766 1965 811 1991 illa
837 1968 927 1992 autem
945 1965 999 1992 fata
1025 1974 1058 1993 ex

273 2015 365 2042 fluenti
392 2018 517 2048 tempore
532 2020 563 2039 ac
593 2012 760 2047 sempiterna
789 2011 910 2038 siderum
938 2011 1058 2039 motione

273 2060 333 2087 sine
346 2059 400 2086 ullo
415 2063 566 2086 nascuntur
587 2058 743 2089 intervallo,
762 2057 834 2091 quod
859 2058 901 2084 vel
916 2065 998 2085 sensu
1017 2058 1058 2084 vel

273 2105 451 2139 intelligentia
478 2103 580 2138 percipi
607 2107 699 2137 queat.
732 2102 876 2134 Quodnam
904 2102 987 2136 igitur
1018 2107 1059 2130 est

274 2148 345 2174 istud
363 2148 448 2174 fatum
460 2147 471 2174 ?
485 2148 557 2182 quod
572 2153 692 2173 unumne
710 2146 746 2172 sit
767 2146 903 2180 generale,
930 2154 964 2172 an
982 2147 1058 2180 plura

273 2193 441 2220 srctionihus
471 2191 603 2226 temporis
635 2192 739 2218 minute
770 2191 903 2222 concisa,
935 2191 1057 2218 nondum

275 2238 379 2267 ratione
401 2236 528 2271 colligere
550 2235 634 2270 potui.
661 2235 762 2262 Moveri
781 2240 854 2262 astra
879 2235 981 2267 dicitis,
1009 2244 1058 2264 nos

274 2290 382 2317 quoque
398 2282 517 2309 vicissim
534 2280 676 2308 ﬂuminum
702 2286 806 2308 motum
825 2280 990 2315 proferimus
1004 2290 1010 2315 ;
1032 2286 1059 2309 at

275 2329 320 2355 illa
330 2335 446 2363 semper,
460 2327 517 2354 ha:c
529 2327 622 2354 itidem
632 2331 776 2362 perpetuo,
788 2331 815 2353 at
826 2327 873 2353 illa
884 2327 910 2354 in
925 2331 1057 2362 tempore,

275 2379 363 2406 neque
381 2371 436 2398 luce
451 2375 526 2398 extra
542 2375 669 2405 tempus;
686 2375 713 2397 at
727 2370 755 2397 in
769 2370 823 2397 illis
847 2376 937 2398 motus
951 2372 1057 2398 initium

275 2417 397 2443 invenire
421 2425 475 2444 non
502 2424 664 2452 possumus;
680 2424 767 2451 neque
787 2416 813 2443 in
838 2416 890 2444 his.
904 2416 1059 2453 Paritaque

275 2466 317 2489 est
331 2462 438 2489 illorum
463 2467 490 2490 et
516 2463 612 2490 horum
636 2462 784 2498 eademque
810 2463 888 2491 ratio.
919 2463 975 2491 Nec
996 2472 1058 2492 vero

275 2508 442 2534 contrarium
458 2511 560 2534 motum
576 2508 712 2542 quispiam
728 2508 771 2535 his
788 2509 979 2544 assignavcrit,
995 2517 1056 2536 cum

274 2561 344 2588 aqua
360 2553 521 2580 naturaliter
539 2561 647 2587 semper
666 2561 680 2580 e
697 2553 836 2587 superiore
855 2555 915 2582 loco
938 2554 965 2582 in
989 2555 1057 2581 infe-

274 2601 374 2626 riorem
399 2598 508 2626 deﬂuat.
525 2598 591 2631 Qua:
609 2606 670 2625 cum
699 2599 735 2625 ita
763 2600 828 2631 sint,
854 2604 900 2627 aut
914 2600 1055 2627 ﬂuminum

273 2653 382 2680 quoque
398 2648 500 2671 motum
517 2643 571 2670 fata
589 2643 711 2678 qumdam
731 2645 812 2672 edere
836 2645 988 2678 concedite,
1009 2649 1057 2671 aut

274 2698 360 2725 neque
376 2697 427 2717 nos
442 2697 501 2716 eam
522 2689 575 2715 vim
592 2693 727 2716 astrorum
752 2690 836 2717 motui
861 2690 1054 2718 concedamus.

275 2737 307 2762 At
319 2744 349 2762 ea
365 2736 407 2762 vis
422 2739 475 2767 est,
489 2735 576 2769 inquit
595 2735 649 2766 ille,
666 2735 776 2769 Arietis,
788 2736 871 2763 Tauri
891 2741 916 2763 et
933 2735 1054 2770 cujusvis

275 2782 397 2816 pianctm,
417 2786 446 2807 ut
461 2781 483 2807 si
500 2781 561 2815 quis
575 2781 625 2807 sub
643 2781 733 2816 aliquo
751 2790 783 2809 ex
798 2782 830 2809 iis
846 2785 985 2811 nascatur,
999 2781 1055 2807 sive

275 2827 383 2864 aliquod
400 2829 545 2855 erraticum
561 2828 636 2857 sidus
660 2830 756 2864 solum,
774 2831 830 2858 sive
855 2838 916 2857 cum
941 2828 1002 2855 aliis
1028 2828 1053 2854 in

872 136 899 164 S.
917 134 1079 164 GREGORII
1098 135 1142 164 ΝΥ
1149 137 1245 164 SSENl

1838 135 1875 161 ΙόΘ

1072 195 1092 223 Α
1109 194 1185 229 ὑμῶν
1198 194 1304 230 ἐκείνης
1317 194 1363 221 ἐπὶ
1374 195 1430 226 τοῖς
1442 193 1572 224 τοιούτοις
1587 189 1730 225 ἀπολογίαν
1745 190 1874 225 εὖρήοετε;

1108 241 1162 267 Ποῦ
1177 241 1206 267 τὸ
1225 241 1344 272 δξκαιον;
1358 239 1413 267 Ποῦ
1431 239 1462 266 τὸ
1477 238 1604 270 εὐσεϐές
1622 237 1677 264 Ποῦ
1700 237 1728 264 τὸ
1748 237 1833 270 ὃτιον;
1851 238 1875 264 ἸΙ

1107 286 1210 312 τούτων
1223 286 1329 318 οὐδενος
1347 285 1437 321 μέλειν
1453 284 1504 320 φῂς
1521 285 1553 319 τῇ
1569 282 1734 318 εἱμαρμένῃ,
1751 281 1808 307 οὐδὲ
1823 281 1876 316 πρὸς

1108 331 1205 367 ἀρετὴν
1223 331 1331 366 βλέπειν
1344 350 1352 363 ,
1375 331 1434 357 οὐδέ
1449 338 1520 361 τινος
1534 329 1588 355 τῶν
1611 328 1719 362 ἀγαθῶν
1736 327 1875 362 ἐπιμέλειαν

1107 375 1194 411 ἔχεως
1210 375 1313 402 Οὐκοῦν
1334 377 1357 402 εί
1384 375 1420 411 μὴ
1442 375 1526 402 ταῦτα
1540 374 1584 400 διὰ
1599 373 1715 412 σπουδῆς
1730 372 1801 398 ἐστιν
1812 372 1875 405 αὐτῇ,

1109 420 1171 456 περὶ
1183 421 1213 447 τὸ
1228 421 1347 448 ἐναντίον
1368 421 1475 453 πάντως
1493 419 1706 455 ἀσχοληοήσεται
1720 427 1727 434 ·
1750 420 1767 453 ἡ
1781 419 1830 454 γὰρ
1841 419 1875 445 τοῦ

1107 466 1209 500 ἀγαθοῦ
1225 467 1399 502 ἁλλοτρίωσις
1411 487 1419 500 ,
1439 465 1573 502 τὴνπρὺς
1589 465 1620 492 τὸ
1641 465 1725 492 κακδν
1743 464 1876 499 οἰκειότητι

1109 513 1201 548 σαφῶς
1229 513 1420 540 ἐπιδείκνυσιν.
1447 512 1516 538 Ἀλλ’
1532 510 1593 538 οὔτε
1612 511 1690 538 τοῦτο
1715 511 1795 546 τυχὸν
1807 531 1813 542 ,
1830 511 1875 537 οὐδὲ

1107 559 1195 584 ἐκεῖνο
1210 558 1253 584 διὰ
1268 558 1406 593 φροντίδος
1421 555 1489 583 εἶναι
1503 556 1593 590 λέγεις
1609 556 1694 591 αὐτῇ;
1712 555 1815 582 Οὑκοῦν
1825 556 1876 590 5'?)-

1107 611 1154 638 χον
1171 603 1236 629 αὐτὸ
1251 604 1303 638 φῂς
1318 601 1385 630 εἶναι
1399 603 1445 630 καὶ
1461 602 1650 637 ἀπροαίρετον,
1679 601 1726 628 καὶ
1745 601 1824 628 καλοῦ
1841 602 1875 627 καί

1107 648 1228 684 χείρονος
1254 648 1452 683 ἀνεπαίσθητον
1471 657 1478 664 ·
1511 649 1534 674 εί
1560 647 1589 674 δὲ
1617 647 1684 682 μήτε
1711 646 1798 682 ψυχὴν
1824 648 1875 682 μήτε

1108 695 1265 729 προαίρεσιν
1278 694 1343 729 ἔχει,
1360 695 1427 730 μήτε
1443 695 1502 721 κατ’
1525 694 1593 720 ἰδίαν
1610 693 1754 728 θεωρεῖται
1777 693 1875 720 ὑπόστα-

1108 748 1164 766 σιν*
1181 740 1237 772 πῶς
1252 741 1385 775 τοσαύτην
1406 741 1584 776 μαρτυρεῖται
1605 740 1668 775 παρ’
1682 739 1748 774 ὑμῖν
1762 739 1827 774 ἔχειν
1840 739 1876 773 τὴν

1106 786 1237 821 δύναμιν,
1257 786 1326 813 ὥστε
1349 786 1402 813 τῶν
1421 785 1618 822 προαιρετικῶν
1633 785 1711 817 ζώων
1731 785 1875 814 ἐπιστατεῖν,

1108 832 1155 858 καὶ
1171 833 1280 867 κρατεῖν
1304 832 1357 857 τῶν
1379 832 1540 866 ὑφεστώτων
1563 832 1592 858 τὸ
1617 831 1818 862 ἀνυπόστατον,
1836 831 1875 857 τῶν

1110 877 1276 912 μετεχόντων
1296 877 1369 912 ζωῆς
1396 877 1426 903 τὸ
1450 877 1582 912 ἀμέτοχον
1598 897 1605 909 ,
1633 877 1688 903 τῶν
1713 877 1836 912 ἐμψύχων
1856 876 1876 902 τὸ

1108 923 1226 957 ἄψυχον,
1243 922 1296 948 τῶν
1313 923 1341 948 ὲν
1360 922 1519 957 προαιρέσει
1541 922 1682 954 συζώντων
1697 922 1729 948 τὸ
1751 921 1875 956 ἀπροαίρε-

1107 977 1152 995 τον
1163 989 1170 999 ,
1185 968 1238 995 τῶν
1255 968 1355 1004 ἀρετὴν
1373 968 1517 1004 μετιόντων
1533 968 1562 995 τὸ
1576 968 1676 1004 ἀρετῆς
1691 968 1874 1004 άπαράδεκτοϊ

1108 1012 1221 1039 καθόλου
1235 1012 1288 1038 τῶν
1303 1012 1386 1039 ὄντων
1402 1011 1432 1038 τὸ
1448 1012 1484 1047 μὴ
1499 1013 1541 1046 ὅν;
1565 1013 1609 1039 Ἐν
1622 1013 1673 1039 τίνι
1689 1013 1746 1048 γὰρ
1759 1013 1875 1046 καταλαμ-

1108 1059 1217 1086 ϐάνεται
1234 1058 1280 1085 τοῦ
1297 1059 1494 1094 θρυλλουμένου
1518 1059 1613 1086 τούτου
1631 1059 1765 1094 ὀνόματος
1789 1060 1804 1094 ἠ
1829 1059 1875 1085 ὑπᾶ-

1109 1114 1218 1137 στασιςς
1237 1105 1309 1132 Ζῶον
1328 1105 1377 1131 οὐκ
1397 1105 1486 1137 ἔστιν,
1509 1105 1538 1131 ὲν
1554 1106 1712 1141 περιγραφῇ
1731 1106 1779 1140 οὐχ
1791 1106 1875 1140 ὁρᾶται.

1108 1150 1173 1182 Θεὸς
1195 1150 1225 1176 οὐ
1242 1149 1389 1184 νομίζεται.
1407 1150 1469 1181 Πῶς
1484 1150 1538 1185 γὰρ
1553 1150 1619 1181 Θεὸς
1631 1171 1638 1182 ,
1656 1151 1670 1176 ὁ
1692 1150 1732 1186 μὴ
1752 1151 1815 1185 πρὸς
1830 1150 1876 1185 ἀρε-

1103 1195 1156 1231 ’τὴν
1174 1195 1219 1222 καὶ
1231 1195 1260 1221 τὸ
1271 1195 1373 1222 δίκαιον
1389 1195 1512 1230 βλέπων;
1530 1196 1562 1222 ’Ὁ
1575 1195 1602 1221 δὲ
1617 1195 1701 1230 μηδέν
1717 1196 1775 1222 ἐστι
1787 1196 1875 1223 τούτων.

1107 1241 1134 1267 τί
1151 1242 1237 1273 sxw;
1259 1241 1331 1267 ‘AD.’
1347 1241 1418 1268 ἔοικε
1437 1240 1501 1276 παρ’
1517 1240 1593 1275 ὑμῶν
1611 1241 1642 1267 τὸ
1658 1241 1703 1267 ἀεὶ
1723 1241 1831 1272 ἐνεστὼς
1843 1240 1874 1265 to:

1109 1287 1214 1321 χρόνον,
1230 1287 1382 1322 εἱμαρμένη
1399 1286 1545 1320 λέγεσθαι·
1563 1286 1637 1322 πασῃ
1655 1287 1711 1322 γὰρ
1728 1288 1826 1322 κινήσει
1837 1287 1874 1312 εἴτε

1108 1332 1256 1367 ποταμῶν,
1274 1332 1327 1358 εῐτε
1346 1332 1484 1367 ἀστέρων,
1507 1332 1561 1358 εἴτε
1579 1331 1748 1366 ἀνθρώπων,
1770 1334 1784 1358 ὁ
1803 1333 1875 1367 196%.-

1110 1377 1379 1414 συμπαρεκτείνεται.
1395 1378 1522 1413 Διαφέρει
1540 1377 1565 1404 δὲ
1579 1377 1653 1404 οὐδὲν
1665 1399 1672 1410 ,
1685 1379 1702 1413 ἢ
1722 1378 1797 1405 ὕδατι
1812 1385 1876 1410 προι-

1110 1423 1264 1458 καθὴμενον
1295 1424 1327 1458 τῇ
1367 1423 1471 1458 κινήσει
1489 1422 1536 1450 τοῦ
1557 1423 1691 1457 ῥεύματος
1717 1422 1875 1458 atomus-.95-

1111 1468 1171 1497 σθαι
1186 1469 1219 1494 τὰ
1235 1468 1325 1505 ἀκαρῆ
1344 1467 1388 1495 διὰ
1410 1468 1456 1494 τοῦ
1482 1469 1525 1495 ἀεὶ
1546 1468 1694 1500 ἐνεστῶτος
1721 1470 1813 1504 χρόνον
1829 1470 1876 1502 τμή-

1071 1526 1093 1555 C
1112 1520 1195 1547 ματα,
1210 1512 1226 1547 ἢ
1246 1511 1313 1543 νεὼς
1328 1511 1360 1539 δι’
1380 1512 1480 1547 ἀνέμου
1502 1512 1701 1548 κομιζομένης,
1717 1513 1734 1548 ἢ
1751 1512 1876 1548 ἀνθρώπων

1111 1557 1320 1593 ὁδοιπορούντων
1332 1578 1339 1590 ,
1361 1558 1377 1593 ἥ
1399 1558 1564 1593 κινουμένων
1580 1559 1698 1594 ἄστρων.
1718 1557 1765 1590 Εἷς
1784 1559 1831 1593 γὰρ
1844 1558 1876 1584 ἐπὶ

1110 1603 1218 1630 ’πάντων
1231 1603 1285 1629 τῶν
1299 1603 1487 1638 μεταϐατικῶς
1503 1603 1670 1638 κινουμένων
1680 1605 1746 1639 ὅρος
1756 1605 1875 1640 κινήσεως,

1111 1648 1128 1683 ἢ
1143 1648 1196 1674 ἀπὸ
1210 1647 1256 1674 τοῦ
1274 1648 1301 1675 ὲν
1318 1645 1339 1682 ᾧ
1354 1649 1436 1682 ἐστιν,
1453 1649 1468 1683 ἢ
1484 1649 1529 1674 ἐπὶ
1541 1649 1572 1675 τὸ
1585 1649 1615 1675 ὲν
1666 1650 1719 1676 οὐκ
1734 1648 1799 1682 ἔστι,
1813 1649 1875 1683 μετὰ·

1112 1702 1216 1725 στασις.
1230 1694 1260 1720 Εί
1273 1693 1299 1720 δὲ
1315 1693 1375 1720 οὔτε
1397 1695 1412 1729 ἠ
1429 1695 1484 1720 τῶν
1503 1694 1619 1730 ῥείθρων
1634 1695 1705 1730 φορὰ
1716 1715 1722 1727 ,
1738 1695 1797 1722 οὔτε
1811 1697 1824 1730 ἡ
1838 1693 1876 1719 τῶν

1112 1739 1210 1765 πλοίων
1226 1739 1332 1774 κίνησις
1343 1759 1350 1771 ,
1367 1738 1426 1765 οὔτε
1442 1740 1458 1774 ὴ
1485 1739 1538 1765 τῶν
1559 1739 1712 1774 ἀνθρώπιον
1736 1741 1827 1776 πορεία
1844 1748 1877 1770 :r;

1113 1784 1258 1820 μειουμένη
1285 1784 1331 1811 τοῦ
1354 1784 1450 1820 χρόνον
1473 1785 1507 1812 τὰ
1525 1785 1699 1821 διαστήματα
1732 1785 1877 1821 εἱμαρμένκ

1112 1832 1192 1862 ποιεῖ,
1207 1830 1265 1862 πῶς
1280 1831 1314 1856 τὰ
1332 1831 1444 1877 χρονικά
1461 1833 1562 1866 σημεῖα
1581 1831 1630 1866 τῆς
1653 1832 1709 1858 τῶν
1725 1833 1838 1867 ἀστέρων
1850 1840 1877 1855 κι-

1112 1876 1214 1910 νήσεως
1234 1876 1273 1906 είς
1296 1876 1465 1911 εἱμαρμένης
1480 1877 1586 1910 γένεσιν
1603 1877 1751 1911 πλάσσετε,
1769 1877 1812 1905 καί
1827 1883 1876 1910 φατε

1111 1923 1188 1957 τήνδε
1200 1923 1249 1957 τὴν
1261 1922 1345 1958 ὥραν,
1360 1923 1376 1958 ἢ
1391 1924 1439 1958 τῆς
1455 1923 1529 1959 ὥρας
1545 1925 1575 1951 τὸ
1588 1925 1817 1960 πολλοστημόριον
1827 1924 1876 1956 ὅπερ

1112 1969 1178 2003 τῷδε
1207 1968 1245 2003 τῷ
1267 1968 1372 2003 σημείῳ
1395 1969 1443 2004 τῆς
1465 1969 1519 1996 τῶν
1545 1970 1652 2004 ἄστρων
1680 1972 1812 2006 κινήσεως
1831 1970 1877 2001 ἐτη-

1114 2013 1215 2049 μειὼθη
1227 2032 1235 2046 ,
1251 2013 1418 2048 είμαρμένην
1437 2014 1578 2048 γίνεσθαι;
1598 2016 1630 2041 Τί
1646 2013 1694 2042 οὗν
1711 2017 1771 2051 οὐχὶ
1792 2015 1877 2042 πάντως

1113 2059 1193 2085 παντὶ
1207 2058 1310 2093 σημείῳ
1335 2059 1381 2085 καὶ
1395 2059 1424 2084 αἱ
1440 2059 1560 2092 γενέσεις
1584 2059 1638 2086 τῶν
1660 2060 1810 2096 ἀνθρώπων
1829 2065 1877 2091 συμ-

1113 2104 1255 2138 φέρονται;
1270 2103 1324 2129 Hdt)
1330 2112 1353 2129 ιν
1369 2103 1422 2138 γὰρ
1435 2104 1480 2130 τὸν
1494 2103 1574 2130 αὑτὸν
1588 2099 1800 2140 ἐπαναλήψομαι
1809 2103 1877 2135 λόγον·

1112 2148 1180 2183 Παρ¹
1195 2145 1232 2174 ὧν
1248 2148 1301 2183 γὰρ
1317 2149 1332 2183 ἡ
1353 2149 1427 2175 αἰτία
1445 2148 1492 2175 τοῦ
1517 2146 1546 2175 εὖ
1566 2149 1582 2184 ἣ
1600 2150 1694 2181 κακῶς
1712 2148 1781 2177 εἶναι
1796 2148 1835 2177 τὸν
1847 2147 1878 2173 ἄν’

1078 2199 1099 2226 Ῑ)
1114 2193 1220 2229 θρωπον
1231 2213 1237 2224 ,
1253 2193 1327 2228 παρὰ
1352 2193 1404 2219 τῶν
1420 2194 1509 2220 αὐτῶν
1527 2195 1573 2221 καὶ
1595 2196 1612 2230 ἡ
1629 2195 1677 2222 τοῦ
1698 2193 1768 2222 εἶναι
1792 2194 1878 2222 πάντως

1113 2239 1187 2265 αἰτία
1202 2239 1290 2265 ἐστίν’
1309 2239 1333 2264 εἰ
1347 2237 1394 2266 οὖν
1417 2239 1446 2266 τὸ
1463 2240 1532 2274 μετά
1551 2240 1599 2276 τὴν
1619 2241 1729 2274 γένεσιν
1752 2241 1813 2276 παρ’
1826 2237 1878 2265 ἐκεί·

1113 2293 1165 2311 νων
1177 2305 1184 2316 ,
1203 2285 1309 2316 πάντως
1326 2286 1401 2320 παρὰ
1412 2285 1467 2312 τῶν
1487 2286 1576 2313 αὐτῶν
1595 2287 1642 2314 καὶ
1659 2287 1675 2322 ὴ
1691 2287 1812 2320 γένεσις·
1830 2282 1877 2310 εἰδὲ

1112 2331 1189 2357 τοῦτο
1203 2331 1251 2357 οὐκ
1269 2332 1297 2357 ὲν
1313 2330 1443 2363 ἐκείνοις,
1466 2332 1573 2363 πάντως
1595 2332 1656 2359 οὐδὲ
1677 2333 1707 2359 τὸ
1724 2332 1792 2368 μετὰ
1810 2330 1876 2358 τοῦτοΔ

1119 2376 1198 2402 Ἀλλά
1219 2375 1270 2411 μὴν
1287 2376 1317 2402 τὸ
1338 2376 1374 2411 μὴ
1394 2377 1423 2402 ὲν
1440 2377 1552 2409 ἐκείνοις
1575 2375 1644 2404 εἶναι
1662 2379 1713 2414 τὴν
1730 2379 1844 2413 γένεσιν,
1857 2376 1878 2399 ἐκ

1112 2421 1205 2448 τούτου
1218 2421 1296 2456 δῆλόν
1314 2422 1386 2448 ἐστιν
1397 2430 1404 2436 ·
1422 2423 1455 2449 ὲκ
1477 2423 1525 2449 τοῦ
1544 2423 1580 2458 μὴ
1596 2423 1780 2455 ἀδιαλείπτως
1792 2444 1799 2456 ,
1815 2428 1878 2448 ποτι-

1098 2467 1163 2501 ’μοῦ
1180 2466 1275 2500 δίκην,
1290 2466 1328 2501 τῷ
1357 2469 1463 2502 συνεχεῖ
1488 2468 1538 2502 τῆς
1566 2469 1718 2505 παρώικῆς
1733 2469 1780 2496 τοῦ
1804 2467 1878 2503 χρόνον

1112 2511 1194 2546 ροἧς,
1210 2512 1257 2537 καὶ
1274 2511 1322 2542 τὰς
1339 2511 1511 2548 ἀνθρωπίνας
1526 2514 1651 2548 συρρἐιν
1663 2515 1719 2541 τῶν
1735 2512 1878 2548 τικτομένων

1111 2557 1230 2590 γενέσεις
1241 2577 1248 2588 ,
1264 2557 1320 2583 ἀλλ’
1335 2559 1366 2584 ιν
1376 2558 1552 2594 διαλείμμασι
1570 2560 1619 2595 μὲν
1631 2558 1702 2587 εἶναι
1715 2561 1778 2592 τοὺς
1793 2560 1878 2586 τόκους·

1110 2602 1158 2636 τῆς
1175 2602 1203 2628 δὲ
1222 2602 1276 2629 τῶν
1294 2603 1394 2639 μοιρῶν
1409 2604 1520 2630 ἐκείνων
1541 2605 1676 2638 γενέσεως
1688 2627 1695 2640 ,
1711 2606 1745 2638 ἃς
1771 2606 1786 2632 ὁ
1805 2603 1879 2640 χρΰνῡς

1111 2647 1179 2682 ῥέων
1193 2647 1232 2682 τῷ
1243 2649 1387 2683 ἀεικινὴτῳ
1404 2651 1453 2684 τῆς
1468 2649 1522 2676 τῶν
1532 2651 1640 2685 ἄστρων
1658 2653 1746 2687 φορᾶς
1760 2648 1879 2686 ὲξεργάξε’

1109 2701 1153 2718 ται
1167 2700 1174 2707 ·
1191 2693 1244 2719 οὐδ’
1258 2693 1345 2719 ὁτιοῦν
1364 2694 1421 2720 ἔστι
1438 2694 1586 2730 διάλειμμα
1600 2695 1664 2724 οὔτε
1687 2698 1748 2725 κατ’
1764 2695 1877 2729 altilium

1110 2738 1172 2764 οὔτε
1186 2739 1219 2772 τῇ
1241 2738 1343 2774 διανοίᾳ
1364 2739 1466 2768 λαϐεῖν.
1485 2741 1531 2772 Τίς
1546 2739 1593 2768 οὖν
1613 2743 1705 2778 ἐκείνη
1734 2740 1877 2778 εἱμαρμένηι

1109 2783 1156 2809 εἴτ’
1170 2780 1216 2809 οὖν
1235 2784 1283 2818 μία
1302 2785 1479 2821 γενικωτέρα,
1501 2786 1550 2812 εἴτ’
1568 2785 1615 2814 οὖν
1630 2789 1727 2816 πολλαὶ
1744 2790 1772 2815 αἱ
1786 2787 1827 2814 ἐπὶ
1838 2785 1878 2812 τοῖς

1109 2828 1154 2855 τοῦ
1177 2829 1271 2863 χρόνον
1287 2831 1409 2866 τμήμασι
1433 2832 1768 2869 συλλεπτυνόμεναι,οὔπω
1783 2831 1878 2860 καταλα-
