1914 3079
78 166 115 194 177

611 166 652 193 ΠΕ
671 165 765 193 COMM
773 165 873 193 UNIBU
880 164 898 192 S
918 163 1137 190 NOTIONIBUS.

1613 160 1662 187 ius

76 225 133 256 Θεός.
144 224 187 250 Καὶ
196 223 225 249 δι’
237 223 267 258 ἣν
280 224 367 250 αἰτίαν
382 224 475 259 Πατὴρ
484 224 557 255 Θεὸς,
571 224 616 250 καὶ
628 224 690 256 Υἱὸς
698 225 773 256 Θεὸς,
782 225 827 250 καὶ

890 230 942 250 ’01⁵0
959 221 1030 250 Deus
1046 221 1143 251 Filius,
1159 228 1211 247 non
1233 220 1296 255 quia
1315 219 1416 247 Filius:
1438 218 1564 246 similiter
1581 217 1663 245 etiam

76 267 163 301 Πνεῦμα
179 266 247 300 ἅγιον
260 266 341 298 Θεός’
361 266 397 302 μὴ
417 266 606 302 διαιρουμένης
628 266 656 293 δὲ
673 268 721 302 τῆς
737 266 828 298 οὐσίας

76 313 96 339 ἐν
104 312 192 346 ἑκάστῳ
198 311 247 338 τῶν
257 311 420 347 προσώπων,
431 311 500 338 ὥστε
513 312 559 338 καὶ
571 313 645 347 τρεῖς
655 309 725 338 εἶναι
737 311 829 342 οὐσίας

74 356 128 383 χιτὰ
138 356 167 382 τὰ
184 356 319 391 πρόσωπα,
334 356 410 391 δῆλον
422 356 463 382 ὅτι
476 355 536 381 οὕτε
551 355 580 381 τὸ
595 355 678 390 ὕνομα
692 354 829 389 διαιρεθή-

76 410 133 428 σεται
146 402 204 437 ὅπερ
220 402 343 436 σημαίνει
355 402 403 437 τὴν
418 401 520 433 οὐσίαν,
534 401 595 428 οὗτε
616 401 646 427 τὸ
663 401 728 433 Θεὸς
748 402 786 432 εἰς
800 401 830 426 τὸ

73 445 127 472 εἶναι
138 447 200 481 τρεῖς
220 446 310 478 Θεούς·
328 447 385 474 ἀλλ’
405 447 498 482 ὥσπερ
516 447 592 474 οὐσία
606 448 620 474 ὁ
635 447 738 482 Πατὴρ,
753 447 830 473 οὐσία

73 491 151 523 ὁϊὶδςγ
163 491 231 517 οὐσία
245 491 275 517 τὸ
292 492 368 525 ἂγιον
388 492 512 527 Πνεῦμα·
529 492 575 518 καὶ
592 492 622 518 οὐ
639 494 712 527 τρεῖς
725 492 828 518 οὐσίαι·

72 536 128 562 οὕτω
140 537 181 562 καὶ
192 537 254 568 Θεὸς
266 538 280 563 ὁ
291 537 394 572 Πατὴρ,
409 538 474 569 Θεὸς
489 539 502 563 ὁ
517 538 590 570 Υἱὸς,
604 538 669 569 Θεὸς
680 537 710 563 τὸ
722 537 832 572 Πνεῦμα

72 582 95 608 τὸ
105 582 178 616 ἅγιον,
192 583 234 608 καὶ
251 583 280 609 οὺ
300 584 373 618 τρεῖς
386 583 450 610 Οεοί.
470 581 516 614 Εἷς
530 584 584 619 γὰρ
597 584 661 614 Θεὸς
682 583 726 610 καὶ
748 584 762 609 ὁ
784 583 831 610 αὑ-

71 627 117 659 τός·
131 628 183 654 ἐπεὶ
195 628 238 655 καὶ
255 629 303 664 μία
315 629 391 655 οὐσία
412 629 428 664 ὴ
450 630 516 664 αὐτή
526 637 533 645 ·
551 630 574 656 εί
588 629 634 656 καὶ
649 629 762 655 ἕκαστον
778 628 831 654 τῶν

71 673 200 708 προσώπων
216 673 334 708 λέγεται,
350 674 396 700 καὶ
412 675 530 701 ἑνούσιον
552 675 598 701 καὶ
616 675 696 706 Θεός·
713 675 759 701 καὶ
779 674 832 709 γὰρ

71 718 157 752 ἀνάγκη
177 720 246 754 τρεῖς
270 719 359 754 λέγειν
379 720 472 751 οὐσίας
494 720 613 755 Πατέρος
638 721 683 746 καὶ
701 719 763 746 Υίοῦ
786 720 833 746 καὶ

69 763 131 796 ἁγίου
139 764 288 800 Πνεύματος
297 773 303 780 ·
316 765 376 791 ἐπεὶ
389 766 466 792 οὐσία
478 765 531 792 τῶν
546 766 697 800 προσώπων
708 766 830 792 ’ἑκαστον-

68 808 122 844 ὃπερ
134 809 197 836 ἐστὶν
213 810 366 844 ἀλόγιστον·
376 811 384 821 “
395 809 518 846 οὐδὲγὰρ
542 811 642 847 Πέτρον
664 811 710 837 καὶ
730 810 833 837 Παῦλον

67 854 104 879 καὶ
120 854 263 890 Βαρνάϐαν,
281 857 354 891 τρεῖς
377 856 469 887 οὐσίας
491 856 595 890 φαμέν
621 856 687 882 ἀλλὰ
708 855 770 890 μίαν
787 856 833 882 καὶ

67 899 120 933 μίαν
132 899 246 934 λέγοντες
260 890 364 934 οὐσίαν,
381 899 413 937 ἧς
437 902 494 928 ἐστι
521 903 613 938 Πατὴρ
639 902 684 928 καὶ
706 902 769 933 Υἱὸς
789 902 834 928 καὶ
853 890 871 917 Β

66 944 129 978 ἅγιον
145 946 262 982 Πνεῦμα,
285 949 332 974 ἕνα
359 948 510 980 ἀκολούθως
535 949 624 983 φαμὲν
645 949 725 975 Θεὸνο
742 949 765 974 εί
789 948 834 974 καὶ

65 989 109 1016 τῶν
124 991 268 1026 προσώπων
282 993 328 1019 καὶ
343 993 461 1020 ἐνούσιον
477 994 524 1020 καὶ
542 993 608 1020 Θεὸν
622 991 691 1020 εἶναι
709 993 834 1019 πιστεύο-

67 1044 115 1069 μεν.
125 1037 223 1073 ’Ὠσπερ
234 1039 289 1074 γὰρ
298 1038 336 1073 τῷ
347 1039 482 1074 διαφέρειν
495 1039 540 1065 τὸν
553 1039 660 1074 Πατέρα
671 1039 715 1065 τοῦ
727 1047 755 1064 τε
769 1037 834 1067 Tia?)

62 1081 100 1107 καὶ
120 1082 162 1108 τοῦ
187 1083 264 1117 ἁγίου
295 1083 461 1119 Πνεύματος,
485 1084 548 1120 τρία
574 1085 662 1118 φαμὲν
685 1084 833 1119 πρόσωπα·

62 1126 134 1159 οὕτως
147 1129 204 1155 ἐπεὶ
220 1129 257 1165 μὴ
270 1129 426 1164 διαφέρουσι
441 1130 510 1156 κατὰ
524 1130 573 1164 τὴν
587 1130 689 1161 οὐσίαν,
706 1130 761 1156 ἀλλ’
778 1130 834 1156 ἔστι

60 1173 109 1198 κατ’
124 1173 203 1209 αὐτὴν
219 1175 274 1201 τῶν
304 1174 457 1210 προσώπων
471 1175 611 1210 ταυτότης,
635 1172 708 1201 ἔσται
729 1176 835 1207 πάντως

60 1218 100 1244 καὶ
114 1219 177 1246 κατᾶ
196 1220 226 1246 τὸ
242 1220 309 1251 Θεὸς
325 1220 419 1255 ὄνομα.
444 1221 593 1255 Δηλωτικδν
609 1221 661 1256 γὰρ
687 1220 765 1247 τοῦτο
787 1221 835 1256 τῆς

58 1263 147 1296 οὖσίας,
160 1265 190 1291 οὑ
209 1265 240 1292 τὸ
253 1266 280 1292 τί
296 1266 380 1301 αὐτῆς
396 1266 544 1301 παριστῶν,
558 1266 618 1292 ἐπεὶ
635 1266 833 1300 ἀκατάληπτον,

58 1308 169 1336 atram
181 1319 254 1342 τινος
275 1310 427 1345 ἰδιωμάτων
454 1311 596 1346 προσόντος
615 1312 682 1346 αὐτῇ
703 1312 836 1346 λαμϐανό-

59 1361 145 1385 μενον,
170 1355 344 1390 παραδηλοῦν
370 1356 462 1392 αὐτὴν.
480 1355 556 1382 Ἐστι
584 1357 638 1392 γὰρ
670 1356 766 1391 ἰδίωμα
788 1357 836 1391 τῆς

55 1398 129 1425 ἀϊδίου
146 1400 252 1434 οὐσίας,
267 1399 302 1437 ἦς
323 1401 427 1437 Πατὴρ,
453 1401 514 1432 Υἱὸς
545 1402 588 1428 καὶ
610 1402 687 1435 ἆγιον
713 1401 834 1435 Πνεῦμα⁷

56 1443 81 1469 τὸ
94 1444 177 1471 πάντα
191 1446 356 1472 ἐποπτεύειν
378 1447 424 1472 καὶ
447 1445 557 1480 θεωρεῖν
573 1446 617 1472 καὶ
633 1446 775 1479 γινώσκειν
791 1446 837 1471 καὶ

53 1489 115 1516 αὐτὰ
137 1490 169 1517 τὰ
196 1492 313 1528 κρύφια.
346 1491 483 1518 Ἐντεῦθεν
516 1493 678 1527 εἰλημμένον
711 1491 741 1518 τὸ
772 1491 836 1523 Θεὸς

881 266 969 297 Pater,
1005 273 1059 292 non
1086 265 1214 300 quoniam
1248 264 1339 296 Pater,
1367 264 1454 295 Deus;
1481 269 1574 290 verum
1600 262 1663 298 quia

880 311 999 339 essentia
1028 311 1091 338 talis
1112 318 1183 337 unus
1206 314 1246 337 est
1271 309 1359 342 Pater,
1376 314 1402 336 et
1424 308 1510 336 Filius
1526 307 1597 334 Deus
1616 315 1622 333 :
1639 309 1664 333 et

880 365 962 394 quam
987 359 1021 385 ob
1044 365 1156 384 causam
1179 356 1258 383 Pater
1278 356 1359 387 Deus,
1379 360 1404 382 ct
1427 354 1513 382 Filius
1539 353 1620 384 Dens,
1639 356 1664 379 et

881 405 1001 439 Spiritus
1024 407 1136 431 sanctus
1155 402 1237 430 Deus.
1258 401 1326 429 Cum
1345 407 1434 428 autem
1455 408 1508 427 non
1529 399 1666 426 dividatur

881 451 1000 478 essentia
1028 450 1055 477 in
1077 455 1240 484 unaquaque
1273 454 1461 483 personarum,
1495 446 1531 472 ita
1558 449 1586 472 ut
1610 448 1667 471 tres

881 497 936 524 sint
953 497 1079 524 essentia:
1097 494 1248 523 secundum
1270 501 1413 528 personas,
1437 491 1563 518 videlicet
1581 497 1668 524 neque

882 549 979 569 nomen
1004 541 1150 571 dividetur,
1177 539 1250 574 quod
1275 538 1410 573 signiﬁtat
1433 536 1600 568 essentiam;
1620 543 1668 561 ne-

882 595 934 622 que
963 586 1045 618 Deus,
1077 591 1105 613 ut
1125 585 1181 613 sint
1199 589 1255 612 tres
1272 583 1310 611 dii
1327 593 1333 610 :
1351 583 1398 611 sed
1423 582 1494 610 sicut
1516 581 1668 609 substantia

882 633 971 665 Pater.
998 632 1152 660 substantia
1174 629 1271 662 Filius,
1288 628 1444 657 substantia
1474 627 1592 662 Spiritus
1608 633 1670 654 san-

883 683 954 710 ctus,
969 683 996 705 et
1018 686 1071 705 non
1090 682 1145 705 tres
1166 676 1327 704 substantia:
1351 685 1357 702 :
1374 675 1413 702 sic
1429 674 1510 702 etiam
1532 673 1603 700 Deus
1618 671 1670 698 Pa-

885 729 933 756 ter,
952 723 1022 751 Deus
1034 723 1131 755 Filius,
1150 723 1220 750 Deus
1242 722 1362 757 Spiritus
1381 724 1516 752 sanctus;
1538 725 1590 745 non
1617 721 1672 744 tres

884 769 931 797 dii.
957 769 1023 798 Nam
1049 778 1120 796 unus
1149 768 1220 796 Deus
1252 771 1278 795 et
1304 767 1386 801 idem,
1410 765 1476 801 quia
1501 772 1554 792 una
1589 763 1670 790 ctiam

885 814 1040 842 substantia
1066 814 1179 846 eadem;
1212 813 1263 841 etsi
1289 819 1403 847 quaeque
1421 817 1536 846 persona
1555 808 1671 837 dicatur,

885 865 911 888 et
920 860 1038 888 essentia
1051 860 1204 887 subsistens
1216 863 1242 885 et
1256 857 1326 885 Deus
1339 867 1345 890 ;
1361 857 1461 885 ctenim
1478 862 1591 882 necesse
1600 856 1673 881 esset

885 909 941 933 tres
967 905 1060 932 dicere
1087 904 1256 932 substantias
1270 903 1359 930 Patris
1374 907 1401 930 et
1419 901 1481 929 Filii
1506 904 1533 928 et
1553 899 1672 934 Spiritus

884 952 981 983 sancti.
1004 951 1135 986 quoniam
1154 950 1308 977 substantia
1332 955 1374 976 est
1393 954 1562 982 unaquaeque
1578 952 1673 980 perso-

885 1006 994 1028 narum,
1011 996 1085 1032 quod
1103 1004 1117 1023 a
1134 997 1240 1023 ratione
1268 996 1386 1022 alienum
1411 997 1463 1022 est.
1492 993 1585 1027 Neque
1601 991 1672 1018 enim

885 1043 996 1071 Petrum
1017 1048 1042 1071 et
1063 1042 1176 1069 Paulum
1200 1047 1227 1069 et
1252 1041 1403 1068 Darnabam
1431 1044 1487 1066 tres
1506 1037 1674 1066 substantias

886 1089 1022 1120 dicimus;
1042 1088 1088 1116 sed
1103 1095 1185 1114 unam
1203 1093 1229 1114 et
1244 1095 1325 1114 unam
1340 1087 1467 1113 dicentes
1479 1083 1672 1114 substantiam,

886 1142 946 1170 qua:
958 1139 998 1161 est
1021 1133 1100 1160 Pater
1116 1137 1143 1160 et
1160 1131 1246 1159 Filius
1263 1137 1288 1158 ct
1310 1130 1430 1166 Spiritus
1454 1132 1576 1160 sanctus.
1591 1135 1674 1154 unum

885 1183 1085 1214 consequenter
1100 1179 1219 1205 dicimus
1241 1177 1324 1204 Deum
1345 1175 1473 1203 :tametsi
1496 1180 1675 1208 unamquam-

886 1234 938 1261 que
952 1232 1095 1261 personam
1108 1222 1370 1250 consubstantialem
1389 1226 1416 1248 et
1427 1220 1513 1247 Deum
1541 1225 1602 1246 esse
1616 1225 1674 1245 cre-

886 1272 987 1299 dimus.
1005 1270 1071 1298 Nam
1088 1269 1330 1304 quemadmodum,
1341 1275 1374 1296 eo
1384 1267 1457 1302 quod
1474 1265 1580 1292 dill‘erat
1595 1263 1675 1290 Pater

887 1324 900 1342 a
919 1316 987 1343 Filio
1000 1320 1026 1342 et
1039 1315 1143 1349 Spiritu
1162 1318 1258 1341 saneto
1275 1317 1331 1340 tres
1351 1311 1500 1339 asserimus
1520 1316 1673 1345 personas:

887 1362 979 1389 itidem
1003 1361 1067 1396 quia
1088 1368 1142 1387 non
1163 1359 1293 1386 dilferunt
1308 1357 1458 1386 secundum
1483 1355 1674 1385 substantiam,

887 1407 933 1435 sed
960 1410 1001 1434 est
1023 1407 1099 1441 juxta
1130 1405 1216 1440 ipsam
1243 1411 1420 1440 personarum
1453 1401 1599 1429 identitas:
1624 1400 1677 1427 erit

889 1453 969 1480 etiam
987 1453 1097 1480 omnino
1117 1451 1266 1479 secundum
1285 1457 1382 1477 nomen
1398 1446 1612 1484 [Deus],quippc
1625 1447 1676 1473 hoc

888 1498 1069 1527 substantiam
1082 1497 1237 1525 declarandi
1258 1496 1309 1523 vim
1324 1495 1407 1522 habet
1425 1503 1430 1520 :
1445 1501 1498 1520 non
1519 1491 1592 1527 quod
1611 1492 1677 1527 quid

54 1533 129 1587 ianpa
140 1537 241 1571 κυρίως
257 1537 403 1572 λεγόμενον
417 1537 542 1571 σημαίνει
552 1537 600 1572 τὴν
614 1537 707 1564 οὐσίαν
720 1537 834 1572 ἐκείνην.

891 1544 949 1578 ipsa
979 1543 1014 1571 sit
1037 1546 1228 1578 rcprtescntet,
1257 1540 1390 1575 siquidem
1412 1537 1677 1572 incomprehensibi—

52 1579 117 1611 Mai;
131 1583 278 1617 τοιγαροῦν
290 1582 463 1618 ὑπαρχούσης
479 1583 526 1617 τῆς
539 1583 664 1618 τοιαύτης
678 1583 780 1614 οὐσίας,
793 1584 840 1609 καὶ

53 1625 105 1657 ἐνὸς
125 1627 170 1653 τοῦ
190 1628 414 1664 παραδηλοῦντος
429 1630 512 1664 αὐτὴν
537 1630 667 1664 ὀνόματος
693 1630 701 1663 (
716 1629 787 1663 φημὶ
808 1628 840 1664 δὴ

50 1671 193 1720 τοῦ-Θεοςγ
210 1672 252 1706 εἷς
270 1675 374 1710 κυρίως
388 1675 462 1702 ἔσται
475 1675 539 1707 Θεὸς
555 1675 673 1710 τῷλόγῳ
684 1675 733 1709 τῆς
747 1675 841 1706 οὐσίας

50 1716 214 1750 ἀκολούθως·
235 1721 302 1746 ἐπεὶ
320 1720 357 1754 μὴ
379 1720 523 1755 πρόσωπον
542 1720 617 1756 δηλοί
632 1721 662 1746 τὸ
679 1720 754 1751 Θεὸς,
773 1719 846 1748 ἀλλὰ,

50 1761 92 1796 τὴν
104 1763 205 1791 οὐσίαν.
228 1766 261 1792 ΕΞ
283 1767 338 1801 γὰρ
352 1767 494 1802 πρόσωπον
509 1767 602 1803 ἐδήλου
620 1767 649 1793 τὸ
662 1766 736 1798 Θεὸς,
751 1766 779 1792 ἒν
795 1767 841 1793 καὶ

49 1807 120 1841 μόνον
131 1810 186 1836 τῶν
200 1811 361 1846 προσώπων
374 1813 478 1847 ἐλέγετο
502 1814 577 1845 Θεὺς,
592 1814 659 1849 ὅπερ
681 1814 840 1850 ἐσημαίνετο

48 1856 82 1888 τῷ
96 1856 186 1890 τοιῷδε
205 1857 336 1892 ὀνόματι·
354 1858 447 1894 ὥσπερ
464 1857 509 1885 οὖν
533 1860 579 1886 καὶ
600 1860 704 1895 Πατὴρ,
730 1860 808 1894 μόνος
827 1861 840 1886 ὁ

47 1898 290 1950 Πδὶτὴρ-λέγεται,
313 1904 356 1931 διὰ
379 1905 409 1931 τὸ
436 1905 580 1940 προσώπου
606 1905 752 1941 δηλωτικὸν
772 1904 839 1933 εἶναι

46 1948 117 1973 τοῦτο
127 1948 157 1974 τὸ
173 1949 274 1986 ὄνομα,

44 2000 223 2028 congruenter
245 1998 351 2025 rationi
379 1999 503 2026 essentia:
531 2008 536 2024 :

892 1589 925 1616 lis
940 1594 992 1620 est,
1006 1589 1053 1616 sed
1066 1589 1100 1615 ab
1115 1588 1206 1622 aliqua
1223 1585 1433 1622 proprietatum,
1450 1592 1510 1619 qua:
1527 1583 1577 1618 ipsi
1596 1583 1677 1616 inest,

892 1638 1029 1668 smnptum
1051 1642 1111 1661 eam
1133 1633 1267 1667 designat.
1286 1630 1417 1658 Estenim
1436 1629 1589 1664 proprietas
1605 1634 1676 1654 sem-

892 1680 1007 1716 piternae
1021 1679 1192 1710 substantiw,
1210 1678 1289 1713 cujus
1306 1677 1397 1707 Pater,
1416 1676 1502 1703 Filius
1516 1678 1543 1702 et
1565 1678 1678 1702 sanctus

892 1726 1024 1761 Spiritus,
1049 1725 1140 1752 omnia
1171 1725 1280 1754 intueri,
1297 1727 1323 1751 et
1335 1721 1515 1757 contemplari
1535 1724 1562 1749 ct
1576 1727 1678 1756 cogno-

893 1779 982 1803 SCere,
996 1771 1078 1798 etiam
1094 1779 1124 1799 ea
1141 1778 1201 1806 qute
1215 1770 1322 1798 occulta
1349 1773 1424 1796 sunt.
1452 1768 1518 1795 inde
1539 1771 1679 1801 acceptant

892 1825 990 1844 nomen
1023 1816 1093 1844 Dens
1120 1816 1230 1851 proprie
1253 1815 1369 1846 dictum,
1396 1813 1577 1842 substantiam
1605 1812 1678 1838 illam

894 1863 1040 1898 signiﬁcat.
1054 1863 1236 1896 Quamobrem
1251 1869 1314 1888 cum
1332 1868 1386 1887 una
1398 1858 1532 1895 ejusmodi
1551 1857 1678 1885 substan-

893 1911 930 1937 tia
951 1910 1084 1943 exsistat;
1107 1911 1226 1944 itemque
1246 1917 1343 1936 nomen
1370 1915 1452 1935 unum
1473 1914 1527 1941 quo
1550 1906 1607 1941 ipsa
1637 1905 1680 1932 dc-

896 1954 1025 1987 elaratur,
1057 1963 1152 1989 nempe
1169 1953 1276 1990 [Deus],
1301 1962 1370 1980 unus
1406 1952 1515 1988 proprie
1536 1951 1607 1978 Deus
1629 1950 1680 1977 erit.

570 1999 703 2034 siquidem
726 1998 795 2026 Deus
815 2007 957 2034 personam
989 2009 1042 2028 non
1063 2002 1194 2035 declarat,
1221 2001 1269 2029 sed
1300 2001 1492 2028 substantiam.
1518 1998 1624 2025 Etenim
1658 1999 1680 2024 si

45 2041 109 2094 Deus
139 2052 298 2094 personam
313 2046 477 2094 _indirarct.
499 2054 550 2073 una
584 2050 610 2073 et
633 2047 689 2073 sola
715 2055 746 2073 ex
776 2048 898 2081 personis
915 2049 1052 2076 diceretur
1071 2049 1151 2082 Deus,
1173 2057 1234 2084 quae
1257 2048 1303 2075 tali
1323 2048 1432 2075 nomine
1465 2046 1680 2081 signiﬁcaretur;

44 2091 109 2116 sicut
134 2092 272 2118 nimirum
313 2091 393 2119 Pater
413 2093 488 2119 solus
504 2092 703 2125 dicitnrl‘ater,
724 2094 786 2128 quia
799 2101 896 2121 nomen
911 2095 982 2122 istud
999 2103 1143 2130 personam
1159 2094 1284 2130 Signandi
1304 2094 1358 2120 vim
1385 2093 1475 2120 habet.

74 2135 103 2162 Εί
122 2135 150 2162 δὲ
167 2138 240 2173 φαίη
264 2146 310 2168 τις
330 2137 370 2164 ὃτι
391 2137 494 2172 Πέτρον
512 2138 557 2164 καὶ
580 2137 683 2164 Παῦλον
704 2138 749 2164 καὶ
772 2138 843 2173 Βαρ-

43 2182 120 2208 νάεαν
143 2184 246 2219 φαμὲν.
267 2184 344 2218 τρεῖς
361 2182 463 2215 οὐσίας,
484 2183 599 2218 μερικὰς
619 2182 749 2217 δηλονότι,
768 2191 843 2208 τουτ-

934 2124 1011 2172 Quod
1033 2141 1055 2168 si
1080 2141 1141 2175 quis
1165 2124 1274 2172 dixerit,
1296 2138 1371 2173 quod
1387 2138 1496 2165 Petrum
1512 2141 1539 2164 et
1565 2124 1677 2162 Paulum

897 2190 923 2212 et
939 2186 1089 2213 Barnabam
1105 2185 1224 2212 dit-imus
1236 2189 1291 2212 tres
1306 2182 1474 2211 substantias
1489 2180 1678 2216 particulares,

42 2229 108 2254 ἐστιν
125 2229 217 2260 tam;
233 2229 332 2264 (τοῦτο
341 2229 395 2263 γὰρ
411 2229 576 2264 κυριώτατον
590 2230 697 2263 εἰπεῖν),
712 2229 752 2256 ὅτι
768 2238 834 2265 μεριι

898 2231 1023 2258 videlicet
1045 2231 1169 2266 proprias
1187 2230 1250 2265 (hoc
1271 2229 1343 2257 enim
1369 2232 1412 2256 est
1432 2227 1550 2254 maxime
1573 2225 1682 2261 proprie

41 2273 87 2308 κήν
103 2274 214 2307 οὐσίαν,
231 2274 379 2300 τουτέστιν
402 2274 486 2308 ίδικὴν
507 2274 638 2307 λέγοντες,
662 2275 736 2301 οὐδὲν
753 2275 844 2310 ἕτερον

41 2319 155 2352 σημᾶναι
171 2318 349 2354 βουλόμεθα,
364 2318 380 2353 ἦ
397 2318 507 2353 ἄτομον,
528 2319 597 2353 ὅπερ
614 2319 671 2345 ἐστὶ
691 2319 847 2354 πρόςωπον·

44 2364 198 2398 προσώποις
210 2365 243 2391 δὲ
256 2365 312 2399 οὐχ
325 2364 420 2391 ἕπεται
433 2365 462 2391 τὸ
474 2365 549 2397 Θεὸς,
562 2365 652 2396 καθὼς
663 2365 803 2392 δέδεικται.
814 2366 845 2392 Τί

38 2407 78 2434 alia
89 2409 203 2437 λεκτέον
228 2410 308 2445 πρὸς
327 2411 428 2442 ἐκεῖνο,
445 2411 485 2436 ὅτι
502 2410 602 2445 Πέτρον
619 2411 666 2437 καὶ
681 2410 785 2437 Παῦλον
801 2410 845 2436 καὶ

39 2455 189 2490 Βαρνάϐαν,
216 2458 303 2491 τρεῖς
325 2465 413 2491 φαμεν
438 2456 614 2492 ἀ·ιορώπους;
637 2457 692 2491 υὺχ
709 2457 746 2488 ὼς
762 2458 846 2483 ταῦτα

38 2503 188 2537 πρόσωπα,
210 2504 359 2538 πρόσωπα
379 2502 407 2528 δὲ
428 2501 465 2537 τῷ
489 2502 646 2537 σημαντικῷ
666 2503 777 2537 ὀνόματι
797 2503 846 2537 τῆς

35 2549 123 2583 κοινῆς
139 2550 245 2580 οὐσίας
261 2549 298 2575 οὺ
316 2549 484 2583 σημαίνεται.
499 2548 591 2583 Οὐδὲή
608 2548 706 2584 μερικὴ
715 2549 846 2584 λεγομένη

35 2592 89 2626 ἦτοι
118 2594 195 2631 ιδική
216 2593 320 2625 οὐσία,
336 2593 432 2620 ταύτὸν
455 2593 524 2628 αύτὴ
549 2593 587 2628 τῷ
611 2593 758 2629 προσώπῳ,
775 2594 847 2626 τίνος

33 2640 108 2674 χάριν
130 2642 213 2676 τρεῖς
237 2638 409 2674 ἀνθρώπους
434 2639 532 2674 φαμὲν,
555 2639 654 2670 αὐτοὺς
675 2640 739 2674 μιᾶς
754 2640 847 2672 οὐσίας

34 2685 220 2723 ὑπάρχοντας,
252 2684 294 2723 ἦς
320 2687 377 2712 ἐστι
400 2685 430 2712 τὸ
465 2686 622 2720 ἅνθρωπος
639 2686 802 2721 animum;
816 2689 846 2714 Ei

34 2734 98 2767 μήτε
116 2733 163 2760 διὰ
183 2733 224 2760 τὰ
251 2731 404 2767 πρόσωπα,
422 2732 490 2767 μήτε
509 2732 553 2758 διὰ
570 2732 599 2758 τὺ
620 2732 744 2766 λέγεσθαι
772 2741 847 2768 μερι-

32 2778 79 2814 κὴν
95 2779 209 2812 οὐσίαν,
228 2778 300 2813 ἦτοι
329 2777 424 2811 ίδιχὴν,
448 2777 640 2812 ἑκφωνοῦμεν,
661 2777 738 2804 τοῦτό
758 2786 847 2813 φαμεν

31 2824 69 2850 ὅτι
95 2822 352 2860 καταχρηστικῶς
377 2823 422 2849 καὶ
446 2823 476 2849 οὺ
501 2823 601 2858 κυρίως
623 2823 700 2850 τοῦτο
719 2823 847 2859 λέγομεν,

31 2870 71 2898 διά
93 2881 157 2898 τινα
184 2869 348 2905 συνήθειαν
372 2867 400 2900 ἐξ
423 2869 576 2903 ἀναγκαίων
596 2868 688 2897 αἰτιῶν
713 2871 847 2905 κρατήσας

897 2277 990 2312 luqni),
1021 2278 1085 2312 quia
1116 2276 1308 2311 partiCularein
1344 2274 1539 2305 substantiam,
1564 2273 1616 2299 hoe
1642 2275 1683 2299 est

897 2323 1032 2357 propriam
1045 2322 1177 2353 dicentes,
1197 2321 1265 2347 nihil
1281 2319 1356 2346 aliud
1373 2319 1529 2354 signiﬁcare
1545 2317 1681 2349 volumus,

896 2376 976 2403 quam
998 2368 1177 2400 individuam,
1196 2367 1267 2402 quod
1283 2370 1324 2394 est
1346 2373 1483 2400 persona;
1507 2369 1588 2398 atque
1609 2363 1681 2391 Deus

896 2422 950 2441 non
970 2413 1095 2448 designat
1111 2421 1253 2448 personas,
1271 2417 1300 2439 ut
1314 2412 1459 2447 probatum
1476 2414 1534 2438 est:
1546 2409 1611 2445 quid
1631 2409 1682 2444 igi-

896 2464 940 2486 tur
959 2460 1101 2487 dicendum
1116 2463 1158 2486 est
1174 2459 1206 2486 ad
1221 2458 1297 2487 illud.
1312 2457 1385 2493 quod
1400 2457 1509 2484 Petrum
1527 2459 1554 2482 et
1568 2455 1681 2482 Paulum

896 2508 923 2532 et
932 2504 1082 2531 Barnabam
1093 2508 1148 2531 tres
1159 2503 1275 2530 dicimus
1286 2502 1426 2530 homines?
1435 2509 1488 2528 non
1501 2506 1528 2528 ut
1540 2501 1579 2527 Ιιιε
1589 2507 1682 2535 perso-

898 2558 938 2578 na:
947 2554 1020 2584 sunt;
1031 2558 1154 2585 persona)
1164 2554 1252 2577 autem
1262 2548 1439 2583 signiﬁcatiru
1450 2548 1556 2574 nomine
1563 2550 1684 2573 conmm-

898 2598 940 2624 nis
955 2596 1114 2625 substantia:
1129 2604 1183 2623 non
1195 2596 1348 2629 signantur.
1366 2593 1456 2627 Neque
1469 2599 1501 2619 ea
1519 2599 1579 2625 quae
1598 2590 1683 2624 parti-

897 2644 1000 2671 cularis
1008 2643 1119 2675 dicitur,
1133 2642 1190 2669 sive
1201 2640 1347 2676 peculiaris
1358 2643 1383 2666 et
1397 2637 1503 2672 propria
1514 2635 1682 2668 subslantiu;

899 2691 960 2725 quia
971 2690 1040 2717 idem
1049 2689 1107 2724 ipsa
1116 2693 1157 2716 est
1165 2696 1225 2716 eum
1235 2693 1348 2721 persona
1359 2694 1363 2710 :
1373 2691 1424 2718 qua
1440 2682 1472 2708 de
1482 2689 1562 2708 causa
1574 2684 1629 2707 tres
1638 2680 1684 2707 ho-

899 2736 986 2763 mines
996 2735 1123 2765 dieimus,
1135 2741 1198 2760 cum
1215 2733 1265 2767 ipsi
1277 2732 1357 2758 unius
1369 2727 1527 2755 substantia:
1537 2726 1681 2756 exsistant,

899 2789 979 2815 quam
994 2788 1091 2808 nomen
1106 2780 1155 2806 hoc
1181 2778 1256 2804 homo
1269 2775 1392 2809 designat
1415 2781 1421 2798 Ζ
1448 2771 1582 2805 siquidem
1595 2778 1683 2804 neque

900 2831 1009 2862 propter
1020 2833 1159 2861 personas,
1173 2830 1260 2857 neque
1270 2829 1301 2848 eo
1312 2819 1382 2855 quod
1392 2818 1498 2845 dicatur
1509 2817 1682 2851 particularis

899 2860 1063 2903 substantia,
1094 2868 1222 2896 nimirum
1251 2864 1370 2901 propria,
1395 2862 1570 2890 enuntiamus
1592 2869 1601 2890 ί
1628 2860 1680 2887 huc
