1914 3079
269 135 319 163 185

871 132 899 160 S.
921 131 1082 160 GREGORII
1096 132 1236 160 NYSSEN!

1820 131 1854 158 184

268 195 403 222 hominem
416 198 496 228 atque
509 193 589 220 talem
602 191 692 220 dicere
711 192 874 228 probantes;
893 200 986 221 verum
1006 197 1049 220 ta-

1102 194 1166 230 φέρε
1188 195 1283 225 εἰπεῖν,
1308 192 1495 224 κοινωνοῦντος
1515 191 1588 227 αὑτῷ
1615 190 1682 218 κατὰ
1703 190 1810 225 τοῦνομα
1823 191 1854 218 τοῦ

267 244 320 272 lem
335 244 381 271 Dei
400 250 542 279 personam
559 246 586 270 et
602 242 683 270 talem
698 242 905 270 subsistentiam
919 242 1050 276 hominis;

267 301 330 320 nam
354 293 454 320 multas
477 292 559 320 unius
587 292 711 319 hominis
740 291 913 327 hypostases,
941 295 968 318 et
996 294 1053 318 tres

267 342 349 369 unius
359 341 404 369 Dei
420 349 552 376 personas
563 341 625 376 jure
637 341 767 369 dicimus.
785 341 967 374 Quamobrem
980 341 1052 376 quod

266 393 320 420 tale
339 392 441 419 dicitur
454 392 611 419 discernere
627 392 684 418 vult
702 392 806 427 aliquid
824 399 839 418 a
856 391 973 427 quodam
990 399 1052 426 par-

266 439 395 474 tieipante
404 447 503 467 nomen
515 440 582 467 illud
594 440 638 468 cui
653 440 706 468 tale
715 441 780 476 quid
796 440 938 476 adjicitur.
947 439 1052 473 Quem-

266 489 412 516 admodum
421 489 522 516 animal
533 490 585 517 tale
596 490 714 518 dicimus
722 490 875 523 hominem,
887 497 950 518 cum
959 490 1050 525 ipsum

265 539 434 575 distinguere
454 539 580 568 volumus
610 540 645 567 ab
669 548 751 575 equo,
774 541 850 568 verbi
876 541 975 576 gratia,
1004 540 1051 575 qui

265 597 410 618 commune
422 590 530 625 quidem
546 597 644 618 nomen
658 590 787 618 animalis
802 590 884 618 habet
901 597 963 618 cum
979 590 1050 625 ipso,

267 639 315 668 sed
333 640 366 667 ab
393 647 427 666 eo
450 640 628 675 distinguitur
650 647 698 675 per
713 640 847 666 rationale
874 644 901 666 et
929 640 1049 666 brutum.

268 689 438 716 Discernitur
454 693 544 716 autem
559 689 662 724 aliquid
681 689 715 716 ab
728 689 829 724 aliquo.
855 693 902 716 aut
922 688 1052 716 substan—

267 739 316 771 tia.
341 744 388 766 aut
405 747 533 774 persona,
552 745 599 767 aut
619 741 737 768 essentia
749 761 756 772 ,
780 744 861 775 atque
880 747 997 775 persona
1019 746 1050 766 ac

268 785 421 813 substantia
449 785 559 820 quidem
593 786 771 822 distinguitur
801 786 883 813 homo
909 786 943 813 ab
965 793 1047 820 equo,

268 839 385 867 persona
405 839 469 859 vero
492 831 593 859 Paulus
615 839 630 859 a
652 831 750 866 Petro;
776 832 894 860 essentia
912 835 1002 858 autem
1024 835 1050 858 et

268 877 464 911 subsistentia,
503 878 560 904 haec
594 878 713 906 hominis
741 878 919 905 subsistentia
943 877 976 904 ab
1000 876 1050 904 hac

266 921 328 956 equi
347 921 534 949 subsistentia.
557 921 658 950 Verum
672 922 808 958 patefacta
831 922 935 950 ratione
954 930 1048 950 eorum

267 975 328 1001 qua:
352 966 503 994 secundum
532 967 748 998 subsistentiam,
774 972 801 995 at
823 975 877 995 non
898 967 1049 996 secundum

267 1013 413 1040 essentiam
441 1012 590 1040 dilTerunt:
612 1012 757 1041 manifesta
784 1020 892 1048 quoque
913 1013 958 1040 [iet
979 1013 1050 1040 ratio

266 1065 360 1085 eorum
374 1065 434 1093 quae
449 1058 600 1085 secundum
625 1058 806 1086 substantiam
826 1058 956 1085 distincta
975 1062 1048 1086 sunt.

268 1103 334 1131 Nam
352 1103 426 1139 quod
445 1107 502 1131 tum
519 1112 550 1131 ea
573 1111 632 1138 qum
658 1104 808 1131 secundum
825 1104 971 1132 essentiam
996 1102 1050 1130 dif-

268 1149 429 1177 lcrnntdua:
447 1153 537 1176 tresve
553 1149 678 1176 essentia:
698 1149 833 1182 dicantur,
858 1153 914 1176 tum
938 1156 968 1176 ea
991 1155 1050 1183 qum

268 1193 419 1222 secundum
439 1195 646 1222 subsistentiam
678 1194 823 1228 dissident,
846 1195 940 1222 eodem
968 1195 1049 1222 modo

267 1241 328 1267 dua:
344 1241 385 1268 vel
399 1244 456 1268 tres
469 1240 629 1276 hypostases
644 1241 832 1273 enuntientur,
850 1246 877 1268 et
893 1241 944 1276 ipsi
960 1240 1050 1268 faten-

267 1291 312 1312 tur
330 1290 357 1313 et
375 1293 425 1314 nos
441 1295 448 1313 :
463 1285 614 1313 dillerimns
635 1289 724 1313 autem
740 1286 767 1312 in
787 1293 818 1313 eo
836 1287 906 1321 quod
925 1287 952 1313 in
969 1285 1050 1313 Petro

265 1331 418 1366 quidemet
438 1330 522 1357 Paulo
537 1330 612 1357 aiunt
638 1331 729 1358 dicere
751 1334 877 1366 oportere
902 1330 1048 1358 homines:

266 1385 316 1404 nos
330 1384 395 1403 vero
406 1384 460 1403 non
475 1377 582 1411 proprie
602 1381 628 1403 et
648 1376 799 1403 secundum
814 1377 945 1404 rationem
956 1377 1048 1404 scien-

266 1422 366 1449 tilicam
384 1431 390 1449 :
408 1430 463 1449 una
489 1423 589 1456 quippe
616 1422 685 1449 ratio
706 1429 780 1448 nunc
801 1426 842 1449 est
866 1430 879 1448 a
911 1424 1049 1451 communi

266 1471 348 1502 atque
367 1469 482 1494 abusivo
511 1476 573 1494 usu.
602 1467 652 1494 llic
677 1468 749 1494 enim
777 1476 864 1505 neque
882 1469 913 1495 ad
936 1469 1048 1496 exitium

267 1513 399 1547 alicujus.
415 1521 503 1548 neque
516 1513 549 1540 ad
565 1514 787 1540 constitutionem
802 1515 880 1541 valet.
906 1514 1050 1542 Enimvero

268 1558 346 1585 nobis
364 1559 439 1593 prius
460 1559 602 1592 perspicue
624 1559 788 1592 declaretur,
810 1560 887 1594 cujus
905 1560 944 1587 rei
967 1568 1048 1588 causa

268 1604 403 1631 hominem
418 1608 444 1630 et
456 1612 555 1638 equum
565 1609 591 1631 et
606 1612 700 1632 canem
715 1605 824 1632 dill‘erre
837 1606 973 1637 dicamus,
984 1615 1051 1641 qua-

267 1655 346 1676 tenus
361 1650 422 1676 talis
437 1650 559 1684 qumdam
579 1651 743 1684 substantia,
765 1651 858 1686 utique
873 1652 950 1679 valde
964 1653 1050 1679 mani-

270 1694 368 1721 festum
383 1699 434 1726 est,
459 1695 529 1729 quod
546 1703 560 1721 a
581 1703 611 1722 se
630 1696 743 1723 invicem
769 1696 906 1729 diﬂ'erunt,
930 1697 1006 1732 juxta
1019 1706 1050 1725 ea

267 1748 327 1774 qum
339 1747 466 1774 separare
490 1741 579 1767 solent
597 1742 745 1772 essentias,
774 1749 871 1776 nempe
894 1744 1049 1770 rationabili

267 1789 293 1811 et
308 1785 500 1817 irrationabili,
518 1786 645 1812 liinnibili
663 1790 690 1813 et
711 1786 829 1814 latrabili
842 1808 849 1820 ,
877 1793 904 1814 et
922 1788 944 1814 si
959 1789 1049 1823 aliqua

269 1830 424 1865 Iiujusmodi
438 1831 471 1858 sit
490 1831 653 1859 differentia.
674 1831 741 1858 Nam
756 1832 846 1859 dicere
869 1833 1048 1861 substantiam

268 1878 362 1908 talem,
392 1877 459 1904 nihil
481 1878 552 1904 aliud
571 1882 612 1905 est
639 1877 730 1905 dicere
751 1887 833 1913 quam
860 1880 1048 1906 exsistcntiam

266 1923 330 1950 vitae
355 1923 514 1958 participem
533 1924 565 1950 ad
594 1923 794 1951 distinctionem
811 1924 894 1957 illius,
919 1933 978 1959 quae
995 1934 1048 1952 non

265 1973 307 1996 est
324 1969 475 2003 ejusmodi;
495 1969 548 2000 vel,
565 1969 753 1996 exsistentiam
769 1977 829 2004 qua:
849 1974 914 1996 nata
933 1975 975 1997 est
986 1975 1048 2005 apta

266 2015 298 2041 ad
316 2015 545 2045 ratiocinandum,
570 2020 600 2041 ut
612 2015 783 2042 discernatur
796 2015 829 2042 ab
843 2023 873 2042 ea
894 2023 954 2050 quae
971 2016 1048 2042 bruta

267 2066 361 2087 natura
379 2061 489 2095 praedita
501 2065 542 2087 est
556 2070 561 2087 :
573 2067 619 2087 aut
633 2062 822 2088 exsistcntiam
848 2069 907 2095 qua:
919 2062 1049 2096 insignita

265 2111 307 2133 est
323 2111 386 2132 nota
404 2106 555 2133 habilitatis
570 2106 603 2132 ad
623 2106 817 2139 hinniendum;
836 2111 863 2133 et
878 2107 900 2133 si
917 2107 980 2141 quid
997 2107 1050 2134 tale

266 2155 402 2178 occurrat.
426 2151 533 2179 Etenim
561 2151 622 2177 loco
649 2151 806 2185 hujusmodi
833 2151 1048 2178 (liﬂ'erentiarum

265 2201 292 2223 et
314 2196 487 2230 propriorum
516 2196 588 2227 loco,
619 2196 785 2229 prmpnnitur
810 2197 979 2228 substantiae,
1003 2201 1050 2223 aut

266 2241 347 2266 etiam
368 2240 456 2266 cuivis
483 2240 588 2274 generi,
613 2240 645 2266 ad
672 2240 877 2267 distinctionem
896 2241 1048 2274 specierum

267 2286 317 2320 ipsi
340 2286 536 2320 snhjectarum,
560 2293 656 2320 nempe
684 2286 817 2319 ejusmodi
830 2290 876 2312 aut
900 2287 952 2312 tale
977 2287 1049 2320 quod

267 2331 377 2362 animal,
402 2338 452 2365 pro
477 2330 646 2362 rationabili,
673 2331 715 2357 vel
734 2331 847 2357 rationis
864 2335 987 2365 experte.
1011 2331 1049 2358 Ac

267 2385 363 2404 rursus
378 2377 504 2408 dicimus,
532 2376 630 2404 Petrus
647 2376 736 2403 diﬂ'ert
761 2383 776 2402 a
795 2376 891 2409 Paulo,
913 2381 1048 2412 quatenus

268 2423 330 2449 talis
340 2422 462 2457 quaedam
477 2422 633 2457 hypostasis
647 2430 740 2449 eorum
752 2423 850 2456 cuique
860 2427 912 2455 est,
925 2423 1048 2458 quando-

266 2468 376 2502 quidem
392 2467 520 2494 dilTerunt
533 2475 547 2493 τι
564 2475 593 2494 se
607 2467 734 2499 invicem,
759 2467 907 2494 secundum
924 2467 1046 2502 quaedam

1101 239 1171 271 ζώου
1185 249 1191 255 ·
1210 240 1383 275 διαφέροντος
1399 239 1426 266 δὲ
1438 238 1476 275 τῷ
1486 238 1587 273 λογικῷ
1599 237 1646 264 καὶ
1658 237 1697 272 τῷ
1713 238 1804 273 ἀλόγῳ.
1814 238 1856 264 Δια-

1101 285 1222 319 κρὶνεται
1251 285 1280 311 δέ
1304 285 1330 311 τι
1345 293 1427 317 τινος,
1442 284 1459 320 ἦ
1478 283 1565 316 οὐσία,
1579 283 1596 319 ἢ
1610 282 1786 317 ὑπόστασις,ἣ
1799 282 1856 318 add;

1101 329 1148 355 καὶ
1159 330 1314 356 ὑποστάσει¹
1329 330 1376 356 καὶ
1383 329 1461 363 οὐσίᾳ
1477 328 1524 364 μὲν
1535 328 1700 363 διακρίνεται
1720 328 1734 354 ὁ
1744 326 1856 362 ἄνθρωπος

1101 375 1147 401 τοῦ
1165 375 1262 401 ἵππου·
1277 374 1423 401 ὑποστάσει
1442 374 1469 400 δὲ
1495 373 1609 405 Παῦλος,
1624 373 1738 409 Πέτρου.
1757 371 1856 407 omne

1101 421 1148 446 καὶ
1174 419 1334 452 ὑποστάσει,
1359 419 1405 454 ἥδε
1426 419 1498 445 ἐστὶν
1515 419 1531 454 ἡ
1548 418 1694 449 ὑπόστασις
1718 416 1762 444 τοῦ
1779 416 1857 451 ἀνθρώ-

1101 474 1163 498 που,
1181 465 1260 500 τῆσδε
1273 465 1446 496 ὑποστάσεως
1464 464 1510 491 τοῦ
1530 464 1624 490 ἵππου.
1654 463 1735 489 Ἀλλὰ
1755 470 1858 498 φανερον·

1103 510 1185 544 μένου
1205 510 1252 536 τοῦ
1281 510 1359 544 λόγου
1386 511 1440 536 τῶν
1466 511 1525 537 κατ’
1545 509 1637 536 οὐσίαν
1653 509 1755 541 ἁπλῶς,
1770 509 1810 535 καὶ
1821 508 1857 534 τῶν

1101 556 1160 582 καθ’
1175 556 1322 583 ὑπόστασιν
1332 556 1380 583 καὶ
1390 556 1420 582 οὐ
1433 556 1490 582 κατ’
1505 556 1599 582 οὐσίαν
1614 555 1800 590 διαφερόντων,
1811 554 1857 589 πρό-

1100 602 1178 636 δηλος
1191 601 1266 629 ἔσται
1279 603 1326 629 καὶ
1339 603 1354 629 6
1370 603 1445 638 παρὰ,
1458 602 1512 628 τῶν
1530 603 1589 629 κατ’
1603 601 1698 629 οὐσίαν
1714 601 1858 637 διακεκριμέ-

1101 655 1154 674 νων
1169 647 1255 681 λόγος.
1275 647 1335 674 Ὅτι
1351 647 1400 682 μὲν
1416 647 1470 682 γὰρ
1481 647 1528 674 καὶ
1544 647 1579 674 τὰ
1597 647 1758 682 διαφέροντα
1769 645 1819 672 κατ’
1828 645 1858 672 οὑ-

1102 693 1172 725 σίαν,
1186 694 1308 728 λέγονται
1321 694 1367 720 δύο
1378 693 1393 730 ἦ
1413 694 1487 729 τρεῖς
1499 693 1587 720 οὐσίαι
1599 702 1606 709 ·
1619 693 1667 719 καὶ
1680 692 1715 719 τὰ
1726 692 1858 726 διαφέροντι

1101 739 1162 766 καθ’
1186 739 1344 771 ὑπόστασιν,
1375 739 1506 771 ὡσαύτως
1532 739 1655 773 λέγονται
1680 738 1727 765 δύο
1749 739 1792 765 καὶ
1804 739 1858 773 τρεῖς

1101 784 1274 817 ὑποστάσεις,
1288 785 1446 820 ὁμολογοῦσι
1463 785 1508 812 καὶ
1527 785 1613 815 αὐτοὶ.
1627 785 1674 811 καὶ
1686 785 1772 820 ἡμεῖς.
1784 784 1858 817 Auei-

1103 831 1204 865 ρόμεῆα
1216 831 1253 862 δὲ,
1266 832 1307 858 ὅτι
1322 831 1367 857 ἐπὶ
1380 831 1429 866 μὲν
1445 831 1547 866 Πέτρου
1565 830 1612 857 καὶ
1631 829 1738 856 Παύλου
1753 829 1810 864 φασὶ
1820 829 1857 855 δεῖν

1067 866 1086 893 Β
1101 877 1188 911 λέγειν
1218 876 1385 912 ἀνθρώπους.
1411 877 1506 912 Ἡμεῖς
1533 876 1560 903 δὲ
1578 876 1609 903 οὑ
1631 876 1733 912 κυρὶως
1752 876 1794 902 καὶ
1807 874 1858 901 κατι

1100 922 1145 949 τὸν
1155 924 1362 958 ἐπιστημονικὸν
1369 922 1457 957 λόγον.
1472 923 1538 949 οὑδὲ
1548 919 1587 954 εἷς
1597 922 1652 957 γὰρ
1663 922 1740 956 λόγος
1753 921 1794 948 νῦν
1805 920 1858 954 παρὰ
1882 918 1891 927 ⁸

1101 969 1191 1002 κοινῆς
1214 977 1243 994 τε
1273 968 1319 994 καὶ
1346 967 1566 1003 καταχρηστικῆς
1586 968 1722 1002 χρήσεως.
1741 966 1806 1000 Αὕτη
1821 965 1858 999 γὰρ

1100 1013 1160 1040 οὐδὲ
1176 1013 1242 1048 πρὸς
1258 1013 1396 1048 ἀναίρεσίν
1411 1022 1482 1045 τινος
1496 1013 1556 1039 οὕτε
1572 1013 1639 1047 πρὸς
1651 1012 1777 1039 σύστασιν
1787 1011 1857 1046 ἰσχύει.

1101 1059 1292 1094 Σαφηνιςέσϐω
1310 1059 1452 1094 τοιγαροῦν
1464 1059 1596 1094 πρότερον
1608 1060 1676 1094 ἡμῖν
1687 1059 1731 1085 τὸν
1747 1057 1858 1093 ἄνθρωπον

1101 1106 1147 1132 καὶ
1162 1106 1207 1132 τὸν
1222 1106 1314 1137 ἵππον,
1329 1105 1345 1141 ἢ
1363 1105 1407 1132 τον
1421 1105 1503 1131 ἵππον
1520 1105 1568 1131 καὶ
1581 1104 1626 1131 τὸν
1640 1104 1711 1131 κύνα
1723 1104 1789 1135 τίνος
1802 1103 1859 1137 χάριν

1099 1151 1238 1187 διαφέρειν
1251 1151 1376 1186 λέγομεν,
1386 1150 1454 1177 καθὸ
1464 1150 1551 1177 τοιάδε
1565 1150 1652 1176 οὐσία·
1669 1150 1687 1186 ἢ
1700 1149 1859 1185 πρόδηλονὴτι

1100 1197 1161 1223 ἐπεὶ
1181 1197 1352 1231 διαφέρουσιν
1378 1196 1498 1232 ἀλλήλων
1518 1196 1586 1223 κατὰ
1601 1196 1635 1222 τὰ
1655 1197 1781 1231 χωρίζειν
1791 1195 1859 1224 obsis;

1101 1242 1213 1269 εἰωθότα
1222 1251 1228 1257 ·
1242 1240 1297 1269 οἷον
1311 1243 1412 1277 λογικῷ
1426 1243 1472 1270 καὶ
1485 1242 1585 1278 ἀλόγῳ,
1604 1241 1806 1277 χρεμετιπικῷ,
1818 1241 1859 1266 ὑλα-

1101 1288 1202 1324 κτικῷ·
1230 1289 1276 1315 καὶ
1300 1289 1327 1314 εἴ
1344 1297 1397 1315 τινι
1415 1288 1538 1323 τοιούτῳ.
1561 1287 1599 1314 Τὸ
1622 1288 1678 1323 γὰρ
1692 1288 1778 1321 λέγειν
1790 1286 1859 1313 obsim:

1100 1332 1215 1364 τοιάνδε,
1231 1332 1306 1358 οὐδὲν
1322 1332 1413 1366 ἕτερον
1433 1331 1559 1366 λέγομεν,
1573 1331 1588 1366 ἢ
1604 1331 1720 1366 ὓπαρξιν
1733 1331 1799 1364 ζωῆς
1813 1338 1858 1364 μετ-

1101 1378 1214 1412 έχουσαν
1228 1377 1295 1412 πρὸς
1303 1377 1505 1412 ἀντιδιαστολὴν
1515 1379 1563 1411 τῆς
1575 1377 1612 1412 μὴ
1623 1378 1762 1411 τοιαύτης,
1772 1376 1786 1411 ἦ
1799 1376 1859 1409 ῦπαρ-

1102 1424 1140 1456 ξιν
1157 1423 1310 1457 λογίζεσθαι
1326 1425 1487 1459 πεφυκυῖαν,
1516 1424 1583 1458 πρὸς
1599 1424 1736 1459 διάκρισιν
1755 1423 1798 1458 τῆς
1816 1423 1858 1448 ᾶλο·

1101 1470 1148 1505 γίᾳ
1158 1468 1354 1505 διαφερούσης·
1402 1457 1528 1504 ὕπαρξιν,
1539 1457 1573 1495 τὸ
1589 1457 1792 1504 χρεμετιστικὸν
1803 1468 1858 1502 ἐχεν-

1103 1524 1151 1542 σαν
1177 1515 1432 1550 χαρακτηριστικὺν,
1451 1514 1498 1540 καὶ
1514 1515 1539 1540 εἴ
1553 1523 1578 1540 τι
1591 1514 1722 1540 τοιοῦτον.
1747 1514 1810 1540 Ἀντὶ
1822 1512 1858 1545 γᾶρ

1100 1561 1226 1587 τοιούτων
1239 1559 1375 1595 διαφορῶν
1394 1561 1440 1586 καὶ
1453 1561 1536 1592 ἰδίων,
1552 1560 1710 1595 προτίθεται
1726 1561 1757 1596 τῇ
1769 1559 1857 1593 οὑσίᾳ.ἧ

1100 1606 1146 1632 καὶ
1163 1605 1243 1631 παντὶ
1259 1605 1341 1638 γένει,
1357 1604 1424 1639 πρὸς
1442 1605 1576 1639 διάκρισιν
1595 1604 1647 1630 τῶν
1667 1605 1716 1631 ὑπ’
1732 1604 1792 1631 αὑτὸ
1804 1602 1859 1628 εἰδῶν

1099 1651 1130 1676 τὸ
1140 1649 1274 1685 τοιόνδε,ἢ
1289 1649 1388 1676 τοιόνδε
1402 1649 1470 1681 ζῶον
1483 1649 1543 1676 ἀντὶ
1555 1649 1602 1675 τοῦ
1619 1649 1762 1684 λογικὸν.ῆ
1779 1648 1858 1681 ἄλογοι

1100 1697 1155 1722 Καὶ
1171 1696 1250 1722 πάλιν
1275 1695 1389 1730 λέγομεν
1399 1716 1405 1725 ,
1420 1696 1547 1730 Διαφέρει
1571 1696 1672 1730 Πέτρος
1689 1695 1800 1725 Παύλου,
1812 1692 1860 1719 καθὸ

1099 1742 1187 1768 τοιάδε
1205 1741 1352 1772 ὑπόστασις
1378 1741 1485 1775 ἑκάστῳ
1501 1740 1589 1767 αὐτῶν
1600 1749 1606 1755 ·
1624 1741 1687 1767 ἐπεὶ
1714 1740 1860 1775 διαφέρουσιν

1099 1787 1218 1821 ἀλλήλων
1243 1786 1312 1812 κατά
1336 1794 1397 1812 τινα
1423 1785 1476 1812 τῶν
1498 1786 1646 1812 ὑπόστασιν
1662 1786 1712 1813 καὶ
1730 1787 1777 1812 οὐκ
1790 1783 1860 1811 οὐσίαν

1101 1832 1226 1866 συνιστᾷν
1242 1831 1400 1865 πεφυκότων
1411 1839 1417 1844 ·
1431 1829 1486 1858 οἷον
1499 1831 1703 1867 φαλακρότητα,
1719 1831 1860 1867 μακρότητι.

1101 1877 1267 1911 πατρότητα,
1295 1876 1419 1909 υἱότητα·
1441 1877 1488 1902 καὶ
1509 1876 1572 1902 εἴτι
1589 1876 1720 1903 τοιοῦτον.
1741 1875 1853 1911 Πρόδηλον

1100 1923 1153 1957 γὰρ
1167 1923 1204 1954 ὡς
1220 1923 1250 1948 οὐ
1270 1921 1366 1947 ταύτὸν
1377 1919 1446 1952 εἶδος
1461 1922 1507 1948 καὶ
1519 1921 1618 1956 ἄτομον
1629 1931 1635 1937 ·
1651 1923 1731 1949 τοῦτο
1746 1923 1816 1949 οὐσία
1828 1920 1861 1946 καὶ

1101 1969 1247 1998 ὑπόστασις
1260 1976 1266 1982 ·
1283 1969 1300 2002 ἠ
1317 1968 1369 2003 γὰρ
1386 1967 1534 1994 ὑπόστασις
1547 1967 1628 1999 εὑῡὺς
1645 1969 1696 2004 τὴν
1711 1969 1820 1996 διάνοιαν
1828 1965 1860 1992 τοῦ

1099 2014 1274 2049 ἀκροωμένου
1286 2014 1403 2047 παράγει
1414 2012 1481 2048 πρὸς
1489 2012 1519 2038 τὺ
1528 2013 1642 2048 ζητῆσαι
1653 2013 1746 2048 οὐλὴν,
1759 2011 1860 2046 γλαυκὸν.

1101 2058 1217 2093 πατέρα.
1232 2058 1289 2083 υἱὸν
1305 2077 1311 2089 ,
1331 2057 1377 2083 καὶ
1389 2056 1415 2083 εἴ
1423 2065 1448 2082 τι
1460 2057 1561 2091 ὅμοιον.
1578 2057 1655 2091 Λέγω
1671 2058 1702 2084 δὲ
1719 2057 1792 2089 εἶδος,
1805 2063 1862 2082 τοντν

1101 2103 1173 2129 ἐστιν
1187 2104 1280 2129 οὐσίαν
1308 2103 1375 2138 πρὸς
1392 2103 1422 2129 τὸ
1435 2103 1536 2137 γνῶναι
1551 2104 1669 2138 δηλονότι
1687 2105 1755 2137 ζῶον
1767 2103 1861 2138 λογικὸν,

1102 2149 1206 2184 θνητὸν,
1216 2148 1260 2175 νοῦ
1276 2149 1322 2175 καὶ
1330 2149 1483 2184 ἐπιστήμης
1491 2149 1624 2181 δεκτικὸν,
1636 2150 1706 2182 ζῶον
1718 2151 1754 2186 μὴ
1767 2149 1861 2184 λογικὸν.

1068 2198 1087 2224 D
1102 2194 1206 2229 θνητὸν,
1220 2195 1434 2230 χρεμετιστικὸν,
1449 2195 1496 2221 καὶ
1509 2195 1543 2221 τὰ
1553 2195 1665 2223 τοιαῦτα
1677 2205 1684 2212 ·
1698 2198 1723 2223 ει
1736 2197 1763 2224 δὲ
1774 2195 1806 2232 μὴ
1819 2194 1862 2221 ταὺ-

1102 2240 1147 2266 ea»
1161 2240 1238 2266 οὐσία
1266 2241 1312 2267 καὶ
1340 2241 1450 2276 ἄτομον,
1471 2241 1540 2276 ὅπερ
1560 2242 1634 2268 ἐστὶν
1650 2239 1862 2274 ὑπόστασις·Μέ

1102 2285 1187 2311 ταύτὰ
1199 2285 1233 2311 τὰ
1249 2285 1485 2320 χαρακτηρίζοντσ.
1500 2286 1602 2322 ταύτην
1613 2295 1642 2313 τε
1656 2288 1795 2323 κάκείνην.
1810 2285 1862 2313 Εἱδὶ

1104 2330 1309 2365 κα“ι’ταύτηνοὺ
1318 2331 1411 2362 ταὺτα,
1425 2331 1484 2358 οὑδὲ
1498 2333 1553 2363 τοῖς
1571 2332 1662 2365 αὐτοῖς
1678 2333 1790 2369 ὀνόμασι
1801 2332 1862 2359 δυνα-

1102 2375 1148 2401 τὸν
1166 2375 1363 2401 συνάπτεσθαι”
1382 2375 1449 2402 ἀλλὰ
1465 2376 1499 2403 τὰ
1514 2377 1574 2411 μὲν,
1592 2379 1648 2409 τοῖς
1669 2379 1731 2405 κατ’
1748 2375 1862 2408 οὑσίαν,ῆ

1101 2420 1194 2451 οὐσίας
1213 2421 1350 2455 κειμένοις
1362 2430 1369 2435 ·
1381 2421 1416 2447 τὰ
1427 2422 1454 2448 δὲ
1467 2442 1474 2453 ,
1491 2424 1546 2453 τοῖς
1565 2423 1636 2450 κατὰ
1649 2424 1750 2458 ἄτομον
1770 2420 1861 2456 λεγομέ-

1101 2476 1165 2497 νοις.

266 2523 360 2542 eorum
375 2522 434 2549 qum
449 2514 629 2549 hypostasim,
644 2519 670 2541 ct
686 2522 738 2541 non
754 2515 970 2547 subsistentiam,
990 2514 1157 2542 constituere
1175 2514 1281 2541 solent:
1315 2515 1470 2550 cujusmodi
1502 2522 1567 2545 sunt
1602 2519 1737 2551 calvities,
1768 2521 1862 2545 statura.

266 2563 426 2597 pzitcrnilas,
443 2562 550 2593 liliatio,
573 2566 599 2588 et
624 2562 646 2589 si
663 2562 736 2596 quod
761 2563 812 2590 tale
830 2567 881 2590 est.
898 2563 964 2589 Nam
985 2562 1159 2597 perspicuum
1172 2566 1223 2593 est,
1238 2569 1292 2589 non
1309 2562 1379 2589 idem
1394 2571 1456 2591 esse
1487 2565 1606 2599 speciem
1639 2570 1666 2593 et
1702 2564 1862 2592 individullm'

266 2609 391 2642 idemque
431 2608 611 2635 substantiam
648 2608 848 2643 ethypostasim
866 2618 872 2635 :
906 2609 1082 2636 subsistentia
1102 2608 1172 2634 enim
1199 2607 1291 2635 statim
1315 2609 1454 2637 audientis
1476 2615 1593 2638 mentem
1612 2611 1744 2639 transfert
1761 2610 1793 2637 ad
1806 2616 1863 2643 qua--

266 2656 378 2682 rcudum
406 2655 537 2690 crispum,
563 2655 684 2687 czesium,
726 2660 840 2690 patrem.
871 2656 966 2687 lilium,
987 2663 1019 2682 ac
1047 2656 1068 2682 si
1090 2655 1153 2690 quid
1172 2656 1270 2682 simile.
1303 2655 1368 2683 Dico
1384 2664 1450 2684 vero
1469 2658 1598 2692 speciem,
1626 2667 1724 2694 nempe
1759 2660 1863 2686 substan-

264 2704 328 2730 tiam
346 2704 378 2730 ad
394 2702 612 2738 cognoscendum
631 2703 730 2729 animal
743 2702 914 2733 rati0nabilc,
930 2703 1056 2733 mortale.

1079 2702 1177 2729 mentis
1188 2706 1214 2728 et
1228 2702 1351 2730 scientiae
1367 2710 1464 2738 capax,
1480 2708 1507 2731 et
1521 2705 1622 2732 animal
1643 2707 1757 2734 rationis
1774 2710 1861 2736 expers.

265 2749 388 2780 Incrlalc,
415 2749 556 2782 hinnibile,
569 2754 595 2777 et
612 2753 709 2777 caetera
725 2748 874 2782 ejusmodi;
909 2749 992 2775 I‘orro
1014 2757 1067 2775 non
1105 2749 1175 2775 idem
1189 2753 1250 2775 sunt
1276 2750 1435 2777 substantiae
1458 2755 1485 2789 et
1500 2751 1680 2785 individuum,
1694 2753 1765 2788 quod
1778 2757 1814 2780 est
1827 2750 1863 2782 hy-

266 2796 404 2830 postasis;
428 2804 515 2832 neque
532 2797 626 2825 eadem
642 2805 702 2832 qum
717 2796 861 2831 designant
899 2803 930 2823 ac
951 2800 1046 2823 notant
1066 2796 1135 2824 hanc
1150 2802 1176 2824 et
1194 2796 1276 2824 illam.
1293 2797 1371 2829 Quod
1387 2798 1410 2826 si
1424 2798 1482 2826 hazc
1497 2799 1590 2826 eadem
1608 2807 1663 2827 non
1695 2804 1768 2832 sunt,
1794 2801 1862 2829 nell"c
