1914 3079
73 130 118 159 185

609 135 651 162 οε
673 135 897 163 COMMUNIBUS
917 135 1100 168 NOTIONIIIU
1106 140 1134 167 S.

1625 148 1676 176 186

71 189 144 215 etiam
171 188 325 217 nominibus
355 189 450 217 iisdem
484 191 609 228 conjungi
633 198 766 228 possunt;
785 193 830 220 sed
853 192 910 220 haec
927 194 1034 228 quide
1052 197 1085 223 iis
1106 205 1166 232 qua:
1191 203 1237 226 aut
1271 201 1420 229 secundum
1458 202 1615 232 essentiam.
1629 210 1676 232 aut

73 234 222 262 substantiis
238 235 428 271 imponuntur;
453 238 496 265 illa
517 245 606 268 autem
627 241 660 267 iis
676 249 734 275 qum
757 240 905 267 secundum
923 241 1092 270 individuum
1109 245 1247 277 dicuntur,
1269 253 1432 283 congruunt.

100 281 163 317 Τρία
184 282 269 309 τοίνυν
289 284 363 311 ἐστὶν
391 286 510 322 ὀνόματα
539 288 602 323 περὶ
618 285 655 315 ὧν
683 289 699 324 ἡ
719 289 832 324 ζήτησις

930 289 993 317 Tria
1009 291 1091 327 igitur
1105 294 1216 321 nomina
1239 301 1301 322 sunt
1318 281 1351 324 de
1373 297 1474 332 quibus
1490 299 1605 334 quatstio
1622 303 1674 331 est,

70 327 146 357 οὐσία.
159 327 265 362 ἄτομον,
278 329 418 364 ἄνθρωπος
427 340 433 346 ·
449 333 496 358 καὶ
506 334 539 369 τῇ
556 334 605 368 μὲν
620 334 700 369 οὐσίᾳ
710 334 840 360 συνάπτο-

71 380 114 405 μεν
126 371 157 399 τὰ
177 373 275 404 τοιάδε,
290 375 337 400 καὶ
357 375 551 412 συζεύγνυμεν,
566 378 632 413 πρὸς
647 379 792 414 διάκρισιν,
804 379 841 410 ὡς

69 415 145 450 εἷπον,
159 417 212 445 τῶν
230 419 276 445 ὑπ’
286 419 371 455 αὐτὴν
386 421 463 449 εἱδῶν
474 423 534 449 κατ’
544 423 638 450 οὐσίαν
651 425 773 460 ἀλλήλων
788 425 841 452 δια-

70 463 202 498 φερόντων.
219 464 258 500 Τῇ
282 464 309 494 δὲ
332 465 478 494 ὑποστάσει
498 468 578 495 πάλιν
592 470 692 504 ὁμοίως
704 470 737 497 τὰ
751 471 839 497 τοιάδε

69 508 250 545 συζεύγνυμεν,
264 510 329 546 πρὸς
343 511 475 548 διαίρεσιν
487 514 639 549 προσώπων
649 515 702 542 τῶν
716 516 840 551 ἀλλήλοις

69 554 253 582 κοινωνούντων
262 556 358 584 τούτου
369 557 416 584 τοῦ
426 558 567 593 ὀνόματος,
577 560 699 588 τουτέστι
710 561 759 596 τῆς
771 562 823 589 ὑπο
830 576 836 582 ο

68 599 185 633 στάσεως,
205 600 388 637 διαφερόντων
399 603 521 639 ἀλλήλων
533 605 564 632 οὺ
581 607 637 637 τοῖς
652 607 746 638 οὐσίας
757 615 839 642 χαρα-

68 645 236 680 κτηρίζουσιν,
249 647 315 674 ἀλλὰ
326 649 382 680 τοῖς
392 648 547 684 λεγομένοις
558 651 766 687 συμϐεϐηκόσιν.
781 653 839 679 Τίνι

68 688 106 717 οὖν
120 690 254 725 βούλονται
271 692 363 729 τρόπῳ
379 694 493 728 συνάψαι
508 695 546 730 τῷ
562 695 715 732 ἄνθρωπος
727 697 838 732 ὀνόματι

71 736 93 763 εδ
103 737 194 763 τοιόνδε
208 745 215 770 ;
234 738 282 764 Ὲκ
300 738 355 774 γὰρ
382 740 435 766 τῶν
452 741 548 772 κοινῶς
561 741 781 777 ὁμολογουμένων
805 742 838 769 τὰ

68 782 274 818 άμφιϐαλλόμενα
289 783 394 819 δέχεται
405 785 452 821 τὴν
467 786 558 813 λύσιν·
574 787 612 818 ὼς
623 788 655 822 τῇ
669 787 748 824 οὐσίᾳ
761 787 837 815 ἔσται

67 825 96 854 τὰ
105 826 145 852 ὑπ’
155 827 236 862 αὐτὴν
249 828 373 855 οὐσιώδει
400 829 515 865 διαφορᾷ
535 830 731 866 διακεκριμένα
757 832 838 867 ἀλλή-

67 872 111 899 λων
120 881 126 887 ·
137 873 200 909 ὅπερ
210 874 261 901 οὐκ
277 874 359 902 ἐστιν.
375 875 456 902 Οὐδὲν
472 876 527 912 γὰρ
537 877 659 912 διαφέρει
675 878 734 904 κατ’
745 877 836 904 οὐσίαν

67 918 157 950 Παῦλος
166 919 280 954 Πέτρου,
301 921 361 947 καθ’
377 918 414 948 ὧν
424 924 616 958 κατηγορεῖται
630 924 660 950 τὸ
672 923 834 958 ἄνθρωπος·

893 335 1055 370 substantia,
1095 339 1276 373 individuum,
1313 342 1394 370 homo
1415 352 1422 370 :
1443 351 1476 371 ac
1515 345 1675 382 substantia:

893 382 1003 416 quidem
1032 385 1220 413 eonneetimus
1243 391 1269 413 et
1301 388 1494 423 coniungimus
1519 390 1613 417 istliaac
1640 391 1673 418 ad

891 427 1106 462 distinctionem,
1128 434 1158 457 ut
1184 431 1251 463 dixi.
1275 434 1428 466 specierum
1450 443 1511 469 qua:
1534 435 1586 463 sub
1614 436 1672 470 ipsa

891 477 967 506 sunt,
981 482 1033 509 qua
1049 475 1198 504 secundum
1210 478 1356 505 essentiam
1375 486 1390 506 a
1411 487 1440 507 se
1455 480 1570 508 invicem
1593 481 1672 509 diﬂ‘e-

891 523 965 545 runt.
995 519 1104 548 Rursus
1118 522 1302 550 subsistentia:
1316 524 1418 559 pariter
1426 524 1483 552 haec
1498 527 1672 561 copulamus,

891 564 923 594 ad
943 564 1104 594 divisionem
1128 574 1317 602 personarum,
1343 577 1404 604 qum
1419 570 1540 605 ejusdem
1564 572 1671 606 quidem

891 610 1021 643 nominis,
1035 619 1133 647 nempe
1152 613 1320 648 hypostasis,
1348 611 1412 642 sunt
1440 616 1597 652 participes,
1624 618 1670 645 sed

891 653 1049 682 differunta
1069 664 1099 683 se
1116 657 1243 690 invicem,
1266 666 1321 686 non
1344 659 1379 686 iis
1405 667 1466 694 quae
1489 661 1670 688 substantiam

888 700 1030 735 denotant,
1047 709 1138 729 verum
1155 703 1188 730 iis
1203 712 1263 738 quae
1283 704 1412 733 dicuntur
1425 706 1585 734 accidentia.
1599 707 1672 740 Quo-

890 752 951 772 nam
967 753 1033 780 ergo
1051 747 1131 774 modo
1146 749 1312 784 conjungere
1337 751 1430 778 volunt
1454 752 1558 779 nomini
1582 752 1671 784 homo,

889 790 942 821 tale
955 791 1102 826 quiddam?
1115 793 1182 822 Nam
1199 802 1232 822 ex
1248 795 1283 823 iis
1295 803 1355 830 qua
1376 798 1513 824 communi
1536 805 1670 828 consensu

887 836 1008 863 omnium
1034 839 1231 872 approbantur,
1261 842 1423 869 solutionem
1446 843 1595 871 admittunt
1612 852 1672 879 qua}

888 881 914 908 in
935 884 1150 912 controversiam
1176 890 1317 914 vocantur.
1338 887 1383 920 Ut,
1404 896 1453 923 per
1475 890 1669 924 substantiam,

887 933 947 960 qme
961 927 1013 954 sub
1024 927 1082 962 ipsa
1092 933 1156 955 sunt
1170 931 1308 957 essentiali
1322 930 1472 959 differentia
1480 932 1608 960 distincta
1619 941 1671 961 asc

66 963 114 991 ἀλλ’
124 964 158 996 ώς
170 967 202 1000 τῇ
219 966 366 993 ὑποστάσει
385 967 541 1003 προσώπου.
556 970 626 1004 Ἀρα
647 969 793 1005 δηλωτικὸν
808 970 833 996 τὲ

889 972 1003 1000 invicem
1021 979 1113 1007 erunt,
1136 976 1207 1010 quod
1234 977 1342 1011 quidem
1362 985 1415 1004 non
1428 981 1482 1005 est.
1508 978 1580 1006 Niliil
1594 981 1667 1006 enim

65 1009 202 1044 ἄνθρωπος
213 1010 264 1038 οὐκ
289 1012 392 1044 οὐσίας,
411 1013 480 1049 ὅπερ
500 1013 599 1040 ἄτοπον
616 1014 705 1049 λέγειν
717 1024 723 1030 ·
740 1015 770 1041 τὸ
781 1024 838 1042 κοι-

65 1055 101 1081 νδν
110 1056 158 1091 γὰρ
174 1056 221 1091 τῆς
239 1057 334 1089 οὐσίας
352 1059 478 1093 σημαίνει
495 1059 526 1085 τὸ
540 1060 704 1093 ἄνθρωπος,
720 1061 767 1088 καὶ
788 1061 837 1087 οὐκ

66 1100 135 1127 sum
153 1102 309 1136 πρόσωπον,
334 1103 440 1131 Παύλου
463 1105 529 1140 φέρε
551 1106 645 1138 εἰπεῖν,
663 1107 679 1142 ἢ
699 1107 834 1142 Βαρνάϐα.

65 1146 112 1173 Οὐκ
122 1146 170 1182 ἄρα
176 1148 261 1175 οὐδενὶ
275 1149 367 1185 τρόπῳ
377 1151 465 1177 τοιάδε
477 1151 620 1178 συνέπεται
633 1152 672 1187 τῷ
683 1152 836 1186 ἅνθρωπος

65 1193 124 1218 κατά
136 1201 166 1226 γε
177 1193 221 1221 τὸν
237 1195 448 1231 ἐπιστημονικὸν
462 1197 549 1231 λόγον.
564 1198 593 1224 Εἰ
607 1198 634 1224 δὲ
652 1198 727 1234 κοινὴ
739 1199 835 1234 χρῆσις

64 1237 163 1273 ἀποροίη
180 1239 296 1272 τούτοις,
320 1242 366 1267 καὶ
382 1242 584 1277 κατακέχρηται
604 1244 658 1275 τοῖς
675 1244 722 1279 τῆς
742 1244 834 1273 οὐσίας

65 1282 177 1318 ὀνόμασιν
204 1287 244 1317 είς
273 1287 425 1323 προσώπων
446 1288 580 1325 δήλωσιν,
600 1289 675 1315 οὐδὲν
703 1289 770 1324 πρὸς
788 1289 834 1316 τὸν

65 1328 150 1364 ἀκριὸἦ
174 1332 274 1359 κανόνα
302 1333 352 1368 τῆς
384 1334 495 1370 λογικῆς
517 1336 678 1370 ἐπιστήμης.
707 1336 786 1362 Ἀλλὰ
807 1337 833 1362 τί

65 1376 205 1411 κατατρέχω
222 1378 276 1413 τῆς
304 1379 434 1415 συνήθους
458 1382 662 1416 καταχρήσεως,
679 1382 833 1418 ἀπορούσης

64 1421 97 1451 εἰς
118 1421 150 1448 τὰ
170 1423 293 1455 τοιαῦτα,
312 1425 448 1452 λανθάνων
466 1427 506 1453 ὅτι
521 1428 649 1459 πολλάκις
666 1428 769 1463 κυρίοις
782 1429 832 1455 οὐκ

64 1465 232 1501 εὐποροῦντες,
246 1469 351 1505 ἑτέροις
368 1471 414 1497 καὶ
427 1472 502 1498 αὐτοὶ
511 1472 710 1508 καταχριῦμεοα
720 1474 831 1508 ὀνόμασι

63 1514 278 1546 καταχρηστικῶς
306 1515 372 1550 πρὸς
394 1518 564 1550 παράστασιν
586 1517 632 1543 τοῦ
665 1517 830 1552 λεγομένους

64 1555 124 1591 Πλὴν
139 1558 221 1584 ἐκεῖνο
235 1559 321 1593 σαφὲς
332 1561 398 1594 ἡμῖν
414 1561 493 1592 ἔστω,
508 1562 602 1598 ὅτιπερ
613 1563 637 1588 εί
649 1562 776 1598 ἐλέγομεν
785 1563 830 1588 ἐπὶ

63 1600 150 1636 Πέτρου
179 1603 224 1629 καὶ
248 1603 366 1637 Παύλου,
384 1606 548 1639 Ἀνθρωπος
567 1606 731 1639 ἀνθρώπου,
743 1604 763 1642 ᾗ
779 1606 830 1633 ἄν·
843 1622 865 1651 c

62 1647 169 1679 θρωπος,
177 1649 266 1675 οὐδὲν
276 1649 407 1684 διαφέρει
416 1659 422 1665 ·
435 1651 503 1678 0.1.2”
514 1648 533 1687 ᾖ
541 1651 658 1678 τοιόσδε
665 1651 828 1685 ἅνθρωπος·

63 1691 110 1723 καὶ,
125 1693 215 1719 οὐσία
224 1694 343 1727 οὐσίας,
392 1696 491 1728 οὐσία,
505 1696 595 1723 οὐδὲν
608 1696 748 1730 διαφέρει,
762 1697 831 1723 ἀλλ’

63 1732 76 1769 ᾖ
89 1736 177 1763 τοιάδε
191 1738 291 1770 οὐσία,
314 1739 401 1773 λέγειν
417 1740 459 1766 ἐπ’
477 1740 566 1766 αὐτῶν
579 1740 742 1775 ἠδυνάμεθα.
759 1742 789 1767 Et
803 1741 831 1768 δὲ

61 1781 127 1807 τοῦτο
136 1782 220 1817 λέγειν
236 1785 274 1820 μὴ
289 1784 411 1817 δυνατὸν,
431 1785 492 1812 ἐπεὶ
507 1787 553 1812 καὶ
567 1787 584 1821 ἡ
603 1787 670 1822 αὑτὴ
686 1787 764 1814 οὐσία
780 1787 831 1814 Πέ-

61 1833 114 1860 τρςυ
139 1828 184 1855 καὶ
201 1829 320 1863 Παύλου,
345 1830 405 1857 οὐδὲ
428 1831 481 1867 ἄρα
503 1832 562 1858 οὐδὲ
588 1832 691 1858 ἐκεῖνο·
716 1832 830 1868 ἐπείπερ

59 1871 139 1904 οὐσίας
149 1874 297 1909 δηλωτικὸν
313 1875 342 1902 τὸ
353 1876 505 1910 ἄνθρωπος
514 1877 608 1912 δνομα·
619 1878 643 1904 εἰ
655 1877 721 1904 δὲτὸ
732 1878 831 1905 τοιάδε

61 1919 99 1943 καὶ
119 1921 231 1947 τοιόσδε
246 1922 297 1948 οὐκ
326 1922 470 1949 ἀκόλουθον
492 1923 607 1954 συνάψαι
622 1923 661 1958 τῷ
677 1923 830 1957 ἄνθρωπος

57 1963 155 1997 ὀνόματι
167 1973 173 1980 ·
187 1966 240 1992 οὐδ’
255 1967 310 2003 ἄρα
328 1967 388 1994 οὐδὲ
399 1967 455 1999 δύο,
468 1968 484 2002 ἦ
497 1970 571 2004 τρεῖς
599 1969 700 2003 κυρίως
715 1969 830 2004 λέγομεν

60 2008 209 2043 ἀνθρώπους.
228 2013 286 2039 Καὶ
306 2014 330 2039 εί
350 2013 395 2040 ἐπὶ
413 2013 460 2039 τοῦ
474 2013 630 2046 ἀνθρώπου
644 2014 729 2040 ταῦτα
745 2014 829 2040 δέδει-

59 2062 123 2081 κται·
139 2057 211 2093 πόσῳ
243 2059 344 2094 μᾶλλον
369 2059 415 2086 ἐπὶ
429 2059 477 2093 τῆς
494 2059 577 2085 ἀϊδίου
598 2060 644 2086 καὶ
652 2059 725 2089 θείας
736 2059 830 2091 οὐσίας

60 2102 206 2139 κυριώτερον
221 2105 339 2140 ἁρμόσει
363 2104 394 2131 τὸ
423 2105 460 2140 μὴ
475 2105 577 2130 τοιόσδε
591 2105 658 2136 Θεὸς
667 2105 715 2132 καὶ
727 2105 828 2132 τοιόσδε

59 2144 168 2178 λέγεσθαι
179 2149 233 2175 τῶν
249 2149 426 2176 ὑποστάσεων
454 2149 572 2183 ἑκάστην
583 2157 590 2164 ·
613 2149 680 2183 μηδὲ
699 2149 763 2175 Θεὸν
782 2149 829 2175 καὶ

58 2189 113 2217 Θεὸν
127 2193 170 2219 καὶ
181 2193 247 2221 Θεὸν
271 2194 452 2228 ὲκφωνεῖσθαι
463 2194 508 2221 τὸν
522 2195 630 2230 Πατέρα
646 2194 748 2221 καὶτὸν
763 2194 827 2220 Υίὺν

59 2236 97 2262 καὶ
111 2238 139 2264 τὸ
162 2239 238 2272 ἅγιον
252 2240 367 2276 Πνεῦμα
379 2249 387 2256 ·
403 2240 471 2276 μηδὲ
491 2241 576 2276 τρεῖς,
592 2239 643 2267 κᾶν
658 2240 687 2267 ἐν
701 2241 733 2276 τῇ
748 2239 827 2266 ὲνθυ-

888 1018 977 1046 differt
1006 1019 1102 1049 Petrus
1127 1029 1142 1048 a
1159 1021 1244 1049 Paulo
1275 1024 1426 1051 secundum
1455 1025 1613 1056 essentiam,
1636 1025 1670 1053 de

887 1065 986 1100 quibus
1011 1067 1175 1100 praedicatur
1198 1068 1296 1101 homo;
1325 1070 1371 1096 sed
1391 1074 1420 1097 nt
1445 1070 1586 1105 hypostasi
1605 1079 1668 1106 per-

887 1119 971 1139 sonae.
990 1111 1087 1147 Itaque
1106 1113 1137 1140 τὸ
1157 1113 1233 1141 homo
1261 1122 1313 1142 non
1336 1115 1519 1143 substantiam
1545 1116 1669 1149 denotat,

886 1157 957 1191 quod
983 1158 1091 1192 quidem
1120 1159 1270 1187 absurdum
1297 1166 1341 1188 est
1365 1161 1439 1189 dictu
1460 1171 1466 1188 ε
1486 1169 1548 1188 nam
1585 1162 1667 1190 homo

885 1210 1031 1231 commune
1047 1204 1208 1232 substantia!
1233 1206 1379 1240 significat,
1405 1212 1431 1234 et
1447 1215 1500 1234 non
1519 1208 1668 1242 particula-

885 1255 941 1274 rem
965 1255 1120 1282 personam,
1149 1249 1226 1276 Pauli
1257 1255 1322 1285 puta
1347 1255 1394 1277 aut
1419 1251 1559 1278 Barnabae.
1587 1250 1669 1279 Nullo

886 1290 968 1324 igitur
982 1295 1064 1325 pacto
1084 1293 1136 1320 tale
1150 1293 1215 1327 quid
1241 1294 1419 1328 subsequitur
1438 1295 1549 1325 homini.
1568 1296 1666 1322 saltem

881 1335 958 1369 juxta
988 1337 1165 1364 scientiiicam
1193 1338 1337 1366 rationem.
1362 1338 1440 1371 Quod
1462 1339 1484 1366 si
1511 1339 1666 1367 communis

885 1388 951 1408 usus
963 1381 1006 1408 his
1023 1381 1198 1414 destituatur,
1222 1387 1249 1410 et
1272 1384 1434 1411 substantiae
1458 1385 1617 1412 nominibus
1632 1386 1666 1412 ad

884 1433 1064 1460 personarum
1084 1426 1295 1455 declarationem
1314 1428 1474 1462 abutantur,
1489 1430 1557 1456 nihil
1573 1430 1624 1456 hoc
1633 1430 1665 1457 ad

883 1477 1006 1499 exactam
1023 1473 1116 1507 logica:
1135 1474 1258 1501 scientia:
1272 1476 1393 1509 regulam
1410 1476 1542 1510 pertinet.
1565 1475 1666 1503 Verum

883 1518 970 1544 curin
993 1518 1150 1546 abusionem
1168 1524 1326 1547 consuetam
1351 1520 1484 1547 invectiva
1510 1525 1583 1554 utor,
1607 1530 1667 1556 quae

883 1563 908 1589 in
920 1563 1086 1597 ejuscemodi
1103 1564 1193 1592 deﬁcit
1209 1574 1216 1592 :
1233 1573 1288 1592 non
1304 1566 1539 1600 animadvertens,
1558 1572 1587 1594 nt
1613 1568 1665 1602 ipsi

882 1615 952 1642 sape
967 1607 1090 1635 destituti
1113 1609 1239 1643 propriis,
1255 1610 1316 1637 aliis
1336 1609 1485 1637 abutamur
1509 1611 1667 1639 nominibus

884 1654 1042 1688 impropriis
1058 1654 1091 1680 ad
1107 1662 1162 1681 rem
1181 1654 1215 1682 de
1230 1662 1284 1689 qua
1295 1655 1385 1690 agitur
1396 1656 1668 1690 representandam?

883 1698 1018 1726 Dnntaxat
1032 1699 1096 1726 illud
1115 1704 1209 1734 aperte
1223 1700 1303 1728 nobis
1318 1705 1438 1732 constet,
1456 1706 1485 1727 ut
1506 1702 1598 1729 dicere
1610 1709 1664 1729 non

882 1749 1045 1771 cunctemnr
1061 1745 1089 1771 in
1102 1745 1183 1772 Petro
1197 1750 1223 1772 et
1232 1745 1327 1778 Paulo,
1340 1745 1426 1772 Homo
1438 1746 1470 1772 ab
1483 1748 1665 1781 hominen/ua-

882 1795 956 1817 lerius
971 1790 1058 1822 homo,
1073 1790 1138 1817 nihil
1150 1791 1250 1825 (li/fert,
1268 1791 1313 1817 sed
1326 1799 1377 1826 quo
1390 1792 1452 1818 (alia
1463 1791 1665 1826 quidam/(omo;

883 1835 925 1859 et:
939 1831 1242 1869 Substantia,qumenus
1258 1834 1418 1865 subslauliu,
1443 1834 1509 1860 nihil
1536 1834 1625 1868 differt
1647 1843 1664 1862 a

884 1877 1033 1904 substantia
1045 1886 1054 1910 ;
1068 1878 1112 1904 sed
1120 1886 1172 1913 qua
1185 1879 1247 1905 talis
1261 1879 1381 1912 quadam
1392 1879 1539 1906 substantia
1551 1884 1601 1912 est,
1611 1880 1663 1908 hoc

880 1924 1024 1950 enuntiare
1041 1924 1074 1951 de
1104 1924 1173 1958 ipsis
1190 1925 1342 1959 potuimus.
1365 1924 1412 1951 Sin
1436 1924 1539 1958 minus,
1564 1929 1592 1952 et
1612 1925 1664 1953 hoc

880 1969 971 1996 dicere
988 1969 1027 1996 fas
1039 1976 1094 1996 non
1109 1974 1161 2002 est,
1188 1969 1409 2004 quandoquidem
1431 1969 1524 1997 eadem
1536 1974 1579 1998 est
1597 1971 1663 1998 sub-

881 2014 980 2040 stantia
1003 2013 1074 2041 Petri
1094 2017 1121 2041 et
1139 2013 1233 2047 Pauli;
1256 2021 1344 2048 neque
1361 2021 1430 2041 sane
1450 2014 1516 2041 illud
1540 2022 1660 2049 quoque.

880 2059 1012 2092 Quoniam
1030 2067 1129 2087 nomen
1144 2060 1220 2087 homo
1241 2060 1294 2087 vim
1319 2060 1399 2088 habet
1419 2060 1577 2088 declarandi
1595 2061 1662 2088 sub-

880 2105 1019 2133 stantiam.
1035 2105 1065 2132 Si
1088 2112 1153 2133 vero
1170 2105 1223 2133 hoc
1239 2106 1350 2133 nomine
1375 2107 1454 2134 homo
1465 2106 1584 2141 prolato,
1607 2114 1663 2134 non

879 2156 922 2178 est
934 2151 958 2177 ei
971 2158 1141 2185 consequens
1158 2151 1211 2178 tale
1234 2151 1275 2178 vel
1292 2151 1346 2178 tale
1360 2150 1429 2186 quid
1442 2160 1448 2179 :
1475 2151 1559 2186 igitur
1574 2159 1663 2186 neque

879 2196 958 2230 duos,
977 2201 1023 2223 ant
1035 2201 1092 2224 tres
1105 2197 1216 2232 proprie
1239 2197 1359 2225 dicimus
1378 2196 1520 2230 homines;
1550 2197 1621 2232 quod
1639 2197 1663 2224 si

879 2243 905 2269 in
925 2242 1035 2270 homine
1048 2242 1105 2270 hac
1121 2242 1235 2278 probata
1257 2246 1340 2274 sunt,
1367 2247 1472 2278 quanto
1488 2242 1577 2277 magis
1598 2250 1663 2277 pro-

58 2285 136 2319 μήσει,
157 2287 380 2322 δογματίζεσθαι.
400 2288 565 2323 Συνέστηκεν
575 2285 621 2315 οὖν
636 2288 690 2324 άρα
708 2288 747 2323 τῷ
759 2288 826 2323 πρὸς

885 2287 936 2322 prie
950 2287 976 2315 in
991 2288 1156 2323 sempiterna
1171 2292 1198 2315 et
1221 2288 1314 2315 divina
1330 2288 1451 2315 essentia
1473 2292 1617 2323 congruet,
1634 2291 1664 2315 ut

57 2329 124 2363 ἡμῶν
138 2331 231 2368 δικαίῳ
244 2334 294 2360 καὶ
310 2334 446 2369 ἀκολούθῳ
463 2335 511 2361 καὶ
523 2334 727 2369 ἐπιστημονικῷ
741 2334 775 2360 τά
788 2333 827 2369 τῷ

885 2343 933 2361 non
950 2335 1012 2362 talis
1026 2333 1097 2361 Deus
1114 2337 1142 2361 et
1157 2334 1219 2360 talis
1239 2333 1347 2361 dicatur
1370 2341 1543 2368 unaquaeque
1569 2341 1664 2368 perso-

56 2372 127 2410 λάῒφ,
147 2377 183 2412 ὡς
200 2379 251 2406 ἕνα
260 2379 328 2406 Θεόν
336 2388 425 2415 φαμεν
440 2380 486 2406 τὸν
497 2379 550 2406 τῶν
558 2381 685 2406 απάντων
699 2380 828 2416 δημιουρ-

885 2387 994 2411 uarum;
1018 2387 1108 2413 neque
1125 2379 1196 2407 Deus
1220 2383 1247 2406 et
1269 2378 1352 2411 Deus,
1369 2382 1398 2405 et
1420 2378 1492 2406 Deus
1507 2379 1666 2405 enuntietur

57 2418 104 2453 τὸν,
117 2423 139 2448 εί
152 2424 196 2450 καὶ
208 2425 236 2451 ὲν
250 2426 326 2461 τρισὶ
335 2425 490 2461 προσώποις
500 2426 518 2461 ἢ
532 2426 569 2457 ὡς
584 2425 746 2452 ὑποστάσεσι
761 2425 828 2453 Θεω-

885 2425 961 2453 Pater
975 2429 1002 2453 et
1019 2425 1105 2452 Filius
1122 2429 1150 2452 et
1177 2424 1297 2459 Spiritus
1321 2428 1455 2457 sanctus;
1481 2431 1570 2458 neque
1597 2429 1663 2454 tros.

57 2466 141 2498 ρεῖται,
158 2469 263 2506 Πατρδς
277 2471 325 2497 καὶ
339 2471 405 2498 Υιοῦ
418 2471 465 2498 καὶ
480 2471 557 2506 ἁγίου
572 2471 738 2506 Πνεύματος.

885 2471 1008 2506 quamvis
1025 2470 1116 2497 animo
1134 2473 1240 2496 tantum
1254 2473 1281 2497 et
1298 2469 1476 2504 cogitatione,
1501 2469 1662 2496 doceantur.

56 2510 154 2539 Constat
178 2514 270 2550 itaque
286 2517 359 2550 justa
374 2520 402 2543 et
413 2521 594 2544 consentanea
620 2516 790 2551 maximeque
804 2517 913 2553 propria
925 2515 1082 2543 dissertatio
1093 2518 1206 2546 nostra,
1225 2513 1298 2549 quod
1312 2521 1395 2541 unum
1418 2513 1501 2541 Deum
1514 2512 1664 2540 asserinms

56 2560 161 2588 muniunt
177 2563 315 2598 Opiﬁcem,
327 2564 437 2593 tametsi
452 2565 479 2592 in
495 2564 582 2592 tribus
593 2565 719 2599 personis
732 2573 780 2593 seu
795 2563 988 2601 hypostasibus
1001 2560 1308 2596 consideretur,Patris,
1319 2560 1380 2588 Filii
1394 2564 1421 2588 et
1431 2560 1550 2602 Spiritus
1563 2559 1662 2587 sancti.
