1914 3079
238 111 285 138 191

239 168 371 196 Similiter
385 171 475 195 autem
493 171 634 202 argentum
651 172 677 195 et
692 175 800 201 aurum,
818 176 933 203 quorum
957 176 1018 203 par—

239 219 281 242 tes
297 221 351 241 non
366 214 522 249 discrepant
538 222 551 240 a
568 222 597 242 se
621 214 736 242 invicem
757 215 834 249 juxta
855 215 1017 242 essentiam:

239 259 279 286 sie
297 259 380 293 igitur
394 258 507 293 sanguis
529 259 610 285 etiam
627 259 673 294 qui
691 260 863 294 relinquitur,
889 265 1021 295 quantus-

239 311 348 339 cunque
373 303 472 337 fuerit,
501 305 593 332 anima
618 309 676 337 est,
701 305 834 339 siquidem
862 305 952 332 anima
980 310 1021 333 est

239 350 350 386 sanguis
366 359 372 377 :
391 350 456 377 illud
475 357 541 385 ergo
556 351 648 384 potius
664 350 808 377 dicendum
826 355 885 382 est,
908 351 980 386 quod
997 351 1021 379 si

238 396 289 423 hoc
307 399 380 423 esset
393 396 495 428 anima,
515 404 571 431 quo
591 396 700 423 sublato
725 401 876 424 moreretur
900 397 1019 424 animal:

238 449 350 476 prorsus
369 441 451 469 etiam
469 441 565 476 flegma
580 441 712 476 pituitave
729 441 819 469 anima
834 446 886 473 est.
904 446 931 469 et
961 443 1022 470 bilis

237 491 353 522 utraque
367 495 374 520 ;
393 494 455 513 nam
476 486 665 521 qualecunque
679 486 776 513 borum
793 487 920 519 defuerit,
942 487 1020 514 finem

237 538 264 561 et
278 533 390 560 exitium
405 532 509 560 inducit
524 533 635 559 animali
649 543 654 560 :
672 532 797 568 idemque
822 533 908 568 jecur,
925 537 951 560 et
978 541 1023 560 ce-

237 579 359 611 l'ebrum,
375 582 403 606 et
418 586 477 610 cor,
497 582 524 605 et
553 579 721 610 stomachus,
745 584 772 606 et
796 586 886 611 rencs,
904 583 931 606 et
954 579 1022 606 intc-

237 626 320 658 stina,
335 629 362 653 et
379 625 432 652 alia
447 625 595 660 pleraque;
611 632 672 652 nam
689 633 743 660 quo
759 625 874 653 istorum
895 629 1022 659 exempto

237 680 293 700 non
306 675 459 699 moreretur
473 671 595 697 animal?
616 671 766 706 (Imteroqui
783 671 867 697 multa
889 674 952 698 sunt
974 678 1022 697 ex—

238 719 352 755 sanguia
371 717 493 753 quidem,
508 717 554 744 sed
570 717 689 743 animata
707 725 714 748 ;
729 721 758 743 ut
774 716 864 751 pisces
881 715 1022 750 cartilagi-

237 766 298 793 nosi
315 767 341 792 et
358 764 461 798 absque
476 761 609 798 squamis,
629 769 662 789 ac
682 761 786 795 molles,
812 761 894 788 veluti
926 761 1022 795 sepiae,

238 815 267 839 et
279 809 425 841 teuthides,
438 809 540 843 lolligo,
555 807 637 843 myle,
649 810 731 841 atque
748 807 872 837 testacei,
887 810 913 833 et
928 814 1022 833 omnes

239 861 308 885 testa
325 863 374 891 pro
388 859 450 883 cute
464 853 567 890 praediti
583 857 611 880 et
626 853 700 880 molli
715 857 783 880 testa
800 853 909 884 muniti,
928 853 1020 879 carabi

238 907 265 931 et
279 902 369 930 cancri
383 905 411 929 et
422 900 518 928 astaci.
536 899 564 926 Si
585 899 669 934 igitur
685 902 749 926 sunt
778 899 895 925 animata
913 899 1022 933 quidem

239 948 288 977 sed
318 947 476 982 exsanguia,
492 945 665 981 perspicuum
680 948 721 972 est
747 944 865 971 animam
881 951 933 971 non
963 952 1023 971 esse

239 995 418 1028 sanguinem;
433 992 532 1019 etenim
552 991 683 1018 adversus
715 998 762 1017 eos
777 990 822 1024 qui
851 990 947 1017 dicunt
966 991 1024 1017 ani—

239 1047 311 1067 mam
326 1046 387 1066 esse
402 1044 511 1072 aquam.
530 1044 562 1064 eo
579 1037 650 1071 quod
668 1043 737 1069 aqua
752 1036 876 1063 videatur
886 1036 1024 1063 vivificare

240 1084 344 1115 omnia,
363 1086 390 1110 et
405 1083 509 1116 absque
524 1088 594 1116 aqua
617 1081 707 1108 vivere
723 1080 765 1107 fas
793 1089 847 1108 non
867 1082 921 1108 sit:
940 1081 1023 1108 inter-

240 1131 305 1158 dum
325 1129 411 1156 multa
423 1135 531 1163 quoque
546 1127 734 1154 iutercidentia
747 1136 754 1160 ;
766 1134 854 1162 neque
868 1127 939 1154 enim
960 1127 1022 1154 ahs-

240 1183 294 1211 que
318 1175 448 1202 alimento
479 1174 540 1208 quis
566 1173 648 1199 vitam
675 1172 773 1208 degere
801 1177 909 1207 potest:
941 1173 1024 1208 igitur

239 1221 370 1252 animam,
388 1223 415 1247 et
430 1219 558 1246 alimenta
575 1218 665 1245 omnia
678 1217 815 1253 sigillatim
833 1218 947 1245 dicenda
976 1226 1024 1252 per

239 1275 286 1295 se:
305 1265 404 1294 deinde
420 1265 504 1292 multa
520 1264 647 1291 animalia
667 1267 731 1292 sunt
761 1271 822 1298 qum
839 1271 893 1291 non
915 1264 1021 1297 bibunt,

239 1316 270 1339 ut
285 1312 319 1340 de
334 1310 497 1347 quibusdam
518 1309 618 1344 aquilis
630 1313 769 1342 narratur,
779 1313 806 1336 et
821 1309 915 1344 perdix
933 1310 1024 1337 vivere

238 1361 327 1394 potest
342 1358 446 1392 absque
466 1361 541 1391 potu.
566 1354 619 1382 Sed
648 1363 697 1382 cur
723 1355 813 1389 potius
833 1362 902 1390 aqua
920 1359 946 1381 et
969 1363 1022 1381 non

239 1404 308 1432 aer?
320 1410 382 1430 nam
400 1402 433 1430 ad
451 1402 564 1428 multum
581 1404 688 1435 tempus
710 1400 766 1427 fieri
782 1404 872 1434 potest
885 1403 914 1426 ut
937 1400 1023 1427 absti-

239 1453 336 1478 neatur
349 1455 430 1483 aqua,
449 1447 496 1475 sed
515 1454 568 1473 non
596 1445 703 1480 spirare
728 1453 804 1476 acra,
834 1453 868 1473 ne
887 1445 1023 1472 tantillum

239 1495 349 1530 quidem
365 1492 495 1527 temporis
509 1491 641 1526 possibile
657 1495 698 1518 est
716 1500 721 1518 :
741 1499 834 1518 verum
851 1498 885 1518 ne
902 1498 949 1518 aer
963 1491 1024 1525 qui-

240 1540 301 1567 dem
325 1539 416 1566 anima
443 1541 504 1569 est;
532 1537 633 1564 etenim
650 1537 733 1564 multa
752 1543 816 1565 sunt
834 1544 894 1572 qua:
919 1537 1024 1570 vivunt,

241 1593 291 1613 nec
306 1588 396 1612 tamen
411 1583 516 1618 spirant
528 1590 630 1615 acrem,
644 1587 673 1609 ut
684 1582 788 1610 insecta
799 1583 899 1613 omnia.
910 1587 940 1610 ut
950 1590 1024 1618 apes,

241 1631 308 1663 fuci,
324 1638 423 1665 vespae,
452 1629 582 1662 formicae,
601 1634 627 1657 et
652 1630 812 1664 exsanguia,
831 1634 858 1656 et
884 1637 899 1656 e
913 1630 1026 1656 marinis

241 1677 337 1708 multa,
357 1676 449 1704 omnia
464 1675 582 1710 denique
595 1682 655 1709 qure
672 1675 800 1707 pulmone
819 1679 924 1702 carent.
952 1674 1025 1701 Nihil

241 1723 314 1751 enim
328 1722 402 1757 quod
419 1721 575 1757 pulmonem
594 1729 647 1758 pou
667 1721 747 1748 habet
766 1721 853 1756 spirat
871 1728 960 1748 aerem
977 1729 984 1754 ;
1001 1724 1027 1748 et

241 1769 270 1796 id
288 1774 361 1796 retro
376 1768 497 1796 vicissim
514 1770 659 1799 commeat,
675 1767 743 1793 nihil
755 1774 849 1794 eorum
864 1774 925 1800 quae
941 1766 1028 1800 respi-

243 1819 306 1843 rant
324 1822 423 1846 aerem.
439 1814 567 1849 pulmone
584 1817 669 1841 caret.
695 1812 921 1847 Quandoquidem
946 1813 1027 1839 etiam

242 1860 383 1889 Cleanthis
404 1859 502 1892 Stoici,
527 1863 554 1888 et
573 1859 719 1895 Chrysippi
738 1859 864 1886 feruntur
889 1866 1028 1886 sermones

241 1906 352 1941 quidam
372 1913 427 1932 non
447 1904 649 1936 contemnendi,
667 1904 835 1940 exponenda:
850 1908 914 1932 sunt
930 1903 1027 1930 horum

242 1951 324 1979 etiam
340 1951 500 1984 solutiones,
521 1955 552 1977 ut
569 1951 709 1978 solverunt
726 1957 773 1978 eas
798 1949 921 1977 Platonis
945 1949 1029 1977 disci-

243 1996 463 2032 puli.Cleanthes
479 1996 560 2023 talem
576 1995 838 2031 argumentationem
855 1993 941 2022 nectit
954 1994 1027 2022 :Non

243 2043 345 2075 solum,
361 2042 462 2077 inquit,
478 2041 582 2070 similes
597 2041 757 2076 parentibus
775 2040 915 2068 nascimur
933 2048 1029 2068 secun-

243 2090 309 2117 dum
325 2096 436 2124 corpus,
450 2095 544 2115 verum
569 2087 651 2114 etiam
675 2087 753 2122 juxta
773 2087 904 2118 animam,
923 2085 1030 2112 ratione

243 2133 402 2163 alfectuum,
416 2139 535 2163 morum,
552 2130 747 2163 aﬂectionum;
764 2137 865 2164 corpus
889 2134 978 2156 autem
992 2129 1030 2156 si-

243 2179 325 2207 miles
337 2182 429 2213 partes
439 2177 532 2209 habet,
543 2181 570 2204 et
581 2176 739 2207 dissimiles,
753 2183 808 2203 non
820 2176 1026 2210 incorporeum;

245 2231 346 2259 corpus
359 2223 441 2258 igitur
456 2223 556 2249 anima.
577 2221 629 2249 Sed
659 2221 776 2256 primum
802 2220 911 2255 quidem
941 2228 972 2247 ex
997 2220 1031 2247 iis

245 2276 306 2304 qua:
321 2268 495 2304 particularia
509 2270 583 2299 sunt,
603 2274 657 2294 una
672 2265 850 2293 constituitur
870 2265 943 2300 quod
969 2265 1031 2292 uni-

244 2323 355 2343 versum
369 2317 411 2342 est
426 2323 433 2341 :
449 2313 483 2340 ad
500 2313 558 2340 hrec
575 2319 639 2340 vero
654 2312 734 2339 etiam
752 2311 825 2346 quod
845 2318 901 2338 non
930 2315 970 2338 est
988 2311 1030 2338 in-

244 2365 417 2394 corporeum,
437 2356 609 2385 mendacium
625 2359 688 2389 est;
709 2355 825 2383 dicimus
844 2355 916 2382 enim
936 2362 1032 2382 nume-

244 2412 291 2433 ros
305 2404 408 2432 similes
422 2410 493 2435 esse,
506 2409 622 2438 quorum
636 2402 720 2429 latera
733 2401 945 2436 proportionalia
956 2404 1030 2434 sunt;

245 2455 275 2478 ut
284 2457 332 2477 sex
343 2453 371 2477 et
384 2449 614 2484 rigiotiquatuor;
631 2447 714 2475 !atera
725 2447 796 2475 enim
811 2447 916 2474 numeri
932 2447 1031 2474 senarii

245 2499 311 2523 sunt
324 2493 380 2521 duo
393 2498 420 2520 et
435 2497 511 2525 tres;
529 2492 624 2528 viginti
643 2496 732 2520 autem
746 2497 872 2527 quatuor,
890 2498 1033 2527 quaterna-

244 2540 304 2568 rius
315 2544 343 2568 et
357 2539 494 2568 senarius.
510 2538 589 2573 Atqui
604 2538 754 2573 analogiam
771 2543 798 2566 et
827 2538 1030 2573 proportionem

245 2586 348 2614 habent
362 2585 417 2613 duo
428 2585 461 2612 ad
481 2588 610 2621 quatuor,
626 2588 653 2612 et
668 2584 720 2611 tria
737 2584 770 2611 ad
800 2591 847 2612 sex
862 2591 869 2616 ;
896 2584 923 2611 in
949 2584 1030 2619 dupla

245 2632 317 2659 enim
333 2632 439 2659 ratione
454 2631 685 2661 considerantur:
707 2639 770 2657 nam
796 2635 917 2666 quatuor
948 2630 1030 2665 dupla

246 2682 310 2706 sunt
322 2678 449 2709 duorum,
464 2681 491 2704 et
510 2685 557 2705 sex
572 2677 672 2709 trium:
701 2677 854 2712 incorporei
882 2684 948 2704 vero
981 2684 1032 2702 nu-

247 2722 327 2754 meri,
347 2726 375 2750 et
394 2723 486 2758 figurae
512 2729 592 2757 pares
618 2726 692 2753 sunt,
721 2730 891 2757 qnazcunque
915 2721 1030 2757 angulos

247 2775 328 2804 pares
343 2768 454 2800 habent,
474 2774 502 2796 et
519 2769 604 2796 latera
629 2768 689 2803 quin
713 2769 786 2796 circa
809 2776 887 2803 pares
916 2767 1031 2803 angulos

249 2816 323 2846 sunt,
341 2813 573 2848 proportionalia:
607 2813 719 2849 figuram
738 2821 802 2842 vero
833 2814 914 2842 etiam
944 2814 1031 2848 ipsam

868 107 896 135 S.
914 107 1076 136 GREGORII
1097 108 1242 136 NYSSENI

1809 111 1847 137 ΗΞ

1036 172 1056 200 Α
1072 169 1282 204 ὑπολειπόμενον
1306 168 1384 204 ατμα,
1399 170 1459 196 ὅσον
1473 169 1504 196 ἂν
1518 169 1570 204 εἴη,
1591 170 1661 204 ψυχή
1677 170 1764 200 ἐστιν,
1783 170 1847 205 εἴπερ

1070 214 1142 250 ψυχὴ
1155 214 1183 240 τὸ
1195 212 1272 250 αἷμα.
1282 215 1384 241 Ἑκεῖνο
1394 214 1441 246 οὖν
1453 215 1552 250 μᾶλλον
1563 215 1681 245 λεκτέον,
1698 215 1741 241 ὅτι
1751 214 1774 240 εὶ
1784 214 1848 241 toi-.6

1071 261 1128 287 ἐστι
1143 260 1226 296 ψυχὴ,
1238 258 1268 288 οὗ
1281 261 1469 297 ἐξαιρουμένου
1484 261 1593 296 θνήσκει
1607 261 1637 286 τὸ
1649 260 1738 292 ζῶον·
1756 260 1849 291 πάντως

1072 307 1118 334 καὶ
1134 307 1162 333 τὺ
1176 307 1283 342 φλέγμα
1302 307 1373 342 ψυχή
1397 308 1465 339 ὲστι,
1483 307 1530 333 καὶ
1545 307 1573 333 αἱ
1592 306 1670 342 χολαὶ
1687 306 1848 341 ἁμφότεραι’

1058 341 1161 379 ’ὁποῖον
1176 352 1230 387 γὰρ
1244 341 1356 379 τούτων
1369 353 1401 380 ἂν
1422 352 1512 388 λείπῃ.
1530 341 1608 383 τέλοςν
1619 352 1720 386 ἐπάγει
1731 351 1770 385 τῷ

1072 399 1110 424 ἔτι
1124 398 1151 424 δὲ
1168 398 1251 424 καὶτὸ
1265 396 1341 434 ἧπαρ
1354 398 1399 424 καὶ
1410 399 1423 424 ὁ
1436 398 1651 432 ἐγκέφαλος.καὶ
1661 399 1680 432 ὴ
1698 397 1804 432 καρδῐα,
1814 397 1850 422 καὶ

1071 445 1084 470 ὁ
1099 444 1242 478 στόμαχος,
1255 444 1302 470 καὶ
1329 444 1353 470 οἱ
1372 444 1474 478 νεφροὶ,
1490 444 1536 469 καὶ
1554 444 1588 469 τὰ
1605 443 1717 478 ἔντερα,
1734 442 1782 469 καὶ
1797 442 1850 468 ἄλλα

1072 490 1165 515 πολλὰ.
1183 489 1261 521 Τίνος
1273 489 1327 525 γὰρ
1336 489 1435 516 τούτων
1447 489 1642 525 ἐξαιρεθέντος,
1656 490 1689 516 οὐ
1707 489 1850 523 τεθνήξεται

1071 535 1101 560 τὸ
1110 535 1177 567 ζῶον
1188 543 1195 565 ς
1208 535 1311 565 ’Ἄλλως
1321 544 1349 560 τε
1360 535 1443 561 πολλά
1454 535 1537 566 ἐστιν,
1550 536 1651 570 ἄναιμα
1662 537 1672 546 ⁸
1682 534 1745 570 μὲν,
1758 534 1850 569 ἔμψυχα

1072 579 1110 611 δὲ,
1139 579 1177 611 ὡς
1197 580 1232 606 τὰ
1253 580 1386 615 σμύραινα
1406 581 1453 607 καὶ
1471 580 1601 616 μαλάκια,
1628 578 1684 607 οἷον
1707 580 1804 614 σηπίας
1815 581 1851 605 καὶ

1072 625 1200 656 τευθίδες,
1221 626 1268 652 καὶ
1294 625 1400 660 (rutilat,
1417 627 1463 652 καὶ
1488 627 1576 653 πάντα
1594 626 1627 653 τὰ
1647 627 1850 661 ὁστρακόδερμα.

1073 671 1120 696 καὶ
1135 671 1338 706 ἁπαλὸστρακα,
1354 671 1423 703 ὡςοί
1440 672 1566 706 κάραϐοι,
1584 673 1630 699 καὶ
1645 673 1671 698 οἱ
1682 674 1804 707 καρκῖνοι
1814 672 1851 697 καὶ

1073 716 1185 742 ἀστακοί
1213 717 1243 742 Εἰ
1260 717 1348 743 τοίνυν
1363 718 1436 743 ἐστὶν
1452 717 1560 753 ἔμψυχα
1576 718 1634 752 μὲν,
1648 718 1759 752 ἄναιμα
1772 717 1851 752 δὲ,εῆ-

1074 761 1117 788 λον
1128 762 1165 793 ὡς
1179 763 1228 788 οὐκ
1239 763 1310 789 ἐστιν
1322 760 1390 798 αἷμα
1407 765 1423 798 ἡ
1438 763 1520 798 ψυχή.
1537 764 1607 798 Πρὸς
1621 764 1649 790 δὲ
1660 764 1726 795 τοὺς
1741 763 1851 796 λέγοντας

1074 807 1145 842 ὓδωρ
1168 806 1237 834 εἶναι
1260 808 1310 842 τὴν
1326 808 1424 843 ψυχὴν,
1452 809 1493 834 ὅτι
1517 809 1545 834 τὸ
1563 807 1634 843 ὕδωρ
1649 808 1778 842 φαίνεται
1798 808 1850 839 ζωι-

1038 850 1057 877 Β
1072 853 1166 887 γονοῦν
1186 854 1283 884 πάντα,
1300 855 1346 880 καὶ
1364 854 1447 889 χωρὶς
1463 853 1558 885 ὕδατος
1576 853 1710 888 βιοτεύειν
1726 853 1849 881 ἀδύνατον,

1076 900 1138 926 ποτὲ
1163 901 1245 927 πολλὰ
1280 901 1314 927 τὰ
1344 901 1546 928 ἀντιπίπτοντα,
1578 901 1646 927 Οὐδὲ
1677 901 1736 935 γὰρ
1764 900 1850 935 τροφῆς

1074 946 1156 980 χωρὶς
1182 944 1235 972 οῗόν
1263 955 1292 972 τε
1323 947 1391 980 ζῆν’
1424 946 1512 981 ψυχὴν
1553 946 1614 980 ἄρα,
1643 945 1693 971 καὶ
1726 944 1775 975 τὰς
1803 952 1849 978 τρο-

1074 991 1126 1026 φὰς
1155 992 1244 1023 πάσας
1284 993 1345 1019 καθ’
1382 992 1500 1027 ἑκάστην
1529 992 1625 1027 ῥητέον
1655 991 1719 1018 κατ’
1759 990 1849 1021 αὐτὰρ

1074 1037 1168 1063 ἔπειτα
1187 1037 1270 1064 πολλὰ
1292 1037 1346 1064 τῶν
1370 1037 1446 1069 ζώων
1466 1038 1523 1064 ἐστὶ
1549 1038 1587 1073 μὴ
1612 1037 1739 1070 πὶνοντα,
1760 1037 1795 1068 ὡς
1815 1035 1849 1062 ἔτι

1073 1092 1152 1109 τινων
1170 1083 1256 1109 ἀετῶν
1275 1083 1430 1118 ἱστόρηται·
1452 1083 1498 1110 καὶ
1521 1083 1615 1117 πέρδιξ
1635 1083 1662 1109 δὲ
1687 1083 1798 1109 δύναται
1813 1082 1850 1116 ζῇν

1073 1129 1157 1164 χωρὶς
1172 1129 1217 1155 τοῦ
1235 1129 1332 1156 πίνειν.
1354 1130 1403 1155 Διὰ
1419 1129 1445 1155 τι
1462 1129 1490 1155 δὲ
1508 1129 1606 1163 μᾶλλον
1621 1129 1650 1156 τὸ
1665 1129 1741 1164 ὕδωρ
1759 1129 1801 1155 καὶ
1812 1128 1849 1161 οὐχ

1073 1175 1088 1200 ὸ
1102 1175 1169 1209 ἀήτη
1187 1174 1300 1206 ’Ύδατος
1319 1174 1367 1210 μὲν
1386 1174 1440 1209 γὰρ
1461 1175 1506 1200 καὶ
1531 1174 1578 1200 ἐπὶ
1594 1173 1661 1200 πολὺ
1683 1173 1795 1200 δυνατὸν
1809 1173 1849 1198 ὰπ-

1075 1219 1193 1254 ἐχεσθαι·
1215 1219 1261 1246 τοῦ
1276 1220 1303 1246 δὲ
1319 1220 1446 1246 ἀναπνεῖν
1459 1219 1503 1245 τὺν
1517 1219 1596 1254 ἀέρα,
1612 1219 1672 1245 οὐδὲ
1688 1219 1719 1245 τὸ
1734 1217 1848 1253 βραχύτα-

1073 1274 1135 1292 τον·
1154 1265 1210 1291 ἀλλ’
1235 1266 1294 1291 οὐδὲ
1313 1266 1327 1292 ὁ
1344 1266 1398 1301 ἀὴρ
1417 1265 1499 1300 ψυχή.
1518 1265 1604 1291 Πολλὰ
1627 1265 1682 1300 γάρ
1699 1265 1758 1290 ἐστι
1778 1263 1849 1295 ζῶντι

1076 1311 1135 1345 μὲν,
1160 1311 1197 1346 μὴ
1225 1311 1393 1337 ἀναπνὲοντα
1414 1310 1442 1336 δὲ
1464 1311 1509 1336 τὸν
1532 1310 1616 1345 ἀέρα,
1642 1310 1681 1341 ὡς
1705 1310 1739 1336 τὰ
1767 1310 1848 1343 ἔντομα

1075 1356 1173 1387 πάντα,
1200 1353 1255 1382 οἷον
1275 1356 1407 1391 μέλιτται,
1433 1356 1478 1382 καὶ
1496 1356 1608 1390 σφῆκες,
1635 1356 1683 1382 καὶ
1709 1355 1846 1391 μύρμηκες,

1075 1402 1121 1428 καὶ
1141 1402 1174 1428 τὰ
1198 1402 1312 1436 ἄναιμα,
1337 1403 1383 1428 καὶ
1405 1401 1459 1428 τῶν
1481 1401 1630 1428 θαλαττίων
1646 1401 1682 1428 τὰ
1707 1401 1798 1433 πολλὰ,
1813 1400 1848 1426 καὶ

1076 1447 1165 1474 πάντα
1182 1449 1231 1475 ὃσα
1251 1449 1301 1474 οὐκ
1321 1448 1376 1483 ἔχει
1400 1448 1546 1483 πνεύμονα,
1573 1448 1655 1474 Οὐδὲν
1674 1448 1730 1484 γὰρ
1749 1449 1785 1483 μὴ
1802 1448 1847 1481 ἔχον

1040 1513 1062 1542 c
1079 1494 1220 1529 πνεύμονα
1233 1494 1347 1520 ἀναπνεῖ
1358 1494 1404 1520 τὸν
1420 1494 1487 1529 ἀέρα
1499 1502 1506 1508 ·
1526 1493 1573 1520 καὶ
1587 1494 1770 1529 ἀντιστρέφει,
1789 1493 1848 1520 οὐδὲν

1080 1539 1117 1575 μὴ
1134 1539 1265 1566 ὰναπνέον
1288 1540 1333 1566 τὸν
1354 1539 1583 1574 ἀέρα,πνεύμονα
1597 1539 1663 1574 ἔχει.
1693 1539 1798 1574 Ἐπειδὴ
1814 1537 1847 1564 καὶ

1079 1585 1232 1616 Κλεάνθους
1255 1584 1303 1611 τοῦ
1327 1584 1458 1617 Στωϊκοῦ,
1484 1585 1530 1610 καὶ
1551 1585 1715 1620 Χρυσίππου
1741 1585 1848 1620 φέρονται

1078 1631 1150 1664 λόγοι
1166 1630 1236 1661 τινὲς
1260 1631 1309 1656 οὐκ
1335 1630 1577 1666 εὐκαταφρόνητοι,
1599 1631 1730 1666 ὲκρητέον
1747 1631 1791 1656 καὶ
1804 1628 1849 1655 τοῦ-

1078 1685 1131 1702 των
1147 1675 1195 1707 τὰς
1213 1675 1315 1707 λύσεις,
1340 1676 1376 1707 ὡς
1391 1677 1529 1702 ἀπέλυσαν
1544 1677 1569 1702 οἱ
1587 1676 1640 1702 ἀπὸ
1662 1677 1808 1706 Πλάτωνος.
1827 1674 1848 1700 '0

1079 1721 1218 1755 Κὶεάνθης
1248 1721 1348 1748 τοιόνδε
1373 1721 1466 1748 πλέκει
1491 1721 1680 1757 συλλογισμόν*
1707 1722 1745 1748 Οὐ
1775 1721 1848 1756 μόνον,

1080 1767 1171 1802 φησὶν,
1189 1768 1275 1802 ὅμοιοι
1291 1768 1347 1798 τοῖς
1360 1767 1468 1801 γονεῦσι
1483 1768 1612 1803 γινόμεθα
1629 1768 1698 1794 κατὰ
1724 1768 1752 1793 τὸ
1776 1766 1848 1800 σῶμα,

1080 1813 1146 1840 ἀλλὰ
1161 1814 1207 1839 καὶ
1223 1813 1292 1839 κατὰ
1311 1812 1358 1848 τὴν
1371 1813 1468 1849 ψυχὴν,
1494 1815 1549 1845 τοῖς
1573 1814 1680 1844 πάθεσι,
1700 1815 1759 1844 τοῖς
1776 1812 1848 1847 ἧθεῦιι

1079 1860 1138 1890 ταῖς
1164 1859 1308 1885 διαθέσεσι.
1337 1859 1464 1894 Σώματος
1484 1859 1511 1886 δὲ
1535 1860 1566 1885 τὸ
1585 1860 1675 1894 ὅμοιον
1699 1860 1749 1886 καὶ
1768 1858 1795 1884 τὸ
1813 1856 1848 1883 διν-

1079 1905 1179 1940 ὁμοιον,
1196 1905 1255 1940 οὐχι
1267 1905 1295 1931 δὲ
1309 1906 1465 1939 ἀσωμάτου·
1486 1905 1564 1940 σῶμα
1583 1905 1633 1940 ἄρα
1649 1906 1665 1939 ἡ
1682 1904 1766 1939 ψυχή.
1786 1899 1849 1928 Ἀλλὰ

1081 1950 1188 1985 πρῶτον
1201 1950 1250 1984 μὲν
1264 1950 1295 1975 ὲκ
1308 1949 1361 1976 τῶν
1375 1949 1421 1975 ἐπὶ
1436 1949 1536 1984 μέρους
1550 1949 1583 1975 τὰ
1595 1948 1708 1975 καθόλου
1733 1953 1848 1981 συγκατει-

1081 1996 1257 2027 σκευάζεται’
1279 1995 1347 2030 πρὸς
1361 1995 1448 2029 τούτῳ
1467 1995 1505 2026 δὲ,
1521 1995 1567 2020 καὶ
1587 1994 1616 2020 τὺ
1629 1994 1687 2029 οὐχὶ
1707 1994 1742 2020 δι’
1756 1989 1848 2025 dictaui

1080 2050 1140 2073 του,
1168 2041 1265 2076 ψεῦδός
1289 2041 1356 2067 ἐστι.
1386 2041 1506 2075 Λέγομεν
1527 2040 1581 2075 γὰρ
1605 2041 1739 2075 ἀριθμοὺς
1761 2038 1847 2074 ὁμοίους

1081 2084 1160 2116 εἶναι,
1174 2083 1211 2112 ὧν
1231 2087 1257 2112 αἱ
1280 2086 1396 2122 πλευραὶ
1413 2086 1538 2119 ἀνάλογοί
1558 2087 1625 2112 εἰσιν
1636 2094 1642 2100 ·
1662 2086 1699 2116 ὡς
1715 2085 1759 2112 τὸν
1773 2083 1799 2115 ἒξ
1815 2081 1848 2108 καὶ

1080 2132 1126 2158 τὸν
1142 2132 1356 2167 εἰκοσιτέσσαρα.
1381 2131 1499 2166 Πλευραὶ
1527 2132 1580 2167 γὰρ
1605 2132 1650 2164 τοῦ
1673 2131 1702 2164 ἒξ
1727 2131 1770 2157 καὶ
1784 2129 1797 2154 ὁ
1814 2126 1848 2153 δύ)

1045 2177 1067 2205 D
1080 2178 1127 2204 καὶ
1142 2179 1156 2204 ὁ
1174 2179 1262 2212 τρεῖς·
1283 2177 1329 2203 τοῦ
1348 2177 1376 2203 δὲ
1399 2177 1614 2212 εἰκοσιτέσσαρα,
1636 2177 1650 2202 ὁ
1669 2177 1794 2211 τέσσαρα,
1812 2172 1847 2198 καὶ

1081 2224 1095 2249 ὁ
1113 2223 1160 2256 ἓξ²
1177 2222 1321 2257 ἀναλογίαν
1335 2222 1363 2248 δὲ
1380 2222 1434 2257 ἔχει
1451 2223 1465 2248 ὁ
1481 2222 1526 2248 δύο
1544 2222 1611 2257 πρὸς
1625 2221 1658 2249 τὰ
1672 2222 1798 2256 τέσσαρα,
1813 2215 1848 2244 καὶ

1081 2269 1095 2294 ὁ
1107 2267 1170 2303 τρία
1183 2268 1250 2303 πρὸς
1266 2268 1312 2294 τὸν
1327 2268 1366 2300 ἕξ.
1390 2268 1433 2293 Ἐν
1447 2267 1596 2294 διπλασίονι
1607 2267 1659 2303 γὰρ
1671 2267 1743 2302 λόγῳ
1757 2263 1847 2298 θεωρεῖ-

1081 2321 1135 2340 ται.
1149 2313 1189 2340 Τὰ
1203 2314 1257 2349 γὰρ
1271 2314 1390 2349 τέσσαρα
1413 2313 1467 2340 τῶν
1480 2313 1526 2339 δύο
1539 2313 1705 2345 διπλασίονα,
1727 2313 1771 2340 καὶ
1787 2310 1816 2337 τὰ
1826 2306 1848 2337 ἒξ

1081 2360 1134 2386 τῶν
1148 2360 1247 2395 τριῶν·
1266 2359 1408 2394 ἀσώματον
1423 2359 1451 2385 δὲ
1471 2359 1496 2385 οἱ
1511 2359 1620 2394 ἀριθμοί
1630 2368 1636 2375 ·
1655 2360 1688 2386 τὰ
1702 2353 1847 2394 σχήματαᾶ

1083 2405 1218 2441 σχήμασιν
1233 2405 1314 2440 ὅμοιά
1329 2406 1413 2437 ἐστιν,
1428 2407 1478 2432 ὅσα
1499 2407 1546 2438 τάς
1563 2414 1592 2432 τε
1607 2406 1707 2440 γωνίας
1721 2407 1778 2436 ἴσας
1795 2403 1846 2436 ἔχει,

1082 2452 1128 2478 καὶ
1144 2451 1193 2483 τὰς
1208 2452 1271 2486 περὶ
1286 2452 1335 2484 τὰς
1350 2453 1410 2484 trra;
1424 2453 1525 2486 γωνίας
1545 2453 1663 2488 πλευρὰς
1679 2453 1814 2486 ἀνάλογον
1826 2448 1848 2474 τὸ

1081 2499 1109 2525 δὲ
1125 2498 1219 2534 σχῆμα.
1231 2498 1277 2525 καὶ
1289 2499 1354 2526 αὐτὸ
1369 2491 1518 2534 ’ἀσώματον
1538 2499 1585 2526 καὶ
1603 2499 1678 2526 αὐτοὶ
1694 2496 1848 2534 ὁμολογοῦσιν

1083 2541 1161 2570 εἷναι.
1180 2543 1240 2570 Ἔτι
1262 2543 1299 2575 ὼς
1312 2543 1358 2569 τοῦ
1375 2543 1457 2570 ποσοῦ
1474 2543 1538 2569 ἴδιόν
1552 2544 1610 2570 ὲστι
1623 2543 1653 2569 τὸ
1669 2541 1726 2570 ἴσον
1748 2542 1790 2569 καὶ
1805 2540 1847 2566 ἄνι-

1083 2598 1128 2616 σον
1140 2610 1146 2621 ,
1164 2588 1235 2616 οὕτω
1253 2589 1299 2615 καὶ
1317 2589 1363 2615 τοῦ
1380 2588 1457 2615 ποιοῦ
1471 2589 1500 2614 τὸ
1513 2589 1604 2624 ὅμοιον
1616 2589 1662 2615 καὶ
1680 2589 1712 2615 τὸ
1726 2587 1846 2621 ἀνόμοιον

1083 2634 1227 2669 ἀσώματον
1240 2634 1268 2660 δὲ
1287 2635 1303 2668 ἡ
1322 2634 1431 2668 ποιότης
1452 2634 1539 2660 ἐστίν’
1561 2634 1625 2668 ἄρα,
1653 2634 1699 2660 καὶ⁸
1722 2632 1846 2666 ἀσώματον

1083 2681 1221 2715 ἀσωμάτῳ
1242 2680 1342 2715 ὅμοιον.
1361 2680 1470 2713 Ἔτιδὲ,
1488 2680 1568 2715 φησιν
1591 2681 1605 2706 ὁ
1626 2680 1772 2714 Κλεάνθης,
1787 2674 1845 2702 οὐδὲν

1084 2725 1228 2760 ἀσώματον
1245 2725 1398 2760 συμπάσχει
1421 2724 1536 2758 σώματι,
1553 2725 1612 2752 οὐδὲ
1636 2725 1771 2761 ἀσωμάτῳ
1793 2728 1846 2754 συμ-

1084 2769 1184 2804 πάπχει
1209 2769 1297 2804 σῶμα,
1321 2768 1387 2795 ἀλλὰ
1407 2769 1483 2804 σῶμα
1510 2769 1633 2805 σώματι·
1659 2771 1804 2805 συμπάσχει
1824 2764 1845 2790 δὲ

1084 2817 1100 2851 ὴ
1117 2815 1189 2851 ψυχῇ
1209 2815 1245 2850 τῷ
1264 2815 1367 2850 σώματι
1385 2815 1514 2849 νοσοῦντι,
1530 2817 1575 2843 καὶ
1590 2817 1756 2852 τεμνομένῳ,
1771 2813 1810 2841 καὶ
1824 2809 1845 2835 τδ
