1914 3079
48 107 101 136 193
574 130 586 136 ς
771 106 814 133 DE
828 107 837 133 l

890 106 949 135 MA.
1629 115 1681 144 i945

48 166 128 202 σῶμα
144 167 177 202 τῇ
193 165 277 203 ψυχῇ.
295 165 496 202 Αἰσχυνομένης
511 165 565 201 γὰρ
587 164 702 201 ἐρυθρὸν
726 164 837 199 γίνεται,

895 166 1085 201 incorpoream
1102 167 1152 203 ipsi
1170 168 1291 196 fatentur
1306 176 1378 198 esse.
1398 169 1531 198 Praeterea
1547 173 1577 197 ut
1590 178 1681 206 quam

47 212 96 240 καὶ
109 212 282 248 φοῦουμένης
300 212 388 248 ὠχρόν
397 220 404 228 ·
426 212 505 248 σῶμα
519 212 572 247 ἄρα
585 212 602 246 ἠ
616 210 699 245 ψυχή.

895 208 982 237 litatis
994 211 1133 246 proprium
1150 219 1191 240 est
1205 221 1256 248 par
1271 219 1299 241 et
1313 214 1401 249 impar
1413 224 1420 242 :
1435 216 1475 243 sic
1486 216 1569 243 etiam
1590 217 1682 252 quali-

49 260 115 288 tatis
129 260 222 288 simile
240 264 266 287 et
279 260 425 288 dissimile.
439 259 631 294 lncorporeum
645 265 710 286 vero
724 256 842 292 qualitas
861 260 923 284 est:
936 264 1002 293 ergo
1022 259 1215 294 incorporeum
1233 261 1396 297 incorporeo
1413 264 1513 291 simile.
1548 263 1589 291 Ad
1610 264 1680 297 haec,

48 307 195 336 Cleanthes
221 307 321 343 inquit,
359 307 426 335 nihil
474 307 665 342 incorporeum
693 305 796 340 patitur
815 311 876 331 cum
890 311 1014 340 corpore,
1024 314 1112 342 neque
1132 316 1194 336 cum
1210 309 1373 345 incorporeo
1383 318 1483 346 corpus
1495 312 1606 347 patitur.
1631 313 1679 342 sed

47 362 149 389 corpus
165 362 228 382 cum
247 361 382 389 corpore;
401 361 496 382 verum
518 354 609 381 anima
633 352 716 380 simul
737 351 840 386 patitur
858 356 920 377 cum
933 358 1049 387 corpore
1063 358 1211 389 aegrotante
1224 361 1251 383 et
1267 364 1329 384 cum
1354 363 1480 392 secatur;
1513 362 1540 386 et
1577 366 1679 394 corpus

46 411 109 431 cum
124 403 217 430 animo
228 403 387 435 cruciatur;
404 402 503 430 etenim
518 402 697 429 erubescente
716 402 744 427 et
763 397 920 434 pudibunda
938 398 1042 434 anima,
1080 409 1182 437 corpus
1205 403 1318 431 rubrum
1357 404 1483 439 edicitur,
1508 409 1535 433 et
1557 413 1590 433 ea
1624 413 1681 434 me-

46 456 153 484 tuente,
172 451 297 487 pallescit
310 460 317 484 ;
332 459 433 488 corpus
446 459 510 487 ergo
524 456 566 479 εει
581 451 681 478 anima.

83 497 163 524 Ἐστι
187 496 216 524 δὲ
240 497 272 524 τὸ
285 497 377 533 ἕτερον
399 497 454 524 τῶν
475 497 627 534 λημμάτων
641 496 746 532 ψεῦδος,
769 494 839 522 κατὰ

45 542 202 579 πρόσληψιν
216 544 404 579 συγκείμενον,
417 543 448 570 τὸ
462 544 551 578 λέγον,
567 543 663 571 Οὐδὲν
680 542 840 577 ἀσώματον

44 589 161 624 σώματι
178 589 363 625 συμπάσχει.
385 590 418 617 Ti
432 590 485 626 γάρ
500 591 524 617 ει
541 591 610 626 μόνῃ
624 591 657 625 τῇ
672 590 744 625 ψυχῇ
761 588 840 616 τοῦτο

45 635 210 670 πρόσεστιν;
230 636 334 671 Ὥσπερ
349 635 376 662 εἴ
389 645 430 668 τις
443 636 527 670 λέγοι,
541 636 624 662 Οὐδὲν
639 636 708 668 ζῶον
722 634 771 670 τὴν
783 634 840 661 ἀνω

46 680 127 714 γένυν
144 681 231 707 κινεῖ·
256 682 270 707 ό
285 681 312 707 δὲ
332 681 501 716 κροκόδειλος
523 681 572 718 τὴν
588 682 644 709 ἀνω
666 682 747 716 γένυν
760 683 837 708 κινεῖ.

53 724 119 751 Ἰδοὺ
135 725 189 760 γὰρ
203 725 217 751 6
228 726 396 761 κροκόδειλος
410 727 455 753 καὶ
468 727 547 760 ζῶον,
564 727 610 754 καὶ
622 727 672 763 τὴν
686 727 742 753 ἄνω
758 726 839 761 γένυν

46 771 135 796 κινεῖ·
162 771 209 797 τὸν
236 771 318 798 αὑτὸν
338 771 366 798 δὲ
392 772 492 807 τρόπον
512 772 558 799 καὶ
579 772 642 799 ὅταν
666 771 733 808 λέγῃ
744 771 841 806 μηδὲν

46 814 326 850 ἀσώματονσώμιιτι
332 816 526 852 συμπάσχειν
537 825 545 833 ·
559 816 761 852 προσλαμῆάνει
783 815 837 850 γὰρ

43 857 74 884 τὸ
87 857 255 892 ζητούμενον
270 861 303 894 τῇ
320 860 468 894 ἀποφάσει⁸
485 862 509 887 ει
523 861 550 888 δέ
567 870 608 894 τις
628 861 754 889 ὑπόθοιτο
772 862 838 898 ἀλη-

43 902 90 935 θὲς
111 901 181 930 εἶναι
199 903 229 930 τὸ
254 905 337 940 μηδὲν
353 905 498 942 ἀσώματον
523 906 629 942 σώματι
649 908 836 943 συμπάσχειν·

42 947 114 974 ἀλλὰ
134 947 165 974 τὸ
187 949 358 985 ἐπαγόμενον
383 951 432 978 οὐκ
454 951 527 978 ἔστιν
550 953 774 988 ὁμολογούμενον,
797 954 838 980 ὅτι

43 993 204 1028 συμπάσχει
229 995 246 1029 ἡ
267 994 339 1030 ψυχὴ
358 995 479 1022 νοσοῦντι
497 996 544 1023 καὶ
558 996 717 1032 τεμνομένῳ
731 996 770 1032 τῷ
786 996 838 1023 σώ-

42 1047 120 1073 ματι.
145 1039 359 1074 Ἀμφιῧάλλεται
373 1040 427 1076 γὰρ
443 1040 498 1067 εἴτε
519 1040 550 1068 τὸ
573 1041 652 1076 σῶμα
677 1041 758 1076 μόνον
779 1041 838 1068 ἐστὶ

39 1085 71 1111 τὸ
85 1085 197 1119 ἀλγοῦν,
211 1085 293 1112 λαϐὴν
305 1086 379 1121 παρὰ
393 1088 442 1122 τῆς
457 1086 546 1122 ψυχῆς
559 1088 607 1122 τὴν
621 1087 756 1123 αἴσθησιν,
768 1086 836 1123 αὕτη

39 1129 68 1156 δὲ
80 1130 159 1166 μένει
176 1130 284 1165 ἀπαθής
295 1140 301 1145 ”
329 1131 383 1157 εἴτε
398 1131 445 1158 καὶ
460 1133 586 1166 συναλγεῖ
598 1131 636 1168 τῷ
653 1133 768 1167 σώματι.
782 1132 838 1159 Καὶ

40 1177 142 1211 κρατεῖ
158 1176 259 1211 μᾶλλον
281 1178 356 1213 παρά
373 1178 428 1209 τοῖς
443 1177 623 1214 ὲνδοξοτέροις
635 1178 666 1205 τὺ
687 1178 818 1214 πρότερον
828 1185 835 1194 ·

38 1221 128 1254 οὐδεὶς
142 1221 171 1248 δὲ
185 1221 218 1248 ὲκ
231 1222 285 1249 τῶν
301 1223 546 1258 ἀμφιϐαλλομένων
563 1224 674 1258 συνάγει
687 1225 750 1256 τοὺς
775 1223 838 1250 συλ-

37 1266 200 1302 λογισμοὺς,
216 1267 273 1294 ἀλλ’
297 1269 328 1295 ὲκ
341 1267 395 1295 τῶν
415 1268 636 1304 ὁμολογουμένων
647 1278 654 1285 ·
679 1270 711 1296 ὲκ
728 1278 837 1305 περιου-

38 1311 101 1344 σίας
125 1311 155 1338 se
178 1313 314 1339 δείκνυται
330 1313 376 1340 καί
400 1322 461 1340 τινα
484 1312 618 1350 ἀσώματα
639 1315 837 1351 συμπάσχοντα

38 1358 94 1389 τοῖς
121 1357 259 1393 σώμασιν.
284 1358 316 1385 Al
339 1359 480 1395 ποιότητες
504 1360 569 1394 γοῦν
594 1360 735 1395 ἀσώματοι
756 1359 835 1388 οὖσαι

38 1404 205 1440 πασχόντων
225 1404 281 1431 τῶν
304 1405 437 1440 σωμάτων
452 1405 499 1432 καὶ
519 1405 601 1432 αὑταὶ
617 1406 834 1441 συμπάσχουσιν,

38 1450 67 1476 ἕν
81 1459 112 1476 τε
135 1451 170 1484 τῇ
187 1450 275 1486 φθορᾷ
291 1451 342 1477 xui;
351 1452 382 1486 τῇ
404 1452 529 1487 γεννήσει
545 1451 781 1487 συναλλοιούμεναι
796 1451 836 1486 τῷ

38 1495 164 1530 σώματι.
186 1496 348 1532 Χρύσιππος
372 1497 398 1523 δέ
421 1506 515 1532 φησιν,
539 1498 579 1524 ὅτι
605 1498 619 1523 ὁ
644 1497 758 1529 θάνατός
777 1499 834 1524 ἐστι

37 1543 182 1578 χωρισμός
197 1543 285 1578 ψυχῆς
305 1543 360 1569 ἀπὸ
382 1543 524 1578 σώματος’
543 1544 619 1571 οὺδὲν
641 1544 670 1571 δὲ
691 1544 835 1579 ἀσώματον

37 1589 93 1616 ἀπὸ
107 1588 237 1624 σώματος
256 1589 413 1624 χωρίζεται.
429 1589 495 1616 Οὐδὲ
509 1590 562 1624 γὰρ
577 1590 727 1624 ἐφάπτεται
743 1589 835 1624 σώμα-

37 1644 83 1668 τος
98 1635 264 1670 ἀσώματον·
290 1637 306 1671 ὴ
328 1636 355 1663 δὲ
376 1636 447 1671 ψυχὴ
463 1636 510 1662 καὶ
524 1636 674 1671 ἐφάπτεται
693 1637 739 1664 καὶ
754 1637 836 1672 χωρί-

37 1681 116 1713 ζεται
142 1680 193 1707 τοῦ
220 1680 360 1716 σώματος’
385 1681 435 1708 οὐκ
460 1682 514 1717 ἄρα
540 1680 685 1717 ἀσώματος
707 1683 723 1718 ἡ
749 1682 832 1717 ψυχή.

37 1726 153 1754 Τούτων
176 1726 206 1753 τὸ
231 1726 280 1762 μὲν
300 1727 346 1753 τὸν
368 1727 481 1754 θάνατον
503 1727 643 1763 χωρισμὸν
658 1725 728 1754 εἶναι
746 1727 835 1764 ψυχῆς

36 1771 93 1799 ἀπὸ
116 1771 257 1806 σώματος,
281 1771 381 1807 ἀληθὲς
403 1773 476 1798 ἐστι·
500 1771 530 1799 τὸ
555 1772 582 1799 δὲ
608 1773 645 1808 μὴ
666 1773 833 1807 ἐφάπτεσθαι

36 1817 188 1853 ἀσώματον
207 1817 342 1852 σώματος,
357 1818 452 1852 ψευδὲς
473 1818 522 1853 μέν
545 1819 603 1844 ἐστι
626 1818 740 1845 καθόλου
756 1818 833 1853 λεγό-

38 1874 121 1901 μενον
130 1874 137 1880 ·
158 1865 207 1890 ἐπὶ
219 1864 247 1891 δὲ
259 1864 309 1899 τῆς
325 1864 413 1900 ψυχῆς
427 1865 526 1900 ἀληθές
537 1873 544 1881 ·
558 1865 655 1900 ψεῦδος
672 1866 730 1901 μὲν,
740 1866 834 1901 ἐπειδὴ

36 1911 83 1938 καὶ
97 1911 116 1946 ἡ
132 1909 252 1946 γραμμὴ
270 1910 413 1946 ἀσώματος
436 1908 512 1942 οὖσα,
537 1911 688 1946 ἐφάπτεται
711 1911 833 1946 σώματος

37 1958 84 1984 καὶ
104 1955 267 1992 χωρίζεται,
297 1956 397 1991 ὁμοίως
421 1956 495 1992 καὶὴ
510 1957 655 1992 λευκότης¹
683 1958 728 1984 ἐπὶ
741 1958 768 1984 δὲ
784 1957 834 1993 τῆς

36 2003 127 2039 ψυχῆς
142 2003 254 2037 ἀληθές.
283 2003 320 2029 Οὔ
348 2001 403 2038 γὰρ
427 2002 579 2036 ἐφάπτεται
602 2002 649 2029 τοῦ
675 2003 832 2040 σώματοςή

36 2049 123 2085 ψυχή.
142 2049 177 2075 El
190 2048 243 2084 γὰρ
255 2048 416 2082 ἐφάπτεται,
431 2048 550 2083 δηλονότι
565 2049 728 2084 παράκειται
743 2049 832 2085 αὐτῷ*

37 2097 61 2122 εἰ
82 2096 112 2122 δὲ
137 2095 231 2127 τοῦτο,
257 2095 306 2130 οὺχ
333 2094 384 2128 ὅλῳ
409 2095 584 2130 παράκειται.
615 2095 757 2122 Ἀδύνατον
780 2096 834 2131 γὰρ

38 2142 120 2177 σῶμα
137 2140 318 2176 σιὶιματινὸλον
331 2141 383 2176 ὅλῳ
398 2141 581 2177 παρακεῖσθαι
591 2151 597 2157 ·
624 2143 670 2168 καὶ
683 2142 768 2174 οὕτως
783 2142 833 2169 οὐκ

36 2188 114 2215 ἔσται
132 2187 195 2214 ὅλον
211 2186 331 2222 ἔμψυχον
347 2187 377 2213 τὺ
392 2187 471 2219 ζῶον.
496 2188 576 2214 Ὥστε
598 2189 622 2214 εἰ
649 2189 697 2223 μὲν
714 2188 834 2222 ἐφάπτε-

36 2243 91 2265 ται,
103 2234 188 2268 σῶμα.
198 2232 246 2267 μὲν
255 2233 356 2268 ἔσταιὴ
371 2233 442 2268 ψυχή
451 2242 458 2248 ·
471 2233 528 2259 ὅλον
538 2233 566 2260 δὲ
573 2233 622 2260 οὐκ
630 2233 705 2261 ἕσται
714 2234 833 2270 ἔμψυχον

36 2279 65 2305 τό
74 2279 161 2311 ζῶον.
174 2278 205 2304 Εἰ
215 2278 242 2305 δὲ
251 2277 310 2305 ὅλον
321 2279 394 2304 ἐστὶν
409 2277 538 2313 ἔμψυχον,
551 2277 612 2304 οὔτε
623 2278 783 2312 ἐφάπτεται,
793 2278 834 2306 οὔ·

35 2334 65 2352 τε
78 2325 166 2362 σῶμά
176 2325 249 2352 ἐστιν
260 2325 276 2359 ἡ
291 2325 373 2360 ψυχή·
385 2324 414 2351 τὸ
424 2325 452 2351 δὲ
468 2324 535 2356 ζῶον
545 2325 604 2351 ὅλον
616 2324 735 2360 ἔμψυχόν
749 2325 832 2351 ἐστιν·

36 2372 97 2399 οὔτε
119 2373 178 2407 ἄρα
190 2371 351 2405 ἐφάπτεται,
371 2369 432 2397 οὔτε
448 2370 528 2405 σῶμα
542 2371 609 2402 ἐστι,
625 2370 672 2396 καὶ
689 2369 834 2405 χωρίζεται

37 2419 189 2454 ἀσώματος
215 2415 291 2444 οὖσα.
320 2417 381 2443 Ὅτι
408 2416 457 2452 μὲν
480 2415 526 2443 οὖν
549 2417 599 2442 οὑκ
624 2416 696 2442 ἐστιν
719 2417 735 2451 ἡ
762 2416 834 2452 ψυχὴ

37 2466 131 2501 σῶμα,
155 2464 233 2499 δῆλον
259 2466 292 2490 ἐκ
314 2463 368 2490 τῶν
384 2463 552 2499 εἰρημένων·
577 2463 617 2489 ὃτι
639 2463 668 2489 δὲ
684 2462 743 2489 οὐδὲ
761 2462 836 2489 ἀνού-

38 2520 106 2543 σιος.
125 2511 194 2545 ἑξῆς
209 2510 314 2546 ῥητέον.

39 2558 225 2591 incorporea:
256 2553 328 2589 quod
357 2553 439 2588 igitur
462 2561 516 2580 non
543 2553 579 2580 sit
606 2553 697 2580 anima
723 2561 834 2589 corpus.

927 491 976 521 Est
993 493 1074 521 etiam
1085 495 1170 522 altera
1188 496 1377 531 sumptionum
1402 496 1480 529 falsa.
1494 497 1572 532 juxta
1588 501 1680 534 prole-

893 539 954 574 psin
972 541 1217 576 pmceptionemve
1237 543 1401 577 composita,
1425 551 1485 578 qua:
1506 544 1582 578 dicit,
1604 545 1680 574 Nihil

890 586 1072 620 incorporeum
1099 587 1235 615 condolere
1256 596 1315 615 cum
1338 596 1446 622 corpore
1464 598 1470 616 :
1485 590 1548 625 quid
1567 591 1638 619 enim
1655 593 1679 620 si

892 631 942 659 soli
956 632 1059 661 animae
1075 632 1127 660 hoc
1139 633 1234 661 inest?
1251 634 1480 669 quemadmodum
1511 635 1534 662 si
1557 637 1620 671 quis
1636 637 1679 664 di-

891 681 976 708 ceret,
994 675 1102 704 Nullum
1118 678 1218 705 animal
1236 680 1404 714 superiorem
1416 681 1553 708 maxillam
1571 687 1679 716 movet;

891 722 939 749 sed
959 723 1114 751 crocodilus
1143 725 1312 759 superiorem
1340 727 1478 754 maxillam
1497 727 1590 762 agitat.
1609 728 1680 757 Ecce

890 768 962 795 enim
977 769 1143 802 crocodilus,
1168 774 1196 798 et
1213 771 1326 805 animal,
1345 776 1372 799 et
1391 774 1560 808 superiorem
1583 777 1681 803 maxil-

854 818 874 845 Β
889 812 941 840 lam
955 818 1054 842 movet.
1064 814 1221 849 Eodemque
1232 816 1312 843 modo
1323 817 1403 844 etiam
1413 826 1474 846 cum
1485 818 1559 853 dicit,
1569 820 1680 848 Nullum

889 858 1071 894 incorporeum
1085 868 1145 887 cum
1160 869 1269 895 corpore
1283 864 1443 897 compatitur
1455 872 1465 896 ;
1479 866 1587 893 atenim
1599 874 1680 895 assu-

888 903 938 930 mit
951 904 1025 939 quod
1045 907 1218 940 quterebatur
1239 908 1265 935 in
1282 910 1444 937 assertione.
1475 910 1503 937 Si
1527 919 1591 939 vero
1618 914 1680 948 quis

889 951 1065 984 supposuerit
1088 959 1182 979 verum
1197 960 1269 986 esse,
1282 954 1388 981 nullum
1404 956 1597 991 incorporeum
1614 966 1680 986 con-

889 993 982 1022 dolere
1005 997 1135 1031 corpori:
1165 1001 1285 1026 attamen
1307 1000 1381 1034 quod
1401 1001 1542 1029 inducitur
1565 1010 1619 1030 non
1638 1008 1680 1031 est
1702 1030 1703 1034 η

888 1047 1064 1074 concessum,
1077 1042 1148 1077 quod
1165 1045 1255 1070 anima
1267 1045 1411 1073 condoleat
1423 1054 1476 1074 una
1490 1055 1552 1074 cum
1564 1055 1680 1084 corpore

888 1087 961 1121 quod
987 1093 1101 1123 aegrotat
1129 1093 1157 1117 et
1185 1094 1305 1118 secatur.
1340 1092 1446 1127 Quippe
1479 1093 1625 1129 ambigitur
1645 1103 1679 1122 an

888 1140 989 1169 corpus
1003 1135 1091 1162 solum
1104 1135 1151 1167 sit,
1165 1136 1239 1171 quod
1254 1136 1345 1164 doleat
1359 1146 1442 1165 sensu
1467 1139 1501 1166 ab
1520 1141 1609 1167 anima
1633 1149 1680 1169 ac-

888 1184 979 1214 cepto,
1013 1184 1040 1208 et
1069 1181 1127 1214 ipsa
1147 1186 1257 1209 maneat
1278 1183 1382 1211 doloris
1406 1192 1522 1219 expers;
1551 1193 1585 1212 an
1615 1194 1680 1213 vero

887 1225 978 1252 doleat
992 1233 1055 1253 cum
1073 1234 1198 1262 corpore.
1229 1226 1340 1255 Obtinct
1370 1233 1460 1256 autem
1490 1230 1582 1264 potius
1608 1231 1680 1266 apud

888 1270 1019 1299 clariores
1046 1272 1120 1298 viros
1145 1272 1219 1307 quod
1248 1273 1324 1308 prius
1340 1278 1391 1301 est.
1424 1275 1506 1309 Atqui
1539 1283 1621 1302 nemo
1645 1284 1678 1304 ex

889 1317 1077 1344 controversis
1090 1317 1194 1352 colligit
1209 1322 1236 1345 et
1260 1319 1402 1346 concludit
1416 1321 1679 1354 argumentationes,

888 1369 982 1389 rerum
995 1371 1026 1389 ex
1041 1363 1074 1391 iis
1085 1371 1145 1398 qua:
1162 1364 1361 1391 conceduntur.
1381 1365 1465 1393 Porro
1479 1374 1512 1393 ex
1529 1367 1680 1394 abundanti

888 1408 1021 1442 probatur
1038 1408 1120 1435 etiam
1133 1410 1256 1443 quaedam
1276 1410 1437 1445 incorporea
1464 1412 1518 1446 pati
1539 1420 1600 1439 cum
1619 1420 1680 1440 eor-

887 1454 1012 1489 poribus.
1038 1455 1129 1487 Quare
1145 1456 1294 1490 qualitates
1322 1457 1490 1492 incorporea:
1518 1466 1580 1485 eum
1610 1459 1678 1490 sint,

887 1499 949 1526 dum
977 1500 1118 1535 patiuntur
1145 1509 1271 1536 corpora,
1300 1502 1366 1537 ipsae
1385 1511 1495 1537 quoque
1515 1504 1678 1537 condolent,

886 1546 950 1573 dum
969 1546 994 1573 in
1015 1551 1076 1573 ortu
1102 1551 1182 1581 atque
1200 1547 1312 1574 interitu
1327 1548 1407 1575 aliter
1430 1549 1587 1577 aﬂiciuntur
1615 1557 1678 1577 cum

886 1598 1010 1625 corpore.
1022 1591 1191 1627 Chrysippus
1205 1597 1294 1620 autem
1309 1594 1346 1620 ait
1372 1597 1486 1620 mortem
1513 1602 1574 1622 esse
1601 1602 1680 1630 sepa-

887 1637 1020 1663 rationem
1037 1638 1135 1664 animat
1149 1645 1164 1664 a
1180 1645 1295 1673 corpore
1309 1646 1317 1671 ;
1333 1639 1388 1673 jam
1402 1647 1466 1666 vero
1495 1639 1562 1666 nihil
1584 1640 1678 1667 ineor-

886 1690 999 1718 poreum
1012 1690 1027 1709 a
1043 1691 1158 1718 corpore
1171 1688 1315 1718 separatur
1329 1693 1335 1718 ;
1351 1692 1439 1719 neque
1451 1685 1523 1712 enim
1547 1685 1679 1721 incorpo-

886 1738 963 1757 reum
978 1730 1114 1765 coutingit
1130 1738 1230 1765 corpus
1243 1739 1251 1764 ;
1262 1731 1352 1757 anima
1366 1739 1431 1758 vero
1445 1736 1471 1758 et.
1491 1732 1600 1767 attingit
1616 1740 1678 1759 cor-

886 1783 936 1810 pus
951 1780 978 1803 et
994 1781 1140 1811 separatur
1157 1776 1190 1803 ab
1205 1784 1247 1803 eo.
1263 1776 1322 1803 Non
1337 1781 1379 1804 cst
1408 1777 1492 1812 igitur
1515 1778 1607 1804 anima
1631 1779 1677 1805 in-

885 1829 1026 1856 corporea.
1043 1821 1082 1849 Ex
1099 1822 1141 1850 his
1157 1830 1251 1849 verum
1271 1823 1344 1850 istud
1358 1828 1412 1855 est,
1435 1832 1532 1858 nempe
1559 1828 1676 1852 mortem

885 1875 945 1895 esse
961 1868 1160 1902 separationem
1175 1868 1271 1895 anima!
1285 1876 1298 1894 a
1314 1876 1446 1902 corpore;
1474 1870 1521 1897 sed
1543 1869 1607 1896 illud
1628 1869 1680 1897 falv

885 1921 944 1940 sum
957 1922 1018 1940 cum
1039 1914 1066 1940 in
1089 1922 1188 1948 genere
1204 1913 1315 1946 dicitur,
1334 1911 1407 1948 quod
1430 1915 1622 1949 incorporeum
1636 1919 1678 1942 est

885 1967 937 1985 non
959 1959 1093 1994 attingere
1114 1967 1235 1993 corpus;
1261 1959 1307 1986 sed
1330 1967 1423 1986 verum
1446 1964 1487 1987 est
1512 1960 1539 1987 in
1565 1960 1676 1993 anima;

885 2005 952 2032 illud
972 2010 1045 2032 certe
1059 2004 1168 2035 falsum,
1191 2007 1320 2039 quoniam
1337 2005 1406 2032 linea
1428 2013 1488 2040 qua:
1515 1999 1677 2040 incorporea

884 2056 936 2081 est,
954 2050 1063 2085 attingit
1079 2057 1190 2084 corpus,
1215 2053 1241 2076 et
1260 2054 1418 2088 separatur:
1445 2050 1571 2077 similiter
1596 2051 1676 2077 etiam

886 2096 990 2123 candor
1006 2104 1013 2128 ;
1030 2096 1056 2123 in
1072 2095 1164 2122 anima
1181 2098 1270 2122 autem
1287 2103 1393 2122 verum.
1410 2095 1469 2122 Non
1492 2096 1564 2122 enim
1586 2097 1677 2123 anima

850 2156 872 2184 D
887 2149 988 2176 corpus
1000 2141 1128 2175 attigit;
1145 2148 1208 2168 nam
1221 2141 1244 2168 si
1256 2141 1412 2174 attingeret,
1430 2141 1569 2175 adjacerel
1585 2142 1620 2168 ei.
1647 2142 1676 2169 Si

888 2195 954 2215 vero
969 2187 1053 2219 istud,
1069 2195 1122 2213 non
1143 2186 1194 2213 toti
1210 2186 1336 2222 adjacet;
1354 2187 1524 2222 impossibile
1545 2188 1617 2214 enim
1636 2192 1679 2215 est

888 2241 989 2268 corpus
1005 2233 1126 2267 corpori,
1153 2236 1240 2259 totum
1267 2232 1317 2259 toti
1342 2231 1485 2267 adjacere,
1513 2237 1540 2260 et
1557 2234 1596 2260 sic
1623 2242 1678 2261 non

887 2280 940 2307 erit
971 2283 1057 2306 totum
1083 2278 1185 2305 animal
1214 2278 1375 2306 animatum.
1407 2278 1500 2313 Itaque
1518 2280 1541 2307 si
1568 2280 1676 2314 quidem

888 2325 1046 2360 contigerit,
1057 2332 1157 2359 corpus
1173 2323 1282 2359 quidem
1295 2324 1345 2351 erit
1360 2325 1450 2351 anima
1465 2334 1471 2351 :
1485 2330 1572 2352 totum
1586 2331 1677 2354 autem

889 2379 942 2399 non
958 2371 1010 2398 erit
1026 2371 1177 2397 animatum
1193 2370 1303 2397 animal.
1318 2369 1397 2403 Quod
1416 2371 1439 2398 si
1457 2375 1543 2398 totum
1559 2377 1601 2398 est
1618 2372 1676 2398 ani-

889 2422 1002 2448 malum,
1028 2424 1118 2451 neque
1132 2416 1286 2451 attingitur,
1302 2424 1392 2451 neque
1402 2424 1501 2452 corpus
1516 2422 1558 2445 est
1576 2419 1676 2451 anima,

888 2463 989 2490 animal
1003 2470 1068 2489 vero
1080 2465 1166 2489 totum
1180 2467 1223 2490 est
1242 2463 1392 2490 animatum
1409 2473 1415 2491 :
1441 2471 1530 2498 neque
1546 2472 1611 2498 ergo
1635 2468 1678 2490 at-

888 2508 1013 2543 tingitur,
1029 2515 1117 2542 neque
1139 2515 1240 2542 corpus
1264 2514 1317 2540 est.
1338 2512 1365 2536 et
1394 2513 1539 2544 separatur
1555 2517 1616 2535 cum
1642 2508 1676 2535 sit

855 2552 1028 2581 manifestum
1045 2557 1086 2580 est
1106 2560 1139 2579 ex
1155 2552 1189 2580 iis
1204 2561 1265 2588 qua:
1280 2554 1353 2581 dicta
1391 2557 1456 2582 sunt
1472 2563 1480 2587 ;
1500 2553 1572 2589 quod
1595 2554 1676 2580 dubio

39 2602 138 2638 procul
156 2608 212 2628 non
224 2600 260 2628 sit
276 2600 437 2628 substantiae
453 2607 562 2634 expers,
588 2600 718 2635 deinceps
747 2600 939 2628 declarandum
954 2603 1005 2627 est.

79 2649 165 2677 Ἐπεὶ
187 2648 216 2674 δὲ
243 2648 290 2674 καὶ
317 2647 460 2682 Δείναρχος
485 2645 616 2682 ἁρμονίαν
640 2647 758 2682 ὡρίσατο
786 2648 834 2683 τὴν

37 2696 142 2731 ψυχὴν,
160 2694 207 2721 καὶ
221 2693 321 2728 Σιμίας
337 2691 484 2726 ἀντιλέγων
498 2692 537 2726 τῷ
557 2693 694 2728 Σωκράτει
716 2693 766 2728 τὴν
784 2693 835 2728 ψυ-

37 2742 89 2776 χὴν
104 2739 243 2775 ἁρμονίαν
256 2738 376 2773 ἔφασκεν
390 2734 470 2768 εἶναι,
484 2737 570 2770 λέγων
585 2738 702 2764 ἐοικέναι
718 2738 766 2773 τὴν
787 2738 835 2773 μὲν

37 2788 130 2823 ψυχὴν
145 2785 273 2821 ἁρμονίᾳ,
298 2785 329 2811 τὸ
343 2785 371 2811 δὲ
387 2783 466 2818 σῶμα
485 2781 569 2818 λύρᾳ’·
589 2784 712 2810 ἐκθετέον
726 2784 774 2815 τὰς
791 2784 836 2810 λύ-

39 2843 96 2866 σεις
110 2833 215 2860 τούτων
233 2833 281 2864 τὰς
297 2833 325 2858 ἐν
342 2831 380 2866 τῷ
397 2831 522 2857 Φαίδωνι
541 2830 681 2862 Πλάτωνος
698 2831 834 2865 κειμένας.

924 2645 1060 2679 Quoniam
1075 2653 1140 2673 vero
1155 2647 1236 2674 etiam
1251 2646 1405 2675 Dinarchus
1428 2647 1545 2687 animam
1570 2645 1677 2672 harmo-

887 2692 961 2720 niam
978 2691 1123 2724 delinicrit,
1149 2696 1176 2720 et
1203 2692 1303 2720 Simias
1321 2694 1469 2720 adversans
1487 2691 1592 2718 Socrati
1618 2691 1676 2718 ani-

889 2745 959 2764 mam
987 2742 1151 2766 concentum
1170 2746 1232 2766 esse
1261 2739 1373 2770 dixerit,
1402 2745 1529 2764 asserens
1559 2736 1675 2763 similem

889 2793 946 2811 cum
963 2792 1023 2812 esse
1043 2785 1199 2817 harmoniae,
1214 2792 1317 2819 corpus
1332 2792 1397 2811 vero
1411 2784 1492 2819 lyrae;
1510 2791 1539 2811 ex
1546 2782 1676 2818 ponendae

889 2835 952 2857 sunt
973 2831 1124 2858 solutiones
1141 2831 1248 2864 horum,
1268 2838 1327 2866 quae
1344 2830 1370 2857 in
1395 2829 1516 2858 Platonis
1543 2828 1676 2856 Phwdone
