1914 3079
94 89 139 118 197

795 94 836 121 DF.
858 94 976 121 ANHIA.

1648 95 1699 122 {98

91 160 136 186 την
149 149 292 186 εὑρήσομεν
304 147 372 177 εἶναι
388 149 432 176 καὶ
450 150 479 176 ὲν
501 151 557 182 τοῖς
572 151 699 186 ἀψύχοις·
716 152 791 180 ὲννέα
809 153 861 187 γὰρ

923 152 983 187 μιοι]
1000 151 1022 180 si
1034 160 1114 180 omne
1129 160 1228 188 corpus
1245 152 1335 179 anima
1351 156 1404 185 est,
1422 152 1527 179 nullum
1543 159 1643 188 corpus
1658 157 1700 180 est

91 196 171 222 οὐσῶν
195 196 333 231 κράσεων,
357 196 395 227 ὡς
421 196 500 228 αὐτὸς
530 197 559 222 ὲν
584 197 623 232 τῷ
651 198 714 232 περὶ
741 198 863 232 κράσεως

92 239 180 273 ἔδειξεν
192 250 198 257 ·
223 241 292 267 ὀκτὼ
313 241 360 276 μὲν
379 241 434 268 τῶν
447 242 615 277 δυσκράτων,
632 244 695 278 μιᾶς
710 243 737 269 δὲ
756 244 802 278 τῆς
819 245 863 269 εὐ-

92 288 200 322 κράτου’
226 287 294 314 κατὰ
320 287 369 322 μὲν
392 287 440 322 τὴν
466 287 596 323 εὔκρατον
618 288 691 322 λέγει
717 289 864 324 κεκρᾶσθαι

91 333 131 359 τὸν
152 333 301 368 ἄνορωπον,
327 334 356 359 οὐ
378 334 464 360 πάντα
489 334 528 366 δὲ,
551 334 618 360 ἀλλὰ
643 335 687 360 τὸν
710 335 758 369 τῆς
781 335 865 369 μέσης

91 379 221 414 κράσεως·
239 379 307 405 κατὰ
329 380 357 405 δὲ
382 379 430 411 τὰς
450 380 531 411 ἄλλας
553 380 722 415 δυσκρασίας
742 381 775 407 τὰ
798 381 866 407 ἄλλα

91 424 141 456 ζῶα
161 425 220 450 κατ’
243 422 310 456 εἶδος
333 425 402 460 μετὰ
421 425 470 460 τῆς
493 426 539 452 ἐπὶ
560 426 590 452 τὸ
608 426 706 462 μᾶλλον
722 427 767 453 καὶ
786 424 865 462 ἦττον

91 470 200 501 ἀνέσεώς
220 479 250 497 τε
273 471 317 498 καὶ
335 472 484 503 ὲπιτάσεως
500 472 688 508 εὑρίσκονται,
711 473 758 499 καὶ
772 474 800 498 ὲν
811 474 865 504 τοῖς

91 515 194 550 ἀψύχοις
219 516 333 550 κράσεις
357 516 424 550 μετὰ
447 515 492 542 τοῦ
518 517 615 551 μᾶλλον
641 517 687 543 καὶ
710 515 806 552 ἧττον·
829 517 866 548 ὡς

91 561 162 592 αὐτὸς
178 561 257 588 πάλιν
273 562 302 587 ὲν
319 562 374 592 τοῖς
396 561 490 592 ἁπλοῖς
509 562 657 594 ἀπέδειξεν.
677 563 736 589 Ἔτι
753 564 769 598 ἡ
793 563 866 598 ψυχὴ

91 606 178 641 κρᾶσίς
197 608 287 633 ἐστιν’
313 607 341 632 αἱ
365 606 393 632 δὲ
411 606 523 641 κράσεις
539 607 609 634 κατὰ
631 608 680 639 τὰς
700 607 806 643 ἡλικίας
821 609 867 634 καὶ

91 651 134 680 τὰς
155 648 237 684 ὦρας,
262 649 309 676 καὶ
324 650 372 680 τὰς
388 649 491 682 διαίτας
502 659 509 665 ’
533 651 549 686 ἡ
564 651 636 687 ψυχὴ
658 651 848 679 ἐναλλάσσετοιι
859 661 865 668 ·

91 696 111 720 εἰ
121 694 147 720 δὲ
160 695 360 726 ἐναλλάσσεται,
375 696 406 721 οὺ
417 695 465 731 τὴν
479 696 564 731 αὐτὴν
581 696 678 732 ἔχομεν
691 697 789 733 ψυχὴν,
801 698 867 724 ἀλλὰ

91 740 152 767 κατὰ
169 741 215 776 τὴν
235 742 342 779 κρᾶσιν,
359 742 423 768 ποτὲ
440 742 488 777 μὲν
511 742 627 774 λέοντος,
644 744 709 770 ποτὲ
723 744 751 770 δὲ
766 744 866 778 προϐά-

91 794 140 816 του,
153 786 215 811 ποτὲ
235 786 263 812 δὲ
277 785 356 812 ἄλλου
375 786 457 818 τινὸς,
473 786 540 821 ὅπερ
563 787 671 814 ἄτοπον.
687 787 747 814 Ἔτι
769 788 784 822 ἡ
802 788 867 822 κρᾶ-

91 840 126 862 σς
141 831 188 857 οὐκ
211 831 378 857 ἐναντιοῦται
403 833 460 863 ταῖς
479 832 636 867 ἐπιθυμίαις
658 832 704 858 τοῦ
729 832 863 868 σώματος,

90 876 109 901 ἅ
121 876 149 902 λὰ
162 877 206 903 καὶ
220 878 355 912 συνεργεῖ.
373 876 446 912 Αὕτη
461 877 513 913 γάρ
530 878 603 903 ἐστιν
616 878 632 913 ὴ
655 877 765 904 κινοῦσα
775 886 781 891 ·
800 878 816 912 ἡ
835 877 863 903 δὲ

89 923 153 958 ψυχὴ
172 923 349 949 ἐναντιοῦται.
362 924 418 950 Οὐκ
430 923 483 959 ἄρα
496 924 592 959 κρᾶσίς
606 925 678 950 ἐστιν
695 925 710 960 ἡ
723 924 794 959 ψυχή
805 933 812 939 ·
825 924 864 950 ἔτι

90 970 110 994 εἰ
125 969 216 1003 κρᾶσίς
234 970 293 995 ἐστι
311 970 394 1005 ψυχὴ,
408 971 424 1004 ἠ
439 970 467 996 δὲ
489 971 586 1005 κρᾶσις
605 970 731 1006 ποιότης·
755 971 865 1005 ποιότης

89 1015 113 1041 δὲ
129 1015 286 1049 καὶγίνεται
299 1017 344 1042 καὶ
357 1016 514 1050 ἀπογίνεται
530 1012 616 1052 χωρὶς
632 1018 680 1051 τῆς
696 1015 742 1043 τοῦ
756 1017 862 1042 ὑποκει-

90 1060 162 1094 μένου
177 1060 296 1096 φθορᾶς·
314 1061 360 1087 καὶ
376 1061 392 1096 ἠ
409 1061 481 1096 ψυχὴ
501 1061 554 1096 ἄρα
571 1061 769 1096 χωρισοήσεται
782 1061 864 1096 χωρὶς

89 1105 132 1139 τῆς
147 1105 192 1131 τοῦ
212 1105 391 1141 ὑποκειμένου
408 1105 523 1141 φθορᾶς·
548 1106 627 1132 τοῦτο
641 1106 669 1132 δὲ
685 1107 735 1133 οὐκ
750 1106 847 1141 ἀληθές
857 1113 863 1120 ⁵

88 1152 132 1177 οὐκ
150 1151 202 1186 ἄρα
215 1152 324 1187 κρᾶσις,
340 1151 399 1178 οὐδὲ
417 1151 527 1186 ποιότης
543 1152 616 1178 ἐστὶν
629 1152 645 1187 ἡ
657 1152 739 1186 ψυχή.
754 1152 791 1178 Οὐ
812 1151 866 1187 γὰρ

88 1199 116 1233 δή
133 1207 179 1225 που
196 1199 251 1225 τῶν
273 1198 465 1234 ἀντικειμένων
484 1198 513 1224 τὸ
528 1199 620 1233 ἕτερον
643 1198 764 1232 φυσικῶς
781 1206 866 1233 προσ-

90 1246 151 1270 εῖναι
165 1244 282 1279 φήσουσι
297 1244 335 1279 τῷ
348 1244 419 1278 ζώῳ,
434 1243 471 1276 ὡς
483 1245 528 1270 ἐπὶ
539 1243 586 1270 τοῦ
599 1243 683 1278 πυρὸς
698 1244 727 1270 τὸ
749 1243 848 1279 Θερμόν
858 1251 865 1258 ·

89 1291 246 1325 ἀμετάθετον
275 1290 328 1326 γὰρ
350 1290 446 1316 τοῦτο·
472 1290 595 1324 φαίνεται
620 1290 648 1316 δὲ
670 1289 865 1326 μετατιθεμὲνη

89 1337 103 1370 ἡ
119 1337 222 1371 κρᾶσις.
241 1335 350 1362 Μᾶλλον
371 1335 398 1361 δὲ
417 1336 463 1362 καὶ
481 1335 556 1362 αὐτοί
571 1336 638 1361 εἰσιν
652 1336 675 1361 οἱ
697 1335 740 1361 διὰ
764 1335 813 1370 τῆς
831 1336 867 1361 ἰα-

89 1382 178 1417 τρικῆς
190 1381 290 1416 τέχνης
303 1381 350 1412 τὰς
364 1381 475 1415 κράσεις
497 1380 708 1415 μεταϐάλλοντες
718 1388 725 1395 ·
741 1381 780 1407 ἔτι
802 1390 868 1407 παν-

89 1428 129 1458 τὸς
143 1427 266 1462 σώματος
283 1428 310 1453 αἱ
325 1427 464 1461 ποιότητες
481 1425 606 1461 αἰσθηταί
625 1427 692 1452 εἰσιν
704 1434 711 1441 '
727 1426 783 1461 ἠδὲ
795 1427 867 1463 ψυχὴ

89 1473 134 1498 οὐκ
151 1472 278 1506 αἰσθητὴ,
295 1471 362 1498 ἀλλὰ
376 1471 457 1506 νοητή
471 1478 476 1484 ·
492 1471 541 1497 οὐκ
555 1470 608 1507 ἄρα
629 1470 739 1505 ποιότης
754 1471 866 1507 ἀσώμα-

90 1518 130 1549 τός
144 1519 215 1544 ἐστιν
235 1518 253 1552 ἡ
274 1516 357 1552 ψυχή.

915 199 1074 229 inanimum,
1091 206 1178 232 neque
1197 206 1262 233 ergo
1274 198 1353 232 lapis,
1375 205 1462 232 neque
1478 198 1560 232 ligna,
1580 205 1629 225 nec
1646 197 1701 225 ler-

917 250 986 274 rnm,
1002 243 1173 277 nequealind
1198 243 1345 278 quidquam
1374 244 1523 270 inanimum
1534 243 1596 270 erit.
1623 242 1700 276 Quod

916 287 937 312 si
969 293 1022 313 non
1049 287 1174 314 universe
1203 295 1284 314 omne
1309 291 1551 322 temperamentum
1577 287 1700 322 corporis

915 332 987 359 dicat
1001 332 1062 366 quis
1077 340 1138 359 esse
1156 333 1284 365 animam,
1303 334 1348 360 sed
1366 335 1419 360 tale
1436 333 1583 368 quoddam,
1603 341 1701 368 rogan—

916 379 979 405 dum
996 385 1035 406 est
1050 380 1138 413 qualis
1154 380 1209 405 hinc
1223 379 1336 405 mistura
1352 379 1387 405 sit
1400 387 1460 413 quae
1482 379 1583 406 animal
1605 379 1700 410 efﬁcit,

917 430 997 459 atque
1020 425 1118 451 animae
1146 424 1278 450 rationem
1307 424 1431 450 obtinct‘!
1458 423 1596 451 Utramvis
1627 425 1700 450 enim

917 471 1015 498 dixerit
1028 470 1107 497 talem
1127 470 1293 502 mistionem,
1318 470 1487 497 inveniemus
1500 477 1561 497 esse
1577 469 1699 497 eamdem

916 517 997 544 etiam
1010 517 1036 543 in
1053 517 1087 543 iis
1104 524 1165 551 quae
1181 516 1299 543 inanitna
1328 519 1401 542 sunt.
1423 514 1490 542 Nam
1514 523 1577 542 cum
1603 522 1699 541 novem

917 562 972 589 sint
1003 565 1224 596 temperamenla,
1256 565 1284 587 ut
1311 560 1368 594 ipse
1395 560 1421 585 in
1449 561 1644 586 commentario
1667 560 1700 585 de

918 606 1139 642 temperamentis
1154 606 1244 638 docet,
1259 609 1322 633 octo
1338 605 1446 639 quidem
1460 613 1491 631 ex
1510 605 1542 631 iis
1559 612 1618 638 qua:
1631 612 1701 638 aegre

918 657 1112 688 temperantur,
1122 661 1205 679 unmn
1218 660 1291 685 vero,
1304 653 1376 686 quod
1393 652 1481 678 facilis
1495 657 1536 678 est
1552 651 1701 684 temperiei,

917 706 950 726 ae
979 698 1055 733 iuxta
1083 699 1150 726 bene
1181 702 1358 733 temperatam
1395 698 1536 724 tnisturam
1564 697 1701 723 hominem

919 748 1097 778 templ-ratum
1112 752 1172 771 esse
1201 744 1279 777 dicit,
1310 743 1356 770 ενα
1379 751 1432 769 non
1456 750 1578 774 onmem;
1609 749 1703 768 rerum

919 790 993 816 illum
1008 790 1053 823 qui
1071 789 1166 817 media:
1181 793 1370 823 temperaturae
1394 793 1446 820 est,
1475 795 1505 814 ac
1535 787 1611 821 juxta
1635 787 1703 813 alias

882 831 901 856 Β
917 836 1126 870 temperationes
1141 840 1238 862 canera
1259 835 1385 861 animalia
1405 833 1556 861 serundum
1571 833 1701 866 speciem,

918 890 978 908 eum
998 882 1160 908 remissione
1181 885 1206 908 et
1226 881 1386 912 intentione,
1408 880 1440 906 ad
1468 880 1494 905 id
1517 878 1589 914 quod
1617 878 1703 909 magis

919 927 958 953 vel
971 929 1060 954 minus
1081 927 1269 953 itm-,niuntur:
1290 927 1408 960 itemque
1425 926 1452 952 in
1466 932 1556 952 rerum
1570 923 1703 950 inanima-

919 973 1243 1007 tarumtemperamentis
1267 980 1329 998 cum
1355 971 1518 999 remissione
1544 970 1584 996 vel
1613 969 1703 995 inten-

919 1019 1005 1046 tione:
1023 1024 1050 1045 ut
1066 1019 1123 1053 ipse
1139 1019 1165 1045 in
1179 1018 1350 1052 simplicibus
1364 1025 1459 1044 rursus
1478 1015 1608 1043 ostendit.
1630 1013 1702 1040 Prau-

919 1069 991 1092 terea
1008 1064 1097 1091 anima
1114 1063 1275 1098 temperatio
1285 1068 1340 1096 est;
1361 1063 1407 1090 sed
1425 1061 1634 1097 temperationes
1657 1068 1702 1086 sc-

919 1110 1036 1137 candum
1051 1110 1170 1143 habitus,
1188 1113 1291 1142 aetates,
1309 1113 1482 1144 tempestates
1494 1107 1558 1134 anni
1577 1106 1703 1134 etvictus

920 1155 1049 1190 regimina
1066 1163 1095 1182 se
1121 1155 1236 1182 habent;
1250 1160 1276 1182 et
1291 1156 1380 1181 anima
1398 1157 1580 1181 commutatur
1599 1162 1606 1179 :
1631 1151 1704 1186 quod

921 1201 944 1228 si
968 1204 1160 1233 commutatur,
1191 1208 1244 1227 non
1269 1200 1391 1227 eamdem
1409 1200 1541 1226 habemus
1569 1198 1703 1228 animam,

921 1246 967 1273 sed
981 1246 1058 1280 juxta
1084 1246 1242 1280 temperiem
1258 1244 1404 1279 aliquando
1433 1244 1529 1273 ieonis.
1558 1242 1705 1277 aliquando

920 1294 990 1324 ovis,
1012 1291 1147 1318 interdum
1163 1291 1244 1317 etiam
1263 1291 1374 1317 alterius
1396 1290 1517 1324 cujusvis
1543 1288 1704 1319 animantis,

920 1336 991 1370 quod
1004 1336 1204 1370 perabSurdum
1219 1341 1271 1363 est.
1288 1336 1373 1362 Porro
1391 1339 1632 1368 temperamentum
1651 1323 1709 1359 ιιυιῖ

922 1383 1081 1409 adversatur
1096 1382 1256 1410 libidinibus
1269 1382 1404 1417 corporis,
1419 1382 1474 1408 imo
1499 1389 1562 1408 vero
1574 1388 1703 1414 coopera-

922 1431 983 1454 tur:
1002 1427 1053 1454 hoc
1067 1428 1138 1454 enim
1155 1431 1197 1454 est
1209 1428 1281 1462 quod
1298 1432 1396 1455 tnoret.
1410 1427 1491 1462 Atqui
1507 1427 1597 1454 auida
1615 1426 1707 1452 adver-

922 1479 999 1501 satur
1014 1474 1209 1509 cupiditatibus
1222 1475 1372 1508 ejusmodi;
1389 1483 1442 1502 non
1457 1478 1498 1502 est
1518 1474 1599 1508 igitur
1615 1473 1705 1499 anima

881 1510 902 1537 ίιῖ
920 1523 1171 1553 temperamentum.
1203 1519 1289 1546 Porro
1312 1520 1445 1554 siquidem
1474 1519 1635 1552 temperatio
1665 1522 1707 1542 est

90 1565 182 1597 anima,
211 1563 374 1598 temperatio
388 1569 448 1589 vere
474 1565 516 1589 est
539 1561 673 1597 qualitas;
690 1562 747 1589 hmc
776 1566 866 1590 autem
887 1563 964 1591 adest
984 1569 1010 1591 et
1025 1564 1101 1591 abest
1118 1564 1221 1598 absque
1234 1563 1350 1598 subjecti
1366 1564 1501 1599 pernicie;
1532 1563 1614 1590 etiam
1647 1562 1707 1587 ani-

91 1617 130 1635 Ina
144 1610 246 1644 absque
267 1607 378 1635 interitu
394 1607 508 1642 subjecti
537 1607 728 1642 separabitur:
742 1607 793 1634 hoc
812 1613 902 1634 autem
937 1617 1000 1636 vero
1038 1613 1251 1636 consentaneum
1279 1618 1332 1636 non
1357 1614 1407 1636 est.

1449 1609 1508 1635 Non
1535 1608 1616 1641 igitur
1650 1607 1708 1633 aui-

91 1665 129 1683 ma
145 1662 185 1685 εει
198 1658 455 1691 temperamentum,
485 1662 535 1682 nec
560 1655 687 1690 qualitas.
715 1654 772 1682 Non
797 1656 869 1682 enim
890 1657 984 1691 utique
1001 1657 1116 1684 alterum
1133 1658 1319 1691 oppositurum
1335 1657 1496 1684 naturaliler
1534 1655 1630 1682 adesse
1664 1653 1708 1679 di-

91 1708 147 1730 cent
160 1704 282 1735 animali,
298 1706 326 1729 ut
341 1703 367 1729 in
387 1703 449 1737 igne
468 1702 598 1735 calidum,
615 1710 731 1738 namque
757 1703 808 1730 hoc
823 1703 1044 1731 incoaunutabile
1056 1708 1098 1731 est
1114 1713 1120 1730 τ
1150 1705 1225 1739 atqui
1256 1705 1413 1739 temperatio
1447 1703 1588 1730 nuntationi
1620 1702 1707 1728 obno-
1736 1732 1738 1734 ι

92 1751 129 1776 xia
144 1750 260 1777 videtur.
276 1749 347 1782 Quin
363 1749 454 1784 potius
472 1749 522 1783 ipsi
541 1753 604 1776 sunt
627 1749 674 1784 qui
690 1753 748 1776 arte
784 1749 889 1776 medica
927 1753 1139 1785 temperamenta
1173 1755 1280 1778 mutant
1300 1759 1306 1776 :
1342 1750 1439 1778 deinde
1466 1749 1556 1777 onmis
1586 1754 1709 1782 corpora;

91 1797 228 1829 qualitates
241 1797 295 1824 sub
309 1804 418 1823 sensum
432 1796 549 1829 cadunt;
564 1796 654 1823 anima
676 1804 739 1824 vero
753 1797 891 1825 sensibilis
903 1805 956 1824 non
975 1802 1026 1831 est,
1040 1797 1088 1826 sed
1119 1798 1307 1834 intelligibilis.
1341 1797 1401 1825 Non
1432 1803 1474 1825 est
1512 1797 1596 1832 igitur
1619 1794 1710 1821 anima

91 1845 202 1878 qualitas
216 1844 341 1878 corporis
360 1850 468 1878 expers.

123 1891 180 1917 Ἔτι
195 1892 211 1927 ἡ
226 1891 275 1917 τοῦ
296 1890 418 1926 σώματος
434 1891 479 1918 καὶ
493 1890 646 1926 πνεύματος
667 1892 736 1926 μετὰ
751 1892 871 1927 παροιοὲ-

91 1945 154 1969 σῖλιις
174 1937 286 1972 σαρκῶν
303 1939 349 1963 καὶ
368 1936 472 1971 νεύρων
493 1937 540 1963 καὶ
556 1936 610 1963 τῶν
634 1936 720 1964 ἄλλων
741 1938 872 1971 εὐκρασία

92 1984 161 2019 ἰσχύς
180 1985 273 2010 ἐστιν·
291 1984 338 2010 καὶ
359 1985 375 2019 ἡ
389 1983 443 2010 τῶν
459 1983 566 2019 θερμῶν
586 1983 614 2009 δὲ
629 1984 675 2010 καὶ
692 1983 803 2018 ψυχρῶν
828 1984 873 2010 κα)⁸

91 2029 174 2066 ξηρῶν
191 2032 238 2056 καὶ
248 2030 341 2064 ὑγρῶν
357 2030 499 2065 εὐκρασία,
514 2029 602 2063 ὑγίειά
617 2030 690 2056 ἐστιν
700 2037 706 2044 ·
722 2030 738 2065 ἡ
760 2029 787 2055 δὲ
804 2037 872 2064 συμ-

93 2076 183 2111 μετρία
196 2076 251 2102 τῶν
268 2075 356 2111 μελῶν
373 2076 440 2111 μετὰ
450 2076 499 2111 τῆς
513 2075 634 2110 εὐχρὸας,
648 2075 679 2101 τὸ
695 2074 789 2106 κάλλος
804 2076 874 2100 ποιεῖ

90 2122 133 2148 τοῦ
149 2121 286 2157 σώματος.
298 2120 328 2147 Et
339 2121 426 2147 τοίνυν
438 2122 454 2156 ἡ
466 2120 581 2156 ἁρμονία
594 2120 643 2155 τῆς
652 2121 755 2155 ὑγιείας
768 2121 812 2146 καὶ
827 2121 874 2154 τῆς

92 2167 177 2202 ἰσχύος
202 2166 313 2194 καὶτοῦ
333 2167 447 2198 κάλλους
471 2167 542 2202 ψυχή
565 2167 647 2196 ἐστιν,
664 2167 769 2201 ἀνάγκη
831 2166 876 2192 τὸν

91 2212 228 2248 ἄνθρωπον
247 2211 337 2244 ζῶντα
359 2212 426 2246 μήτε
446 2213 542 2243 νοσεῖν,
564 2211 630 2246 μήτε
655 2211 786 2241 ἀσθενεῖν,
806 2212 874 2245 μήτε

91 2257 208 2292 ἄμορφον
225 2255 296 2284 εἶναι
308 2265 315 2271 ·
335 2256 477 2292 συμὸαίνει
490 2256 518 2282 δὲ
538 2256 677 2287 πολλάκις,
696 2256 726 2282 οὺ
745 2256 809 2290 μίαν
827 2256 874 2290 μό-

90 2313 141 2335 νον,
159 2304 216 2330 ἀλλ’
241 2303 309 2339 ὁμοῦ
334 2303 423 2334 πάσας
444 2303 493 2334 τὰς
508 2304 580 2338 τρεῖς
605 2303 704 2334 ταύτας
728 2302 876 2337 εὐκρασίας

91 2349 266 2382 ἀπόλλυσθαι,
293 2349 340 2374 καὶ
355 2348 404 2383 ζῇν
419 2348 464 2374 τὸν
486 2348 643 2384 ἄνθρωπον
660 2347 799 2382 συμϐαίνει
823 2348 876 2382 γὰρ

91 2394 132 2420 τὸν
151 2395 233 2422 αὑτὸν
247 2393 315 2429 ὁμοῦ
335 2394 381 2420 καὶ
400 2394 522 2429 ἄμορφον
536 2392 603 2420 εἶναι
625 2394 671 2419 καὶ
686 2393 807 2419 ἀσθενεῖν
829 2393 876 2419 καὶ

91 2441 184 2468 νοσεῖν.
208 2440 268 2466 Οὐκ
288 2440 375 2475 ἄραὴ
398 2439 530 2474 εὐκρασία
553 2439 599 2465 τοῦ
624 2439 747 2474 σώματός
773 2440 845 2465 ἐστιν
859 2440 875 2473 ἡ

91 2485 169 2521 ψυχή.
189 2485 252 2516 Πῶς
264 2483 311 2511 οὖν
329 2485 440 2518 φυσικαί
454 2493 524 2515 τινες
538 2485 632 2511 κακίαι
648 2485 695 2511 καὶ
715 2486 809 2520 ἀρεταὶ
822 2487 878 2515 τοῖς

92 2531 244 2566 ἀνθρώποις
255 2531 367 2557 ἕπονται
380 2539 387 2562 ;
403 2530 487 2557 Τοῦτο
501 2531 532 2556 ἐκ
548 2530 598 2564 τῆς
612 2530 659 2556 τοῦ
673 2531 796 2565 σώματος
812 2530 877 2564 ἁλη-

92 2575 142 2606 θῶς
166 2576 294 2611 κράσεως
317 2575 428 2608 γίνεται.
454 2575 496 2606 Ὠς
510 2575 564 2610 γὰρ
590 2575 710 2609 φυσικῶς
725 2575 749 2601 οἱ
768 2575 878 2609 ὑγιεινοὶ

93 2621 136 2646 καὶ
149 2620 277 2651 νοσώδεις
291 2621 359 2646 εῑσὶν
372 2621 403 2646 ἐκ
415 2621 464 2655 τῆς
477 2621 610 2655 κράσεως,
623 2620 693 2646 οὕτω
707 2620 778 2650 τινὲς
798 2629 876 2654 φυσι-

94 2665 145 2696 κῶς
170 2666 330 2701 πικρόχολοι
353 2666 438 2697 οντες,
464 2665 567 2700 ὀργίλοι
589 2664 667 2696 εἰσὶν,
689 2665 763 2691 ἄλλοι
787 2665 877 2696 δειλοὶ,

94 2711 163 2738 ἄλλοι
176 2712 348 2746 κατωφερεῖς
358 2719 364 2725 ·
378 2711 434 2737 ἀλλ’
451 2710 515 2737 ἔνιοι
529 2710 658 2746 κρατοῦσι
671 2711 716 2736 καὶ
729 2711 879 2745 περιγίνον‹

94 2764 151 2782 ται·
173 2757 253 2791 ’δῆλον
269 2757 297 2783 δὲ
314 2757 356 2782 ὃτι
379 2757 429 2791 τῆς
444 2756 567 2791 κράσεως
584 2756 729 2791 κρατοῦσιν
741 2765 747 2771 ·
765 2756 828 2783 ἄλλο
851 2756 879 2782 δέ

95 2803 150 2828 ἐστι
167 2803 198 2829 τὸ
213 2801 342 2838 κρατοῦν,
357 2802 404 2828 καὶ
415 2801 478 2829 ἄλλο
494 2802 522 2828 τὸ
536 2802 718 2837 κρατούμενον
731 2810 736 2816 ·
753 2802 815 2828 ἄλλο
826 2802 878 2837 ἄρα

962 1891 1027 1918 ltcm
1043 1892 1166 1925 corporis
1198 1895 1225 1917 et
1249 1890 1361 1925 spiritus
1385 1889 1455 1916 bona
1472 1889 1617 1922 temperies
1642 1895 1705 1914 cum

926 1937 1178 1969 caruis,ner\‘orum
1193 1942 1274 1970 atque
1294 1936 1408 1962 aliorum
1426 1935 1606 1969 appositione,
1626 1935 1710 1961 robur

926 1988 978 2014 est,
995 1987 1022 2009 et
1037 1983 1187 2009 calidorum
1213 1990 1244 2009 ae
1263 1982 1435 2016 frigidorum,
1462 1981 1596 2008 siccorum
1619 1984 1645 2007 et
1659 1982 1710 2006 hu-

928 2029 1062 2055 midorum
1080 2028 1150 2054 bona
1168 2027 1314 2061 temperies
1330 2028 1433 2054 sanitas
1449 2030 1507 2057 est;
1526 2025 1710 2055 membrorum

928 2078 1018 2101 autem
1042 2078 1069 2100 et
1099 2077 1206 2099 artuum
1232 2073 1370 2100 moderata
1398 2072 1555 2107 symmetria
1578 2079 1625 2098 seu
1649 2079 1711 2106 pto-

929 2119 1017 2154 portio
1041 2127 1103 2146 cum
1122 2120 1242 2147 bonitate
1267 2119 1385 2151 coloris,
1409 2118 1635 2153 pulchritudinem
1651 2125 1712 2143 eor-

895 2159 917 2186 D
930 2166 1003 2200 poris
1031 2165 1104 2192 facit.
1131 2166 1223 2201 Itaque
1241 2165 1263 2193 si
1287 2165 1428 2192 harmonia
1454 2165 1590 2195 sanitatis,
1607 2168 1633 2190 et
1651 2165 1711 2198 pul«

927 2210 1090 2237 chritudinis
1103 2216 1252 2237 concentus
1267 2214 1309 2238 est
1321 2211 1422 2241 anima,
1440 2217 1552 2236 necesse
1569 2209 1650 2235 fuerit
1669 2209 1713 2235 ho-

928 2255 1026 2281 minem
1044 2255 1177 2282 viventem
1193 2263 1281 2290 neque
1294 2260 1438 2290 aegrotare,
1459 2262 1547 2288 neque
1562 2254 1712 2286 inlirmum,

927 2308 1016 2335 neque
1031 2300 1181 2328 deformem
1198 2307 1259 2328 esse
1277 2309 1283 2326 :
1308 2307 1402 2327 verum
1418 2308 1489 2334 smpe
1506 2300 1639 2334 contingit
1657 2307 1711 2326 non

929 2354 1009 2373 unatu
1024 2346 1109 2373 solam
1125 2346 1360 2380 temperationem,
1387 2345 1435 2372 sed
1462 2352 1517 2373 tres
1542 2346 1609 2372 istas
1636 2346 1713 2379 prius

927 2393 1015 2419 dictas
1029 2392 1179 2419 desiderari
1200 2396 1227 2418 et
1251 2393 1394 2428 perire._et
1411 2397 1499 2418 tamen
1519 2391 1654 2418 hominem
1672 2392 1712 2417 vi-

929 2445 1001 2464 vere.
1024 2436 1158 2465 Usuvenit
1173 2437 1245 2464 enim
1261 2438 1351 2472 ipsum
1370 2437 1452 2465 simul
1471 2441 1498 2464 et
1514 2437 1674 2467 deformem.
1688 2441 1713 2464 et

929 2483 1082 2515 inﬁrmum,
1107 2487 1133 2510 et
1157 2488 1287 2517 mgrotum
1300 2491 1370 2510 esse.
1389 2482 1447 2510 Non
1463 2488 1505 2510 est
1524 2483 1607 2518 igitur
1624 2483 1713 2508 anima

928 2530 1051 2563 corporis
1073 2530 1174 2557 bonum
1198 2534 1452 2565 temperamentum.
1477 2529 1620 2562 Quomodo
1648 2536 1713 2562 ergo

930 2573 1065 2600 naturalia
1080 2574 1203 2608 quaedam
1218 2575 1284 2601 vitia
1310 2578 1336 2601 et
1354 2575 1467 2601 virtutes
1481 2574 1646 2600 comitantur
1662 2573 1712 2599 ho—

930 2621 1033 2647 mines?
1057 2620 1113 2648 Hoc
1136 2628 1201 2648 vero
1222 2628 1254 2647 ex
1272 2619 1396 2654 corporis
1417 2627 1480 2647 vere
1498 2622 1713 2652 temperamento

929 2667 1027 2695 oritur.
1057 2666 1124 2694 Nam
1155 2666 1384 2701 quemadmodum
1412 2664 1573 2692 naturaliter
1603 2664 1661 2690 sani
1686 2668 1714 2691 et

931 2713 1050 2740 morbosi
1075 2716 1138 2740 sunt
1169 2721 1201 2740 ex
1230 2715 1462 2746 temperamento,
1489 2709 1529 2736 sic
1554 2709 1715 2736 naturaliter

931 2758 1039 2792 quidam
1054 2759 1109 2785 acri
1125 2757 1177 2784 bile
1194 2756 1287 2792 perciti
1302 2753 1424 2782 iracundi
1442 2758 1524 2787 sunt;
1540 2753 1584 2780 alii
1601 2754 1715 2780 metim-

932 2803 995 2835 losi,
1015 2803 1059 2829 alii
1079 2803 1246 2837 prazcipites;
1264 2807 1358 2827 verum
1383 2798 1492 2833 quidam
1517 2799 1658 2826 continent
1670 2803 1711 2831 se,
