1914 3079
243 88 294 118 I99

854 94 880 121 S.
902 91 1064 122 GREGORII
1084 95 1128 122 ΝΥ
1134 94 1227 124 SSENI
1799 95 1843 124 9.00

239 148 267 172 et
288 143 402 172 vincunt
423 154 429 172 :
456 145 585 173 nimirum
615 146 679 182 quia
704 151 947 183 temperamentum
973 157 1018 177 su-

1073 153 1179 188 κρᾶσις,
1194 153 1241 179 καὶ
1255 151 1317 179 ἄλλο
1326 151 1398 187 ψυχή
1411 158 1416 166 ·
1435 151 1551 187 ὄργανον
1563 151 1616 188 γὰρ
1627 151 1656 178 ὃν
1668 151 1696 178 τὸ
1713 151 1791 188 σῶμα
1803 153 1842 188 τῆς

241 194 349 224 perant.
372 190 453 226 Atqui
477 191 549 219 aliud
566 195 609 219 est
622 193 695 227 quod
710 194 831 221 continet
853 199 880 221 et
903 195 981 231 regit,
995 200 1023 223 et

241 235 317 263 aliud
331 236 403 271 quod
418 238 575 264 continetur
589 241 616 265 et
631 239 743 273 regitur.
759 240 838 267 Aliud
856 240 938 275 igitur
955 245 1019 268 tem-

241 284 438 314 peramentum.
455 285 482 308 et
497 282 570 309 aliud
586 283 676 310 anima
691 288 750 316 est;
775 292 837 312 nam
856 285 1019 312 instrumen-

239 328 297 352 tum
310 332 371 353 cum
380 326 415 354 sit
428 327 510 354 animi
521 335 630 363 corpus,
643 328 851 364 siquidemapte
860 329 1020 357 fabricatum

238 375 481 407 comparatumque
493 373 539 406 sit,
558 380 688 408 operatur
696 375 799 407 anima.
819 380 846 403 et
859 376 947 411 ipsum
961 381 1024 411 apte

237 417 432 452 commodeque
447 421 535 452 tenet;
553 420 595 446 sin
608 421 698 448 minus
712 425 805 456 aptum
820 421 853 448 ad
869 421 1022 450 functiones

239 460 332 495 fuerit.
350 467 417 491 tunc
433 465 516 494 rebus
529 473 594 494 sane
608 473 677 501 opus
693 467 790 494 animm
807 467 897 495 fuerit.
917 467 1020 495 Etenim

237 507 381 536 decertans
403 517 464 537 cttm
490 511 671 546 ineptitudine
693 512 886 545 instrumenti,
914 513 1021 541 tametsi

220 549 292 580 'non
315 553 394 581 valde
415 556 585 590 evigilaVerit
598 577 604 588 .
635 562 665 584 ut
683 563 860 586 conversetur
876 567 937 587 cum
951 560 1022 595 ipso,

238 600 322 627 veluti
343 600 474 632 musicus,
492 600 602 630 aberrat
627 612 679 630 una
701 612 764 631 cum
790 605 921 639 pravitate
945 606 1020 640 lyrae,

238 644 292 672 nisi
310 645 386 690 pit-ius
411 646 496 681 ipsam
519 649 733 677 concinnaverit.
764 650 935 686 Quapropter
951 657 1021 686 opus

238 693 282 716 est
295 689 391 718 anima:
401 698 467 718 cura
480 694 613 727 corporis.
631 698 662 720 ut
677 699 816 729 comparet
828 702 906 722 suum
923 695 1023 723 instru-

240 739 361 762 mentum
378 736 429 763 sibi
453 742 555 772 aptum,
567 730 618 774 ope
632 739 746 766 rationis
766 743 793 767 et
809 747 926 773 morum,
950 745 980 768 ut
994 741 1020 768 in

238 785 372 808 concentu
385 782 553 815 hartuonico,
568 785 631 811 dum
646 785 741 819 partim
756 785 839 819 laxat,
856 786 952 820 partim
974 787 1017 813 in-

1073 198 1179 234 ψυχῆς,
1197 199 1244 225 ἐὰν
1264 198 1313 233 μὲν
1336 198 1495 233 ἐπιτηδείως
1516 197 1732 233 κατασκευασθῇ,
1750 199 1844 233 ἔνερτεί

1073 245 1105 279 τῇ
1121 244 1205 279 ψυχῇ,
1222 244 1268 270 καὶ
1282 244 1347 270 αὐτὸ
1363 243 1419 279 ἔχει
1434 243 1603 278 ἐπιτηδείως·
1629 242 1676 269 ἐὰν
1697 243 1727 269 δὲ
1743 243 1779 279 μὴ
1794 244 1842 270 ἐπι.

1071 290 1175 324 τήδειον
1195 290 1340 325 ὲνήργηκε,
1355 289 1415 316 τότε
1431 290 1510 325 χρεία
1530 290 1562 324 τῇ
1581 289 1653 324 ψυχῇ
1674 289 1842 324 πραγμάτων.

1075 334 1285 370 Ἀπομαχομὲνη
1307 334 1361 370 γὰρ
1385 334 1453 370 πρὸς
1477 334 1527 369 τὴν
1546 334 1785 369 ἀνεπιτηδειότητα
1805 334 1842 360 τοῦ

1071 379 1197 414 ὀργάνου,
1211 379 1262 406 κᾶν
1278 379 1314 415 μὴ
1334 379 1436 415 σφόδρα
1451 380 1532 415 νήψῃ,
1555 380 1603 406 καὶ
1617 379 1843 414 συνδιαστρέφεται

1071 424 1155 460 αὐτῷ,
1170 425 1293 460 καθάπερ
1308 425 1444 460 μουσικδς,
1458 426 1688 462 συνεξαμαρτάνει
1701 426 1736 461 τῇ
1750 426 1797 461 τῆς
1806 426 1843 453 λύ-

1073 479 1122 505 ρας
1137 471 1284 507 διαστροφῇ
1297 491 1305 504 ,
1321 472 1369 499 εὰν
1387 472 1423 508 μὴ
1448 472 1578 508 πρότερον
1593 472 1677 508 αὐτὴν
1695 473 1843 508 καταστήσῃ

1071 514 1170 546 καλῶς.
1185 515 1231 542 Διὸ
1252 516 1298 542 καὶ
1323 516 1402 552 χρεία
1423 517 1455 552 τῇ
1471 516 1543 552 ψυχῇ
1566 517 1616 552 τῆς
1631 514 1788 551 ἐπιμελείας
1805 517 1843 543 τοῦ

1072 559 1206 594 σώματος,
1225 560 1269 587 ἵνα
1293 561 1451 597 καταστήσῃ
1477 562 1541 588 αὐτὸ
1566 562 1680 598 ὄργανον
1703 562 1843 596 ἐπιτήδειον

1071 606 1153 642 ἑαυτῇ
1164 614 1170 620 ·
1185 606 1231 633 καὶ
1250 606 1328 633 τοῦτο
1341 606 1369 633 δὲ
1384 608 1456 632 ποιεῖ
1475 607 1518 634 διά
1531 615 1560 633 τε
1581 607 1628 633 τοῦ
1646 607 1727 640 λόγον
1743 608 1844 634 καὶτῶν

1070 652 1154 686 ἠθῶν,
1170 652 1207 684 ὡς
1219 653 1248 679 ὲν
1262 652 1390 688 ἁρμονίᾳ,
1405 652 1439 679 τὰ
1456 652 1505 687 μὲν
1520 652 1639 688 χαλῶσα,
1654 653 1688 679 τὰ
1706 653 1736 679 δὲ
1758 653 1844 680 ἐπιτεί-

1071 705 1161 728 νουσα,
1184 697 1228 723 ἵνα
1248 697 1375 732 ἁρμόδιον
1395 696 1460 723 αὐτὸ
1484 697 1565 732 ἑαυτῇ
1581 698 1786 733 κατασκευάσῃ,
1807 697 1844 724 καὶ

1071 743 1205 777 χρήσηται
1228 742 1371 777 ἐπιτηδείῳ
1389 741 1496 776 ὀργάνῳ
1508 749 1514 756 ⁸
1532 742 1583 768 κᾶν
1605 741 1642 777 μὴ
1662 742 1733 776 αὐτὴ
1751 742 1844 768 συνδια-

1072 790 1178 824 στραφῇ
1195 788 1284 823 αὐτῷ·
1304 788 1445 823 συμϐαίνει
1459 787 1512 823 γὰρ
1528 787 1573 814 καὶ
1591 787 1679 814 τοῦτο.
1705 787 1844 822 Ἀριστοτέ-

238 827 335 858 tendit,
361 832 390 855 ut
416 829 578 856 concinnam
604 830 718 865 gratiam
747 830 833 865 ipsam
857 831 1018 866 sibimetipsi

1070 823 1117 868 ληξ
1137 833 1230 867 δὲτὴν
1254 833 1341 867 ψυχὴν
1363 832 1529 867 ἐντελέχειαν
1554 831 1649 866 λέγων,
1672 832 1752 858 οὐδὲν
1777 830 1844 867 ἧττον

237 876 386 905 comparet,
403 877 429 899 et
451 873 559 907 proprio
575 874 758 902 instrumento
783 880 901 911 apteque
916 880 1018 909 utatur,

238 920 321 950 utque
333 916 390 950 ipsa
403 924 456 943 non
468 917 630 952 depravetur
641 926 702 945 cum
721 921 796 954 ipso;
819 921 956 948 enimvero
968 921 1019 948 hoc

235 961 318 987 etiam
336 962 470 989 usuvcnit.
482 962 614 990 Caeterum
625 963 786 992 Aristoteles
797 965 914 992 animum
927 970 1017 993 actutn

237 1005 387 1038 perfectum
403 1014 464 1034 esse
488 1007 600 1040 dicens,
625 1009 803 1036 nihilominus
819 1011 968 1045 propendet
985 1011 1018 1038 ad

236 1058 284 1078 eos
298 1051 345 1085 qui
361 1051 447 1086 ipsam
464 1053 620 1087 qualitatem
646 1053 751 1081 dicunt.
779 1054 831 1082 Sed
847 1056 922 1089 prius
939 1065 1018 1091 quem

236 1101 316 1124 vocet
332 1101 423 1124 actum
440 1099 602 1133 perfectum,
623 1100 804 1128 declaramus.
833 1101 1018 1130 Stthstantiam

237 1142 327 1170 tribus
341 1143 428 1170 modis
440 1144 505 1170 dicit
519 1152 526 1170 ε
545 1145 615 1171 lianc
629 1146 739 1180 quidem
755 1150 783 1173 ut
800 1147 940 1174 materiam
956 1148 1020 1175 sub-

236 1186 346 1221 jectam,
369 1188 441 1223 quod
463 1196 512 1223 per
535 1197 564 1217 se
585 1191 693 1225 quidem
715 1191 784 1218 nihil
801 1195 853 1224 est,
872 1193 1018 1227 potentiam

237 1236 327 1260 tamen
351 1233 433 1261 habet
455 1235 488 1262 ad
508 1240 608 1263 ortum.
632 1237 714 1264 Aliud
732 1242 821 1265 autem
837 1243 878 1266 est
892 1239 979 1267 forma
993 1243 1019 1267 et

237 1279 359 1312 species,
390 1280 539 1308 secundum
568 1289 648 1316 quam
682 1283 851 1317 speciﬂcatur
884 1285 1017 1317 materia;

237 1325 317 1352 tertio
343 1326 403 1353 loco
428 1330 574 1362 utrttmque
598 1327 680 1355 simul
704 1329 776 1363 quod
800 1337 830 1356 ex
860 1331 971 1357 materia
991 1334 1019 1357 et

237 1368 324 1397 forma
347 1371 546 1405 constitutum,
576 1373 647 1406 quod
673 1379 715 1400 est
739 1375 832 1409 utique
856 1376 1017 1402 animatum.

237 1415 417 1448 Quamobrem
443 1418 556 1444 materia
582 1417 692 1452 quidem
716 1420 835 1453 potentia
851 1411 910 1451 est,
932 1421 1018 1448 forma

237 1468 302 1488 vero
323 1466 410 1490 actus.
439 1461 496 1490 Hoc
520 1471 601 1497 porro
629 1463 754 1490 bifariam
779 1465 957 1498 intelligitur,
989 1471 1018 1493 ut

237 1509 364 1546 scientia,
381 1513 408 1537 et
423 1510 565 1536 scientiam
583 1509 758 1537 considerare
776 1511 929 1543 :vidclicet,
953 1513 1017 1539 illud

237 1555 347 1589 quidem
363 1559 393 1582 ut
405 1555 560 1590 dispositio,
577 1555 628 1583 hoc
642 1561 731 1583 autem
747 1561 776 1583 ut
787 1561 882 1590 actus;
906 1558 1017 1586 scientia

237 1604 323 1632 certe,
336 1604 366 1627 ut
379 1600 443 1627 dttm
459 1601 549 1628 anima
565 1608 631 1628 sana
645 1607 696 1633 est,
712 1607 739 1629 et
755 1602 819 1629 dum
836 1604 921 1637 sopita
933 1604 1016 1639 jacet,

237 1649 265 1672 ct
286 1645 350 1673 dum
375 1646 492 1681 evigilat,
518 1647 635 1681 primum
659 1647 768 1682 quidem
793 1649 884 1684 vigilia
907 1657 954 1677 seu
969 1658 1018 1677 ex-

239 1691 373 1725 perrectio
395 1696 437 1719 est
457 1692 484 1719 in
504 1693 732 1728 contemplando.
752 1701 834 1729 sopor
857 1701 921 1721 vero
936 1695 964 1721 in
979 1696 1018 1721 vi-

237 1736 335 1766 dendo.
354 1741 381 1764 et
396 1737 506 1765 minime
528 1738 676 1773 operando.
694 1739 733 1766 Ac
756 1739 831 1773 prior
851 1740 961 1774 quidem
976 1745 1019 1768 est

238 1783 354 1811 scientia
369 1785 543 1818 operatione;
568 1789 595 1812 et
620 1790 762 1820 propterea
786 1786 900 1820 primum
926 1791 1016 1813 actutn

238 1829 355 1864 appellat
382 1828 521 1862 formam;
549 1830 697 1857 secundum
728 1838 791 1858 vero
817 1830 1016 1863 diﬂ'erentiam;

238 1874 321 1901 veluti
334 1873 430 1901 oculus
446 1879 488 1902 est
506 1875 621 1909 subjecti
635 1879 661 1903 et
676 1876 790 1910 formes;
815 1883 847 1903 ac
865 1876 1017 1911 subjectum

238 1919 345 1954 quidem
361 1924 402 1947 est
416 1921 442 1947 in
459 1921 528 1955 ipso,
541 1921 614 1956 quod
628 1926 717 1948 autent
732 1922 827 1956 recipit
844 1922 942 1955 visum,
960 1930 1018 1949 ma-

236 1964 306 1991 teria
321 1968 363 1992 est
377 1965 465 1999 oculi;
483 1966 634 2001 appellatur
646 1966 728 1994 etiam
745 1967 789 1994 hic
803 1967 943 2001 aequivoce
955 1974 1019 1994 ocu-

238 2009 290 2037 lus.
318 2009 415 2037 Forma
437 2019 501 2038 vero
516 2016 544 2039 et
569 2016 647 2039 acttts
672 2013 775 2046 primus
793 2013 933 2039 oculorum
960 2013 1018 2046 ipse

236 2056 313 2083 visus
327 2060 380 2089 est,
395 2060 423 2083 et
445 2058 491 2091 qui
511 2061 621 2091 praestat
644 2062 674 2084 ttt
699 2057 790 2084 videre
811 2057 897 2092 possit
910 2057 1016 2084 oculus.

237 2101 379 2129 Secundus
407 2107 496 2130 autem
520 2107 597 2129 actus
624 2103 697 2129 oculi
713 2107 754 2130 est
779 2103 919 2137 operatio,
941 2102 1017 2136 juxta

1071 878 1237 913 συμφέρεται
1253 879 1308 908 τοῖς
1324 877 1452 912 ποιότητα
1470 877 1592 910 λέγουσιν
1607 877 1691 911 αὐτήν
1703 885 1711 892 ·
1728 877 1845 910 διασαφή-

1071 932 1161 959 σωμεν
1173 922 1203 950 δὲ
1219 924 1349 959 πρότερον
1371 923 1419 957 τὴν
1434 922 1601 957 ἐντελέχειαν
1615 923 1674 948 τίνα
1694 922 1783 949 καλεῖ.
1799 922 1844 956 Τὴν

1069 969 1161 995 οὐσίαν
1183 969 1282 1004 τριχῶς
1297 968 1385 1002 λέγει·
1400 967 1448 1002 τὴν
1470 968 1518 1003 μὲν
1531 967 1568 999 ὡς
1582 966 1647 1002 ὓλην
1667 967 1844 1002 ὑποκείμενον,

1069 1014 1083 1039 ὃ
1102 1013 1163 1040 καθ’
1177 1014 1256 1040 ἑαυτὸ
1282 1015 1330 1049 μὲν
1348 1014 1431 1049 μηδέν
1451 1014 1523 1045 ἐστι,
1538 1013 1651 1049 δύναμιν
1674 1013 1703 1040 δὲ
1719 1014 1775 1048 ἕχει
1790 1012 1845 1048 πρὸς

1069 1059 1191 1092 γένεσιν·
1205 1059 1295 1094 ἕτερον
1307 1060 1335 1085 δὲ
1349 1059 1438 1094 μορφὴ
1452 1059 1499 1085 καὶ
1508 1055 1586 1090 εἶδος,
1598 1058 1657 1085 καθ’
1669 1059 1705 1094 ἣν
1719 1059 1846 1085 εῐδοποιεῖη

1069 1112 1112 1129 ται
1130 1104 1146 1139 ὴ
1166 1103 1233 1139 ὓλη’
1254 1104 1344 1139 τριτον
1361 1103 1389 1130 δὲ
1413 1103 1444 1129 τὸ
1472 1103 1683 1139 συναμφότερον,
1710 1104 1741 1129 τὸ
1763 1105 1793 1129 ἐκ
1806 1103 1846 1136 τῆς

1071 1148 1135 1184 ὕλης
1150 1148 1252 1176 καὶτοῦ
1264 1148 1350 1181 εἴδους
1363 1150 1556 1184 γεγενημένον,
1569 1150 1582 1175 ὃ
1595 1149 1652 1175 ἐστι
1667 1149 1764 1175 λοιπὸν
1777 1148 1846 1183 ἐμψυ-

1069 1203 1126 1229 χον.
1148 1194 1225 1221 Ἔστι
1245 1195 1293 1229 μὲν
1312 1192 1359 1221 οὖν
1376 1196 1392 1229 ἡ
1417 1194 1466 1230 μὲν
1483 1194 1532 1230 ὕλη
1548 1195 1677 1229 δύναμις,
1696 1195 1728 1220 τὸ
1746 1194 1774 1220 δὲ
1789 1192 1845 1224 εἶδος

1070 1239 1230 1274 ἐντελέχεια.
1246 1237 1330 1266 Τοῦτο
1343 1240 1371 1267 δὲ
1385 1240 1464 1275 διχῶς
1477 1241 1585 1271 νοεῖται,
1596 1240 1632 1271 ὡς
1646 1240 1798 1275 ἐπιστήμη,
1809 1239 1845 1265 καὶ

1069 1285 1099 1311 τὺ
1119 1285 1230 1320 θεωρεῖν
1243 1285 1292 1320 τὴν
1306 1284 1459 1320 ἐπιστήμην
1471 1292 1477 1299 ·
1493 1285 1627 1317 τουτέστι,
1641 1284 1672 1310 τὸ
1689 1285 1742 1319 μὲν
1755 1285 1790 1316 ὡς
1799 1285 1845 1310 διαη

1070 1329 1158 1361 θεσις,
1175 1330 1206 1355 τὺ
1227 1329 1254 1355 δὲ
1268 1330 1305 1360 ὡς
1319 1329 1443 1364 ἐνέργεια
1457 1337 1463 1344 ’
1481 1329 1617 1364 ἐπιστήμη
1635 1329 1696 1363 μὲν,
1717 1330 1759 1355 ὃτι
1777 1330 1804 1354 ἐν
1815 1328 1846 1362 τῷ

1069 1374 1199 1408 ὑγιαίνειν
1209 1374 1258 1409 τὴν
1271 1374 1359 1409 ψυχὴν
1370 1375 1495 1409 ὑπάρχει·
1505 1374 1552 1400 καὶ
1564 1375 1708 1400 ὑπνοῦσαι’
1717 1375 1764 1400 καὶ
1778 1375 1847 1408 ἐγρη-

1069 1419 1178 1454 γορέναι
1190 1427 1196 1434 ·
1214 1419 1321 1454 πρῶτον
1335 1419 1391 1454 aeq
1414 1420 1462 1454 μὲν
1480 1419 1642 1454 ἐγρήγορσις
1660 1420 1721 1446 ἐστι
1739 1419 1778 1453 τῷ
1792 1418 1846 1444 θεω-

1073 1466 1144 1499 ρεῖν,
1163 1466 1177 1491 ὁ
1194 1464 1221 1490 δὲ
1243 1464 1325 1495 ὕπνος
1340 1464 1379 1498 τῷ
1396 1464 1504 1498 βλέπειν
1521 1464 1567 1490 καὶ
1585 1464 1622 1498 μὴ
1637 1464 1772 1498 ἐνεργεῖν.
1788 1463 1846 1498 Προ-

1070 1509 1137 1544 τέρα
1157 1509 1185 1535 δέ
1213 1510 1285 1535 ἔστιν
1306 1509 1323 1543 ὴ
1345 1509 1482 1543 ἐπιστήμη
1506 1509 1555 1542 τῆς
1578 1508 1730 1543 ἐνεργείας.
1753 1508 1797 1534 Διὸ
1810 1508 1847 1533 καὶ

1070 1554 1180 1590 πρώτην
1193 1554 1358 1589 ἐντελέχειαν
1371 1554 1448 1580 καλεῖ
1460 1554 1489 1580 τὸ
1512 1553 1594 1586 εἶδος,
1608 1554 1737 1588 δεύτερον
1756 1554 1784 1580 δὲ
1799 1554 1846 1580 δια-

1069 1600 1154 1636 φορὰν
1168 1599 1217 1634 τὴν
1237 1600 1376 1635 ἐνέργειαν
1386 1607 1393 1614 ·
1407 1597 1462 1626 οἷον
1478 1599 1616 1634 ὀφθαλμὸς
1631 1600 1659 1631 ἐξ
1675 1599 1847 1634 ὑποκειμένου

1069 1645 1127 1671 ἐστὶ
1137 1646 1184 1671 καὶ
1199 1645 1296 1676 εἴδους·
1309 1646 1356 1671 καὶ
1365 1645 1424 1671 ἐστι
1435 1645 1466 1671 τὸ
1480 1646 1528 1680 μὲν
1540 1645 1722 1680 ὑποκείμενον
1733 1645 1762 1671 ἐν
1774 1645 1846 1677 αὐτῷ,

1068 1691 1098 1717 τὸ
1112 1691 1140 1718 δὲ
1156 1690 1312 1726 δεδεγμένον
1329 1691 1378 1726 τὴν
1394 1691 1466 1725 ὄψιν,
1483 1690 1531 1726 ὓλη
1551 1690 1691 1725 ὀφθαλμοῦ
1704 1699 1712 1706 ·
1738 1691 1847 1717 nisiut

1069 1737 1115 1763 καὶ
1129 1735 1196 1771 αὕτη
1207 1735 1498 1771 ὀμωνύμωςόςρθαλμός
1508 1744 1515 1752 ·
1530 1734 1597 1767 εἶδος
1611 1736 1640 1762 δὲ
1649 1735 1698 1762 καὶ
1707 1736 1848 1769 ἐντελὲχΞῑι

1069 1781 1185 1816 ἡπρώτη
1195 1779 1341 1815 ὀφθαλμῶν
1348 1780 1415 1815 αὑτὴ
1422 1781 1438 1814 ἡ
1447 1780 1517 1814 ὄψις,
1528 1781 1544 1814 ἡ
1553 1780 1583 1806 τὺ
1592 1779 1704 1806 δυνατὸν
1711 1780 1778 1814 ὸρᾷν
1786 1777 1848 1810 αὐτῷ

1069 1826 1252 1861 παρεχομένη.
1274 1825 1392 1860 Δευτέρσι
1405 1825 1433 1851 δὲ
1456 1825 1605 1860 ἐντελέχεια
1621 1826 1678 1851 ἐστι
1697 1825 1748 1851 τοῦ
1761 1823 1849 1858 ὀφθαλ-

1070 1871 1120 1906 μιιῦ
1130 1872 1145 1906 ἡ
1156 1871 1289 1906 ἐνέργεια..
1301 1871 1361 1897 καθ’
1371 1872 1403 1905 ἣν
1411 1871 1471 1906 ὁρᾷ.
1486 1871 1590 1905 ’Ὥσπερ
1602 1867 1647 1897 οὖν
1659 1871 1673 1896 ὁ
1681 1871 1747 1906 ἄρτι
1755 1867 1849 1904 τεχθεὶς

1069 1916 1179 1948 σκύλαξ,
1195 1917 1254 1942 οὐδὲ
1268 1915 1362 1950 ἑτέραν
1379 1916 1427 1951 μὲν
1439 1916 1494 1950 ἔχει
1507 1915 1684 1950 ἐντελέχειαν,
1702 1916 1816 1948 δύναμιν
1826 1913 1848 1939 δὲ

1068 1961 1124 1996 ἔχει
1142 1961 1188 1988 τοῦ
1208 1961 1334 1993 δέξασθαι
1353 1961 1402 1996 τὴν
1423 1961 1588 1996 ἐντελέχειαν
1600 1969 1607 1976 ”
1622 1961 1696 1988 οὕτω
1711 1962 1754 1988 δεῖ
1769 1961 1849 1988 λαὸεἳν

1068 2006 1159 2033 καὶτὸ
1180 2006 1229 2041 τῆς
1250 2006 1350 2041 ψυχῆς.
1373 2006 1416 2038 Ὧς
1433 2007 1486 2042 γὰρ
1507 2007 1565 2033 ἐκεῖ
1581 2006 1745 2042 γεννηθεϊσα
1765 2008 1782 2041 ἡ
1798 2006 1849 2039 635:;

1068 2051 1164 2078 τελειοί
1187 2052 1232 2078 τὸν
1253 2052 1400 2087 ὀφθαλμὸν,
1420 2051 1507 2083 οὓτως
1527 2052 1643 2080 ἐνταῦθα
1660 2051 1848 2087 γεννηθεῖσαὴ

1068 2096 1141 2131 ψυχὴ
1159 2097 1187 2124 ὲν
1209 2097 1247 2132 τῷ
1271 2097 1375 2133 σώματι
1394 2099 1493 2125 τελειοῖ
1511 2098 1542 2125 τὸ
1562 2098 1641 2130 ζῶον,
1655 2098 1694 2129 ὡς
1710 2098 1781 2133 μήτε
1796 2098 1849 2124 ἄνευ

235 2155 317 2183 quam
341 2147 422 2175 videt.
441 2147 675 2180 Quemadmodum
702 2147 785 2181 igitur
815 2154 909 2174 reCens
937 2150 1017 2173 natus

1072 2141 1196 2176 σώματος
1213 2140 1280 2169 εἷναί
1296 2152 1361 2170 ποτε
1379 2143 1428 2179 τὴν
1441 2144 1540 2178 ψυχὴν,
1558 2144 1626 2179 μήτε
1641 2143 1722 2178 σῶμα
1736 2143 1798 2178 δίχα
1807 2142 1850 2175 ψυ-

235 2193 344 2220 catulus
367 2200 422 2219 non
447 2192 597 2219 secundum
624 2191 733 2226 quidem
750 2196 840 2218 actum
866 2195 949 2223 tenet,
972 2190 1018 2218 sed

235 2237 355 2273 potentia
378 2237 508 2271 praeditus
523 2242 566 2264 est
582 2241 671 2264 actum
687 2236 836 2269 accipiendi
850 2256 858 2267 .
883 2237 924 2264 sic
948 2237 1021 2263 acci-

237 2290 300 2317 pere
316 2285 422 2316 oportet
444 2281 528 2308 anitni
553 2281 607 2307 vim
623 2285 648 2308 et
671 2284 806 2307 naturam.
832 2279 900 2307 Nam
920 2284 949 2307 ut
965 2281 1020 2307 illic

236 2330 348 2356 exortus
369 2325 484 2353 intuitus
508 2325 615 2361 perlicit
638 2326 767 2357 oculum,
794 2326 832 2352 ita
857 2325 902 2352 hic
926 2331 1020 2353 exorta

237 2379 329 2399 anima
352 2372 380 2398 in
396 2378 522 2405 corpore,
549 2371 653 2405 perlicit
678 2371 789 2403 animal,
806 2374 835 2397 ut
852 2379 939 2406 neque
962 2371 1020 2399 sine

237 2423 353 2451 corpore
369 2423 432 2443 esse
448 2423 568 2449 unquam
591 2417 681 2442 anima
705 2417 800 2450 possit,
819 2424 906 2451 neque
920 2424 1019 2451 corpus

236 2462 341 2495 absque
356 2462 456 2488 anima.
473 2459 572 2488 Verum
591 2460 662 2487 enim
679 2468 779 2496 corpus
792 2461 846 2488 vita
864 2462 1018 2496 praeditum,

235 2516 305 2543 opus
322 2507 420 2534 animae
434 2507 552 2534 animam
566 2511 654 2539 vocat,
672 2507 817 2541 sejungens
833 2507 867 2534 ab
878 2507 934 2542 ipsa
945 2506 1018 2540 quod

236 2553 370 2580 rationale
388 2556 439 2579 est.
466 2551 520 2578 Sed
540 2552 708 2586 oportuisset
732 2559 840 2578 onmem
858 2551 939 2578 simul
957 2552 1017 2577 ani-

237 2604 308 2624 mam
331 2596 477 2624 humanam
494 2596 628 2629 accipere,
651 2599 678 2623 et
694 2604 748 2623 non
761 2603 804 2634 ⁴(ιιι
827 2600 913 2630 parte,
931 2603 1019 2630 eaque

235 2641 437 2672 inﬁrmissima,
462 2640 496 2668 de
517 2644 574 2668 toto
604 2641 764 2668 sententiam
790 2640 890 2668 dicere.
920 2639 1018 2668 Postea

236 2693 336 2721 corpus
361 2687 399 2714 ait
427 2690 560 2721 potestate
581 2686 664 2713 vitatu
692 2685 792 2713 habere
816 2691 843 2712 et
873 2689 1017 2719 antequam

237 2730 328 2757 anima
343 2732 503 2759 exstitisset.
525 2731 596 2759 Dicit
616 2732 688 2759 enim
711 2739 811 2765 corpus
827 2734 959 2766 potestate
976 2731 1017 2757 vi-

238 2781 293 2803 tam
309 2775 407 2803 habere
422 2777 448 2804 in
462 2777 570 2812 scipso;
590 2782 695 2812 oportet
714 2782 803 2804 autent
819 2784 920 2811 corpus
933 2777 1016 2803 vitam

1070 2186 1130 2222 χῆς.
1153 2188 1232 2215 Ἀλλὰ
1252 2189 1282 2215 τὸ
1297 2189 1346 2224 μὲν
1366 2188 1480 2220 ζωτικὸν
1498 2189 1578 2224 σῶμα
1593 2189 1672 2223 ἔργον
1691 2189 1744 2224 τῆς
1760 2187 1849 2223 ψυχῆς.

1070 2232 1158 2267 ψυχὴν
1181 2232 1269 2265 καλεῖ,
1294 2233 1417 2268 χωρίζων
1435 2234 1520 2268 αὐτῆς
1543 2233 1573 2259 τὸ
1593 2233 1714 2266 λογικόν.
1733 2233 1807 2260 Ἔδει
1827 2231 1850 2257 δὲ

1071 2278 1160 2303 πᾶσαν
1174 2277 1240 2312 ὁμοῦ
1256 2278 1347 2304 λαϐεῖν
1361 2278 1410 2312 τὴν
1425 2278 1567 2313 ἀνθρώπου
1581 2278 1679 2313 ψυχὴν,
1693 2280 1742 2305 καὶ
1756 2279 1792 2314 μὴ
1805 2277 1850 2304 ἀπὸ

1072 2322 1181 2357 μέρους,
1199 2323 1246 2349 καὶ
1260 2323 1345 2349 ταῦτα
1359 2323 1406 2349 τοῦ
1421 2323 1712 2359 ἁσθενεστὰτου,”περὶ
1728 2325 1777 2351 τοῦ
1794 2332 1851 2350 ιιταν⁸

1069 2367 1115 2397 τὸς
1126 2368 1331 2402 ἀποφαίνεσθαι.
1348 2369 1462 2395 Ἔπειτα
1474 2369 1504 2395 τὸ
1522 2369 1602 2404 σῶμά
1621 2378 1689 2404 φησι
1703 2370 1817 2405 δυνάμει
1828 2367 1851 2393 τὸ

1071 2411 1120 2447 ζῇν
1136 2411 1217 2447 ἔχειν,
1236 2413 1282 2438 καὶ
1307 2413 1360 2448 πρὸ
1375 2413 1421 2439 τοῦ
1442 2414 1567 2448 γενέσθαι
1583 2414 1633 2449 τὴν
1658 2415 1760 2449 ψυχήν.
1781 2415 1851 2447 Λέγει

1070 2457 1123 2492 γὰρ
1135 2457 1166 2483 τὸ
1181 2457 1260 2492 σῶμα.
1273 2458 1385 2493 δυνάμει
1401 2459 1473 2494 ζωὴν
1487 2459 1559 2494 ἔχειν
1573 2461 1602 2486 ὲν
1613 2460 1714 2495 ἑαυτῷ.
1731 2461 1813 2486 Δείδὲ
1828 2459 1852 2484 τὸ

1071 2502 1150 2536 σῶμα
1163 2502 1192 2528 τὺ
1202 2503 1314 2538 δυνάμει
1326 2503 1397 2539 ζωὴν
1411 2504 1471 2539 ἕχον
1490 2505 1620 2540 πρότερον
1639 2505 1769 2541 ἐνεργείᾳ
1783 2507 1853 2539 σῶμα

1070 2545 1155 2573 εἶναι·
1171 2548 1200 2573 οὐ
1223 2547 1332 2575 δύναται
1347 2548 1375 2575 δὲ
1399 2549 1523 2584 ἐνεργείᾳ.
1544 2549 1624 2584 σῶμα
1649 2547 1721 2577 εἶναι
1745 2551 1797 2585 πρὸ
1812 2548 1852 2575 τοῦ

1069 2592 1196 2624 δέξασθαι
1211 2593 1241 2619 τὺ
1255 2591 1334 2625 εἶδος.
1352 2594 1420 2630 ’Ύλη
1436 2595 1489 2630 γάρ
1506 2595 1579 2621 ἐστιν
1595 2595 1701 2628 ἄποιος,
1721 2598 1770 2622 καὶ
1789 2596 1818 2622 οὐ
1828 2594 1853 2621 τὸ

1071 2638 1159 2674 σῶμα.
1187 2639 1327 2666 Ἀδύνατον
1350 2639 1403 2676 ἄρα
1428 2640 1457 2666 τὸ
1482 2640 1519 2675 μὴ
1543 2641 1572 2666 ὃν
1594 2641 1722 2677 ἐνεργείᾳ
1747 2642 1852 2676 δύναμιν

1070 2684 1141 2719 ἔχειν
1157 2684 1224 2720 πρὸς
1237 2685 1266 2711 τὸ
1281 2685 1311 2717 ἐξ
1327 2685 1408 2712 αὑτοῦ
1428 2694 1454 2712 τι
1469 2686 1601 2719 γίνεσθαι.
1618 2686 1651 2712 Εἰ
1673 2687 1701 2713 δὲ
1714 2688 1762 2713 καὶ
1781 2687 1852 2720 σῶμα

1071 2731 1117 2756 καὶ
1138 2730 1249 2765 δυνάμει
1264 2731 1337 2757 ἐστί·
1357 2730 1415 2763 πῶς
1430 2731 1460 2758 τὸ
1473 2731 1586 2766 δυνάμει
1608 2732 1700 2766 σῶμα,
1717 2733 1851 2767 δυνάμεως

1069 2775 1141 2810 ζωὴν
1155 2776 1224 2810 ἔχειν
1238 2777 1265 2802 ὲν
1279 2776 1365 2812 ἑαυτῷ
1379 2776 1502 2809 δύνασις
1521 2777 1624 2809 Ἄλλως
1638 2785 1667 2804 τε
1681 2778 1728 2804 ἐπὶ
1743 2778 1792 2812 μὲν
1805 2775 1851 2802 τῶν
