1914 3079
39 128 87 156 EO!

762 119 805 146 DE
825 116 939 146 ANlM.\.

1615 113 1670 140 21λὲ

39 166 127 213 dilui;
141 185 256 212 δυνατὸν
272 183 366 218 ἔχοντά
382 191 407 208 τι
423 181 459 217 μὴ
473 181 588 217 χρῆσθαι
603 179 687 215 αὐτῷ,
706 176 761 205 οἷον
770 178 831 213 ὄψιν

887 177 986 204 habens
1009 178 1144 211 potestate
1174 175 1248 210 prius
1279 173 1437 210 operatione
1463 179 1563 208 corpus
1585 180 1667 205 esse;

40 232 128 266 ἔχοντι
148 231 186 265 μὴ
204 229 320 265 χρῆσθαι
347 229 425 262 αὐτῇ,
444 228 491 253 ἐπὶ
513 226 541 253 δὲ
561 226 610 261 τῆς
628 225 716 260 ψυχῆς
736 224 832 251 ἀδύνα-

39 285 93 303 τον.
112 277 150 303 Οὺ
163 276 218 311 γὰρ
235 277 249 302 ὸ
267 274 403 301 καθεύδων
418 274 480 300 ἄνευ
495 272 583 307 ψυχῆς
600 270 740 306 ἐνεργείας
763 269 832 296 ἐστί.

41 323 95 349 Καὶ
105 323 160 357 γὰρ
173 321 303 357 τρέφεται
318 321 362 346 καὶ
376 319 499 351 αὒξεται,
512 319 558 345 καὶ
570 316 774 351 φαντασιοῦται,
787 316 833 341 καὶ

40 368 174 394 ἀναπνεῖ·
192 368 261 402 ὅπερ
287 366 404 401 μάλιστα
427 365 476 400 τῆς
501 363 572 399 ζωῆς
596 365 653 390 ἐστι
672 362 832 397 τεκμήριον.

46 413 94 438 Ἐκ
109 412 214 438 τούτων
237 409 283 440 οὖν
296 409 423 445 φανερὸν,
439 409 479 435 ὅτι
499 407 611 442 δυνάμει
624 407 655 433 τὸ
669 405 718 441 ζῇν
740 405 771 432 οὐ
787 404 833 430 δύ-

39 466 121 484 ναται
146 456 289 492 προσεῖναί
305 462 368 486 τινιη
385 454 453 481 ἀλλὰ
476 453 584 484 πάντως
607 450 732 487 ἐνεργείᾳ
743 458 750 464 '
767 457 834 484 προ-

38 502 203 537 ηγουμένως
223 500 279 536 γὰρ
292 500 322 526 τὸ
339 498 489 526 εἰδοποιοῦν
502 498 551 534 τὴν
570 497 668 532 ψυχὴν,
683 495 758 523 οὐδὲν
771 495 834 522 ἄλλο

38 545 127 574 ἐστὶν,
142 545 201 570 ἀλλ’
212 545 229 579 ἡ
245 543 300 579 ζωή
313 552 320 558 ·
335 545 367 578 τῇ
388 543 436 578 μὲν
453 543 507 578 γὰρ
523 543 594 577 ψυχῇ
608 540 745 576 σύμφυτός
760 540 834 566 ἐστιν

39 588 128 623 ἡζωή
140 596 147 602 ·
166 587 205 622 τῷ
221 588 251 614 δὲ
267 587 371 622 σώματι
392 587 462 614 κατὰ
480 587 598 622 μέθεξιν.
619 586 649 612 '0
672 585 757 619 λέγων
780 584 835 611 τοί-

40 642 87 659 νυν
107 633 159 668 τὴν
173 633 279 666 ὑγίειαν
301 633 431 667 ἀνάλογον
446 631 515 660 εἷναι
531 634 563 668 τῇ
585 632 653 667 ζωῇ,
672 632 702 657 οὺ
717 624 771 666 τὴν
786 631 835 666 τῆς

38 679 128 714 ψυχῆς
146 679 221 714 ζωὴν
238 679 322 713 λέγει,
338 678 406 705 ἀλλὰ
419 678 469 714 τὴν
483 677 530 704 τοῦ
545 678 669 712 σώματος
681 685 687 692 ·
704 676 750 703 καὶ
764 676 834 702 οὕτω

41 726 225 761 σοφίζεται-ἡ
254 726 303 761 μὲν
319 726 373 761 γὰρ
391 724 534 760 σωματικὴ
555 724 634 750 οὐσία
654 723 728 758 παρὰ
753 722 835 758 μέρος

39 771 93 797 τῶν
109 771 243 798 ἐναντίων
260 771 318 798 ἐστὶ
342 771 452 805 δεκτική
463 778 470 786 ’
487 771 503 805 ἡ
525 769 552 796 δὲ
569 769 640 796 κατὰ
659 768 690 794 τὸ
706 766 774 800 εἶδος
790 768 835 794 οὐ-

35 816 132 851 δαμῶς
143 825 151 832 ·
165 817 219 843 κᾶν
229 817 284 852 γὰρ
298 816 369 844 κατὰ
382 816 412 842 τὺ
426 813 495 847 εἶδος
507 816 523 850 ἡ
539 814 654 849 διαφορὰ
668 813 832 849 καταλλαγῇ,

884 222 957 257 atqui
973 229 1027 249 non
1045 225 1134 256 potest
1155 225 1216 248 actu
1238 228 1338 256 corpus
1355 227 1427 251 esse.
1444 220 1603 254 priusquam
1621 226 1670 246 ac-

884 269 985 303 ceperit
1009 268 1143 300 formam,
1168 275 1230 294 nam
1255 267 1365 294 materia
1393 269 1435 294 est
1457 265 1599 301 qualitatis
1621 272 1668 293 ex-

883 321 958 348 pers,
971 316 998 341 et
1013 320 1068 340 non
1082 319 1193 346 corpus.
1218 311 1304 347 Igitur
1321 311 1398 339 nefas
1412 314 1453 338 est
1465 309 1537 346 quod
1555 318 1608 338 non
1626 316 1668 338 est

883 359 1051 394 operatione,
1075 353 1232 386 facultatem
1258 357 1371 389 habere.
1395 362 1424 385 ut
1439 366 1472 385 ex
1489 357 1548 392 ipso
1565 356 1667 392 aliquid

884 405 940 432 ﬁat.
956 404 1033 437 Quod
1058 405 1080 432 si
1095 411 1196 439 corpus
1211 404 1292 430 etiam
1315 403 1433 438 potentia
1457 407 1510 435 est,
1532 403 1668 438 quomodo

883 457 983 485 corpus
1006 451 1136 486 potentia,
1162 449 1290 484 potentim
1305 449 1388 476 vitam
1404 449 1432 476 in
1448 456 1478 476 sc
1500 449 1602 476 habere
1618 456 1668 484 po-

883 495 954 523 test?
972 495 1039 522 Cum
1055 495 1158 530 alioqui
1174 495 1202 521 in
1219 494 1280 521 aliis
1296 493 1353 520 ﬁeri
1370 494 1466 528 possit,
1488 493 1574 528 utqui
1587 493 1669 520 habet

884 541 996 576 aliquid,
1021 549 1076 568 non
1099 541 1227 568 adhibeat
1253 541 1285 567 ad
1311 547 1403 571 usum,
1426 538 1501 566 verbi
1525 539 1622 574 gratia,
1640 545 1669 566 ut

884 586 968 613 aciem
990 586 1131 614 oculorum
1156 586 1259 613 habens
1280 593 1335 612 non
1360 588 1451 613 utatur
1471 585 1542 620 ipsa.
1568 586 1620 613 Sed
1639 587 1667 613 iu

884 632 974 659 anima
987 631 1012 658 id
1030 632 1198 667 impossibile
1215 637 1265 659 est.
1280 631 1338 659 Non
1349 631 1421 659 enim
1434 631 1480 667 qui
1494 631 1594 659 dormit
1609 632 1669 659 sine

883 677 947 704 vitae
969 677 1121 711 animaeque
1144 678 1301 712 operatione
1326 680 1368 705 est
1389 686 1395 704 :
1417 676 1516 704 etenim
1541 677 1623 704 alitur
1641 680 1669 704 et

884 726 1007 756 augetur,
1023 726 1050 749 et
1061 721 1238 756 imaginatur,
1251 726 1278 749 et
1292 723 1418 757 respirat,
1432 721 1504 757 quod
1520 723 1668 750 maximum

884 768 945 794 vitae
959 771 1148 803 argumentum
1165 773 1217 795 est.
1233 768 1369 801 Quocirca
1390 768 1566 799 manifestum
1583 776 1617 796 ex
1635 769 1669 796 iis

883 817 926 841 est
942 814 1024 841 vitam
1038 814 1159 848 potentia
1182 821 1236 841 non
1252 821 1334 849 posse
1356 814 1486 849 cuiquam
1505 822 1668 850 congruere.

40 862 257 896 μεταλλάττεται
273 862 320 888 καὶ
336 862 366 887 τὸ
381 861 465 893 ζῶον-
481 860 551 887 ὥστε
567 860 627 895 οὐχὶ
640 860 711 886 κατὰ
726 859 756 885 τὺ
766 857 833 889 εἶδος

887 859 932 887 sed
957 863 1019 886 actu
1041 860 1174 887 omnino:
1201 867 1262 886 nam
1288 861 1360 895 quod
1385 860 1504 888 animam
1529 860 1670 895 specificat

38 908 153 942 ἡούσία
181 908 235 936 τῶν
256 908 384 935 ἐναντίων
408 908 467 934 ἐστὶ
484 906 605 941 δεκτικὴ,
629 906 697 933 ἀλλὰ
718 905 787 932 κατὰ
804 906 834 933 τὸ

37 953 230 987 ὑποκείμενον,
247 952 384 982 τουτέστιν
403 952 420 986 ἡ
436 951 588 986 σωματική.
602 950 638 976 Οὐ
657 949 767 976 δύναται
780 949 834 975 τοί-

37 1007 83 1024 νυν
100 1000 117 1034 ὴ
130 998 207 1033 ψυχὴ
223 998 284 1025 κατ’
307 997 400 1024 οὐδένα
423 997 522 1032 τρόπον
547 996 697 1030 ἐντελέχεια
714 995 760 1022 τοῦ
782 994 834 1021 σώ-

38 1052 124 1079 ματος
139 1041 223 1075 εἶναι,
245 1043 302 1069 ἀλλ’
317 1042 394 1069 οὐσία
411 1041 557 1077 αὐτοτελὴς
578 1040 734 1076 ἀσώματος.
755 1041 834 1076 Παρὰ

36 1090 122 1125 μέρος
139 1089 199 1124 γὰρ
219 1088 372 1123 ἐπιδέχεται
394 1087 429 1114 τὰ
446 1087 564 1119 ἐναντία,
582 1086 681 1123 κακίαν
701 1086 748 1113 καὶ
770 1087 833 1122 ἀρε-

29 1135 86 1170 ,τήν
97 1143 104 1148 ’
123 1135 195 1170 ὅπερ
215 1134 265 1160 οὐκ
278 1133 394 1168 ἠδύνατο
412 1133 442 1159 τὸ
454 1130 524 1164 εἶδος
537 1132 673 1166 δέξασθαι.

885 904 1030 940 praecipue,
1053 905 1127 932 aliud
1144 905 1212 932 nihil
1236 909 1278 933 est
1303 911 1401 941 pra‘ter
1425 907 1529 934 vitam:
1546 908 1670 942 quando-

884 949 998 984 quidem
1014 950 1110 977 anima:
1125 951 1180 977 vita
1197 951 1278 978 insita
1293 955 1320 978 et
1337 957 1455 978 cormata
1469 955 1511 980 est
1528 960 1535 985 ;
1560 953 1669 987 corpori

884 1004 950 1024 vero
965 991 1175 1032 participatione
1189 998 1328 1025 convenit.
1348 997 1438 1030 Quare
1454 998 1499 1032 qui
1517 997 1584 1025 dicit
1596 998 1672 1026 sani-

885 1045 968 1068 tatem
986 1041 1118 1069 rationem
1134 1042 1234 1069 habere
1252 1043 1323 1074 vitae,
1345 1050 1399 1069 non
1414 1042 1510 1070 animae
1525 1044 1607 1070 vitam
1629 1043 1672 1071 di-

885 1087 932 1119 cit,
949 1087 995 1114 sed
1014 1087 1136 1122 corporis
1155 1096 1161 1114 :
1178 1088 1270 1123 itaque
1291 1089 1420 1124 captione
1437 1088 1543 1122 utitur;
1570 1089 1670 1116 etenim

886 1139 1016 1168 corporea
1039 1133 1193 1161 substantia
1215 1135 1417 1161 contrariorum
1444 1142 1530 1169 capax
1558 1139 1601 1162 est
1625 1143 1673 1170 per

35 1185 132 1216 partes
150 1182 209 1209 sive
222 1181 337 1209 alternis
348 1190 355 1208 :
366 1188 462 1209 verum
473 1188 535 1216 qua:
547 1181 698 1209 secundum
733 1180 851 1216 speciem
870 1185 922 1214 est,
938 1188 1110 1216 nequaquam
1129 1191 1136 1209 :
1156 1182 1281 1217 quamvis
1297 1183 1368 1209 enim
1384 1182 1461 1217 juxta
1492 1183 1609 1218 speciem
1620 1183 1674 1210 dif-

35 1228 155 1255 ferentia
180 1231 286 1255 mutata
329 1228 374 1260 sit,
410 1229 492 1256 etiam
518 1228 620 1255 animal
643 1231 782 1260 mutatur;
822 1227 936 1263 proinde
959 1236 1012 1255 non
1033 1228 1111 1263 juxta
1135 1229 1253 1264 speciem
1278 1229 1431 1257 substantia
1473 1231 1672 1258 contrariorum

33 1282 124 1309 rapax
143 1280 197 1304 est.
221 1274 269 1302 sed
285 1274 434 1302 secundum
449 1274 614 1309 subjectum,
631 1275 682 1303 hoc
706 1279 749 1303 est
768 1282 900 1310 corporea
917 1276 1047 1303 essentia.
1063 1275 1135 1311 Ergo
1153 1284 1207 1303 non
1238 1280 1328 1312 potest
1361 1276 1452 1303 anima
1481 1276 1537 1304 ulla
1565 1277 1673 1304 ratione

33 1329 98 1348 esse
119 1321 248 1356 corporis
268 1325 356 1352 actus,
373 1321 421 1349 sed
443 1321 597 1348 substantia
618 1324 660 1348 est
677 1328 725 1356 per
741 1328 770 1349 se
785 1321 964 1356 incorporea;
988 1323 1036 1350 sed
1068 1322 1141 1350 enim
1175 1329 1224 1357 per
1255 1325 1347 1356 partes
1360 1322 1516 1350 successive
1552 1323 1671 1351 admittit

34 1369 192 1399 contraria,
217 1367 313 1395 vitium
339 1373 366 1395 et
393 1368 522 1396 virtutem
546 1378 553 1396 τ

72 1413 195 1440 Ἐπειτά
210 1421 292 1447 φησιν
309 1413 476 1449 ἐντελέχειαν
490 1411 572 1441 οὖσαν
590 1414 639 1450 τὴν
656 1415 755 1451 ψυχὴν,
773 1414 834 1442 ἀκί-

36 1468 119 1495 νητον
142 1457 214 1485 εἶναι
229 1458 290 1485 καθ’
306 1459 417 1494 ἑαυτὴν,
432 1459 564 1486 κινεῖσθαι
582 1460 611 1487 δὲ
627 1460 697 1487 κατὰ
715 1461 745 1487 τὺ
765 1469 833 1496 συμ-

35 1504 178 1540 ϐεϐηκός·
205 1504 282 1531 οὐδὲν
303 1504 334 1531 δὲ
354 1503 466 1538 ἀπεικὸς
493 1506 620 1541 ἀκίνητον
643 1505 726 1533 οὖσαν
749 1508 833 1534 κινεῖν

35 1551 124 1585 ἡμᾶς.
147 1550 203 1576 Καὶ
228 1549 284 1584 γὰρ
299 1550 330 1576 τδ
350 1550 447 1582 κάλλος
469 1551 596 1586 ἀκίνητον
615 1550 644 1577 ὃν
666 1552 736 1578 κινεῖ
750 1552 833 1587 ἡμᾶς.

41 1595 117 1622 Ἀλλ’
136 1595 162 1621 εἰ
178 1595 226 1621 καὶ
243 1595 322 1622 τοῦτο
339 1595 466 1631 ἀκίνητον
488 1595 517 1622 ὃν
532 1597 610 1629 κινεῖ,
625 1597 692 1623 ἀλλὰ
711 1597 742 1623 τὺ
756 1597 836 1631 φύσιν
856 1614 859 1617 ι

34 1641 100 1676 ἕχον
111 1641 247 1668 κινεῖσθαι
254 1643 334 1674 κινεῖ,
343 1642 388 1669 καὶ
398 1642 457 1677 οὐχὶ
466 1643 513 1669 καὶ
521 1643 551 1669 τὸ
559 1642 694 1678 ἀκίνητον.
708 1644 738 1670 Εἰ
747 1644 836 1670 τοίνυν

35 1688 84 1713 καὶ
98 1687 131 1713 τὸ
148 1687 229 1721 σῶμα
244 1687 305 1714 καθ’
318 1687 398 1714 ἑαυτὸ
413 1688 518 1723 κίνησιν
532 1686 613 1724 εἶχεν,
629 1689 704 1716 οὐδὲν
716 1688 749 1725 ἦν
762 1690 837 1725 αὐτῷ

35 1733 142 1759 ἄτοπον
160 1732 227 1759 αὐτὸ
243 1733 376 1760 κινεῖσθαι
391 1733 443 1759 ὑπὸ
461 1734 601 1769 ἀκινήτου.
618 1734 675 1761 Νῦν
694 1735 721 1761 δὲ
736 1736 835 1762 ἀδύνα-

35 1787 83 1804 τον
103 1779 136 1804 τὸ
157 1778 286 1813 ἀκίνητον
301 1778 353 1804 ὑπὸ
375 1779 502 1814 ἀκινήτου
525 1779 666 1807 κινεῖσθαι.
684 1780 768 1807 Πόθεν
791 1779 837 1808 οὖν

35 1824 77 1859 τῷ
92 1824 204 1859 σώματι
220 1823 250 1850 τὸ
273 1824 417 1855 κινεῖσθαι,
438 1825 462 1850 εί
480 1825 516 1860 μὴ
536 1825 589 1851 ἀπὸ
609 1826 658 1860 τῆς
676 1825 783 1861 ψυχῆς
800 1827 837 1853 Οὺ

36 1870 94 1905 γὰρ
114 1869 294 1904 αὐτοκίνητόν
309 1870 367 1896 ἐστι
381 1869 411 1896 τὸ
426 1870 521 1905 σῶμα·
538 1870 650 1906 πρώτην
670 1869 717 1898 οὖν
731 1872 837 1906 γένεσιν

35 1917 180 1951 κινήσεως
200 1916 361 1951 βουλόμενος
377 1915 471 1950 δεῖξαι,
487 1917 516 1943 οὐ
531 1916 652 1952 πρώτην,
672 1917 739 1944 ἀλλὰ
752 1918 839 1944 δευτέ-

39 1971 92 1997 ραν
115 1961 228 1993 ἔδειξεν.
244 1961 275 1987 Εἰ
288 1961 338 1996 μὲν
350 1961 404 1997 γὰρ
425 1961 461 1998 μὴ
475 1962 631 1997 κινούμενον
652 1963 746 1993 ἐκίνει,
764 1963 839 1998 πρώ-

36 2016 90 2042 την
108 2007 198 2033 ἐποίει
219 2007 336 2041 κίνησιν.
358 2007 389 2033 Εἰ
409 2006 437 2033 δὲ
455 2007 486 2033 τὸ
507 2007 665 2042 κινούμενον
681 2008 727 2042 ἀφ’
741 2007 836 2034 ἑαυτοῦ

37 2054 89 2080 καὶ
105 2052 197 2083 ἄλλως
218 2054 298 2085 κινεῖ,
317 2052 445 2088 δευτέρας
460 2053 592 2088 κινήσεως
612 2053 717 2087 γένεσιν
734 2053 839 2088 ἐξηγεῖ-

37 2106 96 2124 ται.
117 2097 204 2123 Πόθεν
220 2095 267 2124 οὖν
288 2097 319 2123 τὸ
338 2097 481 2130 κινεῖσθαι,
497 2099 521 2124 εὶ
539 2098 576 2134 μὴ
598 2098 653 2125 ἀπὺ
671 2099 778 2134 ψυχῆςς
801 2099 837 2125 οὐ

37 2144 96 2178 γὰρ
115 2143 294 2178 αὐτοκίνητόν
307 2144 365 2169 ἐστι
375 2143 405 2169 τὸ
419 2143 508 2178 σῶμα.
525 2144 611 2170 Πόθεν
623 2142 669 2171 οὖν
682 2145 775 2179 πρώτη
793 2145 838 2179 γέ-

581 1369 655 1404 quod
672 1368 759 1396 forma
777 1376 830 1396 non
851 1372 945 1404 posset
961 1368 1113 1397 admittere.

921 1415 1051 1450 Adjuugit
1066 1419 1193 1450 praeterea
1209 1414 1328 1443 animam
1343 1423 1376 1443 eo
1390 1415 1462 1451 quod
1479 1416 1514 1443 sit
1530 1422 1609 1445 actus
1622 1418 1674 1445 im-

887 1461 1014 1488 mobilem
1036 1468 1097 1488 esse
1121 1466 1169 1495 per
1190 1468 1230 1493 se,
1246 1461 1348 1488 moveri
1363 1469 1412 1496 per
1436 1461 1584 1495 accidens;
1605 1462 1674 1489 nihil

887 1510 976 1534 autem
992 1505 1141 1534 absurdum
1154 1510 1206 1538 est,
1221 1514 1282 1534 cum
1298 1507 1332 1534 sit
1347 1507 1469 1539 immota,
1487 1515 1595 1536 movere
1610 1517 1671 1537 nos.

887 1550 1031 1578 Enimvero
1055 1550 1230 1586 pulchritudo
1256 1551 1403 1580 immobilis
1427 1560 1488 1580 cum
1517 1553 1564 1586 sit,
1583 1557 1675 1581 movet

887 1606 960 1632 nos;
984 1594 1077 1626 verum
1104 1599 1213 1626 tametsi
1238 1598 1312 1634 quod
1337 1597 1475 1626 immobile
1498 1603 1540 1627 est
1556 1604 1673 1633 moveat,

886 1648 976 1672 tamen
1000 1645 1072 1680 quod
1094 1651 1218 1672 naturam
1233 1645 1324 1676 habet,
1343 1646 1373 1671 ut
1397 1650 1546 1678 moveatur,
1563 1650 1674 1679 movet;

887 1698 942 1718 non
974 1690 1000 1717 id
1025 1690 1107 1717 etiam
1135 1690 1207 1725 quod
1240 1690 1380 1718 immobile
1422 1694 1474 1718 est.
1501 1691 1676 1727 Quapropter

888 1737 910 1764 si
930 1744 1029 1771 corpus
1050 1737 1132 1764 etiam
1156 1744 1204 1771 per
1226 1744 1255 1764 se
1273 1736 1419 1763 motionem
1448 1737 1577 1770 haberet,
1607 1736 1675 1764 nihil

889 1782 1037 1809 absurdum
1054 1786 1137 1812 esset.
1164 1782 1253 1817 ipsum
1277 1787 1388 1817 qqune
1404 1783 1508 1810 moveri
1527 1784 1560 1810 al)
1578 1783 1676 1810 immo-

888 1828 944 1855 bili.
962 1827 1021 1854 Jam
1039 1835 1104 1855 vero
1130 1826 1186 1854 ﬁeri
1213 1835 1266 1854 non
1293 1831 1401 1862 potest,
1429 1831 1458 1855 ut
1484 1828 1622 1856 immobile
1642 1830 1675 1857 ab

888 1873 1019 1900 immobili
1039 1878 1190 1900 moveatur.
1206 1871 1348 1900 Undenam
1363 1880 1428 1907 ergo
1444 1873 1544 1900 accidit
1555 1874 1674 1908 corpori,

888 1924 919 1945 ut
936 1924 1086 1950 moveatur,
1104 1919 1155 1946 nisi
1170 1919 1205 1946 ab
1216 1918 1325 1945 anima?
1345 1919 1480 1954 siquidem
1501 1927 1602 1954 corpus
1622 1927 1675 1946 non

889 1969 930 1992 est
951 1973 1000 1999 per
1024 1972 1054 1991 se
1076 1966 1184 1992 mobile.
1210 1965 1344 1998 Quocirca
1371 1973 1434 1992 cum
1457 1965 1570 2000 primam
1598 1969 1675 1992 actus

889 2009 1020 2043 originem
1035 2009 1116 2035 vellet
1131 2009 1261 2041 indicare,
1287 2017 1341 2036 non
1371 2009 1487 2044 primam
1513 2008 1560 2036 sed
1577 2016 1675 2036 secun‘

889 2054 950 2081 dam
969 2054 1098 2082 ostendit.
1118 2053 1223 2081 Etenim
1240 2055 1264 2082 si
1276 2054 1348 2089 quod
1364 2063 1417 2082 non
1432 2059 1566 2085 movetur,
1584 2062 1675 2081 move-

890 2103 949 2132 ret,
970 2100 1085 2134 primam
1103 2099 1203 2126 faceret
1222 2100 1392 2132 motionem;
1417 2100 1459 2127 sin
1485 2104 1574 2126 autem
1601 2099 1674 2134 quod

890 2148 1016 2171 movetur
1033 2152 1079 2179 per
1096 2153 1136 2176 se,
1152 2144 1230 2172 aliter
1247 2144 1329 2171 etiam
1352 2147 1452 2176 movet,
1474 2143 1602 2171 secunda:
1617 2150 1674 2169 rno-

37 2197 121 2220 νεσις
141 2188 192 2223 τῆς
211 2189 345 2223 κινήσεως
363 2188 401 2224 τῷ
417 2189 540 2224 σώματι;
555 2190 591 2216 Τδ
612 2190 667 2226 γὰρ
686 2190 776 2225 λέγειν
792 2191 833 2224 ἀφ⁴

891 2190 973 2218 tionis
990 2193 1080 2217 ortum
1097 2191 1220 2225 exponit.
1239 2189 1379 2217 Undenam
1401 2189 1483 2224 igitur
1501 2190 1603 2216 moveri
1621 2189 1675 2215 nisi

37 2234 152 2260 ἑαυτῶν
169 2234 302 2261 κινεῖσθαι
325 2234 359 2261 τὰ
385 2236 513 2270 στοιχεῖα,
538 2235 571 2262 τὰ
596 2236 644 2271 μὲν
668 2236 756 2270 κοῦφα
773 2237 836 2263 ὄντα

38 2280 138 2314 φύσει,
154 2280 189 2306 τὰ
203 2280 232 2307 δὲ
247 2280 344 2315 βαρέα,
357 2279 454 2314 ψεῦδός
463 2281 547 2307 ἐστιν.
561 2282 591 2308 Et
603 2281 657 2317 γὰρ
672 2282 687 2317 ἡ
704 2282 838 2318 κουφότης

37 2327 90 2352 καὶ
109 2325 232 2361 βαρύτης
253 2326 360 2361 κίνησίς
380 2328 463 2359 ἐστιν,
482 2327 528 2361 ἀφ’
545 2327 649 2354 ἑαυτῶν
665 2327 693 2354 δὲ
714 2329 837 2360 κινεῖται,

37 2373 175 2400 οὐδέποτε
197 2373 327 2408 στήσεται
341 2373 374 2399 τὰ
395 2374 483 2408 κοῦφα
497 2374 544 2400 καὶ
563 2374 663 2409 βαρέα·
684 2373 790 2400 ἵσταται
810 2374 838 2400 δὲ

37 2421 88 2447 τὸν
104 2420 206 2446 οἰκεῖον
219 2420 408 2447 καταλαϐόντα
419 2421 510 2448 τόπον.
524 2421 581 2447 Οὐκ
591 2421 645 2456 ἄρα
659 2420 779 2456 βαρύτης
791 2420 838 2447 καὶ

38 2465 186 2500 κουφότης
205 2466 282 2492 αἰτία
309 2465 419 2501 πρώτης
443 2467 584 2501 κινήσεως,
607 2465 675 2492 ἀλλὰ
699 2465 839 2500 ποιότητες

38 2512 99 2538 τῶν
119 2512 270 2546 στοιχείων.
293 2511 356 2537 Ἐὰν
371 2511 399 2538 δὲ
421 2512 467 2538 καὶ
481 2511 560 2538 τοῦτο
577 2511 651 2546 δοθῇ,
672 2510 730 2542 πῶς
743 2519 784 2542 τις
796 2510 840 2536 λο-

38 2556 173 2592 γίζεσθαι
188 2557 235 2582 καὶ
248 2555 371 2588 δοξάζειν
388 2556 436 2583 καὶ
451 2556 552 2592 κρίνειν
567 2555 686 2586 δύναται,
706 2555 840 2590 κουφότη-

37 2612 90 2634 τος
105 2603 154 2630 καὶ
167 2601 318 2637 βαρύτητος
328 2602 398 2637 ἔργα
409 2601 493 2635 εἷναις
508 2601 539 2628 Et
556 2601 585 2629 δὲ
602 2601 639 2636 μὴ
656 2601 767 2633 τούτων,
779 2601 839 2627 οὐδὲ

36 2649 101 2674 τῶν
122 2648 274 2682 στοιχείων.
291 2648 323 2674 Et
344 2647 373 2673 δὲ
398 2648 434 2683 μὴ
450 2648 504 2674 τῶν
529 2648 677 2682 στοιχείων.
699 2647 758 2673 οὐδὲ
785 2647 840 2673 τῶν

40 2693 199 2728 σωμάτων·
218 2693 257 2719 ἔτι
272 2693 297 2719 εί
319 2693 390 2719 κατὰ
406 2693 576 2728 συμὸεσηκδς
591 2693 607 2727 ὴ
626 2692 698 2727 ψυχὴ
715 2694 838 2723 κινεῖται,

38 2740 74 2766 τὸ
92 2739 123 2765 δὲ
141 2738 222 2774 σῶμα
239 2739 269 2771 ἑξ
293 2738 402 2770 ἑαυτοῦ,
416 2739 464 2765 καὶ
481 2739 518 2775 μὴ
538 2739 621 2774 οὔσης
635 2739 683 2774 τῆς
701 2738 789 2773 ψυχῆς
811 2738 840 2772 ἐξ

39 2783 148 2811 ἑαυτοῦ
170 2784 292 2819 τὸσῶμα
304 2783 492 2819 κινηθήσεται.
505 2783 574 2810 Είδὲ
596 2783 683 2816 τοῦτο,
704 2784 750 2810 καὶ
772 2783 840 2815 ζῶον

38 2831 126 2859 ἱστίαι
145 2830 230 2865 χωρὶς
253 2829 302 2863 τῆς
330 2828 433 2863 ψυχῆς·
450 2828 538 2855 ἄτοπα
563 2829 592 2855 δὲ
617 2829 716 2856 ταῦτα·
742 2829 840 2856 ἄτοπον

215 2876 351 2906 ΡΑτιιοι.
369 2875 426 2914 Gn.
445 2876 539 2906 XLV.

891 2237 924 2263 ab
938 2235 1027 2262 anima
1041 2235 1148 2262 oritur?
1170 2235 1228 2262 Non
1243 2235 1314 2262 enim
1328 2242 1428 2276 corpus
1453 2242 1500 2269 per
1526 2242 1554 2261 se
1573 2234 1674 2260 mereri

890 2281 1094 2316 potest.Unde,
1112 2281 1234 2316 inquam,
1251 2281 1355 2316 primus
1372 2281 1501 2308 motionis
1518 2283 1595 2307 ortus
1614 2287 1676 2306 cor—
1704 2292 1714 2301 ε

890 2327 949 2362 pori
973 2327 1094 2354 accidit?
1118 2325 1185 2353 Nam
1211 2327 1301 2354 dicere
1317 2327 1449 2354 elementa
1469 2334 1484 2353 a
1506 2333 1535 2353 se
1560 2326 1672 2357 moveri,

890 2380 950 2407 qua:
965 2373 1061 2408 partim
1078 2373 1146 2400 levia
1163 2377 1227 2400 sunt
1244 2378 1352 2405 natura,
1368 2373 1466 2408 partim
1482 2372 1586 2407 gravia,
1601 2380 1674 2398 tricli-

889 2419 997 2446 dacium
1011 2423 1062 2446 est.
1082 2418 1187 2446 Etenim
1207 2419 1229 2446 si
1245 2419 1340 2446 levitas
1367 2422 1394 2446 et
1408 2418 1526 2453 gravitas
1539 2419 1674 2445 motiones

890 2468 964 2495 sunt,
976 2468 1003 2491 et
1016 2471 1030 2490 a
1041 2464 1139 2499 seipsis
1151 2470 1302 2496 moventur,
1312 2471 1450 2498 nunquam
1461 2464 1528 2491 levia
1544 2468 1571 2490 et
1582 2463 1673 2498 gravia

890 2509 1050 2537 consistent.
1076 2509 1157 2543 Atqui
1175 2516 1206 2536 ea
1221 2516 1281 2544 quae
1299 2509 1440 2544 proprium
1465 2512 1591 2535 assecuta
1609 2511 1674 2534 sunt

879 2549 990 2587 'locum,
1007 2555 1170 2583 consistunt.
1187 2555 1278 2587 Quare
1291 2555 1409 2589 gravitas
1430 2558 1457 2581 et
1474 2554 1569 2580 levitas
1585 2560 1674 2580 causae

891 2609 945 2628 non
961 2605 1024 2628 sunt
1043 2599 1136 2635 prima:
1155 2601 1294 2630 motionis.
1311 2600 1510 2635 sedqualitates
1528 2599 1675 2625 elemento-

891 2655 961 2674 rum.
979 2646 1056 2680 Quod
1073 2647 1095 2674 si
1111 2647 1163 2673 hoc
1179 2653 1340 2673 concessum
1355 2645 1447 2677 fuerit,
1465 2644 1600 2679 quomodo
1614 2643 1672 2670 exi-

891 2693 1003 2720 stimare
1015 2696 1041 2719 et
1055 2692 1161 2727 opinari
1178 2695 1204 2718 et
1217 2691 1342 2725 judicare
1361 2690 1422 2724 quis
1438 2691 1536 2723 potest,
1556 2687 1673 2715 levitatis

890 2743 918 2765 et
931 2729 1072 2772 gravitatis
1087 2743 1170 2771 opera
1184 2736 1264 2764 esse?
1292 2735 1339 2761 Sin
1366 2734 1457 2760 minus
1474 2733 1571 2759 horum
1597 2738 1672 2764 sunt,

891 2791 925 2811 ne
948 2784 1143 2811 elementorum
1170 2782 1291 2817 quidem.
1325 2779 1401 2813 Quod
1427 2778 1449 2806 si
1475 2779 1672 2806 elementorum

893 2837 975 2865 opera
988 2837 1041 2857 non
1057 2833 1131 2865 sunt,
1148 2836 1181 2856 uc
1195 2834 1339 2862 corporum
1359 2825 1477 2860 quidem.
1494 2825 1628 2852 Prwtcha
1649 2824 1672 2850 si
