1914 3079
54 106 112 134 Ξῦὅ

786 107 830 134 DE
849 107 965 134 ANIMA.

1639 106 1692 135 206

54 154 132 198 λόγᾶ
156 164 204 192 καὶ
219 165 414 201 συμφέρονται.
428 165 461 194 Εί
477 167 505 194 δὲ
525 175 568 199 τις
584 167 654 202 μετὰ
672 167 723 202 τὴν
736 166 845 194 διάπλα-

884 165 1040 197 ,ιηιιιει-ἰιιπι
1058 164 1192 200 originem
1205 165 1346 200 supponit,
1364 167 1394 191 ut
1409 163 1532 191 Platonis
1550 171 1692 192 sermones

55 219 100 237 σιν
116 211 164 237 τοῦ
176 210 304 246 σώματος
322 212 489 249 ἑμὸεὸλῆσαι
503 213 569 249 ’τὴν
585 213 684 249 ψυχὴν,
701 213 760 249 ἦτοι
779 214 848 249 μετὰ

52 256 89 282 τὸ
106 256 188 291 σῶμα
215 257 376 292 γεγενῆσθαι
399 258 495 294 αὐτὴν,
514 258 692 294 διαμαρτάνει
709 260 760 294 τῆς
779 258 846 292 ἁλη-

53 301 143 333 θείας.
157 302 226 329 οὔτε
238 303 292 340 γὰρ
305 304 320 330 ὁ
328 303 447 339 Μωῡοῆς
459 305 519 332 τότε
530 305 614 340 αὐτὴν
629 304 752 332 ἐκτίσθαι
760 304 845 338 λέγει,

49 347 98 373 ὅτε
111 347 151 383 τῷ
166 348 273 384 σώματι
297 349 471 377 ὲνεὸάλλετου
489 350 550 377 οὔτε
572 350 642 377 κατὰ
662 350 741 385 λόγον
760 350 846 381 οὕτως

50 393 123 427 ἔχει.
140 394 172 420 El
185 394 275 421 τοίνυν
287 395 386 431 θνητὴν
396 395 481 431 αὐτὴν
489 396 626 430 λέγουσιν,
636 396 674 427 ὡς
695 396 846 432 Ἀριστοτέ-

48 437 114 473 λης,
122 439 212 474 φήσας
221 441 305 476 αὐτὴν
313 442 342 468 ὲν
353 441 458 477 σώματι
469 441 622 476 γεννᾶσθαι,
632 441 678 468 καὶ
685 442 710 468 οί
721 441 833 468 Στωϊκοί
837 450 842 456 ·

47 484 65 519 ἢ
81 484 172 519 λέγων
183 486 278 513 οὐσίαν
291 487 446 522 ἀσώματον,
459 488 697 524 παραιτείσθωσαν
709 487 800 521 λέγειν
815 488 844 514 ἐν

47 529 161 564 σώματι
172 531 345 568 κτιζομένην,
354 533 398 560 ἴνα
410 533 447 570 μὴ
458 533 559 569 θνητῆς
569 533 658 570 ψυχῆς
667 533 771 561 ἔννοιαν
778 534 843 569 ἡμῖν

46 577 229 613 παραστήσῃ.
253 579 300 605 καὶ
321 579 459 611 παντελῶς
484 579 582 614 ἀλόγου
595 587 602 594 ·
624 579 711 611 ἄλλως
736 588 766 606 τε
782 579 842 605 κατ’

43 621 134 648 αὑτὸν
150 622 180 648 οὐ
196 622 302 658 πλήρης
314 624 388 651 ἐστὶν
398 626 412 652 ὀ
425 618 537 660 κόσμος,
554 625 621 652 ἀλλὰ
641 624 769 661 ἡμιτελής
784 625 842 651 ἐστι

44 667 97 693 καὶ
115 667 175 700 νῦν,
202 669 361 705 προσθήκης
381 671 425 697 ἀεὶ
444 671 581 706 δεόμενος.
607 671 842 706 Πεντακισμυρίαι

44 710 117 744 γοῦν
134 711 167 737 τὸ
184 712 324 748 ἐλάχιστον
341 713 402 740 καθ’
417 714 536 750 ἑκάστην
549 715 655 750 ἡμέραν
677 715 770 741 οὐσίαι
779 724 841 750 νοη-

42 756 93 782 ταὶ
118 757 312 792 προσγίνονται
334 759 425 795 αὐτῷ·
448 761 494 787 καὶ
510 760 541 787 τὸ
561 761 761 795 χαλεπώτατον,
777 761 840 787 ὅταν

42 801 275 838 τελεσιουργηθῇ,
301 804 363 830 τότε
385 805 576 841 διαλυθήσεται
604 807 663 832 κατ’
683 806 765 833 αὐτοῦ
785 806 840 833 τῶν

899 211 1024 238 statuunt
1047 214 1075 237 et
1098 209 1285 246 perseverant.
1311 210 1389 243 Quod
1414 210 1438 237 si
1463 210 1525 246 quis
1546 215 1607 245 post
1629 218 1691 237 cor-

897 257 972 292 poris
999 256 1158 292 ligmentum
1185 256 1303 283 animam
1323 256 1435 283 insitam
1455 263 1517 284 esse
1541 256 1691 286 existimat.

897 301 1025 328 nimirum
1039 307 1099 328 eam
1116 304 1176 336 post
1193 308 1293 336 corpus
1311 305 1398 328 ortam
1414 309 1485 333 esse,
1502 309 1517 328 a
1535 309 1600 330 vero
1613 302 1692 330 aber-

897 350 958 379 rat;
976 353 1066 381 neque
1075 346 1149 373 enim
1167 345 1273 381 Moyses
1288 350 1353 372 tunc
1374 346 1460 381 ipsam
1471 347 1611 375 coniditam
1627 355 1689 375 esse

895 391 944 422 ait,
963 391 1111 426 quandoin
1126 398 1229 426 corpus
1246 391 1336 418 infusa
1357 397 1417 424 est,
1434 400 1522 428 neque
1542 393 1569 420 id
1589 394 1689 420 rationi

893 442 1109 465 consentaneum
1124 441 1185 470 est;
1208 441 1256 464 aut
1277 437 1359 472 igitur
1378 439 1518 466 mortalem
1540 440 1613 467 illam
1627 447 1689 467 esse

894 487 1015 514 censeat.
1033 487 1062 511 ut
1075 483 1246 515 Aristoteles,
1259 484 1306 518 qui
1331 483 1358 511 in
1378 492 1493 519 corpore
1514 489 1604 512 natam
1624 493 1687 514 esse

894 526 973 559 dixit,
994 531 1022 555 et
1037 527 1138 555 Stoici:
1158 532 1204 554 aut
1220 528 1403 556 substantiam
1422 529 1609 564 incorpoream
1624 538 1687 558 esse

894 579 1033 605 asserens,
1067 574 1094 600 in
1119 580 1235 609 corpore
1258 577 1376 601 crealam
1405 574 1496 602 dicere
1521 580 1684 604 cunctetur:

893 626 928 646 ne
940 619 1038 646 animae
1065 619 1190 647 mortalis
1221 620 1361 647 notionem
1383 624 1410 647 et
1432 620 1545 648 omnino
1570 622 1684 650 rationis

892 668 1031 699 expertem
1053 665 1134 692 nobis
1154 665 1289 699 exhibeat,
1306 667 1456 701 praesertim
1479 675 1542 694 cum
1566 670 1684 697 mundus

892 710 1013 737 nondum
1031 717 1079 744 per
1092 718 1121 738 se
1135 711 1232 746 plenus
1248 712 1294 743 sit,
1315 712 1363 739 sed
1377 713 1583 748 semiperfectus
1601 714 1684 742 etiam

891 762 964 782 nunc
996 759 1054 788 est,
1085 760 1167 791 atque
1195 757 1364 785 accessionis
1408 765 1516 794 semper
1548 760 1682 795 indigens.

891 799 982 832 Quare
1003 801 1204 836 quinquaginta
1227 802 1312 829 millia
1335 802 1367 830 ad
1392 804 1535 832 minimum
1562 806 1684 840 quotidie

41 847 212 875 τελευταίων
237 849 388 883 ἀνθρώπων
410 851 465 878 τῶν
488 852 557 887 πρὸς
573 853 606 887 τῇ
630 852 776 879 ἀναστάσει
796 852 841 879 τὸν

892 844 1104 880 intelligibilium
1121 847 1303 875 cssentiarum
1319 849 1454 877 accedunt
1471 850 1533 885 ipsi,
1560 855 1587 878 et
1610 851 1682 887 quod

39 901 162 936 ψυχικὸν
180 903 299 938 ἀριθμὸν
324 905 572 942 ἀποπληρούντων·
591 904 621 945 οὗ
638 907 665 934 τί
687 908 720 935 ἂν
735 909 840 942 γένοιτο

40 946 219 982 ἀλογώτερον
236 949 298 975 τότε
319 950 434 984 φάσκειν
447 951 649 987 διαφθείρεσθαι
661 953 707 980 τὸν
727 953 837 989 κόσμον,

38 991 109 1018 ὅταν
122 992 272 1029 πληρωθῇ;
291 996 395 1031 Κομιδῆ
413 996 466 1032 γὰρ
480 997 584 1033 νηπίων
599 999 702 1026 παίδων
713 1000 728 1026 ὀ
739 999 839 1034 τρόπος

37 1034 124 1069 οὗτος
155 1040 185 1065 ὲν
209 1039 315 1076 ψάμμῳ
333 1042 384 1077 τῆς
400 1043 519 1076 παιδιᾶς,
540 1044 620 1076 εὐθὺς
645 1044 715 1080 μετὰ
728 1045 757 1073 τὺ
770 1046 839 1081 πληι

36 1082 132 1117 ρῶσαι
146 1086 317 1119 συγχεόντων
331 1087 366 1114 τὰ
380 1089 540 1124 πράγματα.
555 1089 577 1116 Τ
578 1089 592 1115 ὺ
606 1089 659 1125 γὰρ
674 1090 762 1124 λέγειν
773 1095 838 1126 προ-

36 1129 117 1161 νοίας
140 1130 215 1166 λόγῳ
232 1131 280 1159 νῦν
301 1132 351 1165 τὰς
373 1134 463 1170 ψυχὰς
477 1135 610 1169 γίνεσθαι,
630 1136 677 1163 καὶ
693 1137 754 1172 οὐχὶ
779 1138 837 1164 κτί-

37 1192 112 1216 σεως
131 1185 141 1220 (
152 1186 183 1212 οὒ
199 1186 254 1222 γὰρ
274 1189 366 1224 κοινὴν
384 1190 488 1224 οὐσίαν,
508 1191 568 1218 οὐδὲ
592 1191 675 1227 ἄλλην
699 1193 774 1229 παρὰ
787 1193 836 1228 τὴν

34 1228 124 1257 οὖσαν
150 1233 321 1267 εἰσάγεσθαι,
347 1235 414 1262 ἀλλὰ
437 1236 484 1272 τὴν
507 1235 589 1264 οὖσαν
617 1238 687 1265 κατὰ
708 1238 835 1274 πρόνοιαν

35 1275 318 1314 πληστηριάζεσθαι),
332 1280 498 1313 ἀγνοούντων
508 1283 565 1308 ἐστὶ
577 1282 706 1318 διαφορὰν
721 1283 834 1315 κτίσεως

35 1323 84 1349 καὶ
106 1324 250 1358 προνοίας.
268 1325 398 1361 Προνοίας
423 1327 472 1361 μὲν
494 1320 548 1363 γὰρ
561 1328 641 1364 ἔργον
667 1329 734 1361 ἐστὶ,
755 1330 785 1355 τὸ
805 1329 834 1362 ἐξ

33 1368 238 1404 ἀλληλογονίας
253 1366 394 1404 διασῶζειν
411 1372 460 1409 τὴν
476 1374 530 1400 τῶν
552 1374 678 1410 φθαρτῶν
699 1375 775 1408 ζώων
789 1375 833 1402 οὑ-

34 1414 98 1440 σίαν
112 1423 119 1429 ·
149 1414 224 1449 λέγω
242 1416 270 1442 δὲ
291 1416 346 1443 τῶν
364 1418 402 1453 μὴ
425 1419 496 1445 κατὰ
517 1420 652 1454 σηπεδόνα
665 1422 832 1457 γινομένων,

31 1460 132 1495 ἐπειδὴ
144 1461 197 1496 τὴν
208 1461 309 1489 τούτων
320 1463 443 1500 διαδοχὴν
455 1466 577 1500 σηπεδὼν
592 1466 671 1493 πάλιν
686 1467 765 1502 ἑτέρα
777 1467 834 1495 δια-

891 890 1115 918 molestissimum
1140 895 1194 925 est,
1221 899 1284 920 cum
1310 894 1507 929 perfectionem
1539 902 1683 924 assecutus

891 935 986 968 fuerit,
999 940 1065 964 tunc
1079 938 1255 972 dissolvetur,
1275 939 1435 967 ultimorum
1451 941 1593 968 hominum
1612 950 1681 974 sevo,

889 982 936 1016 qui
966 982 1087 1011 instante
1114 984 1318 1012 resurrectione
1349 985 1503 1013 animarum
1535 995 1681 1014 numerum

888 1028 1073 1062 complerent:
1087 1037 1142 1064 quo
1155 1029 1221 1064 quid
1236 1030 1295 1057 ﬁeri
1316 1035 1409 1065 posset
1429 1038 1444 1058 a
1466 1032 1573 1059 ratione
1595 1033 1681 1068 magis

887 1071 1018 1104 alienum,
1041 1077 1070 1100 ut
1087 1077 1146 1100 tum
1163 1074 1321 1102 labefactari
1339 1075 1458 1103 mundus
1483 1077 1601 1107 dicatur.
1619 1085 1679 1104 cum

888 1119 1016 1146 omnibus
1038 1120 1096 1148 suis
1120 1121 1242 1148 numeris
1262 1121 1405 1149 absolutus
1426 1122 1681 1151 fuerit?Enim\'ero

887 1163 933 1191 hic
956 1165 1052 1199 utique
1076 1173 1136 1194 mos
1157 1171 1202 1194 est
1225 1167 1369 1196 inhntium
1385 1169 1573 1202 puerulorum,
1589 1170 1635 1204 qui
1654 1171 1680 1197 in

887 1217 969 1238 arena
994 1211 1039 1238 ubi
1058 1212 1201 1239 colludunt
1223 1213 1389 1248 simulatque
1409 1215 1519 1249 aliquod
1536 1213 1679 1242 ludicrum

887 1260 1055 1289 struxerunt,
1089 1258 1244 1285 absolutum
1278 1259 1461 1287 confundunt.
1492 1260 1558 1287 Nam
1589 1261 1680 1288 dicere

886 1309 959 1329 nunc
972 1302 1151 1336 providentia:
1171 1304 1278 1332 ratione
1299 1304 1404 1332 animas
1420 1305 1489 1338 ﬁeri,
1513 1313 1566 1332 non
1588 1310 1678 1332 autent

885 1348 1033 1375 creationis
1048 1348 1160 1383 (quippe
1183 1357 1246 1376 cum
1269 1357 1325 1377 non
1347 1351 1382 1378 sit
1400 1350 1583 1378 substantiam
1605 1359 1679 1378 com-

884 1401 992 1421 munem
1005 1401 1055 1422 nec
1070 1394 1152 1421 aliam
1164 1399 1262 1429 pneter
1272 1403 1332 1430 qua:
1349 1399 1392 1423 est
1405 1396 1544 1426 inducere.
1562 1397 1608 1424 sed
1620 1393 1676 1431 jam

883 1440 1057 1468 exsistentcm
1072 1447 1121 1475 per
1128 1441 1328 1475 providentiam
1343 1443 1490 1478 complere)
1500 1463 1509 1475 ,
1528 1451 1622 1470 eorum
1636 1448 1677 1470 est

883 1486 929 1521 qui
953 1486 1101 1514 discrimen
1119 1486 1247 1522 ignorant
1266 1488 1414 1515 creationis
1441 1492 1468 1515 et
1486 1488 1676 1522 providentiae.

31 1506 187 1540 φυλάττει·
206 1508 322 1541 κτίσεως
337 1510 365 1536 δὲ
378 1511 407 1537 τὸ
423 1512 566 1547 κράτιστον
590 1512 679 1548 ἔργον,
696 1514 726 1541 τὸ
741 1514 770 1546 ἐξ
782 1515 832 1541 οὐκ

31 1553 85 1567 συ..
95 1562 119 1567 ι..
136 1556 227 1567 --ητη
253 1555 283 1567 Dr
299 1556 361 1567 --ιη
384 1558 431 1567 νυ-
449 1558 486 1567 ἐκ
512 1558 519 1567 ς
594 1559 600 1566 ι
666 1561 672 1567 .
696 1560 701 1567 -
761 1561 766 1567 .
810 1562 816 1567 .

884 1506 929 1521 ιι...
954 1506 1101 1514 -..,c.........
1119 1506 1247 1522 .,,..ν,.....
1266 1506 1414 1515 mum"...
1441 1506 1468 1515 ς..
1486 1506 1676 1522 panum...”

885 1531 992 1559 Etenim
1005 1532 1184 1567 providentiae
1196 1540 1265 1567 opus
1276 1537 1319 1560 est
1333 1540 1498 1561 conservare
1515 1534 1676 1560 animalium

29 1553 119 1579 ὄντων
135 1556 237 1581 ποιεῖν.
253 1555 284 1582 Ei
298 1556 387 1583 τοίνυν
402 1558 433 1590 ἐξ
443 1558 632 1594 ἀλληλογονίας
645 1561 673 1586 αἱ
688 1560 772 1596 ψυχαὶ
787 1562 831 1596 γί-

27 1607 138 1630 νονται,
159 1596 209 1625 καὶ
232 1599 350 1636 φθαρταί
367 1603 429 1635 εἰσι,
447 1603 574 1638 καθάπερ
588 1604 623 1630 τὰ
643 1605 720 1637 ἄλλα,
742 1605 776 1632 τὰ
799 1608 831 1632 ἐκ

27 1643 164 1679 διαδοχῆς
186 1645 282 1679 γένους
302 1646 440 1682 γινόμενα.
461 1647 491 1674 Et
512 1648 540 1675 δὲ
555 1649 583 1682 ἐξ
596 1649 646 1677 οὐκ
662 1649 746 1677 ὄντων
759 1660 829 1687 παρ-

27 1690 160 1723 άγονται,
177 1691 268 1723 κτίσις
281 1693 340 1719 ἐστὶ
352 1694 381 1720 τὸ
394 1694 546 1730 γινόμενον,
555 1696 602 1722 καὶ
613 1696 662 1723 οὐκ
675 1696 748 1724 ἔστιν
763 1697 829 1733 ἁλη-

29 1735 75 1766 ὑὲς
83 1735 117 1762 τὸ
124 1735 176 1762 τοῦ
183 1736 376 1771 Μωῦσέως.τδ,
383 1737 578 1767 Κατέπαυσεν
584 1742 600 1768 o’
610 1740 682 1774 Θεὸς
689 1742 748 1769 ἀπὸ
758 1742 829 1769 πᾶν·

27 1791 89 1808 των
112 1781 179 1808 τῶν
193 1783 288 1817 ἔργων
303 1784 412 1811 αὑτοῦ·
441 1786 528 1813 ἄτοπα
546 1787 574 1813 δὲ
599 1787 751 1824 ἀμφότερα.
772 1789 828 1816 Οὐκ

27 1829 82 1862 ἄρα
94 1828 148 1855 νῦν
163 1829 192 1855 αἱ
205 1829 291 1865 ψυχαὶ
299 1830 427 1864 γίνονται.
439 1832 476 1858 Τὸ
489 1832 554 1868 γὰρ,
562 1834 588 1860 '0
599 1835 700 1869 Πατήρ
706 1845 765 1870 μου
773 1835 828 1869 ἓως

23 1875 93 1909 ἄρτι
104 1874 274 1910 ἐργάζεται,
292 1877 341 1903 οὐκ
364 1878 409 1904 ἐπὶ
432 1878 479 1905 τοῦ
502 1879 615 1914 κτίζειν,
632 1881 689 1908 ἀλλ’
708 1882 755 1909 ἐπὶ
779 1883 827 1910 τοῦ

26 1921 160 1955 προνοεῖν
181 1920 327 1956 εἰρῆσθαι·
353 1923 399 1949 καὶ
423 1923 498 1959 αὐτῷ
523 1924 598 1951 δοκεί
620 1925 825 1963 Ἀπολλιναρίῳ,

24 1965 75 1996 τὰς
89 1965 188 2000 ψυχὰς
201 1965 257 1992 ἀπὸ
268 1965 322 2004 τῶν
332 1966 425 2002 ψυχῶν
436 1968 586 2002 τίκτεσθαι,
599 1969 694 2005 ὥσπερ
710 1971 763 1998 ἀπὸ
772 1972 827 1998 τῶν

26 2011 181 2037 σωμάτων.
203 2011 331 2046 Προῖέναι
356 2013 410 2048 γὰρ
433 2014 483 2049 τὴν
507 2014 596 2050 ψυχὴν
615 2016 686 2042 κατὰ
701 2017 826 2053 διαδοχὴν

24 2057 71 2084 τοῦ
88 2056 208 2092 πρώτου
221 2057 366 2094 ἀνθρώπου
379 2061 420 2092 είς
429 2061 491 2092 τοὺς
507 2061 538 2094 ἐξ
552 2062 655 2089 ἐκείνου
672 2063 824 2098 τεχθέντας,

23 2104 162 2139 aurei-map
175 2103 226 2139 τὴν
241 2107 401 2142 σωματικὴν
413 2107 548 2143 διαδοχήν.
562 2109 638 2144 Μήτε
652 2109 705 2145 γὰρ
718 2111 824 2138 (17:0st-

23 2150 88 2177 σθαι
111 2150 221 2185 ψυχὰς,
245 2151 313 2186 μήτε
330 2151 378 2178 νῦν
402 2152 550 2185 κτίζεσθαι.
570 2155 640 2187 Τοὺς
661 2155 715 2191 γὰρ
739 2155 825 2183 ταῦτα

22 2198 162 2232 λέγοντας
175 2198 310 2233 συνεργὸν
323 2200 409 2226 ποιεῖν
423 2200 468 2227 τὸν
485 2201 551 2228 Θεὸν
567 2204 624 2234 τοῖς
639 2204 744 2238 μοιχοῖς
757 2211 764 2218 ’
779 2205 827 2231 καὶ
841 2197 866 2227 Ι)

21 2244 76 2279 γὰρ
91 2244 127 2270 ἐκ
145 2243 253 2270 τούτων
268 2244 362 2271 παιδία
380 2246 518 2273 τίκτεται·
536 2247 632 2282 ψεῦδος
646 2248 674 2275 δὲ
696 2247 765 2276 εἶναι
778 2251 826 2278 καὶ

20 2289 61 2321 τὸ,
78 2289 290 2317 Κατέπιιυσεν
305 2292 322 2317 ὁ
339 2290 411 2324 Θεὸς
428 2292 488 2319 ἀπὸ
507 2294 629 2321 πάντων
647 2294 708 2322 τῶν
730 2295 826 2330 ἔργων

19 2335 119 2362 αὑτοῦ
136 2334 160 2362 ἅ
187 2335 301 2369 ἤρξατο
321 2337 433 2364 ποιεῖν·
448 2339 526 2374 εἴπερ
550 2340 589 2366 ἔτι
615 2341 661 2367 καὶ
677 2341 723 2369 νῦν
736 2342 825 2377 ψυχὰς

18 2381 203 2418 δημιουργεῖ.
226 2381 295 2408 Ἀλλ’
310 2383 334 2408 εἰ
354 2383 442 2410 πάντα
455 2376 489 2411 τὰ
506 2385 576 2412 κατὰ
590 2386 713 2422 διαδοχὴν
728 2386 758 2420 ἐξ
774 2376 823 2414 ἆλ-

19 2427 191 2462 ληλογονίας
206 2427 336 2462 γινόμενα
350 2428 482 2456 δέδεικται
497 2430 597 2465 θνητά·
613 2431 657 2459 διὰ
672 2433 751 2459 τοῦτο
769 2435 822 2469 γὰρ

18 2474 102 2509 γεννᾷ
121 2473 177 2500 καὶ
199 2475 339 2507 γεννᾶται,
359 2475 402 2501 ἵνα
424 2475 478 2503 τῶν
496 2476 623 2512 φθαρτῶν
646 2478 771 2516 διαμείνῃ
792 2480 822 2507 τὸ

18 2521 97 2554 γένος
109 2532 116 2538 -
131 2520 248 2555 ἀνάγκη
264 2521 310 2547 καὶ
322 2521 451 2558 τούτωνῆ
468 2522 568 2558 θνητὴν
582 2521 651 2550 εἶναι
669 2523 758 2558 λέγειν
772 2525 822 2560 τὴν

17 2567 119 2602 ψυχὴν,
142 2566 176 2599 ἐξ
187 2566 381 2602 ἀλληλογονίας
397 2568 579 2604 γεννωμένην,
597 2569 614 2605 ἢ
627 2570 663 2606 μὴ
677 2570 747 2597 κατὰ
762 2571 820 2598 δια-

15 2615 99 2651 δοχὴν
115 2616 154 2648 ἐξ
167 2615 364 2650 ἅλληλογονίας
376 2617 523 2651 γεννᾶσθαι
535 2618 586 2650 τὰς
599 2618 688 2654 ψυχάς
699 2629 706 2635 ·
723 2620 819 2657 τὸ,γὰρ

16 2661 63 2687 ἐπὶ
74 2661 134 2687 τῶν
142 2661 178 2686 ἑκ
188 2661 312 2695 μοιχείας
322 2663 497 2698 γεννωμένων
506 2663 545 2699 τῷ
552 2665 601 2700 τῆς
611 2666 737 2700 προνοίας
748 2666 819 2702 λόγῳ

15 2707 242 2742 καταλείπομεν,
256 2707 387 2744 ἀγνώστῳ
403 2710 468 2745 παρ’
481 2710 548 2745 ἡμῖν
568 2711 634 2739 ὄντι.
652 2712 683 2738 El
699 2713 726 2739 δέ
738 2722 763 2740 τι
779 2713 820 2740 δεῖ

16 2753 89 2780 κατὰ
100 2755 157 2788 τῆς
178 2753 310 2788 προνοίας
327 2757 590 2791 καταστοχάσασθαι,
606 2759 714 2791 πάντως
721 2758 775 2787 οἶδε
787 2761 818 2788 τὸ

50 2842 73 2858 ⁸¹
90 2842 167 2869 Cen.
190 2849 222 2876 ιι,
235 2841 263 2868 ‘2.
302 2844 324 2858 "‘
337 2842 413 2871 Joan.
430 2853 456 2879 ν,
478 2845 523 2874 17.

884 1577 1116 1612 εοι-τυριὶὺίιίιιηι
1131 1577 1313 1605 substantiam
1336 1579 1529 1606 vicissitudine
1550 1587 1677 1614 procrea-

884 1623 987 1650 tionis:
1005 1623 1103 1658 loquor
1125 1627 1217 1651 autent
1233 1624 1267 1651 de
1284 1625 1317 1652 iis
1340 1632 1402 1660 quae
1420 1632 1474 1653 non
1488 1633 1520 1652 ex
1532 1626 1677 1660 puti-edint:

883 1673 1045 1702 nascuntur,
1080 1669 1214 1704 siquidem
1254 1670 1350 1697 horum
1386 1671 1591 1699 successionem
1623 1672 1675 1698 alia

882 1713 1010 1748 deinceps
1026 1715 1140 1748 putredo
1162 1718 1320 1741 conservat.
1346 1715 1499 1744 Crcationis
1520 1723 1584 1743 vero
1607 1724 1676 1750 [ιι-πμ

882 1759 1083 1787 stantissimum
1113 1767 1182 1794 opus
1210 1764 1252 1786 est
1273 1759 1389 1794 edicere,
1417 1765 1447 1787 ut
1469 1761 1572 1796 aliquid
1589 1763 1624 1789 sit
1642 1770 1674 1789 ex

882 1805 977 1832 nihilo.
1006 1805 1188 1838 Quamobrem
1210 1806 1232 1833 si
1254 1805 1352 1832 animat
1374 1813 1405 1833 ex
1433 1811 1526 1834 mutua
1548 1815 1675 1843 procrea-

881 1851 955 1878 tione
967 1850 1072 1882 ﬁerent,
1086 1850 1168 1878 etiam
1183 1851 1314 1878 mortales
1329 1855 1430 1884 essent,
1446 1852 1528 1879 veluti
1543 1853 1594 1879 alia
1614 1861 1674 1887 qua:

881 1897 987 1932 generis
1009 1897 1183 1924 successione
1200 1896 1289 1923 ﬁunt:
1312 1898 1384 1932 quod
1407 1898 1430 1925 si
1450 1905 1482 1925 ex
1499 1898 1532 1925 iis
1546 1907 1606 1933 qum
1619 1908 1643 1925 ιιι
1657 1909 1672 1926 ιι

880 1947 956 1975 sunt,
973 1941 1156 1975 deducuntur,
1169 1943 1272 1970 creatio
1286 1946 1329 1970 est
1345 1943 1418 1977 quod
1439 1943 1469 1970 llt
1480 1963 1487 1974 ,
1512 1951 1562 1970 nec
1578 1951 1671 1971 verum

880 1993 921 2017 est
948 1989 1020 2024 quod
1045 1989 1083 2015 ait
1105 1989 1232 2024 Moyses,
1257 1989 1513 2025 nempczllequievit
1540 1991 1610 2018 Deus
1638 1994 1671 2018 ab

880 2035 1004 2062 omnibus
1031 2035 1152 2069 operibus
1177 2036 1234 2062 suis
1248 2035 1270 2051 ⁸¹
1289 2038 1446 2070 (utrumque
1463 2042 1552 2064 autem
1573 2038 1672 2065 absur-

879 2082 943 2113 dum
957 2082 1020 2116 est).
1038 2080 1096 2109 Non
1110 2081 1191 2116 igitur
1207 2089 1280 2109 nunc
1304 2082 1402 2109 animae
1422 2089 1590 2110 nascuntur:
1605 2090 1666 2110 nam

879 2128 944 2155 illud
958 2148 965 2160 ,
983 2127 1064 2154 Pater
1079 2135 1150 2155 meus
1171 2127 1304 2163 [ulcusque
1318 2134 1443 2163 operatur
1458 2130 1480 2144 ⁸·
1491 2149 1498 2161 ,
1516 2137 1571 2156 non
1590 2138 1670 2157 usur-

879 2179 958 2210 patur
972 2173 1005 2201 de
1020 2181 1049 2201 re
1058 2174 1189 2207 creando,
1204 2173 1251 2201 sed
1265 2173 1368 2201 dictum
1382 2182 1443 2202 esse
1462 2174 1556 2202 volunt
1571 2183 1618 2210 pro
1637 2184 1670 2201 eo

876 2218 950 2254 quod
963 2222 1006 2246 est
1016 2218 1175 2253 providere;
1196 2222 1223 2245 et
1243 2218 1294 2253 ipsi
1314 2226 1423 2254 quoque
1440 2220 1609 2254 Apollinario
1630 2220 1668 2246 vi-

874 2265 954 2292 detur
967 2264 1073 2291 animas
1091 2264 1125 2291 ab
1141 2264 1240 2291 animis
1262 2264 1349 2291 creari
1374 2265 1449 2291 velut
1465 2272 1479 2292 a
1503 2266 1667 2301 corporibus

874 2310 1014 2347 [corpora]
1024 2319 1030 2343 ;
1040 2309 1140 2345 quippe
1151 2310 1269 2337 animam
1281 2310 1429 2346 procedere
1442 2312 1498 2338 vult
1513 2319 1544 2339 ex
1556 2312 1668 2339 traduce

873 2363 922 2391 per
945 2357 1146 2384 successionem
1164 2363 1178 2382 a
1194 2356 1282 2391 primo
1301 2356 1412 2384 homine
1431 2356 1465 2384 ad
1485 2365 1532 2385 eos
1549 2358 1594 2392 qui
1610 2359 1666 2384 nali

873 2405 937 2429 sunt.
958 2409 990 2429 ex
1013 2401 1071 2433 illo,
1093 2402 1181 2429 instar
1197 2409 1337 2436 corporea:
1352 2403 1550 2430 successionis.
1574 2404 1668 2439 Neque

873 2447 945 2474 enim
960 2447 1067 2474 animas
1083 2447 1185 2474 servari
1206 2448 1342 2479 conditas,
1360 2456 1448 2484 neque
1465 2457 1540 2476 nunc
1560 2451 1665 2478 creari:

872 2492 973 2519 etenim
987 2498 1035 2519 eos
1050 2492 1097 2526 qui
1112 2491 1169 2519 haec
1181 2491 1318 2524 dictitant,
1333 2492 1417 2520 Deum
1435 2493 1543 2521 eilicere
1569 2499 1667 2528 putant

872 2535 1024 2570 atljutorem
1047 2535 1257 2563 adulterorum:
1276 2544 1309 2564 ex
1333 2537 1366 2565 iis
1391 2538 1464 2565 enim
1487 2539 1568 2566 etiam
1588 2540 1666 2566 liberi

873 2583 1035 2608 nascuntur.
1050 2580 1136 2608 Porro
1153 2582 1325 2610 mendacium
1342 2591 1404 2611 esse
1424 2588 1569 2611 autumant
1587 2586 1664 2616 illud.

872 2625 1006 2661 Requievt't
1025 2625 1058 2653 ab
1078 2626 1199 2653 omnibus
1219 2628 1340 2661 operibus
1360 2630 1428 2660 suis,
1446 2637 1505 2662 qua:
1522 2630 1598 2663 cw‘pit
1620 2630 1664 2664 fa-

871 2679 940 2703 cere,
967 2671 1102 2706 siquidem
1116 2672 1198 2699 etiam
1219 2680 1292 2701 nunc
1313 2674 1419 2702 animas
1443 2674 1545 2701 condit.
1562 2674 1664 2702 Verum

873 2717 896 2745 si
910 2718 1000 2744 omnia
1019 2726 1081 2753 quae
1103 2719 1260 2747 successive
1282 2719 1349 2746 ﬁunt
1372 2727 1404 2746 ex
1424 2723 1517 2746 mutua
1537 2728 1665 2756 procrea-

872 2762 956 2795 tione,
979 2763 1104 2790 mortalia
1120 2770 1181 2791 esse
1203 2763 1316 2798 probata
1341 2766 1426 2796 sunt;
1443 2771 1505 2790 nam
1521 2769 1663 2800 propterea
