1914 3079
262 73 313 100 20‘!

880 75 908 101 S.
930 74 1092 102 GREGORII
1113 74 1257 103 NYSSENI
1821 77 1860 105 €03

263 133 405 163 generant,
425 133 450 156 et
476 135 649 165 generantur,
673 134 701 156 ut
719 131 938 165 corruptibilium
959 139 1043 166 genus

1097 132 1265 167 τικτόμενον,
1279 133 1295 168 ἢ
1310 133 1348 168 τῷ
1372 133 1420 168 βίῳ
1436 133 1452 168 ἢ
1478 133 1565 168 ἑαυτῷ
1581 133 1714 169 χρήσιμον
1736 134 1858 169 ἐσόμενον,

263 180 436 210 pcrtnaneat;
465 184 575 204 necesse
591 183 699 210 quoque
713 175 809 203 horum
837 182 883 204 aut
906 178 1046 205 mortalem

262 229 322 248 esse
346 224 461 249 animam
487 221 550 252 dici.
579 228 640 248 cum
669 221 784 249 invicem
813 226 1048 256 procreatumaut

262 276 315 294 non
332 276 379 302 per
394 268 592 295 successionem
607 276 640 296 ex
656 275 685 295 se
706 269 820 295 invicem
843 269 967 303 generari
986 269 1047 295 ani-

262 321 336 340 mas:
354 321 415 340 nam
430 313 607 347 qua'stioncm
625 313 659 340 de
676 314 708 341 iis
726 313 771 348 qui
794 321 827 340 ex
850 313 984 341 adulterio
997 321 1047 341 na-

259 365 373 386 scuntur
387 359 565 394 providentiae
582 360 681 386 rationi
698 359 894 394 relinquimus,
912 367 972 394 qum
986 360 1048 394 qui--

1098 178 1144 203 καὶ
1163 177 1206 204 διὰ
1231 178 1310 204 τοῦτο
1336 181 1470 214 συγχωρεί
1492 179 1540 215 τὴν
1563 179 1720 214 ὲμψύχωσιν
1742 179 1858 213 vivacem:

1099 222 1190 249 ἱκανὸν
1213 223 1240 250 δὲ
1256 225 1404 260 τεκμήριον
1423 225 1502 251 τοῦτο
1521 224 1705 263 λαμϐάνομεν,
1720 225 1764 251 τὸν
1779 226 1807 251 ὲκ
1824 227 1858 261 τῆς

1096 268 1143 295 τοῦ
1168 269 1266 304 Οὐρίου
1298 271 1345 296 καὶ
1369 270 1461 297 Δαόὶδ
1477 271 1640 306 γεννηθέντα
1661 271 1806 305 ηῶλομῶνα
1826 271 1860 307 [ὡς

1098 315 1168 341 κατὰ
1185 315 1266 350 νόμον
1286 315 1332 342 τὸν
1344 316 1414 342 θεῖον
1433 316 1584 351 τικτομένῳ
1600 318 1607 327 ‘
1617 317 1654 347 ὡς
1681 317 1732 342 καὶ
1744 317 1789 343 ἐπὶ
1801 318 1860 343 Σολο-

1099 360 1185 396 μῶντι
1199 361 1237 396 τῷ
1251 361 1334 388 Δαὸιδ
1343 361 1489 395 γεννῶνται
1500 362 1534 388 τὰ
1550 361 1708 396 γεννώμενα
1723 361 1744 397 ].

258 404 318 432 dem
330 412 343 431 a
353 405 590 440 nobisignoratur.
608 404 685 437 Quod
697 405 719 432 si
732 404 795 438 quid
810 408 934 440 oporteat
948 405 982 432 de
1001 405 1169 440 providentia
1179 407 1338 440 conjectura
1350 408 1469 442 assequi,
1481 408 1555 434 novit
1570 409 1653 442 probe
1670 409 1744 443 quod
1761 413 1859 436 creatum

253 454 309 482 est,
321 454 368 477 aut
378 451 449 482 vitae,
464 455 511 478 aut
529 451 578 478 sibi
589 451 759 479 commodum
778 457 858 487 atque
873 453 938 480 utile
948 452 1083 487 futurum;
1101 454 1174 489 atqui
1188 455 1291 482 idcirco
1307 455 1432 482 concedit
1442 456 1593 482 animorum
1609 456 1794 491 migrationem
1809 456 1858 484 ﬁcti.

258 495 383 523 Valitlum
393 504 457 523 vero
468 495 529 522 hinc
540 500 728 530 argumentum
747 497 780 523 ad
791 497 817 523 id
834 497 960 524 ducimus
975 497 1158 531 Salomonem,
1173 499 1219 534 qui
1237 506 1270 526 ex
1288 499 1360 526 Uria;
1373 499 1465 527 uxoris
1483 503 1626 534 conceptu,
1647 505 1674 527 et
1693 500 1799 528 Davidis
1815 504 1859 527 satu

253 541 347 568 editus
372 545 423 574 est,
444 540 521 576 quasi
540 541 616 575 juxta
636 541 720 576 legem
738 541 858 569 divinam
876 546 1047 569 nasceretur.

294 586 524 623 (n)Expmu‘amus
531 587 562 612 dc
576 593 657 620 nceps
664 585 963 613 etiamdlaniclmorum
974 587 1034 621 opi-

259 632 368 658 nionem
388 630 421 657 de
437 623 526 657 anima
543 640 548 657 :
567 631 644 657 aiunt
664 631 764 658 etenim
783 639 842 658 eant
864 639 926 659 esse
950 632 1041 659 incor-

258 684 370 712 porcam
392 680 418 703 et
442 677 641 710 inunortalcm;
664 676 711 704 sed
727 684 808 703 unam
827 677 967 712 solataque
982 685 1042 705 esse

260 723 448 750 universorum
462 723 580 749 auhnam
596 731 643 757 per
657 723 742 750 frusta
757 723 872 750 divisam
884 743 891 754 ,
909 728 936 750 et
950 724 1043 750 conci-

259 776 318 795 sam
332 769 359 795 in
371 769 476 803 singula
489 776 615 804 corpora,
630 769 749 796 animata
765 774 793 797 et
807 770 925 796 inanima
939 779 945 797 :
961 774 1042 804 atque

260 815 318 841 hanc
332 815 463 849 potiorem
478 815 603 842 obtinere
615 820 736 850 partem.
752 815 805 842 alia
819 816 968 847 minorem;
984 824 1041 842 am-

261 861 376 895 pliorem
394 860 502 895 quidem
527 861 663 893 animata,
691 861 874 896 angustiorem
891 865 981 888 autem
998 862 1042 888 in-

259 906 363 938 anima,
381 906 466 933 multo
480 914 545 934 vero
562 906 747 942 augustiorem
763 907 884 934 coelestia
899 916 906 940 ;
922 907 990 934 adeo
1015 911 1043 934 ut

257 952 393 980 universa!
407 952 519 986 animaa,
536 952 596 979 alia:
613 952 728 987 singulm
742 953 796 980 sint
811 953 952 988 particulze
964 960 1038 988 quae-

258 997 340 1030 dam;
355 997 417 1025 etsi
431 997 540 1032 quidem
553 998 623 1024 banc
633 997 770 1024 individuo
785 997 877 1032 partiri
891 997 1042 1029 dixissent,

258 1047 388 1078 tanquam
403 1051 497 1071 vocem
514 1043 586 1070 inter
607 1043 767 1075 audientes,
783 1042 918 1070 mediocre
936 1043 1037 1070 tnalum

259 1089 332 1118 istud
346 1089 451 1116 fuisset.
460 1087 538 1117 Nunc
549 1093 639 1116 autem
652 1089 746 1116 dicunt
758 1089 940 1116 substantiam
955 1088 1041 1123 ipsam

258 1136 355 1163 animae
367 1135 468 1167 dividi,
479 1139 505 1163 et
519 1135 591 1170 quod
607 1134 728 1162 omnium
747 1134 972 1161 molestissimum
984 1137 1041 1166 est,

258 1183 367 1217 proprie
381 1181 466 1217 ipsam
479 1181 507 1209 in
522 1180 664 1208 elementis
677 1187 739 1207 esse
753 1180 863 1212 volunt,
877 1184 904 1206 et
916 1187 970 1207 una
984 1180 1042 1208 dis-

259 1227 340 1254 tribui
358 1233 420 1253 cum
447 1226 489 1255 his
507 1226 534 1252 in
550 1232 698 1259 corporum
721 1225 914 1260 generatione,
931 1232 963 1252 ac
980 1232 1043 1251 rur-

256 1279 305 1299 sus
329 1271 361 1298 ad
384 1271 456 1299 idem
475 1271 624 1298 convenire
643 1269 793 1305 eodemque
818 1269 920 1305 redigi,
946 1270 1043 1297 solutis

256 1317 437 1352 corporibus,
459 1317 530 1344 sicut
552 1324 624 1351 aqua
649 1317 675 1343 in
692 1319 787 1351 partes
805 1315 892 1343 divisa
906 1336 913 1348 ,
931 1315 1044 1342 iterum-

257 1370 311 1397 que
325 1366 420 1388 coaeta
436 1365 463 1389 et
476 1361 619 1396 permista.
641 1360 761 1395 Itemque
776 1360 881 1387 animas
901 1368 985 1394 puras
1009 1360 1042 1387 ad

256 1407 345 1435 lucem
377 1415 507 1442 pergere,
538 1411 600 1433 cum
631 1406 696 1440 ipsa:
713 1406 803 1432 lumen
826 1406 891 1437 sint,
911 1406 1044 1432 contami-

257 1442 336 1479 nat-as
351 1456 442 1478 autent
456 1459 471 1478 a
483 1451 595 1478 materia
606 1471 613 1483 ,
629 1451 662 1477 ad
678 1450 812 1477 elementa
825 1450 917 1482 abire,
934 1451 1043 1477 iterum-

257 1506 310 1533 que
325 1498 359 1524 ab
374 1497 516 1524 clementis
532 1498 566 1523 ad
578 1497 687 1531 plantas
700 1499 727 1522 et
744 1496 871 1522 animalia
886 1496 976 1522 bruta.
992 1496 1045 1523 Ita-

256 1550 309 1576 que
326 1542 413 1577 ipsius
427 1542 575 1569 essentiam
589 1541 761 1569 dissecantes
772 1560 779 1572 ,
796 1545 823 1568 et
844 1541 918 1567 velut
944 1549 1044 1575 corpo-

257 1596 331 1615 ream
350 1587 541 1614 atIc-ctionibus
556 1587 751 1621 subjicientcs,
777 1587 958 1615 immortalem
982 1595 1044 1616 esse

257 1638 401 1665 asserunt,
420 1634 466 1660 scd
485 1634 512 1660 in
526 1633 664 1660 contraria
679 1634 823 1660 incurrunt
837 1643 843 1660 :
861 1634 960 1661 ctenim
975 1634 1041 1661 dum

257 1681 374 1715 pollutas
389 1680 494 1707 animas
508 1679 542 1706 ad
557 1679 690 1706 elementa
706 1686 847 1706 recurrere
871 1679 1022 1714 pra-dicant
1034 1699 1041 1712 ,

257 1731 284 1752 et
310 1725 483 1752 commisceri
512 1724 584 1751 inter
614 1732 667 1756 se,
699 1731 797 1752 rursus
824 1725 898 1759 ipsas
924 1725 1043 1752 cruciari

257 1772 334 1798 aiunt
351 1771 378 1797 in
396 1770 622 1806 commigratione
637 1770 670 1797 ad
691 1770 743 1797 alia
759 1777 872 1804 corpora
885 1790 891 1802 ,
914 1778 963 1805 pro
979 1778 1042 1805 gra-

259 1818 343 1844 vitate
359 1816 537 1847 delictorum,
560 1816 624 1843 dum
652 1816 752 1844 uniunt
773 1817 863 1851 ipsas,
888 1817 1043 1851 iterumque

257 1867 386 1902 separant
413 1862 519 1889 ratione
548 1861 744 1888 ευὺεὶειρηιὶω.
769 1860 915 1888 Enimvero
933 1861 1044 1887 mutu-as

256 1909 319 1936 luce
338 1912 464 1935 manente
484 1907 626 1943 separari,
651 1910 727 1934 arcta
752 1914 817 1934 vero
844 1905 1041 1941 conjunctione

258 1954 331 1983 uuiri
343 1962 349 1981 ε
363 1953 434 1988 quod
452 1953 562 1988 quidem
581 1953 608 1980 in
625 1952 789 1987 intelligibili
805 1956 903 1978 natura
920 1952 978 1979 fieri
994 1960 1042 1979 ne-

257 2000 326 2035 quit.
344 1998 466 2032 Namque
479 1998 581 2025 umbra:
597 2003 660 2026 sunt
682 1998 817 2025 bonorum
831 2007 837 2024 :
854 1998 962 2025 tametsi
980 1998 1042 2032 quis

257 2045 425 2073 concesserit
442 2045 517 2079 ipsas
532 2044 653 2079 separari
666 2063 672 2076 ,
689 2051 721 2070 ac
735 2051 832 2071 rursus
847 2044 939 2070 unitas
956 2051 1038 2078 copu-

257 2092 319 2119 lari.
338 2091 424 2118 Porro
437 2090 516 2117 Plato
532 2094 559 2117 et
576 2097 658 2116 unam
675 2097 752 2121 esse,
772 2093 802 2116 ct
820 2089 920 2116 multas
936 2090 1043 2116 animas

1089 608 1099 613 ,
1134 587 1212 623 Ἑξῆς
1236 588 1445 624 ἐπισκεψώμεθα
1472 589 1518 615 καὶ
1548 589 1598 624 τὴν
1626 589 1706 622 δόξαν
1726 589 1778 616 τῶν
1795 589 1859 615 Μανι-

1093 633 1189 667 χαίων,
1209 633 1242 668 ἢν
1254 633 1345 668 ἔχουσι
1360 633 1424 669 περὶ
1442 633 1491 668 τῆς
1503 633 1600 668 ψυχῆς.
1617 634 1685 660 Φασὶ
1701 635 1750 669 μὲν
1763 633 1810 669 γὰρ
1826 634 1858 660 αὑ-

1092 676 1140 712 τὴν
1158 676 1302 711 ἀσώματον
1322 677 1368 704 καὶ
1390 677 1522 705 ἀθάνατον
1535 687 1542 692 -
1568 678 1632 713 μίαν
1651 678 1679 704 δὲ
1709 679 1789 713 μόνην
1809 676 1859 704 εἶναι

1092 721 1141 756 τὴν
1162 722 1216 748 τῶν
1237 722 1363 750 ἁπάντων
1390 723 1487 758 ψυχὴν,
1509 723 1809 759 κατακερματιζομένην
1826 724 1859 750 καὶ

1093 767 1333 802 κατατεμνομένην
1343 768 1382 799 εἰς
1390 768 1423 793 τὰ
1437 767 1497 794 καθ’
1509 769 1623 794 ἕκαστον
1637 768 1762 803 σώματα,
1775 769 1859 803 ἐμιμοχά

1095 821 1124 838 τε
1143 812 1189 839 καὶ
1211 812 1302 848 ἄψυχα
1313 821 1319 827 ·
1339 813 1430 840 καὶτὰ
1448 814 1496 849 μὲν
1513 814 1633 846 πλείονος
1646 815 1733 849 αὐτῆς
1751 816 1858 849 μετέχειν,

1095 857 1128 884 τὰ
1140 858 1167 884 δὲ
1179 858 1331 890 ἐλάττονος·
1352 859 1473 890 πλείονος
1492 860 1540 894 μὲν
1557 860 1590 886 τὰ
1607 860 1727 895 ἔμψυχα,
1747 861 1860 892 faustam;

1095 903 1123 929 δὲ
1135 903 1168 929 τὰ
1181 903 1281 938 ἄψυχα,
1299 904 1388 938 πολλῷ
1401 904 1429 930 δὲ
1443 904 1563 936 πλείονος
1576 905 1612 931 τὰ
1625 905 1740 940 οὐράνια
1752 914 1757 920 ·
1779 905 1811 937 ὡς
1825 904 1859 939 τῆς

1096 948 1210 974 καθόλου
1223 949 1312 984 ψυχῆς
1328 950 1396 985 μέρη
1414 950 1463 981 τὰς
1481 950 1540 977 καθ’
1555 950 1669 977 ἕκαστον
1691 950 1762 978 εἶναι
1774 951 1857 985 ψυχέςι

1096 994 1142 1020 καὶ
1157 995 1181 1019 εἰ
1202 993 1251 1029 μὲν
1274 995 1427 1030 ἁμερίστως
1451 996 1608 1031 μερίζεσθαι
1631 997 1735 1032 ταύτην
1755 997 1858 1031 ἔτραπον,

1096 1040 1133 1071 ὡς
1153 1040 1201 1075 τὴν
1226 1041 1317 1076 φωνὴν
1340 1041 1368 1068 ἐν
1394 1043 1450 1073 τοῖς
1468 1042 1606 1075 ἀκούουσι,
1623 1042 1736 1078 μέτριον
1757 1043 1786 1069 ἂν
1797 1040 1824 1078 ἦν
1839 1042 1858 1068 τὸ

1096 1086 1180 1112 κακόν
1192 1095 1199 1101 ·
1224 1085 1271 1112 νῦν
1290 1086 1318 1112 δὲ
1340 1087 1388 1121 τὴν
1404 1087 1498 1114 οὐσίαν
1517 1088 1601 1122 αὐτὴν
1626 1088 1675 1122 τῆς
1691 1088 1780 1123 ψυχῆς
1797 1096 1859 1113 κατα-

1098 1131 1255 1167 μερίςεσοαι
1266 1133 1384 1168 λέγουσι,
1400 1135 1446 1161 καὶ
1458 1135 1488 1161 τὸ
1503 1135 1611 1162 πάντων
1626 1136 1820 1170 χαλεπώτατον,
1831 1137 1858 1161 ὅτι

1096 1177 1198 1212 κυρίως
1216 1178 1301 1214 αὐτὴν
1312 1179 1341 1205 ὲν
1352 1179 1568 1214 ποιχείοιςεῖναι
1579 1180 1731 1216 βούλονται,
1749 1180 1791 1206 καὶ
1810 1188 1858 1213 συμ-

1098 1222 1257 1258 μερίζεσθαι
1273 1223 1378 1256 τούτοις
1395 1225 1423 1251 ὲν
1440 1227 1471 1260 τῇ
1485 1226 1538 1252 τῶν
1555 1226 1688 1262 σωμάτων
1706 1227 1812 1260 γενέσει,
1827 1225 1859 1251 tu".

1096 1268 1177 1294 πάλιν
1200 1269 1239 1300 εἰς
1261 1269 1358 1296 ταύτὸν
1383 1270 1500 1298 συνιέναι
1523 1270 1707 1306 διαλυομένων
1723 1271 1775 1298 τῶν
1789 1270 1858 1305 σωμά-

1096 1321 1160 1346 των,
1182 1313 1220 1346 ὡς
1238 1313 1308 1350 ὕδωρ
1327 1316 1511 1352 μεριζόμενον,
1538 1317 1585 1343 καὶ
1600 1317 1680 1343 πάλιν
1705 1317 1859 1351 συναγόμενον

1096 1359 1142 1385 καὶ
1160 1360 1333 1395 μιγνύμενον.
1349 1361 1404 1387 Καὶ
1416 1361 1464 1393 τὰς
1480 1362 1529 1398 μὲν
1545 1362 1668 1398 καθαρὰς
1681 1363 1771 1398 ψυχὰς
1785 1362 1857 1397 χωρεῖν

1096 1406 1136 1436 εἰς
1155 1406 1185 1432 τὺ
1202 1405 1268 1440 φῶς,
1284 1407 1341 1441 φῶς
1365 1407 1447 1440 οῦδ-ας
1459 1416 1466 1423 '
1491 1407 1541 1439 τὰς
1560 1408 1588 1434 δὲ
1611 1409 1810 1444 μεμολυσμένας
1823 1407 1860 1433 ὑπὸ

1095 1450 1146 1485 τῆς
1160 1451 1235 1487 ὕλης,
1254 1454 1351 1488 χωρεῖν
1364 1453 1403 1485 εἰς
1417 1453 1451 1479 τὰ
1464 1455 1596 1489 στοιχεῖαο
1613 1455 1658 1481 καὶ
1671 1455 1753 1481 πάλιν
1769 1455 1814 1481 ἀπὸ
1822 1453 1858 1479 τῶν

1096 1497 1245 1531 στοιχείων,
1264 1498 1303 1529 εἰς
1317 1498 1351 1524 τὰ
1366 1498 1437 1533 φυτὰ
1459 1499 1506 1525 καὶ
1527 1498 1563 1525 τὰ
1581 1499 1638 1531 ζῶα
1651 1508 1657 1514 ·
1681 1501 1731 1526 καὶ
1751 1500 1814 1526 οὕτω
1826 1499 1859 1532 τὴν

1094 1540 1186 1567 οὐσίαν
1208 1541 1294 1576 αὐτῆς
1315 1542 1538 1577 κατατέμνοντες,
1561 1544 1608 1569 καὶ
1625 1544 1781 1579 σωματικὴν
1796 1551 1858 1569 κατι-

1093 1585 1239 1620 τέμνοντες
1251 1589 1270 1619 ',
1298 1588 1344 1614 καὶ
1379 1588 1491 1614 πάθεσιν
1521 1589 1728 1621 ὑποϐάλλοντες,
1755 1589 1858 1615 ἀθάνατον

1094 1629 1163 1658 εἷναί
1196 1640 1286 1666 φασι·
1311 1633 1504 1668 περιπίπτουσι
1525 1633 1553 1660 δὲ
1577 1634 1624 1660 καὶ
1657 1636 1715 1666 τοῖς
1742 1633 1857 1662 ἐναντίοις

1094 1677 1243 1711 φάσκοντες
1257 1678 1311 1712 γὰρ
1328 1679 1487 1714 ἀνατρέχειν
1503 1679 1552 1711 τὰς
1568 1679 1775 1715 μεμολυσμένας
1793 1677 1859 1713 ψυχὰς

1094 1723 1139 1748 ἐπὶ
1155 1724 1187 1749 τὰ
1203 1725 1330 1758 στοιχεῖα,
1346 1724 1393 1750 καὶ
1409 1719 1624 1760 καταμίγνυσθαι
1639 1725 1764 1761 ἀλλήλοις
1775 1746 1781 1758 ,
1801 1724 1859 1750 πάλιν

1093 1764 1177 1796 αὐτὰς
1203 1765 1233 1791 ὲν
1256 1766 1313 1796 ταῖς
1339 1766 1598 1801 μετενσωματώσεσί
1617 1775 1682 1801 φασι
1699 1766 1858 1802 τιμωρεῖσθαι,

1093 1807 1163 1834 κατὰ
1174 1807 1204 1833 τὸ
1220 1807 1332 1842 μέγεθος
1351 1808 1404 1835 τῶν
1417 1809 1631 1844 ἁμαρτημάτων,
1652 1809 1774 1840 ἐνοῦντες
1788 1807 1858 1836 αὐτὰς.

1094 1849 1140 1875 καὶ
1168 1849 1247 1875 πάλιν
1273 1849 1451 1884 χωρίζοντες,
1476 1851 1536 1877 καθ’
1562 1851 1720 1878 ὑπόστασιν.
1751 1850 1800 1877 Καὶ
1822 1848 1859 1882 γὰρ

1093 1890 1142 1922 τὰς
1158 1890 1235 1921 σκιὰς
1264 1891 1350 1924 φωτὸς
1379 1892 1504 1926 μένοντος
1527 1892 1710 1927 χωρίζεσθαι,
1739 1890 1859 1924 συναςεῐῐς

1093 1931 1122 1958 δὲ
1145 1932 1296 1966 γενομένης
1328 1932 1454 1968 ἐνοῦσθαι
1466 1953 1472 1962 .
1489 1933 1556 1968 ὅπερ
1577 1932 1707 1960 ἀδύνατον
1722 1934 1766 1960 ἐπὶ
1785 1931 1860 1966 νοητῆς

1095 1973 1200 2007 φύσεως
1224 1973 1359 2007 γενέσθαι.
1380 1974 1434 2000 Καὶ
1460 1975 1513 2010 γὰρ
1536 1975 1564 2001 αἱ
1592 1975 1666 2002 σκιαὶ
1693 1976 1747 2002 τῶν
1776 1971 1860 2007 ἀγαθῶν

1093 2016 1179 2041 εἰσιν
1194 2015 1219 2040 εί
1236 2015 1280 2041 καὶ
1303 2015 1359 2050 δοίη
1389 2023 1430 2047 τις
1452 2016 1537 2048 αὐτὰς
1558 2016 1734 2052 χωρίζεσθαι,
1758 2017 1800 2043 καὶ
1821 2014 1859 2040 πά-

1093 2057 1134 2083 λιν
1163 2056 1298 2083 ὲνοῦσθαι.
1335 2057 1446 2083 Πλάτων
1476 2057 1504 2084 δὲ
1537 2059 1584 2085 καὶ
1631 2059 1696 2093 μίαν
1738 2056 1800 2085 εῐναι
1827 2054 1859 2080 καὶ

1094 2098 1206 2130 πολλὰς
1221 2099 1308 2134 ψυχὰς
1334 2100 1526 2133 ἀποφαίνεται.
1552 2101 1624 2127 Μίαν
1653 2101 1702 2136 μὲν
1741 2101 1790 2135 γὰρ
1809 2096 1858 2124 εἶναι

257 2141 395 2166 asseverat
408 2146 415 2164 :
429 2144 508 2163 unam
520 2136 620 2170 quippe
634 2143 695 2162 esse
706 2135 827 2162 universi
842 2135 960 2162 animam
971 2155 977 2167 ,
994 2135 1040 2162 sed

1095 2140 1140 2166 τοῦ
1164 2141 1263 2172 παντὸς
1290 2140 1339 2175 τὴν
1361 2140 1465 2176 ψυχήν·
1490 2140 1560 2168 εἷναι
1588 2142 1616 2168 δὲ
1640 2143 1687 2169 καὶ
1722 2142 1797 2172 ἄλλοις
1820 2139 1858 2164 τῶν

257 2188 285 2212 et
308 2184 378 2210 alias
391 2191 422 2209 ex
442 2182 476 2209 iis
494 2189 554 2216 qua;
572 2181 751 2216 particulares
771 2185 856 2213 sunt;
881 2185 911 2208 ut
933 2181 1042 2216 proprie

258 2229 426 2256 universitas
444 2228 565 2254 animata
585 2227 620 2255 sit
638 2227 671 2254 ab
687 2226 814 2254 universa
833 2227 922 2253 anima
935 2236 942 2260 ;
954 2226 1002 2253 sed
1017 2231 1045 2253 et

257 2275 434 2310 peculiariter
459 2281 507 2307 per
532 2277 624 2308 partes
654 2272 762 2307 propria
788 2272 922 2306 cujusque
942 2272 1042 2299 anima.

257 2321 303 2349 Ait
320 2327 385 2354 ergo
402 2319 522 2346 universi
537 2318 646 2353 quidem
661 2318 780 2345 animam
796 2317 940 2344 distentam
955 2324 1015 2344 csse
1030 2324 1045 2344 a

258 2369 355 2393 centro
381 2368 461 2392 terra:
479 2364 511 2391 ad
530 2365 628 2391 limites
653 2364 714 2391 coeli
732 2372 739 2396 ;
757 2371 807 2390 nec
828 2370 892 2391 vero
908 2362 1044 2397 ejusmodi

258 2411 455 2439 distensioncnt
481 2411 593 2438 localeut
618 2417 679 2437 esse
705 2409 849 2446 prmdicat,
878 2409 925 2436 sed
947 2408 1046 2435 intelli-

259 2458 390 2493 gibilem:
410 2457 545 2492 ejusmodi
567 2461 641 2484 certe
664 2456 782 2482 animam
806 2463 887 2486 esse,
912 2462 972 2489 quae
992 2454 1044 2481 cir-

259 2503 378 2538 cumagit
402 2503 429 2530 in
453 2503 546 2530 orbem
573 2502 797 2534 universitatem,
826 2506 852 2528 et
885 2504 994 2528 coercet
1019 2505 1046 2527 et

259 2549 381 2577 continet
403 2556 562 2584 corpoream
587 2547 680 2574 mundi
705 2548 819 2579 molem,
847 2554 962 2581 quamque
984 2546 1046 2572 uui—

259 2595 400 2623 versitatis
416 2601 531 2628 corpora
547 2597 687 2629 penetrat,
711 2593 738 2619 in
763 2593 796 2620 iis
817 2599 878 2627 quae
893 2599 974 2626 supra
990 2595 1046 2617 trao

260 2641 395 2668 ctavimus
419 2640 637 2668 demonstratum
664 2642 717 2666 est.
734 2637 790 2664 Hoc
815 2645 896 2671 porro
915 2637 992 2669 facit,
1018 2640 1047 2663 ut

263 2686 351 2715 anima
367 2687 403 2714 sit
421 2686 548 2720 spccilica
559 2705 565 2717 ,
579 2684 721 2720 Siquidem
735 2683 861 2719 quodque
875 2691 970 2710 eorum
986 2691 1047 2718 qua:

298 2775 333 2808 tu)
350 2775 441 2803 Locus
457 2775 499 2804 hic
517 2776 628 2802 lutatus
643 2778 695 2801 est.

1094 2182 1163 2209 κατὰ
1179 2182 1269 2217 μέρος,
1282 2183 1319 2214 ὡς
1332 2183 1384 2218 ἰδίᾳ
1401 2183 1449 2218 μὲν
1464 2182 1493 2210 τὸ
1507 2184 1560 2210 πᾶν
1575 2184 1760 2218 ὲμψυχοῦσθαι
1773 2182 1816 2209 ὑπὸ
1823 2187 1858 2213 της

1095 2228 1142 2254 τοῦ
1155 2229 1254 2260 παντὸς
1267 2229 1355 2264 ψυχῆς
1365 2237 1373 2244 ο
1391 2229 1443 2265 ἰδίᾳ
1457 2229 1484 2255 δὲ
1500 2229 1579 2256 πάλιν
1596 2230 1629 2257 τὰ
1643 2230 1714 2256 κατὰ
1729 2229 1812 2265 μέρος.
1822 2225 1858 2252 tif?

1095 2273 1145 2308 τῆς
1164 2274 1231 2305 ἰδίας
1248 2274 1362 2300 ἑκάστου
1387 2274 1486 2309 ψυχῆς.
1513 2276 1594 2309 Λέγει
1619 2275 1683 2309 γοῦν
1706 2276 1755 2310 τὴν
1773 2275 1813 2308 μὲν
1826 2269 1857 2296 τοῦ

1097 2319 1197 2350 παντὸς
1213 2319 1385 2346 διατετάσθαι
1408 2320 1495 2355 ψυχὴν
1510 2321 1564 2348 ἀπὸ
1578 2320 1623 2347 τοῦ
1642 2321 1754 2356 κέντρου
1768 2319 1811 2353 τῆς
1823 2316 1858 2350 γῆς

1099 2365 1145 2391 ἐπὶ
1159 2365 1192 2391 τὰ
1207 2366 1312 2400 πέρατα
1323 2366 1369 2392 τοῦ
1386 2366 1511 2401 οὐρανοῦ,
1529 2367 1559 2393 οὐ
1585 2366 1704 2397 τοπικῶς
1721 2365 1799 2398 αὐτὴν
1811 2363 1858 2387 διει-

1097 2410 1224 2437 τετάσθαι
1236 2411 1358 2445 φάσκων,
1375 2412 1442 2437 ἀλλὰ
1455 2412 1566 2446 ωητῶς.
1581 2411 1687 2446 Ταύτην
1697 2411 1724 2436 δὲ
1738 2410 1783 2444 τὴν
1792 2405 1858 2441 ᾁυχῆν

1099 2454 1167 2482 εἶναι
1188 2456 1235 2490 τὴν
1256 2457 1439 2492 περιάγουσαν
1454 2457 1630 2492 σφαιροειδῶς
1643 2456 1674 2482 τὸ
1691 2458 1744 2482 πᾶν
1761 2453 1801 2480 καὶ
1814 2458 1858 2476 συν·

1099 2501 1216 2534 άγουσαν
1226 2502 1270 2528 καὶ
1279 2503 1478 2537 συσφίγγουσαν
1486 2503 1516 2528 τὺ
1525 2501 1704 2538 σωματοειδὲς
1714 2499 1759 2527 τοῦ
1769 2499 1857 2531 κόσμων

1098 2545 1192 2572 διιέναι
1210 2555 1237 2571 τε
1254 2547 1287 2573 τὰ
1304 2547 1416 2580 σώματα
1429 2547 1476 2574 τοῦ
1492 2547 1658 2582 σύμπαντος,
1676 2547 1703 2572 ὲν
1716 2547 1768 2576 τοῖς
1782 2541 1857 2577 τρθλα·

1100 2591 1191 2618 δοῦσιν
1207 2592 1324 2627 ἐδείχθη.
1341 2594 1416 2619 Ποιεῖ
1430 2594 1456 2619 δὲ
1473 2593 1551 2620 τοῦτο
1572 2593 1620 2628 τὴν
1639 2591 1768 2618 εἰδοποιὴν
1781 2586 1856 2623 ψυχή“θ’

1099 2637 1153 2672 Ζῇν
1174 2638 1227 2673 γὰρ
1251 2639 1364 2666 ἕκαστον
1388 2639 1441 2665 τῶν
1466 2640 1550 2666 ὄντων
1574 2639 1622 2674 τὴν
1643 2638 1711 2664 ἰδίαν
1733 2635 1807 2669 ζωὴν»
1824 2629 1856 2658 κλλ

1101 2682 1258 2718 φθείρεσθαι
1273 2684 1322 2719 τὴν
1339 2684 1405 2711 ἰδίαν
1420 2684 1532 2720 φθοράν.
1552 2684 1624 2715 Ἕως
1642 2683 1692 2718 μὲν
1705 2682 1756 2717 γὰρ
1772 2680 1855 2710 συνέκε-
