1914 3079
43 147 95 176 209

766 151 809 179 DE
827 152 944 181 ANIMA.

1610 152 1660 178 210

44 214 86 232 ται
98 205 145 232 καὶ
163 205 348 240 συσφίγγεται,
362 206 392 233 τὸ
408 206 486 241 σῶμα
500 205 568 234 εἶναι
583 207 690 242 λέγεται
701 218 709 225 ·
728 210 830 238 διαλυό-

883 215 964 245 sunt,
978 213 1060 239 vitam
1079 212 1160 239 habet
1177 211 1331 246 propriam,
1350 213 1377 238 et
1394 214 1422 237 ut
1443 213 1537 244 pereat
1553 209 1664 244 propria

46 259 123 286 μενον
134 251 163 277 δὲ
177 251 349 287 φθείρεσθαι·
375 252 421 279 καὶ
435 252 485 288 ζῇν
501 253 550 288 μὲν
564 254 663 287 πάντα,
687 255 724 291 μὴ
740 257 830 285 πάντα

43 296 71 323 δὲ
87 294 158 323 εἶναι
171 296 237 328 ζῶα.
261 297 432 333 Διακρίνουσι
450 299 498 333 μὲν
512 299 566 334 γὰρ
580 301 634 327 ἀπὸ
646 301 700 328 τῶν
718 302 829 338 ἀψύχων

44 342 77 368 τὰ
92 344 164 376 φυτὰ
185 342 225 378 τῷ
246 343 408 376 αὐξάνεσθαι
430 345 476 370 καὶ
490 346 645 380 τρέφεσθαι,
660 348 781 375 τουτέστι
796 350 828 384 τῇ

44 387 176 424 Θρεπτικῇ
202 388 249 415 καὶ
266 390 366 424 φυσικῇ
381 389 493 425 δυνάμει
507 399 514 406 ·
537 392 571 418 τὰ
584 392 611 418 δὲ
624 393 690 420 ἄλλα
706 393 762 425 ζῶα
775 394 830 421 ἀπὸ

43 432 97 458 τῶν
114 433 206 466 φυτῶν
221 435 254 469 τῇ
270 434 393 469 αἰσθήσει
410 443 417 450 ·
441 435 475 462 τὰ
489 436 516 462 δὲ
532 436 628 471 λογικά
641 438 693 465 ἀπὺ
704 439 757 465 τῶν
770 439 831 466 ἀλο-

43 485 99 510 γων
113 478 152 512 τῷ
163 479 273 514 λογικῷ.
297 480 352 505 Καὶ
365 479 436 506 οὕτω
453 481 541 508 πάντα
556 481 605 518 ζῇν
622 483 753 517 λέγοντες,
773 483 830 511 δια-

44 522 182 550 στέλλουσι
194 524 242 558 τὴν
255 524 370 551 ἑκάστου
387 526 476 559 φύσιν.
494 528 547 562 Ζῇν
559 526 604 554 οὖν
616 528 723 562 λέγουσι
736 530 782 556 καὶ
796 531 830 557 τὰ

43 568 132 594 πάντα
147 568 239 603 ἄψυχα
255 570 365 605 ἑκτικὴν
380 571 461 605 ζωὴν,
483 572 548 598 καΘὺ
561 573 701 608 συνέχεται
717 575 768 601 ὑπὸ
780 576 830 610 τῆς

42 613 89 638 τοῦ
112 613 210 645 παντὸς
224 614 328 649 ψυχῆς,
352 616 392 649 είς
409 617 439 642 τὸ
458 614 527 644 εἶναι
545 619 634 651 μόνον,
657 620 703 646 καὶ
723 620 758 655 μὴ
773 621 830 647 δια-

42 656 164 684 λύεσθαι.
191 658 298 693 Ταύτην
317 660 346 685 δὲ
365 658 433 687 εἶναι
451 661 498 696 τὴν
517 662 604 698 ψυχὴν
620 664 670 698 τὴν
688 664 830 701 διακυϐερ-

42 704 131 730 νῶσαν
145 704 175 730 τὸ
190 705 255 738 πᾶν,
273 705 319 731 καὶ
334 705 383 741 τὴν
404 706 454 738 τὰς
469 708 581 742 μερικὰς
595 709 684 744 ψυχὰς
697 711 746 742 τὰς
762 712 830 747 πρό-

42 758 120 784 τερον
143 750 221 785 παρὰ
244 750 290 776 τοῦ
312 752 477 788 δημιουργοῦ
494 754 640 789 γενομένας
658 756 830 791 ἐπιπέμπου-

43 803 92 820 σαν
102 803 109 810 ’
135 794 235 830 δηλαδὴ
249 795 331 822 αὑτοῦ
347 796 392 823 τοῦ
406 797 569 832 δημιουργοῦ
585 799 631 825 καὶ
649 799 746 834 νόμους
760 802 828 837 αὐτῇ

41 840 198 873 δεδωκότος,
214 840 304 873 καθὼς
317 841 449 876 διεξάγειν
462 843 563 877 ὀφείλει
578 844 656 871 τοῦτο
667 845 698 872 τὸ
710 847 773 878 πᾶν,
783 847 830 878 οὓς

42 886 89 911 καὶ
115 886 287 921 εἱμαρμένην
315 887 408 918 καλεῖ,
439 888 485 914 καὶ
515 889 695 924 χορηγοῦντος
716 891 830 927 δύναμιν

41 931 181 966 ἀρκοῦσαν
209 932 311 959 διέπειν
335 933 417 968 ἡμᾶς.
447 933 559 969 Εἴρηται
586 935 614 962 δὲ
637 936 723 963 ταῦτα
741 939 786 964 καὶ
802 939 830 965 ἐν

40 978 96 1007 τοῖς
110 977 174 1012 περὶ
187 978 366 1014 εἱμαρμένης.
379 979 461 1014 Κοινῇ
475 980 524 1014 μὲν
535 978 581 1006 οὖν
591 981 690 1014 πάντες
702 983 830 1018 ’Έλληνες

40 1024 64 1048 οἰ
78 1023 130 1058 τὴν
143 1023 233 1058 ψυχὴν
246 1024 380 1051 ἀθάνατον
400 1026 613 1062 ἀποφηνάμενοι,
630 1027 679 1063 τὴν
695 1037 830 1063 μετενσω-

41 1069 166 1103 μάτωσιν
183 1069 391 1103 δογματίζουσι·
414 1071 586 1107 διαφέρονται
597 1073 626 1099 δὲ
643 1074 708 1108 περὶ
722 1075 755 1101 τὰ
773 1075 830 1110 εἴδη

39 1114 93 1141 τῶν
107 1114 215 1149 ψυχῶν.
236 1115 267 1141 Οἱ
283 1115 331 1150 μὲν
343 1116 397 1151 γὰρ
411 1116 440 1143 ἓν
457 1116 525 1149 εἶδος
539 1118 569 1144 τὸ
586 1118 692 1153 λογικὸν
705 1117 774 1147 εἶναι
788 1121 832 1147 λέ-

38 1169 120 1194 τουσι
129 1168 136 1175 ⁸
153 1160 233 1188 τοῦτο
246 1161 274 1187 δὲ
287 1161 333 1188 καὶ
349 1163 389 1193 εις
402 1163 484 1197 φυτὰ,
499 1163 546 1190 καὶ
559 1165 599 1196 είς
611 1165 645 1192 τὰ
660 1165 713 1193 τῶν
726 1166 832 1201 ἀλόγων

39 1206 159 1240 σώματα
178 1206 361 1240 μεταϐαίνειν.
387 1208 418 1234 Oi
433 1208 482 1243 μὲν
495 1209 550 1245 γὰρ
564 1211 633 1237 κατά
653 1219 727 1243 τινας
745 1212 831 1247 ῥητὰς

38 1252 146 1286 χρόνων
163 1252 301 1286 περιόδους
312 1260 319 1267 ·
342 1254 365 1279 ol
381 1253 409 1280 δὲ
421 1253 459 1285 ὡς
474 1254 567 1290 ἔτυχεν
577 1264 584 1271 ·
608 1256 682 1283 ἄλλοι
697 1257 725 1283 δὲ
737 1258 785 1292 οὺχ
801 1258 831 1285 ἓν

38 1296 110 1329 εἶδος
123 1298 232 1332 ψυχῶν,
245 1298 313 1325 ἀλλὰ
325 1298 382 1332 δύο,
397 1299 504 1334 λογικόν
518 1309 547 1328 τε
561 1302 606 1329 καὶ
625 1302 720 1337 ἄλογον
729 1312 736 1319 ·
759 1305 832 1336 τινὲς

37 1344 64 1370 δὲ
82 1343 173 1370 πολλά
192 1343 321 1376 τοσαῦτα,
334 1345 384 1372 ὃσα
403 1345 456 1372 τῶν
470 1346 546 1378 ζώων
561 1347 595 1374 τὰ
614 1347 671 1383 εἴδη
683 1357 690 1364 ·
714 1349 832 1383 μάλιστα

37 1389 65 1415 δὲ
80 1390 107 1415 οἱ
122 1389 181 1415 ἀπὸ
199 1390 351 1422 Πλάτωνος,
368 1390 417 1422 τὰς
433 1391 482 1426 μὲν
498 1391 626 1427 θυμικὰς,
638 1393 688 1425 τὰς
708 1394 736 1421 δὲ
754 1395 831 1430 ὀργι-

37 1433 102 1465 λους
115 1435 168 1471 καὶ
185 1435 358 1470 ἀρπακτικάς
368 1435 467 1470 ψυχὰς,
485 1436 574 1464 λύκων
591 1439 637 1465 καὶ
651 1438 764 1466 λεόντων
780 1440 832 1467 σώ-

38 1488 117 1515 ματα
132 1481 402 1516 μεταμφιέννυσθαι·
421 1481 481 1521 τὰςχ
491 1483 520 1511 δὲ
543 1484 607 1517 περὶ
620 1484 670 1520 τὴν
685 1486 832 1514 ἀκολασίαν

36 1526 245 1562 ὴςχολημένας,
263 1526 331 1553 ὄνων
352 1528 399 1554 καὶ
414 1528 467 1554 τῶν
483 1529 611 1560 τοιοιλτων
631 1531 830 1567 ἀναλαμϐάνειν

37 1573 159 1607 σώματα
173 1581 180 1587 ·
208 1573 232 1598 οι
258 1573 308 1607 μὲν
327 1573 427 1609 κυρίως
442 1574 560 1610 ἥκουσαν
579 1576 641 1607 τοὺς
656 1575 767 1609 λέοντας
784 1578 832 1605 καὶ

35 1619 101 1649 τοὺς
124 1618 226 1649 λύκους
245 1619 369 1651 καὶτοὺς
390 1619 481 1652 ὅνους·
505 1621 529 1647 οξ
553 1620 580 1647 δὲ
599 1622 737 1657 τροπικῶς
750 1623 832 1650 αὑτὸν

35 1663 184 1699 εἰρηκέναι
198 1663 356 1698 διέγνωσαν,
379 1664 414 1691 τὰ
435 1665 486 1701 ῆθη
509 1665 552 1692 διὰ
570 1666 623 1693 τῶν
642 1667 719 1699 ζώων
732 1668 831 1703 ἐμφαί-

34 1716 130 1735 νοντα.
144 1708 262 1743 Κρόνιος
278 1709 328 1744 μὲν
342 1709 395 1746 γὰρ
410 1710 439 1736 ὲν
451 1710 490 1744 τῷ
503 1712 746 1746 Παλιγγενεσίας,
760 1712 832 1740 οὕτω

37 1754 88 1789 μὲν
105 1754 188 1780 καλεῖ
203 1754 251 1789 τὴν
267 1755 520 1790 μετενσωμάτωσιν,
534 1756 644 1791 λογικὰς
657 1758 746 1790 πάσας
762 1757 831 1786 εῖναι

36 1799 170 1833 βούλεται
181 1808 189 1815 ·
205 1799 306 1834 ὁμοίως
320 1800 348 1826 δὲ
362 1800 409 1827 καὶ
426 1800 561 1836 Θεόδωρος
575 1802 589 1828 δ
606 1802 788 1835 Πλατωνικὸς,
803 1805 833 1831 ὲν

33 1845 85 1880 τῷ,
97 1846 142 1872 ὅτι
161 1846 194 1873 Ἠ
206 1845 291 1879 ψυχὴ
306 1847 402 1875 πάντα
412 1846 447 1873 τὰ
457 1847 523 1882 εἴδη
534 1847 610 1880 ἐστὶ,
621 1849 667 1875 καὶ
679 1849 831 1885 Πορφύριος

33 1892 143 1927 ὁμοίως
153 1900 161 1907 ·
189 1891 341 1927 Ἶάμόλιχος
355 1892 383 1919 δὲ
395 1893 444 1928 τὴν
457 1894 579 1921 ἐναντίαν
591 1894 695 1926 τούτοις
709 1895 829 1930 δραμὼν,

32 1937 98 1963 κατ’
116 1935 190 1968 εἶδος
205 1935 292 1969 ζώων,
305 1936 393 1972 ψυχῆς
400 1935 468 1970 εἶδος
475 1935 543 1965 εἶναι
556 1939 647 1973 λέγει·
663 1940 679 1975 ἦ
693 1940 739 1967 δύο
753 1940 829 1975 γοῦν,

32 1981 49 2015 ἢ
77 1981 213 2015 διάφορα.
230 1980 383 2015 Γέγραπται
399 1981 463 2015 γοῦν
485 1983 559 2019 αὐτῷ
582 1985 749 2018 μονόϐιὸλον,
773 1987 832 2013 ὲπι-

31 2026 158 2061 γράφων
185 2025 224 2051 ὅτι
249 2027 309 2052 Οὐκ
333 2026 492 2060 ἀνθρώπων
510 2029 553 2060 εις
578 2027 654 2060 ζῶα,
683 2029 755 2056 οὐδὲ
772 2030 832 2057 ἀπὸ

31 2071 121 2103 ζώων
137 2073 184 2104 εἰς
202 2071 376 2106 ἀνθρώπους
395 2074 424 2099 αι
437 2074 715 2109 μετενσωματώσεις
731 2077 831 2110 γίνον-

31 2124 96 2151 ται,
118 2117 204 2145 ἀλλὰ
219 2117 278 2144 ἀπὸ
292 2116 369 2147 {iwa
383 2119 426 2151 εις
445 2118 509 2152 ζῶα,
527 2119 576 2147 καὶ
596 2120 653 2148 ἀπὸ
669 2121 832 2155 ἀνθρώπων

29 2166 79 2198 εὶς
98 2163 290 2198 ἀνθρώπους.

882 258 979 286 forma.
990 258 1095 285 Etenim
1107 258 1193 285 donec
1205 258 1326 285 continet
1339 261 1363 284 et
1376 255 1550 290 constringit,
1564 261 1666 288 corpus

881 311 943 331 esse
953 304 1069 331 dicitur:
1086 303 1204 330 solutum
1217 306 1306 329 autem
1318 301 1457 336 deperire:
1471 305 1497 327 ct
1507 299 1598 327 vivere
1609 299 1666 334 qui-

882 350 942 377 dem
959 350 1060 382 omnia,
1084 357 1139 376 non
1152 348 1244 376 omnia
1265 353 1355 374 tamen
1378 354 1438 374 esse
1454 345 1601 378 animalia;
1620 352 1666 371 ve-

881 395 1015 422 rumenim
1031 397 1065 422 ab
1076 394 1204 421 inanimis
1216 393 1412 421 discernuntur
1421 398 1452 419 ea
1465 398 1524 425 qua:
1534 389 1666 424 stirpibus

882 441 1017 472 nituntur,
1037 439 1107 474 quod
1122 445 1282 474 augeantur,
1302 442 1329 465 et
1347 437 1465 468 alantur,
1479 436 1551 470 quod
1571 435 1598 462 tit
1615 442 1665 469 po—

884 491 981 515 testate
997 487 1137 519 nutritiva,
1152 489 1179 514 et
1194 484 1310 512 naturali
1324 504 1330 516 ,
1345 491 1426 518 quam
1438 486 1606 517 vegetantem
1619 488 1666 507 vo-

882 538 965 562 cant:
983 533 1042 560 alim
1060 540 1123 560 vero
1142 531 1296 558 animantes
1315 537 1330 556 a
1349 529 1483 563 stirpibus
1497 528 1666 561 distinguun-

883 582 927 605 tur
941 586 1023 605 sensu
1043 586 1050 604 :
1076 578 1179 604 ratione
1197 576 1315 610 denique
1343 578 1450 602 utentes
1474 581 1488 599 a
1515 573 1603 599 brutis
1622 579 1665 598 se-

882 629 1015 658 parantur
1029 623 1194 650 rationabili.
1213 621 1305 656 llaque
1319 620 1410 650 omnia
1427 619 1517 647 vivere
1532 616 1665 650 dicentes,

882 668 1015 702 cujusque
1029 671 1153 694 naturam
1170 666 1312 693 dirimunt.
1328 664 1462 698 Quocirca
1480 663 1569 689 vivere
1584 662 1664 688 etiam

882 714 977 741 dicunt
993 713 1083 739 omnia
1099 712 1217 739 inanima
1240 711 1292 738 vita
1313 709 1445 737 habituali
1458 728 1465 741 ,
1483 713 1617 742 quatenus
1632 707 1666 733 ab

882 759 1003 786 universi
1025 758 1116 785 anima
1136 759 1320 789 continentur,
1343 760 1372 783 ut
1392 756 1447 783 sint
1469 754 1617 784 duntaxat,
1639 757 1667 779 et

883 812 936 832 non
951 804 1144 831 dissolvantur.
1169 803 1243 830 llanc
1264 803 1357 837 utique
1380 802 1498 828 animam
1522 807 1584 827 esse
1605 806 1666 834 quas

883 850 1009 876 universa
1026 849 1110 884 regit,
1127 852 1153 875 et
1170 847 1336 878 moderatur,
1355 854 1468 881 qumque
1485 844 1667 880 particularrs

882 897 986 922 animas
1008 895 1083 929 prius
1103 894 1137 921 ab
1155 893 1250 928 opiﬁce
1270 899 1377 920 summo
1401 895 1507 918 creatas
1523 889 1665 917 immittit:

881 941 1011 967 nimirum
1025 947 1086 967 cum
1109 940 1168 974 ipse
1187 938 1277 973 opifex
1294 937 1389 964 mundi
1414 937 1498 964 etiam
1521 936 1594 970 leges
1614 934 1666 968 ipsi

881 986 999 1018 dederit,
1020 985 1096 1020 juxta
1122 992 1190 1019 quas
1213 984 1285 1011 hanc
1313 982 1520 1010 universitatem
1546 980 1667 1007 admini-

881 1037 968 1060 strare
981 1034 1119 1065 oporteat,
1134 1037 1236 1064 easque
1253 1029 1326 1064 leges
1339 1028 1385 1055 fati
1400 1028 1510 1054 nomine
1526 1026 1645 1061 appellat
1658 1034 1666 1059 ;

881 1077 976 1105 eodem
1000 1075 1099 1111 opilice
1132 1075 1260 1102 virtutem
1282 1071 1473 1108 Suppeditante
1490 1073 1614 1100 idoneam
1633 1071 1668 1098 ad

881 1131 932 1151 nos
949 1121 1150 1158 gubernandos.
1171 1121 1306 1148 Caeterum
1328 1120 1362 1147 de
1375 1119 1418 1147 his
1431 1119 1486 1154 jam
1502 1118 1621 1146 diximus
1639 1119 1668 1144 in

882 1169 952 1196 libro
970 1167 1010 1195 De
1023 1167 1090 1202 fato.
1099 1167 1186 1194 Porro
1198 1166 1318 1201 plerique
1328 1173 1423 1194 omnes
1434 1164 1519 1192 Graeci
1531 1185 1539 1197 ,
1552 1164 1598 1199 qui
1610 1163 1669 1190 ani-

881 1220 953 1240 mam
974 1220 1037 1240 esse
1059 1212 1240 1239 immortalem
1262 1214 1407 1242 asserunt,
1423 1210 1482 1245 ejus
1501 1210 1528 1236 in
1544 1209 1595 1235 alia
1610 1215 1669 1235 corh

882 1265 947 1293 pora
960 1257 1147 1292 migrationem
1162 1256 1278 1288 docent,
1294 1255 1341 1283 sed
1354 1256 1428 1283 circa
1443 1255 1595 1282 animarum
1611 1261 1668 1287 spe-

881 1303 938 1331 cies
950 1303 1122 1337 discrepant;
1135 1301 1271 1336 siquidem
1282 1302 1328 1328 alii
1337 1309 1419 1329 unam
1431 1301 1548 1336 speciem
1562 1300 1668 1326 ratione

881 1348 1022 1383 pmditam
1037 1351 1183 1380 asserunt,
1202 1347 1253 1374 hoc
1267 1354 1332 1374 vero
1348 1346 1431 1374 etiam
1451 1346 1484 1373 ad
1501 1345 1601 1380 stirpes
1613 1366 1620 1377 ,
1638 1349 1668 1372 et

882 1382 916 1420 ad
931 1393 1072 1420 brutorum
1088 1399 1205 1427 corpora
1221 1392 1339 1419 transire
1354 1391 1440 1419 aiunt.
1460 1391 1511 1419 Sed
1526 1382 1599 1418 enim
1617 1391 1664 1417 alii

882 1447 930 1476 per
944 1443 1034 1468 certos
1047 1439 1179 1474 quosdam
1196 1446 1328 1466 annorum
1345 1437 1476 1465 circuitus
1491 1436 1516 1464 id
1532 1437 1588 1465 ﬁeri
1604 1445 1667 1464 cen-

882 1490 961 1520 sent;
990 1485 1035 1513 alii
1058 1489 1088 1512 ut
1111 1492 1155 1513 res
1177 1483 1230 1512 fert
1245 1491 1409 1519 quocunque
1426 1483 1518 1510 modo.
1537 1482 1668 1510 Nonnulli

882 1539 936 1559 non
960 1539 1042 1558 unam
1063 1535 1170 1558 tantum
1191 1530 1309 1565 speciem
1330 1530 1499 1562 animarum,
1527 1529 1575 1556 sed
1600 1529 1669 1556 duas

883 1581 1021 1609 statuunt,
1044 1576 1158 1604 rationis
1185 1575 1361 1610 participem,
1384 1578 1411 1602 et
1433 1575 1492 1610 ejus
1516 1577 1666 1609 expertem.

882 1621 997 1655 Quidam
1012 1622 1112 1649 multas
1122 1642 1130 1654 ,
1142 1625 1168 1648 et
1184 1625 1223 1648 tot
1238 1627 1352 1647 numero
1369 1623 1508 1651 statuunt,
1523 1623 1590 1654 quot
1604 1623 1669 1651 sunt

883 1667 1041 1695 animalium
1057 1674 1166 1702 genera.
1188 1666 1304 1694 Maxime
1317 1674 1381 1693 vero
1397 1663 1530 1692 Platonici
1545 1664 1612 1691 alias
1630 1664 1669 1693 fu-

885 1714 991 1744 riosas,
1013 1713 1081 1740 alias
1099 1712 1262 1745 iracundas,
1279 1714 1308 1738 et
1332 1718 1443 1746 rapaces
1464 1710 1577 1740 animas,
1591 1709 1670 1744 lupo-

885 1767 944 1787 rum
965 1762 993 1786 et
1012 1759 1120 1786 leonum
1141 1765 1255 1792 corpora
1276 1756 1369 1785 subire
1389 1759 1502 1791 putant:
1524 1755 1585 1782 illas
1604 1761 1670 1781 vero

884 1812 944 1840 quae
960 1804 1165 1832 incontinentiae
1178 1807 1205 1831 et
1221 1802 1335 1830 luxuriae
1355 1802 1490 1830 dederunt
1512 1808 1557 1834 se,
1581 1800 1669 1828 asino-

883 1858 944 1878 rum
973 1855 1000 1878 et
1026 1850 1160 1885 ejusmodi
1187 1849 1339 1877 belluarum
1369 1855 1484 1883 corpora
1511 1854 1668 1878 assumere,

884 1896 957 1932 quod
972 1897 1080 1930 proprie
1095 1895 1205 1930 quidam
1222 1898 1387 1930 acceperunt
1409 1893 1442 1920 de
1465 1893 1607 1926 leonibus,
1632 1892 1670 1918 lu-

884 1943 943 1977 pis,
961 1947 987 1969 et
1001 1942 1108 1969 asinis:
1132 1942 1177 1969 alii
1198 1941 1314 1976 ﬁgurate
1333 1940 1384 1967 hoc
1402 1939 1506 1971 dictum
1526 1946 1588 1967 esse
1610 1945 1669 1972 per-

885 1990 1045 2022 spexerant.
1068 1990 1096 2013 ut
1123 1993 1213 2014 mores
1234 1993 1282 2020 per
1303 1984 1431 2012 animalia
1456 1983 1667 2018 judicarentur:

883 2032 984 2060 etenim
999 2031 1117 2059 Cronius
1141 2031 1169 2058 in
1187 2031 1387 2058 commentario
1407 2029 1445 2057 De
1464 2029 1669 2065 Palingenesia,

884 2078 922 2105 ita
941 2078 1127 2112 migrationem
1147 2077 1299 2105 animarum
1318 2077 1346 2104 in
1364 2076 1416 2103 alia
1432 2083 1546 2110 corpora
1564 2082 1669 2102 nuncu-

884 2129 944 2158 pat,
976 2131 1072 2151 omnes
1100 2123 1205 2151 animas
1234 2123 1339 2150 ratione
1367 2122 1494 2161 praeditas
1515 2129 1575 2149 esse
1600 2121 1667 2148 vult.

885 2170 914 2197 In
939 2170 1033 2198 eadem
1058 2170 1192 2197 sententia
1214 2173 1256 2197 est
1280 2168 1440 2196 Theodorus
1462 2167 1619 2195 Platonicus
1640 2167 1668 2193 in

30 2213 113 2242 libro
128 2212 178 2247 qui
196 2212 367 2244 inscribitur,
408 2212 484 2246 Quod
508 2213 600 2240 anima
625 2215 661 2241 sit
701 2223 791 2243 omnes
813 2217 920 2252 species.
953 2217 1121 2252 Porphyrius
1139 2217 1222 2244 etiam
1237 2215 1307 2243 idem
1323 2216 1418 2244 sentit.
1440 2214 1591 2252 Jamblicus
1603 2220 1668 2240 vero

28 2257 213 2285 contrarium
228 2257 271 2285 his
289 2257 341 2284 iter
355 2257 489 2291 instituit,
513 2262 541 2284 et
557 2258 637 2292 juxta
656 2260 774 2293 speciem
812 2249 971 2288 animalium
1008 2249 1114 2288 anima:
1154 2251 1270 2288 formam
1298 2267 1361 2289 esse
1386 2259 1473 2287 dicit:
1498 2249 1594 2294 nempe
1622 2261 1669 2290 aut

27 2303 124 2335 duas,
149 2306 198 2329 aut
214 2302 337 2330 diversas
354 2303 458 2337 species
476 2303 609 2338 agnoscit.
637 2303 773 2339 Scriptum
795 2307 887 2342 utique
908 2307 941 2334 ab
962 2307 1022 2341 ipso
1041 2310 1083 2334 est
1109 2305 1296 2333 monobiblum
1326 2305 1405 2340 cujus
1432 2303 1574 2339 inscriptio
1611 2303 1668 2330 ha-c

25 2354 92 2382 est,
123 2347 188 2375 Non
203 2348 339 2375 hominum
356 2348 383 2375 in
397 2348 492 2381 bruta,
506 2357 587 2383 neque
602 2349 739 2378 brutorum
754 2351 782 2378 in
797 2352 914 2380 homines
934 2352 1104 2388 migrationea
1141 2351 1200 2387 ﬁeri
1213 2371 1221 2384 ,
1243 2350 1288 2378 sed
1307 2358 1327 2378 ιι
1344 2350 1428 2378 brutis
1467 2349 1501 2376 ad
1522 2350 1598 2375 bruta
1610 2368 1617 2381 ,
1643 2352 1668 2375 el

25 2396 64 2423 ab
91 2395 251 2423 hominibus
274 2394 309 2421 ad
326 2394 453 2423 homines.

66 2441 133 2469 Καί
157 2449 204 2475 μοι
225 2440 312 2475 δοκεῖὲ
325 2440 423 2477 μᾶλλον
443 2435 519 2471 οὗτος
535 2439 616 2467 ἓνεκα
634 2440 727 2469 τούτου
743 2441 830 2474 καλῶς

919 2441 959 2468 Ae
982 2441 1049 2468 mihi
1076 2440 1185 2475 quidem
1208 2439 1316 2467 videtur
1338 2439 1393 2473 hie,
1421 2439 1502 2475 hujus
1528 2440 1670 2468 sententiae

24 2485 270 2521 κατεστοχάσθαι,
285 2485 322 2521 μὴ
333 2485 412 2520 μόνον
426 2486 475 2520 τῆς
491 2485 538 2521 τοῦ
551 2486 693 2518 Πλάτωνος
706 2486 829 2522 γνώμης,

23 2534 105 2562 ἀλλὰ
130 2532 181 2559 καὶ
199 2531 248 2566 τῆς
265 2530 391 2566 ἀληθείας
416 2531 518 2567 αὐτῆς,
540 2532 578 2563 ὡς
590 2531 662 2560 ἔστιν
677 2533 710 2558 ὲκ
726 2533 830 2559 πολλῶν

21 2581 79 2607 καὶ
97 2578 191 2606 ἄλλων
206 2576 356 2609 ἐπιδεῖξαι,
383 2576 500 2612 μάλιστα
520 2577 548 2603 δὲ
572 2578 604 2604 ὲκ
626 2578 737 2605 τούτων.
763 2579 831 2605 Οὐδὲ

20 2627 88 2660 γὰρ
119 2624 186 2660 μίαν
204 2623 261 2649 τῶν
284 2622 398 2656 λογικῶν
421 2624 554 2658 κινήσεων
575 2624 753 2658 ἐμφαίνεσθαι
773 2626 830 2656 τοῖς

20 2671 147 2704 ἀλόγοις
169 2668 225 2696 τῶν
248 2666 335 2700 ζώων.
362 2667 429 2695 Οὓτε
454 2668 508 2704 γὰρ
533 2668 634 2704 τέχναι,
658 2669 718 2696 οὔτε
744 2670 830 2705 μαθή-

21 2724 123 2751 ματα,
139 2713 204 2740 οὒτε
221 2713 325 2747 βουλαὶ,
347 2712 408 2740 οὔτε
431 2714 536 2748 ἀρεταὶ.
559 2713 620 2740 οὔτε
646 2714 710 2740 ἄλλο
729 2723 755 2740 τι
775 2715 829 2741 τῶν

18 2759 220 2793 δωνοητικῶν
238 2760 267 2785 ὲν
291 2759 381 2791 αὐτοῖς
405 2759 493 2786 ἐστιν·
520 2760 549 2793 ἐξ
571 2756 608 2787 ὧν
631 2760 719 2796 δῆλον,
739 2760 777 2792 ὡς
799 2761 829 2788 οὐ

20 2808 151 2843 μέτεστι
165 2805 278 2840 λογικῆς
287 2805 376 2840 ψυχῆς
389 2806 488 2837 αὐτοῖς.
501 2806 556 2833 Καὶ
566 2807 621 2842 γὰρ
631 2807 728 2834 ἄτοπον
741 2807 830 2841 λέγειν

18 2854 60 2881 τὰ
78 2852 175 2887 ἄλογα
189 2850 288 2885 λογικά
298 2858 306 2866 ·
330 2852 354 2878 εί
369 2851 420 2888 γὰρ
434 2852 481 2879 καὶ
502 2852 600 2888 κομιδῆ
614 2852 686 2885 νέοις
700 2851 758 2880 οὖσι
774 2854 829 2885 τοῖς

882 2488 980 2524 gratia,
1000 2488 1131 2524 praeclare
1148 2494 1203 2514 non
1220 2486 1342 2514 Platonis
1362 2489 1466 2514 tantum
1482 2490 1600 2514 mentem
1622 2494 1667 2514 as-

883 2537 1006 2566 secutus,
1023 2532 1071 2560 sed
1085 2535 1113 2559 et
1127 2531 1161 2558 ad
1177 2531 1302 2559 veritatis
1319 2531 1408 2566 ipsius
1423 2531 1516 2558 cubile
1529 2531 1669 2566 pervenis-

881 2587 922 2611 se,
937 2584 967 2606 ut
981 2586 1014 2607 ex
1039 2579 1133 2606 multis
1150 2585 1261 2613 quoque
1277 2577 1339 2606 aliis
1358 2577 1503 2604 ostendere
1523 2577 1604 2604 licet:
1620 2576 1668 2603 sed

882 2632 915 2653 ex
934 2625 977 2652 his
1002 2625 1188 2659 potissimum.
1206 2623 1300 2658 Neque
1323 2623 1396 2650 enim
1421 2623 1503 2650 ullam
1524 2625 1629 2648 tantum
1653 2629 1668 2648 e

882 2670 1049 2698 motionibus
1077 2669 1289 2697 rationabilibus
1324 2669 1351 2696 in
1381 2668 1473 2695 brutis
1502 2667 1666 2694 animalibus

883 2724 1024 2752 apparere.
1053 2725 1140 2752 neque
1165 2720 1248 2749 artes,
1270 2724 1360 2751 neque
1379 2713 1550 2749 disciplinas,
1579 2720 1667 2746 neque

882 2763 1008 2796 consilia,
1030 2755 1119 2798 neque
1138 2763 1265 2795 virtutes,
1284 2769 1372 2796 neque
1394 2759 1478 2787 alium
1501 2766 1665 2794 quemquam

883 2809 1003 2836 habitum
1019 2809 1046 2836 in
1062 2809 1243 2844 intelligentia
1264 2807 1395 2843 positum,
1414 2807 1440 2833 in
1458 2806 1513 2834 illis
1530 2813 1590 2834 csse
1601 2813 1667 2832 con-

883 2857 958 2884 stat:
975 2862 1007 2882 ex
1021 2855 1120 2890 quibus
1139 2853 1315 2882 manifestum
1334 2857 1386 2888 est,
1405 2853 1506 2880 nullam
1522 2860 1583 2880 cum
1599 2850 1666 2888 ipsis
