1914 3079
276 156 323 185 L'll

889 151 918 179 ὃ.
937 150 1061 178 GREGOI

1118 149 1163 176 ΝΥ
1168 148 1263 176 SSENI
1825 145 1861 173 Si!

278 213 373 240 animat
383 211 521 238 rationalis
531 210 690 244 particulam
699 209 941 242 communicatam,
953 208 1054 237 etenim

1112 206 1236 242 βρέφεσιν
1257 207 1275 240 ἡ
1297 205 1392 239 ἄλογος
1418 204 1485 240 μόνη
1511 204 1618 240 κίνησις
1643 203 1796 239 πρόσεστιν,
1814 203 1860 231 am

278 257 427 286 absurdum
451 260 494 283 est
513 256 605 282 dicere
629 255 708 282 bruta
735 255 842 282 ratione
859 255 898 281 uti
916 263 922 282 :
938 262 1001 282 nam
1019 259 1061 281 ta-

277 304 356 331 metsi
375 309 470 330 recens
486 301 633 329 admodum
655 300 729 328 natis
747 302 805 328 sola
822 300 907 328 motio
921 300 1000 328 bruta
1021 300 1060 327 in.

276 350 321 380 sit,
337 344 515 375 nihilominus
533 347 626 374 anima
643 346 770 374 rationali
790 346 919 381 praeditos
937 353 999 374 esse
1015 345 1061 373 dri-

276 394 386 425 cimus,
415 392 635 428 quandoquidem
660 392 724 437 dum
758 391 918 419 adolescunt
944 390 1060 418 rationis

277 447 356 467 usum
375 438 495 473 produnt
508 447 514 464 ε
529 441 557 465 at
574 444 639 465 vero
653 435 763 464 brutum
780 437 855 464 nullo
871 436 950 471 plane
964 435 1060 462 habitu

275 486 330 512 vim
343 484 460 512 rationis
478 482 608 511 ostendit.
623 482 713 516 Quare
729 489 927 517 Supervacuatn
948 481 1061 509 habuis-

277 536 318 560 set
332 531 494 559 rationalem
517 530 647 562 animam,
663 536 725 556 cum
740 528 923 555 ratiocinandi
944 527 1060 554 facultas

276 579 381 612 absque
400 577 456 603 ullo
471 583 522 603 usu
541 575 632 602 futura
643 578 715 602 esset
730 583 736 600 :
753 574 855 601 ctenim
877 573 945 600 nihil
961 580 1060 607 super-

277 627 426 647 vacaueum
442 626 460 645 a
473 620 527 646 Deo
542 618 682 646 conditum
697 625 770 650 esse,
784 625 839 645 uno
851 618 974 645 omnium
992 625 1060 644 con-

278 673 360 693 sensu
378 668 495 692 constat.
520 663 599 696 Quod
624 671 684 692 cum
701 663 739 690 ita
763 671 793 690 se
813 663 920 695 habeat,
941 663 1061 690 inaniter

277 714 304 737 et
319 709 421 738 frustra
438 708 582 736 rationalis
604 708 695 735 anima
716 707 814 735 belluis
840 711 867 734 et
882 707 971 735 brutis
988 710 1061 735 esset

278 755 374 786 indita,
398 761 460 781 cum
476 761 617 788 nunquam
641 760 741 780 munus
758 757 785 781 et
800 760 869 788 opus
890 759 970 780 suum
993 753 1060 780 indi-

276 808 341 828 care
361 805 452 834 posset
468 809 474 827 :
491 799 642 835 quinetiam
659 800 727 826 vitio
741 803 892 827 verteretur
906 799 930 826 ei
946 798 992 834 qui
1008 798 1059 825 de-

276 845 362 872 disset
384 845 502 871 animam
518 844 626 879 corpori
644 844 755 871 minitne
777 851 926 878 congruam
943 852 949 871 :
967 850 1056 878 neque

1109 253 1198 288 ψυχὴν
1207 252 1320 286 λογικήν
1335 259 1424 286 φαμεν
1437 250 1508 286 ἔχειν
1522 250 1606 278 αὐτά·
1621 249 1766 284 ἐπειδήπερ
1777 248 1861 281 αὐξανό-

1112 307 1180 334 μενα.
1195 299 1243 324 καὶ
1257 297 1307 332 τὴν
1321 295 1431 332 λογικὴν
1450 295 1636 323 ἀναδείκνυσιν
1651 294 1791 329 ἐνέργειαν.
1807 293 1861 320 Mt

1110 343 1206 377 ἄλογον
1227 343 1287 369 κατ’
1313 341 1441 376 οὐδεμίαν
1472 340 1529 373 ἕξιν
1556 341 1686 376 ἐμφαῖνον
1713 340 1742 366 τὸ
1765 339 1861 374 λογικὸν,

1111 387 1245 424 περιττῶς
1258 386 1291 413 ἂν
1301 387 1362 421 ἔσχε
1371 386 1482 422 λογικὴν
1497 385 1595 421 ψυχὴν,
1610 386 1742 422 ἀχρήστου
1755 386 1862 415 παντελῶς

1113 433 1262 469 μελλούσης
1278 433 1387 460 ἔσεσθαι
1401 433 1450 468 τῆς
1472 433 1583 467 λογικῆς
1597 433 1736 466 δυνάμεως
1747 440 1753 446 ⁸
1775 432 1813 458 καὶ
1825 431 1861 466 γὰρ

1111 479 1186 507 οὐδὲν
1212 479 1338 514 περιττὸν
1371 479 1448 514 παρά
1472 478 1519 505 τοῦ
1546 478 1613 504 Θεοῦ
1638 477 1793 511 γεγενῆσθαι
1814 485 1861 511 συμ-

1111 525 1207 561 φώνως
1229 526 1295 552 πᾶσι
1315 524 1547 560 συνωμολόγηται.
1565 524 1596 550 Et
1614 523 1642 550 δὲ
1656 523 1742 555 τοῦτο,
1760 523 1862 557 περιττῶς

1111 571 1144 598 ἂν
1158 572 1175 606 ἡ
1189 570 1286 606 λογικὴ
1303 570 1378 605 ψυχὴ
1393 571 1449 602 τοῖς
1466 569 1578 605 κτήνεσι
1598 571 1646 596 καὶ
1660 570 1716 600 τοῖς
1730 569 1821 603 θηρίοις
1832 569 1862 600 ἐγ-

1111 616 1306 648 κατεόάλλετο,
1332 616 1464 651 μηδέποτε
1485 615 1621 651 δυναμένη
1643 615 1675 641 τὺ
1700 614 1792 649 ἑαυτῆς
1807 614 1863 649 ἔργον

1111 663 1294 696 ἐπιδείξασθαι
1307 670 1314 676 ·
1341 663 1388 688 καὶ
1407 660 1442 697 ἦν
1462 662 1494 688 ἂν
1509 661 1592 696 ἐγκλη
1597 669 1634 696 μα
1648 660 1696 687 τοῦ
1710 660 1792 691 δόντος
1803 660 1862 693 ἀναρ-

1113 717 1209 745 μοστον
1232 707 1321 744 ψυχὴν
1343 707 1384 743 τῷ
1408 707 1525 742 σώματι.
1557 706 1626 733 Οὔτε
1653 706 1708 741 γὰρ
1731 705 1864 741 τεχνίτουτὺ

1111 754 1201 790 ἔργον,
1215 753 1277 780 οὕτε
1293 753 1368 786 τάξιν
1378 753 1394 788 ἢ
1405 753 1538 788 ἁρμονίαν
1553 752 1666 783 είδότος.
1680 751 1712 778 Ei
1725 752 1752 778 δέ
1766 760 1802 783 τις
1812 751 1863 784 λέγει

1111 799 1243 827 κινεῖσθαι
1262 799 1311 835 μὲν
1325 799 1395 826 κατά
1408 798 1528 825 διάθεσιν
1541 797 1656 833 λογικῶς
1677 797 1711 824 τὰ
1725 797 1786 829 ζῶα,
1797 795 1863 831 τὴν

1110 846 1254 873 διάπλασιν
1279 845 1368 872 αὐτῶν
1392 844 1565 872 ἀνεπίδεκτον
1588 842 1657 870 εἶναι
1678 842 1799 878 τεχνικῆς
1814 841 1863 876 πρά-

276 891 348 918 enim
366 890 480 917 artificis
501 897 582 924 opus,
606 897 695 925 neque
715 889 776 924 ejus
800 890 846 924 qui
867 889 1001 921 ordinem,
1013 893 1061 916 aut

1112 892 1187 925 ξεως,
1208 890 1386 926 πιστούμενος
1405 890 1452 917 τὸν
1472 890 1551 924 λόγον
1574 889 1627 916 ἀπὺ
1647 888 1703 915 τῶν
1725 886 1862 922 ἀνθρώπων·

276 941 440 963 concentum
467 936 551 970 probe
579 939 687 963 nosset.
715 935 794 968 Quod
821 936 844 962 si
875 935 937 970 quis
961 935 1061 962 dixerit

276 982 405 1008 animalia
426 981 529 1008 moveri
547 981 694 1015 dispositu,
710 984 737 1008 et
763 980 862 1008 affectu
884 980 1001 1016 quodatu
1017 987 1060 1007 ra-

277 1027 347 1054 tioni
361 1027 536 1062 congruenti,
551 1027 598 1054 sed
616 1027 776 1062 figmentum
795 1026 921 1061 corporis
935 1033 1021 1061 capax
1032 1026 1060 1054 in

277 1073 347 1108 ipsis
371 1073 532 1108 neutiquam
556 1080 619 1100 esse
644 1066 801 1100 artificiosae
824 1072 943 1100 actionis
958 1082 965 1100 ε
979 1073 1061 1107 idque

277 1118 407 1153 probaret
425 1119 531 1146 ratione
546 1119 581 1146 ab
595 1118 752 1146 hominibus
767 1118 848 1145 ducta
864 1127 872 1145 :
889 1118 989 1153 quippe
999 1125 1061 1145 cum

277 1164 398 1191 concisis
427 1168 533 1192 tantum
562 1163 655 1199 digitis
678 1171 808 1191 manuum
830 1165 964 1199 pleraeque
987 1171 1061 1192 artes

279 1209 419 1243 perirent;
447 1209 558 1237 minime
588 1210 668 1237 solvit
696 1209 770 1245 quod
792 1209 1057 1245 qumsitumestzsi-

279 1254 390 1289 quidem
405 1258 527 1281 remanet
544 1253 633 1281 adhuc
645 1254 716 1282 idern
730 1254 889 1287 absurdum,
901 1254 974 1289 quod
989 1253 1061 1281 Deus

278 1299 399 1326 animam
421 1299 534 1327 minime
551 1307 699 1334 congruam
720 1301 828 1335 corpori
844 1301 1038 1328 connexuisset
1052 1309 1058 1326 :

278 1344 328 1372 sed
342 1343 520 1379 superﬂuam,
534 1344 658 1372 inutilem
674 1348 756 1379 atque
774 1343 939 1372 inefﬁcacem
950 1363 957 1377 ,
977 1344 1062 1378 siqui-

277 1390 338 1416 dem
355 1398 402 1424 per
425 1397 536 1417 omnem
559 1394 667 1417 aetatem
691 1389 886 1424 impedimento
909 1390 976 1424 ipsis
990 1393 1062 1417 esset

277 1435 311 1463 ad
337 1443 388 1463 sua
407 1436 500 1463 munia
520 1445 527 1463 :
545 1439 725 1470 praeterquam
750 1436 821 1469 quod
845 1439 985 1469 comparet
1009 1434 1061 1469 ipsi

277 1481 412 1508 rationem
434 1489 467 1508 ex
488 1481 590 1515 ignotis
607 1485 634 1507 ct
656 1487 710 1507 non
724 1479 874 1507 concessis.
893 1479 969 1507 Unde
989 1480 1061 1507 enim

277 1526 345 1553 illud
368 1525 570 1561 depromptum,
596 1533 632 1553 ex
654 1524 836 1560 dispositione
857 1525 937 1552 bruta
958 1524 1061 1551 moveri

277 1571 458 1599 conveniente
476 1571 600 1598 ratione?
615 1571 713 1598 melius
729 1571 802 1598 enim
818 1575 891 1598 esset
905 1571 1062 1599 existimare

278 1622 426 1650 congruam
439 1615 539 1650 cuique
553 1615 662 1651 corpori
675 1615 795 1642 animam
817 1622 969 1643 connexam
989 1623 1061 1649 esse,

279 1669 311 1688 ac
328 1662 395 1689 nihil
413 1661 530 1695 amplius
547 1661 645 1689 ltabere
659 1669 692 1688 ex
710 1661 890 1696 dispositione
912 1662 1063 1697 affectuque

278 1706 418 1736 animalia,
434 1713 514 1740 quant
538 1705 741 1740 simplicitatem
764 1707 918 1734 naturalem
941 1707 975 1735 in'
992 1708 1063 1742 ipso-

278 1760 340 1779 rum
365 1751 493 1786 operibus
518 1756 704 1786 apparentem.
727 1750 794 1778 Nam
820 1752 926 1786 species
949 1760 1063 1787 quaeque

277 1797 421 1824 brutorum
437 1797 588 1824 secundum
603 1796 812 1832 propensionem
829 1804 907 1824 suam
928 1798 962 1824 ad
980 1804 1062 1832 quam

278 1849 294 1869 a
309 1841 445 1876 principio
465 1841 536 1869 facta
552 1845 605 1874 est,
627 1846 763 1874 movetur,
780 1845 807 1869 et
824 1850 914 1876 usum,
927 1846 954 1869 et
976 1843 1063 1870 actio—

278 1895 352 1918 nem.
377 1894 409 1914 ac
428 1891 561 1922 praeterea
581 1887 791 1923 dispositionem
815 1891 906 1922 aptam
932 1888 1061 1916 obtinuit.

278 1930 496 1966 Haudquaquam
510 1936 585 1959 certe
601 1932 697 1968 Opifex
706 1933 760 1960 ista
775 1933 878 1960 auxilio
889 1933 964 1960 omni
976 1933 1062 1961 desti-

278 1981 337 2004 tuta
360 1977 470 2013 reliquit
491 1986 608 2005 :verum
632 1978 780 2012 unicuique
809 1979 980 2012 naturalem,
1007 1987 1062 2006 non

277 2024 438 2052 rationalem
465 2025 604 2053 solertiam
628 2025 768 2053 inseruit:
784 2025 949 2061 quibusdam
978 2026 1062 2053 etiam

277 2069 454 2097 calliditatem
485 2074 512 2097 et
542 2071 670 2098 astutiam
696 2071 806 2104 indidit,
836 2077 966 2106 tanquam
994 2072 1062 2100 artis

278 2114 425 2150 imaginem
443 2119 470 2143 et
485 2116 731 2148 umbram,duabus
751 2116 812 2144 istis
830 2116 864 2143 de
883 2117 986 2149 causis,
1005 2123 1062 2144 tum

277 2161 311 2188 ad
340 2165 467 2196 urgentes
489 2161 602 2189 insidias
623 2161 811 2194 declinandas,
840 2166 867 2189 ct
889 2162 924 2189 ad
955 2162 1064 2190 futuras

1110 936 1339 972 περιαιρεθέντων
1345 935 1400 970 γὰρ
1415 935 1493 970 μόνον
1502 933 1555 961 τῶν
1563 933 1702 960 δακτύλων
1711 932 1762 959 ἀπὸ
1774 931 1818 958 τῶν
1826 938 1862 965 χει-

1111 982 1177 1018 ρῶν,
1193 982 1243 1013 τὰς
1258 981 1387 1012 πλείστας
1400 981 1498 1015 τέχνας
1521 978 1745 1015 παραπόλλυσθαι
1757 986 1763 993 ·
1784 977 1809 1003 οὐ
1824 975 1863 1002 λύει

1109 1028 1140 1054 τὸ
1154 1027 1330 1063 ζητούμενον.
1350 1027 1436 1054 ’Μὲνει
1452 1026 1505 1062 γὰρ
1522 1026 1563 1052 ἐτι
1577 1025 1608 1052 τὸ
1629 1025 1697 1052 αὐτὸ
1721 1024 1822 1054 ἄτοπον,

1110 1073 1157 1101 τοῦ
1171 1073 1238 1100 Θεοῦ
1257 1073 1294 1108 μὴ
1309 1073 1461 1108 πρόσφορον
1475 1071 1564 1107 ψυχὴν
1580 1071 1776 1107 ἐναρμόσαντος
1789 1068 1820 1103 τῷ
1829 1067 1862 1093 σώ·

1113 1129 1188 1156 ματι,
1205 1119 1274 1146 ἀλλὰ
1287 1118 1414 1154 περιττὴν
1429 1118 1475 1144 καὶ
1490 1118 1618 1153 ἀνόνητον
1631 1118 1679 1144 καὶ
1702 1115 1860 1150 ἀνενέργητθν,

1111 1165 1326 1200 ἑμποδιζομένην
1336 1164 1380 1192 διὰ
1389 1165 1480 1199 πάσης
1492 1165 1542 1199 τῆς
1557 1163 1663 1199 ἡλικίας
1678 1163 1774 1194 αὐτῶν,
1788 1163 1819 1192 εἰς
1831 1159 1863 1188 τὶς

1111 1211 1216 1242 οἰκείας
1226 1210 1376 1246 ἐνεργείας,
1389 1209 1457 1244 πρὸς
1467 1210 1498 1235 τὸ
1511 1208 1558 1236 καὶ
1573 1209 1618 1235 τὸν
1627 1208 1706 1243 λόγον
1719 1208 1796 1244 αὐτῆς
1805 1215 1862 1234 κατι-

1113 1257 1254 1289 σκευάζειν
1270 1255 1299 1288 ἐξ
1322 1255 1425 1291 ἀδήλων
1449 1255 1497 1281 καὶ
1514 1255 1562 1289 οὐχ
1585 1254 1808 1290 ὁμολογουμένων.
1827 1252 1861 1278 Πύ-

1111 1303 1157 1329 θεν
1179 1302 1233 1337 γὰρ
1261 1302 1302 1328 ὅτι
1336 1301 1407 1328 κατά
1439 1299 1558 1327 διάθεσιν
1586 1299 1704 1334 λογικῶς
1727 1300 1825 1326 κινεῖται
1842 1298 1863 1323 τὰ

1112 1349 1183 1382 (Eia;
1202 1348 1310 1375 Βέλτιον
1330 1347 1384 1383 γὰρ
1403 1347 1557 1382 πρόσφορον
1575 1346 1703 1382 ἡγεῖσθαι
1720 1346 1814 1379 ἑκάστῳ
1829 1344 1863 1369 σώ-

1115 1402 1179 1428 ματι
1201 1392 1290 1428 ψυχὴν
1317 1392 1503 1428 ὲνηρμόσθαι,
1528 1392 1575 1418 καὶ
1600 1391 1683 1427 μηδὲν
1717 1392 1784 1427 ἔχειν
1810 1389 1864 1415 πλέον

1112 1438 1182 1465 κατὰ
1203 1438 1320 1465 διάθεσιν
1344 1437 1380 1464 τὰ
1405 1437 1462 1469 ζῶα
1484 1437 1534 1472 τῆς
1555 1437 1753 1472 ἐκφαινομένης
1773 1436 1819 1466 τοῖς
1835 1434 1864 1466 Et

1111 1494 1170 1519 γοις
1192 1485 1281 1512 αὐτῶν
1297 1484 1415 1520 φυσικῆς
1437 1483 1596 1518 ἁπλότητος.
1621 1483 1755 1510 Ἕκαστον
1778 1480 1823 1515 γὰρ
1839 1476 1863 1504 1?-

1112 1532 1155 1563 δος
1175 1531 1228 1558 τῶν
1248 1530 1353 1565 ἀλόγων
1373 1530 1433 1556 κατ’
1452 1528 1555 1555 οἰκείαν
1577 1528 1665 1564 ὁρμὴν
1683 1529 1800 1559 κινεῖται,
1820 1523 1864 1559 πρὸς

1113 1578 1147 1613 ἢν
1160 1577 1270 1611 γέγονεν
1283 1576 1312 1609 ἐξ
1334 1576 1431 1614 ἀρχῆς,
1453 1574 1549 1610 χρείαν
1562 1582 1593 1601 τε
1616 1574 1663 1601 καὶ
1687 1574 1822 1610 ἐνέργειαν,
1834 1569 1864 1596 καὶ

1113 1623 1182 1656 πρὸς
1205 1621 1292 1649 ταῦτα
1322 1621 1370 1648 καὶ
1400 1620 1449 1655 τὴν
1477 1619 1598 1646 διάθεσιν
1629 1618 1779 1654 ἐπιτηδείαν
1802 1616 1864 1650 ἔσχεν-

1114 1669 1151 1695 Οὺ
1177 1668 1230 1703 μὴν
1253 1666 1393 1702 ἀϐοήθητα
1417 1665 1591 1692 παντάπασιν
1616 1664 1687 1691 αὐτὰ
1708 1663 1865 1691 καταλέλοιπεν

1112 1715 1127 1741 ὁ
1148 1713 1337 1748 Δημιουργός·
1361 1711 1418 1739 ἀλλ’
1443 1711 1552 1746 ἑκάστῳ
1576 1709 1712 1745 φυσικὴν,
1739 1709 1768 1736 οὐ
1785 1705 1865 1741 λογικῆδ

1113 1758 1222 1785 ἐνέϐαλε
1239 1757 1364 1784 σύνεσιν·
1384 1758 1440 1784 τισὶ
1455 1757 1484 1783 δὲ
1502 1756 1550 1783 καὶ
1572 1756 1740 1791 πανουργίαν
1759 1753 1865 1787 ἐνέθηκεν,

1112 1802 1207 1838 ὥσπερ
1221 1803 1317 1838 τέχνης
1333 1800 1425 1829 εἰκόνα
1437 1802 1484 1828 καὶ
1498 1801 1577 1828 σκιὰν
1593 1801 1665 1827 δυοῖν
1682 1800 1780 1827 τούτων
1791 1798 1866 1825 ἕνεκεν.

1113 1848 1183 1883 ὑπὲρ
1193 1848 1239 1874 τοῦ
1254 1848 1301 1874 καὶ
1313 1847 1363 1879 τὰς
1374 1846 1525 1878 ὲνεστώσας
1536 1845 1682 1877 ἐπιϐουλὰς
1694 1845 1825 1875 ἐκκλίνειν.
1836 1840 1867 1867 καὶ

1112 1893 1161 1925 τὰς
1179 1892 1326 1928 μελλούσας
1339 1891 1591 1928 προφυλάττεσθαι·
1611 1891 1657 1918 καὶ
1676 1891 1722 1917 ἐπὶ
1733 1889 1769 1925 τῷ
1781 1887 1867 1920 συνάψαι

1112 1939 1161 1972 τὴν
1175 1938 1262 1965 κτίσιν
1278 1938 1368 1964 πᾶσαν
1385 1938 1480 1972 ἑαυτῇ.
1496 1937 1534 1968 ὡς
1549 1935 1599 1972 ἤδη
1619 1936 1737 1972 εἴρηται.
1752 1933 1837 1961 Ὀτιδὲ
1847 1930 1868 1957 οὗ

1112 1984 1227 2018 λογικῶς
1240 1983 1326 2010 ταῦτα
1338 1983 1418 2015 ποιεῖ,
1431 1982 1508 2018 δῆλον
1523 1983 1555 2009 ὲκ
1568 1981 1615 2008 τοῦ
1630 1982 1692 2008 κατ’
1707 1979 1774 2013 εἶδος
1784 1981 1868 2007 ἕκαστον

1112 2029 1181 2062 ζῶον
1198 2029 1297 2064 ὁμοίως
1309 2028 1344 2055 τὰ
1361 2028 1431 2056 αὐτὰ
1447 2029 1543 2060 ποιεῖν,
1560 2027 1607 2054 καὶ
1623 2027 1660 2063 μὴ
1674 2027 1827 2054 διαλλάττειν
1836 2022 1868 2050 αὖ·

1112 2077 1166 2103 τῶν
1187 2077 1216 2103 ὲν
1234 2075 1273 2111 τῷ
1293 2075 1389 2110 πλήθει
1408 2075 1458 2107 τὰς
1477 2075 1528 2110 τῆς
1548 2075 1637 2110 ψυχῆς
1652 2073 1831 2110 ἐνεργείαςοεί
1843 2068 1868 2105 μὴ

1112 2120 1183 2147 κατὰ
1198 2120 1229 2146 τὸ
1250 2119 1348 2155 μᾶλλον
1363 2121 1410 2146 καὶ
1430 2118 1529 2156 ἧττον·
1549 2120 1616 2147 ἀλλὰ
1636 2120 1708 2147 κατά
1731 2120 1790 2156 μίαν
1806 2115 1868 2153 ὀρμῇ

1112 2166 1172 2192 ὅλον
1185 2165 1216 2192 τὺ
1230 2164 1298 2197 εἶδος
1313 2165 1457 2192 κινεῖσθαι.
1474 2165 1532 2196 Πᾶς
1547 2164 1601 2201 γὰρ
1614 2164 1721 2199 λαγωὺς
1737 2163 1825 2200 ὁμοίως
1838 2159 1868 2186 εὖτ

277 2206 471 2242 ιπωεονειιίιδε
486 2215 493 2233 :
509 2210 565 2233 tum
579 2206 615 2233 ad
631 2207 845 2235 connectendam
863 2215 972 2245 omnem
986 2215 1061 2235 crea-

1117 2210 1243 2243 νάξεται,
1259 2210 1306 2237 καὶ
1325 2211 1379 2242 πᾶς
1394 2210 1476 2242 λύκος
1492 2210 1593 2245 ὁμοίως
1607 2211 1765 2246 πανουργεῖ,
1782 2208 1821 2236 καὶ
1832 2205 1868 2235 πᾶς

277 2257 367 2280 turam
383 2252 559 2286 sibimetipsi,
575 2256 604 2278 ut
624 2255 703 2280 antea
717 2252 821 2279 dictum
841 2257 893 2280 est.
912 2253 991 2286 Quod
1009 2261 1061 2281 au-

279 2303 333 2325 tem
348 2305 402 2325 non
421 2305 454 2326 ex
469 2297 576 2325 ratione
589 2297 642 2325 ista
657 2297 750 2332 faciat,
764 2298 941 2334 perspicuum
966 2303 1009 2327 est
1028 2307 1062 2327 ex

277 2351 311 2372 eo
325 2343 399 2379 quod
415 2344 516 2371 animal
537 2343 666 2379 quodque
680 2345 782 2377 pariter
802 2345 897 2373 eadem
914 2345 996 2373 faciat
1013 2355 1020 2373 :
1036 2351 1063 2374 et

277 2390 350 2425 quod
375 2397 430 2417 non
449 2391 555 2418 varient
571 2390 694 2425 ipsorum
718 2391 817 2418 anima:
840 2392 1013 2426 operationes
1033 2392 1062 2419 in

278 2434 455 2462 multitudine
474 2444 481 2462 :
499 2435 553 2462 nisi
569 2435 723 2463 intentione
748 2435 791 2464 vel
815 2435 995 2470 remissione;
1013 2437 1062 2465 sed

278 2480 430 2507 secundum
451 2481 560 2508 unicam
583 2481 784 2516 proclivitatem
798 2485 855 2509 tota
871 2482 975 2516 species
994 2490 1062 2510 con-

277 2527 388 2553 citetur.
406 2525 502 2553 Omnis
516 2526 590 2553 enim
602 2526 680 2561 lepus
699 2527 827 2554 similiter
842 2527 871 2555 in
891 2528 1007 2556 latibulo
1020 2529 1063 2564 ja-

278 2577 332 2604 cet,
351 2576 378 2599 et
394 2572 475 2607 lupus
495 2573 584 2600 omnis
597 2573 725 2602 similiter
739 2578 868 2602 versutus
881 2578 924 2602 est
937 2583 945 2602 :
956 2579 983 2603 et
1001 2582 1063 2602 om-

277 2617 321 2645 nis
344 2617 424 2646 simia
453 2618 557 2653 pariter
575 2619 718 2652 imitatur;
744 2619 798 2647 hoc
819 2627 886 2647 vero
904 2620 932 2647 in
952 2620 1063 2648 homine

278 2671 333 2691 non
356 2667 466 2691 constat
486 2668 642 2692 :sexcenta:
662 2665 735 2692 enim
757 2665 809 2692 viae
830 2671 895 2693 sunt
923 2666 1062 2693 actionum

279 2709 461 2737 humanarum
490 2719 497 2737 :
524 2717 586 2737 nam
617 2710 724 2738 ratione
756 2711 919 2745 praeditum,
946 2711 1061 2739 liberum

281 2754 421 2789 quiddam,
437 2759 463 2782 et
476 2756 518 2783 sui
532 2755 605 2790 juris
632 2760 716 2791 atque
733 2756 842 2784 arbitrii
855 2761 909 2789 est,
922 2756 993 2784 unde
1007 2764 1062 2784 non

281 2807 366 2827 unum
384 2806 412 2828 et
432 2801 503 2828 idem
526 2809 595 2836 opus
622 2806 665 2829 est
691 2802 819 2830 omnibus
844 2801 1011 2834 hominibus,
1033 2807 1063 2830 ut

283 2846 383 2882 cuique
398 2846 543 2874 brutorum
560 2848 676 2883 speciei;
696 2848 918 2884 quandoquidem
938 2848 995 2877 hac
1013 2856 1062 2877 na-

1113 2256 1228 2292 πίθηκος
1239 2256 1340 2292 ὁμοίως
1352 2257 1485 2292 μιμεῖται.
1499 2256 1588 2291 Ὅπερ
1597 2256 1647 2282 οὐκ
1659 2255 1733 2282 ἐστιν
1743 2255 1784 2282 ἐπ’
1793 2250 1868 2286 ἀνθρώ·

1112 2310 1174 2329 που.
1200 2302 1304 2338 Μυρίαι
1325 2301 1379 2337 γὰρ
1400 2301 1455 2329 ὁδοὶ
1479 2301 1533 2328 τῶν
1559 2300 1737 2337 ἀνθρωπίνων
1762 2298 1867 2334 πράξεων-

1119 2347 1273 2383 Ἐλεύοερον
1288 2348 1343 2383 γὰρ
1357 2355 1384 2373 τι
1402 2347 1449 2374 καὶ
1469 2345 1640 2379 αὐτεξούσιον
1656 2346 1688 2373 τὸ
1701 2345 1810 2381 λογικὸν.
1826 2341 1869 2368 ὅθεν

1112 2394 1161 2429 οὺχ
1175 2394 1204 2420 ἓν
1218 2394 1264 2420 καὶ
1276 2393 1359 2420 ταὺτὸ
1372 2394 1454 2420 πᾶσιν
1468 2392 1548 2428 ἔργον
1564 2392 1727 2427 ἀνθρώποις,
1739 2391 1775 2422 ὡς
1788 2388 1869 2419 ἑκάστῳ

1113 2439 1178 2467 εῖδει
1189 2439 1243 2466 τῶν
1258 2439 1363 2473 ἀλόγων
1382 2437 1469 2471 ζώων.
1482 2438 1564 2465 Φύσει
1578 2437 1722 2474 γὰρ,μόνῃ
1752 2436 1827 2463 ταῦτα
1840 2440 1868 2458 κι-

1114 2483 1252 2518 νεῖται-τὰ
1271 2483 1300 2511 δὲ
1321 2483 1401 2518 φύσει
1422 2483 1522 2519 ὁμοίως
1535 2483 1609 2519 παρὰ
1624 2483 1708 2510 πᾶσίν
1722 2483 1805 2509 ἐστιν·
1818 2475 1868 2504 αἰδὲ

1112 2529 1220 2564 λογικιὺ⁸
1236 2529 1347 2565 πράξεις
1367 2529 1445 2556 ἄλλαι
1462 2529 1527 2563 παρ’
1542 2528 1644 2562 ἄλλοις,
1668 2528 1718 2554 οὐκ
1732 2526 1761 2559 ἐξ
1772 2524 1868 2558 ἀνάγκης

1113 2576 1141 2602 αἱ
1154 2575 1235 2602 αὐταὶ
1250 2575 1326 2611 παρὰ
1338 2576 1430 2603 πᾶσιν.
1446 2575 1479 2602 Et
1491 2575 1521 2601 δὲ
1534 2574 1639 2609 λέγοιεν
1657 2573 1703 2600 ἰπὶ
1718 2570 1826 2608 τιμωρίᾳ
1835 2567 1869 2611 ﬁl"

1114 2619 1202 2655 ψυχὴν
1216 2619 1270 2646 τῶν
1289 2619 1545 2656 προημαρτημένων
1564 2619 1593 2645 ἐν
1617 2618 1656 2654 τῷ
1669 2615 1821 2653 ἀνθρωπίνῳ
1834 2610 1869 2656 βίῳ

1113 2666 1153 2697 είς
1171 2654 1282 2692 τοιαῦτα
1302 2654 1415 2701 σώματά
1434 2654 1678 2700 καταπέμπεσθαι,
1697 2663 1730 2690 ἐκ
1751 2660 1800 2688 τῶν
1811 2654 1868 2706 πλατέ’

1115 2717 1169 2748 ρων
1184 2711 1320 2738 ποιοῦνται
1334 2711 1383 2747 τὴν
1399 2710 1544 2744 ἀπόδειξιν.
1556 2710 1607 2737 Διὰ
1621 2709 1649 2736 τί
1661 2709 1715 2744 γὰρ
1729 2708 1768 2739 είς
1778 2705 1808 2733 τὰ

1113 2744 1148 2784 τα
1165 2757 1295 2792 γενόμενα
1310 2744 1423 2791 σώματα
1435 2755 1489 2783 τῶν
1503 2755 1580 2787 ζώων
1593 2753 1777 2790 ἀνεϐλήθησαν
1787 2744 1869 2782 λογικαὶ

1114 2802 1214 2837 ψυχαίς
1234 2802 1272 2829 Οὐ
1289 2802 1344 2837 γὰρ
1364 2801 1451 2837 δήπου
1474 2801 1512 2833 ὡς
1528 2801 1557 2827 ὲν
1579 2800 1699 2836 σώμασιν
1718 2793 1867 2841 ἀνθρωπίνοξ(

1117 2848 1308 2883 ἁμαρτήσασαι
1319 2867 1326 2880 ,
1342 2846 1407 2881 πρὶν
1430 2847 1477 2874 καὶ
1491 2847 1532 2878 εἰς
1550 2846 1628 2882 σῶμα
1645 2843 1768 2880 γενέσθαι
1789 2838 1870 2872 ἀνθρώ·
