1914 3079
42 143 97 172 9-15

777 139 821 165 lli-2
842 139 959 166 ΛΝΙΜΛ.

1628 142 1681 169 εει

43 208 135 226 πινον.
153 199 249 226 Ἐοικε
272 198 299 225 δὲ
316 198 401 233 ταύτῃ
418 198 480 234 δόξῃ
495 198 616 226 τίθεσθαι
634 199 680 225 καὶ
697 198 799 233 Γαληνὺ

922 206 958 226 ιω
986 199 1043 226 sola
1067 204 1234 227 moventur:
1258 200 1332 235 atqui
1353 207 1384 227 ea
1407 209 1470 236 quae
1494 205 1590 228 natura
1615 208 1678 228 cun.

43 245 198 280 θαυμάσιος
217 240 318 279 ἰᾶτρδς,
342 243 388 270 καὶ
411 244 471 270 καθ’
484 244 598 271 ἕκαστον
617 243 686 276 εἶδος
700 243 769 276 ζώου
783 245 840 271 διά-

43 299 128 326 φορον
142 289 213 317 εἶναι
227 290 331 322 δοξάζει
348 290 394 317 καὶ
405 290 495 326 ψυχῆς
511 288 593 322 εἶδος·
608 290 681 324 λέγει
693 290 745 326 γὰρ
760 290 840 322 εὐθὺς

42 339 73 364 ὲν
87 337 161 372 ἀρχῇ
173 336 221 363 το]
236 335 345 371 πρώτου
360 336 463 372 βιϐλίου
478 336 528 372 τῆς
536 337 605 371 Περὶ
616 337 720 371 χρείας
727 338 841 371 μορίων

43 382 249 418 πραγματείας,
266 382 348 409 οὕτω*
366 392 375 408 ι
390 383 444 409 Καὶ
455 383 480 409 εἰ
495 382 584 414 τοῦτο,
599 382 684 409 πολλὰ
699 382 752 409 τῶν
763 382 840 415 ζώων

42 429 120 455 ἔσται
146 428 246 464 μόρια·
264 428 299 455 τὰ
323 428 372 463 μὲν
397 428 499 463 μείζω,
514 428 549 455 τὰ
568 428 596 455 δὲ
615 428 719 456 ἐλάττω
731 436 737 443 ·
762 428 796 454 τὰ
812 428 840 455 δὲ

42 474 219 501 παντάπασιν
233 474 273 505 εἰς
288 473 380 510 ἕτερον
393 472 462 506 εἶδος
475 474 584 509 ἄτμητα
594 482 600 489 ·
618 473 698 509 χρεία
709 473 738 500 δὲ
751 473 839 500 αὐτῶν

41 520 172 547 ἁπάντων
191 521 250 546 ἐστὶ
264 521 297 555 τῇ
314 519 398 556 ψυχῇ.
419 521 456 546 Τὸ
476 520 528 555 γὰρ
544 520 624 555 σῶμα
638 520 741 554 ταύτης
755 519 839 554 ὄργα-

39 575 97 593 νον.
119 567 174 593 Καὶ
191 566 235 592 διὰ
249 566 326 593 τοῦτο
336 566 403 593 πολὺ
414 566 567 601 διενήνοχεν
576 566 698 601 ἀλλήλων
707 566 742 592 τὰ
758 565 839 601 μόρια.

38 611 94 637 τῶν
115 610 204 643 ζώων,
224 611 265 637 ὅτι
280 611 326 638 καὶ
340 612 367 637 αἱ
381 611 476 646 ψυχαί.
492 620 502 637 ι
522 610 606 638 Πάλιν
626 611 653 637 δὲ
676 610 838 646 προκόπτων

37 658 68 682 ὲν
82 656 123 692 τῷ
137 656 211 690 αὐτῷ
227 656 331 690 βιὸλίῳ,
344 657 522 692 προστίθησιν
540 657 586 683 ἐπὶ
600 656 646 683 τοῦ
661 656 777 690 πιθήκου
793 657 839 683 καὶ

36 703 131 730 τοῦτο’
147 713 157 728 ί
173 704 227 730 Καὶ
249 703 296 738 μὴ,
310 699 333 729 ὦ
350 701 489 737 σοφώτατε
504 702 639 737 κατήγορε
652 702 762 737 (λέξειεν
776 702 808 730 ἂν
821 703 838 738 ἡ

37 749 124 783 φύσις
139 749 208 784 πρὸς
224 748 255 775 σὲ
269 748 404 782 γελοίως),
416 749 465 784 τὴν
477 748 566 784 ψυχὴν
580 748 633 774 τῶν
647 747 723 782 ζώων
732 747 838 775 τελείαν

36 795 124 831 ἐχρῆν
141 795 252 830 δοθῆναι
271 794 338 829 πρὸς
352 794 401 829 τὴν
417 790 463 820 τοῦ
484 794 609 829 σώματος
625 794 807 830 κατασκευήν.
826 803 835 819 ι

35 840 135 873 Οὕτως
153 839 208 867 εἶδε
223 841 278 873 τοῖς
289 841 427 876 διαφόροις
449 841 508 867 κατ’
523 839 592 872 εἶδος
609 840 732 875 σώμασιν
744 840 838 874 διαφό-

36 895 103 922 ρους
121 887 237 918 ἐνούσας
248 886 345 921 ψυχάς.
367 887 423 913 Καὶ
441 886 528 913 ταῦτα
542 885 592 920 μὲν
607 885 798 921 περὶτούτων·
812 887 836 912 εἰ

33 934 64 960 δὲ
83 933 136 969 τὴν
154 933 246 968 ψυχὴν
264 932 444 967 ἀπεδείξαμεν
455 952 462 963 ,
479 933 548 967 μήτε
564 931 643 967 σῶμα
657 929 750 963 οὖσαν,
767 932 836 967 μήτε

34 978 176 1013 ἁρμονίαν
186 998 194 1010 ,
213 978 282 1013 μήτε
298 979 395 1013 κρᾶσιν
405 998 412 1010 ,
433 977 501 1013 μήτε
516 977 599 1013 ἄλλην
615 977 675 1004 τινὰ
696 977 835 1012 ποιότητα,

30 1024 117 1059 δῆλον
140 1025 173 1050 ὲκ
193 1023 306 1055 τούτων,
326 1023 364 1054 ὡς
387 1022 465 1049 οὐσία
487 1022 528 1054 τίς
558 1024 630 1049 ἐστιν
654 1022 798 1057 ἀσώματος
817 1023 833 1058 ἠ

32 1070 111 1105 ψυχή
127 1078 134 1084 ·
152 1070 195 1096 ὅτι
216 1069 267 1104 μὲν
285 1070 336 1104 γὰρ
353 1069 444 1101 ἐστιν,
463 1068 632 1103 ὁμολογεῖται
648 1068 746 1094 πᾶσινι
764 1068 788 1094 εἰ
806 1068 835 1094 δὲ

32 1117 106 1150 μήτε
123 1114 216 1150 σῶμα,
230 1115 301 1151 μήτε
317 1114 500 1149 συμϐεϐηκὸς,
516 1114 596 1150 δῆλόν
610 1115 694 1148 ἐστιν,
708 1115 749 1142 ὅτι
765 1114 837 1141 ἀσώ-

33 1161 122 1196 ματος
141 1161 218 1187 ἐστιν
232 1159 320 1192 οὐσία,
337 1160 383 1186 καὶ
394 1159 471 1186 οὐδὲν
484 1160 538 1186 τῶν
550 1160 666 1195 ἐχόντων
680 1162 710 1187 ὲν
723 1161 795 1196 ἄλλῳ
807 1161 837 1187 τὸ

31 1206 108 1234 εἶναι
120 1214 129 1222 ”
146 1205 236 1232 ταῦτα
254 1205 308 1241 γὰρ
329 1205 434 1239 γίνεται
448 1206 494 1232 καὶ
508 1205 667 1240 ἀπογίνεται
688 1207 772 1242 χωρὶς
787 1207 838 1242 τῆς

29 1253 80 1280 τοῦ
94 1251 280 1287 ὑποκειμένου
296 1251 409 1289 φθορᾶς.
426 1252 482 1287 Τῆς
493 1251 522 1278 δὲ
534 1252 624 1288 ψυχῆς
640 1251 843 1288 χωριζομένης,’

30 1300 62 1326 τὸ
75 1299 159 1333 σῶμα
175 1297 286 1328 πάντως
303 1297 453 1332 φθείρεται.

892 248 979 277 stant.
1009 245 1137 273 similiter
1161 245 1233 280 apud
1257 253 1353 274 omnes
1376 255 1405 274 se
1431 247 1550 274 habent:
1567 253 1595 273 at
1618 253 1681 277 vero

891 291 1018 319 actiones
1034 298 1096 327 quae
1118 292 1226 320 ratione
1243 292 1321 324 (lunt,
1348 292 1408 320 alia:
1426 293 1497 328 apud
1515 293 1584 320 alios
1598 297 1681 325 sunt;

891 344 947 364 non
967 344 999 364 ex
1022 338 1189 365 necessitate
1212 337 1313 365 eaedem
1343 338 1415 372 apud
1435 346 1540 366 omnes.
1553 338 1632 372 Quod
1657 338 1683 366 si

890 381 1007 409 dixerint
1030 381 1149 409 animam
1176 390 1226 417 pro
1250 383 1388 418 supplicio
1412 389 1590 419 peccatorum
1617 387 1682 411 ante

890 427 1105 455 commissorum
1131 428 1157 455 in
1178 429 1298 456 humana
1324 429 1389 462 vita,
1414 429 1448 457 ad
1471 429 1606 464 ejusmodi
1625 437 1682 457 cor-

892 480 961 508 pora
984 473 1123 509 ablegari:
1138 482 1172 502 ex
1195 475 1397 509 posterioribus
1417 475 1681 504 demonstrationem

892 518 1007 546 faciunt.
1029 519 1086 546 Cur
1105 520 1177 547 enim
1191 520 1290 548 anima
1304 521 1453 549 rationales
1470 521 1498 549 in
1514 529 1546 549 ea
1566 529 1683 557 corpora

891 565 999 599 injecta:
1016 565 1143 598 fuissent,
1159 573 1220 601 qua:
1238 567 1314 601 prius
1330 567 1474 595 brutorum
1490 567 1614 595 fuerant?
1627 576 1681 596 non

890 610 964 636 enim
991 614 1065 637 certe
1085 618 1135 645 pro
1160 611 1281 645 peccatis
1305 611 1335 638 in
1364 612 1529 646 corporibus
1553 613 1683 641 humanis

892 656 1060 689 commissis,
1081 657 1242 692 priusquam
1264 658 1293 685 in
1309 665 1410 693 corpus
1425 659 1574 686 humanum
1591 660 1682 687 venis-

891 706 967 730 sent.
994 700 1111 730 Videtur
1136 707 1227 730 autem
1256 703 1341 731 etiam
1367 703 1488 732 Galenus
1512 704 1682 732 admirabilis

889 747 1023 780 medicus,
1054 748 1117 775 huic
1136 748 1259 784 opinioni
1282 749 1374 777 favere
1394 759 1401 776 :
1425 750 1525 785 quippe
1534 751 1579 785 qui
1602 750 1681 785 juxta

889 802 1114 829 unamquamque
1137 795 1287 823 animantis
1313 797 1432 830 speciem
1454 797 1553 825 anima:
1570 804 1681 832 quoque

889 841 1025 868 diversam
1041 841 1160 876 speciem
1174 849 1237 870 esse
1252 842 1410 875 existimat;
1430 850 1492 870 nam
1516 843 1610 871 statim
1627 843 1680 870 ini-

853 881 872 908 Β
887 887 926 914 tio
939 887 1000 914 libri
1016 888 1095 922 primi
1109 887 1148 914 De
1157 896 1207 915 mu
1218 889 1346 923 partium,
1359 888 1395 916 ita
1409 889 1524 917 scribit:
1539 899 1549 915 ε
1563 890 1594 916 Et
1606 889 1629 916 si
1641 889 1680 921 id.

890 933 982 960 multa:
1002 933 1162 961 animalium
1180 940 1271 969 partes
1290 939 1382 966 erunt,
1397 935 1457 962 alia:
1470 935 1601 970 majores.
1619 935 1680 962 alim

891 979 1012 1007 minores
1029 989 1036 1007 :
1055 981 1179 1015 quaedam
1206 981 1318 1009 omnino
1342 981 1375 1008 ad
1399 981 1481 1008 aliam
1497 981 1618 1016 speciem
1637 982 1679 1008 in-

888 1024 1016 1053 dividuae.
1039 1025 1110 1054 Usus
1129 1030 1220 1054 autem
1236 1027 1357 1062 ipsarum
1373 1027 1497 1054 omnium
1508 1027 1600 1054 anima
1615 1030 1678 1054 est:
1711 1037 1717 1043 ·

888 1071 1024 1107 siquidem
1052 1078 1153 1106 corpus
1185 1073 1398 1104 instrumentum
1413 1073 1474 1108 ejus
1489 1077 1547 1106 est;
1566 1080 1681 1108 eamque

887 1117 922 1144 ob
944 1125 1001 1145 rem
1021 1118 1137 1146 multum
1163 1127 1179 1147 a
1208 1128 1238 1148 se
1265 1120 1382 1149 invicem
1407 1124 1500 1156 partes
1520 1119 1679 1148 animalium

886 1162 1032 1196 diﬂ‘erunt;
1052 1164 1163 1199 quando
1177 1165 1276 1193 animre
1291 1165 1375 1193 etiam
1389 1165 1558 1200 discrepant.
1582 1175 1591 1191 ι
1607 1164 1680 1192 Rur-

887 1216 936 1236 sus
954 1210 1068 1237 ulterius
1083 1218 1248 1246 progressus
1271 1212 1299 1240 in
1322 1212 1417 1239 eodem
1438 1211 1508 1239 libro
1523 1211 1575 1238 hoc
1594 1210 1678 1238 etiam

887 1254 1012 1290 adiungit
1023 1262 1106 1290 super
1119 1256 1199 1283 simia
1216 1265 1224 1284 :
1242 1266 1251 1282 ι
1268 1256 1300 1283 Et
1316 1256 1429 1284 minime
1441 1255 1575 1291 oportuit,
1586 1263 1603 1282 ο
1615 1263 1681 1290 pru-

887 1299 1050 1329 dentissime
1063 1306 1207 1330 acetlsator
1221 1302 1338 1336 (diceret
1352 1307 1450 1329 natura
1464 1306 1490 1330 te
1502 1302 1597 1337 jocose
1611 1302 1678 1328 allo-

29 1343 274 1380 quens),animam
303 1342 482 1370 animantium
499 1343 651 1378 perfectam
678 1343 770 1371 datam
787 1351 849 1375 esse
865 1345 900 1372 ad
930 1347 1056 1381 corporis
1084 1347 1302 1375 fabricationem.
1319 1357 1328 1373 ι
1351 1347 1398 1374 Sic
1421 1347 1467 1374 ille
1489 1346 1680 1374 diiferentibus

29 1392 126 1428 specie
151 1390 317 1425 corporibus
341 1389 501 1419 dill'erentes
526 1391 618 1420 inesse
642 1391 748 1420 animas
778 1393 917 1428 cognovit.
945 1393 1036 1429 Atque
1056 1395 1114 1422 haec
1139 1395 1249 1430 quidem
1270 1395 1404 1423 hactenus
1425 1395 1459 1423 iis
1481 1394 1514 1422 de
1533 1394 1627 1422 rebus.
1650 1395 1678 1421 Si

29 1441 116 1475 igitur
134 1439 258 1466 animam
279 1445 367 1472 neque
384 1445 484 1474 corpus
505 1447 578 1471 esse,
612 1447 702 1474 neque
733 1445 910 1474 concentum,
931 1450 1026 1477 neque
1051 1443 1220 1476 mistionem,
1253 1451 1343 1478 neque
1377 1443 1461 1470 ullam
1477 1443 1558 1470 aliam
1590 1443 1679 1477 quali-

27 1493 117 1516 tatem
139 1490 332 1524 probavimus,
347 1493 423 1525 patet
439 1497 472 1517 ex
488 1488 522 1516 iis
537 1487 658 1514 animam
673 1487 856 1516 substantiam
872 1497 934 1518 esse
946 1491 1071 1525 corporis
1083 1495 1224 1526 expertem
1241 1501 1248 1518 :
1265 1499 1328 1518 nam
1352 1491 1378 1518 in
1398 1490 1526 1519 confesso
1545 1493 1587 1516 est
1597 1489 1682 1516 outni«

28 1535 82 1562 bus
109 1543 174 1563 eam
197 1537 332 1564 exsistere
353 1546 359 1562 :
384 1543 468 1568 quare
489 1535 512 1562 si
537 1542 626 1569 neque
652 1541 764 1568 corpus,
794 1543 883 1570 neque
907 1537 1037 1564 accidens
1056 1540 1116 1569 est.
1139 1537 1316 1566 manifestum
1337 1542 1379 1566 est
1403 1538 1595 1571 incorporcatn
1614 1543 1678 1564 esse

28 1582 232 1615 substantiam,
252 1586 280 1610 et
295 1582 363 1609 nihil
378 1589 473 1610 eorum
495 1588 556 1616 quae
569 1580 596 1607 in
611 1579 665 1606 alio
679 1587 741 1607 esse
759 1580 876 1615 habent;
893 1581 952 1609 inec
971 1583 1043 1610 enim
1059 1583 1170 1617 adsunt,
1184 1588 1211 1611 et
1229 1584 1329 1612 absunt
1346 1585 1406 1615 sine
1418 1583 1534 1618 subjecti
1547 1583 1677 1618 pernicie.

28 1629 84 1655 Sed
102 1628 200 1655 anima
214 1633 339 1663 separata
353 1630 423 1663 perit
438 1628 551 1655 omnino
565 1634 678 1661 corpus.

64 1675 133 1706 Τοῖς
154 1674 248 1706 αὐτοῖς
274 1675 302 1701 δὲ
322 1675 495 1709 χρησάμενον
520 1673 594 1700 ἔστιν
620 1671 760 1705 ἀποδεῖξαι
785 1671 820 1706 τὴ

922 1671 1019 1699 Iisdem
1034 1679 1100 1699 vero
1118 1671 1271 1700 rationibus
1291 1672 1394 1700 utendo
1406 1673 1598 1702 demonstrare
1614 1674 1678 1702 licet

27 1720 122 1756 ψυχὴν
149 1719 286 1746 ἀθάνατον
309 1717 402 1747 οὖσαν.
426 1719 458 1746 Εἰ
480 1718 535 1754 γὰρ
558 1719 626 1754 μήτε
652 1717 733 1752 σῶμὰ
748 1718 832 1749 ἐστιν,

27 1767 100 1802 ὅπερ
136 1765 221 1800 φύσει
250 1765 373 1792 διαλυτὸν
402 1764 507 1800 ἐδείχθη
532 1765 578 1791 καὶ
602 1763 738 1799 φθαρτὸν,
765 1763 833 1798 μήτε

28 1813 169 1848 ποιότης,
187 1812 260 1847 μήτε,
279 1812 408 1848 ποσότης,
431 1812 499 1847 μήτε
520 1811 582 1838 ἄλλο
603 1819 630 1837 τι
649 1810 703 1836 τῶν
726 1809 834 1844 φθειρο-

30 1859 137 1894 μένων,
152 1858 277 1892 δηλονότι
293 1858 428 1889 ἀθάνατός
447 1859 515 1884 ἐστι.
533 1856 633 1884 Πολλαὶ
649 1856 698 1892 μὲν
713 1853 760 1882 οὖν
781 1856 834 1881 εἱσι

27 1907 78 1941 τῆς
97 1905 255 1936 ἀθανασίας
269 1904 355 1940 αὐτῆς
376 1904 526 1936 ἀποδείξεις
538 1925 544 1937 ,
563 1904 639 1939 παρά
657 1912 686 1929 τε
711 1903 834 1929 Πλάτωνι

28 1950 78 1976 καὶ
102 1950 166 1980 τοῖς
185 1948 276 1980 ἄλλοις
288 1956 296 1965 ⁵
316 1949 374 1975 ἀλλ’
401 1949 502 1975 ἐκεῖναι
528 1949 578 1984 μὲν
601 1948 771 1984 περισκελείς
787 1948 834 1974 καὶ

28 1994 253 2030 δυσκατανόητοι
263 2013 272 2026 ,
290 1995 338 2021 καὶ
356 1995 431 2030 μόλις
446 1996 503 2026 τοῖς
518 1994 746 2031 ἐντεθραμμένοις
761 1993 832 2019 ὲκεί-

29 2049 91 2072 ναις
106 2041 172 2072 ταῖς
187 2041 354 2075 ἐπιστήμαις
371 2041 503 2077 γνώριμοι
513 2050 520 2057 δ
535 2041 602 2077 ἡμῖν
625 2041 653 2067 δὲ
670 2041 751 2075 ἀρκεῖ
766 2039 834 2075 πρὸς
849 2046 857 2053 ”

29 2086 177 2118 ἀπόδειξιν
192 2086 243 2121 τῆς
259 2085 409 2118 ἀθανασίας
424 2087 520 2122 αὐτῆς,
539 2088 555 2122 ὴ
574 2086 628 2114 τῶν
643 2086 722 2114 Θείων
737 2085 834 2120 λογίων

27 2133 210 2165 διδασκαλία,
233 2133 265 2159 τὸ
288 2133 383 2160 πιστδν
408 2133 451 2168 ἐφ’
475 2134 575 2168 ἑαυτῆς
601 2133 711 2168 ἔχουσα,
737 2132 781 2159 διὰ
803 2131 835 2158 τὸ

29 2179 219 2209 Θεόπνευστος
235 2176 315 2205 εῖναι.
334 2178 406 2214 Πρὸς
423 2178 451 2205 δὲ
466 2179 529 2210 τοὺς
547 2178 586 2214 μὴ
600 2177 834 2212 χαταδεχομένους

29 2226 63 2253 τὰ
81 2225 141 2252 τῶν
166 2225 337 2260 Χριστιανῶν
359 2225 491 2260 δόγματα,
511 2225 591 2261 ἀρκεῖ
613 2224 644 2251 τὺ
667 2223 749 2260 μηδὲν
764 2221 834 2250 εἶναι

28 2273 79 2308 τὴν
94 2271 192 2307 ψυχὴν
207 2271 262 2298 τῶν
275 2270 460 2306 φθειρομένων
471 2270 620 2303 ἀποδεῖξαι.
636 2270 666 2296 El
682 2269 736 2305 γὰρ
751 2269 834 2304 μηδέν

29 2320 89 2345 sm
108 2318 172 2344 τῶν
190 2317 389 2352 φθειρομένων,
413 2317 470 2344 ἔστι
488 2317 517 2344 δὲ
538 2317 686 2351 ἄφθαρτος,
711 2316 767 2342 ἔστι
787 2314 834 2342 καὶ

30 2363 193 2394 ἀθάνατος·
214 2361 286 2388 ὥστε
311 2361 389 2388 τοῦτο
410 2362 458 2396 μὲν
480 2361 637 2397 ἀρκούντως
662 2361 723 2396 ἔχον
747 2369 835 2396 παρα-

29 2409 173 2436 λειπτέον.
183 2408 318 2443 Ζητητέον
327 2408 355 2434 δὲ
366 2408 424 2439 πῶς
435 2407 524 2443 ψυχῆς
537 2407 584 2435 καὶ
595 2408 720 2443 σώματος
730 2406 833 2442 ἀψύχου

30 2456 141 2488 γίνεται
169 2453 267 2485 ἓνωσις
279 2461 286 2469 ·
298 2453 411 2489 *ἄπορον
433 2454 488 2489 γὰρ
504 2454 534 2481 τὸ
549 2455 666 2489 πρᾶγμα
677 2461 686 2469 ⁸
703 2453 728 2479 εί
745 2453 773 2479 δὲ
796 2451 833 2488 μὴ

31 2501 114 2536 μόνον
130 2501 168 2527 ἐκ
183 2499 297 2531 τούτων,
311 2499 378 2526 ἀλλὰ
393 2500 441 2527 καὶ
456 2500 503 2526 τοῦ
519 2499 566 2526 νοῦ
583 2499 746 2534 συνέστηκεν
760 2499 775 2524 ὀ
788 2499 834 2526 ἆν-

30 2547 167 2582 θρωπος.
196 2545 235 2577 ὡς
262 2543 337 2572 εἶπόν
358 2554 446 2578 τινες,
471 2546 511 2572 ἔτι
538 2545 618 2572 πλέον
645 2544 830 2580 ἀπορώτερον.

30 2594 128 2620 Πάντα
156 2591 213 2627 γὰρ
229 2591 263 2618 τὰ
287 2592 410 2618 συνιόντα
431 2592 470 2623 εἰς
491 2592 555 2626 μιᾶς
575 2591 668 2622 οὐσίας
685 2590 833 2618 ὑπόστασιν

31 2640 151 2671 πάντως
171 2637 280 2664 ἑνοῦται
291 2645 298 2653 ·
313 2637 401 2664 πάντα
419 2637 448 2664 δὲ
465 2637 499 2664 τὰ
521 2637 653 2672 ὲνούμενα
669 2636 832 2668 ἀλλοιοῦται,

31 2685 78 2711 καὶ
95 2685 130 2710 οὐ
151 2683 229 2718 μένει
249 2682 267 2708 ἃ
282 2682 414 2717 πρότερον
428 2680 478 2718 ἦν,
501 2682 539 2714 ὡς
562 2682 610 2709 ἐπὶ
624 2681 678 2708 τῶν
695 2681 834 2716 στοιχείων

30 2731 224 2765 δειχθήσεται·
240 2728 374 2754 ἑνωθέντα
393 2727 446 2763 γὰρ
461 2728 524 2755 ἄλλο
540 2737 567 2755 τι
582 2728 687 2763 γέγονε.
704 2728 765 2760 Πῶς
777 2725 834 2760 οὖν,

32 2777 55 2801 εξ
75 2776 107 2802 τὸ
126 2774 213 2807 σῶμα
235 2773 374 2809 ἡνωμένον
396 2775 429 2809 τῇ
445 2774 518 2810 ψυχῇ
541 2774 581 2801 ἔτι
604 2774 679 2809 μένει
701 2774 796 2809 σῶμα,
816 2773 833 2809 ἢ

33 2822 118 2847 πάλιν
132 2821 150 2855 ή
164 2819 238 2854 ψυχὴ
255 2818 400 2854 ἀσώματος
414 2817 481 2846 οὖσα
493 2819 540 2846 καὶ
553 2819 686 2855 οὒσιώδης
699 2819 759 2846 καθ’
771 2819 835 2845 ἐαυ-

35 2866 95 2900 τὴν,
122 2866 186 2898 πῶς
211 2864 319 2893 ἑνοῦται
342 2864 464 2900 σώματι,
488 2865 535 2892 καὶ
558 2865 639 2901 μέρος
659 2864 764 2899 γῖνεται
787 2863 832 2891 τοῦ

885 1718 1004 1745 animam
1017 1717 1198 1745 immortalem
1212 1726 1282 1746 esse.
1293 1717 1359 1745 Nam
1375 1719 1497 1755 sineque
1511 1727 1612 1755 corpus
1623 1724 1676 1753 est,

885 1764 957 1798 quod
964 1763 1072 1799 quidem
1080 1769 1176 1791 natura
1185 1764 1345 1792 dissolubile
1365 1769 1392 1793 et
1401 1765 1535 1794 caducum
1545 1773 1607 1794 esse
1618 1774 1678 1801 pro-

885 1809 978 1838 batum
989 1814 1050 1843 est;
1064 1818 1152 1846 neque
1165 1811 1295 1846 qualitas,
1315 1819 1403 1847 neque
1419 1813 1571 1848 quantitas.
1588 1821 1678 1848 neque

886 1856 960 1883 aliud
973 1856 1114 1891 quidpiam
1131 1864 1227 1884 eorum
1248 1864 1310 1892 quae
1327 1857 1434 1893 fragilia
1447 1861 1474 1885 et
1489 1856 1678 1893 corruptibilia

885 1905 961 1932 sunt.
983 1900 1111 1928 videlicet
1131 1901 1295 1930 immortalis
1319 1907 1372 1935 est,
1390 1911 1423 1930 ac
1447 1905 1539 1931 multa:
1555 1904 1678 1939 profecto

885 1951 950 1974 sunt
970 1947 1186 1974 immortalitatis
1213 1947 1302 1982 ipsius
1329 1947 1581 1978 demonstrationes
1605 1949 1678 1984 apud

885 1992 1025 2020 Platonem
1041 1997 1068 2020 et
1082 1993 1169 2026 alios;
1186 1993 1234 2021 sed
1253 1994 1306 2021 illa:
1318 2002 1398 2029 aequo
1415 1995 1564 2030 longiores,
1579 2000 1606 2023 et
1621 2003 1680 2031 per-

886 2042 965 2072 ccptu
989 2037 1113 2065 diiiiciles
1131 2042 1217 2065 sunt:
1236 2042 1263 2066 et
1279 2039 1323 2066 vix
1347 2040 1381 2068 iis
1396 2041 1442 2076 qui
1456 2041 1564 2069 educati
1580 2045 1645 2069 sunt
1662 2050 1678 2069 ιι

885 2084 989 2112 teneris
1008 2083 1035 2110 in
1050 2083 1174 2112 scientiis
1191 2084 1360 2118 huiusmodi,
1383 2087 1500 2122 cognitae
1520 2092 1547 2115 et
1566 2095 1679 2123 perspe-

885 2134 954 2163 ctte;
974 2130 1055 2157 nobis
1068 2137 1134 2157 vero
1151 2130 1185 2157 ad
1204 2130 1468 2160 demonstrationem
1485 2133 1677 2163 immortalita-

885 2176 920 2204 tis
931 2176 1019 2211 ipsius
1031 2176 1099 2204 satis
1114 2184 1252 2212 superque
1272 2182 1315 2206 est
1328 2178 1486 2207 divinorum
1498 2180 1677 2207 oraculorqu

885 2223 1020 2254 doctrina,
1039 2223 1137 2258 quain
1155 2231 1186 2251 se
1203 2224 1265 2252 fidei
1286 2224 1418 2254 faciendae
1432 2226 1486 2253 vim
1505 2226 1599 2258 habet,
1616 2226 1678 2254 ideo

885 2268 958 2304 quod
975 2276 989 2295 a
1004 2268 1059 2295 Deo
1074 2268 1210 2304 inspirata
1227 2274 1278 2297 est.
1300 2270 1338 2298 iis
1357 2279 1422 2298 vero
1438 2271 1484 2306 qui
1505 2279 1561 2298 non
1580 2272 1678 2299 admit-

886 2317 946 2340 tunt
972 2313 1193 2341 Christianorum
1217 2314 1340 2347 decreta,
1367 2315 1467 2343 sufficit
1488 2311 1680 2343 demonstrare

887 2358 1007 2385 animam
1035 2358 1103 2385 nihil
1129 2366 1191 2387 esse
1214 2367 1309 2387 eorum
1336 2368 1396 2395 qua:
1420 2366 1543 2396 pereunt.
1566 2360 1634 2388 Nam
1655 2362 1678 2389 si

886 2405 954 2432 nihil
968 2409 1009 2432 est
1025 2412 1117 2432 rerum
1139 2406 1324 2440 pereuntium,
1342 2410 1385 2434 est
1403 2407 1485 2434 etiam
1506 2407 1677 2442 incorrupta.

885 2451 1036 2485 eademque
1057 2451 1231 2479 immortalis.
1246 2451 1431 2484 Quamobrem
1452 2452 1504 2480 hoc
1521 2453 1593 2488 quod
1611 2452 1680 2480 satis

885 2497 1102 2524 demonstratum
1133 2500 1194 2528 est,
1225 2497 1465 2532 praetereundum;
1499 2498 1678 2534 quaerendum

886 2545 977 2569 autem
991 2547 1034 2569 est
1053 2549 1107 2577 qua
1122 2542 1231 2570 ratione
1249 2543 1348 2571 animat
1373 2548 1400 2572 et
1415 2545 1541 2579 corporis
1565 2542 1679 2571 inanimi

887 2591 962 2614 arcta
980 2587 1006 2614 in
1021 2594 1106 2614 unum
1129 2586 1291 2622 conjunctio
1307 2588 1368 2621 fiat;
1386 2593 1565 2616 controversa
1580 2587 1680 2622 quippe

887 2641 932 2661 res
946 2636 998 2661 est.
1015 2632 1094 2666 Quod
1117 2633 1140 2660 si
1161 2640 1217 2661 non
1234 2636 1341 2661 tantum
1362 2641 1396 2662 ex
1419 2634 1465 2666 iis,
1482 2633 1531 2662 sed
1546 2633 1630 2660 etiam
1645 2640 1679 2660 ex

888 2682 981 2706 mente
995 2681 1104 2706 constat
1125 2675 1220 2711 homo,
1244 2684 1273 2706 ut
1289 2679 1400 2714 quidam
1418 2680 1557 2711 dixerunt,
1588 2677 1680 2706 adhuc

888 2724 1030 2752 incertius.
1066 2724 1120 2752 Sed
1144 2725 1216 2752 enim
1243 2727 1335 2752 omnia
1359 2733 1420 2760 quae
1444 2724 1611 2752 conveniunt
1643 2723 1678 2752 ad

887 2772 969 2799 unius
992 2770 1118 2799 essentiae
1146 2771 1364 2801 subsistentiam.
1386 2778 1502 2806 prorsus
1524 2771 1676 2798 uniuntur:

887 2817 962 2852 atqui
983 2817 1075 2844 omnia
1091 2817 1168 2844 unita
1190 2817 1345 2847 variantur,
1370 2824 1420 2845 nec
1445 2817 1473 2844 in
1489 2817 1584 2845 eodem
1603 2820 1677 2845 statu

887 2866 1007 2898 manent,
1023 2864 1051 2891 in
1065 2870 1127 2898 quo.
1136 2863 1213 2898 prius
1229 2867 1316 2897 erant,
1335 2867 1365 2891 ut
1382 2863 1409 2892 in
1424 2863 1569 2892 elementis
1584 2866 1675 2891 ostena
