1954 3079
252 140 305 168 9.35

853 141 880 168 S.
902 137 1064 168 GREGORII
1084 138 1230 167 NY‘SSENI

1832 136 1882 164 2H5

251 201 341 229 detur.
363 198 485 234 Namque
504 199 577 226 unita
594 198 666 226 aliud
684 198 822 234 quidpiam
854 198 950 226 ellecta
970 202 1043 225 sunt.

1098 197 1178 230 ζώου,
1210 197 1331 230 σώζουσα
1363 198 1412 234 τὴν
1440 199 1509 226 ίδίαν
1540 198 1632 225 οὐσίαν
1655 198 1811 233 ἀσύγχυτον
1837 197 1883 225 καὶ

250 245 304 280 Qui
328 246 410 280 igitur
433 245 456 271 si
482 251 583 279 corpus
616 245 721 272 unitum
743 245 842 272 anima:
869 244 957 271 adhuc
983 251 1041 270 ma-

252 296 299 319 net
333 298 452 325 corpus,
490 293 536 317 aut
566 298 663 318 rursus
703 291 794 318 anima
835 298 895 317 cum
931 290 967 318 sit
999 290 1041 316 in-

252 343 385 371 corporea
409 339 437 362 et
468 335 624 363 essentialis
656 343 704 371 per
725 344 775 369 se,
813 335 949 370 quomodo
979 335 1040 362 uni-

251 386 298 408 tur
331 381 460 415 corpori,
495 385 523 409 et
562 389 625 416 pars
656 382 765 409 exsistit
806 381 949 413 animalis,
976 388 1039 416 pro-

251 428 338 463 priam
364 428 492 455 animalis
520 428 667 455 essentiam
695 435 864 454 conservans
890 435 945 454 non
975 433 1040 453 con-

251 474 363 504 fusam,
392 481 481 509 neque
514 474 694 508 corruptam?
733 472 850 500 Necesse
884 472 956 500 enim
998 474 1040 498 est

253 523 301 546 aut.
330 519 405 546 unita
428 527 490 547 esse
513 519 631 546 animam
657 523 683 545 et
707 525 823 553 corpus,
849 521 877 544 et.
899 524 962 553 una~
979 524 1040 543 mu-

253 570 309 593 tata
335 574 396 594 esse
419 570 446 593 et
471 565 552 593 simul
574 569 714 600 corrupta,
743 569 773 592 ut
799 564 934 592 elementa
961 572 968 590 :
992 567 1039 590 aut

251 612 359 639 uuitttm
375 620 428 639 non
440 619 502 639 esse
514 615 671 646 utrumque.
684 611 719 638 ob
730 609 874 646 praedictas
888 608 1040 636 absurdita-

251 663 310 689 tcs,
333 657 459 691 adjaccre
481 663 545 684 vero
572 661 700 691 tanquam
728 656 871 683 saltatores
896 655 923 682 in
943 655 1038 687 choro,

251 708 299 730 aut
327 703 463 731 calculum
491 703 606 733 calculo.
630 707 676 729 aut
704 702 814 728 mistum
837 705 864 729 et
890 700 1038 729 confusum

251 755 323 780 esse,
346 747 427 774 veluti
445 754 514 782 aqua
528 751 556 774 et
579 747 683 773 vinum.
709 745 762 773 Sed
785 745 857 780 quod
875 745 965 772 anima
990 752 1039 772 ne-

251 797 333 828 queat
348 793 474 827 adjacere
502 792 619 827 corporiI
643 792 670 819 in
688 794 806 818 tractatu
824 791 862 818 De
883 790 973 817 anima
994 790 1039 817 de-

252 843 434 866 monstratum
460 843 525 865 est:
550 842 623 865 esset
647 837 719 865 enim
744 837 802 864 sola
829 844 892 872 pars
916 835 1040 870 corporis

1094 244 1255 281 ἀδιάφθορον
1268 254 1275 278 ;
1293 244 1411 280 ’Δνάγκη
1425 244 1478 280 γὰρ
1493 244 1509 279 ἢ
1527 244 1646 280 ἡνῶσθαι
1661 244 1711 280 τὴν
1731 243 1824 279 ψυχὴν
1838 243 1883 271 καὶ

1094 292 1124 318 τὸ
1143 291 1232 327 σῶμα,
1247 291 1294 318 καὶ
1311 291 1520 326 συνηλλοιῶσοναι
1534 291 1580 317 καὶ
1596 291 1778 326 συνεφθὰροαι
1796 290 1883 325 ἀμφό-

1094 346 1170 372 τερα,
1192 337 1230 369 ὡς
1249 337 1284 364 τὰ
1306 338 1439 372 στοιχεῖα-
1457 337 1473 372 ἡ
1494 337 1531 373 μὴ
1550 337 1669 372 ἡνῶσθαι
1696 337 1745 371 μὲν
1768 335 1815 362 διὰ
1835 336 1883 368 τὰς

1094 383 1295 418 προειρημένας
1313 383 1440 415 ἀτοπίας,
1460 382 1642 418 παρακεῖσθαι
1656 382 1684 408 δὲ
1699 382 1737 413 ὡς
1752 382 1883 417 χορευτὰς

1095 429 1123 454 ὲν
1138 427 1225 463 χορῷ,
1241 427 1257 463 ἢ
1272 427 1360 463 ψῆφον
1378 427 1472 463 ψήφῳ,
1495 427 1512 462 ἡ
1528 426 1676 462 κεκρᾶσθαι
1697 426 1734 457 ὼς
1751 425 1826 460 ὕδωρ
1839 426 1884 452 καὶ

1093 471 1174 501 οἶνον.
1196 473 1266 500 Ἀλλ’
1281 475 1324 500 ὅτι
1339 474 1387 509 μὲν
1402 474 1432 500 οὺ
1450 472 1561 500 δύναται
1576 471 1759 508 παρακεῖσθαι
1777 471 1819 506 τῷ
1835 470 1884 497 σώ-

1095 528 1160 555 ματι
1183 520 1199 555 ἡ
1216 519 1298 555 ψυχὴ,
1317 520 1345 546 ὲν
1365 519 1404 555 τῷ
1414 518 1483 552 Περὶ
1492 517 1597 552 ψυχῆς
1610 517 1810 544 ἀποδέδεικται.
1831 515 1884 542 Ἦν

1093 567 1147 602 γὰρ
1167 566 1200 593 ἂν
1218 566 1297 601 μόνον
1313 566 1378 592 αὐτὸ
1399 564 1446 592 τοῦ
1467 563 1591 600 σώματος
1613 563 1733 599 ἔμψυχον
1751 563 1836 598 μέρος
1855 562 1885 589 τὸ

1094 610 1242 646 πλησιάζον
1258 612 1290 647 τῇ
1305 611 1377 646 ψυχῇ
1390 620 1397 626 ·
1411 611 1441 638 τὸ
1459 610 1487 637 δὲ
1502 611 1539 646 μὴ
1562 610 1732 646 συνημμένον
1742 630 1749 641 ,
1770 609 1883 644 ἄψυχον,

1093 657 1162 692 πρὸς
1178 656 1216 692 τῷ
1232 657 1268 692 μὴ
1286 657 1413 684 δύνασθαι
1431 657 1460 684 ἒν
1475 656 1563 691 λέγειν
1578 654 1692 683 εἶναιτὰ
1708 656 1780 683 κατὰ
1797 655 1885 690 παρά-

1093 703 1177 735 θεσιν,
1188 703 1226 735 ὼς
1239 703 1314 736 ξύλα,
1330 703 1396 739 φέρε
1412 704 1508 735 εἰπεῖν,
1521 703 1537 738 ἡ
1552 702 1667 738 σίδηρον,
1682 703 1699 738 ἡ
1710 711 1737 729 τι
1751 701 1884 729 τοιοῦτον

1094 751 1139 776 καὶ
1160 751 1176 785 ἡ
1194 751 1290 785 κρᾶσις
1308 750 1336 776 δὲ
1350 749 1396 776 τοῦ
1411 751 1481 776 οῐνου
1498 748 1545 775 καὶ
1560 749 1606 775 τοῦ
1626 748 1721 780 ὓδατος
1741 747 1885 783 ἀμφότερα

1094 794 1301 830 συνδιαφθείρει.
1315 794 1382 821 Οὔτε
1390 794 1444 829 γὰρ
1453 794 1524 830 ὕδωρ
1536 794 1594 820 ἐστὶ
1604 793 1634 820 τὸ
1647 794 1742 828 κρᾶμα
1752 792 1883 827 καθαρδν,

1093 840 1154 867 οὔτε
1168 839 1247 872 οἶνος·
1261 841 1348 868 καίτοι
1362 841 1412 875 τῆς
1436 841 1564 874 τοιαύτης
1576 839 1698 876 κράσεως
1709 840 1781 866 κατά
1798 838 1886 873 παρά·

253 885 371 911 animata
386 891 450 918 quas
462 883 586 917 proxima
601 886 675 910 esset
689 882 804 916 animae;
830 889 890 916 qua:
910 888 975 908 vero
995 888 1043 908 co—

1096 885 1166 912 Bsaw
1181 886 1340 922 γινομένης,
1365 873 1549 914 λανθάνουσαν
1563 873 1613 920 τὴν
1629 885 1755 920 αἴσθησιν
1766 904 1773 915 ,
1798 883 1843 909 διὰ
1857 883 1886 909 τὸ

252 929 344 963 pulata
360 936 414 956 non
429 932 512 960 esset.
528 928 656 956 inanimis
671 937 678 961 ;
700 931 880 963 praeterquam
895 927 968 962 quod
987 933 1040 953 non

253 975 358 1008 possint.
382 982 465 1002 unum
483 974 537 1002 dici
554 981 615 1009 qua)
631 981 679 1008 per
699 974 898 1009 appositionem
922 976 995 1005 sunt,
1011 976 1041 999 ut

252 1030 279 1048 ι’.
296 1029 324 1057 g.
338 1021 411 1057 ligna
428 1025 475 1048 aut
490 1021 593 1048 ferrum
608 1024 656 1047 aut
669 1019 773 1055 aliquid
793 1019 939 1054 ejusmodi.
957 1019 1042 1046 Porro

253 1067 311 1095 vini
330 1071 357 1095 et
377 1074 454 1103 aquae
478 1067 570 1095 mistio
588 1071 736 1101 utrumque
759 1066 841 1093 simul
863 1065 1014 1100 corrumpit
1033 1074 1040 1092 :

256 1121 345 1148 neque
360 1113 432 1141 enim
450 1121 521 1148 aqua
536 1117 578 1140 est
604 1113 697 1140 mistio
721 1119 799 1147 pura,
815 1119 904 1146 neque
921 1111 1013 1138 vinum
1033 1120 1040 1139 :

253 1160 360 1187 etiamsi
376 1159 511 1194 ejusmodi
525 1163 770 1193 temperamentum
783 1165 831 1193 per
845 1157 1042 1193 appositioncm

255 1207 312 1238 tiat,
326 1212 385 1240 quae
399 1212 510 1232 sensum
525 1204 610 1239 fugiat
627 1209 737 1239 propter
750 1203 908 1230 tenuitatem
925 1203 1042 1237 partium

253 1259 350 1278 eorum
365 1259 426 1286 quae
439 1251 520 1277 mista
537 1253 618 1282 sunt;
639 1250 666 1277 id
680 1257 744 1277 vero
755 1253 864 1277 constat
880 1256 913 1276 ex
927 1256 960 1276 eo
969 1247 1044 1284 quod

255 1305 353 1324 rursus
372 1304 387 1323 a
405 1304 435 1324 se
458 1296 576 1323 invicem
597 1295 804 1322 discernuntur.
831 1294 950 1330 Spongia
970 1298 1045 1322 certe

254 1344 314 1371 oleo
329 1343 413 1370 tincta
428 1342 501 1377 sugit
514 1348 610 1376 puram
627 1348 738 1376 aquam,
751 1345 779 1369 et
793 1348 923 1376 papyrus.
943 1339 1045 1368 Verum

253 1397 288 1417 ex
302 1397 335 1417 eo
348 1389 428 1424 plane
443 1393 486 1416 est
506 1388 578 1423 quod
595 1387 652 1415 lieri
674 1394 729 1414 non
750 1390 850 1422 potest,
867 1390 897 1414 ut
917 1389 1046 1414 accurate

255 1435 331 1462 unita
350 1437 512 1469 separentur
526 1433 634 1460 ratione
655 1432 791 1460 sensibili.
812 1431 890 1465 Quod
910 1431 934 1459 si
958 1438 1047 1465 neque

254 1481 362 1508 unitum
377 1485 429 1513 est,
443 1487 531 1514 neque
544 1479 667 1511 mistum,
685 1485 774 1514 neque
787 1477 905 1512 adjacet,
920 1483 1046 1512 quamam

255 1527 325 1554 ratio
347 1529 390 1553 est
412 1529 442 1553 ut
468 1525 575 1553 dicatur
603 1531 688 1552 unum
719 1523 842 1550 animal?
869 1523 946 1550 Plato
971 1525 1045 1550 certe

254 1572 336 1600 etiam
351 1572 386 1598 ob
400 1572 451 1599 hoc
467 1571 592 1602 dubium,
608 1577 664 1598 non
679 1569 737 1596 vult
752 1568 853 1595 animal
867 1575 901 1597 ex
916 1568 1006 1598 anima
1016 1571 1044 1595 et

254 1625 371 1653 corpore
387 1621 524 1649 constare,
546 1615 594 1644 sed
617 1615 734 1642 animam
749 1614 858 1649 corpori
881 1614 1001 1646 mistam,
1019 1618 1046 1642 et

254 1669 385 1699 tanquam
403 1663 526 1690 indutam
544 1669 672 1697 corpore.
687 1660 789 1688 Verum
803 1660 860 1688 haec
874 1666 986 1694 quoque
1002 1659 1054 1686 ra-'

254 1710 296 1736 tio
322 1708 525 1736 dubitationem
554 1707 674 1742 aliquam
699 1706 790 1734 habet.
816 1705 884 1732 Nam
908 1703 1046 1740 quomodo

255 1762 342 1783 unum
363 1761 426 1782 esse
447 1756 538 1788 potest
563 1752 667 1785 anima,
690 1759 752 1778 cum
781 1750 961 1778 indumento?
985 1749 1045 1777 Non

255 1801 329 1828 enim
346 1801 417 1828 idem
436 1800 530 1827 tunica
556 1803 583 1826 ct
608 1806 692 1826 unum
715 1801 758 1826 est
774 1805 838 1826 cum
858 1800 973 1833 corpore
987 1798 1046 1832 ipsa

256 1846 365 1874 induto.
381 1845 544 1873 Ammonius
560 1848 652 1872 autem
674 1843 773 1872 doctor
796 1843 897 1871 Plotini
913 1843 1044 1877 quaestio-

257 1901 320 1922 nem
337 1893 416 1920 istam
443 1892 495 1919 hoc
518 1892 599 1919 modo
622 1891 769 1919 solvebat:
795 1890 932 1926 siquidem
955 1889 1046 1916 aiebat

257 1939 440 1974 intelligibilia
457 1937 594 1973 ejusmodi
609 1938 664 1964 vim
689 1941 717 1965 et
736 1939 862 1964 naturam
888 1935 999 1967 habere.
1015 1938 1047 1962 ut

256 1985 338 2013 etiam
355 1984 428 2013 uniri
444 1983 659 2019 percipientibus
672 1983 731 2018 ipsa
744 1982 934 2015 admitterent,
950 1987 1045 2015 quem-

257 2030 403 2057 admodum
420 2029 502 2057 simul
521 2032 663 2064 corrupta,
678 2031 706 2055 et
718 2028 811 2060 unita;
833 2030 860 2054 et
875 2032 987 2053 manere
1001 2025 1046 2052 in-

257 2076 384 2106 confusa.
411 2079 438 2102 et
462 2074 640 2109 incorrupta,
666 2073 740 2100 velut
763 2080 795 2100 ea
819 2079 881 2107 quae
902 2071 1046 2105 adjacent;

257 2114 357 2149 et'énim
372 2121 399 2148 in
416 2120 581 2156 corporibus
594 2120 660 2147 unio
677 2119 866 2146 alterationem
877 2125 971 2145 eorum
985 2123 1046 2151 quae

257 2171 368 2201 coeunt,
384 2166 485 2194 edicit:
502 2165 727 2201 quandoquidem
744 2163 773 2190 in
791 2163 843 2190 alia
859 2169 975 2196 corpora
986 2169 1047 2188 mu-

258 2219 362 2244 tantur,
385 2217 415 2240 ut
428 2212 562 2240 elementa
578 2211 606 2238 in
624 2218 668 2238 res
682 2208 860 2244 compositas,
876 2212 902 2235 et
915 2208 1045 2235 alimenta

258 2260 286 2287 in
302 2259 476 2294 sanguinem,
493 2257 606 2293 sanguis
620 2263 684 2283 vero
711 2256 738 2282 in
754 2261 865 2281 carnem
884 2257 911 2281 et
925 2253 1046 2287 reliquas

258 2305 386 2340 corporis
408 2308 510 2339 partes.
530 2302 589 2329 1am
609 2308 674 2329 vero
698 2301 727 2328 in
745 2298 964 2334 intelligibilibus
980 2298 1046 2325 unio

257 2352 369 2387 quidem
384 2351 424 2384 tit,
437 2352 484 2378 sed
500 2348 629 2376 alteratio
640 2354 695 2374 non
705 2346 893 2380 subsequitur.
909 2344 962 2372 Sed
973 2344 1046 2371 enim

259 2397 432 2432 intelligibile
446 2404 500 2423 non
518 2395 589 2422 solet
599 2393 750 2421 Secundum
762 2391 909 2420 essentiam
924 2390 1046 2423 alterari,

257 2451 353 2470 verum
371 2446 418 2469 aut
478 2439 590 2469 excidit,
609 2443 656 2466 aut
670 2438 698 2465 in
713 2437 827 2465 nihilum
843 2437 909 2470 abit,
938 2444 969 2464 ac
986 2444 1047 2464 mu-

259 2489 390 2515 tationem
418 2493 470 2513 non
492 2485 634 2516 admittit,
666 2491 755 2518 neque
785 2491 850 2511 vero
878 2483 905 2510 in
930 2483 1047 2510 nihilum

260 2534 340 2568 perit.
359 2531 418 2558 Non
433 2531 506 2558 enim
522 2530 611 2557 anima
633 2528 796 2556 immortalis
809 2533 896 2561 esset.
913 2537 975 2556 cum
989 2529 1047 2564 ipsa

260 2580 317 2605 vita
332 2578 377 2610 sit,
394 2576 531 2611 siquidem
547 2576 574 2602 in
587 2575 716 2603 mistionc
731 2578 895 2606 mutaretur.
912 2575 1006 2609 utique
1021 2579 1048 2602 et

261 2625 317 2651 vita
339 2623 457 2658 amplius
473 2631 528 2650 non
545 2625 629 2650 esset.
645 2621 715 2654 Quid
731 2627 822 2648 autem
836 2620 974 2648 conferret
988 2627 1049 2648 cor-

261 2671 330 2706 pori,
344 2671 366 2698 si
381 2670 463 2697 vitam
478 2669 530 2704 ipsi
545 2675 598 2696 non
618 2669 767 2704 praeberet?
781 2667 875 2702 Itaque
891 2667 981 2694 anima
994 2673 1048 2693 non

262 2717 395 2743 alte-ratur
412 2716 440 2743 in
461 2715 572 2742 unione.
591 2714 646 2742 Hoc
661 2714 744 2749 igitur
757 2713 956 2744 demonstrato,
977 2712 1049 2746 quod

262 2761 454 2796 intelligibilia-
468 2768 522 2788 non
546 2761 688 2788 varientur
714 2759 866 2788 secundum
888 2759 1048 2789 essentiam,

262 2808 420 2835 necessario
437 2807 627 2842 consequitur,
647 2811 674 2833 ut
691 2813 746 2833 non
764 2812 818 2832 una
843 2808 967 2839 pereant,
988 2805 1050 2838 qni-

264 2855 314 2883 bus
328 2854 418 2882 anima
435 2853 543 2888 corpori
566 2852 669 2880 unitur.
696 2851 763 2880 Nam
786 2851 858 2886 quod
878 2850 986 2878 unitum
1002 2851 1048 2883 sit,

1091 932 1256 967 λεπτομερὲς
1272 932 1326 959 τῶν
1342 932 1529 968 κεκραμένων.
1547 931 1630 966 Δῆλον
1646 931 1674 957 δὲ
1689 931 1721 956 ὲκ
1740 928 1791 956 τοῦ
1807 929 1886 955 πάλιν

1091 978 1139 1004 ἀπ’
1151 978 1272 1013 ἀλλήλων
1284 978 1505 1013 διαχωρίζεσθαι.
1520 977 1644 1011 Σπόγγος
1655 975 1720 1010 γοῦν
1732 974 1884 1005 ὲλαιωθεὶς,

1092 1025 1223 1060 ἀνιμᾶται
1238 1023 1358 1059 καθαρὸν
1372 1023 1402 1050 τὸ
1423 1023 1506 1058 ὕδωρ,
1525 1021 1573 1048 καὶ
1591 1021 1725 1055 πάπυρος.
1745 1017 1887 1052 Αίσθητῶς

1092 1071 1120 1097 δὲ
1132 1070 1249 1105 χωρίσαι
1267 1069 1303 1096 τὰ
1316 1068 1437 1104 ἀκριϐῶς
1451 1067 1587 1103 ἡνωμένα,
1604 1065 1777 1092 παντάπασιν
1792 1062 1886 1089 ἀδύνα-

1091 1124 1147 1142 τον.
1161 1115 1193 1142 Et
1205 1115 1234 1142 δὲ
1255 1116 1324 1151 μήτε
1338 1115 1451 1150 ἥνωται,
1466 1113 1535 1148 μήτε
1552 1112 1693 1147 κέκραται,
1710 1110 1782 1146 μήτε
1798 1108 1885 1143 παράς

1093 1170 1190 1194 κειται,
1204 1161 1246 1193 τίς
1258 1162 1272 1188 ὁ
1284 1161 1362 1195 λόγος
1379 1157 1426 1187 τοῦ
1439 1159 1472 1186 co
1488 1158 1557 1191 ζῶον
1569 1157 1598 1184 ἓν
1613 1156 1758 1192 λέγεσθαι;
1774 1154 1886 1182 Πλάτων

1095 1208 1144 1243 μὲν
1159 1205 1205 1234 οὖν
1222 1207 1270 1234 καὶ
1282 1206 1326 1233 διὰ
1347 1205 1448 1240 ταύτην
1465 1205 1515 1240 τὴν
1534 1203 1651 1239 ἀπορίαν
1669 1203 1699 1229 οὐ
1717 1201 1845 1237 βούλεται
1858 1200 1886 1227 τὸ

1094 1254 1163 1286 ζῶον
1177 1254 1210 1280 lx
1226 1253 1315 1288 ψυχῆς
1332 1251 1402 1279 εἶναι
1418 1251 1466 1278 καὶ
1482 1250 1624 1286 σώματος,
1646 1249 1714 1276 ἀλλὰ
1728 1247 1821 1284 ψυχὴν
1838 1246 1887 1273 σώ-

1095 1308 1161 1335 ματι
1175 1299 1358 1334 κεκραμένην,
1373 1296 1421 1324 καὶ
1434 1296 1529 1331 ὥσπερ
1545 1295 1724 1330 ὲνδεδυμένην
1738 1294 1769 1321 τὸ
1785 1293 1884 1328 σῶμιν

1081 1344 1151 1380 .έχει
1169 1344 1197 1372 δὲ
1214 1344 1262 1371 καὶ
1283 1339 1360 1375 οὗτος
1377 1343 1392 1370 6
1414 1342 1492 1376 λόγος
1516 1341 1618 1376 ἄπορόν
1639 1349 1676 1368 τι.
1699 1339 1762 1371 Πῶς
1782 1339 1838 1374 γὰρ
1858 1337 1887 1364 ἓν

1095 1388 1164 1418 εἶναι
1180 1390 1290 1417 δύναται
1309 1388 1378 1424 μετὰ
1397 1388 1444 1414 τοῦ
1465 1387 1613 1422 ἐνδύματος
1626 1386 1648 1427 ἡ
1663 1385 1757 1420 ψυχὴ;
1780 1382 1820 1411 Οὐ
1835 1383 1886 1419 γὰρ

1095 1437 1124 1463 ἓν
1147 1437 1161 1463 ό
1179 1435 1262 1472 χιτὼν
1285 1434 1355 1470 μετὰ
1371 1434 1418 1461 τοῦ
1442 1433 1625 1468 ἑνδεδυμένου.
1651 1430 1808 1467 Ἀμμώνιος
1830 1430 1858 1457 δὲ
1873 1430 1886 1456 ὁ

1094 1482 1251 1513 διδάσκαλος
1267 1480 1403 1508 Πλωτίνου
1424 1479 1454 1506 τὸ
1476 1478 1641 1514 ζητούμενον
1656 1477 1752 1504 τοῦτον
1763 1476 1813 1504 τὸν
1826 1475 1886 1510 τρό-

1096 1537 1146 1555 πον
1168 1527 1300 1555 ἀπελύετο
1313 1535 1321 1544 ’
1342 1526 1418 1560 ἔλεγε
1439 1525 1493 1561 γὰρ
1511 1525 1546 1552 τὰ
1566 1524 1649 1560 νοητά
1674 1523 1804 1558 τοιαύτην
1819 1522 1888 1557 ἔχειν

1097 1573 1189 1608 φύσιν,
1199 1572 1236 1603 ὡς
1247 1571 1295 1599 καὶ
1304 1570 1429 1598 ἑνοῦσθαι
1439 1571 1493 1602 τοῖς
1504 1569 1661 1604 δυναμένοις
1669 1567 1738 1595 αὐτὰ
1748 1566 1886 1599 δέξασθαι,

1097 1619 1222 1654 καθάπερ
1235 1617 1270 1644 τὰ
1283 1616 1491 1653 συνεφθαρμένα
1505 1616 1551 1643 καὶ
1568 1614 1708 1651 ἡνωμένα,
1726 1613 1775 1640 καὶ
1799 1613 1887 1648 μένειν

1097 1665 1236 1700 ἀσύγχυτα
1252 1664 1299 1691 καὶ
1317 1663 1479 1698 ἀδιάφθορα,
1494 1662 1530 1694 ὡς
1545 1661 1578 1699 τά
1597 1660 1801 1696 παρακείμενα.
1829 1659 1888 1686 Ἐπὶ

1099 1711 1148 1746 μὲν
1166 1712 1221 1746 γὰρ
1239 1710 1293 1737 τῶν
1311 1709 1444 1744 σωμάτων
1462 1709 1479 1743 ἡ
1501 1707 1598 1739 ἓνωσις
1619 1706 1760 1733 ἀλλοίωσιν
1779 1705 1888 1737 πάντως

1096 1757 1151 1783 τῶν
1169 1756 1312 1783 συνιόντων
1333 1755 1494 1790 ὲργάζεται”
1519 1754 1668 1788 ἐπειδήπερ
1685 1753 1725 1784 είς
1747 1752 1818 1778 ἄλλα
1836 1750 1888 1778 σών

1100 1810 1171 1837 ματα
1182 1801 1387 1837 μεταϐάλλεται,
1399 1800 1438 1832 ὡς
1447 1799 1481 1826 τὰ
1490 1800 1610 1834 στοιχεῖα
1619 1799 1659 1830 είς
1665 1798 1700 1825 τὰ
1712 1797 1887 1832 συγκείμενα,

1098 1847 1145 1875 καὶ
1159 1849 1186 1874 αι
1204 1846 1302 1882 τροφαὶ
1320 1847 1360 1878 είς
1371 1843 1440 1880 αἷμα
1451 1853 1458 1861 ·
1473 1845 1505 1872 τὸ
1525 1845 1554 1871 δὲ
1568 1841 1637 1880 αἷμα
1657 1845 1697 1875 εἰς
1714 1843 1822 1878 σάρκα,
1843 1843 1889 1869 καὶ

1096 1893 1131 1920 τὰ
1153 1892 1235 1920 λοιπὰ
1257 1892 1338 1929 μόρια
1356 1891 1404 1918 τοῦ
1429 1890 1571 1926 σώματος·
1598 1889 1645 1916 ἐπὶ
1661 1889 1690 1916 δὲ
1712 1889 1766 1916 τῶν
1786 1887 1891 1924 νοητῶν

1097 1940 1193 1972 ἓνωσις
1218 1939 1266 1975 μὲν
1282 1939 1397 1974 γίνεται,
1419 1937 1563 1969 ἀλλοίωσις
1577 1936 1606 1964 δὲ
1627 1936 1657 1963 οὐ
1678 1935 1887 1972 παρακολουθεῖ.

1098 1985 1135 2013 Οὐ
1153 1985 1208 2020 γὰρ
1221 1985 1328 2019 πέφυκε
1338 1984 1432 2020 νοητὸν
1445 1984 1507 2010 κατ’
1524 1982 1618 2010 ουσίαν
1632 1981 1816 2013 ἀλλοιοῦσθαι,
1833 1980 1889 2008 ἀλλ’

1074 2042 1079 2048 ·
1097 2031 1114 2067 ἢ
1136 2031 1285 2063 ἐξίσταται,
1300 2030 1317 2065 ἢ
1335 2031 1375 2062 είς
1395 2030 1426 2056 τὸ
1446 2029 1483 2065 μὴ
1505 2028 1535 2056 δν
1552 2028 1709 2064 φθείρεται·
1737 2027 1889 2063 μεταϐολὴν

1097 2075 1126 2103 δὲ
1138 2076 1187 2104 οὐκ
1201 2075 1369 2111 ἐπιδέχεται,
1385 2075 1443 2102 ἀλλ’
1456 2074 1518 2102 οὔτε
1530 2075 1570 2107 είς
1589 2074 1620 2101 τὸ
1637 2074 1674 2109 μὴ
1691 2074 1720 2100 ὃν
1737 2073 1889 2109 φθείρεται.

1098 2122 1136 2148 Οὐ
1149 2121 1204 2157 γὰρ
1221 2119 1255 2156 ἦν
1270 2121 1402 2152 ἀθάνατος
1417 2121 1465 2147 καὶ
1477 2122 1494 2156 ἡ
1513 2120 1586 2156 ψυχὴ
1604 2119 1660 2154 ζωὴ
1675 2117 1753 2151 οὖσα,
1769 2120 1795 2145 εί
1809 2120 1839 2146 ὲν
1857 2120 1887 2154 τῇ

1098 2166 1195 2202 κράσει
1217 2165 1410 2200 μετεϐάλλετο”
1435 2165 1568 2200 ἠλλοιώθη
1592 2165 1636 2198 ἂν,
1658 2165 1705 2191 καὶ
1721 2165 1772 2191 οὐκ
1791 2162 1827 2200 ἧν
1851 2164 1890 2191 ἔτι

1063 2221 1085 2249 ι)
1099 2210 1167 2247 ζωή.
1182 2211 1215 2238 Τί
1229 2211 1258 2239 δὲ
1282 2211 1459 2238 συνεϐάλλετο
1474 2211 1513 2246 τῷ
1528 2210 1649 2246 σώματι,
1665 2211 1689 2237 ει
1707 2211 1744 2246 μὴ
1759 2211 1889 2246 παρεῖχεν

1099 2256 1174 2292 αὐτῷ
1194 2257 1242 2292 τὴν
1261 2256 1349 2292 ζωὴνς
1364 2257 1421 2284 Οὐκ
1438 2257 1492 2293 ἄρα
1513 2256 1664 2284 ἀλλοιοῦται
1685 2257 1701 2291 ἡ
1720 2255 1794 2291 ψυχὴ
1815 2257 1844 2282 ὲν
1857 2256 1889 2291 τῇ

1100 2303 1204 2330 ἐνώσει.
1234 2303 1411 2338 Δεδειγμαένου
1437 2303 1526 2330 τοίνυν
1550 2303 1662 2335 τούτου,
1682 2303 1722 2329 ὅτι
1748 2303 1783 2329 τά
1809 2301 1891 2338 νοητὰ

1100 2349 1266 2376 ἀναλλοίωτα
1291 2350 1350 2376 κατ’
1367 2349 1461 2381 οὐσίαν
1483 2348 1567 2381 εἰσὶν,
1589 2348 1747 2382 ἀναγκαίως
1771 2357 1891 2383 παρακοο

1100 2395 1190 2422 λουθεῖ
1207 2395 1238 2422 τὸ
1254 2395 1290 2430 μὴ
1306 2395 1556 2430 συνδιαφθείρεσθαι
1577 2392 1618 2426 οἷς
1631 2395 1733 2429 ἥνωται
1751 2393 1858 2428 σώματι
1874 2393 1890 2428 ἡ

1100 2440 1173 2476 ψυχή
1186 2449 1193 2455 ·
1210 2441 1251 2466 ὅτι
1271 2440 1320 2475 μὲν
1335 2440 1389 2476 γὰρ
1406 2441 1526 2475 ἥνωται,
1543 2440 1560 2475 ὴ
1584 2439 1738 2475 συμπάθεια
1760 2439 1890 2465 δείκνυσι.

1101 2485 1245 2521 Συμπαθεῖ
1258 2486 1311 2522 γὰρ
1329 2485 1388 2513 ὅλον
1403 2486 1492 2520 ἑαυτῷ
1505 2486 1536 2512 τὸ
1552 2485 1632 2517 ζῶον,
1645 2484 1683 2517 ὡς
1699 2484 1728 2511 ἓν
1743 2484 1773 2511 ὃν
1784 2492 1792 2499 ·
1809 2485 1851 2511 δτι
1865 2484 1891 2510 δὲ

1102 2531 1150 2558 καὶ
1165 2530 1316 2566 ἀσύγχυτον
1334 2531 1419 2567 μένει,
1431 2529 1508 2567 δῆλον
1523 2532 1556 2558 ἐκ
1569 2531 1616 2558 τοῦ
1629 2530 1678 2566 τὴν
1690 2530 1780 2565 ψυχὴν
1793 2530 1892 2565 τρόπον

1101 2578 1162 2604 τινὰ
1180 2577 1367 2613 χωριζομένην
1383 2578 1416 2604 ὲκ
1436 2577 1483 2604 τοῦ
1499 2577 1624 2613 σώματος
1639 2577 1669 2604 ὲν
1686 2576 1724 2611 τῷ
1741 2575 1831 2612 ὕπνῳ,
1848 2575 1892 2602 καὶ

1103 2624 1197 2660 ὥσπερ
1211 2623 1308 2659 νεκρὸν
1323 2624 1389 2650 αὐτὸ
1403 2624 1509 2651 κεῖσθαι
1528 2623 1730 2651 καταλιποῦσαν
1740 2631 1748 2639 ’
1772 2622 1854 2657 μόνον
1865 2621 1892 2648 δὲ

1103 2669 1300 2706 ἐξατμίζουσαν
1315 2670 1390 2705 αὐτῷ
1405 2670 1453 2705 τὴν
1470 2670 1543 2705 ζωὴν
1552 2690 1559 2702 ,
1573 2670 1616 2696 ἵνα
1635 2669 1672 2704 μὴ
1686 2668 1828 2700 παντελῶς
1841 2668 1892 2694 ἀπ-

1102 2715 1207 2750 όληται,
1223 2715 1284 2742 καθ’
1298 2716 1396 2750 ἑαυτὴν
1409 2716 1438 2742 ὲν
1453 2717 1511 2747 τοῖς
1526 2716 1638 2751 ὀνείροις
1650 2715 1783 2749 ἐνεργεῖν,
1800 2713 1893 2741 θεσπί-

1103 2760 1202 2794 ζουσαν
1220 2762 1250 2787 τὺ
1271 2761 1382 2796 μέλλον,
1406 2761 1453 2788 καὶ
1470 2763 1526 2793 τοῖς
1549 2762 1654 2796 νοητοῖς
1677 2760 1890 2796 πλησιάζουσαν.

1104 2807 1140 2833 Τὸ
1153 2808 1218 2834 αὐτὸ
1229 2807 1256 2833 δὲ
1275 2807 1418 2842 συμϐαίνει
1435 2808 1482 2835 καὶ
1497 2808 1561 2834 ὅταν
1582 2806 1782 2841 ὲπισκέπτηταί
1799 2814 1825 2832 τι
1841 2804 1893 2831 τῶν

1104 2853 1215 2887 νοητῶν.
1236 2853 1290 2879 Καὶ
1304 2853 1362 2879 τότε
1376 2853 1440 2888 γὰρ,
1458 2853 1495 2884 ὡς
1509 2850 1564 2880 οἷόν
1577 2862 1616 2885 τε,
1633 2852 1678 2879 τοῦ
1697 2851 1823 2886 σώματος
1836 2850 1894 2877 tau-
