1954 3079
1171 83 1189 91 ..ι

84 137 137 164 917
813 138 855 165 DE

943 138 993 166 llA.
1662 138 1714 168 ‘ZIB

85 195 135 230 τὴν
154 194 281 230 χωρίζει,
303 195 350 223 καὶ
373 195 433 223 καθ’
455 196 556 231 ἑαυτὴν
576 196 708 231 γίγνεται,
731 197 773 224 ἵνα
796 197 856 224 οὕτω

946 201 1045 224 nutuus
1072 196 1185 224 affectus
1209 196 1328 224 declarat
1350 205 1357 223 τ
1382 195 1482 224 etenim
1506 197 1592 224 totum
1617 196 1717 224 animal

86 241 219 276 ὲπιῦαλλῃ
247 242 305 273 τοῖς
330 239 404 269 οὖσιν
418 250 425 258 ·
452 242 597 278 ἀσώματος
622 243 675 279 γὰρ
701 241 768 270 οὖσα
794 244 857 270 διόλι

949 241 1038 276 ibiipsi
1063 243 1245 276 conipatitur,
1269 250 1331 270 eum
1355 250 1439 270 unum
1455 242 1512 270 sil:
1538 241 1610 277 quod
1626 246 1717 270 autem

86 285 257 321 κεχώρηκεν,
275 287 314 318 ὼς
330 286 365 314 τὰ
382 287 589 323 συνεφθαρμένα
600 296 607 302 ·
624 289 741 324 μένουσα
755 289 857 324 ἀδιάφθ‹

946 294 988 314 ιοη
1011 286 1156 314 confusum
1175 291 1294 318 maneat,
1316 295 1349 314 ex
1373 295 1405 315 eo
1428 291 1514 322 patet,
1531 288 1603 322 quod
1627 287 1717 315 anima

87 339 133 366 ρος
150 330 198 357 καὶ
212 331 377 366 ἀσύγχυτος,
396 334 442 360 καὶ
458 333 518 360 καθ’
532 334 630 369 ἑαυτὴν
650 335 818 367 ὲνδιάζουσα,
835 344 858 362 κ‹

946 332 1134 367 [ιιοιιοιιιιηοάο
1159 336 1285 367 soparata
1304 340 1318 359 a
1344 340 1459 368 corpore
1484 334 1510 360 in
1528 333 1633 360 somnis
1655 337 1717 360 tan-

86 377 115 403 ὲν
130 374 171 408 οἷς
186 376 220 403 ἂν
234 377 348 412 γένηται
362 379 499 414 τρέπουσα
514 380 605 406 ἐκεῖνα
618 379 689 406 κατὰ
706 380 755 415 τὴν
771 381 800 407 ὲν
813 381 857 407 αὐτ

947 385 1014 412 [nam
1031 377 1147 404 cadaver
1161 378 1298 412 quoddam
1315 380 1403 413 ipsum
1417 379 1597 413 derelinquat.
1614 386 1646 405 ac
1659 383 1718 405 tan-

86 421 168 457 ζωὴν,
199 423 246 448 καὶ
272 423 309 458 μὴ
328 425 481 460 τρεπομένη
508 425 554 451 ὑπ’
577 425 699 452 ἐκείνων.
728 427 770 458 Ὠς
791 426 845 462 γὰρ

948 432 989 450 um
1005 424 1115 451 exhalet
1130 424 1182 458 ipsi
1199 424 1293 455 vitam,
1311 429 1341 450 ut
1362 432 1417 451 non
1433 425 1545 451 omnino
1569 428 1673 459 pereat,
1693 428 1719 451 et

84 467 160 503 ἣλιος
176 470 209 503 τῇ
223 468 278 504 ἰδίᾳ.
288 470 424 505 παρουσίᾳ
435 470 517 497 αὑτοῦ
531 471 576 497 τὸν
589 471 659 506 ἀέρα
672 472 712 503 εἰς
725 471 783 506 φῶς
799 481 855 507 μετ(

948 478 981 497 ιειν
997 478 1037 501 se,
1052 469 1116 496 dum
1132 470 1246 504 sopitnr,
1263 473 1402 505 operetur,
1427 470 1575 498 divinando
1590 470 1661 505 quod
1678 471 1719 498 fu-

85 513 192 545 6ἁλλει,
211 514 297 541 ποιῶν
317 515 397 542 αὐτὸν
414 515 555 550 φωτοειδῆ,
570 516 617 543 καὶ
639 516 745 543 ἑνοῦται
767 516 805 552 τῷ
821 517 852 544 ὰέ

948 524 1026 543 urum
1048 520 1108 549 est,
1136 521 1163 544 et
1187 516 1220 543 ad
1243 516 1427 551 intelligibilia
1449 516 1615 543 accedendo.
1647 516 1719 544 Idem

85 557 116 583 τὸ
133 557 202 592 φῶς,
222 559 383 594 ἁσυγχύτως
399 559 457 594 ἅμα
473 559 546 595 αὐτῷ
563 561 724 596 κεχυμένον·
740 561 786 587 τὸν
802 562 856 588 αὺτὲ

954 570 1042 596 uoqne
1054 570 1105 589 usu
1124 562 1199 590 venit
1212 563 1294 590 etiam
1303 570 1363 589 cum
1374 561 1562 589 consideratur
1571 562 1673 597 aliquid
1687 570 1720 590 ex

86 603 187 638 τρόπον
219 605 267 631 καὶ
294 606 310 640 ἡ
336 605 408 640 ψυχὴ
440 606 570 642 ἑνουμένη
600 607 639 641 τῷ
671 606 777 642 σώματι
807 607 856 642 μέν

948 608 1151 642 ntelligibilibus
1169 617 1176 635 :
1191 611 1257 635 tunc
1265 608 1349 640 enim,
1366 607 1456 643 quoad
1472 607 1533 642 ejus
1548 607 1605 635 ﬁeri
1621 612 1719 642 potest,

86 649 252 684 ἁτόγχυτος,
265 650 335 677 κατὰ
345 651 424 677 τοῦτο
441 652 520 686 μόνον
533 651 735 684 διαλλάττουσα,
749 653 791 679 ὅτι
805 654 818 679 ὁ
833 652 857 687 με

950 661 964 681 e
978 661 993 680 a
1009 661 1125 688 corpore
1145 653 1275 688 seiungit.
1293 657 1320 681 et
1345 654 1387 681 sui
1412 653 1483 688 juris
1508 653 1548 685 ﬁt,
1574 657 1604 680 ut
1625 654 1664 681 sic
1688 654 1721 681 iis

85 695 161 730 ἣλιος
179 696 260 731 σῶμα
275 696 322 728 ᾣν,
340 699 387 724 καὶ
404 698 478 733 τόπῳ
499 699 745 734 περιγραφόμενος,
761 700 810 731 οὐκ
825 699 856 726 Es

954 707 994 726 me
1007 703 1081 730 sunt,
1101 700 1251 726 incumbat.
1267 699 1334 726 Nam
1351 707 1414 726 cum
1435 700 1595 734 incorporea
1613 699 1659 730 sit.
1675 707 1722 734 per

88 740 226 775 πανταχοῦ
251 741 314 768 ἔνθα
337 742 382 768 καὶ
399 742 429 768 τὸ
447 742 504 777 φῶς
521 743 615 774 αὑτοῦ,
637 743 673 774 ὼς
692 744 751 770 οὐδὲ
765 744 795 770 τὸ
812 744 859 780 πῦρ

951 748 1019 772 stum
1034 745 1196 779 penetravit,
1209 753 1257 780 per
1268 752 1299 772 ea
1311 752 1371 779 quae
1383 748 1597 779 corrumpuntur
1611 751 1722 771 manens

88 786 163 820 μένει
189 786 246 821 γὰρ
261 787 308 814 καὶ
330 787 396 814 αὐτὸ
416 788 445 814 ὲν
467 790 523 820 τοῖς
548 788 645 820 ξύλοις,
669 788 684 824 ἦ
702 790 730 815 ὲν
745 789 859 824 θρυαλλίη

956 795 1096 825 icorrupta
1109 795 1136 817 et
1152 799 1205 818 non
1217 791 1344 822 confusa,
1361 795 1388 818 et
1400 799 1450 826 per
1463 799 1493 818 se
1503 791 1623 825 degens;
1642 794 1724 824 atque

85 832 241 867 δεδεμένον,
259 833 298 864 ὡς
316 834 344 859 ὲν
358 834 434 869 τόπῳ
446 842 453 848 ·
468 836 485 870 ἡ
501 835 528 860 δὲ
543 835 616 870 ψυχὴ
632 835 778 870 ἀσώματος
793 833 856 862 οὖσα

952 836 982 862 ,ιιι
999 843 1061 862 cum
1078 836 1177 870 quibus
1191 840 1320 863 versatur
1333 839 1431 864 mutat.
1448 839 1476 862 et
1491 835 1523 862 ad
1545 834 1629 861 vitam
1646 841 1723 861 suam

87 879 134 905 καὶ
151 879 192 914 μὴ
208 880 436 916 περιγραφομένη
451 880 536 915 τόπῳ,
550 881 597 916 ὃλη
611 881 644 906 δι’
656 881 716 907 ὅλου
729 883 819 917 χωρεῖ,
835 890 858 907 κ(

953 880 1099 911 nnl'ormat,
1117 888 1168 907 nec
1186 881 1220 907 ab
1248 881 1303 908 illis
1327 885 1459 907 mutatur.
1484 879 1562 906 Sicut
1582 879 1655 906 enim
1683 879 1724 906 sol

85 925 132 951 τοῦ
147 925 240 959 φωτὸς
256 925 342 961 αὐτῆς
355 927 401 952 καὶ
419 926 465 952 τοῦ
481 926 620 961 σώματος·
636 927 683 953 καὶ
696 927 746 953 οὐκ
763 926 820 953 ἐστι
835 936 854 962 μ

954 927 1080 953 raesentia
1093 934 1141 953 sua
1153 933 1242 953 aerem
1259 927 1382 953 immutat
1398 927 1423 953 in
1441 927 1538 957 lucem,
1553 925 1617 952 dum
1633 925 1723 959 ipsum

87 979 133 1005 ρος
148 971 337 1006 φωτιζόμενον
352 971 396 998 ὑπ’
412 972 506 1007 αὐτῆς,
521 973 550 998 ὲν
571 969 594 1005 ᾧ
617 972 653 1008 μὴ
668 972 714 1007 ὅλη
734 973 858 1008 πάρεστιη

952 974 1026 1001 edth
1041 974 1220 1005 luuiinosum,
1241 977 1323 1008 atque
1340 974 1396 1001 aeri
1415 973 1460 1000 lux
1477 973 1571 999 unitur
1593 972 1653 999 sine
1671 971 1723 998 ulla

85 1016 116 1042 οὐ
129 1015 186 1051 γὰρ
199 1018 344 1051 κρατεῖται
358 1017 410 1043 ὑπὸ
421 1017 468 1043 τοῦ
482 1016 616 1052 σώματος,
634 1017 691 1044 ἀλλ’
707 1018 776 1053 αὑτὴ
786 1026 856 1053 ’κρατ

953 1019 1098 1046 onlnsione
1110 1028 1172 1047 cum
1187 1020 1246 1054 ipso
1262 1019 1321 1047 fusa
1335 1029 1341 1046 :
1353 1019 1447 1046 eodem
1461 1023 1535 1046 certe
1550 1018 1630 1045 modo
1640 1017 1723 1045 etiam

84 1061 115 1087 τό
135 1061 237 1096 σῶμα’
259 1062 320 1089 οὐδὲ
339 1063 368 1088 ἐν
386 1062 424 1098 τῷ
444 1062 549 1098 σώματί
569 1063 654 1095 ἐστιν,
673 1063 710 1095 ὡς
728 1064 758 1090 ὲν
780 1065 855 1098 ἀγγει

955 1065 1026 1092 nima
1043 1065 1151 1100 corpori
1167 1066 1242 1092 unita
1267 1070 1358 1092 manet
1375 1065 1531 1097 inconfusa,
1550 1065 1576 1091 in
1601 1065 1652 1091 hoc
1670 1070 1724 1091 uno

85 1109 101 1143 ἢ
125 1107 224 1143 ἀσκῷ,
245 1108 313 1135 ἀλλὰ
328 1109 427 1144 μᾶλλον
444 1109 475 1135 τὸ
495 1109 574 1144 σῶμα
590 1110 619 1135 ὲν
643 1110 740 1145 ταύτῃ.
760 1110 806 1144 Μὴ
828 1118 856 1136 κω

956 1111 1108 1146 iscrepans,
1127 1111 1200 1146 quod
1219 1112 1259 1139 sol
1285 1119 1347 1138 cum
1365 1112 1402 1139 sit
1422 1118 1534 1145 corpus,
1551 1115 1577 1137 et
1593 1109 1654 1136 loco
1668 1109 1724 1136 cir-

85 1154 208 1189 λυόμενα
229 1154 285 1190 γὰρ
303 1154 356 1182 ὑπὸ
369 1154 423 1181 τῶν
440 1155 574 1190 σωμάτων
591 1156 625 1182 τὰ
645 1156 738 1192 νοητὰ,
759 1156 826 1183 ἀλλὰ
839 1156 854 1182 δ

955 1157 1134 1192 umscriplus,
1150 1165 1205 1184 non
1224 1162 1266 1184 est
1278 1158 1436 1191 ubicunque
1451 1157 1495 1183 Inx
1513 1156 1612 1190 ipsius,
1630 1159 1659 1182 ut
1675 1162 1724 1182 nec

85 1201 191 1232 παντὸς
222 1200 351 1235 σώματος
381 1200 520 1236 χωροῦντα
545 1202 591 1228 καὶ
617 1201 811 1236 διαφοιτῶντα,
838 1210 854 1228 κ

952 1203 983 1230 ibi
1002 1203 1083 1237 ignis.
1102 1202 1244 1238 Siquidem
1268 1206 1359 1235 manet
1381 1202 1462 1230 etiam
1482 1202 1508 1228 in
1524 1202 1614 1236 lignis,
1637 1204 1683 1228 aut
1698 1201 1723 1227 in

84 1245 233 1279 διεξιόντα,
247 1246 297 1281 οὐχ
309 1242 354 1272 οἷά
367 1246 396 1272 τέ
412 1247 485 1273 ἐστιν
502 1247 554 1273 ὑπὸ
568 1246 622 1273 τῶν
641 1246 805 1281 σωματικῶν
819 1255 854 1273 κα

954 1249 1074 1284 llyclmio
1096 1249 1237 1279 astrictus.
1255 1254 1284 1275 ut
1302 1249 1327 1275 in
1344 1249 1422 1279 loco;
1447 1251 1475 1274 at
1495 1255 1558 1274 vero
1573 1247 1663 1273 anima
1683 1247 1724 1272 in-

85 1291 199 1327 έχεσθαι
210 1300 218 1306 ·
237 1292 320 1326 νοητὰ
340 1292 394 1327 γὰρ
410 1291 474 1318 ὄντα
493 1292 522 1318 ὲν
534 1293 589 1324 τοῖς
612 1294 715 1326 νοητοῖς
730 1293 776 1320 καὶ
790 1294 856 1319 τόπο

954 1301 1071 1329 orporea
1089 1301 1150 1321 cum
1165 1294 1212 1325 sit,
1231 1298 1257 1321 et
1273 1294 1347 1320 nullo
1361 1293 1569 1327 circumscripta
1583 1293 1655 1322 loco,
1668 1296 1724 1319 tota

86 1337 166 1364 εἰσιν.
197 1338 234 1364 Ἦ
254 1337 308 1372 γὰρ
330 1338 358 1363 εν
384 1337 484 1369 αὐτοῖς,
509 1337 526 1372 ἢ
549 1338 577 1363 έν
598 1338 654 1368 τοῖς
678 1337 857 1373 ὗπερκειμένο

954 1349 985 1368 er
1002 1344 1088 1367 totum
1105 1343 1240 1375 penetrat.
1267 1344 1324 1366 tum
1352 1347 1400 1374 per
1424 1339 1514 1366 lumen
1542 1338 1641 1372 ipsius,
1667 1341 1725 1364 tum

87 1384 194 1417 νοητοῖς
207 1391 213 1397 σ
228 1382 266 1414 ὡς
280 1383 353 1418 ψυχὴ
373 1383 437 1410 ποτὲ
465 1382 515 1418 μὲν
535 1383 564 1409 ὲν
581 1384 666 1418 ἑαυτῇ
682 1384 764 1416 ἐστιν,
786 1384 824 1415 ὡς
840 1383 858 1409 ὄλ

953 1395 985 1414 er
998 1394 1097 1422 corpus
1115 1395 1121 1413 τ
1136 1394 1187 1414 nec
1201 1387 1256 1413 ulla
1270 1394 1333 1421 pars
1351 1390 1393 1414 est
1408 1386 1445 1412 ab
1457 1385 1516 1420 ipsa
1533 1385 1682 1415 illustrata,
1697 1386 1724 1411 in

85 1428 236 1462 λογίζεται,
257 1428 324 1455 ποτὲ
338 1428 366 1455 δὲ
383 1429 411 1455 ἐν
427 1428 465 1464 τῷ
478 1428 525 1464 νῷ,
543 1429 606 1455 ὅταν
619 1431 676 1465 νοῇ,
700 1430 782 1456 Ἐπὰν
796 1427 842 1455 οὖν

958 1439 991 1458 ua
1004 1440 1057 1459 non
1077 1436 1131 1459 tota
1146 1431 1217 1459 adsit
1230 1440 1236 1457 :
1254 1440 1308 1458 non
1323 1431 1394 1458 enim
1411 1438 1426 1457 a
1443 1437 1560 1465 corpore
1575 1430 1724 1461 detinetur,

88 1474 198 1509 σώματι
213 1475 321 1509 λέγεται
336 1473 416 1507 εἶναι,
433 1475 482 1510 οὐχ
493 1475 531 1507 ὡς
545 1476 573 1502 ὲν
585 1475 660 1510 τόπῳ
675 1475 714 1510 τῷ
728 1475 832 1511 σώματι
845 1475 859 1501 λ

956 1479 984 1504 ed
1001 1478 1059 1513 ipsa
1074 1485 1176 1512 corpus
1191 1481 1266 1504 arcet
1292 1481 1320 1504 et
1343 1476 1431 1511 regit;
1460 1483 1548 1510 neque
1563 1475 1590 1502 in
1612 1481 1727 1510 corpore

86 1529 170 1556 γεται
184 1519 265 1554 εἶναι,
281 1521 339 1548 ἀλλ’
357 1521 394 1553 ὡς
408 1523 437 1548 ὲν
454 1521 555 1557 σχέσει,
571 1522 619 1549 καὶ
634 1523 668 1557 τῇ
685 1523 752 1557 πρός
773 1531 799 1549 τι
814 1523 857 1558 ροτ

955 1527 980 1551 st
995 1528 1025 1550 ut
1042 1523 1069 1550 in
1088 1531 1162 1555 vase,
1179 1527 1225 1550 aut
1239 1527 1318 1555 utre;
1339 1522 1386 1549 sed
1399 1529 1500 1556 corpus
1520 1521 1611 1556 potius
1632 1521 1658 1548 in
1673 1528 1724 1548 ea:

87 1570 136 1597 καὶ
152 1569 274 1596 διαθέσει
296 1568 419 1596 δεδέσθαι
442 1569 532 1604 φαμὲν
556 1569 609 1595 ὑπὸ
631 1568 678 1596 τοῦ
695 1569 820 1604 σώματος
838 1578 858 1596 τέ

957 1579 1002 1598 um
1017 1571 1090 1598 enim
1109 1578 1123 1597 a
1141 1569 1304 1604 corporibus
1319 1576 1374 1596 non
1399 1567 1584 1602 impediantur
1596 1567 1727 1601 intelligi—

87 1614 188 1649 ψυχὴν,
210 1614 248 1645 ὡς
262 1613 379 1649 λέγομεν
393 1614 446 1640 ὑπὸ
464 1614 513 1649 τῆς
539 1613 680 1649 ἐρωμένης
701 1613 822 1640 δεδέσθαι
841 1623 858 1640 τη

957 1617 1015 1649 ilia,
1039 1625 1133 1644 verum
1158 1624 1206 1651 per
1231 1619 1317 1642 totum
1345 1622 1445 1649 corpus
1472 1613 1580 1644 abeant.
1599 1617 1626 1640 et
1644 1613 1727 1640 libere

87 1659 227 1695 ἐραστὴν,
244 1659 274 1685 οὒ
293 1658 467 1692 σωματικῶς,
487 1659 547 1685 οὐδὲ
572 1659 709 1690 τοπικῶς,
727 1658 795 1686 ἀλλὰ
816 1667 858 1685 κα’

955 1662 1107 1696 patientur,
1128 1661 1185 1688 ﬁeri
1201 1668 1256 1687 non
1276 1664 1376 1695 potest,
1393 1664 1423 1686 ut
1442 1666 1456 1685 η
1471 1658 1664 1694 corporalibus
1677 1657 1726 1684 de<

89 1705 195 1739 σχέσιν.
230 1704 377 1740 Ἀμέγεθες
399 1705 452 1740 γὰρ
471 1704 501 1731 ὂν
523 1705 570 1732 καί
590 1705 689 1739 ἄογκον
708 1705 755 1731 καὶ
772 1704 858 1740 ἁμερὲ

960 1712 1094 1740 neantnr;
1109 1708 1155 1735 sed
1172 1707 1243 1734 enim
1262 1714 1323 1734 cum
1337 1705 1519 1740 intelligibilia
1538 1705 1603 1737 sint,
1620 1704 1647 1730 in
1661 1704 1728 1731 locis

87 1750 139 1784 τῆς
157 1750 228 1780 κατὰ
246 1751 329 1786 μέρος
343 1751 456 1785 τοπικῆς
475 1751 649 1786 περιγραφῆς
664 1751 789 1786 κρεῖττόν
807 1751 858 1777 ἐστι

955 1754 1019 1780 tiam
1036 1752 1254 1787 intelligibilibus
1271 1755 1354 1783 sunt;
1378 1755 1425 1778 aut
1440 1751 1514 1778 enim
1536 1750 1562 1777 in
1580 1750 1660 1783 ipsis.
1679 1753 1726 1776 aut

88 1795 119 1822 τὺ
134 1795 190 1830 γὰρ
209 1795 246 1831 μὴ
260 1796 321 1831 ἕχον
342 1796 425 1831 μέρος
440 1797 509 1832 ποίῳ
528 1796 640 1823 δύναται
660 1797 735 1832 τόπῳ
755 1805 859 1833 περιγρ‹

955 1807 964 1825 ι
979 1798 1166 1833 superioribus
1183 1796 1410 1825 intellectualibus
1423 1804 1430 1828 ;
1445 1800 1474 1823 ut
1487 1796 1577 1822 anima
1591 1795 1726 1822 interdum

89 1840 207 1877 φεσθαι;
222 1841 303 1873 τόπος
321 1842 375 1878 γάρ
389 1843 447 1868 ἐστι
461 1842 548 1877 πέρας
561 1842 608 1869 τοῦ
622 1843 804 1878 περιέχοντος,
820 1844 860 1869 και

956 1854 965 1872 ι
986 1845 1076 1880 seipsa
1100 1848 1153 1876 est,
1174 1849 1203 1871 ut
1220 1851 1286 1879 cum
1312 1843 1423 1877 cogitat,
1445 1842 1581 1869 interdum
1610 1849 1676 1868 vero
1700 1841 1727 1867 in

89 1887 215 1922 περιέχει
230 1887 261 1914 τὸ
274 1888 476 1923 περιεχόμενον.
492 1888 522 1914 Et
532 1888 564 1914 δέ
574 1897 616 1919 τις
630 1888 825 1922 λέγοι,οὒκοῦν
841 1897 857 1915 κ

957 1896 1051 1924 rente,
1079 1898 1141 1918 cum
1161 1890 1298 1924 intelligit.
1325 1889 1439 1921 Onando
1457 1888 1541 1923 igitur
1566 1887 1592 1914 in
1612 1893 1728 1922 corpore

89 1933 216 1970 ὲνῬώμῃ
224 1935 271 1961 καὶ
281 1935 310 1961 ἐν
323 1934 520 1970 Ἀλεξανδρείᾳ.
528 1935 574 1961 καὶ
582 1934 719 1970 πανταχοῦ
727 1935 800 1962 ἐστιν
808 1935 824 1970 ἡ
833 1935 860 1970 et

959 1936 1040 1963 icitur
1050 1943 1121 1967 esse,
1134 1943 1188 1962 non
1204 1940 1233 1962 ut
1248 1935 1275 1961 in
1292 1935 1352 1962 loco
1367 1942 1428 1961 esse
1442 1933 1543 1960 dicitur
1556 1933 1584 1959 in
1599 1939 1726 1966 corpore,

89 1977 174 2014 ψυχὴ,
185 1978 314 2005 λανθάνει
324 1980 430 2012 ἑαυτὸν,
441 1980 522 2009 πάλιν
532 1979 613 2008 τόπον
623 1980 718 2014 λέγων’
734 1980 780 2007 καὶ
790 1980 844 2016 γὰρ
856 1989 860 1997 ι

956 1983 987 2010 ed
1005 1987 1034 2010 ut
1051 1984 1078 2010 in
1096 1983 1161 2014 situ,
1182 1982 1342 2010 habitudine
1357 1987 1385 2009 et
1400 1985 1538 2009 momento
1553 1988 1586 2008 ac
1605 1980 1727 2014 disposi-

90 2024 119 2050 ὲν
138 2024 338 2061 ’Δλεξα-λδρείᾳ,
351 2025 397 2052 καὶ
409 2026 477 2057 ὅλως
489 2025 519 2053 τὸ
529 2026 558 2052 έν
573 2026 652 2061 τῷδε,
667 2026 748 2057 τόπος
759 2026 832 2052 ἐστίν
840 2035 847 2041 ·
859 2036 861 2051 ι

957 2036 1014 2055 ιοιιθ
1040 2028 1073 2055 ad
1100 2027 1203 2062 aliquid
1228 2027 1352 2062 colligari
1372 2026 1490 2053 dicimus
1505 2033 1519 2052 a
1536 2033 1651 2060 corpore
1668 2025 1728 2052 ani.

89 2070 167 2105 τόπῳ
185 2070 214 2096 δὲ
235 2069 304 2101 ὅλως
324 2071 374 2097 οὐκ
391 2071 475 2104 ἐστιν,
494 2071 552 2098 ἀλλ’
570 2072 598 2098 ὲν
623 2071 714 2106 σχέσει
727 2080 734 2086 '
755 2071 860 2098 δέδεικτι

957 2080 1022 2104 iam,
1039 2077 1121 2107 prout
1136 2072 1254 2100 dicimus
1269 2073 1303 2099 ab
1319 2071 1422 2099 amasia
1439 2076 1592 2106 amatorem
1607 2070 1728 2098 constri-

89 2114 146 2150 γὰρ
163 2115 201 2150 μὴ
214 2114 343 2142 δύνασθαι
359 2116 559 2152 περιληφθῆναι
576 2116 662 2151 τόπῳ.
680 2117 765 2143 Ὅταν
780 2116 844 2150 γοῦν
859 2130 860 2140 ξ

956 2123 1011 2145 tum
1033 2119 1207 2153 vinctumque
1231 2125 1303 2149 esse,
1325 2125 1381 2144 non
1406 2117 1587 2152 corporaliter
1604 2120 1631 2144 et
1652 2117 1727 2144 loca-

91 2161 184 2196 σχέσει
201 2161 315 2197 γένηται
332 2163 442 2198 νοητὸν,
458 2162 541 2189 τόπου
558 2163 629 2194 τινὸς
643 2162 660 2198 ἦ
682 2163 845 2199 πράγματος
859 2165 862 2188 i

961 2168 1012 2195 ter,
1038 2163 1086 2191 sed
1108 2164 1215 2190 ratione
1239 2162 1349 2190 habitus
1365 2162 1511 2197 situsque;
1541 2162 1643 2196 quippe
1664 2169 1727 2188 eum

88 2208 166 2242 τόπῳ
188 2208 283 2241 δντος,
303 2209 593 2244 καταχρηστικώτερον
610 2209 725 2244 λέγομεν
750 2209 815 2236 αὐτὸ
829 2210 859 2236 ὲκ

957 2209 1146 2245 iagnitudinis,
1163 2213 1190 2236 et
1209 2208 1299 2239 molis,
1313 2212 1340 2235 et
1354 2207 1472 2242 partium
1486 2215 1584 2242 expers
1600 2207 1645 2239 sit,
1660 2214 1728 2242 prae-

89 2251 176 2286 εἷναι,
193 2254 237 2281 διὰ
257 2255 307 2289 τὴν
327 2255 465 2291 ἐνέργειαν
491 2256 582 2286 αὐτοῦ,
603 2256 650 2282 τοῦ
669 2257 727 2282 ἐκεῖ
742 2256 788 2282 τὸν
803 2256 860 2283 τόπι

951 2240 1056 2284 tantior
1075 2259 1117 2283 est
1133 2255 1207 2282 omni
1230 2240 1417 2289 descriptione
1440 2262 1489 2289 per
1508 2240 1600 2289 partes
1621 2240 1699 2280 loc—ali
1715 2259 1722 2279 :

90 2300 151 2326 ἀντὶ
170 2300 289 2335 σχέσεως
309 2302 356 2328 καὶ
378 2302 428 2337 τῆς
445 2301 584 2337 ἐνεργείας
600 2301 795 2336 λαμϐάνοντες.
821 2301 861 2328 Ait

957 2302 1038 2329 tenim
1052 2301 1124 2336 quod
1145 2304 1237 2336 partes
1250 2307 1306 2327 non
1320 2300 1413 2331 habet,
1430 2307 1549 2334 quonam
1563 2302 1653 2334 potest
1669 2298 1728 2326 loco

89 2345 144 2380 γὰρ
157 2345 259 2380 λέγειν,
282 2346 363 2374 Ἐκεῖ
373 2347 495 2382 ἐνεργεῖ,
511 2347 636 2382 λέγομεν,
660 2347 742 2374 Ἐκεῖ
752 2348 848 2374 ἔστιν.

959 2347 1150 2374 ircumscribi‘!
1169 2349 1212 2373 est
1227 2345 1298 2372 enim
1321 2345 1398 2372 locus
1413 2346 1572 2373 extremitas
1587 2345 1730 2372 continen-

91 2389 137 2422 lis,
153 2396 291 2427 quatenus
308 2394 430 2421 continet
448 2393 474 2421 id
488 2393 560 2428 quod
576 2393 743 2420 continetur.
765 2393 844 2426 Quod
863 2392 886 2420 si
905 2393 968 2428 quis
986 2393 1098 2424 dixerit.
1113 2391 1206 2418 Romaa
1222 2391 1306 2427 igitur
1320 2395 1347 2418 et
1359 2391 1540 2423 Alexandriae,
1571 2394 1598 2418 et
1629 2391 1730 2425 ubique

90 2445 130 2467 est
144 2439 236 2467 anima
246 2442 332 2474 'mea;
359 2440 426 2476 fugit
448 2441 550 2476 ipsum,
577 2441 650 2476 quod
684 2449 782 2469 rursus
809 2441 899 2469 locum
920 2440 1071 2475 designat:
1091 2440 1231 2468 enimvero
1253 2439 1444 2472 Alexandriae,
1483 2442 1511 2466 et
1528 2438 1640 2465 omnino
1666 2437 1730 2473 (hic

90 2487 131 2513 vel
147 2486 215 2522 illic)
229 2487 326 2520 locus;
343 2487 419 2522 atqui
440 2487 467 2514 in
488 2488 548 2514 loco
580 2495 693 2522 prorsus
725 2495 780 2514 non
802 2491 856 2520 est,
873 2487 920 2514 sed
942 2487 969 2514 in
986 2487 1040 2514 situ
1056 2494 1062 2512 :
1080 2493 1141 2513 nam
1158 2486 1300 2521 probatum
1317 2489 1358 2513 est
1377 2493 1430 2513 non
1442 2492 1522 2520 posse
1535 2483 1730 2519 comprehendi

93 2533 159 2560 loco.
185 2534 283 2568 Itaque
296 2541 359 2560 cum
380 2533 406 2560 id
428 2534 501 2568 quod
516 2534 700 2569 intelligentia
721 2534 882 2569 percipitur,
903 2533 930 2560 in
953 2533 1007 2561 situ
1033 2532 1125 2564 fuerit,
1147 2536 1194 2559 aut
1218 2531 1328 2566 negotio
1350 2531 1469 2566 quodam
1509 2531 1536 2558 in
1573 2531 1634 2557 loco
1657 2529 1730 2557 exsi-

92 2582 198 2608 stente:
223 2579 338 2606 abusive
357 2582 386 2605 et
401 2578 517 2613 ﬁgurate
537 2578 655 2606 dicimus
670 2579 723 2606 hoc
758 2579 847 2614 ipsum
887 2578 924 2605 ibi
944 2586 1018 2609 esse,
1034 2582 1144 2613 propter
1157 2578 1344 2612 operationem
1360 2577 1419 2612 ejus
1434 2576 1506 2611 quod
1523 2576 1559 2603 ibi
1572 2579 1624 2607 est,
1640 2575 1730 2602 locum

93 2631 141 2658 pro
153 2625 209 2652 situ
234 2628 263 2651 et
277 2624 389 2660 actione
404 2629 564 2658 sumentes;
577 2632 641 2652 nam
657 2632 720 2652 cum
736 2624 882 2652 dicendum
902 2623 1011 2655 fuisset,
1024 2621 1065 2650 lbi
1079 2628 1218 2656 operatur,
1234 2622 1364 2655 dicimus,
1374 2619 1417 2649 lbi
1432 2627 1483 2650 eu.

132 2672 278 2709 ’Δρμόσειε
295 2673 318 2700 δ’
334 2672 368 2700 ἂν
384 2674 398 2700 ό
412 2673 491 2707 λόγος
514 2669 593 2704 οὗτος
617 2673 826 2708 καθαρώτερον,
840 2673 889 2700 καὶ

976 2671 1148 2706 Congrueret
1170 2678 1238 2698 sane
1256 2671 1301 2698 hic
1323 2678 1414 2698 sermo
1430 2669 1537 2705 purius,
1561 2672 1588 2696 et
1612 2669 1729 2696 maxime

93 2719 207 2753 μάλιστα
223 2721 259 2755 τῇ
275 2719 345 2755 πρὸς
359 2719 406 2746 τὸν
420 2719 561 2754 ἄνθρωπον
577 2719 671 2746 ἑνὼσει
684 2719 732 2746 τοῦ
746 2719 813 2746 Θεοῦ
834 2719 864 2746 Λ(

961 2717 1036 2744 nioni
1055 2716 1137 2744 Verbi
1154 2716 1200 2745 Dei
1215 2724 1277 2744 eum
1301 2715 1510 2750 homine,juxta
1529 2721 1611 2750 quam
1635 2715 1728 2742 unitus

89 2774 145 2799 του,
163 2767 226 2794 καθ’
246 2767 281 2802 ἢν
297 2765 422 2797 ἑνωθεις,
439 2765 545 2801 ἐμείνεν
559 2766 710 2801 ἁσύγχυτος
724 2766 771 2792 καὶ
790 2766 860 2801 ἅπερ

956 2764 1072 2791 emansit
1098 2763 1271 2794 inconfusus,
1297 2766 1324 2789 et
1348 2759 1645 2795 incomprehensibilis,
1673 2767 1727 2788 non

88 2811 197 2847 ληπτος,
209 2812 241 2838 οὐ
265 2811 342 2838 κατὰ
354 2811 401 2837 τὸν
413 2811 462 2845 τῆς
476 2810 564 2846 ψυχῆς
579 2811 690 2846 τρόπον.
712 2810 820 2845 Ἐκείνη
837 2812 859 2846 μ]

958 2812 1037 2838 nima:
1052 2817 1128 2838 more
1144 2808 1289 2844 mod0que.
1307 2807 1431 2841 Namque
1447 2806 1494 2834 illa
1510 2814 1573 2834 cum
1586 2813 1621 2834 ex
1639 2806 1681 2833 his
1694 2806 1729 2833 sit

89 2857 137 2894 γὰρ
152 2858 207 2885 τῶν
227 2855 469 2892 πεπληθυσμένων
484 2854 642 2891 οὗσα,δοκεῖ
657 2855 702 2882 καὶ
714 2856 857 2892 συμπάσχε

958 2865 998 2884 um
1014 2863 1157 2885 numerum
1182 2855 1297 2888 faciunt,
1322 2853 1430 2881 videtur
1455 2858 1480 2882 et
1499 2853 1644 2882 eondolere
1659 2860 1728 2885 quo-
