1954 3079
226 139 279 166 ΕΗ

833 131 860 159 S.
879 130 1044 158 αιιεουιιιι
1065 130 1211 159 ΝΥΞΞΕΝΙ

1810 127 1862 156 220

227 195 372 224 clammodo
383 193 492 228 corpori
508 192 542 219 ob
555 195 659 218 arctam
672 189 899 222 familiaritatem,
914 194 941 217 et
954 189 1018 217 illud

1071 198 1130 221 πως
1143 189 1177 216 δι’
1190 189 1343 224 οἰκειότητα
1357 187 1397 223 τῷ
1415 187 1531 223 σώματι,
1545 187 1591 214 καὶ
1611 186 1720 222 κρατεῖν
1732 185 1789 212 ἔσθ’
1807 185 1861 216 ὁτι,

227 240 364 269 interdum
389 237 542 268 continere,
564 242 703 266 coercere,
723 239 750 263 et
766 235 800 262 ab
818 235 865 265 illo
883 234 1014 262 coerceri.

228 287 327 314 Verum
356 284 428 311 Deus
442 282 560 310 Verbum
580 281 649 308 nihil
677 289 692 308 a
718 280 911 308 communione
934 287 1016 314 qualn

227 339 289 359 cum
315 336 431 363 corpore
447 331 474 354 et
495 327 586 353 anima
603 325 695 357 habet,
714 325 845 356 variatur,
862 331 951 358 neque
976 324 1018 350 in-

229 376 364 404 firmitatis
377 375 485 401 illorum
499 372 636 408 particeps
647 375 689 399 est
701 381 707 404 ;
726 371 774 399 sed
785 379 849 398 cum
864 370 932 405 ipsis
942 377 1017 398 com-

228 422 348 450 municet
364 421 416 447 vim
430 418 582 446 divinitatis
606 425 672 449 suat,
698 417 769 444 ideln
787 423 960 451 permanens.
989 415 1016 442 in

227 469 378 502 eodemque
403 469 488 498 statu,
513 465 540 492 in
563 471 619 500 quo
642 467 701 492 erat
719 467 783 490 ante
807 463 954 494 unionem;
984 469 1017 488 ac

227 514 305 542 valde
321 521 408 541 novus
425 513 469 540 hic
485 511 622 539 mistionis
648 514 694 537 aut
711 509 822 537 unionis
838 509 936 536 modus
959 512 1017 540 est;

227 566 255 588 ct
279 561 415 588 miscetur
437 563 463 586 et
484 556 576 586 manet
599 563 796 591 usquequaque
818 555 965 587 immistus,
990 558 1018 582 et

229 606 402 637 inconfusus,
428 609 455 632 et
479 602 720 636 incommutabilis,
744 610 798 629 non
813 600 1016 636 compatiendo,

229 653 277 681 scd
290 651 463 688 cooperando
481 654 597 681 tantum,
610 656 672 676 cum
689 656 778 683 neque
793 647 877 675 simul
895 654 1019 674 corrum-

228 704 321 736 patur,
335 706 385 725 nec
401 697 482 725 simul
497 696 626 723 alteretur
640 703 646 721 :
665 702 758 722 verum
775 694 820 720 illa
831 693 941 728 quidem
952 700 1019 719 con-

229 747 314 777 ciliet,
342 746 401 780 ipse
424 751 490 771 vero
511 750 567 770 non
592 741 745 768 diminutus
760 739 794 767 ab
818 737 896 773 ipsis,
909 740 1018 763 maneat

207 806 210 810 -
229 791 391 820 mutationis
411 793 438 818 et
460 788 634 817 confusionis
651 794 768 822 expers:
799 784 1018 821 quandoquidem

228 838 319 865 omnis
334 844 446 871 prorsus
464 834 624 862 variationis
635 837 662 860 et
677 831 848 859 alterationis
858 838 954 858 exsors
965 834 1017 857 est.

1068 236 1114 262 καὶ
1130 234 1306 271 κρατεῖσθαι·
1321 236 1336 261 ὁ
1346 234 1374 260 δὲ
1391 234 1457 266 Θεὸς
1470 233 1556 268 Λόγος
1567 232 1643 260 οὐδὲν
1658 231 1740 264 αὐτὸς
1751 230 1806 258 ἀπὸ
1814 232 1862 265 τῆς

1068 281 1208 312 κοινωνίας
1221 281 1270 316 τῆς
1283 280 1346 315 περὶ
1363 279 1393 306 τδ
1406 280 1485 315 σῶμα
1500 280 1547 305 καὶ
1561 279 1611 314 τὴν
1628 278 1717 313 ψυχὴν
1738 277 1861 304 ἀλλοιού-

1069 335 1158 362 μενος,
1176 326 1238 353 οὐδὲ
1255 326 1376 361 μετέχων
1389 327 1439 361 τῆς
1450 325 1562 352 ἐκείνων
1580 323 1740 356 ἀσθενείαςθ
1754 323 1862 358 μεταδι-

1066 371 1128 404 δοὺς
1142 372 1170 398 δὲ
1183 372 1274 403 αὐτοῖς
1284 372 1333 407 τῆς
1347 371 1430 399 αὐτοῦ
1444 371 1570 406 θεότητος
1582 371 1631 406 τὴν
1643 369 1768 404 δύναμιν,
1784 369 1799 396 ὁ
1814 369 1862 396 αὐ-

1066 419 1111 450 τὸς
1124 418 1211 453 μένων
1225 420 1252 445 ὲν
1265 415 1304 450 οἷς
1314 416 1349 454 ἦν
1366 419 1413 444 καὶ
1429 418 1482 453 πρὸ
1496 417 1547 452 τῆς
1559 417 1696 448 ὲνώσεως-
1706 415 1862 450 καινότερος

1067 462 1143 496 οὗτος
1153 465 1167 491 ὁ
1181 464 1279 500 τρόπος
1294 464 1342 499 τῆς
1358 464 1482 500 κράσεως
1496 463 1512 498 ἢ
1525 462 1646 494 ἑνώσεως
1655 470 1662 477 ·
1677 462 1724 488 καὶ
1734 462 1861 497 κιρνᾶται

1069 511 1117 536 καὶ
1135 510 1209 545 μένει
1245 510 1416 537 παντάπασιν
1435 508 1550 544 ἄμικτος
1572 508 1620 535 καὶ
1641 507 1795 542 ἀσύγχυτος
1815 507 1862 533 καὶ

1067 556 1229 591 ἁδιάᾳθορος
1253 556 1300 582 καὶ
1324 554 1522 591 ἀμετάϐλητος,
1543 555 1574 581 οὐ
1592 554 1777 589 συμπάσχων,
1795 552 1861 580 ἀλλὰ

1069 602 1252 637 συμπράττων
1270 592 1358 636 μόνον,
1376 601 1437 628 οὐδὲ
1454 600 1688 636 συμφθειρόμενος
1700 599 1746 626 καὶ
1763 598 1862 626 συναλ-

1068 647 1223 683 λοιούμενος
1234 655 1240 662 ’
1258 647 1325 674 ἀλλὰ
1339 647 1462 681 συνάγων
1487 647 1536 682 μὲν
1550 647 1660 677 ἐκεῖνα,
1685 645 1766 676 αὐτὸς
1779 644 1809 670 δὲ
1826 643 1863 679 μὴ

1071 695 1230 729 μειούμενος
1240 693 1382 720 ὑπἀὺτῶν
1398 693 1474 728 μένει
1489 693 1623 729 ἄτρεπτος
1638 693 1684 718 καὶ
1698 691 1862 726 ἀσύγχυτος,

1069 740 1163 775 ἐπειδὴ
1185 739 1313 775 καθαρῶς
1329 739 1420 774 πάσης
1443 738 1612 770 ἀλλοιώσεως
1635 737 1769 773 ἀμέτοχὸς
1792 737 1862 763 ἐστι.

1069 785 1183 821 Μάρτυς
1201 785 1297 812 τούτου
1313 785 1372 812 ἐστὶ
1389 784 1553 820 Πορφύριος,
1570 785 1584 811 ὸ
1599 783 1668 811 κατὰ
1681 783 1728 810 τοῦ
1742 780 1863 818 Χριστοῦ

1071 832 1185 866 κινήσας
1213 831 1261 867 τὴν
1283 831 1380 858 ἑαυτοῦ
1395 831 1518 865 γλῶτταν
1535 839 1542 846 ⁸
1565 829 1674 866 ἰσχυραὶ
1695 829 1723 856 δέ
1748 830 1818 855 εἰσιν
1835 828 1863 855 αί

228 884 320 912 Testis
335 883 417 918 hujus
433 881 594 909 assertionis
611 884 651 907 est
666 878 846 913 Porphyrius,
863 876 908 912 qui
923 876 1018 903 adver-

1071 877 1122 904 τῶν
1147 876 1250 912 ἐχθρῶν
1271 876 1418 912 μαρτυρίαι
1441 876 1512 911 ὑπὲρ
1535 874 1624 910 ήμῶν,
1640 876 1705 902 ὅταν
1727 873 1863 909 μηδεμίαν

229 939 278 958 sus
298 929 438 956 Christum
463 927 631 962 petulantem
655 925 738 952 movit
767 923 898 958 linguam.
919 921 1018 949 Verum

229 977 272 1003 vel
291 975 465 1002 inimicorum
489 971 647 1000 testimonia
661 970 751 998 valida
775 973 839 997 sunt
858 976 906 1004 pro
928 968 1018 1000 nobis,

229 1031 292 1051 cum
311 1022 414 1049 nullam
434 1020 513 1055 plane
526 1018 772 1046 contradictionem
797 1015 954 1042 admittunt.
971 1013 1020 1041 Hic

1069 922 1222 956 ἀντιλογίαν
1238 918 1304 948 ὦσιν
1315 921 1514 956 ὲπιδεχόμεναι.
1525 918 1607 952 Οὗτος
1619 920 1709 947 τοίνυν
1723 921 1738 946 ὁ
1755 919 1864 954 Πορφύ-

1071 979 1139 1005 ριος,
1151 971 1179 996 ὲν
1190 969 1229 1005 τῷ
1240 969 1358 1004 δευτέρῳ
1370 968 1441 1003 λόγῳ
1456 968 1496 1002 τῷ
1509 968 1579 1002 Περὶ
1591 968 1766 1002 συμμίκτων
1777 968 1864 999 (utn-

1067 1016 1170 1051 μάτων
1183 1015 1283 1050 γράφει
1295 1015 1367 1041 κατὰ
1379 1014 1454 1046 λέξιν
1466 1013 1562 1046 οὕτως’
1582 1023 1591 1039 ι
1604 1013 1660 1040 Οὐκ
1673 1011 1864 1046 ἀπογνωστὼν

230 1070 314 1103 igitur
326 1066 495 1102 Porphyrius
511 1065 538 1092 in
551 1063 672 1092 secundo
686 1061 883 1090 commentario
904 1059 941 1086 De
960 1065 1019 1094 qum

1071 1061 1115 1101 οὖν
1140 1062 1294 1097 ἐνδέχεσθαί
1319 1069 1381 1088 τινα
1406 1060 1502 1088 οὐσίαν
1529 1059 1802 1095 σνμπαραληφθῆναι
1825 1059 1864 1089 είς

230 1114 359 1142 ιιὶοηὶϋιω
378 1113 553 1141 ιηὶιεείίαηείκ
565 1130 572 1142 ,
586 1110 622 1136 ita
638 1109 671 1136 ad
687 1108 799 1135 verbum
810 1106 922 1135 scribit:
941 1115 951 1132 ι
963 1105 1021 1132 Mi-

229 1159 303 1186 nime
332 1165 398 1185 sane
430 1155 615 1183 cunctandum
640 1157 682 1181 est
705 1153 849 1181 admittere
871 1152 1019 1180 essentiam

229 1204 350 1237 aliquant
384 1208 437 1228 una
456 1204 625 1234 assumptam
642 1206 704 1226 esse
731 1198 765 1225 ad
789 1198 1019 1232 complementum

229 1249 343 1276 alterius
354 1247 526 1279 substantia;
539 1250 566 1273 et
577 1246 636 1279 ejus
647 1249 753 1280 partem
764 1252 836 1276 esse,
846 1243 928 1271 etiam
941 1243 1020 1277 juxta

229 1299 355 1322 naturam
382 1300 460 1320 suam
488 1291 634 1323 manendo,
670 1294 815 1326 postquam
842 1288 1020 1323 compleverit

229 1341 311 1367 aliam
332 1339 496 1366 essentiam:
522 1336 592 1363 adeo
608 1340 637 1363 ut
653 1343 738 1363 unum
762 1343 826 1362 cum
848 1334 902 1362 alio
919 1334 975 1366 fiat,
994 1338 1021 1361 et

229 1386 302 1420 quod
320 1393 367 1420 per
382 1392 411 1412 se
425 1391 510 1410 unntn
527 1383 609 1410 habet
624 1387 783 1415 conservet;
801 1385 828 1409 et
845 1380 918 1416 quod
932 1380 1021 1414 majus

229 1436 282 1462 est.
313 1432 399 1464 ipsam
426 1437 481 1457 non
507 1433 651 1461 mutatam,
677 1433 784 1457 mutare
811 1429 856 1456 illa
874 1429 902 1455 in
921 1428 1021 1462 quibus

230 1476 311 1503 fuerit
329 1474 362 1501 ad
380 1482 458 1501 suam
480 1473 680 1508 operationem,
707 1473 852 1507 praesentia
875 1480 936 1504 sua,
952 1479 1020 1499 con-

230 1525 295 1549 stat.
311 1531 320 1547 ι
342 1520 404 1547 Haec
417 1524 509 1547 autem
524 1519 592 1546 dicit
604 1518 638 1545 de
651 1518 751 1546 unione
763 1518 844 1545 Verbi
858 1517 904 1545 Dei
917 1522 944 1545 et
957 1525 1020 1545 cor-

231 1567 316 1603 poris.
332 1565 410 1598 Quod
425 1565 449 1592 si
463 1571 546 1591 verus
557 1568 599 1591 est
612 1570 704 1591 sermo
727 1563 754 1590 in
768 1563 869 1595 anima,
881 1563 953 1598 quod
978 1563 1021 1590 in-

230 1618 362 1646 corporea
378 1611 424 1642 sit,
441 1610 528 1637 multo
544 1611 629 1644 magis
641 1609 669 1636 in
686 1608 740 1636 Deo
755 1608 855 1641 Verbo,
871 1609 944 1644 quod
962 1616 1019 1636 ma-

230 1661 273 1693 gis
298 1656 562 1691 incomparabiliter,
587 1659 615 1683 et
641 1663 675 1683 ex
692 1656 806 1682 veritate
829 1655 1019 1690 incorporeum

230 1702 348 1730 exsistit.
367 1701 446 1734 Quod
461 1700 571 1736 quidem
595 1701 708 1728 omnino
723 1701 833 1727 obturat
848 1707 896 1727 ora
912 1708 1019 1732 eorum,

230 1749 277 1784 qui
301 1755 432 1775 accusare
448 1747 646 1782 aggrediuntur
660 1746 707 1774 Dei
735 1747 864 1774 unionem
886 1754 950 1774 cum
971 1746 1021 1773 ho-

231 1794 320 1822 mine:
338 1793 390 1820 hoe
397 1793 482 1820 enim‘
493 1792 570 1819 multi
584 1792 729 1819 ridiculum
744 1799 806 1819 esse
820 1796 922 1819 temere
933 1799 1021 1818 enun-

232 1840 350 1874 tiarunt,
373 1843 401 1865 et
422 1842 536 1865 mortem
556 1838 669 1865 minime
685 1837 873 1872 probabilem:
890 1837 1019 1864 unionem

229 1895 297 1915 vero
312 1886 394 1913 etiam
412 1885 585 1912 indecorant:
605 1884 713 1911 unitum
728 1884 828 1918 quippe
844 1890 906 1910 esse
927 1883 953 1909 in
971 1890 1020 1909 na-

236 1936 297 1958 tura
324 1938 424 1958 numen
447 1929 569 1956 divinum
591 1937 642 1964 per
660 1929 814 1956 mistionem
837 1934 863 1955 et
879 1928 1018 1955 unionem.

233 1975 286 2003 Sed
301 1983 352 2002 nos
366 1975 487 2010 prohatis
497 1974 612 2001 testibus
630 1973 752 2008 ipsorum
765 1972 894 2000 adhibitis
908 1979 1020 1999 causam

237 2021 387 2048 redditnus.
402 2020 508 2047 Dicitur
523 2024 612 2047 autem
633 2019 704 2055 apud
717 2018 875 2050 nonnullos,
891 2021 918 2045 et
934 2018 1020 2052 potis-

234 2068 334 2095 simum
362 2066 558 2097 Eunomianos,
587 2066 692 2092 unitum
708 2073 769 2092 esse
792 2064 875 2092 Deum
903 2063 1020 2090 Verbum

235 2113 357 2147 corpori,
381 2120 434 2139 non
453 2112 603 2139 secundum
625 2111 781 2142 essentiam,
803 2109 851 2137 sed
870 2109 1020 2137 secundum

237 2163 369 2193 utrasque
385 2158 539 2185 facultates.
557 2158 617 2184 Non
641 2157 713 2184 enim
736 2156 903 2184 substantias
918 2156 1019 2188 unitas,

1071 1107 1269 1143 συμπλήρωσιν
1284 1106 1381 1142 ἐτέρας
1393 1107 1496 1138 οὐσίας,
1508 1106 1556 1133 καὶ
1566 1103 1636 1132 εἶναι
1654 1105 1737 1140 μέρος
1753 1104 1863 1136 οὐσίας·

1072 1154 1205 1189 μένουσαν
1224 1153 1252 1180 δὲ
1267 1153 1338 1180 κατὰ
1351 1153 1401 1188 τὴν
1417 1153 1516 1188 ἑαυτῆς
1533 1151 1625 1186 φύσιν,
1643 1152 1712 1187 μετά
1727 1151 1774 1178 τοῦ
1797 1159 1866 1186 συμ-

1071 1199 1191 1235 πληροῦν
1202 1199 1285 1234 ἀλλην
1300 1199 1404 1232 οὐσίαν,
1420 1199 1449 1225 ἓν
1457 1207 1488 1225 τε
1504 1199 1552 1226 σὺν
1564 1198 1636 1233 ἄλλῳ
1648 1199 1809 1234 γενομένην,
1820 1197 1866 1224 καὶ

1070 1247 1101 1273 τὸ
1121 1246 1181 1273 καθ’
1196 1246 1295 1281 ἑαυτὴν
1308 1245 1337 1272 ἓν
1351 1245 1545 1279 διασώζουσαν,
1568 1245 1616 1272 καὶ
1628 1245 1658 1271 τὸ
1673 1237 1865 1279 μεῖζον,αὖτὴν

1072 1293 1122 1328 μὲν
1134 1292 1171 1328 μὴ
1186 1292 1368 1328 τρεπομένην,
1384 1292 1534 1326 τρέπουσαν
1549 1290 1578 1317 δὲ
1588 1291 1680 1317 ὲκεῖνα
1692 1290 1726 1317 τὰ
1737 1291 1766 1316 ὲν
1780 1287 1822 1321 οἷς
1833 1289 1864 1316 ἂν

1071 1339 1208 1372 γίγνηται,
1230 1337 1269 1368 είς
1286 1336 1334 1372 τὴν
1358 1337 1457 1372 ἑαυτῆς
1478 1336 1619 1372 ἐνέργειαν
1635 1336 1667 1371 τῇ
1685 1335 1834 1370 παρουσίᾳ.
1852 1343 1862 1359 ι

1071 1382 1152 1416 Λέγει
1170 1382 1198 1408 δὲ
1209 1381 1296 1409 ταῦτα
1307 1381 1431 1417 περὶτῆς
1443 1374 1566 1413 ἑνῶσεως
1577 1381 1625 1408 τοῦ
1637 1381 1704 1408 Θεοῦ
1717 1381 1808 1414 Λόγου
1820 1379 1866 1406 καὶ

1071 1428 1117 1454 τοῦ
1137 1427 1271 1464 σώματος.
1288 1428 1320 1454 Et
1336 1428 1363 1454 δὲ
1379 1428 1425 1454 ἐπὶ
1445 1427 1495 1462 τῆς
1512 1427 1602 1462 ψυχῆς
1624 1426 1725 1462 ἀληθὴς
1743 1427 1757 1452 ὁ
1775 1426 1864 1461 λόγος,

1071 1474 1115 1501 διὰ
1131 1474 1162 1501 τὸ
1179 1473 1333 1509 ἀσώματον,
1345 1473 1435 1509 πολλῷ
1451 1473 1532 1500 πλέον
1552 1474 1598 1500 ἐπὶ
1612 1473 1660 1500 τοῦ
1683 1473 1751 1499 Θεοῦ
1764 1473 1863 1506 Λόγου,

1071 1520 1118 1547 τοῦ
1145 1520 1244 1555 μᾶλλον
1272 1520 1444 1555 ἀσυγκρίτως
1465 1521 1512 1546 καὶ
1540 1519 1610 1547 κατὰ
1633 1519 1762 1554 ἀλήθειαν
1790 1519 1864 1550 ὄντος

1073 1566 1230 1600 ἀσωμάτου.
1243 1565 1332 1599 Ὅπερ
1355 1566 1482 1602 ἄντικρυς
1499 1566 1668 1601 ἀποφράττει
1681 1565 1717 1592 τὰ
1744 1565 1865 1600 στόματα

1072 1611 1127 1637 τῶν
1137 1611 1348 1647 ἐπιχειρούντων
1361 1613 1522 1646 κατηγορεῖν
1535 1611 1586 1646 τῆς
1599 1611 1645 1638 τοῦ
1660 1611 1728 1637 θεοῦ
1743 1611 1865 1642 ὲνὼσεως

1074 1657 1142 1692 πρὸς
1157 1657 1201 1683 τὸν
1211 1656 1364 1692 ἄνθρωπον.
1376 1657 1397 1683 Τ
1399 1657 1413 1683 ὸ
1434 1657 1483 1692 μὲν
1497 1657 1551 1692 γὰρ
1565 1656 1722 1683 ὲδειλίασεν⁶
1736 1657 1760 1683 oi
1774 1656 1866 1683 πολλοὶ

1073 1703 1176 1738 γελοῖον
1191 1701 1259 1730 εἶναι
1271 1703 1399 1736 ἔφασκον,
1420 1703 1466 1729 τὸν
1482 1703 1510 1729 δὲ
1525 1702 1640 1729 θάνατον
1655 1703 1701 1730 καὶ
1721 1702 1864 1735 ἀπίθανον,

1073 1749 1122 1784 τὴν
1135 1749 1163 1775 δὲ
1180 1748 1276 1775 ἕνωσιν
1290 1748 1336 1775 καὶ
1350 1748 1483 1784 ἀπρεπές.
1501 1748 1634 1775 Ἦνῶσθαι
1653 1749 1707 1784 γὰρ
1722 1749 1752 1775 ὲν
1767 1749 1800 1784 τῇ
1817 1748 1866 1782 φύο

1075 1803 1115 1821 σει
1125 1795 1154 1821 τὸ
1165 1794 1235 1821 θεῖον
1248 1794 1319 1820 κατὰ
1331 1795 1428 1829 κρᾶσιν
1441 1794 1488 1820 καὶ
1504 1794 1610 1822 ἕνωσιν.
1628 1794 1697 1821 Ἀλλ’
1716 1796 1798 1830 ἡμεῖς
1810 1796 1866 1826 τοῖς

1074 1840 1225 1875 εὐδοκίμοις
1237 1840 1328 1867 αὐτῶν
1342 1841 1508 1876 χρησάμενοι
1530 1841 1675 1876 μάρτυσιν,
1685 1840 1866 1877 ἀποδιδόμεθα

1073 1886 1122 1920 τὴν
1136 1885 1236 1913 αἰτίαν.
1247 1885 1364 1919 Λέγεται
1386 1885 1414 1912 δὲ
1431 1886 1507 1921 παρά
1518 1894 1584 1918 τισι,
1603 1886 1649 1913 καὶ
1676 1886 1796 1922 μάλιστα
1811 1887 1867 1919 τοῖς

1074 1932 1259 1966 Εὑνομιανοῖς,
1275 1931 1394 1965 ἡνῶσθαι
1404 1931 1450 1958 τὸν
1467 1932 1533 1959 Θεὸν
1551 1933 1637 1967 Λόγον
1651 1933 1690 1968 τῷ
1706 1933 1825 1969 σώματι,
1835 1928 1864 1960 οὐ

1074 1978 1133 2004 κατ’
1153 1977 1259 2008 οὐσίαν,
1280 1976 1348 2002 ἀλλὰ
1370 1976 1440 2003 κατὰ
1455 1977 1505 2008 τὰς
1522 1978 1654 2012 ἑκατέρας
1670 1977 1810 2013 δυνάμεις.
1829 1979 1865 2006 οὐ

1073 2022 1128 2058 γὰρ
1153 2020 1222 2049 εἶναι
1242 2021 1291 2053 τὰς
1311 2022 1405 2053 οὐσίας
1425 2022 1475 2054 τὰς
1497 2022 1642 2056 ἑνωθείσας
1661 2023 1677 2058 ἢ
1704 2024 1864 2058 κραθείσας,

1074 2068 1142 2095 ἀλλὰ
1164 2067 1214 2099 τὰς
1229 2067 1356 2102 δυνάμεις
1369 2067 1416 2094 τοῦ
1440 2068 1565 2103 σώματος
1578 2071 1638 2101 ταῖς
1657 2069 1789 2106 δυνάμεσι
1805 2072 1864 2103 ταῖς

1075 2114 1161 2145 θείαις
1172 2114 1396 2149 συγκεκρᾶσθαι·
1410 2115 1539 2150 δυνάμεις
1552 2115 1580 2142 δὲ
1596 2115 1642 2142 τοῦ
1655 2116 1781 2150 σώματος
1799 2111 1866 2143 παν-

1074 2158 1119 2190 τὺς
1135 2158 1221 2193 δήπου
1235 2158 1282 2184 τοῦ
1303 2159 1459 2193 ὀργανικοῦ,
1476 2160 1535 2186 κατ’
1558 2161 1755 2196 Ἀριστοτέλην,
1769 2161 1864 2195 λέγου-

237 2208 284 2231 aut
301 2205 396 2231 mistas
411 2211 473 2231 esse
488 2203 667 2233 contendunt,
682 2203 729 2230 sed
744 2202 888 2230 facultates
898 2202 1019 2236 Corporis

1076 2212 1117 2230 σιν
1133 2202 1201 2230 εἶναι
1215 2203 1264 2234 τὰς
1272 2204 1422 2238 αίσθήσεις.
1431 2204 1550 2237 Ταύταις
1560 2203 1606 2232 οὖν
1616 2206 1644 2232 αἱ
1657 2206 1729 2232 θεῖαι
1736 2206 1866 2242 δυνάμεις

236 2250 338 2278 divinis
366 2249 541 2277 facultatibus
570 2249 740 2276 commislas.
766 2247 852 2275 Porro
878 2247 1022 2276 facultates

239 2295 364 2331 corporis
385 2294 507 2329 cujusvis
520 2293 654 2329 organici,
672 2294 797 2321 videlicet.
817 2301 849 2320 ex
863 2293 1021 2326 Aristotele.

233 2342 330 2368 dicunt
343 2348 403 2368 esse
418 2348 526 2368 sensus.
541 2339 589 2366 His
599 2347 664 2375 ergo
676 2340 776 2367 divinae
789 2339 934 2367 facultates
947 2347 1023 2366 com-

233 2387 321 2414 tnista:
341 2387 468 2413 unionem
482 2385 560 2420 juxta
576 2385 650 2420 ipsos
667 2384 808 2418 efficiunt;
831 2392 926 2412 verum
942 2392 1022 2412 nemo

232 2433 310 2468 ipsis,
325 2433 433 2467 Opinor,
443 2432 624 2465 concesserit,
648 2432 725 2467 quod
751 2439 849 2460 sensus
874 2439 1022 2466 corporeas

232 2479 377 2505 facultates
394 2483 566 2504 asseverent:
591 2478 692 2505 etenim
715 2478 749 2506 iis
769 2486 829 2513 qua:
843 2484 927 2513 supra
948 2478 1021 2505 dixi-

233 2532 305 2555 mus,
323 2525 374 2551 ista
389 2528 482 2558 aperte
505 2524 636 2551 distincta
654 2529 728 2555 sunt,
744 2531 868 2558 quamam
892 2524 1021 2550 nimirum

233 2570 342 2604 propria
368 2570 493 2604 corporis
515 2570 582 2602 sint.
604 2578 729 2605 quaenam
754 2571 862 2603 animae,
889 2570 1021 2597 nonnulla

232 2623 297 2643 vero
313 2616 458 2651 utriusque
474 2616 575 2644 simul:
594 2621 676 2652 atque
690 2617 717 2644 in
739 2617 857 2651 propriis
878 2617 1022 2651 utriusque

233 2669 332 2690 sensus
347 2663 529 2690 instrumenta
550 2663 710 2691 dicebamus
735 2664 962 2699 incorporearum
979 2663 1021 2689 in-

231 2706 348 2736 confuse
368 2708 496 2736 unionem
517 2708 701 2736 essentiarum
721 2708 792 2740 fieri,
818 2715 881 2735 cum
903 2707 1022 2735 divinior

232 2755 309 2782 nullo
321 2755 402 2783 modo
416 2746 571 2783 offendatur
591 2755 626 2782 ab
646 2754 792 2784 inferiore.
820 2755 874 2782 imo
890 2753 947 2780 haec
961 2757 1022 2780 tan-

188 2808 190 2810 '
232 2805 290 2828 tum
306 2801 452 2836 adjuvetur
470 2809 485 2829 a
505 2801 658 2829 diviniore:
686 2799 908 2836 quandoquidem
925 2803 1021 2826 natura

233 2854 301 2881 pure
315 2847 478 2884 incorporea
491 2847 584 2876 omnia
595 2848 707 2882 impune
722 2845 867 2882 pervolitat
882 2845 935 2873 late
949 2845 1019 2878 loca,

1075 2249 1289 2284 συγκιρνὰμεναι
1302 2249 1351 2283 τήν
1365 2249 1462 2276 ἕνωσιν
1475 2250 1677 2284 ἀπειργάσαντο
1688 2251 1864 2283 κατάὐτούς.

1074 2295 1166 2326 Οὐδεὶς
1183 2295 1212 2321 δὲ
1224 2295 1256 2321 ἂν
1277 2295 1379 2326 αὐτοῖς,
1395 2293 1483 2330 οἶμαι,
1498 2297 1684 2332 συγχωρήσειε
1702 2297 1752 2328 τὰς
1769 2297 1865 2332 αἰσθή-

1074 2350 1130 2373 σεις
1145 2341 1302 2376 σωματικὰς
1315 2341 1443 2376 δυνάμεις
1454 2342 1702 2377 ἀποφαινομένοιςθ,
1718 2342 1866 2378 Διώρισται

1072 2387 1126 2422 γὰρ
1139 2387 1168 2413 ὲν
1189 2388 1245 2418 τοῖς
1263 2386 1418 2421 ἔμπροσθεν
1436 2387 1539 2420 σαφῶς,
1559 2387 1619 2414 τίνα
1638 2388 1687 2422 μὲν
1702 2387 1756 2414 ἴδια
1770 2388 1863 2424 σώμα-

1072 2441 1132 2464 τος,
1152 2433 1214 2458 τίνα
1228 2432 1257 2458 δὲ
1273 2431 1364 2467 ψυχῆς
1376 2451 1385 2465 ,
1402 2433 1463 2460 τίνα
1482 2433 1511 2462 δὲ
1526 2433 1573 2459 τοῦ
1590 2434 1797 2469 συναμφοτέρου
1818 2434 1865 2460 καὶ

1073 2480 1101 2505 ὲν
1118 2479 1173 2509 τοῖς
1194 2477 1269 2509 ἰδίοις
1293 2478 1340 2505 τοῦ
1368 2479 1575 2514 συναμφοτέρου
1598 2479 1646 2510 τὰς
1668 2478 1874 2514 αἰσθήσεις,τὰη

1072 2524 1175 2558 ὄργανα
1204 2523 1333 2558 ἐλέγομεν
1358 2524 1412 2550 τῶν
1434 2525 1606 2560 ἀσωμάτων,
1626 2524 1788 2560 ἀσυγχύτως
1816 2525 1866 2560 τὴν

1071 2569 1168 2596 ἕνωσιν
1184 2569 1237 2596 τῶν
1253 2570 1351 2596 οὐσιῶν
1373 2570 1505 2604 γίνεσθαι,
1531 2571 1614 2605 μηδὲν
1633 2571 1865 2607 παραϐλαπτομέ-

1046 2608 1052 2614 ”
1072 2623 1121 2650 νης
1131 2616 1180 2651 τῆς
1194 2615 1332 2650 θειοτέρας
1343 2616 1375 2642 ὲκ
1386 2616 1435 2651 τῆς
1447 2616 1644 2653 ὑποδεεστέρας
1653 2636 1660 2648 ,
1681 2617 1750 2644 ἀλλὰ
1763 2618 1866 2652 ταύτης

1074 2661 1153 2696 μόνον
1179 2660 1372 2696 ὠφελουμένης
1392 2662 1425 2688 ἐκ
1450 2662 1500 2697 τῆς
1528 2661 1667 2697 θειοτέρας
1685 2671 1693 2679 ·
1715 2663 1833 2698 ἐπείπερ
1847 2664 1864 2698 ή

1072 2706 1200 2742 καθαρῶς
1217 2706 1361 2742 ἀσώματος
1381 2707 1461 2740 φύσις
1483 2709 1568 2743 χωρεῖ
1587 2708 1636 2744 μὲν
1657 2709 1806 2740 ἀκωλύτως
1823 2708 1877 2736 διὰ,

1073 2754 1191 2785 πάντων,
1212 2753 1245 2780 δι’
1258 2753 1343 2788 αὐτῆς
1354 2754 1382 2780 δὲ
1395 2754 1473 2780 οὐδέν
1484 2763 1490 2770 ·
1509 2754 1578 2781 ὥστε
1593 2755 1623 2782 τὸ
1639 2755 1689 2791 μιν
1707 2757 1808 2792 χωρεῖν
1818 2756 1866 2783 αὺ-

1072 2800 1121 2836 τὴν
1136 2799 1180 2826 διὰ
1198 2798 1307 2826 πάντων
1322 2799 1461 2834 ἡνῶσθαι,
1475 2800 1505 2826 τὸ
1521 2800 1548 2826 δὲ
1569 2801 1652 2836 μηδὲν
1668 2801 1703 2828 δι’
1712 2802 1798 2837 αὐτῆς
1816 2801 1865 2837 μέ-

1073 2854 1128 2872 νειν
1154 2844 1268 2880 ἄμικτον
1284 2845 1332 2872 καὶ
1354 2845 1513 2881 ἁσύγχυτον.
1533 2846 1590 2873 Οὐκ
1617 2847 1726 2883 εὐδοκία
1748 2848 1837 2875 τοίνυν
1854 2848 1867 2874 ὸ
