1954 3079
77 151 121 178 εει
636 152 649 186 ς
701 148 858 177 EPISTOLA

910 148 1066 177 ANONICA.

1642 149 1695 177 22‘]

77 210 154 240 τύπος
167 207 218 242 τῆς
233 205 369 240 ἑνώσεως,
382 206 419 238 ὥς
434 215 488 233 τισι
501 206 556 233 τῶν
568 205 680 239 ἐνδόξων
697 207 800 243 ἀνδρῶν
815 207 858 234 δο-

911 212 938 234 ει
955 214 1003 242 per
1023 206 1109 241 ipsam
1131 205 1199 233 nihil
1217 208 1355 240 penetrat:
1383 205 1421 233 ita
1444 210 1474 233 ut
1489 205 1531 233 vis
1553 205 1598 233 illa
1613 214 1697 241 pene-

78 252 194 281 κεῖ·ἁλλ“
209 253 226 287 ἡ
238 252 322 286 φύσις
334 252 418 279 αἰτία.
435 251 472 278 Τὸ
486 252 535 286 μὲν
552 252 605 287 γὰρ
623 251 765 279 ἀναλαϐεῖν
782 252 861 287 σῶμα

79 299 130 326 κατ’
141 297 265 324 εὐδοκίαν
277 297 350 324 εἴποι
363 304 406 328 τις
416 296 448 323 ἂν
460 297 578 331 εὐλόγως
596 297 758 332 γεγενῆσθαι
769 306 775 313 ’
791 298 821 324 τὸ
833 297 861 324 δὲ

78 343 220 378 ἑνούμενον,
235 342 289 378 [μὴ
314 343 362 369 καὶ
376 343 425 374 τὰς
449 341 641 377 καταὸἀσειςῚ
649 340 729 370 εἶναι.
754 343 861 369 Βέλτιον

77 387 126 422 οὖν,
138 388 175 419 ὡς
187 388 365 423 προείρηται,
377 387 446 414 κατὰ
454 388 503 423 τὴν
512 388 569 414 οικε
574 387 615 414 ίαν
625 387 715 422 φύσιν.
725 388 794 420 Τοὺς
807 388 862 423 γὰρ

55 433 58 434 ⁷
77 434 187 470 βαθμοὺς
199 433 256 460 τῶν
272 433 378 469 ψυχῶν,
398 433 445 460 καὶ
467 433 518 465 τὰς
530 433 685 465 ἀναϐάσεις,
700 433 734 465 ἃς
754 433 859 468 Ὦριγέ-

76 489 117 515 vr);
131 479 233 511 εἰσάγει
243 498 251 511 ,
276 479 360 514 μηδὲν
379 479 543 514 συνᾳδούσας
555 480 614 510 ταῖς
629 478 713 510 θείαις
728 479 858 514 Γραφαῖς,

76 526 135 561 μηδὲ
164 525 360 560 προσηκούσας
386 526 442 557 τοῖς
459 524 512 552 τῶν
538 524 708 560 Χριστιανῶν
723 525 858 560 δόγμασι,

75 571 278 606 παραλειπτέον.

915 251 1004 279 trandi
1018 258 1066 286 per
1076 251 1167 278 omnia
1181 251 1302 283 uniatur,
1318 251 1406 278 virtus
1422 257 1485 278 vero
1500 258 1553 285 qua
1567 251 1635 278 nihil
1650 258 1697 286 per

910 298 998 332 ipsam
1015 297 1125 327 transit,
1138 300 1246 324 maneat
1257 296 1372 323 illibata.
1387 295 1570 329 Quamobrem
1587 297 1697 325 unionis

911 342 1008 370 modus
1026 349 1081 370 non
1100 341 1133 368 ad
1147 341 1274 376 placitum
1290 344 1342 374 est,
1357 345 1388 368 ut
1403 341 1566 376 quibusdam
1582 341 1697 369 illustri-

911 388 962 416 bus
978 388 1045 416 viris
1063 387 1180 419 videtur,
1198 386 1246 414 sed
1268 390 1366 413 natura
1379 393 1462 414 causa
1476 391 1527 414 est.
1543 386 1610 414 Nam
1623 386 1696 421 quod

912 434 1093 469 assumpserit
1120 439 1221 467 corpus
1245 439 1279 459 ex
1304 432 1484 466 beneplacito,
1513 431 1613 460 factum
1635 440 1697 460 esse

910 480 972 515 jure
987 479 1086 507 merito
1099 480 1161 514 quis
1180 479 1272 506 dicere
1285 478 1382 513 possit,
1397 478 1469 513 quod
1488 482 1577 506 autem
1591 478 1695 510 unitur,

912 532 968 552 non
981 525 1130 553 secundum
1144 524 1294 553 descensus
1307 531 1386 552 esse:
1403 524 1518 558 proinde
1539 524 1648 557 melius,
1666 529 1696 551 ut

912 575 976 598 ante
988 571 1090 598 dictum
1105 576 1158 605 est,
1173 570 1250 605 juxta
1260 569 1398 605 propriam
1411 574 1548 596 naturam.
1561 569 1695 596 Calerum

75 619 215 647 animarum
237 617 345 652 gradus
361 621 388 645 et
405 624 537 645 ascensus
563 619 591 644 et
615 616 765 644 descensus
791 625 860 651 quos
879 616 1011 653 Origenes
1033 616 1149 648 inducit,
1177 620 1208 643 ut
1247 615 1323 643 nulla
1334 614 1386 650 vin
1409 622 1438 642 re
1455 614 1557 642 divinis
1581 615 1696 650 eloquiis

74 665 252 697 concinentes,
288 671 379 700 neque
404 663 622 692 Christianorum
647 662 764 690 decretis
791 668 987 699 congruentes,
1003 663 1212 698 praetermittere
1227 669 1277 697 par
1293 665 1346 690 est.

79 750 1458 786 ﬁrm

707 767 1684 784 w

728 849 842 892 ΤΟΥ
869 847 1056 892 ΑΥΤΟΥ

439 953 838 1015 ΕΠΙΣΤΟΛΗ

911 955 1335 1014 ΚΑΝΟΝΙΚΗ

385 1063 476 1092 ΠΡΟΣ
501 1064 570 1091 ΤΟΝ
591 1064 637 1091 ΕΝ
655 1063 766 1091 ΔΓΙΟΙΣ
783 1062 938 1090 ΛΗΤΟΙΟΝ
953 1062 1153 1090 ΕΠΙΣΚΟΠΟΝ
1168 1062 1371 1090 ΜΕΛΙΤΙΝΗΣ.

853 1153 892 1160 -.

538 1225 602 1270 EJ
615 1225 809 1270 USDEM
847 1224 894 1269 S.
921 1222 1212 1270 GREGORII

428 1342 835 1402 EPISTOLA

910 1339 1337 1397 CANONIGA

535 1461 579 1487 AD
600 1460 628 1488 S.
650 1456 805 1486 LETOlUM
818 1455 1003 1484 MELlTlNES
1025 1454 1229 1484 EPISCOPUM.

676 1618 800 1643 Gentiano
813 1617 922 1642 Herveto
932 1617 1078 1648 interprete.

101 1769 146 1795 Ἓν
159 1768 206 1795 καὶ
219 1767 304 1795 τοῦτο
313 1767 371 1794 τῶν
381 1768 420 1800 είς
431 1767 480 1803 τὴν
491 1766 572 1802 ἁγίαν
587 1767 683 1803 ἑορτὴν
700 1766 856 1794 συντελούν-

945 1765 1023 1802 [Cum
1034 1765 1045 1792 l
1056 1770 1081 1792 et
1092 1764 1134 1801 2.]
1147 1763 1239 1792 llnuln
1248 1763 1302 1791 hoc
1313 1771 1421 1799 quoque
1432 1767 1579 1791 esteorum
1590 1771 1652 1799 qua!
1662 1764 1697 1791 ad

71 1821 118 1841 των
132 1815 205 1847 ἐστι,
228 1814 260 1840 τὸ
288 1813 459 1848 κατανοῆσαι
475 1814 549 1848 ἡμᾶς
564 1812 613 1848 τὴν
629 1813 740 1848 ἐννομόν
760 1821 790 1839 τε
811 1812 858 1840 καὶ

73 1861 205 1896 κανονικὴν
232 1860 281 1887 ἐπὶ
303 1860 361 1886 τῶν
389 1859 659 1895 πεπλημμεληκότων
684 1858 857 1894 οἰκονομίαν·

71 1905 136 1938 ὄπως
148 1905 179 1932 ἂν
193 1901 386 1941 θεραπευθείή
397 1905 451 1931 πᾶν
463 1903 590 1939 ἀρῤώστη
596 1913 632 1938 μα
646 1902 805 1938 ψυχικὸν,τὺ
815 1903 859 1929 διά

71 1959 134 1983 τινος
146 1952 287 1986 ἁμαρτίας
299 1950 499 1985 ὲπιγινὸμενον.
514 1948 622 1984 Ἐπειδὴ
635 1949 688 1984 γὰρ
699 1949 716 1984 ὴ
728 1947 858 1984 καθολικὴ

72 1996 112 2022 καὶ
131 1995 199 2031 αὕτη
221 1995 276 2030 τῆς
306 1995 422 2026 κτίσεως
443 1994 523 2029 ἑορτὴ
538 1994 609 2020 κατὰ
626 1994 676 2028 τὴν
690 1993 858 2029 τεταγμένην

73 2042 183 2077 πρὼδον
195 2041 244 2067 τινιῦ
265 2040 435 2067 ἐνιαυσιαίου
458 2039 559 2066 κύκλου
573 2039 635 2066 καθ’
651 2039 764 2066 ἕκαστον
788 2039 857 2072 ἔτος,

72 2086 96 2112 ἐν
117 2086 193 2112 παντὶ
219 2084 401 2120 πληρουμένη
424 2083 463 2119 τῷ
487 2084 598 2119 κόσμῳ,
621 2083 668 2110 ἐπὶ
683 2084 716 2118 τῇ
738 2082 858 2110 ἀναστά-

73 2140 108 2158 σει
118 2131 163 2158 τοῦ
183 2131 367 2162 πεπτωκότος
387 2130 549 2156 ἐπιτελεῖται
566 2137 573 2144 ·
591 2129 694 2160 πτῶσις
707 2128 735 2155 δέ
751 2129 825 2155 ἐστιν
840 2128 857 2164 ἡ

72 2177 181 2213 ἁμαρτία
190 2186 196 2192 ·
213 2177 369 2207 ἀνάστασις
380 2174 409 2202 δὲ
420 2176 479 2210 ή’ὲκ
491 2175 537 2201 τοῦ
549 2174 694 2209 πτώματος
708 2174 757 2209 τῆς
769 2175 859 2210 ἁμαρ-

71 2223 123 2255 τίας
150 2222 324 2258 ἀνόρθωσις-
348 2220 438 2252 καλῶς
456 2220 488 2247 ἃν
515 2220 570 2255 ἔχοι
587 2220 657 2247 κατὰ
680 2220 729 2255 τὴν
752 2220 858 2255 ἡμέραν

71 2268 173 2304 ταύτην,
195 2269 228 2294 οὐ
259 2267 344 2303 μόνον
362 2267 424 2298 τοὺς
438 2267 471 2293 ὲκ
485 2265 692 2300 παλιγγενεσίας
715 2273 857 2300 μεταστοι-

72 2313 235 2348 χειουμένους
264 2312 312 2339 διὰ
335 2311 384 2346 τῆς
402 2310 448 2337 τοῦ
464 2311 577 2346 λουτροῦ
600 2311 710 2346 χάριτος
732 2310 772 2346 τῷ
799 2310 858 2346 Θεῷ

73 2359 222 2393 προσάγειν,
237 2357 312 2385 ἀλλὰ
327 2357 375 2384 καὶ
392 2358 454 2389 τοὺς
471 2357 514 2384 διὰ
533 2357 583 2392 τῆς
603 2357 746 2392 μετανοίας
763 2365 794 2382 τε
811 2357 858 2383 καὶ

72 2404 230 2439 ἐπιστροφῆς
246 2404 307 2430 ἀπὸ
331 2402 385 2429 τῶν
406 2403 509 2438 νεκρῶν
534 2403 622 2437 ἔργων
640 2403 680 2434 είς
702 2402 752 2437 τὴν
769 2402 859 2434 ζῶσαν

909 1815 1035 1839 sanctum
1047 1809 1146 1838 festum
1155 1809 1313 1843 conferunt,
1325 1811 1347 1838 si
1357 1810 1603 1846 nosintelligamus
1611 1811 1700 1847 legiti-

909 1865 981 1884 mam
996 1861 1023 1884 et
1036 1857 1198 1885 canonicam
1211 1856 1237 1883 in
1248 1856 1282 1883 iis
1291 1857 1337 1891 qui
1349 1861 1497 1892 peccarunt
1504 1858 1697 1891 mconomiam,

909 1909 939 1931 ut
955 1908 1067 1931 curetur
1090 1904 1180 1930 omnis
1201 1903 1314 1931 morbus
1336 1903 1434 1930 animae
1452 1903 1498 1938 qui
1517 1910 1566 1938 per
1586 1903 1698 1938 aliquod

908 1953 1051 1985 peccatum
1072 1948 1184 1976 accidit.
1201 1948 1336 1981 Quoniam
1352 1949 1426 1976 enim
1450 1948 1502 1976 hoc
1521 1953 1564 1976 est
1583 1949 1698 1976 univer-

909 1996 966 2023 sale
1002 1995 1102 2023 festum
1119 1994 1280 2027 creationis,
1301 1994 1374 2029 quod
1394 1994 1422 2021 in
1440 1994 1594 2029 praestituto
1612 1995 1697 2022 annui

909 2041 1006 2069 circuli
1023 2040 1139 2072 ambitu.
1155 2040 1274 2075 singulis
1289 2040 1370 2068 armis
1391 2040 1419 2067 in
1435 2040 1565 2068 universo
1582 2041 1695 2074 mundo,

908 2089 1020 2121 propter
1037 2085 1097 2119 ejus
1111 2084 1157 2119 qui
1173 2085 1316 2112 ceciderat
1325 2085 1568 2116 resurrectionem,
1587 2085 1694 2121 peragi-

909 2136 954 2158 tur
972 2133 1070 2166 (casus
1087 2133 1179 2157 autem
1204 2133 1246 2157 est
1269 2133 1423 2164 peccatum,
1441 2130 1606 2158 resurrectio
1619 2138 1696 2163 vero,

907 2183 941 2204 ex
957 2176 1060 2211 peccati
1074 2183 1140 2203 casu
1151 2176 1280 2211 erectio),
1291 2179 1365 2203 recte
1377 2175 1514 2207 habuerit,
1528 2176 1551 2203 si
1564 2176 1697 2203 hodierno

908 2222 952 2249 die
963 2230 1018 2249 non
1032 2221 1120 2248 solum
1136 2228 1184 2248 eos
1194 2221 1242 2255 qui
1256 2228 1290 2248 ex
1305 2220 1516 2255 regeneratione
1531 2228 1580 2256 per
1593 2221 1697 2248 lavacri

908 2267 1025 2302 gratiam
1050 2265 1229 2293 transmutati
1246 2268 1320 2297 sunt,
1349 2264 1382 2292 ad
1404 2264 1489 2292 Deum
1517 2259 1698 2299 adducamus,

909 2312 958 2340 sed
974 2319 1023 2339 eos
1045 2311 1128 2338 etiam
1146 2311 1193 2345 qui
1215 2317 1262 2345 per
1279 2309 1471 2345 paenitentiam
1487 2313 1515 2337 et
1538 2309 1698 2344 conversio:

909 2366 983 2390 nem,
1004 2365 1020 2384 a
1032 2357 1149 2384 mortuis
1164 2356 1295 2391 operibus
1310 2355 1344 2382 ad
1360 2355 1497 2383 viventem
1511 2355 1584 2382 viam
1601 2363 1698 2384 ascen-

909 2403 989 2435 dunt,
1005 2403 1038 2430 ad
1053 2410 1129 2437 spem
1142 2409 1202 2436 quae
1212 2401 1304 2429 salvos
1314 2408 1361 2429 eos
1378 2401 1461 2428 faciat
1474 2405 1602 2435 tanquam
1614 2409 1695 2428 manu

71 2449 123 2475 ὁδὸν
134 2450 213 2476 πάλιν
222 2449 401 2480 ἐπανιόντας,
414 2449 462 2475 καὶ
474 2448 584 2481 τούτους
597 2450 776 2485 χειραγωγεῖν
790 2449 858 2485 πρὸς

912 2449 1091 2480 deducamus,
1108 2455 1123 2474 a
1137 2455 1190 2482 qua
1205 2454 1253 2482 per
1267 2451 1411 2482 peccatum
1430 2446 1540 2474 alienati
1555 2450 1629 2474 sunt.
1644 2446 1698 2474 Ne-

72 2494 115 2530 τὴν
129 2495 269 2527 σώζουσαν
282 2494 393 2526 ὲλπίδα,
407 2492 441 2529 ἦς
453 2494 497 2521 διὰ
510 2495 560 2530 τῆς
575 2495 710 2531 ἁμαρτίας
721 2494 860 2528 ἀπεξενῶ-

73 2539 158 2574 θησαν.
176 2540 295 2567 Ἔστιδὲ
311 2540 342 2567 οὐ
355 2540 451 2576 μικρὸν
461 2540 550 2576 ἔργον,
564 2541 594 2567 τὸ
606 2541 668 2572 τοὺς
683 2541 745 2577 περὶ
758 2540 860 2568 τούτων

72 2585 158 2620 λόγους
168 2587 353 2622 οἰκονομῆσαι
366 2586 395 2613 ὲν
408 2588 440 2622 τῇ
454 2586 520 2622 ὀρθῇ
537 2595 567 2613 τε
584 2588 632 2613 καὶ
644 2586 860 2622 δεδοκιμασμένῃ

74 2632 166 2666 κρίσει,
184 2632 257 2659 κατὰ
277 2633 312 2658 τὸ
336 2631 518 2668 παράγγελμα
541 2632 588 2659 τοῦ
605 2633 757 2668 Προφήτου,
769 2632 800 2658 τὸ
812 2641 860 2658 κε-

71 2675 141 2705 λεῦον
155 2678 211 2705 δεῖν
234 2678 409 2713 οἰκονομεῖν
432 2678 502 2712 τὸυς
513 2680 625 2713 λόγους
636 2678 671 2705 ἐν
682 2679 790 2712 κρίσει,
801 2679 855 2711 ἵνα,

74 2723 157 2755 καθὼς
171 2723 270 2759 almo
284 2723 386 2757 λόγιον,
399 2723 476 2757 μήτε
487 2723 622 2757 σαλευθτῖ
629 2725 672 2756 εἰς
683 2723 737 2750 τὸν
753 2723 855 2756 αἰῶνα,

74 2769 118 2795 καὶ
142 2770 184 2802 εις
209 2769 416 2804 μνημόσυνον
440 2770 557 2797 αἰώνιον
586 2769 705 2804 γένηται
733 2769 856 2802 δίκαιος.

105 2853 126 2869 ³³
139 2853 209 2883 Psal.
220 2849 288 2888 ἐτι,
313 2854 331 2881 9
343 2862 405 2889 sqq.

911 2501 964 2528 que
977 2499 1043 2520 vero
1060 2494 1259 2527 parvum'opus
1276 2495 1327 2522 est,
1345 2497 1388 2524 ea,
1405 2498 1467 2525 qua:
1481 2490 1515 2518 de
1532 2491 1568 2518 iis
1583 2491 1698 2518 dicenda

912 2544 986 2571 sunt,
1001 2539 1029 2565 in
1047 2543 1123 2565 recto
1138 2540 1165 2565 et
1185 2537 1299 2572 probato
1311 2535 1416 2570 judicio
1431 2536 1603 2571 dispensare,
1619 2535 1698 2571 juxta

911 2588 1078 2620 praeceptum
1096 2582 1248 2617 Propheta),
1267 2581 1341 2616 quod
1357 2581 1435 2616 jubet
1452 2585 1579 2616 oportere
1596 2589 1698 2608 sermo«

911 2639 956 2658 nes
977 2629 1134 2663 dispensare
1158 2628 1185 2655 in
1195 2627 1311 2661 Judicio,
1330 2630 1360 2653 ut
1372 2625 1600 2661 quemadmodum
1616 2626 1698 2653 habet

910 2676 1032 2703 divinum
1048 2674 1188 2702 oraculum
1200 2693 1207 2704 ,
1229 2681 1281 2700 non
1299 2678 1434 2699 moveatur
1454 2672 1482 2698 in
1501 2675 1629 2698 wternum
1642 2691 1649 2703 ,
1667 2676 1692 2698 et

910 2721 938 2748 in
947 2726 1047 2748 (eterna
1057 2719 1185 2747 memoria
1194 2719 1228 2745 sit
1236 2711 1325 2753 justus
1331 2716 1364 2743 ⁸³.
1377 2715 1611 2749 Quemadmodum
1623 2716 1697 2744 enim

912 2767 992 2796 etiam
1009 2766 1037 2794 in
1054 2765 1191 2802 corporali
1217 2764 1333 2796 medela,
1354 2769 1438 2790 unum
1458 2765 1501 2790 est
1520 2761 1631 2798 quidem
1654 2761 1697 2791 ln-
