1954 3079
223 139 276 167 223

836 127 864 156 S.
885 127 1049 156 GREGORH
1069 128 1214 156 NYSSEN!

1797 125 1853 155 224

225 195 349 220 stitutum
361 187 512 219 medicinae,
525 193 624 215 sanare
635 194 697 214 eum
709 187 756 221 qui
772 187 889 218 laborat,
903 187 1009 214 varium

1071 185 1167 222 Ὠσπερ
1179 187 1233 221 γὰρ
1246 186 1292 212 καὶ
1304 186 1350 213 ἐπὶ
1364 185 1413 220 τῆς
1428 185 1585 220 σωματικῆς
1598 184 1756 220 θεραπείας,
1770 186 1785 211 ό
1801 185 1853 219 μὲν

227 241 317 264 autem
335 239 376 263 est
398 232 550 261 curationis
572 240 658 267 genus
681 234 746 267 (pro
762 232 920 259 morborum
939 232 1010 259 enim

227 282 370 314 varietate.
394 277 589 304 convenienter
613 284 723 310 quoque
741 276 882 303 medicina:
907 275 1013 302 metho-

227 328 280 354 dus
304 333 336 353 ac
362 323 509 357 disciplina
538 322 689 357 unicuique
714 321 809 348 morbo
834 321 1012 355 applicatur),

228 372 264 398 ita
281 378 342 398 cum
356 369 440 396 multa
453 369 489 396 sit
505 369 531 395 in
546 368 649 395 morbis
663 375 770 402 quoque
783 367 880 394 animae
894 367 1014 394 affectio-

227 423 291 440 muu
312 414 443 444 varietas,
459 412 637 439 multiformis
653 420 762 447 quoque
782 412 938 439 necessario
955 411 1014 439 fue-

227 461 263 487 rit
283 460 387 486 medica
402 458 520 490 curatio,
549 458 583 485 ad
599 457 753 485 affectionis
778 458 912 484 rationem
930 457 1014 484 medi-

228 507 317 533 cinalll
337 513 479 532 exercens.
498 503 532 531 Ut
556 504 591 530 sit
607 507 697 530 autem
724 507 782 530 arte
801 503 892 538 aliqua
917 510 1016 538 proce~

229 552 296 578 deus
316 552 462 586 proposita:
477 549 638 585 qumstionis
654 548 810 582 methodus,
832 556 888 576 rem
905 549 941 575 ita
957 552 1014 575 tra—

230 598 373 624 ctabimus.

266 690 330 717 Tria
360 693 424 716 sunt
442 696 502 723 quae
528 687 554 714 in
576 688 665 714 anima
693 691 786 714 nostra
806 685 1016 713 considerantur

232 736 379 764 secundum
398 735 512 770 primam
521 734 703 761 divisionem:
721 733 800 764 ratio,
817 731 1015 766 concupiscen-

232 783 281 813 tia,
301 786 328 809 et
346 782 396 808 ira.
421 780 449 807 ln
472 780 506 807 iis
530 783 636 806 suntet
660 784 733 806 recte
761 778 831 805 facta
854 784 948 804 eorum
969 776 1015 811 qui

231 835 263 854 ex
284 827 380 853 virtute
401 826 504 858 vivunt,
525 828 552 852 et
576 824 675 852 delicta
697 831 835 858 casusque
851 830 945 850 eorum
969 821 1015 856 qui

233 874 265 900 ad
292 873 387 900 vitium
413 871 581 897 dilabuntur.
607 870 789 903 Quamobrem
818 872 925 904 oportet
954 875 1016 894 eum

232 919 277 954 qui
294 918 435 952 aegrotanti
450 917 547 944 animae
567 917 637 951 parti
658 916 866 942 convenientem
884 914 1016 941 medelam

231 967 273 990 est
303 962 496 993 adhibiturus,
520 960 598 996 prius
637 959 747 995 quidem
777 959 952 987 considerare
990 958 1017 984 in

232 1015 351 1044 quonam
386 1007 515 1035 consistit
543 1006 670 1038 aﬂ‘cctio,
696 1005 794 1032 deinde
819 1005 860 1032 sic
882 1004 1017 1031 laboranti

233 1054 440 1081 convenientem
459 1051 590 1079 medelam
605 1051 752 1086 applicare,
777 1058 812 1077 ne
835 1053 946 1085 propter
961 1056 1019 1076 me-

233 1099 302 1126 dica:
316 1098 468 1133 disciplinaa
485 1097 677 1132 ignorantiam,
700 1095 753 1122 alia
777 1095 887 1130 quidem
905 1095 941 1122 sit
955 1101 1018 1129 pars

233 1153 294 1180 quae
318 1148 441 1179 aegrotat,
470 1143 522 1169 alia
543 1150 607 1169 vero
627 1142 670 1169 cui
688 1146 730 1169 est
752 1141 875 1168 adhibita
898 1141 1017 1168 medela:

235 1192 307 1218 sicut
334 1194 407 1217 certe
427 1189 529 1217 multos
549 1189 676 1216 videmus
693 1187 824 1219 medicos,
842 1187 888 1222 qui
909 1191 1020 1222 propter

234 1240 323 1274 primo
348 1238 451 1265 alfectre
471 1238 557 1272 partis
586 1238 785 1272 ignorationem
809 1237 935 1264 morbum
963 1236 1020 1263 suis

233 1284 440 1312 medicamentis
461 1283 607 1316 adaugent.
625 1282 693 1309 Cum
725 1283 797 1309 enim
821 1289 893 1316 saepe
905 1281 1020 1310 exsistat

234 1331 346 1357 morbus
360 1333 472 1364 propter
493 1328 706 1355 dominationem
734 1333 761 1355 et
781 1328 1019 1362 exsuperationem

234 1375 332 1406 calidi,
364 1373 493 1408 quoniam
519 1372 553 1399 iis
576 1372 623 1407 qui
650 1376 760 1407 propter
787 1373 898 1400 nimiam
929 1372 1020 1407 frigidi

235 1419 428 1446 abundantiam
451 1418 521 1445 male
537 1418 625 1445 affecti
639 1422 714 1447 sunt,
733 1417 799 1444 utile
818 1421 860 1444 est
882 1417 953 1452 quod
976 1425 1021 1444 ca-

236 1464 326 1492 lefacit
351 1466 377 1491 et
403 1462 540 1496 confovet,
566 1463 591 1489 id
607 1463 678 1497 quod
697 1463 751 1490 illis
768 1471 800 1490 ex
819 1463 925 1489 ratione
943 1462 1021 1489 adbi-

236 1511 321 1538 bitum
341 1509 461 1537 confert:
479 1509 550 1536 idem
569 1509 603 1536 iis
617 1509 662 1543 qui
684 1509 862 1536 immoderata
884 1509 1020 1536 caliditate

236 1555 454 1587 succenduntur,
478 1554 678 1582 inconsiderate
692 1555 875 1589 applicantes,
898 1555 1020 1582 efficiunt

237 1605 266 1627 ut
283 1600 319 1627 sit
336 1599 446 1626 morbus
473 1602 568 1625 curatu
587 1598 775 1625 difficillimus.
788 1598 1021 1631 Quemadmodum

237 1653 302 1680 ergo
324 1645 438 1671 medicis
469 1643 496 1670 in
514 1644 608 1678 primis
629 1645 784 1670 necessaria
809 1644 963 1670 existimata
979 1648 1021 1671 est

237 1692 433 1718 elementorum
450 1689 623 1724 proprietatis
645 1689 774 1723 cognitio,
798 1693 827 1715 ut
847 1689 1023 1720 uniuscujus-

237 1744 290 1771 que
316 1744 411 1763 eorum
438 1743 498 1770 qua:
523 1736 590 1762 bene
607 1736 648 1762 vel
677 1735 746 1762 male
772 1735 919 1761 constituta
945 1738 1020 1765 sunt,

193 1791 196 1795 '
237 1783 264 1809 id
287 1782 358 1816 quod
374 1785 471 1816 prmlcr
493 1785 618 1808 naturam
637 1781 761 1807 affectum
786 1785 837 1812 est,
853 1781 1021 1814 corrigatur:

238 1827 278 1854 sic
301 1832 326 1853 ct
355 1835 414 1859 nos,
434 1826 467 1852 ad
491 1826 561 1853 hanc
585 1831 756 1853 recurrentes
776 1826 947 1857 divisionem,
963 1834 1024 1860 qua:

237 1876 279 1900 est
305 1880 398 1898 eorum
420 1880 480 1906 qua;
505 1872 531 1898 in
560 1872 649 1899 anima
676 1871 893 1909 considerantur,
922 1872 1022 1906 princi-

236 1922 310 1956 pium
346 1922 373 1944 ει
400 1917 607 1944 fundamentum
639 1918 827 1944 convenientis
849 1917 1022 1944 all‘ecttunum

238 1964 388 1991 curationis
415 1964 570 1998 generalem
596 1963 729 1991 faciamus
753 1964 1020 1998 contemplationem.

238 2009 381 2036 Trifariam
398 2017 471 2044 ergo,
493 2014 521 2036 ut
533 2010 663 2042 diximus,
678 2009 765 2036 divisa
780 2010 947 2044 proprietate
964 2017 1023 2036 tno-

237 2056 341 2082 tiomnn
363 2056 470 2086 animm,
496 2055 522 2082 in
551 2056 696 2087 rationem,
719 2055 970 2090 concupiscentiam
996 2059 1024 2082 et

238 2102 306 2128 iram
325 2111 330 2128 :
349 2101 463 2128 rationis
480 2101 588 2136 quidem
608 2102 740 2136 compotis
764 2101 861 2127 anima:
877 2101 961 2135 partis
981 2103 1023 2127 est

239 2148 391 2181 perfectum
416 2151 443 2173 et
466 2154 498 2173 ex
515 2147 614 2174 virtute
633 2150 707 2173 recte
722 2154 751 2173 se
777 2153 874 2180 gerens
890 2145 1022 2183 officium,

1062 233 1162 263 σκοπὸς
1173 232 1222 266 τῆς
1236 231 1360 267 ἰατρικῆς
1369 228 1407 262 εἷς
1417 231 1523 262 ὲστιιτὸ
1538 231 1647 265 ὑγιᾶναι
1665 231 1712 257 τὸν
1733 230 1856 265 κάμνον-

1062 287 1106 305 τα·
1115 278 1146 304 τὸ
1159 278 1186 304 δὲ
1200 277 1268 308 εἶδος
1277 278 1326 312 τῆς
1340 277 1495 313 ὲπιμελείας
1505 277 1631 311 διάφορον
1640 284 1646 290 ⁸
1659 275 1729 302 κατὰ
1739 275 1795 310 γὰρ
1803 275 1852 310 τὴν

1063 324 1198 350 ποικιλίαν
1214 324 1267 351 τῶν
1284 323 1507 359 ἀρρωστημάτων
1529 321 1701 357 καταλλήλως
1719 321 1767 347 καὶ
1781 321 1798 353 ή
1813 321 1854 346 θεμ-

1064 369 1216 405 ραπευτικὴ
1233 369 1342 404 μέθοδος
1359 369 1464 404 ἑκάστῳ
1480 368 1533 394 τῶν
1545 367 1704 403 νοσημάτων
1716 367 1853 402 προσάγε-

1062 424 1107 442 ται
1122 424 1128 430 ·
1144 415 1214 441 οὕτω
1229 415 1328 450 πολλῆς
1343 414 1425 448 οῦτης
1444 414 1490 440 καὶ
1507 415 1534 440 ὲν
1548 415 1580 448 τῇ
1596 414 1696 448 ψυχικῇ
1718 413 1790 447 νόσῳ
1804 413 1852 447 τῆς

1064 462 1117 488 τῶν
1126 461 1220 488 παθῶν
1230 461 1374 492 ποικιλίας,
1385 461 1539 495 ἀναγκαίως
1552 461 1692 495 πολυειδὴς
1708 460 1854 494 γενήσεται

1063 508 1080 542 ἡ
1098 507 1280 542 θεραπευτικὴ
1306 507 1463 542 ἐπιμέλεια,
1482 506 1549 540 πρὸς
1572 505 1649 539 λόγον
1672 505 1719 532 τοῦ
1751 505 1854 536 πάθους

1065 552 1212 587 ὲνεργοῦσα
1234 553 1283 586 τὴν
1309 551 1388 578 ἴασιν.
1411 552 1454 582 Ὧς
1468 550 1533 577 δ’ἂν
1558 550 1661 584 γένοιτό
1682 558 1724 581 τις
1741 548 1855 584 τεχνικὴ

1067 598 1176 632 μέθοδος
1186 597 1304 633 περὶτοῦ
1315 597 1496 632 προκειμένου
1514 596 1616 631 προσλή
1621 604 1713 630 ματος,
1725 594 1800 621 οὕτω
1809 593 1854 620 τδν

1065 643 1142 677 λόγον
1158 643 1352 678 διαληψόμεθα.

1101 690 1169 725 Τρία
1195 690 1253 716 ἐστὶ
1270 690 1302 716 τὰ
1321 690 1384 724 περὶ
1401 689 1450 724 τὴν
1474 688 1561 723 ψυχὴν
1580 687 1656 723 ἡμῶν
1678 686 1856 723 θεωρούμενα

1066 736 1136 762 κατὰ
1156 737 1206 771 τὴν
1227 735 1338 771 πρώτην
1361 736 1508 770 διαίρεσιν·
1529 735 1559 761 τό
1572 743 1602 760 τε
1617 734 1746 768 λογικὸν,
1765 733 1812 759 καὶ
1827 732 1857 758 τὸ

1067 781 1276 816 ἐπιθυμητικὸν,
1297 781 1344 807 καὶ
1370 781 1399 807 τὸ
1426 779 1572 814 θυμοειδές.
1596 779 1640 806 Ἐν
1666 779 1774 809 τούτοις
1799 777 1857 803 ἐστὶ

1068 827 1114 853 καὶ
1125 827 1160 853 τὰ
1176 827 1374 861 κατορθώματα
1389 827 1442 853 τῶν
1458 827 1518 853 κατ’
1531 826 1630 861 ἀρετὴν
1647 825 1777 860 βιούντων
1788 843 1796 855 ,
1810 824 1858 850 κα¹ι⁹

1067 873 1100 900 τὰ
1117 873 1250 908 πτώματα
1260 874 1314 900 τῶν
1326 874 1365 906 εἰς
1380 869 1479 900 κακίαν
1494 866 1693 908 ἀπορρεόντων.
1710 871 1756 897 Διὸ
1772 878 1859 906 προσο

1067 920 1129 955 ήκει
1148 920 1193 946 τὸν
1212 919 1340 954 μέλλοντα
1358 919 1407 954 τὴν
1424 918 1588 953 κατάλληλον
1608 917 1756 952 θεραπείαν
1769 924 1858 952 προσ-

1069 965 1145 1001 άγειν
1166 964 1205 1000 τῷ
1224 965 1378 1001 νενοσηκάτι
1395 964 1444 999 τῆς
1455 964 1544 998 ψυχῆς
1557 963 1641 998 μέρει,
1658 961 1792 997 πρότερον
1808 961 1858 995 μὲν

1069 1009 1280 1036 ἐπισκέπτεσθαι
1297 1010 1325 1035 ὲν
1343 1008 1395 1035 τίνι
1417 1008 1530 1042 συνέστη
1547 1007 1578 1034 τὸ
1601 1006 1701 1037 πάθοςι
1720 1003 1770 1032 εἷθ’
1786 1005 1859 1032 οὕτω

1069 1055 1213 1082 πεπονθότι
1225 1055 1372 1090 προσάγειν
1386 1053 1521 1090 ἁρμοδίως
1537 1053 1586 1089 τὴν
1600 1051 1748 1088 θεραπείαν
1760 1058 1768 1065 ⁸
1787 1051 1859 1078 ὥστε

1070 1101 1107 1136 μὴ
1121 1101 1153 1128 δι’
1173 1101 1298 1136 ἀπειρίαν
1311 1100 1359 1134 τῆς
1380 1100 1579 1134 θεραπευτικῆς
1597 1098 1719 1133 μεθόδου,
1731 1097 1797 1125 ἄλλο
1809 1097 1860 1132 μὲν

1067 1143 1085 1182 ᾗ
1104 1145 1134 1171 τὺ
1154 1145 1269 1180 νοσῆσαν
1282 1145 1374 1180 μέρος,
1395 1144 1486 1179 ἕτερον
1501 1143 1529 1170 δὲ
1542 1142 1572 1170 τὸ
1589 1143 1639 1178 τὴν
1652 1142 1801 1178 θεραπείαν
1816 1141 1861 1168 δε-

1069 1194 1181 1228 χόμενον
1189 1201 1195 1208 ·
1208 1193 1302 1228 ὥσπερ
1313 1192 1407 1228 ἀμέλει
1421 1192 1555 1226 βλέπομεν
1567 1191 1680 1223 πολλοὺς
1689 1190 1743 1217 τῶν
1757 1191 1860 1226 ίατρῶν

1069 1240 1098 1266 ὲν
1118 1238 1230 1274 ἀπειρίᾳ
1243 1237 1290 1264 τοῦ
1308 1238 1549 1273 πρωτοπαθοῠντος
1568 1237 1666 1272 μέρους
1681 1235 1859 1272 προσεπιτρί-

1069 1284 1163 1316 ϐοντας
1175 1284 1225 1318 τὴν
1241 1283 1318 1310 νόσον
1333 1283 1366 1309 δι’
1379 1279 1416 1309 ὧν
1428 1281 1619 1317 θεραπεύουσι.
1631 1281 1687 1317 Τῆς
1697 1281 1751 1316 γὰρ
1767 1281 1860 1317 ἀρρω-

1071 1330 1146 1361 στίας
1172 1329 1254 1365 οὔσης
1277 1327 1408 1360 πολλάκις
1434 1327 1506 1355 κατὰ
1536 1327 1636 1363 θερμοῦ
1665 1327 1858 1361 ἐπικράτησιν,

1070 1375 1163 1411 ἐπειδὴ
1176 1377 1232 1406 τοῖς
1245 1375 1315 1402 κατά
1328 1374 1496 1409 πλεονασμὸν
1508 1373 1555 1400 τοῦ
1570 1372 1674 1408 ψυχροῦ
1695 1371 1860 1406 κεκακωμέ-

1070 1428 1125 1451 νοις
1143 1420 1276 1454 χρήσιμον
1292 1419 1322 1445 τδ
1343 1418 1487 1454 θερμαῑνόν
1509 1426 1538 1445 τε
1552 1417 1600 1444 καὶ
1615 1416 1770 1444 ἀναθάλπον
1790 1416 1858 1449 ἐστι,

1070 1464 1100 1490 τὸ
1113 1464 1216 1496 τούτοις
1232 1465 1301 1491 κατὰ
1317 1464 1395 1498 λόγον
1413 1462 1589 1496 συνενεγκὸν,
1604 1461 1815 1497 ἀπερισκέπτως
1829 1460 1859 1487 τὸ

1034 1522 1058 1553 c
1073 1510 1139 1536 αὐτὸ
1168 1512 1223 1540 τοῖς
1244 1511 1272 1536 ἐν
1290 1510 1407 1544 ἀμετρίᾳ
1425 1508 1589 1544 θερμότητος
1605 1507 1795 1542 ὲκκαιομένοις
1812 1507 1860 1533 έπ-

1073 1555 1220 1589 αγαγὸντες
1230 1574 1236 1585 ,
1253 1554 1375 1580 δυσίατον
1385 1554 1415 1579 τὸ
1431 1553 1515 1584 πάθος
1532 1553 1670 1587 ἐποίησαν.
1686 1553 1792 1588 Ὥσπερ
1805 1552 1860 1578 τοι-

1072 1609 1118 1626 νυν
1138 1601 1338 1634 ἀναγκαιοτάτη
1355 1601 1410 1630 τοῖς
1432 1599 1532 1633 ἰατροῖς
1547 1598 1676 1633 ἐνομίσθη
1693 1599 1709 1632 ἡ
1725 1598 1859 1633 κατανόη-

1073 1655 1114 1677 σις
1127 1646 1176 1680 τῆς
1198 1646 1251 1671 τῶν
1278 1645 1417 1680 στοιχείων
1433 1644 1578 1679 ἰδιότητος,
1598 1644 1671 1674 ὅπως
1696 1643 1729 1670 ἂν
1744 1645 1859 1670 ἑκάστου

1071 1691 1125 1718 τῶν
1142 1690 1170 1718 εὖ
1188 1692 1204 1726 ἦ
1220 1691 1311 1722 κακῶς
1336 1690 1513 1725 διακειμένων
1535 1690 1639 1724 γένοιτο
1657 1689 1703 1715 τοῦ
1719 1689 1796 1724 παρά
1811 1689 1860 1723 φύ-

1074 1746 1114 1764 σιν
1132 1737 1325 1772 διατεθέντοςὴ
1343 1736 1527 1772 ἐπανόρθωσις
1542 1744 1549 1751 ·
1567 1735 1638 1763 οὕτω
1658 1736 1705 1771 καὶ
1720 1736 1802 1771 ἡμεῖς
1815 1736 1860 1762 ἐπὶ

1072 1783 1172 1818 ταύτην
1188 1782 1387 1818 ἀναδραμόντες
1403 1782 1452 1817 τὴν
1471 1782 1602 1816 διαίρεσιν
1618 1781 1670 1807 τῶν
1687 1782 1717 1808 ἐν
1731 1783 1764 1816 τῇ
1786 1781 1860 1816 ψυχῇ

1073 1828 1266 1863 θεωρουμένων
1276 1847 1283 1858 ,
1309 1828 1396 1862 ἀρχὴν
1412 1828 1458 1854 καὶ
1473 1828 1599 1853 ὑπόθεσιν
1624 1827 1674 1862 τῆς
1689 1827 1860 1861 καταλλήλου

1073 1875 1125 1901 τῶν
1139 1874 1233 1900 παθῶν
1251 1873 1397 1909 θεραπείας
1412 1872 1588 1908 ποιησώμεθα
1603 1873 1651 1908 τὴν
1667 1872 1778 1908 γενικὴν
1798 1873 1863 1899 θεω-

1076 1920 1144 1954 ρίαν.
1159 1919 1261 1946 Οὐκοῦν
1276 1919 1356 1954 τριχῆ
1368 1939 1374 1950 ,
1389 1918 1478 1950 καθὼς
1494 1919 1598 1953 ἔφαμεν
1609 1938 1617 1951 ,
1630 1918 1798 1954 διῃρημένης
1813 1920 1862 1953 τῆς

1076 1966 1204 2000 ίδίοτητος
1219 1965 1272 1991 τῶν
1285 1965 1334 1999 τῆς
1348 1965 1436 1999 ψυχῆς
1452 1965 1607 1999 κινημάτων
1619 1985 1626 1996 ,
1645 1965 1685 1995 είς
1698 1964 1727 1990 τὺ
1743 1964 1862 1998 λογιστι-

1074 2011 1121 2037 κόν
1134 2019 1163 2037 τε
1181 2011 1226 2037 καὶ
1241 2010 1436 2044 ἐπιθυμητικὸν
1458 2009 1503 2036 καὶ
1519 2009 1656 2044 θυμοειδές
1669 2017 1676 2025 ·
1694 2009 1862 2044 κατόρθωμα

1076 2057 1126 2092 μὲν
1137 2056 1182 2083 τοῦ
1193 2054 1344 2088 λογιστικοῦ
1363 2055 1462 2090 μέρους
1478 2055 1526 2089 τῆς
1540 2054 1628 2088 ψυχῆς
1641 2054 1713 2080 ἐστιν
1725 2074 1732 2085 ,
1749 2055 1764 2089 ἠ
1782 2055 1862 2081 εὐσε-

1075 2101 1124 2136 ϐὴς
1139 2101 1202 2136 περὶ
1214 2100 1244 2127 τὸ
1255 2099 1330 2126 Θεῑον
1341 2098 1473 2133 ὑπόληψις
1485 2118 1492 2129 ,
1517 2098 1564 2124 καὶ
1578 2099 1594 2133 ἡ
1607 2097 1653 2124 τοῦ
1669 2097 1750 2124 καλοῦ
1770 2107 1800 2124 τε
1816 2099 1862 2124 καὶ

1076 2146 1161 2172 κακοῦ
1186 2145 1340 2180 διακριτικὴ
1363 2144 1499 2178 ἐπιστήμη
1512 2162 1520 2174 ,
1547 2143 1594 2170 καὶ
1610 2143 1626 2177 ὴ
1643 2144 1744 2178 τρανήν
1760 2153 1790 2170 τε
1815 2144 1862 2171 κα)⁵

238 2193 280 2227 pia
309 2192 342 2219 de
367 2192 422 2219 Deo
448 2192 624 2222 existimatio,
644 2191 707 2218 boni
731 2195 758 2218 et
785 2191 849 2217 muli
864 2191 1019 2218 discernens

1075 2192 1226 2226 ἀσύγχυτον
1253 2190 1351 2225 ἔχουσα
1369 2190 1432 2224 περὶ
1453 2189 1504 2224 τῆς
1524 2189 1629 2223 φύσεως
1646 2189 1700 2216 τῶν
1714 2189 1862 2226 ὑποκειμέ-

239 2238 363 2268 scientia,
390 2241 417 2264 et
446 2245 506 2272 qlia:
525 2237 605 2264 habet
627 2244 718 2263 veram
747 2241 774 2264 et
799 2244 854 2263 non
879 2236 1022 2264 confusam

237 2283 270 2309 de
286 2290 375 2309 rerum
391 2283 575 2317 subjectarum
593 2286 691 2308 natura
707 2282 881 2316 opinionem;
902 2282 968 2318 quid
980 2285 1022 2310 est

238 2329 347 2363 quidem
374 2329 400 2355 in
419 2329 452 2355 iis
476 2336 536 2363 quae
559 2332 633 2359 sunt.
657 2327 854 2362 expetendum;
869 2327 934 2362 quid
957 2335 1022 2355 vero

239 2374 440 2401 abborrendum
462 2379 489 2400 ct
514 2373 717 2408 abjiciendum;
739 2377 767 2401 et
792 2381 888 2401 rursus
903 2382 937 2401 ex
954 2381 1022 2401 con-

239 2421 324 2446 trario
338 2420 408 2453 quod
423 2420 448 2447 in
467 2427 496 2446 ea
513 2425 587 2454 parte
601 2424 642 2447 est
659 2420 753 2446 vitium
770 2421 881 2447 omnino
896 2420 1024 2447 considam

239 2465 354 2496 rabitur,
380 2464 489 2499 quando
515 2464 588 2490 circa
613 2471 656 2491 res
681 2465 790 2499 quidem
814 2462 920 2493 divinas
944 2464 1025 2492 fuerit

240 2510 377 2545 impietas,
403 2510 508 2536 nullum
529 2513 619 2536 autem
645 2510 718 2536 circa
739 2510 764 2537 id
789 2510 866 2545 quod
887 2518 950 2538 vere
975 2510 1026 2537 lio-

240 2560 348 2583 ncstum
368 2559 409 2582 est
423 2555 556 2589 judicium
576 2562 724 2589 :perversa
738 2559 827 2582 autent
848 2560 875 2582 et
895 2559 1025 2589 corrupta

241 2602 274 2628 de
297 2609 387 2628 rerum
415 2606 512 2628 natura
535 2601 720 2634 existimatio,
747 2606 778 2628 ut
806 2601 889 2628 lucem
907 2601 1025 2628 tenebras

241 2648 322 2674 ducat
350 2651 374 2674 et
403 2648 521 2675 tenebras
548 2648 631 2675 lucent
650 2647 691 2681 ⁸⁵,
722 2651 752 2674 ut
782 2647 849 2674 dicit
873 2647 1024 2681 Scriptura.

241 2693 466 2728 Concupiscentis
478 2698 567 2722 autem
580 2694 665 2728 partis
678 2697 769 2720 motus
782 2699 823 2721 est
835 2701 867 2720 ex
880 2693 990 2725 virtute,
1003 2693 1026 2720 si

240 2739 273 2768 ad
285 2738 310 2766 id
324 2739 394 2774 quod
409 2744 451 2767 est
466 2748 561 2768 revera
572 2739 819 2776 concupiscendum
835 2743 862 2767 et
888 2746 950 2767 verc
964 2739 1024 2774 pul—

277 2827 299 2842 ⁸⁸
316 2827 366 2856 lsa.
387 2836 414 2859 v,
430 2827 476 2855 20.

1075 2245 1128 2263 νων
1139 2237 1187 2271 τὴν
1203 2236 1279 2268 δόξαν
1290 2244 1296 2251 ’
1311 2235 1335 2261 τί
1357 2235 1405 2270 μέν
1419 2235 1491 2261 ἐστιν
1504 2234 1612 2270 αἱρετὸν
1626 2235 1654 2261 ὲν
1666 2236 1722 2266 τοῖς
1739 2233 1800 2262 οὖσι
1813 2245 1819 2251 ·
1835 2235 1861 2262 τί

1075 2283 1102 2310 δὲ
1118 2282 1260 2318 βδελυκτὺν
1275 2282 1322 2308 καὶ
1335 2281 1497 2314 ἀπόϐλητον.
1515 2279 1571 2307 καὶ
1583 2280 1663 2307 πάλιν
1676 2282 1706 2307 ὲκ
1717 2281 1764 2307 τοῦ
1781 2282 1860 2308 ὲναν-

1074 2328 1131 2355 τίου
1160 2327 1267 2359 πάντως
1286 2328 1302 2362 ἡ
1323 2328 1351 2352 ἐν
1369 2325 1406 2360 τῷ
1421 2326 1498 2361 μέρει
1514 2326 1599 2361 τούτῳ
1623 2327 1705 2353 κακία
1719 2326 1860 2362 θεωρηθῆ-

1077 2382 1151 2400 σεται
1163 2394 1171 2405 ,
1184 2374 1247 2400 ὅταν
1261 2372 1370 2399 ἀσέϐεια
1386 2372 1434 2406 μὲν
1487 2371 1549 2407 περὶ
1563 2372 1593 2398 τὺ
1604 2374 1690 2403 Θεῖον.
1704 2372 1818 2407 ἀκρισία
1832 2373 1860 2400 δὲ

1076 2421 1140 2456 περὶ
1156 2420 1186 2447 τὸ
1199 2420 1282 2450 ὅντως
1300 2419 1392 2447 καλόν·
1408 2418 1592 2453 ένηλλαγμένη
1605 2417 1633 2444 δὲ
1643 2417 1690 2444 καὶ
1701 2418 1858 2453 ὲσφαλμὲνη

1075 2468 1092 2502 ὴ
1109 2467 1172 2502 περὶ
1190 2466 1239 2501 τὴν
1255 2465 1308 2492 τῶν
1333 2464 1501 2499 πραγμάτων
1517 2463 1597 2497 φύσιν
1608 2463 1741 2498 ὑπόληψις
1753 2484 1761 2496 ,
1790 2463 1861 2491 ὥστε

1074 2512 1177 2538 τιθέναι
1200 2511 1233 2538 τὸ
1248 2511 1310 2546 φῶς
1326 2512 1451 2542 σκότος,
1469 2508 1517 2535 καὶ
1534 2508 1566 2535 τὸ
1587 2509 1696 2540 σκότος
1712 2508 1792 2543 φῶς,
1810 2518 1860 2536 κα-

1076 2556 1129 2588 θώς
1146 2565 1227 2592 φησιν
1248 2556 1382 2592 ήΓραφή,
1400 2556 1452 2582 Τοῦ
1476 2555 1505 2581 δὲ
1529 2553 1726 2588 ἐπιθυμητικοῦ
1759 2558 1858 2591 μέρους

1076 2603 1094 2638 ἡ
1116 2602 1164 2637 μὲν
1187 2601 1312 2636 ὲνάρετός
1326 2601 1384 2626 ἐστι
1398 2600 1503 2634 κίνησις
1521 2598 1551 2624 τὸ
1575 2598 1641 2633 πρὸς
1654 2598 1684 2624 τὸ
1697 2598 1782 2628 ὅντως
1807 2599 1861 2624 ἐπι-

1077 2646 1236 2681 θυμητικὸν,
1252 2646 1299 2672 καὶ
1316 2644 1422 2680 ἀληθῶς
1433 2643 1513 2670 καλὸν
1529 2641 1676 2677 ἀνάγεσθαι
1692 2642 1738 2668 τὸν
1753 2641 1837 2668 πόθον
1850 2649 1858 2658 ·

1077 2693 1125 2720 καὶ
1140 2693 1219 2723 εἴτις
1239 2692 1267 2718 ἐν
1281 2692 1344 2726 ἡμῖν
1360 2689 1478 2724 ἐρωτικὴ
1492 2688 1605 2723 δύναμίς
1625 2696 1655 2714 τε
1672 2687 1718 2714 καὶ
1731 2687 1860 2718 διάθεσις,

1077 2739 1134 2765 ἐκεῖ
1149 2736 1368 2772 κατασχολεῖσθαι
1386 2736 1492 2767 πᾶσαν,
1510 2733 1539 2761 ἐν
1555 2732 1593 2769 τῷ
1614 2732 1758 2760 πεπεῖσθαι
1779 2732 1860 2769 μηδὲν
