1954 3079
74 117 128 145 29.5

708 113 872 142 EPISTOLA
891 111 1071 141 CANONICA.

1643 111 1695 139 29.6

75 172 185 209 ὀρεκτὸν
198 169 268 198 εἶναι
284 172 318 208 τῇ
341 169 437 198 ἑαυτοῦ
454 169 533 205 φύσει
547 170 624 201 ἄλλο,
641 169 710 205 πλὴν
732 170 780 206 τῆς
795 170 861 204 ἀρε-

917 167 1008 195 citrum
1027 171 1054 194 et
1084 167 1236 201 honestum,
1267 170 1387 202 erigatur
1414 167 1595 202 desiderium;
1624 174 1651 197 et
1672 173 1695 198 si

73 218 139 253 τῆς,
155 217 201 244 καὶ
217 216 270 251 τῆς
286 216 337 252 τὴν
351 216 451 252 ἀρετὴν
474 215 648 251 πηγαζούσης
672 215 788 249 φύσεως.
804 216 861 241 Πα-

76 263 198 300 ρατροπὴ
214 263 242 290 δὲ
256 263 304 289 καὶ
317 262 438 298 ἁμαρτία
453 261 500 289 τοῦ
523 261 643 288 τοιούτου
664 262 762 296 μέρους
773 262 861 294 ἐστὶν,

76 306 137 332 ὅταν
160 313 201 336 τις
218 305 361 340 μεταγάγῃ
379 305 428 340 τὴν
444 304 591 339 ἐπιθυμίαν
613 305 681 339 πρὸς
697 303 745 339 τὴν
761 303 863 330 ἀνυπό-

75 360 171 378 στατον
186 351 356 384 κενοδοξίαν·
374 351 390 385 ἢ
408 350 476 386 πρὸς
498 350 528 377 τὺ
547 350 783 386 ἐπικεχρωσμένον
807 351 863 382 τοῖς

75 397 198 431 σώμασιν
215 397 295 428 ἄνθος
305 405 312 412 ·
329 396 388 422 ὅθεν
401 397 504 430 γίνεται
520 397 536 431 ή
555 395 754 431 φιλοχρηματία
765 415 771 426 ,
786 397 831 422 καὶ
844 396 860 430 ή

74 443 210 477 φιλοδοξία
221 462 229 474 ,
244 442 291 468 καὶ
307 443 323 476 ὴ
339 441 476 477 φιληδονία
486 461 493 472 ,
512 441 559 468 καὶ
580 441 668 468 πάντα
690 442 724 468 τὰ
739 441 860 473 τοιαῦτα,

73 489 122 515 ὅσα
140 488 189 515 τοῦ
205 488 327 515 τοιούτου
341 487 457 523 ἤρτηται
478 487 527 522 τῆς
540 487 638 519 κακίας
651 487 757 521 γένους.
778 488 862 514 Πάλιν

72 535 100 561 δὲ
113 535 164 569 τῆς
185 534 327 569 θυμὼδους
341 532 486 564 διαθέσεως
507 533 671 568 κατόρθωμα
687 533 736 568 μέν
756 533 829 560 ἐστιν
845 534 861 568 ή

73 580 140 615 πρὸς
152 579 183 605 τὸ
204 579 289 606 κακὸν
302 578 433 613 ἀπέχθεια
443 597 451 610 ,
473 578 519 605 καὶ
538 580 552 605 ὁ
567 578 634 614 πρὸς
649 578 683 605 τὰ
698 579 769 614 πάθη
787 579 863 605 πόλε-

74 634 122 660 μος
133 646 141 658 ,
156 625 206 651 καί
217 624 248 651 τὸ
264 624 331 660 πρὸς
345 623 470 659 ἀνδρείαν
483 623 650 660 ἐσωμῶσθαι
661 623 709 660 τὴν
719 625 817 660 ψυχὴν,
832 625 861 651 ἐν

72 671 108 706 τῷ
124 671 163 706 μὴ
178 671 382 705 καταπτήσσειν
395 670 430 696 τὰ
443 671 499 702 τοῖς
518 670 624 701 πολλοῖς
638 670 739 706 φοὸερὰ
752 671 860 705 νομιζό-

74 725 142 751 μενα
152 735 160 747 ,
177 716 247 742 ἀλλὰ
266 716 364 752 μέχρις
378 715 492 751 αἵματος
515 715 582 751 πρὸς
597 716 647 751 τὴν
664 717 800 752 ἁμαρτίαν
815 717 862 743 ἀν-

72 762 282 789 τικαθίστασθαι
294 770 301 776 ·
325 763 504 798 καταφρονεῖν
521 762 548 788 δὲ
569 761 716 797 θανατικῆς
736 763 859 798 ἀπειλῆς,

73 810 118 836 καὶ
130 808 266 843 ἀλγεινῶν
280 809 476 844 κολαστηρίων,
491 808 538 835 καὶ
550 808 598 842 τῆς
613 807 667 834 τῶν
681 808 794 843 ἡδίστων
808 808 861 835 δια-

74 854 209 887 ζεύξεως,
227 855 274 881 καὶ
291 855 398 881 πάντων
415 853 487 887 ἅπαξ
503 854 555 880 τῶν
575 853 618 880 διά
633 862 703 885 τινος
719 854 861 889 συνηθείας

72 900 118 927 καὶ
134 899 299 935 προλήψεως
315 900 344 925 ὲν
365 900 445 935 ἡδονῇ
472 900 535 931 τοὺς
565 899 677 932 πολλοὺς
697 901 865 934 κατεχόντων

72 945 216 980 κρείττονα
231 944 356 978 γενέσθαι
371 964 378 975 ,
391 944 440 979 τῆς
453 953 483 970 τε
498 945 615 976 πίστεως
637 945 683 972 καὶ
703 945 752 979 τῆς
765 946 865 980 ἀρετῆς

73 990 293 1025 προμαχόμενον.
311 989 350 1016 Τὰ
363 989 392 1015 δὲ
406 989 595 1024 ἀποπτώματα
615 989 661 1016 τοῦ
678 990 800 1016 τοιούτου
816 990 864 1025 μέ-

72 1043 136 1069 ρους
161 1035 236 1061 ἐστὶν
258 1034 344 1061 ἅπασι
361 1034 497 1070 πρόδηλα,
514 1035 528 1061 ὁ
548 1035 642 1069 φθόνος
653 1038 667 1066 ,’
680 1035 710 1061 τὸ
731 1037 823 1070 μῖσος,
845 1037 862 1071 ἡ

73 1080 153 1115 μῆνις
166 1101 172 1112 ,
191 1081 218 1106 αἱ
234 1080 364 1115 λοιδορίαι
377 1099 384 1111 ,
405 1080 432 1106 αἱ
445 1080 619 1114 συμπλοκαὶ,
638 1082 665 1107 αἱ
681 1082 862 1116 ἐμφιλόνεικοί

71 1134 99 1151 τε
115 1126 164 1152 καὶ
181 1126 331 1161 ἀμυντικαὶ
351 1126 502 1158 διαθέσεις,
519 1127 546 1152 αἱ
562 1127 642 1162 μέχρι
658 1127 756 1154 πολλοῦ
773 1137 861 1163 παρα-

70 1171 209 1198 τείνουσαι
227 1172 276 1207 τὴν
292 1171 491 1208 μνησικακίαν,
515 1173 562 1199 καὶ
583 1173 694 1205 πολλοὺς
709 1174 747 1206 είς
768 1174 864 1209 φόνους

71 1217 120 1243 καὶ
136 1217 242 1252 αἵματα
271 1216 484 1252 καταθήγουσαι.
501 1217 547 1252 Μὴ
571 1217 626 1252 γὰρ
643 1218 728 1253 εὑρὼν
751 1220 764 1245 ό
783 1219 864 1246 ἀπαί-

71 1262 165 1294 δευτος
179 1262 310 1298 λογισμὸς
326 1263 392 1289 ὅπου
408 1264 540 1300 χρήσηται
561 1263 706 1296 λυσιτελῶς
723 1265 762 1300 τῷ
777 1266 862 1301 ὅπλῳ,

73 1309 114 1342 ἐφ’
128 1309 227 1335 ἑαυτὸν
243 1309 400 1345 τρέπει-τὴν
422 1308 468 1336 τοῦ
483 1309 590 1345 σιδήρου
605 1311 698 1345 ἀκμήν
709 1319 716 1328 ·
731 1312 783 1342 καὶ
797 1311 864 1346 γίνε-

72 1362 118 1380 ται
131 1354 163 1380 τὸ
175 1355 207 1380 ἐκ
227 1354 294 1381 Θεοῦ
310 1354 384 1381 δοθὲν
397 1355 462 1390 ἡμῖν
481 1356 647 1391 ἀμυντήριον
668 1356 749 1383 ὅπλον
764 1357 802 1393 τῷ
816 1366 863 1384 κα-

73 1399 130 1432 κῶς
149 1400 314 1435 κεχρημένῳ
327 1400 456 1436 ὀλέθριον.

914 220 968 249 qua
985 218 1025 241 est
1040 214 1068 240 in
1086 213 1164 240 nobis
1178 214 1308 241 amatoria
1319 213 1436 241 facultas
1455 219 1482 242 et
1500 213 1617 248 allectio,
1637 222 1695 244 tota

913 260 941 287 in
971 259 1020 287 illo
1046 262 1180 291 versetur,
1219 263 1249 286 ut
1273 259 1418 288 credamus
1450 260 1517 287 nihil
1539 261 1614 288 aliud
1631 269 1694 290 esse

914 310 1010 333 natura
1038 305 1216 340 expetendum
1234 309 1332 339 praeter
1347 307 1486 339 virtutem,
1517 311 1544 334 et
1567 311 1693 334 naturam

913 358 973 386 quae
984 351 1109 378 virtutem
1122 349 1245 377 ell‘undit.
1259 349 1343 384 Hujus
1352 355 1441 378 autem
1453 352 1537 386 partis
1547 351 1695 379 declinatio

913 401 956 425 est
965 401 991 424 et
1009 400 1161 431 peccatum,
1173 396 1280 431 quando
1290 396 1462 431 cupiditatem
1474 397 1645 425 transtulerit
1659 397 1693 424 ad

913 443 1020 470 inanem
1041 449 1101 477 quae
1121 449 1173 470 non
1185 445 1273 476 potest
1284 442 1434 469 consistere
1450 443 1582 476 gloriam;
1600 443 1641 470 vel
1657 442 1692 470 ad

912 488 1005 515 ﬂorent
1019 487 1064 522 qui
1078 487 1352 521 coloratazcorporum
1363 487 1517 521 superﬁciei
1542 491 1584 514 est
1597 488 1692 516 illitus.

913 534 992 562 Unde
1006 534 1113 561 exsistit
1135 533 1227 565 libido,
1247 533 1340 567 gloria:
1360 533 1504 567 cupiditas,
1523 534 1647 566 ambitio,
1663 539 1692 562 et

913 578 1381 613 avaritia,etczeteraejusmodiqua:
1395 577 1429 604 ab
1442 577 1493 604 hoc
1511 578 1569 604 vitii
1589 586 1689 612 genere

913 625 1074 660 dependent.
1101 624 1237 651 Animosa:
1260 627 1349 651 autem
1372 631 1418 651 seu
1446 623 1591 650 irascentis
1610 624 1695 658 partis

913 675 986 698 recta
1003 674 1030 698 et
1049 678 1082 697 ex
1098 670 1199 696 virtute
1213 670 1283 696 actio
1296 673 1348 700 est,
1366 669 1430 695 mali
1447 669 1539 695 odium
1556 674 1581 695 et
1595 669 1695 696 bellum

912 724 974 744 cum
994 716 1076 743 animi
1089 715 1349 750 perturbationibus,
1370 718 1396 742 et
1416 714 1449 741 ad
1468 714 1654 741 fortitudinem
1669 715 1697 741 in
1722 727 1725 729 >

912 769 944 789 eo
955 769 1017 789 esse
1027 762 1213 789 conﬁrmatam
1226 761 1355 792 animam,
1366 764 1436 788 utea
1454 767 1506 787 neu
1521 761 1695 795 pertimescat

912 815 973 842 quze
997 808 1076 842 vulgo
1099 807 1228 834 terribilia
1243 807 1381 839 videntur,
1401 807 1446 834 sed
1466 813 1553 840 usque
1574 805 1608 832 ad
1633 813 1698 833 san-

913 854 1021 889 guinem
1043 858 1153 888 peccato
1178 854 1288 880 resistat
1305 861 1311 879 :
1331 852 1427 880 mortis
1451 857 1540 879 autem
1560 852 1649 878 minas
1669 855 1698 879 et

913 900 1004 935 gravia
1024 899 1158 933 supplicia
1174 902 1345 930 contemnat;
1363 901 1389 925 et
1408 905 1424 924 a
1449 897 1531 924 rebus
1547 897 1694 931 jucundis-

913 946 1001 976 simis,
1020 944 1215 978 disjunctione,
1233 947 1260 971 ct
1279 944 1415 975 omnibus.
1436 948 1466 970 ut
1487 945 1570 971 semel
1593 944 1692 975 dicam.

912 998 973 1025 qua:
984 987 1095 1024 propter
1103 983 1221 1024 aliquam
1233 989 1455 1017 consuetudinem
1479 994 1505 1016 et
1521 990 1694 1023 anticipatam

912 1036 1068 1070 opinionem
1090 1036 1192 1063 multos
1222 1036 1249 1062 in
1274 1036 1413 1070 voluptate
1437 1035 1568 1068 detinent,
1587 1035 1622 1062 sit
1646 1042 1695 1061 su-

912 1082 1012 1116 perior,
1033 1089 1081 1116 pro
1095 1081 1150 1108 ﬁde
1163 1084 1189 1109 et
1203 1081 1303 1109 virtute
1328 1081 1481 1109 decertans.
1500 1080 1588 1115 Hujus
1605 1084 1695 1107 autem
1717 1106 1720 1109 .

912 1128 999 1162 partis
1019 1126 1210 1163 prolapsibnes
1225 1128 1352 1155 omnibus
1369 1131 1469 1162 aperta:
1487 1131 1561 1157 sunt.
1578 1126 1694 1156 invidia,

912 1174 1015 1207 odium,
1043 1175 1094 1205 ira,
1121 1173 1255 1204 convicia,
1281 1174 1440 1206 certamina,
1466 1173 1645 1200 contentiosa:
1670 1176 1698 1200 et

913 1219 1025 1246 ultionis
1047 1223 1205 1254 appetentes
1224 1218 1391 1249 adiectiones,
1413 1226 1474 1252 qua:
1491 1221 1609 1252 acceptae
1630 1217 1699 1251 inju-

915 1265 962 1291 riaa
986 1264 1202 1292 recordationem
1226 1264 1305 1298 longe
1326 1263 1486 1294 extendunt,
1502 1266 1528 1289 et
1546 1263 1646 1289 multos
1663 1262 1698 1289 ad

913 1310 1014 1337 caedem
1037 1313 1065 1336 et
1098 1309 1257 1343 sanguinem
1289 1309 1413 1335 incitant.
1441 1308 1507 1334 Dum
1537 1308 1609 1334 enim
1642 1314 1697 1334 non

914 1356 1048 1383 inveniret
1066 1355 1150 1382 stulta
1165 1359 1192 1381 et
1209 1354 1343 1381 inerudita
1366 1353 1438 1380 ratio
1460 1353 1597 1388 quomodo
1612 1354 1697 1381 armis

915 1402 974 1430 suis
988 1402 1092 1429 utiliter
1115 1404 1246 1433 uteretur,
1267 1400 1331 1427 ferri
1351 1399 1435 1427 aciem
1451 1399 1479 1426 in
1501 1407 1531 1427 se
1547 1399 1697 1432 convertit;

73 1453 164 1481 eaque
189 1454 277 1479 arma,
296 1454 357 1481 qua;
374 1447 452 1475 nobis
476 1454 491 1474 a
511 1446 567 1475 Deo
593 1447 656 1474 data
680 1453 754 1481 sunt,
771 1449 796 1476 ei
820 1449 867 1484 qui
896 1448 966 1476 male
988 1448 1073 1474 utitur
1095 1447 1208 1474 exitium
1240 1445 1366 1472 aﬂ'erunt.

109 1492 221 1519 Τούτων
232 1493 322 1520 τοίνυν
335 1493 404 1520 κατὰ
416 1493 460 1520 τὸν
474 1493 618 1529 εἰρημένον
633 1494 862 1530 διακρινηθέντων

72 1538 186 1575 τρόπον,
198 1539 249 1565 ὅσα
263 1539 311 1574 μὲν
326 1539 512 1574 ἁμαρτήματα
523 1538 570 1565 τοῦ
580 1539 734 1574 λογιστικοῦ
751 1541 801 1576 τῆς
814 1541 865 1576 ψυ-

73 1585 125 1620 χῆς
140 1585 257 1611 ἅπτεται
272 1585 381 1621 μέρους,
390 1585 651 1621 χαλεπώτερανπαρὰ
664 1586 718 1613 τῶν
734 1587 865 1622 Πατέρων

74 1630 184 1664 ἐκρίθη.
201 1630 247 1656 καὶ
264 1629 385 1664 μείζονος
398 1631 444 1656 καὶ
458 1629 653 1665 διαρκεστέρας
667 1630 713 1656 καὶ
728 1631 865 1657 ἐπιπονω-

74 1674 159 1709 τέρας
170 1675 220 1710 τῆς
233 1675 397 1710 ἐπιστροφῆς
409 1674 471 1707 ἄξια
481 1684 488 1690 ·
505 1671 559 1701 οἷον
573 1674 600 1701 εἴ
612 1683 654 1707 τις
668 1675 803 1711 ἠρνήσατο
817 1676 866 1711 τὴν

75 1721 117 1752 εἰς
130 1720 248 1756 Χριστὸν
264 1721 365 1753 πίστιν,
379 1720 396 1756 ἦ
415 1720 484 1757 πρὸς
506 1721 668 1756 Ἰουδαῖσμὸν
681 1741 689 1754 ,
704 1721 720 1756 ἢ
743 1721 810 1757 πρὸς
827 1723 866 1748 εἰ-

75 1767 286 1802 δωλολατρείαν,
303 1767 320 1802 ἢ
336 1766 404 1802 πρὸς
417 1767 603 1802 Μανιχαῖσμὺν
615 1788 622 1801 ,
640 1767 656 1802 ἢ
673 1768 740 1803 πρὸς
763 1767 826 1794 ἄλλο
840 1776 867 1794 τι

74 1812 197 1840 τοιοῦτον
226 1812 319 1844 ἁθεϊας
339 1811 407 1845 εἶδος
434 1813 621 1848 αὐτομολήσας
643 1814 745 1849 ἐφάνη,
771 1814 786 1839 ὸ
817 1814 866 1848 μὲν

76 1859 212 1890 ἑκουσίως
231 1859 278 1885 ἐπὶ
301 1858 331 1885 τὸ
355 1859 472 1886 τοιοῦτον
485 1860 609 1895 ὁρμήσας
623 1860 707 1886 κακὸν
720 1879 727 1891 ,
745 1858 803 1886 εἶτα
818 1869 866 1886 κα-

76 1903 195 1938 ταγνοὺς
206 1903 304 1930 ἑαυτοῦ
316 1924 324 1935 ,
339 1903 433 1938 χρόνον
445 1904 489 1930 τὸν
504 1905 552 1939 τῆς
566 1905 708 1939 μετανοίας
727 1905 793 1940 ἕχει,
807 1906 867 1932 ὅλον

76 1951 123 1976 τὺν
139 1950 190 1984 τῆς
204 1949 279 1984 ζωῆς
295 1949 386 1977 αὐτοῦ.
410 1950 542 1976 Οὐδέποτε
556 1950 610 1986 γὰρ
629 1950 762 1986 μυστικῆς
777 1952 867 1978 ἐπιτε-

77 1993 213 2030 λουμένης
237 1994 334 2029 εὐχῆς,
364 1994 431 2029 μετὰ
452 1994 498 2020 τοῦ
526 1994 589 2021 λαοῦ
614 1996 797 2031 προσκυνῆσαι
822 1996 867 2022 τὸν

78 2039 144 2066 Θεὸν
158 2040 345 2073 καταξιοῦται,
362 2040 429 2067 ἀλλὰ
440 2041 597 2076 καταμόνας
612 2041 660 2076 μὲν
672 2041 778 2074 εὔξεται
790 2050 796 2057 ·
819 2043 868 2077 τῆς

78 2086 107 2112 δὲ
128 2086 274 2118 κοινωνίας
298 2086 352 2114 τῶν
375 2087 551 2122 ἁγιασμάτων
593 2087 704 2114 καθόλου
729 2088 868 2124 ἀλλότριος

79 2131 157 2157 ἔσται
171 2139 178 2146 ·
193 2130 225 2156 ἐν
239 2131 269 2158 δὲ
286 2132 319 2167 τῇ
333 2131 393 2168 ὥρᾳ
405 2131 454 2166 τῆς
467 2131 554 2165 ἐξόδου
568 2131 649 2159 αὑτοῦ
662 2153 668 2165 ,
682 2133 741 2159 τότε
755 2133 804 2168 τῆς
820 2133 866 2160 τοῦ

79 2177 254 2211 ἁγιάσματος
282 2177 389 2212 μερίδος
415 2177 604 2213 ἀξιωθήσεται.
630 2179 662 2204 Εἰ
691 2178 719 2205 δὲ
745 2179 864 2214 συμῦαίη
882 2193 905 2221 D

80 2223 143 2258 παρ’
160 2222 273 2254 ἐλπίδας
285 2223 365 2258 ζῆσαι
379 2223 469 2256 αὑτὸν,
486 2223 566 2250 πάλιν
577 2225 605 2250 ἐν
616 2223 654 2260 τῷ
666 2223 738 2258 αὐτῷ
754 2224 868 2260 κρίματι

79 2268 255 2295 διαϐιώσεται
269 2289 276 2300 ,
301 2269 432 2304 ἀμέτοχος
452 2269 506 2296 τῶν
531 2270 668 2305 μυστικῶν
691 2270 869 2305 ἁγιασμάτων

83 2314 163 2350 μέχρι
180 2314 231 2349 τῆς
246 2314 336 2347 ἐξόδου
357 2315 507 2350 γινόμενος.
522 2316 553 2342 Οἱ
567 2315 595 2342 δὲ
620 2316 745 2351 βασάνοις
760 2317 806 2343 καὶ
827 2325 868 2343 τι-

83 2361 201 2395 μωρίαις
217 2360 351 2395 χαλεπαῖς
364 2360 532 2393 αἰκισθέντες
545 2382 552 2393 ,
574 2363 602 2388 ἐν
619 2361 694 2397 ῥητῷ
711 2362 798 2397 χρόνῳ
821 2363 869 2389 ἐπ-

82 2404 252 2440 ετιμήθησαν
264 2425 272 2436 ,
287 2404 359 2432 οὕτω
371 2405 426 2432 τῶν
440 2406 524 2440 ἁγίων
537 2407 666 2442 Πατέρων
682 2407 870 2442 φιλανθρωπίᾳ

83 2449 124 2476 ἐπ’
141 2449 232 2476 αὐτῶν
247 2450 427 2485 χρησαμένων
436 2470 443 2483 ,
459 2451 496 2483 ὡς
509 2451 568 2486 οὐχ).
582 2451 671 2487 ψυχῆς
685 2451 871 2487 γεγενημένης

83 2496 111 2520 ἐν
135 2495 263 2530 πτώματι
279 2515 286 2527 ,
305 2495 374 2522 ἀλλὰ
398 2495 447 2530 τῆς
473 2498 630 2532 σωματικῆς
649 2496 789 2527 ἀσθενείας
805 2496 871 2531 πρὸς

82 2540 131 2571 τὰς
145 2541 240 2572 αἰκίας
264 2542 315 2568 οὐκ
330 2541 518 2576 ἀντισχούσης.
543 2542 588 2568 Διὸ
600 2541 638 2576 τῷ
663 2541 753 2576 μέτρῳ
769 2541 823 2567 τῶν
844 2542 872 2568 ὲν

85 2587 198 2623 πορνεία
213 2587 470 2622 πλημμελησάντων
482 2607 490 2620 ,
508 2588 553 2614 καὶ
572 2588 588 2622 ἡ
606 2587 770 2622 βεϐιασμένη
785 2595 814 2614 τε
827 2587 873 2613 καὶ

85 2632 218 2665 ἐπώδυνος
232 2632 390 2668 παράϐασις
406 2634 433 2658 ἐν
444 2634 476 2668 τῇ
490 2635 638 2669 ἐπιστροφῇ
656 2633 854 2668 συνεμετρήθη.

119 2679 149 2704 Ol
165 2679 193 2705 δὲ
212 2679 284 2713 πρὸς
310 2678 414 2714 γόητας
431 2679 556 2710 ἀπιόντες
567 2700 574 2711 ,
591 2679 608 2714 ἢ
628 2679 738 2714 μάντεις
749 2699 756 2712 ,
773 2679 790 2714 ἢ
813 2679 875 2710 τοὺς

85 2723 127 2749 διὰ
150 2723 288 2759 δαιμόνων
315 2723 453 2758 καθάρσιά
478 2732 538 2750 τινα
563 2724 610 2750 καὶ
636 2724 876 2759 ἀποτροπιασμοὺς

86 2768 202 2803 ἐνεργεῖν
217 2768 455 2803 ὑπισχνουμένους
467 2789 474 2802 ,
490 2765 562 2796 οὗτοι
579 2769 732 2804 ἐρωτῶνται
751 2769 785 2795 δι’
803 2769 877 2804 ἀκρι-

86 2814 158 2848 Geta;
172 2816 218 2842 καὶ
239 2814 454 2849 ἁνακρίνονται,
472 2815 584 2850 πότερον
605 2815 779 2851 ἐπιμένοντες
793 2816 825 2851 τῇ
838 2815 878 2846 είς

953 1493 1000 1521 His
1020 1494 1110 1528 itaque
1124 1493 1175 1519 hoc
1187 1491 1268 1519 modo
1284 1490 1433 1523 distinctis,
1454 1498 1623 1526 quaecunque
1637 1491 1700 1526 qni-

916 1539 976 1566 dem
1000 1543 1110 1572 peccata
1132 1536 1238 1563 ratione
1253 1536 1393 1571 pneditam
1414 1537 1511 1563 animat
1534 1540 1638 1570 partem
1660 1540 1702 1563 at-

916 1585 1035 1619 tingunt,
1062 1590 1123 1610 esse
1143 1582 1268 1618 graviora
1293 1589 1308 1608 a
1329 1581 1456 1610 Patr-ibus
1480 1583 1601 1617 judicata
1626 1587 1701 1617 sunt,

916 1634 944 1657 et
965 1629 1061 1664 majori
1079 1636 1111 1655 ac
1135 1627 1326 1655 sufﬁcientiori
1345 1633 1371 1655 et
1396 1629 1569 1659 laboriosiori
1586 1637 1702 1657 conver-

915 1676 992 1704 sione
1002 1675 1082 1710 digna
1097 1684 1103 1701 :
1119 1673 1349 1709 quemadmodum
1364 1674 1387 1702 si
1407 1675 1469 1709 quis
1482 1675 1562 1702 iidem
1577 1676 1603 1702 in
1620 1676 1702 1703 Chri-

916 1725 987 1748 stum
1015 1721 1132 1756 negavit,
1161 1721 1201 1748 vel
1234 1720 1267 1748 ad
1284 1720 1474 1755 judaismum,
1495 1721 1535 1749 vel
1566 1721 1700 1749 idolorum

916 1767 1036 1800 cultum,
1064 1767 1106 1793 vel
1139 1766 1385 1797 manichaeismum,
1415 1767 1457 1802 vel
1487 1767 1597 1802 aliquod
1627 1768 1700 1796 aliud

916 1811 1064 1845 impietatis
1091 1817 1177 1845 genus
1197 1810 1347 1838 descivisse
1363 1801 1510 1843 visus'sit,
1531 1801 1578 1846 qui
1604 1813 1702 1840 volun-

917 1856 985 1883 tarie
1009 1855 1118 1890 quidem
1145 1863 1174 1883 se
1206 1856 1240 1883 ad
1265 1856 1292 1883 id
1320 1857 1422 1883 malum
1448 1858 1574 1889 contulit,
1604 1858 1704 1886 deinde

918 1901 1036 1936 seipsum
1060 1900 1262 1932 condemnavit,
1295 1904 1383 1928 totum
1411 1905 1518 1937 tempus
1543 1903 1604 1931 vilrc
1622 1904 1702 1932 habet

917 1947 1084 1982 ptenitcntiae
1113 1950 1229 1982 tempus.
1258 1946 1405 1982 Nunquam
1424 1949 1509 1980 enim,
1540 1950 1562 1976 si
1588 1950 1702 1985 mystica

918 1994 1064 2025 peragatur
1086 1993 1185 2023 oratio,
1208 1990 1290 2018 Deum
1321 1999 1375 2018 una
1391 1999 1453 2019 cum
1471 1994 1570 2028 populo
1589 1996 1703 2022 adorare

918 2035 1016 2070 dignus
1032 2035 1197 2068 censebitur,
1213 2036 1260 2064 sed
1274 2044 1399 2064 seorsum
1418 2039 1592 2073 precabitur;
1623 2048 1637 2067 a
1656 2049 1703 2069 sa-

917 2087 1120 2110 cramentorum
1154 2086 1244 2110 autem
1279 2084 1474 2112 communione
1504 2086 1615 2113 omnino
1648 2089 1702 2114 erit

919 2128 1040 2161 alienus;
1067 2128 1094 2155 in
1115 2128 1182 2155 hora
1207 2132 1296 2156 autem
1322 2130 1365 2157 sui
1387 2138 1402 2157 e
1424 2131 1480 2158 vita
1504 2139 1644 2166 excessus,
1658 2140 1703 2160 sa-

919 2174 1051 2201 cramenti
1073 2174 1273 2202 communionis
1295 2176 1347 2202 erit
1376 2176 1524 2212 particeps.
1549 2178 1595 2206 Sin
1613 2184 1702 2207 autem

921 2220 1065 2255 contigerit
1081 2224 1109 2247 ut
1121 2220 1144 2248 is
1157 2224 1254 2255 praeter
1265 2229 1342 2256 spem
1358 2223 1441 2255 vivat,
1457 2223 1483 2250 in
1498 2224 1592 2252 eodem
1607 2233 1704 2254 rursus

922 2265 992 2293 vivet
1012 2266 1128 2301 judicio,
1148 2267 1326 2302 mysticorum
1341 2273 1578 2298 sacramentorum
1593 2271 1625 2298 ad
1643 2272 1706 2299 vita:

920 2311 1023 2339 exitum
1053 2319 1141 2346 usque
1164 2319 1272 2347 expers.
1298 2312 1350 2346 Qui
1372 2317 1476 2342 vautem
1504 2317 1648 2345 tormentis
1677 2323 1705 2346 et

921 2357 1049 2392 gravibus
1076 2357 1218 2393 suppliciis
1237 2359 1398 2392 excruciati,
1424 2360 1443 2387 ii
1465 2362 1621 2396 praestituto
1638 2368 1706 2390 tem~

921 2409 986 2437 pore
1011 2402 1170 2437 punientur,
1193 2403 1298 2431 sanctis
1323 2403 1453 2433 Patribns
1477 2407 1518 2434 sic
1534 2407 1560 2433 in
1588 2414 1635 2435 eos
1651 2408 1707 2436 cle-

922 2447 1023 2475 mentia
1047 2448 1116 2479 usis,
1141 2452 1270 2484 tanquam
1294 2450 1383 2476 anima
1406 2459 1460 2478 non
1489 2452 1565 2487 lapsa
1589 2453 1633 2486 sit,
1659 2454 1706 2481 sed

922 2494 1074 2529 corporalis
1106 2494 1279 2522 imbecillitas
1309 2497 1454 2524 tormentis
1483 2505 1536 2524 non
1563 2499 1705 2526 restiterit.

923 2540 1011 2573 Quare
1038 2547 1165 2568 mensura
1183 2548 1277 2568 eorum
1291 2542 1337 2576 qui
1360 2542 1387 2569 in
1407 2542 1592 2571 fornicatione
1607 2552 1706 2579 pecca~

924 2590 998 2617 runt,
1020 2591 1046 2613 et
1071 2587 1097 2613 vi
1118 2587 1265 2621 doloreque
1288 2591 1417 2623 expressa
1454 2590 1648 2625 transgressio,
1679 2591 1706 2617 in

924 2631 1113 2664 conversione,
1137 2633 1231 2660 eodem
1258 2634 1346 2668 spatio
1369 2633 1494 2662 dimensa
1521 2638 1572 2662 est.

962 2677 1038 2714 [σου.
1064 2677 1106 2714 5.]
1125 2677 1176 2711 Qui
1197 2678 1230 2705 ad
1249 2680 1469 2714 praestigiatorcs,
1493 2680 1535 2707 vel
1561 2683 1636 2707 vates
1664 2680 1708 2706 {lb-

925 2723 1025 2754 ierunt.
1053 2724 1094 2752 vel
1121 2732 1168 2751 eos
1195 2724 1241 2759 qui
1260 2733 1306 2760 per
1321 2725 1458 2752 daemones
1473 2732 1503 2752 se
1519 2724 1624 2759 piacula
1637 2732 1709 2760 qua:-

926 2770 988 2797 dam
1017 2774 1044 2798 et
1097 2770 1253 2798 aversioncs
1279 2775 1438 2806 operaturos
1465 2771 1658 2806 pollicentur;
1691 2774 1707 2798 Ii

927 2822 1020 2844 exacte
1053 2816 1254 2852 interrogantur
1283 2821 1310 2845 et
1334 2816 1534 2852 examinantur,
1561 2822 1649 2845 utrum
1681 2818 1708 2844 in
