1914 3079
225 117 277 144 29.7

837 109 868 136 S.
888 106 1054 136 GREGORII
1074 105 1218 133 NYSSENI

1802 98 1860 124 ξολ

227 175 281 201 tide
307 173 334 200 in
357 170 498 199 Christum
519 172 721 205 permanentes,
747 174 762 194 a
778 167 946 194 necessitate
964 164 1013 191 ali-

1066 164 1181 200 Χριστὸν
1207 163 1318 195 πίστει,
1345 161 1390 188 ὑπ’
1414 160 1537 195 ἀνάγκης
1557 157 1631 189 τινὸς
1649 155 1859 191 συνηνέχθησαν

226 226 281 255 qua
295 218 329 246 ad
351 216 418 244 illud
435 219 577 251 peccatum
600 214 712 249 impulsi
735 217 809 246 sunt,
825 220 888 239 cum
904 211 1012 238 alllictio

226 265 318 299 aliqua
336 263 378 290 vel
396 260 580 288 intolerabilis
599 260 707 295 jactura
724 259 798 287 hunc
821 258 876 285 illis
891 258 1012 284 animum

227 309 384 341 indidisset;
411 314 445 334 an
461 306 716 341 omnino‘neglccto
735 304 807 340 quod
824 304 904 331 nobis
924 302 1013 330 credi-

227 359 285 381 tum
307 357 351 381 est
370 352 542 383 testimonio,
570 351 605 378 ad
629 351 781 378 daemonum
800 350 958 377 societatem
985 354 1015 374 se

225 400 412 427 contulerunt.
443 398 471 425 Si
496 398 570 426 enim
601 397 634 424 ad
660 397 740 424 ﬁdem
764 394 968 424 inﬁrmandam,
987 396 1016 420 et

227 442 300 478 quod
317 442 400 470 Deum
419 450 481 470 esse
498 449 552 470 non
575 441 728 473 crederent,
751 441 797 476 qui
813 447 829 467 a
850 439 1015 467 Christianis

226 489 350 516 creditur
376 492 402 516 et
426 488 567 521 adoratur,
582 488 649 515 illud
662 487 799 518 fecerunt,
811 490 893 514 erunt
910 485 1017 514 scilicet

227 539 416 570 apostatarum
441 534 548 568 judicio
568 533 691 561 obnoxii.
715 533 764 560 Sin
788 535 878 560 autem
908 539 964 559 non
982 531 1018 559 l'e-

228 581 314 608 renda
335 581 486 608 necessitas
502 580 605 614 aliqua,
633 579 732 614 pusillo
755 582 781 606 et
795 577 902 613 abiecto
920 584 1016 604 eorum

228 628 321 654 animo
350 630 491 661 superato,
513 633 546 653 eo
572 625 685 653 deduxit
702 624 771 652 falsa
793 625 884 659 aliqua
906 631 953 658 spe
971 623 1019 651 de-

228 673 346 704 ductos;
367 671 493 699 similiter
512 671 564 698 erit
580 675 607 697 et
622 670 649 697 in
666 670 741 705 ipsos
763 670 918 702 clementia,
931 670 1018 696 instar

230 724 325 744 eorum
354 716 399 751 qui
426 716 570 743 tormentis
586 716 614 742 in
631 719 755 750 tempore
773 714 957 743 confessionis
974 721 1018 742 re—

228 763 329 791 sistere
353 769 410 789 non
433 766 590 815 po/tucrunt.

1065 209 1157 245 ἐκείνῃ
1175 209 1208 244 τῇ
1233 206 1376 243 ἁμαρτίᾳ,
1391 203 1544 235 -κακώσεὼς
1566 210 1655 233 τινος,
1678 201 1697 236 ἢ
1718 199 1859 245 ἀφορήτου

1064 254 1166 290 ζημίας
1181 253 1283 289 ταύτην
1300 253 1391 283 αὐτοῖς
1414 251 1464 286 τὴν
1487 249 1574 285 ὁρμὴν
1600 245 1794 282 ἐμποιησάσης
1809 252 1818 260 ”

1065 288 1179 327 καθόλου
1204 288 1461 333 καταφρονήσαντες
1485 294 1532 322 τοῦ
1550 291 1770 326 πεπιστευμένου
1793 288 1861 324 παρ’

1065 346 1145 382 ἡμῶν
1158 344 1321 381 μαρτυρίου,
1334 344 1367 378 τῇ
1389 341 1444 368 τῶν
1458 340 1594 376 δαιμόνων
1609 337 1756 373 συμμαχίᾳ
1778 344 1863 382 προσ.

1065 381 1191 428 ἔδραμον.
1208 391 1238 417 Et
1255 390 1303 425 μὲν
1314 388 1369 424 γὰρ
1381 387 1507 422 ἀθετήσει
1519 386 1570 420 τῆς
1587 384 1708 414 πίστεως
1724 382 1774 408 καὶ
1790 381 1863 428 πρξις

1065 426 1101 465 τὸ·
1111 426 1148 472 μὴ
1163 435 1301 463 πιστεύειν
1312 432 1381 461 εἶναι
1395 433 1461 460 Θεὸν
1474 432 1520 458 τὸν
1532 429 1607 466 παρά
1619 429 1672 456 τῶν
1685 426 1863 464 Χριστιανῶν

1066 482 1322 519 προσκυνούμενον,
1339 480 1428 507 ὲκεῖνο
1450 478 1582 513 ἐποίησαν
1594 495 1602 508 ,
1624 474 1727 510 δηλαδὴ
1745 473 1785 508 τῷ

1069 517 1136 565 ματι
1148 528 1202 555 τῶν
1222 526 1403 562 παραϐάντων
1418 522 1633 558 ὑπαχθήσονται.
1649 520 1681 546 Εἰ
1697 518 1727 545 δέ
1741 526 1785 565 τις
1797 517 1864 565 ἁδά-

1054 563 1182 606 *στακτος
1208 573 1315 607 ἀνάγκη
1337 569 1569 605 κατακρατήσασα
1596 567 1646 602 τῆς
1676 563 1864 600 μικροψυχίας

1068 621 1175 651 αὐτῶν.
1198 619 1238 650 είς
1260 617 1339 645 τοῦτο
1360 616 1519 652 προσήγαγε
1531 613 1575 640 διά
1590 620 1664 642 τινος
1677 609 1864 646 ὴπατημὲνης

1068 667 1174 698 ἐλπίδος
1199 663 1471 700 παρακρουσθέντας,
1490 659 1622 690 ὡσαύτως
1642 658 1721 684 ἔσται
1748 656 1799 683 καὶ
1822 654 1862 681 ἐπ’

1069 713 1158 741 αὐτῶν
1169 714 1186 748 ἡ
1200 709 1407 747 φιλανθρωπία,
1423 708 1485 736 καθ’
1497 706 1645 742 ὁμοιότητα
1661 703 1715 730 τῶν
1728 703 1802 738 πρὸς
1817 702 1867 731 τὰς

1071 747 1204 794 βασάνους
1218 759 1247 784 ὲν
1265 756 1305 792 τῷ
1315 755 1404 791 καιρῷ
1427 755 1477 790 τῆς
1504 751 1649 788 ὁμολογίας
1663 750 1805 784 ἀντισχεῖν
1829 747 1866 782 μὴ

1069 805 1246 840 δυνηθέντων.

268 850 347 887 [Cum
374 852 416 888 4.]
438 852 537 880 Eorum
560 857 650 879 autent
666 859 728 887 quae
744 852 778 879 ad
800 851 976 886 cupiditatem
991 857 1018 879 et

1105 851 1166 878 Τῶν
1190 851 1219 877 δὲ
1241 847 1277 877 δι’
1301 847 1450 884 ἐπιθυμίαν
1473 855 1504 873 τε
1527 845 1574 872 καὶ
1594 842 1692 880 ἡδονὴν

232 899 396 933 voluptatem
421 898 490 925 ﬁunt
518 901 706 933 peccatorum,
738 897 795 924 haec
820 903 862 925 est
887 897 985 924 divisio
1010 906 1017 924 :

232 945 285 972 hoc
301 945 373 972 enim
385 948 501 971 vocatur
512 944 688 976 adulterium,
703 943 769 971 illud
784 950 848 970 vero
864 943 1017 971 fornicatio.

231 990 270 1018 Ac
285 990 423 1018 nonnullis
442 989 552 1025 quidem
578 997 674 1017 eorum
698 991 745 1024 qui
764 994 829 1018 sunt
851 989 1018 1022 subtiliores.

231 1037 334 1072 placuit
363 1037 445 1064 etiam
476 1036 667 1064 fornicationis
693 1040 836 1071 peccatum
855 1036 1019 1064 adulterium

230 1090 295 1110 esse
313 1082 483 1114 existimare,
506 1084 636 1118 quoniam
665 1090 720 1110 una
749 1086 791 1111 est
814 1083 933 1118 legitima
956 1091 1021 1110 con-

229 1129 336 1162 jnnctio
346 1132 373 1155 et
394 1128 517 1156 mulieris
530 1136 593 1156 cum
606 1128 675 1160 viro,
695 1132 722 1156 et
744 1128 795 1155 viri
813 1135 876 1155 cum
894 1129 1019 1156 muliere.
1037 1136 1040 1139 ‘

232 1173 369 1209 Quidquid
381 1181 450 1208 ergo
465 1181 519 1201 non
532 1178 574 1201 est
586 1173 749 1208 legitimum,
760 1177 802 1200 est
813 1173 924 1200 omnino
935 1173 1022 1207 injus-

231 1223 290 1246 tum
300 1223 327 1246 et
337 1219 386 1254 legi
399 1219 566 1246 contrarium
581 1229 587 1246 :
601 1223 628 1247 et
645 1219 691 1253 qui
703 1226 757 1246 non
770 1218 851 1246 habet
867 1219 1021 1253 proprium,

230 1265 314 1294 habet
332 1265 445 1293 omnino
467 1266 597 1293 alienum.
614 1265 723 1293 Homini
743 1265 815 1292 enim
834 1272 888 1292 una
913 1268 1020 1292 tantum

231 1311 294 1338 data
305 1315 346 1339 est
356 1311 514 1339 auxiliatrix
531 1319 545 1338 a
562 1310 627 1343 Deo.
637 1315 664 1338 et
685 1311 793 1338 mulieri
810 1318 894 1338 unum
911 1309 1021 1345 apposi-

230 1361 289 1384 tum
317 1360 359 1384 est
384 1361 476 1392 caput.
501 1356 572 1392 Ergo
594 1357 617 1383 si
641 1356 711 1391 quis,
742 1356 865 1391 quidem,
885 1356 1022 1390 proprium

232 1409 279 1428 va:
307 1410 396 1434 suum,
420 1405 451 1429 ut
472 1402 582 1430 divinus
609 1402 758 1437 Apostolus
779 1402 914 1433 nominat,
933 1408 1023 1435 posse-

234 1447 304 1476 derit
326 1449 368 1483 ",
390 1448 415 1476 ei
433 1448 477 1476 lea.
496 1448 716 1483 naturajustnm
739 1455 819 1475 usum
845 1445 1023 1474 concedit.Si

232 1495 297 1529 quis
312 1498 403 1522 autem
429 1497 507 1521 extra
528 1494 670 1528 proprium
687 1501 837 1521 conversus
857 1492 950 1525 fuerit,
971 1493 1024 1520 erit

233 1540 349 1568 omnino
375 1540 403 1567 in
431 1540 522 1567 alieno
540 1549 548 1567 :
567 1544 611 1567 est
633 1543 722 1567 autem
741 1539 890 1574 unicuique
906 1538 1022 1566 alienum

233 1585 370 1621 quidquid
397 1593 452 1614 non
469 1590 512 1613 est
535 1586 688 1620 proprium,
710 1585 817 1613 etiamsi
843 1585 870 1612 id
889 1592 944 1612 non
959 1592 1025 1612 eon-

235 1631 346 1659 ﬁteatur
355 1630 403 1666 qui
415 1635 457 1659 est
469 1630 610 1658 dominus.
627 1630 685 1658 Non
703 1631 782 1666 longe
799 1638 865 1666 ergo
881 1638 897 1657 a
914 1634 1025 1666 peccato

235 1677 375 1709 adulterii,
400 1677 545 1705 fornicatio
567 1677 601 1703 ab
623 1677 657 1704 iis
683 1677 730 1712 qui
755 1684 813 1704 rem
839 1677 920 1711 paulo
944 1683 1026 1703 accn-

236 1723 323 1750 ratius
340 1723 509 1755 examinant,
529 1728 656 1757 suscepta
685 1727 738 1754 est,
764 1729 826 1749 cum
850 1723 923 1749 dicat
943 1723 1040 1749 etiam~

237 1767 380 1800 Scriptura
403 1776 410 1794 :
430 1767 471 1794 Ne
485 1767 584 1794 multus
602 1768 640 1795 sis
655 1776 715 1794 cum
730 1767 819 1794 aliena
833 1767 869 1800 “,
898 1767 946 1795 sed
963 1774 1025 1794 cum

237 1811 467 1840 imbecillioribus
482 1808 670 1848 indulgenter
693 1811 828 1847 agendum
859 1815 1027 1839 censuerunt

213 1851 219 1854 ’
237 1857 346 1891 Patres,
366 1858 527 1886 distinctum
547 1863 590 1886 est
608 1861 752 1893 peccatum
769 1858 821 1884 hac
846 1858 967 1892 generali
986 1856 1028 1884 di-

237 1903 355 1936 visione,
376 1903 449 1938 quod
471 1902 616 1930 fornicatio
640 1902 752 1937 quidem
785 1902 892 1929 dicatur
919 1900 1025 1935 cupidi-

237 1950 304 1977 tatis
323 1957 371 1977 seu
399 1949 522 1977 libidinis
543 1948 673 1983 cxpletio,
697 1955 758 1984 quae
783 1947 813 1975 lit
832 1947 892 1975 sine
908 1947 960 1974 alia
975 1947 1027 1973 ali-

237 1995 318 2030 enjus
342 1995 460 2030 injuria;
481 1995 646 2023 adulterium
664 2002 740 2027 vero,
760 1993 866 2021 insidiae
884 1997 911 2021 et
926 1992 1028 2027 injuria

237 2049 300 2076 qua:
311 2041 391 2068 alteri
410 2041 532 2068 adfertur.
549 2041 579 2068 In
591 2048 624 2068 eo
637 2044 727 2068 autem
740 2043 767 2067 et
781 2048 843 2068 cum
862 2039 1029 2066 animalibus

239 2087 342 2113 coitum
367 2090 395 2113 et
420 2086 582 2121 paedicatum
607 2093 668 2114 esse
692 2086 867 2117 existimant;
898 2084 1027 2119 quoniam

241 2133 299 2160 haec
320 2136 385 2160 sunt
409 2136 515 2159 naturas
530 2131 706 2159 adulterium.
728 2131 755 2157 In
771 2131 796 2158 id
811 2131 884 2157 enim
901 2129 974 2164 quod
988 2132 1030 2157 est

1071 896 1277 933 ἁμαρτημάτων
1291 894 1400 929 τοιαύτη
1416 893 1490 919 ἐστὶν
1505 892 1521 926 ἡ
1534 889 1667 925 διαίρεσις
1677 896 1684 903 ·
1701 887 1733 914 τὸ
1745 885 1797 933 μὲν
1813 885 1868 933 γέιρ

1071 930 1193 971 καλεῖται
1208 941 1314 978 μοιχεία
1324 961 1331 973 ,
1352 940 1383 967 τδ
1400 939 1429 966 δὲ
1454 938 1577 973 πορνεία.
1593 935 1656 962 Τισὶ
1680 933 1732 969 μὲν
1748 930 1798 978 οὖν
1813 931 1868 978 τῷν

1071 976 1272 1026 ἀκριὸεστέρων
1285 988 1368 1023 ἧρεσε
1389 985 1437 1012 καὶ
1450 984 1480 1011 τὸ
1498 982 1569 1010 κατὰ
1588 979 1718 1026 πορνείαν
1736 976 1869 1026 πλημμε-

1071 1022 1156 1072 λημα,
1171 1022 1381 1070 μοιχείανηεῖναι
1395 1030 1525 1065 νομίζειν,
1549 1027 1617 1055 διότι
1632 1024 1682 1060 μία
1697 1023 1772 1072 ἐστὶν

1073 1067 1157 1118 μίμος
1172 1067 1288 1114 συζυγία
1299 1099 1306 1112 ,
1324 1078 1373 1105 καὶ
1387 1075 1497 1111 γυναικὶ
1517 1075 1586 1109 πρὸς
1603 1071 1688 1107 ἄνδρα
1698 1091 1706 1103 ,
1722 1069 1779 1118 καὶ.
1789 1067 1869 1102 ἀῆρὶ

1072 1115 1141 1163 ἐτρδς
1157 1127 1283 1161 γυναῖκα.
1307 1124 1364 1151 Πᾶν
1390 1120 1436 1150 οὖν
1458 1121 1489 1147 τὸ
1513 1120 1551 1155 μὴ
1568 1115 1870 1163 νόμιμοννπαρᾶνομον

1072 1160 1198 1204 παντως,
1215 1171 1263 1198 καὶ
1283 1171 1298 1197 ὸ
1311 1169 1349 1204 μὴ
1369 1168 1401 1195 τὸ
1426 1167 1491 1194 ἴδιον
1508 1165 1595 1200 ἔχων,
1616 1162 1720 1198 δηλαδὴ
1736 1160 1766 1187 τὸ
1790 1160 1871 1188 ἁλλό-

1072 1227 1146 1254 τριον
1162 1218 1218 1253 ἔχει
1229 1226 1236 1233 ·
1253 1215 1292 1252 τῷ
1308 1215 1362 1250 γὰρ
1380 1212 1516 1249 ἀνθρώπῳ
1537 1211 1585 1246 μία
1602 1210 1706 1237 δέδοται
1723 1207 1803 1243 παρά
1822 1205 1870 1232 τιτῦ

1072 1257 1140 1291 Θεοῦ
1161 1263 1255 1299 βοηθὸς
1266 1283 1273 1294 ,
1291 1261 1337 1288 καὶ
1352 1261 1385 1296 τῇ
1400 1258 1511 1294 γυναικὶ
1529 1257 1578 1292 μία
1592 1256 1765 1299 ἐφήρμοσται
1782 1260 1871 1285 reg:-

1073 1311 1118 1346 λή.
1134 1297 1236 1336 Ούκοῧν
1259 1306 1286 1333 ει
1299 1304 1348 1339 μέν
1366 1313 1412 1338 τις
1424 1304 1456 1331 τὸ
1469 1303 1547 1330 tam
1561 1299 1655 1327 αὐτοῦ
1669 1297 1786 1346 σκεῦος
1797 1317 1805 1327 ,
1821 1305 1871 1322 κα-

1074 1343 1127 1387 θὼς
1140 1353 1266 1389 ὀνομάζει
1280 1353 1293 1378 ὁ
1307 1350 1378 1382 θεῖος
1395 1348 1572 1378 Ἀπόστολος,
1589 1344 1688 1377 ἐαυτῷ
1708 1343 1870 1377 κτήσαιτο.

1075 1401 1211 1436 συγχωρεῖ
1226 1401 1240 1426 ὁ
1260 1399 1343 1433 νόμος
1366 1396 1415 1431 τῆς
1442 1395 1549 1429 φύσεως
1563 1393 1613 1427 τὴν
1634 1390 1744 1418 δικαίαν
1758 1389 1870 1436 χρῆσιν.

1074 1448 1106 1474 El
1162 1435 1204 1477 τις
1217 1445 1268 1477 ἔξω
1279 1443 1326 1470 τοῦ
1342 1442 1408 1469 ἰδίου
1422 1439 1552 1475 τραπείη,
1563 1438 1592 1465 ὲν
1606 1436 1743 1471 ἀλλοτρίῳ
1760 1435 1873 1464 πάντως

1075 1492 1237 1527 γενήσεται·
1267 1488 1405 1523 ἀλλότριον
1430 1487 1459 1513 δὲ
1485 1485 1593 1519 ἑκάστῳ
1612 1484 1668 1510 πᾶν
1686 1482 1718 1508 τὸ
1736 1481 1775 1517 μὴ
1797 1481 1873 1527 iam.

1075 1526 1177 1573 ita-[m1
1189 1535 1402 1572 ὁμολογούμενον
1424 1533 1481 1568 ἔχει
1503 1531 1549 1558 τὸν
1573 1528 1748 1565 κυριεύοντα.
1764 1526 1873 1573 Οὔκουν

1075 1571 1176 1619 πόρρω
1183 1581 1230 1608 τοῦ
1244 1581 1316 1607 κατὰ
1329 1579 1378 1614 τὴν
1399 1576 1521 1613 μοιχείαν
1544 1574 1808 1619 πλημμελήματοςς
1822 1571 1875 1619 ’καὶ

1074 1630 1092 1665 ὴ
1113 1617 1229 1663 ’πορνεία
1245 1626 1301 1656 τοῖς
1323 1624 1368 1650 τὸν
1391 1623 1585 1658 ἀκριϐέστερον
1606 1620 1766 1652 ἐξετάζουσι
1796 1617 1876 1650 λόγον

1076 1672 1182 1708 ἐδείχθη
1195 1691 1203 1704 ,
1226 1670 1360 1705 λεγούσης
1381 1669 1429 1695 καὶ
1452 1668 1502 1703 τῆς
1524 1667 1601 1698 θείας
1614 1665 1745 1701 Γραφῆς·
1763 1664 1809 1690 ὅτι
1830 1664 1876 1696 Μὴ

1076 1718 1174 1750 πολὺς
1190 1717 1252 1744 ἴσθι
1268 1715 1342 1749 πρὸς
1354 1713 1519 1747 ἀλλοτρίαν
1534 1721 1541 1727 -
1555 1711 1626 1746 πλὴν
1641 1710 1699 1736 ἀλλ’
1712 1709 1812 1744 ἐπειδὴ
1823 1710 1877 1739 τεῖς

1076 1763 1278 1798 ἀσθενεστέροις
1299 1759 1406 1794 ἐγένετό
1429 1768 1472 1791 τις
1489 1758 1566 1794 παρὰ
1579 1757 1634 1783 τῶν
1657 1756 1795 1791 Πατέρῳν
1813 1763 1880 1788 πμ-

1077 1809 1224 1846 περιφορά,
1239 1807 1360 1843 διεκρίθη
1379 1806 1411 1832 τὸ
1428 1804 1619 1840 πλημμέλημα
1637 1804 1672 1837 τῇ
1688 1802 1790 1836 γενικῇ
1810 1801 1881 1827 διαι-

1080 1857 1152 1892 ρέσει
1168 1854 1252 1890 ταύτῃ
1266 1873 1273 1885 ,
1291 1853 1330 1884 ὡς
1349 1851 1478 1887 πορνείαν
1507 1850 1555 1885 μὲν
1572 1846 1643 1875 εἷναι
1669 1847 1716 1874 καὶ
1735 1845 1881 1880 λέγεσθαι.

1077 1902 1127 1937 τὴν
1140 1900 1224 1936 χωρὶς
1241 1899 1347 1930 ἀδικίας
1361 1897 1456 1933 ἑτέρου
1469 1895 1615 1930 γινομένην
1635 1894 1692 1919 τισὶ
1708 1892 1762 1926 τῆς
1785 1892 1884 1918 ἐπιθυ-

1081 1948 1144 1983 μίας
1160 1946 1353 1981 ὲκπλήρωσινο
1391 1942 1514 1978 μοιχείαν
1537 1941 1584 1971 δὲ,
1603 1939 1653 1974 τὴν
1679 1938 1838 1973 ὲπιῦουλήν
1857 1946 1884 1963 τε

1079 1994 1127 2020 καὶ
1140 1993 1189 2028 τὴν
1203 1991 1309 2019 ἀδικίαν
1322 1989 1369 2017 τοῦ
1382 1988 1534 2025 ἀλλοτρίου.
1555 1987 1601 2014 Ἐν
1617 1985 1706 2021 ταύτῃ
1721 1985 1752 2011 δὲ
1765 1985 1820 2011 καὶ
1833 1984 1886 2019 τὴν

1080 2040 1249 2075 ζωοφθορίαν
1265 2038 1312 2065 καὶ
1332 2037 1382 2072 τὴν
1399 2035 1597 2071 παιδεραστίαν
1616 2031 1687 2060 εἶναι
1702 2031 1867 2066 λογίζονται
1877 2040 1884 2046 ι

1079 2086 1145 2113 διότι
1159 2085 1207 2112 καὶ
1223 2084 1309 2111 ταῦτα
1322 2081 1429 2117 φύσεώς
1444 2082 1503 2108 ἐστι
1519 2080 1639 2116 μοιχεία.
1657 2079 1707 2111 Εἰς
1718 2079 1778 2114 γὰρ
1792 2079 1826 2105 τδ
1842 2079 1887 2106 ἀλ-

1080 2130 1185 2166 λότριόν
1197 2138 1227 2156 τε
1245 2129 1293 2156 καὶ
1307 2127 1383 2163 παρὰ
1401 2126 1482 2162 φύσιν
1494 2127 1600 2161 γίνεται
1614 2126 1631 2161 ἡ
1649 2125 1754 2152 ἀδικία.
1771 2124 1887 2159 Ταύτης

238 2178 370 2209 alienum,
386 2180 413 2204 et
427 2176 501 2211 quod
516 2181 559 2204 est
575 2179 673 2210 praeter
686 2179 824 2206 naturam,
839 2175 869 2202 ιιι
880 2175 1023 2209 injustitia.

1066 2190 1067 2202 ι
1080 2176 1168 2204 τοίνυν
1176 2176 1225 2210 τῆς
1233 2174 1391 2209 διαιρέσεως
1404 2173 1450 2200 καὶ
1464 2173 1492 2199 ἐν
1503 2172 1591 2207 τούτῳ
1603 2171 1642 2206 τῷ
1654 2170 1721 2197 εῖδει
1733 2171 1788 2205 τῆς
1798 2171 1889 2206 ἁμαρ-

238 2223 308 2250 Cum
332 2222 390 2249 haec
400 2229 466 2255 ergo
480 2221 581 2248 divisio
600 2221 627 2248 in
643 2221 696 2248 bac
719 2220 801 2248 etiam
819 2221 924 2255 peccati
937 2220 1030 2255 specie

240 2269 298 2300 fiat,
320 2267 477 2295 universale
498 2272 540 2295 est
567 2266 731 2299 remedium,
752 2271 782 2294 ut
806 2274 822 2294 a
836 2267 971 2294 concitata
1002 2267 1029 2294 in

240 2313 377 2348 ejusmodi
400 2314 555 2348 voluptates
573 2313 660 2344 rabie,
677 2320 725 2348 pcr
738 2313 929 2347 paenitentiam
947 2312 1029 2340 homo

241 2366 328 2393 purus
345 2359 498 2391 efﬁciatur;
520 2358 567 2386 sed
585 2359 649 2393 quia
672 2366 768 2385 eorum
788 2358 834 2393 qui
856 2358 883 2385 in
908 2358 1030 2385 fornica-

241 2404 318 2430 tione
330 2404 425 2438 pollnti
438 2407 512 2435 sunt,
530 2404 632 2438 injuria
649 2404 740 2439 aliqua
755 2411 818 2432 cum
845 2404 896 2431 hoc
913 2407 1029 2439 peccato

243 2457 298 2476 non
313 2450 457 2477 commista
471 2453 524 2482 est,
543 2454 687 2485 propterea
704 2450 816 2485 duplum
838 2450 1029 2478 conversionis

242 2498 350 2528 tempus
370 2494 403 2521 iis
417 2494 608 2530 praescriptum
627 2501 680 2527 est,
706 2497 752 2530 qui
774 2496 800 2523 in
824 2496 960 2523 adulterio
988 2496 1030 2522 in-

243 2540 349 2574 quinati
372 2543 454 2573 sunt;
474 2544 501 2567 et
520 2541 547 2568 in
564 2541 626 2569 aliis
641 2542 733 2569 itidem
754 2543 845 2570 vetitis
862 2542 952 2575 malis,
973 2542 1031 2569 ani-

244 2587 454 2618 malinmainitu,
471 2591 498 2614 et
525 2588 601 2615 rabie
624 2589 651 2615 in
670 2588 816 2616 masculos.
837 2588 865 2616 In
889 2589 923 2617 iis
945 2589 1031 2620 enim,

244 2637 275 2660 ut
296 2633 363 2665 dixi,
387 2637 529 2667 peccatum
547 2633 716 2668 duplicatur:
742 2643 827 2662 unum
851 2635 962 2670 quidem
991 2635 1031 2671 [in

245 2677 340 2706 illicita
357 2683 385 2706 et
408 2679 515 2706 nefaria
529 2679 688 2714 voluptate;
712 2680 827 2708 alterum
839 2679 944 2716 autem]
960 2681 1032 2715 quod

246 2723 346 2757 injuria
356 2732 417 2759 qua:
429 2724 457 2751 ίὶι
466 2724 556 2757 alteri,
577 2725 711 2752 consistit.
731 2725 779 2752 Est
800 2730 890 2754 autem
908 2726 1031 2761 quaedam

285 2809 307 2823 “
320 2810 484 2844 lTliess.|v,
496 2813 523 2840 4.
563 2812 586 2828 ⁸⁸
603 2812 704 2840 Eccles.
725 2820 761 2844 ιι,
777 2812 819 2840 l2.

1081 2223 1143 2254 τίας
1162 2220 1348 2256 γεγενημένης
1359 2239 1366 2250 ,
1391 2218 1521 2253 καθολικὴ
1537 2218 1587 2253 μέν
1606 2218 1666 2244 εστι
1681 2216 1841 2252 θεραπεία,
1859 2217 1888 2243 τῆ

1081 2269 1131 2303 τῆς
1141 2265 1281 2302 ὲμπαθοῦς
1295 2265 1399 2299 λύσσης
1408 2284 1416 2297 ,
1426 2264 1476 2300 τῆς
1486 2264 1551 2299 περὶ
1565 2263 1615 2295 τὰς
1626 2261 1757 2294 τοιαύτας
1772 2262 1887 2297 ἡδονὰς,

1083 2313 1203 2349 καθαρδν
1226 2313 1258 2338 ὲκ
1282 2310 1465 2346 μεταμελείας
1486 2308 1614 2343 γενέσθαι
1637 2307 1684 2334 τδν
1711 2307 1889 2343 ἆνθρωτεον⁴

1083 2360 1129 2386 ἐπὶ
1151 2358 1180 2385 δὲ
1194 2357 1249 2384 τῶν
1274 2358 1303 2384 ὲν
1325 2356 1439 2392 πορνείᾳ
1461 2354 1646 2390 μολυνθὲντων
1669 2352 1766 2379 ἀδικία
1787 2361 1832 2385 τις
1857 2355 1889 2387 τῆ

1085 2406 1206 2442 ἁμαρτίᾳ
1219 2405 1304 2441 ταύτῃ
1315 2404 1346 2431 οὐ
1359 2402 1564 2439 καταμέμικται
1574 2410 1582 2417 ·
1593 2400 1637 2428 διὰ
1650 2400 1731 2427 τοῦτο
1742 2399 1890 2426 διπλάσιον

1083 2451 1187 2487 ὡρίσθη
1200 2451 1249 2485 τῆς
1263 2449 1430 2485 ἐπιστροφῆς
1440 2449 1454 2474 ὸ
1466 2447 1561 2484 χρόνος
1570 2447 1627 2478 τοῖς
1638 2447 1667 2472 ὲν
1681 2445 1796 2480 μοιχείᾳ.
1807 2454 1891 2480 μιαν-

1084 2497 1163 2528 θεῖσι,
1178 2496 1225 2523 καὶ
1237 2496 1266 2522 ἐν
1280 2496 1337 2527 τοῖς
1347 2494 1437 2526 ἄλλοις
1452 2495 1508 2525 τοῖς
1523 2491 1765 2527 ἀπηγορευμένοις
1777 2493 1890 2523 κακοῖς,

1085 2541 1238 2577 ζωοφθορία
1250 2549 1279 2567 τε
1298 2541 1346 2567 καὶ
1358 2541 1392 2575 τῇ
1416 2539 1488 2566 κατά
1501 2539 1565 2570 τοὺς
1585 2537 1705 2572 ἄρῥενας
1718 2536 1813 2573 λύσσῃ
1823 2543 1834 2551 ⁵
1852 2538 1890 2564 δι-

1084 2588 1261 2620 πλασιάζεται
1288 2586 1360 2622 γὰρ,
1386 2585 1424 2617 ὡς
1445 2582 1542 2616 εἷπον,
1565 2583 1612 2610 ἐπὶ
1635 2582 1693 2609 τῶν
1717 2582 1858 2609 τοιούτων
1875 2584 1891 2617 ἡ

1085 2633 1217 2669 ἁμαρτία.
1230 2632 1287 2660 Μία
1304 2632 1353 2667 μὲν
1369 2632 1386 2667 ἡ
1400 2630 1471 2658 κατὰ
1482 2630 1532 2665 τὴν
1543 2629 1591 2656 τοῦ
1607 2628 1754 2664 ἀλλοτρίου
1778 2628 1891 2655 ἀδικξαν

1086 2678 1277 2714 συνισταμένη.
1297 2676 1419 2713 Διαφορὰ
1434 2676 1463 2703 δέ
1477 2676 1520 2708 τίς
1537 2676 1613 2702 ἔστιν
1629 2675 1659 2701 ὲν
1674 2673 1715 2709 τῷ
1740 2674 1816 2710 λόγῳ
1843 2675 1890 2707 τῆς

1087 2725 1230 2761 μετανοίας
1240 2744 1247 2757 ,
1263 2725 1309 2751 καὶ
1325 2724 1370 2750 ἐπὶ
1384 2723 1438 2750 τῶν
1453 2722 1524 2750 κατὰ
1538 2721 1635 2757 ἡδονὴν
1646 2720 1892 2757 πλημμελούντων
