1914 3079
21 101 74 128 τεν

649 104 815 132 ΕΡΙεΤΟΙΛ
834 104 1014 132 CANONICA.

1592 105 1644 134 230

23 160 149 194 τοιαύτη.
170 158 199 184 Ὀ
226 159 274 193 μὲν
298 159 352 195 γὰρ
378 160 424 194 ἀφ’
448 160 544 187 ἑαυτοῦ
566 160 632 196 πρὸς
651 161 699 196 τὴν
719 160 812 194 ἐξαγό-

864 159 1016 188 differentia
1034 160 1061 187 in
1074 160 1177 188 ratione
1189 161 1358 196 pmuitnntite
1371 161 1398 188 in
1412 161 1446 189 iis
1458 162 1505 197 qtti
1524 162 1551 189 in
1570 165 1645 190 voiu-

24 213 117 241 ρευσιν
142 204 191 239 τῆς
216 205 352 241 ἁμαρτίας
373 206 496 241 ὁρμήσας
512 226 519 238 ,

26 251 86 277 σθαι
100 251 135 277 δι’
150 250 252 282 οἰκείας
273 251 360 287 ὁρμῆς
378 251 504 286 γενέσθαι
524 252 577 278 τῶν
601 252 722 287 κρυφίων
745 260 810 278 κατ-

25 298 125 332 ήγορος
137 304 144 311 ·
160 295 197 328 ὡς
217 296 266 331 ἤδη
289 297 338 332 τῆς
357 297 503 333 θεραπείας
518 296 565 323 τοῦ
581 295 682 328 πάθους
694 296 812 331 ἀρξάμε-

25 349 85 373 νος,
108 341 158 368 καὶ
181 343 293 377 σημεῖον
311 343 360 378 τῆς
383 342 451 378 πρὸς
469 342 500 369 τὸ
523 343 647 378 κρεῖττον
662 342 812 377 μεταϐολῆς

25 388 229 423 ἐπιδειξάμενος
245 408 253 419 ,
279 389 307 414 ὲν
336 388 598 424 φιλανθρωποτέροις
627 389 731 422 γίνεται
756 389 812 419 τοῖς

26 433 182 468 ἐπιτιμίοις.
201 433 230 460 ’0
242 433 270 460 δὲ
285 434 421 469 φωραθεὶς
437 435 483 460 ἐπὶ
498 433 537 469 τῷ
552 434 638 469 κακῷ,
652 434 667 469 ῆ
682 433 725 460 διά
741 441 812 465 τινος

26 478 143 513 ὑποψίας
185 479 202 514 ἢ
222 479 387 515 κατηγορίας
411 480 546 512 ἀκουσίως
569 479 765 514 ἀπελεγχθεὶς,
783 479 812 505 ἐν

26 524 211 562 ὲπιτεταμένῃ
234 525 337 559 γίνεται
359 526 392 560 τῇ
417 525 586 560 ἐπιστροφῇ·
600 525 669 551 ὥστε
696 525 812 561 καθαρι-

27 569 120 596 σθὲντα
134 570 170 596 δι’
185 570 328 605 ἀκριϐείας
342 570 433 601 αὑτὸν,
448 569 533 602 οὕτως
549 570 595 597 ἐπὶ
607 570 655 606 τὴν
669 571 722 596 τῶν
735 571 812 604 ἁγια-

27 615 135 649 σμάτων
150 616 293 642 κοινωνίαν
309 616 519 652 παραδεχθῆναι.
534 617 611 643 Ἔστι
624 617 713 643 τοίνυν
729 617 743 643 ὁ
760 625 811 643 κα-

27 659 78 685 νὼν
91 660 212 692 τοιοῦτος
227 680 234 692 ,
249 660 318 687 ὥστε
331 651 435 692 τοὺςὲν
454 661 566 696 πορνεία
579 661 768 696 μολυνθέντας,
782 662 811 687 ὲν

27 705 97 740 τρισὶ
112 705 163 741 μὲν
176 705 249 733 ἔτεσι
264 706 376 733 καθόλου
387 706 438 741 τῆς
448 706 530 742 εὐχῆς
550 707 718 743 ἀποΰλήτους
731 705 811 734 εἶναι·

27 752 54 777 ὲν
64 753 134 786 τρισὶ
147 752 177 778 δὲ
192 753 241 787 τῆς
256 752 412 789 ἀκροάσεως
432 755 556 790 μετέχειν
572 754 665 790 μόνης,
679 755 708 780 ὲν
723 754 812 785 ἄλλοις

27 796 52 822 δὲ
65 798 155 832 τρισὶν
175 797 249 825 ἔτεσι
274 799 342 834 μετά
360 800 414 826 τῶν
435 801 463 826 ὲν
477 802 510 836 τῇ
535 801 686 835 ἐπιστροφῇ
711 799 811 826 ὑποπι-

28 841 142 869 πτόντων
158 841 368 878 προσεύχεσθαι,
384 844 430 870 καὶ
445 844 505 871 τότε
521 844 644 880 μετέχειν
663 843 718 870 τῶν
731 843 810 877 ἁγια-

30 888 144 922 σμάτων.
168 888 233 916 Ἐπὶ
248 889 276 916 δὲ
297 890 352 916 τῶν
369 891 573 926 σπουδαιότερον
589 881 764 926 κεχρημένων
777 891 810 925 τῇ

28 933 193 970 ἐπιστροφῇ,
221 936 267 962 καὶ
291 935 329 971 τῷ
353 936 404 971 βίῳ
433 936 593 964 δεικνύντων
612 937 660 972 τὴν
689 936 756 971 πρὸς
780 936 812 963 τὸ

29 978 123 1011 ἀγαθὸν
146 979 295 1011 ἐπάνοδον,
319 980 407 1013 ἔξεστι
430 979 468 1016 τῷ
483 980 667 1015 οἰκονομοῦντι
689 979 756 1015 πρὸς
781 979 811 1006 τὸ

31 1025 161 1060 συμφέρον
171 1025 223 1061 τὴν
240 1025 466 1060 ἐκκλησιαστικὴν
485 1025 639 1060 οἰκονομίαν
649 1046 657 1057 ,
670 1026 811 1060 συντεμεῖν

29 1069 69 1095 τὸν
85 1071 179 1105 χρόνον
201 1070 252 1105 τῆς
265 1070 421 1105 ἀκροάσεως
431 1091 438 1102 ,
453 1071 499 1097 καὶ
519 1071 612 1105 τάχιον
630 1071 670 1101 εἰς
685 1071 811 1105 ἐπιστρο-

31 1114 77 1150 φὴν
90 1116 223 1149 ἀγαγεῖν,
249 1115 296 1141 καὶ
321 1115 401 1142 πάλιν
425 1114 471 1141 καὶ
486 1114 579 1141 τοῦτον
602 1116 744 1150 συντεμεῖν
765 1114 810 1141 τὸν

30 1160 117 1195 χρόνον
128 1179 136 1192 ,
155 1161 205 1186 καὶ
226 1160 317 1194 τάχιον
335 1159 480 1187 ἀποδοῦναι
495 1160 544 1195 τὴν
558 1161 698 1188 κοινωνίαν
711 1182 718 1194 ,
737 1162 811 1193 ὃπως

32 1205 59 1230 ἂν
73 1206 102 1240 τῇ
119 1204 219 1232 ἑαυτοῦ
235 1205 380 1241 δοκιμασίᾳ
401 1206 514 1241 ὲκκρίνῃ
530 1206 580 1242 τὴν
603 1206 649 1233 τοῦ
664 1206 811 1241 θεραπευο-

33 1249 104 1281 μένου
118 1250 405 1285 κατάστασιν.’¹Ωσπερ
415 1250 469 1286 γὰρ
478 1250 509 1277 τὸ
524 1252 579 1282 τοῖς
590 1251 691 1286 χοίροις
705 1252 811 1286 ῥίπτειν

33 1294 70 1320 τὸν
85 1294 258 1331 μαργαρίτην
271 1295 439 1330 ἀπείρηται,
455 1295 525 1323 οὕτω
536 1296 566 1323 τὸ
583 1297 744 1332 ἀποστερεῖν
764 1298 810 1324 τοῦ

33 1340 113 1372 τιμίου
135 1340 308 1375 μαργαρίτου
325 1340 370 1367 τὸν
394 1340 445 1376 ἠδη
465 1340 608 1376 ἄνθρωπον
629 1342 674 1368 διὰ
694 1343 744 1378 τῆς
761 1351 812 1369 κα-

35 1383 170 1419 θαρότητός
184 1393 216 1411 τε
232 1385 278 1412 καὶ
304 1385 437 1417 ἀπαθείας
459 1386 602 1421 γενόμενον
615 1407 622 1420 ,
636 1386 689 1414 τῶν
704 1387 811 1414 ἀτόπων

36 1430 108 1456 ἐστίν.
130 1430 163 1456 Ἦ
183 1431 214 1457 δὲ
229 1431 300 1457 κατὰ
325 1432 447 1466 μοιχείαν
463 1432 520 1467 ἤτοι
537 1432 584 1458 καὶ
599 1433 634 1459 τὰ
649 1433 730 1460 λοιπὰ
753 1434 811 1469 εἴδη

534 206 608 242 αὐτῷ
623 206 659 242 τῷ
669 205 812 238 καταδέξα-

863 209 936 241 ptate
952 209 1110 239 peccarunt,
1130 205 1274 240 ejusmodi.
1294 205 1346 239 Qui
1362 205 1435 233 enim
1445 213 1476 234 ex
1489 214 1520 234 se
1538 207 1600 242 ipso
1612 207 1647 235 ad

863 258 912 277 sua
924 249 1085 286 proferenda
1099 255 1210 285 peccata
1224 251 1359 285 impulsus
1380 255 1432 283 est,
1453 259 1486 278 eo
1501 253 1573 287 quod
1595 261 1646 280 sua

863 300 959 331 sponte
973 296 1143 324 occultorum
1163 301 1307 324 accusator
1321 305 1382 325 esse
1395 298 1524 332 voluerit,
1550 303 1578 326 nl
1599 299 1646 334 qui

861 342 916 377 jam
946 341 1083 370 affectioni
1120 342 1282 370 medicinam
1313 343 1443 371 adhibere
1467 345 1591 378 cmperit,
1619 349 1647 371 et

862 386 969 421 signum
996 386 1156 413 mutationis
1175 387 1201 413 in
1228 386 1255 413 id
1280 387 1352 421 quod
1364 391 1406 415 est
1430 389 1527 416 melius
1554 393 1647 416 osten-

864 431 945 464 derit,
963 432 989 459 in
1008 432 1162 460 mitioribus
1183 433 1272 466 pmnis
1291 438 1426 460 versatur.
1444 433 1496 466 Qui
1509 439 1600 461 autem
1618 435 1646 462 in

863 478 934 504 malo
951 478 1135 513 deprehensus
1157 481 1209 510 est,
1229 479 1271 506 vel
1287 483 1398 513 propter
1420 479 1538 514 aliquam
1556 481 1647 515 suspi—

861 523 968 550 cionem
996 523 1038 550 Vel
1059 524 1260 551 accusationem
1280 524 1405 559 ingratiis
1427 526 1571 553 convictus
1592 531 1646 558 est,

862 569 971 604 longius
998 569 1036 596 illi
1058 570 1246 598 conversionis
1270 575 1377 605 tempus
1401 570 1502 604 datur;
1530 576 1559 599 ut
1589 573 1648 607 ipse

862 616 982 650 perfecte
995 619 1136 650 purgatus,
1161 615 1201 643 sic
1216 616 1249 642 ad
1273 620 1507 643 sacramentorum
1526 625 1647 644 commu-

862 662 970 689 nionem
998 662 1167 689 admittatur.
1192 661 1240 690 Est
1262 670 1327 697 ergo
1343 663 1436 690 Canon
1449 664 1596 699 ejusmodi,
1618 670 1647 693 ut

862 708 908 743 qui
924 708 950 734 in
974 707 1155 735 fornicatione
1174 708 1269 743 polluti
1283 713 1358 740 sunt.
1383 709 1410 736 in
1433 710 1521 738 tribus
1537 711 1646 746 quidem

862 754 942 781 annis
972 754 1005 781 ab
1023 754 1146 781 oratione
1167 754 1279 782 omnino
1302 755 1490 789 expelluntur;
1516 757 1544 783 in
1560 758 1648 786 tribus

863 804 953 827 autem
969 800 1024 828 sint
1051 801 1138 828 solius
1157 800 1305 828 auditionis
1322 803 1478 837 participes.
1507 803 1534 829 in
1558 804 1648 831 tribus

862 849 953 873 autem
972 845 1042 877 aliis,
1064 852 1126 872 cum
1153 847 1186 872 iis
1203 847 1249 880 qui
1277 847 1304 873 in
1326 848 1506 875 conversione
1525 849 1648 876 subster-

863 896 978 924 nuntur,
1005 895 1161 926 precentur,
1188 895 1216 918 et
1240 895 1305 919 tunc
1329 893 1384 920 sint
1411 899 1646 922 sacramentorum

863 938 1021 973 participes.
1038 938 1065 964 In
1082 938 1116 965 iis
1126 941 1216 965 autem
1229 938 1450 974 quidiligentiori
1467 941 1648 968 conversione

863 984 905 1011 usi
920 983 1030 1016 fuerint,
1047 987 1074 1011 et
1085 982 1140 1010 vita
1151 1003 1157 1014 ,
1169 984 1202 1011 ad
1217 985 1243 1012 Id
1254 985 1326 1020 quod
1342 985 1444 1012 bonum
1457 991 1510 1018 est,
1527 987 1646 1014 reditum

862 1029 1042 1062 ostenderint,
1070 1029 1133 1058 licet
1150 1030 1175 1057 ei
1199 1031 1246 1065 qui
1271 1031 1423 1065 dispensat,
1450 1039 1499 1066 pro
1519 1033 1648 1060 ecclesia-

861 1079 937 1105 sticae
951 1077 1111 1104 meonomia:
1129 1077 1254 1110 utilitate,
1275 1082 1382 1113 tempus
1405 1078 1555 1107 auditionis
1581 1087 1649 1107 con-

861 1123 979 1157 trahere,
1001 1126 1027 1150 et
1042 1123 1158 1151 celerius
1177 1123 1210 1150 ad
1227 1124 1434 1152 conversionem
1448 1124 1601 1153 deducere:
1621 1130 1649 1153 et

863 1177 960 1197 rursus
972 1168 1024 1195 hoc
1036 1176 1145 1204 quoque
1162 1172 1269 1204 tempus
1284 1170 1456 1202 contrahere,
1482 1176 1509 1198 et
1530 1172 1648 1198 celerius

861 1215 1082 1243 communionem
1098 1214 1227 1246 reddere.
1242 1220 1270 1242 ut
1281 1223 1330 1243 sua
1343 1216 1512 1250 probatione.
1529 1217 1591 1250 ejus
1603 1217 1647 1244 cui

862 1261 966 1288 medela
988 1261 1142 1293 adhibetur,
1157 1260 1380 1288 constitutionem
1399 1261 1648 1296 dijudicet.Quem-

863 1306 1008 1334 admodum
1023 1307 1095 1334 enim
1111 1307 1203 1341 porcis
1215 1307 1377 1341 margaritas
1392 1307 1527 1342 projicere
1542 1312 1584 1335 est
1599 1315 1648 1335 ve-

862 1352 954 1384 titum,
982 1351 1019 1378 ita
1043 1356 1070 1380 et
1090 1351 1208 1387 pretiosa
1229 1352 1375 1385 margarita
1391 1351 1499 1386 privare
1514 1360 1575 1380 eum
1601 1353 1647 1387 qui

860 1397 916 1432 jam
931 1405 980 1432 per
992 1397 1182 1424 alienationem
1201 1404 1216 1422 a
1232 1396 1298 1423 vitio
1309 1400 1335 1424 et
1349 1397 1536 1431 purgationem
1565 1397 1648 1424 homo

863 1442 899 1470 sit
915 1441 1014 1474 factus,
1031 1441 1180 1468 absurdum
1196 1444 1246 1468 est.
1263 1440 1328 1474 Quae
1347 1444 1438 1468 autem
1458 1441 1486 1468 in
1511 1441 1648 1468 adulterio

36 1475 77 1510 τῆς
93 1475 264 1512 ἀκαθαρσίας
280 1478 411 1512 γενομένη
423 1478 596 1513 παρανομία,
610 1479 702 1510 καθὼς
721 1480 812 1515 προεί-

864 1492 890 1515 et
908 1488 933 1514 in
957 1487 1069 1522 reliquis
1093 1486 1271 1514 immunditiae
1290 1487 1435 1522 generibus
1456 1487 1484 1514 ιιι
1504 1487 1649 1520 iniquitas,

38 1529 118 1556 ρηται,
135 1522 207 1549 κατὰ
223 1522 312 1549 πάντα
328 1523 357 1549 ὲν
373 1522 412 1558 τῷ
426 1522 500 1558 αὐτῷ
514 1524 628 1559 κρίματι
645 1525 813 1562 θεραπευθῆ-

38 1574 113 1599 αεται,
130 1568 157 1594 ὲν
172 1564 194 1601 ᾦ
209 1568 257 1594 καὶ
268 1568 298 1594 τὺ
313 1568 362 1603 τῆς
379 1568 506 1603 πορνείας
525 1569 590 1603 ἄγος
603 1578 609 1584 ·
630 1569 668 1605 τῷ
686 1570 714 1596 δὲ
725 1572 813 1607 χρόνῳ

38 1612 242 1645 διπλασιάζεται.
260 1614 521 1650 Παρατηρηθήσεται
538 1614 566 1641 δὲ
581 1616 628 1642 καὶ
647 1616 690 1642 ἐπ’
704 1616 778 1651 αὑτῷ
795 1618 812 1653 ή

39 1657 77 1683 τοῦ
87 1658 301 1694 θεραπευομένου
318 1658 451 1693 διάθεσις,
470 1658 498 1685 ὃν
517 1660 616 1694 τρόπον
631 1661 679 1687 καὶ
695 1661 742 1688 ἐπὶ
758 1661 812 1688 τῶν

39 1702 71 1736 τῷ
84 1704 208 1739 μολυσμῷ
230 1704 281 1739 τῆς
302 1704 429 1740 πορνείας
453 1705 682 1740 συνενεχθέντων,
698 1706 768 1734 ὥστε
794 1708 811 1744 ἢ

41 1747 122 1775 θᾶττον
137 1749 153 1785 ἦ
166 1749 330 1785 βραδύτερον
342 1749 466 1781 γενέσθαι
480 1751 572 1782 αὐτοῖς
588 1752 637 1787 τὴν
649 1752 695 1778 τοῦ
709 1753 812 1788 ἀγαθοῦ

43 1795 178 1824 μετουσίαν.

70 1841 189 1869 Asinam;
202 1841 272 1876 πρὸς
283 1840 386 1872 τούτοις
397 1841 426 1867 τὸ
434 1841 573 1877 θυμοειδὲς
586 1842 635 1877 τῆς
644 1842 732 1878 ψυχῆς
745 1852 813 1880 προ-

43 1885 114 1913 θεῖναι
129 1888 167 1918 εὶς
189 1887 322 1921 ἐξέτασιν.
345 1886 408 1914 ὅταν
421 1886 630 1922 παρασφαλεῖσα
643 1887 691 1923 τῆς
708 1888 814 1923 ἀγαθῆς

43 1930 81 1956 τοῦ
101 1931 180 1968 θυμοῦ
200 1933 340 1968 χρήσεως,
357 1933 397 1964 είς
414 1931 549 1967 ἁμαρτίαν
564 1932 677 1968 ἐκπέσῃ.
707 1933 813 1961 Πολλῶν

44 1983 67 2001 τι
80 1975 154 2004 ἧντων
169 1977 242 2004 κατὰ
250 1977 333 2013 θυμὸν
341 1978 382 2008 εἰς
393 1977 528 2013 ἁμαρτίαν
541 1977 755 2012 ἐνεργουμένων,
766 1980 813 2006 καὶ

46 2022 137 2048 πάντων
149 2023 254 2057 κακῶν,
275 2023 356 2058 ἦρεσὲ
371 2031 429 2054 πως
449 2024 505 2054 τοῖς
527 2023 665 2059 Πατράσιν
680 2024 767 2060 ἡμῶν,
784 2026 812 2052 ὲν

46 2068 91 2097 τοῖς
109 2068 192 2100 ἄλλοις
210 2068 250 2103 μὴ
275 2068 333 2095 λίαν
355 2068 601 2104 ἀκριϐολογεῖσθαι¹
626 2069 693 2105 μηδὲ
714 2070 814 2106 πολλῆς

47 2113 107 2144 ἄξιον
121 2115 242 2150 ἡγεῖσθαι
258 2115 384 2150 σπουδῆς,
400 2115 431 2141 το
450 2114 611 2149 θεραπεύειν
622 2115 718 2145 ,πάντα
732 2115 766 2143 τὰ
782 2117 814 2143 ἐκ

49 2157 118 2192 θυμοῦ
130 2160 352 2196 παραπτώματα·
373 2160 420 2187 καί
434 2160 475 2187 τοί
490 2169 521 2194 γε
534 2161 581 2196 τῆς
594 2161 714 2196 Γραφῆς,
726 2162 757 2188 οὐ
772 2163 817 2197 μό.

48 2210 84 2228 νον
100 2204 256 2240 τὴν⁶ψυχὴν
276 2205 499 2240 ἀπαγορευούσης
524 2205 629 2240 πληγήν
644 2213 650 2220 ·
675 2205 742 2232 ἀλλά
767 2207 815 2233 καὶ

50 2249 123 2275 πᾶσαν
136 2250 279 2286 λοιδορίαν,
300 2250 317 2285 ἢ
334 2250 516 2286 βλασφημίαν,
537 2250 583 2277 καὶ
597 2251 624 2277 εί
640 2259 665 2276 τι
680 2250 743 2278 ἄλλο
759 2260 815 2279 τοι-

50 2292 112 2320 οῦτον
124 2296 143 2322 ὁ·
152 2295 234 2330 θυμὸς
252 2295 453 2331 ἀπεργάζεται·
477 2296 556 2332 μόνον
569 2296 597 2323 δὲ
616 2297 662 2324 τοῦ
680 2297 749 2324 κατά
769 2298 816 2326 τὸν

52 2340 116 2373 (ξονον
128 2342 204 2376 ἄγους
223 2343 273 2378 τὴν
288 2342 485 2379 παραφυλακὴν
506 2343 677 2378 ἐποιήσαντο,
701 2344 745 2370 διὰ
761 2343 816 2370 τῶν

53 2384 183 2421 ἰπιτιμίων.
199 2388 329 2424 Διῄρηται
341 2389 370 2415 δὲ
385 2388 416 2414 τὸ
432 2388 550 2415 τοιοῦτον
563 2388 646 2415 κακὸν
657 2390 689 2425 τῇ
700 2389 815 2426 διαφορᾷ

52 2431 89 2456 τοῦ
103 2433 216 2460 ἑκουσίου
237 2443 268 2461 τε
290 2435 337 2461 καὶ
356 2435 497 2467 ἀκουσίου,
514 2435 542 2462 ἐν
556 2432 596 2466 οἷς
621 2435 742 2468 ἑκούσιος
767 2437 816 2470 μέν

54 2476 98 2502 ἔστι
111 2479 190 2512 φόνος.
209 2480 318 2516 Πρῶτον
331 2481 390 2516 μὲν,
411 2482 426 2507 ὁ
444 2481 476 2507 ἐκ
491 2481 666 2517 παρασκευῆς
682 2481 815 2517 τετολμη-

56 2522 120 2555 μένος
131 2526 172 2564 τοῦ
184 2526 222 2558 είς
234 2526 300 2553 αὐτὸ
313 2527 391 2553 τοῦτο
404 2527 644 2562 εὐτρεπισαμὲνου,
658 2528 731 2560 ὅπως
741 2527 774 2554 ἂν
786 2529 816 2554 τὺ

55 2567 106 2600 bibi
116 2571 265 2607 ἐργάσηται.
277 2573 390 2600 Ἔπειτα
397 2573 426 2599 δὲ
438 2573 564 2605 κάκεῖνος
578 2574 607 2599 ὲν
617 2575 672 2605 τοῖς
683 2574 816 2606 ἑκουσίοις

57 2611 174 2652 ἐνομίσθη,
184 2618 245 2645 ὅταν
254 2627 296 2650 τις
311 2620 340 2645 ἐν
349 2618 492 2654 συμπλοκῇ
510 2619 556 2646 καὶ
570 2619 653 2654 μάχῃ,
664 2620 771 2646 τύπτων
787 2628 816 2646 τε

58 2658 95 2683 καὶ
105 2663 268 2697 τυπτόμενος,
275 2664 372 2700 ἐνέγκῃ
384 2664 454 2691 κατά
463 2673 535 2696 τινος
546 2665 653 2699 καιρίου
661 2665 709 2700 τὴν
717 2665 761 2692 διὰ
769 2665 817 2700 τῆς

59 2703 132 2738 turb:
144 2707 254 2744 πληγήν.
272 2709 301 2736 '0
310 2710 364 2745 γὰρ
374 2709 449 2742 ἆπαξ
461 2709 499 2744 τῷ
510 2709 587 2744 θυμῷ
602 2710 757 2746 κρατηθεὶς,
771 2710 818 2736 καὶ

60 2748 86 2781 τῇ
97 2750 158 2787 ὁρμῇ
176 2753 223 2788 τῆς
241 2755 323 2790 ὀργῆς
337 2755 523 2791 χαριζόμενος,
541 2755 617 2781 οὐδὲν
635 2755 668 2782 ἂν
682 2755 758 2791 παρὰ
773 2756 818 2781 τὸν

63 2794 139 2829 ιαιρὺν
152 2797 194 2824 τοῦ
205 2799 303 2831 πάθους
312 2800 366 2827 τῶν
378 2799 513 2834 ἀνακόψαι
527 2799 558 2826 τὸ
570 2799 653 2827 κακὸν
664 2800 818 2835 δυναμένων

863 1537 892 1560 ιιι
909 1534 1011 1560 dictum
1029 1537 1081 1564 est,
1094 1533 1189 1560 eodem
1211 1532 1317 1567 judicio
1334 1533 1463 1567 punietur
1476 1541 1531 1568 quo
1549 1538 1574 1560 et
1589 1532 1647 1559 for-

863 1579 1009 1606 nicationis
1026 1579 1126 1611 scelus,
1147 1578 1194 1606 sed
1214 1582 1335 1613 tempore
1361 1578 1554 1613 duplicabitur.
1570 1579 1598 1604 In
1615 1587 1648 1606 eo

863 1630 965 1656 autem,
985 1625 1045 1658 ejus
1060 1624 1141 1650 etiam
1166 1624 1210 1650 cui
1235 1623 1340 1651 medela
1365 1624 1520 1656 adhibetur,
1542 1624 1648 1651 affectio

865 1668 1094 1700 considerabitur,
1106 1677 1161 1704 quo
1171 1660 1251 1697 modo
1265 1673 1293 1696 et
1309 1669 1337 1695 in
1354 1669 1389 1696 iis
1399 1669 1445 1704 qui
1460 1669 1649 1696 fornicationis

865 1715 1072 1749 inquinamento
1089 1714 1228 1750 illaqueati
1249 1718 1325 1746 sunt,
1348 1719 1378 1741 ut
1390 1715 1431 1742 vel
1446 1715 1528 1742 citius
1542 1714 1584 1742 vel
1595 1718 1649 1742 tar-

867 1761 930 1793 dius
939 1760 980 1790 eis
990 1761 1025 1789 sit
1036 1761 1099 1789 boni
1113 1761 1292 1796 participatio.

900 1841 996 1869 Restat
1019 1840 1051 1867 ad
1078 1841 1135 1867 hanc
1169 1843 1198 1867 ut
1227 1839 1389 1867 irascentem
1426 1840 1523 1867 anima:
1543 1844 1649 1875 partem

865 1886 1072 1916 examinandum
1093 1893 1288 1922 proponamus,
1303 1886 1412 1920 quando
1434 1886 1509 1920 lapsa
1535 1894 1549 1912 a
1578 1887 1650 1913 bono

866 1933 912 1960 iraa
924 1941 974 1961 usu
989 1933 1016 1960 in
1034 1936 1174 1967 peccatum
1190 1931 1329 1959 ceciderit.
1351 1931 1436 1967 [Cum
1454 1931 1499 1966 5.]
1512 1932 1579 1958 Cum
1598 1940 1650 1958 au-

865 1983 919 2005 tem
940 1979 1026 2004 multa
1056 1977 1112 2003 sint
1137 1983 1196 2011 quae
1219 1983 1268 2011 per
1293 1975 1361 2002 iram
1394 1975 1461 2002 fiunt
1489 1979 1599 2010 peccata
1624 1980 1652 2003 et

867 2024 956 2051 omnis
975 2022 1082 2058 generis
1100 2021 1182 2052 mala.
1204 2021 1306 2056 placuit
1322 2021 1450 2048 omnibus
1474 2020 1576 2048 nostris
1600 2020 1652 2047 Pa-

868 2070 954 2097 tribus
991 2069 1018 2095 in
1050 2067 1111 2095 aliis
1147 2067 1256 2102 quidem
1282 2074 1337 2093 non
1370 2066 1483 2093 nimium
1515 2067 1652 2094 subtiliter

831 2127 854 2154 ι)
868 2123 957 2151 agere,
975 2122 1026 2142 nec
1043 2113 1158 2142 nimium
1176 2113 1204 2140 in
1220 2120 1252 2140 eo
1276 2113 1359 2140 studii
1376 2119 1519 2147 opemque
1538 2120 1650 2146 ponere.

872 2166 902 2190 ut
913 2161 1004 2188 omnia
1021 2167 1081 2195 qua:
1093 2167 1127 2188 ex
1144 2159 1184 2186 ira
1200 2161 1377 2186 nascerentur
1391 2157 1490 2184 delicta
1505 2162 1651 2189 curarent;

869 2206 994 2243 quamvis
1013 2205 1154 2240 Scriptura
1182 2211 1236 2231 non
1259 2203 1347 2231 solum
1373 2203 1474 2230 vulnus
1498 2203 1653 2237 prohibeat,

869 2253 916 2281 sed
931 2252 1014 2280 etiam
1026 2258 1107 2278 omne
1127 2250 1281 2277 convicium
1300 2249 1340 2276 vel
1357 2248 1542 2279 maledictum,
1573 2251 1601 2274 et
1631 2249 1654 2275 si

868 2297 933 2333 quid
950 2296 1022 2324 aliud
1046 2294 1180 2330 ejusmodi
1196 2294 1233 2321 ita
1259 2293 1362 2326 ellicit;
1381 2292 1427 2321 sed
1455 2293 1541 2320 solam
1571 2292 1658 2318 caedis

869 2342 1024 2371 cautionem
1053 2341 1111 2368 suis
1141 2340 1230 2375 pomis
1267 2339 1489 2366 introduxerunt.
1519 2336 1658 2363 Dividitur

869 2391 958 2416 autem
976 2387 1027 2414 hec
1042 2386 1160 2418 malum,
1175 2384 1324 2412 differentia
1341 2382 1503 2411 voluntariae
1530 2386 1557 2409 et
1577 2381 1660 2408 invo-

869 2435 1013 2463 luntariae:
1042 2436 1069 2460 et
1096 2436 1140 2460 est
1167 2431 1256 2458 caedes
1272 2429 1381 2465 quidem
1401 2427 1570 2458 voluntaria,
1597 2433 1662 2460 quae

869 2479 1056 2517 praemeditato
1085 2481 1214 2512 suscepta
1242 2480 1284 2503 est
1303 2476 1337 2504 ab
1366 2482 1399 2503 eo
1414 2474 1462 2509 qui
1494 2480 1524 2500 se
1539 2471 1576 2499 ad
1608 2471 1664 2498 hoc

869 2529 1074 2561 comparaverat
1088 2528 1118 2552 ut
1149 2524 1202 2551 hoc
1216 2523 1324 2551 facinus
1341 2523 1525 2557 perpetraret.
1557 2517 1666 2544 Deinde

869 2572 935 2600 illud
951 2578 1061 2606 quoque
1076 2570 1103 2597 in
1119 2569 1281 2597 voluntariis
1296 2568 1487 2595 existimatum
1503 2567 1554 2592 est,
1572 2568 1670 2594 quan-

870 2619 905 2646 do
922 2618 984 2654 quis
1005 2618 1032 2644 iu
1062 2623 1211 2650 congressu
1242 2615 1390 2641 verberans
1424 2614 1453 2638 et
1484 2607 1671 2654 V'_erbe_l'ah_=su

871 2652 952 2691 manu
977 2662 1083 2697 plagam
1100 2659 1266 2687 mortiferam
1297 2657 1432 2686 intulerit.
1452 2652 1508 2685 Qui
1528 2652 1607 2699 enim

871 2707 955 2737 semel
968 2693 1057 2734 victus
1082 2709 1169 2736 est,et
1192 2704 1276 2731 animi
1300 2698 1465 2738 appetitioni
1491 2695 1578 2726 cedit,
1599 2693 1679 2720 nihil

870 2761 964 2782 eorum
980 2760 1041 2788 quae
1058 2751 1159 2778 malum
1182 2753 1293 2784 possent
1318 2750 1476 2782 amputare.
1496 2740 1522 2767 ei
1539 2741 1568 2766 in
1591 2746 1681 2788 mon-

871 2803 925 2827 tem
939 2798 1021 2826 venit.
1039 2796 1128 2829 Quare
1141 2799 1166 2822 et
1184 2794 1239 2821 illic
1254 2801 1361 2828 quoque
1377 2791 1424 2826 qui
1454 2795 1492 2816 ex
1521 2787 1684 2812 concerta—

1568 2856 1586 2871 Ι
