1954 3079
249 101 296 129 231

251 160 326 185 tione
343 157 482 193 profectus
493 161 545 191 est,
566 157 651 186 caadis
662 161 788 191 eventus,
810 159 838 186 in
862 159 963 187 factum
987 167 1031 187 vo-
1047 160 1068 188 A

252 203 411 234 luntarium,
427 211 480 230 non
509 203 536 230 in
553 210 648 230 casum
666 204 819 231 confertur.
845 204 1035 232 lnvoluntarize

251 254 341 275 autem
359 249 460 276 habent
479 248 623 276 manifesta
651 249 764 282 indicia,
780 250 891 285 quando
906 251 967 285 quis
983 251 1034 278 ali-

251 294 295 320 cui
312 294 389 321 alteri
403 294 440 321 rei
456 294 576 322 studium
594 295 743 330 applicans,
759 303 825 324 casu
841 297 1034 332 gravissimum

251 338 361 372 aliquod
374 339 474 366 malum
491 341 650 374 patraverit.
664 341 692 368 In
717 341 759 369 his
779 350 854 377 ergo,
868 343 956 370 caedes
974 344 1035 378 qui-

251 382 312 410 dem
329 384 356 410 'rn
373 384 471 418 triplex
488 388 595 420 tempus
609 387 766 413 extenditur
790 387 823 414 iis
848 388 894 422 qui
912 396 959 422 per
973 396 1036 415 con-

250 428 405 455 versionem
425 430 580 457 voluntario
598 430 714 458 facinori
737 431 887 458 remedium
906 432 1032 460 aﬂ‘erunt.

251 473 304 500 Ter
321 472 419 501 noveui
433 475 513 502 etiam
531 480 595 502 sunt
623 477 699 509 anni,
727 477 880 504 rnovenario
899 485 1033 505 annorum

251 525 365 546 numero
382 520 409 546 in
425 527 590 555 unoquoque
607 522 691 556 gradu
708 522 851 556 praeﬁnito,
875 527 905 550 ut
926 523 952 550 in
971 531 1033 558 per-

252 563 321 591 fecta
353 565 464 599 quidem
485 568 670 601 segregatione
691 575 787 594 novem
814 576 947 596 annorum
966 573 1035 596 tem-

252 617 318 644 pore
334 614 457 638 versetur
475 611 509 638 ab
526 611 646 639 Ecclesia
661 613 814 647 prohibitus
828 623 835 647 ;
861 614 930 642 alios
944 619 1033 642 autem

251 659 294 682 tot
310 663 395 684 annos
412 657 438 684 in
462 657 601 685 auditione
624 663 792 693 permaneat.
814 660 871 687 sola
891 660 1033 687 doctorum

253 705 281 728 et
305 701 506 736 Scripturarum
533 703 671 731 auditione
689 708 715 731 et
733 706 940 733 conversatione
970 713 1032 732 cum

254 748 353 782 populo
366 747 465 782 dignus
484 748 603 782 habitus,
616 750 644 777 in
662 750 742 778 tertio
770 755 859 778 autem
886 752 1034 779 novenario

251 800 315 820 cum
327 794 473 821 substratis
488 795 515 822 in
531 796 712 823 conversione
732 803 824 828 orans,
844 801 873 823 ut
894 798 1034 831 perveniat

253 838 287 865 ad
304 840 523 867 communionem
539 842 702 868 sacramenti
714 842 819 869 scilicet
832 850 840 874 ;
854 842 921 869 etin
938 843 1033 870 eodem

253 884 346 912 eadem
362 885 414 912 erit
433 885 586 914 observatio
605 887 640 914 ab
659 895 691 914 eo
704 888 752 922 qui
772 886 922 915 Ecelesiam
947 889 1035 916 admi~

253 929 362 961 nistrat,
379 933 406 957 et
420 938 469 965 pro
484 931 590 958 ratione
603 931 790 960 conversionis
803 933 841 959 illi
855 941 965 968 quoque
978 941 1036 968 pte-

253 981 295 1001 nze
311 975 436 1002 extensio
451 976 633 1009 rescindetur,
649 980 679 1004 ut
702 984 752 1012 pro
778 985 874 1005 novem
902 978 980 1006 annis
1008 979 1035 1006 in

254 1028 418 1056 unoquoque
429 1022 523 1057 gradu,
536 1023 577 1050 vel
589 1027 662 1055 octo,
675 1023 717 1050 vel
732 1027 846 1058 septem,
862 1024 905 1051 vel
915 1025 1037 1060 quinque

255 1066 343 1093 solum
360 1067 424 1094 anni
437 1067 513 1101 ﬁant,
529 1069 551 1096 si
570 1069 737 1103 poenitentiae
752 1070 911 1105 magnitudo
929 1075 1036 1106 tempus

254 1111 358 1144 vincat,
377 1117 405 1140 et
421 1117 530 1147 superet
554 1113 734 1142 correctionis
750 1115 843 1143 studio
873 1123 921 1144 eos
945 1117 992 1151 qui
1008 1116 1035 1143 in

255 1158 337 1192 longo
349 1162 471 1194 tempore
491 1160 643 1193 praestituto
668 1165 808 1196 susceptas
825 1169 840 1189 a
859 1169 888 1189 se
915 1163 1036 1190 maculas

1050 827 1070 854 Β

255 1202 376 1237 segniter
388 1204 492 1230 eluunt.
509 1203 722 1232 Involuntarium
735 1212 824 1234 autem
835 1207 914 1234 venia
927 1207 1036 1242 quidem

254 1246 378 1282 dignum,
392 1248 439 1275 sed
455 1255 509 1275 non
525 1249 660 1277 laudabile
672 1250 826 1284 judicatum
841 1257 894 1279 est.
911 1251 969 1279 Hoc
990 1259 1036 1279 au-

255 1295 309 1318 tem
324 1291 392 1324 dixi,
410 1297 440 1319 ut
454 1293 489 1320 sit
503 1298 638 1329 apertum,
652 1295 725 1329 quod
740 1296 821 1323 etiam
838 1297 863 1324 si
882 1297 943 1330 quis
960 1297 1037 1324 invo-

255 1336 374 1364 luntarie
392 1337 475 1365 fuerit
492 1338 519 1365 in
535 1339 638 1367 scelere
654 1339 814 1368 homicidii:
831 1348 893 1368 eum
908 1346 1035 1377 tanquam

253 1381 309 1417 jam
327 1382 483 1418 profanum,
501 1384 640 1418 piaculum
659 1385 807 1418 redditum,
840 1393 855 1412 a
871 1387 1035 1415 sacerdotali

255 1428 341 1463 gratia
366 1429 531 1464 ejiciendum
556 1431 742 1464 pronuntiavit
768 1439 867 1458 canon.
898 1432 1034 1465 Quantum

255 1478 346 1500 autem
359 1478 401 1502 est
411 1474 575 1509 expiationis
590 1479 698 1511 tempus
713 1477 747 1503 ob
769 1477 921 1511 simplicem
947 1477 1033 1505 forni—
1048 1490 1069 1519 ρ

255 1519 403 1552 cationem,
418 1523 525 1547 tantum
540 1521 621 1548 etiam
639 1525 714 1548 recte
736 1521 834 1549 habere
849 1523 1036 1551 existimatum

255 1569 298 1592 est
315 1565 342 1591 in
361 1565 395 1593 iis
408 1566 454 1600 qui
471 1566 572 1593 caedem
590 1567 798 1594 involuntariam
817 1567 967 1600 fecissent;
983 1569 1037 1596 sci-

256 1609 330 1639 licet.
345 1608 372 1636 in
389 1609 424 1636 iis
443 1617 561 1645 quoque,
590 1611 746 1646 paenitentis
769 1611 908 1640 voluntate
935 1613 1038 1640 exami-

256 1658 341 1688 nata;
359 1659 389 1682 ut
409 1655 432 1683 si
448 1655 483 1682 sit
506 1655 559 1684 ﬁde
573 1656 683 1691 quidem
701 1657 783 1692 digna
799 1659 953 1690 conversio,
982 1667 1037 1686 non

256 1704 529 1728 serveturannorum
545 1709 675 1729 numerus
689 1711 697 1735 ;
715 1699 762 1730 scil
779 1704 910 1738 temporis
925 1705 1038 1739 prolixi-

257 1747 313 1772 tate
337 1750 470 1779 resecata,
485 1747 519 1774 ad
554 1746 682 1775 Ecclesia;
704 1748 904 1776 restitutionem
919 1753 947 1777 et
972 1751 1036 1778 boui

256 1791 491 1826 participationem
507 1793 665 1827 compendio
680 1794 838 1821 reducatur.
859 1794 888 1822 Si
908 1795 970 1830 quis
987 1803 1038 1822 au-

256 1841 310 1864 tem
327 1844 379 1864 non
394 1838 501 1872 expleto
525 1842 646 1873 tempore
661 1847 676 1866 ει
703 1841 853 1867 canonibus
874 1841 1030 1875 praestituto

257 1882 313 1909 vita
326 1882 448 1914 excedat,
471 1883 548 1918 jubet
565 1883 676 1911 Patrum
696 1885 838 1913 clementia
865 1890 895 1913 ut
926 1886 1038 1915 eiTectus

257 1933 491 1960 sacramentorum
508 1930 657 1964 particeps,
674 1938 730 1957 non
742 1931 842 1959 viatico
869 1939 985 1965 vacuus,
1004 1933 1038 1960 ad

257 1977 405 2000 extremam
419 1974 494 2002 illam
504 1979 531 2002 et
551 1976 658 2010 longam
685 1977 931 2012 peregrinationem
948 1981 1040 2006 mitta-

257 2022 312 2047 tur.
335 2020 384 2047 Sin
415 2025 516 2053 autem,
541 2026 684 2057 pestquam
710 2025 873 2051 sacramenti
905 2026 1040 2061 particeps

258 2066 347 2094 factus
360 2067 452 2100 fuerit,
466 2075 576 2095 rursum
589 2069 623 2095 ad
637 2068 720 2095 vitam
736 2077 862 2097 reversus
877 2070 913 2098 sit
925 2080 932 2098 :
953 2076 1040 2099 statu-

259 2116 316 2138 tum
329 2117 436 2147 tempus
450 2117 599 2147 exspectet,
616 2114 644 2140 in
671 2114 718 2141 illo
740 2115 826 2150 gradu
851 2117 988 2144 exsistens
1013 2117 1040 2144 in

863 100 892 129 S.
910 98 1073 129 GREGORII
1092 99 1238 130 NYSSENI

1816 101 1863 128 ΞΗ

1083 161 1128 188 ἐπὶ
1141 161 1202 188 νοῦν
1217 161 1303 188 λάϐοι.
1328 160 1406 187 Ὥστε
1422 159 1468 186 καὶ
1479 159 1508 186 τδ
1522 160 1554 186 ὲκ
1567 160 1615 196 τῆς
1627 159 1786 196 συμπλοκῆς
1803 162 1863 187 ἁποι

1084 206 1202 241 τέλεσμα
1216 205 1262 232 τοῦ
1281 205 1371 240 φόνου,
1392 206 1432 236 είς
1445 204 1524 240 ἔργον
1542 205 1737 241 προαιρέσεως,
1757 206 1803 233 καὶ
1819 206 1862 232 οὐκ

1084 252 1123 282 εἰς
1135 251 1283 286 ἀποτυχίαν
1296 250 1435 284 ἀνάγεται.
1450 251 1481 276 Oi.
1493 250 1520 277 δὲ
1530 243 1652 277 ἀκούσιοι
1664 251 1769 286 φανερὰ
1779 251 1861 286 ἔχουσι

1084 296 1118 322 τὰ
1132 295 1308 330 γνωρίσματα
1318 303 1325 310 ’
1346 295 1409 321 ὅταν
1432 303 1473 326 τις
1488 294 1556 330 πρὸς
1571 295 1703 331 ἕτερόντι
1718 295 1767 330 τὴν
1787 303 1862 321 σπου-

1084 340 1133 375 δὴν
1154 341 1239 376 ἔχων,
1259 340 1289 372 ἐξ
1305 340 1453 375 ἀποτυχίας
1469 348 1494 366 τι
1518 339 1571 366 τῶν
1592 340 1747 374 ἀνηκέστων
1772 339 1861 375 δράσῃ.

1090 385 1151 411 Ἐπὶ
1171 384 1272 411 τούτων
1295 384 1385 411 τοίνυν
1407 386 1421 410 ό
1445 384 1493 419 μὲν
1517 384 1605 418 φόνος,
1627 385 1666 415 είς
1692 384 1862 419 τριπλασίονα

1085 430 1178 465 χρόνον
1196 430 1396 465 παρατείνεται,
1414 431 1470 461 τοῖς
1486 429 1518 455 δι’
1535 430 1701 464 ἐπιστροφῆς
1719 429 1862 464 θεραπευο-

1087 475 1176 511 μένοις
1189 475 1218 502 τὸ
1233 476 1354 502 ἑκούσιον
1368 475 1443 509 ἀγος.
1465 475 1612 509 Τρισεννέα
1628 475 1682 509 γάρ
1697 476 1763 501 εἰσιν
1781 476 1862 500 ἐνιαυ-

1084 520 1134 552 τοὶ,
1152 521 1212 547 καθ’
1227 520 1340 547 ἕκαστον
1364 519 1465 555 βαθμὸν
1479 520 1527 554 τῆς
1541 520 1648 551 ὲννάδος
1662 520 1715 546 τῶν
1731 519 1799 546 ἐτῶν
1814 521 1864 553 opt.

1086 567 1203 601 σθείσης,
1217 566 1287 592 ὥστε
1302 567 1330 592 ὲν
1347 566 1395 601 μὲν
1409 566 1447 601 τῷ
1462 565 1586 592 παντελεῖ
1595 565 1862 602 ἀφορισμῷ,ὲνναετῆ

1084 612 1178 648 χρόνον
1202 611 1371 645 διαγενέσθαι
1394 611 1591 646 ἀπειργόμενον
1612 611 1660 646 τῆς
1691 611 1861 646 Ἑκκλησίας·

1084 659 1150 686 ἄλλα
1170 658 1199 684 δὲ
1224 657 1341 685 τοσαῦτα
1363 657 1409 693 ἐτη
1434 658 1462 683 ἐν
1478 658 1510 692 τῇ
1535 657 1664 691 ἀκροάσει
1691 659 1862 692 παραμεῖναι,

1086 703 1169 739 μόνης
1178 702 1232 730 τῶν
1245 703 1410 730 διδασκάλων
1426 702 1472 729 καὶ
1492 703 1540 737 τῆς
1557 703 1610 729 τῶν
1629 697 1748 738 Γραφῶν
1767 702 1864 737 ἀκροά-

1085 758 1164 782 σεως,
1192 749 1239 775 καὶ
1256 748 1324 784 μετὰ
1341 749 1390 783 τῆς
1406 747 1453 774 τοῦ
1478 747 1543 774 λαοῦ
1559 748 1711 780 συστάσεως
1742 747 1864 782 ἀξιούμε-

1085 804 1143 828 νον,
1169 795 1197 821 ὲν
1213 795 1241 821 δὲ
1261 794 1341 830 τρίτῃ
1364 794 1470 826 ὲννάδι,
1502 793 1570 828 μετὰ
1589 784 1865 821 τῶν’ὺττοπιπτόντων

1086 843 1114 868 έν
1142 842 1176 876 τῇ
1213 841 1360 875 ἐπιστροφῇ
1399 839 1633 874 προσευχόμενον,
1661 838 1747 871 οὕτως
1783 839 1865 866 ἐλθεῖν

1060 916 1064 920 ,
1086 887 1132 914 ἐπὶ
1159 887 1209 922 τὴν
1241 884 1383 922 μετουσίαν
1405 885 1451 912 τοῦ
1478 886 1647 920 ἀγιάσματος
1661 891 1668 901 ⁸
1700 885 1801 921 δηλαδὴ
1823 886 1867 912 καὶ

1087 932 1134 958 ἐπὶ
1152 931 1198 958 τοῦ
1217 930 1346 962 τοιούτου,
1368 930 1384 965 ἡ
1404 929 1472 964 αὑτὴ
1496 928 1681 964 προστήρησις
1698 929 1773 956 ἔσται
1796 929 1867 964 παρὰ

1085 979 1133 1005 τοῦ
1150 978 1352 1013 οἰκονομοῦντος
1372 977 1420 1012 τὴν
1443 977 1614 1012 Ἐκκλησίαν,
1636 977 1683 1002 καὶ
1709 976 1779 1011 πρὸς
1794 975 1867 1008 λόγον

1086 1024 1134 1060 τῆς
1149 1022 1314 1058 ἐπιστροφῆς
1342 1023 1557 1058 συντμηθήσεται
1572 1022 1645 1057 αὐτῷ
1658 1022 1704 1049 καὶ
1718 1024 1735 1057 ἡ
1748 1021 1795 1048 τοῦ
1814 1022 1868 1047 ἐπι-

1086 1070 1175 1105 τιμίου
1195 1070 1357 1104 παράτασις,
1374 1069 1444 1096 ὥστε
1456 1070 1516 1096 ἀντὶ
1527 1069 1604 1096 ἐννέα
1617 1069 1695 1100 ὲτῶν,
1709 1069 1751 1102 ἐφ’
1765 1068 1868 1102 ἑκάστῳ

1087 1117 1184 1153 βαθμῷ
1199 1115 1270 1143 ὀκτὼ
1288 1115 1304 1151 ἢ
1321 1115 1390 1142 ἑπτὰ
1406 1116 1422 1151 ἣ
1441 1115 1480 1149 ἓξ,
1506 1114 1522 1150 ἢ
1540 1115 1586 1142 καὶ
1608 1115 1688 1142 πέντε
1713 1115 1781 1150 μόνα
1796 1114 1869 1148 γενέ-

1088 1163 1164 1190 σθαι·
1183 1163 1260 1198 εἴπερ
1282 1162 1312 1188 τδ
1327 1161 1439 1196 μέγεθος
1464 1161 1514 1195 Ιτῆς
1535 1161 1700 1196 ἐπιστροφῆς
1721 1160 1808 1195 νικοίη
1826 1160 1870 1185 τὸν

1087 1208 1189 1243 χρόνον,
1205 1207 1252 1233 καὶ
1262 1205 1455 1241 ὑπερϐάλλοιτο
1469 1207 1500 1241 τῇ
1521 1206 1620 1241 σπουδῇ
1631 1206 1679 1240 τῆς
1700 1202 1869 1238 διορθώσεως

1085 1252 1148 1283 τοὺς
1162 1252 1190 1277 ὲν
1209 1252 1243 1286 τῇ
1261 1251 1353 1286 μακρᾷ
1369 1250 1522 1286 προθεσμίᾳ
1536 1249 1719 1286 ῥᾳθυμότερον
1735 1257 1795 1280 πως
1810 1249 1870 1275 ἐαυ-

1085 1297 1149 1328 τοὺς
1162 1295 1215 1322 ἀπὸ
1233 1292 1283 1330 τῆς
1304 1295 1411 1330 κηλίδος
1426 1295 1612 1330 καθαίροντας.
1642 1294 1678 1320 Τδ
1691 1294 1719 1320 δὲ
1734 1293 1868 1324 ἀκούσιον,

1087 1341 1255 1376 συγγνωστὸν
1270 1341 1328 1376 μὲν,
1344 1341 1374 1367 οὑ
1392 1341 1444 1376 μὴν
1461 1340 1600 1367 ἐπαινετὸν
1617 1339 1723 1374 ἐκρίθη.
1743 1339 1827 1366 Τοῦτο
1842 1339 1871 1365 δὲ

1086 1386 1176 1419 εἶπον,
1202 1386 1272 1414 ὥστε
1295 1387 1373 1422 δῆλον
1389 1385 1531 1420 γενέσθαι,
1560 1386 1600 1412 ὅτι
1616 1385 1666 1412 κᾶν
1683 1385 1817 1416 ἀκουσίως
1830 1393 1870 1415 τις

1085 1430 1196 1465 γένηται
1214 1430 1243 1456 ὲν
1261 1429 1299 1464 τῷ
1313 1429 1360 1456 τοῦ
1377 1429 1456 1463 φόνου
1480 1429 1624 1464 μιάσματι,
1644 1429 1681 1460 ὡς
1694 1429 1744 1464 ἠδη
1760 1429 1872 1463 βέϐηλον

1086 1476 1166 1502 αὑτὸν
1178 1475 1230 1502 ἀπὸ
1245 1474 1292 1502 τοῦ
1307 1476 1389 1510 ἄγους
1405 1475 1558 1510 γενόμενον,
1570 1474 1721 1509 ἀπόὸλητον
1734 1474 1872 1510 ἱερατικῆς

1087 1521 1196 1556 χάριτος
1214 1521 1228 1547 ὁ
1247 1519 1336 1547 κανὼν
1359 1520 1517 1554 ἀπεφήνατο
1530 1527 1536 1534 ·
1563 1519 1624 1550 ὅσος
1643 1519 1670 1545 δέ
1686 1520 1759 1545 ἐστιν
1779 1519 1826 1545 ἐπὶ
1838 1520 1872 1553 τῇ

1086 1567 1150 1602 ψιλῇ
1164 1559 1275 1602 πορνείᾳ
1294 1565 1340 1592 τοῦ
1358 1565 1503 1601 καθαρσίου
1524 1565 1537 1590 ὁ
1555 1565 1658 1600 χρόνος,
1682 1563 1808 1596 τοσοῦτος
1827 1564 1874 1590 κα)⁸

1085 1612 1132 1638 ἐπὶ
1145 1612 1198 1638 τῶν
1221 1611 1355 1643 ἀκουσίως
1372 1610 1576 1645 πεφονευκότων
1608 1609 1773 1646 ἐδοκιμάσθη
1791 1610 1873 1636 καλὸν

1086 1657 1168 1693 ἔχειν,
1181 1657 1279 1692 δηλαδὴ
1296 1655 1343 1683 καὶ
1360 1656 1388 1682 ὲν
1401 1656 1485 1691 τούτῳ
1501 1658 1549 1691 τῆς
1561 1656 1743 1691 προαιρέσεως
1758 1656 1806 1682 τοῦ
1825 1665 1873 1690 με·

1086 1703 1242 1734 τανοοῦντος
1249 1703 1306 1729 δοκι
1310 1702 1463 1737 μαξομένης
1473 1710 1479 1717 ·
1491 1701 1560 1728 ὥστε
1570 1703 1594 1727 εί
1606 1702 1761 1733 ἀξιόπιστος
1771 1701 1875 1735 γένοιτο

1087 1749 1104 1784 ἡ
1118 1747 1278 1783 ἐπιστροφὴ,
1287 1747 1324 1782 μὴ
1335 1747 1442 1777 πάντως
1455 1745 1697 1781 παραφυλαχθῆναι
1706 1745 1750 1771 τὸν
1759 1745 1875 1780 ἁριθμδν

1086 1793 1140 1820 τῶν
1153 1792 1230 1824 ἑτῶν,
1242 1792 1309 1818 ἀλλὰ
1322 1791 1365 1817 διὰ
1381 1790 1526 1825 συντομίας
1546 1791 1658 1824 ἀγαγεῖν
1673 1790 1755 1816 αὐτὸν
1769 1791 1810 1822 εἰς
1826 1790 1876 1824 τὴν

1087 1839 1135 1874 τῆς
1143 1838 1302 1874 Ἐκκλησίας
1312 1838 1540 1869 ἀποκατάστασιν,
1552 1836 1598 1863 καὶ
1606 1837 1644 1868 εἰς
1653 1836 1701 1871 τὴν
1709 1835 1756 1862 τοῦ
1768 1835 1874 1870 ἀγα.θοῦ

1090 1885 1241 1920 μετουσίαν.
1263 1885 1294 1910 Et
1317 1883 1345 1909 δέ
1359 1892 1400 1915 τις
1424 1883 1460 1919 μὴ
1483 1882 1628 1918 πληρώσας
1645 1882 1690 1909 τὸν
1712 1881 1810 1917 χρόνον
1830 1881 1876 1908 τὸν

1088 1932 1120 1957 ὲκ
1145 1930 1198 1957 τῶν
1223 1929 1340 1956 κανόνων
1365 1929 1562 1964 ἀφωρισμένον,
1592 1927 1708 1961 ἐξοδεύοί
1729 1927 1777 1954 τοῦ
1799 1927 1875 1962 βίου·

1089 1976 1192 2003 κελεύει
1219 1976 1236 2010 ἡ
1259 1974 1311 2001 τῶν
1330 1973 1459 2009 Πατέρων
1486 1973 1673 2008 φιλανθρωπία
1705 1973 1878 2008 μετασχόντα

1088 2022 1141 2049 τῶν
1161 2021 1353 2055 ἁγιασμάτων,
1383 2019 1420 2055 μὴ
1441 2019 1517 2046 κενὸν
1539 2019 1583 2045 τοῦ
1607 2019 1711 2053 ἐφοδίου
1735 2019 1805 2054 πρὸς
1827 2021 1878 2054 τὴν

1088 2068 1205 2103 ἐσχάτην
1215 2066 1321 2100 ἐκείνην
1332 2065 1378 2092 καὶ
1392 2064 1499 2100 μακρὰν
1508 2064 1661 2099 ἀποδημίαν
1671 2063 1878 2098 ἐκπεμφθῆναι.

1090 2113 1122 2140 Εἰ
1135 2113 1163 2139 δὲ
1183 2110 1323 2147 μετασχὼν
1335 2110 1380 2136 τοῦ
1396 2110 1573 2144 ἀγιάσματος,
1590 2109 1670 2136 πάλιν
1685 2111 1724 2140 είς
1741 2109 1790 2144 τὴν
1804 2108 1879 2144 ζωὴν

258 2163 314 2191 quo
333 2161 392 2184 erat
418 2161 481 2185 ante
509 2159 725 2186 communionem
748 2160 787 2187 illi
820 2169 852 2189 ex
876 2163 1036 2190 necessitate

1091 2157 1243 2188 ἐπανέλθοι,
1258 2156 1403 2191 ἀναμένειν
1414 2155 1459 2182 τὸν
1471 2154 1635 2190 τεταγμένον
1647 2155 1751 2190 χρόνον,
1767 2156 1796 2181 ὲν
1807 2155 1880 2181 ὲκεί-

259 2203 362 2230 datam.

295 2287 383 2324 [Can.
400 2288 427 2316 6.
440 2289 549 2325 ]A|tera
563 2294 652 2318 autem
671 2291 830 2319 idololatriae
847 2291 955 2327 species
976 2291 1037 2326 (sic

259 2334 332 2361 enim
343 2334 451 2361 divinus
461 2335 604 2369 Apostolus
615 2337 755 2375 avaritiam
765 2337 926 2372 appellat“)
937 2338 1038 2369 nescio,

260 2380 398 2415 quomodo
416 2381 518 2416 absque
545 2382 597 2409 ulla
620 2390 709 2417 pmnas
733 2383 838 2411 medela
866 2391 881 2410 a
912 2382 1039 2411 Patribus

260 2429 444 2460 praetermissa
461 2427 506 2453 sit.
521 2427 602 2462 Atqui
623 2428 674 2455 hoc
687 2428 788 2455 malum
805 2428 915 2462 quidem
933 2428 1039 2456 videtur

260 2479 322 2498 esse
338 2472 419 2498 trium
442 2472 525 2499 animi
545 2473 772 2500 constitutionum
787 2473 904 2501 aﬂ'ectio.
928 2473 996 2501 Nam
1014 2479 1040 2501 et

261 2517 342 2544 ratio.
358 2517 392 2543 ab
406 2518 464 2553 ejus
478 2518 548 2552 quod
561 2519 705 2553 pulchrum
719 2523 760 2546 est
771 2519 885 2553 judicio,
898 2519 1038 2551 aberrans,

260 2571 321 2590 esse
335 2563 361 2590 in
374 2564 484 2591 materia
501 2565 572 2598 quod
589 2564 731 2599 pulchrum
747 2569 788 2593 est
813 2566 961 2599 existimat,
985 2573 1040 2592 non

262 2610 296 2636 ad
311 2609 540 2644 pulchritudinem
556 2617 570 2635 υ
589 2610 701 2636 materia
717 2614 868 2644 separatam
884 2610 1019 2644 aspiciens
1030 2631 1038 2643 ,

261 2658 288 2680 et
298 2653 459 2681 desiderium
472 2653 505 2680 ad
517 2661 548 2680 ea
558 2661 618 2689 quae
633 2659 696 2681 sunt
719 2655 848 2683 inferiora
872 2656 1018 2683 inclinatur
1029 2676 1036 2688 ,

262 2698 297 2726 ab
325 2707 358 2726 eo
378 2698 450 2734 quod
477 2707 539 2726 vere
555 2703 597 2727 est
613 2701 792 2736 expetendum
819 2702 953 2731 dilabens.
978 2702 1037 2730 Jam

297 2787 320 2804 ’⁸⁷
333 2787 430 2822 Eplies.
443 2796 468 2815 v.
482 2788 507 2815 5.

1093 2212 1132 2239 νῳ
1145 2202 1183 2237 τῷ
1195 2201 1290 2237 βαθμῷ
1303 2201 1455 2236 γενόμενον,
1470 2201 1498 2227 ὲν
1511 2197 1572 2236 ᾧῆν
1584 2200 1636 2236 πρὸ
1645 2200 1694 2236 τῆς
1708 2200 1780 2227 κατὰ
1795 2200 1881 2234 ἀνάγ-

1093 2255 1144 2282 κην
1161 2246 1234 2281 αὐτῷ
1250 2245 1371 2279 δοθείσης
1387 2244 1536 2276 κοινωνίας.

1129 2292 1165 2318 Τὸ
1178 2291 1206 2318 δὲ
1222 2290 1290 2322 εἶδος
1305 2291 1354 2326 τῆς
1368 2290 1604 2325 εἰδωλολατρείας·
1622 2289 1691 2316 οὕτω
1705 2290 1760 2325 γὰρ
1775 2289 1880 2324 ὀνομά-

1092 2340 1132 2372 ζει
1145 2339 1194 2374 τὴν
1206 2337 1360 2370 πλεονεξίαν
1373 2337 1386 2363 ὁ
1404 2337 1473 2368 θεῖος
1489 2336 1661 2367 Ἀπόστολος·
1670 2336 1719 2362 οὐκ
1733 2334 1794 2361 οἶδα
1805 2335 1881 2365 ὅπως

1092 2383 1276 2419 ἀθεράπευτον
1287 2382 1339 2408 ὑπὸ
1353 2382 1406 2408 τῶν
1420 2381 1548 2416 Πατέρων
1559 2381 1636 2416 ἡμῶν
1650 2380 1805 2416 περιώςεθη.
1825 2380 1881 2406 Καί

1092 2430 1133 2457 τοί
1146 2438 1177 2463 γε
1189 2429 1262 2456 δοκεῖ
1277 2429 1307 2454 τὸ
1316 2428 1434 2455 τοιοῦτον
1449 2428 1532 2454 κακὸν
1543 2428 1592 2462 τῆς
1606 2427 1699 2462 τρίτης
1713 2427 1743 2452 ὲν
1757 2427 1791 2461 τῇ
1805 2426 1880 2460 ψυχῇ

1092 2472 1282 2505 καταστάσεως
1299 2473 1383 2504 πάθος
1398 2471 1476 2499 εἶναι.
1492 2473 1544 2500 Καὶ
1555 2473 1609 2508 γὰρ
1621 2472 1751 2507 λογισμὸς
1767 2472 1820 2507 τῆς
1833 2471 1881 2498 τοῦ

1092 2521 1174 2548 καλοῦ
1189 2521 1304 2556 κρίσεως
1321 2519 1495 2554 ἁμαρτάνων,
1508 2519 1537 2544 ὲν
1555 2519 1587 2552 τῇ
1600 2518 1651 2554 ὕλῃ
1663 2517 1694 2543 τὸ
1713 2517 1797 2544 καλὸν
1809 2515 1881 2543 εἶναι

1091 2565 1263 2601 φαντάζεται,
1271 2565 1300 2591 οὑ
1310 2565 1377 2599 πρὸς
1389 2564 1418 2590 τὺ
1426 2563 1504 2590 ἄΰλον
1515 2563 1673 2590 ἀναϐλέπων
1681 2562 1791 2593 κάλλος,
1804 2563 1854 2588 καὶ
1864 2563 1879 2596 ἡ

1091 2611 1222 2646 ἐπιθυμία
1232 2611 1299 2645 πρὸς
1308 2609 1341 2636 τὰ
1352 2611 1426 2636 κάτω
1437 2609 1536 2644 ρεῖ,τοῦ
1544 2608 1658 2644 ἀληθοῦς
1667 2607 1781 2642 ὀρεκτοῦ
1790 2608 1880 2642 ἀπορο

1093 2655 1201 2691 ῥέουσα.
1220 2654 1304 2688 Καὶὴ
1327 2653 1475 2687 φιλόνεικος
1497 2661 1526 2678 τε
1549 2653 1594 2679 καὶ
1605 2652 1731 2688 θυμώδης
1746 2651 1880 2683 διάθεσις,

1092 2699 1192 2731 πολλὰς
1206 2701 1237 2726 ὲκ
1248 2699 1296 2735 τῆς
1310 2699 1436 2734 τοιαύτης
1451 2698 1585 2734 ἁμαρτίας
1601 2698 1651 2729 τὰς
1665 2697 1794 2734 ἀφορμὰς
1813 2698 1883 2729 λαμ-
