1954 3079
93 113 142 140 27,3

723 116 889 143 H‘lSTOLA
907 116 1087 144 CANONICA.

1668 115 1720 142 234

96 171 175 197 δάνει.
194 169 248 196 Καὶ
261 170 291 196 τὸ
304 171 365 198 ὅλον
381 173 476 203 είπᾰν,
495 175 635 207 συμφωνεῖ
652 175 666 209 ἡ
683 174 792 210 τοιαύτη
808 175 884 205 νόσος

946 182 1000 201 tero
1013 178 1039 201 et
1059 171 1230 201 contentiosa
1245 173 1424 208 animosaque
1435 172 1533 199 anima:
1561 171 1668 199 affectio
1688 179 1720 198 ex

96 215 132 250 τῷ
146 215 320 252 ἀποστολικῷ
347 218 398 253 τῆς
420 219 574 252 πλεονεξίας
597 220 662 255 ὅρῳ.
689 220 717 246 'O
737 220 790 255 γὰρ
815 220 886 251 θεῖος

98 261 266 293 Ἀπόστολος,
277 263 308 288 οὺ
324 264 404 298 μόνον
421 265 503 300 αὐτὴν
518 265 749 301 εἰδωλολατρείαν,
764 265 830 292 ἀλλὰ
840 266 886 292 καὶ

99 307 173 343 ῥίζαν
188 308 297 335 πάντων
319 309 372 336 τῶν
386 311 478 337 κακῶν
496 311 654 346 ἀπεφήνατο
664 320 670 326 ·
701 313 748 338 καὶ
768 312 842 344 ὅμως
857 312 887 338 τὺ

97 353 213 380 τοιοῦτον
228 352 299 386 εἶδος
323 355 458 390 παρώφθη
476 356 524 389 τῆς
546 357 623 382 νόσου
646 357 843 383 ἀνεπίσκεπτον
857 365 886 382 τε

98 400 142 426 καὶ
160 400 351 435 ἀτημέλητον·
366 401 406 428 διδ
419 402 465 428 καὶ
475 402 617 434 πλεονάζει
631 402 700 428 κατὰ
715 402 763 433 τὰς
776 403 888 436 Ἐκκλη-

99 445 157 476 σίας
185 445 214 471 τὺ
224 446 346 473 τοιοῦτον
357 447 538 482 ἀρρώστημα,
552 448 599 474 καὶ
610 448 695 480 οὐδεὶς
710 449 772 479 τοὺς
788 448 834 474 ἐπὶ
843 448 888 473 τὸν

98 489 197 525 κλῆρον
209 491 363 526 ἀγομένους
374 492 594 528 περιεργὰζεται,
611 492 709 527 μήπως
724 492 764 527 τῷ
776 493 888 526 τοιούτῳ

98 535 161 561 εῖδει
176 535 226 570 τῆς
239 537 460 573 είδωλολατρείας
473 537 703 573 κατεμιάνθησαν.
730 537 810 564 Ἀλλά
825 538 888 572 περὶ

100 581 148 615 μὲν
163 581 277 615 τούτων,
299 582 343 609 διὰ
362 584 393 609 τὸ
409 584 552 619 παρεῖσθαι
569 577 624 615 τοῖς
643 584 780 618 Πατρᾶσιν
798 583 886 618 ἡμῶν,

98 628 193 662 ἀρκεῖν
207 628 350 664 ἡγούμεθα
367 630 405 665 τῷ
418 630 538 665 δημοσίῳ
556 630 606 664 τῆς
619 629 792 661 διδασκαλίας
806 629 886 664 λόγῳ,

99 674 172 706 ὅπως
189 673 225 700 ἂν
250 672 306 701 οἷόν
326 684 357 701 τε
381 673 413 712 ᾖ,
430 675 608 712 θεραπεύειν,
628 676 722 710 ὥσπερ
742 676 803 701 τινὰ
816 675 888 710 πάθη

98 719 273 755 πληθωρικὰ,
285 720 335 753 τὰς
350 722 541 753 πλεονεκτικὰς
555 722 710 757 ὰρῤωστίας
725 721 767 747 διὰ
784 721 830 748 τοῦ
843 721 887 747 λό-

99 774 147 798 γου
162 766 354 802 καθαίροντας.
377 767 468 802 Μάνην
480 767 508 793 δὲ
523 768 571 803 τὴν
587 767 690 801 κλοπὴν
705 767 749 793 καὶ
763 767 810 802 τὴν
821 775 889 801 τυμ-

99 810 250 846 ϐωρυχέαν,
269 811 316 838 καὶ
331 811 379 846 τὴν
396 811 546 846 ἱεροσυλίαν
569 811 641 847 πάθη
663 811 816 845 νομίζομεν,
844 809 887 836 διὰ.

97 855 129 882 τὺ
138 856 227 888 οὕτως
238 857 270 883 ὲκ
283 857 332 892 τῆς
350 857 403 883 τῶν
419 858 546 892 Πατέρων
563 857 723 888 ἀκολουθίας
737 856 785 891 τὴν
802 856 890 891 παρά-
906 849 927 875 Β

98 901 172 928 δοσιν
187 902 253 937 ἡμῖν
270 903 334 938 περὶ
354 903 448 929 τούτου
468 903 602 937 γενέσθαι.
631 902 685 929 Καί
699 902 740 928 τοί
763 911 794 936 γε
816 901 890 937 παρὰ

98 948 132 982 τῇ
148 946 210 982 θείᾳ
225 948 331 984 Γραφῇ,
351 949 398 976 καὶ
412 949 425 975 ό
440 949 617 984 πλεονασμὸς,
632 949 678 975 καὶ
694 950 708 975 ὁ
724 948 812 980 τόκος,
836 947 889 974 τῶν

98 995 302 1031 ἀπειρημένων,
314 995 388 1028 ἐστὶ,
414 995 460 1022 καὶ
482 996 512 1022 τὺ
539 996 571 1022 ὲκ
587 995 746 1026 δυναστείας
764 994 836 1026 τινὸς
858 995 890 1030 τῇ

101 1040 155 1076 ἰδίᾳ
172 1042 269 1076 κτήσει
282 1042 469 1077 προσαγαγεῖν
480 1042 514 1068 τὰ
525 1041 662 1076 ἀλλότρια,
674 1041 725 1068 κᾶν
739 1041 768 1068 ὲν
778 1041 894 1076 προσχή-

101 1095 168 1122 ματι
181 1087 375 1122 πραγματείας
388 1087 416 1113 τὲ
427 1086 546 1114 τοιοῦτον
557 1087 624 1122 τύχῃ
636 1086 786 1121 γινόμενον.
803 1087 886 1112 Ἐπει-

98 1132 130 1167 δὴ
142 1133 233 1159 τοίνυν
248 1133 279 1159 τὸ
293 1133 441 1168 καθ’ἡμᾶς,
450 1133 488 1164 εἰς
499 1132 621 1165 ἐξουσίαν
631 1131 718 1159 κανὼν
727 1131 892 1165 ἀξιόπιστος,

98 1178 149 1212 τὴν
167 1177 214 1204 ὲπὶ
228 1178 283 1204 τῶν
296 1178 517 1213 ὁμολογουμένως
540 1178 771 1214 ἀπηγορευμένων
786 1186 892 1204 κανονι-

100 1223 152 1258 κὴν
165 1223 256 1258 κρίσιν
265 1223 314 1258 ἤδη
325 1225 380 1255 τοῖς
388 1224 542 1258 εἰρημένοις
552 1223 750 1258 προσθήσομεν.
761 1221 892 1258 Διῄρηται

99 1266 147 1295 οὖν
171 1269 188 1304 ή
207 1269 296 1304 κλοπὴ
317 1269 356 1301 εἵς
375 1278 404 1295 τε
426 1269 551 1306 λῃστείαν
574 1271 621 1296 καὶ
636 1270 676 1300 εις
694 1268 872 1304 τοιχωρυχίαν
884 1276 890 1282 ·

100 1316 148 1342 καὶ
166 1312 207 1346 εἷς
223 1315 273 1350 μὲν
286 1316 330 1341 ἐπ’
348 1315 508 1351 ἀμφοτέρων
521 1315 630 1348 σκοπὸς,
647 1317 664 1351 ή
679 1315 733 1341 τῶν
746 1314 893 1349 ἀλλοτρίων

101 1359 249 1395 ἀφαίρεσις
261 1368 268 1375 ·
289 1360 373 1396 πολλὴ
388 1361 414 1387 δὲ
427 1361 498 1388 κατὰ
507 1361 556 1396 τὴν
570 1361 681 1397 γνώμην
698 1360 787 1387 αὐτῶν
798 1361 814 1395 ἡ
827 1359 894 1395 πρὸς

102 1406 236 1441 ἀλλήλους
253 1407 313 1433 ἐστὶ
324 1406 448 1442 διαφορά.
474 1407 504 1433 ’σ
520 1407 570 1441 μὲν
580 1407 633 1442 γὰρ
650 1407 761 1442 λῃστὴς,
781 1406 828 1433 καὶ
846 1406 895 1441 τὴν

104 1452 262 1486 μιαιφνίαν
278 1453 318 1484 εἰς
345 1452 500 1487 συμμαχίαν
512 1452 558 1479 τοῦ
576 1452 792 1487 σπουδαζομένου
808 1460 897 1486 παραυ

102 1498 248 1532 λαμϐάνει,
275 1498 344 1533 πρὸς
365 1498 430 1525 αὑτό
449 1498 527 1525 τοῦτο
543 1497 817 1533 παρασκευαζόμενος
849 1497 895 1523 καὶ

102 1544 196 1575 ὅπλοις
216 1544 265 1571 καὶ
278 1544 450 1579 πολυχειρίᾳ,
472 1544 519 1570 καὶ
538 1544 594 1575 τοῖς
608 1543 760 1578 ἐπικαίροις
780 1542 833 1569 τῶν
850 1543 894 1569 τό·

103 1599 163 1616 πων
176 1598 181 1603 ’
195 1589 268 1615 ὥστε
282 1590 328 1615 τὸν
339 1589 468 1621 τοιοῦτον,
483 1589 522 1624 τῷ
537 1589 650 1624 κρίματι
659 1589 713 1615 τῶν
727 1589 895 1623 ἀνδροφόνων

105 1635 271 1669 ὑπάγεσθαι,
290 1636 314 1661 εἱ
327 1634 371 1661 διὰ
383 1635 563 1670 μεταμελείας
580 1635 675 1661 ἑαυτὸν
690 1634 756 1669 πρὸς
769 1634 818 1668 τὴν
834 1633 895 1659 Ἐκ-

105 1681 221 1716 κλησίαν
243 1680 290 1707 τοῦ
314 1679 382 1707 Θεοῦ
404 1680 545 1714 ἐπανάγοι.
579 1680 608 1706 ’0
631 1680 659 1706 δὲ
679 1679 711 1705 δι’
728 1678 896 1714 ὑφαιρέσεως

105 1726 291 1761 λανθανούσης
317 1726 538 1761 σφετεριζόμενος
559 1726 589 1752 τὸ
609 1725 756 1760 ἀλλότριον,
780 1723 839 1750 εἷτα
860 1723 895 1749 δι’

105 1772 311 1808 ἑξαγορεὺσεως
320 1771 350 1797 τὸ
363 1771 547 1806 πλημμέλημα
557 1771 637 1797 αὐτοῦ
649 1769 687 1804 τῷ
697 1770 763 1805 ἱερεῖ
773 1768 896 1804 φανερώ-

108 1819 208 1852 σας,τῇ
220 1817 285 1852 περὶ
293 1817 323 1842 τὸ
333 1816 503 1843 ἐναντίοντοῦ
512 1816 613 1848 πάθους
623 1815 724 1850 σπουδῇ
735 1814 896 1850 θεραπεύσει

106 1864 157 1898 τὴν
164 1862 323 1899 ἀῤῥωστίαν
331 1871 337 1876 ·
349 1862 419 1895 λέγω
430 1861 457 1888 δὲ
467 1861 510 1888 διὰ
522 1861 568 1887 τοῦ
577 1861 609 1888 τὰ
622 1860 756 1895 προσόντα
767 1860 897 1895 παρέχειν

107 1910 163 1940 τοῖς
176 1909 303 1943 πένησιν,
315 1908 358 1934 ῖνα
367 1907 404 1942 τῷ
415 1907 570 1942 προέσθαιᾶ
581 1908 646 1942 ἔχει,
659 1907 772 1941 φανερὸς
787 1907 898 1942 γένηται

107 1954 271 1990 καθαρεύων
288 1954 337 1989 τῆς
355 1955 423 1980 κατὰ
437 1953 591 1986 πλεονεξίαν
610 1953 698 1980 νόσου.
726 1953 757 1978 Εἰ
773 1953 801 1978 δὲ
817 1952 899 1987 μηδὲν

109 2001 175 2035 ἔχοι.
193 2001 275 2036 μόνον
289 2000 317 2026 δὲ
340 2000 370 2026 τὸ
393 1999 472 2035 σῶμα
485 1999 550 2035 ἔχοι,
567 1999 672 2025 κελεύει
687 1999 701 2024 ὁ
741 1998 898 2030 ’Λπόστολος

108 2046 153 2071 διὰ
164 2044 211 2071 τοῦ
226 2045 384 2080 σωματικοῦ
397 2045 479 2071 κόπου
493 2045 524 2070 τὸ
537 2044 656 2071 τοιοῦτον
669 2044 839 2077 ἐξιλάσασθαι
851 2044 898 2071 πά-

109 2090 165 2121 θος.
185 2091 265 2125 Ἔχει
280 2091 308 2117 δὲ
326 2092 341 2126 ἡ
358 2089 429 2122 λέξις
453 2089 556 2122 οὕτως·
584 2091 611 2116 '0
628 2090 774 2122 κλέπτων,
795 2089 899 2124 μηκέτι

110 2136 265 2162 κλεπτέτω
277 2145 285 2152 ·
311 2136 432 2170 μᾶλλον
451 2136 485 2162 δὲ
503 2135 633 2163 κοπιάτω
655 2136 847 2170 ἐργυζῗμενος
866 2137 899 2162 τὸ

110 2182 233 2217 ἀγαθὸν,
248 2183 299 2209 ἵνα
313 2183 368 2217 ἔχῃ
383 2182 571 2217 μεταδιδόναι
586 2181 626 2214 τῷ
641 2183 744 2217 χρείαν
760 2182 869 2217 ἔχοντι.

146 2275 178 2300 'H
189 2275 217 2300 δὲ
226 2283 257 2300 τυ
263 2273 405 2308 μϐωρυχία
427 2274 471 2300 κα¹ι
481 2274 548 2308 αὐτὴ
559 2274 683 2309 διῄρηται
693 2275 731 2305 εἰς
742 2274 771 2300 τὺ
783 2283 901 2308 συγγνω-

111 2322 174 2346 στόν
187 2328 217 2345 τε
229 2319 277 2345 καὶ
293 2319 494 2352 ἀσύγγνωστον.
511 2320 541 2345 Εἰ
561 2320 609 2354 μὲν
621 2320 675 2354 γάρ
690 2329 731 2351 τις
747 2320 795 2354 τῆς
807 2321 900 2352 οὐσίας

111 2365 284 2399 φειδόμενος,
291 2364 339 2391 καὶ
345 2364 440 2391 ἄσυλον
449 2365 525 2398 ἀφεὶς
532 2365 562 2391 τὸ
570 2365 759 2400 κεκρυμμένον
770 2366 856 2400 σῶμα,
864 2365 902 2398 ὡς
913 2375 916 2377 ·

112 2411 151 2446 μὴ
166 2411 358 2445 ἀναδειχθῆναι
390 2411 454 2446 ἡλίῳ
461 2410 510 2446 τὴν
524 2411 715 2446 ἀσχημοσύνην
727 2412 775 2446 τῆς
784 2412 899 2446 φύσεως,

111 2458 197 2489 λίθοις
213 2457 270 2483 τισὶ
280 2457 334 2483 τῶν
349 2457 377 2483 ἐν
393 2456 431 2491 τῷ
445 2457 522 2492 τάφῳ
536 2458 763 2493 προϐεϐλημένων
783 2459 901 2494 συγχρή.

112 2512 190 2529 σαιτο
211 2503 253 2534 είς
272 2503 354 2537 ἔργου
377 2502 447 2534 τινὸς
471 2504 661 2538 κατασκευὴν,
686 2504 825 2530 ἐπαινετὸν
852 2505 901 2539 μὲν

110 2548 172 2574 οὐδὲ
183 2547 264 2574 τοῦτό
280 2548 355 2573 ἐστι·
377 2547 445 2582 πλὴν
469 2547 535 2574 ἀλλὰ
550 2548 720 2582 συγγνωστὸν
740 2549 866 2584 ἐποίησεν
885 2551 900 2585 ἡ

112 2592 255 2627 συνήθεια,
277 2592 342 2618 ὅταν
359 2593 398 2623 εἰς
419 2593 613 2628 προτιμότερον
627 2601 653 2618 τι
677 2593 723 2619 καὶ
739 2595 900 2628 κοινωφελέ-

112 2646 210 2673 στερον
223 2639 240 2673 ὴ
257 2638 308 2672 τῆς
322 2637 388 2673 ὕλης
403 2638 546 2673 μετάθεσις
563 2639 681 2674 γίνηται.
703 2639 739 2666 Τὸ
753 2640 781 2666 δὲ
798 2640 902 2676 διερευ-

111 2683 211 2711 νᾶσθαι
224 2683 276 2718 τὴν
286 2683 359 2710 κόνιν
371 2684 424 2710 ἀπὺ
434 2684 484 2718 τῆς
498 2685 646 2719 γεωθείσης
661 2685 769 2720 σαρκὸς,
784 2686 830 2712 καὶ
842 2687 903 2712 ἁνα-

113 2731 198 2758 κινείν
214 2729 250 2756 τὰ
263 2729 342 2761 ὀστᾶ,
355 2729 440 2755 ἐλπίδι
454 2729 499 2756 τὸν
519 2730 619 2765 κόσμον
633 2729 694 2756 τινὰ
705 2731 758 2757 τῶν
781 2740 899 2766 συγκατ-

168 2818 214 2845 ⁶⁸Ι
232 2816 353 2844 Timoth.
369 2824 405 2849 Vl,
417 2817 459 2844 10.
497 2817 520 2833 ⁸⁹
536 2817 636 2851 Ephcs.
652 2827 687 2851 lt‘,
703 2819 748 2846 ‘28.

287 2864 422 2894 ΡΑτιιοι..
435 2864 493 2894 GR.
512 2863 606 2895 XLV.

938 220 990 248 ltoc
1018 224 1129 255 pet-esto
1150 221 1250 247 ntttltas
1276 219 1436 247 occasiones
1461 218 1569 253 accipit.
1595 217 1628 244 Et
1650 221 1679 244 ιιι
1695 218 1722 244 in

939 266 1095 293 universum
1110 265 1208 297 dicam,
1221 266 1265 293 hic
1281 265 1392 292 morbus
1414 272 1476 291 cum
1492 263 1642 299 apostolica
1656 270 1722 289 ava-

939 312 1008 338 ritia:
1027 311 1187 338 delinitione
1199 311 1345 338 consentit.
1362 310 1475 338 Divinus
1486 310 1558 337 eniut
1573 309 1722 344 Apostolus

938 366 997 385 eam
1013 365 1066 384 non
1085 357 1172 384 soltttn
1198 357 1392 387 idololatriaut,
1421 356 1467 383 sed
1492 356 1574 383 etiam
1599 354 1722 382 omniunt

939 403 1074 429 malorum
1094 403 1211 430 radicem
1228 401 1412 437 pronuntiavit.
1426 401 1469 434 ης
1503 405 1530 428 et
1556 405 1648 427 tamen
1666 400 1724 427 haec

939 448 1026 475 morbi
1048 448 1164 482 species,
1189 448 1390 476 inconsiderata
1412 451 1438 473 ct
1466 447 1570 481 absque
1589 446 1647 472 ulla
1663 445 1723 477 ejus

939 501 1005 520 cura
1024 493 1207 528 praztermissa
1224 496 1265 520 est
1279 501 1285 519 :
1298 499 1352 526 quo
1362 492 1401 521 lit.
1416 495 1445 518 ut
1457 490 1501 517 hic
1516 490 1627 517 morbus
1646 490 1724 516 valde

941 539 966 565 in
985 539 1105 566 Ecclesia
1121 538 1262 571 redundet,
1283 544 1309 565 et
1329 545 1408 565 nemo
1421 537 1446 563 in
1464 536 1497 563 iis
1511 535 1557 570 qui
1570 536 1602 563 ad
1620 535 1722 562 clerum

940 585 1122 615 adducuntur,
1145 585 1268 620 inquirit,
1290 591 1355 610 num
1374 583 1419 617 qui
1445 589 1478 609 eo
1493 581 1653 608 idololatria:
1677 588 1722 614 ge-

940 640 1004 659 nere
1020 632 1113 666 polluti
1125 632 1189 659 sint.
1203 631 1255 659 Sed
1271 631 1305 658 de
1319 631 1353 658 iis
1365 629 1488 665 quidem,
1503 628 1631 662 quoniam
1658 627 1683 653 id
1710 633 1724 652 a

940 678 1067 705 Pali-ibus
1083 678 1295 712 praetermissum
1318 680 1372 706 est.
1391 675 1514 704 sullicere
1529 673 1658 701 existimo
1674 680 1726 706 pu-

941 724 1009 750 blica
1036 724 1169 750 doctrinae
1189 724 1305 754 ratione,
1333 729 1365 748 ea
1386 721 1525 756 quomodo
1552 718 1609 746 ﬁeri
1637 719 1728 752 potest

943 776 1049 800 curare,
1062 767 1144 794 veluti
1157 767 1290 802 quosdatn
1307 767 1418 793 morbos
1432 772 1463 792 ex
1478 763 1626 798 repletione
1641 765 1726 793 ortos,

944 814 1114 848 inexplebilis
1134 814 1255 840 avaritire
1279 812 1438 839 allectiones
1472 809 1597 837 oratione
1613 814 1730 842 purgan—

943 864 991 886 tes.
1007 859 1100 886 Solum
1118 863 1208 886 autem
1225 858 1337 889 furtum,
1348 861 1375 884 et
1389 857 1579 891 sepulcrorum
1602 853 1729 881 eﬂ'ossio-

943 912 1015 934 nem,
1029 907 1056 930 et
1071 904 1245 938 sacrilegium
1261 902 1326 929 vitia
1341 901 1541 932 existimamus,
1562 899 1635 934 Quod
1656 898 1695 925 sic
1714 905 1729 923 a

942 948 1054 975 Patrum
1065 949 1270 984 consequentia,
1284 948 1341 975 haac
1358 947 1438 974 nobis
1456 945 1566 973 traditio
1591 944 1662 971 facta
1682 943 1729 971 sit.

942 995 1023 1029 Atqui
1037 995 1108 1029 apud
1125 994 1244 1021 divinam
1262 993 1431 1028 Seripturam
1449 995 1477 1018 et
1490 991 1581 1018 lienus
1604 994 1632 1016 et
1647 997 1730 1016 usura

943 1044 1008 1068 sunt
1030 1041 1166 1076 prohibita
1181 1061 1187 1072 ,
1216 1044 1242 1067 et
1268 1048 1315 1074 per
1335 1038 1482 1073 quamdam
1512 1036 1673 1072 potentiam,
1698 1035 1730 1061 ad

942 1094 1019 1114 suam
1034 1086 1234 1122 pOSsessionem
1260 1086 1348 1112 aliena
1364 1085 1520 1115 traducere,
1549 1081 1659 1110 etiamsi
1681 1081 1732 1107 sub

941 1136 1100 1160 contractus
1125 1136 1172 1159 aut
1202 1131 1398 1159 transactiouis
1423 1129 1515 1164 specie
1538 1128 1591 1154 hoc
1615 1127 1732 1154 fortasse

943 1178 1045 1205 factum
1062 1178 1106 1205 sit.
1124 1177 1257 1211 Quoniam
1270 1184 1334 1212 ergo
1347 1184 1397 1203 nos
1407 1168 1518 1210 quidem
1535 1173 1567 1200 ad
1593 1179 1729 1199 canonum

942 1228 1103 1259 potestatem
1121 1223 1318 1258 assequendam
1339 1221 1475 1256 ﬁdedigni
1496 1227 1551 1246 non
1569 1226 1676 1250 sumus,
1704 1218 1730 1244 in

943 1271 987 1302 iis,
1006 1278 1067 1305 quae
1089 1278 1121 1297 ex
1141 1269 1268 1296 confesso
1294 1268 1432 1302 prohibita
1461 1269 1536 1297 sunt.
1569 1264 1730 1292 canonicam

944 1315 1105 1343 sententiam
1119 1314 1199 1341 dictis
1213 1313 1269 1347 jam
1287 1312 1461 1346 adjiciemus.
1488 1309 1624 1337 Dividitur
1639 1311 1730 1335 autem

946 1362 1045 1390 furtum
1061 1362 1088 1389 in
1098 1361 1271 1388 latrocinium
1282 1368 1328 1388 seu
1338 1356 1653 1394 deprmdationem,etin
1669 1362 1731 1382 mu-

947 1417 1037 1436 rorutn
1051 1407 1237 1435 eﬂ'ossionetn.
1253 1406 1326 1433 Idem
1345 1409 1436 1432 autem
1451 1404 1597 1438 utriusque
1609 1405 1652 1429 est
1687 1401 1730 1427 in-

947 1456 1082 1487 stitutum,
1094 1453 1220 1481 videlicet
1237 1453 1324 1479 aliena
1341 1451 1467 1478 auferre:
1485 1450 1512 1476 in
1530 1450 1621 1476 animo
1642 1452 1731 1475 autem

947 1502 1067 1535 ipsorunt
1093 1506 1189 1533 magna
1204 1502 1245 1526 est
1259 1498 1329 1524 inter
1341 1505 1370 1524 se
1382 1495 1543 1523 diﬂ'eretttia.
1555 1495 1637 1521 Latro
1649 1495 1733 1526 enim,

946 1548 1027 1575 etiam
1043 1546 1221 1573 homicidium
1238 1545 1270 1570 ad
1292 1544 1317 1571 id
1330 1542 1403 1578 quod
1419 1541 1511 1568 studet.
1527 1540 1637 1574 assequi
1655 1547 1734 1566 assu-

947 1591 1007 1624 mit,
1027 1591 1061 1617 ad
1078 1591 1104 1617 id
1123 1593 1237 1625 paratus
1251 1593 1278 1615 ct
1298 1587 1394 1618 armis,
1416 1590 1443 1614 et
1456 1585 1554 1620 copiis,
1578 1588 1606 1611 et
1635 1591 1735 1618 oppor-

947 1637 1063 1664 tunitate
1076 1636 1139 1667 loci,
1161 1635 1227 1661 adeo
1243 1638 1272 1661 ut
1290 1634 1313 1660 is
1328 1631 1530 1659 homicidarum
1548 1629 1654 1664 judicio
1669 1628 1731 1656 sub-

946 1683 1065 1716 jiciatur,
1089 1681 1111 1708 si
1129 1689 1176 1716 per
1193 1679 1382 1714 paenitentiam
1403 1678 1435 1704 ad
1453 1677 1499 1703 Dei
1528 1674 1677 1702 Ecclesiam
1694 1682 1736 1701 re-

948 1735 1043 1756 versus
1061 1727 1152 1753 fuerit.
1174 1725 1224 1758 Qui
1259 1729 1348 1750 autem
1383 1722 1477 1749 latenti
1509 1721 1657 1751 ablatione,
1682 1719 1734 1746 sibi

949 1775 1066 1801 alienum
1099 1776 1226 1806 usurpat.
1260 1771 1281 1798 si
1315 1769 1413 1796 deinde
1447 1776 1494 1802 per
1521 1766 1735 1794 enuntiationem

949 1823 1089 1854 peccatum
1110 1826 1189 1845 suum
1224 1815 1358 1843 sacerdoti
1389 1813 1535 1849 aperuerit,
1557 1812 1615 1839 vitii
1646 1810 1737 1838 studio

950 1865 976 1892 in
992 1864 1161 1892 contrarium
1179 1866 1284 1889 mutato
1308 1860 1496 1895 mgritttdiuetu
1526 1857 1652 1885 curabit:
1675 1856 1737 1883 dico

950 1915 1051 1943 autent,
1065 1908 1204 1944 largiendo
1229 1915 1289 1942 qua:
1305 1906 1384 1933 habet
1412 1903 1590 1939 pauperibus,
1608 1906 1648 1934 ut,
1670 1902 1734 1928 dum

949 1963 1009 1992 quae
1022 1955 1102 1983 habet
1118 1953 1266 1989 profundit,
1279 1959 1307 1979 sc
1324 1951 1357 1978 ab
1372 1950 1493 1976 avaritia
1510 1948 1605 1974 morbo
1621 1947 1735 1974 liberum

951 2006 1042 2037 aperte
1061 1999 1194 2028 ostendat.
1215 1998 1265 2027 Sin,
1279 2000 1367 2023 autem
1382 1994 1446 2021 nihil
1461 1993 1534 2020 aliud
1548 1997 1728 2027 przeterquam

950 2048 1038 2076 solunt
1052 2051 1152 2079 corpus
1167 2043 1274 2073 habeat,
1287 2041 1364 2076 jubet
1381 2039 1531 2074 Apostolus
1548 2046 1596 2072 per
1613 2037 1734 2063 laborem

950 2091 1121 2127 corporalem
1137 2089 1162 2117 ei
1183 2087 1278 2115 utet-bo
1296 2086 1409 2114 mederi.
1430 2084 1561 2111 Dictionis
1583 2087 1672 2109 autent
1701 2083 1736 2108 itzt

951 2139 1032 2166 habet
1047 2141 1189 2165 contextus
1206 2144 1212 2161 :
1229 2133 1280 2166 Qui
1296 2133 1412 2167 furatur,
1425 2139 1475 2157 non
1487 2129 1599 2164 amplius
1616 2129 1736 2163 feretur:

917 2183 938 2210 D
953 2184 997 2213 sed
1008 2184 1095 2218 potius
1113 2181 1214 2209 laboret
1231 2180 1326 2206 bonum
1349 2184 1470 2212 operam,
1494 2181 1522 2202 ut
1536 2176 1618 2210 possit
1633 2174 1657 2201 ei
1682 2173 1739 2200 lar.-

949 2231 1000 2266 giri
1011 2231 1054 2265 qui
1067 2229 1166 2263 indiget
1175 2228 1210 2253 9°.

985 2276 1074 2312 [Cum
1102 2274 1147 2309 7.]
1176 2273 1369 2307 Sepulerorum
1397 2275 1486 2297 autent
1516 2267 1645 2298 ell‘ossio,
1680 2267 1737 2301 ipsa

951 2330 1059 2358 quoque
1074 2320 1204 2348 dividitur
1217 2319 1243 2345 in
1261 2318 1285 2345 id
1299 2316 1372 2352 qttod
1393 2316 1499 2343 veniam
1520 2318 1650 2345 uteretur,
1671 2317 1697 2339 et
1713 2312 1738 2338 id

951 2368 1023 2404 qttod
1039 2375 1092 2393 nott
1111 2369 1240 2392 uteretur.
1259 2363 1287 2390 Si
1310 2362 1381 2389 enim
1398 2362 1460 2396 quis
1489 2365 1657 2386 mortuorttttt
1677 2366 1739 2392 par-

954 2422 1019 2442 cens
1036 2411 1214 2438 facultatibus
1240 2413 1267 2437 et
1295 2413 1397 2436 tectum
1419 2413 1520 2441 corpus
1547 2405 1678 2432 intactum
1697 2411 1740 2430 re-

955 2460 1090 2493 linquens,
1110 2461 1139 2483 ut
1156 2464 1206 2483 nec
1231 2455 1280 2482 soli
1306 2453 1465 2482 ostendatur
1488 2452 1626 2487 turpitudo
1641 2458 1739 2485 corpo—

956 2506 992 2532 ris
1008 2513 1014 2537 ;
1032 2503 1167 2538 lapidibus
1183 2502 1286 2536 aliquot
1313 2508 1346 2527 ex
1364 2500 1398 2526 iis
1425 2499 1470 2534 qui
1488 2503 1551 2525 ante
1583 2497 1738 2532 sepulcrum

956 2550 1068 2586 projeeti
1085 2552 1159 2578 sunt.
1175 2547 1208 2575 ad
1223 2546 1330 2582 aliquod
1348 2553 1417 2580 opus
1435 2543 1650 2571 construendum
1673 2549 1740 2569 usus

954 2601 1016 2630 est;
1034 2604 1068 2623 ne
1090 2596 1142 2622 hoc
1168 2594 1276 2629 quidem
1309 2597 1350 2620 est
1370 2591 1527 2623 laudabile;
1556 2589 1601 2616 sed
1620 2591 1650 2614 ut
1664 2590 1740 2614 esset

954 2641 1064 2676 dignum
1082 2640 1172 2670 venia.
1188 2638 1277 2665 ellecit
1304 2634 1485 2666 consuetudo,
1510 2631 1620 2667 quando
1640 2629 1672 2656 ad
1689 2629 1739 2655 ali—

955 2674 1019 2722 quid
1034 2686 1131 2713 melius
1149 2689 1175 2712 et
1198 2682 1354 2718 reipublicm
1370 2680 1465 2708 utilius
1483 2677 1595 2705 materia
1613 2674 1739 2701 traducta

957 2733 1000 2760 sit.
1017 2731 1070 2759 Sed
1084 2731 1174 2759 carnis
1195 2729 1223 2757 in
1238 2733 1337 2756 terram
1356 2726 1474 2754 redactae
1506 2723 1644 2758 pulverem
1676 2727 1738 2755 pen
