1954 3079
216 119 269 146 235

837 119 866 147 S.
878 119 1047 146 'GREGORH
1069 121 1213 150 NYSSENI

1790 127 1845 154 236

220 174 349 205 scrutari,
365 178 391 201 et
411 181 473 202 ossa
490 182 614 207 moi-ere,
639 182 685 209 spe
700 175 816 209 aliquem
833 183 866 203 ex
881 175 999 203 defossis

1062 178 1219 213 ψυχθὲν-ξων
1235 179 1372 215 κερδᾶναι,
1395 180 1473 207 τοῦτο
1494 181 1532 215 τῷ
1550 181 1622 216 αὐτῷ
1644 183 1756 217 κρίματι
1776 192 1845 210 κατ-

220 219 406 248 lucril'aciendi
417 223 554 251 ornatum,
567 220 592 247 id
609 221 703 248 eodem
717 221 822 255 judicio
842 221 1005 248 condemna-

221 271 277 294 tum
292 270 344 296 est,
357 272 411 300 quo
428 265 543 300 simplex
560 265 715 298 fornicatio,
732 266 961 302 quemadmodum
977 266 1004 293 in

221 311 388 346 praecedente
404 311 528 339 oratione
542 310 640 338 divisio
655 311 725 339 facta
738 317 778 340 est
792 322 799 345 ;
813 312 1006 339 eonsiderante

221 358 324 386 scilicet
340 364 484 385 mconomo
515 365 564 385 seu
591 358 790 392 dispensatore,
808 365 840 385 ex
868 358 926 392 ipsa
952 358 1004 384 vita

220 407 289 441 ejus,
303 404 347 433 cui
364 404 468 432 medela
482 404 636 437 adhibetur,
653 405 826 435 medicinam,
845 410 874 432 ut
888 404 1004 440 spatium

221 459 236 477 ιι
250 450 403 477 canonibus
421 450 602 485 praestitutum
620 450 706 484 possit
724 449 897 477 contrahere.

256 495 344 530 [Cum
361 495 401 531 8.]
425 494 603 530 Sacrilegium
615 499 717 528 autem,
729 496 756 522 in
770 495 880 530 antiqua
896 494 1005 530 quidem

223 541 372 575 Scriptura,
390 549 424 568 ne
437 541 519 568 caedis
538 541 647 576 quidem
674 541 902 569 condemnationc
918 541 1006 568 visum

222 591 263 614 est
279 586 460 614 tolerabilius.
479 586 611 614 Similiter
625 587 708 620 enim,
721 591 748 614 et
759 587 806 622 qui
819 586 902 614 caedis
913 587 1007 614 convi—

223 636 283 660 rtus
304 638 372 664 erat,
391 637 419 660 et
432 633 479 668 qui
492 640 535 660 res
555 632 611 660 Deo
630 633 770 660 dedicatas
791 633 951 665 abstulerat,
968 633 1008 659 la-

224 679 368 713 pidationis
383 679 546 714 supplicium
568 679 686 706 subibat.
706 678 733 705 In
753 678 940 706 ecclesiastica
959 685 1004 705 att-

224 729 276 753 tem
293 724 504 758 consuetudine,
526 725 560 752 de
580 733 666 759 paenae
692 725 825 759 gravitate
841 724 935 752 nescio
954 732 1008 759 quo

224 770 304 798 modo
317 769 419 804 aliquid
433 769 597 802 detractum,
612 774 638 797 et
657 777 690 797 eo
707 769 826 797 lenitatis
845 769 1007 797 descensum

225 820 276 846 est.
293 820 322 842 ut
341 816 415 844 illius
431 816 516 843 morbi
535 816 739 843 existimaretur
758 815 927 843 tolerabilius
950 815 1008 849 pia-

224 863 315 890 culum
330 870 338 895 ;
354 862 380 889 in
395 861 492 888 minori
507 862 579 888 enim
597 866 718 895 tempore
733 869 812 896 quam
827 861 989 888 adulterium
1000 881 1008 893 ,

224 907 243 934 ii
257 914 271 933 a
289 907 400 933 Patrum
416 906 563 933 traditione
576 912 683 940 poenam
700 910 888 941 susceperunt.
904 905 1010 940 Ubique

225 956 315 979 autem
334 951 387 978 hoc
406 951 433 978 in
452 951 576 986 supplicii
601 959 699 987 genere
724 957 787 979 ante
803 951 895 979 omnia
916 951 1009 978 viden~

225 998 290 1025 dum
316 1001 368 1028 est.
390 998 481 1033 qualis
500 998 534 1024 sit
556 998 615 1032 ejus
639 998 684 1025 cui
719 997 863 1025 adhibetur
884 996 1009 1030 allectio;

228 1049 255 1070 et
270 1052 324 1071 nnn
345 1044 502 1071 existimare
527 1048 634 1079 tempus
661 1044 695 1071 ad
725 1043 857 1071 medelam
889 1042 1012 1071 suilicere

225 1092 368 1125 (quamam
381 1090 453 1116 enim
471 1089 553 1116 fuerit
569 1097 600 1117 ex
616 1094 739 1124 tempore
759 1088 947 1124 medicina?),
963 1088 1011 1117 sed

225 1135 295 1169 ejus,
311 1135 356 1169 qui
371 1135 422 1162 sibi
447 1143 496 1170 per
512 1135 719 1163 conversionem
734 1135 867 1166 medetur.
886 1135 1008 1162 animum

225 1184 252 1207 et
266 1180 429 1207 institutum.
453 1180 515 1207 "me
529 1181 588 1213 tibi,
609 1189 625 1208 ο
641 1182 722 1208 homo
749 1180 806 1212 Dei,
837 1189 868 1208 ex
894 1181 927 1207 iis
952 1187 1012 1215 quae

224 1230 303 1252 erant
320 1227 353 1253 ad
366 1233 476 1253 manum
495 1226 618 1254 studiose
629 1227 791 1262 composita,
803 1227 876 1262 quod
889 1231 1013 1261 oporteat

228 1271 342 1297 fratrum
371 1271 507 1299 mandatis
533 1279 640 1306 parere,
669 1272 792 1299 studiose
818 1273 953 1300 misimus.
972 1272 1011 1300 Tu

228 1324 291 1344 vero
304 1322 452 1344 consuetas
469 1325 517 1352 pro
541 1317 622 1345 nobis
640 1325 735 1353 preces
768 1319 821 1345 Deo
853 1318 951 1346 offerre
980 1327 1013 1347 ne

227 1362 402 1390 intermittas.
421 1361 507 1390 Debes
521 1363 596 1390 enim
610 1367 640 1389 ut
654 1367 751 1398 gratus
771 1363 854 1396 (ilius,
881 1364 905 1391 ei
920 1365 967 1399 qui
988 1369 1014 1391 te

227 1407 376 1435 secundum
395 1407 478 1436 Deum
490 1409 596 1444 genuit,
613 1409 640 1435 in
656 1414 797 1437 senectute
811 1417 857 1444 per
878 1415 939 1438 tuas
952 1418 1014 1437 ora-

227 1455 315 1482 tiones
330 1455 500 1487 alimentum,
522 1456 717 1482 convenienter
732 1461 867 1491 przeeepto
884 1457 956 1491 quod
969 1457 1013 1491 ju-

1056 224 1199 260 εδικάσθη,
1212 221 1234 258 ᾧ
1255 226 1301 251 καὶ
1318 226 1334 260 ή
1354 224 1418 260 ψιλὴ
1436 226 1557 261 πορνεία,
1577 226 1666 258 καθὼς
1687 228 1733 255 καὶ
1755 229 1784 254 ὲν
1804 229 1844 264 τῷ

1056 269 1219 305 προλαϐόντι
1239 270 1364 305 διῄρηται
1385 271 1474 306 λόγῳ·
1504 272 1718 304 ἐπισκοποῦντας
1742 273 1843 309 δηλαδὴ

1056 315 1102 342 τοῦ
1122 316 1262 351 οίκονόμου
1279 316 1307 349 ιε
1328 316 1410 342 αὐτοῦ
1431 317 1477 343 τοῦ
1494 316 1551 352 βίου
1585 318 1635 352 τὴν
1657 319 1778 354 ἰατρείαν
1795 319 1843 346 τοῦ

1057 361 1287 397 θεραπευομένου,
1309 363 1379 390 ὥστε
1399 364 1540 398 συντεμείν
1553 362 1601 398 τὴν
1614 364 1646 390 ὲκ
1657 363 1711 391 τῶν
1725 365 1844 392 κανόνων

1056 408 1209 443 ὁρισθεῖσαν
1222 408 1269 434 τοῦ
1287 409 1426 445 ἐπιτιμίου
1447 410 1626 445 προθεσμίαν.

1097 498 1129 524 'H
1143 497 1170 524 δὲ
1186 498 1331 533 ἱεροσυλία,
1347 498 1422 533 παρὰ
1437 498 1486 533 μὲν
1502 499 1534 533 τῇ
1553 497 1653 534 ἀρχαίᾳ
1664 498 1770 533 Γραφῇ,
1785 497 1846 524 οὐδὲ

1057 542 1187 579 ἐνομίσθη
1222 543 1272 578 τῆς
1305 543 1418 578 φονικῆς
1453 543 1641 578 κατακρίσεως
1672 543 1845 578 ἀνεκτοτέρα.

1063 589 1180 624 Ὁμοίως
1194 590 1248 626 γὰρ
1263 590 1277 616 ὄ
1298 598 1327 616 τε
1342 591 1386 616 ἐπὶ
1402 590 1474 625 φόνῳ
1498 589 1589 621 ἁλοὺς,
1613 589 1659 616 καὶ
1673 589 1687 615 ὁ
1703 589 1737 615 τὰ
1752 589 1848 616 ἀνατε-

1057 636 1138 663 θέντα
1148 635 1187 671 τῷ
1200 635 1260 671 Θεῷ
1273 636 1447 671 ὑφελόμενος,
1472 635 1520 670 τὴν
1534 635 1578 661 διὰ
1598 634 1650 661 τῶν
1663 634 1743 661 λίθων
1759 643 1846 669 τιμω-

1059 684 1119 718 ρίαν
1135 683 1264 718 ὑπέσχον.
1287 682 1349 709 Ἐπὶ
1360 682 1388 708 δε
1400 682 1449 716 τῆς
1463 681 1692 716 ὲκκλησιαστικῆς
1705 679 1848 715 συνηθείας

1058 730 1107 756 οὐκ
1117 727 1175 756 οἴδα
1190 728 1249 760 πῶς
1264 727 1465 762 συγκατάῦασίς
1475 735 1518 758 τις
1528 727 1645 760 ἐγένετο,
1654 726 1700 752 καὶ
1715 734 1849 761 συμπερι-

1060 775 1141 810 φορὰ,
1162 774 1230 801 ὥστε
1248 774 1423 810 ἀνεκτότερον
1436 772 1597 808 νομισθῆναι
1608 771 1638 799 τὸ
1654 772 1704 807 τῆς
1721 772 1851 806 τοιαύτης

1061 821 1138 848 νόσου
1158 821 1307 856 καθάρσιον
1318 828 1324 835 ·
1350 820 1378 846 ὲν
1398 819 1518 846 ἐλάττονι
1534 818 1589 853 γὰρ
1603 817 1691 853 χρόνῳ
1711 817 1788 852 παρὰ
1800 817 1851 851 τὴν

1063 865 1195 900 μοιχείαν,
1212 865 1268 896 τοῖς
1281 864 1412 895 τοιούτοις
1422 863 1452 889 τδ
1467 863 1604 898 ἐπιτίμιον
1617 862 1756 895 διετάξατο
1769 862 1787 896 ἡ
1797 861 1852 887 τῶν

1061 910 1189 946 Πατέρων
1199 909 1357 945 παράδοσις.
1369 908 1511 944 Πανταχοῦ
1523 907 1570 934 καὶ
1578 909 1606 934 ὲν
1617 907 1853 942 πλημμελήματος

1061 955 1126 983 εἴδει
1135 955 1214 982 τοῦτο
1220 955 1340 990 καθορᾷν
1351 954 1483 990 προσήκει
1493 953 1547 989 πρὸ
1555 953 1674 983 πάντων,
1681 951 1724 979 οἴα
1736 951 1797 978 ἐστὶ
1804 950 1852 977 τοῦ

1061 1001 1279 1038 θεραπευομένου
1301 1000 1430 1032 διάθεσις,
1446 999 1482 1035 μὴ
1501 999 1547 1026 τὸν
1558 999 1652 1034 χρόνον
1669 998 1774 1025 οἴεσθαι
1785 997 1853 1032 πρὸς

1062 1047 1209 1084 θεραπείαν
1223 1047 1316 1082 ἀρκεῖν
1326 1055 1332 1060 ·
1346 1046 1386 1078 τίς
1400 1046 1454 1081 γὰρ
1465 1045 1497 1072 ἂν
1510 1047 1541 1072 ὲκ
1551 1044 1597 1071 τοῦ
1612 1044 1708 1080 χρόνου
1719 1044 1792 1074 ῐασις
1804 1042 1852 1076 γέ-

1062 1102 1148 1126 νοιτο;
1173 1093 1240 1120 ἀλλὰ
1249 1093 1298 1127 τὴν
1315 1092 1472 1127 προαίρεσιν
1481 1091 1526 1117 τοῦ
1537 1090 1632 1117 ἑαυτὸν
1641 1089 1674 1116 δι’
1684 1087 1854 1124 ἐπιστροφῆς

1064 1139 1241 1175 ἰατρεύοντος.
1262 1138 1355 1165 Ταῦτά
1368 1146 1418 1170 σοι,
1441 1135 1463 1164 ὣ
1480 1136 1606 1171 ἄνθρωπε
1621 1134 1667 1162 τοῦ
1683 1133 1762 1166 Θεοῦ,
1783 1133 1855 1160 κατὰ

1063 1187 1162 1223 πολλὴν
1183 1185 1300 1219 σπουδὴν
1313 1185 1344 1210 ἐκ
1356 1183 1411 1210 τῶν
1426 1184 1578 1218 προχείρων
1595 1181 1750 1212 συνθέντες,
1767 1179 1812 1206 διὰ
1823 1179 1854 1205 τι

1062 1233 1117 1259 δεῖν
1132 1233 1188 1263 τοῖς
1204 1231 1257 1258 τῶν
1282 1229 1402 1264 ἀδελφῶν
1417 1229 1586 1263 ἐπιτάγμασι
1612 1226 1765 1257 πείθεσθαι,
1784 1224 1855 1251 κατὰ

1064 1277 1179 1313 σπουδὴν
1190 1276 1397 1310 ἀπεστείλαμεν.
1414 1275 1449 1301 Σὺ
1462 1274 1490 1300 δὲ
1499 1273 1548 1305 τὰς
1561 1273 1685 1308 συνήθεις
1693 1271 1764 1306 ὑπὲρ
1776 1269 1855 1306 ἡμῶν

1064 1322 1146 1358 εὐχὰς
1155 1321 1192 1357 τῷ
1203 1321 1262 1357 Θεῷ
1274 1320 1420 1356 προσάγων
1430 1319 1467 1355 μὴ
1477 1318 1626 1354 διαλείπῃς.
1636 1317 1791 1352 Χρεωστεῖς
1801 1314 1855 1351 γὰρ

1063 1369 1101 1400 ὡς
1114 1367 1261 1403 εὐγνώμων
1273 1366 1340 1398 υίὸς,
1357 1366 1395 1401 τῷ
1415 1364 1485 1392 κατὰ
1493 1364 1559 1390 Θεόν
1576 1372 1605 1390 σε
1618 1362 1794 1397 γεννήσαντι,
1806 1360 1855 1394 τὴν

1063 1414 1107 1441 διὰ
1129 1413 1183 1441 τῶν
1206 1412 1364 1448 προσευχῶν
1381 1410 1561 1447 γηροκομίαν.
1585 1408 1655 1436 κατὰ
1678 1407 1728 1443 τὴν
1746 1405 1853 1440 ἐντολὴν

1063 1461 1113 1496 τὴν
1127 1459 1289 1486 κελεύουσαν
1310 1459 1391 1493 τιμᾷν
1411 1458 1474 1488 τοὺς
1486 1455 1584 1490 γονέας
1598 1475 1605 1486 ,
1631 1454 1681 1481 ἰνα
1694 1451 1728 1480 εὖ
1744 1460 1795 1479 σοι
1809 1452 1854 1485 τέ-

228 1500 272 1527 bet
290 1500 426 1527 honorare
444 1505 581 1535 parentes,
596 1506 624 1528 ut
642 1502 690 1528 tibi
705 1502 766 1529 bene
783 1503 829 1534 sit,
846 1509 869 1529 ct
890 1504 927 1530 sis
955 1504 1008 1530 Ιοιι-

1065 1514 1161 1541 νητιιι,
1180 1505 1227 1532 καί
1240 1505 1298 1539 ἔσῃ
1313 1503 1531 1538 μακροχρόνιος
1543 1501 1591 1527 ἐπὶ
1607 1499 1661 1533 τῆς
1680 1498 1748 1532 γῆς.
1773 1497 1855 1544 Δῆλον

228 1554 313 1580 gnarus
327 1554 405 1580 super
425 1551 522 1573 (errant
534 1546 567 1574 ὀ.
593 1547 703 1574 Clarum
721 1553 762 1575 est
779 1552 869 1576 autem
889 1549 961 1584 quod
984 1555 1013 1576 ut

229 1592 380 1626 symbolum
401 1593 579 1625 sacerdotale,
593 1593 698 1622 litteras
712 1594 841 1630 accipies,
859 1603 1013 1632 munusque

230 1639 362 1673 hospitale
380 1647 434 1666 non
451 1645 620 1672 contemncs,
636 1641 743 1669 etiamsi
758 1642 793 1668 sit
821 1643 911 1670 minus
929 1651 1010 1678 quam

229 1692 278 1718 pro
295 1692 400 1712 summa
421 1686 458 1712 ιιιὶ
475 1685 575 1721 ingenii
592 1686 723 1714 bonitate.

267 1774 289 1791 ἠ
303 1773 384 1803 Exod.
403 1783 449 1808 xx,
467 1776 518 1809 l2;
535 1776 613 1804 Deut.
629 1784 656 1809 ν,
672 1776 722 1809 16;
740 1775 836 1804 Matth.
851 1785 896 1808 xv,
915 1776 941 1804 ό.

1065 1553 1093 1578 δὲ
1112 1553 1152 1579 ὅτι
1166 1551 1204 1582 ὡς
1223 1549 1355 1585 σύμὸολον
1370 1548 1515 1584 ἱερατικὸν,
1534 1546 1596 1581 δέξῃ
1615 1545 1645 1572 τὸ
1658 1545 1787 1580 γράμμα,
1809 1542 1854 1569 καὶ

1065 1598 1115 1624 οὐκ
1137 1596 1278 1631 ἀτιμάσεις
1298 1595 1328 1621 τὸ
1346 1595 1440 1627 ξένιον,
1456 1593 1506 1620 κᾶν
1525 1600 1550 1618 τι
1568 1591 1728 1627 μικρότερον
1744 1588 1793 1624 τῆς
1808 1587 1855 1622 σῆς

1069 1644 1188 1680 μεγαλοφ
1194 1643 1250 1675 υἷας
1268 1642 1309 1676 εἴη
1315 1661 1321 1667 .
