1914 3079
88 114 134 142 ΞὸἹ
619 114 781 142 EPISTULA
801 115 846 142 AD
860 114 1002 143 PETHUM
1023 115 1165 143 SEBAST.

324 191 370 196 _.._
381 188 1032 196 Δ.--,.,.-..-.----.-.-----ι.-.------

493 268 605 312 ΤΟΥ
655 269 726 311 ΕΝ
758 269 939 311 ΑΓΙΟΙΣ
988 269 1298 315 ΓΡΗΓΟΡΙΟΥ

713 371 910 398 ΕΠΙΣΚΟΠΟΥ
929 371 1064 398 ΝΥΣΣΗΣ

630 468 1150 529 ΕΠΙΣΤΟΛΗ

319 591 417 618 ΠΡΟΣ
441 591 511 617 ΤΟΝ
523 590 694 617 ΑΔΕΛΦΟΝ
703 590 725 616 Α
731 590 799 617 ΥΤο
805 590 828 616 Υ
841 590 990 616 ΠΕΤΡΟΝ
1003 590 1208 617 ΕΠιΣιςοηοΝ
1215 590 1454 619 ΣΕΒΔΣΊΕΙΑΣ.

860 679 896 688 ..ς

516 753 567 797 Ρ.
637 753 695 797 Ν.
765 750 1055 798 GREGORII
1108 750 1360 798 NYSSENI

413 753 460 800 S.

519 191 1325 207 _.._________________:=,
1343 192 1347 207 ε
1377 192 1383 208 ε
1398 192 1403 208 ε

713 859 1059 917 EPISTOLA

363 985 410 1012 AD
425 983 575 1012 PETRUM
591 982 764 1010 FRATREM
780 981 894 1015 SUUM.
910 981 1124 1011 EPISCOPUM
1144 981 1407 1012 SEBASTENUU-

705 1117 766 1149 (Jac.
788 1117 906 1143 Gretsero
919 1118 1078 1150 interprete.)

101 1256 179 1288 Μόλις
189 1254 331 1290 ἐπιτυχὼν
346 1254 472 1290 βραχεῑας
487 1253 594 1288 σχολῆς,
609 1254 641 1288 τῇ
659 1261 687 1279 τε
702 1252 748 1279 τοῦ
758 1251 847 1287 σώμαέ

938 1251 1080 1278 Paululum
1094 1251 1142 1278 otii
1155 1256 1254 1278 nactus
1267 1252 1415 1280 valetudini
1437 1259 1548 1287 operam
1562 1251 1633 1282 dare
1647 1261 1697 1289 po-

69 1311 110 1334 to;
129 1302 265 1338 Θεραπεία.
292 1302 420 1338 προσχεῖν
441 1299 576 1336 ἠδυνήθην
595 1299 664 1335 μετὰ
687 1298 736 1334 τὴν
762 1299 794 1325 ὲκ
805 1298 856 1333 τῆς

74 1348 212 1384 Ἀρμενίας
231 1346 371 1378 ἐπάνοδον,
389 1346 436 1372 καὶ
448 1346 612 1379 συναγαγεῖν
625 1344 658 1371 τὰ
678 1344 807 1379 σχεδάρια
822 1343 856 1369 τὰ

69 1394 130 1430 πρὸς
152 1394 288 1429 Εὐνόμιον
316 1392 386 1419 κατὰ
409 1391 562 1427 συμϐουλὴν
584 1391 634 1426 τῆς
653 1390 703 1425 σῆς
722 1390 855 1421 συνέσεως

69 1439 273 1475 ὑπηγορευμένα
289 1447 296 1453 ³
321 1438 390 1464 ὥστε
412 1446 456 1473 μοι
473 1436 565 1464 λοιπὸν
580 1437 618 1468 εις
634 1437 712 1470 λόγου
729 1435 854 1467 σύνταξιν

67 1485 263 1521 ἑναρμοσθῆναι
276 1484 322 1511 τὸν
336 1484 426 1518 πόνον,
441 1483 486 1510 καὶ
499 1483 610 1509 πυκτίον
625 1482 674 1518 ἢδη
690 1481 853 1516 γεγενῆσθαι

67 1531 107 1558 τὸν
123 1531 207 1565 λόγον.
234 1526 395 1564 Γέγραπται
420 1528 450 1555 δέ
472 1537 516 1563 μοι
541 1528 570 1554 οὐ
592 1527 660 1562 πρὸς
684 1526 854 1561 ἀμφοτέρους

64 1577 121 1608 τοῦς
144 1577 241 1610 λόγους
260 1584 268 1592 ·
288 1575 347 1601 οὐδὲ
368 1574 421 1610 γὰρ
441 1574 570 1610 ἐπέτυχον
590 1573 723 1608 τοσαύτης
743 1572 851 1608 σχολῆς,

65 1622 106 1648 τιιῦ
130 1621 285 1658 χρὴσαντός
313 1630 356 1656 μοι
377 1621 406 1647 τὸ
432 1621 480 1655 τῆς
501 1620 634 1655 αἱρέσεως
654 1618 766 1654 βιϐλίον,
782 1617 853 1644 κατὰ

65 1667 156 1701 πολλὴν
182 1665 381 1702 ἀπειροκαλίαν
413 1665 492 1696 εὐθὺς
520 1664 756 1699 ἀνακαλεσαμένου
784 1663 852 1698 πρὸς

65 1712 160 1742 ἑαυτὸν,
175 1713 222 1739 καὶ
236 1711 300 1738 οὗτε
320 1710 555 1747 μεταγράψασοαι,
573 1709 635 1736 οὔτε
658 1710 727 1736 κατὰ
753 1709 851 1744 σχολὴν

64 1758 224 1792 ἐνδιατρῖψαι
240 1758 404 1792 ποιήσαντος
420 1765 426 1771 ·
453 1757 482 1782 ὲν
502 1756 619 1791 ἡμέραις
648 1757 701 1790 γὰρ
720 1752 850 1781 ἑπτακαί-

63 1803 122 1830 δεκα
139 1804 232 1839 μόναις
256 1802 401 1838 σχολάσας,
415 1803 463 1836 οὐχ
485 1799 538 1832 οἷός
558 1810 587 1827 τε
616 1802 688 1836 ἥμην
712 1802 741 1826 ὲν
765 1800 850 1832 οὕτως

63 1848 137 1884 ὀλίγῳ
150 1849 188 1885 τῷ
203 1850 295 1885 χρόνῳ
315 1849 382 1884 πρὸς
394 1847 565 1883 ἀμφοτέρους
587 1847 702 1882 ἀρκέσαι
724 1848 787 1878 τοὺς
807 1847 849 1872 λό-

94 1951 223 1982 Πολλάκις
244 1951 274 1977 δὲ
295 1951 369 1985 παρὰ
392 1951 494 1977 πολλῶν
521 1950 673 1985 ἐνοχληθεὶς
697 1948 847 1984 ἀνθρώπων

63 1996 110 2020 τῶν
124 2005 182 2023 τινα
198 1996 282 2030 ζῆλον
300 1995 370 2030 ὑπὲρ
380 1996 428 2030 τῆς
451 1995 579 2029 ἀληθείας
606 1995 731 2030 ἐχόντων,
755 1993 798 2020 διὰ
818 1993 848 2019 τὸ

63 2041 330 2077 περιτεθρυλλῆσθαι,
354 2041 403 2067 οὐκ
423 2038 480 2066 οἶδα
512 2041 601 2071 ὅπως,
626 2040 655 2066 τὸ
679 2039 846 2073 πεπονῆσθαι

62 2086 120 2119 ἡμῖν
131 2087 198 2122 πρὸς
212 2087 259 2112 τὸν
273 2085 432 2120 βλάσφημον
456 2086 614 2121 ἀντίρρησιν
631 2094 636 2099 ·
663 2085 751 2115 καλῶς
776 2084 846 2118 ἔχειν

61 2131 145 2167 ᾠήθην
157 2133 211 2168 πρὸ
229 2133 341 2158 πάντων
358 2133 390 2166 τῇ
407 2133 439 2167 σῇ
453 2131 557 2158 συνέσει
578 2131 641 2166 περὶ
657 2131 751 2157 τούτου
779 2139 847 2164 συμ-

62 2176 141 2211 ϐούλῳ
155 2177 323 2213 χρήσασθαι,
340 2177 392 2203 εἴτε
407 2177 458 2212 χρὴ
475 2176 688 2204 καταπιστεῦσαι
710 2178 769 2208 ταῖς
792 2177 846 2203 τῶν

62 2222 157 2249 πολλῶν
179 2225 291 2254 ἀκοαῖς,
320 2223 373 2248 εἴτε
392 2231 418 2248 τι
439 2223 484 2249 καὶ
505 2222 568 2249 ἄλλο
587 2222 790 2257 βουλεύσασθαι.
813 2223 846 2249 '0

62 2267 86 2292 δέ
102 2276 143 2301 μοι
159 2269 208 2304 τὴν
229 2268 399 2302 ἀμφιϐολίαν
420 2270 500 2297 ποιεῖ,
522 2268 601 2294 τοῦτό
625 2270 697 2294 ἐστιν
709 2276 716 2283 ·
733 2268 844 2302 Ἐπειδὴ

61 2314 114 2338 κατ’
125 2315 209 2350 αὐτὴν
224 2313 273 2340 τοῦ
290 2314 367 2347 ἁγίου
381 2313 519 2340 Βασιλείου
532 2313 579 2349 τὴν
597 2314 723 2348 κοίμησιν
739 2313 784 2339 τὸν
797 2313 844 2339 τοῦ

60 2358 183 2393 Εὐνομίαν
196 2360 278 2394 λόγον
291 2359 472 2395 ὑπεδεξάμην,
493 2359 532 2387 ἔτι
554 2360 602 2394 τῆς
627 2359 739 2394 καρδίας
766 2368 844 2394 περι-

59 2403 164 2439 ζεούτης
181 2405 222 2439 τῷ
234 2404 322 2439 πόθῳ,
338 2405 384 2436 καὶ
402 2405 468 2439 πρὸς
481 2405 528 2441 τὴν
551 2405 642 2439 κοινὴν
653 2403 715 2431 ’τῶν
728 2405 844 2440 Ἐκκλη-

60 2449 118 2476 σιῶν
134 2451 279 2487 συμφορὰν
293 2451 496 2487 ὑπεραλγούσης
506 2460 512 2466 ·
535 2451 672 2486 γέγραπτο
688 2451 716 2477 δὲ
738 2450 776 2486 τῷ
793 2451 842 2477 Εὑ-

57 2496 144 2530 νομιῳ,
162 2498 212 2532 οὐχ
222 2497 275 2522 ὅσα.
292 2496 370 2532 μόνον
385 2497 431 2523 τοῦ
443 2497 502 2523 καθ’
519 2497 613 2523 ἑαυτὸν
626 2496 759 2531 δόγματος
772 2496 842 2531 ἔχειν

58 2539 197 2577 ὲὸόχειτὴν
221 2541 364 2574 σύστασιν,
388 2542 444 2568 ἁλλ’
469 2543 486 2577 ἡ
513 2542 612 2569 πλείων
633 2542 714 2568 αὑτοῦ
741 2542 842 2578 σπουδὴ

907 1299 958 1330 tui,
971 1303 1031 1333 post
1043 1298 1158 1326 reditum
1171 1307 1203 1325 ex
1212 1298 1350 1330 Armenia.
1362 1304 1388 1327 et
1399 1299 1527 1335 colligere
1537 1299 1620 1328 sched
1626 1300 1697 1331 uias.

907 1351 974 1377 quas
997 1346 1092 1369 contra
1117 1342 1279 1369 Eunomium
1303 1346 1350 1370 tuo
1372 1350 1456 1370 suasu
1481 1343 1635 1378 composui,
1667 1349 1697 1370 nt
1725 1361 1727 1363 -

906 1388 959 1422 jam
975 1389 1051 1415 labor
1072 1395 1148 1415 meus
1170 1388 1197 1415 in
1223 1388 1355 1415 orationis
1377 1387 1503 1420 formam.
1520 1393 1547 1416 et
1565 1388 1656 1416 oratio
1672 1389 1698 1415 in

905 1433 1032 1460 volumen
1048 1433 1176 1460 evaserit.
1196 1431 1298 1469 Scripsi
1315 1438 1403 1461 autem
1415 1441 1469 1461 non
1483 1439 1578 1462 contra
1592 1438 1700 1462 utrum-

905 1487 957 1513 que
976 1478 1102 1506 Eunomii
1119 1479 1217 1506 librum
1232 1490 1237 1507 :
1256 1487 1343 1515 neque
1357 1480 1429 1507 enim
1444 1485 1549 1508 tantum
1569 1481 1697 1516 tempori:

904 1532 1065 1553 concessum
1083 1530 1134 1559 est,
1151 1534 1211 1554 cum
1225 1527 1258 1559 is,
1279 1527 1325 1562 qui
1339 1527 1436 1555 librum
1454 1527 1612 1555 baereticum
1624 1535 1697 1556 com-

904 1571 1015 1597 modato
1027 1570 1149 1602 dederat,
1169 1578 1230 1599 cum
1244 1571 1320 1599 valde
1334 1571 1488 1606 importune
1509 1575 1536 1600 et
1548 1572 1696 1600 inciviliter

904 1616 1070 1654 repetiverit,
1084 1620 1110 1644 et
1124 1624 1212 1651 neque
1225 1617 1436 1651 transcribendi,
1452 1625 1540 1653 neque
1551 1626 1598 1654 per
1608 1619 1692 1646 otium

902 1651 1042 1690 evolvendi
1075 1665 1117 1689 sat
1147 1662 1227 1696 spatii
1255 1661 1378 1690 dederit:
1407 1671 1469 1690 nam
1496 1651 1691 1698 septemdecim

903 1713 1009 1735 tantum
1024 1708 1081 1735 dies
1098 1708 1160 1735 huic
1174 1709 1355 1736 lucubrationi
1370 1709 1537 1744 impertiens,
1555 1710 1611 1738 ﬁeri
1636 1718 1691 1738 non

902 1753 990 1788 potuit
1007 1758 1035 1779 ut
1059 1757 1114 1779 tam
1136 1754 1208 1781 brevi
1227 1758 1348 1788 tempore
1364 1761 1509 1790 utrumque
1533 1755 1633 1782 librum
1647 1762 1692 1782 re-

901 1800 1031 1826 fellerem.

936 1953 1040 1987 Saepius
1064 1961 1128 1979 Vero
1154 1954 1341 1988 interpellatus
1362 1961 1376 1980 a
1401 1955 1504 1986 multis,
1530 1956 1576 1990 qui
1594 1957 1686 1992 aliquo

899 1999 1021 2025 veritatis
1044 1999 1102 2025 zelo
1125 1999 1305 2031 tenebantur,
1333 2000 1404 2034 quod
1427 2000 1498 2027 fama
1518 2001 1574 2036 jam
1594 2003 1686 2031 nescio

898 2044 1033 2078 quomodo
1065 2044 1232 2076 vulgaverat,
1263 2051 1305 2071 me
1338 2045 1472 2075 adversus,
1495 2046 1684 2081 blasphemum

898 2087 1059 2113 Eunomium
1076 2087 1267 2114 relinationent
1283 2087 1449 2116 confecisse:
1469 2098 1484 2117 e
1497 2098 1525 2117 re
1543 2091 1600 2119 fore
1611 2092 1685 2126 judi-

898 2132 967 2163 cavi,
993 2136 1055 2160 alite
1078 2133 1169 2159 omnia
1196 2136 1221 2159 te
1242 2141 1324 2168 super
1340 2134 1390 2162 hac
1406 2143 1435 2162 re
1449 2137 1606 2164 consiliario
1628 2138 1683 2167 uti:

897 2186 961 2205 num
976 2178 1080 2205 scilicet
1100 2186 1168 2213 opus
1191 2180 1382 2213 evulgandum,
1400 2188 1432 2207 an
1448 2182 1520 2208 aliud
1538 2183 1683 2211 consilium

897 2223 1057 2257 capiendum
1070 2222 1115 2250 sit.
1131 2223 1207 2255 Quod
1218 2224 1363 2258 ancipitem
1379 2233 1420 2252 me
1435 2226 1532 2258 reddit,
1546 2231 1586 2254 est
1597 2228 1685 2256 istud:

893 2268 960 2296 Cum
979 2268 1031 2295 sub
1046 2268 1131 2302 ipsam
1149 2269 1235 2296 sancti
1254 2268 1346 2297 BaSilii
1370 2274 1496 2302 mortem.
1513 2272 1611 2299 librum
1628 2272 1683 2300 Eu-

896 2313 979 2340 nomii
992 2314 1168 2348 accepissent.
1181 2314 1263 2341 corde
1276 2314 1364 2341 adhuc
1374 2315 1509 2342 desiderio
1521 2317 1594 2344 illius
1603 2321 1680 2345 aestu-

895 2363 967 2388 ante.
992 2363 1018 2385 et
1043 2359 1077 2385 ob
1098 2366 1270 2386 communem
1293 2359 1476 2388 Ecclesiarum
1499 2361 1682 2390 calamitatem

895 2403 1040 2430 admodum
1056 2404 1180 2431 dolente:
1199 2403 1351 2432 Eunomius
1364 2411 1454 2433 autem
1470 2414 1524 2434 non
1538 2407 1625 2435 solum
1637 2416 1680 2440 ea.

894 2457 954 2483 qua;
976 2450 1008 2475 ad
1035 2449 1076 2476 sui
1104 2450 1239 2484 dogmatis
1266 2452 1469 2485 perversitatem
1490 2453 1680 2480 stabiliendam

894 2494 1062 2526 conducunt,
1075 2495 1211 2528 attulerit;
1224 2495 1270 2523 sed
1282 2497 1342 2530 plus
1352 2497 1497 2532 diligentiae
1509 2498 1535 2524 in
1548 2499 1681 2526 conviciis

893 2539 1024 2567 adversus
1042 2543 1147 2574 patrem
1165 2544 1289 2567 nostrum
1306 2541 1475 2576 ejaculandis
1494 2543 1616 2570 studiose
1631 2551 1680 2578 po-

58 2587 114 2620 περὶ
126 2588 173 2618 τὰς
188 2588 324 2623 λοιδορίας
347 2587 390 2624 ἦν,
409 2588 441 2620 ἃς
466 2589 535 2615 κατὰ
560 2589 608 2615 τοῦ
638 2590 739 2624 πατρὸς
764 2588 841 2624 ἡμῶν

899 2584 989 2614 suerit,
1004 2588 1181 2618 exasperatus
1199 2586 1372 2614 contumeliis
1389 2587 1424 2614 ab
1439 2587 1485 2614 illo
1505 2587 1609 2618 ellusis.
1627 2588 1679 2614 ali-

57 2631 198 2664 φιλοπόνως
215 2633 382 2667 συνέγραψε,
397 2633 490 2660 τούτου
505 2633 598 2660 ἕνεκεν
624 2634 839 2669 ὑλιτστραχυνοεὶς

56 2676 84 2702 ἐκ
100 2677 151 2704 τῶν
160 2678 202 2713 ἐφ’
217 2679 300 2713 ὕϐρει
317 2680 380 2714 παρ’
400 2679 481 2706 αὑτοῦ
505 2679 650 2715 ῥηθέντων,
677 2679 751 2706 ἔστιν
773 2681 839 2706 ὅπου

56 2720 133 2755 θυμόν
159 2731 221 2749 τινα
250 2723 323 2750 κατὰ
347 2724 392 2750 τοῦ
417 2724 596 2759 συγγραφέως
617 2724 665 2750 καὶ
686 2724 839 2760 φλεγμονὴν

57 2767 159 2800 καρδίας
184 2768 368 2803 ἐνεδείξαμεν.
404 2768 478 2796 Ἐπεὶ
501 2767 547 2796 οὖν
572 2769 640 2796 ἄλλα
656 2769 719 2800 ῐσως
733 2770 797 2804 ἡμῖν
813 2770 838 2796 οἱ

57 2812 138 2839 πολλοὶ
160 2813 376 2848 συνεγνώκασιν,
404 2815 444 2842 ὅτι
470 2816 498 2842 δὲ
520 2816 587 2852 πρὸς
607 2815 753 2849 ὑπομένειν
775 2815 838 2847 τοὺς

893 2630 955 2657 cubi
970 2630 1093 2657 nonnihil
1110 2631 1156 2658 ira
1167 2635 1194 2658 et
1203 2631 1265 2658 bilis
1280 2636 1375 2659 contra
1385 2633 1544 2667 scriptorem
1558 2633 1677 2661 ostendi.

893 2676 960 2703 Cum
977 2680 1066 2703 autem
1081 2677 1202 2712 plerique
1226 2677 1306 2704 aliam
1332 2678 1459 2705 fortassis
1473 2678 1677 2712 persuasionem

892 2722 1020 2755 habeant,
1035 2723 1112 2757 quasi
1128 2731 1160 2750 eo
1175 2723 1261 2751 simus
1274 2724 1392 2758 ingenio,
1409 2728 1438 2751 ut
1456 2731 1515 2755 eos,
1532 2724 1578 2759 qui
1602 2728 1680 2759 petu-

892 2768 978 2795 lanter
1005 2769 1032 2795 in
1056 2776 1106 2797 nos
1129 2769 1285 2804 insurgunt.
1306 2776 1384 2803 aequo
1403 2773 1430 2796 et
1451 2771 1572 2804 patiente
1587 2771 1679 2798 animo

891 2814 1039 2849 sustinere,
1059 2819 1086 2842 et
1106 2823 1138 2843 ex
1152 2814 1294 2850 disciplina
1309 2815 1338 2843 ὃ.
1358 2814 1450 2843 Basilii
1463 2817 1675 2846 moderationem
