1914 3079
190 92 243 120 9.59

687 87 788 116 PETRI
804 86 990 114 SEBASTENI
1011 86 1055 113 AD
1076 85 1104 113 S.
1123 84 1325 113 GREGORIUM

1766 83 1822 110 250

192 153 221 178 in
236 149 369 181 moribus,
384 147 472 183 quoad
483 148 556 180 licet,
571 147 698 174 exhibere
713 145 865 178 soleamus;
884 144 978 174 metui,

1040 142 1155 173 ίτάκτως
1168 142 1317 177 καθ’ὴμῶν
1338 141 1551 176 θρασυνομένους
1573 140 1732 175 ἐπιτηδείως
1758 139 1822 173 ἔχο-

192 203 228 224 ne
251 203 283 224 ex
299 195 352 228 bis,
373 202 433 231 quas
449 198 544 222 contra
561 193 635 221 hunc
656 192 843 219 adversarium
865 189 978 224 scripsi-

193 249 267 273 mus,
281 241 428 269 lectoribus
443 240 505 268 novi
521 246 726 274 appareremus,
741 241 869 272 tanquam
885 236 931 271 qui
946 235 980 262 ad

195 285 422 312 calumniatorum
448 283 572 312 convicia
598 283 676 311 facile
705 282 913 309 inﬂammemur.
941 281 975 307 At

195 331 266 358 forte
281 338 316 358 ne
339 330 407 358 tales
429 330 587 361 habeamur,
615 327 744 358 obstabit.
767 327 840 362 quod
862 334 916 354 non
934 333 982 361 pro

197 375 292 409 nobis,
313 374 360 403 sed
377 382 424 410 pro
440 374 579 410 probrosis
595 374 622 400 in
641 376 746 407 patrem
760 375 884 399 nostrum
901 370 982 398 dictis

194 421 351 449 irascimur.
373 420 440 447 Nam
459 420 487 447 in
511 417 667 453 hujusmodi
684 417 765 444 rebus
782 416 911 451 majorem
929 415 983 442 for-

195 466 268 494 sitan
286 467 392 494 veniam
409 469 528 493 meretur
545 470 717 495 succensere,
737 469 818 498 quam
843 461 983 488 moderate

196 519 287 547 agere.

235 640 263 667 Si
282 647 346 668 vero
370 638 519 674 primordia
543 638 674 665 orationis
693 638 770 672 quasi
797 645 812 664 a
836 638 984 665 certamine

197 684 287 712 aliena
298 683 501 714 existimantur,
519 689 600 717 spero
616 689 689 714 eum.
712 682 758 717 qui
770 681 877 716 judicio
891 682 983 716 pollet,

199 737 254 758 nou
268 733 380 766 gravate
400 729 533 756 orationis
555 732 657 755 nostra).
681 728 836 755 institutum
856 727 986 762 probatu-

199 783 271 803 rum.
285 774 378 810 Neque
391 774 465 802 enim
483 774 596 802 decebat
620 780 650 800 ut
666 773 755 809 magni
773 773 863 800 Basilii
883 772 983 800 fatuam

1035 196 1092 223 μεν,
1103 187 1141 219 ὥς
1153 189 1209 214 ἐστι
1223 187 1343 219 δυνατὸν,
1360 188 1393 213 ἐκ
1411 188 1459 222 τῆς
1470 187 1515 214 τοῦ
1528 187 1605 221 ἁγίου
1620 186 1724 212 ἐκείνου
1745 184 1824 210 διδα-

1034 233 1146 264 σκαλίας
1159 233 1326 268 ἀσκήσαντες
1342 234 1370 259 έν
1387 233 1426 268 τῷ
1441 233 1498 268 ἤθει
1521 234 1552 258 τι)
1574 232 1693 267 μέτριον,
1712 230 1825 256 δέδοικα

1035 279 1071 314 μὴ
1085 279 1116 305 ἐκ
1131 278 1184 304 τῶν
1205 278 1273 314 πρὸς
1295 277 1341 305 τὸν
1367 277 1512 304 ἀντίπαλον
1528 278 1594 312 ἡμῖν
1617 274 1824 310 γεγραμμένων

1034 325 1171 357 νεοφανεῐς
1187 332 1256 355 τινες
1268 325 1324 354 τοῖς
1338 323 1530 358 ἐντυγχάνουσι
1544 322 1673 356 δόξωμεν,
1685 321 1724 352 ὼς
1745 319 1826 345 εὐκό-

1033 371 1086 400 λως
1097 369 1164 405 πρὸς
1177 369 1224 400 τὰς
1234 369 1287 395 τῶν
1309 368 1443 404 ὑϐριστῶν
1466 367 1597 403 λοιδορίας
1616 366 1825 401 ἐκτραχυνόμε-

1034 421 1081 439 νοι.
1096 410 1135 438 τΗ
1148 413 1218 447 τάχα
1228 413 1425 447 παραιτήσεται
1445 413 1517 447 ἡμᾶς
1535 411 1602 446 πρὸς
1619 411 1649 437 τὸ
1671 410 1709 446 μὴ
1733 409 1825 436 δοκεῖν

1034 456 1102 485 εἶναι
1123 458 1266 491 τοιούτους,
1283 458 1314 485 τὸ
1326 459 1363 494 μὴ
1374 459 1444 494 ὑπὲρ
1460 459 1538 493 ἡμῶν
1551 457 1653 491 αὐτῶν,
1678 457 1735 483 ἀλλ’
1754 456 1826 490 ὑπὲρ

1034 504 1088 531 τῶν
1099 505 1169 531 κατὰ
1183 505 1229 531 τοῦ
1244 505 1346 540 πατρὸς
1362 505 1513 540 εἰρημένων
1524 503 1691 540 ὀργίζεσθαι.
1710 502 1757 529 ‘Ev
1770 501 1825 536 γὰρ

1035 551 1090 581 τοῖς
1105 550 1237 582 τοιούτοις
1255 551 1324 584 τάχα
1345 550 1375 576 τὸ
1395 550 1552 585 μετριάζειν
1580 549 1626 576 τοῦ
1649 547 1825 584 χαλεπαίνειν

1035 595 1110 621 ἐστὶν
1126 595 1331 629 ἀσυγγνωστότε
1336 604 1390 630 ρον.

1075 641 1107 667 Et
1120 641 1149 667 δὲ
1165 641 1198 668 τὰ
1214 641 1310 677 πρῶτα
1333 641 1380 667 τοῦ
1407 641 1486 675 λόγου
1514 641 1649 674 ὲξαγὼνιά
1667 649 1725 671 πως
1755 637 1824 665 εἶναι

1034 686 1116 719 δοκεῖ,
1129 685 1271 721 λογίζομαι
1291 686 1335 712 τὸν
1351 685 1452 722 κρίνειν
1471 685 1675 720 ἐπεσκεμμένον
1693 683 1824 715 ἀποδέξα-

1036 731 1097 758 σθαι
1112 731 1151 766 ςᾶν
1178 731 1227 766 τὴν
1253 731 1379 766 τοιαύτην
1409 732 1471 766 περὶ
1489 731 1533 757 τὸν
1556 730 1632 764 λόγον
1655 729 1824 764 οἰκονομίαν.

1036 777 1104 804 Οὔτε
1121 776 1175 812 γὰρ
1189 777 1390 812 ἀσυνηγόρητον
1403 776 1455 802 ἔδει
1472 776 1623 811 παρεθῆναι
1636 775 1684 811 τὴν
1706 775 1755 801 τοῦ
1777 783 1824 809 με·

198 820 461 850 etexistimationem
474 819 507 846 ab
514 819 671 846 adversario
680 819 811 846 maledice
826 819 982 850 laceratam,

1040 823 1117 856 γάλου
1149 823 1281 858 ὑπόληψιν
1305 824 1364 854 ταῖς
1390 822 1437 849 τοῦ
1468 822 1602 848 ἀντιδίκου
1639 819 1824 855 βλασφημίαις

200 866 368 895 indefensam
383 865 616 900 relinqueremus;
634 872 721 900 neque
735 868 764 891 ut
778 864 836 891 haec
851 864 916 891 talia
930 864 985 891 dis-

199 911 330 947 putationi
361 910 478 946 sparsim
505 910 738 945 inspergeremus;
774 917 928 945 quanquam
960 914 987 937 et

201 958 259 985 haec
267 961 394 984 accurate
403 955 580 992 perpendenti
589 963 653 991 pars
665 963 761 991 pugna
772 956 857 983 videri
869 959 984 990 queant:

201 1010 263 1030 cum
291 1002 365 1030 enim
389 1001 538 1029 adversarii
562 1008 671 1036 quoque
696 1001 844 1036 disputatio
872 1001 900 1028 in
918 1000 987 1028 duas

202 1051 293 1084 partes
313 1047 416 1074 tributa
433 1047 478 1078 sit,
499 1046 526 1073 in
542 1046 691 1074 calumnias
711 1046 825 1080 scilicet,
843 1052 870 1074 et
894 1046 920 1073 in
937 1046 987 1073 do-

201 1094 298 1120 ctrina:
320 1099 394 1120 sana:
418 1091 669 1126 reprehensionem,
687 1099 798 1119 necesse
823 1095 882 1119 erat
909 1096 939 1118 ut
962 1095 989 1119 et

202 1146 254 1167 nos
279 1137 412 1166 adversus
434 1141 578 1172 utramque
603 1140 707 1172 partem
732 1137 917 1165 defensionem
941 1145 990 1165 no-

203 1187 289 1211 stram
312 1183 501 1218 dirigeremus.
519 1182 658 1210 Claritatis
683 1190 765 1217 porro
788 1182 885 1217 gratia,
910 1186 941 1212 et.
957 1190 991 1210 ne

205 1229 292 1257 series
313 1235 420 1260 eorum,
442 1235 502 1263 quae
525 1227 559 1255 de
580 1228 639 1263 ipsa
665 1227 790 1255 doctrina
807 1229 989 1263 disseruntur,

203 1274 402 1303 calumniarum
414 1273 618 1309 interposrtione
628 1273 884 1309 interrumperetur,
896 1282 991 1302 neces-

205 1321 279 1349 sario
294 1321 321 1348 in
336 1319 405 1348 duas
419 1325 509 1355 partes
524 1327 593 1355 opus
609 1319 815 1348 distribuimus:
838 1319 915 1347 initio
929 1320 992 1355 qui-

204 1365 267 1394 dem
292 1366 326 1393 iis
351 1374 411 1401 qua:
430 1366 509 1393 nobis
531 1366 700 1400 objiciuntur
721 1365 892 1393 contumeliis
918 1373 993 1393 amo-

204 1410 312 1443 liendis,
335 1415 429 1446 postea
454 1410 606 1438 defensioni
629 1411 765 1445 dogmatis
785 1410 930 1438 orthodoxi
945 1419 994 1446 pro

205 1456 311 1484 viribus
326 1456 434 1484 intenti.
448 1456 575 1484 Continet
590 1463 655 1483 vero
676 1456 826 1490 disputatio
843 1463 897 1482 non
913 1456 994 1483 modo

208 1499 343 1527 haeretica:
356 1500 497 1535 pravitatis
513 1500 695 1531 eversionem,
710 1506 803 1526 verum
821 1500 902 1526 etiam
916 1500 995 1529 insti-

209 1544 342 1571 tutionem
365 1549 391 1571 et
416 1544 622 1579 explicationem
645 1548 801 1571 nostrorum
825 1543 993 1578 dogmatum.

208 1589 302 1625 Turpe
324 1589 396 1617 enim
413 1592 439 1617 et
458 1597 593 1624 generoso
612 1589 703 1616 animo
718 1596 832 1624 prorsus
854 1589 994 1625 indignum

210 1634 336 1662 arbitrati
365 1641 470 1668 sumus,
495 1642 556 1662 cum
583 1636 676 1662 hostes
695 1642 778 1662 suam
800 1635 994 1663 absurditatem

211 1688 268 1708 non
290 1681 439 1714 occultent,
460 1689 511 1710 nos
537 1680 678 1709 veritatem
699 1681 836 1709 liberrime
855 1689 909 1710 non
933 1690 997 1718 pro-

213 1725 292 1754 literi.

1037 867 1274 903 σπαρασσομένην,
1290 866 1351 893 οὔτε
1370 867 1458 902 πάντη
1475 865 1670 901 καταμιγνύειν
1689 864 1728 900 τῷ
1740 864 1822 898 λόγῳ,

1037 913 1174 948 σποράδην
1191 913 1386 948 παρενείροντα
1398 913 1446 948 τὴν
1460 914 1522 949 περὶ
1541 911 1635 939 τούτου
1652 911 1754 946 μάχην·
1776 910 1823 936 ἆλ-

1037 959 1089 990 λως
1103 967 1132 984 τε
1148 958 1187 993 τῷ
1201 958 1319 994 ἀκριϐῶς
1338 958 1504 993 λογιζομένῳ
1521 958 1568 984 καὶ
1593 957 1679 983 ταῦτα
1696 957 1730 982 τὰ
1754 956 1822 990 μέρη

1037 1003 1091 1030 τῶν
1101 1002 1213 1037 ἀγώνων
1237 1004 1310 1030 ἐστίν
1325 1011 1334 1019 ο
1350 1003 1442 1038 ἐπειδὴ
1453 1003 1507 1037 γὰρ
1526 1004 1564 1033 εἰς
1574 1002 1620 1028 δύο
1640 1002 1759 1032 σκοποὺς
1781 1000 1826 1026 καὶ

1038 1051 1052 1076 ὁ
1066 1049 1113 1075 τοῦ
1129 1049 1250 1076 ἐναντίου
1272 1049 1349 1083 λόγος
1382 1049 1555 1084 μεμέρισται,
1580 1048 1620 1079 εἷς
1641 1055 1670 1073 τε
1690 1046 1741 1077 τὰς
1763 1045 1829 1072 καθ’

1038 1095 1055 1130 ἡ
1060 1094 1117 1129 μῶν
1129 1094 1262 1125 διαϐολὰς,
1278 1095 1324 1121 καὶ
1336 1096 1376 1126 είς
1390 1094 1437 1130 τὴν
1457 1093 1622 1130 κατηγορίαν
1634 1093 1682 1119 τοῦ
1697 1092 1830 1126 ὑγιαίνον-

1039 1147 1084 1170 τος
1096 1139 1240 1174 δόγματος,
1260 1139 1315 1165 ἔδει
1335 1139 1402 1174 πρὸς
1423 1140 1540 1174 ἑκάτερα
1564 1139 1612 1165 καὶ
1630 1139 1675 1165 τὸν
1695 1137 1829 1172 ἡμέτερον

1041 1184 1233 1219 ἀντιταχθῆναι
1251 1184 1339 1217 λόγον.
1355 1184 1505 1218 Σαφηνείας
1517 1183 1545 1210 δὲ
1559 1184 1648 1218 χάριν,
1663 1182 1711 1209 καὶ
1727 1181 1775 1208 τοῦ
1794 1181 1830 1216 μὴ

1041 1229 1201 1265 διακοπῆναι
1211 1229 1257 1255 τὸν
1270 1230 1363 1264 εἱρμὸν
1374 1229 1428 1256 τῶν
1439 1229 1509 1256 κατὰ
1531 1230 1562 1255 τὸ
1585 1228 1672 1264 δόγμα
1695 1227 1830 1262 ζητουμέ-

1042 1283 1105 1306 νων,
1125 1275 1184 1306 ταῖς
1207 1274 1389 1310 παρενθήκαις
1409 1275 1463 1301 τῶν
1485 1275 1553 1310 πρὸς
1576 1274 1626 1305 τὰς
1652 1274 1723 1308 παρ’
1750 1272 1831 1299 αὑτοῦ

1043 1320 1166 1351 διαϐολὰς
1181 1319 1345 1354 λεγομένων,
1359 1320 1513 1354 ἀναγκαίως
1527 1321 1567 1352 εἰς
1575 1320 1621 1346 δύο
1634 1319 1771 1354 ταμόντες
1784 1319 1831 1352 τὴν

1043 1365 1233 1401 πραγματείαν
1248 1373 1254 1380 ·
1270 1367 1330 1392 κατ’
1352 1366 1438 1401 ἀρχὰς
1455 1366 1503 1401 μὲν
1525 1366 1589 1401 περὶ
1611 1366 1659 1401 τὴν
1683 1365 1833 1398 ἀπολογίαν

1044 1411 1098 1437 τῶν
1130 1411 1335 1446 ἐπιφερομένων
1347 1412 1411 1446 ἡμῖν
1431 1411 1630 1447 ἡσχολήθημεν,
1655 1411 1727 1446 μετὰ
1750 1410 1833 1437 ταῦτα

1045 1455 1074 1482 δὲ
1086 1457 1141 1488 τοῖς
1155 1457 1224 1483 κατὰ
1238 1455 1285 1482 τοῦ
1303 1456 1436 1491 δόγματος
1449 1457 1603 1492 εἰρημένοις
1615 1455 1686 1483 κατὰ
1702 1456 1734 1482 τὸ
1757 1456 1832 1482 δυνα-

1047 1501 1093 1528 τὸν
1104 1501 1319 1536 συνεπλάκημεν.
1336 1502 1412 1537 Ἔχει
1424 1502 1452 1528 δὲ
1461 1503 1475 1528 ὁ
1489 1502 1565 1536 λόγος
1574 1503 1604 1528 οὺ
1632 1501 1712 1537 μόνον
1727 1502 1835 1536 ἀνατρο-

1049 1546 1102 1582 πὴν
1116 1546 1170 1572 τῶν
1183 1546 1327 1581 αίρετικῶν
1341 1547 1509 1581 ὐπολήψεων,
1526 1547 1592 1573 ἀλλὰ
1604 1548 1649 1574 καὶ
1663 1547 1832 1573 διδασκαλίαν

1050 1591 1097 1618 καὶ
1114 1591 1220 1618 ἔκθεσιν
1234 1591 1288 1618 τῶν
1306 1591 1446 1627 ἡμετέρων
1459 1592 1610 1627 δογμάτων.
1635 1593 1756 1628 Αίσχρὺν
1781 1591 1832 1626 γὰρ

1050 1635 1119 1664 εἶναι
1147 1637 1192 1663 καὶ
1226 1637 1396 1664 παντάπασιν
1428 1639 1539 1672 ἀγεννὲς
1566 1639 1757 1674 ὑπελάὸομεν,
1784 1638 1833 1664 stin

1049 1683 1153 1718 ἐχθρῶν
1163 1684 1212 1710 οὐκ
1225 1684 1466 1719 ὲπικρυπτομένων
1483 1684 1533 1720 τὴν
1554 1685 1679 1718 ἀτοπίαν,
1702 1685 1778 1720 ἡμᾶς
1800 1683 1835 1719 μὴ

1050 1728 1321 1763 ἐμπαρῤησιάςεσοαι
1334 1730 1365 1764 τῇ
1381 1729 1502 1765 ἀληθείᾳ.
