1954 3079
121 100 164 131 2H

829 102 1008 132 EPISTOLA.

132 169 1463 183 mm

553 247 667 290 ΤΟΥ
702 247 925 292 ΠΕΤΡΟΥ

961 247 1285 293 ΣΕΒΑΣΤΕΙΑΣ

659 344 1171 404 ΕΠῚΣΤΟΛΗ

372 453 468 481 ΗΡΟΣ
497 455 564 482 ΊὉΝ
585 455 697 482 ΛΙἾΟΝ
716 455 920 482 ΓΡΗΓΟΡΙΟΝ
933 454 1081 482 ΝΥΣΣΗΣ
1092 455 1156 482 ΤΟΥ
1170 455 1278 481 ΑΥΊῸΥ
1294 454 1467 483 ΑΔΕΛΦΟΝ.

538 614 592 658 S.
640 615 853 660 PETRI

901 617 1300 662 SEBASTENI

702 724 1136 782 EPISTOLA

489 833 536 860 Αι)
551 832 580 862 S.
597 832 812 862 GREGORIUM
829 834 1035 863 NYSSENUM
1049 834 1223 863 FRATREM
1238 834 1350 863 SUUM.

792 904 883 929 Eodem
901 904 1049 935 interprete.

909 989 944 996 -ο

124 1065 162 1098 Τῷ
183 1063 552 1103 θεοσεόεστὰτιρ-ἀδελμῆ
565 1067 726 1101 Γρηγορίῳ,
743 1066 852 1099 Πέτρος
867 1066 901 1092 ἐν

961 1066 1161 1100 Religiosissimo
1176 1067 1257 1100 [ram
1280 1066 1416 1103 Gregorio,
1441 1066 1547 1099 Petrus,
1571 1066 1598 1093 in
1621 1065 1737 1094 Domino

387 1101 485 1134 Κυρίῳ
501 1102 624 1135 χαίρειν.

156 1145 284 1180 Ἐντυχὼν
307 1147 365 1177 τοῖς
389 1146 533 1181 γράμμασι
549 1147 598 1181 τῆς
618 1147 756 1183 ὁσιότητός
775 1155 833 1179 σου,
853 1147 899 1174 καὶ

121 1190 280 1224 κατανοήσας
298 1190 329 1216 ἐν
342 1189 380 1224 τῷ
393 1190 461 1216 κατὰ
471 1191 520 1225 τῆς
530 1191 662 1226 αἱρέσεως
679 1191 749 1226 λόγῳ
764 1191 808 1217 τὸν
829 1190 899 1226 ὑπὲρ

120 1235 163 1270 τῆς
174 1234 311 1270 ἀληθείας,
334 1235 381 1261 καὶ
404 1235 450 1262 τὸν
466 1236 535 1271 ὑπὲρ
551 1235 597 1262 τοῦ
609 1235 686 1270 ἁγίου
702 1236 807 1271 Πατρὺς
821 1237 837 1270 ἡ
843 1235 900 1270 μῶν

120 1280 209 1314 ζῆλον·
229 1280 260 1306 οὐ
276 1280 329 1315 τῆς
347 1280 396 1314 σῆς
417 1280 558 1316 δυνάμεως
577 1280 656 1316 ἔργον
679 1279 747 1308 εἶναι
765 1281 811 1308 τὸν
823 1281 900 1315 λόγον

120 1326 212 1361 ᾠήθην,
223 1326 292 1353 ἀλλὰ
302 1325 350 1352 τοῦ
366 1326 416 1361 τὴν
426 1325 554 1361 ἀλήθειαν
564 1327 592 1352 ἐν
603 1327 658 1358 τοῖς
675 1326 770 1353 ἑαυτοῦ
784 1319 900 1361 δόγμασι

122 1371 247 1397 λαλεῖσθαι
267 1371 506 1405 οζκονομήσαντος.
529 1370 634 1406 ’Ὠσπερ
659 1370 687 1397 δὲ
709 1371 759 1405 τὴν
773 1370 842 1405 ὑπὲρ
853 1370 902 1405 τῆς

121 1416 238 1450 ἀληθείας
254 1415 421 1451 συνηγορίαν
431 1415 505 1450 αὺτῷ
515 1415 553 1450 τῷ
561 1415 694 1451 πνεύματι
708 1416 756 1450 τῆς
773 1415 902 1450 ἀληθείας

120 1462 246 1489 ἀναθεῖναι
261 1462 356 1493 καλῶς
371 1461 442 1496 ἔχειν
455 1461 542 1497 φημὶ,
563 1461 633 1488 οὕτω
648 1470 691 1496 μοι
706 1461 778 1488 δοκεῖ
791 1461 845 1487 δεῖν
855 1462 902 1487 καὶ

100 1532 103 1535 ,
121 1509 163 1544 τὴν
180 1508 248 1535 κατὰ
266 1509 319 1543 τῆς
343 1507 516 1544 ὑγιαινούσης
537 1507 653 1539 πίστεως
674 1507 789 1542 σπουδὴν
803 1498 903 1538 οὐκέἰς

122 1554 252 1589 Εὐνόμιον,
275 1553 336 1580 ἀλλ’
358 1554 397 1584 εἰς
415 1553 494 1579 αὐτὸν
510 1553 654 1588 ἀναφέρειν
672 1553 716 1579 τὸν
730 1553 836 1588 πατέρα
855 1552 902 1579 τοῦ
926 1548 929 1549 ν

121 1600 232 1633 ψεύδους.
248 1599 306 1626 Καὶ
320 1599 405 1626 ἔοικεν
430 1600 447 1626 ὁ
472 1599 522 1626 ἀπ’
538 1598 635 1633 ἀρχῆς
649 1599 902 1633 ἀνθρωποκτόνος,

120 1647 133 1672 ὁ
152 1647 178 1672 ἑν
198 1645 294 1681 ἐκείνῳ
327 1645 520 1680 φθεγξάμενος,
546 1645 606 1672 καθ’
631 1644 727 1670 ἑαυτοῦ
754 1644 905 1676 σπουδαίως

121 1692 274 1726 ἠκονηκέναι
295 1691 329 1717 τὸ
356 1691 441 1726 ξίφος.
468 1691 499 1716 Et
523 1690 576 1726 γὰρ
601 1690 638 1726 μὴ
664 1690 766 1721 ἐκεῖνος
779 1689 905 1716 τοσοῦτον

1281 1103 1394 1129 satutem
1400 1121 1407 1128 .

987 1145 1054 1173 Cum
1072 1145 1200 1181 legissem
1227 1146 1334 1174 litteras
1349 1145 1504 1174 sanctitatis
1531 1150 1594 1178 tuas.
1618 1149 1645 1173 et
1660 1145 1739 1174 intel-

953 1191 1079 1219 lcxissem
1102 1197 1178 1219 tuum
1194 1199 1244 1227 pro
1269 1191 1321 1219 ﬁde
1346 1192 1479 1219 adversus
1497 1191 1625 1225 haeresin,
1650 1195 1678 1219 ct
1689 1198 1739 1227 pro

953 1241 1048 1264 sancto
1059 1237 1138 1264 Patre
1155 1241 1249 1265 nostro
1263 1237 1409 1268 fervorem,
1425 1245 1480 1265 non
1502 1241 1613 1265 tuarum
1626 1237 1737 1270 virium.

954 1282 1000 1310 sed
1020 1282 1091 1316 ejus.
1110 1283 1156 1317 qui
1172 1283 1313 1310 veritatem
1332 1283 1389 1310 suis
1401 1283 1428 1310 in
1442 1283 1576 1319 dogmatis
1593 1284 1666 1320 loqui
1682 1284 1740 1311 dis-

954 1328 1055 1362 posuit,
1072 1327 1097 1354 id
1113 1335 1182 1364 opus
1196 1335 1258 1355 esse
1277 1327 1444 1355 existimavi.
1462 1327 1549 1356 Sicuti
1564 1333 1653 1357 autem
1667 1329 1739 1357 veri-

955 1374 1018 1401 tatis
1045 1373 1225 1409 patrocinium
1256 1373 1290 1399 ad
1330 1373 1419 1407 ipsum
1448 1373 1575 1408 spiritum
1617 1374 1739 1401 veritatis

954 1419 1057 1447 referre
1073 1419 1205 1447 addecet:
1227 1419 1276 1451 ita,
1295 1426 1338 1445 me
1351 1418 1454 1454 judice,
1470 1419 1610 1454 diligentia
1626 1419 1654 1447 in
1664 1423 1739 1447 recta

956 1465 1008 1492 ﬁde
1025 1465 1216 1500 oppugnanda,
1239 1472 1293 1492 non
1317 1464 1462 1498 Eunomio,
1479 1464 1526 1492 sed
1557 1465 1608 1499 ipsi
1630 1464 1741 1492 menda-

955 1511 1059 1539 ciorum
1077 1512 1183 1545 parenti
1195 1515 1223 1539 et
1239 1511 1387 1541 architecto
1407 1510 1529 1538 adscribi
1542 1510 1634 1538 debet.
1649 1511 1689 1538 Ac
1701 1511 1742 1537 vi-

956 1557 1036 1585 detur
1055 1557 1101 1584 itte
1126 1557 1159 1583 ab
1181 1557 1257 1593 initia
1280 1556 1413 1584 homicida
1428 1557 1448 1587 ⁸,
1480 1557 1526 1591 qui
1556 1556 1584 1583 in
1609 1555 1742 1584 Eunomio

957 1602 1064 1636 locutus
1081 1605 1132 1633 est,
1149 1605 1246 1629 contra
1261 1602 1381 1636 seipsum
1402 1605 1530 1628 accurate
1548 1601 1667 1636 gladium
1679 1608 1741 1629 exa-

957 1648 1046 1674 cuisse
1061 1647 1124 1674 :nisi
1139 1647 1211 1674 cnim
1225 1647 1270 1674 ille
1280 1650 1373 1674 tantos
1391 1646 1505 1681 spiritus
1524 1646 1655 1673 adversus
1673 1646 1742 1673 \eri-

957 1696 1038 1719 tatem
1054 1691 1225 1727 sumpsisset,
1246 1692 1338 1720 nullus
1356 1696 1383 1720 te
1408 1691 1441 1719 ad
1456 1692 1562 1727 piorum
1585 1691 1741 1726 dogmatum

120 1737 183 1764 κατὰ
192 1737 238 1772 τῆς
254 1737 387 1772 ἀληθείας
413 1735 631 1771 ἀπεθρασύνετο,
647 1735 734 1767 οὐδεὶς
750 1735 782 1762 ἄν
798 1744 827 1761 σε
838 1735 905 1770 πρὸς

961 1737 1199 1772 propugnationem
1223 1737 1413 1772 permovisset.
1432 1736 1484 1769 Qui
1511 1737 1593 1771 igitur
1612 1737 1742 1771 sapiente:

123 1783 279 1817 συνηγορίαν
306 1781 362 1808 τῶν
384 1782 433 1817 τῆς
454 1780 593 1812 εὐσεϐείας
618 1780 758 1815 δογμάτων
772 1780 905 1815 ἐκίνησεν.

126 1827 150 1853 '0
160 1825 214 1855 οὖν
224 1827 434 1862 δρασσόμενος
445 1827 516 1859 τοὺς
527 1826 641 1861 σοφοὺς
651 1826 685 1852 ὲν·
694 1825 731 1860 τῇ
742 1826 905 1860 πανουργίᾳ

123 1873 222 1904 Αὐτῶν,
245 1873 349 1899 ἔδωκεν
368 1873 468 1903 αὐτοῖς,
484 1872 522 1903 ὡς
537 1871 570 1899 ἂν
587 1872 703 1907 μάλιστα
723 1872 753 1898 τὸ
766 1872 864 1907 σαθρόν
878 1880 906 1898 τε

122 1919 164 1945 καὶ
176 1918 330 1946 ἀσύστατον
345 1917 398 1944 τῶν
410 1917 552 1952 δογμάτων
565 1917 654 1943 αὐτῶν
669 1917 844 1952 διελεγχθείη,
861 1918 908 1944 καὶ

122 1963 267 1998 φράξασθαι
281 1963 356 1990 κατὰ
364 1963 413 1998 τῆς
423 1962 561 1997 ἀληθείας,
579 1963 625 1988 καὶ
635 1962 669 1989 τὰ
684 1962 749 1989 κενὰ
762 1962 907 1997 μελετῆσαι

122 2010 162 2037 διὰ
172 2010 218 2046 τῆς
233 2010 317 2045 κενῆς
328 2009 429 2045 ταύτης
439 2009 631 2045 λογογραφίας.
835 2026 839 2030 -

159 2054 264 2089 Ἐπειδὴ
276 2054 368 2080 τοίνυν
382 2054 396 2080 ὁ
411 2052 593 2088 ἐναρξάμενος
608 2050 693 2087 ἔργον
704 2052 804 2086 ἀγαθὸν
816 2053 907 2078 ἐπιτε-

122 2099 197 2130 λέσει,
228 2100 276 2126 καὶ
300 2099 339 2134 μὴ
355 2098 499 2134 ἀποκάμῃς
516 2097 658 2132 ὑπηρετῶν
679 2098 712 2132 τῇ
729 2096 840 2131 δυνάμει
860 2095 906 2122 τοῦ

123 2145 280 2180 πνεύματος,
300 2145 368 2180 μηδὲ
380 2144 493 2179 ἡμιτελῆ
511 2144 626 2179 ποιήσῃς
639 2143 688 2177 τὴν
701 2142 840 2177 ἀριστείαν
855 2142 908 2168 τῶν

123 2190 188 2217 κατὰ
207 2191 256 2225 τῆς
278 2189 361 2224 δόξης
378 2188 425 2215 τοῦ
442 2187 560 2224 Χριστοῦ
584 2187 814 2222 στρατευομένων,
841 2187 908 2213 ἀλλὰ

124 2236 234 2272 μίμησαι
244 2235 292 2262 τὸν
307 2235 416 2270 γνήσιόν
434 2242 480 2260 σου
502 2234 617 2268 πατέρα,
631 2233 659 2265 ὃς
676 2233 746 2260 κατὰ
762 2233 806 2259 τὸν
821 2232 908 2268 ζηλω-

122 2282 166 2316 τὴν
186 2281 279 2313 Φινεὲς
305 2281 340 2315 τῇ
358 2280 407 2315 μιᾷ
419 2280 509 2315 πληγῇ
530 2279 575 2306 τοῦ
593 2279 703 2314 ἐλέγχου
720 2279 764 2305 τὸν
786 2278 908 2314 μαθητὴν

121 2326 156 2362 τῷ
170 2327 326 2362 διδασκάλῳ
342 2326 573 2361 συναπεκέντησεν
583 2334 589 2339 ·
607 2325 677 2351 οὕτω
690 2325 736 2351 καὶ
750 2325 781 2351 σὺ
795 2325 908 2355 εὐτόνως

122 2372 151 2406 τῇ
167 2371 238 2406 χειρὶ
252 2371 301 2398 τοῦ
316 2370 395 2409 λᾷγου
414 2369 447 2396 δι’
465 2369 626 2405 ἀμφοτέρων
640 2369 694 2396 τῶν
704 2368 849 2404 αἱρετικῶν
866 2368 908 2403 βι-

123 2416 197 2443 ϐλίων
211 2414 283 2443 ὦσον
298 2415 350 2451 τὴν
362 2415 408 2442 τοῦ
424 2415 576 2450 πνεύματος
589 2414 735 2450 μάχαιραν,
752 2414 794 2440 ἵνα
807 2414 843 2448 μὴ
857 2414 905 2447 τὴν
923 2404 943 2432 C

123 2462 236 2497 κεφαλὴν
249 2461 482 2497 συντεθλασμένος
493 2462 507 2487 ὁ
518 2461 579 2495 δφις
594 2460 662 2487 κατὰ
674 2460 723 2494 τὴν
739 2459 821 2494 οὐρὰν
831 2468 908 2490 περι-

124 2507 241 2542 σπαίρων
256 2507 323 2538 τοὺς
338 2506 546 2541 ἀκεραιοτέρους
559 2506 637 2541 φοϐῇ.
652 2505 711 2531 Τῶν
727 2505 781 2540 γὰρ
794 2505 908 2540 πρώτων

123 2550 255 2585 τοῦλόγου
279 2551 486 2586 ἀναιρεθέντων,
506 2552 552 2577 ἐὰν
567 2550 597 2577 τὺ
618 2551 768 2577 τελευταῖον
782 2550 907 2583 ἀνεξέτα-

124 2606 180 2624 στον
191 2598 292 2634 ἀφεθῇ,
309 2597 385 2633 ἰσχύν
399 2606 457 2624 τινα
469 2597 538 2623 κατὰ
549 2597 598 2631 τῆς
609 2596 735 2631 ἀληθείας
748 2595 820 2630 ἔχειν
833 2596 907 2631 παρὰ

122 2644 174 2675 τοῖς
185 2643 293 2675 πολλοῖς
305 2643 506 2678 νομισθήσεται.

161 2731 188 2758 '0
202 2732 229 2757 δὲ
242 2732 444 2766 ἐμφαινᾶμενος
459 2722 497 2765 τῷ
509 2731 579 2765 λόγῳ
596 2731 679 2766 θυμὸς
694 2731 741 2765 τὴν
756 2731 802 2757 τοῦ
814 2731 910 2762 ἆλατος

957 1783 984 1808 in
997 1789 1046 1808 sua
1061 1782 1162 1808 astutia
1178 1781 1381 1816 deprehendit’,
1406 1781 1482 1808 dedit
1509 1781 1563 1809 illis
1587 1782 1661 1817 (licet
1685 1789 1744 1808 ma-

958 1828 1028 1854 xime
1053 1826 1206 1858 iniirmitas,
1234 1830 1262 1853 et
1285 1826 1468 1854 inconstantia
1488 1826 1657 1862 dogmatum,
1684 1833 1744 1860 qua

957 1876 1076 1903 tuentur,
1086 1871 1305 1907 redargueretur)
1320 1876 1347 1899 et
1364 1876 1460 1900 contra
1478 1871 1622 1899 veritatem
1631 1872 1742 1905 armari,

957 1921 984 1945 et
1008 1925 1055 1952 per
1082 1918 1190 1945 inanem
1216 1918 1297 1946 istam
1340 1918 1537 1952 verbosamque
1566 1917 1742 1952 scriptionem

958 1963 1048 1991 inania
1062 1963 1197 1991 meditari.

992 2052 1136 2082 Caeterum,
1152 2059 1213 2078 cum
1231 2059 1280 2086 par
1306 2052 1353 2085 sit,
1372 2055 1402 2078 ut
1419 2059 1464 2086 qui
1482 2051 1582 2079 bonum
1598 2057 1668 2086 opus
1686 2057 1743 2078 cm-

959 2098 1007 2133 pit,
1024 2098 1050 2125 id
1062 2097 1194 2132 perficiat.
1208 2101 1325 2132 oportet,
1347 2101 1376 2124 ut
1388 2097 1481 2124 virtuti
1495 2097 1607 2131 spiritus
1618 2096 1744 2124 alacriter

959 2144 1126 2177 subservias;
1146 2150 1234 2178 neque
1263 2143 1421 2178 imperfecte
1437 2146 1464 2170 et
1480 2142 1623 2170 dimidiato
1637 2145 1742 2169 tantum

959 2196 1069 2220 eorum,
1086 2188 1133 2223 qui
1153 2193 1247 2215 contra
1268 2187 1370 2215 Christi
1397 2187 1512 2222 gloriam
1536 2187 1666 2218 militant,
1684 2185 1744 2220 jac-

959 2233 1072 2260 tantiam
1094 2237 1121 2260 et
1149 2232 1324 2259 insolentiam
1344 2231 1491 2259 refulatam
1519 2231 1674 2266 relinquas;
1697 2230 1745 2258 sed

960 2278 1067 2306 imitare
1083 2278 1231 2314 genuinum
1245 2281 1320 2304 tuum
1342 2281 1457 2312 patrem,
1476 2277 1523 2311 qui
1538 2284 1613 2303 more
1634 2276 1745 2303 :emula-

959 2324 1028 2351 toris
1043 2323 1170 2354 Phinees.
1191 2329 1245 2349 una
1260 2321 1463 2356 redargutionis
1477 2321 1555 2356 plaga
1578 2320 1744 2355 discipulum

960 2370 1041 2397 simul
1067 2376 1130 2396 cum
1156 2369 1285 2403 magistro
1304 2367 1452 2394 transfodit
1476 2367 1505 2399 ³;
1526 2367 1564 2393 ila
1581 2369 1608 2393 et
1629 2369 1660 2392 tu
1687 2364 1744 2392 for-

961 2416 1034 2447 titer,
1054 2414 1133 2450 quasi
1147 2414 1278 2441 orationis
1301 2421 1396 2445 manu,
1409 2421 1456 2448 per
1479 2415 1625 2446 utrumque
1640 2410 1746 2438 haereti-

963 2469 1025 2488 cum
1042 2461 1151 2492 librum,
1167 2460 1286 2495 gladium
1303 2459 1416 2494 spiritus
1439 2458 1611 2493 Iransudige;
1638 2464 1671 2484 ne
1687 2463 1746 2483 ser-

963 2515 1029 2542 pens
1045 2506 1132 2541 capite
1151 2506 1207 2540 jam
1225 2508 1354 2535 contuso,
1379 2504 1466 2531 cauda
1487 2503 1576 2530 adhuc
1599 2501 1744 2537 palpitans.

961 2552 1144 2587 imperitiores
1157 2550 1322 2578 terrefaciat.
1336 2549 1402 2576 Nam
1412 2555 1474 2575 cum
1484 2548 1569 2582 prima
1578 2553 1640 2582 pars
1649 2546 1743 2579 dispu-

961 2597 1072 2624 tationis
1090 2596 1264 2623 Eunomianae
1289 2593 1406 2621 refutata
1421 2593 1466 2625 sit,
1485 2593 1507 2620 si
1527 2590 1660 2627 posterior
1674 2590 1745 2616 inta-

962 2646 1004 2668 cta
1021 2644 1174 2673 remaneat,
1192 2648 1245 2667 non
1257 2639 1383 2669 decrunt,
1399 2637 1445 2672 qui
1460 2637 1484 2663 ei
1498 2636 1629 2662 adversus
1644 2635 1744 2662 verita-

963 2690 1017 2713 tem
1032 2685 1134 2719 aliquid
1147 2685 1246 2712 virium
1258 2684 1348 2711 inesse
1366 2682 1550 2715 suspicentur.

999 2730 1084 2758 Porro
1110 2731 1172 2757 bilis
1189 2735 1215 2757 ct
1230 2728 1379 2757 acrimimia
1391 2725 1507 2753 orationi
1530 2725 1664 2759 inspersa,
1683 2723 1745 2751 salis

158 2801 163 2815 '
184 2799 336 2832 Joan.vm,
349 2800 393 2827 Η.
429 2800 439 2814 ¹
453 2798 504 2826 Juh
523 2809 548 2830 ν,
568 2800 613 2831 1'5;
628 2800 636 2826 l
652 2800 714 2827 Cor.
731 2808 772 2832 ut,
788 2800 829 2828 19.
865 2800 905 2827 δῖ

961 2813 973 2827 ι.
991 2809 1058 2830 rxv,
1075 2800 1086 2825 1
1105 2807 1164 2834 sqq.
