1954 3079
108 92 160 121 2-19

107 198 188 222 πῖσιν
204 197 322 230 deadd);
339 197 518 224 κοινωνοῦντα
533 197 586 223 τῶν
598 196 670 222 ίδίων
682 196 782 227 καλῶν,
792 196 838 222 τὸν
853 196 898 222 τοῦ

106 241 172 268 Θεοῦ
182 242 326 276 ἄνθρωπον
347 243 427 277 λέγω,
449 243 479 269 τὺ
498 242 547 277 τῆς
563 242 700 273 εὐσεϐείας
716 242 802 276 στόμα
819 242 899 268 Βασί-

106 288 186 319 λειον,
202 288 248 314 τὸν
269 289 298 314 ὲν
313 290 347 324 τῇ
363 288 507 324 περιουσίᾳ
524 288 579 314 τῶν
594 287 785 322 πνευματικῶν
802 288 899 322 θησαυ-

106 333 170 368 ρῶν,
199 334 248 360 καὶ
268 335 308 365 εἰς
336 335 516 369 κακοτέχνους
537 334 625 369 ψυχὰς
647 333 830 366 ἀνεξετάστως
850 333 898 368 τὴν

104 379 182 413 χάριν
192 379 243 413 τῆς
264 380 359 414 coacta;
379 381 519 415 ἐκχέοντα,
543 380 589 406 καὶ
607 380 652 406 τὸν
669 379 814 414 ἀγνώμονα
831 379 898 414 πρὸς

103 424 166 454 τοὺς
181 424 285 458 ἀγαθόν
299 433 326 451 τι
346 427 432 451 ποιεῖν
446 426 526 451 αὑτὸν
544 425 744 457 ἐσπουδακότας
756 425 896 459 Εὐνόμιον.

103 467 187 501 Οὗτος
203 471 259 506 γὰρ
277 470 317 506 τῷ
339 471 534 506 ὑπερϐάλλοντι
554 472 603 506 τῆς
614 471 685 498 κατὰ
706 471 791 506 ψυχὴν
808 472 897 506 ἀρρω-

105 515 190 546 στίας,
221 517 253 551 ἢν
278 517 344 552 περὶ
359 517 408 552 τὴν
431 517 522 544 πίστιν
537 517 696 552 ἠσθένησεν,
715 517 829 547 ἐλεεινὸς
848 517 897 551 μὲν

103 560 205 586 ἄπεισιν
231 561 305 594 ἔξοξε
331 562 388 593 τοῖς
414 562 463 597 τῆς
485 562 647 597 Ἐκκλησίας
680 562 832 596 μετέχουσι.
849 562 897 592 Τίς

102 606 156 641 γὰρ
169 606 256 638 οὕτως
272 607 447 643 ἀσυμπαθὴς,
464 608 501 640 ὼς
514 607 551 643 μὴ
565 608 709 643 οἰκτείρειν
726 608 771 634 τὸν
782 607 896 634 ἀπολλύ-

103 661 200 688 μενον;
235 653 353 680 Ἐκεῖνον
382 653 410 679 δὲ
427 654 506 688 μόνον
521 654 587 689 πρὸς
610 654 659 688 τὴν
672 654 829 688 ἐγχείρησιν
847 653 896 687 τῆς

102 698 253 733 θεραπείας
265 699 374 734 ἐκίνησε
395 699 440 725 τὸν
462 700 541 734 μόνον
555 700 583 726 ἐν
601 699 640 735 τῷ
654 698 836 734 περιττεύοντι
847 699 895 733 τῆς

103 745 320 779 φιλανθρωπίας,
342 747 389 772 καὶ
413 747 468 777 τοῖς
483 746 635 781 ἀμηχάνοις
655 745 808 779 ὲπιτολμῶν
828 745 895 779 πρὸς

103 790 186 821 ἴασιν,
203 790 233 821 ὃς
244 792 276 825 τῇ
288 790 410 826 ἀπωλείᾳ
422 790 469 817 τοῦ
477 791 573 826 ἀνδρὸς
583 791 780 826 περιαλγήσας,
791 791 834 817 διὰ
845 790 894 826 τὴν

101 833 223 867 φυσικὴν
237 833 334 875 ,αὐτοῦ
358 834 427 870 πρὸς
451 834 513 866 τοὺς
530 835 769 870 ταλαιπωροῦντας
789 835 896 870 συμπά-
912 830 933 858 Β

101 878 190 910 θειαν,
205 875 262 905 οἷόν
275 888 303 905 τι
320 879 445 915 πονηρῶν
471 880 642 915 δηλητηρίων
664 880 895 916 ἀλεξιφάρμακον,

100 924 146 949 τὸν
159 924 360 959 ἁνατρεπτικὺν
372 925 421 960 τῆς
429 924 560 960 αἱρέσεως
570 925 648 959 λόγον
660 926 781 961 ἐποίησε,
798 926 898 952 σκοπὸν

100 968 171 1001 ἔχων
192 968 334 996 ἀνασῶσαι
344 969 424 997 πάλιν
441 969 486 996 διὰ
497 969 598 997 τούτων
611 971 658 996 καὶ
674 971 898 1006 ἀποκαταστῆσαι

99 1015 131 1049 τῇ
169 1015 320 1050 Ἐκκλησία
341 1015 388 1042 τὸν
418 1015 569 1051 ἄνθρωπον.

133 1058 172 1086 '0
190 1060 219 1086 δὲ
239 1060 365 1096 καθάπερ
390 1061 440 1087 ὑπὸ
461 1062 610 1097 φρενίτιδος
632 1061 825 1097 παραπληγεὶς
848 1063 897 1098 τὴν

98 1104 234 1137 διάνοιαν,
249 1106 394 1133 ἀντιτείνει
405 1106 443 1141 τῷ
454 1106 641 1142 θεραπεύοντι,
653 1108 701 1134 καὶ
717 1107 839 1143 πολεμεῖ,
851 1109 898 1135 καὶ

87 1150 232 1188 ομάχεται,
245 1152 291 1178 καὶ
301 1152 396 1187 ἐχθρὸν
409 1152 513 1187 νομίζει
533 1153 578 1180 τὸν
592 1153 624 1179 ἐκ
635 1153 683 1179 τοῦ
698 1153 834 1189 βαράθρου
848 1155 898 1190 τῆς

98 1196 232 1228 ἀσώττῑας
245 1197 389 1224 ἀναλαὸεϊν
405 1198 574 1234 βιαζόμενον.
583 1199 637 1225 Καὶ
648 1199 734 1226 ταῦτα
745 1199 794 1235 οὺχ
804 1200 898 1232 ἁπλῶς

98 1243 205 1270 οὑτωσὶ
218 1243 290 1270 κατὰ
300 1243 330 1270 τὸ
342 1244 447 1278 συμϐὰν
462 1245 508 1271 ἐπὶ
523 1245 576 1271 τῶν
589 1246 795 1282 προστυχόντων
805 1255 897 1283 παρα-

99 1288 196 1322 ληρεῖ·
205 1288 264 1314 ἀλλ’
277 1288 414 1323 ἔγγραψον
433 1289 533 1325 στήλην
544 1290 594 1325 τῆς
605 1290 781 1326 μελαγχολίας
796 1293 898 1327 ταύτης

99 1333 161 1361 καθ’
169 1334 270 1361 ἑαυτοῦ
278 1335 456 1370 ἀνεστήσατο”
463 1336 509 1362 καὶ
517 1337 545 1362 ὲν
554 1336 651 1372 μακρῷ
659 1337 698 1372 τῷ
707 1338 793 1374 χρόνῳ
801 1338 898 1373 σχολῆς

98 1378 241 1414 ἰπιτυχὼν
257 1380 360 1414 ὁπόσης
371 1379 506 1413 ἐϐούλετο,
517 1381 587 1416 ὑπὲρ
600 1382 633 1409 τὰ
644 1383 749 1417 μεγάλα
759 1383 806 1410 καὶ
816 1384 897 1410 πολύ-

99 1432 196 1459 σαρκα
207 1425 260 1451 τῶν
278 1424 381 1460 θηρίων
395 1425 470 1451 ὥδινε
487 1426 566 1460 λόγον
580 1426 608 1453 ὲν
621 1428 702 1453 παντὶ
713 1427 751 1463 τῷ
758 1428 802 1455 διὰ
815 1429 896 1463 μέσου

98 1470 202 1504 χρόνῳ·
221 1471 267 1497 καὶ
280 1470 364 1505 βαρὺς
375 1469 409 1504 ἦν
423 1472 482 1503 ταῖς
494 1472 628 1504 ἀπειλαῖς,
642 1474 670 1499 ἐν
681 1473 845 1509 ἀπορρήτοις
856 1475 895 1502 ἔτι

97 1516 278 1544 διαπλὰσσων
290 1517 320 1544 τὺ
336 1517 428 1553 κύημα
443 1526 449 1533 ⁵
462 1518 510 1553 ὀψὲ
520 1518 548 1545 δέ
562 1527 626 1545 ποτε
637 1519 683 1546 καὶ
695 1520 775 1555 μόγις
784 1521 824 1553 εἰς
838 1522 896 1557 φῶς

97 1563 262 1598 προήγαγεν
273 1563 471 1600 ἀμϐλωθριδιόν
488 1572 515 1589 τι
544 1564 592 1591 καὶ
603 1565 817 1602 ἀτελεσφόρητον
832 1568 895 1601 γέν-

97 1617 187 1644 νημα,
210 1609 226 1635 ὃ
247 1609 348 1640 πάντες
367 1609 416 1643 μὲν
441 1610 465 1636 οἱ
481 1610 530 1645 τῆς
551 1610 636 1645 αὐτῆς
658 1614 896 1647 συμμετασχόντες

97 1654 236 1690 διαφορᾶς
260 1654 432 1689 τιθηνοῦνται
466 1655 512 1681 καὶ
534 1655 681 1682 θάλπουσιν
692 1664 700 1670 ·
717 1658 797 1692 ἡμεῖς
810 1658 837 1684 δὲ
853 1658 895 1685 διὰ

98 1700 144 1726 τὸν
157 1700 192 1726 ἐκ
204 1699 254 1734 τῆς
264 1699 434 1734 προφητείας
450 1700 640 1735 μακαρισμόν·
656 1701 806 1736 Μακάριος
825 1702 893 1739 γὰρ,

98 1745 196 1780 φησὶν,
207 1745 243 1778 ὃς
256 1744 409 1779 κρατήσει,
423 1745 471 1772 καὶ
480 1745 597 1780 ἐδαφιεῐ
606 1746 643 1772 τὰ
655 1746 748 1780 νήπιά
758 1755 815 1775 σου
822 1749 896 1782 ape;-

97 1790 159 1825 τὴν
175 1791 289 1824 πέτραν
299 1799 307 1807 ·
323 1790 418 1826 ἐπειδὴ
432 1791 479 1817 καὶ
494 1791 534 1822 εἰς
554 1792 694 1826 ἡμετέρας
709 1792 822 1826 ἀφίκετο
841 1794 895 1828 χεῖ-

100 1845 164 1872 ρας,
177 1836 313 1872 κρατῆσαι
337 1835 368 1863 τὺ
387 1836 483 1871 νήπιον
500 1836 579 1863 τοῦτο
601 1837 690 1870 λόγιον
707 1838 753 1864 καὶ
770 1838 894 1872 ἐδαφίσαι

99 1882 175 1918 πρὸς
193 1882 244 1917 τὴν
257 1881 372 1917 πέτραν,
391 1881 428 1913 ὡς
442 1882 471 1909 ἓν
485 1890 512 1908 τι
526 1882 579 1908 τῶν
599 1882 775 1910 Βαϐυλωνίων
792 1884 894 1911 τέκνων

99 1927 354 1964 προεθυμήθημενθ
375 1927 448 1955 Ἡδὲ
464 1927 556 1961 πέτρα
574 1925 613 1962 ἦν
630 1929 646 1955 ὁ
659 1930 798 1961 Χριστόςί
816 1938 892 1956 τουτ-

99 1972 173 2004 έστι,
184 1972 236 2007 τῆς
247 1972 377 2007 ἀληθείας
402 1973 416 1998 ὁ
436 1972 467 1999 λό
474 1981 515 2006 {ac
528 1980 533 1986 '
554 1973 631 2008 μόνον
649 1973 718 2000 ἔλθοι
733 1975 774 2008 ἐφ’
790 1976 862 2010 ἡμᾶς
877 1977 893 2011 ὴ

100 2018 131 2045 τὸ
147 2019 264 2049 ἀσθενὲς
279 2017 440 2052 ὲνισχύουσα
453 2018 566 2053 δύναμις
580 2019 623 2045 διὰ
642 2019 695 2045 τῶν
707 2020 794 2054 εὐχῶν
807 2021 853 2048 τοῦ
866 2022 895 2047 ἐν

100 2064 233 2100 ἀσθενείᾳ
255 2063 304 2090 τοῦ
328 2062 453 2099 σώματος
474 2064 524 2099 τὴν
547 2064 660 2099 δύναμιν
674 2065 770 2092 ἑαυτοῦ
787 2066 896 2092 τελειώ-

101 2118 212 2140 σαντος.

138 2155 172 2180 Εἰ
191 2154 242 2189 μὲν
260 2151 306 2180 οὖν
321 2154 361 2180 ἔτι
376 2155 422 2181 καὶ
435 2153 481 2180 νῦν
495 2155 512 2189 ή
527 2154 644 2189 θεοειδὴς
654 2155 743 2191 ἐκείνη
772 2156 818 2182 καὶ
832 2157 897 2190 ἁγία

100 2199 177 2234 ψυχὴ
191 2199 238 2226 διὰ
253 2199 355 2234 σαρκὸς
373 2199 477 2234 ὲθεώρα
489 2199 534 2225 τὸν
547 2200 714 2234 ἀνθρώπινον
728 2200 793 2235 βίον,
808 2203 854 2228 καὶ
867 2202 897 2228 τὸ

101 2244 207 2280 (thier!
230 2244 329 2279 στόμα,
343 2245 413 2271 κατὰ
429 2246 479 2279 τὴν
501 2245 529 2277 ἐξ
546 2245 633 2280 ἀρχῆς
657 2246 897 2281 ἀποκληρωθεῖσαν

102 2291 184 2325 χάριν
198 2289 285 2324 αὐτῷ,
310 2290 359 2325 τὴν
379 2289 483 2325 ἄμαχον
503 2290 609 2324 ἐκείνην
637 2291 708 2325 ἠφίει
733 2293 832 2327 φωνήν·
857 2293 898 2324 τίς

102 2335 138 2362 ἂν
153 2336 192 2366 εἰς
203 2334 334 2362 τοσοῦτον
348 2335 534 2371 πεποιθήσεως
543 2334 634 2371 ἦλθεν,
648 2336 717 2363 ὥστε
732 2346 758 2363 τι
772 2338 835 2373 περὶ
849 2338 898 2372 τῆς

102 2381 262 2413 ὕπΟθέσεως
278 2381 381 2416 ταύτης
394 2381 526 2416 τολμῆσαι
543 2382 589 2408 καὶ
605 2381 789 2416 φθέγξασθαι,
811 2384 898 2410 πάντα

101 2427 182 2462 λόγον
199 2427 248 2453 καὶ
263 2427 352 2453 πᾶσαν
370 2427 440 2461 ἠχὴν
455 2428 504 2462 τῆς
527 2427 600 2459 θείας
619 2428 726 2461 ἐκείνης
750 2429 898 2463 σάλπιγγος

103 2471 319 2507 ὑπερηχούσης;
343 2471 420 2497 Ἑπεὶ
434 2471 466 2497 δὲ
483 2472 496 2497 ὁ
520 2472 568 2506 μὲν
604 2472 671 2507 πρὸς
694 2473 759 2498 Θεὸν
775 2473 833 2504 ὅλος
852 2474 898 2499 ἁν-

103 2517 219 2551 ἐπτατο,
237 2517 371 2552 πρότερον
386 2517 434 2552 μὲν
446 2518 473 2543 ἐν
488 2517 569 2553 ὀλίγῳ
581 2518 635 2544 τινὶ
665 2519 710 2544 καὶ
723 2519 847 2545 σκιοειδεῖ
861 2519 899 2553 τῷ

103 2563 226 2597 λειψάνῳ
237 2562 285 2588 τοῦ
304 2561 429 2596 σώματος
443 2562 492 2595 τῆς
513 2562 564 2596 γῆς
589 2563 790 2597 ἐφαπτόμενος,
812 2563 849 2598 τῷ
870 2564 898 2590 δὲ

103 2608 210 2635 πλείονι
230 2607 502 2642 συμμετεωροπορῶν
521 2607 559 2642 τῷ
575 2607 643 2642 Θεῷ·
660 2608 719 2634 νυνὶ
736 2608 763 2634 δὲ
783 2609 829 2635 καὶ
849 2610 898 2644 τὴν

104 2654 187 2680 σκιὰν
202 2653 310 2688 ἐκείνην
319 2652 367 2679 τοῦ
382 2652 507 2687 σώματος
518 2654 665 2688 προσαφεὶς
680 2654 727 2680 καὶ
741 2655 897 2681 καταλιπὼν

103 2699 175 2734 τῷδε
201 2699 242 2734 τῷ
255 2699 316 2734 βίῳ·
337 2699 364 2725 οἱ
377 2698 406 2724 δὲ
421 2699 540 2733 κηφῆνες
559 2699 754 2734 περιϐομϐοῦσι
769 2700 803 2726 τὰ
818 2702 899 2735 impia.

158 2786 248 2814 ’Psal.
266 2791 378 2817 Cum,
401 2786 426 2812 9.
484 2785 514 2811 ⁵1
532 2786 593 2812 (Ima
615 2795 640 2816 κ,
653 2787 679 2813 4,

690 93 830 121 CONTRA
859 92 1053 126 EUNOMIUM,
1073 94 1135 122 LIB.
1157 95 1177 122 1.

143 151 234 178 Ταῦτα
255 153 284 179 δέ
308 161 354 187 μοι
376 153 464 187 λέγειν
478 151 604 187 ἐπῆλθεν,
620 152 797 186 ὲνθυμηθέντι
812 152 856 178 τόν
869 159 898 177 τε
914 155 936 181 Α

1683 98 1736 127 250

987 151 1048 179 lla‘e
1059 152 1121 180 mihi
1130 153 1249 180 dicerciu
1260 157 1373 192 mentem
1383 154 1454 181 venit
1462 154 1587 190 cogitanti
1599 155 1682 186 illum,
1690 157 1734 190 qui

954 197 1023 224 bona
1039 206 1088 225 sua
1109 199 1318 226 cum.omuibus
1338 199 1485 226 liberaliter
1506 201 1734 233 communicabat,

950 243 1082 275 divinum,
1102 243 1224 277 inquam,
1244 243 1390 276 hominem,
1404 244 1500 271 etillud
1514 246 1621 279 pietatis
1638 255 1670 274 os
1684 247 1735 273 Ba-

949 287 1056 315 silium:
1073 289 1119 322 qui
1134 297 1181 322 pro
1201 296 1243 320 ea,
1259 296 1312 322 qua
1331 289 1535 317 circumﬂuebat
1553 291 1734 326 spiritualium

949 332 1139 359 thesaurorum
1153 333 1328 366 abundantia,
1341 334 1368 360 in
1386 335 1481 362 lividas
1494 344 1601 370 quoque
1618 337 1734 370 animas,

949 379 1112 412 promiscue,
1125 380 1237 413 gratiam
1256 379 1395 414 sapientia:
1409 380 1575 415 effundebat,
1588 382 1735 418 ingratum—

948 430 1000 457 que
1020 430 1085 457 erga
1111 422 1181 450 bene
1206 423 1239 449 de
1269 431 1298 450 se
1325 428 1459 451 merentes
1485 424 1658 453 Eunomium.
1685 427 1735 454 llic

947 476 1064 502 namque
1084 468 1256 496 vehementia
1274 468 1449 501 inﬁrmitatis,
1465 478 1517 504 qua
1533 471 1559 497 in
1583 472 1634 499 ﬁde
1659 473 1733 500 labo-

947 515 1033 546 rabat,
1059 514 1186 541 omnibus
1212 514 1375 541 miserabilis
1396 515 1546 542 videbatur.
1573 516 1640 549 Quis
1661 512 1733 546 eniln

947 561 1014 587 adeo
1030 568 1138 587 onmem
1152 560 1277 588 alfcctum
1288 561 1418 591 exuisset,
1433 561 1479 595 qui
1494 569 1547 588 non
1562 562 1735 591 misereretur

946 606 1104 640 pereuntis?
1127 605 1258 632 Basilium
1281 605 1373 633 itidem
1403 606 1460 633 sola
1488 607 1676 635 misericordia
1701 609 1734 636 ad

947 651 1084 678 ferendam
1109 659 1186 685 opem
1202 652 1426 685 eurationemque
1451 652 1658 686 aggrediendam
1685 654 1735 681 im-

946 698 1024 732 pulit,
1047 698 1093 732 qui
1116 705 1147 725 ex
1175 697 1341 725 abundantia
1373 698 1561 730 humanitatis,
1587 700 1736 733 quamlibet

945 744 1096 778 desperatis
1108 744 1226 771 medicas
1239 751 1335 772 manus
1351 744 1495 772 admovere
1507 744 1574 771 nihil
1589 745 1734 778 dubitavit,

945 791 1045 824 quique
1067 790 1179 817 interitu
1202 789 1253 816 viri
1276 789 1381 822 dolens,
1403 789 1438 816 ob
1463 790 1611 817 insitamdu
1637 795 1734 818 natura

947 844 1009 870 erga
1027 835 1202 863 calamitosos
1226 835 1376 863 miserandi
1395 836 1615 870 propensionem,
1633 837 1735 864 oratio—

948 888 1009 908 nem
1025 881 1161 908 hzereseos
1178 879 1374 912 reiutatricem,
1386 887 1436 908 ceu
1447 880 1640 908 veneﬁciorum
1660 883 1732 909 anti-

947 927 1049 959 dotum,
1070 933 1244 961 przesensque
1259 925 1407 953 remedium
1427 925 1589 958 elaboravit,
1610 934 1665 954 non
1681 928 1734 955 alio

948 972 1104 1006 l'lne,quam
1133 976 1162 998 ut
1186 971 1323 998 hominem
1348 974 1458 999 sanaret
1484 976 1663 1007 sauatumque
1683 972 1744 1000 Είξ-Δ

947 1017 1038 1045 etesiae
1053 1018 1220 1044 restitueret.
1603 1021 1606 1023 ‘

983 1063 1033 1090 Ast
1055 1063 1100 1090 ille
1113 1063 1248 1094 similiter,
1263 1070 1295 1089 ac
1311 1063 1334 1089 si
1350 1063 1476 1097 phrenesi
1495 1066 1636 1098 correptus
1651 1067 1733 1095 esset.

945 1107 975 1135 in
986 1108 1120 1136 medicum
1133 1109 1260 1143 insurgit,
1275 1109 1354 1142 eique
1366 1109 1531 1141 obluctatur,
1545 1113 1572 1136 et
1587 1113 1730 1144 repugnat,

948 1153 1071 1181 ethostis
1083 1154 1144 1181 loco
1155 1154 1245 1186 habet,
1254 1153 1299 1188 qui
1310 1154 1384 1180 illum
1396 1162 1427 1181 ex
1442 1154 1590 1189 impietatis
1605 1155 1734 1182 barathro

947 1198 1053 1233 eripere
1063 1199 1224 1230 cena-batur.
1236 1203 1263 1226 et
1276 1199 1302 1225 in
1318 1198 1359 1226 his
1374 1206 1428 1226 non
1442 1199 1734 1234 quomodocunque,et

948 1248 979 1272 ut
991 1251 1052 1272 sors
1062 1251 1198 1279 casusque
1210 1243 1311 1275 ferunt,
1325 1244 1421 1271 delirat
1435 1251 1466 1272 ac
1479 1244 1587 1279 desipit,
1604 1245 1652 1272 scd
1661 1245 1733 1272 litte-

947 1298 1040 1318 rarum
1061 1291 1246 1317 monumentis
1267 1290 1454 1324 eonsignatam
1477 1291 1553 1324 quasi
1576 1290 1732 1317 columnam

949 1336 1063 1364 insaniae
1082 1343 1138 1364 suae
1151 1336 1256 1368 erexit,
1277 1339 1304 1362 et
1321 1336 1405 1362 multo
1420 1339 1541 1370 tempore
1557 1336 1604 1362 otii
1622 1339 1727 1362 tantum

949 1387 1079 1417 quantum
1087 1382 1224 1416 cupiebat,
1232 1385 1339 1412 nactus.
1346 1381 1473 1416 parturiit
1482 1385 1538 1409 toto
1548 1381 1593 1408 illo
1602 1382 1734 1416 temporis

950 1428 1090 1456 intervallo
1101 1428 1210 1459 librum,
1227 1428 1330 1455 diutius
1344 1427 1468 1454 videlicet
1479 1435 1559 1461 quam
1577 1427 1734 1461 elephantes

950 1473 1062 1500 immani
1080 1473 1203 1507 corporis
1219 1472 1289 1499 mole
1303 1472 1424 1499 animant
1446 1480 1510 1499 suos
1527 1472 1614 1505 fetus;
1631 1473 1733 1500 interea

947 1518 1036 1546 minas
1048 1518 1199 1552 jaetitabat,
1208 1517 1389 1552 privatimque
1400 1517 1482 1544 fetum
1497 1525 1576 1544 suum
1592 1517 1692 1552 ﬁngere
1706 1522 1734 1544 et

946 1563 1066 1590 lambere
1074 1570 1129 1590 non
1139 1562 1289 1590 desistebat
1300 1571 1308 1589 τ
1318 1567 1445 1590 caeterum
1455 1570 1528 1592 sero,
1536 1566 1563 1589 et
1573 1562 1615 1588 vix
1626 1561 1733 1589 tandem

946 1609 1092 1643 aliquando
1104 1608 1130 1635 in
1143 1610 1230 1635 lucem
1249 1609 1363 1643 protulit
1377 1608 1531 1635 abortivum
1545 1607 1690 1643 quemdam
1704 1612 1731 1635 ct

946 1655 1026 1689 plane
1034 1654 1220 1689 imperfectum
1231 1658 1349 1688 partum,
1357 1662 1437 1688 quem
1447 1662 1552 1685 omnes,
1560 1653 1676 1688 quicum
1685 1653 1735 1680 Ett-

946 1699 1039 1726 uomio
1056 1699 1189 1731 sentiunt,
1204 1702 1332 1730 tractant,
1347 1699 1483 1725 nutricum
1498 1699 1595 1729 instar,
1605 1698 1731 1725 nutriunt

947 1748 973 1771 et
990 1744 1097 1770 fovent:
1115 1751 1166 1771 nos
1184 1751 1248 1770 vero
1268 1747 1378 1778 propter
1393 1743 1465 1769 illam
1481 1743 1622 1778 Prophetas
1636 1750 1733 1770 voeem

946 1789 1062 1816 dicentis
1073 1798 1078 1815 :
1091 1788 1188 1816 Beatus
1199 1789 1243 1823 qui
1256 1789 1348 1815 tenebit
1359 1793 1382 1814 et
1395 1788 1486 1815 allidet
1498 1789 1622 1823 parvulos
1633 1792 1689 1815 tuos
1701 1789 1735 1814 ad

945 1835 1082 1870 pelram‘;
1097 1843 1157 1862 cum
1173 1835 1200 1861 in
1224 1838 1332 1862 nostras
1357 1842 1465 1869 quoque
1484 1839 1582 1861 manus
1604 1834 1734 1865 vertisset,

945 1880 1176 1916 comprehendere
1205 1879 1378 1914 insipientem
1399 1879 1475 1906 illum
1501 1879 1634 1910 libellum,
1654 1882 1681 1905 et
1701 1879 1733 1904 ad

945 1931 1048 1962 petram
1063 1927 1174 1954 allidere
1185 1926 1259 1953 velut
1269 1925 1370 1960 prolem
1384 1925 1528 1960 quamdam
1543 1924 1734 1960 Babylonicam

946 1973 1125 2005 decrevimus,
1145 1972 1225 1998 Petra
1252 1975 1338 1998 autem
1360 1975 1418 1997 erat
1439 1970 1560 1997 Christus
1573 1970 1594 2002 ‘,
1612 1969 1663 1997 hoc
1682 1975 1733 2000 est,

946 2019 1068 2045 veritatis
1084 2018 1152 2043 ratio
1168 2021 1194 2044 et
1211 2016 1318 2044 oratio:
1337 2021 1440 2042 tantum
1459 2016 1530 2043 adsit
1549 2016 1627 2043 nobis
1646 2016 1734 2042 virtus

946 2064 990 2091 illa
1008 2071 1068 2098 qua}
1088 2063 1288 2090 imbecillitates
1305 2063 1475 2095 corroborat,
1489 2070 1538 2096 per
1555 2070 1649 2097 preces
1663 2062 1733 2096 ejus.

949 2109 995 2144 qui
1013 2109 1039 2136 in
1052 2110 1175 2143 corporis
1187 2108 1343 2135 inﬁrmitate
1354 2109 1406 2135 vim
1420 2108 1555 2143 propriam
1574 2108 1698 2142 perfecit.

911 2141 933 2168 υ
984 2155 1059 2187 Quod
1074 2155 1193 2182 siadhue
1208 2154 1297 2181 divina
1316 2155 1361 2181 illa
1374 2158 1400 2181 et
1419 2159 1512 2181 sancta
1521 2155 1611 2181 anima
1623 2154 1649 2180 iu
1671 2161 1732 2179 cor—

949 2208 1014 2235 pore
1028 2201 1135 2227 mortali
1145 2201 1232 2237 hujus
1251 2201 1318 2227 lucis
1331 2208 1413 2227 usura
1426 2201 1571 2232 frueretur,
1583 2204 1609 2226 et
1625 2199 1733 2234 grandi-

948 2247 1059 2281 loquum
1074 2247 1137 2274 illud
1149 2255 1190 2278 os,
1201 2247 1349 2273 secundum
1360 2246 1450 2272 datam
1463 2246 1514 2273 sibi
1529 2246 1563 2272 ab
1581 2246 1659 2272 initio
1674 2252 1720 2279 gra

949 2293 1164 2325 tiam,invietam
1183 2292 1255 2319 illam
1273 2299 1367 2319 vocem
1381 2292 1521 2318 mitteret:
1541 2291 1603 2325 quis
1623 2298 1656 2317 eo
1669 2297 1736 2316 eon-

950 2339 1069 2366 tidentiae
1083 2339 1275 2373 processisset,
1299 2342 1329 2365 ut
1344 2339 1377 2365 de
1392 2339 1442 2365 hoc
1458 2340 1618 2372 argumento
1632 2337 1734 2370 aliquid

951 2386 992 2412 Vel
1006 2385 1106 2412 mutire
1123 2379 1245 2416 auderet,
1268 2384 1490 2419 quandoquidem
1510 2391 1618 2410 onmem
1633 2382 1734 2409 oratio-

950 2439 1010 2458 nem
1024 2439 1187 2465 omuemque
1203 2438 1313 2457 sensum
1328 2430 1411 2457 verba
1424 2430 1469 2456 illa
1482 2428 1575 2455 divina
1588 2428 1735 2462 superant?

951 2475 1099 2510 Postquam
1118 2483 1184 2502 vero
1205 2475 1314 2501 animus
1330 2474 1423 2501 Basilii
1448 2474 1481 2501 ad
1508 2473 1592 2499 Deum
1618 2472 1735 2499 evolavit

950 2522 1024 2555 (cum
1042 2519 1118 2554 prius
1132 2527 1254 2555 quoque
1270 2519 1296 2545 in
1311 2519 1408 2553 exiguo
1432 2523 1460 2545 et
1474 2517 1548 2545 tenui
1566 2515 1729 2550 corpusculo

951 2565 1020 2592 hanc
1043 2569 1143 2592 terram
1161 2565 1303 2595 incoleret,
1327 2564 1458 2598 majorem
1482 2562 1612 2596 temporis
1633 2564 1734 2595 partem

951 2618 1012 2637 eum
1031 2610 1085 2638 Deo
1099 2611 1124 2637 iu
1141 2611 1257 2638 excelsis
1270 2609 1408 2644 habitans)
1422 2629 1428 2641 ,
1445 2612 1471 2635 et
1484 2615 1558 2635 nunc.
1576 2606 1671 2633 umbra
1691 2605 1735 2631 illa

953 2655 1077 2689 corporis
1106 2656 1212 2688 relicta,
1253 2660 1387 2690 [erratque
1412 2653 1541 2680 mandata
1565 2650 1736 2683 excesserit;

924 2728 928 2731 ,
954 2701 1102 2728 crabrones
1115 2704 1205 2727 autem
1233 2705 1258 2728 et
1277 2701 1332 2727 fuci
1358 2699 1472 2726 necdum
1500 2696 1576 2723 favos
1604 2695 1735 2722 orationis
