1954 3079
227 100 276 128 231

821 97 848 124 S.
870 95 1031 124 GRICGORII
1051 95 1196 123 NYSSENl

1791 97 1845 124 953

229 157 480 188 circumvolitandi,
499 156 642 191 mellisque
655 155 761 191 opiﬁcia
783 157 906 184 vastandi
929 157 1008 184 tinem

1064 157 1105 183 τοῦ
1120 157 1208 190 λόγου,
1226 155 1271 181 καὶ
1287 155 1316 181 τὸ
1334 155 1392 190 μέλι
1405 155 1630 190 διαλυμαίνονται·
1649 155 1741 190 μηδεὶς
1760 157 1845 188 ἔγχει-ι

230 203 343 233 faciant,
359 209 437 229 nemo
451 202 512 235 jure
525 201 646 228 audaciae
669 208 712 229 me
733 201 908 230 insimularit.
937 201 1007 235 quod

230 248 264 275 ad
298 248 428 274 ultionem
460 246 587 280 prodeam
621 247 681 281 ejus
703 247 746 274 cui
769 254 830 273 sese
849 245 1009 273 defendendi

231 293 304 320 nulla
320 291 435 326 amplius
457 291 576 325 suppetit
598 291 724 319 facultas.
747 290 839 326 Neque
863 291 933 318 enim
951 298 1008 317 tua-

229 338 335 373 joribus
349 344 430 371 quam
449 337 539 363 caeteri
556 337 662 364 viribus
684 336 781 367 fretus,
809 337 879 363 hunc
902 336 1010 370 suscepi

231 383 364 414 laborem;
382 381 430 408 sed
447 382 540 416 probe.
561 382 585 409 si
598 383 659 416 quis
680 382 760 413 alios,
774 386 945 416 compertum
967 381 1011 407 ha-

231 428 289 459 bui,
306 427 427 456 infinitos
440 428 566 462 reperiri,
583 429 629 463 qui
643 427 807 455 eruditionis
829 432 854 455 et
870 427 1011 461 sapientia:

231 473 312 500 laude
329 474 355 500 in
373 473 496 500 Ecclesia
517 474 663 501 excellant.
682 472 864 500 Nihilominus
879 480 939 499 cum
955 479 1011 507 pra

231 518 359 545 omnibus
373 518 434 544 aliis
449 518 549 544 mortui
570 517 693 545 fortunas
707 517 738 543 ad
753 525 796 543 me
815 516 951 550 pertinere
966 522 1010 542 aro

230 563 326 594 bitrer,
350 566 407 589 tum
427 566 538 597 propter
551 563 677 597 scriptas,
699 559 759 587 tum
773 567 883 596 propter
900 564 1011 586 natura-

231 609 271 635 les
283 608 356 642 leges
373 617 379 634 :
395 607 456 634 ideo
473 615 522 642 ego
547 614 634 634 meam
659 611 722 633 ante
738 606 807 633 alios
835 607 904 633 hanc
932 606 1009 640 quasi

232 652 431 679 haereditariam
443 652 629 680 defensionem
645 652 711 679 mihi
726 652 872 682 vindicavi.
897 652 1009 679 intimus

231 699 341 733 quidem
353 699 461 725 illorum
474 699 520 733 qui
537 698 562 725 in
581 697 700 725 fidelium
722 705 866 724 numerum
898 698 1010 732 ascripti

232 748 296 770 sunt
312 753 318 771 :
335 749 361 771 at
376 744 431 776 illo,
455 744 502 778 qui
517 744 551 770 ab
573 743 694 770 Ecclesia
709 751 769 770 sese
783 743 902 778 abrupit,
930 747 958 770 et
977 744 1011 770 ad

234 794 324 824 partes
338 789 508 816 atlversarias
532 788 679 821 transtulit,
694 796 862 823 nequaquam
880 788 1003 815 imbecil-

233 835 300 867 lior;
315 842 378 861 nam
394 834 421 861 in
442 841 557 868 corpore
573 842 640 861 sano
655 834 797 860 minimum
818 834 901 860 etiam
924 841 1010 860 mem-
1028 832 1048 859 Β

234 879 311 906 brum
340 883 449 914 propter
469 880 552 906 totius
574 879 806 913 conspirationem
834 879 951 906 validius
971 885 1011 907 est

231 928 259 952 ct
274 924 383 956 fortius,
395 931 476 959 quam
487 929 643 958 corruptutn
658 928 684 951 et
704 924 867 957 abscissum,
887 926 1011 959 quamvis

232 970 284 996 hoc
302 970 400 1004 majus,
418 969 483 996 illud
498 969 534 996 sit
550 970 648 996 minus.

268 1015 368 1042 Nullus
394 1023 457 1042 vero
474 1015 536 1042 dum
553 1015 609 1042 haec
633 1015 694 1042 dico
710 1015 858 1048 existimet,
883 1017 955 1051 quod
970 1024 1013 1044 me

233 1061 377 1096 magnifice
396 1060 540 1093 venditem,
571 1061 780 1096 immaniterque
805 1063 878 1089 velut
901 1063 1012 1098 proprio

233 1106 332 1133 robore
348 1107 471 1141 glorier:
491 1113 578 1141 neque
593 1106 665 1133 enim
685 1114 746 1134 cum
775 1107 885 1135 homine
907 1108 933 1135 in
957 1109 1014 1136 arei

233 1158 296 1177 nam
313 1151 459 1184 descendo,
487 1159 545 1178 eam
571 1152 606 1178 ob
623 1158 746 1185 causam,
776 1156 805 1180 ut
829 1154 1011 1188 eloquentiam

233 1195 432 1230 verborumque
462 1195 588 1222 ﬂosculos
614 1196 729 1230 juvenili
766 1205 842 1224 more
867 1203 1010 1225 ostentem.

232 1240 298 1267 Nam
315 1240 343 1267 in
354 1248 387 1268 eo
401 1241 560 1273 certamine,
575 1249 608 1268 ex
631 1249 685 1276 quo
711 1242 852 1269 victoriam
874 1249 1013 1278 reportare

233 1286 329 1313 inutile
342 1290 369 1313 et
379 1286 580 1314 infructuosum
593 1291 645 1318 est,
657 1288 773 1315 libenter
784 1289 938 1317 volentibus
954 1290 1012 1324 pal—

233 1338 303 1357 mam
317 1330 507 1363 concedimus;
524 1332 672 1365 praesertim
683 1339 744 1359 cum
764 1332 852 1367 ipsum
864 1334 1011 1361 verborum

233 1380 396 1403 sectatorem
426 1380 453 1403 et
478 1383 612 1410 aucupem
637 1385 698 1405 esse
716 1379 782 1405 mihi
801 1379 982 1414 persuadeam
1001 1389 1007 1407 :

233 1422 344 1456 quando
356 1422 476 1449 animum
496 1426 628 1449 converto
642 1423 675 1449 ad
690 1427 807 1458 tempus,
831 1425 903 1458 quod
916 1425 944 1452 in
959 1425 1012 1452 isto

234 1475 285 1494 suo
316 1467 442 1502 dogmate
464 1467 622 1494 exornando
654 1469 793 1495 contrivit.
819 1468 930 1504 Egregie
949 1478 1012 1497 vero

233 1512 360 1539 eumdem
374 1513 400 1539 in
416 1512 467 1539 hoc
484 1511 566 1539 etiam
584 1512 653 1539 libro
668 1513 783 1540 sudasse
805 1514 922 1548 conjicio
936 1524 943 1542 :
955 1519 1011 1542 tum

233 1565 266 1584 ex
282 1557 343 1590 hoc,
361 1558 434 1592 quod
451 1558 477 1584 in
496 1558 547 1584 hac
561 1558 710 1592 scriptione
721 1566 774 1585 non
790 1560 928 1587 minimam
951 1561 1012 1588 vitze

233 1610 290 1630 sum
306 1607 410 1638 partem
440 1604 602 1638 collocavit;
619 1609 674 1631 tum
692 1605 763 1639 quod
780 1609 913 1632 amatores
943 1607 1014 1634 illius

234 1651 286 1677 hoc
303 1651 395 1678 labore
408 1651 468 1685 ejus
486 1651 562 1678 valde
575 1652 713 1679 exsultant
725 1656 752 1679 et
762 1652 944 1680 delectantur.
959 1651 1014 1679 Nec

234 1697 332 1723 mirum
345 1697 483 1728 cstillum,
495 1697 542 1731 qui
558 1697 608 1724 hac
628 1698 655 1725 in
672 1705 699 1725 re
716 1703 755 1725 tot
773 1705 907 1725 annorum
925 1698 1013 1733 olym-

233 1741 329 1776 piadas
347 1743 446 1777 posuit,
475 1743 563 1777 majus
579 1743 660 1769 etiam
685 1743 813 1777 quiddam
837 1743 1012 1778 praestitisse.

235 1795 314 1821 quam
331 1788 446 1819 soleant,
473 1789 519 1822 qui
541 1796 574 1816 ex
603 1794 724 1823 tempore
752 1789 886 1816 scribunt.
914 1788 1012 1815 Verum

234 1832 294 1866 ejus
309 1832 335 1858 in
352 1832 403 1859 hoc
418 1840 499 1868 opere
516 1834 651 1861 tnolieudo
677 1841 781 1861 moram
800 1839 828 1861 et
857 1834 1013 1861 cunctatio-

234 1885 295 1904 nem
309 1878 410 1905 clarius
426 1879 515 1905 adhuc
540 1879 732 1906 demonstrant
752 1879 778 1906 in
794 1879 900 1907 dicendi
914 1880 1014 1914 ‘phalc-
1030 1901 1038 1907 .

235 1923 274 1950 ris
289 1927 316 1949 ct
333 1923 426 1957 figuris
441 1924 634 1958 conquirendis
650 1925 806 1959 ineptitc,et
821 1925 846 1951 in
863 1925 905 1953 his
919 1926 1015 1952 verbo-

235 1975 296 1994 rum
325 1968 470 1996 lenociniis
496 1970 617 1996 studittm
645 1970 724 2003 plane
739 1970 818 1997 inane
834 1974 860 1997 et
885 1978 1014 2005 sttprrva<

235 2022 327 2040 cltum.
344 2014 449 2041 Etenim
470 2022 565 2050 magna
582 2015 812 2042 dictiuncnlarum
835 2017 951 2044 colluvie
968 2025 1015 2051 ap-

235 2063 331 2094 paratu
355 2061 508 2094 repentino,
549 2066 576 2087 et
606 2064 826 2095 extemporaneo,
860 2070 893 2088 ex
922 2062 1015 2088 ncsrio

236 2103 338 2138 quibus
353 2103 430 2132 libris
443 2108 613 2136 coacervata,
642 2105 792 2139 paucisque
816 2113 877 2139 qua:
902 2105 1013 2139 intelligi

1060 204 1140 230 λξίτω
1163 203 1262 236 τόλμαν
1280 201 1340 236 ἐμοὶ
1355 201 1425 237 ὑπὲρ
1448 201 1494 228 τοῦ
1515 201 1644 235 σιγῶντος
1659 201 1792 235 στὸματκ
1807 201 1842 226 δι-

1060 247 1205 274 αναστάντι
1220 247 1285 282 πρὸς
1302 247 1417 282 ἄμυναν.
1432 246 1499 274 Οὐδὲ
1511 246 1565 281 γὰρ
1579 246 1649 281 ὑπὲρ
1667 246 1729 277 τοὺς
1749 246 1846 276 ἄλλους

1063 293 1137 328 ἰσχύν
1150 301 1210 319 τινα
1226 292 1312 325 λόγων
1329 291 1438 327 ἐμαυτῷ
1457 290 1641 325 συνεγνωκὼς,
1660 290 1847 324 κατεδεξάμην

1061 338 1105 363 τὴν
1119 338 1208 364 πόνον·
1226 337 1282 363 ἀλλ’
1300 337 1420 371 ἀκριϐῶς
1435 337 1520 368 εἰδὼς,
1536 337 1612 372 εἴπερ
1626 346 1667 368 τις
1684 336 1788 372 ἔτερος,
1805 337 1846 362 ὅτι

1062 383 1177 417 χιλιάδες
1190 382 1372 418 εὐθηνούντων
1388 383 1457 408 κατὰ
1469 383 1499 408 τὸ
1512 382 1632 417 χάρισμα
1646 383 1694 417 τῆς
1707 382 1804 416 σοφίας
1819 383 1846 407 ἐν

1062 429 1095 462 τῇ
1123 427 1269 462 Ἐκκλησία
1291 426 1480 462 mnemoch
1526 427 1598 461 ὅμως
1622 426 1713 460 ἐπειδὴ
1739 426 1846 451 πάντων

1064 473 1179 508 μάλιστα
1194 472 1340 507 προσήκειν
1359 471 1419 506 ἐμοί
1436 480 1505 506 φημι
1530 471 1574 496 τοῦ
1600 471 1782 505 μεταστάντος
1802 469 1846 496 τὸν

1062 518 1159 553 κλῆρον
1172 517 1216 544 διά
1231 526 1259 543 τε
1279 519 1341 548 τοὺς
1355 516 1577 552 γεγραμμένους,
1595 516 1640 542 καὶ
1656 516 1718 546 τους
1732 516 1783 550 τῆς
1799 515 1846 548 φύ-

1063 571 1131 595 σεως
1145 563 1258 598 νόμους,
1282 562 1376 589 τούτου
1400 562 1479 596 χάριν
1501 561 1581 593 αὐτὸς
1605 561 1672 596 πρὸς
1687 561 1740 587 τῶν
1760 560 1846 588 ἄλλων

1061 607 1212 643 οἰκειοῦμαι
1237 608 1283 642 τὴν
1304 606 1482 642 κληρονομίαν
1496 606 1542 632 τοῦ
1563 606 1652 639 λόγου·
1673 605 1727 631 τῶν
1745 605 1847 639 μὲν-είς

1061 655 1110 690 τὴν
1131 654 1290 689 Ἐκκλησίαν
1305 653 1350 680 τοῦ
1362 653 1430 680 Θεοῦ
1442 652 1638 679 συντελούντων
1651 653 1706 683 τοῖς
1723 651 1848 686 ἐσχάτοις

1063 700 1319 736 συναριθμούμενος·
1329 699 1376 725 τοῦ
1386 699 1414 726 δὲ
1424 699 1611 734 ἀπεῤῥωγὸτος
1619 697 1668 732 τῆς
1686 697 1848 732 Ἐκκλησίας

1062 747 1101 777 είς
1124 745 1267 772 ἀντίπαλον
1290 744 1364 776 τάξιν
1384 744 1434 770 οὐκ
1449 743 1657 778 ἀσθενέστερος·
1681 743 1709 769 ἐν
1731 742 1787 777 γὰρ
1811 742 1849 776 τῷ

1063 791 1208 824 ὑγιαίνοντι
1229 789 1352 825 σώματι,
1369 789 1416 816 καὶ
1436 789 1466 816 τὸ
1480 789 1620 823 ἐλάχιστον
1645 788 1728 823 μέρος
1743 787 1787 814 διὰ
1799 787 1848 821 τῆς

1062 837 1108 864 τοῦ
1124 837 1223 868 παντὸς
1241 836 1391 871 συμπνοίας
1402 856 1409 867 ,
1424 835 1605 871 δυνατώτερον
1627 835 1659 861 ἂν
1676 835 1718 872 εἴη
1744 833 1794 861 τοῦ
1810 834 1849 860 δι-

1062 882 1204 918 εφθορότος
1233 882 1279 908 καὶ
1301 881 1483 917 τετμημένου·
1499 881 1550 908 κᾶν
1563 880 1593 906 τὸ
1606 880 1655 915 μὲν
1670 879 1760 913 πλέον,
1774 879 1806 905 τὺ
1819 879 1848 905 δὲ

1063 930 1169 956 ἔλαττον

1097 1017 1198 1051 Μηδεὶς
1217 1016 1245 1042 δὲ
1264 1016 1510 1051 μεγαλορῤημονεζν
1528 1023 1561 1050 με
1575 1015 1619 1041 διὰ
1633 1016 1734 1043 τούτων
1750 1015 1849 1043 οἰέσθω

1062 1062 1115 1089 τῶν
1128 1062 1222 1096 λόγων.
1240 1062 1277 1092 ὡς
1293 1062 1361 1096 ὑπὲρ
1373 1061 1422 1096 τὴν
1437 1059 1589 1096 προσοῦσαν
1605 1060 1717 1096 δύναμιν
1734 1062 1781 1088 ἐπὶ
1801 1071 1850 1096 μα-

1062 1107 1147 1138 ταίοις
1163 1107 1347 1142 κομπάζοντα.
1370 1106 1407 1133 Οὐ
1424 1106 1479 1141 γὰρ
1499 1106 1686 1142 ἀπειροκάλως
1706 1107 1747 1138 εἰς
1763 1107 1850 1141 λόγων

1063 1153 1187 1188 ἅμιλλαν,
1204 1153 1220 1188 ἦ
1235 1152 1364 1188 ῥημάτων
1387 1152 1525 1184 ἐπίδειξιν,
1541 1151 1714 1186 συγκαθεῖναι
1739 1152 1780 1187 τῷ
1801 1154 1849 1180 ἀν-

1063 1198 1164 1234 θρώπῳ
1179 1198 1246 1233 πρὸς
1260 1197 1424 1234 μειρακιώδη
1440 1197 1499 1224 τινὰ
1515 1198 1667 1232 φιλοτιμίαν
1681 1199 1847 1233 προάγομαι.

1069 1245 1126 1278 Ἐφ’
1140 1241 1176 1271 ὧν
1194 1244 1248 1278 γὰρ
1259 1244 1288 1270 τὸ
1302 1243 1383 1270 πλέον
1398 1243 1471 1279 ἔχειν
1485 1244 1630 1278 ἀνωφελὲς.
1649 1245 1696 1270 καὶ
1709 1245 1847 1280 ἀνόνητον,

1063 1289 1177 1324 ἑτοίμως
1190 1289 1362 1324 ἐκχωροῦμεν
1375 1291 1430 1320 τοῖς
1443 1289 1613 1324 βουλομένοις
1628 1290 1677 1324 τῆς
1690 1291 1779 1325 νίκης·
1793 1299 1852 1317 του-

1063 1336 1119 1361 τονὶ
1140 1335 1168 1360 δὲ
1189 1335 1236 1360 καὶ
1253 1334 1339 1366 ἄλλως
1359 1335 1408 1368 μὲν
1431 1334 1548 1369 τρίϐωνα
1566 1334 1651 1368 λόγων
1666 1332 1736 1362 εἶναι
1752 1336 1850 1370 στοχά-

1063 1381 1154 1416 ζομαι,
1171 1381 1236 1415 πρὸς
1247 1380 1331 1416 αὐτὴν
1347 1379 1453 1414 βλέπων
1463 1380 1512 1415 τὴν
1523 1380 1585 1416 περὶ
1601 1380 1630 1406 τὸ
1642 1381 1730 1416 δόγμα
1740 1381 1848 1417 τριὸήψ

1062 1427 1242 1462 διαφερόντως
1254 1426 1283 1452 δὲ
1300 1427 1363 1461 περὶ
1376 1425 1420 1452 τὸν
1434 1425 1555 1460 παρόντα
1567 1426 1747 1461 πεπονηκέναι
1761 1426 1848 1460 λόγον,

1062 1471 1274 1508 τεκμαιρόμενος
1285 1470 1316 1497 ἔκ
1329 1479 1357 1497 τε
1372 1471 1418 1497 τοῦ
1432 1471 1654 1506 προσαναλῶσθαι
1669 1472 1702 1506 τῇ
1719 1471 1850 1507 λογογρα-

1065 1518 1112 1553 (pta
1130 1517 1215 1552 ταύτῃ
1231 1517 1281 1552 τῆς
1300 1516 1373 1551 ζωῆς
1385 1516 1431 1543 τοῦ
1452 1517 1628 1552 συγγραφέως
1643 1518 1692 1544 οὐκ
1711 1517 1850 1552 ἐλάχιστον

1065 1563 1156 1598 μέρος·
1170 1562 1216 1589 καὶ
1229 1563 1262 1588 ὲκ
1273 1561 1320 1588 τοῦ
1340 1562 1409 1588 κατὰ
1425 1562 1514 1588 πᾶσαν
1529 1562 1678 1597 ὑπερϐολὴν
1701 1563 1765 1594 τοὺς
1788 1564 1850 1597 ἐρα-

1065 1607 1129 1639 στὰς
1141 1607 1222 1634 αὐτοῦ
1238 1607 1294 1639 τοῖς
1309 1607 1505 1642 πεπονημένοις
1513 1607 1689 1641 ἀγάλλεσθαι.
1707 1609 1762 1635 Καὶ
1777 1608 1851 1635 οῦδὲν

1064 1653 1177 1685 ἀπεικὸς
1187 1653 1232 1680 τὸν
1247 1654 1276 1679 ὲν
1289 1652 1433 1685 τοσαύταις
1447 1653 1515 1679 ὲτῶν
1525 1653 1673 1688 ὀλυμπιάσι
1686 1653 1849 1689 πονήσαντα,

1064 1698 1143 1725 πλέον
1156 1708 1180 1725 τι
1193 1698 1247 1724 τῶν
1257 1698 1368 1725 αὐτόθεν
1379 1698 1559 1725 ἐπιϐαλόντων
1577 1699 1849 1734 παρασκευάσασθαι·

1063 1744 1181 1770 δείκνυσι
1206 1744 1235 1770 δὲ
1261 1744 1358 1778 μᾶλλον
1377 1744 1427 1778 τὴν
1450 1744 1577 1778 τοιαύτην
1605 1744 1686 1771 αὑτοῦ
1710 1745 1775 1779 περὶ
1799 1745 1851 1771 τῶν

1064 1788 1150 1823 λόγων
1163 1788 1327 1824 κατατρισὴν
1352 1789 1368 1823 ἡ
1385 1788 1448 1823 περὶ
1463 1788 1497 1814 τὰ
1510 1789 1636 1823 σχήματα
1650 1789 1722 1815 κατὰ
1734 1789 1786 1824 τὴν
1800 1789 1853 1815 τῶν

1067 1833 1200 1868 ῥηθέντων
1215 1834 1349 1869 συνθήκην
1366 1834 1555 1869 ἀπειροκαλία,
1571 1835 1616 1860 καὶ
1633 1835 1663 1860 τὸ
1685 1835 1812 1869 περιττόν
1826 1843 1850 1860 τε

1065 1879 1111 1905 καὶ
1126 1878 1237 1914 μάταιον
1251 1880 1299 1914 τῆς
1312 1879 1374 1914 περὶ
1387 1879 1419 1905 τὰ
1431 1879 1542 1906 τοιαῦτα
1554 1879 1680 1914 σπουδῆς.
1695 1880 1785 1906 Πολῦν
1800 1880 1852 1914 γάρ

1065 1933 1125 1951 τινα
1139 1924 1269 1959 συρφετὸν
1287 1923 1406 1956 λεξιδίων
1425 1924 1454 1956 ἐξ
1470 1924 1598 1957 ὑπογυίου
1626 1925 1808 1959 παρασκευῆς
1822 1925 1852 1950 ἐκ

1065 1978 1143 1995 τινων
1155 1968 1263 2004 βιϐλίων
1280 1969 1483 2003 ἐρανισάμενος.
1500 1969 1544 1994 ἐπ’
1565 1969 1664 2002 ὀλίγοις
1679 1971 1735 2000 τοῖς
1748 1969 1852 2003 νοηθεῖ-

1067 2022 1117 2045 σιν,
1145 2013 1296 2048 ἀμέτρητον
1319 2021 1378 2039 τινα
1403 2012 1518 2046 σωρεῐαν
1545 2014 1675 2048 ῥημάτων
1702 2013 1853 2047 φιλοπόνως

1066 2059 1258 2094 συμφορήσας,
1280 2058 1329 2084 τὸν
1354 2058 1525 2093 πολύκμητον
1551 2058 1644 2085 τοῦτον
1676 2059 1853 2094 ἐξειργάσατο

1066 2103 1155 2133 πόνον,
1170 2103 1199 2129 ὃν
1223 2103 1361 2130 ἐπαινοῦσι
1378 2104 1437 2138 μὲν,
1458 2104 1506 2130 καὶ
1526 2103 1675 2135 τεθήπασιν
1689 2104 1714 2130 οἱ
1734 2104 1852 2139 μαθηταὶ

235 2153 358 2184 possent,
371 2149 475 2176 infinita
488 2149 604 2184 quadam
619 2150 762 2176 verborum
773 2150 899 2184 congerie
921 2151 1012 2177 sedulo

1067 2148 1116 2183 τῆς
1135 2147 1251 2183 ἀπάτης,
1269 2149 1301 2174 ὲκ
1313 2149 1362 2183 τῆς
1377 2149 1440 2184 περὶ
1453 2148 1487 2175 τὰ
1500 2149 1593 2184 καίρια
1607 2149 1676 2183 τάχα
1691 2149 1852 2185 πηρώσεως,

236 2194 430 2230 superiniecta,
445 2202 513 2229 opus
532 2195 583 2221 hoc
599 2195 763 2222 laboriosum
783 2196 926 2230 procudit:
943 2197 1014 2231 quod

235 2240 347 2267 laudant
372 2239 481 2274 quidem
507 2244 533 2266 et
552 2239 722 2266 admirantur
745 2240 872 2275 discipuli
899 2242 1013 2273 erroris,

235 2284 362 2312 fortassis
376 2292 409 2312 ex
424 2284 557 2316 catritate,
578 2292 632 2319 qua
648 2285 676 2312 in
694 2286 776 2313 rectis
798 2286 933 2318 laborant,
960 2287 1016 2322 pri-

234 2330 289 2357 vati
305 2329 432 2357 nimirum
446 2331 519 2356 omni
534 2329 661 2357 facultate
677 2335 750 2358 recta
765 2339 778 2357 a
795 2339 847 2358 non
858 2333 940 2359 rectis
958 2333 1015 2360 dis—

237 2376 386 2408 cernendi;
417 2381 443 2402 at
461 2375 499 2402 illi
518 2376 617 2410 quibus
633 2383 680 2402 cor
703 2376 829 2404 sordibus
847 2377 1015 2405 infidelitatis

235 2421 410 2448 obscuratum
448 2429 501 2447 non
527 2425 577 2452 cst,
604 2421 711 2455 rident;
728 2425 755 2449 et
778 2423 854 2449 nihili
883 2424 1014 2458 pendunt.

235 2465 303 2492 Nam
327 2466 390 2500 quis
415 2466 501 2492 risum
528 2467 676 2499 contineat,
706 2475 767 2494 cum
789 2467 862 2494 videt
892 2470 1014 2502 promitti

235 2511 343 2547 quidem
358 2519 407 2546 pro
418 2512 532 2539 veritate
559 2520 664 2540 omnem
686 2521 779 2540 curam
802 2514 1014 2546 etindustriam,

235 2558 321 2590 ipsam
337 2565 400 2584 vero
424 2557 585 2584 industriam
605 2562 687 2584 totam
704 2559 731 2585 in
751 2560 898 2586 verborum
917 2560 1013 2594 figura-

235 2609 350 2636 rumque
367 2602 475 2636 ineptiis
484 2602 557 2629 nullo
570 2603 752 2630 emolumento
761 2604 822 2638 poni
834 2605 845 2631 ?
856 2604 927 2637 Quid
941 2606 1013 2631 enim

236 2648 366 2674 momenti
383 2647 457 2674 affert
474 2648 507 2675 ad
531 2648 732 2680 refutationem,
764 2655 792 2676 ut
822 2650 880 2684 ipse
905 2650 1013 2683 quidem

236 2693 393 2726 arbitratur,
409 2693 540 2720 doctrina:
561 2698 671 2724 nestrm,
699 2698 725 2721 et
749 2695 1013 2722 commendationem

235 2738 358 2766 veritatis
371 2746 476 2770 eorum,
498 2740 531 2767 de
555 2740 654 2774 quibus
671 2739 828 2773 ambigitur.
849 2740 1015 2766 existimatio

236 2782 356 2816 quani-nu
376 2785 515 2818 peregrina
541 2787 643 2810 orualm
653 2783 1014 2818 schematibuqurou‘ptm

1069 2193 1288 2228 συναφῃρημένοι
1316 2194 1415 2225 παντὸς
1441 2194 1523 2220 καλοῦ
1548 2203 1579 2221 τε
1603 2195 1651 2221 καὶ
1674 2195 1711 2230 μὴ
1732 2195 1852 2222 τοιούτου

1066 2238 1209 2272 διάκρισιν·
1224 2238 1321 2272 γελῶσι
1333 2239 1360 2265 δὲ
1373 2239 1419 2265 καὶ
1431 2239 1488 2266 ἀντ’
1501 2239 1606 2272 οὐδενὸς
1619 2237 1688 2266 εἶναι
1704 2240 1852 2275 κρίνουσιν,

1066 2280 1106 2315 οἷς
1121 2283 1152 2310 τὸ
1165 2283 1313 2319 διορατικὺν
1325 2283 1373 2318 τῆς
1387 2284 1499 2319 καρδίας
1513 2284 1551 2319 τῷ
1566 2285 1643 2319 ῥύπῳ
1653 2285 1704 2319 τῆς
1725 2285 1854 2315 ἀπιστίας

1066 2330 1114 2356 οὐκ
1126 2329 1333 2364 ὲπημαύρωται.
1348 2329 1396 2360 Τίς
1406 2330 1460 2363 γὰρ
1471 2330 1520 2356 οὐκ
1532 2330 1564 2356 ἂν
1574 2331 1685 2361 εἰκότως
1701 2330 1852 2364 γελάσειεν,

1066 2374 1136 2409 ὁρῶν
1149 2374 1197 2409 τὴν
1218 2374 1266 2408 μὲν
1287 2372 1414 2400 ὑπόθεσιν
1435 2373 1484 2408 τῆς
1505 2374 1621 2408 σπουδῆς
1640 2373 1711 2408 ὑπὲρ
1732 2373 1788 2399 τῶν
1806 2374 1853 2407 τῆς

1066 2419 1194 2454 ἀληθείας
1216 2419 1357 2453 δογμάτων
1384 2419 1600 2454 ἐπηγγελμένην,
1634 2419 1720 2453 αὐτὴν
1748 2419 1778 2445 δὲ
1806 2419 1854 2452 τὴν

1067 2464 1192 2499 σπουδὴν,
1213 2465 1253 2495 εἰς
1272 2464 1402 2500 ῥημάτων
1422 2473 1451 2490 τε
1470 2465 1516 2490 καὶ
1539 2464 1685 2499 σχημάτων
1706 2464 1855 2498 ἀπειροκα-

1065 2510 1124 2536 λίαν
1139 2509 1326 2545 ἡσχολημένην
1345 2511 1386 2536 ἐπ’
1407 2510 1494 2536 οὐδενὶ
1519 2510 1725 2545 κατορθώματι;
1753 2510 1785 2536 Τί
1802 2510 1854 2545 γὰρ

1067 2554 1099 2580 ἂν
1120 2555 1166 2580 καὶ
1181 2554 1279 2589 μᾶλλον
1292 2555 1504 2588 συναγωνίσαιτο
1518 2555 1583 2590 πρὸς
1600 2555 1710 2589 ἔλεγχον
1724 2554 1774 2590 μὲν
1791 2555 1852 2585 τῶν,

1067 2599 1104 2631 ὡς
1115 2600 1193 2630 αὐτὸς
1204 2601 1297 2633 οἴεται,
1309 2601 1367 2635 εῐρη
1373 2601 1468 2635 μένων,
1485 2601 1612 2627 σύστασιν
1624 2601 1652 2627 δὲ
1666 2601 1716 2635 τῆς
1727 2600 1854 2635 ἀληθείαις

1064 2645 1118 2671 τῶν
1134 2645 1305 2680 ζητουμένων
1324 2646 1429 2672 ἐπίνοιὰ
1441 2654 1482 2677 τις
1495 2646 1548 2672 τῶν
1562 2647 1590 2672 ἐν
1605 2645 1644 2680 τῷ
1660 2645 1732 2681 λόγῳ
1748 2645 1854 2680 σχημά-

1065 2699 1118 2716 των
1129 2691 1281 2722 ἀλλόκοτος.
1294 2691 1340 2717 καὶ
1354 2691 1477 2724 σύνταξις
1489 2692 1676 2726 καινοπρεπής
1687 2700 1718 2718 τε
1732 2692 1781 2718 καὶ
1794 2691 1855 2717 ἰδιά-

1066 2736 1148 2767 ζουσα
1159 2756 1165 2767 ,
1189 2737 1235 2762 καὶ
1253 2736 1330 2770 ὗὸρις
1355 2736 1557 2771 σπουδαζομένη
1569 2757 1575 2768 ,
1593 2737 1640 2762 καὶ
1657 2736 1760 2771 σπουδὴ
1775 2736 1854 2763 πάλιν

1067 2782 1228 2816 ’δθριξθμένη
1241 2802 1246 2812 ,
1261 2783 1319 2808 κατ’
1332 2782 1423 2809 οὐδένα
1433 2782 1510 2816 ζῆλον
1526 2783 1577 2809 τῶν
1596 2782 1799 2817 προειληφότων
1808 2781 1852 2806 ὲκ-
