1954 3079
101 121 146 149 253

643 113 782 142 CONTRA
810 111 1009 146 EUNOMIUM,
1039 112 1102 140 LIB.
1123 112 1144 139 l.

1675 113 1706 141 ιι

102 176 301 214 πονηθεῖσα;οὑ
322 176 375 211 γὰρ
400 175 431 201 ἂν
447 173 503 209 ἕχοι
524 183 564 205 τις
586 174 705 209 ἐξευρεῖν
725 174 792 208 πρὸς
814 174 874 200 τίνα

930 172 1072 203 orationis,
1086 175 1113 199 et
1140 171 1304 214 compositio
1319 179 1388 198 nova
1410 175 1436 199 et
1454 171 1592 203 inusitata,
1623 176 1649 199 et
1663 173 1706 199 in-
1731 190 1735 195 .

103 223 193 260 βλέπων
206 221 257 247 τῶν
269 221 313 246 ἐπὶ
322 220 393 254 λόγῳ
405 219 621 255 γνωριζομένων,
633 219 728 245 ἑαυτὸν
739 221 778 251 εἰς
794 219 873 246 τοῦτο

103 269 248 304 προήγαγεν,
270 266 364 301 ὥσπερ
387 274 427 297 τις
457 265 511 291 τῶν
535 265 581 291 ἐπὶ
607 265 708 300 σκηνῆς
737 265 872 300 θαυματο-

103 314 231 342 ποιούντων
246 313 289 339 διὰ
307 311 492 348 παραλλήλων,
513 311 558 338 καὶ
576 310 721 342 ίσοκώλων,
740 310 873 346 δμοιοφώ-

101 369 145 388 νων
157 368 183 386 τε
196 359 241 385 καὶ
254 357 508 392 ὁμοιοκαταλήκτων
520 357 660 392 ῥημάτων,
674 353 729 382 οἶόν
742 365 796 382 τισι
811 365 872 391 κρο-

101 407 177 437 τάλοις
191 405 228 439 τῷ
243 404 296 430 τῶν
320 403 438 436 λεξιδίων
462 402 557 438 ῥυθμῷ
582 402 803 437 διακυμόαλίζων
828 402 873 428 τὸν

101 453 175 486 λόγον.
196 450 312 476 Τοιαῦτα
331 449 386 484 γάρ
409 450 465 475 ἐστι
492 448 559 483 μετὰ
581 448 685 474 πολλῶν
701 448 811 483 ἑτέρων,
828 448 874 474 καὶ

100 497 128 524 τὰ
154 497 178 522 έν
196 495 345 530 προοιμίοις
376 493 458 520 αὑτοῦ
486 493 668 528 τερετίσματα
695 493 728 519 τὰ
751 492 872 527 βλακώδη

100 540 188 572 ταῦτα,
207 539 254 565 καὶ
275 538 523 574 παρατεθρυμμένα
541 537 688 569 σωτάδεια,
706 537 723 563 ὃ.
744 545 787 572 μοι
802 537 875 562 δοκεῖ

100 587 157 621 τάχα
175 584 238 620 μηδὲ
254 584 380 620 ὴρεμαίῳ
397 584 522 616 διεξιέναι
537 583 575 619 τῷ
592 584 720 619 σχήματι,
731 583 792 618 ἀλλ’
809 583 874 609 ὐπο-

100 631 189 666 κροτῶν
203 631 240 666 τῷ
261 631 339 662 ποδὶ,
358 630 404 656 καὶ
417 629 555 664 ὲπιψοφῶν
570 631 625 660 τοῖς
645 629 782 660 δακτύλοις
797 629 874 662 λιγυ-

102 677 145 712 ρῶς
157 676 208 711 ἅμα
224 676 291 711 πρὸς
303 675 348 702 τὸν
362 675 463 711 ῥυθμὸν
477 674 697 709 ἐπιφθέγγεσθαι,
717 675 763 701 καὶ
773 674 871 708 λέγειν,

100 722 125 748 τὸ
136 722 177 747 καὶ
192 720 273 756 μηδὲν
289 720 329 747 ἔτι
352 720 468 755 δεήσειν,
487 720 555 754 μήτε
572 719 658 753 λόγων
675 719 785 755 ἐτέρων,
804 720 871 755 μήτε

101 767 175 793 πόνων
188 766 329 800 δευτέρων.

920 218 994 254 juria
1027 217 1170 250 affectata;
1202 221 1229 244 et
1262 208 1357 246 r‘ursus
1395 217 1531 245 affectatio
1564 217 1705 251 injuriosa.

923 264 999 291 nullo
1015 263 1164 294 desiderio,
1186 271 1218 290 ea
1232 271 1292 298 quae
1313 264 1451 298 proposita
1470 263 1588 296 fuerant,
1615 272 1707 298 perse-

924 309 1024 344 quendi
1049 309 1207 336 elaborata?
1226 308 1303 335 "and
1325 310 1396 336 enim
1410 309 1488 336 facile
1511 309 1574 344 quis
1597 309 1705 337 dixerit.

923 355 1066 390 cujusnam
1080 363 1113 382 ex
1127 354 1318 389 eloquentibus
1328 356 1440 390 vestigia
1455 356 1591 388 imitatus,
1601 363 1633 382 eo
1645 363 1707 390 pro-

924 402 1049 434 cesserit,
1063 405 1092 428 ut
1111 402 1194 428 veluti
1216 402 1342 429 scenicus
1359 402 1494 437 quispiam
1519 406 1707 437 portentorum

925 450 952 473 et
966 445 1132 473 mirabilium
1148 445 1270 476 effector.
1284 447 1434 474 orationem
1466 448 1600 482 oppositis
1620 448 1709 474 isoco-

925 491 968 523 lis,
982 499 1029 518 seu
1046 492 1157 526 paribus
1171 492 1305 518 membris
1334 496 1359 519 et
1384 492 1509 519 similiter
1538 493 1708 522 cadentibus.

925 540 1055 571 tanquam
1072 537 1248 571 Crepitaculis
1275 537 1439 571 quibusdam
1466 538 1625 565 vocularum
1642 547 1709 566 con—

926 582 1058 610 cinnitate
1075 583 1242 610 distinxerit.
1259 583 1420 618 Cujusmodi
1435 588 1534 618 prmtcr
1551 585 1633 611 multa
1644 586 1708 618 alia,

926 628 972 655 illa
989 628 1083 656 itidem
1099 632 1173 660 sunt,
1193 637 1253 663 qua:
1265 630 1356 656 statim
1376 629 1403 656 in
1419 630 1530 657 exordio
1550 636 1707 663 occurrunt,

927 674 1093 700 teretismata
1116 678 1143 701 et
1161 674 1320 708 crepundia,
1351 676 1443 701 tnollia
1474 679 1502 702 et
1519 676 1620 702 lasciva
1641 681 1710 703 sota-

926 718 988 751 dea,
1011 727 1071 754 qua:
1086 728 1145 747 mea
1173 720 1282 754 quidem
1307 721 1443 748 sententia
1469 721 1514 748 ille
1534 729 1568 748 ne
1594 722 1710 748 recitare

925 764 1033 799 quidem
1064 773 1145 800 posse
1175 766 1283 794 videtur
1313 767 1391 794 ﬁrmo
1419 771 1446 793 et
1472 767 1564 802 qttieto
1587 768 1710 803 corporis

100 818 170 846 statu,
202 813 248 840 sed
280 813 376 847 pedum
406 813 531 847 strepitu,
566 819 751 846 manuumque
775 812 871 846 plausu
890 816 952 846 apte
966 813 1072 840 scilicet
1087 813 1121 840 ad
1139 821 1293 847 numerum,
1315 813 1415 841 additis
1433 814 1498 847 illis,
1532 814 1609 841 nullo
1651 822 1708 841 am-

99 860 159 895 plius
167 866 233 894 opus
244 866 318 889 esse,
343 865 430 892 neque
443 857 505 884 aliis
520 857 704 889 orationibus,
729 865 817 891 neque
828 857 903 884 euris
917 857 1058 884 secundis.
1535 886 1541 891 _

133 905 171 930 Ἐν
192 903 297 934 τούτοις
318 903 415 935 τοίνυν,
442 903 489 929 καὶ
512 904 569 934 τοῖς
594 902 722 934 τοιούτοις
738 903 768 929 τὸ
794 903 873 929 πλέον

959 903 988 930 ln
1001 903 1043 930 his
1062 903 1144 939 igitur
1158 908 1184 931 et
1198 904 1333 931 similibus
1358 905 1473 931 libenter
1490 905 1514 932 ei
1529 907 1631 939 primas
1646 913 1711 932 con-

99 949 159 985 ἔχειν
172 949 248 975 αὐτὸν
263 949 454 983 συγχωρήσας,
469 948 515 974 καὶ
530 948 601 974 κατὰ
611 947 733 980 ἐξουσίαν
746 948 873 982 ἐμφορεῖ-

99 995 150 1021 σθαι
161 994 208 1029 τῆς
221 994 311 1029 νίκης,
330 994 419 1020 πᾶσαν
432 993 481 1029 τὴν
494 993 559 1029 περὶ
572 993 657 1019 ταῦτα
675 993 792 1028 σπουδὴν
805 992 875 1019 ἑκὼν

98 1040 283 1076 ὑπερθήσομαι,
297 1039 335 1071 ὡς
358 1039 447 1074 μόνοις
463 1040 519 1077 τοῖς
539 1039 607 1074 πρὸς
625 1039 779 1074 φιλοτιμίαν
792 1039 875 1074 ὁρῶσι

98 1086 275 1121 προσήκουσαν
284 1103 293 1115 ,
307 1085 337 1111 εῐ
349 1085 381 1118 γέ
397 1093 456 1111 τινα
480 1085 557 1119 φέρει
572 1085 725 1119 φιλοτιμίαν
739 1084 806 1116 ὅλως
821 1086 876 1116 τοῖς

97 1131 212 1162 τοιούτοις
224 1130 278 1157 τῶν
289 1131 376 1164 λόγων
389 1130 637 1166 ὲνδίαθρύπτεσθαι·
652 1131 713 1157 ἐπεὶ
724 1131 769 1158 καὶ
785 1132 799 1157 ὁ
812 1133 877 1166 γνή-

98 1185 146 1208 σιος
163 1176 300 1211 ὑπηρέτης
325 1176 372 1202 τοῦ
394 1176 473 1210 λόγου
495 1176 610 1208 Παῦλος,
628 1176 694 1212 μόνῃ
716 1178 749 1212 τῇ
765 1177 877 1212 ἀληθείᾳ

97 1223 268 1258 κοσμούμενος
278 1243 287 1256 ,
302 1223 383 1254 αὑτός
397 1231 427 1249 τε
443 1224 502 1254 ταῖς
516 1223 653 1254 τοιαύταις
668 1223 813 1255 ποικιλίαις
833 1224 876 1250 αἱ·

97 1269 168 1305 σχρὸν
178 1268 245 1304 ᾤετο
254 1268 505 1304 κατασχηματίζειν
513 1269 558 1295 τὸν
570 1269 657 1304 λόγον,
668 1270 714 1296 καὶ
724 1269 799 1304 ἡμᾶς
810 1270 877 1305 πρὸς

97 1314 138 1350 τὴν
150 1315 275 1349 ἀλήθειαν
287 1315 374 1350 μόνην
399 1315 505 1350 ἀφορᾷν
520 1315 700 1347 ἐξεπαίδευσέ,
719 1315 808 1346 καλῶς
831 1316 877 1342 καὶ

98 1360 278 1396 προσηκόντως
295 1360 375 1387 τοῦτο
388 1360 549 1396 νομοθετῶν.
566 1361 599 1387 Τί
612 1360 667 1395 γὰρ
682 1360 734 1396 χρὴ
745 1361 795 1396 τὴν
811 1369 877 1396 κομ-

100 1407 208 1441 μωτικὴν
221 1406 383 1442 περιεργίαν
394 1407 434 1438 εἰς
446 1407 495 1442 τὴν
508 1407 555 1434 τοῦ
568 1406 643 1434 νόθου
657 1407 703 1433 καὶ
717 1407 878 1442 σεσοφισμέ-

98 1461 136 1478 νου
157 1452 270 1484 κάλλους
288 1452 442 1479 συντέλειαν
467 1452 644 1488 ἐπισύρεσθαι
663 1453 709 1479 τὺν
727 1453 766 1488 τῷ
784 1452 878 1487 κόσμῳ

97 1497 140 1531 τῆς
151 1497 276 1533 ἀληθείας
299 1497 503 1533 ὼραῖζόμενονς
525 1495 574 1530 Οἷς
593 1499 642 1533 μὲν
664 1499 718 1534 γὰρ
736 1499 847 1526 ἄπεστιν
860 1500 876 1533 ἡ

97 1542 209 1578 ἀλήθεια,
224 1544 363 1579 χρήσιμον
376 1543 440 1576 ἴσως
454 1544 498 1571 διὰ
508 1545 558 1579 τῆς
574 1545 628 1571 τῶν
640 1545 769 1580 ῥημάτων
785 1546 878 1580 ἡδονῆς

97 1589 309 1624 ὑποφαρμάττειν
324 1590 354 1615 τὸ
369 1589 474 1623 ψεῦδος,
492 1587 548 1617 οἷόν
571 1599 596 1617 τι
614 1591 710 1625 φύκιον
724 1591 773 1626 τὴν
787 1591 878 1618 τοιαύ-

95 1642 139 1669 την
159 1636 319 1670 περιεργίαν
354 1635 570 1671 ἐνδιατρίϐοντας
589 1636 626 1672 τῷ
650 1637 802 1672 χαρακτῆρι
832 1637 878 1663 τοῦ

96 1679 175 1713 λόγου.
191 1680 270 1707 Οὕτω
286 1681 343 1716 γὰρ
357 1681 389 1707 ἂν
405 1682 506 1716 πιοανή
524 1691 552 1708 τε
576 1684 622 1709 καὶ
645 1683 846 1718 εὐπαρὰδεκτος
862 1685 878 1718 ή

98 1725 179 1761 ἀπάτη
203 1728 258 1757 τοῖς
277 1727 408 1753 ἀκούουσι
431 1728 535 1761 γένοιτο
555 1729 809 1764 κατεγνωρισμένη.
836 1730 881 1756 καὶ

98 1771 304 1807 περιηνθισμένη
326 1775 386 1805 ταῖς
401 1774 540 1806 τοιαύταις
558 1774 605 1800 τοῦ
631 1774 709 1808 λόγου
727 1775 879 1809 κομψείαις.

100 1815 174 1843 Ὅταν
189 1816 216 1843 δὲ
233 1816 345 1854 καθαρά
366 1817 412 1844 καὶ
425 1818 527 1852 ἀμιγὴς
545 1818 644 1850 παντὸς
658 1818 765 1854 δολεροῦ
779 1828 882 1854 προκα-

98 1861 227 1898 λύμματος
242 1863 431 1897 σπουδάζηταί
441 1872 511 1890 τισιν
532 1865 548 1899 ἡ
570 1864 692 1899 ἀλήθεια,
709 1864 812 1892 οἴκοθεν
832 1866 880 1892 επ-

98 1908 239 1943 αστράπτει
254 1910 311 1940 τοῖς
325 1909 484 1944 λεγομένοις
499 1910 528 1936 τὸ
544 1909 650 1941 κάλλος.

126 1996 233 2023 Μέλλων
253 1997 282 2023 δὲ
307 1997 356 2032 ἢδη
383 1997 433 2032 τῆς
451 1998 598 2029 ἐξετάσεως
618 1998 749 2024 ἅπτεσθαι
771 1999 825 2025 τῶν
841 2000 878 2025 εί-

98 2041 224 2076 ρημένων,
242 2043 396 2077 ἀμηχανεῖν
417 2051 461 2077 μοι
486 2043 557 2069 δοκῶ
582 2043 706 2079 καθάπερ
724 2044 752 2069 ὲν
767 2044 882 2079 νηνεμίᾳ⁴

95 2094 132 2118 τις
143 2087 275 2122 γεωργδς,
294 2088 345 2114 οὐκ
360 2088 429 2123 ἔχων
440 2089 513 2120 ὅπως
527 2088 696 2124 διακρίναιμι
708 2089 753 2115 τὸν
767 2090 880 2124 καρπον,

96 2133 138 2159 καὶ
158 2133 187 2160 τὸ
206 2134 321 2169 ἄχυρον·
347 2134 474 2161 τοσοῦτον
497 2136 526 2161 ὲν
543 2134 581 2169 τῷ
605 2134 807 2170 Θημῶνιτούτῳ
829 2135 882 2161 τῶν

96 2176 172 2210 λόγων
196 2179 228 2204 τὸ
244 2178 373 2214 περιττόν
388 2187 417 2205 τε
440 2180 487 2206 καὶ
503 2180 640 2215 ἀχυρῶδές
654 2181 738 2213 ἐστιν,
750 2181 788 2212 ὡς
800 2181 882 2215 ἐγγὺς

95 2219 157 2249 εἶναι
170 2223 215 2250 τοῦ
238 2223 365 2259 μηδὸλως
379 2224 497 2258 νομίζειν
517 2225 546 2251 ὲν
571 2226 638 2252 πᾶσι
653 2227 710 2257 τοῖς
729 2226 881 2261 εἰρημένοις

96 2268 136 2293 ὑπ’
146 2269 237 2301 αὐτοῦ,
251 2270 423 2304 πραγμάτων
430 2265 498 2294 εἷναί
507 2270 593 2306 τιναῆ
609 2271 750 2305 νοημάτων
766 2271 883 2297 ὑπόστα-

97 2321 142 2340 σιν.
162 2313 198 2339 Τὸ
218 2313 275 2350 γὰρ
301 2314 384 2340 πᾶσιν
406 2313 505 2349 ἐφεξῆς
528 2315 583 2346 τοῖς
605 2315 806 2350 γεγραμμένοις
832 2317 881 2342 ἐπ-

95 2357 197 2390 εξιέναι,
217 2358 337 2394 μάταιόν
351 2367 380 2385 τε
396 2360 453 2394 ἅμα
466 2359 533 2395 πρὸς
555 2360 605 2396 τὴν
616 2360 741 2395 σπουδὴν,
757 2361 804 2387 καὶ
820 2361 880 2387 Eri

95 2411 177 2434 πονον,
197 2404 246 2431 καὶ
261 2404 324 2430 οὐδὲ
339 2404 485 2440 συμϐαῖνον
495 2406 579 2441 κρίνω
590 2406 627 2441 τῷ
639 2407 763 2441 ἡμετέρῳ
775 2407 877 2441 σκοπῷ.

95 2448 157 2475 Οὔτε
172 2450 225 2485 γὰρ
241 2450 372 2478 τοσοῦτον
389 2451 527 2486 περίεστιν
545 2452 609 2486 ἡμῖν
626 2452 674 2486 τῆς
697 2453 792 2488 σχολῆς
806 2452 879 2488 ἔχειν

95 2494 150 2521 κατ’
164 2495 294 2528 ἐξουσίαν
307 2496 475 2531 ὲνευκαιρεῖν
491 2498 548 2528 τοῖς
566 2498 699 2532 ματαίοις
721 2497 768 2524 καὶ
797 2506 877 2533 προσν

95 2540 168 2574 ήκειν
178 2539 258 2576 οἶμαι
272 2541 320 2568 τὸν
333 2541 443 2576 δόκιμον
459 2543 588 2578 ἐργάτην,
604 2543 640 2578 μὴ
656 2544 718 2579 περὶ
732 2543 764 2570 τὰ
779 2543 879 2578 μάταια

95 2587 263 2622 κατατρίϐειν
289 2587 340 2622 τὴν
364 2587 488 2622 δύναμιν,
513 2589 569 2615 ἀλλ’
594 2590 622 2615 ὲν
639 2587 707 2620 οἶςὸ
734 2590 813 2621 πόνος
835 2590 880 2616 τὸν

95 2631 192 2665 καρπὸν
212 2631 433 2667 ὁμολογούμενον
452 2633 517 2668 ἔχει.

128 2677 194 2703 Ὅσα
205 2677 299 2704 τοίνυν
312 2677 392 2710 εὐθὺς
405 2679 433 2704 ἐν
445 2679 596 2719 προοιμίοις
610 2680 804 2715 ἀποσεμνύνων
818 2682 881 2708 ἑαυ-

94 2722 135 2747 τὸν
151 2723 187 2754 ὡς
199 2722 335 2757 ἀληθείας
352 2724 507 2758 προστάτην
523 2724 560 2759 τῷ
580 2725 628 2759 τῆς
648 2725 774 2757 ἀπιστίας
786 2726 880 2752 ὀνείδει

95 2767 143 2794 τῶν
157 2768 398 2802 ἀντιτεταγμένων
413 2769 588 2801 καθάπτεται,
607 2769 693 2804 λέγων
714 2771 830 2805 ἓμμονόν
855 2779 880 2797 τι

95 2814 137 2839 καὶ
159 2814 339 2841 δυσέκνιπτον
357 2814 459 2851 αὐτοῖς,
476 2815 646 2849 ἐντετηκέναι
664 2816 693 2840 tl:
711 2817 798 2848 μῖσος.
826 2816 879 2842 Καὶ

926 949 992 976 cedo
1013 949 1179 984 victoriaque
1203 951 1280 984 plene
1298 950 1352 977 frui
1376 957 1452 985 requa
1483 954 1573 978 tuente
1601 951 1709 985 patior;

927 995 1051 1030 neglecto
1073 995 1145 1023 enitn
1155 996 1229 1023 circa
1242 1004 1285 1023 res
1296 996 1452 1031 liujusmodi
1471 996 1642 1023 accuratiore
1653 1001 1710 1024 stu-

927 1040 972 1068 dio
986 1045 1116 1076 tauquam
1132 1041 1186 1069 illis
1198 1045 1370 1076 competente
1389 1042 1434 1076 qui
1450 1042 1539 1069 omnia
1559 1042 1591 1069 ad
1604 1042 1710 1069 laudem

927 1087 1066 1122 propriam
1085 1087 1218 1121 referunt,
1236 1088 1259 1114 si
1285 1095 1367 1122 quam
1394 1091 1487 1115 tamen
1509 1088 1616 1115 laudem
1639 1088 1710 1123 parit

926 1133 953 1158 in
968 1132 1014 1158 tali
1028 1132 1161 1160 orationis
1178 1140 1276 1167 genere
1291 1132 1413 1160 studiose
1431 1133 1619 1163 versari.cum
1629 1140 1711 1160 verus
1745 1131 1748 1134 ’

927 1182 954 1204 et
969 1185 1116 1212 germanus
1143 1178 1277 1205 sermonis
1297 1178 1458 1206 adtninister
1483 1178 1514 1204 D.
1541 1177 1642 1206 Paulus
1654 1179 1711 1205 sola

927 1223 1042 1251 veritate
1058 1223 1200 1258 speciosus
1216 1229 1294 1259 turpe
1303 1225 1442 1252 censuerit
1463 1224 1623 1259 hujusmodi
1637 1225 1712 1251 leno-

928 1268 1006 1296 ciniis
1019 1269 1171 1296 orationem
1188 1270 1305 1302 variare,
1324 1278 1430 1304 nosque
1448 1271 1480 1296 ad
1502 1270 1588 1297 solam
1608 1269 1710 1296 verita—

929 1318 980 1340 tem
992 1313 1126 1348 respicere
1136 1313 1279 1347 docuerit;
1298 1317 1369 1340 rccte
1379 1318 1405 1341 et
1418 1314 1611 1340 convenienter
1622 1313 1712 1340 istlioc

930 1351 1067 1385 sanciens.
1082 1358 1151 1391 Quid
1167 1359 1241 1386 enim
1257 1359 1352 1386 attinet
1364 1358 1551 1386 curiositatem
1567 1359 1640 1385 illam
1652 1365 1712 1384 ora-

928 1403 1022 1435 tionis,
1035 1411 1094 1439 quae
1108 1405 1134 1431 in
1147 1404 1254 1432 crebris
1268 1403 1372 1431 incissis
1380 1405 1558 1431 etcommatis
1577 1405 1713 1436 consislit,

930 1449 962 1476 ad
977 1449 1052 1476 falsa:
1069 1454 1096 1477 et
1121 1449 1220 1477 fucatae
1245 1450 1458 1485 pulchritudinis
1484 1451 1713 1484 complementum

929 1495 1072 1523 corradere
1092 1495 1168 1522 illum
1191 1495 1238 1530 qui
1259 1501 1359 1522 ornatu
1380 1495 1505 1522 veritatis
1527 1495 1715 1530 splendescit?

932 1541 979 1569 llis
996 1542 1067 1569 enirn
1083 1549 1152 1576 quos
1166 1542 1267 1569 veritas
1281 1541 1384 1569 deserit
1403 1541 1469 1568 utile
1486 1541 1613 1568 fortassis
1634 1541 1715 1568 fuerit

892 1587 913 1614 (Ζ
930 1587 1019 1614 velare
1045 1587 1216 1614 mendacium
1238 1587 1387 1614 verborum
1414 1590 1568 1618 venustate,
1591 1586 1714 1621 inspersa

931 1632 1089 1666 hujusmodi
1111 1633 1185 1659 inani
1207 1637 1233 1659 et
1257 1631 1395 1667 superﬂua
1419 1632 1561 1667 diligentia
1586 1632 1714 1662 orationi.

932 1680 1061 1712 tanquam
1078 1678 1140 1706 fuco
1154 1678 1282 1714 quodam.
1309 1677 1376 1705 Nam
1394 1679 1445 1705 hoc
1463 1683 1544 1713 pacto
1564 1685 1642 1704 error
1653 1685 1708 1712 pro-

931 1723 1041 1755 babilis,
1058 1728 1084 1750 et
1102 1724 1200 1758 dignus
1219 1723 1415 1758 approbatione
1431 1723 1606 1749 auditoribus
1628 1723 1715 1749 videri

932 1774 1032 1805 potest,
1047 1773 1141 1804 utpote
1156 1773 1244 1797 tectus
1256 1774 1283 1796 et
1301 1769 1441 1796 nitescens
1453 1769 1554 1795 talibus
1568 1769 1715 1796 verborum

932 1815 1111 1842 ornamentis.
1128 1815 1162 1842 At
1182 1815 1292 1850 quando
1303 1815 1365 1849 quis
1388 1815 1475 1848 ipsam
1493 1815 1636 1841 veritatem
1663 1822 1714 1849 pu-

932 1868 991 1887 ram
1016 1864 1042 1887 et
1068 1861 1169 1887 nullius
1193 1861 1300 1888 externi
1318 1859 1482 1888 admistione
1502 1860 1715 1887 contaminatam

933 1907 1064 1936 sectatur,
1083 1905 1174 1931 nativa
1188 1905 1306 1939 quadam
1320 1904 1525 1940 pulchritudine
1550 1904 1715 1939 splendescit

932 1950 1031 1976 oratio.

969 1995 1102 2023 Caeterum
1121 2003 1299 2030 aggressurus
1310 1995 1366 2029 jam
1384 2003 1498 2022 examen
1520 2000 1545 2022 cl
1565 1995 1712 2023 discussio-

933 2048 994 2068 ncm
1012 2048 1118 2072 eorum,
1130 2048 1189 2076 quae
1206 2041 1318 2076 scripsit
1336 2041 1496 2072 Eunomius,
1525 2041 1628 2069 haerere
1649 2041 1713 2068 mihi

933 2093 1034 2120 anceps
1047 2086 1150 2117 videor,
1165 2087 1251 2113 instar
1272 2086 1398 2121 agricolze
1421 2094 1481 2113 cum
1506 2087 1595 2114 omnis
1618 2091 1716 2114 ventus

933 2132 1059 2166 quiescit,
1073 2133 1170 2160 incerti
1186 2140 1305 2167 quonam
1322 2134 1402 2161 modo
1418 2133 1585 2161 frumentum
1604 2142 1618 2160 a
1629 2135 1716 2169 paleis

933 2182 1066 2212 segreget.
1086 2177 1203 2204 Tantum
1231 2178 1303 2205 enim
1324 2179 1351 2205 in
1377 2179 1430 2205 hoc
1455 2179 1589 2206 orationis
1619 2187 1717 2207 acervo

934 2222 1063 2256 superflui
1076 2226 1102 2249 ct
1123 2224 1262 2263 palearum
1276 2228 1329 2256 est,
1346 2228 1375 2251 ut
1391 2225 1448 2252 fere
1464 2225 1573 2252 credam
1585 2226 1612 2252 in
1626 2226 1716 2254 omni-

901 2266 920 2292 D
935 2267 987 2294 bus
1001 2275 1061 2301 qua:
1081 2267 1132 2295 iste
1148 2269 1249 2300 attulit,
1271 2269 1339 2296 nihil
1363 2278 1477 2304 prorsus
1501 2278 1592 2298 rerum
1623 2272 1712 2299 docta-

935 2320 1052 2347 rumque
1063 2313 1259 2347 cogitationum
1277 2315 1377 2343 inesse.
1404 2317 1437 2342 At
1449 2324 1514 2344 vero
1529 2318 1632 2349 omnia,
1658 2326 1717 2352 qui!

935 2358 1055 2392 scripsit,
1074 2358 1211 2394 sigillatim
1228 2367 1454 2394 commemorare,
1484 2362 1579 2390 inutile
1592 2363 1674 2390 simul
1685 2364 1717 2391 ad

933 2408 1057 2431 nostrum
1073 2405 1254 2439 propositum.
1271 2411 1298 2433 et
1312 2407 1440 2439 arduutn,
1454 2411 1480 2435 et
1495 2416 1510 2435 a
1526 2416 1610 2444 scopo
1624 2410 1717 2437 nostra

933 2450 1050 2477 alienum
1069 2451 1198 2478 arbitror.
1221 2451 1315 2487 Neque
1343 2453 1414 2480 enim
1434 2457 1540 2481 tantum
1565 2456 1645 2483 nobis
1671 2457 1716 2483 otii

932 2496 1062 2531 suppetit,
1078 2499 1108 2522 ut
1118 2497 1248 2524 arbitratu
1265 2502 1357 2525 nostro
1387 2500 1466 2526 vanis
1479 2500 1553 2527 hisce
1567 2501 1649 2528 rebus
1669 2502 1717 2528 im-

934 2542 1034 2568 morari
1051 2542 1144 2569 liceat.
1163 2542 1196 2569 Et
1208 2551 1256 2578 par
1273 2548 1314 2571 est
1333 2545 1475 2579 probatum
1492 2546 1647 2580 operarium
1666 2546 1716 2572 vim

935 2595 1010 2616 suam
1031 2588 1169 2616 insumere
1184 2597 1238 2616 nnn
1261 2590 1288 2616 in
1306 2584 1488 2619 infructuosis
1507 2591 1654 2626 operibus,
1671 2591 1716 2619 sed

934 2635 959 2661 in
978 2635 1010 2661 iis
1028 2635 1125 2669 quibus
1149 2639 1258 2670 optatus
1273 2635 1376 2663 fructus
1392 2637 1563 2671 respondeat.

968 2679 1043 2706 Mitto
1060 2679 1142 2714 igitur
1163 2688 1331 2715 quaecunque
1355 2681 1433 2707 initio
1449 2681 1540 2708 statim
1561 2680 1603 2708 sui
1625 2686 1716 2708 osten-

932 2725 1006 2751 tandi
1024 2725 1122 2759 gratia,
1141 2729 1269 2759 tanquam
1282 2726 1404 2752 veritatis
1431 2733 1519 2760 praeco
1542 2729 1626 2758 esset,
1651 2727 1717 2754 cllu-

933 2770 993 2802 tiit;
1013 2774 1144 2804 praetereo
1172 2770 1255 2797 etiam
1281 2770 1449 2798 inﬁdelitatis
1476 2763 1641 2802 convicium,
1664 2778 1717 2806 quo

932 2816 1108 2843 adversarios
1125 2823 1190 2843 suos
1207 2816 1336 2850 aspersit;
1363 2814 1426 2842 dtttu
1442 2820 1601 2851 perpetuum
1624 2821 1649 2844 et
1674 2816 1716 2842 in-
