1914 3079
51 120 95 147 251

616 120 755 159 CO‘NTRA
775 119 967 153 EUNOMIUM,
984 120 1046 147 [ΑΒ.
1069 121 1088 147 Ι.

1619 117 1671 145 258

50 176 184 212 βούλονται
194 178 319 210 Μάντιος,
335 177 381 204 καὶ
394 177 503 211 Γάλλος,
518 178 562 205 καὶ
573 178 732 213 Δομετιανὸς
744 179 832 204 ἐπεισ-

889 178 991 204 litatem
1007 176 1212 212 persequendo,
1229 179 1256 204 et
1269 175 1453 211 particulatim
1475 175 1670 208 examinanda,

49 221 129 253 ιὸντες
143 221 182 256 τῷ
197 221 278 256 λόγῳ.
296 222 342 248 καὶ
365 222 504 257 μάρτυρες
522 223 637 257 ψευδεῖς,
650 224 695 250 καὶ
709 223 833 257 βασιλεὺς

49 267 230 304 ὀργιζόμενος,
247 268 293 294 καὶ
310 269 349 299 είς
365 268 513 304 ὑπερορίαν
532 267 604 300 τινὲς
626 261 833 304 μεθιστάμενοιξ

46 313 77 339 Τί
91 314 145 348 γὰρ
162 313 195 341 ἂν
215 315 262 341 καὶ
277 314 382 348 γένοιτο
397 314 499 341 τούτων
516 314 693 350 ματαιότερον
708 315 761 341 τῶν
777 315 834 350 διη-

45 359 177 394 γημάτων
190 359 228 395 τῷ
243 368 274 394 γε
290 360 327 396 μὴ
339 360 420 396 ψιλὴν
439 360 558 396 ἱστορίαν
572 360 750 395 διηγήσασθαι
767 360 834 394 βου-

44 404 157 438 λομένῳ,
177 403 246 431 ἀλλὰ
261 405 395 439 διελέγξαι
407 406 452 432 τὸν
465 406 625 432 ἀντειπόντα
641 405 679 440 τῷ
697 405 747 440 τῆς
759 405 833 441 αίρὲ-

45 459 111 482 σεως
126 450 240 485 δόγματι
251 459 258 482 ;
273 451 342 478 Πολὺ
355 451 383 477 δὲ
399 451 498 486 μᾶλλον
508 451 541 477 τὰ
554 451 599 477 ἐπὶ
611 450 715 481 τούτοις
728 450 772 477 διὰ
784 452 833 486 τῆς

45 495 167 530 ἱστορίας
187 496 359 531 δηλούμενα,
383 497 494 523 πλείονα
510 497 558 531 τὴν
578 496 729 531 ἀχρηστίαν
754 496 808 532 ἔχει
823 504 829 512 ⁸

42 540 118 577 οἶμαι
143 542 198 577 γὰρ
219 543 280 578 μηδ’
306 543 338 570 ἂν
362 543 444 569 αὐτὸν
468 543 512 569 τὸν
535 543 695 577 συγγραφέα
719 542 832 569 διελθεῖν

42 587 229 621 ἀνὐστάκτως,
247 588 297 615 κᾶν
307 590 407 624 φυσικῇ
419 598 471 616 τινι
483 590 582 624 στοργῇ
597 589 750 624 κρατῶντοιι
763 589 831 623 πρὸς

41 634 104 664 τοὺς
121 633 150 666 ἐξ
166 633 255 660 αὐτῶν
271 634 295 660 οἱ
312 634 428 669 πατέρες
440 643 447 649 ·
462 632 587 668 δηλοῦται
605 635 658 670 γὰρ
681 636 737 661 ἐκεῖ
751 634 830 668 δῆθεν

40 678 75 703 τὰ
90 678 283 712 πεπραγμένα,
300 680 346 705 καὶ
359 679 392 705 τὰ
410 679 483 713 πάθη
495 679 538 705 διὰ
553 678 599 705 τοῦ
615 679 693 712 λόγου
709 680 747 710 εἰς
765 679 831 714 ὕψος

42 723 165 758 αἴρεται,
184 724 230 750 καὶ
250 725 290 755 είς
307 725 459 760 τραγῳδίας
482 725 561 758 ὄγκον
581 726 597 760 ἡ
619 725 722 759 ἱστορία
741 734 830 760 παρα-

41 769 216 800 σκευάζεται.

885 231 954 258 quos
963 224 1071 250 tandem
1086 231 1180 250 scrros
1193 222 1318 250 libertate
1332 223 1448 249 donatos
1458 226 1575 254 asserat,
1588 229 1670 257 quam

885 269 1054 296 initiatorum
1067 269 1309 304 conspirationem.
1320 277 1456 304 quamque
1469 269 1670 303 mancipiorum

885 315 971 341 aciem
987 319 1093 345 narret,
1113 319 1139 341 et
1156 315 1221 348 quid
1237 315 1290 341 sibi
1305 315 1399 342 volunt
1416 315 1443 341 in
1459 314 1612 341 orationetn
1627 314 1670 340 in—

884 360 952 387 trusi
970 360 1090 387 Montius
1108 365 1134 387 et
1151 360 1245 387 Gallus
1269 365 1296 387 ct
1328 360 1509 391 Domitianus,
1539 364 1564 386 et
1585 363 1671 386 testes

885 404 956 437 falsi,
974 410 1001 432 cl
1017 406 1166 440 itnperator
1184 406 1288 438 iratus,
1307 411 1332 433 et
1354 406 1477 432 nonnulli
1499 406 1524 431 in
1544 405 1670 432 exsilium

883 451 956 478 acti?
970 451 1038 483 Quid
1057 452 1129 478 enim
1145 451 1304 485 hujusmodi
1328 451 1541 477 narratiunettlis
1560 450 1671 476 inanius

884 500 911 523 et
931 496 1070 530 stolidius,
1090 498 1112 524 si
1133 498 1315 525 instituantur
1331 498 1363 524 ab
1378 505 1419 529 eo,
1435 497 1480 532 qui
1495 505 1548 523 non
1568 496 1670 523 nudam

887 542 1031 570 historiatn
1060 551 1089 570 se
1114 543 1235 578 profiteri
1261 543 1373 575 scribit,
1400 543 1445 570 sed
1477 542 1670 569 refutationem

884 588 945 622 ejus
958 609 965 621 ,
986 589 1032 623 qui
1045 589 1182 616 luerctiris
1205 589 1380 624 dogmatibus
1390 589 1573 615 contradicit?
1588 588 1614 614 in
1628 587 1671 614 his

884 640 958 662 certe
972 635 1110 662 historice
1121 636 1297 662 narrationes
1311 636 1378 662 nihil
1394 635 1520 661 utilitatis
1542 633 1669 666 aderunt,

884 688 954 715 quas
977 688 1010 707 ne
1034 681 1122 715 ipsum
1147 681 1255 716 quidem
1279 685 1418 708 auctorem
1443 681 1502 707 sine
1525 679 1671 706 oscitantia

884 728 1023 761 perlegere
1049 735 1129 761 posse
1153 728 1306 755 existimo:
1325 728 1388 754 licet
1413 727 1530 753 naturali
1550 725 1668 760 quodam

883 780 976 799 amore
986 781 1050 807 erga
1064 773 1165 800 liberos
1183 780 1248 800 suos
1267 773 1413 800 trahantur
1424 776 1532 807 patres:
1548 771 1583 798 ibi
1597 770 1670 796 enim

39 822 102 848 quae
122 819 198 849 gesta
215 819 280 843 stmt
299 817 474 852 explicantur
502 818 730 851 calamitatesque
752 815 844 843 verbis
868 817 1091 851 ﬂlllllllﬁCillrllll',
1120 821 1147 844 et
1173 818 1275 852 tragico
1303 825 1377 844 more
1418 816 1533 844 historia
1556 823 1671 849 exagge-

40 866 129 888 ratur.

38 951 163 984 δέοντος,
182 953 342 988 ὲμϐραδύνω
359 956 416 986 τοῖς
437 956 589 991 ἀνονήτοις,
605 955 652 981 καὶ
674 954 798 989 καθάπερ
818 955 831 980 ὁ

38 998 82 1024 διὰ
107 998 241 1034 βορϐόρου
269 1000 339 1032 τινὸς
361 1000 507 1027 διελαύνων
526 1000 570 1027 τὸν
596 1001 688 1032 ἵππον,
715 1001 761 1026 καὶ
783 1000 831 1034 τῆς

39 1043 146 1070 ἐκεῖθεν
160 1044 257 1079 ἀηδίας
272 1045 545 1080 καταπιμπλάμενος,
557 1045 627 1071 οὕτω
639 1044 715 1078 κάγὼ
726 1044 769 1071 διὰ
783 1044 832 1078 τῆς

39 1091 153 1125 μνήμης
167 1090 221 1116 τῶν
241 1091 440 1126 γεγραμμένων
457 1090 587 1124 διεξάγων
600 1090 645 1116 τον
661 1090 738 1124 λόγον
752 1099 833 1116 κατα-

38 1135 149 1170 μολύνω
165 1135 195 1161 τὸ
212 1135 381 1171 σύγγραμμα
392 1155 398 1167 ,
416 1135 529 1171 πρέπειν
543 1135 664 1170 ἡγοῦμαι
682 1135 770 1162 πάντα
787 1135 832 1160 τὸν

35 1180 161 1206 τοιοῦτον
185 1180 328 1214 συρφετὸν,
352 1181 426 1212 ὅπως
447 1180 480 1206 ἂν
533 1180 655 1209 δυνατὸν.
677 1179 770 1215 ὑψηλῷ
786 1179 831 1205 καὶ

37 1228 118 1260 ταχεῖ
131 1225 171 1260 τῷ
193 1226 293 1260 ἅλματι
308 1225 354 1252 τοῦ
367 1226 447 1260 λᾶγου
464 1225 638 1261 διαπηδῆσαι.
662 1225 763 1252 Ἱκανὸν
777 1224 832 1259 γὰρ

37 1271 134 1306 κέρδος
147 1272 163 1306 ἡ
178 1273 275 1306 ταχεῖα
287 1271 340 1298 τῶν
351 1271 439 1306 ἀηδῶν
454 1271 634 1306 ἀναχώρησις,
653 1271 720 1306 πρὸς
737 1272 766 1298 τὸ
782 1271 831 1297 πέ-

37 1325 89 1351 ρας
106 1316 158 1351 τῆς
184 1317 306 1351 ἱστορίας
326 1316 490 1343 ἐπισπεῦσαι
504 1317 549 1343 τὸν
569 1317 647 1351 λόγον
659 1326 665 1332 ·
691 1317 728 1348 ὡς
744 1318 776 1343 ἂν
795 1317 830 1353 μὴ

37 1363 86 1388 καὶ
99 1361 140 1396 τῷ
155 1362 215 1397 ἐμῷ
233 1362 326 1398 βιόλίῳ
349 1362 382 1389 τὰ
400 1363 450 1397 τῆς
465 1362 576 1398 πικρίας
600 1361 687 1388 αὐτῶν
709 1362 832 1394 ὲνστάζοι

37 1406 72 1432 τὰ
89 1408 212 1441 ῥήματα.
233 1407 312 1442 Μὸνῃ
328 1406 382 1441 γὰρ
405 1406 532 1442 πρεπέτιυ
547 1408 579 1442 τῇ
600 1407 733 1441 Εὐνομίαν
757 1408 831 1442 φωνῇ

36 1450 155 1478 τοιαῦτα
172 1451 262 1486 λέγειν
274 1453 337 1486 περὶ
351 1452 444 1486 ίερέων
455 1451 522 1477 Θεοῦ
533 1460 539 1466 ·
577 1452 770 1484 ὑπασπιστὰς
784 1453 831 1480 καὶ

35 1496 230 1531 ῥαϐδούχους
253 1498 302 1523 καὶ
321 1496 505 1531 δορυφόρους
520 1497 771 1532 καταπλῆσσοντας.
779 1497 832 1523 διε-

38 1542 248 1577 ρευνωμένους,
267 1541 356 1568 λαϐεῖν
371 1542 420 1568 οὐκ
440 1541 635 1577 ἐπιτρέποντας
656 1542 701 1568 τὸν
716 1542 834 1578 κρυπτό-

37 1595 124 1622 μενον
134 1596 142 1603 ·
154 1588 201 1613 καὶ
217 1587 269 1614 ὅσα
284 1586 352 1614 ἄλλα
365 1587 435 1614 κατὰ
449 1587 546 1618 πολιᾶς
562 1587 656 1622 ἱερέων
672 1588 721 1614 οὐκ
739 1587 832 1625 αἰσχύ-

35 1641 116 1659 νεται
130 1633 255 1668 γράφων.
264 1631 371 1668 Ὠσπερ
385 1633 438 1668 γὰρ
451 1634 480 1659 ὲν
497 1634 551 1664 τοῖς
564 1633 764 1669 παιδευτηρίοις
778 1634 832 1660 τῶν

36 1678 143 1711 ἔξωθεν
158 1678 257 1712 λόγων,
274 1679 314 1710 είς
330 1679 482 1713 γυμνασίαν
497 1678 546 1713 τῆς
558 1679 628 1705 κατὰ
639 1679 688 1714 τὴν
711 1680 832 1714 γλῶτταν

36 1724 87 1750 καὶ
96 1724 145 1750 τὸν
152 1723 215 1750 νοῦν
222 1725 403 1759 ἑτοιμότητος,
412 1725 536 1759 ἀφορμαὶ
543 1726 699 1760 καταφορᾶς
708 1727 763 1757 τοῖς
773 1735 832 1761 μει-

37 1770 150 1805 ρακίοις
161 1769 359 1804 προϐάλλονται
373 1770 445 1797 κατὰ
456 1779 528 1801 τινος
539 1770 663 1805 ἀορίστου
676 1771 831 1806 προσώποΨ

35 1816 113 1842 οὕτω
127 1816 189 1842 κατ’
204 1815 312 1842 εὐθεῖαν
331 1815 492 1851 ὕπεμὸαίνει
507 1818 563 1849 τοῖς
581 1817 803 1852 μνημονευθεῖσιν
821 1820 834 1845 ὁ

36 1861 235 1896 συγγραφεύς·
264 1861 312 1888 καὶ
336 1861 384 1897 τὴν
411 1862 564 1897 κακήγορον
588 1863 678 1894 αὐτοῖς
702 1863 834 1899 ἐπαφίησι

35 1908 180 1942 γλῶσσαν,
197 1908 245 1934 καὶ
256 1908 290 1934 τὰ
310 1908 379 1943 ἔργα.
390 1909 438 1943 τῆς
453 1909 584 1944 πονηρίας
612 1909 737 1944 σιγήσας,
753 1909 834 1945 ψιλὴν

36 1955 133 1986 αὐτοῖς
144 1954 344 1986 κατασκευάζει
353 1953 401 1990 τὴν
408 1955 648 1990 ἑωλοκρασίαντῶν
657 1954 771 1990 ὕϐρεων
780 1956 834 1982 πᾶν

36 2000 144 2030 ὄνειδος
159 2000 220 2026 κατ’
239 1999 330 2026 αὐτῶν
356 2000 557 2035 συμπλάσοων·
583 2001 627 2027 καὶ
653 2000 786 2032 συντιθεὶς
805 2001 833 2027 ἐν

36 2047 99 2076 ταῖς
113 2045 260 2080 λοιδορίαις
276 2045 311 2071 τὰ
322 2046 434 2080 ἄμικτα,
449 2046 637 2080 φακοτρίϐωνα
652 2046 688 2081 (ιι)
704 2045 834 2081 στρατιώ-

33 2100 99 2126 την,
119 2091 166 2118 καὶ
182 2092 259 2125 ἅγιον
272 2091 421 2125 ἐξάγιστον·
436 2092 487 2118 ὑπὸ
503 2092 628 2126 νηστείας
641 2092 668 2118 δὲ
680 2092 833 2128 ὠχριῶντα,

35 2137 86 2163 καὶ
100 2137 155 2163 ὑπὸ
172 2137 287 2172 πικρίας
303 2136 424 2170 φονῶντα
436 2158 442 2167 ,
465 2137 511 2164 καὶ
527 2137 626 2172 πολλὴν
640 2138 766 2172 τοιαύτην
783 2138 835 2173 βω-

37 2181 172 2217 μολοχίαν
183 2203 190 2215 ,
206 2182 333 2217 καθάπερ
349 2183 377 2208 ὲν
391 2184 450 2214 ταῖς
463 2182 514 2214 ἕξω
528 2183 648 2218 πομπαῖς
662 2183 834 2218 διαϐέϐληταί

34 2235 93 2258 τις,
108 2227 147 2257 ὡς
158 2226 191 2253 δι’
208 2227 361 2262 ὑπερϐολὴν
374 2228 508 2259 ἀναιδείας
520 2228 582 2255 ἄνευ
599 2229 770 2262 προσωπείου
781 2238 832 2255 κιαι-

889 2226 987 2253 mcutis
1014 2226 1167 2252 amaritiem
1198 2226 1287 2253 caedes
1313 2226 1488 2261 spirantem:

38 2272 150 2307 μάξων,
175 2273 262 2304 οὕτως
287 2273 376 2299 οὐδενὶ
400 2273 628 2309 παραπετάσματι
648 2273 697 2309 τὴν
723 2274 835 2309 πικρίαν

35 2317 141 2344 ἑαυτοῦ
155 2319 318 2351 συσκιάσας,
327 2320 416 2354 γυμνῇ
446 2320 490 2346 καὶ
504 2320 751 2357 ἁπηρυθριαςμένῃ
763 2323 836 2356 φωνῇ

33 2364 74 2391 τὰ
91 2364 123 2390 ἐκ
141 2366 192 2399 τῆς
207 2364 318 2400 ἁμάξης
341 2365 497 2399 προτιξέρει.
515 2363 581 2392 Εἶτα
596 2366 722 2401 ὁμολογεῖ
741 2368 782 2401 ἐφ’
799 2364 838 2398 οἷς

32 2410 238 2445 παροξύνεται,
259 2410 299 2436 ὅτι
317 2410 433 2446 σπουδὴν
447 2411 596 2443 ἐποιοῦντο,
616 2414 708 2447 φησιν,
728 2413 836 2441 ἐκεῖνοι,

34 2456 81 2491 μὴ
97 2456 214 2487 πολλοὺς
229 2457 263 2491 τῇ
277 2456 368 2491 ἀπάτῃ
385 2456 485 2482 τούτων
499 2457 772 2493 συνδιαστρέφεσθαι·
790 2458 836 2484 καὶ

30 2502 86 2528 διὰ
101 2502 182 2528 τοῦτο
191 2501 363 2537 χαλεπαίνει,
378 2502 423 2528 ἐπὶ
433 2502 472 2537 τῷ
494 2503 531 2538 μὴ
548 2504 629 2529 πᾶσιν
644 2500 685 2534 οἷς
696 2498 835 2530 ἐϐούλοντο

28 2549 135 2580 τόποις
170 2549 230 2574 κατ’
259 2547 382 2581 ἐξουσίαν
403 2549 588 2585 ἐνδιατρίϐειν,
619 2549 686 2576 ἀλλὰ
709 2549 834 2583 γενέσθαι

30 2593 115 2621 κατὰ
132 2593 164 2619 τὸ
186 2593 352 2629 πρόσταγμα
374 2594 421 2621 τοῦ
444 2595 504 2621 τότε
519 2593 698 2629 κρατοῦντος,
713 2594 834 2629 Φρυγίαν

36 2639 141 2670 αὐτοῖς
162 2639 338 2674 ἐνδιαίτημα,
353 2640 390 2670 ὠς
411 2641 444 2667 ἂν
461 2641 497 2676 μὴ
514 2640 606 2667 πολλοὶ
625 2640 783 2674 βλάπτοιντο
801 2641 832 2675 τῇ

28 2685 154 2720 πονηρᾷ
166 2684 307 2719 συνουσίᾳ·
321 2685 367 2711 καὶ
377 2685 446 2721 ὑπὲρ
457 2686 559 2713 τούτων
570 2684 730 2719 ἀγανακτῶν
741 2685 832 2712 ἐκεῖνα

83 2767 123 2801 (a)
141 2767 261 2801 Φακικτρ.
279 2764 361 2801 Ρτονἶ
378 2763 464 2801 illaab?
478 2763 598 2801 κόπτειν,
614 2762 702 2801 Iader:
712 2767 834 2801 inierim.

80 2796 120 2836 (bl
134 2796 325 2829 Theodoretus
337 2798 383 2825 lib.
392 2799 423 2824 de
437 2797 650 2836 Ha're‘tafabalis
665 2805 673 2823 :
689 2796 843 2836 iconsta'n-

30 2838 61 2865 ιί
68 2832 180 2866 υὲέυιιι
191 2836 315 2864 uoadum
336 2841 351 2861 ιι
364 2837 435 2862 recta
446 2833 489 2861 via
504 2832 669 2872 dcﬂcaissct,
686 2832 793 2859 Actium
809 2832 837 2858 in

81 906 153 933 Ἀλλ’
169 907 211 934 ἵνα
226 908 264 943 μὴ
281 909 326 935 καὶ
342 909 415 944 αὐτῷ
432 909 472 944 τῷ
485 909 675 945 παραιτεῖσθαι
693 908 772 935 πλέον
785 907 831 934 τοῦ

919 904 973 932 Sed
991 913 1024 932 ne
1042 910 1068 933 et
1083 907 1141 941 ipse
1153 906 1267 940 diutius,
1284 914 1365 942 quam
1381 914 1430 942 par
1450 908 1502 939 sit,
1524 915 1567 935 me
1587 917 1669 936 excu-

883 951 979 982 sando,
998 952 1146 980 inhaereant
1163 954 1189 980 in
1209 953 1251 981 his
1267 954 1375 986 stultis;
1394 958 1420 980 et
1438 955 1671 989 quemadmodum

883 995 916 1028 is,
933 997 979 1032 qui
995 1005 1044 1031 per
1057 1000 1235 1034 cornumagit
1251 1007 1351 1034 equttm
1365 1019 1372 1031 ,
1397 1007 1476 1026 caeno
1492 1007 1602 1035 quoque
1626 1009 1671 1029 as—

883 1043 1005 1078 pergitur
1017 1047 1043 1070 et
1065 1045 1221 1072 maculatur
1239 1055 1245 1072 :
1262 1046 1297 1072 ita
1313 1054 1363 1080 ego
1383 1047 1464 1072 etiam
1483 1047 1671 1081 percurrendo

882 1092 909 1115 et
924 1090 1164 1117 commemorando
1179 1091 1299 1125 singula,
1315 1099 1376 1126 qtae
1390 1092 1500 1127 scripsit
1514 1093 1567 1119 iste
1578 1113 1584 1124 ,
1603 1100 1669 1119 con—

883 1134 1011 1160 taminent
1036 1135 1135 1162 librum
1155 1144 1243 1163 meum
1263 1146 1268 1163 :
1285 1141 1501 1164 consentaneum
1522 1137 1592 1164 duco
1606 1159 1613 1170 ,
1639 1143 1669 1164 ut

882 1178 972 1212 quoad
987 1179 1044 1206 fieri
1063 1181 1173 1214 poterit,
1190 1184 1275 1207 totam
1301 1181 1371 1208 lianc
1392 1182 1554 1214 colluvicm,
1572 1183 1626 1208 alto
1645 1187 1672 1208 et.

883 1224 966 1251 celeri
989 1225 1059 1251 saltu
1079 1226 1212 1253 orationis
1232 1227 1395 1259 transiliam,
1416 1235 1542 1260 magnum
1567 1229 1673 1254 emolu-

883 1273 1004 1295 mentum
1031 1273 1109 1296 ratus
1122 1291 1128 1301 ,
1146 1278 1178 1297 ex
1202 1270 1278 1297 hisce
1294 1270 1425 1299 sordibus
1439 1279 1520 1305 quam
1539 1272 1672 1299 citissime

883 1314 1008 1346 evadere,
1025 1318 1051 1341 et
1065 1315 1182 1341 orationi
1194 1316 1273 1342 linem
1287 1316 1427 1350 imponere
1443 1325 1450 1343 :
1467 1325 1501 1343 ne
1511 1317 1578 1345 libro
1589 1317 1672 1344 etiam

883 1367 944 1387 meo
962 1366 1144 1395 aspergantur
1163 1361 1322 1388 acerbitatis
1335 1363 1413 1396 plena
1428 1362 1571 1389 vocabula.
1585 1362 1673 1396 Cupio

883 1405 966 1436 enim,
989 1408 1017 1431 ut
1031 1400 1065 1432 ex
1088 1405 1174 1432 solius
1195 1404 1322 1432 Eunomii
1342 1414 1389 1433 ore
1402 1407 1535 1441 prodeant
1546 1407 1590 1433 illa
1604 1415 1671 1434 con-

884 1453 926 1476 tra
942 1449 1102 1478 sacerdotes
1133 1450 1179 1478 Dei
1199 1452 1326 1478 convicia
1343 1460 1349 1478 :
1367 1451 1431 1478 dum
1458 1458 1535 1480 vocat
1558 1461 1608 1480 nos
1627 1461 1672 1480 sa-

884 1495 979 1522 tellites
1000 1499 1026 1523 et
1047 1496 1153 1523 lictores
1167 1500 1193 1523 et
1206 1502 1343 1530 satrapas,
1360 1497 1406 1532 qui
1423 1499 1571 1532 percellant
1584 1503 1610 1526 et
1628 1499 1671 1526 itt-

885 1540 984 1575 dagent
1002 1540 1206 1573 absconditum,
1224 1544 1251 1569 et
1267 1541 1373 1568 latitare
1389 1543 1523 1569 volentem
1540 1551 1593 1570 non
1612 1551 1672 1578 per-

886 1585 1012 1617 mittant,
1037 1588 1065 1612 οι
1083 1585 1124 1613 bis
1143 1585 1242 1613 similia
1256 1606 1262 1618 ,
1287 1593 1348 1621 qua:
1372 1591 1469 1614 contra
1489 1588 1672 1616 venerandam

885 1630 1057 1657 sacerdotum
1067 1631 1194 1658 canitiem
1204 1639 1331 1659 evomere
1345 1640 1399 1659 non
1413 1633 1560 1661 erubescit.
1575 1634 1674 1666 Quem-

884 1675 1029 1703 admodnm
1057 1679 1128 1704 enim
1154 1679 1181 1705 in
1211 1678 1284 1706 ludis
1305 1678 1449 1707 litterariis
1476 1680 1508 1706 ad
1532 1680 1674 1715 styli,lin-

885 1728 945 1756 suae
959 1725 986 1749 et
1002 1722 1101 1749 mentis
1118 1723 1358 1757 exercitationem,
1374 1727 1398 1751 et
1418 1725 1572 1758 expeditam
1587 1725 1673 1753 facili-

885 1771 977 1799 tatem,
997 1768 1117 1795 themata
1134 1768 1258 1803 quaadam
1276 1768 1496 1798 adolescentibus
1514 1778 1673 1805 proponun-

887 1818 942 1846 tur,
957 1814 1057 1848 quibus
1074 1815 1145 1842 velut
1166 1823 1234 1842 ansa
1250 1815 1367 1850 quadam
1382 1821 1492 1851 arrepta
1508 1817 1677 1845 invehantur

886 1859 912 1885 in
941 1859 1072 1886 incertam
1096 1860 1241 1895 quamdam
1266 1868 1430 1895 personam:
1453 1862 1490 1887 ita
1512 1862 1564 1889 iste
1581 1862 1673 1890 decla—

887 1909 976 1932 mator
1004 1906 1031 1932 in
1058 1906 1203 1940 praedictos
1235 1906 1281 1933 Dei
1311 1907 1467 1934 sacerdotes
1488 1912 1545 1935 toto
1572 1909 1675 1943 impetu

887 1951 1014 1982 incurrit,
1029 1956 1057 1979 et
1072 1952 1230 1979 maledicam
1253 1952 1363 1988 stringit
1385 1953 1523 1988 linguam,
1545 1954 1676 1989 nulloque

886 1997 978 2029 allato,
995 1996 1074 2031 cujus
1093 1997 1130 2023 rei
1153 1997 1207 2024 sint
1221 2017 1228 2030 ,
1251 1997 1382 2030 crimine,
1412 1998 1470 2025 sola
1500 1999 1674 2026 conviciandi

886 2042 998 2069 libidine
1014 2042 1079 2076 ipsis
1093 2042 1220 2075 insultat;
1235 2043 1364 2070 omnibus
1377 2048 1473 2070 contra
1488 2044 1550 2071 illos
1564 2046 1674 2079 probris

886 2087 1013 2114 conﬁctis
1027 2107 1034 2119 ,
1050 2093 1084 2115 -οι
1105 2087 1252 2115 calumniis
1278 2088 1469 2123 incompositis
1482 2109 1489 2120 ,
1509 2091 1674 2125 appellitans

886 2133 1012 2161 videlicet
1022 2134 1146 2166 militem,
1159 2133 1205 2168 qui
1221 2134 1341 2162 lentibus
1353 2139 1492 2168 vescatur,
1508 2140 1534 2163 et
1548 2141 1673 2164 sanctum

886 2181 945 2207 sine
962 2180 1118 2211 sanctitate,
1135 2179 1249 2214 jejuniis
1265 2180 1376 2215 quidem
1394 2181 1551 2215 pallentem,
1573 2183 1620 2210 sed
1640 2184 1676 2210 ob

1508 2232 1538 2255 ιιι
1569 2233 1675 2256 taceant

888 2272 956 2299 alias
972 2271 998 2298 id
1014 2279 1098 2306 genus
1116 2271 1299 2298 scurrilitates
1320 2271 1347 2297 in
1372 2272 1513 2306 gentilium
1535 2275 1676 2300 conventi«

887 2319 948 2349 bus,
969 2318 1112 2344 hominum
1127 2316 1357 2343 traducentlorum
1377 2318 1464 2351 gratia
1489 2318 1610 2346 adhiberi
1630 2327 1675 2347 so-

888 2365 958 2391 litas.
988 2363 1021 2390 Et
1049 2363 1158 2398 quidem
1184 2363 1308 2390 nonnulli
1333 2369 1364 2389 co
1386 2363 1560 2398 impudentia:
1578 2373 1674 2398 procc-

887 2409 964 2442 dunt,
985 2414 1015 2436 ut
1036 2409 1100 2435 talia
1120 2408 1243 2435 convicia
1263 2409 1322 2435 sine
1338 2408 1409 2434 larva
1423 2409 1549 2443 jactitent
1566 2419 1572 2437 :
1593 2410 1630 2436 ita
1647 2415 1675 2437 et

891 2458 943 2482 iste
965 2455 1040 2482 nullo
1057 2459 1215 2489 legumento
1237 2455 1385 2482 acerbitate
1401 2461 1450 2481 sua
1468 2455 1564 2487 velata,
1590 2456 1673 2483 libera

890 2507 916 2529 et
932 2502 1082 2536 impudenti
1098 2509 1175 2534 voce,
1194 2509 1226 2528 ex
1242 2501 1366 2536 plaustro
1382 2502 1507 2528 convicia
1532 2501 1630 2530 l‘nndit.
1649 2505 1675 2527 et

890 2548 998 2575 tandem
1014 2555 1094 2583 quam
1111 2547 1147 2574 ob
1155 2554 1268 2574 causam
1287 2547 1354 2574 adeo
1371 2547 1405 2574 sit
1420 2547 1553 2578 irritatus,
1569 2546 1674 2581 prodit;

889 2595 952 2629 quia
980 2593 1137 2621 sacerdotes
1161 2592 1208 2619 Dei
1234 2601 1344 2628 cperant
1372 2592 1522 2623 dederunt,
1548 2600 1581 2618 ne
1597 2593 1673 2618 multi

889 2639 1032 2666 fraudibus
1047 2642 1073 2665 et
1090 2638 1253 2672 imposturis
1269 2638 1382 2665 istorum
1399 2637 1673 2663 circumvenirentur.

888 2685 924 2720 (ὁ)
938 2684 994 2712 lloc
1009 2684 1113 2712 scilicet
1122 2684 1205 2716 dolet,
1215 2691 1322 2711 necnon
1335 2688 1362 2710 et
1378 2681 1455 2714 illud,
1468 2680 1540 2716 quod
1557 2689 1612 2708 non
1628 2682 1675 2708 ha-

893 2761 1037 2796 quatndam
1060 2760 1182 2796 Phrygia:
1202 2759 1374 2796 solitudinem
1398 2755 1536 2796 relegavit.
1563 2754 1674 2796 ’ξιιμ-ιιι

900 2790 934 2824 de
948 2796 1081 2823 Eunomio
1103 2790 1145 2822 ;’ἷ
1165 2796 1192 2822 ln
1213 2796 1330 2829 quadam
1351 2791 1515 2827 Pamphylia:
1530 2790 1675 2819 solitudine

896 2831 1018 2859 habitare
1031 2835 1141 2858 coaetus
1150 2834 1200 2858 est.
1209 2841 1216 2855 ι
