1914 3079
243 115 299 143 259

864 113 892 140 S.
909 112 1072 140 GREGORII
1091 113 1174 140 Νγδς
1181 112 1234 139 ENI

1809 113 1860 142 260

248 173 359 199 liuerint
369 174 528 206 potestatem
538 169 638 204 ubique
650 168 771 196 locorum
781 168 933 201 habitandi,
941 170 1024 204 impe-

1083 169 1196 204 γράφει·
1213 168 1268 195 Καὶ
1281 167 1300 200 ἡ
1314 167 1414 201 πολλὴ
1429 167 1566 201 βαρύτης
1575 167 1633 194 τῶν
1648 168 1757 201 ἄθλων,
1768 169 1815 196 και
1828 170 1860 197 τὰ

245 217 343 245 ratoris
362 216 453 243 edicto
470 215 499 241 in
523 214 666 249 Phrygiam
694 215 822 249 relegati,
846 222 880 242 ne
907 215 1028 249 complu-

244 268 288 288 res
303 259 434 295 pestifero
449 267 500 286 suo
517 259 645 286 convictu
661 258 806 286 inficerent
818 279 825 289 .
841 263 953 294 propter
967 266 1028 293 qua:

243 307 283 333 ira
303 313 435 333 accensus
453 305 489 332 ita
510 305 606 331 scribit
620 312 628 329 :
643 304 677 331 Et
697 305 814 339 grai-itas
838 306 1027 337 certaminum,

242 357 267 378 et
279 351 456 378 intoleranda:
480 358 618 382 wrummz,
635 355 659 377 et
673 352 770 378 invicta
784 359 965 378 xrumuarum
988 357 1029 378 ta-

243 398 359 424 lerrmtia
371 398 437 424 satis
446 398 609 428 enituerunt,
619 396 724 431 quando
737 405 797 423 cum
811 396 927 432 Phrygia
940 398 1028 424 natale

241 444 328 470 solum
344 448 551 470 commutarunt.
567 443 686 470 Omnino
702 450 776 470 vero.
794 442 851 469 Non
863 443 934 470 enim
946 443 1028 470 dede-

241 489 297 515 cori
322 494 399 516 erant
423 488 552 516 Oltiserio
579 488 624 514 illa
641 507 647 518 ,
673 496 734 522 qua:
756 493 906 515 evenerunt
921 498 926 515 :
941 496 1028 523 neque

240 538 398 560 everterunt
415 537 535 568 paterna:
551 533 644 567 gloria:
663 534 861 564 excelsitatem,
879 541 967 568 neque
983 542 1028 568 ge-

241 579 316 605 neris
334 578 507 613 splendorem
523 578 624 612 injuria
639 577 806 609 affecerunt,
827 582 857 604 ιιι
876 578 1026 613 periculum

241 627 325 653 esset,
352 630 386 648 ne
411 629 454 653 ea,
474 622 510 648 ob
524 630 584 656 quaa
600 630 673 649 nunc
701 626 861 654 succenset,
892 623 1027 650 redunda-

245 671 305 693 rent
328 674 437 700 quoque
460 667 492 693 ad
511 667 645 694 celebrem
665 671 691 694 et
713 668 879 696 biuominem
901 668 1025 695 Priscum

241 712 324 745 hujus
352 713 438 746 patris
465 717 592 746 patrem:
610 713 682 739 unde
709 713 760 740 iste
785 717 839 740 tam
861 713 977 741 eximias
1001 718 1029 740 et

242 758 390 791 praeclaras
408 758 441 784 de
464 757 570 792 origine
595 765 645 785 sua
673 758 750 792 petiit
774 759 945 786 narrationes
967 768 974 786 :
994 759 1028 786 de

242 803 312 829 mola
329 803 456 830 nimirum
471 807 497 830 et
513 803 588 829 corio
599 823 606 835 ,
623 803 769 837 servilique
783 804 913 831 demenso
923 823 931 833 .
945 809 972 831 et
994 804 1027 831 de

1079 213 1290 240 δυσϐάστακτα
1307 212 1386 247 πάθη
1399 221 1405 228 ·
1421 212 1472 239 καὶ
1487 213 1507 246 ἡ
1521 213 1643 247 γενναία
1656 213 1716 239 τῶν
1733 215 1862 250 nummi.

1079 267 1137 286 των
1149 259 1285 293 ὑπομονὴ
1294 279 1301 290 ,
1315 259 1346 285 τὸ
1367 259 1497 293 Φρυγίαν
1507 259 1619 290 αὐτοὺς
1629 259 1695 287 ἀντὶ
1712 259 1768 294 τῆς
1784 261 1861 296 eri-:7.

1078 306 1192 338 κούσης
1205 304 1404 336 ἀλλάξασθαι.
1416 305 1490 331 Πάνυ
1503 313 1544 338 γε.
1556 305 1592 331 Οὔ
1601 305 1655 341 γὰρ
1666 305 1767 337 ὄνειδος
1777 304 1810 341 ἦν
1824 307 1860 341 τῷ

1085 351 1243 386 Ὀλτισηρίῳ
1260 352 1298 385 (α)
1312 351 1347 377 τὰ
1363 350 1570 386 συμϐεϐηκότα,
1596 351 1643 377 καὶ
1660 351 1706 378 τοῦ
1732 353 1861 387 πατρικοῦ

1080 395 1254 430 φρονήματος
1265 395 1423 429 καθαίρεσιν
1435 395 1548 431 φέροντα
1559 415 1566 427 ,
1586 395 1633 422 καὶ
1646 396 1696 430 τὴν
1710 396 1757 422 τοῦ
1776 397 1864 431 γένως

1079 440 1157 472 ἀξίαν
1171 441 1325 476 ὑϐρίζοντα,
1342 441 1380 472 ὡς
1401 441 1438 476 μὴ
1464 441 1496 468 ἂν
1515 441 1622 468 ἑλέσθαι
1645 441 1732 468 ταῦτα
1744 462 1752 474 ,
1767 443 1809 477 ἐφ’
1827 440 1863 474 οἷς

1079 485 1126 512 νῦν
1143 485 1312 520 χαλεπαίνει,
1327 486 1372 513 τὸν
1385 487 1534 521 ὀνομαστὸν
1545 488 1657 519 ἐκεῖνον,
1674 487 1722 514 καὶ
1733 487 1864 522 διώνυμον

1079 531 1197 567 Πρίσκον
1208 531 1253 558 τὸν
1267 531 1312 558 τοῦ
1330 532 1432 567 πατρὸς
1443 532 1537 559 τούτου
1553 532 1670 568 πατέρα.
1687 531 1769 560 Ὅθεν
1784 533 1865 567 τούτῳ

1078 577 1111 604 τὰ
1130 577 1244 613 λαμπρὰ
1256 598 1263 609 ,
1281 578 1326 604 καὶ
1345 577 1512 612 περίϐλεπτα
1529 577 1575 604 τοῦ
1593 578 1688 612 γένους
1701 579 1762 605 ἐστὶ
1776 578 1864 614 διηγή-

1080 633 1160 659 ματα.
1184 625 1212 650 Ὀ
1228 624 1331 659 μύλων,
1349 624 1395 650 καὶ
1406 624 1436 650 τὺ
1451 623 1559 656 σκύτος,
1574 625 1621 651 καὶ
1634 623 1664 650 τὸ
1674 624 1811 650 οἰκετικὸν
1829 632 1865 650 σι-

1079 669 1216 704 τηρέτιον,
1236 670 1283 696 καὶ
1302 670 1318 704 ἡ
1341 668 1420 704 λοιπὴ
1435 668 1480 695 τοῦ
1497 669 1606 695 Χαναὰν
1622 668 1806 704 κληρονομία’
1823 669 1865 694 καὶ

1079 715 1125 740 ἐπὶ
1135 715 1238 746 τούτοις
1255 715 1308 741 εδει
1323 714 1480 746 κακίζεσθαι
1494 715 1556 745 τοὺς
1569 714 1618 748 τὴν
1636 715 1803 749 μετάστασιν
1819 714 1864 741 αὖ-

1079 762 1134 792 τοῖς
1150 761 1376 795 προξενήσαντας.
1396 759 1559 793 Συντίθεμαε
1573 758 1660 793 τούτῳ
1671 758 1762 792 κάγὼ,
1780 759 1863 789 ὅντως

1079 805 1148 838 ἄξιοι
1162 805 1212 840 τῆς
1229 805 1296 841 παρ’
1310 805 1399 831 αὐτῶν
1414 805 1553 839 μέμψεως,
1568 804 1592 830 οἱ
1606 803 1709 830 τούτων
1725 804 1819 835 αὐτοῖς
1832 804 1868 829 αἶ-

241 847 344 882 reliqua
371 848 527 875 haereditate
547 848 677 875 Chanaan
695 858 702 875 :
719 853 746 875 et
774 849 797 876 si
821 850 917 876 horum
941 850 1024 884 gratia

1081 859 1131 876 τιοι
1143 850 1295 884 γεγονότες,
1311 850 1388 885 εἴπερ
1403 849 1470 881 ὅλως
1491 850 1546 876 εἰσί
1567 858 1648 880 τινες,
1667 849 1683 884 ἢ
1704 849 1847 883 γεγόνασιν
1859 858 1866 864 ·

240 893 468 927 vituperationem
479 893 663 927 merebantur,
675 894 721 929 qui
731 895 785 922 illis
792 895 917 922 exsilium
929 903 1026 930 procu-

240 942 337 964 rarunt
352 946 359 964 :
375 939 462 965 fateor
481 944 506 965 et
524 946 575 973 ego
592 939 691 973 dignos
715 946 777 966 esse
801 940 1025 974 reprehensione,

239 983 285 1017 qui
310 983 407 1010 horum
431 984 492 1012 istis
506 992 589 1011 causa
609 984 729 1017 fuerunt,
747 985 768 1012 si
788 985 835 1020 qui
853 990 943 1012 tamen
966 986 1026 1013 fue-

241 1033 304 1056 runt
321 1039 327 1056 :
342 1030 491 1056 effecerunt
505 1031 589 1062 enim,
607 1035 637 1057 ut
656 1038 748 1057 rerum
768 1031 803 1058 ab
816 1031 876 1058 istis
888 1036 1025 1066 gestarum

241 1075 372 1100 memoria
388 1075 493 1109 sepulta
510 1076 657 1110 plerosque
670 1076 794 1104 moribus
805 1080 832 1103 et
846 1076 902 1103 vita
920 1077 1025 1112 gravio-

241 1127 285 1146 res
312 1119 416 1154 fugiat,
439 1128 527 1155 neque
552 1121 688 1156 integrum
717 1121 754 1149 sit
773 1122 971 1156 posterioribus
991 1123 1025 1150 de

244 1166 391 1199 prmteritis
414 1166 551 1193 curiosius
573 1166 730 1201 inquirere,
747 1174 802 1201 quo
828 1167 936 1194 tandem
962 1175 1024 1195 sau-

239 1210 322 1244 guine
336 1211 416 1238 ambo
435 1212 612 1246 proscminati
629 1216 654 1239 et
668 1212 741 1247 quod
758 1213 819 1239 vita:
836 1213 991 1240 institutum
1010 1222 1024 1241 a

239 1256 362 1290 patribus
370 1261 510 1291 acceptum
523 1257 609 1284 secuti
620 1257 726 1290 sint;et
745 1258 808 1292 quid
822 1259 913 1287 minus
927 1259 1026 1294 quidve

241 1302 348 1336 majus,
370 1310 452 1337 quam
475 1302 571 1330 deceat
592 1303 692 1331 liberos
717 1307 744 1331 et
766 1304 921 1339 ingenuos.
945 1305 972 1332 in
996 1313 1025 1333 se

240 1348 430 1381 obServantes,
451 1353 544 1384 postea
564 1349 596 1376 ad
618 1354 721 1377 tantam
742 1350 862 1378 nominis
878 1351 1022 1378 celebrita-

237 1398 292 1421 tem
323 1394 477 1430 famamque
503 1396 693 1430 pervenerint,
716 1400 745 1422 ut
769 1401 796 1423 et
813 1397 1027 1430 imperatoribus

1079 897 1119 922 ὅτι
1135 896 1188 922 τῶν
1203 895 1430 931 προὸεειωμένων
1442 896 1459 930 ὴ
1471 895 1571 929 γνῶσις
1581 894 1626 921 διὰ
1641 894 1745 921 τούτων
1765 903 1864 929 συγκα-

1078 941 1208 976 λυφοείσα
1230 942 1403 977 παραιρεῖται
1417 941 1471 967 τῶν
1491 940 1661 976 σεμνοτέρων
1675 940 1723 975 τὴν
1736 940 1846 976 μνήμην
1857 950 1863 955 ·

1079 989 1125 1014 καὶ
1148 988 1197 1014 οὐκ
1220 988 1252 1022 ὲᾷ
1277 986 1561 1022 πολυπραγμονεῖςθαι
1585 986 1619 1013 τὰ
1643 986 1697 1012 τῶν
1722 986 1863 1021 παρόντων

1078 1034 1267 1069 πρεσϐύτερα·
1294 1033 1388 1065 ὁποίας
1414 1033 1543 1068 ἑκάτερος
1565 1033 1595 1059 τὸ
1622 1031 1765 1067 καταρχὰς
1791 1031 1868 1064 ἀξίας

1078 1078 1245 1114 ὡρμήθησαν
1257 1098 1265 1109 ,
1280 1078 1359 1105 ποίαν
1383 1079 1415 1104 ἐκ
1431 1078 1557 1112 πατέρων
1577 1076 1684 1112 ἔχοντες
1706 1075 1867 1102 ἀκολουθίαν

1077 1124 1122 1150 τοῦ
1143 1124 1218 1159 βίου·
1235 1124 1262 1150 τί
1284 1124 1392 1159 μικρὸν,
1413 1123 1429 1158 ἢ
1451 1123 1543 1157 μεῖζον
1556 1122 1610 1148 τῶν
1626 1121 1781 1157 ἐλευθέροις
1802 1130 1868 1156 πρε-

1078 1171 1181 1196 πόντων
1198 1170 1302 1201 ἑαυτοῖς
1318 1168 1526 1202 συνεγνωκότες.
1540 1167 1633 1193 ἔπειτα
1643 1166 1771 1192 τοσοῦτον
1783 1166 1868 1199 ἐγνω-

1079 1215 1211 1252 ρίσθησάν
1230 1223 1260 1241 τε
1276 1215 1322 1241 καὶ
1340 1213 1548 1249 ὼνομάαθηςαν,
1572 1212 1641 1238 ὥστε
1662 1212 1711 1238 καὶ
1726 1211 1867 1246 ﬁas-.1553:

1078 1261 1203 1295 γενέσθαι
1229 1259 1372 1295 γνώριμοι,
1395 1257 1486 1290 καθὼς
1513 1257 1725 1292 μεγαλαυχεῖται
1750 1256 1798 1283 νῦν
1828 1256 1868 1291 τῷ

1079 1307 1286 1342 συγγράμματι,
1301 1306 1348 1332 καὶ
1362 1305 1451 1336 πάσας
1460 1306 1510 1334 τὰς
1521 1302 1707 1338 ὑπερεχούσας
1722 1301 1812 1337 ἀρχὰς
1819 1302 1854 1328 ἐκ
1862 1302 1868 1310 ⁸

1078 1353 1168 1384 αὐτοῖς
1182 1351 1374 1386 συγκινεῖσθαι,
1396 1350 1442 1377 καὶ
1457 1350 1502 1376 ἐπὶ
1518 1349 1583 1375 πολὺ
1598 1348 1647 1383 τῆς
1661 1347 1827 1382 οἰκουμένης
1837 1347 1872 1372 τὰ

1082 1399 1142 1425 καθ’
1156 1399 1268 1430 ἑαυτοὺς
1274 1397 1384 1432 διαφέρε
1389 1396 1460 1422 σθαι.

238 1440 452 1473 inuotescerent,
471 1441 542 1468 sicut
557 1442 584 1468 in
600 1441 652 1468 hoc
668 1443 772 1476 scripto
793 1442 943 1469 insolenter
966 1443 1018 1471 iste
1038 1445 1181 1479 gloriatur,
1199 1449 1283 1479 utque
1311 1443 1403 1470 omnia
1422 1441 1534 1477 imperia
1545 1446 1572 1468 et
1590 1440 1769 1475 magistratus
1808 1446 1874 1473 pro-

239 1489 298 1518 pter
308 1486 382 1520 ipsos
395 1491 644 1517 commoverentur,
662 1490 688 1512 et
703 1490 731 1511 ut
742 1486 910 1520 potissimam
923 1488 1017 1515 mundi
1038 1493 1142 1523 partem
1156 1489 1279 1516 doctrina
1297 1488 1406 1515 illorum
1419 1489 1623 1522 pervagaretur.

275 1531 315 1556 An
341 1539 395 1557 non
422 1531 496 1558 hisce
523 1532 620 1562 rebus.
645 1531 667 1558 si
686 1539 778 1558 verum
803 1531 880 1559 fateri
893 1533 1025 1567 velimus,
1040 1539 1060 1566 c

239 1585 321 1612 quam
338 1577 454 1602 maxima
472 1576 571 1610 injuria
586 1576 704 1610 irrogata
716 1581 768 1607 est,
792 1578 832 1604 vel
852 1578 903 1612 ipsi
919 1579 1024 1606 oratio-

238 1630 304 1649 num
316 1621 456 1656 scriptori,
471 1621 514 1648 vel
526 1621 614 1656 ipsius
625 1621 765 1656 magistro,
779 1625 807 1649 et
824 1622 945 1657 ejusdem
962 1625 1024 1651 vitze

239 1667 390 1694 institutori
404 1666 494 1697 Aetio,
507 1673 586 1700 quem
602 1666 668 1693 mihi
682 1666 790 1694 videtur
805 1667 954 1696 Eunomius
969 1677 1023 1696 non

239 1719 294 1740 tam
311 1712 452 1747 suspicere
467 1712 503 1739 ob
523 1712 680 1748 dogmatum
703 1714 924 1748 perversitatem,
937 1723 1024 1750 quant

238 1759 274 1786 ob
290 1759 351 1785 vita:
368 1758 528 1793 compendia
541 1762 566 1785 et
578 1758 771 1794 copias?quod
786 1759 898 1791 afﬁrmo,
913 1767 967 1788 noa
983 1761 1024 1788 in-

239 1804 323 1831 certis
338 1804 501 1838 quibusdam
519 1804 684 1838 conjecturis
703 1805 812 1838 ductus,
831 1806 877 1832 sed
893 1806 968 1834 hisce
979 1814 1026 1833 au-

239 1849 316 1876 ril-us
330 1849 397 1875 meis
408 1855 440 1874 ex
453 1847 495 1878 iis,
507 1848 605 1881 quibus
619 1847 645 1874 id
659 1847 760 1882 optime
775 1853 943 1882 compertum
955 1853 1024 1880 erat,

238 1893 340 1920 certior
359 1893 456 1920 factus.
470 1892 536 1919 Nam
551 1892 612 1927 quis
629 1893 751 1926 qualisve
770 1892 850 1919 fuerit
866 1893 960 1920 Aetius
974 1893 1023 1928 (b).

241 1940 331 1966 audivi
347 1939 485 1974 quondam
497 1947 529 1966 ex
540 1939 697 1966 Galatarum
710 1938 844 1974 Episcopo
857 1939 1022 1967 Athanasio:

239 1987 298 2013 viro
312 1987 354 2013 cui
366 1987 481 2014 veritate
494 1985 561 2012 nihil
574 1985 622 2013 fuit
636 1986 785 2020 antiquius.
802 1986 903 2020 quique
916 1986 950 2012 ad
966 1993 1023 2013 ma-

236 2031 322 2067 jorem
342 2032 420 2058 ﬁdem
436 2031 500 2059 illis.
517 2039 577 2065 qua:
589 2031 728 2062 narrabat,
744 2031 954 2063 conciliandam,
968 2031 1026 2066 epi-

239 2079 335 2105 stolam
357 2077 465 2112 Georgii
487 2076 661 2102 Laodicensis
677 2076 892 2103 demonstrabat.
915 2077 939 2103 Is
960 2083 1025 2111 ergo

238 2123 327 2150 aiebat
347 2123 453 2149 Aetium
494 2129 547 2148 nou
574 2121 608 2147 ab
634 2121 745 2148 ineunte
766 2126 845 2148 zelate
867 2121 1024 2156 dogmatum

239 2167 402 2195 absurditati
425 2166 578 2198 studuisse;
601 2166 648 2193 sed
673 2166 803 2200 temporis
829 2167 1022 2201 progressione

1113 1534 1176 1571 Ἀρ*
1199 1535 1259 1570 οὐχὶ
1285 1534 1322 1569 τῷ
1347 1534 1404 1560 ὄντι
1427 1533 1461 1559 τὰ
1476 1532 1592 1567 μέγιστα
1618 1531 1662 1558 διὰ
1682 1530 1788 1558 τούτων
1814 1531 1875 1564 ἡδί.

1078 1589 1168 1615 κηται.
1186 1581 1202 1615 ἢ
1219 1579 1298 1610 αὐτὸς
1310 1576 1387 1610 οὗτος
1399 1579 1414 1605 ὁ
1429 1578 1597 1613 λογογράφος
1608 1597 1615 1610 ,
1643 1577 1660 1612 ἢ
1677 1577 1692 1602 ὁ
1712 1576 1875 1611 upon—1.611;;

1077 1616 1174 1658 αὑτοῦ,
1206 1626 1252 1652 καὶ
1278 1623 1325 1651 τοῦ
1353 1624 1444 1659 ὁμοίου
1470 1623 1528 1658 βίου
1563 1622 1724 1658 καθηγητὴς
1756 1621 1875 1652 ’Δέτιο;,

1079 1673 1108 1698 ὃν
1129 1681 1172 1707 μοι
1188 1671 1263 1698 δοκεῖ
1278 1670 1316 1705 μὴ
1332 1669 1458 1696 τοσοῦτον
1482 1669 1550 1703 πρὸς
1570 1668 1618 1703 τὴν
1643 1667 1699 1694 τῶν
1724 1666 1874 1702 δογμάτων

1076 1718 1183 1752 ἀπάτην
1199 1716 1305 1751 βλέπων
1329 1715 1495 1750 ἐζηλωκέναι
1512 1735 1520 1746 ,
1541 1713 1607 1740 πολὺ
1630 1713 1658 1740 δὲ
1680 1713 1784 1748 μᾶλλον
1806 1712 1878 1748 πρὸς

1075 1763 1124 1797 τὴν
1149 1762 1195 1789 τοῦ
1224 1762 1282 1797 βίου
1304 1761 1479 1796 παρασκευήν
1501 1768 1531 1785 τε
1555 1759 1602 1786 καὶ
1625 1758 1779 1793 sumptu;

1076 1809 1104 1835 δὲ
1123 1807 1228 1839 ταῦτα,
1247 1807 1277 1833 οὺ
1296 1807 1460 1840 στοχασμοῖς
1473 1813 1529 1831 τισι
1547 1803 1779 1838 τεκμαιρόμενος,
1802 1802 1874 1829 ἀλλᾶ

1075 1854 1129 1881 τῶν
1144 1852 1264 1888 ἀκριϐῶς
1283 1851 1442 1886 ἐγνωκότων
1453 1851 1585 1884 αὐτήκοος
1601 1848 1732 1883 γεγονώς.
1754 1849 1799 1874 Τὰ
1816 1850 1874 1883 γὰρ

1076 1900 1146 1926 κατά
1160 1899 1205 1925 τὸν
1219 1898 1318 1924 Ἀέτιον
1339 1896 1430 1923 τοῦτον
1445 1894 1602 1923 Ἀθανασίου
1623 1895 1690 1921 ποτὲ
1705 1894 1753 1920 τοῦ
1780 1894 1874 1920 Γαλα-

1075 1943 1129 1970 τῶν
1149 1942 1296 1969 ἐπισκόπου
1315 1941 1438 1974 λέγοντος
1457 1941 1577 1975 ἥκουσα,
1601 1939 1699 1974 ἀνδρὸς
1720 1939 1774 1965 οὐκ
1792 1939 1826 1966 ἂν
1846 1947 1875 1964 τι

1077 1989 1129 2024 πρὸ
1142 1989 1191 2023 τῆς
1205 1987 1331 2022 ἀληθείας
1345 1987 1570 2022 προτιμήσαντος,
1591 1985 1657 2012 ἀλλὰ
1673 1984 1724 2011 καὶ
1735 1985 1778 2016 εἱς
1798 1994 1876 2019 μαρ-

1075 2034 1173 2069 τυρίαν
1188 2033 1242 2059 τῶν
1257 2033 1360 2060 πολλῶν
1371 2033 1416 2059 τοῦ
1430 2032 1509 2066 λόγου
1522 2051 1530 2063 ,
1545 2030 1683 2065 Γεωργίου
1695 2029 1744 2056 τοῦ
1755 2030 1793 2056 ἐκ
1808 2031 1879 2056 Λαο-

1075 2079 1181 2110 δικείας
1194 2078 1338 2113 ἐπιστολὴν
1351 2077 1561 2108 ὲπιδεικνύντος.
1583 2076 1679 2109 Ἔλεγε
1693 2075 1723 2101 δὲ
1737 2076 1780 2110 μὴ
1798 2075 1881 2110 παρὰ

1076 2125 1125 2160 τὴν
1142 2124 1252 2159 πρώτην
1272 2124 1352 2150 αὑτὸν
1368 2123 1590 2158 ὲγκεχειρηκέναι
1605 2122 1638 2156 τῇ
1652 2121 1706 2147 τῶν
1721 2121 1880 2156 δογμάτων

1076 2170 1194 2206 ἀτοπίᾳ·
1214 2170 1320 2205 χρόνοις
1341 2169 1369 2196 δὲ
1390 2169 1504 2204 ὕστερον
1518 2169 1614 2203 τέχνην
1630 2167 1689 2201 βίου
1710 2167 1762 2199 τὴν
1785 2176 1882 2193 καινο-

239 2211 372 2238 doctrinm
396 2210 527 2236 novanda:
546 2217 656 2244 operam
681 2209 789 2237 dedisse
802 2229 810 2240 ,
827 2214 857 2236 ut
880 2210 931 2237 hac
950 2211 1024 2237 velut

1081 2214 1170 2250 τομίαν
1184 2214 1282 2249 ταύτην
1294 2213 1496 2249 προστήσασθαι
1506 2221 1513 2228 ’
1530 2212 1643 2238 ἐκδύντα
1654 2211 1709 2246 γὰρ
1720 2211 1812 2238 αὑτὸν
1825 2212 1882 2247 ἣιΞη

240 2259 299 2281 arte
319 2254 418 2280 victum
435 2252 488 2280 sibi
502 2257 621 2288 pararet.
635 2254 735 2288 quippe
760 2253 836 2280 illutn
856 2253 950 2281 relicta
967 2254 1025 2281 cul-

240 2304 301 2326 tura
318 2299 413 2331 vinere,
429 2306 509 2333 quam
522 2299 678 2332 possidebat
693 2298 731 2333 (at
742 2306 823 2333 quam
833 2299 906 2333 justo
918 2299 1023 2331 tacebo,

240 2353 274 2372 ne
293 2344 385 2371 videar
396 2343 520 2371 odiosius
543 2343 726 2370 narrationem
744 2343 903 2378 auspicari),
924 2344 1026 2378 princi-

241 2391 284 2425 pio
299 2389 407 2424 quidem
421 2389 520 2415 factum
533 2396 594 2416 esse
609 2387 715 2415 fabrum
734 2389 913 2415 caminarium
923 2410 931 2422 ,
946 2389 1025 2424 cujus

240 2444 285 2463 ars
302 2435 375 2462 circa
391 2434 479 2470 ignem
492 2439 518 2462 et
534 2434 658 2462 foruaces
675 2434 778 2462 ferreas
797 2434 971 2462 fabricandas
983 2435 1025 2462 in-

240 2482 367 2514 sumitur,
381 2480 508 2507 manibus
524 2484 677 2508 versantem
689 2480 800 2508 malleos
814 2480 980 2512 breviculos,
998 2485 1026 2508 et

238 2527 335 2562 exiguo
352 2527 444 2554 incudi
464 2526 583 2553 assidere
601 2526 708 2553 solitum
723 2534 729 2551 :
746 2526 797 2553 sub
811 2527 873 2553 exili
897 2526 1022 2561 tugurio,

240 2573 405 2607 sordidoque
419 2576 445 2599 et
460 2579 557 2606 magna
570 2571 694 2599 molestia
714 2571 776 2598 vitae
794 2573 950 2600 necessaria
973 2572 1024 2599 hoc

239 2627 290 2647 suo
314 2619 406 2646 labore
429 2621 630 2652 comparantem
647 2626 653 2644 :
669 2625 750 2652 quam
777 2619 849 2644 enim
870 2617 1023 2645 mercedem

239 2665 306 2692 adeo
321 2663 411 2699 magni
425 2663 613 2691 aestimandam
622 2666 773 2691 mereretur
787 2663 841 2695 ille,
856 2663 1022 2698 quisubpal-

275 2740 484 2776 (αγολτισηρις.
494 2740 629 2768 obscurus
638 2741 716 2776 virus
730 2740 757 2767 in
772 2740 954 2776 Cappadocia,
965 2741 1015 2767 Eu-

240 2777 323 2803 nomii
335 2775 460 2811 patrima
471 2783 525 2810 qua
540 2775 835 2811 ειιιιιιίοιιιῸλτισήριον
849 2776 980 2806 nominat,
990 2779 1017 2802 et

243 2811 320 2845 infra,
337 2809 436 2838 novum
447 2809 570 2839 Paianica
586 2819 619 2839 ex
630 2809 968 2846 Ollisiride'prodeuntem.

1076 2261 1125 2295 τὴν
1146 2259 1268 2286 δουλείαν
1282 2259 1430 2294 ἀμπελίδος
1452 2259 1503 2292 τῆς
1527 2256 1700 2292 κεκτημένης
1717 2257 1809 2283 αὑτὸν
1828 2259 1839 2292 (
1853 2258 1882 2283 τί,

1076 2305 1098 2331 δ’
1114 2305 1187 2336 ὅπως
1201 2304 1276 2330 οὐδὲν
1291 2303 1385 2339 δέομαι
1395 2296 1534 2337 λέγειν,ὼς
1546 2301 1579 2328 ἂν
1592 2301 1629 2336 μὴ
1641 2300 1754 2335 δόξαιμι
1768 2309 1883 2336 κακοη-

1077 2350 1201 2384 θέστερον
1216 2349 1262 2375 τοῦ
1273 2349 1440 2383 διηγήματος
1456 2346 1603 2380 ἅπτεσθαι)
1618 2344 1687 2372 εἶναι
1705 2346 1757 2381 μὲν
1789 2355 1882 2379 καμι-

1077 2395 1174 2431 νευτὴν
1191 2395 1251 2421 κατ’
1266 2393 1362 2429 ἀρχὰς,
1381 2393 1430 2429 τὴν
1444 2393 1566 2428 ἔμπυρον
1575 2391 1688 2426 ταύτην,
1701 2391 1752 2417 καὶ
1771 2391 1884 2426 βάναυ-

1079 2450 1122 2468 σον
1134 2441 1231 2476 τέχνην
1255 2440 1299 2466 διὰ
1318 2439 1408 2474 χειρὸς
1427 2439 1536 2474 ἔχοντα,
1552 2438 1642 2473 σφύρα
1665 2437 1790 2473 βραχείᾳ
1804 2459 1811 2470 ,
1832 2439 1885 2464 καὶ

1076 2487 1173 2521 ἄκμονι
1207 2485 1298 2521 μικρῷ
1321 2484 1546 2520 προσκαῡήμενον
1569 2482 1621 2509 ὑπὸ
1643 2482 1757 2518 τριχίνῃ
1785 2484 1883 2517 σκηνῇ

1075 2528 1209 2563 γλίσχρως
1226 2528 1272 2554 καὶ
1288 2528 1356 2562 μετὰ
1375 2527 1455 2554 πόνου
1470 2527 1504 2554 τὰ
1523 2527 1658 2560 ἀναγκαῖα
1678 2526 1727 2552 τοῦ
1749 2526 1818 2561 βίου
1836 2528 1884 2555 διὰ

1075 2574 1124 2608 τῆς
1146 2574 1277 2609 ἐργασίας
1292 2574 1395 2609 ταύτης
1418 2573 1662 2609 συμποριζόμενον.
1689 2571 1740 2602 τίς
1757 2572 1822 2608 γὰρ
1849 2573 1885 2599 ἄν

1076 2619 1123 2646 καὶ
1137 2619 1244 2653 γένοιτο
1262 2619 1358 2654 μισθὸς
1381 2619 1455 2652 ἄξιος
1476 2619 1555 2653 λόγου
1574 2617 1614 2653 τῷ
1631 2617 1825 2652 Θεραπεύοντι
1848 2620 1887 2645 τὰ

1076 2662 1218 2698 ὑπόσαθρα
1239 2663 1294 2690 τῶν
1319 2663 1516 2699 χαλκωμάτων,
1539 2663 1586 2689 καὶ
1613 2661 1793 2697 παραϐύργτι
1828 2663 1886 2695 τὰς

1105 2740 1141 2774 (ti)
1157 2740 1226 2768 Aetii
1240 2741 1321 2767 vitam
1334 2740 1514 2774 miserrimam
1525 2737 1656 2774 describit
1671 2737 1757 2774 Greg.
1773 2741 1883 2774 Nyss.,

1071 2769 1308 2804 ait'Theodoretus
1323 2775 1370 2803 lib.
1391 2775 1423 2802 de
1439 2773 1534 2801 "ceret.
1549 2769 1655 2804 fabulis.
