1914 3079
77 130 121 158 261
638 126 774 155 CONTRA
795 125 988 156 EUNOMIUM.
1010 125 1072 152 LIB.
1095 127 1113 152 t.

1635 126 1690 155 262

75 185 232 222 τρυμαλιᾶς,
245 185 342 213 καὶτὸν
349 185 506 221 κασσίτερον
514 186 572 217 ταῖς
584 185 698 220 πληγαῖς
706 184 854 211 ἑπιλύοντι’,

907 183 960 209 lida
977 186 1123 209 :eramenta
1141 181 1300 213 renovabat,
1316 182 1362 216 qui
1380 180 1513 208 foramina
1531 181 1688 215 obturabat,

76 233 120 260 καὶ
135 231 334 267 μολιὸδοχοῦντι
348 231 402 258 τῶν
417 231 536 266 λεῦήτων
548 232 595 262 τὰς
606 231 698 265 βάσεις
707 238 713 245 ·
729 230 854 264 γενέσθαι

74 275 103 304 δὲ
115 277 162 312 τῆς
173 276 220 303 τοῦ
232 276 290 311 βίου
309 275 458 311 μεταϐολῆς
470 275 568 307 αἰτίαν,
587 275 727 310 συμφοράν
737 283 797 301 τινα
811 274 854 300 διὰ

73 323 118 357 τῆς
130 322 226 356 τέχνης
239 321 381 356 συμϐᾶσαν
395 321 479 356 αὐτῷ.
491 321 624 352 Λαϐόντος
637 321 690 356 γάρ
702 328 766 346 ποτε
780 319 854 354 παρὰ

73 368 196 401 γυναικὸς
218 367 408 403 στρατιώτιδος
433 367 547 403 χρύσεόν
560 376 586 394 τι
611 367 706 398 σκεῦος
725 366 779 393 τῶν
790 367 854 401 περὶ

71 415 180 450 δέῥρην,
196 414 212 449 ἢ
227 415 307 449 χεῖρα
323 415 573 449 πῳκοσμημάτων,
586 415 628 448 ἐφ’
640 410 692 448 ᾧτε
710 414 759 447 τὴν
779 422 855 447 γενο-

74 460 155 494 μένην
175 459 251 494 αὺτῷ
277 460 384 495 πληγὴν
411 459 625 495 διορθώσασθαι,
654 459 794 494 ἀπατῆσαι
821 460 854 486 δι’

72 506 191 536 ἐπινοίας
207 506 258 540 τὴν
272 506 413 542 ἄνθρωπον
426 515 433 521 '
455 506 500 532 καὶ
522 506 667 540 ὑφελέσθαι
683 507 731 541 μὲν
747 506 775 532 τὸ
791 506 855 541 χρύ-

73 559 142 581 σεον,
159 549 313 576 ἀντιδοῦναι
332 550 359 575 δὲ
376 550 489 585 χάλκεον
504 550 571 584 αὐτῇ
589 550 619 576 τὸ
640 550 745 582 σκεῦος,
766 551 856 585 ίσομέ-

73 595 148 629 γεθες
160 595 199 629 τῷ
214 595 318 630 χρυσῷ.
337 595 383 621 καὶ
398 595 447 630 τὴν
462 595 619 629 ἐπιφάνειαν
633 596 731 630 ὁμοίως
750 596 810 632 ἔχον
822 597 855 624 δι’

70 640 228 666 ἐπιπολαίου
248 639 348 675 βαφῆς,
364 639 467 675 χρυσίῳ
481 640 526 666 τὸν
541 640 639 675 χαλκὸν
664 641 853 676 ἐπαλεῖψαντα·

70 685 317 719 κατασοφισθεῖσαν
337 685 364 711 δὲ
389 684 427 719 τῷ
451 685 605 721 φαινομένῳ
628 686 676 721 τὴν
693 686 833 721 ἄνθρωπον
846 694 853 700 ·

67 732 152 762 δεινὸς
167 731 221 766 γὰρ
231 729 265 767 ἦν
281 732 327 758 καὶ
340 732 372 766 τῇ
386 731 549 766 χαλκευτικῇ
569 732 613 759 διὰ
632 732 685 758 τῶν
698 733 747 767 τῆς
759 733 855 768 τέχνης

69 777 254 812 σοφισμάτων,
269 777 331 808 τοὺς
342 778 496 812 χρωμένους
507 777 738 812 παραλογίσασθαι
749 786 754 792 ’
768 777 855 812 χρόνῳ

69 823 196 856 φωρᾶσαι
212 822 262 856 τὴν
277 822 340 857 περὶ
363 822 393 849 τὸ
415 823 524 857 χρυσίον
545 823 723 858 κακουργίαν,
736 822 855 857 ἐξαλειφ-

67 868 161 902 θείσης
178 869 210 894 ὲκ
223 867 269 894 τοῦ
286 868 387 902 χαλκοῦ
405 869 454 903 τῆς
471 868 576 903 βαφῆς·
596 867 655 895 εἶτα
671 867 808 903 μετελθεῖν
825 869 854 894 ἐν

65 913 130 949 δίκῃ
143 914 189 939 τὸν
206 913 336 948 κλέπτην,
358 913 531 948 στρατιωτῶν
544 921 625 940 τινων
652 913 722 940 κατὰ
742 913 773 939 τὸ
790 921 854 947 συγ-

66 959 148 992 γενὲς
174 959 222 985 καὶ
236 959 370 993 ὁμόφυλον
381 958 595 994 συγκινηθέντων
605 959 646 990 εἰς
658 959 852 994 ἀγανάκτησιν.

66 1004 120 1030 Τὸν
138 1003 166 1030 δὲ
183 1003 305 1030 παθόντα
321 1005 389 1038 μετὰ
408 1004 458 1038 τὴν
474 1004 575 1038 τόλμαν
593 1004 712 1038 ἐκείνην,
738 1004 788 1030 ὅσα
808 1013 855 1030 πα-

65 1049 123 1075 θεῖν
147 1049 220 1080 εἰκὸς
246 1049 291 1075 τὸν
310 1049 464 1082 ἀπατεῶνα,
487 1050 534 1076 καὶ
558 1049 689 1084 κλέπτην,
709 1050 783 1085 ὅρκῳ
804 1050 854 1085 τῆς

62 1095 165 1129 τέχνης
180 1095 275 1121 ἑαυτὸν
296 1095 463 1129 ἀποστῆσαι*
478 1094 571 1130 ὥσπερ
583 1095 644 1130 οὐχὶ
662 1095 711 1130 τῆς
725 1095 854 1131 προαιρέ-

64 1149 154 1173 σεως,
170 1140 237 1166 ἀλλὰ
251 1140 297 1166 τοῦ
318 1139 532 1176 ἐπιτηδεύματος
548 1140 596 1175 τὴν
613 1141 761 1175 ἐπιθυμίαν
778 1141 854 1175 αὐτῷ

59 1187 114 1221 τῆς
130 1186 236 1220 κλοπῆς
247 1186 458 1221 ἐμποιήσαντος.
486 1185 642 1212 ’Λκόλουθον
655 1186 683 1212 δὲ
697 1186 764 1221 μετὰ
775 1186 854 1213 τοῦτο

61 1232 214 1266 γενόμενον
231 1230 324 1266 ἰατροῦ
337 1240 406 1263 τινος
419 1231 472 1257 τῶν
487 1231 699 1266 ἀγυρτευόντων,
717 1232 754 1262 ὡς
770 1232 802 1258 ἂν
818 1233 854 1268 μὴ

60 1277 208 1308 παντελῶς
221 1277 350 1312 ἀπορήσῃ
362 1277 410 1312 τῆς
421 1277 573 1311 ἀναγκαίας
586 1279 699 1313 τροφῆς,
714 1279 814 1309 οἰκίαις
825 1287 854 1304 τε

60 1324 123 1355 cui;
141 1322 353 1357 ἁφανεστέραις,
371 1323 416 1349 καί
429 1331 501 1349 τισιν
520 1324 735 1359 ἀπερριμμένοις
752 1323 855 1359 ἀνθρὼ-

61 1378 127 1400 ποις
144 1369 192 1395 ἐπὶ
207 1369 246 1403 τῷ
267 1369 439 1404 προσχήματι
453 1369 502 1404 τῆς
523 1370 647 1403 ἰατρικῆς
663 1369 853 1405 ἐπιφέρεσθαι.

63 1413 133 1441 Εἶτα
152 1415 212 1440 κατ’
230 1414 319 1448 ὀλίγον
341 1415 380 1445 είς
403 1414 531 1450 εὐπορίαν
559 1414 632 1448 αὺτῷ
659 1415 710 1449 τῆς
735 1415 855 1445 ἐπινοίας

60 1460 209 1495 ἐλθούσης,
230 1460 372 1495 ’Δρμενὶου
386 1460 457 1492 τινὸς
470 1460 671 1495 εὐεξαπατήτου
688 1461 731 1487 διὰ
746 1461 777 1488 τὸ
790 1461 855 1496 βάρ-

58 1506 160 1541 ϐαρον,
175 1506 212 1537 ὡς
231 1506 316 1540 ἰατρῴ
331 1506 475 1541 προσέχειν
491 1507 710 1538 ἀναπεισθέντος,
727 1508 774 1533 καὶ
790 1515 853 1542 συχ-
867 1522 888 1550 c

58 1553 108 1578 νὺν
123 1551 201 1588 αὺτῷ
215 1552 447 1587 ὑποχορηγοῦντος
460 1552 602 1587 ἀργύριον,
619 1552 716 1588 μικρὸν
729 1553 853 1587 ἡγεῖσθαι

54 1598 112 1633 ἤδη
131 1597 164 1624 τὸ
182 1597 306 1632 θητεύειν
328 1598 432 1632 ἑτέροις
454 1599 499 1624 ἐπὶ
518 1599 551 1633 τῇ
577 1598 672 1634 τέχνῃ,
692 1598 749 1624 ιὶιλλ1
772 1599 854 1625 αὑτὸν

55 1643 159 1676 ἀξιοῦν
175 1643 266 1678 ίατρδν
285 1641 354 1670 εἶναι
372 1644 418 1670 καὶ
430 1644 618 1679 ὀνομάζεσθαι,
644 1644 784 1670 Ἐντεῦθεν
800 1645 854 1670 τοί-

60 1698 111 1715 νυν
133 1689 270 1723 συλλόγων
285 1698 314 1715 τε
339 1691 461 1725 μετεῖχεν
479 1690 616 1724 ἰατρικῶν,
642 1690 688 1716 καὶ
708 1691 764 1721 τοῖς
787 1690 854 1724 πρὸς

54 1735 121 1770 ἔριν
133 1734 318 1769 λογομαχοῦσι
336 1735 573 1770 καταμιγνύμενος
585 1756 591 1767 ,
606 1734 660 1760 τῶν
675 1734 798 1768 βοώντων
814 1733 854 1765 εἷς

51 1777 107 1814 ἦν.
124 1779 181 1805 Καὶ
197 1779 227 1805 ὲν
236 1780 269 1814 τῇ
287 1778 334 1805 τοῦ
353 1779 432 1813 λόγου
449 1780 518 1814 ῥοπῇ
537 1780 568 1805 τὸ
583 1778 644 1805 καθ’
658 1779 753 1805 ἑαυτὸν
771 1787 854 1813 προσ-

50 1824 158 1855 τιθεὶς,
181 1824 212 1850 οὐ
228 1823 333 1858 μικρῶς
348 1824 527 1855 ἐσπουδάζετο
546 1824 621 1858 παρὰ
637 1823 691 1850 τῶν
703 1823 734 1850 τὸ
748 1823 854 1855 ἀναιδὲς

49 1871 118 1904 τῆς
135 1869 231 1904 φωνῆς
247 1870 315 1905 πρὸς
333 1870 381 1901 τὰς
402 1870 506 1897 ἑαυτῶν
527 1869 691 1904 φιλονεικίας
707 1869 854 1904 ἐκμισθου-

51 1916 165 1951 μένων.

96 1960 301 1994 Διπαρωτέρας
315 1959 343 1985 δὲ
360 1959 404 1985 διὰ
420 1959 521 1985 τούτων
544 1959 763 1994 προσγενομένης
780 1959 854 1994 αὐτῷ

51 2005 113 2038 τῆς
132 2003 240 2038 μάζης.
266 2004 316 2030 οὐκ
337 2003 475 2038 ἐπιμένειν
490 2003 558 2038 ᾤετο
574 2003 628 2030 δεῖν
640 2004 694 2030 οὐδ’
716 2005 744 2030 ὲν
767 2005 854 2040 τούτῳ

47 2050 99 2083 τῷ
118 2049 187 2083 βίῳ,
203 2048 272 2074 ἀλλὰ
293 2048 343 2084 τὴν
361 2049 483 2083 ἰατρικὴν
503 2048 609 2083 ἐκείνην
627 2048 695 2084 μετὰ
716 2049 764 2084 τῆς
789 2050 852 2084 χαλ-

49 2096 195 2128 κευτικῆς
219 2093 280 2120 κατ’
303 2094 392 2127 ὀλίγον
417 2094 596 2121 ὑπαπεδύετο.
621 2095 724 2130 Ἀρείου
753 2095 790 2121 δὲ’
806 2095 853 2121 τοῦ

47 2141 203 2174 θεομάχου
216 2140 252 2165 τὰ
272 2139 380 2174 πονηρὰ.
394 2139 480 2166 ταῦτα
503 2139 646 2175 σπέρματα
660 2140 713 2166 τῶν
729 2140 853 2172 ζιζανίων

906 229 1005 263 quique
1018 231 1145 255 stannum
1162 227 1261 255 ictibus
1277 227 1426 260 molliebat,
1441 232 1467 255 et
1486 227 1628 262 plumbeas
1650 228 1689 256 le-

905 274 997 300 betum
1014 274 1092 301 bases
1108 273 1248 305 fundebat,
1265 280 1376 300 causam
1394 281 1458 301 vero
1469 273 1531 301 vitae
1552 274 1690 311 mutanda:

907 320 991 347 fuisse
1009 319 1048 347 illi
1067 319 1248 346 calamitatem
1263 319 1407 354 quamdam
1419 327 1453 346 ex
1470 319 1578 354 opificio
1590 325 1689 347 ortam.

906 366 1026 401 Accepto
1047 366 1120 394 enim
1142 366 1176 393 ab
1199 372 1284 392 uxore
1303 365 1398 392 militis
1410 365 1555 399 cujusdam
1574 366 1616 392 vel
1632 373 1691 392 ma-

906 421 1002 446 nuum,
1019 413 1060 441 vel
1072 413 1134 440 colli
1154 417 1334 444 ornamento,
1353 417 1382 439 ut
1405 411 1471 439 illud
1494 412 1549 439 ictu
1570 412 1689 447 quodam

906 459 1026 490 fractum
1049 463 1208 494 repararet,
1235 459 1450 486 circumvenissc
1477 459 1635 490 mulierem,
1662 462 1691 485 et

906 512 1019 532 aureum
1036 505 1146 540 quidem
1163 505 1264 532 monile
1283 504 1461 539 surripuisse,
1479 512 1579 531 aereum
1599 508 1690 532 autem

907 550 1068 582 reddidisse,
1084 559 1160 585 mque
1171 558 1297 585 magnum
1310 558 1342 577 ac
1353 558 1465 577 aureum
1477 570 1484 581 ,
1503 551 1636 585 planeque
1652 550 1693 578 si-

907 597 970 623 mile
984 597 1012 623 in
1032 597 1194 632 superficie,
1216 597 1251 624 ob
1274 597 1422 623 tincturam
1443 602 1602 628 externam,
1622 597 1691 624 illito

907 649 974 668 auro
998 643 1044 669 auri
1063 652 1070 669 :
1089 641 1228 676 deceptam
1249 648 1312 668 vero
1333 645 1480 675 apparente
1507 641 1598 675 specie
1619 640 1692 667 femi-

906 695 970 714 nam
989 688 1104 723 (peritus
1124 688 1195 715 enim
1219 691 1278 715 erat
1301 687 1385 714 rariis
1411 686 1480 713 fucis
1498 690 1525 713 et
1550 686 1691 714 fraudibus

906 734 1010 760 :erariee
1029 741 1085 761 sua:
1103 734 1170 760 artis
1188 732 1430 759 circumsCribcndi
1443 740 1516 767 reos,
1540 732 1586 766 qui
1609 740 1691 767 opera

908 778 981 805 illius
993 778 1152 812 utebamur)
1169 785 1299 806 successu
1314 778 1445 812 temporis
1463 778 1642 812 impostnram
1665 782 1692 805 et

908 823 1070 850 maleficium
1089 823 1311 858 deprehendisse.
1328 823 1416 850 deleta
1435 831 1469 850 ex
1483 831 1537 851 aere
1552 823 1687 851 tinctura:

905 873 1032 897 catcruul
1046 869 1173 904 deinceps
1189 868 1274 897 furem
1291 870 1318 896 in
1333 870 1380 904 jus
1395 873 1538 903 vocatum,
1559 870 1693 897 militibus

904 915 1044 942 nonnullis
1062 923 1110 950 pro
1122 920 1217 943 mutuo
1231 915 1301 942 inter
1313 923 1342 942 se
1357 923 1408 942 usu
1423 919 1450 943 et
1466 923 1559 943 amore
1573 916 1692 950 indigni-

906 965 988 988 tatem
1006 961 1136 989 facinoris
1148 969 1220 996 aegre
1236 957 1398 989 ferentibus.
1418 961 1497 989 llunc
1515 966 1606 989 autem
1628 970 1692 997 per-

905 1013 1015 1040 pessum
1033 1014 1064 1033 ea
1083 1014 1143 1041 qua:
1163 1007 1339 1041 impostorem
1358 1013 1385 1034 et
1411 1007 1497 1034 furem
1508 1008 1623 1042 .perpeti
1645 1016 1691 1035 nc-

905 1058 983 1079 cesse
1000 1055 1051 1082 est,
1065 1051 1245 1086 jurejurando
1260 1051 1376 1078 artificio
1393 1059 1445 1079 suo
1460 1059 1520 1078 sese
1536 1052 1690 1079 abdicasse.

905 1094 988 1128 Quasi
1007 1104 1060 1123 non
1084 1097 1207 1123 voluntas
1223 1100 1249 1123 et
1267 1097 1458 1132 propositum,
1482 1097 1529 1123 sed
1552 1097 1691 1131 opificium

905 1141 930 1168 ei
946 1141 1012 1168 furti
1028 1141 1203 1177 cupiditatem
1215 1142 1347 1176 injeeerit.
1361 1142 1485 1170 Posth’azc
1493 1141 1593 1169 factum
1608 1142 1692 1170 fuisse

906 1185 1036 1213 famulum
1057 1187 1155 1214 medici
1171 1187 1313 1222 cujusdam
1334 1187 1562 1218 circumforanei,
1582 1196 1616 1214 ne
1634 1196 1692 1214 0m-

906 1232 971 1258 nino
983 1233 1064 1260 rebus
1078 1233 1109 1260 ad
1124 1233 1224 1260 victum
1248 1233 1411 1260 necessariis
1434 1233 1645 1266 destitueretur;
1665 1237 1691 1260 et

906 1277 1047 1305 medicina:
1060 1282 1191 1312 praetextu
1212 1278 1381 1312 abjectorum
1397 1281 1424 1305 et
1440 1277 1615 1305 sordidarum
1641 1279 1690 1305 lio-

907 1322 1010 1348 minum
1029 1330 1109 1350 casas
1126 1326 1153 1349 et
1167 1323 1280 1350 latibula
1296 1322 1409 1351 abiisse.
1435 1322 1533 1350 Postea
1558 1323 1690 1359 paulatim

905 1367 1003 1401 opibus
1013 1372 1132 1398 auctura,
1147 1371 1172 1394 et
1188 1367 1317 1394 Armenio
1326 1367 1455 1402 quodam,
1465 1375 1546 1402 quem
1560 1372 1691 1403 tanquam

907 1413 1051 1440 barbarum
1067 1413 1094 1439 in
1111 1413 1234 1439 fraudem
1250 1412 1355 1440 illicere
1371 1412 1440 1439 nihil
1453 1417 1513 1440 erat
1528 1414 1639 1448 negotii,
1661 1417 1691 1440 ut

906 1458 958 1485 sibi
970 1459 1043 1485 velut
1058 1458 1166 1485 medico
1183 1465 1265 1486 aures
1282 1458 1371 1491 daret,
1385 1465 1528 1492 persuaso,
1543 1459 1692 1494 multisque

907 1505 1001 1532 abillo
1018 1505 1077 1531 auri
1091 1504 1260 1538 ponderibus
1278 1505 1415 1539 acceptis,
1433 1504 1574 1539 indignum
1597 1505 1693 1532 existi-

906 1559 1010 1581 masse,
1032 1554 1062 1577 ut
1082 1550 1108 1576 in
1127 1554 1267 1583 posterum
1283 1550 1346 1577 aliis
1364 1550 1390 1576 in
1411 1553 1469 1576 arte
1486 1550 1589 1576 medica
1605 1551 1693 1578 servi-

905 1601 963 1628 ret;
985 1586 1178 1630 scd'scipsum
1204 1602 1254 1630 pro
1280 1595 1387 1622 medico
1408 1595 1503 1622 haberi
1524 1599 1551 1622 et
1569 1596 1621 1623 dici
1644 1604 1692 1622 vo-

906 1640 998 1667 luisse.
1017 1640 1055 1667 Ex
1069 1640 1116 1667 illo
1133 1640 1216 1675 igitur
1233 1644 1355 1674 tempore
1369 1643 1552 1666 conventuum
1571 1641 1692 1668 medico-

908 1693 966 1712 rum
985 1686 1142 1720 partieipem
1164 1685 1285 1717 factum,
1302 1685 1484 1712 immiscuisSe
1500 1693 1529 1713 se
1551 1686 1623 1717 illis.
1645 1687 1694 1721 qui

906 1732 1025 1766 linguam
1047 1731 1080 1758 ad
1101 1732 1175 1759 rixas
1195 1735 1323 1759 exercent
1337 1751 1344 1762 ,
1363 1739 1503 1766 unumque
1521 1739 1554 1758 ex
1577 1739 1694 1760 numero

905 1777 1062 1804 rabularum
1077 1777 1174 1807 fuisse,
1190 1781 1227 1808 et,
1247 1784 1309 1804 eum
1324 1776 1350 1803 in
1366 1776 1465 1811 linguae
1476 1776 1645 1804 volubilitate
1666 1781 1693 1804 et

905 1823 1010 1850 viribus
1031 1822 1175 1849 facultates
1192 1829 1257 1848 suas
1275 1822 1342 1848 sitas
1362 1821 1542 1853 existimaret.
1565 1829 1619 1849 non
1643 1830 1692 1857 pa—

907 1876 965 1895 rum
988 1868 1150 1894 honoratum
1164 1875 1225 1894 esse
1240 1867 1274 1894 ab
1285 1867 1348 1898 illis,
1363 1867 1408 1901 qui
1425 1867 1620 1904 impudentiam
1635 1869 1694 1896 oris

906 1913 938 1940 ad
954 1913 1079 1947 proprias
1094 1913 1284 1939 contentiones
1300 1911 1467 1938 conducunt.

943 1959 1028 1985 Porro
1043 1965 1105 1984 cum
1125 1966 1157 1991 ex
1176 1958 1227 1985 hoc
1244 1958 1304 1984 vita:
1320 1964 1418 1991 genere
1432 1958 1558 1993 pinguior
1574 1958 1598 1986 ei
1610 1958 1695 1986 obve-

905 2005 992 2031 nisset
1005 2003 1124 2035 fortuna,
1148 2011 1202 2030 non
1224 2003 1328 2038 putavit
1348 2003 1452 2030 diutius
1476 2003 1502 2030 in
1519 2011 1551 2031 eo
1567 2012 1695 2038 perseve-

905 2050 1034 2082 randum,
1053 2049 1099 2077 sed
1115 2053 1201 2076 artem
1220 2049 1294 2075 illam
1311 2048 1445 2075 medicam
1464 2056 1526 2075 cum
1541 2050 1628 2076 fabrili
1643 2057 1694 2077 seu

905 2098 1000 2124 maria
1020 2096 1148 2131 paulatim
1164 2095 1296 2122 deseruit.
1310 2095 1376 2121 Ario
1399 2098 1490 2121 autem
1513 2095 1624 2122 inimico
1645 2095 1693 2124 Dei

906 2142 1058 2177 perniciosa
1083 2141 1128 2167 illa
1148 2140 1314 2167 zizaniorum
1340 2139 1444 2166 semina
1469 2144 1575 2167 serente
1590 2141 1600 2156 ⁶
1615 2141 1694 2175 (quo-

46 2185 278 2220 ὲνσπείραντος·
293 2182 332 2211 ὦν
353 2186 367 2211 ὁ
390 2186 494 2220 καρπός
513 2186 571 2212 ἐστι
585 2186 637 2212 τῶν
658 2186 802 2220 Ἀνσμοίων
819 2185 853 2212 τὰ

907 2196 965 2215 rum
984 2187 1090 2215 fructus
1099 2191 1141 2214 est
1156 2187 1279 2213 doctrina
1296 2186 1514 2221 Anomceorum),
1524 2186 1623 2213 scholae
1639 2194 1694 2214 me-

44 2233 200 2266 δὸγματα·
216 2231 244 2257 αί
256 2231 309 2257 τῶν
318 2231 442 2266 ὶατρείων
456 2231 548 2266 σχολαὶ
563 2231 712 2266 τηνικαῦτα
724 2233 778 2262 τοῖς
790 2240 822 2257 πε
827 2232 853 2267 ρὶ

43 2279 110 2306 τοῦ
134 2279 292 2313 ζητήματος
317 2277 420 2304 ἐκείνου
437 2278 560 2313 θορύὸοις
578 2277 764 2314 περιηχοῦντο.
789 2279 854 2312 Ἑμ-

46 2324 221 2360 μελετήσας
246 2323 336 2350 τοίνυν
364 2325 396 2358 τῇ
421 2323 532 2359 τοιαύτῃ
556 2323 697 2359 διατριϐῇ,
724 2324 769 2350 καί
794 2333 854 2351 τινα

41 2372 254 2407 συλλογισμῶν
275 2371 368 2405 ἔφοδον
385 2371 413 2404 ἐξ
433 2370 654 2406 Ἀριστοτελικῶν
667 2371 854 2406 ἁπηχημάτων

41 2417 283 2452 παρατηρήσας,
300 2415 448 2450 ὀνομαστὸς
469 2413 502 2449 ἦν
515 2415 559 2441 τὸν
581 2415 687 2450 πατέρα
711 2415 760 2451 τῆς
777 2417 853 2452 αίρέ-

41 2471 135 2493 σεως
157 2463 260 2497 ’Λρεῖον
277 2463 309 2496 τῇ
332 2462 470 2497 καινότητι
485 2461 540 2488 τῶν
554 2462 755 2497 ἐφευρεθέντων
770 2463 854 2497 ὑπερ-

38 2508 247 2543 εειὶλόμενος,
271 2507 370 2542 μᾶλλον
392 2507 418 2534 δὲ
438 2508 492 2534 τῶν
516 2507 579 2543 παρ’
602 2508 705 2534 ἐκείνου
722 2507 856 2535 τεθέντων

36 2555 113 2590 τὴν
146 2553 309 2580 ἀκολουθίαν
341 2555 511 2588 κατανοήσας
541 2553 664 2588 ἁγχίνοός
697 2562 737 2586 τις
767 2553 855 2586 ἔδοξεν

36 2601 135 2629 εἶναι
152 2601 199 2626 καὶ
216 2600 270 2625 τῶν
294 2599 415 2635 κρυφίων
433 2599 587 2634 εὑρετικός·
611 2599 640 2625 τὸ
657 2600 764 2626 κτιστδν
775 2619 782 2630 ,
808 2601 855 2626 καὶ

34 2649 83 2676 τ’)
107 2646 140 2679 ὲξ
161 2645 212 2672 οὐκ
230 2645 325 2677 ὄντων,
341 2645 466 2680 ἀνόμοιον
478 2644 546 2672 εἶναι
560 2645 598 2680 τῷ
610 2646 741 2677 κτίσαντι,
758 2647 803 2672 καὶ
815 2646 854 2681 τῷ

33 2704 66 2721 π
76 2691 256 2727 ιραγαγόντι
276 2691 309 2716 ὲκ
321 2690 368 2717 τοῦ
380 2691 416 2725 μὴ
429 2690 504 2722 ὄντος
518 2691 736 2726 ἀποφηνάμενος.

93 2834 112 2850 ο
128 2831 223 2859 Matth.
237 2839 298 2864 xm,
316 2831 351 2858 Et
370 2839 427 2867 sqq.

906 2234 1028 2261 dieorum
1041 2233 1205 2261 clamoribus
1220 2232 1253 2259 de
1268 2232 1319 2258 hac
1331 2231 1483 2266 quaastione
1499 2233 1694 2266 personabant.

907 2280 990 2314 igitur
1010 2286 1071 2306 cum
1092 2279 1186 2305 Aetius
1211 2278 1237 2304 in
1253 2278 1304 2304 hac
1328 2277 1454 2311 palmstra
1470 2277 1616 2312 diligenter
1633 2286 1694 2306 sese

906 2326 1084 2356 exercuisset,
1112 2328 1138 2351 et
1160 2323 1381 2358 syllogismorum
1405 2322 1486 2350 etiam
1513 2324 1695 2358 quorumdam

906 2379 939 2397 ex
955 2370 1138 2397 Aristotelicis
1153 2369 1338 2396 monumentis
1357 2368 1512 2403 congeriem
1526 2369 1692 2404 collegisset,

907 2418 999 2444 clarus
1022 2421 1048 2443 et
1077 2415 1193 2442 celebris
1222 2419 1291 2445 erat,
1320 2417 1449 2448 superato
1473 2414 1554 2441 etiam
1582 2419 1695 2449 parente
1740 2446 1750 2450 ν

907 2463 989 2496 hujus
1003 2462 1138 2488 luereseos
1156 2460 1232 2492 Ario,
1248 2459 1321 2492 quod
1341 2459 1373 2486 ad
1393 2459 1564 2487 invemorum
1585 2460 1696 2495 dogma-

908 2512 963 2534 tum
987 2507 1136 2534 novitatem
1156 2506 1269 2539 attinet;
1289 2508 1316 2532 et
1335 2513 1396 2532 cum
1423 2506 1509 2540 magis
1531 2506 1692 2540 intelligeret

908 2552 1031 2579 ordinem
1051 2555 1078 2578 et
1099 2550 1298 2578 connexionem
1319 2558 1424 2582 eorum,
1445 2558 1504 2585 qua:
1527 2551 1609 2578 Arius
1622 2558 1695 2578 com-

909 2601 1016 2625 mentus
1029 2596 1126 2628 fuerat,
1146 2603 1229 2631 sagax
1246 2600 1273 2623 et
1286 2596 1373 2623 solers
1389 2596 1547 2627 habebatur,
1562 2599 1588 2621 et
1603 2595 1635 2621 ad
1648 2602 1695 2623 res

909 2644 1050 2671 abstrusas
1065 2643 1232 2678 indagandas
1248 2649 1378 2677 perquam
1395 2641 1518 2671 idoneus,
1533 2640 1693 2674 ostendens,

909 2690 937 2716 id
951 2687 1023 2724 quod
1037 2694 1157 2717 creatum
1170 2693 1252 2722 esset,
1276 2693 1304 2716 et
1316 2696 1349 2715 ex
1375 2694 1429 2714 non
1441 2689 1568 2714 exitescu
1594 2685 1693 2718 nihilo,
1728 2711 1733 2715 .

910 2735 1042 2771 dissimile
1056 2743 1117 2763 esse
1130 2735 1262 2763 Creatori.
1281 2737 1307 2762 et
1329 2733 1364 2765 ei,
1385 2731 1457 2767 quod
1474 2739 1507 2759 ex
1529 2731 1614 2760 nihilo
1625 2732 1695 2761 etltt~

910 2779 961 2806 xit.
