1914 3079
221 103 275 132 ἳϋδ

220 205 335 240 cupidas
355 212 436 231 aures
456 204 587 237 titillavit,
605 204 714 236 accidit,
729 207 758 230 ut
775 204 846 230 hanc
859 204 1007 230 novitatem

220 251 302 277 etiam
322 253 500 285 cognosceret
524 249 693 284 Theophilus
709 249 846 284 Blemmys
865 249 915 283 (α),
930 248 1009 283 cujus

221 295 312 322 studio
325 302 387 322 cum
405 294 482 321 Gallo
508 294 650 323 familiaris
673 298 755 325 esset,
778 294 868 321 aditus
890 293 1010 328 patefac-

221 345 264 367 tus
275 345 316 367 est
330 339 408 366 Aetio
419 340 451 366 ad
468 339 609 373 palatium.
626 339 660 366 At
669 347 731 366 cum
743 338 838 366 Gallus
851 339 1009 373 przefectum

223 386 402 412 Domitianum
415 390 441 411 et
450 384 579 411 Montium
593 384 629 419 (ὁ)
638 385 769 411 scelerate
781 384 917 411 trucidare
928 391 1010 411 ausus

222 431 329 463 fuisset,
348 437 454 461 omnes,
472 429 518 464 qui
540 429 693 457 detestandi
708 430 780 457 illius
802 429 930 457 facinoris
948 437 1010 464 par-

223 479 318 513 ticipes
344 478 462 508 fuerant,
491 477 638 512 participes
661 479 743 504 etiam
773 478 892 511 fuerunt,
915 482 943 504 ut
963 486 1011 512 par

222 527 291 554 erat,
310 523 443 550 interitus,
457 523 548 550 illius:
565 523 640 550 solus
656 524 708 550 iste
727 522 819 557 effugit
835 523 1009 557 supplicium,

222 569 320 603 dignus
331 569 482 603 judicatus,
497 568 544 602 qui
564 568 630 594 nihil
650 568 758 595 adversi
783 572 931 603 pateretur,
949 575 1010 594 cum

223 614 283 640 aliis
298 613 421 648 ejusdem
442 613 553 640 sceleris
578 614 763 641 consortibus.
787 614 892 640 interea
915 620 1012 647 magno

223 656 373 685 Athanasio
391 666 425 685 ex
438 657 683 685 Alexandrinorum
701 657 822 684 Ecclesia
840 657 1012 692 imperatoris

224 701 367 737 tyrannide
382 702 479 737 ejeclo,
495 701 610 737 Georgio
631 706 721 729 autem
739 701 949 729 Tarbastheuite
966 709 1013 736 po-

223 748 317 782 pulum
345 748 421 774 illum
449 748 618 775 convelleute
647 751 674 774 ct
704 748 878 782 exagitante,
915 748 1012 774 iterum

224 793 425 821 Alexandrinus
440 794 468 820 fit
484 794 591 826 Aetius,
608 793 714 820 nemine
727 793 842 820 inferior
854 802 886 820 ex
902 793 956 820 illis
967 794 1013 827 qui

838 101 866 128 S.
887 100 1053 128 GR‘EGOMI
1074 101 1220 130 NYSSENI

259 159 293 187 Ut
308 166 372 193 ergo
392 158 549 192 hujusmodi
569 158 740 186 sermonibus
763 165 852 188 rerum
874 165 1005 185 novarum
1020 167 1043 194 Α

1788 108 1839 136 26ἱ

1098 160 1207 195 Ἐπειδὴ
1231 159 1318 186 τοίνυν
1341 154 1385 186 διέι
1408 160 1460 187 τῶν
1476 160 1602 188 τοιούτων
1621 161 1707 195 λόγων
1727 162 1775 193 τὰς
1796 172 1840 197 ψι-

1059 204 1197 236 λοκαίνους
1218 204 1272 230 τῶν
1293 204 1380 231 ταῦτα
1399 205 1546 231 νοσούντων
1568 205 1652 237 ἀκοὰς
1666 206 1838 240 ὲγαργάλιζε.

1059 249 1187 284 γινώσκει
1208 250 1257 286 τὴν
1280 251 1461 284 καινοφωνίαν
1485 251 1585 286 ταύτην
1611 252 1659 278 καὶ
1683 253 1697 278 ὁ
1718 253 1841 288 Βλέμμυς

1060 295 1187 329 Θεόφιλος
1197 315 1204 326 ,
1259 295 1402 330 συνηθείας
1417 295 1488 327 τινὸς
1513 296 1576 330 περὶ
1601 296 1646 322 τὸν
1663 296 1764 323 Γάλλον
1779 306 1842 332 προσ

1061 341 1244 376 υπαρχοὺοης,
1258 341 1272 366 ὁ
1287 341 1388 372 Ἀέτιος
1402 342 1441 372 εἰς
1457 341 1490 367 τὰ
1503 341 1624 375 βασίλεια
1635 342 1666 368 δι’
1683 342 1764 369 αὑτοῦ
1777 351 1841 377 παρ-

1061 387 1160 414 εδύετο.
1186 387 1238 413 Τοῦ
1257 387 1285 413 δὲ
1314 387 1377 422 περὶ
1398 387 1443 413 τὸν
1467 387 1587 423 ὕπαρχον
1612 389 1775 423 Δομετιανον
1799 390 1842 415 καὶ

1061 434 1175 460 Μόντιον
1201 433 1282 467 ἄγους
1304 433 1453 468 τηνικαῦτα
1474 433 1653 468 τολμηθέντος
1670 433 1710 468 τῷ
1739 434 1841 468 Γάλλῳ,

1063 481 1161 511 πάντες
1178 479 1202 506 οἱ
1228 480 1349 506 κοινωνοὶ
1368 479 1414 506 τοῦ
1431 479 1584 514 μιάσματος
1600 481 1791 514 συμμετεῖχον,
1809 480 1844 510 1b;

1063 526 1145 557 εἰκὸς,
1164 525 1213 559 τῆς
1229 524 1332 551 ἐκείνου
1345 525 1547 560 καταστροφῆς.
1563 525 1632 551 Ἀλλ’
1650 522 1728 556 οὗτος
1747 525 1844 551 ὲκδύνει

1063 571 1111 606 τὴν
1134 571 1276 606 τιμωρίαν,
1303 570 1361 597 οὐδὲ
1382 570 1428 597 τοῦ
1443 571 1539 597 παθεῖν
1561 579 1586 597 τι
1602 571 1686 597 κακὸν
1712 572 1780 606 μετὰ
1796 572 1844 597 τῶν

1064 617 1205 643 συναιτίων
1224 616 1271 642 τοῦ
1293 616 1376 650 ἄγους
1398 615 1471 648 ἄξιος
1490 614 1558 642 εἶναι
1575 615 1690 651 κριθείς.
1712 615 1774 642 Ἐπὶ
1787 616 1841 642 τού-

1063 672 1120 694 τοις
1135 663 1181 689 τοῦ
1199 663 1315 697 μεγάλου
1335 662 1491 689 Ἀθανασίου
1504 661 1628 696 βασιλικῇ
1643 661 1788 697 δυναστείᾳ
1801 663 1846 696 τῆς

1070 708 1266 743 Ἀλεξανδρέων
1286 707 1449 742 Ἐκκλησίας
1459 706 1660 742 μετατεθέντος·
1677 707 1847 742 Γεωργίουῶ

1064 755 1110 781 τοῦ
1141 754 1359 788 Ταρϐασοηνίτου
1390 753 1436 779 τὸν
1457 753 1559 779 ἐκεῖνον
1581 752 1644 779 λαὸν
1664 752 1847 784 διασπῶντος.

1065 797 1146 823 πάλιν
1172 797 1361 832 Ἀλεξανδρεὺς
1378 798 1391 822 ὁ
1414 796 1523 828 ¹Λέτιος,
1540 796 1646 828 οὐδενὸς
1661 796 1771 823 ἔλαττον
1782 797 1850 832 ἔχων

224 839 260 866 ob
271 838 351 866 ollam
364 839 585 874 parasitabantur
596 839 760 873 Cappadoci.
777 839 838 865 Non
850 839 922 866 enim
932 838 1012 865 Geor-

1067 843 1117 868 τῶν
1131 843 1355 878 ὑπο-τρεφομένων
1369 842 1417 868 καὶ⁹
1436 842 1656 877 παρασιτούντων
1675 842 1714 877 τῷ
1732 843 1850 868 Καππα-

226 884 270 919 gio
299 885 435 912 assentari
461 884 612 916 nesciebat,
642 884 742 918 quippe
772 883 954 915 Chananiaao,
984 883 1012 910 in

224 937 315 965 quem,
333 930 406 956 velut
422 930 515 957 eodem
534 937 633 963 genere
650 923 677 956 et
689 929 763 955 tribu
782 933 955 963 prognatum,
967 929 1013 955 ad-

226 976 334 1003 modum
353 975 484 1002 benevolo
509 979 567 1002 erat
589 974 700 1007 animo;
728 975 772 1002 ille
798 975 918 1002 vicissim
942 975 1013 1002 Aetii

224 1021 412 1048 oblectabatur
435 1021 653 1052 consuetudine,
687 1020 850 1054 jampridem
879 1020 1013 1054 dogmatis

225 1066 298 1093 illius
320 1065 498 1100 perversitate
521 1069 629 1101 captus,
655 1069 682 1092 et
708 1066 787 1092 Aetio
811 1065 886 1092 velut
907 1065 1012 1092 lucrum

230 1110 366 1145 quoddam
387 1112 553 1146 insperatum
569 1111 734 1146 propositus.

259 1155 324 1188 Qum
336 1155 446 1182 minime
454 1156 593 1190 fugiebant
602 1157 748 1191 genuinum
758 1157 843 1191 ipsius
851 1156 1014 1191 discipulum

224 1198 388 1225 Eunomium
404 1199 496 1231 istum,
511 1199 627 1233 quicum
638 1200 723 1234 patris
735 1201 788 1231 sui,
799 1204 896 1227 caetera
909 1200 1014 1234 optimi,

223 1247 337 1277 excepto
355 1243 406 1269 hoc
419 1250 486 1275 uno,
499 1243 570 1278 quod
587 1244 668 1271 talem
691 1247 785 1279 genuit
800 1246 896 1279 tilium,
908 1246 1015 1274 vivendi

224 1289 357 1316 rationem
369 1289 512 1316 honestam
523 1290 632 1323 quidem
643 1295 669 1317 et
678 1290 781 1325 legibus
791 1297 1014 1320 consentaneam,

225 1333 273 1362 sed
293 1338 382 1361 tamen
403 1334 538 1362 difficilem
559 1334 593 1361 ob
606 1339 765 1369 egestatem,
781 1339 808 1364 et
825 1337 938 1364 infinitis
959 1337 1016 1371 ple-

224 1386 285 1405 nam
310 1378 442 1406 molestiis
464 1378 569 1406 videret
592 1379 662 1413 (erat
681 1380 753 1406 enim
769 1381 898 1414 agricola,
924 1385 1016 1408 aratro

228 1428 361 1457 assuetus,
378 1428 406 1452 et
425 1425 537 1451 rusculo
557 1432 608 1452 suo
624 1425 737 1452 colendo
763 1425 849 1452 multo
865 1426 956 1453 labore
976 1427 1018 1453 iu-

223 1473 315 1497 tentus
335 1477 342 1495 :
370 1470 458 1497 hieme
484 1477 548 1501 vero
568 1477 632 1497 cum
654 1470 688 1497 ab
711 1471 879 1505 agricultura
910 1472 1018 1498 vacatio

225 1515 402 1546 conceditur,
427 1515 515 1550 prima
539 1516 673 1543 elementa
695 1520 723 1543 et
747 1516 866 1551 syllabas
893 1518 1014 1552 puerulis

224 1560 361 1595 eleganter
374 1560 531 1593 efformans,
550 1561 674 1589 mercede
689 1562 753 1589 inde
771 1563 896 1596 collecta,
913 1563 1014 1590 victum

225 1605 410 1640 amictumque
423 1606 474 1633 sibi
490 1607 688 1641 comparabat);
703 1608 759 1635 haec
775 1609 856 1644 igitur
870 1613 896 1636 et
917 1609 1016 1637 similia

224 1651 253 1678 in
281 1657 393 1686 paterna
424 1651 505 1678 domo
536 1652 777 1686 animadvertens,
811 1654 897 1680 multa
928 1655 1016 1682 salute

225 1700 328 1729 aratro,
343 1702 369 1724 et
386 1697 473 1729 stiva,
490 1702 518 1724 et
540 1698 666 1725 erunibus
682 1699 804 1733 paternis
826 1700 1016 1727 instrumentis

223 1742 306 1774 dicta,
320 1750 354 1769 ne
371 1747 398 1769 et
411 1742 468 1777 ipse
483 1742 636 1770 conflictari
649 1748 793 1778 cogeretur
806 1744 963 1778 hujusmodi
980 1745 1017 1771 la-

225 1787 321 1814 borum
334 1787 555 1822 difficultatibus,
575 1789 693 1823 primum
713 1789 821 1824 quidem
838 1793 954 1817 mentem
970 1789 1015 1816 ad-

221 1832 281 1868 jicit
298 1833 331 1860 ad
344 1833 504 1867 sapientiam
519 1833 629 1860 Prunici
643 1834 693 1868 (c);
712 1838 738 1861 et
750 1835 831 1861 celeri
847 1842 930 1861 manu
945 1835 1014 1861 scri-

223 1878 286 1905 bere
302 1878 426 1910 edoctus,
444 1879 579 1914 principio
590 1878 701 1913 quidem
716 1879 854 1907 habitabat
871 1887 932 1907 cum
946 1887 1015 1914 quo-

221 1923 284 1951 dam
302 1932 358 1951 sure
385 1925 478 1959 stirpis
503 1929 529 1952 et
555 1925 674 1959 fainilim,
701 1934 755 1953 non
777 1926 829 1952 alia
852 1926 1011 1956 ministerii.

220 1970 294 2005 quod
321 1970 466 1998 scribendo
493 1971 646 2004 exhibetur,
674 1971 809 2002 mercede,
834 1979 914 2006 quam
937 1971 1012 1998 victu

221 2015 389 2050 quotidiana.
420 2015 521 2043 Deinde
550 2017 724 2051 paedagogum
756 2025 838 2051 agetis
865 2023 1011 2051 puerorum

220 2061 264 2088 sui
286 2061 401 2093 domini,
419 2062 550 2096 paulatim
570 2063 679 2089 accendi
696 2062 779 2096 coepit
800 2062 935 2089 desiderio
950 2061 1011 2089 rhe-

221 2107 313 2134 toricae
330 2115 378 2134 seu
403 2107 574 2142 eloquentiae.
596 2107 628 2133 Et
646 2108 690 2133 illa
713 2108 822 2141 quidem
844 2115 904 2142 qua:
925 2108 1009 2134 inter-

222 2151 310 2178 medio
330 2155 452 2186 tempore
467 2152 560 2187 gessit,
577 2152 668 2179 sciens
685 2157 828 2187 prmtcreo,
840 2156 909 2179 utet
925 2153 1006 2179 vitam

222 2199 247 2224 in
267 2197 353 2231 patria
374 2201 471 2230 actam,
496 2202 523 2225 et
543 2199 568 2224 in
585 2199 686 2232 quibus
701 2199 938 2233 (Iniustantinopoli
958 2198 1004 2226 dc-

1062 889 1128 924 δόχῃ
1136 897 1143 903 ·
1156 889 1215 916 οὐδὲ
1229 888 1283 924 γὰρ
1293 889 1342 924 τῆς
1350 888 1495 919 κολακείας
1506 888 1649 923 ἁμελήτως
1661 886 1717 923 εἶχε
1726 897 1732 903 ·
1747 889 1851 924 χαίρειν

1063 935 1091 961 δὲ
1114 935 1201 969 τούτῳ
1227 934 1310 961 πάλαι
1330 936 1363 970 τῇ
1394 935 1540 970 διαστροφῇ
1566 934 1784 969 κατειλημμένος
1805 934 1851 960 τοῦ

1063 980 1204 1016 δόγματος,
1219 981 1265 1007 καὶ
1280 980 1384 1016 εὕρεμα
1398 978 1466 1007 εἶναι
1482 980 1522 1016 τῷ
1544 981 1637 1015 ’Λετίῳ
1650 981 1713 1006 κατ’
1728 980 1853 1012 ἐξουσίαν

1064 1026 1251 1062 προκείμενος.

1101 1101 1138 1127 Οὺ
1167 1101 1255 1127 τοίνυν
1285 1100 1409 1127 λανθάνει
1439 1100 1524 1127 ταῦτα
1555 1101 1598 1126 τὸν
1629 1101 1742 1133 γνήσιον
1773 1101 1855 1127 αὑτοῦ

1065 1146 1186 1182 ζηλωτὴν
1202 1147 1331 1181 Εὐνόμιον
1343 1146 1450 1178 τοῦτον,
1469 1146 1497 1178 ὃς
1512 1146 1558 1172 τοῦ
1572 1146 1641 1172 κατὰ
1659 1145 1741 1179 φύσιν
1759 1147 1856 1173 ἑαυτοῦ

1066 1191 1167 1226 πατρὸς
1193 1191 1329 1226 βελτίστου
1349 1191 1383 1217 τὰ
1398 1191 1475 1223 ἄλλα,
1496 1191 1564 1225 πλὴν
1585 1190 1713 1224 γενέσθαι
1733 1191 1856 1217 τοιούτου

1065 1237 1185 1272 πατέρα,
1212 1236 1369 1271 εὐγνώμονα
1397 1235 1446 1271 μὲν
1469 1236 1648 1271 καταμαθὼν,
1677 1237 1726 1268 καὶ
1751 1245 1859 1270 νενομιο

1067 1283 1167 1318 σμένην
1194 1282 1242 1317 τὴν
1264 1282 1310 1308 τοῦ
1339 1282 1395 1316 βίου
1414 1282 1562 1316 διαγωγὴν,
1588 1281 1730 1317 μοχθηρὰν
1757 1282 1788 1308 δὲ
1817 1282 1861 1308 διὰ

1066 1328 1176 1360 πενίαν,
1200 1329 1246 1355 καὶ
1265 1328 1368 1363 μυρίων
1389 1328 1526 1363 γέμουσαν
1545 1328 1632 1354 πόνων
1653 1327 1791 1363 (γεωργὸς
1806 1328 1861 1363 γάρ

1066 1383 1107 1406 τις
1134 1373 1169 1410 ἦν
1193 1375 1364 1408 ἐπικεκυφὼς
1386 1375 1425 1410 τῷ
1449 1375 1567 1410 ἀρότρῳ,
1591 1374 1637 1400 καί
1662 1374 1748 1400 πολὺ-ι
1781 1374 1862 1400 πόνον

1068 1421 1131 1455 περὶ
1152 1421 1182 1446 τὸ
1205 1420 1290 1455 βραχὺ
1311 1420 1399 1455 γήδιον
1420 1420 1488 1455 ἔχων
1501 1428 1508 1435 ·
1533 1419 1576 1446 διὰ
1594 1419 1623 1446 δὲ
1638 1418 1685 1446 τοῦ
1706 1419 1861 1454 χειμῶνος,

1067 1465 1110 1491 ὅτε
1122 1464 1176 1491 τῶν
1191 1465 1254 1500 περὶ
1275 1464 1321 1499 τὴν
1336 1465 1388 1499 γῆν
1410 1464 1541 1499 καμάτων
1563 1461 1618 1498 εἶχε
1638 1463 1687 1498 τὴν
1704 1463 1810 1495 ἄδειαν,
1828 1464 1863 1490 τὲ

1028 1511 1049 1539 C
1066 1511 1162 1546 πρῶτα
1189 1511 1324 1545 στοιχεῖα,
1350 1511 1397 1536 καὶ
1421 1510 1470 1542 τὰς
1498 1509 1633 1541 συλλαϐὰς
1658 1510 1716 1541 τοῖς
1740 1509 1864 1541 παιδίοις

1066 1557 1264 1592 ὑποχαράσσων
1279 1557 1442 1592 εὐμηχάνως
1456 1556 1502 1582 διὰ
1514 1555 1566 1582 τῶν
1586 1555 1776 1590 μισθωμάτων
1791 1555 1867 1581 ὲκεί-

1065 1612 1117 1629 νων
1130 1603 1163 1629 τὰ
1177 1603 1244 1638 πρὸς
1259 1603 1303 1629 τὸν
1319 1603 1374 1638 βίον
1388 1601 1672 1638 ὲπεσιτίξετο)·ταῦτα
1687 1601 1782 1628 τοίνυν
1799 1602 1866 1637 περὶ

1065 1648 1110 1674 τὸν
1126 1648 1221 1674 ἑαυτοῦ
1235 1647 1341 1682 πατέρα.
1359 1647 1477 1682 βλέπων,
1497 1646 1634 1682 ἐρρῶσθαι
1649 1647 1759 1681 φράσας
1778 1647 1819 1682 τῷ
1836 1656 1867 1673 τε

1066 1693 1183 1728 ἀρότρῳ,
1206 1694 1253 1720 καὶ
1278 1695 1310 1728 τῇ
1338 1693 1448 1729 σμινύη,
1473 1693 1519 1719 καὶ
1542 1694 1607 1719 πᾶσι
1626 1694 1681 1724 τοῖς
1711 1696 1868 1728 πατρικοῖς

1069 1739 1236 1774 ἐργαλείοις,
1256 1739 1292 1770 ὡς
1318 1739 1350 1765 ἂν
1367 1739 1405 1774 μὴ
1428 1739 1474 1766 καὶ
1498 1739 1577 1770 αὐτὸς
1600 1739 1869 1775 προσταλαιπωροὲη

1068 1787 1123 1816 τοῖς
1140 1785 1242 1819 ὁμοίοις
1263 1785 1316 1811 τῶν
1332 1785 1429 1818 πόνων,
1445 1786 1553 1820 πρῶτον
1575 1786 1623 1820 μὲν
1639 1786 1687 1820 τῆς
1705 1786 1868 1820 Προυνίκου

1070 1831 1164 1865 σοφίας
1178 1831 1281 1864 γίνεται
1298 1830 1437 1866 μαθητήςο
1456 1832 1501 1858 καὶ
1521 1832 1635 1866 γράφειν
1653 1831 1692 1862 εἰς
1717 1832 1807 1866 τάχος
1824 1833 1871 1858 ἐι-

1071 1877 1238 1912 μελετήσας,
1262 1879 1344 1912 συνῆν
1367 1877 1401 1903 τὰ
1428 1877 1524 1913 πρῶτα
1563 1877 1618 1903 τῶν
1637 1878 1668 1903 ὲκ
1688 1876 1736 1903 τοῦ
1767 1878 1872 1912 γένους

1068 1921 1143 1957 οἶμαί
1158 1931 1221 1953 τινι,
1238 1923 1332 1958 μισθὸν
1350 1923 1399 1957 τῆς
1416 1924 1444 1949 ἐν
1457 1922 1496 1957 τῷ
1511 1923 1626 1958 γράφειν
1641 1924 1801 1958 ὑπηρεσῇις
1818 1925 1873 1960 tt:

1067 1968 1169 2004 τροφὴν
1186 1968 1268 2003 ἔχων·
1282 1966 1341 1994 εἶτα
1353 1968 1534 2002 παιδαγωγῶν
1550 1968 1596 1995 τοῦ
1610 1969 1763 2003 τρέφοντος
1781 1971 1873 1997 αὐτὴν

1065 2015 1098 2041 τὰ
1112 2014 1259 2049 μειράκια,
1285 2015 1342 2041 κατ’
1362 2014 1451 2048 ὀλίγον
1467 2015 1507 2045 είς
1533 2014 1680 2050 ῥητορικῆς
1708 2015 1874 2051 ἐπιθυμίαν

1064 2059 1244 2094 προέρχεται·
1262 2058 1357 2086 καὶτὰ
1372 2058 1401 2085 ἑν
1425 2059 1464 2093 τῷ
1496 2059 1570 2094 μέσῳ
1594 2058 1730 2093 παρίημι·
1764 2063 1817 2089 τόν
1843 2070 1874 2087 τε

1063 2106 1108 2131 ἐπὶ
1123 2104 1172 2139 τῆς
1187 2105 1315 2140 πατρίδος
1329 2103 1410 2130 αὑτοῦ
1429 2103 1485 2138 βίον
1500 2129 1507 2140 ,
1520 2106 1567 2133 καὶ
1582 2106 1623 2140 ἐφ’
1638 2103 1679 2137 οἷς
1694 2106 1724 2131 ἐν
1738 2105 1776 2139 τῖ’,
1787 2107 1873 2134 Κων-

1063 2152 1200 2178 σταντίνου
1216 2151 1289 2176 πόλει
1301 2150 1467 2185 κατελήφθη,
1483 2150 1530 2177 καὶ
1550 2150 1620 2185 μετὰ
1632 2150 1724 2177 τίνων.
1742 2149 1770 2176 Μ
1774 2151 1830 2177 ετὰ
1845 2151 1873 2177 δὲ

1058 2198 1143 2224 ταῦτα
1158 2198 1219 2232 περὶ
1234 2197 1354 2232 χλανίδα,
1365 2198 1412 2223 καὶ
1427 2197 1514 2231 ζώνην
1529 2196 1700 2232 ἀσχοληθεὶς,
1713 2198 1757 2228 ὥς
1770 2207 1873 2232 (play.

221 2243 371 2278 prehensus
386 2243 431 2274 sit,
449 2247 476 2269 et
499 2251 561 2269 cum
578 2245 687 2278 quibus.
703 2244 826 2271 l’osthaic
849 2245 953 2272 lmnulis
967 2249 994 2271 et
1009 2245 1085 2271 zonis
1103 2243 1279 2270 conficiendis
1294 2243 1409 2274 vacavit,
1423 2247 1453 2269 ul
1471 2243 1569 2270 ferunt.

254 2288 288 2314 At
303 2297 364 2315 eum
379 2283 474 2316 omnia
489 2289 546 2316 ham
556 2290 660 2317 videret
674 2298 735 2318 esse
752 2291 867 2321 minora,
884 2290 1006 2325 nihilque
1025 2292 1045 2318 ι)

220 2335 284 2362 inde
297 2335 376 2362 valde
391 2337 571 2370 expetendum
583 2337 635 2363 sibi
651 2337 804 2371 provenire,
819 2337 913 2363 relicto
926 2337 1010 2371 priori

220 2381 283 2406 vita:
297 2380 431 2412 instituto,
450 2381 501 2407 soli
518 2389 549 2408 ex
572 2382 699 2408 omnibus
715 2390 775 2409 sese
795 2381 898 2408 addixit
921 2381 1008 2408 Aelio.

220 2423 298 2451 llaud
319 2429 418 2451 temere
431 2425 524 2458 ‘hunc,
541 2429 570 2452 ut
593 2426 719 2456 arbitror,
737 2430 866 2460 tanquam
888 2427 948 2452 vitae
962 2425 1010 2451 du-

219 2477 278 2497 cem
295 2473 321 2497 et
337 2471 484 2505 exemplar,
511 2471 561 2498 sibi
587 2471 731 2506 delegerat.
755 2471 793 2498 Ex
813 2480 866 2506 quo
885 2472 956 2498 enim
982 2472 1007 2498 in

220 2515 366 2543 ineﬂabilis
383 2515 455 2543 illius
478 2517 617 2551 sapientia:
631 2518 849 2545 communionem
871 2518 961 2551 venit,
977 2526 1009 2544 ex

220 2569 253 2589 eo
266 2565 388 2596 tempore
405 2562 496 2588 omnia
511 2562 548 2588 illi
561 2563 619 2590 sine
639 2567 700 2590 satu
713 2567 740 2590 ct
755 2563 860 2590 inarata
878 2571 1009 2598 progene-

219 2611 327 2634 rantur.
354 2606 469 2640 Sapiens
491 2607 563 2633 cnim
580 2612 622 2634 est
639 2606 666 2634 in
690 2607 734 2639 iis,
758 2607 793 2634 ad
810 2615 870 2642 qua:
887 2607 1007 2634 animum

174 2679 177 2681 -
221 2697 232 2698 η
257 2662 295 2697 (π)
324 2662 360 2690 De
375 2663 427 2690 hoc
447 2662 596 2698 Theophila
615 2664 676 2691 vide
698 2663 796 2692 Barou.
821 2672 892 2691 anno
902 2663 1004 2691 Christi

219 2697 285 2732 ΞΗ,
306 2706 333 2732 n.
350 2698 377 2724 Η
396 2703 422 2732 et
442 2706 498 2732 seq.

253 2731 291 2765 (ὁ)
310 2731 376 2759 Vide
399 2731 578 2760 Sozonicuum
598 2734 616 2761 Ι.
633 2742 670 2766 tv,
689 2742 749 2768 cap.
765 2735 791 2766 6,
811 2734 855 2768 qui
874 2734 1002 2760 Montium

218 2770 298 2794 vocat
312 2774 448 2794 niaznum.
662 2777 670 2780 ν

254 2801 288 2837 (ε)
313 2801 349 2829 De
361 2801 477 2830 Prunico
492 2803 552 2832 vide
578 2803 767 2840 Epiphanium.
785 2803 854 2831 llaer.
870 2803 916 2832 2|.
927 2803 961 2829 ‘25
973 2807 999 2829 ct

1102 2289 1211 2324 Ἐπειδὴ
1233 2288 1321 2315 πάντα
1346 2289 1450 2323 μικρὰ,
1470 2289 1518 2315 καὶ
1541 2289 1619 2316 οὐδὲν
1635 2290 1684 2324 τῆς
1707 2290 1875 2327 ὲπιϐυμίαέ

1061 2335 1135 2369 ἄξιον
1151 2337 1182 2362 ἐκ
1196 2335 1245 2370 τῆς
1270 2335 1334 2370 περὶ
1350 2335 1436 2362 ταῦτα
1461 2336 1579 2370 σπουδῆς
1604 2335 1678 2371 ἐώρα
1695 2340 1874 2373 συναγειρὸη

1064 2391 1141 2417 μενον
1151 2400 1159 2413 ,
1173 2381 1330 2407 καταλιπὼν
1346 2381 1381 2407 τὰ
1395 2381 1475 2407 λοιπὰ
1496 2380 1541 2407 τοῦ
1558 2381 1616 2415 βίου
1633 2382 1875 2418 ἐπιτηδεύματι,

1064 2428 1142 2463 μόνον
1156 2428 1186 2459 ἐξ
1194 2427 1322 2454 ἁπάντων
1339 2427 1477 2461 ἐθαύμασε
1494 2426 1538 2453 τὸν
1560 2427 1661 2454 Ἀέτιον
1672 2435 1679 2442 ο
1692 2428 1749 2455 οὐκ
1765 2430 1876 2456 ἀσυκιὲ-

1062 2482 1125 2503 τως,
1133 2471 1219 2507 οἶμαι,
1231 2473 1297 2507 πρός
1305 2481 1336 2506 γε
1345 2472 1390 2498 τὸν
1399 2472 1494 2499 ἑαυτοῦ
1506 2473 1606 2499 σκοπὸν
1618 2474 1658 2504 είς
1666 2473 1801 2502 ἐπίνοιαν
1814 2477 1877 2510 βίω

1064 2515 1142 2542 τοῦτο
1157 2515 1359 2550 ἐπιλεξάμενος.
1382 2516 1440 2550 Ἀφ’
1455 2514 1485 2543 οὗ
1502 2517 1555 2551 γὰρ
1571 2517 1687 2552 μετέσχε
1703 2520 1760 2554 τῆς
1777 2521 1878 2557 ἀπορ-

1065 2561 1145 2596 ρήτου
1171 2561 1269 2596 ταύτης
1294 2561 1404 2596 σοφίας,
1429 2562 1458 2594 ἐξ
1480 2562 1583 2588 ἐκείνου
1614 2563 1705 2590 πάντα
1732 2565 1879 2602 ἄσπαρτα

1063 2605 1136 2641 αὑτῴ
1149 2606 1195 2633 καὶ
1205 2607 1324 2642 ἀνήροτα
1336 2606 1446 2640 φύεται,
1462 2607 1542 2640 σοφὸς
1553 2607 1606 2642 γάρ
1620 2607 1663 2639 τίς
1677 2609 1752 2640 ἐστι,
1769 2615 1846 2648 ιπρὶ
1863 2615 1879 2638 Ξ

1059 2663 1102 2690 57.
1124 2661 1244 2703 §cd_liuc
1263 2670 1315 2703 rion
1328 2662 1446 2703 pertinet
1464 2662 1673 2703 ille_Prunieu_s,
1689 2665 1741 2703 sed
1759 2666 1822 2703 isne
1845 2668 1878 2693 ,ιθ

1059 2705 1112 2732 quo
1127 2697 1226 2724 Suidas
1243 2706 1248 2723 :
1263 2697 1411 2732 Προύνικος
1427 2698 1554 2732 δρομαῖος
1569 2699 1678 2733 γοργὸς.
1698 2699 1771 2727 Nam
1798 2702 1879 2728 Pru-

1058 2733 1111 2758 niri
1135 2736 1198 2758 sunt
1213 2739 1353 2763 cursores,
1377 2734 1490 2764 Celeres,
1515 2734 1621 2759 relores
1647 2735 1741 2760 instar
1766 2743 1881 2763 curso-

1057 2775 1133 2794 rum:
1151 2768 1214 2794 item
1241 2767 1324 2800 baiuli
1345 2767 1391 2827 (ιὲἰ
1415 2775 1497 2794 onera
1520 2767 1646 2794 mercede
1670 2774 1811 2803 portant:
1832 2773 1877 2798 git-

1058 2810 1105 2827 ιιι-ο
1124 2802 1204 2827 celeri
1219 2802 1309 2827 scriba
1330 2810 1344 2827 a
1373 2801 1480 2827 'vsscno
1500 2806 1659 2827 usurpatur.

1056 2810 1105 2834 pro
1124 2803 1204 2828 celeri
1219 2803 1310 2829 scriba
1330 2810 1344 2828 a
1359 2803 1480 2837 Nysscno
1500 2806 1659 2836 usurpatur.
