1914 3079
75 117 118 146 Ξίῖἲῑ

621 128 759 157 CONTRA
774 130 968 163 EUNOMIUM,
987 131 1049 158 LIB.
1072 132 1090 158 l.

1623 134 1674 162 966

70 184 110 220 τὴν
124 183 228 217 σποιδὴν
243 183 307 218 ἔχει,
386 185 456 218 ἔγνω
473 186 530 218 πῶς
544 187 575 214 ἄν
587 198 626 220 τις
640 190 757 224 μάλιστα
772 192 833 220 τοὺς

887 192 1009 226 appellit,
1025 195 1051 218 et
1072 191 1155 226 probe
1172 192 1257 222 novit.
1274 199 1392 226 quanam
1416 197 1474 220 arte
1493 192 1617 222 homines
1635 193 1675 221 af-
1704 215 1708 219 .

72 228 267 263 ἐμπαθεστέρους
308 229 361 255 τῶν
394 230 544 266 ἀνθρώπων
583 234 832 268 προσοιχειώσαιτο.

77 273 165 307 Ἐπειδὴ
176 273 226 309 γὰρ
240 274 372 301 εὐάλωτόν
386 276 469 307 ἐστιν,
485 277 522 309 ὡς
535 278 569 304 τὰ
583 279 677 311 πολλὰ,
693 280 726 306 δι’
739 280 834 315 ἡδονῆς

71 319 94 343 τὸ
106 318 258 352 ἀνθρώπινον
269 338 276 350 ,
300 320 346 346 καὶ
361 321 444 356 πολλὴ
466 322 534 356 πρὸς
549 323 579 349 τὸ
594 324 678 354 πάθος
693 325 771 352 τοῦτο
786 326 834 360 τῆς

71 363 159 396 φύσεώς
173 365 243 390 ἐστιν
257 365 272 399 ἡ
288 366 410 399 εὐκολία,
435 368 466 394 ἐκ
480 368 534 394 τῶν
550 370 724 405 τραχυτέρων
739 371 834 406 ἐπιτη-

70 409 188 443 δευμάτων
209 410 277 445 πρὸς
294 411 324 438 τὸ
343 413 391 447 τῆς
413 414 508 448 ἡδονῆς
528 414 598 441 λεῖον
614 416 730 451 ετοίμως
750 426 834 443 κατα-

71 455 199 490 πιπτούσης
209 464 215 470 '
233 457 269 488 ὡς
283 457 314 484 ἃν
331 458 448 492 μάλιστα
463 462 606 492 κοινωνοὺς
621 462 708 497 ἐαυτῷ
721 463 834 495 πολλοὺς

69 501 109 535 τῆς
125 501 193 527 νόσου
215 503 269 528 τῶν
290 503 431 538 δογμάτων
459 507 713 542 προσεταιρίσαιτο”
738 508 833 536 τούτου

69 547 134 580 γὰριν
155 547 215 581 ἡδὺς
234 548 336 581 γίνεται
360 551 415 581 τοῖς
432 551 477 576 ὑπ’
496 552 578 578 αὐτοῦ
598 553 784 588 τελουμένοις,
804 555 834 580 τὸ

67 591 198 625 πρόταντες
211 593 259 620 καὶ
275 593 400 621 ἐπίπονον
414 596 461 630 τῆς
478 597 586 632 ἀρετῆς,
601 597 639 629 ὡς
652 598 781 625 ἀπίθανον
795 601 834 631 είς

66 637 106 670 τὴν
118 637 159 664 τοῦ
174 639 322 675 μυστηρίου
339 641 495 677 παραδοχὴν
505 663 512 674 ,
528 643 698 671 ἀποϐάλλων.
716 645 770 671 Καὶ
790 643 834 673 οἷα.

66 682 105 715 μὲν
117 682 281 710 διδάσκουσιν
296 685 324 711 ἐν
339 686 504 722 ἀπορρήτοις
514 707 521 718 ,
538 688 584 714 καὶ
599 689 648 715 ὅσα
665 690 832 722 ὲκλαλοὶσιν,

65 727 103 752 καί
115 729 150 758 εἰς
167 728 196 755 τὸ
212 729 331 763 ἐμφανὲς
345 731 454 765 ἄγουσιν
469 733 493 758 oi
511 733 544 759 St‘
565 734 674 770 ἀπάτης
689 736 835 771 παραδεδε-

63 771 144 805 γμένοι
159 773 188 799 τὸ
202 773 308 809 μίασμα
336 776 386 811 τήν
400 785 428 802 τε
442 777 595 813 ἀπόρρητον
609 779 715 814 ἐκείνην
734 789 834 815 μυσταρ

63 818 167 851 γωγίαν,
184 820 230 846 καὶ
253 817 297 846 οἶα
313 822 387 857 παρὰ
411 823 458 849 τοῦ
483 824 583 858 σεμνοῦ
601 825 655 851 τῶν
678 827 834 862 μυστηρίων

62 863 204 897 ἱεροφάντου
226 864 413 900 διδάσκονται,
439 868 601 904 βαπτισμῶν
614 878 642 896 τε
668 871 768 906 τρόπον
789 873 834 898 καὶ
851 862 871 888 Β

59 907 154 941 φύσεως
168 912 347 947 συνηγορίας,
374 913 421 939 καὶ
441 914 528 941 πάντα
548 915 581 941 τὰ
596 916 717 947 τοιαῦτα,
742 916 769 942 εί
781 927 834 945 τινι

59 955 130 990 σλολὴ
144 955 176 982 δι’
192 957 334 991 ἀκριϐείας
350 959 444 993 μαθεῖν
454 980 461 992 ,
476 960 595 992 ἐκείνους
609 961 762 996 διερωτάτω
774 984 780 993 ,
795 961 834 995 οἷς

56 1001 189 1028 ἀνεύθυνον
215 1004 310 1039 φέρειν
332 1013 357 1031 τι
383 1005 436 1031 τῶν
464 1006 596 1042 ἀπρεπῶν
615 1007 658 1034 διὰ
680 1008 833 1043 στόματος·

57 1047 126 1079 ἡμεῖς
144 1048 170 1074 δὲ
193 1051 358 1085 σιγήσομεν·
382 1052 441 1078 οὐδὲ
462 1052 516 1088 γὰρ
541 1054 761 1090 κατηγοροῦντας
787 1065 834 1091 με-

56 1092 161 1126 μνῆσθαι
188 1095 243 1121 τῶν
265 1096 391 1124 τοιούτων
417 1098 571 1132 εὐάγιστον,
596 1100 644 1126 καὶ
666 1100 736 1135 λόγῳ
751 1103 834 1136 τιμᾷν

55 1138 179 1171 μαθόντας
199 1141 251 1176 τὴν
275 1142 460 1178 καθαρότητα,
476 1145 535 1171 οὐδὲ
548 1147 604 1177 τοῖς
626 1145 834 1182 ὲμμελεστέροις

52 1183 99 1209 τῶν
117 1184 295 1221 διηγημάτων
322 1190 551 1225 καταρρυπαίνειν
576 1191 623 1227 τὴν
652 1193 831 1228 συγγραφήν·

53 1228 97 1254 κᾶν
109 1231 190 1267 ἡ·ἀλή
196 1232 258 1259 θεια
271 1236 325 1265 τοῖς
336 1234 491 1270 λεγομένοις
505 1239 602 1273 προσῇ.

82 1275 150 1321 ῌλὴν
165 1274 195 1303 οἶ)
213 1279 296 1315 χάριν
311 1280 364 1307 τῶν
380 1282 532 1317 εἰρημένων
552 1285 775 1321 ἐπεμνήσθημεν·
792 1287 833 1312 ὅτι

51 1320 166 1357 καθάπερ
177 1323 218 1359 τῷ
243 1325 338 1360 Ἀετίῳ
351 1328 483 1362 πορισμὸς
493 1327 527 1363 ἢν
536 1328 662 1362 ἀσεϐείας
675 1331 691 1364 ἡ
710 1330 833 1365 Ἀριστο-

49 1366 133 1399 τέλους
145 1371 314 1405 κακοτεχνία
326 1378 334 1386 ·
350 1371 394 1397 τὸν
411 1372 492 1398 αὑτὸν
510 1374 610 1408 τρόπον
625 1374 671 1401 καὶ
683 1375 722 1411 τῷ
733 1385 833 1412 κατηρ-

47 1415 159 1448 τισμὲνῳ
184 1416 298 1451 μαθητῇ
323 1417 391 1444 κατὰ
415 1417 445 1444 τὸ
467 1415 526 1446 ἴσον
549 1419 588 1454 τῷ
616 1420 768 1457 διδασκάλῳ
791 1422 832 1448 λι-

49 1458 135 1492 παρῶς
152 1460 339 1494 ἑμϐιοτεύειν,
360 1463 391 1498 τῇ
414 1463 544 1499 ἁπλότητι
567 1464 622 1490 τῶν
640 1465 833 1501 ὰπατηθέντων

47 1503 157 1539 ὑπῆρξε.
175 1507 209 1532 Τί
224 1505 274 1533 οὖν
289 1507 413 1534 τοσοῦτον
427 1509 555 1544 ἠδίκησεν
570 1511 583 1536 ὁ
597 1511 667 1536 κατὰ
680 1511 725 1536 τὸν
741 1511 832 1544 Εῡξει-
847 1527 868 1555 C

47 1555 86 1573 97v
106 1549 208 1576 Πόντον
225 1551 383 1584 Βασίλειος,
401 1553 417 1588 ἢ
431 1554 445 1579 ὁ
460 1554 529 1580 κατὰ
549 1554 598 1590 τὴν
624 1555 770 1590 Ἀρμενίαν
781 1557 833 1582 Εὑ-

45 1594 162 1626 στάθιπ,
180 1597 249 1630 περὶ
274 1593 311 1622 ὧν
328 1598 344 1632 ἡ
362 1598 455 1633 μακρὰ
466 1599 633 1635 παρενθήκη
650 1600 700 1634 τῆς
717 1601 834 1636 ἱστορίας

43 1639 255 1675 ἐξυπτιάζεται;
280 1643 312 1669 Τί
334 1644 378 1669 τὸν
402 1644 447 1670 τοῦ
467 1644 525 1680 βίου
546 1646 645 1672 σκοπὸν
667 1646 740 1681 αὐτῷ
759 1647 835 1672 λελυ-

43 1685 158 1720 rigua;
175 1687 208 1713 Τί
225 1689 257 1715 δὲ
274 1689 334 1724 οὐχὶ
355 1690 454 1724 μᾶλλον
470 1691 519 1726 τὴν
538 1693 634 1726 καινὴν
649 1693 737 1719 αὐτῶν
757 1692 835 1724 δόξαν

42 1729 84 1757 ἐπὶ
107 1732 137 1758 τὸ
152 1735 250 1768 μεῖζον
264 1734 397 1770 ἔθρεψαν;
413 1736 496 1762 Πόθεν
508 1737 560 1772 γὰρ
573 1738 663 1769 αὐτοῖς
676 1738 705 1764 τὸ
715 1739 835 1773 γνωσθῆ-

42 1785 91 1808 ναι,
108 1779 155 1804 καὶ
175 1780 218 1810 εἰς
233 1779 362 1807 τοσοῦτον
385 1782 582 1816 ὸνομασθῆναις
602 1784 636 1810 Ἢ
653 1783 712 1819 οὐχὶ
723 1784 766 1810 διὰ
782 1785 835 1811 τῶν

39 1821 140 1856 ἀνδρῶν
158 1824 281 1851 ἐκείνων
301 1827 501 1861 προσγέγονενς
536 1828 612 1864 εἴπερ
632 1828 758 1863 ἀληθεύει
775 1829 834 1855 κατ’

39 1867 124 1894 αὐτῶν
147 1870 162 1895 ὀ
183 1871 355 1906 κατήγορος.
373 1873 409 1899 Τὸ
429 1873 482 1908 γὰρ
500 1873 656 1909 εὐδοκίμους
668 1875 747 1906 ὂντας
763 1875 834 1901 ὲκεί-

36 1920 110 1946 νους,
138 1916 239 1948 καθὼς
261 1919 276 1943 ὸ
302 1922 476 1952 συγγραφεὺς
503 1921 651 1954 μαρτυρεῖ,
673 1919 835 1954 ἀξιομάχους

37 1959 139 1992 ἑαυτοῖς
154 1963 255 1997 κρῖναι
277 1962 339 1994 τοὺς
364 1963 516 1998 μηδαμόθεν
533 1963 642 1998 ἔχοντας
656 1964 685 1990 τὸ
701 1963 834 1998 γινώσκε-

36 2004 111 2037 οθαι,
129 2007 251 2042 ἀφορμὴ
276 2007 322 2033 τοῦ
345 2008 414 2042 μέγα
438 2009 544 2043 φρονεῖν
559 2009 669 2039 εἰκότως
689 2007 836 2034 καθίστατο

34 2052 87 2081 τοῖς
111 2053 311 2088 ἀ-ιτιταχθεῖσι
334 2053 401 2088 πρὸς
425 2054 487 2085 τοὺς
510 2053 589 2080 πλέον
614 2053 684 2088 ἔχειν
702 2054 835 2089 ὑπειλημ-

37 2097 130 2130 μένους
148 2098 210 2126 τῶν
242 2098 345 2126 ἄλλων.
377 2099 423 2125 Ἐκ
451 2099 478 2125 δὲ
502 2099 597 2125 τούτου
613 2099 712 2134 περιῆν
735 2099 765 2126 τὸ
791 2108 836 2125 συ-

35 2144 198 2176 σκιάζεσθαι
227 2146 284 2180 μὲν
306 2145 353 2171 τοῦ
375 2145 507 2181 προτέρου
523 2145 580 2180 βίου
594 2146 624 2172 τὸ
639 2145 774 2177 ταπεινὸν,
791 2145 836 2171 καὶ

34 2189 176 2225 ἀνώνυμον
186 2200 193 2206 -
214 2191 277 2217 ἀπὸ
291 2191 319 2217 δὲ
332 2191 362 2218 τὸ
372 2194 379 2202 ⁸
390 2192 458 2226 μετὰ
472 2191 559 2218 ταῦτα
582 2193 736 2228 γνωρίμους
751 2190 833 2223 εἶναι,

889 2189 980 2216 omnia
1013 2188 1193 2223 prudentibus
1223 2187 1318 2214 sedulo
1349 2187 1456 2215 vitanda
1490 2193 1553 2216 sunt
1588 2197 1594 2215 :

31 2233 47 2259 Ξι
66 2237 173 2268 φευκτᾶ
192 2235 249 2270 μὲν
265 2235 354 2267 ἄλλως
373 2235 445 2262 ἐστὶν
458 2238 512 2268 τοῖς
526 2245 557 2270 γε
572 2236 633 2262 νοῦν
650 2237 757 2272 ἔχουσιν
790 2237 835 2269 (οὐ

31 2280 81 2315 γὰρ
106 2282 139 2307 ἄν
166 2291 212 2313 τις
237 2282 352 2313 εὔξαιτο
375 2282 428 2308 τῶν
450 2281 478 2308 εὖ
495 2282 664 2317 φρονούντων
689 2282 775 2317 μέγας
790 2283 836 2309 ἐπὶ

31 2327 104 2362 κακῷ
127 2328 335 2363 νομισθῆνιι)⁸
372 2330 426 2359 τοῖς
449 2328 477 2353 δὲ
501 2328 630 2359 τοιούτοις
653 2329 667 2354 ό
688 2328 835 2363 ἀκρότατος

29 2371 86 2406 ὅρος
101 2373 153 2408 τῆς
169 2373 333 2407 εὐκληρίας
348 2372 434 2398 δοκεῖ·
449 2373 576 2408 καθάπερ
590 2373 654 2407 φασὶ
667 2373 720 2399 τῶν
735 2373 836 2404 ἀδόξων

28 2418 86 2443 τινὰ
99 2420 148 2445 καὶ
166 2418 320 2445 ταπεινῶν
331 2418 400 2444 κατὰ
415 2418 464 2453 τὴν
482 2419 584 2449 Ἀσίαν,
599 2417 747 2453 ὀνομαστὸν
764 2418 836 2452 γενέ-

27 2463 86 2490 σθαι
99 2465 169 2502 παρ’
191 2464 339 2499 Ἐφεσίοις
356 2464 573 2499 ἐπιθυμήσαντα,
589 2463 659 2498 μέγα
677 2464 725 2498 μέν
734 2472 759 2490 τι
789 2463 836 2490 καὶ

26 2509 152 2546 humo?”
171 2511 282 2545 ἔργον.
301 2509 367 2544 μηδὲ
391 2511 431 2541 εἰς
452 2509 514 2535 νοῦν
531 2509 657 2544 βαλέσθαι
670 2517 676 2523 ·
698 2509 766 2543 μήτε
782 2509 836 2543 γὰρ

24 2555 172 2582 δύνασθαι·
192 2555 335 2590 γενέσθαι.
348 2555 375 2581 δὲ
390 2555 443 2581 τῶν
459 2556 505 2582 ἐπὶ
520 2556 575 2586 τοῖς
591 2555 727 2589 μεγίστοις
738 2563 837 2590 γνωρι-

26 2600 145 2628 σθέντων
163 2601 388 2636 διασημότερον,
405 2601 556 2637 ὑπερϐολήν
570 2610 629 2627 τινα
642 2601 742 2636 βλάϐης
760 2601 837 2634 ἐξευ-

26 2648 106 2681 μὶντα
131 2649 213 2675 κατὰ
238 2647 302 2674 τῶν
331 2647 469 2680 Ἐφεσίων.
494 2646 570 2674 Εἶναι
591 2647 639 2682 μὲν
658 2650 712 2683 γάρ
734 2656 759 2673 τι
783 2647 837 2673 τῶν

24 2692 165 2728 δημοσίων
186 2692 263 2728 παρ’
288 2691 379 2722 αὐτοῖς
397 2692 567 2727 λαμπρότητι
590 2692 665 2727 πάσῃ
691 2692 738 2718 καὶ
756 2692 838 2718 πολυο

23 2740 115 2775 τελείᾳ.
137 2739 359 2774 περίϐλεπτον·
382 2738 425 2764 τδν
439 2738 466 2764 δὲ
479 2738 622 2773 ἄνθρωπον
639 2737 700 2772 πυρὶ
723 2737 772 2772 τὴν
789 2745 837 2772 με-

23 2786 197 2822 γαλουργίαν
234 2783 353 2818 ἐκείνην
379 2782 591 2818 ἐξαφανίσαντα,
620 2782 784 2818 ὁμολογῆσαι
808 2783 838 2809 τὸ

24 2833 70 2867 τῆς
81 2832 178 2866 ψυχῆς
190 2829 292 2859 πάθος
302 2829 346 2853 ἐπὶ
357 2830 388 2863 τῇ
397 2829 480 2864 τόλμῃ
491 2829 658 2864 κρινόμενον·
671 2829 710 2855 ὅτι
721 2829 751 2854 τὺ
763 2829 837 2864 παρὰ

199 2877 350 2908 ΡΑτῐιοι..
367 2875 424 2905 Gn.
444 2876 538 2906 XLV.

887 237 1003 264 fcctibns
1022 238 1107 272 magis
1118 237 1250 264 obnoxios
1265 237 1317 265 sibi
1333 238 1481 265 conciliare
1495 243 1586 274 queat.
1604 239 1672 267 Cum

885 283 957 310 enim
976 283 1091 317 plurima
1111 283 1266 310 mortalium
1291 291 1353 318 pars
1373 284 1512 318 voluptate
1533 284 1613 312 facile
1626 293 1674 311 ca-

886 329 985 363 piatttr.
1000 336 1117 363 cumque
1139 329 1171 355 ad
1198 329 1254 356 hzec
1269 337 1366 369 magna
1390 329 1424 356 sit
1449 333 1553 356 natura:
1574 330 1675 364 procli-

886 377 965 405 vitas,
995 376 1028 402 ah
1051 376 1190 410 asperiore
1212 375 1274 402 vitae
1295 375 1448 410 disciplina,
1473 376 1505 402 ad
1526 376 1675 410 voluptatis

887 421 995 455 planum
1012 422 1159 453 tramitem,
1179 426 1276 447 natura
1300 421 1379 448 facile
1394 421 1547 452 delabeutc.
1569 422 1629 449 ideo
1645 426 1674 448 ut

885 473 966 500 qualn
985 466 1117 501 plurimos
1143 467 1230 494 insani
1258 471 1284 493 et
1310 467 1431 501 pestiferi
1458 467 1593 502 dogmatis
1621 467 1673 495 sibi

885 511 974 538 socios
996 510 1136 546 adiungat,
1161 519 1271 538 suavem
1289 511 1477 546 mellitumque
1493 520 1554 539 sese
1574 513 1674 547 praebet

885 555 944 583 suis
964 556 1154 587 sectatoribus,
1181 556 1321 591 repudiata
1335 556 1444 583 virtutis
1461 556 1632 589 difﬁcultate,
1648 562 1676 584 ct

886 601 1009 628 molestia
1033 605 1163 636 tanquam
1184 602 1285 633 inutili,
1302 602 1334 628 ad
1352 609 1464 629 suorum
1482 602 1673 637 mysteriorum

885 646 1117 681 approbationem.
1147 647 1177 673 Et
1199 647 1290 682 qualia
1315 647 1424 682 quidem
1447 648 1474 674 in
1496 648 1605 674 occulto
1627 648 1677 674 do-

885 697 974 723 ceant.
993 697 1019 719 et
1035 700 1158 727 quaenam
1177 693 1314 728 evnlgent,
1333 694 1416 728 inque
1437 693 1525 720 lucem
1548 693 1673 725 eil'erant,

885 739 931 773 qui
955 739 1062 773 piaculo
1087 739 1133 766 illo
1157 739 1291 774 inquinati
1317 744 1392 772 sunt,
1409 743 1436 766 et
1455 739 1546 774 qualia
1570 739 1638 774 ipsis
1660 747 1676 766 ιι

887 784 960 818 gravi
994 784 1097 811 scilicet
1130 789 1323 819 mysteriorum
1362 784 1485 812 antistite
1521 785 1674 817 tradantur,

887 829 1051 864 modumque
1067 834 1094 857 ct
1108 831 1189 856 ritum
1204 831 1404 865 baptismalem,
1420 835 1447 858 et
1465 834 1571 857 natura:
1584 834 1677 865 patro-

886 875 998 906 cinium,
1015 881 1041 902 et
1059 876 1153 902 horum
1177 876 1298 904 similia:
1316 877 1339 903 si
1362 877 1424 911 quis
1446 881 1575 903 accurate
1595 883 1678 903 nosse

885 921 960 952 velit,
974 921 1047 955 ipsos
1062 922 1210 957 interroget
1237 922 1337 956 quibus
1354 922 1426 948 nulla
1449 927 1491 949 est
1508 922 1601 956 religio
1615 925 1676 948 tnr-

887 966 927 1000 pia
956 971 982 994 et
1006 967 1133 994 indecora
1158 967 1292 1002 proloqui.
1321 966 1375 994 Nos
1399 967 1560 998 tacebitnns,
1588 973 1678 1000 neque

885 1011 956 1037 enim
973 1019 1079 1045 acquum
1099 1015 1151 1043 est,
1168 1012 1248 1039 etiam
1270 1015 1446 1039 accusatores
1467 1012 1564 1038 horum
1583 1012 1678 1038 utenti-

885 1056 968 1087 nisse,
987 1064 1048 1083 cum
1067 1057 1159 1083 norint
1178 1057 1266 1084 verbis
1289 1064 1399 1092 quoque
1423 1057 1568 1092 puritatem
1588 1056 1677 1084 hono-

885 1108 955 1132 rare.
974 1109 1061 1137 neque
1085 1106 1249 1137 praztextato
1269 1110 1394 1130 sermone
1411 1102 1497 1129 libros
1517 1109 1676 1129 commacu-

886 1146 941 1174 lare
954 1154 961 1179 ;
976 1147 1100 1181 quamvis
1110 1155 1125 1174 a
1140 1148 1253 1174 veritate
1265 1147 1382 1174 alienum
1399 1154 1454 1174 non
1470 1150 1544 1174 esset
1560 1146 1587 1173 id
1602 1145 1676 1181 quod

885 1190 1016 1217 dicerent.
1045 1216 1047 1221 ,

918 1279 1063 1310 Caeterum.
1084 1284 1113 1306 ut
1136 1280 1243 1307 redeant
1260 1280 1293 1307 ad
1310 1287 1352 1310 ea.
1373 1287 1490 1314 quorum
1513 1281 1600 1315 gratia
1622 1280 1676 1308 huc

884 1323 993 1358 delapsa
1015 1329 1056 1351 est
1080 1326 1185 1351 oratio:
1213 1326 1283 1352 sicut
1301 1326 1379 1353 A-etio
1399 1326 1545 1361 impietatis
1566 1326 1677 1354 occasio

886 1369 936 1396 fuit
955 1370 1110 1396 Aristotelis
1126 1378 1171 1397 ars
1199 1370 1279 1398 fallax
1298 1375 1326 1398 et
1344 1375 1473 1399 versuta:
1491 1371 1586 1399 eodem
1595 1371 1677 1399 modo

884 1419 911 1442 et
940 1415 1022 1442 unico
1050 1416 1135 1449 ipsius
1160 1415 1297 1451 discipulo
1327 1424 1394 1444 ansa
1428 1417 1486 1445 hac
1515 1417 1606 1444 oblata
1634 1420 1678 1444 est

885 1460 1026 1495 splendide
1050 1461 1200 1490 insultandi
1219 1461 1388 1497 simplicitati
1418 1469 1524 1493 eorum.
1549 1470 1619 1497 quos
1648 1462 1677 1489 in

885 1515 1004 1534 errorem
1018 1507 1183 1542 conjecerat.
1198 1507 1256 1540 Qua
1281 1515 1346 1542 ergo
1367 1508 1394 1535 in
1417 1516 1446 1535 re
1482 1513 1558 1535 tanta
1587 1509 1675 1543 ipsum

886 1552 984 1586 injuria
1006 1552 1096 1579 alfecit
1113 1552 1230 1580 Basilius
1245 1553 1277 1580 ad
1293 1552 1428 1580 Euxinum
1449 1553 1576 1585 Pontum,
1591 1553 1676 1580 autin

886 1598 1012 1625 Armenia
1037 1598 1206 1631 Eustathius,
1231 1598 1265 1626 de
1281 1599 1381 1633 quibus
1406 1599 1539 1633 prolixam
1565 1603 1591 1626 et
1616 1606 1677 1626 vcr-

887 1645 980 1671 bosam
997 1644 1192 1679 digressionem
1209 1644 1261 1671 hoc
1281 1645 1342 1671 loco
1359 1645 1443 1671 texit?
1460 1643 1517 1677 Qua
1532 1645 1559 1671 in
1573 1652 1602 1671 re
1618 1650 1676 1671 Inr-

887 1690 986 1716 barnnt
1003 1690 1089 1724 ipsius
1108 1689 1214 1716 vivendi
1236 1689 1342 1724 genus?
1357 1689 1455 1716 Annon
1471 1689 1560 1724 potius
1578 1697 1675 1716 novam

887 1735 1007 1768 ipsorum
1024 1734 1135 1768 gloriam
1153 1742 1250 1770 magna
1267 1735 1424 1762 accessione
1439 1733 1678 1762 auxerunt?Unde

886 1781 957 1806 enim
979 1781 1046 1815 ipsis
1067 1784 1141 1806 tanta
1161 1780 1279 1807 nominis
1303 1780 1449 1807 celebritas
1469 1784 1495 1807 et
1510 1779 1600 1806 fama?
1620 1780 1676 1807 An-

887 1834 939 1852 non
956 1826 989 1853 ab
1000 1826 1054 1852 illts
1068 1826 1146 1857 viris,
1159 1825 1182 1853 si
1198 1833 1252 1852 non
1273 1825 1402 1852 mentitur
1425 1825 1588 1853 accusator?
1599 1825 1676 1858 Quod

886 1872 958 1899 enim
983 1872 1105 1899 celebres
1127 1872 1165 1898 illi
1190 1871 1252 1903 viri,
1276 1876 1307 1898 ut
1330 1875 1446 1898 testatur
1473 1871 1524 1899 iste
1549 1871 1676 1905 scriptor,

887 1919 983 1953 dignos
1001 1918 1197 1952 reputaverint,
1215 1925 1277 1944 cum
1300 1917 1400 1952 quibus
1421 1918 1582 1952 pugnarent,
1604 1917 1675 1948 illos,

886 1962 933 1997 qui
967 1962 1076 1990 obscuri
1088 1966 1115 1989 et
1130 1962 1212 1996 ignoti
1224 1962 1355 1989 erant:id
1379 1963 1476 1989 merito
1503 1962 1676 1990 occasionem

887 2007 1052 2034 adversariis
1070 2007 1193 2040 pimbuit,
1210 2011 1239 2033 ut
1258 2006 1375 2041 majores
1392 2006 1506 2041 spiritus
1526 2009 1676 2038 sumerent,

888 2060 1003 2087 seseque
1018 2052 1130 2087 reliquis
1145 2057 1276 2086 praestare
1293 2052 1342 2079 sibi
1356 2052 1566 2087 persuaderent;
1582 2057 1609 2079 et
1624 2053 1677 2079 hac

888 2098 994 2124 ratione
1015 2097 1114 2132 prioris
1135 2097 1196 2124 vitae
1222 2097 1420 2131 ignobilitatem
1440 2102 1466 2124 et
1481 2099 1676 2126 obscuritatem

889 2147 979 2177 tegere
996 2142 1082 2174 licuit,
1097 2142 1172 2169 claro
1189 2142 1298 2169 nomine
1315 2143 1386 2177 apud
1398 2151 1493 2170 omnes
1506 2149 1594 2178 parto.
1611 2143 1677 2176 Quae

1628 2196 1676 2216 ne-

889 2235 987 2262 minem
1009 2235 1080 2261 enim
1105 2241 1210 2265 eorum,
1230 2234 1275 2268 qui
1299 2238 1373 2261 recte
1387 2235 1509 2269 sapiunt,
1529 2234 1675 2270 repereris.

888 2283 932 2315 qui
950 2280 1040 2315 cupiat
1054 2280 1204 2307 sceleribus
1218 2284 1249 2309 ,et
1264 2279 1405 2307 maleﬁciis
1428 2281 1621 2309 inclarescere.
1641 2281 1677 2308 At

888 2326 948 2354 istis
963 2327 1068 2352 videtur
1082 2326 1134 2352 hoc
1147 2333 1291 2360 supremus
1301 2325 1440 2352 felicitatis
1452 2326 1553 2361 gradus
1563 2336 1569 2353 :
1580 2334 1676 2361 quem-

887 2371 1031 2399 admodum
1059 2371 1128 2398 fama
1152 2376 1204 2403 est,
1236 2372 1380 2407 inglorium
1406 2372 1551 2406 quemdam
1578 2376 1604 2399 et
1628 2373 1676 2399 ab-

884 2418 986 2452 jcctnm
1010 2417 1037 2444 in
1061 2417 1136 2448 Asia,
1163 2425 1224 2444 cum
1249 2418 1431 2445 celebritatem
1460 2419 1579 2445 nominis
1604 2419 1675 2454 apud

888 2463 1019 2497 Ephesios
1048 2466 1206 2497 appeteret,
1233 2470 1287 2489 non
1317 2462 1427 2497 quidem
1454 2463 1545 2489 animo
1569 2463 1676 2491 facinul

888 2510 966 2536 laude
989 2509 1098 2544 dignum
1119 2509 1296 2544 concepisse:
1314 2509 1385 2536 haud
1406 2510 1478 2536 enim
1500 2514 1605 2536 tantum
1627 2517 1677 2544 po-

888 2555 988 2582 tuisse:
1015 2554 1062 2582 sed
1086 2559 1175 2582 tamen
1201 2555 1377 2582 celebriorem
1403 2555 1524 2582 evasisse
1548 2555 1676 2582 omnibus

889 2599 953 2631 illis.
970 2599 1016 2633 qui
1032 2599 1066 2626 ob
1083 2600 1200 2626 maxima
1218 2604 1324 2634 patrata
1343 2600 1464 2626 facinora
1482 2600 1674 2630 deeantantur.

887 2645 1040 2679 excogitato
1059 2649 1154 2672 contra
1177 2644 1309 2680 Ephesios
1338 2645 1409 2671 facto
1430 2644 1674 2678 perniciosissimo.

888 2689 985 2717 Fuisse
1004 2690 1075 2717 enim
1098 2691 1198 2726 Ephesi
1213 2691 1356 2718 aedilicium
1373 2689 1509 2724 quoddam
1523 2689 1674 2724 publicum,

888 2735 1089 2770 magnificentia
1102 2740 1129 2763 ct
1143 2737 1213 2764 tnole
1226 2741 1387 2771 sumptuosa
1405 2735 1583 2769 conspicuum
1596 2744 1602 2762 :
1623 2735 1675 2763 hoc

890 2782 1024 2810 hominem
1037 2783 1111 2810 illum
1132 2783 1233 2818 injecto
1255 2783 1317 2818 igne
1328 2789 1537 2810 concremasse:
1553 2787 1669 2818 captum.

889 2836 942 2863 que
957 2833 983 2856 et
1008 2828 1034 2855 in
1058 2829 1189 2864 judicium
1213 2829 1247 2857 ob
1263 2829 1474 2857 audacissimum
1499 2828 1607 2857 facinus
1630 2829 1665 2857 ad

1519 2876 1538 2908 9
