1914 3079
64 122 110 150 BI

621 108 772 149 'CONTRA
792 118 986 152 EUNOMIUM,
1005 120 1069 147 LIB.
1092 121 1111 148 l.

1643 117 1697 145 832

66 180 190 215 μιέηητα,
204 181 252 207 καὶ
266 182 354 208 πᾶσαν
367 181 541 217 καθαρότητα
555 180 643 216 ψυχῆς
655 188 685 206 τε
699 180 746 206 καὶ
762 177 850 214 σώμα-

902 179 1045 213 puritatem
1062 178 1162 205 mentis
1177 182 1203 205 et
1223 177 1350 213 corporis
1373 176 1586 204 accuratissimo
1603 176 1696 204 studio

63 234 108 256 τος
125 225 168 252 διὰ
186 226 236 261 τῆς
259 227 458 262 ἀκριϐεστάτης
473 226 634 262 ἐγκρατείας
647 223 853 259 νομοθετοῦντος

63 272 94 306 όμ
101 271 162 303 ait»;
177 272 278 307 ἐαυτῷ,
291 274 302 299 '1
321 274 375 304 τοῖς
390 272 625 307 πλησιάζουσιν,ἢ
640 271 687 297 τοῦ
699 270 855 300 κελεύοντος

66 317 102 352 μὴ
115 318 246 352 παρεχειν
262 319 411 353 πράγματα
427 320 458 354 τῇ
476 318 555 352 φύσει
569 317 636 353 πρὸς
654 317 684 343 τὸ
704 315 797 343 δοκοῦν
812 315 856 342 διὰ

63 360 116 387 τῶν
126 361 172 387 τοῦ
188 362 313 396 σώματος
325 363 440 398 όρὲξεων
452 362 593 399 προιούσῃ,
610 361 676 397 μηδὲ
691 355 855 388 ἀντιϐαίνειν

63 407 123 437 ταῖς
137 406 255 441 ἡδοναῖς,
269 408 335 441 μηδὲ
345 408 582 444 ἀκριϐολογεῖσθαι
594 408 657 442 περὶ
669 408 717 443 τὴν
728 406 855 441 τοιαύτην

61 451 109 478 τοῦ
124 451 183 486 βίον
200 452 328 486 σπουδήν·
350 454 410 481 οὐδὲ
420 453 474 489 γὰρ
487 453 554 481 εἶναι
569 462 629 480 τινα
645 453 745 488 βλάϐην
756 453 854 488 ψυχῆς,

62 496 106 523 δια
120 496 175 522 τῶν
192 497 320 524 τοιούτων
337 499 549 533 συνισταμένην·
569 499 637 525 ἀλλὰ
653 498 737 534 μόνην
760 499 855 534 ἀρκεῖν

61 542 102 577 τῷ
118 543 256 579 ἀνθρώπῳ
274 544 322 579 τὴν
339 544 479 580 αἱρετικὴν
495 545 585 570 πίστιν
608 544 674 579 πρὸς
685 544 855 580 celatim-ta;

61 587 93 612 Εἰ
105 587 134 613 δὲ
146 588 270 623 ἀρνεῖται
281 588 310 614 τὸ
322 589 359 624 μὴ
370 588 456 621 οὕτως
467 589 538 624 ἔχειν
549 589 639 620 αὐτοῖς
650 589 683 615 τὰ
690 588 764 621 διδὰγ
771 596 853 623 ματα,

61 632 196 668 εὐξαίμην
216 633 249 660 ἂν
267 633 354 668 ἔγωγε
377 636 423 661 καὶ
439 635 493 661 τῶν
518 634 720 670 εὐφρονούντων
742 634 856 665 τἑκαστος

61 678 205 713 ἀληθεύειν
221 679 302 706 αὐτον
316 680 345 706 ὲν
363 681 419 712 τοῖς
434 680 563 712 τοιούτοις
585 679 760 716 ἀρνούμενον.
785 679 855 705 Ἀλλ’

59 725 111 750 οὐκ
122 725 249 752 ἐάσουσιν
265 726 337 761 αὐτῷ
356 727 533 762 προχωρῆσαι
549 726 598 762 τὴν
615 727 729 762 ἄρνησιν
756 727 780 752 οἱ
792 725 856 760 γνή-

61 779 114 797 σιοι
131 771 269 807 μαθηταί·
289 772 350 806 ἥτὸ
367 772 493 807 μέγιστον
511 772 594 799 αὑτοῦ
612 771 743 808 θεώρημα
764 772 855 797 πεσεῖ-

58 825 117 850 ται,
139 818 187 843 καὶ
201 817 347 853 λυθήσεται
370 819 387 853 ή
409 818 494 853 σκηνὴ
507 818 561 844 τῶν
575 818 619 845 διὰ
631 817 710 844 τοῦτο
738 817 855 852 μάλιστα

59 864 299 899 προσεδρευόντων
313 864 351 899 τῷ
366 864 490 899 δόγματι.
510 864 634 899 Ἀναιδὴς
647 863 740 895 δὲτις,
751 864 796 890 καὶ
809 863 854 890 τὸν

57 909 232 944 ἀνθρώπινον
246 910 330 944 ψόγον
348 911 397 936 οὐκ
413 909 619 945 εὐλαϐούμενος,
635 910 666 936 ἐκ
680 910 734 936 τῶν
750 910 778 935 ἐν
797 911 854 936 νεό-

57 964 120 990 τητι
135 955 323 991 βεϐιωμένων,
345 957 361 991 ἦ
382 957 414 982 ἐκ
428 956 482 982 τῶν
495 956 564 991 μετὰ
578 955 663 982 ταῦτα
680 955 767 990 βούλει
792 964 853 982 σκο-

57 1001 212 1036 πήσωμεν;
234 1001 302 1028 ἀλλὰ
322 1002 355 1028 δι’
376 1002 548 1037 ἀμφοτέρων,
562 1002 604 1028 ἐπ’
623 1002 702 1028 αὐτὸν
718 1002 750 1028 ἂν
764 1001 854 1036 εὕροις

56 1046 228 1074 ἐπανιοῦσαν
245 1047 294 1082 τῆς
315 1047 451 1079 ἀναιδείας
472 1047 519 1083 τὴν
544 1048 657 1083 μέμψιν.
674 1049 710 1075 Οὺ
727 1049 761 1075 τὰ
785 1049 853 1075 αὐτὰ

57 1093 115 1128 γὰρ
135 1093 293 1129 ἑκατέροις,
310 1093 371 1120 οὔτε
397 1096 413 1130 ἡ
436 1095 538 1129 νεότης,
560 1094 621 1121 οὗτε
646 1095 660 1120 ὁ
686 1096 754 1130 μετὰ
767 1095 853 1122 ταῦτα

57 1147 151 1174 μαρτυ
157 1140 198 1174 ρ;ῖ
210 1139 274 1174 βίος.

906 229 1030 251 sectatur
1057 228 1084 251 et
1097 224 1186 251 sancit
1201 232 1278 259 teque
1297 224 1347 252 sibi
1374 230 1406 250 ac
1423 223 1504 251 aliis:
1531 230 1565 249 an
1584 222 1633 254 llll,
1650 223 1695 257 qui

905 270 985 298 docet
1002 270 1069 297 nihil
1083 271 1216 298 molestiae
1243 270 1415 297 inferendum
1443 275 1557 300 naturaz,
1587 269 1696 304 quando

907 316 1095 344 immoderatis
1124 317 1250 351 corporis
1274 315 1469 350 cupiditatibus
1497 315 1529 342 ad
1560 315 1604 347 id,
1624 316 1695 350 quod

906 363 1058 390 collibitum
1084 368 1137 393 est,
1168 364 1272 390 fertur:
1291 370 1379 397 neque
1409 362 1592 390 resistendqu
1619 362 1696 388 volu-

905 409 1048 442 ptatibus;
1065 417 1156 443 neque
1171 409 1252 435 etiam
1267 409 1434 444 asperiorem
1446 408 1507 435 vitae
1522 407 1694 442 disciplinam

906 454 1093 488 sequendam;
1126 462 1215 490 neque
1256 455 1328 482 enim
1365 454 1504 489 quidpiam
1539 453 1694 480 detrimenti

906 501 1024 527 animam
1044 508 1142 535 capere
1158 509 1191 528 ex
1207 501 1377 535 voluptatum
1396 508 1459 531 usu,
1481 499 1527 527 sed
1550 500 1582 527 ad
1608 499 1697 534 pcrl‘c—

906 547 1024 574 ctionem
1045 546 1169 574 sufﬁcere
1193 547 1296 574 homini
1313 547 1400 574 solatii
1425 539 1579 574 haereticam
1606 545 1699 572 ﬁdem?

905 591 981 624 Quod
999 591 1022 618 si
1040 596 1120 626 neget
1137 592 1206 619 hanc
1223 600 1285 619 esse
1305 599 1382 620 suam
1400 595 1427 619 et
1455 599 1567 618 suorum
1594 591 1696 619 doctri-

906 643 979 667 nam,
996 640 1117 671 optarem
1132 644 1182 671 ego
1198 640 1225 664 et
1241 644 1295 663 una
1309 644 1404 663 omnes
1417 636 1481 663 b0ni
1501 644 1618 668 mecum,
1633 644 1696 663 vere

906 680 1000 707 istha-c
1018 680 1123 715 negari.
1139 681 1190 708 Sed
1215 681 1328 716 legitimi
1355 681 1441 716 ipsius
1469 681 1597 715 discipuli
1626 689 1695 707 nuu-

905 733 986 760 quatn
1021 726 1190 761 negationem
1209 726 1277 753 hanc
1294 726 1429 761 patienter
1446 725 1544 756 ferent,
1574 723 1695 760 alioquin

905 771 994 807 niaxi:
1009 780 1053 798 um
1071 771 1203 798 doctrinae
1230 772 1312 806 hujus
1332 771 1540 798 fumlamcntum
1568 771 1696 798 concide-

906 822 957 850 ret,
974 818 1226 853 dissolvereturque
1250 818 1328 852 quasi
1355 818 1561 846 tabernaculum
1581 822 1609 845 et
1634 821 1694 844 ten-

872 860 890 885 "
906 865 1004 891 torium
1024 865 1145 896 illorum,
1164 864 1210 899 qui
1228 865 1270 890 vel
1296 869 1407 898 propter
1422 863 1474 891 hoc
1502 871 1585 890 unum
1604 864 1696 890 Eunu-

907 910 951 936 inii
970 910 1141 944 dogmatibus
1166 918 1227 937 sese
1259 909 1433 936 addixerunt.
1462 909 1522 937 Jam
1541 917 1604 936 vero
1632 910 1695 942 quis

905 955 1050 991 impudens
1080 956 1126 988 sit,
1146 955 1278 989 fatumque
1310 954 1381 990 apud
1400 954 1525 981 homines
1542 954 1693 990 prodigus:

906 1008 938 1028 an
961 1002 1001 1028 vis
1019 1006 1048 1028 ut
1064 1006 1218 1028 statuamus
1235 1009 1268 1027 ex
1290 1001 1355 1033 iliis,
1386 1009 1447 1035 quae
1475 1001 1502 1027 in
1531 1001 1694 1035 juventute:
1736 1018 1744 1021 -ι

906 1057 939 1075 au
960 1057 992 1076 ex
1011 1049 1056 1081 iis,
1075 1056 1136 1083 qua:
1151 1053 1245 1083 postea
1264 1052 1340 1083 gesta
1357 1053 1436 1076 SUlIl:
1455 1056 1487 1075 an
1503 1056 1535 1075 ex
1553 1049 1696 1084 utrisque?

908 1094 960 1121 Sed
988 1095 1044 1122 sive
1072 1103 1105 1121 cx
1134 1094 1186 1125 his,
1214 1095 1271 1121 sive
1287 1103 1318 1121 ex
1338 1094 1392 1121 illis
1422 1094 1554 1129 judicium
1574 1095 1630 1128 ﬁat,
1660 1096 1694 1122 ad

906 1142 994 1174 ipsqu
1011 1140 1102 1167 redire
1120 1139 1224 1167 videbis
1239 1139 1415 1173 impudentia:
1439 1140 1616 1167 calumniam.
1641 1141 1695 1168 Ne-

55 1193 111 1219 que
131 1186 205 1212 enim
220 1186 314 1213 eadem
329 1192 442 1222 uterque
458 1188 541 1223 gessit
556 1193 602 1214 aut
613 1187 733 1222 juvenis,
753 1193 797 1214 aut
813 1196 844 1215 ea
862 1190 950 1216 aetate.
965 1194 1025 1220 quae
1041 1185 1110 1212 hanc
1128 1185 1265 1219 sequitur.

98 1232 303 1266 Ὕπομνησάτω
317 1233 410 1259 ἑαυτὸν
419 1233 432 1258 ό
442 1233 610 1268 λογογράφος
627 1233 679 1259 τῶν
694 1242 723 1259 τε
744 1234 789 1259 ἐπὶ
803 1233 851 1267 τῆς

54 1278 190 1313 πατρίδος
204 1277 275 1304 κατὰ
289 1278 334 1304 τὸν
352 1278 401 1313 τῆς
418 1278 543 1314 νεότητος
562 1279 666 1314 καιρὸν,
682 1280 728 1306 καὶ
747 1279 801 1305 τῶν
823 1280 851 1305 ἐν

54 1324 268 1351 Κωνσταντίνου
283 1324 358 1350 πόλει
369 1323 542 1359 βεὸιωμένων
553 1324 638 1359 αὐτῷ·
653 1325 698 1351 καὶ
709 1325 852 1351 ἀκουσάτω

54 1370 135 1405 παρὰ
150 1369 205 1396 τῶν
218 1369 326 1395 εἰδότων
337 1367 379 1396 οἵα
392 1369 430 1404 τῷ
445 1370 687 1405 συκοφαντουμὲνῳ
702 1371 850 1397 συνίσασιν.

53 1417 87 1442 Ei
106 1416 136 1442 δὲ
157 1416 190 1441 ἐκ
204 1415 259 1441 τῶν
275 1415 373 1450 ἐφεξῆς
388 1416 609 1450 ἐπιτηδευμάτων
626 1424 667 1447 τις
685 1415 769 1442 ἐθέλοι
787 1425 850 1442 σκο-

941 1230 1061 1258 Revocet
1075 1230 1259 1266 logodatdalus
1278 1230 1330 1257 sibi
1349 1230 1376 1257 in
1405 1230 1564 1257 memoriam
1585 1238 1617 1258 ea
1632 1239 1694 1266 quin

907 1276 933 1303 in
950 1277 1037 1311 patria
1054 1284 1103 1304 sua
1118 1276 1228 1310 juvenis
1242 1276 1416 1311 perpetravit.
1433 1280 1460 1303 et
1476 1284 1537 1311 quae
1559 1276 1695 1304 Constan-

905 1322 1041 1357 tinopoli,
1073 1321 1258 1356 intelligatque
1284 1329 1316 1348 ex
1334 1321 1367 1348 iis
1399 1321 1446 1355 qui
1474 1325 1585 1353 norunt,
1613 1329 1694 1357 quam

905 1369 985 1404 longe
1004 1367 1106 1395 fuerint
1120 1368 1227 1395 diversa
1247 1367 1337 1394 studia
1358 1367 1430 1401 ejus,
1445 1375 1526 1401 quem
1543 1368 1601 1403 ipse
1626 1375 1689 1402 pro-

905 1415 961 1442 bris
977 1414 1139 1442 insectatur.
1159 1412 1237 1446 Quod
1251 1413 1273 1440 si
1287 1413 1350 1447 quis
1365 1413 1429 1440 velit
1451 1413 1502 1440 hoc
1518 1413 1632 1440 delinire
1660 1421 1692 1440 ex

53 1460 131 1492 πεῖν,
148 1458 230 1490 αὐτὸς
247 1459 361 1490 εἰπάτω,
376 1459 416 1490 τίς
434 1459 509 1491 ἄξιος
525 1460 645 1486 τοιούτου
665 1460 794 1495 ὀνόματος
807 1468 813 1474 ·
837 1461 851 1486 ὁ

904 1460 938 1488 iis
952 1468 1012 1495 quae
1035 1464 1128 1494 postea
1154 1464 1219 1486 sunt
1235 1459 1392 1491 subsecuta,
1422 1459 1480 1493 ipse
1493 1459 1567 1486 dicat
1599 1460 1693 1492 velim,

52 1505 105 1539 τὴν
123 1503 255 1539 πατρῴαν
271 1504 363 1531 οὐσίαν
376 1505 422 1531 καὶ
436 1505 489 1540 πρὸ
506 1505 555 1540 τῆς
570 1505 718 1541 ἱερωσύνης
732 1506 851 1540 ἀφειδῶς

52 1549 204 1582 ἀναλώσας
220 1550 277 1581 τοῖς
291 1550 405 1584 πένησι,
421 1551 469 1577 καὶ
485 1551 600 1586 μάλιστα
617 1552 645 1577 ἐν
661 1551 698 1586 τῷ
716 1553 764 1586 τῆς
780 1561 850 1578 σιτοη

51 1596 132 1626 δείας
151 1595 252 1631 καιρῷ,
269 1596 328 1622 καθ’
345 1596 374 1623 ὃν
390 1597 532 1624 ἐπεστάτει
545 1597 595 1632 τῆς
621 1597 793 1633 Ἐκκλησίας,
811 1599 850 1625 ἔτι

52 1644 83 1668 ἐν
100 1641 144 1676 τῷ
160 1641 253 1676 κλήρῳ
266 1642 320 1668 τῶν
337 1642 528 1678 πρεσῦυτέρων
544 1644 700 1678 ἱερατεύων,
719 1645 765 1670 καὶ
782 1645 851 1679 μετὰ

51 1689 157 1720 ταῦτα,
177 1688 243 1723 μηδὲ
263 1689 316 1714 τῶν
333 1689 549 1723 ὑπολειφθέντων
566 1690 743 1725 φεισάμενος,
760 1691 797 1719 ὼς
817 1691 851 1718 ἂν

50 1735 104 1761 καὶ
118 1733 202 1764 αὐτὸς
220 1733 250 1759 τὸ
261 1733 309 1759 τοῦ
335 1733 495 1761 Ἀποστόλου
515 1735 697 1770 καυχήσαιτοσ
717 1735 780 1761 Ὅτι
796 1735 850 1762 δω-

45 1780 130 1814 [εὰν
150 1779 244 1811 ἄρτον
262 1780 316 1806 οὐκ
333 1779 462 1815 ἕφαγον;
482 1781 517 1806 Ἣ
541 1781 555 1807 ό
569 1780 706 1816 προσόδων
724 1781 849 1816 ἀφορμὴν

49 1826 105 1860 τὴν
123 1824 172 1850 τοῦ
193 1824 329 1858 δόγματος
343 1825 511 1859 προστασίαν
536 1826 738 1861 ποιησάμενος
752 1827 780 1853 '0
795 1827 850 1853 εἰσ-

49 1870 144 1897 ὂύνων
161 1871 201 1901 εἰς
222 1870 271 1901 τὰς
285 1870 372 1902 οἰκίας
399 1870 564 1906 αὐτόκλητος
576 1892 583 1904 ,
599 1872 659 1898 οὐδὲ
680 1874 729 1907 τὴν
753 1872 785 1898 ὲκ
801 1872 848 1899 τοῦ

48 1915 164 1947 πάθους
180 1915 276 1950 ἀηδίαν
289 1917 320 1951 τῇ
339 1915 398 1942 καθ’
411 1915 504 1943 ἑαυτὸν
518 1916 637 1952 διαγωγῇ
656 1918 847 1952 περιστέλλων·

48 1960 116 1987 οὐδὲ
136 1960 187 1995 τὴν
209 1960 327 1995 φυσικὴν
345 1961 398 1987 τῶν
417 1961 592 1994 ὑγιαινόντων
607 1962 673 1996 πρὸς
688 1962 751 1993 τοὺς
764 1962 849 1988 τοιού-

47 2015 119 2038 τους
141 2005 318 2041 ἀποστροφὴν
334 2006 521 2041 λογιζόμενος,
541 2007 556 2033 ό
581 2007 650 2033 κατὰ
667 2007 711 2033 τὸν
736 2007 848 2034 παλαιὸν

48 2053 139 2088 νόμων
154 2052 199 2078 διὰ.
211 2052 261 2087 τὴν
280 2052 350 2086 ἁφὴν
363 2053 411 2088 τῆς
429 2053 564 2088 σημασίας
580 2053 631 2085 ἔξω
645 2053 693 2088 τῆς
711 2054 847 2088 παρεμόο

47 2098 102 2133 λῆς
119 2097 176 2123 τῶν
187 2097 332 2124 οἰκούντων
346 2097 550 2134 ἀφοριζόμενος.

902 1506 965 1541 quis
980 1505 1156 1541 impudentia:
1173 1512 1272 1532 nomen
1288 1509 1425 1531 mereatur
1443 1514 1450 1532 :
1472 1505 1563 1538 illene,
1585 1505 1631 1540 qui
1646 1513 1694 1540 pa-

902 1557 993 1579 ternas
1010 1551 1155 1578 facultates
1166 1551 1249 1578 etiam
1262 1556 1407 1585 antequam
1426 1550 1584 1578 sacerdotio
1600 1551 1692 1578 iuitia~

902 1601 988 1629 retur,
1007 1597 1159 1624 liberaliter
1189 1597 1284 1632 egenis
1301 1596 1462 1630 distribuit;
1492 1597 1610 1624 maxime
1628 1600 1693 1624 tunc

900 1642 1009 1677 quando
1040 1650 1136 1678 magna
1154 1650 1269 1669 annona:
1298 1642 1412 1677 penuria
1444 1643 1617 1670 exsistebat:
1634 1651 1690 1678 quo

902 1694 1024 1724 tempore
1041 1688 1172 1716 Ecclesiae
1187 1693 1314 1723 praeerat,
1340 1695 1455 1715 numero
1471 1689 1692 1723 presbyterorum

901 1737 990 1763 adhuc
1007 1736 1174 1767 accensitus.
1190 1737 1291 1771 quippe
1318 1737 1439 1771 posthaec
1457 1737 1539 1763 etiam
1561 1737 1629 1763 nihil
1650 1744 1693 1764 re-

900 1782 1004 1817 liquum
1019 1782 1070 1808 sibi
1089 1781 1162 1813 fecit,
1180 1786 1209 1809 ut
1232 1786 1259 1809 et
1289 1783 1347 1817 ipse
1375 1781 1487 1817 gloriari
1522 1786 1614 1816 posset
1629 1790 1690 1809 cum

900 1829 1030 1863 Apostolo
1047 1838 1054 1856 :
1071 1828 1202 1861 Quoniam
1224 1829 1307 1864 gratia
1338 1836 1432 1862 panem
1463 1835 1514 1854 non
1531 1827 1631 1854 comedi
1646 1828 1665 1843 “
1677 1826 1689 1851 ?

899 1875 940 1902 An
958 1876 1001 1903 ille
1020 1875 1113 1910 potius
1128 1874 1305 1910 impudentia:
1319 1882 1418 1901 nomen
1438 1873 1553 1905 subibit,
1569 1875 1616 1908 qui
1642 1874 1691 1901 do-

899 1919 995 1946 ctrina:
1018 1926 1075 1946 sua:
1101 1918 1298 1953 professionem
1321 1926 1369 1953 pro
1398 1924 1504 1953 quaestu
1531 1918 1627 1945 habet?
1638 1919 1689 1950 Qui

899 1972 952 1992 non
972 1968 1086 1992 vocatus
1104 1965 1131 1990 in
1151 1965 1223 1992 aedes
1248 1964 1352 1991 alienas
1370 1971 1431 1991 sese
1450 1964 1593 1997 insinuat;
1615 1964 1690 1991 inso-

899 2010 1009 2037 lentiam
1026 2009 1090 2037 facti
1106 2009 1188 2044 hujus
1210 2016 1261 2036 suo
1286 2010 1394 2036 vivendi
1412 2010 1492 2036 modo
1512 2010 1622 2036 minime
1648 2015 1688 2037 tc-

898 2063 976 2091 gcns,
994 2062 1082 2090 neque
1101 2055 1181 2082 etiam
1196 2062 1277 2089 quam
1297 2055 1330 2081 ab
1345 2054 1503 2088 hujusmodi
1532 2055 1688 2082 hominibus

899 2110 914 2128 ο
941 2105 1039 2128 natura
1058 2100 1147 2128 aversi
1164 2100 1241 2133 sint,
1263 2100 1364 2135 quibus
1391 2107 1467 2127 mens
1495 2104 1521 2127 ct
1550 2101 1619 2127 ratio
1647 2106 1688 2128 est

46 2143 162 2174 sanior,
178 2143 281 2177 cogitat
293 2142 348 2174 ille,
361 2143 406 2178 qui
423 2144 535 2178 antiqua
560 2144 618 2179 lege
634 2148 746 2179 propter
770 2145 976 2173 similitudinem
994 2145 1204 2180 significationis
1236 2153 1268 2171 ex
1307 2144 1447 2171 hominum
1482 2145 1612 2173 societate
1641 2153 1688 2173 ex-

46 2190 221 2218 terminatus
237 2195 289 2217 est.

85 2234 249 2269 Προπετὶις
273 2235 301 2260 δὲ
339 2235 431 2270 πάλιν,
460 2236 502 2263 καὶ
526 2236 685 2270 ὑϐριστὴς,
712 2238 757 2263 καὶ
784 2239 844 2265 καθ’

933 2236 1039 2263 Rursus
1057 2236 1212 2262 temerarius
1228 2239 1254 2262 et
1270 2235 1415 2270 injuriasus
1432 2240 1459 2263 et
1475 2236 1589 2264 subinde
1604 2238 1685 2264 etiam

44 2280 186 2313 ἑκάτερον
207 2278 346 2312 ψεύστης
365 2279 526 2314 ὀνομάζεται
546 2281 621 2316 παρὰ
640 2281 686 2307 τοῦ
710 2283 845 2318 μακροθύ-

45 2332 111 2358 μως
124 2324 152 2348 ἐν
166 2322 303 2357 πραΰτητι
317 2324 378 2355 τοὺς
391 2324 650 2359 ἀντιδιατιθεμένους
663 2326 844 2359 παιδεύοντος,

44 2369 133 2395 Οὕτω
154 2367 211 2403 γὰρ
224 2369 253 2393 ὲν
266 2367 305 2403 τῷ
321 2370 516 2404 συγγράμματι
528 2371 583 2402 τοῖς
594 2371 638 2397 ἐπ’
659 2372 741 2398 αὑτοῦ
756 2373 845 2407 λόγοις

43 2412 280 2448 ἐνδιαθρύπτεται
300 2415 313 2440 ὁ
323 2414 457 2450 μηδεμίαν
466 2416 577 2450 πικρίας
587 2417 737 2453 ὑπερϐολὴν
745 2419 845 2452 ἀφιεὶς,

43 2461 75 2486 ὲν
99 2456 144 2490 οἷς
170 2459 203 2485 ἄν
230 2467 256 2484 τι
276 2461 466 2494 προσενεγκεῖν
490 2461 628 2497 ἐξισχὺσῃ.
650 2463 734 2490 Πόθεν
754 2465 844 2492 τοίνυν

41 2505 94 2532 καὶ
114 2505 148 2530 ἐκ
169 2504 256 2543 ποίων
280 2506 451 2540 πραγμάτων
471 2508 520 2543 τὴν
543 2508 621 2544 ὕϐριν
635 2510 717 2536 αὐτοῦ
751 2513 798 2538 καὶ
814 2512 843 2538 τὸ

41 2550 188 2585 προπετὲς
205 2549 357 2585 διελέγχει;
375 2551 446 2584 Ὅτι,
462 2553 537 2587 φησι,
554 2555 757 2588 Καππαδόκην
770 2557 843 2582 ὄντα

37 2603 93 2629 με,
108 2594 256 2627 Γαλάτην
269 2594 424 2629 ὠνόμασεν
437 2605 443 2612 ·
459 2595 517 2624 εἶτα
533 2598 571 2633 τῷ
589 2599 706 2635 μεθορίῳ
723 2601 777 2627 τῶν
789 2611 842 2628 πα-

39 2640 148 2675 τρὶὂων
169 2640 220 2675 τὴν
239 2641 345 2675 οἴκησιν
359 2641 453 2676 ἔχοντα
465 2662 472 2675 ,
493 2644 522 2670 ὲν
539 2644 674 2680 ἀνωνύμῳ
694 2646 747 2672 τινὶ
770 2648 841 2681 Κερ-

39 2684 217 2718 γιασπιιιῆς
230 2685 353 2721 ἐσχατιᾷ·
365 2688 388 2713 εἰ
401 2687 460 2714 ἀντὶ
472 2688 518 2715 τοῦ
539 2688 736 2724 Ὀλτισήρεως
746 2692 843 2719 Γαλά-

38 2736 102 2762 την
117 2727 267 2761 ὠνόμασεν
279 2738 285 2744 ·
303 2729 379 2765 εἵττρ
391 2731 423 2767 δὴ
438 2732 506 2764 ὅλως
521 2734 568 2759 καὶ
584 2734 663 2760 τοῦτο
687 2738 842 2770 προσειπεῖν

84 2814 103 2828 ¹¹
120 2817 141 2845 ιι
158 2817 260 2845 Thess.
281 2826 326 2852 ut.
342 2819 370 2847 8-

898 2282 1010 2309 mendax
1028 2281 1182 2316 appellatur
1199 2281 1315 2308 Basilius
1329 2281 1363 2308 ab
1379 2281 1436 2313 illo,
1452 2283 1497 2316 qui
1511 2284 1646 2316 patienter
1659 2288 1685 2310 et

897 2335 1037 2357 mansuete
1052 2329 1227 2356 adversarios
1243 2336 1308 2356 suos
1324 2329 1421 2356 erudit.
1435 2330 1475 2356 lla
1491 2331 1562 2357 enim
1590 2331 1616 2358 in
1635 2340 1685 2358 suo

894 2373 965 2400 libro
981 2373 1015 2400 de
1030 2380 1059 2400 se
1073 2373 1203 2407 praedicat
1218 2373 1285 2404 iste,
1301 2374 1346 2408 qui
1362 2374 1464 2401 nullam
1481 2376 1593 2402 omnino
1608 2384 1684 2403 accr—

896 2418 991 2447 bitatis
1010 2419 1183 2446 occasionem
1211 2420 1415 2454 praetermittit,
1442 2422 1599 2456 ubicunque
1633 2424 1683 2449 ali-

897 2473 977 2499 quam
996 2465 1116 2499 arripere
1142 2469 1243 2500 potest.
1264 2465 1340 2493 Unde
1371 2466 1453 2501 igitur
1471 2472 1496 2494 et
1524 2469 1623 2502 quibus
1650 2477 1681 2496 ex

898 2509 977 2536 rebus
996 2511 1175 2536 temeritatem
1201 2514 1227 2536 et
1262 2510 1368 2544 injuriae
1386 2511 1537 2546 irrogandm
1563 2513 1682 2539 studium

896 2555 1013 2589 probat?
1027 2555 1108 2588 Quia.
1125 2555 1221 2589 inquit,
1238 2563 1287 2585 me,
1298 2564 1357 2582 cum
1375 2557 1423 2583 sint
1440 2557 1594 2591 Cappadox,
1606 2547 1683 2584 voca-

896 2601 930 2627 vit
943 2600 1075 2628 Galalam.
1091 2600 1187 2627 Mirum
1203 2609 1282 2636 vero,
1298 2602 1322 2630 si
1338 2610 1411 2635 eum,
1427 2603 1473 2636 qui
1500 2603 1526 2629 in
1555 2604 1682 2632 conﬁniis

895 2645 1010 2673 duarum
1025 2646 1165 2681 regionum
1189 2646 1339 2679 habitabat,
1368 2648 1395 2674 in
1413 2648 1530 2675 obscuro
1561 2648 1679 2682 quodam

898 2691 1081 2726 Coruiaspince
1096 2693 1206 2728 angulo,
1225 2701 1279 2721 non
1298 2693 1462 2728 Olliserium,
1482 2695 1528 2722 sed
1554 2694 1680 2724 Galatam

898 2738 1069 2772 nominavit;
1089 2740 1110 2766 si
1147 2743 1237 2766 tamen
1265 2739 1421 2767 nominasse
1447 2740 1553 2768 ostendi
1579 2747 1678 2777 potest.
