1914 3079
47 92 86 120 297

73 147 122 180 Πᾶς
139 148 154 173 δ
176 145 235 173 τῶν
251 149 315 175 καθ’
337 149 415 183 ἡμᾶς
440 150 592 185 δοηιιάτων
611 153 806 187 συμπληροῦ-
822 156 842 184 Α

46 203 80 221 ται
98 194 179 227 λόγος
197 194 232 220 ἐκ
258 203 288 221 τε
312 194 366 229 τῆς
386 196 524 223 ἀνωτάτω
549 198 597 225 καὶ
624 199 806 234 κυριωτάτης

46 240 137 272 οὐσίας,
150 239 197 267 και
211 240 245 266 ἐκ
270 239 326 274 τῆς
348 240 384 268 δι’
400 242 519 276 ἐκείνην
537 244 596 278 μὲν
616 244 724 279 οὔσης,
741 246 805 279 μετ’

45 286 139 318 ἐκείνην
151 285 184 311 δὲ
199 285 320 312 πάντων
332 285 390 313 τῶν
401 287 503 314 ἄλλων
513 290 725 324 πρωτευούσης
735 299 742 306 ν
755 291 806 318 καὶ

45 331 124 365 τρίτης
139 339 169 364 γε
184 330 239 364 τῆς
257 331 384 366 μηδεμιᾷ
398 332 456 366 μὲν
473 334 587 361 τούτων
606 336 806 370 συνταττομέ-

44 384 94 409 νης,
107 375 178 403 ἀλλὰ
190 375 226 410 τῇ
238 377 307 410 μὲν,
323 377 372 404 διὰ
386 377 444 412 τὴν
459 380 571 406 αἰτίαν·
588 379 626 415 τῇ
639 381 673 407 δὲ
685 381 733 409 διὰ
749 382 806 416 τὴν

43 421 178 457 ἐνέργειαν,
190 424 254 450 καθ’
266 423 307 457 ἣν
316 424 449 459 γέγονεν,
463 427 703 462 ὐποταττομένης
717 437 723 444 ’
732 436 806 463 συμα

43 468 315 503 περιιαμϐανομένων
329 470 445 505 δηλαδὴ
459 471 533 505 πρὸς
552 472 609 507 τὴν
624 474 676 500 τοῦ
693 474 805 508 παντὸς

41 514 115 547 λόγου
128 514 354 548 συμπλήρωσιν,
374 516 423 543 καὶ
447 517 512 550 ταῖς
534 518 653 551 οὐσίαις
674 525 805 552 παρεπο-

41 558 119 593 μένων
127 559 287 593 ἐνεργειῶν,
304 561 352 587 καὶ
367 560 425 588 τῶν
438 562 558 596 ταύταις
573 564 721 598 συμφυῶν
736 565 805 592 ὀνο-

40 604 133 639 μάτων·
147 605 239 632 πάλιν
261 605 286 632 δ’
302 604 341 634 αὖ
359 606 492 642 ἑκάστης
510 609 624 636 τούτων
638 610 745 643 οὐσίας
763 612 805 638 εἱ-

41 650 156 683 λικρινῶς
178 649 290 685 ἀπλῆς,
317 652 366 679 καὶ
382 652 479 687 πάντη
499 653 571 688 μιᾶς
593 655 690 689 οὔσης
708 663 740 683 τε
756 656 805 684 και

40 695 192 729 νοουμένης,
207 695 282 722 κατὰ
293 696 350 730 τὴν
361 697 440 725 ἰδίαν
452 699 551 732 ἀξίαν,
565 707 805 736 συμπεριγραφο-

37 739 119 773 μένων
141 740 172 767 δὲ
192 741 255 774 τοῖς
275 741 373 776 ἔργοις
398 743 458 770 τῶν
476 744 643 779 ἐνεργειῶν,
669 747 719 773 καὶ
745 747 805 774 τῶν

39 785 115 820 ἔργων
126 787 186 819 ταῖς
200 786 259 814 τῶν
273 788 483 824 ἐργασαμένων
499 791 661 825 ἐνεργείαις
675 800 805 828 παραμιξτ⁶

38 833 183 866 τρουμένων
192 842 199 849 ·
214 833 328 869 ἀνάγκη
343 834 441 867 δήπου
453 835 546 866 πᾶσα.
557 836 610 870 τὰς
623 837 736 872 ἑκάστῃ
745 838 805 865 τῶν

38 877 132 904 οὐσιῶν
146 878 292 914 ἑπομένας
303 880 463 915 ἐνεργείας,
473 881 617 915 ἐλάττους
632 891 664 909 τε
680 883 727 910 καὶ
738 884 804 918 μεί-

37 922 90 956 ζους
103 924 182 955 εῖναι.
197 925 246 951 καὶ
262 925 314 958 τὰς
324 925 383 959 μὲν
395 926 525 960 πρώτην,
545 927 598 960 τὰς
614 928 648 954 δέ
660 928 804 963 δευτέραν

37 969 107 1000 τάξιν
118 970 242 1005 ἐπέχειν.
257 972 395 1004 Συνόλως
410 980 442 999 τε
456 972 641 1006 είπεῑγ,πρὸς
652 975 804 1009 τοσαύτην

36 1013 195 1045 ἐξικνεῖσθαι
208 1015 363 1050 διαφορὰν,
377 1018 451 1051 πρὸς
462 1019 582 1052 ὁπόσην
597 1018 636 1045 ἂν
649 1019 803 1053 ἐξικνῆται

37 1060 64 1086 τὰ
76 1060 151 1095 ἔργα·
166 1061 231 1088 ἐπεὶ
244 1062 323 1096 μηδὲ
340 1062 457 1097 θεμιτὸν
470 1063 527 1097 τὴν
542 1063 639 1098 αὐτὴν
652 1064 804 1100 ἐνέργειαν

34 1106 121 1138 εἰπεῖν,
136 1108 197 1134 καθ’
218 1107 258 1141 ἣν
275 1108 345 1141 τοὺς
360 1108 507 1143 ἀγγέλους
522 1110 675 1143 ἐποίησεν,
692 1110 711 1144 ἣ
731 1111 802 1144 τοὺς

33 1149 143 1184 ἀστέρας
162 1152 213 1178 καὶ
233 1152 286 1179 τὸν
301 1153 439 1186 οὐρανὸν,
454 1153 473 1187 ἣ
486 1153 539 1180 τὸν
551 1154 718 1188 ἄνθρωπον,
734 1155 802 1182 ἀλλ’

33 1193 84 1227 ὅσῳ
100 1195 132 1222 τὰ
151 1197 224 1232 ἔργα
243 1197 302 1224 τῶν
318 1198 411 1232 ἔργων
431 1199 614 1233 πρεσϐύτερα
635 1200 682 1227 καὶ
705 1202 802 1236 τιμιώο

32 1247 98 1272 τερα,
113 1242 246 1274 τοσούτῳ
263 1241 310 1268 καὶ
332 1242 389 1275 τὴν
410 1242 562 1277 ἐνέργειαν
582 1243 638 1278 τῆς
652 1244 803 1280 ἐνεργείας

32 1283 228 1320 ἁναϐεόηιὲέναι
240 1288 313 1321 φαίη
325 1287 364 1314 ἄν
375 1296 419 1321 τις
433 1288 563 1321 εὐσεϐῶς
573 1289 786 1325 διανοούμενος
794 1299 801 1306 '

31 1330 72 1356 ἅτε
82 1331 116 1365 δὴ
131 1333 188 1359 τῶν
201 1332 302 1360 αὐτῶν
316 1333 479 1368 ἐνεργειῶν.
495 1335 552 1368 τὴν
564 1337 732 1370 ταυτότητα
744 1337 803 1364 τῶν

31 1376 109 1410 ἔργων
131 1379 357 1412 ἀποτελουσῶν,
381 1380 430 1406 καὶ
458 1380 518 1406 τῶν
544 1384 802 1418 παρηλλαγμένων

29 1419 109 1454 ἔργων
128 1424 382 1458 παρηλλαγμένας
399 1425 452 1458 τὰς
471 1425 622 1462 ἐνεργείας
642 1428 801 1464 ἐμφαινόν-

29 1474 84 1494 των.
102 1468 179 1495 Οὕτω
196 1469 232 1496 δὲ
253 1470 365 1496 τούτων
376 1470 517 1505 ἐχόντων,
538 1474 587 1499 καὶ
609 1473 646 1508 τῇ
660 1475 734 1509 πρὸς
747 1476 801 1503 ᾶλ-
817 1493 839 1524 C

27 1513 95 1544 ληλα
107 1513 211 1548 σχέσει
234 1516 289 1542 τὸν
304 1516 405 1550 είρμὸν
417 1517 608 1551 ἀπαράϐατον
627 1519 803 1554 διατηρούν-

27 1565 75 1583 των
84 1567 89 1574 ’
99 1560 249 1594 προσήκει
260 1560 357 1594 δήπου
372 1561 433 1595 τοῖς
447 1564 523 1590 κατὰ
536 1564 594 1598 τὴν
604 1566 729 1601 συμφυῆ
742 1568 804 1600 τοῖς

27 1604 163 1638 πράγμασι
187 1606 278 1638 τάξιν
294 1607 350 1640 τὴν
371 1607 513 1639 ἐξέτασιν
538 1611 737 1645 ποιουμένοις,
754 1613 804 1640 καὶ

23 1649 58 1682 μὴ
75 1651 177 1684 φύρειν
192 1652 270 1687 ὁμοῦ
287 1652 395 1686 πάντα,
410 1654 458 1681 καὶ
471 1657 598 1690 συγχεῖν
605 1657 802 1693 βιαζομένοις·

24 1696 46 1720 ει
55 1696 106 1729 μὲν
116 1698 182 1731 περὶ
200 1697 257 1732 τῆς
271 1699 377 1732 οὐσίας
391 1700 501 1728 κινοῖτο
518 1702 750 1738 ἀμφισϐήτησις.
768 1705 803 1732 ἐκ

23 1740 73 1767 τῶν
93 1744 216 1777 πρώτων
241 1744 292 1770 ναὶ
313 1745 471 1780 προσεχῶν
494 1747 558 1780 ταῖς
581 1749 699 1783 οὐσίαις
722 1750 804 1784 ἐνερ-

23 1787 99 1820 τειών
107 1790 260 1817 ποιεῖσθαι
274 1790 333 1817 τῶν
346 1789 547 1826 δεικνυμένων
558 1794 614 1827 τὴν
628 1795 742 1826 πίστιν,
754 1796 804 1823 καὶ

21 1833 71 1860 τῶν
82 1836 373 1872 ἀμφισϐητουμένων
388 1839 445 1873 τὴν
458 1839 601 1867 διάλυσιν
611 1850 618 1857 ·
654 1843 711 1876 τὴν
737 1843 772 1870 δὲ
787 1843 838 1870 ἐπὶ

818 823 839 851 Β

585 92 723 121 CONTRA
739 93 934 128 EUNOMIUM,
952 96 1015 125 LIB.
1036 97 1056 124 ι.
1104 120 1107 123 ι

1587 101 1641 129 298

895 155 988 183 Omnis
1008 160 1112 188 oratio,
1133 164 1184 191 qua
1209 158 1334 192 dogmata
1355 162 1445 186 nostra
1463 159 1640 194 explicamus,

855 201 992 234 perﬁcitur
1008 209 1041 228 es:
1059 210 1182 236 suprema
1197 207 1221 230 et
1237 204 1352 231 maxime
1370 205 1475 239 proprie
1489 206 1562 232 dicta
1577 206 1641 232 sub-

855 246 954 272 stantia
967 253 977 272 .'
991 251 1016 273 et
1028 255 1060 274 es:
1073 247 1122 274 illa
1134 256 1193 282 qua:
1206 257 1251 282 per
1264 249 1339 276 illam
1352 254 1404 284 est,
1425 256 1484 283 post
1498 251 1575 277 illam
1593 259 1642 277 au-

857 294 907 317 tem
930 290 1039 324 reliquis
1062 292 1182 318 omnibus
1207 293 1355 320 antecedit:
1371 298 1396 320 et
1413 302 1445 321 es:
1463 296 1542 321 tertia
1555 314 1563 325 .
1583 303 1642 330 qua:

855 342 914 361 cum
934 335 1008 361 nulla
1028 334 1123 362 Irarum
1141 337 1322 364 coordintttur.
1344 337 1395 364 Sed
1415 338 1456 364 illi
1481 339 1586 374 quidem
1613 344 1641 366 ut

855 387 956 411 causat,
974 379 1034 421 huic
1050 388 1108 407 vero
1124 385 1152 407 ιιι
1169 382 1331 415 operationi,
1349 391 1401 417 qua
1423 383 1495 417 facta
1512 388 1561 417 est,
1577 384 1640 411 sub-

854 425 958 458 iicitur,
970 426 1160 460 comprehensis
1171 427 1290 454 videlicet
1299 428 1333 454 ad
1344 428 1422 455 totius
1433 430 1560 456 orationis
1571 438 1642 456 cont—

851 471 1010 504 plemeatum
1021 472 1102 499 etiam
1115 472 1327 506 operationibus,
1343 481 1400 508 qua:
1414 478 1521 502 manant
1533 482 1566 501 ea:
1580 475 1643 502 sub-

855 518 978 549 stantiis,
993 522 1017 544 et
1036 517 1100 552 ipsis
1115 522 1274 552 competunt.
1298 518 1417 551 Rursus,
1440 527 1500 546 cum
1519 520 1642 555 quotlibet

854 569 887 589 es:
897 562 937 590 his
952 562 1110 590 substantiis
1124 563 1160 590 sit
1173 567 1197 590 et
1209 563 1380 599 intelligatur.
1398 571 1463 598 pure
1475 565 1586 600 simplex
1595 585 1603 599 ,
1617 570 1642 592 et

855 607 1014 642 simpliciter
1027 616 1081 635 una
1094 608 1237 635 secundum
1253 609 1388 643 propriam
1402 609 1573 645 dignitatem,
1589 611 1643 638 cir-

856 655 1023 688 cumscriptis
1040 659 1129 681 autem
1148 646 1346 689 operationibus
1365 662 1412 689 per
1429 656 1488 689 ipsa
1505 663 1600 689 opera,
1617 660 1641 683 et

855 700 920 734 ipsis
934 700 1053 734 operibus
1069 721 1076 734 ,
1092 700 1226 734 operantis
1243 700 1392 728 actionibus
1406 701 1640 735 commensuratis,

855 746 962 772 omnino
985 753 1088 773 necesse
1113 750 1171 778 est,
1199 747 1386 781 operationes,
1414 754 1473 781 qua:
1498 752 1643 782 sequuntur

855 791 998 827 quamlibet
1012 791 1190 819 substantiam
1201 812 1208 824 ,
1225 792 1338 827 majores
1353 797 1379 819 et
1398 793 1511 819 minores
1523 801 1578 819 esse
1591 800 1600 819 :
1613 798 1640 819 et

857 838 919 865 illas
934 837 1039 872 quidem
1051 837 1078 864 in
1093 838 1193 871 primo,
1210 837 1272 864 illas
1290 846 1349 864 vero
1365 838 1391 864 in
1415 837 1529 865 secundo
1546 837 1640 864 ordine

854 891 908 911 esse
922 883 1090 910 collocandos
1102 890 1111 908 :
1125 887 1161 914 et,
1176 888 1205 909 ut
1221 883 1364 910 universim
1378 883 1476 915 dicam,
1492 887 1564 909 tanto
1582 882 1644 910 dis-

854 929 963 956 crimine
988 929 1056 956 inter
1086 936 1113 955 sc
1139 928 1283 960 dissident,
1306 933 1403 964 quanto
1433 928 1562 955 dissident
1581 928 1640 962 ipsa

854 982 933 1009 opera
943 983 952 1001 :
965 982 1023 1001 cum
1034 974 1109 1008 nefas
1121 974 1155 1000 sit
1166 973 1252 1000 dicere
1263 974 1381 1001 eamdem
1391 981 1447 1000 esse
1457 973 1643 1007 operationem,

854 1026 913 1053 quae
925 1018 1031 1053 angelos
1043 1018 1103 1052 fecit
1114 1037 1123 1053 ι
1135 1018 1174 1044 vel
1186 1018 1278 1044 stellas
1289 1023 1313 1045 et
1326 1019 1434 1049 caelum,
1445 1017 1484 1045 vel
1495 1017 1642 1045 hominem:

854 1063 899 1090 sed
918 1067 1017 1097 quanto
1037 1071 1118 1097 opera
1137 1063 1258 1097 operibus
1272 1063 1459 1090 excellentiam
1470 1069 1495 1091 et
1510 1069 1643 1098 prastan-

855 1108 924 1135 liora
939 1112 1001 1135 sunt
1012 1128 1019 1140 ,
1036 1112 1109 1134 tanto
1121 1112 1146 1134 et
1160 1108 1338 1142 operationem
1352 1109 1500 1142 operationi
1512 1113 1645 1135 antestare

853 1156 945 1182 mrito
966 1155 1169 1186 asseveraverit,
1187 1154 1232 1188 qui
1247 1154 1288 1188 pie
1309 1153 1342 1181 de
1361 1155 1408 1181 hoc
1427 1154 1544 1189 cogitare
1558 1154 1619 1182 velit
1633 1162 1642 1180 :

854 1209 914 1228 cum
937 1201 1035 1227 eaedem
1055 1200 1222 1234 operationes
1240 1199 1344 1226 eosdem
1363 1199 1442 1226 etiam
1459 1200 1569 1234 e/fectus
1582 1207 1645 1233 pro-

852 1246 972 1279 ducant,
991 1253 1101 1281 cumque
1120 1246 1224 1272 diversa
1243 1253 1322 1279 opera
1333 1265 1341 1276 ,
1356 1245 1473 1272 diversas
1487 1246 1566 1272 etiam
1583 1253 1644 1278 ope-

852 1291 968 1318 rationes
981 1291 1169 1318 demonstrent.
1183 1289 1250 1317 Cum
1263 1297 1322 1316 vero
1335 1289 1390 1316 htec
1402 1290 1442 1316 ita
1453 1297 1508 1317 sese
1519 1289 1644 1321 habeant,

852 1336 993 1371 omniaque
1006 1355 1013 1368 ,
1029 1340 1123 1362 mutua
1143 1334 1177 1361 ad
1197 1341 1252 1360 sese
1272 1333 1425 1360 habitudine
1437 1353 1445 1366 ,
1462 1333 1644 1361 inoariabilem

852 1382 945 1409 seriem
964 1382 1116 1413 observent,
1132 1388 1182 1414 par
1198 1383 1255 1411 est.
1275 1383 1304 1405 ut
1319 1379 1363 1414 qui
1385 1379 1582 1414 inquisitionem
1603 1387 1645 1407 sc-

852 1428 967 1456 cundum
980 1426 1129 1454 naturalem
1142 1433 1230 1452 rerum
1245 1424 1364 1451 ordinem
1379 1425 1522 1452 instituunt
1535 1445 1542 1458 ,
1553 1430 1577 1452 et
1593 1433 1644 1452 non

854 1473 944 1501 omnia
961 1471 1040 1500 simul
1062 1472 1172 1498 miscere
1192 1475 1217 1498 et
1237 1470 1398 1504 confundere
1416 1470 1542 1504 cupiunt,
1563 1471 1645 1505 siqui-

853 1520 913 1548 dem
931 1519 962 1546 de
975 1517 1125 1546 substantia
1144 1517 1253 1552 quintio
1272 1516 1386 1548 oriatur,
1410 1523 1442 1542 eo:
1455 1515 1547 1549 primis
1566 1519 1591 1541 et
1612 1523 1645 1541 e.t'

855 1564 974 1599 cognatis
994 1562 1208 1590 substantiarum
1223 1560 1418 1595 operationibus
1432 1566 1588 1596 argumenta
1603 1569 1644 1588 re-

854 1619 913 1638 rum
926 1608 1192 1637 demonstrandarum
1210 1613 1318 1642 petant,
1335 1615 1476 1642 eorumque
1498 1607 1530 1634 de
1552 1607 1644 1642 quibus

856 1657 999 1691 ambigitur
1013 1655 1182 1682 solutionem.
1198 1655 1233 1680 At
1248 1662 1307 1682 vero
1326 1653 1517 1680 dubitationem
1536 1653 1568 1680 de
1587 1661 1646 1687 ope-

857 1702 1006 1730 rationibus
1025 1710 1057 1729 ox
1076 1701 1233 1729 substantiis
1250 1699 1410 1732 dissolvent,
1426 1699 1480 1726 rati
1493 1699 1645 1727 convenien-

858 1749 950 1776 tiorem
964 1753 989 1775 et
1005 1747 1126 1775 omnibus
1148 1747 1284 1774 utiliorem
1304 1746 1359 1780 fore
1401 1754 1417 1772 a
1439 1745 1530 1779 primis
1552 1745 1586 1771 ad
1606 1754 1645 1772 se-

856 1795 942 1822 cunda
957 1794 1120 1820 descensum.
1142 1810 1145 1813 -

854 1842 920 1875 ταῖς
940 1841 1102 1876 ἐνεργείαις
1123 1838 1303 1874 ἀμφιϐολίαν
1329 1837 1509 1865 διαλύουσιν
1533 1837 1566 1863 ἐκ
1587 1836 1645 1864 τῶν

20 1881 130 1915 οὐσιῶν,
147 1883 371 1917 ἀρμοδιωτέραν
394 1893 426 1919 γε
445 1885 508 1919 μὴν
530 1887 578 1913 καὶ
592 1887 654 1920 τοῖς
670 1888 763 1916 πᾶσιν
782 1887 1007 1921 ἀνυσιμωτέραν
1025 1886 1160 1921 ἡγεῖσθαι
1185 1884 1243 1918 τὴν
1258 1884 1317 1911 ἀπὸ
1333 1883 1392 1910 τῶν
1406 1884 1527 1928 πρώτων
1542 1883 1592 1910 ἐπὶ
1611 1883 1646 1909 τὰ

21 1927 130 1962 δεύτερα
146 1929 292 1956 κάθοδον.

56 1975 83 2001 Ἡ
114 1980 162 2010 μὲν
189 1975 240 2004 οὖν
265 1978 423 2013 τεχνολογίσ.
446 1979 496 2014 τῆς
520 1980 692 2016 βλασφημίας
722 1982 802 2019 αὕτη.

20 2017 76 2050 Θεὸς
94 2020 121 2046 δὲ
143 2022 212 2056 ἡμῖν
235 2021 374 2056 ἀληθινὸς,
392 2024 406 2049 ὀ
423 2023 469 2050 τοῦ
491 2024 619 2060 ἀληθινοῦ
642 2026 710 2053 Θεοῦ
730 2017 804 2061 Υιδξ,

889 1979 952 2007 Haec
968 1983 1011 2006 est
1027 1975 1197 2012 blasphemia
1212 1974 1362 2003 artiﬁciosa
1389 1979 1416 2002 et
1431 1973 1546 2002 subdola
1560 1973 1646 2008 expli-

854 2026 941 2055 catio.
958 2026 992 2051 At
1008 2023 1080 2051 Deus
1100 2022 1181 2049 nobis
1200 2028 1283 2049 verax
1300 2025 1354 2053 est,
1370 2025 1397 2048 et
1415 2020 1473 2048 veri
1485 2019 1532 2048 Dei
1546 2019 1644 2051 Filius.

19 2063 56 2090 διὰ
70 2067 115 2101 τῆς
128 2067 175 2093 τοῦ
188 2067 273 2102 ἁγίου
289 2068 446 2103 Πνεὺματος
459 2069 569 2104 ὁδηγίας
585 2072 743 2099 κατευθύνει
761 2073 805 2099 τὸν

856 2074 937 2101 ductu
955 2071 1044 2099 sancti
1074 2069 1194 2104 Spiritus
1221 2069 1291 2104 dirig
1338 2067 1492 2095 orationem
1523 2071 1645 2094 nostram

19 2108 87 2144 λόγον
102 2113 168 2147 πρὸς
191 2115 246 2148 τὴν
270 2113 417 2148 ἀλήθειαν·
441 2115 520 2141 πάλιν
536 2115 570 2142 τὰ
588 2117 720 2152 εἰρημένα
739 2119 805 2145 καθ-

856 2119 889 2147 ad
905 2118 1057 2145 veritatem.
1070 2115 1148 2143 Nune
1166 2115 1265 2142 iterum
1284 2113 1318 2141 ad
1331 2113 1445 2141 verbum
1462 2119 1646 2141 resumamus,

19 2155 74 2190 εξῆς
91 2158 288 2194 ἀναλάϐωμεν.
312 2157 379 2186 Eine
395 2159 455 2186 τῶν
476 2161 540 2187 καθ’
563 2161 671 2188 ἑαυτὸν
695 2162 804 2198 δογμά-

857 2172 919 2201 quze
936 2162 1054 2192 eﬂutivit
1075 2160 1237 2188 Eunomius.
1265 2159 1348 2190 Dixit,
1364 2159 1516 2193 dogmatum
1539 2164 1647 2184 suorum

19 2207 68 2226 των
79 2204 277 2238 πληροῦσθαι
294 2204 348 2231 τὸν
363 2205 455 2239 λόγον
473 2206 506 2232 ἐκ
527 2206 582 2239 τῆς
601 2207 737 2234 ἀνωτάτω
755 2209 804 2235 καὶ

19 2249 191 2283 κυριωτάτης
216 2251 340 2282 οὐσίας,
360 2251 409 2278 καὶ
430 2252 464 2278 ἐκ
484 2251 538 2286 τῆς
560 2252 597 2278 δι’
614 2252 736 2287 ἐκείνην
747 2254 805 2288 μὲν

19 2292 112 2327 Citam,
123 2297 191 2330 μετ’
209 2296 339 2328 ἐκείνην
355 2296 388 2323 δὲ
406 2297 527 2324 πάντων
540 2298 598 2326 τῶν
612 2299 715 2326 ἄλλων
730 2308 805 2333 πρω-

19 2340 164 2373 ιευούσης,
196 2342 251 2368 καὶ
281 2341 381 2375 τρίτης
407 2351 440 2377 γε
466 2342 519 2376 τῆς
543 2343 670 2378 μηδεμιᾷ
692 2345 805 2372 τούτων

19 2388 254 2422 συνταττομένης
264 2407 272 2413 .
295 2387 382 2414 Ἀλλὰ
394 2388 431 2422 τῇ
446 2388 501 2421 μὲν
513 2389 562 2416 διὰ
579 2389 636 2421 τὴν
647 2390 754 2421 αἰτίαν,
768 2389 806 2425 τῇ

19 2429 44 2455 δὲ
57 2431 102 2458 διὰ
121 2433 178 2466 τὴν
195 2432 356 2467 ἐνέργειαν
370 2434 619 2469 ὑποταττομένης.
628 2435 738 2469 Πρῶτον
750 2435 806 2461 τοί-

19 2483 55 2501 νυν
72 2478 125 2504 τῶν
144 2481 174 2505 ἐν
195 2479 238 2514 τῷ
257 2479 332 2514 λόγῳ
353 2480 595 2515 κακουργηοέντων
623 2481 700 2508 τοῦτὸ
722 2483 805 2513 ἐστιν,

19 2518 49 2546 ὗτι
62 2521 90 2547 τὸ
105 2522 195 2558 δόγμα
221 2524 256 2549 τὸ
274 2524 405 2558 μυστικὸν
422 2525 654 2560 ἐπαγγειλάμενος
676 2527 740 2561 ἡμῖν
759 2527 805 2552 ὲκ-

19 2565 148 2600 Βήσεσῧαι,
164 2569 269 2604 ὥσπερ
287 2568 475 2604 διορθούμενος
490 2571 539 2602 τὰς
556 2572 735 2606 εὐαγγελικὰς
749 2581 807 2606 φω-

19 2611 65 2645 νὰς,
78 2614 126 2641 οὐκ
141 2615 267 2646 ἐκείνοις
283 2615 413 2651 κέχρηται
423 2617 480 2648 τοῖς
494 2616 616 2652 ὀνόμασι.
634 2618 666 2644 δι’
682 2614 719 2644 ὧν
737 2626 807 2652 παρ-

19 2657 104 2686 ῖξωκεν
127 2661 141 2686 ὁ
158 2661 273 2697 Κύριος
299 2662 329 2687 τὸ
351 2663 499 2698 μυστήριον
516 2663 545 2689 ἐν
561 2664 593 2699 τῇ
608 2663 743 2690 τελειώσει
758 2664 807 2698 τῆς

19 2704 134 2739 πίστεως,
155 2707 229 2734 ἀλλὰ
252 2707 286 2733 τὸ
306 2706 389 2742 ὄνομα
409 2708 455 2734 τοῦ
474 2709 589 2745 Πατρὸς,
605 2710 651 2736 καὶ
667 2709 712 2736 τοῦ
732 2709 807 2742 Υἱνλῦ,

47 2787 63 2801 ¹¹
78 2785 172 2814 Matth.
193 2786 352 2816 xxvul,l9.

130 2835 278 2865 PATuOL.
303 2834 361 2863 (iu.
379 2834 458 2863 XLV

858 2217 1003 2239 sermonem
1023 2211 1106 2234 totum
1119 2206 1209 2240 perﬁci
1219 2213 1251 2233 ea:
1276 2212 1408 2238 suprema,
1419 2208 1445 2231 et
1460 2204 1574 2230 maxime
1588 2210 1648 2237 pro-

857 2257 914 2290 prie
930 2255 1002 2281 dicta
1017 2252 1176 2282 substantia,
1193 2256 1217 2277 et
1234 2258 1266 2277 ex
1281 2250 1340 2282 illa,
1356 2258 1414 2284 qua:
1427 2257 1472 2283 per
1497 2249 1575 2275 illam
1597 2253 1646 2278 est,

857 2306 915 2336 post
930 2301 1005 2327 illam
1020 2301 1108 2325 autem
1123 2297 1230 2331 reliquis
1247 2296 1368 2323 omnibus
1397 2295 1545 2322 antecellit:
1567 2299 1591 2320 et
1617 2301 1649 2321 es:

858 2346 937 2374 tertia
949 2352 1006 2380 qute
1022 2351 1082 2370 cum
1105 2342 1180 2369 nulla
1195 2341 1288 2367 harum
1316 2339 1497 2366 coordinatur.
1528 2339 1580 2366 Sed
1607 2339 1648 2365 illi

858 2391 962 2427 quidem
975 2394 1004 2416 ut
1019 2396 1118 2420 causae,
1146 2387 1206 2413 huic
1220 2390 1249 2412 ut
1264 2386 1422 2419 operationi.
1441 2394 1493 2420 qua
1507 2385 1581 2419 facta
1597 2389 1648 2414 est.

858 2436 998 2471 subjicitur
1016 2442 1025 2462 :
1046 2434 1164 2468 primum
1186 2432 1296 2467 quidem
1319 2432 1346 2458 in
1367 2432 1409 2458 his
1428 2431 1520 2459 verbis
1541 2431 1650 2458 malitia:

859 2487 886 2510 et
909 2479 1095 2517 improbitatis
1124 2479 1232 2514 signum
1258 2477 1310 2504 hoc
1329 2481 1382 2508 est,
1409 2476 1482 2511 quod
1511 2476 1648 2511 pollicitus

859 2528 955 2563 dogma
970 2526 1117 2562 mysticum
1136 2524 1216 2551 nobis
1237 2530 1389 2558 exponere,
1412 2527 1540 2556 tanquam
1557 2528 1649 2547 corre-

861 2576 956 2599 cturus
977 2578 1059 2597 voces
1073 2569 1254 2604 evangelicas,
1270 2575 1322 2594 non
1342 2575 1372 2594 ea
1390 2567 1499 2593 nomina
1515 2564 1649 2596 adhibuit.

860 2618 960 2653 quibus
977 2617 1108 2645 Dominus
1128 2615 1207 2643 nobis
1226 2614 1384 2650 mysterium
1410 2611 1519 2640 tradidit
1538 2612 1571 2640 ".
1587 2617 1648 2636 cum

859 2663 922 2692 ﬁdei
949 2663 1175 2698 complementum
1189 2661 1352 2696 assignaret,
1370 2659 1416 2686 sed
1434 2657 1542 2684 nomine
1560 2655 1651 2682 Patris

861 2714 887 2738 et
905 2708 967 2737 Filii
982 2713 1007 2737 el
1036 2707 1155 2744 Spiritus
1169 2707 1258 2736 sancti
1276 2711 1435 2741 suppresso,
1461 2703 1522 2729 loco
1555 2701 1648 2728 Patris

1478 2827 1513 2858 ιο
