1914 3079
89 84 136 112 30!

669 89 810 118 CONTRA
828 91 1023 129 EUNOMlUM,
1040 98 1104 127 LlB.
1123 100 1141 129 i.

1673 114 1724 141 50'!

87 137 176 169 ἅγιον,
198 137 228 164 τὸ
246 137 480 175 ἀκριϐολογεῖσθαι
501 145 563 180 περὶ
579 145 629 182 τὴν
653 149 799 184 ὁμολογίαν
823 150 870 176 τρῖ»

87 183 227 203 ὁυηιινᾶᾳιω,
257 183 297 203 ηῗ-
314 187 512 203 ιιι-,ληκηητη-η.
528 192 581 203 ,ειη
630 195 642 203 μ
657 196 668 203 η
716 196 722 203 .
758 198 764 203 .
792 198 798 203 .
845 198 850 203 ,

1673 130 1723 141 uva

930 153 975 187 qui
989 155 1057 183 adeo
1073 157 1208 187 laboriose
1223 160 1249 188 in
1269 162 1428 191 nominibus
1443 165 1575 194 cudendis
1597 168 1723 203 desudat.

84 183 238 217 ὀνομάτων,
257 183 297 217 οἷς
313 187 512 223 ἁποσεμνύνειν
526 192 610 220 οἴεται
628 195 682 221 δεῖν
698 196 744 223 τὸν
756 198 802 224 ἐπὶ
817 198 880 224 πάν-

84 235 138 279 των
154 229 233 256 Θεόν.
250 229 288 258 Ἦ
302 233 356 279 γάρ
374 234 407 261 ἂν
422 233 456 271 ἦν
479 237 529 272 τῆς
552 239 668 277 ἐσχάτης
690 242 825 277 εὐηθείας,
841 244 880 279 τῷ

83 274 228 310 πράγματι
244 278 444 314 συντιθέμενον,
463 274 681 319 μικρολογείσόαι
696 274 760 325 περὶ
777 274 877 326 rapi].-

83 328 172 372 ματα·
194 323 252 349 νυνὶ
265 323 294 350 δὲ
310 325 349 361 τῷ
366 327 431 363 μόνῃ
448 335 692 368 προσμαρτυρῆσαι
709 323 754 362 τοῦ
772 323 877 372 [lupos

81 367 113 401 τῇ
129 367 210 404 οὐσίᾳ
229 369 262 396 τὸ
274 370 413 400 ἀνώτατόν
426 382 454 400 τε
473 376 519 402 καὶ
541 367 718 414 κυριῶτατον,
735 381 818 409 ἔδωκε

79 412 129 447 τῆς
144 414 252 450 σιωπῆς
266 417 330 452 περὶ
345 418 400 446 τῶν
416 420 569 450 ὑπολοίπων
580 444 586 455 ,
602 425 640 456 ὡς
655 427 686 453 οὐ
706 428 808 463 κυρίως
825 430 875 464 ὑφ-

77 458 217 492 εστώτων,
226 463 413 498 στοχάζεσθαι.
429 467 491 499 Πῶς
499 468 552 505 γὰρ
562 469 634 497 ἔστιν
647 472 752 508 ἀληθῶς
765 473 834 502 εἴναί
848 485 874 503 τι

77 503 181 539 λέγειν,
209 504 231 541 ᾧ
257 508 294 545 μὴ
318 517 572 549 προσμαρτυρεῖται
598 517 629 544 τὸ
658 520 760 554 κυρίως
786 519 871 555 εἷναι;

83 551 205 602 ῘΑνάγκη
221 555 275 590 γὰρ
290 557 331 591 ἐφ’
346 554 385 584 ὧν
401 559 448 594 οὐχ
463 561 633 596 ὁμολογεῖται
648 565 678 592 τὸ
694 551 798 602 κύριον,
816 551 872 602 τοῖς

76 597 374 636 ὰντιδιαστελλομένοις
391 605 445 632 τῶν
465 608 604 643 ὀνομάτων
629 612 810 642 συντίθεσθαι.
835 616 871 642 Τὸ

75 643 130 695 γάρ
148 645 186 695 μὴ
204 646 308 681 κύριον,
325 650 427 685 ἄκυρον
444 652 561 686 πάντως.
578 655 659 682 Ὥστε
675 657 690 692 ἡ
706 658 752 685 τοῦ
769 661 806 695 μὴ
822 669 870 688 κυ-

76 689 142 724 ρίως
157 689 226 720 εἶναι
239 697 396 732 κατασκευὴ
408 698 458 734 τῆς
466 701 613 733 παντελοῦς
624 689 790 741 ἀνυπαρξίας
800 689 870 734 από-

73 735 160 786 aa:ng
175 738 293 771 γίνεται·
310 742 378 777 πρὸς
401 745 434 779 ἢν
460 745 547 774 ἔοικεν
564 749 578 774 ὁ
598 735 727 786 Εὐνόμιος
739 735 866 787 βλέπων,

72 781 162 808 ταῦτα
181 789 352 821 καινοτομεῖν
366 789 394 815 ἐν
408 789 447 826 τῷ
460 792 521 818 καθ’
531 793 626 821 ἑαυτὸν
639 781 756 832 δδὲμᾷτὶ
765 800 799 827 τὰ
810 781 867 828 ὸνόζ

72 836 159 880 ματα.
247 832 306 880 γὰρ,
317 833 348 869 δὴ
372 835 405 861 δι’
423 837 539 873 ἀπορίαν
561 842 640 876 φήσει
666 852 707 876 τις
728 846 809 873 αὐτὸν
829 849 867 880 εἰς

70 874 190 910 ἀνόητον
205 877 339 914 ὑπόληψιν
354 881 504 910 ἐκπεσόντα
516 887 634 918 τοπικῶς
646 889 676 915 τὸ
684 889 740 916 ἄνω
758 891 823 927 προς
838 893 867 919 τὸ

69 920 264 958 ὑπερϐεϐηκὸς
291 925 465 962 διαστέλλειν,
490 931 537 957 καὶ
563 932 601 968 τῷ
630 933 717 970 Harp!
742 920 867 975 καδάπερ

67 967 211 1003 γεώλοῇςόν
235 980 296 999 τινα
323 975 438 1003 nomen:
462 977 637 1014 άφορίζοντα,
660 967 705 1009 τὸν
726 984 789 1011 Υίὸν
810 967 867 1019 τοῖς

67 1015 238 1051 κοιλοτέροις
258 1019 456 1056 ἐγκαθιδρύειν.
470 1025 562 1056 Οὐδεὶς
576 1027 630 1062 γὰρ
649 1028 721 1056 οὕτω
736 1033 800 1063 παῖς
816 1015 866 1068 τὴν

65 1059 202 1094 διάνοιαν,
215 1063 252 1095 ὡς
263 1065 309 1091 ἐπὶ
319 1066 369 1100 τῆς
380 1069 476 1103 νοερᾶς
488 1079 516 1096 τε
530 1071 576 1098 καὶ
585 1073 732 1109 ἀσωμάτου
746 1075 864 1110 φύσεως,

64 1106 117 1141 τὴν
135 1108 209 1134 κατὰ
227 1109 310 1136 τόπον
325 1111 456 1148 διαφορὰν
470 1115 578 1144 ἐννοεῖν.
595 1106 677 1146 Ἰδιον
696 1106 758 1156 γὰρ.
772 1106 864 1158 σωμὸιζ

62 1159 121 1178 των
137 1154 154 1186 ἡ
169 1154 217 1179 ἐπὶ
230 1155 312 1183 τόπου
327 1157 399 1189 eest;
411 1166 417 1172 '
438 1160 469 1186 τὺ
482 1161 508 1187 δὲ
521 1163 552 1197 τῇ
571 1162 649 1196 φύσει
668 1166 761 1201 νοερόν
773 1176 803 1193 τε
817 1168 863 1194 καὶ

62 1198 160 1230 ἆῡλον,
177 1201 272 1236 πόρρω
293 1202 343 1238 τῆς
367 1205 436 1232 κατὰ
457 1207 538 1234 τόπον
554 1210 657 1242 ἐννοίας
681 1212 861 1247 ὁμολογεῖται.

62 1245 113 1272 TE:
123 1244 174 1272 οὖν
192 1247 208 1282 ἡ
223 1248 297 1275 αιτία
308 1249 354 1276 τοῦ
370 1251 500 1279 ἀνωτάτω
514 1254 638 1288 λέγεσθαι
652 1244 732 1290 μόνον
745 1244 792 1285 τοῦ
807 1261 863 1286 Πα-

59 1291 128 1325 “ego;
138 1291 191 1325 τὴν
201 1293 295 1320 οὐσίαν
305 1303 312 1326 ;
322 1296 368 1327 Εἰς
376 1296 430 1332 γὰρ
438 1298 539 1330 ταύτας
549 1300 595 1331 τὰς
607 1301 734 1334 ὑπονοίας
748 1303 778 1336 ἐξ
790 1305 862 1339 ἀμα-

60 1337 125 1369 θίας
143 1339 219 1370 τινος
233 1340 314 1367 αὐτὸν
340 1344 544 1379 περιφέρεσθαι,
566 1346 615 1373 οὐκ
632 1347 664 1374 ἄν
685 1357 727 1380 τις
745 1337 862 1382 εὐκόλως

60 1383 240 1419 ὑπονοήσειε,
255 1386 300 1412 τὸν
315 1387 345 1412 ἐν
366 1388 482 1421 πολλοῖς,
505 1389 546 1422 οἷς
561 1392 753 1426 ἐπιδείκνυται,
781 1395 862 1429 σοφὸν

59 1427 134 1456 εἶναι
148 1433 383 1468 προσποιούμενον
393 1443 399 1449 ·
415 1436 460 1461 καὶ
477 1436 568 1468 καθὼς
583 1438 749 1475 ἀπαγορεύει
766 1442 782 1476 ή
801 1441 861 1469 θεία

58 1473 81 1499 Γ
81 1474 174 1510 pagi},
191 1476 238 1501 καὶ
259 1476 295 1503 τὰ
313 1479 444 1511 περισσὰ
459 1481 665 1516 σοφιζόμενον.

102 1608 190 1635 Ἀλλὰ
209 1609 262 1645 μὴν
277 1610 335 1638 οὐδὲ
354 1612 504 1648 δυνάμεως,
528 1615 587 1642 οὐδὲ
606 1617 781 1654 ἀγαῧότητος,
797 1621 857 1648 οὐδὲ

56 1654 142 1682 ἄλλου
169 1656 243 1688 τινὸς
262 1657 315 1683 τῶν
338 1659 464 1686 τοιούτων
484 1661 629 1697 ὑπεροχὴν,
648 1664 678 1690 τὸ
700 1665 756 1691 ἅνω
778 1667 858 1701 φήσει

55 1700 108 1735 τῆς
131 1700 229 1734 οὐσίας
245 1702 443 1731 ἐνδείκνυσθαι·
470 1707 586 1743 καὶγὰρ
603 1709 649 1735 καὶ
673 1709 751 1737 τοῦτο
777 1713 857 1739 παντὶ

54 1745 215 1780 γνώριμον,
231 1747 268 1782 μὴ
283 1748 323 1774 ὅτι
345 1751 400 1782 τοῖς
419 1751 465 1777 ἐπὶ
490 1752 570 1788 σοφίᾳ
591 1753 761 1783 πλεονεκτεῖν
779 1757 856 1784 ὑπει-

53 1791 224 1824 λημμένοις¹
231 1794 272 1819 ὅτι
281 1794 405 1830 ἀνενδεὴς
418 1796 486 1831 πρὸς
494 1798 597 1826 τελείαν
605 1800 761 1837 άγαθότητά
771 1811 800 1830 τε
808 1805 858 1832 καὶ

52 1836 190 1872 δύναμιν,
204 1838 251 1865 καὶ
269 1839 355 1867 πάντα
370 1841 404 1867 τὰ
417 1843 538 1876 τοιαῦτα,
554 1845 570 1880 ἦ
586 1854 615 1872 τε
627 1846 675 1872 τοῦ
687 1836 857 1882 Μονογενοῦς

52 1882 105 1909 καὶ
127 1882 177 1909 τοῦ
194 1884 273 1917 ἁγίου
296 1886 452 1922 Πνεύματός
472 1889 545 1916 ἐστιν
568 1891 725 1923 ὑπόστασις.
746 1894 786 1920 Τὰ
802 1895 856 1931 γὰρ

53 1927 152 1961 ἀγαθὰ
170 1928 269 1962 πάντα,
282 1930 333 1963 ἓως
345 1932 378 1959 ἃν
390 1932 567 1969 ἀπαράδεκτα
581 1937 627 1963 τοῦ
639 1938 856 1975 ἐναντιουμένου,

53 1973 123 2008 ὅρον
139 1974 192 2000 οὐκ
209 1974 266 2010 ἔχει
285 1975 333 2010 τῆς
359 1977 535 2013 ἀγαθότητος.
557 1979 665 2017 Ἐπειδὴ
689 1973 780 2017 μόνοις
801 1986 856 2017 τοῖς

54 2020 196 2052 ἐναντίοις
222 2021 327 2056 πέφυκε
353 2025 581 2060 περιγράφεσθαι,
595 2026 633 2058 ὡς
656 2028 772 2056 ἐπὶτῶν
795 2031 855 2058 καθ’

52 2065 176 2093 ἕκαστον
184 2067 390 2103 ὑποδειγμάτων
396 2069 468 2097 ἔστιν
475 2071 548 2099 ἰδεῖν.
558 2073 589 2102 Ἡ
595 2073 708 2109 δύναμις
714 2076 856 2110 ἀσθενείας

50 2112 274 2149 παραλαϐούσης
289 2114 409 2142 ἵσταται·
425 2117 442 2151 ἡ
457 2117 514 2153 ζωὴ
535 2118 641 2155 Θανάτῳ
652 2122 837 2157 περιορίζεται
847 2131 854 2139 ·

934 199 1034 232 quibus
1048 207 1124 236 putat
1135 203 1240 233 Patrem
1259 215 1320 235 esse
1337 208 1530 244 afﬁciendum;
1555 221 1616 240 nam
1635 221 1724 244 extre-

934 252 983 272 ma:
998 246 1142 276 dementia
1165 256 1246 284 esset,
1270 260 1343 285 eum,
1369 255 1415 290 qui
1444 263 1501 284 rem
1529 259 1719 290 conﬁteretur.

932 292 1059 326 occupari
1076 294 1142 322 velle
1156 296 1229 323 circa
1249 299 1371 327 voculas.
1386 301 1420 327 At
1440 309 1503 329 cum
1524 311 1682 339 supremam
1696 314 1721 333 ct

931 337 1049 365 maxime
1065 340 1203 374 propriam
1224 343 1404 371 substantiam
1429 347 1478 373 soli
1497 337 1571 376 Patri
1587 350 1719 386 assignet.

930 381 990 416 ipso
1007 384 1117 412 silentio
1133 387 1268 421 conjicere
1283 397 1333 417 nos
1356 390 1431 424 facit,
1450 393 1528 427 (ιιιηεί
1552 381 1719 430 reliquinon

930 430 1040 464 proprie
1052 431 1214 461 subsistant.
1231 433 1373 467 Quomodo
1386 437 1457 464 enim
1468 438 1558 467 dicere
1573 448 1720 475 possumus

927 481 991 502 vere
1005 483 1065 503 esse
1081 477 1192 512 aliquid,
1209 479 1231 506 si
1262 481 1374 515 proprie
1389 489 1451 510 esse
1474 491 1528 511 non
1547 489 1637 520 potest
1656 486 1694 522 (α)
1708 487 1719 512 ?

927 518 1044 548 Necesse
1059 529 1177 558 namque
1204 528 1247 551 est
1270 532 1312 558 ea,
1326 526 1427 560 quibus
1445 518 1555 563 proprie
1578 537 1638 558 esse
1661 539 1716 559 non

927 568 1063 601 convenit,
1080 571 1213 604 oppositis
1229 572 1388 600 nominibus
1402 573 1543 602 denotare.
1560 575 1627 603 Nam
1643 578 1716 612 quod

925 620 979 640 non
992 617 1034 641 est
1059 616 1179 650 proprie,
1200 617 1350 653 improprie
1368 620 1404 646 sit
1429 625 1546 656 oportet.
1562 622 1655 657 Itaque
1672 631 1716 650 as-

925 665 1027 691 serere,
1054 661 1127 695 quod
1154 663 1262 697 proprie
1289 671 1344 691 non
1363 665 1399 693 sit
1424 665 1509 693 Filius
1546 671 1572 693 et
1597 667 1715 703 Spiritus

925 709 1048 737 sanctus,
1064 707 1133 734 nihil
1148 714 1189 735 est
1204 709 1289 742 aliud,
1299 717 1381 744 quam
1393 719 1501 738 omnem
1523 713 1634 740 omnino
1646 714 1714 741 sub-

924 750 1051 777 stantiam
1074 751 1215 780 adimere:
1244 754 1316 788 quod
1351 754 1411 782 sine
1444 756 1527 783 dubio
1563 757 1712 785 Eunomius

923 800 1060 829 spectans,
1076 797 1132 824 lucc
1157 799 1268 826 nomina
1284 807 1340 827 sua:
1352 801 1482 828 doctrinae
1507 803 1615 837 propria
1631 811 1712 830 θυῖον

920 841 1024 876 gitavit.
1043 842 1100 870 Non
1117 845 1188 871 enim
1216 845 1270 872 dici
1300 850 1390 880 potest
1410 847 1491 875 illum
1526 856 1559 876 eo
1590 850 1712 877 stultitia:

919 889 1099 922 processisse,
1115 894 1287 925 utsuperum
1313 895 1444 926 tanquam
1471 893 1560 921 locum
1588 895 1710 923 inferiori

918 933 1087 966 opposuerit,
1106 938 1134 960 ct
1147 934 1219 961 Patri
1238 937 1312 963 velut
1325 937 1468 965 editiorem
1484 939 1633 973 quamdam
1647 947 1709 975 spe-

917 977 1005 1003 culam
1014 978 1308 1013 assignarit,collucato
1319 981 1544 1012 inbumilioribus
1555 984 1622 1012 locis
1630 984 1709 1013 Filio.

916 1021 983 1048 Nam
1001 1024 1090 1051 nullus
1104 1024 1172 1052 adeo
1194 1026 1326 1061 insipiens
1355 1031 1381 1055 et
1409 1029 1527 1057 stolidus
1545 1033 1598 1062 est,
1615 1031 1662 1065 qui
1678 1031 1705 1058 iu

916 1071 1013 1095 natura
1034 1070 1078 1096 illa
1089 1071 1141 1098 sub
1157 1072 1245 1098 solum
1262 1072 1431 1101 intellectum
1447 1075 1560 1102 cadente
1580 1075 1708 1103 differen-

915 1114 980 1141 tiam
1000 1115 1051 1142 l0ci
1066 1117 1178 1150 reperiri
1193 1118 1355 1152 existimet;
1381 1120 1434 1149 loci
1462 1121 1534 1147 enim
1558 1121 1708 1156 positiones

915 1162 1024 1196 proprie
1037 1165 1101 1189 sunt
1116 1170 1262 1198 corporum
1277 1172 1284 1196 ;
1306 1168 1333 1191 at
1358 1165 1431 1200 quod
1448 1169 1545 1192 natura
1564 1173 1614 1194 sua
1629 1167 1705 1202 spiri-

915 1206 988 1234 tuale
1003 1210 1056 1240 est,
1085 1212 1112 1235 et
1122 1209 1212 1236 omnis
1247 1211 1372 1238 materiei
1401 1219 1510 1246 expers,
1534 1212 1559 1239 ei
1583 1214 1705 1241 omnium

914 1253 1086 1281 confessione
1103 1255 1325 1291 circumscriptio
1343 1256 1396 1284 loci
1414 1265 1468 1285 non
1484 1259 1625 1293 competit.
1647 1259 1704 1292 Qua

914 1299 996 1334 igitur
1010 1299 1044 1327 de
1060 1308 1143 1328 causa
1164 1302 1264 1329 asserit
1292 1302 1345 1330 iste
1364 1303 1450 1330 solam
1466 1303 1556 1331 Patris
1571 1305 1699 1332 substan-

914 1344 978 1371 tiam
1007 1353 1067 1376 esse
1092 1347 1213 1373 omnium
1236 1349 1419 1382 supremam?
1438 1348 1505 1375 Nam
1534 1358 1567 1376 ex
1593 1350 1703 1377 inscitia

913 1390 988 1417 illum
1002 1391 1029 1417 in
1046 1391 1096 1419 bas
1110 1392 1227 1427 ineptias
1248 1393 1368 1421 incidere
1397 1394 1470 1421 haud
1499 1395 1580 1423 facile
1604 1396 1703 1430 aliquis

911 1437 963 1463 sibi
979 1437 1166 1472 persuadeat;
1184 1439 1286 1474 quippe
1307 1441 1354 1475 qui
1382 1440 1409 1468 in
1439 1441 1522 1469 rebus
1539 1445 1567 1469 et
1591 1442 1703 1477 scriptis

912 1484 969 1511 suis
985 1493 1046 1511 cum
1070 1486 1169 1520 primis
1195 1487 1335 1521 sapientia:
1351 1487 1432 1514 laude
1462 1492 1592 1522 praestare
1617 1488 1701 1516 videri

909 1529 1020 1563 cupiat:
1040 1530 1232 1564 quique,quod
1247 1534 1338 1558 tamen
1360 1530 1604 1566 Scriptura'divina
1620 1536 1702 1564 vetat,

908 1575 989 1602 etiam
1004 1575 1064 1609 plus
1075 1584 1154 1610 quam
1171 1580 1271 1610 oportet
1286 1576 1375 1611 sapiat
1388 1577 1421 1603 ".

944 1621 1025 1655 Atqui
1042 1629 1092 1648 nec
1107 1621 1246 1649 afﬁrmare
1258 1622 1359 1656 poterit
1372 1629 1522 1656 supremum
1535 1621 1612 1653 illud.
1626 1623 1699 1656 quod

908 1667 1069 1694 substantia:
1096 1667 1187 1695 Patris
1209 1669 1317 1701 tribuit,
1338 1669 1495 1704 signiﬁcare
1510 1669 1700 1697 excellentiam

907 1713 1053 1747 quamdam
1079 1715 1234 1748 potestatis,
1260 1714 1401 1748 bonitatis,
1427 1720 1474 1742 aut
1511 1715 1626 1743 alterius
1653 1715 1698 1741 ali-

908 1759 987 1793 cuius
1003 1759 1037 1786 de
1051 1767 1150 1794 genere
1165 1761 1271 1788 eodem.
1290 1759 1396 1788 Etenim
1417 1761 1470 1788 hoc
1479 1760 1624 1796 quibusvis
1640 1768 1698 1787 ma-

906 1795 1036 1833 nifestum
1053 1810 1106 1838 est,
1122 1806 1245 1840 exceptis
1258 1806 1303 1839 iis,
1323 1807 1369 1842 qui
1396 1807 1537 1842 sapientiae
1564 1807 1698 1842 principa-

907 1855 964 1878 tum
980 1850 1031 1879 sibi
1049 1855 1189 1886 arrogant,
1210 1852 1343 1888 nnigeniti
1357 1852 1420 1880 Filii
1433 1858 1460 1881 et
1475 1853 1596 1888 Spiritus
1608 1853 1697 1881 sancti

906 1898 1068 1926 substantia:
1095 1898 1165 1925 nihil
1190 1898 1300 1932 penitus
1316 1898 1413 1926 deesse
1439 1898 1473 1926 ad
1493 1899 1621 1926 omnibus
1647 1907 1695 1925 un-

907 1944 989 1971 meris
1004 1943 1158 1971 absolutam
1184 1944 1335 1971 bonitatem
1349 1964 1357 1975 ,
1377 1945 1540 1978 potentiam,
1560 1949 1587 1971 et
1614 1944 1647 1971 ad
1670 1945 1697 1971 id

906 1998 992 2025 genus
1008 1989 1060 2016 alia
1086 1989 1226 2017 attributa.
1253 1990 1350 2017 Omnia
1377 1991 1449 2018 enim
1478 1990 1549 2017 bona
1574 1990 1695 2025 quandiu

906 2043 984 2071 pura.
999 2040 1027 2063 et
1053 2043 1067 2062 a
1082 2042 1132 2062 suo
1141 2035 1281 2062 contrario
1301 2035 1387 2063 libera
1405 2039 1526 2067 manent,
1549 2036 1633 2064 limite
1648 2044 1697 2063 ca-

907 2085 976 2110 rent.
992 2080 1058 2108 Nam
1074 2081 1134 2109 solo
1149 2081 1291 2108 contrario
1308 2081 1459 2113 terminari,
1475 2085 1504 2108 et
1522 2082 1605 2108 certis
1615 2081 1696 2116 quasi

908 2127 1009 2155 ﬁnibus
1024 2126 1127 2154 includi
1143 2127 1232 2154 solent
1249 2135 1256 2153 :
1274 2132 1303 2153 ut
1322 2126 1416 2154 videre
1443 2126 1516 2158 licet,
1537 2126 1560 2154 si
1577 2127 1640 2161 quis
1656 2127 1696 2154 si-

51 2157 150 2192 φωτὺς
167 2158 255 2192 πέρας
269 2158 300 2185 τὺ
324 2160 420 2193 σκότος
442 2163 500 2189 ἐστι
512 2171 518 2178 ·
534 2165 581 2191 καὶ
604 2166 692 2193 πάντα
716 2169 852 2196 συνελόντι
868 2173 870 2199 .‘

914 2173 1019 2209 gillatim
1038 2180 1082 2200 res
1099 2172 1201 2200 intueri
1227 2172 1302 2199 velit.
1320 2171 1453 2199 Valetudo
1468 2173 1540 2199 enim
1569 2172 1696 2200 veniente

50 2203 154 2237 φάναι,
171 2204 207 2229 τὰ
219 2203 280 2230 καθ’
299 2205 414 2233 ἕκαστον
427 2207 517 2242 ἀγαθὰ
529 2212 585 2242 τοῖς
608 2212 738 2250 ἐναντίοις
753 2215 853 2242 ἐναπο-

49 2250 147 2285 λήγει.
165 2250 198 2277 Εἰ
216 2251 265 2286 μὲν
278 2250 324 2278 οὖν
340 2254 459 2288 τρεπτὴν
475 2256 542 2291 πρὸς
554 2257 584 2284 τὸ
606 2260 697 2294 χεῖρον
711 2260 759 2296 τὴν
773 2262 854 2297 φύσιν

49 2297 101 2323 τοῦ
119 2297 293 2331 Μονογενοῦς
312 2299 357 2325 καὶ
373 2300 420 2327 τοῦ
436 2302 594 2338 Πνεῦματος
607 2305 773 2341 ὑποτίθεται,
783 2309 854 2336 εικό-

49 2352 110 2375 τως
130 2344 175 2369 ἐπ’
197 2344 288 2372 αὐτῶν
310 2348 524 2383 κατασμικρύνει
543 2350 592 2386 τὴν
613 2352 664 2386 τῆς
686 2353 852 2390 ἀγαϐότητος

49 2387 164 2414 ἔννοιαν
176 2396 183 2402 ·
199 2388 237 2420 ὡς
250 2388 405 2425 δυναμένων
416 2393 462 2419 καὶ
477 2395 531 2425 τοῖς
546 2395 676 2429 ἐναντίοις
693 2400 852 2435 συνενεχοῆ-

48 2432 110 2462 ναις
129 2432 161 2461 Et
176 2434 203 2460 δὲ
215 2435 388 2469 ἀνεπίδεκτός
401 2439 458 2465 ἐστι
470 2440 517 2466 τοῦ
529 2441 648 2477 χείρονος
660 2445 676 2479 ἡ
693 2444 751 2472 θεία
762 2454 792 2472 τε
805 2448 853 2474 καὶ

48 2479 239 2512 ἀναλλοίωτος
251 2481 339 2516 φύσις,
355 2484 401 2510 καὶ
412 2484 489 2511 τοῦτο
502 2488 565 2521 παρ’
578 2488 668 2515 αὐτῶν
678 2490 731 2517 τῶν
746 2492 851 2528 ἐχθρῶν

48 2523 244 2560 ὠμολ6γηται,
260 2527 384 2563 ἀόριστος
394 2530 507 2562 ’πάντως
524 2532 553 2558 ἐν
568 2533 607 2569 τῷ
628 2535 722 2571 ἀγαθῴ
739 2523 850 2573 θεωρεῖ-

48 2580 109 2599 ται.
128 2571 166 2598 Τὸ
181 2572 210 2598 δὲ
227 2573 350 2608 ἀόριστον
384 2576 490 2613 ἀπείρῳ
504 2579 601 2606 ταυτόν
622 2582 704 2609 ἐστιν.
725 2571 849 2620 ’Λπείρου

48 2617 78 2643 δὲ
109 2618 161 2643 καὶ
173 2618 298 2652 ἀορίστου
319 2620 487 2657 πλεονασμὸν
513 2625 558 2650 καὶ
579 2625 724 2655 ἐλάττωσιν
737 2629 847 2664 ἐννοεῖν,

49 2664 102 2698 τῆς
120 2664 244 2698 ἐσχάτης
262 2665 373 2700 ἀλογίας
387 2668 455 2696 ἐστί.
477 2669 539 2702 Πῶς
554 2671 608 2707 γὰρ
627 2672 684 2700 ἂνό
698 2675 748 2707 τῆς
769 2676 848 2703 ἀπει-

89 2747 116 2761 ”
134 2743 225 2772 ECcli.
235 2753 279 2775 vn,
297 2747 339 2773 l7.

900 2219 1090 2247 imbecillitate
1117 2219 1232 2251 ﬁnitur,
1251 2218 1307 2245 vita
1326 2222 1417 2245 morte
1441 2219 1694 2251 circumscribitur,

902 2265 991 2293 lucem
1005 2264 1153 2292 terminant
1165 2265 1293 2294 tenebrae.
1311 2268 1337 2291 et
1361 2268 1389 2291 ut
1406 2272 1463 2292 rem
1483 2266 1510 2291 in
1528 2272 1614 2300 pauca
1628 2272 1695 2292 con-

903 2311 999 2344 feram,
1013 2311 1140 2346 quaelibet
1153 2310 1225 2338 bona
1238 2310 1382 2345 ingruente
1397 2311 1537 2338 contrario
1551 2311 1692 2338 desinunt.

904 2357 934 2385 Si
954 2357 1037 2392 igitur
1052 2357 1215 2388 arbitratur,
1232 2360 1359 2383 naturam
1376 2356 1515 2391 Unigcniti
1529 2360 1555 2385 et
1569 2356 1692 2392 Spiritus

904 2403 992 2431 sancti
1013 2402 1156 2429 mutationi
1186 2402 1213 2428 in
1234 2402 1355 2429 deterius
1373 2403 1519 2430 obnoxiam
1551 2410 1622 2435 esse,
1641 2411 1695 2431 me-

902 2449 957 2476 rito
969 2455 1035 2475 sane
1052 2447 1209 2481 opinionem
1234 2447 1266 2474 de
1286 2448 1445 2474 earumdem
1464 2448 1586 2475 bonitate
1606 2449 1695 2475 immi—

903 2495 1000 2522 nuitet
1015 2493 1113 2524 elevat,
1130 2501 1191 2520 cum
1215 2493 1347 2520 contrarii
1378 2493 1434 2521 sint
1453 2501 1578 2528 capaces.
1605 2494 1640 2521 At
1668 2495 1693 2522 si

903 2541 993 2568 divina
1012 2543 1111 2566 natura
1123 2539 1158 2567 .in
1175 2539 1296 2566 deterius
1323 2539 1501 2567 immutabilis
1521 2547 1636 2575 prorsus
1666 2547 1691 2567 ot

904 2585 1076 2614 invariabilis
1089 2589 1140 2614 est,
1157 2589 1187 2611 ut
1200 2585 1251 2619 ipsi
1264 2593 1372 2620 quoque
1386 2585 1478 2613 hostes
1496 2585 1626 2616 fatentur,
1646 2594 1695 2613 ne-

904 2633 1026 2661 cessario
1043 2632 1168 2667 sequitur
1184 2639 1243 2658 eam
1263 2631 1465 2659 interminatam
1478 2632 1628 2659 bonitatem
1645 2638 1694 2658 ιω-

903 2680 980 2707 bere:
996 2678 1200 2705 interminatum
1216 2681 1306 2705 autem
1321 2681 1347 2704 et
1364 2676 1502 2705 inﬁnitum
1520 2676 1589 2704 idem
1615 2682 1690 2705 sunt.

86 2816 130 2852 (α)
155 2815 267 2843 Profert
299 2817 372 2845 hunc
403 2818 492 2845 locum
522 2820 661 2855 Cypariss.
692 2821 792 2851 l‘crad.
824 2833 860 2859 iv,
881 2833 942 2859 cap.
961 2827 987 2853 9.
