1954 3079
243 72 296 101 303

858 73 886 101 S.
899 73 1063 102 GREGOEII
1078 73 1224 102 NYSSENI

1815 72 1866 101 5οὶ

243 130 277 156 At
292 129 319 156 in
344 128 448 157 inﬁnita
472 133 499 156 et
522 125 691 155 interminata
711 128 788 163 copia
809 132 836 155 et
858 129 1025 156 abundantia

1089 130 1139 161 ›ίας
1154 128 1297 164 διασωθείη
1319 128 1408 162 λόγος,
1425 129 1449 155 εί
1471 128 1501 155 τδ
1515 128 1596 155 πλέον
1610 137 1639 155 τε
1652 129 1700 156 καὶ
1715 127 1828 157 ἔλαττον
1842 131 1870 156 ἓν

243 175 379 203 defectum
398 179 425 202 et
440 174 658 202 imminutionem
687 175 780 201 animo
802 175 958 208 concipere,
981 183 1027 201 ex-

244 228 337 252 trema:
350 222 512 257 insipientia:
527 224 718 255 argumentum
728 224 780 248 est.
795 220 936 253 Quomodo
954 221 1027 248 enim

210 261 216 264 ἡ
244 270 313 297 ratio
328 273 355 296 et
369 267 443 295 notio
460 267 602 294 inﬁnitatis
618 267 759 298 subsistet,
774 267 796 294 si
812 266 874 302 quis
896 267 922 293 in
944 274 972 293 re
988 266 1027 292 iu-

244 316 390 344 tentionem
405 319 431 342 et
447 312 636 341 remissionem
652 313 773 340 statuat?
791 312 829 339 Ex
846 312 940 339 [inium
956 312 1028 338 enim

243 364 336 387 mutua
350 359 427 394 juxta
439 365 469 386 se
480 358 655 394 oppositione
670 358 810 385 excelsum
822 358 1029 393 cognoscimus.

245 404 294 432 Ubi
312 413 374 432 vero
384 405 446 432 tiuis
461 405 551 432 omnis
567 404 656 436 abest,
674 411 793 439 quanam
814 404 922 431 ratione
935 412 1031 431 exces-

243 460 290 480 sus
304 452 431 486 cognosci
444 451 554 486 potest?
578 451 619 478 An
646 450 773 478 fortassis
798 449 950 477 Eunomius
978 450 1031 477 huc

242 505 298 525 non
310 497 477 528 colliueavit,
492 497 539 524 sed
554 497 644 532 potius
668 496 836 531 temporario
850 495 967 531 quodam
981 503 1029 522 ex-

243 550 323 570 cessu
339 543 504 577 cogitatione
519 542 672 572 ell'ormato,
701 540 853 568 secundum
870 540 1029 575 prterogati-

244 595 303 615 vam
314 588 429 623 originis
443 592 469 615 et
492 587 666 622 antiquitatis
686 585 877 614 excellentiam
893 585 1030 619 intelligit,

1080 175 1155 210 αὐτῷ
1169 175 1370 210 δογματίζοιτο;
1391 176 1437 202 Ἐκ
1453 175 1506 211 γὰρ
1522 176 1569 211 τῆς
1590 175 1643 202 τῶν
1659 175 1786 211 περάτων
1803 177 1870 210 πρὸς
1886 174 1892 194 -’

1080 220 1182 255 ἄλληλα
1195 219 1382 255 παραθέσεως,
1394 221 1424 247 τὸ
1439 221 1519 248 πλέον
1535 220 1765 256 διαγινώσκομεν·
1780 221 1825 254 ἐφ’
1834 218 1872 247 ὧν

1080 266 1109 292 δὲ
1124 266 1210 301 πέρας
1225 266 1274 292 οὐκ
1294 265 1426 297 Ean,an
1447 266 1479 293 ἄν
1491 275 1532 298 τις
1547 266 1672 302 δυνηθείη
1689 267 1718 293 τὸ
1741 266 1872 302 περισσὸν

1082 312 1205 346 ἐννοῆσαι
1219 321 1225 346 ;
1241 313 1275 338 Ἦ
1290 312 1351 347 οὐχὶ
1366 312 1454 345 τοῦτο,
1469 313 1596 348 χρονικὴν
1607 313 1634 339 δέ
1648 322 1709 340 τινα
1728 313 1777 348 τὴν
1789 313 1872 348 ὑπερ-

1080 358 1146 393 οχὴν
1162 358 1271 391 ἐννοῶν,
1288 359 1358 385 κατὰ
1378 358 1412 385 τὰ
1431 359 1563 394 πρεσϐεῖα
1578 359 1626 394 τῆς
1647 358 1828 394 ἀρχαιότητος
1843 357 1874 384 τὸ

1081 405 1160 433 πλέον
1177 405 1263 440 νέμει,
1291 406 1337 432 καὶ
1351 404 1395 432 διὰ
1409 405 1488 432 τοῦτο
1502 405 1552 440 τὴν
1578 405 1624 431 τοῦ
1647 405 1753 440 Πατρδς
1777 404 1874 431 οὐσίαν

1083 451 1166 486 μόνην
1177 451 1307 478 ἀνωτάτω
1321 451 1416 486 φησίν;
1433 450 1536 477 Οὐκοῦν
1551 451 1654 478 εἰπάτω
1664 451 1718 477 τίνι
1728 450 1776 477 τοῦ
1793 450 1874 476 πλέον

1082 497 1130 532 τῆς
1143 496 1190 523 τοῦ
1205 497 1310 532 Πατρὺς
1323 497 1395 531 ζωῆς
1410 496 1581 532 διεμέτρησε,
1599 496 1712 531 μηδενὸς
1723 495 1876 530 διαστήμα-

1082 549 1128 573 τος
1152 541 1277 576 χρονικοῦ
1301 541 1545 577 προεπινοουμένσυ
1567 542 1618 577 τῆς
1637 541 1684 568 τοῦ
1704 539 1876 576 Μονογενοῦς

1084 587 1269 619 ὑποστάσεως.

242 633 278 661 ob
294 641 409 668 eamque
435 633 523 661 Patris
559 633 743 661 substantiam
768 633 854 661 solam
891 632 1013 659 omnium
1047 640 1204 668 supremam
1235 635 1336 662 vocat?
1366 635 1440 662 dicat
1459 641 1536 670 ergo.
1563 634 1606 662 cui
1630 641 1773 662 excessum
1799 632 1877 659 illum

243 678 316 708 vitae,
329 685 383 713 qua
410 677 490 705 Pater
507 678 581 709 vicit,
604 679 745 709 attribuat,
763 685 824 705 cum
842 677 947 705 nullum
979 678 1111 714 temporis
1144 679 1263 714 spatium
1290 680 1361 708 inter
1393 679 1501 708 Patrem
1524 683 1552 708 et
1572 679 1742 715 unigenitum
1778 677 1878 706 Filium

243 726 415 761 interjectum
434 726 525 753 animo
543 730 618 753 recte
633 726 741 761 concipi
756 725 856 760 queat?

279 793 423 822 Faciamus
444 799 533 822 tamen
552 799 660 830 tempus
681 795 861 828 intercedere,
881 796 1030 830 quomodo.

1119 794 1216 821 Καίτοι
1232 795 1257 820 εἰ
1276 794 1323 821 καὶ
1336 793 1414 821 τοῦτο
1426 791 1460 829 ἦν
1480 793 1609 829 (είρήσθω
1626 793 1680 829 γὰρ
1692 793 1754 820 καθ’
1774 793 1878 820 ὑπόθε-

245 849 355 878 (ιυπξεο,
372 843 434 876 plus
463 842 496 870 de
524 842 631 869 ratione
656 842 816 870 substantia:
847 843 1033 877 participaret.

247 888 321 921 prior
338 888 383 914 illa
396 882 549 915 secundum
572 888 746 915 durationem
771 888 936 918 substantia,
953 894 1034 922 quam

246 932 391 968 posterior,
410 932 444 960 de
458 933 527 968 ipsa,
543 933 666 968 inquam,
685 935 792 960 ratione
805 938 831 961 et
850 933 1033 960 notionesub<

245 977 363 1008 stantim,
388 981 418 1004 ut
438 985 572 1012 suprema,
592 981 619 1005 et
637 986 697 1013 quae
721 979 825 1013 proprie
841 979 886 1010 sit,
904 977 1035 1013 appellari

245 1028 408 1056 mereretur,
424 1024 469 1050 illa
486 1031 552 1051 vero
571 1031 744 1059 nequaquam
761 1025 773 1051 ‘i
788 1023 867 1052 Prior
902 1024 973 1051 enim
993 1031 1035 1051 re-

246 1072 342 1103 spectu
355 1069 516 1103 posterioris
529 1089 536 1102 ,
563 1070 747 1097 diuturnioris
763 1070 873 1105 quidem
900 1069 1033 1104 temporis

247 1113 384 1148 particeps
411 1117 464 1147 est,
491 1118 518 1140 at
548 1113 583 1142 de
608 1114 768 1142 substantiae
794 1115 921 1146 ratione,
947 1121 1036 1148 neque

250 1159 334 1194 plus,
358 1166 447 1194 neque
477 1160 580 1193 minus,
608 1167 689 1195 quam
719 1160 856 1195 posterior
877 1159 1034 1195 participat.

246 1205 353 1233 Clarior
396 1213 439 1233 res
470 1210 527 1233 tota
568 1206 700 1241 exemplis
746 1205 852 1233 evadet.
885 1205 956 1239 Quid
984 1205 1036 1232 mi-

247 1258 300 1278 nus
320 1249 416 1277 habuit
431 1258 512 1286 quam
536 1251 684 1282 Abraham.
712 1251 784 1286 quod
813 1251 847 1279 ad
876 1251 1036 1280 substantia:

247 1296 380 1324 rationem
401 1296 510 1328 attinet,
529 1297 625 1324 beatus
649 1297 745 1331 David,
763 1297 973 1335 quattuordecim
987 1304 1033 1332 ge-

248 1342 439 1369 nerationibus
457 1341 505 1369 illo
518 1342 608 1369 minor
628 1343 670 1369 "2
688 1343 729 1370 Au
753 1342 827 1377 quod
848 1332 972 1377 tempore
988 1349 1036 1376 po-

248 1387 349 1415 slerior
366 1391 448 1415 natus
463 1388 548 1420 sit,ob
558 1388 583 1415 id
596 1388 715 1415 humana
731 1392 830 1416 natura
846 1388 872 1415 in
890 1395 923 1415 eo
932 1392 1036 1415 mutata

247 1438 299 1464 est,
317 1433 441 1461 minusve
465 1433 547 1462 homo
560 1434 612 1461 fuit
626 1434 638 1460 ?
653 1434 720 1467 Quis
736 1438 793 1460 tam
815 1433 907 1461 fatuus
922 1437 975 1466 est,
988 1433 1035 1468 qui

1087 849 1128 868 σιν
1140 840 1217 875 τέως)
1241 841 1257 876 ἡ
1269 839 1308 874 τῷ
1319 840 1406 875 χρόνῳ
1418 840 1576 875 προήκουσα
1583 839 1633 874 τῆς
1644 840 1880 874 μεταγενεστέρας

1086 887 1188 919 οὐσίας,
1203 886 1230 913 τί
1245 886 1344 922 μᾶλλον
1361 886 1417 921 ἔχει
1430 885 1461 912 τὸ
1478 883 1558 918 εῖναι,
1573 885 1635 912 κατ’
1652 885 1733 912 αὐτὸν
1744 885 1819 920 λέγω
1832 885 1880 910 τὸν

1086 933 1133 959 τοῦ
1149 930 1220 959 εἶναι
1235 932 1313 966 λόγον
1323 952 1330 964 ,
1346 931 1415 958 ὥστε
1430 931 1480 966 τὴν
1499 932 1547 967 μὲν
1567 931 1696 958 ἀνωτάτω
1712 930 1762 958 καὶ
1778 931 1880 965 κυρίαν

1086 978 1186 1014 λέγειν,
1200 978 1250 1014 τὴν
1265 978 1293 1005 δὲ
1313 978 1350 1014 μὴ
1361 977 1446 1010 οὕτως
1460 977 1548 1012 ἕχειν;
1563 977 1617 1004 Τοῦ
1631 977 1685 1013 γὰρ
1698 977 1880 1013 προγενεστέ-

1086 1033 1135 1060 ρου
1151 1024 1218 1060 πρὸς
1234 1024 1264 1051 τὸ
1276 1024 1416 1060 νεώτερον,
1430 1025 1444 1051 ὁ
1462 1024 1510 1059 μὲν
1524 1023 1621 1058 χρόνος
1632 1023 1681 1058 τῆς
1691 1023 1766 1059 ζωῆς
1776 1022 1881 1050 πλείων

1085 1070 1160 1097 ἐστίν
1169 1078 1176 1085 ·
1196 1071 1212 1106 ἠ
1224 1070 1253 1096 δὲ
1266 1070 1345 1096 οὐσία
1357 1070 1433 1105 παρὰ
1445 1069 1534 1101 τοῦτο,
1552 1069 1612 1095 οὐδὲ
1626 1069 1707 1095 πλέον
1719 1069 1752 1095 τὸ
1768 1068 1880 1095 ἔλαττον

1086 1115 1151 1151 ἔχει.
1166 1115 1334 1150 Σαφὲστερον
1347 1114 1375 1141 δὲ
1395 1112 1474 1140 τοῦτο
1488 1113 1535 1140 καὶ
1553 1113 1586 1139 δι’
1609 1112 1817 1147 ὑποδειγμάτων
1832 1121 1880 1146 γε-

1086 1161 1214 1196 νήσεται..-
1231 1160 1258 1186 τί
1271 1160 1380 1186 ἔλαττον
1399 1156 1455 1194 εἶχε
1470 1158 1517 1185 τοῦ
1540 1158 1666 1194 Ἀϐραὰμ
1681 1157 1753 1184 κατὰ
1767 1158 1813 1184 τὸν
1829 1158 1880 1192 τῆς

1085 1205 1179 1237 οὐσίας
1199 1205 1288 1240 λόγον,
1304 1205 1319 1231 ὁ
1338 1204 1407 1240 μετὰ
1428 1203 1630 1239 δεκατέσσαρας
1652 1203 1749 1238 γενεὰς
1772 1203 1881 1230 ἀναδει-

1086 1250 1160 1286 χθεὶς
1176 1248 1360 1287 ΔαδίδςτΑρά
1377 1259 1404 1277 τι
1420 1249 1585 1286 μετεποιήθη
1604 1250 1653 1284 τῆς
1667 1248 1881 1284 ἀνθρωπὸτητος

1085 1297 1132 1323 ἐπὶ
1147 1296 1259 1329 τούτου;
1277 1297 1331 1324 Καὶ
1354 1294 1435 1332 ἧττον
1455 1295 1597 1331 ἄνθρωπος
1610 1293 1653 1331 ἦν,
1671 1295 1711 1322 ὅτι
1731 1295 1770 1330 *ει
1789 1295 1881 1331 χρόνῳ

1088 1343 1336 1379 μεταγενέστεροςς
1361 1343 1416 1370 Καὶ
1429 1342 1471 1374 τίς
1489 1343 1575 1373 οὕτως
1589 1342 1691 1377 ὴλίοιος
1704 1344 1780 1369 ὤρη
1799 1341 1882 1369 ‘a'no

1087 1389 1192 1422 είπεῖν;
1216 1387 1265 1420 Εἷς
1288 1389 1342 1424 γὰρ
1358 1389 1401 1423 ἐφ’
1418 1389 1556 1424 ἑκατέρων
1570 1388 1620 1424 τῆς
1633 1388 1726 1419 οὐσίας
1752 1389 1766 1414 ό
1788 1387 1881 1422 λόγος,

1087 1434 1163 1461 οὐδὲν
1180 1436 1214 1470 τῇ
1233 1434 1343 1470 παρόδῳ
1358 1433 1405 1461 τοῦ
1431 1434 1527 1469 χρόνου
1546 1433 1802 1468 συναλλοιοὺμενυς’
1825 1433 1882 1460 οὐδ’

249 1480 302 1507 hoc
313 1480 435 1508 asserat?
449 1480 550 1508 Eadem
563 1480 635 1508 enim
650 1484 677 1507 et
698 1481 730 1507 in
755 1480 807 1508 hoc
821 1484 846 1508 et
861 1480 887 1507 in
903 1480 949 1507 illo
974 1481 1035 1508 sub-

1089 1479 1119 1506 ἄν
1131 1488 1173 1511 τις
1275 1466 1391 1514 τὸν-μὲν
1411 1466 1511 1514 μέλλον
1532 1477 1675 1514 ἄνθρωπον
1691 1466 1772 1510 εἶναι,
1787 1477 1831 1504 διὰ
1851 1478 1883 1504 τὸ

248 1527 356 1554 stantia;
370 1527 440 1553 ratio
464 1530 516 1558 est,
537 1526 669 1561 temporis
682 1533 814 1561 processu
834 1526 904 1553 nihil
928 1525 1037 1561 penitus

249 1571 365 1598 variata.
378 1571 472 1606 Neque
487 1571 560 1599 ullus
587 1571 686 1599 dixerit
711 1571 786 1598 illum
811 1571 899 1607 magis
913 1579 974 1600 esse
989 1571 1037 1598 ho—

251 1618 363 1649 minem,
379 1617 452 1652 quod
461 1621 584 1652 tempore
603 1618 797 1651 antecesserit;
813 1617 887 1644 hunc
902 1625 967 1644 vero
988 1618 1037 1645 mi-

251 1670 303 1690 nus
325 1667 432 1690 naturae
449 1662 574 1690 humanae
595 1663 757 1698 participem
780 1671 842 1690 esse
857 1683 865 1696 ,
881 1663 954 1698 quod
977 1668 1039 1698 post

251 1708 319 1735 alios
329 1708 355 1735 in
367 1708 437 1736 hanc
453 1709 514 1736 vitae
537 1716 648 1737 scenam
669 1709 811 1744 ingressus
828 1709 876 1736 sit:
899 1708 978 1744 quasi
996 1708 1038 1736 vel

251 1758 412 1788 consumpta
427 1753 482 1788 jam
495 1758 593 1780 natura
610 1753 637 1781 in
649 1753 692 1786 iis,
712 1754 759 1788 qui
769 1745 985 1786 antecesserant,
996 1754 1038 1780 vel

253 1799 331 1832 quasi
347 1802 454 1834 tempus
471 1800 498 1827 in
516 1800 549 1827 iis
565 1807 673 1827 onmem
693 1807 770 1827 suam
802 1800 856 1827 vim
880 1804 907 1828 et
922 1800 1037 1827 faculta-

252 1847 306 1872 tem
330 1845 518 1880 iusumpserit.
542 1844 706 1880 Neutiquam
728 1846 802 1873 enim
821 1853 905 1881 penes
931 1850 1040 1881 tempus

252 1894 294 1918 est
308 1891 431 1924 cujusvis
451 1896 577 1919 naturam
607 1893 682 1919 velut
708 1892 868 1920 demensam
894 1891 969 1924 dare,
991 1892 1039 1919 sed

250 1936 310 1972 ipsa
328 1937 355 1964 in
384 1937 473 1972 seipsa
492 1937 587 1965 eadem
611 1943 711 1971 manet,
734 1938 761 1965 in
793 1937 909 1972 posteris
931 1944 1041 1972 quoque

252 1983 370 2018 seipsam
386 1982 565 2011 conservans.
580 1985 614 2010 At
631 1989 739 2018 tempus
756 1983 876 2011 volvitur
894 1991 970 2011 more
987 1983 1040 2011 sibi

252 2028 346 2061 insito,
362 2033 543 2064 naturamque
559 2028 652 2060 fixam,
669 2033 696 2056 et
712 2029 912 2056 immutabilem
928 2032 956 2056 et
970 2028 1041 2054 intra

254 2074 380 2110 proprios
411 2075 543 2102 terminos
571 2079 753 2107 constantem,
772 2075 830 2111 sive
848 2074 1039 2110 praetergredi-

252 2125 307 2152 tur,
321 2121 379 2149 sive
401 2121 614 2156 prmterlabitur.
630 2122 813 2154 Quamobrem
831 2128 921 2155 neque
936 2120 959 2147 si
974 2123 1042 2146 tem-

253 2174 319 2202 pore
332 2171 360 2194 et
381 2167 524 2195 duratione
547 2167 622 2202 prior
651 2171 724 2194 esset
744 2166 833 2199 Pater,
860 2169 890 2193 ut
917 2167 944 2192 in
962 2165 1043 2201 hypo-

254 2213 325 2240 thesi
355 2217 449 2239 nostra
474 2213 629 2248 posuimus,
648 2213 683 2240 ob
709 2213 734 2239 id
763 2212 872 2246 proprie
897 2212 949 2240 soli
969 2211 1042 2238 Patri

255 2258 425 2293 principatus
439 2263 466 2285 et
483 2259 628 2286 summitas
658 2259 817 2286 substantiae
838 2258 938 2285 ascribi
961 2258 1042 2285 debe-

255 2307 311 2337 ret;
325 2311 386 2331 eum
400 2310 465 2332 vero
478 2305 551 2331 nulla
570 2305 605 2332 sit
616 2305 706 2340 quoad
728 2303 858 2339 temporis
873 2302 1043 2330 durationem

1088 1526 1219 1561 προήκειν
1240 1525 1280 1565 τῷ
1305 1525 1411 1561 χρόνῳ·
1437 1525 1482 1552 τὸν
1496 1524 1525 1551 δὲ
1550 1524 1658 1551 ἔλαττον
1684 1523 1809 1559 μετέχειν
1832 1525 1884 1558 τῆς

1088 1570 1206 1605 φύσεως,
1218 1571 1258 1597 ὅτι
1273 1570 1331 1606 μεθ’
1346 1570 1455 1605 ἐτέρους
1468 1571 1501 1605 τῇ
1515 1569 1570 1604 ζωῇ
1585 1569 1767 1604 ἐπεδήμησεν·
1786 1568 1884 1604 ὥσπερ

1088 1616 1105 1652 ἢ
1122 1615 1361 1652 προαναλωθείαης
1376 1617 1425 1651 τῆς
1439 1615 1545 1650 φύσεως
1568 1616 1597 1641 ὲν
1610 1615 1666 1646 τοῖς
1688 1614 1882 1650 προλαόοῡσω.

1088 1663 1105 1698 ἢ
1117 1663 1165 1690 τοῦ
1179 1663 1275 1698 χρόνου
1286 1662 1334 1698 τὴν
1346 1662 1459 1698 δύναμιν
1475 1663 1503 1689 ὲν
1515 1663 1570 1692 τοῖς
1585 1661 1763 1697 παρῳχηκόσι
1781 1660 1883 1695 προδα-

1090 1709 1271 1744 πανήσαντος.
1284 1707 1352 1734 Οὗτε
1366 1707 1419 1743 γὰρ
1439 1707 1486 1733 ἐπὶ
1501 1706 1540 1742 τῷ
1556 1707 1643 1742 χρόνῳ
1658 1707 1731 1733 ἐστιν
1744 1706 1886 1741 ἀφορίζειν

1090 1754 1196 1789 ἑκάστῳ
1210 1754 1244 1780 τὰ
1261 1753 1346 1788 μέτρα
1361 1753 1410 1787 τῆς
1437 1753 1554 1787 φύσεως,
1574 1751 1642 1778 ἀλλὰ
1665 1751 1734 1787 αὐτὴ
1767 1751 1818 1787 μὲν
1842 1751 1886 1785 ἐφ’

1089 1799 1190 1834 ἑαυτῆς
1220 1799 1294 1834 μένει
1319 1798 1362 1826 διὰ
1386 1798 1441 1825 τῶν
1455 1797 1652 1832 ἐπιγινομένων
1668 1797 1769 1832 ἑαυτὴν
1786 1805 1886 1831 συντη-

1092 1843 1176 1879 ροῦσα
1189 1852 1196 1858 ·
1215 1844 1230 1869 ὁ
1246 1843 1274 1870 δὲ
1294 1843 1388 1879 χρόνος
1409 1843 1519 1878 φέρεται
1542 1843 1611 1870 κατὰ
1624 1843 1668 1870 τὸν
1683 1843 1748 1869 ἴδιον
1773 1842 1887 1877 τρόπον,

1091 1890 1146 1916 εἴτε
1168 1888 1313 1924 περιέχων,
1339 1888 1394 1914 είτε
1412 1888 1576 1924 παραρρέων
1591 1887 1640 1923 τὴν
1665 1887 1758 1922 φύσιν,
1784 1888 1888 1920 παγίαν

1092 1936 1139 1962 καὶ
1153 1934 1321 1970 ἀμετάθετον
1333 1935 1362 1961 ἐν
1374 1935 1430 1965 τοῖς
1444 1934 1518 1965 ἰδίοις
1533 1933 1665 1968 μένουσαν
1677 1933 1763 1968 ὅροις.
1781 1933 1889 1959 Οὐκοῦν

1091 1981 1151 2008 οὐδὲ
1164 1982 1189 2007 εί
1201 1980 1240 2016 τῷ
1257 1980 1344 2016 χρόνῳ
1363 1979 1452 2014 δοθείη
1465 1980 1494 2006 τὺ
1515 1979 1594 2006 πλέον
1612 1979 1693 2015 ἔχειν,
1709 1978 1804 2010 καθὼς
1814 1979 1829 2004 ὁ
1843 1979 1887 2005 λό-

1092 2036 1139 2062 γος
1155 2027 1279 2058 ὑπέθετο,
1305 2025 1406 2061 κυρίως
1420 2025 1459 2060 τῷ
1481 2026 1569 2061 Πατρὶ
1594 2025 1667 2060 μόνῳ
1689 2024 1720 2051 τὺ
1749 2024 1889 2051 ἀνώτατον

1091 2072 1142 2106 τῆς
1155 2072 1248 2103 οὐσίας
1276 2071 1555 2106 προσμαρτυρήσουσι
1568 2078 1576 2086 '
1603 2070 1737 2105 μηδεμιᾶς
1754 2069 1784 2096 δὲ
1806 2069 1890 2103 οὖσης

1093 2119 1143 2153 τῆς
1158 2118 1228 2144 κατὰ
1242 2116 1275 2144 τὰ
1295 2117 1428 2151 πρεσϐεῖα
1444 2116 1491 2142 τοῦ
1507 2116 1604 2151 χρόνου
1621 2115 1764 2151 διαφορᾶς,
1785 2115 1846 2147 πῶς
1859 2115 1890 2141 ἄν

1094 2173 1136 2196 τις
1147 2164 1193 2190 ἐπὶ
1204 2163 1253 2198 τῆς
1264 2162 1424 2199 προαιωνίου
1436 2162 1544 2197 φύσεως
1556 2162 1585 2188 τὸ
1595 2162 1713 2188 τοιοῦτον
1723 2162 1891 2196 ὲπινοήσειε;

1097 2209 1274 2246 Παντὸςιγὰρ
1293 2209 1476 2244 διαστήματος
1494 2208 1659 2244 μετρητικοῦ
1687 2208 1725 2244 τῷ
1752 2208 1830 2234 κάτω
1845 2209 1893 2241 τῆς

1097 2256 1171 2288 θείας
1188 2256 1298 2290 φύσεως
1316 2255 1521 2291 εὑρισκομένου,
1537 2255 1579 2286 τίς
1597 2254 1792 2282 καταλείπεται
1816 2254 1893 2288 λόγος

1097 2303 1153 2333 τοῖς
1170 2302 1337 2338 ἐπιχειροῦσι
1354 2301 1404 2337 τὴν
1424 2300 1573 2337 πρόχρονύν
1587 2309 1617 2327 τε
1633 2301 1679 2328 καὶ
1699 2301 1892 2335 ἀκατάληπτον

255 2349 410 2382 diversitas,
430 2358 483 2385 qua
498 2350 607 2378 tandem
635 2351 739 2378 ratione
759 2350 785 2377 in
803 2349 860 2382 illa,
876 2356 936 2384 quae
949 2349 1036 2376 szecul:

1100 2347 1192 2374 οὐσίαν
1214 2349 1247 2383 τῇ
1264 2347 1331 2383 πρὸς
1345 2347 1375 2374 τὸ
1387 2347 1444 2374 ἀνω
1457 2348 1503 2374 καὶ
1513 2347 1588 2373 κάτω
1597 2347 1713 2382 διαφορᾷ
1724 2346 1892 2382 διασχίζειν;

257 2396 404 2424 antecessit
431 2402 538 2428 natura,
561 2397 614 2424 tale
642 2397 706 2432 quid
732 2396 903 2424 comminisci
927 2396 989 2430 quis
1013 2395 1128 2422 audeat!
1153 2403 1216 2422 cum
1254 2395 1325 2422 enim
1366 2402 1446 2422 omne
1479 2394 1652 2421 intervallum
1681 2393 1786 2428 aliquid
1807 2394 1894 2420 dime-

258 2441 303 2468 tiri
320 2441 441 2474 solitum,
457 2442 528 2469 infra
551 2443 624 2470 illam
653 2443 772 2470 divinam
791 2447 916 2470 naturam
939 2443 1104 2478 reperiatur,
1127 2443 1203 2478 quid,
1220 2450 1279 2475 oro,
1297 2443 1388 2478 eilugii
1422 2442 1586 2477 relinquitur
1606 2441 1672 2473 illis,
1708 2441 1757 2475 qui
1793 2448 1895 2468 conan-

257 2491 301 2515 tur
314 2489 495 2519 substantiam
513 2491 598 2525 illam,
619 2495 726 2527 tempus
742 2498 823 2519 omne
842 2495 1041 2527 antegressam,
1054 2495 1081 2520 et
1093 2491 1185 2518 animo
1205 2490 1461 2526 incomprehensam
1476 2489 1568 2525 superi
1596 2493 1623 2516 et
1650 2488 1730 2516 inferi
1751 2489 1897 2524 positioni-

258 2535 308 2564 bus
323 2535 536 2565 diserimiuare?

293 2583 326 2611 At
357 2584 529 2618 perspicuum
563 2589 620 2614 est.
650 2589 675 2612 et
703 2585 762 2613 sine
787 2585 841 2612 ulla
858 2585 1047 2616 dubitatione,

259 2628 311 2656 hoc
329 2630 402 2665 quod
415 2631 466 2658 iste
477 2632 585 2662 aSScrit,
604 2631 670 2657 nihil
687 2631 761 2658 aliud
776 2639 847 2665 esse,
860 2639 941 2666 quam
956 2635 1048 2667 patro.

259 2675 360 2702 cinium
379 2674 499 2704 Iudaica:
519 2677 678 2712 impietatis,
696 2678 742 2712 qui
769 2677 856 2705 solam
872 2677 962 2706 Patris
983 2677 1048 2705 sub-

1145 2582 1214 2609 Ὰλλ*
1233 2581 1361 2616 οὐδεμίαν
1378 2580 1543 2616 ἀμφιϐολίαν
1562 2581 1575 2606 ὁ
1593 2579 1671 2614 λόγος
1685 2579 1753 2614 ἔχει,
1772 2579 1815 2606 ὃτι
1836 2588 1897 2606 συν-

1102 2629 1200 2665 ηγορία
1214 2628 1261 2654 τοῦ
1275 2626 1420 2655 Ἰουδαῖκοῦ
1440 2627 1572 2662 δόγματός
1585 2627 1652 2657 ἐστι,
1662 2625 1692 2652 τὸ
1706 2625 1783 2661 παρὰ
1797 2626 1898 2652 τούτο-ν

1101 2674 1341 2710 δογματιξόμενον,
1369 2673 1454 2709 μόνην
1476 2673 1625 2707 ὑφεστάναι
1646 2671 1693 2698 τοῦ
1714 2671 1826 2708 Πατρὺς
1853 2674 1898 2707 τὴν

298 2804 320 2819 ³³
332 2802 426 2830 Matth.
442 2811 460 2835 l,
471 2804 530 2831 9-6.
