1914 3079
51 134 100 162 305

626 143 764 172 CONTRA
785 145 979 178 ΕυΝοΜιυιι,
999 145 1062 173 LIB.
1083 146 1103 173 ί.

1623 148 1674 177 506

51 195 145 224 οὐσίαν
159 197 381 233 ἐνδεικνυμένων,
393 200 425 235 ἢν
447 201 530 237 μόνην
544 203 644 239 κυρίως
659 203 728 232 εῖναι
741 205 837 241 διισχυ-

890 205 1019 232 stantiam
1040 204 1192 233 subsistere
1211 205 1336 238 credunt,
1356 209 1383 233 et
1402 213 1482 241 quam
1505 206 1591 234 solam
1609 213 1672 240 pro-

53 241 182 276 ρίξονται,
212 243 261 279 τὴν
282 244 311 270 δὲ
331 245 378 271 τοῦ
405 245 470 273 Υίοῦ
497 247 543 274 καὶ
568 248 614 275 τοῦ
632 249 788 285 Πνεύματος
810 251 838 277 ἐν

53 289 107 319 τοϊς
123 288 161 323 μὴ
181 286 241 315 οὖσι
269 288 450 324 λογιζομένων
463 299 470 306 θ
486 293 539 319 πᾶν
553 293 606 329 γὰρ
624 294 655 320 τὸ
678 295 716 330 μὴ
738 296 839 330 κυρίως

52 333 90 363 ὃν,
111 334 141 359 ὲν
155 334 257 369 ῥήματι
278 335 360 370 μόνῳ,
375 335 423 362 καὶ
438 340 604 374 καταχρήσει
617 340 758 376 συνηθείας
769 339 839 367 εἶναι

50 379 172 413 λέγεται.
192 381 295 416 Ὥσπερ
309 381 354 408 καὶ
366 381 508 417 ἄνθρωπος
522 383 691 420 ὀνομάζεται,
707 386 755 422 οὐχ
770 387 784 413 ὁ
796 386 839 413 διὰ

53 425 122 460 μιμή
128 433 197 455 σεως
210 425 257 452 ἐπὶ
269 426 318 461 τῆς
329 428 430 460 είκόνος
442 428 628 465 δεικνύμενος,
640 431 698 458 ἀλλ’
709 433 724 458 ὁ
737 432 840 467 κυρίως

50 470 198 505 λεγόμενος
212 467 298 503 οὗτος,
319 473 367 507 οὐχ
387 474 511 510 ὁμοίωμα
532 475 578 502 τοῦ
601 476 755 511 ἀνθρώπου,
772 477 838 504 ἀλλὰ

50 515 78 540 τὸ
88 515 244 550 ἀρχέτυπόν
255 517 313 544 ἐστι
326 518 371 544 τοῦ
386 519 589 556 ὁμοιώματος·ὴ
602 520 629 547 δὲ
642 521 733 553 είκὼν,
744 522 838 558 μέχρις

50 561 185 596 ὀνόματος
205 562 358 598 ἄνθρωπος,
379 565 424 592 καὶ
438 565 482 592 διὰ
502 566 580 593 τοῦτο
602 567 652 594 οὐκ
667 567 721 602 ἔχει
744 568 773 595 τὺ
790 577 837 595 κυ-

51 607 117 640 ρίως
133 607 270 641 λέγεσθαι,
290 609 358 644 ὅπερ
371 609 488 644 λέγεται,
508 612 548 638 ὅτι
572 612 621 639 οὐκ
639 612 696 639 ἐστι
710 615 742 648 τῇ
759 613 838 648 φύσει

50 654 62 677 ὖ
79 653 257 687 ὀνομάζεται.
273 655 327 682 Καὶ
339 657 455 683 ἐνταῦθα
470 658 569 690 τοίνυν,
586 659 610 684 εί
629 658 710 693 μόνου
722 659 769 686 τοῦ
784 660 839 686 Πα-

50 697 114 731 τρὺς
126 699 143 733 ή
159 699 237 725 οὐσία
253 700 355 735 κυρίως
368 701 475 736 λέγεται
488 722 494 735 ,
513 703 530 738 ἡ
548 703 575 729 δὲ
593 703 639 730 τοῦ
655 704 719 731 Υἱοῦ
733 705 780 732 καὶ
792 705 836 731 τοῦ

50 744 212 779 Πιιεύματος
235 746 337 779 οὐκέτι,
352 747 379 773 τί
406 748 484 782 ἄλλος
502 749 538 775 Ἢ
561 750 621 785 οὐχί⁸
643 750 755 786 ἄρνησίς
780 752 837 778 ἔστι

49 789 206 824 περιφανὴς
220 790 266 816 τοῦ
290 791 423 827 σωτηρίου
447 792 641 828 κηρύγματος;
667 795 771 822 Οὐκοῦν
785 796 838 821 ἀπὸ

47 836 97 869 τῆς
117 835 280 870 Ἐκκλησίας
303 837 349 863 ἐπὶ
371 837 420 869 τὰς
447 840 608 873 συναγωγὰς
628 840 682 866 τῶν
705 841 838 867 Ἰουδαίων

890 251 948 286 prie
969 257 1030 278 esse
1053 255 1235 283 asseverant;
1267 251 1392 286 conjecta
1417 250 1477 279 Filii
1499 256 1526 278 et
1555 251 1674 286 Spiritus

889 298 978 325 saucti
994 296 1149 324 substantia
1164 297 1191 323 in
1204 304 1308 331 eorum,
1330 304 1390 331 qua:
1408 305 1462 325 non
1487 301 1561 329 sunt.
1577 305 1672 324 nume-

890 350 949 369 rum
970 347 998 369 et
1022 342 1158 375 ordinem,
1182 342 1245 377 quia
1264 349 1345 370 omne
1372 343 1448 375 illud.
1463 342 1535 377 quod
1564 343 1675 377 proprie

889 395 944 415 non
962 392 1014 419 est,
1033 388 1116 414 verbo
1131 388 1200 419 solo,
1221 392 1248 414 ct
1265 387 1353 415 abusu
1371 388 1489 423 quodam
1509 387 1674 422 quotidianae

889 432 1097 460 consuetudinis
1119 440 1181 461 esse
1200 433 1311 460 dicitur.
1329 432 1563 465 Quemadmodum
1588 433 1672 459 homi-

889 477 932 506 nis
955 485 1065 513 quoque
1093 478 1302 513 appellationem
1332 486 1385 506 non
1414 479 1526 506 sortitur
1545 478 1599 511 ille,
1626 477 1673 512 qui

889 523 1041 551 inuitatione
1055 527 1171 556 tantum,
1194 529 1221 551 et
1251 524 1279 550 in
1297 531 1430 559 expressa
1455 524 1572 559 imagine
1590 524 1673 550 homo

889 575 940 602 est,
955 569 1002 597 sed
1015 569 1062 605 qui
1073 570 1182 605 proprie
1202 570 1265 598 talis
1279 570 1390 602 dicitur,
1406 571 1507 606 quique
1524 577 1577 597 non
1597 570 1674 597 simi~

890 615 976 642 litudo
991 615 1109 642 hominis
1125 619 1177 647 est.
1193 616 1238 643 scd
1257 615 1346 650 ipsqu
1360 617 1525 650 archetypon
1541 619 1567 642 et
1582 622 1675 642 exem-

889 661 947 696 plar
961 661 1158 689 similitudinis.
1175 662 1209 688 At
1224 662 1313 697 imago
1321 662 1430 689 nomine
1439 665 1519 688 tenus
1528 661 1607 688 homo
1620 665 1672 688 est.

888 707 1059 742 Quapropter
1076 715 1130 734 non
1142 707 1251 743 proprie
1270 712 1312 735 est
1329 707 1401 742 quod
1420 707 1594 742 appellatur;
1608 705 1673 740 quia

888 761 921 780 ex
937 758 1033 780 natura
1051 760 1104 780 non
1122 758 1164 781 est
1192 753 1265 788 quod
1288 753 1399 780 dicitur.
1418 752 1480 780 Puri
1496 752 1578 787 igitur
1593 750 1674 778 modo

888 803 914 825 et
935 798 989 831 hic,
1013 798 1036 825 si
1053 799 1110 825 sola
1141 798 1230 825 Patris
1247 798 1398 826 substantia
1424 797 1534 832 proprie
1561 795 1673 827 dicitur.

889 850 942 870 non
956 847 1046 870 autem
1062 838 1123 870 Filii
1138 847 1166 871 et
1190 842 1308 878 Spiritus
1325 843 1423 875 sancti,
1444 842 1509 877 quid
1528 841 1603 868 aliud
1623 841 1674 867 hoc

48 879 329 915 παλινδρομείτωσαν,
350 882 379 908 ὲν
400 883 440 918 τῷ
460 883 498 919 μὴ
521 883 620 911 διδόναι
644 884 689 911 τὸν
705 885 768 911 Υἰὺν
788 894 837 912 κυ-

890 895 1028 921 censeam,
1043 895 1124 923 quam
1155 888 1362 922 abnegationem
1389 887 1559 915 manifestam
1589 885 1674 913 totius

48 926 116 959 ρὲως
131 923 212 958 εἶναι,
227 926 258 952 τὸ
275 927 342 962 μηδὲ
356 928 424 960 ὅλως
438 927 507 956 εἶναι
529 931 791 964 κατασκευάζοντες·
806 932 837 958 τὸ

47 971 103 1006 γὰρ
119 971 222 1006 ἄκυρον
239 971 278 1007 τῷ
290 973 451 1008 ἀνυπάρκτῳ
469 975 564 1002 ταυτόν
578 977 660 1003 ἐστιν.

890 932 999 965 salutis,
1013 940 1073 968 qua:
1093 933 1173 960 nobis
1188 933 1298 960 cmlitus
1315 931 1475 959 annuntiata
1493 930 1555 957 est?
1572 928 1674 956 Conic-

891 983 953 1005 rant
964 986 1029 1013 ergo
1040 986 1100 1006 sese
1114 979 1147 1006 ab
1161 978 1281 1006 Ecclesia
1294 978 1327 1005 ad
1347 975 1674 1013 synagogasludzcorum.

45 1018 113 1044 dum
132 1018 258 1046 nolentes
275 1020 426 1048 concedere
448 1021 546 1049 Filium
577 1024 684 1058 proprie
707 1031 778 1057 esse,
805 1024 831 1052 id
853 1026 936 1053 unum
951 1026 1111 1059 moliuntur,
1128 1030 1157 1053 ut
1174 1029 1261 1053 totum
1278 1025 1351 1052 illius
1365 1032 1426 1052 esse
1462 1031 1477 1051 e
1499 1023 1589 1051 medio
1619 1022 1674 1049 tol-

45 1062 118 1089 lant.
138 1062 207 1090 Nam
223 1063 294 1091 idem
314 1069 356 1092 est
380 1065 527 1102 improprie
543 1075 615 1102 esse,
634 1074 662 1096 et
684 1077 739 1096 non
764 1077 836 1097 esse.

87 1110 171 1137 Ἐπεὶ
183 1110 211 1137 δὲ
223 1111 271 1137 καὶ
284 1112 364 1145 σοφὸς
384 1110 453 1140 εἶναι
466 1113 499 1140 τὰ
513 1114 623 1141 τοιαῦτα
643 1115 777 1151 βούλεται,
791 1116 838 1143 καὶ

43 1156 176 1184 διαπτύει
189 1157 252 1189 τοὺς
264 1157 327 1184 ἄνευ
339 1158 450 1194 λογικῆς
462 1161 616 1195 ὲντρεχεὶας
631 1151 837 1197 ἐπιχειροῦντας

44 1202 84 1236 τῷ
98 1202 220 1236 γράφειν
234 1210 240 1217 ·
252 1204 356 1230 είπάτω
378 1206 434 1236 τοῖς
448 1207 712 1241 καταφρονουμένοις
726 1208 789 1242 ἡμῖν
805 1208 838 1234 ὲκ

44 1247 129 1278 ποίας
156 1248 252 1282 σοφίας
285 1249 314 1274 τὺ
339 1248 438 1283 μᾶλλόν
459 1259 488 1276 τε
511 1250 558 1276 καὶ
579 1248 660 1286 ἦττον
681 1251 730 1286 τῆς
745 1251 838 1282 οὐσίας

45 1293 197 1328 ἐγνώρισε.
215 1294 262 1326 Τίς
287 1294 366 1328 λόγος
381 1295 396 1321 ὁ
417 1295 465 1331 τὴν
484 1296 609 1331 τοιαύτην
632 1297 762 1332 διαφορὰν
786 1305 837 1323 πα-

44 1340 252 1375 ραστήσας,ᾶτι
272 1341 351 1367 οὐσία
366 1349 407 1373 τις
422 1341 516 1376 ἐτέρας
535 1342 628 1374 οὐσίας
646 1342 744 1377 μᾶλλόν
765 1343 837 1375 ἐστι,

43 1387 109 1412 κατ’
120 1385 190 1412 αὐτὸ
204 1385 274 1420 λέγω
288 1386 317 1413 τὺ
329 1386 526 1421 σημαινόμενον
539 1387 588 1422 τῆς
603 1388 695 1420 οὐσίας
707 1397 714 1421 ;
728 1387 773 1424 Μὴ
785 1388 839 1423 γὰρ

44 1433 77 1467 δὴ
97 1432 263 1468 προφερὰω
276 1432 325 1462 τὰς
343 1432 397 1459 τῶν
418 1433 567 1467 ποιοτήτων
585 1433 601 1468 ἢ
624 1434 673 1465 τὰς
697 1433 750 1460 τῶν
769 1434 839 1460 ίόιω-

46 1476 146 1508 μάτων
163 1474 304 1509 διαφορὰς,
322 1476 382 1502 ὅσαι
394 1477 456 1511 περὶ
473 1476 565 1503 οὐσίαν
578 1477 615 1512 τῷ
628 1477 698 1513 λόγῳ
716 1478 765 1513 τῆς
778 1479 838 1504 ὲπι-

44 1523 124 1553 vola;
141 1522 407 1556 καταλαμϐάνονται,
424 1522 487 1550 ἄλλο
508 1531 534 1549 τι
555 1524 629 1558 παρὰ
648 1523 678 1550 τὸ
694 1524 838 1559 ὐποκείμε-
852 1512 874 1541 C

44 1578 92 1595 νον
115 1567 209 1595 οὖσαι.
225 1569 261 1595 Οὐ
277 1569 331 1603 γὰρ
356 1568 460 1604 ἀτμῶν,
478 1569 494 1605 ἣ
510 1569 673 1605 χρωμάτων,
695 1570 711 1605 ἢ
730 1570 838 1606 βάρους,

44 1615 61 1650 ἢ
75 1614 235 1649 δυνάμεως,
254 1613 270 1649 ἢ
284 1613 448 1649 ἀξιώματος,
464 1615 480 1650 ἢ
495 1615 612 1650 τρόπων,
625 1616 670 1643 καὶ
684 1616 766 1651 ἤθους
780 1616 839 1643 δια-

43 1662 148 1698 φορὰς,
165 1661 182 1697 ἢ
197 1661 225 1688 εί
237 1670 264 1688 τι
279 1662 342 1688 ἄλλο
361 1662 425 1697 περί
440 1671 468 1689 τε
487 1663 565 1698 σῶμα
594 1663 642 1691 καὶ
662 1663 749 1699 ψυχὴν
771 1663 839 1690 θεω-

43 1710 149 1743 ρεῖται,
174 1707 259 1734 ταῦτα
281 1707 423 1742 πρόκειται
447 1707 494 1734 νῦν
515 1707 652 1740 ἐξετάζειν
665 1716 672 1723 ·
702 1708 759 1735 ἁλλ’
775 1708 840 1735 αὐτὸ

41 1755 121 1788 λέγω
136 1753 328 1789 ὑποκείμενον,
350 1750 372 1788 ᾧ
399 1754 501 1789 κυρίως
514 1754 545 1781 τὸ
568 1755 617 1790 τῆς
631 1754 723 1787 οὐσίας
744 1755 838 1782 ἐπικέ-

41 1798 148 1832 κληται
162 1797 259 1832 ὄνομα.
270 1798 296 1824 sl
310 1806 371 1824 τινα
385 1798 453 1833 πρὸς
474 1798 556 1834 ἄλλην
571 1799 664 1825 οὐσίαν
677 1800 706 1826 ὲν
716 1799 754 1835 τῷ
770 1800 837 1834 μᾶλ-

42 1843 92 1870 λον
109 1841 181 1870 εἶναι
200 1843 250 1879 τὴν
263 1843 393 1879 διαφορὰν
416 1843 482 1878 ἔχει.
502 1844 571 1871 Ἀλλ’
593 1844 669 1871 οὐτιω
687 1845 768 1881 μέχρι
791 1845 838 1872 τοῦ

41 1890 96 1916 νῦν
113 1889 273 1924 ἀκηκόαμεν
290 1889 336 1915 δύο
360 1889 441 1915 τινῶν
457 1890 678 1926 ὁμολογουμένων
692 1889 771 1924 εἶναι,
788 1891 839 1924 ἕως

43 1935 82 1962 ἂν
95 1935 241 1970 ἀμςότερα
253 1932 281 1970 ᾗ,
294 1934 323 1960 τὸ
336 1934 385 1969 μέν
393 1943 419 1961 τι
431 1935 545 1970 μᾶλλον,
556 1935 587 1961 τὸ
596 1935 623 1961 δὲ
638 1936 746 1962 ἔλαττον
759 1934 837 1963 εἶναι·

43 1983 108 2007 ἔστι
121 1981 176 2016 γὰρ
188 1981 288 2016 ὁμοίως
304 1982 442 2017 ἑκάτερον,
454 1981 506 2013 ἕως
519 1981 551 2008 ἂν
600 1982 666 2009 καθό
684 1984 767 2015 ἐστιν,
788 1983 839 2010 ὑπ’

42 2027 231 2062 εξῃρημὲνου,
254 2026 345 2058 καθὼς
364 2027 540 2064 προείρηται,
555 2027 602 2054 τοῦ
627 2028 697 2055 κατὰ
721 2028 751 2055 τὸ
772 2037 839 2064 προ-

41 2073 195 2107 τιμότερον
214 2072 231 2107 ἢ
245 2072 436 2108 διαρκέστερον
452 2073 543 2108 λόγου.

923 1115 992 1149 Quia
1004 1124 1067 1144 vero
1085 1115 1236 1144 Eunomius
1259 1115 1286 1142 in
1304 1115 1347 1142 his
1373 1113 1557 1149 intelligendis
1580 1113 1675 1140 admo-

888 1163 952 1190 dum
966 1163 1054 1191 solers
1074 1162 1126 1191 sibi
1141 1169 1203 1190 esse
1218 1162 1334 1193 videtur,
1357 1164 1385 1188 et
1411 1159 1474 1194 quia
1491 1159 1594 1194 spernit
1612 1166 1673 1186 om-

888 1216 938 1236 nes
955 1209 1027 1241 illos,
1040 1209 1087 1244 qui
1103 1207 1331 1236 sinedisserendi
1345 1206 1496 1234 subtilitate
1508 1211 1535 1232 et
1548 1205 1678 1232 acumine

887 1255 920 1281 ad
932 1254 1105 1282 scribendum
1125 1255 1271 1285 accedunt,
1302 1253 1420 1288 explicet
1448 1251 1562 1278 rudibus
1583 1250 1674 1282 nobis,

887 1299 933 1334 qui
949 1307 982 1327 ex
997 1306 1112 1327 numero
1128 1299 1201 1334 vulgi
1227 1306 1334 1330 sumus,
1364 1306 1395 1324 ex
1409 1297 1483 1332 quali
1502 1295 1675 1331 philosophia

887 1345 1014 1372 didicerit
1041 1345 1224 1373 substantiam
1255 1344 1421 1372 intensionis
1448 1347 1474 1370 et
1506 1341 1676 1369 remissionis

887 1397 1015 1425 capaCem
1031 1397 1102 1417 esse.
1119 1389 1184 1421 Quae
1197 1390 1269 1416 ratio
1286 1389 1382 1421 dictat,
1407 1392 1454 1414 aut
1472 1386 1578 1417 suadet,
1591 1392 1673 1411 uuam

889 1435 1069 1463 substantiam
1084 1435 1168 1462 altera
1188 1434 1276 1469 magis
1289 1441 1351 1462 esse
1365 1433 1559 1464 substantiam,
1576 1438 1676 1459 secun-

888 1480 954 1508 dum
969 1481 1054 1514 ipsam
1070 1479 1131 1507 dico
1152 1479 1313 1507 substantia
1335 1477 1485 1506 rationem?
1496 1484 1585 1511 neque
1601 1476 1674 1507 volo.

890 1530 919 1552 ut
933 1525 1050 1552 adducat
1064 1524 1145 1552 nobis
1156 1525 1319 1559 qualitatum
1344 1527 1391 1550 aut
1408 1522 1605 1558 proprietatum
1622 1521 1675 1548 dii-

889 1571 1030 1606 lerentias.
1049 1577 1117 1605 quas
1146 1570 1175 1597 in
1191 1569 1345 1598 substantia
1369 1568 1536 1605 cogitatione
1552 1567 1676 1602 concipi-

888 1623 958 1648 mus,
976 1622 1090 1650 quaaque
1115 1614 1254 1643 diversum
1275 1614 1405 1649 quiddam
1429 1616 1495 1641 sunt
1520 1613 1554 1640 ab
1578 1620 1611 1640 co
1631 1611 1676 1638 cui

888 1662 1007 1689 insunt:
1034 1668 1089 1688 non
1119 1660 1192 1688 enim
1220 1660 1428 1696 inquisitionem
1446 1658 1616 1687 instituimus
1643 1657 1677 1686 de

888 1707 1044 1735 diversitate
1063 1706 1209 1738 halituum,
1222 1706 1358 1738 colorum,
1379 1705 1532 1741 gravitatis,
1557 1704 1676 1734 roboris,

891 1753 1041 1789 dignitatis,
1071 1761 1178 1780 morum
1206 1758 1233 1780 et
1254 1752 1364 1784 indolis,
1392 1752 1435 1779 vel
1460 1752 1588 1782 aliorum,
1616 1757 1677 1785 qure

892 1803 999 1838 corpori
1016 1807 1042 1830 et
1058 1803 1149 1830 animo
1173 1801 1306 1828 inhaerere
1326 1800 1543 1835 contemplemur
1559 1808 1566 1826 :
1581 1799 1628 1826 sed
1644 1798 1678 1825 de

893 1848 952 1882 ipso
969 1847 1101 1882 subjecto,
1117 1847 1161 1874 cui
1178 1846 1289 1881 proprie
1312 1852 1411 1872 nomen
1427 1845 1587 1872 substantias
1602 1851 1676 1870 com-

891 1893 969 1927 petit,
982 1892 1129 1927 quaerimus
1152 1892 1180 1918 in
1196 1892 1321 1926 prazsenti
1337 1900 1345 1924 ;
1372 1898 1436 1917 num
1464 1894 1591 1924 respectu
1607 1890 1676 1915 alte-

890 1939 958 1969 rius.
975 1938 1181 1973 praerogativam
1197 1936 1346 1972 quamdam
1363 1937 1391 1962 in
1419 1936 1481 1968 hoc,
1498 1935 1571 1970 quod
1587 1934 1676 1969 magis

889 1983 935 2015 sit,
950 1982 1079 2010 obtineat.
1097 1981 1179 2016 Atqui
1195 1981 1229 2007 ad
1247 1981 1321 2007 hunc
1339 1987 1426 2014 usque
1440 1979 1511 2006 diem
1534 1986 1674 2013 nunquam

889 2028 1043 2056 audivimus
1067 2027 1121 2054 duo
1147 2025 1282 2061 quaedam,
1304 2033 1365 2060 qua:
1393 2025 1514 2052 omnium
1542 2031 1677 2051 consensu

889 2078 963 2104 Sunt.
975 2072 1105 2108 quamdiu
1121 2073 1202 2098 ambo
1217 2071 1327 2106 quidem
1341 2075 1415 2104 sunt,
1441 2071 1556 2098 alterum
1578 2069 1678 2104 magis,

42 2119 168 2145 alterum
186 2118 278 2146 minus
288 2118 525 2154 esse.‘/Equaliter
540 2119 611 2146 enim
621 2123 768 2154 utrumque
782 2123 834 2152 est,
853 2119 983 2154 quamdiu
1000 2123 1054 2151 est,
1082 2117 1156 2153 quod
1177 2120 1229 2150 est,
1243 2117 1351 2144 sublata
1384 2116 1459 2143 omni
1489 2122 1605 2150 prorsus
1629 2122 1678 2141 ex-

42 2171 150 2191 cessus
162 2167 189 2191 et
201 2163 326 2191 defectus
344 2165 460 2198 ratione,
476 2169 506 2192 ut
525 2170 603 2194 antea
621 2167 752 2194 diximus.

85 2210 121 2236 Εί
135 2210 185 2245 μὲν
196 2208 243 2236 οὖν
257 2211 287 2237 οὐ
301 2211 406 2238 δίδωσιν
422 2212 490 2244 ὅλως
503 2213 531 2240 ὲν
548 2214 626 2250 οὐσίᾳ
641 2215 686 2241 τὸν
700 2214 837 2250 Μονογενῆ

926 2211 955 2239 Si
971 2211 1055 2248 igitur
1069 2211 1183 2239 omnino
1197 2219 1252 2239 non
1266 2209 1437 2242 conceditur,
1453 2209 1594 2244 unigenito
1609 2209 1681 2237 Filio

43 2255 215 2291 θεωρεῖσθαι
237 2256 323 2292 (πρὸς
346 2257 424 2284 τοῦτο
439 2259 493 2293 γὰρ
509 2259 580 2286 ἔοικε
600 2260 748 2296 λεληθότως
768 2260 843 2295 αὐτῷ

41 2301 267 2328 κατολισθαίνειν
279 2302 293 2328 ὁ
309 2302 409 2337 λόγος)ι
423 2305 438 2330 ὁ
456 2305 493 2340 μὴ
507 2305 594 2337 διδοὺς
610 2305 682 2341 αὐτῷ
698 2306 728 2332 τὺ
742 2306 843 2341 κυρίως

41 2343 134 2378 εἶναι,
149 2346 217 2382 μηδὲ
237 2346 267 2373 τὸ
292 2345 373 2382 ἦττον
388 2349 431 2375 ἐπ’
452 2349 535 2375 αὐτοῦ
561 2350 736 2385 συγχωρείτω
748 2359 754 2365 ·
771 2352 796 2377 εί
813 2351 841 2377 δὲ

40 2392 174 2418 ἐπιούσιον
199 2392 314 2427 δύναμιν
337 2394 463 2428 ὁμολογεῖ
484 2395 530 2421 τὸν
550 2395 613 2422 Υῑὸν
630 2397 752 2423 ὁπωσοῦν
776 2397 842 2423 ὐπο-

40 2438 154 2464 στάντα
179 2438 276 2473 (οὔπω
299 2439 353 2474 γὰρ
377 2441 440 2474 περὶ
461 2441 555 2468 τούτου
580 2441 800 2477 διαμαχόμεοα),
815 2442 841 2468 τί

38 2484 134 2510 πάλιν
148 2485 307 2520 ὰῳαιρεῖται
322 2485 336 2511 ὃ
352 2485 441 2513 δίδωσι
453 2495 460 2502 '
474 2487 520 2513 τὸν
541 2487 740 2522 ὁμολογηθέντα
760 2486 839 2519 εἶναι,

37 2530 87 2564 τῷ
109 2530 148 2565 μὴ
166 2531 269 2566 κυρίως
291 2529 360 2557 εἶναι
379 2532 599 2565 κατασκευάζων,
616 2533 683 2568 ὅπερ
699 2531 756 2560 ἶσόν
773 2535 839 2565 ἐστι,

38 2574 144 2606 καθὼς
168 2576 287 2611 εἴρηται,
303 2576 341 2611 τῷ
360 2577 425 2612 μηδὲ
445 2577 512 2608 ὅλως
538 2576 626 2610 srvat;
646 2577 690 2610 Ὠς
712 2578 766 2613 γὰρ
791 2578 841 2604 οὐκ

39 2622 57 2647 ἐ
66 2629 126 2647 ⁴[τιν
136 2622 280 2657 ἇνῢρωπον
297 2621 377 2655 εἶναι,
392 2620 413 2657 ᾧ
428 2625 465 2660 μὴ
478 2624 586 2656 τελείως
598 2626 612 2650 ὁ
627 2624 697 2651 κατὰ
710 2624 740 2650 τὸ
756 2624 841 2658 ὄνομα

38 2667 130 2700 λόγος
152 2669 342 2703 ὲφήρμσοται·
357 2670 394 2704 τῷ
406 2670 433 2695 δὲ
446 2670 592 2697 ὲλλείποντι
610 2669 663 2696 τῶν
678 2669 840 2704 ἰδιωμάτων,

40 2712 111 2744 ὅλος
133 2714 147 2739 ὁ
161 2714 209 2749 τῆς
224 2715 321 2746 οὐσίας
339 2715 411 2749 αὐτῷ
423 2716 648 2751 συνδιαγράφεται
662 2716 754 2749 λόγος·
769 2713 842 2741 οὓτω

40 2761 98 2788 καὶ
111 2761 158 2787 ἐπὶ
173 2761 274 2792 παντὸς
289 2761 461 2795 πράγματος,
481 2753 502 2795 ᾧ
518 2762 555 2797 μὴ
576 2762 695 2793 τελείως,
712 2762 780 2796 μήτε
794 2769 842 2786 κυ-

43 2806 120 2838 olm;
136 2807 165 2833 τὺ
179 2805 249 2833 εἶναι
273 2808 535 2842 προσμαρτυρεῖται,
558 2807 684 2842 οὐδεμίαν
705 2805 842 2839 ἀπόδειξιν

52 2848 172 2884 ξχειτῆς
191 2852 371 2883 ὑποστάσεως
391 2853 407 2886 ἡ
430 2854 527 2889 μερικὴ
549 2852 594 2880 τοῦ
614 2851 681 2879 εἶναι
707 2851 840 2886 συγκατά-

891 2259 1024 2287 rationem
1037 2259 1200 2286 substantia).
1212 2258 1361 2285 convenire
1374 2267 1380 2284 :
1394 2257 1448 2284 huc
1467 2257 1552 2289 enim,
1577 2264 1678 2292 quam-

891 2305 932 2332 vis
949 2303 1119 2332 clandestina
1136 2304 1188 2335 via,
1211 2303 1324 2331 tendere
1346 2302 1453 2330 videtur
1478 2302 1554 2330 illius
1571 2303 1679 2335 oratio;

890 2359 951 2378 cum
961 2359 1023 2379 eum
1038 2350 1149 2385 proprie
1169 2356 1230 2377 esse
1245 2352 1336 2383 negat,
1347 2348 1461 2376 deberet
1476 2348 1557 2375 etiam
1574 2356 1676 2384 negare

890 2405 952 2424 cum
967 2397 1059 2424 minus
1075 2403 1145 2423 esse.
1171 2394 1249 2428 Quod
1265 2395 1289 2422 si
1303 2394 1402 2421 fatetur
1415 2393 1515 2420 Filium
1536 2401 1597 2421 esse
1612 2393 1681 2421 sub—

890 2442 1020 2469 stantiam
1038 2441 1195 2476 quamdam,
1217 2439 1465 2475 quomodocuuque
1482 2439 1677 2467 subsistentem

892 2485 1023 2519 (nondum
1036 2485 1108 2512 enim
1127 2484 1160 2512 de
1175 2484 1227 2511 hoc
1238 2483 1446 2518 disceptamus),
1461 2491 1510 2510 cur
1525 2484 1623 2511 iterant
1638 2483 1678 2509 ei-

891 2530 951 2557 dem
969 2530 1041 2565 quod
1066 2530 1182 2565 largitur
1204 2529 1315 2561 adimit,
1341 2529 1406 2556 dum
1423 2537 1484 2556 eum
1507 2536 1586 2563 quem
1610 2535 1678 2554 con-

891 2576 981 2604 fessus
995 2581 1036 2604 est
1051 2583 1121 2608 csse,
1145 2584 1193 2611 per
1211 2576 1262 2603 hoc
1275 2575 1348 2610 quod
1362 2575 1504 2602 contendit
1525 2575 1676 2608 improprie

891 2630 963 2655 esse,
979 2622 1089 2657 penitus
1100 2622 1190 2649 abolet
1201 2627 1228 2649 et
1248 2621 1339 2648 tollit?
1355 2620 1426 2647 Idem
1451 2620 1523 2647 enim
1540 2623 1582 2646 est
1605 2618 1679 2654 quod

891 2670 1002 2696 omnino
1018 2677 1070 2696 non
1087 2676 1158 2701 esse,
1177 2672 1206 2694 ut
1220 2667 1301 2702 paulo
1316 2671 1378 2693 ante
1395 2666 1562 2692 monuimus.
1579 2664 1679 2697 Quem-

891 2715 1037 2742 admodqu
1060 2715 1132 2742 enim
1150 2714 1216 2741 illud
1244 2713 1324 2740 homo
1343 2719 1396 2737 non
1412 2714 1464 2742 est,
1481 2711 1526 2737 cui
1554 2711 1675 2737 nominis

891 2762 961 2788 ratio
979 2761 1094 2796 perfecte
1112 2768 1166 2787 non
1186 2759 1314 2795 congruit
1330 2768 1336 2786 :
1354 2758 1426 2793 quod
1445 2762 1534 2785 autem
1554 2758 1682 2793 proprie--

892 2807 993 2834 tatibus
1010 2807 1047 2835 rei
1061 2811 1146 2838 caret,
1163 2806 1187 2833 ei
1198 2810 1255 2833 tota
1271 2805 1434 2832 substantia:
1450 2804 1523 2831 illius
1537 2804 1607 2830 ratio
1627 2804 1677 2830 ab-

891 2852 1028 2888 judicntur
1043 2863 1048 2879 :
1069 2854 1105 2879 ita
1121 2851 1269 2887 generatim
1287 2850 1421 2884 contingit
1440 2850 1467 2877 in
1498 2843 1571 2874 omni
1586 2850 1626 2873 re.
1643 2850 1675 2868 uc
