1914 3079
233 148 285 177 307

233 219 288 246 qua
302 217 366 238 vere
385 218 439 238 non
461 209 622 243 affirmatur,
651 211 725 246 quod
752 211 793 238 vel
821 210 953 246 perfecte,
980 211 1022 238 vel
1039 215 1060 243 Α

235 257 343 292 proprie
359 256 395 284 sit
410 267 417 284 :
435 264 490 284 non
504 257 576 284 enim
589 257 625 285 ob
645 257 671 284 id
686 265 747 285 eam
764 264 826 284 esse
847 257 1023 284 demonstra-

234 302 318 335 veris,
338 303 411 338 quod
427 303 515 330 eidem
540 308 644 338 partem
660 303 739 338 quasi
766 303 894 330 essentia:
909 308 935 329 et
951 302 1024 330 exsi-

235 350 344 376 stentize
358 350 506 377 concedas.
525 349 576 382 Qui
593 350 666 377 enim
683 357 742 376 rem
758 349 868 384 proprie
893 357 945 376 non
962 357 1023 377 esse

233 395 344 428 astruit,
362 396 385 423 is
401 396 486 423 totius
502 397 542 424 rei
558 396 699 423 interitum
717 401 744 423 et
767 396 917 431 perniciem
939 396 1024 423 medi-

234 445 318 469 tatur.
334 441 508 477 Quapropter
525 442 558 469 ad
573 443 697 474 meliora,
713 443 735 470 si
752 443 834 478 sapit,
858 443 981 470 animum
998 447 1024 470 et

234 488 429 523 cogitationem
446 488 605 520 transferat,
619 493 646 515 et
661 489 762 516 docere
787 493 877 516 cesset
893 489 1024 517 substan-

235 533 301 560 tiam
323 532 462 568 Unigeniti
484 533 633 568 improprie
662 537 688 560 et
705 533 796 561 minus
812 541 885 561 esse.
907 533 985 567 Quod
1002 534 1024 561 si

236 579 263 605 in
283 579 423 613 impietate
451 579 599 613 persistere
622 579 717 607 statuit
731 579 867 614 (quamvis
891 579 1022 612 nesciam,

236 632 285 652 cur
302 625 367 652 velit
380 624 550 651 conditorem
565 632 645 652 suum
665 624 806 659 Deumque
820 629 846 652 et
866 624 1025 664 benefacto-

235 678 293 698 rem
319 670 498 705 blasphemiis
526 671 734 706 remunerare),
753 678 849 705 poenas
875 671 932 698 luat
950 678 1026 698 vanae

235 716 459 748 exiStimationis,
490 725 571 752 quam
595 717 629 744 de
650 717 776 744 doctrina
803 724 851 744 sua
876 717 1023 752 concepit:

236 762 337 796 quippe
353 762 398 796 qui
415 762 541 796 imperite
558 762 738 789 substantiam
755 763 807 788 alia
823 762 903 789 aliam
921 770 1021 790 secun-

235 807 300 834 dum
319 807 480 834 substantiae
493 807 627 835 rationem
644 807 727 835 faciat
743 807 887 842 majorem,
909 811 936 835 et
955 807 1026 834 hanc

236 853 346 888 quidem
358 861 497 888 superam,
513 854 586 880 illam
600 861 666 881 vero
681 853 810 887 inferam,
823 862 856 882 eo
875 853 967 886 modo,
978 853 1024 889 qui

236 899 390 927 consistere
412 900 518 935 nequit,
546 899 677 927 decernat
693 909 700 927 :
720 901 889 936 alteramque
904 900 1023 936 proprie,
1041 897 1062 925 Β

238 945 351 973 alteram
369 946 519 981 improprie
536 954 598 974 esse
613 946 715 974 tradat.
739 946 834 981 Neque
844 954 910 974 vero
928 955 1023 982 quem-

235 1000 317 1028 quam
330 993 555 1029 philosophorum
572 994 653 1021 etiam
665 1002 679 1021 a
697 994 749 1022 fide
761 999 855 1022 nostra
870 995 1062 1023 abhorrentem

853 149 882 177 S.
904 148 1067 177 GREGORII
1084 149 1230 178 NYSSENI

1819 151 1872 180 31.13

1076 200 1163 243 οέσις·
1183 211 1250 238 ἀλλὰ
1268 210 1317 247 τὴν
1332 210 1445 237 καθόλου
1461 210 1508 237 τοῦ
1523 210 1704 246 ὑποκειμένου
1727 211 1873 247 ἀναίρεσιν

1073 257 1274 290 κατασκευάζει
1286 258 1302 292 ή
1314 257 1378 292 περὶ
1387 256 1434 283 τοῦ
1448 256 1487 292 μὴ
1499 257 1608 289 τελείως
1620 255 1689 284 εἶναι
1699 260 1873 293 κατασκευή.

1075 303 1156 329 Ὥστε
1175 304 1199 329 εἰ
1220 303 1268 338 μὲν
1292 301 1320 329 εὖ
1336 304 1439 339 φρονεῖ,
1464 302 1532 338 πρὸς
1555 303 1604 339 τὴν
1625 303 1724 338 εὐσεϐῆ
1750 304 1875 331 διάνοιαν

1076 348 1239 384 μεταθέσθαι
1252 369 1259 379 ,
1278 349 1308 375 τὸ
1321 346 1403 384 ἦττον
1423 349 1469 375 καὶ
1485 349 1516 375 τὸ
1534 348 1637 384 ἄκυρον
1651 350 1697 376 ἐπὶ
1714 350 1765 386 τῆς
1778 350 1876 382 οὐσίας

1074 394 1121 420 τοῦ
1133 394 1301 428 Μονογενοῦς
1315 403 1345 420 τε
1363 395 1409 421 καὶ
1425 394 1472 421 τοῦ
1490 394 1566 428 ἁγίου
1582 395 1741 430 Πνεὺματος
1765 396 1876 430 ὑφελὼν

1076 441 1107 467 ἐκ
1123 441 1170 467 τοῦ
1187 441 1331 477 δόγματος.
1348 441 1379 467 Εἰ
1395 440 1424 467 δὲ
1446 441 1555 468 ἀσεδεῖν
1570 440 1674 475 ἔγνωκε
1690 442 1804 473 πάντως
1821 442 1877 476 (ὡς

1077 486 1163 520 ἔγωγε
1186 487 1235 513 οὐκ
1255 485 1312 513 οἶδα
1331 486 1388 513 ἀνθ’
1403 486 1464 513 ὅτου
1485 486 1533 514 καὶ
1554 486 1677 521 βούλεται
1691 487 1738 513 τὸν
1758 488 1876 522 κτίστην

1077 532 1173 559 ἑαυτοῦ
1187 532 1233 559 καὶ
1247 533 1314 559 Θεὸν
1329 532 1375 559 καὶ
1392 532 1539 569 εὐεργέτην
1551 532 1595 559 διὰ
1608 532 1786 568 βλασφημίας
1798 534 1877 569 ἀμεί-

1076 575 1192 612 ϐεσθαι),
1204 578 1253 613 τὴν
1266 578 1333 612 γοῦν
1347 578 1394 605 τοῦ
1410 578 1499 606 δοκεῖν
1515 588 1556 611 τις
1572 577 1642 606 εἴναι
1656 580 1729 606 κατὰ
1743 579 1796 615 τὴν
1809 580 1875 607 παί-

1075 623 1165 650 δευσιν
1182 624 1307 652 ὑπόνοιαν
1332 624 1509 661 ζημιούσθω*
1530 625 1644 661 ἀμαθῶς
1663 626 1762 653 οὐσίαν
1788 627 1877 662 ὑπερ-

1075 670 1160 702 τιΘεὶς
1175 671 1278 703 οὐσίας·
1295 671 1341 699 καὶ
1354 672 1402 707 τὴν
1415 672 1462 707 μὲν
1474 672 1540 706 ἄνω,
1553 672 1602 709 τὴν
1617 672 1645 699 δὲ
1659 673 1734 700 κάτω
1742 673 1818 700 κατὰ
1830 673 1875 700 τὴν

1078 716 1115 752 μὴ
1136 717 1330 753 εὑρισκόμενον
1349 718 1426 753 λόγον
1453 719 1685 754 ἀποφαινόμενος·
1699 720 1747 746 καὶ
1767 720 1803 754 τῇ
1825 719 1874 754 μὲν

1076 762 1106 788 τὸ
1125 762 1229 798 κύριον,
1245 764 1278 798 τῇ
1304 763 1332 789 δὲ
1351 764 1388 799 μὴ
1411 763 1529 791 τοιοῦτον
1547 764 1779 800 προσμαρτυρῶν.
1803 763 1874 791 Οὔτε

1077 808 1131 844 γὰρ
1147 808 1202 836 τῶν
1226 808 1278 841 ἐξω
1295 809 1346 844 τῆς
1361 810 1479 842 πίστεως
1505 810 1764 846 πεφιλοσοφηκότων
1787 810 1874 844 ἐγνω-

1080 855 1128 890 μέν
1141 864 1202 882 τινα
1226 855 1304 882 τοῦτο
1325 856 1492 891 ληρήσαντα,
1518 856 1580 883 οὗτε
1596 858 1656 889 ταῖς
1679 856 1874 888 hamatis-sat;

1079 902 1190 935 φωναῖς,
1208 900 1270 928 οὔτε
1289 903 1348 933 ταῖς
1363 903 1467 934 κοιναῖς
1490 902 1606 934 ἐννοίαις
1620 902 1652 929 τὸ
1666 902 1774 929 τοιοῦτο
1804 911 1874 937 cup.-

1078 946 1175 973 ϐαίνει.

1094 995 1284 1030 cognovimus,
1308 995 1353 1030 qui
1386 995 1454 1022 adeo
1483 995 1639 1024 deliraret:
1677 1004 1769 1031 neque
1807 1003 1871 1023 con-

237 1047 317 1070 sonat
333 1042 386 1070 hoc
406 1042 446 1069 vcl
458 1042 559 1069 divinis
574 1043 694 1071 oraculis
707 1044 747 1070 vel
763 1043 956 1071 communibus
974 1042 1116 1070 hominum
1136 1042 1308 1070 notionibus.

271 1114 343 1147 Quid
364 1114 447 1149 igitur
463 1114 490 1141 in
509 1114 551 1142 his
580 1115 722 1143 vocabulis
748 1116 883 1144 nevandis
907 1116 958 1144 iste
973 1115 1025 1144 sibi

237 1160 421 1196 proposuerit,
439 1161 520 1193 satis,
538 1165 568 1188 ut
581 1161 714 1193 arbitror,
743 1170 775 1190 ex
792 1163 874 1189 dictis
897 1163 953 1197 jam
986 1166 1027 1190 est

237 1206 431 1234 manifestum:
445 1206 573 1234 videlicet
587 1211 718 1242 tanquam
735 1208 970 1242 propugnaculum
983 1208 1026 1234 vel

237 1250 447 1278 fundamentum
471 1251 610 1286 quoddam
642 1252 728 1279 totius
754 1252 939 1287 improbitatis
958 1259 1025 1283 suae,

236 1298 320 1326 verba
340 1298 396 1325 haec
412 1299 552 1333 praemittit
563 1303 589 1326 et
609 1300 742 1333 supponit
760 1309 765 1325 :
785 1302 814 1325 ut
835 1299 858 1325 si
874 1305 1020 1333 persuase-

235 1346 273 1371 rit
290 1345 398 1372 unicam
414 1345 499 1373 solam
509 1346 690 1373 substantiam
700 1353 857 1380 supremam
870 1349 896 1371 et
909 1345 1028 1371 maxime

236 1391 375 1425 propriam
407 1399 480 1424 esse,
508 1391 617 1420 facilius
641 1391 676 1418 de
704 1391 764 1418 aliis
790 1399 846 1418 rem
876 1390 1025 1418 conﬁciat:

236 1438 315 1472 quasi
329 1437 420 1470 deiis.
437 1437 580 1472 quatinfra
600 1438 672 1464 illam
692 1439 822 1472 primam,
841 1441 868 1464 et
888 1445 941 1464 non
963 1444 1029 1471 pro-

238 1483 296 1518 prie
309 1491 370 1511 esse
383 1484 547 1519 cogitentur.
563 1484 680 1511 Maxime
696 1492 760 1511 vero
767 1483 818 1511 hoc
833 1483 953 1511 ostendit
968 1491 1029 1518 pro-

238 1537 334 1564 gressu
353 1530 558 1564 disputationis,
585 1537 647 1557 eum
667 1538 717 1557 sua
737 1530 770 1557 de
791 1529 861 1557 Filio
878 1535 904 1557 et
925 1529 1028 1564 Spiritu

239 1579 335 1602 sancto
348 1575 450 1610 placita
465 1575 593 1603 edisserit
608 1584 616 1608 ;
634 1583 771 1610 nusquam
786 1575 860 1602 enim
885 1575 971 1602 utitur
985 1583 1030 1602 ve-

239 1627 278 1646 ris
294 1619 461 1651 nominibus,
476 1628 521 1652 ne,
539 1625 569 1647 ut
582 1625 645 1648 ante
660 1620 726 1652 dixi,
739 1625 843 1647 natura:
858 1621 1029 1648 consortium

239 1672 266 1693 et
284 1667 506 1694 communionem
532 1667 605 1694 inter
622 1674 662 1700 se,
692 1667 760 1702 ipsis
780 1667 922 1694 vocabulis
946 1667 1029 1695 etiam

241 1713 343 1739 invitus
356 1713 495 1740 mentibus
512 1714 615 1741 nostris
633 1713 758 1748 ohjiciat.
781 1713 829 1741 sed
845 1714 903 1741 sine
912 1714 1028 1749 propriis

241 1757 400 1785 nominibus
415 1758 522 1785 illorum
551 1759 719 1786 mentionem
734 1759 797 1786 facit
815 1760 849 1791 is,
873 1760 919 1794 qui
936 1760 1027 1792 docet,
1045 1748 1066 1777 ί)

240 1811 272 1829 ea:
288 1804 370 1830 verbis
385 1809 409 1830 et
423 1805 572 1831 nominibus
590 1804 693 1832 idoneis
713 1812 738 1832 et
750 1805 957 1832 accommodatis
970 1806 1031 1832 ani-

240 1859 296 1877 mos
315 1850 479 1878 audientium
492 1851 525 1878 ad
540 1853 578 1879 rei
593 1852 730 1879 veritatem
752 1851 888 1878 ducendos
911 1860 978 1879 esse.
998 1852 1032 1878 At

240 1897 321 1931 quale
347 1905 446 1925 nomen
472 1889 708 1926 accommodatius
732 1906 794 1925 esse
820 1898 913 1934 quea‘t.
947 1905 1029 1932 quam

241 1944 313 1978 quod
329 1944 363 1971 ab
378 1944 435 1979 ipsa
447 1945 562 1972 veritate
582 1944 740 1980 impositum
754 1945 817 1972 est?
843 1945 896 1972 Sed
914 1945 1033 1980 Evange-

241 1990 286 2016 liis
300 1989 414 2017 adversa
440 1991 467 2017 in
491 1991 625 2017 mundum
647 1989 823 2017 introducere
847 1990 954 2021 volens,
977 1998 1033 2017 non

241 2036 362 2062 nominat
378 2035 488 2067 Filium.
516 2036 564 2063 sed
581 2035 779 2067 substantiam,
802 2043 863 2070 quae
887 2044 935 2071 per
956 2036 1032 2063 illam

251 2079 367 2114 primam
385 2079 431 2111 sit,
445 2082 472 2106 et
485 2085 544 2112 qua!
560 2082 622 2112 post
639 2077 710 2104 illam
731 2078 833 2111 primas
845 2081 946 2103 teneat.
959 2076 1036 2109 Quod

251 2129 340 2152 autem
353 2125 409 2151 haec
422 2132 475 2151 non
485 2123 538 2150 alio
546 2123 661 2150 consilio
674 2122 799 2154 aﬂirmct,
811 2129 890 2156 quam
902 2126 930 2148 ut
941 2129 1036 2148 sanam

251 2176 277 2198 et
286 2169 465 2197 orthodoxam
476 2170 510 2196 de
523 2169 661 2203 unigenito
677 2167 746 2194 Filio
755 2168 908 2202 opinionem
918 2175 950 2194 ex
960 2175 1036 2195 men-

252 2217 326 2243 tibus
338 2216 479 2243 hominum
487 2215 598 2245 eximat,
613 2215 698 2248 magis
705 2213 787 2240 etiam
802 2213 929 2248 patefacit
937 2217 962 2241 et
973 2214 1038 2242 reli-

253 2262 315 2296 quis
328 2261 402 2288 illius
417 2261 535 2295 impostu
542 2260 579 2286 ris
590 2263 616 2286 et
628 2258 865 2286 machinamentis.
878 2257 964 2285 Porro
973 2267 1037 2294 quo-

253 2305 433 2333 niammodus
445 2304 585 2339 loquendi,
601 2311 655 2339 quo
665 2311 732 2331 usus
747 2307 799 2334 est,
814 2304 849 2330 ita
865 2309 1037 2338 comparatus

251 2352 371 2383 videtur,
391 2355 420 2378 ut
436 2351 458 2378 is
480 2351 573 2381 etiam,
590 2351 636 2385 qui
656 2349 758 2384 aliquid
775 2350 856 2384 impie
873 2350 906 2376 ile
920 2350 1030 2379 Christo

252 2397 373 2433 proferre
395 2404 446 2424 non
457 2396 544 2431 cupit,
553 2405 586 2425 eo
596 2406 680 2434 usque
689 2403 730 2424 eat
740 2401 897 2432 :propterea
909 2405 1035 2432 egoque-

253 2428 308 2477 que
328 2442 429 2470 tacitus
448 2428 521 2469 nunc
533 2428 712 2476 prteterinitto
722 2428 792 2475 eam,
806 2428 870 2478 quae
877 2428 1036 2472 est‘de-Do-
1049 2428 1071 2456 D

253 2488 329 2515 mino
339 2491 446 2520 nostro,
459 2488 683 2522 disputationem,
693 2493 834 2517 exstructa
849 2491 922 2518 illius
930 2491 1037 2519 refuta-

252 2535 326 2562 tione
346 2542 379 2562 οι
396 2534 630 2563 manifestissimis
654 2537 843 2564 tantummodo
857 2537 1035 2572 blasphemiis

253 2586 350 2608 contra
361 2580 494 2616 Spiritum
508 2585 644 2614 sanctum,
654 2590 733 2617 quem
749 2590 842 2619 aperta
854 2588 881 2611 et
894 2584 970 2612 nullo
981 2593 1038 2613 ver-

1112 1114 1164 1141 Τὸν
1178 1115 1227 1150 μὲν
1238 1111 1284 1142 οὖν
1300 1114 1401 1141 σκοπὸν
1412 1115 1461 1150 τῆς
1475 1115 1529 1141 τῶν
1545 1114 1686 1150 ὀνομάτων
1698 1115 1803 1142 τούτων
1815 1116 1873 1142 ἐπι-

1077 1161 1150 1192 νοίας
1174 1160 1273 1192 ἱκανῶς
1291 1162 1322 1188 ἐκ
1345 1161 1399 1188 τῶν
1421 1161 1573 1196 εἰρημένων
1595 1161 1687 1196 οἴομαι
1712 1161 1872 1196 πεφανερῶ-

1078 1206 1153 1233 σθαι·
1167 1207 1207 1233 ὃτι
1221 1207 1345 1242 καθάπερ
1355 1207 1533 1243 ὁρμητήριον,
1549 1207 1565 1243 ἦ
1579 1207 1704 1243 θεμέλιον
1718 1207 1768 1242 τῆς
1782 1207 1874 1242 πάσης

1078 1252 1175 1279 ἑαυτοῦ
1190 1253 1254 1289 περὶ
1265 1253 1294 1279 τὸ
1310 1253 1398 1289 δόγμα
1416 1254 1593 1290 κακουργίας,
1613 1254 1647 1280 τὰ
1663 1255 1775 1290 ῥήματα
1787 1253 1875 1281 ταῦτα

1078 1298 1328 1334 προῦποϐάλλεται·
1359 1299 1401 1326 ἴνα
1432 1300 1641 1331 κατασκευάσας
1665 1301 1696 1327 τὸ
1721 1301 1808 1335 μόνην
1827 1300 1875 1335 τὴν

1080 1345 1143 1380 μίαν
1162 1345 1256 1371 οὐσίαν
1277 1345 1408 1372 ἀνωτάτω
1430 1354 1459 1372 τε
1480 1346 1527 1372 καὶ
1554 1346 1728 1381 κυριωτάτην
1742 1345 1873 1381 νομίζειν,

1080 1390 1178 1426 ῥᾳδίως
1193 1391 1349 1427 κατατρέχῃ
1365 1391 1419 1418 τῶν
1435 1391 1533 1425 ἄλλων,
1548 1392 1585 1423 ὡς
1600 1393 1628 1418 ἐν
1644 1392 1701 1423 τοῖς
1719 1391 1806 1422 κάτω,
1829 1391 1877 1417 καὶ

1082 1437 1118 1472 μὴ
1136 1437 1237 1472 κυρίως
1255 1437 1459 1472 θεωρουμένων.
1473 1438 1597 1464 Δείκνυσι
1611 1438 1638 1464 δὲ
1658 1438 1739 1464 τοῦτο
1759 1437 1876 1472 μάλιπα

1079 1482 1123 1508 διὰ
1139 1483 1192 1509 τῶν
1212 1482 1285 1518 ἑξῆς,
1306 1483 1334 1508 ἐν
1349 1480 1389 1514 οἷς
1405 1482 1440 1508 τὰ
1454 1482 1582 1509 δοκοῦντα
1598 1483 1661 1518 περὶ
1682 1483 1732 1510 τοῦ
1750 1483 1815 1510 Υἱοῦ
1831 1484 1877 1510 καὶ

1079 1529 1126 1555 τοῦ
1141 1529 1219 1563 ἁγίου
1234 1528 1394 1562 Πνεύματος
1411 1528 1608 1563 διαλεγόμενος,
1626 1529 1675 1556 οὐκ
1691 1530 1740 1556 ἐπὶ
1754 1530 1810 1556 τῶν
1821 1531 1879 1557 ονο-

1082 1575 1174 1609 μάτων
1186 1573 1293 1608 ἔρχεται
1314 1574 1431 1600 τούτων·
1448 1574 1491 1600 ἵνα
1509 1574 1557 1609 μὴ,
1579 1573 1670 1606 καθὼς
1685 1577 1830 1610 προεῖπον.
1848 1576 1879 1602 τὺ

1080 1621 1178 1646 οἰκεῖον
1201 1619 1249 1655 τῆς
1266 1619 1373 1654 φύσεως
1399 1619 1487 1646 αὐτῶν
1509 1621 1570 1652 ταῖς
1598 1622 1811 1657 προσηγορίαις,
1832 1623 1879 1648 καί

1083 1665 1119 1698 μὴ
1144 1664 1314 1699 βουλόμενος.
1341 1665 1524 1701 παραστήσῃ·
1542 1665 1598 1692 ἀλλ’
1621 1667 1765 1702 ἀνώνυμον
1788 1669 1879 1695 αὐτῶν

1082 1710 1197 1736 ποιεῖται
1212 1710 1260 1745 τὴν
1273 1711 1381 1746 μνήμην
1395 1712 1410 1737 ό
1425 1711 1608 1746 δογματίζων,
1622 1712 1683 1739 ἀπὸ
1706 1712 1767 1739 τῶν
1785 1722 1879 1748 προσ.

1083 1756 1171 1789 φυὼν
1205 1756 1359 1791 ὀνομάτων
1390 1757 1438 1783 καὶ
1466 1757 1609 1792 ῥημάτιον
1640 1758 1706 1785 δεῖν
1738 1759 1793 1793 τὰς
1822 1760 1880 1787 τῶν

1082 1797 1254 1829 dicaverth
1261 1804 1395 1836 διανοίας
1409 1804 1623 1838 προσάγεσθαι.
1643 1805 1739 1832 Καίτοι
1752 1808 1778 1834 τί
1797 1814 1880 1842 προσ-

1083 1849 1231 1884 φυέστερον
1248 1850 1333 1885 ὄνομα
1357 1849 1403 1876 τοῦ
1427 1851 1492 1886 παρ’
1508 1851 1594 1885 αὐτῆς
1609 1851 1658 1886 τῆς
1674 1851 1805 1887 ἀληθείας
1818 1853 1881 1879 (bvo-

1085 1895 1236 1930 μασμὲνου;
1266 1896 1336 1922 Ἀλλ’
1363 1896 1581 1932 ἀντιδογματίζει
1606 1899 1663 1929 τοῖς
1682 1898 1880 1932 Εὑαγγελεοις.

1083 1941 1131 1977 οὐχ
1145 1942 1209 1968 Υἱον
1226 1942 1377 1977 ὀνομάζων,
1393 1942 1461 1969 ἀλλὰ
1483 1943 1532 1978 τὴν
1545 1943 1578 1969 δι’
1597 1943 1705 1978 ἐκείνην
1720 1944 1768 1979 μὲν
1784 1943 1880 1974 οὖσαν.

1086 1989 1144 2023 μετ’
1165 1989 1273 2023 ἐκείνην
1297 1988 1325 2015 δὲ
1353 1989 1460 2016 πάντων
1484 1989 1537 2016 τῶν
1564 1990 1648 2017 ὄντων
1671 1991 1879 2026 πρωτεύουσαν.

1084 2035 1169 2061 Τοῦτο
1183 2035 1222 2066 δὲ,
1238 2036 1278 2061 ὃτι
1296 2035 1344 2070 μὲν
1359 2035 1405 2061 ἐπὶ
1420 2035 1578 2071 καθαιρέσει
1594 2036 1643 2071 τῆς
1660 2036 1791 2068 εὐσεὸοὖς
1818 2040 1882 2073 περὶ

1084 2080 1130 2106 τοῦ
1148 2080 1318 2114 Μονογενοῦς
1336 2080 1494 2115 ὑπολήψεως
1512 2081 1630 2115 λέγεται,
1648 2082 1681 2108 ὲκ
1705 2082 1756 2117 τῆς
1783 2083 1881 2119 λοιπῆς

1085 2125 1166 2152 αὑτοῦ
1192 2126 1364 2161 κατασκευῆς
1383 2126 1483 2161 μᾶλλον
1503 2127 1738 2163 φανερωθήσεται.
1759 2129 1838 2156 Ἐπεὶ
1855 2130 1881 2156 ἓ

1086 2172 1177 2207 μέσως
1201 2172 1273 2207 ἔχειν
1288 2173 1362 2199 δοκεῖ
1384 2173 1418 2199 τὰ
1442 2173 1585 2208 είρημένα,
1602 2169 1640 2205 ὡς
1664 2174 1713 2200 καὶ
1733 2174 1780 2200 τὸν
1798 2175 1882 2210 μηδὲν

1085 2218 1181 2250 ἀσεϐὲς
1195 2219 1258 2254 περὶ
1271 2218 1318 2244 τοῦ
1330 2218 1448 2254 Χριστοῦ
1462 2219 1585 2253 λέγοντα,
1598 2220 1754 2256 χρήσασθαι
1766 2221 1802 2247 ἄν
1817 2230 1881 2248 ποτε

1084 2267 1139 2297 τοῖς
1165 2265 1269 2300 ῥήμασι
1285 2264 1401 2296 τούτοις·
1423 2264 1466 2291 διὰ
1489 2265 1568 2292 τοῦτο
1590 2266 1637 2292 καὶ
1653 2266 1736 2298 αὐτὸς
1754 2266 1802 2292 τὸν
1820 2269 1882 2302 περὶ

1083 2311 1129 2337 τοῦ
1145 2310 1248 2346 Κυρίου
1264 2310 1343 2345 λόγον
1358 2310 1407 2337 νῦν
1426 2311 1628 2347 ὑπερϐήσομαι,
1645 2313 1706 2344 ταῖς
1723 2316 1882 2349 φανερωτέ-

1085 2366 1145 2392 ραις
1160 2357 1221 2383 κατ’
1238 2355 1321 2383 αὑτοῦ
1339 2355 1525 2391 βλασφημίαις
1539 2357 1758 2392 ταμιευσάμενος
1770 2358 1822 2392 τὴν
1836 2359 1883 2385 ἀν·

1084 2403 1209 2439 τίρρησιν
1222 2411 1226 2416 ·
1245 2402 1309 2438 περὶ
1324 2402 1352 2428 δὲ
1375 2402 1421 2429 τοῦ
1437 2402 1513 2435 ἁγίου
1532 2402 1703 2437 Πνεύματος,
1721 2403 1817 2439 ἐπειδὴ
1833 2414 1882 2438 φα-

1087 2450 1154 2484 νερᾷ
1174 2449 1220 2475 καὶ
1235 2447 1461 2484 ἀπαρακαλύπτῳ
1477 2448 1578 2484 χρῆται
1593 2450 1626 2484 τῇ
1651 2448 1824 2486 βλασφημίᾳ,
1840 2451 1882 2477 λέ-

1087 2504 1143 2528 γων
1166 2494 1332 2521 ἀσύντακτον
1357 2492 1427 2521 εἶναι
1451 2495 1538 2530 Πατρὶ
1557 2495 1605 2522 καὶ
1626 2495 1700 2530 Υἱῷ,
1717 2496 1883 2531 ἀμφοτέροις

1087 2541 1114 2567 δὲ
1134 2540 1365 2576 ὑποτεταγμένον,
1383 2539 1432 2575 ήδη
1457 2540 1572 2567 καθόσον
1588 2537 1644 2572 οἷός
1668 2550 1698 2568 τε
1715 2539 1749 2573 ὦ,
1762 2542 1882 2574 ἐξετάσω

1086 2587 1131 2615 τὸν
1146 2588 1235 2623 λόγον.

252 2628 349 2655 borum
364 2628 507 2655 involuero
518 2631 590 2654 tecta
603 2628 772 2663 blasphemia
787 2631 957 2665 aggreditur,
973 2632 1037 2660 dum
1052 2639 1115 2660 eum
1127 2628 1196 2656 diei!»
1208 2636 1262 2656 non
1277 2628 1399 2664 ejusdem
1410 2628 1516 2657 ordinis
1524 2637 1585 2656 cum
1594 2628 1676 2657 Patre
1686 2635 1714 2658 et
1730 2630 1802 2659 Filio
1810 2642 1874 2661 cen-

254 2676 308 2703 seri
324 2683 415 2710 posse,
432 2674 541 2709 utrique
556 2680 645 2702 autem
663 2676 827 2710 subjectum.
840 2678 926 2709 Quam
942 2679 1001 2713 ejus
1018 2681 1184 2716 impietatem
1201 2687 1251 2714 pro
1264 2678 1368 2705 virihns
1379 2685 1450 2704 nunc
1463 2679 1636 2706 annlillabo.

276 2741 343 2772 Quae
360 2741 445 2776 igitur
462 2740 643 2775 subjectionis
662 2741 798 2769 vocabulo
813 2743 891 2771 notio
905 2744 1032 2781 subjecta

244 2787 291 2819 sit,
304 2791 330 2813 et
347 2787 374 2814 in
390 2787 491 2822 quibus
509 2788 591 2815 rebus
608 2788 700 2815 divina
724 2788 866 2823 Scriptura
883 2791 908 2818 id
927 2800 1027 2820 nomen

248 2837 373 2867 usurpet,
388 2833 524 2868 principio
552 2834 692 2870 inquirere
720 2840 839 2871 oportet.
865 2837 931 2864 Cum
961 2837 1033 2867 Deus

251 2880 388 2907 hominem
405 2879 578 2914 honorasset.
593 2890 625 2910 co
637 2882 709 2918 quod
724 2883 814 2918 ipsum
836 2883 869 2911 ad
888 2884 1032 2920 imaginem

1121 2745 1154 2772 Τί
1168 2745 1256 2773 τοίνυν
1272 2745 1321 2780 τῆς
1340 2745 1480 2780 ὑποταγῆς
1493 2745 1551 2772 ἐστι
1566 2745 1596 2773 τὸ
1613 2748 1816 2783 σημαινόμενον
1834 2753 1880 2778 κει

1086 2793 1132 2818 ἐπὶ
1146 2792 1227 2818 τίνων
1243 2792 1259 2826 ἡ
1277 2791 1336 2817 θεία
1352 2791 1444 2826 Γραφὴ
1460 2792 1500 2826 τῷ
1516 2793 1629 2828 τοιούτῳ
1644 2794 1818 2829 προσχρῆται
1834 2798 1879 2833 ῥή-

1089 2846 1164 2874 ματι,
1184 2837 1292 2872 πρῶτον
1311 2838 1532 2872 κατανοήσωμεν.
1549 2838 1644 2872 Τιμῶν
1667 2839 1714 2866 τὸν
1736 2840 1878 2876 ἄνθρωπον

1087 2885 1125 2919 τῷ
1137 2883 1196 2910 κατ’
1206 2883 1296 2909 εἰκόνα
1311 2883 1472 2919 γεγενῆσθαι
1483 2883 1528 2912 τοῦ
1538 2884 1689 2919 κτίσαντος,
1706 2887 1797 2914 πᾶσαν
1809 2889 1878 2925 αὐτῷ
