1914 3079
51 137 109 165 500

641 142 781 172 CONTRA
797 143 980 174 EUNOMIUM
999 144 1062 173 LIB.
1081 145 1098 173 I.

1640 149 1692 178 3M

53 197 105 229 si":
125 194 222 228 ἄλογον
240 194 319 229 φύσιν
338 195 473 229 ὑπέταξεν
494 197 507 224 ὁ
528 197 624 230 κτίσας
638 199 713 232 Θεὸς,
732 200 843 233 καθὼς(

903 204 930 228 et
945 201 1154 229 similitudinem
1171 200 1215 228 sui
1233 201 1368 230 creatoris
1388 200 1526 232 eﬂecrsset
1535 204 1691 238 “,omnetn

54 240 147 274 μέγας
173 239 256 266 Δαὸὶδ
272 240 301 266 ὲν
326 239 422 275 ὕμνοις
444 241 493 277 τὴν
517 242 596 278 χάριν
620 243 721 280 ταύτην
747 245 851 277 διεξιὼν

52 286 248 321 ἁνευφὴμησε.
273 285 376 313 Πάντα
401 287 466 323 γὰρ,
484 289 575 324 φησὶν,
601 290 751 322 ὑπέταξεν
779 293 851 318 ὑπο-

52 332 138 359 κάτω
155 332 215 359 τῶν
231 333 333 361 ποδῶν
346 334 454 362 αὐτοῦ·
472 336 518 362 καὶ
533 337 576 362 ἐπ’
598 337 728 372 ὀνόματος
748 338 851 374 μέμνη-

51 386 98 404 ται
114 377 171 404 τῶν
187 378 425 416 ὑποτεταγμένων.
442 381 518 408 Ἐστι
530 382 610 409 πάλιν
623 383 763 418 ὑποταγῆς
777 383 852 418 παρὰ

52 424 86 458 τῇ
102 423 166 459 θείᾳ
185 424 280 460 Γραφῇ
294 425 341 451 καὶ
362 425 427 453 ἄλλο
445 426 477 453 τὸ
496 429 703 464 σημαινόμενον.
723 429 782 456 Τῶν
797 429 852 465 γὰρ

51 470 82 495 ὲν
98 470 159 500 τοῖς
175 469 303 505 πολέμοις
327 471 554 506 κατορθωθέντων
569 473 653 509 αὐτῷ,
673 473 712 510 τῷ
725 474 783 510 Θεῷ
796 475 851 501 τῶν

51 516 125 542 ὅλων
144 516 284 549 ἀνατιθεὶς
297 517 346 552 τὴν
361 517 461 550 αἰτίαν,
480 518 620 551 ’Υπέταξε
637 520 741 553 λαοὺς,
758 521 850 555 φησιν,

52 562 139 597 ἡμῖν,
158 563 207 590 καὶ
227 564 300 598 ἔθνη
317 564 376 592 ὑπὸ
392 565 463 598 τοὺς
475 565 570 599 πόδας
583 565 682 601 ὴμῶν-ο
699 567 746 594 καὶ
760 567 849 599 πάλιν,

58 609 86 634 ἰ)
104 609 293 637 ὐποτάσσων
314 610 408 644 λαοὺς
426 611 477 639 ὐπ’
497 611 558 646 ἐμέ.
574 612 628 638 Καὶ
645 612 774 644 πολλάκις
793 612 851 638 ἔστι

52 654 103 690 τὴν
120 654 215 691 φωνὴν
231 655 333 692 ταύτην
349 657 378 682 ὲν
394 658 454 688 ταῖς
465 656 552 688 Θείαις
569 657 659 693 εὑρεῖν
676 658 808 694 Γραφαῖς,
820 659 850 685 τὸ

53 701 127 727 κατὰ
143 701 199 728 τῶν
222 701 455 737 ἀντιτεταγμένων
476 703 576 738 κράτος
597 703 849 739 ἀποσημαίνουσαν.

52 747 90 773 To
106 746 165 782 γὰρ
184 747 231 773 τοῦ
253 747 413 774 ’Λποστόλου
430 748 476 775 ἐπὶ
492 748 542 783 τῆς
564 749 592 775 ὲν
610 749 715 786 ὑστέρῳ
736 758 849 786 γενησο-

52 794 140 830 μένης
153 793 295 829 ὑποταγῆς
308 794 415 820 πάντων
426 794 480 821 τῶν
497 794 648 830 ἀνθρώπων
662 795 729 830 πρὸς
739 796 784 822 τὸν
792 796 849 822 Μο-

50 841 164 876 νογενῆ,
182 842 229 867 καὶ
248 841 281 868 δι’
297 841 379 868 αὑτοῦ
396 841 464 877 πρὸς
475 841 520 869 τὸν
537 842 657 878 Πατέρα,
673 843 703 869 ὲν
718 840 758 874 οἷς
772 843 800 869 ὲν
811 842 849 878 τῷ

51 887 130 921 βάθει
157 888 207 923 τῆς
225 887 320 921 σοφίας
335 887 379 914 τὸν
401 888 514 923 μεσίτην
536 887 604 915 Θεοῦ
625 889 672 915 καὶ
697 888 848 924 ἀνθρώπων

50 933 134 959 αὑτὸν
160 932 361 959 ὑποτάσσεσθαι
385 933 425 968 τῷ
441 934 528 969 [lupi
554 933 628 967 λέγει
656 933 714 969 (τὴν
741 934 848 960 πάντων

50 978 208 1012 ἀνθρώπων
226 977 358 1012 ὑπακοὴν,
373 978 417 1004 διὰ
440 977 491 1012 τῆς
505 978 553 1004 τοῦ
570 977 633 1004 Υίοῦ
651 979 848 1013 μετεσχηκότος

49 1024 98 1059 τῆς
113 1023 329 1059 ἀνθρωπότητος
345 1024 414 1059 πρὸς
427 1024 471 1050 τὸν
483 1024 593 1059 Πατέρα
607 1024 745 1059 ὑποταγῆς
760 1025 848 1051 αἰνιτ-

50 1069 197 1104 σόμενος),
218 1069 255 1100 ὡς
276 1069 397 1101 πλείονος
415 1069 462 1096 καὶ
485 1070 702 1106 φιλοπονωτέρας
722 1071 848 1105 δεόμενον

48 1117 98 1151 τῆς
113 1116 286 1151 ἐξηγήσεως,
303 1116 370 1152 πρὸς
390 1115 420 1142 τὸ
441 1116 527 1150 παρὸν
551 1116 750 1152 ὑπερθήσομαι,
778 1116 847 1143 Ἀλλ’

50 1162 78 1188 ἐν
93 1164 152 1193 τοῖς
168 1161 322 1198 προδήλοις,
341 1162 369 1188 ὲν
384 1158 422 1194 οἷς
435 1161 561 1196 οὐδεμίαν
580 1162 744 1197 ἀμφιϐολίαν
758 1161 789 1189 τὸ
799 1163 848 1199 τῆς

49 1208 196 1243 ὑποταγῆς
215 1208 412 1242 σημαινόμενον
439 1206 512 1242 ἔχει,
534 1207 604 1234 κατὰ
618 1208 679 1235 τίνα
702 1208 763 1234 νοῦν
781 1207 848 1235 ὑπο-

49 1254 185 1289 τετάχθαι
208 1254 258 1290 τὴν
280 1253 326 1280 τοῦ
353 1253 511 1288 Ιινεύματος
531 1253 626 1280 οὐσίαν
649 1255 682 1289 τῇ
709 1254 756 1280 τοῦ
781 1254 847 1281 Υἱοῦ

50 1301 94 1326 καὶ
110 1300 162 1326 τοῦ
192 1300 299 1335 Πατρος
322 1300 522 1333 ἁποφαίνεταις
547 1300 590 1331 Ὠς
615 1299 679 1332 Υἱὸς
700 1300 739 1335 τῷ
760 1300 848 1336 Πατρὶ

50 1347 248 1374 ὑποτάσσεται.
264 1345 354 1377 καθὼς
367 1347 422 1372 νοεῖ
434 1346 448 1371 ὁ
472 1346 642 1378 Ἀπόστολοςι
656 1346 761 1372 Οὐκοῦν
776 1346 846 1373 κατὰ

50 1392 129 1419 τοῦτο
151 1391 332 1418 συντάσσεται
346 1391 383 1426 τῷ
400 1391 456 1426 Υἰῷ
472 1391 501 1418 τὸ
521 1391 644 1430 Πνεῦμα,
659 1392 708 1427 οὐχ
729 1392 847 1419 ὑποτάσ-

50 1448 138 1470 σεται,
163 1438 245 1473 εἰπερ
269 1437 302 1464 τὰ
321 1436 367 1464 δύο
387 1438 520 1472 πρόσωπα
546 1436 599 1463 τῶν
623 1437 846 1473 ὑποταττομένων

52 1485 135 1511 ἐστίν.
155 1483 197 1510 Ἦ
216 1484 265 1518 οὐχ
283 1483 354 1510 οὕτω
370 1483 438 1518 (πῶς
452 1481 498 1509 οὖν
515 1482 614 1518 ἑτέρως
624 1481 644 1515 ς)
654 1483 691 1515 ὠς
704 1484 736 1518 τῇ
750 1483 844 1519 λογικῇ

51 1532 130 1565 φύσει
156 1532 209 1566 τὴν
223 1530 319 1564 ἄλογον
333 1531 361 1556 ὲν
376 1529 414 1565 τῷ
431 1529 531 1578 ψαλμῷ
547 1529 760 1578 μεμαθήκαμενς
776 1531 846 1557 Οὺκ-
860 1549 881 1578 c

50 1577 96 1604 οὖν
111 1576 245 1604 τοσοῦτον
263 1574 464 1609 παρήλλακται,
482 1574 543 1601 ὅσον
557 1575 573 1609 ἡ
585 1574 638 1601 τῶν
659 1574 764 1610 κτηνῶν
779 1576 846 1612 πρὸς

49 1621 94 1649 τὸν
109 1620 268 1657 ἄνθρωπον.
294 1620 373 1647 Ἀλλὰ
395 1619 595 1655 περιγράφεται
610 1619 657 1646 καὶ
669 1619 762 1647 τοῦτον
781 1621 847 1653 ῐσως

50 1669 93 1695 τὸν
103 1668 187 1701 λόγον
200 1676 208 1699 ;
223 1667 326 1693 Οὐκοῦν
338 1666 384 1693 ἐπὶ
398 1666 444 1693 τὸν
457 1665 615 1701 λειπόμενον
625 1666 695 1701 ἥξει·
712 1667 753 1693 ὃτι
773 1668 846 1694 ἀντι-

50 1714 210 1748 τεταγμένη
238 1713 285 1739 καὶ
314 1711 527 1746 ἀπιστρατοῦσα
549 1711 579 1737 τὸ
600 1712 743 1747 πρότερον,
777 1712 846 1747 μετὰ

51 1759 138 1787 ταῦτα
164 1758 213 1785 διὰ
241 1758 416 1793 βεϐαιοτέρας
439 1757 562 1791 ἀνάγκης
588 1756 754 1784 ὑποκύπτειν
779 1767 845 1785 κατ-

49 1805 215 1841 ηναγκάσθη
235 1804 271 1839 τῷ
285 1803 488 1838 κατισχύσαντι.

903 247 1021 276 rationis
1034 251 1172 283 expertem
1199 251 1354 276 creaturam
1371 248 1490 284 subjecit
1509 250 1549 278 illi
1565 251 1693 280 conditor

903 293 985 321 Dens.
1019 292 1253 326 Quemadmodum
1294 301 1411 330 magnus
1439 295 1521 323 etiam
1545 295 1632 324 David
1662 297 1714 326 in'

902 338 1020 367 Psalmis
1046 339 1118 366 hanc
1151 338 1267 374 gratiam
1290 338 1338 366 Dei
1367 347 1500 369 enarrans
1523 340 1691 376 decantavit,

904 384 1013 418 Omnia,
1040 384 1178 420 inquiens,
1206 384 1316 419 subjecit
1329 384 1376 412 sub
1401 386 1509 420 pedibus
1535 387 1636 423 ejus".
1663 392 1692 418 et

902 430 1031 466 deinceps
1044 430 1209 458 nominatim
1227 431 1387 466 exsequitur
1405 432 1463 465 illa,
1489 441 1551 468 quae
1564 434 1590 462 ei
1621 439 1690 463 sunt

903 476 1036 511 subjecta.
1051 475 1186 504 Praeterea
1206 476 1279 504 aliud
1293 476 1472 512 subjectionis
1485 478 1512 506 in
1533 479 1621 508 sacris
1631 479 1685 508 Lit-

903 522 971 549 teris
986 521 1123 556 reperitur
1136 522 1341 558 signiﬁcatum;
1361 530 1454 551 rerum
1474 525 1548 552 enim
1566 525 1594 553 in
1615 525 1690 554 bello

903 565 1024 593 feliciter
1048 565 1082 593 ab
1102 565 1162 601 ipso
1177 570 1316 602 gestarum
1340 575 1452 596 causam
1475 568 1533 597 Deo
1546 571 1690 600 universo-

901 618 962 638 rum
986 611 1128 639 ascribens
1156 611 1187 639 Β.
1213 611 1295 640 David
1315 611 1453 648 :Subjecit
1468 615 1577 649 populos
1602 617 1688 649 nobis.

901 657 989 692 inquit
1011 658 1045 690 ",
1065 662 1091 685 et
1114 663 1202 693 gentes
1223 658 1270 685 sub
1298 657 1407 692 pedibus
1435 661 1553 693 nostris;
1577 662 1688 690 iterum-

899 711 953 738 que
971 715 976 731 :
994 703 1046 736 Qui
1057 704 1163 738 subjicit
1176 704 1284 739 populos
1295 704 1371 731 mihi.
1391 703 1551 742 Stepiusque
1566 706 1689 735 invenire

900 753 941 776 est
954 757 1046 777 vocem
1058 749 1129 777 hanc
1142 750 1169 777 in
1186 757 1265 778 sacra
1283 750 1429 786 Scriptura
1442 758 1474 778 ea
1497 751 1618 783 notione,
1631 757 1686 785 qua

901 795 1039 830 signiﬁcat
1064 795 1279 823 dominationem
1306 796 1333 823 in
1360 796 1538 826 adversarios
1560 803 1688 834 partam:

900 848 963 867 nam
979 840 1046 868 illud
1061 840 1185 875 Apostoli
1198 841 1232 868 de
1246 841 1338 869 futura
1353 848 1405 870 sub
1421 843 1500 871 tinem
1513 838 1608 872 mundi
1623 845 1689 873 sub-

864 880 1017 921 Bjectione
1041 887 1164 914 omnium
1183 887 1334 921 hominum,
1362 895 1416 924 qua
1441 889 1590 925 Unigenito
1605 891 1688 926 subji-

899 933 1016 964 cientur,
1040 936 1067 960 et
1081 940 1129 968 per
1146 933 1236 968 ipsum
1254 933 1340 965 Patri,
1366 942 1430 961 cum
1446 942 1500 962 non
1523 935 1627 971 absque
1643 943 1686 963 re-

898 977 1007 1005 condita
1024 978 1156 1013 sapientia
1173 978 1239 1005 dicit
1257 988 1263 1005 :
1291 978 1380 1014 ipsum
1399 980 1482 1007 etiam
1508 981 1687 1009 mediatorem

899 1023 947 1051 Dei
967 1029 993 1051 et
1007 1024 1149 1051 hominum
1164 1023 1236 1051 Patri
1262 1024 1415 1059 subjectum
1439 1026 1471 1052 iri
1481 1026 1513 1058 ’⁷,
1533 1027 1676 1055 insinuans

897 1068 1024 1096 videlicet
1040 1068 1164 1096 omnium
1179 1068 1321 1096 hominum
1339 1077 1403 1104 erga
1423 1069 1530 1098 Patrem
1554 1071 1685 1099 obedien-

899 1114 964 1141 tiam
983 1122 1030 1149 per
1045 1113 1144 1141 Filium
1175 1114 1355 1142 humanitatis
1377 1119 1479 1143 nostra:
1499 1117 1660 1152 participem
1678 1125 1685 1144 :

898 1161 924 1187 in
944 1161 1085 1195 praesentia
1104 1161 1364 1196 praetermittendum
1380 1170 1493 1195 censeo.
1507 1164 1688 1199 quippequod

898 1207 1020 1242 longiore
1035 1212 1061 1234 ct
1077 1208 1247 1234 accuratiore
1258 1207 1440 1236 dcclaratione
1449 1213 1535 1244 egeat.
1547 1209 1606 1237 Non
1621 1210 1686 1238 dis-

897 1253 991 1278 cedam
1010 1260 1024 1278 a
1050 1252 1221 1287 perspicuis,
1237 1253 1325 1288 iisque
1344 1253 1371 1280 in
1387 1253 1490 1288 quibus
1507 1254 1581 1281 nulla
1597 1254 1685 1282 ambi-

897 1298 988 1332 guitas
999 1297 1032 1325 de
1049 1298 1207 1333 signiﬁcatu
1223 1298 1407 1333 subjectionis
1424 1299 1538 1328 residet.
1559 1300 1620 1334 Quo
1633 1300 1684 1336 igi-

899 1347 943 1369 tur
958 1351 1041 1370 sensu
1058 1343 1150 1376 docet,
1174 1343 1296 1378 Spiritus
1323 1344 1518 1379 substantiam,
1544 1345 1633 1374 Patris
1659 1353 1687 1376 et

898 1389 959 1415 Filii
991 1389 1151 1416 substantiae
1169 1389 1320 1425 subjectam
1348 1392 1428 1420 esse?
1451 1391 1521 1419 Num
1548 1397 1577 1419 ut
1601 1391 1686 1420 Filius

899 1435 974 1462 Patri
992 1435 1149 1469 subjicitur,
1160 1436 1298 1470 quomodo
1316 1437 1496 1472 snbjectionis
1519 1439 1683 1466 vocabulum

898 1485 1013 1517 usurpat
1035 1481 1200 1520 Apostolus?
1231 1481 1361 1518 Sequitur
1397 1491 1484 1520 ergo.
1514 1485 1604 1519 quoad
1633 1486 1686 1515 hoc

899 1527 1032 1563 Spiritum
1076 1533 1201 1557 sanctum
1251 1528 1320 1557 Filio
1368 1538 1424 1557 non
1476 1531 1586 1567 subjici,
1631 1533 1680 1561 sed

898 1574 1020 1609 ejusdem
1036 1575 1128 1610 potius
1154 1583 1216 1602 cum
1246 1576 1293 1603 illo
1316 1575 1421 1605 ordinis
1447 1584 1519 1610 esse,
1548 1577 1685 1613 siquidem

899 1621 959 1648 dua:
972 1628 1096 1655 persona;
1110 1625 1185 1654 sunt,
1201 1629 1261 1656 qua:
1274 1621 1468 1656 subjiciuntur.
1494 1623 1536 1650 An
1556 1631 1613 1651 non
1627 1624 1679 1652 hoc

898 1667 1071 1700 sensu?Quo
1093 1667 1175 1702 igitur
1192 1667 1260 1695 alio?
1286 1667 1356 1695 Num
1370 1672 1400 1696 ut
1421 1669 1548 1696 rationali
1575 1675 1682 1698 natura

899 1713 1015 1740 rationis
1036 1718 1176 1747 expertem
1203 1713 1304 1747 subjici
1327 1721 1359 1740 ex
1388 1713 1493 1748 psalmo
1519 1714 1686 1743 didicimus?

899 1758 983 1794 Igitur
999 1762 1104 1785 tantum
1122 1758 1222 1790 diliert,
1245 1762 1378 1793 qttantum
1394 1759 1532 1794 subjectio
1543 1759 1685 1788 brutorum

901 1807 1026 1838 respectu
1037 1802 1167 1830 hominis.
1185 1802 1237 1829 Sed
1255 1802 1326 1830 forte
1339 1802 1410 1842 hanc
1425 1811 1534 1838 quoque
1547 1805 1684 1833 notionem

51 1852 165 1879 abnuet?
181 1849 224 1877 Ad
239 1850 372 1885 reliquam
400 1857 465 1884 ergo
480 1850 571 1877 veniat
585 1853 704 1885 oportet.
733 1854 762 1877 ut
783 1850 889 1878 scilicet
901 1850 938 1877 ita
955 1849 1055 1884 subjici
1089 1849 1174 1880 dicat,
1210 1856 1266 1884 quo
1299 1852 1380 1884 pacto
1415 1850 1453 1882 is,
1478 1851 1525 1885 qui
1551 1852 1683 1884 repugnat

50 1905 75 1926 ct
90 1900 256 1929 reluctatur,
274 1897 372 1931 subjici
390 1898 459 1924 solet
480 1903 555 1929 tunc,
573 1905 636 1924 cum
653 1905 667 1924 a
687 1898 842 1932 potentiore
859 1902 972 1925 coactus
988 1904 1049 1925 sese
1067 1896 1215 1928 submittit,
1244 1896 1389 1932 victusque
1403 1905 1501 1926 manus
1518 1898 1631 1933 prabet.

91 1944 282 1977 Ἐπιλεξάσοω
298 1944 351 1970 τῶν
369 1943 520 1979 εἰρημένων
537 1943 551 1969 ὃ
567 1942 707 1978 βούλεται·
726 1943 782 1970 ἀλλ’
795 1943 846 1970 οὐκ

50 1990 107 2018 οἶδα
116 1992 144 2018 τί
155 1991 261 2018 τούτων
278 1991 414 2025 ἐλόμενος,
429 1990 476 2025 τὴν
490 1990 608 2024 ἄφυκτον
621 1989 783 2025 κατάκρισιν
795 1989 845 2024 τῆς

52 2035 228 2071 βλασφημίας
251 2035 426 2069 ἐκφεύξεται·
453 2034 508 2061 εἴτε
536 2034 564 2061 ἐν
587 2034 637 2070 ἴσῳ
660 2035 715 2066 τοῖς
737 2034 845 2068 ἀλόγοις

51 2081 237 2117 ὑποτετάχοαι
250 2081 321 2114 λέγει
339 2081 368 2107 τὸ
384 2079 505 2115 Πνεῦμα,
523 2080 561 2111 ὡς
576 2079 615 2115 τῷ
634 2080 769 2116 ἀνθρώπῳ
781 2081 845 2112 τοὺς

52 2127 157 2162 ἰχθύας,
173 2127 222 2153 καὶ
238 2125 272 2152 τὰ
289 2125 408 2156 πετεινὰ,
427 2125 474 2151 καὶ
498 2125 531 2151 τὰ
549 2124 671 2159 πρόϐατα
683 2133 690 2141 ·
709 2124 762 2151 εἴτε
782 2124 844 2151 καθ’

50 2172 199 2207 ὁμοιότητα
213 2171 268 2197 τῶν
285 2170 448 2204 ἀφεστώτων
462 2170 556 2205 ὥσπερ
571 2169 741 2205 αἰχμάλωτον
760 2178 844 2205 προσ-

933 1943 1021 1977 Eligat
1047 1950 1080 1968 cx
1107 1942 1204 1974 dictis,
1229 1941 1362 1977 quidquid
1382 1943 1518 1974 voluerit.
1542 1952 1596 1970 non
1617 1945 1687 1972 satis

897 1989 1024 2024 dispicio,
1045 1995 1167 2022 quonam
1186 1993 1282 2014 eorum
1296 1988 1396 2018 electo,
1415 1988 1600 2016 inevitabilem
1618 1997 1685 2024 pro-

898 2036 960 2064 latae
982 2034 1158 2070 blasphemis:
1190 2040 1294 2067 .causa
1325 2033 1533 2062 damnationem
1566 2034 1685 2071 eli'ugere

892 2083 984 2113 queat,
1003 2078 1060 2107 sive
1078 2079 1151 2107 dicat
1166 2078 1299 2114 Spiritum
1315 2079 1415 2114 subjici
1432 2080 1465 2107 ad
1483 2081 1605 2113 modum,
1629 2089 1684 2117 quo

898 2125 1086 2160 subjiciuntur
1101 2125 1181 2152 bruta
1198 2125 1349 2152 animantia
1366 2125 1482 2158 homini,
1497 2126 1588 2161 pisces
1603 2127 1686 2155 nimi-
1723 2124 1726 2127 ’

897 2179 970 2204 rum,
986 2174 1114 2198 volucres
1127 2175 1155 2198 et
1167 2178 1244 2202 oves,
1260 2171 1317 2198 sive
1329 2171 1364 2198 ad
1380 2172 1489 2198 modum
1502 2179 1610 2206 eorum,
1635 2180 1685 2208 qut

50 2218 110 2251 ἀγοι
125 2217 165 2252 τῷ
183 2215 387 2242 πλεονεκτοῦντι
404 2214 474 2242 κατὰ
487 2215 535 2250 τὴν
547 2215 670 2250 δύναμιν.
687 2215 722 2241 Ἢ
741 2215 843 2242 τούτων

898 2218 933 2245 ab
947 2217 1064 2252 imperio
1074 2216 1245 2249 deiecerunt,
1259 2224 1334 2250 eum,
1350 2217 1425 2244 velut
1439 2218 1588 2253 captivum.
1601 2219 1686 2246 addn~

52 2263 97 2291 μὲν
114 2262 204 2292 οὐδὲν,
223 2261 290 2296 φησὶ
305 2261 333 2287 δὲ
351 2260 389 2296 μὴ
401 2260 473 2287 κατὰ
489 2260 538 2295 τὴν
554 2261 603 2296 τῆς
617 2261 728 2296 Γραφῆς
739 2260 843 2288 ἔννοιαν

898 2262 967 2290 xerit
988 2263 1021 2290 ad
1035 2263 1096 2297 ejus
1113 2263 1214 2291 solium
1225 2282 1232 2294 ,
1249 2264 1295 2297 qui
1312 2263 1417 2291 viribus
1432 2268 1460 2291 et
1476 2264 1561 2292 armis
1582 2272 1686 2300 praeva-

49 2310 86 2345 τῷ
109 2311 162 2345 τῆς
190 2309 332 2343 ὑποταγῆς
356 2309 459 2344 ῥήματι
485 2308 657 2343 χρήσασθαι,
685 2309 753 2337 ἀλλὰ
784 2309 844 2336 καθ’

50 2356 140 2392 ἕτερον
180 2355 379 2390 σημαινόμενον
405 2354 585 2389 ὑποτετάχθαι
609 2354 640 2381 τὸ
664 2354 777 2390 Πνεῦμα
807 2356 846 2391 τῷ

51 2402 137 2437 liath
153 2401 204 2428 καὶ
225 2401 265 2436 τῷ
282 2400 338 2436 Υἱῷ
358 2400 456 2434 λέγειν.
476 2400 508 2426 Τί
524 2398 570 2427 οὖν
587 2401 646 2427 ἐστι
659 2400 753 2432 τοῦτο;
773 2398 846 2435 Ἀρα

49 2449 88 2473 in
103 2447 198 2484 τρίτον
211 2446 283 2473 κατὰ
302 2446 351 2481 τὴν
367 2445 444 2478 τάξιν
461 2445 494 2480 ἣν
510 2445 584 2481 παρὰ
600 2445 647 2473 τοῦ
662 2446 766 2481 Κυρίου
789 2447 846 2478 τοῖς

52 2493 186 2528 μαθηταῖς
199 2491 345 2526 παρεδόθη,
360 2491 403 2518 διὰ
419 2491 497 2518 τοῦτο
514 2492 676 2519 ὑποτάσσειν
692 2491 841 2527 νομοθετεῖ,

51 2539 95 2565 καὶ
110 2539 141 2565 οὐ
161 2538 337 2569 sitv-tamam;
354 2537 451 2564 οὐκοῦν
466 2537 512 2564 καὶ
536 2537 580 2563 τὸν
595 2537 704 2572 Πατέρα
726 2537 764 2571 τῷ
783 2537 841 2564 Μο-

51 2585 154 2617 wrast
179 2583 251 2610 κατὰ
275 2584 319 2610 τὸν
334 2583 414 2610 αὑτὸν
433 2583 511 2617 λόγον
529 2583 721 2610 ὑποτασσέτω·
748 2582 843 2618 ἐπειδὴ

51 2628 187 2663 πολλαχοῦ
209 2627 364 2662 προτάξασα
386 2627 433 2654 τοῦ
457 2628 560 2663 Κυρίου
585 2627 615 2654 τὸ
638 2628 724 2663 ὄνομα
744 2628 760 2663 ὴ
784 2626 844 2654 θεία

52 2673 157 2709 [pa-pi},
174 2674 204 2699 ὲν
220 2673 354 2709 δευτέροις
370 2673 417 2700 τοῦ
434 2674 480 2700 ἐπὶ
493 2674 600 2700 πάντων
621 2674 688 2700 Θεοῦ
707 2673 755 2709 τὴν
776 2675 843 2709 μνή-

53 2727 105 2753 μην
116 2719 275 2754 πεποίηται.
296 2720 369 2754 Ἐγὼ
383 2719 431 2746 καὶ
446 2721 462 2746 ὀ
472 2720 583 2754 Πατὴρ,
599 2721 680 2756 φησὶν
695 2721 709 2746 6
723 2719 823 2755 Κύριος
833 2728 841 2736 ο

52 2765 79 2792 τὸ
97 2765 157 2792 ιαϐ*
173 2765 268 2791 ἑαυτὸν
279 2766 448 2800 προτάσεων.
463 2765 563 2798 Καὶ,”Η
571 2765 656 2800 χάρις
667 2765 720 2792 τοῦ
731 2760 842 2799 Κιφίου

103 2846 126 2862 “
143 2844 213 2872 Gen.
229 2853 247 2877 ι,
264 2844 308 2873 25.

895 2308 955 2335 lens
966 2307 1110 2335 victoriam
1125 2307 1247 2335 obtinuit
1261 2329 1267 2335 .
1281 2308 1317 2335 At
1330 2308 1398 2336 nihil
1414 2309 1512 2336 horum
1529 2310 1684 2344 allirmabit,

894 2354 946 2381 sed
961 2353 1136 2389 respondebit
1164 2354 1256 2388 potius
1275 2361 1304 2381 se
1333 2353 1515 2389 subjectiouis
1538 2356 1687 2384 vocabulo.

894 2407 950 2427 non
968 2407 1001 2426 ex
1020 2399 1171 2434 Scriptura:
1191 2401 1353 2434 praescripto
1375 2405 1403 2428 et
1427 2401 1582 2436 signiﬁcato
1604 2409 1688 2431 usutu

893 2453 970 2479 esse;
988 2445 1036 2473 sed
1056 2445 1108 2472 alia
1126 2445 1245 2480 quadatn
1266 2446 1379 2474 notione
1400 2446 1534 2482 Spiritum
1558 2453 1684 2476 sanctum
1713 2455 1717 2458 '

893 2491 1046 2525 subjectum
1069 2498 1131 2518 esse
1149 2490 1224 2518 Patri
1244 2495 1270 2519 et
1285 2491 1365 2519 Filio.
1381 2492 1447 2525 Qum
1470 2493 1553 2528 igitur
1569 2494 1626 2521 haec
1643 2497 1685 2521 est

892 2536 987 2564 notio?
1001 2535 1040 2562 An
1059 2535 1123 2571 quia
1136 2536 1219 2563 tertio
1229 2537 1290 2564 loco
1307 2536 1334 2564 in
1348 2538 1444 2565 ordine
1453 2538 1609 2570 verborum,
1625 2545 1686 2573 quae

893 2582 1022 2616 discipuli
1046 2589 1060 2609 a
1077 2581 1196 2609 Domino
1213 2587 1383 2618 acceperunt
1403 2584 1436 2615 ",
1458 2584 1611 2610 collocatus
1630 2587 1686 2615 est,

893 2629 929 2656 ob
947 2628 974 2655 id
990 2627 1069 2655 docet
1087 2635 1150 2655 eum
1171 2628 1283 2663 subjici.
1299 2633 1327 2656 ct
1342 2637 1396 2656 non
1412 2628 1534 2664 ejusdem
1550 2635 1613 2655 cum
1629 2627 1685 2655 illis

895 2681 957 2700 esse
972 2673 1098 2700 ordinis?
1116 2673 1216 2700 Eadem
1240 2675 1349 2701 ratione
1366 2675 1475 2701 Patrem
1493 2681 1604 2709 quoque
1620 2674 1681 2701 uni-

894 2720 986 2755 genito
1002 2719 1070 2747 Filio
1090 2720 1230 2754 subjiciat,
1252 2728 1313 2748 cum
1328 2719 1471 2754 Scriptura
1489 2727 1560 2754 saepe
1573 2719 1681 2748 Domini

896 2767 1006 2794 nomine
1020 2767 1095 2802 prius
1111 2766 1210 2801 posito,
1231 2765 1352 2794 secundo
1372 2765 1481 2792 demum
1493 2765 1552 2793 loco
1563 2765 1621 2801 Dei,
1635 2767 1681 2803 qui

356 2846 378 2863 "
390 2845 461 2874 Psal.
479 2853 536 2879 vni,
553 2846 578 2873 8.
619 2846 638 2861 "
653 2845 725 2874 Psal.
743 2853 814 2877 λιιι,
832 2845 843 2873 l

901 2855 926 2881 τι.
949 2846 970 2861 "
992 2847 999 2872 l
1017 2846 1079 2873 Cor.
1115 2853 1159 2877 xv,
1180 2843 1225 2872 21,
1266 2843 1287 2859 ¹⁸
1305 2843 1398 2872 Matth.
1420 2851 1516 2875 xxvrn,
1531 2844 1573 2872 ω.
