1914 3079
227 138 230 139 ⁷
255 127 303 157 '5“

853 124 883 152 S.
897 123 1062 152 GREGORI!
1078 123 1222 154 NYSSENI

1822 120 1874 148 5ἱὲ

253 189 296 214 est
311 192 392 219 super
406 183 497 212 omnia
509 202 516 214 .
532 189 696 210 mentionem
716 181 808 210 faciat.
833 182 887 218 Ego
903 187 927 210 et
947 183 1026 210 Pater

1089 182 1173 218 ἡμῶν
1195 181 1294 217 Ἰησοῦ
1316 181 1445 217 Χριστοῦ
1471 182 1519 208 καὶ
1545 181 1567 215 ἡ
1583 180 1684 215 ἀγάπη
1712 180 1764 207 τοῦ
1783 180 1867 207 θεοῦ·

253 232 342 266 inquit
365 229 495 257 Dominus
506 230 539 262 ’9,
559 229 704 264 praeposito
722 229 816 264 utique
840 237 890 263 suo
915 229 1036 257 nomine.

209 305 215 313 _
253 276 287 303 Et
305 284 311 301 :
330 275 424 302 Gratia
437 274 544 302 Domini
559 275 644 302 nostri
670 275 737 301 Jesu
753 274 864 308 Christi,
880 280 905 302 et
920 274 1037 302 Charitas

253 320 351 347 Dei":
368 323 394 346 et
409 319 513 347 inﬁnita
528 319 592 346 talia
603 323 749 347 occurrent
770 319 919 354 Scriptura:
933 320 1038 348 studio-

251 366 302 398 sis,
316 365 361 400 qui
375 366 438 393 talia
449 365 607 393 testimonia
620 365 749 399 colligere
764 365 863 392 volent.
876 365 1037 400 Cujusmodi

251 415 292 438 est
309 415 336 438 et
356 411 422 437 illud
441 421 447 437 :
466 411 611 438 Diuisione:
626 411 773 446 gratiarum
791 415 870 443 sunt,
888 411 957 438 idem
977 420 1036 439 vero

250 454 561 490 Spiritus;ctdivisiones
580 456 787 484 ministeriorum
798 462 859 484 sunt
870 477 877 490 ,
892 457 960 484 idem
977 466 1036 485 vero

250 501 408 534 Dommus;
433 507 458 530 et
483 502 624 530 divisimus
653 504 833 537 operationum
858 509 936 538 sunt,
966 504 1035 532 idem

249 555 309 574 vero
326 547 394 575 Deus
407 547 439 575 ".
453 546 546 582 itaque
561 547 712 575 secundum
725 548 805 575 istam
823 549 955 577 rationem
971 549 1036 578 sub.

247 592 336 627 jectus
350 597 392 620 est
407 592 477 620 Filio
492 597 519 620 et
536 593 650 628 Spiritui
666 598 763 620 sancto
777 594 836 629 ipse
846 602 929 629 super
942 595 1034 622 omnia

249 637 331 670 Deus,
350 639 429 666 tertio
443 638 502 665 loco
515 646 530 666 a
546 639 630 666 Paulo
647 640 812 668 recensitos.
831 640 883 668 Sed
901 641 1034 669 hactenus

248 683 385 717 ejusmodi
403 684 605 720 philosophiam
621 693 761 720 nunquam
784 686 940 714 audivimus
951 707 958 718 ,
974 694 1035 722 quae

249 730 399 757 secundum
415 734 442 758 et
456 731 576 765 tertium,
591 739 624 759 ex
634 731 833 760 consecutione
848 733 967 768 quadam
986 741 1034 768 po-

249 776 330 802 situm
341 779 367 803 ct
381 777 587 811 pronuntiatum
603 777 733 812 conjiciat
746 778 774 805 in
792 778 915 806 ordinem
927 786 1032 813 eorum,

249 828 310 855 qua:
330 821 408 848 alteri
427 826 491 850 sunt
508 822 633 858 subjecta
649 826 676 851 et
693 823 821 857 obnoxia,
836 828 863 852 et
876 828 966 853 tamen
982 825 1034 854 iste

248 867 484 904 enumerationem
497 875 690 903 personarum,
705 876 739 897 ex
758 869 831 897 serie
849 873 877 898 et
897 877 1032 898 consecu-

248 912 323 940 tione
337 912 468 947 quadam,
488 915 632 942 contendit
645 922 707 942 esse
721 919 883 943 naturarum
901 917 1031 951 majorem

247 960 274 983 et
292 957 423 985 minorem
438 959 638 993 praestantiam.
658 959 770 987 Ordinis
785 960 858 988 enim
873 961 971 988 seriem
988 961 1034 988 do-

247 1005 290 1028 cet
303 1008 365 1029 csse
376 1005 567 1036 argumentum
579 1002 746 1032 diversitatis
755 1009 926 1038 naturarum,
939 1007 1032 1034 nescio

247 1053 262 1072 a
288 1054 343 1081 quo
364 1047 392 1074 in
419 1047 477 1074 hzec
500 1047 592 1074 inania
614 1049 744 1083 ﬁgmenta
767 1049 911 1084 inductus,
930 1054 957 1079 et
978 1060 1032 1087 qua

246 1091 328 1118 etiam
351 1093 700 1129 necessitatecompulsus
725 1095 752 1122 in
775 1095 846 1123 hanc
868 1097 1031 1125 sententiam

246 1137 434 1173 descenderit;
452 1147 517 1168 nam
535 1140 605 1168 ordo
625 1142 734 1169 numeri
747 1149 801 1170 non
817 1142 898 1171 edicit
919 1147 1032 1172 natura-

246 1190 308 1210 rum
321 1183 521 1213 diversitatem.
537 1185 591 1214 Sed
602 1194 648 1214 res
665 1191 815 1215 numeratae
832 1196 908 1216 suam
921 1190 1031 1225 quidem

247 1232 375 1258 naturam
401 1229 565 1259 invariatam
596 1231 739 1266 retinent,
760 1233 818 1262 sive
841 1241 1029 1270 numerentur,

245 1274 303 1303 sive
316 1282 383 1302 non.
396 1274 533 1304 Numerus
554 1280 645 1305 autem
664 1278 773 1313 signum
790 1283 847 1312 est,
865 1287 919 1315 quo
938 1289 1030 1310 rerum

244 1320 384 1354 quantitas
400 1320 550 1349 innotescit
563 1331 570 1355 ;
588 1330 679 1357 neque
697 1331 740 1355 ea,
755 1331 816 1360 quae
831 1325 968 1354 inferioris
983 1335 1031 1355 na-

244 1369 313 1392 turae
325 1370 398 1399 sunt,
415 1366 442 1393 in
458 1367 607 1395 secundam
623 1369 702 1404 quasi
717 1370 834 1398 classem
846 1373 970 1407 reponit;
981 1373 1030 1401 sed

243 1409 361 1436 arbitrio
375 1417 482 1444 eorum,
501 1411 548 1445 qui
565 1418 721 1447 numerant,
737 1422 782 1442 res
794 1423 910 1443 numero
924 1417 1029 1452 signiti-

244 1459 332 1487 catas,
348 1455 494 1483 immutata
507 1458 624 1493 quadam
640 1460 711 1487 serie
730 1460 853 1496 disponit
869 1467 896 1489 et
910 1463 1028 1491 ordinat.

1089 229 1137 255 καὶ
1156 229 1238 265 μυρία
1253 228 1364 256 τοιαῦτα
1387 229 1442 260 τοῖς
1465 227 1618 262 φιλοπόνοις
1640 225 1807 261 ἀναζητοῦσι
1829 227 1876 258 τὰς

1088 275 1121 300 ὲκ
1138 274 1192 301 τῶν
1214 273 1330 310 Γραφῶν
1353 273 1503 310 μαρτυρίας
1529 272 1661 308 πάρεστιν
1685 272 1876 304 ἀναλέξασθαι,

1088 312 1146 346 οἷον
1161 320 1247 347 ἐκεῖνό
1267 321 1340 346 ἔστιν
1351 328 1357 335 ·
1373 314 1535 353 Διαιρέσεις
1551 317 1585 344 δὲ
1600 317 1796 352 χαρισμάτων
1807 317 1876 348 εἰσί,

1087 364 1120 390 τὸ
1139 363 1174 390 δὲ
1189 364 1260 390 αὐτὸ
1275 364 1405 398 Πνεῦμα·
1421 362 1470 389 καὶ
1485 362 1645 396 διαιρέσεις
1657 361 1822 388 διακογιίῖνν
1837 363 1876 388 ει-

1089 417 1158 443 σιν,
1174 411 1190 436 ὁ
1206 409 1239 435 δὲ
1255 409 1346 442 αὐτὸς
1365 410 1488 443 Κύριος·
1513 408 1560 436 καὶ
1580 408 1742 442 διαιρέσεις
1756 408 1878 442 ἐνεργη-

1085 454 1187 489 μάτων
1206 454 1292 487 εισίν,
1307 455 1323 481 ὁ
1337 454 1372 480 δὲ
1384 453 1476 487 αὐτὸς
1495 453 1566 487 Θεός
1576 461 1583 468 ·
1599 453 1668 480 ὥστε
1683 453 1754 479 κατά
1769 453 1818 479 τὸν
1837 453 1878 478 λό-

1087 507 1134 534 γον
1153 499 1246 526 τοῦτον
1264 499 1438 535 ὑποτετάχθω
1450 499 1488 535 τῷ
1506 499 1572 534 Υίῷ,
1590 499 1638 526 καὶ
1654 499 1692 534 τῷ
1707 499 1852 533 Πνεύματι
1864 500 1877 526 ὁ

1088 545 1135 571 ἐπὶ
1152 545 1259 572 πάντων
1276 545 1351 578 Θεὸς,
1369 546 1397 572 ὲν
1413 545 1491 582 τρίτῃ
1508 545 1582 577 τάξει
1604 545 1679 580 παρὰ
1701 544 1748 571 τοῦ
1768 545 1876 571 Παύλου

1089 589 1293 625 μνημονευθείς.
1318 590 1387 616 Ἀλλ’
1399 590 1504 616 οὐδέπω
1520 590 1566 617 καὶ
1578 590 1625 616 νῦν
1637 590 1739 624 ταύτης
1752 590 1875 625 ἀκηκόα-

1089 643 1137 670 μεν
1158 635 1207 670 τῆς
1221 635 1332 669 σοφίας·
1352 635 1369 671 ἢ
1394 635 1423 662 τὺ
1438 635 1562 670 δεύτερον
1576 635 1624 662 καὶ
1643 635 1736 670 τρίτον
1757 635 1791 662 ἐκ
1805 643 1876 666 τινος

1086 679 1244 712 ἀκολουθίας
1264 680 1419 715 λεγόμενον,
1442 675 1482 712 εἰς
1500 680 1549 715 τὴν
1568 680 1622 706 τῶν
1644 680 1811 714 ὑποχειρίων
1829 680 1874 706 καὶ

1086 725 1310 761 ὑποτεταγμένων
1331 725 1479 752 ἀπωθεῖται
1501 725 1587 758 τάξιν.
1606 726 1695 760 Ὅπερ
1714 722 1795 757 οὗτος
1811 725 1873 760 βού-

1084 770 1159 797 λεται
1176 771 1224 805 τὴν
1247 771 1297 806 τῆς
1319 771 1492 807 παραδόσεως
1511 770 1564 798 τῶν
1586 770 1740 806 προσώπων
1757 770 1871 798 ἀκολου-

1085 817 1155 849 θίαν,
1181 817 1354 852 ἀξιωμάτων,
1381 817 1427 844 καὶ
1455 816 1578 851 φύσεων,
1603 817 1742 851 ὑπεροχάς
1769 825 1799 843 τε
1827 817 1872 844 καὶ

1048 854 1244 895 Βἐλαττώσεις
1273 863 1482 895 κατασκευάζων
1509 862 1701 890 ἐνδείκνυσθαι.
1733 862 1791 898 Τῆς
1818 863 1872 900 γὰρ

1082 907 1137 934 τῶν
1163 907 1269 943 φύσεων
1293 908 1449 943 ἑτερότητος
1474 907 1641 942 ὲνδεικτικὴν
1664 905 1735 934 εἶναι
1756 908 1806 943 τὴν
1822 908 1871 944 τῆς

1083 953 1184 986 τάξεως
1196 953 1356 980 ἀκολουθίαν
1379 952 1508 988 ὁρίζεται,
1524 954 1574 980 οὑκ
1595 951 1653 980 οἴδα
1674 953 1756 980 πόθεν
1770 962 1871 988 φαντα-

1083 998 1156 1030 σθεὶς
1176 998 1211 1026 τὰ
1226 998 1353 1033 τοιαῦτα,
1380 999 1426 1026 καὶ
1445 1000 1477 1026 ἐκ
1503 999 1582 1030 ποίας
1603 999 1727 1035 ἀνάγκης
1754 1000 1802 1026 ἐπὶ
1824 1000 1870 1036 τὴν

1083 1044 1209 1072 ὑπόνοιαν
1229 1045 1330 1080 ταύτην
1354 1044 1526 1072 καταπεσών.
1552 1045 1589 1072 υὺ
1612 1045 1666 1081 γὰρ
1693 1046 1710 1080 ἠ
1736 1046 1808 1072 κατὰ
1826 1046 1869 1072 τὸν

1082 1089 1197 1125 ἀριθμὸν
1214 1089 1290 1123 τάξις
1305 1089 1354 1125 τὴν
1367 1089 1420 1116 τῶν
1436 1089 1541 1124 φύσεων
1553 1089 1685 1124 διαφορὰν
1700 1090 1868 1126 κατεργάζε-

1081 1143 1142 1161 ται·
1164 1134 1232 1162 ἀλλὰ
1246 1134 1280 1162 τὰ
1298 1134 1347 1170 μὲν
1370 1134 1567 1170 ἀριθμούμενα,
1586 1135 1624 1166 ὡς
1641 1135 1675 1162 ἂν
1695 1135 1745 1171 ἔχῃ
1764 1135 1869 1170 φύσεως

1082 1180 1125 1215 ἐφ’
1142 1180 1243 1207 ἑαυτῶν
1263 1181 1353 1216 μένει·
1380 1180 1431 1207 κᾶν
1458 1179 1623 1216 ἀριθμῆται,
1646 1181 1698 1207 κᾶν
1717 1181 1775 1217 μή·
1801 1183 1817 1209 ό
1841 1182 1868 1208 δὲ

1082 1225 1196 1261 ἀριθμὸς
1212 1225 1323 1260 σημεῖόν
1342 1226 1399 1252 ἐστι
1412 1226 1589 1261 γνωριστικὸν
1602 1226 1652 1261 τῆς
1667 1226 1721 1252 τῶν
1740 1227 1870 1262 πραγμά-

1080 1280 1134 1299 των
1155 1272 1318 1307 ποσότητος·
1340 1272 1370 1298 οὑ
1395 1272 1501 1304 πάντως
1526 1273 1575 1298 ὅσα
1598 1272 1637 1307 τῷ
1659 1272 1798 1308 ἀξιώματι
1823 1273 1870 1308 τῆς

1081 1318 1187 1353 φύσεως
1212 1318 1381 1353 ὑποϐέϐηκεν
1400 1319 1439 1350 εἰς
1461 1318 1588 1354 δευτέραν
1609 1318 1688 1350 τάξιν
1705 1320 1870 1353 ἀποπεμπό-

1082 1373 1161 1400 μενος
1172 1383 1181 1397 ,
1199 1363 1266 1391 ἀλλὰ
1290 1363 1358 1399 πρὸς
1378 1364 1408 1391 τὸ
1429 1364 1552 1400 βούλημα
1567 1365 1620 1391 τῶν
1637 1365 1868 1401 ἐξαριθμούντων,

1079 1410 1128 1444 τὴν
1154 1410 1208 1436 τῶν
1242 1410 1446 1446 σημαινομένων
1475 1409 1522 1436 τοῦ
1552 1409 1669 1446 ἀριθμοῦ
1697 1410 1870 1446 πραγμάτων

1080 1454 1238 1482 ἀκολουθίαν
1271 1455 1446 1490 ποιούμενος·
1473 1456 1593 1488 Παῦλος
1621 1455 1671 1482 καὶ
1703 1456 1869 1489 Σιλουανὸς

244 1499 347 1527 Paulus
363 1505 388 1528 et
402 1501 533 1536 Sylvanus
546 1507 570 1529 et
589 1503 740 1531 Timotheus
752 1504 786 1533 “.
800 1505 867 1533 Cum
884 1507 965 1534 trium
980 1507 1029 1535 ho-

1081 1500 1129 1526 καὶ
1145 1501 1295 1535 Τιμόθεος·
1311 1501 1394 1535 τριῶν
1412 1501 1564 1536 προσώπων
1581 1500 1700 1528 ἐνταῦθα
1717 1509 1866 1536 μνημονευ-

243 1545 347 1572 minum
363 1546 419 1578 hic,
436 1548 532 1574 ordine
544 1549 674 1582 quodam,
688 1549 822 1577 arbitratu
837 1550 907 1585 ejus,
921 1552 966 1586 qui
977 1560 1029 1579 nu-

243 1591 359 1618 meravit
377 1591 543 1619 mentionem
559 1592 666 1626 fecerit,
688 1592 892 1630 Sylvanumque
907 1597 1029 1625 secundo

243 1636 303 1663 loco
315 1640 375 1671 post
389 1637 504 1664 Paulum
518 1639 659 1673 posuerit:
677 1647 743 1667 num
757 1640 830 1668 aliud
847 1641 923 1676 quid,
934 1646 960 1670 et
973 1650 1028 1671 non

242 1680 391 1713 hominem,
416 1681 566 1716 Sylvanum
586 1690 648 1710 esse
669 1683 885 1712 demonstravit?
905 1687 939 1713 Et
962 1695 1027 1714 num

242 1726 402 1754 Timotheus
417 1727 498 1755 tertio
515 1728 612 1756 ordine
625 1728 785 1762 collocatus,
803 1730 916 1758 alterius
932 1731 1025 1766 cujus-

242 1771 305 1798 dam
321 1775 426 1800 n'aturze
447 1773 499 1800 erit
516 1779 630 1809 propter
650 1773 775 1801 ordinem
799 1776 929 1803 orationis
955 1777 1024 1812 ejus,

241 1817 288 1851 qui
303 1821 359 1845 tres
373 1818 441 1846 istos
452 1819 624 1847 nominavit?
638 1819 749 1847 Minime
759 1827 835 1847 vero.
849 1821 943 1853 Quiris
953 1823 1024 1850 cnim

241 1861 351 1889 illorum
373 1862 456 1890 homo
471 1868 523 1896 est,
544 1868 571 1891 et
589 1868 654 1892 ante
673 1868 700 1892 et
719 1868 779 1900 post
797 1866 1024 1895 numerationem.

239 1907 335 1934 Oratio
351 1914 441 1936 autem
457 1917 519 1937 cum
533 1910 614 1938 unica
630 1917 698 1938 voce
712 1915 768 1939 tres
782 1911 1026 1948 simulsigniﬁcare

239 1960 367 1989 nequeat,
386 1956 604 1991 uniuscujusque
616 1956 736 1990 divisim,
753 1957 859 1991 ordine,
874 1967 929 1993 quo
939 1959 1023 1992 lubet,

237 2000 404 2028 mentionem
421 2001 486 2028 facit
502 2010 509 2029 :
526 1997 725 2037 corijuniitque
742 2003 853 2030 nomina
870 2004 977 2038 copulis
997 2008 1024 2032 et

236 2046 354 2073 nexibus
370 2046 533 2081 interjectis,
544 2051 570 2074 et
588 2047 682 2080 trium,
699 2050 729 2074 ut
745 2047 877 2080 arbitror,
893 2055 954 2075 cum
968 2057 1023 2076 uno

236 2097 402 2119 consensum
419 2097 446 2119 et
459 2093 677 2121 convenientiam
695 2093 746 2120 hac
761 2093 901 2121 nominum
912 2102 1024 2130 compo-

236 2136 336 2164 sitione
351 2138 484 2165 ostendit.

271 2182 373 2209 Verum
390 2183 449 2210 hac
469 2190 541 2210 navo
561 2182 626 2210 huic
647 2183 766 2212 sectario
788 2188 815 2212 et
836 2184 941 2212 doctori
967 2192 1020 2213 non
1037 2190 1059 2219 ι)

238 2227 357 2260 placent.
386 2227 482 2261 Itaque
501 2227 591 2254 ordini
616 2231 645 2255 et
673 2228 845 2262 dispositioni
870 2229 1023 2258 divinorum

236 2271 412 2298 oraculorum
434 2272 547 2299 adversa
569 2272 670 2304 sancit,
694 2280 812 2308 eumque
838 2275 884 2309 qui
909 2275 942 2301 ab
964 2275 1024 2310 ipso

235 2315 354 2344 Domino
374 2316 448 2343 Patri
464 2321 492 2344 et
506 2317 575 2344 Filio
592 2318 759 2352 conjunctus
777 2322 829 2351 est,
846 2319 937 2346 avellit
949 2327 964 2347 a
975 2327 1024 2347 na-

236 2361 318 2388 turali
335 2365 361 2388 ct
382 2362 492 2397 propria
509 2363 588 2396 quasi
608 2363 728 2390 statione
749 2366 776 2390 et
795 2363 892 2392 ordine
903 2384 910 2396 ,
926 2365 1024 2393 rebus-

235 2414 290 2441 que
303 2407 437 2441 subjectis
457 2412 636 2440 annumerat,
653 2412 681 2436 et
703 2409 844 2436 amborum
872 2418 941 2445 opus
961 2418 1024 2439 esse

235 2451 303 2479 dicit
321 2460 327 2478 :
344 2451 435 2479 Patris
449 2453 560 2487 quidem
579 2458 608 2480 ut
630 2461 742 2482 causam
773 2454 925 2484 ciiectionis
948 2456 1023 2484 illius

235 2499 490 2534 subministrantis;
503 2502 636 2536 unigeniti
647 2510 710 2530 vero
724 2502 797 2535 Filii,
810 2508 939 2540 tanquam
951 2506 1021 2541 ejus,

234 2545 282 2580 qui
294 2545 396 2572 efﬁciat
411 2546 484 2573 illius
497 2547 657 2582 hypostasin
671 2554 697 2575 et
709 2550 923 2582 subsistentiam,
937 2551 1024 2578 hanc-

234 2597 288 2624 que
303 2597 416 2617 causam
437 2590 616 2625 subjectionis
637 2599 697 2619 esse
710 2594 872 2626 conﬁrmat,
889 2602 950 2621 eum
979 2599 1021 2622 ta-

236 2642 297 2662 men
319 2635 499 2670 subjectionis
524 2636 707 2672 signiﬁcatum
727 2638 848 2666 nondum
869 2639 948 2667 nobis
970 2647 1019 2667 ex-

237 2679 363 2713 planarit.

274 2723 374 2752 Deinde
395 2724 462 2752 dicit
487 2734 494 2752 :
515 2724 715 2760 Comprehensis
739 2726 855 2754 videlicet
884 2728 919 2754 ad
941 2729 1019 2756 (otius

274 2798 384 2826 "Joan.
402 2809 429 2833 ι,
447 2801 490 2827 30.
548 2801 602 2827 "ll
616 2802 678 2828 Cor.
697 2810 754 2835 xm,
779 2804 820 2831 15.

876 2804 895 2819 ¹¹
913 2804 922 2830 l
936 2804 999 2831 Cor.
1014 2806 1087 2839 ιιιμὶ
1103 2813 1162 2839 sqq.

1080 1545 1188 1578 θέντων,
1205 1546 1277 1572 κατὰ
1290 1545 1320 1572 τὸ
1332 1545 1378 1572 τοῦ
1392 1546 1629 1581 μνημονεύσαντος
1644 1546 1779 1582 βούλημα.
1796 1545 1867 1582 Ἀρα

1076 1591 1117 1623 τὸ,
1133 1591 1284 1623 Σιλουανδν,
1297 1592 1325 1617 ὲν
1339 1591 1476 1627 δευτέροις
1490 1591 1622 1627 ταχθέντα
1638 1591 1709 1627 μετὰ
1728 1592 1775 1618 τὸν
1791 1591 1868 1619 Παῦ-

1076 1637 1131 1668 λον,
1143 1637 1206 1664 ἄλλο
1215 1645 1251 1669 τι,
1264 1637 1310 1663 καὶ
1324 1637 1383 1672 οὐχὶ
1396 1636 1536 1673 ἄνθρωπον
1549 1639 1563 1665 ὁ
1573 1638 1688 1674 ἀριθμὸς
1700 1639 1866 1671 ἐνεδείξατο;

1076 1681 1093 1718 ἢ
1109 1683 1123 1708 ὁ
1139 1681 1268 1717 Τιμόθεος
1283 1682 1312 1709 ἐν
1329 1683 1430 1718 τρίτοις
1442 1684 1561 1718 ταχθεὶς,
1583 1685 1622 1716 είς
1643 1684 1792 1720 ἑτερότητα
1808 1693 1867 1711 τινα

1079 1727 1185 1762 φύσεως
1199 1728 1231 1754 ὲκ
1244 1729 1293 1763 τῆς
1307 1728 1465 1760 ἀκολουθίας
1482 1729 1529 1755 τοῦ
1554 1729 1769 1765 μνημονεύοντος
1781 1730 1866 1762 οὕτως

1080 1773 1233 1808 ὑπενοήθη;
1258 1774 1314 1800 Οὑκ
1327 1774 1383 1801 ἔστι
1399 1775 1494 1802 ταῦτα.
1512 1775 1672 1811 Ἀνθρωπος
1697 1776 1752 1810 γὰρ
1766 1776 1866 1802 τούτων

1079 1818 1201 1852 ἕκαστος,
1215 1819 1261 1845 καὶ
1271 1820 1324 1855 πρὸ
1336 1819 1383 1846 τοῦ
1397 1820 1526 1856 ἀριθμοῦ,
1537 1822 1583 1847 καὶ
1598 1821 1669 1856 μετὰ
1690 1821 1785 1848 τοῦτο’
1809 1822 1824 1848 ὁ
1838 1821 1866 1848 δὲ

1078 1863 1156 1898 λόγος
1176 1864 1267 1900 ἐπειδὴ
1288 1866 1337 1900 μιᾷ
1351 1867 1425 1900 φωνῇ
1444 1866 1505 1897 τοὺς
1521 1867 1594 1901 τρεῖς
1617 1866 1688 1893 κατὰ
1710 1867 1809 1893 ταυτὸν
1833 1863 1866 1902 ἦν

1078 1908 1207 1936 ἀδύνατον
1234 1909 1416 1942 ἐνδείξασθαι,
1449 1911 1584 1946 μέμνηται
1616 1911 1665 1947 μὲν
1693 1912 1867 1948 διῃρημένοις

1076 1954 1192 1982 ἑκάστου
1214 1956 1284 1982 κατὰ
1304 1957 1353 1991 τὴν
1375 1957 1513 1992 ἀρέσασαν
1526 1957 1612 1990 τάξιν,
1634 1958 1767 1984 συνάπτει
1785 1958 1813 1984 δὲ
1832 1959 1866 1984 τὰ

1075 1999 1194 2035 ὀνόματα
1207 2000 1250 2027 διὰ
1267 2001 1321 2028 τῶν
1335 2002 1379 2029 διὰ
1394 2003 1475 2038 μέσου
1488 2003 1654 2038 συνδέσμων,
1669 2003 1708 2035 ὡς
1722 2004 1766 2036 ἂν,
1778 2002 1865 2039 οἶμαι,

1075 2045 1125 2080 τὴν
1145 2045 1200 2071 τῶν
1213 2045 1295 2081 τριῶν
1319 2046 1386 2081 πρὸς
1402 2048 1432 2074 τὸ
1453 2048 1481 2073 ἓν
1505 2048 1659 2082 σύμπνοιαν
1680 2048 1727 2075 διὰ
1750 2047 1802 2082 τῆς
1812 2048 1865 2075 τῶν

1076 2090 1215 2126 ὀνομάτων
1229 2091 1375 2125 συναφείας
1392 2091 1552 2127 ἐνδείξηται.

1116 2181 1185 2208 Ἀλλ’
1204 2182 1254 2217 οὑχ
1272 2182 1358 2215 οὕτως
1377 2183 1492 2219 ἀρέσκει
1514 2183 1554 2219 τῷ
1576 2184 1663 2220 καινῷ
1683 2184 1862 2221 δογματιστῇ.

1081 2227 1292 2263 ’Δντινομοθετεῖ
1312 2228 1341 2255 δὲ
1355 2230 1389 2264 τῇ
1409 2229 1527 2262 διατάξει
1538 2232 1587 2266 τῆς
1601 2231 1676 2263 θείας
1689 2233 1783 2267 φωνῆς
1794 2239 1801 2246 ·
1819 2232 1864 2258 καὶ

1073 2272 1104 2299 τὸ
1126 2274 1339 2308 συντεταγμένον
1356 2275 1402 2301 ὑπ’
1414 2275 1495 2301 αὑτοῦ
1518 2275 1565 2302 τοῦ
1585 2276 1688 2312 Κυρίου
1709 2277 1798 2313 [Ιατρὶ¹
1819 2279 1864 2303 καὶ

1075 2317 1142 2352 Υῐῷ,
1157 2318 1207 2353 τῆς
1225 2318 1327 2350 οἰκείας
1343 2319 1418 2354 αὑτῷ
1438 2320 1486 2346 καὶ
1504 2320 1573 2347 κατὰ
1595 2321 1676 2356 φύσιν
1695 2321 1800 2354 τάξεως
1818 2323 1863 2349 καὶ

1075 2363 1221 2397 συναφείας
1253 2364 1461 2399 ἁποσχοινίσας,
1488 2367 1516 2393 ὲν
1541 2367 1599 2398 τοῖς
1631 2367 1863 2402 ὑποτεταγμένοις

1073 2407 1222 2443 ἠρίθμησε,
1240 2409 1286 2435 καὶ
1303 2409 1382 2444 ἔργον
1399 2409 1537 2445 ἑκατέρων
1552 2408 1622 2437 εἶναί
1637 2419 1720 2446 φησι·
1743 2412 1790 2438 τοῦ
1815 2413 1862 2446 μὲν

1072 2453 1187 2488 Πατρὸς,
1205 2453 1242 2485 ὡς
1262 2454 1312 2488 τὴν
1331 2454 1419 2481 αἰτίαν
1435 2455 1483 2490 τῆς
1508 2456 1681 2491 κατασκευῆς
1698 2456 1863 2483 ὑποϐάλλον-

1071 2506 1133 2529 τος·
1155 2498 1201 2524 τοῦ
1220 2499 1248 2525 δὲ
1265 2500 1442 2533 Μονογενοῦς,
1466 2500 1504 2532 ὡς
1527 2501 1765 2537 αὐτουργήσαντος
1780 2502 1862 2529 αὑτοῦ

1071 2543 1120 2577 τὴν
1140 2544 1298 2577 ὑπόστασιν,
1315 2546 1362 2572 καὶ
1382 2546 1484 2581 ταύτην
1498 2547 1590 2573 αἰτίαν
1607 2545 1679 2574 εἶναι
1694 2548 1745 2582 τῆς
1761 2548 1861 2575 ὑποτα-

1071 2589 1124 2624 γῆς
1138 2589 1294 2625 διορίζεται,
1313 2592 1397 2627 αὺτῆς
1417 2593 1500 2628 μήπω
1513 2593 1562 2629 τῆς
1584 2593 1727 2629 ὑποταγῆς
1749 2594 1863 2621 sua»:

1072 2635 1126 2670 ψας
1140 2634 1171 2661 τὺ
1188 2636 1397 2671 σημαινόμενον.

1107 2679 1175 2708 Εἷτὰ
1187 2690 1252 2717 φησι
1267 2690 1274 2697 ι
1287 2683 1652 2718 Συμπεριλαμϐανομένων
1674 2684 1796 2719 δηλαδὴ
1813 2687 1860 2714 και

1072 2725 1130 2752 τῶν
1145 2726 1210 2760 ταῖς
1223 2727 1342 2761 οὐσίαις
1363 2728 1515 2763 ἑπομένων
1530 2729 1703 2764 ἐνεργειῶν.
1735 2730 1784 2757 καί
1804 2729 1862 2758 τῶν

1198 2805 1219 2820 ²¹
1239 2804 1351 2834 lThcss.
1371 2814 1389 2838 ι,
1406 2807 1430 2833 i.
