1914 3079
59 139 106 167 515

616 131 757 160 CONTRA
776 113 970 160 summust,
991 127 1055 155 LIB.
1075 127 1096 154 ι.

1619 123 1672 152 διι

58 196 167 228 ταύταις
186 193 351 229 προσφυῶν
373 192 535 228 ὀνομάτων.
571 192 679 218 Τούτων
696 191 724 218 δὲ
742 191 757 217 6
771 189 834 221 νοῦς

891 187 1013 215 arationis
1036 185 1252 218 complementum
1277 183 1358 210 etiam
1380 181 1595 216 operationibus,
1617 190 1674 217 quur

59 245 111 270 ἔστι
127 241 171 276 μὲν
193 240 225 266 οὐ
247 239 306 267 λίαν
323 238 497 270 εὐσύνοπτος,
513 237 601 273 πολλῷ
616 237 655 272 τῷ
675 236 767 271 γνόφῳ
786 236 837 271 τῆς

58 286 174 317 ἀσεϐείας
189 284 394 320 κεκαλυμμένος
405 292 411 299 ·
429 284 465 314 ὡς
486 283 507 310 δ’
528 282 563 310 ἄν
581 291 622 314 τις
643 282 756 312 εἰκάσας
773 280 838 307 ὑπο-

58 333 165 367 νοήσειε,
213 330 333 362 τοιοῦτός
357 325 438 356 ἐστιν·
466 328 619 364 Ἐνεργείας
649 327 747 354 οὐσιῶν
776 327 837 353 ὀνο-

59 378 132 413 μὰζει
151 377 198 409 τὰς
217 376 438 408 ἀποτελεστικὰς,
461 375 499 407 ὡς
516 373 606 411 οἶμαι,
629 373 676 401 τοῦ
698 372 763 400 Υἱοΰ
788 371 835 399 καὶ

57 424 101 450 τοῦ
120 423 191 457 ἁγίου
224 422 381 457 Πνεύματος
412 421 556 457 δυνάμεις·
580 419 613 447 δι’
636 417 674 446 ὧν
697 420 714 454 ἡ
739 417 833 455 πρώτη

57 468 130 495 οὐσία
158 468 206 503 τὴν
223 467 351 502 δευτέραν
371 466 526 502 εἰργάσατο,
550 466 596 492 καλ¹
617 466 633 501 ὴ
654 465 766 500 δευτέρα
787 464 835 500 τὴν

56 513 158 549 τρίτην·
182 513 230 540 καὶ
252 512 287 539 τὰ
310 512 429 548 ὀνόματα
453 512 506 538 τῶν
534 510 765 538 ἀποτελεσθέντων
788 509 836 545 ἕρ-

56 567 110 592 γων
133 557 274 593 προσφυῶς
300 555 567 591 συγκατεσκευάσθαι
592 557 647 587 τοῖς
669 556 761 591 ἔργοις
783 563 836 590 φη-

57 604 111 630 σίν·
127 603 191 630 ἀλλὰ
206 603 256 638 τὴν
271 603 320 637 μὲν
336 602 399 638 περὶ
412 601 447 628 τὰ
459 602 578 637 ὀνόματα
593 596 761 636 κακουργίαν
784 600 835 635 ήδη

55 656 83 673 τε
99 647 164 673 κατὰ
176 647 207 673 τὸ
220 646 331 673 δυνατὸν
345 646 531 682 ὲξητάσαμεν*
547 645 593 672 καὶ
606 647 670 673 ὃταν
687 645 728 677 είς
747 645 836 672 ἐκεῖνο

56 692 85 718 τὸ
101 692 177 728 μέρος
198 693 249 727 τῆς
268 691 417 724 ἐξετάσεως
437 692 568 728 ἔλθωμεν,
582 691 629 719 ἐὰν
649 692 664 718 ὁ
679 691 757 725 λόγος
773 691 835 717 ἑπι-

56 738 131 773 ςητῇ,
148 737 227 765 πάλιν
242 738 444 774 προσθήσομεν.

887 236 997 260 manant
1030 239 1062 258 ex
1087 229 1260 261 substantiis,
1288 228 1503 263 nominibusque,
1532 236 1591 263 quin
1616 228 1673 255 illis

887 282 1046 314 competunt.
1065 276 1165 303 llarum
1184 276 1338 302 orationum
1356 281 1455 302 sensus
1470 282 1524 301 non
1541 278 1583 301 est
1598 274 1675 302 intel—

886 326 956 352 lectu
979 323 1078 354 facilis,
1101 322 1202 357 quippe
1224 321 1308 348 multa
1327 320 1475 354 impietatis
1493 321 1608 355 caligine
1634 325 1674 348 te-

887 369 1081 401 ctuszvidctur
1106 371 1196 394 autem
1208 386 1216 399 ,
1236 370 1368 401 quantum
1387 366 1495 401 quidem
1513 366 1673 400 conjectura

886 415 997 451 assequi
1015 415 1090 446 licet,
1105 413 1242 448 ejusmodi
1255 419 1335 440 esse:
1351 411 1532 446 Operationes
1545 413 1674 439 substan-

886 461 984 490 tiarum
1000 459 1199 495 productrices,
1216 462 1246 486 ut
1260 461 1337 494 puto,
1359 457 1448 486 Patris
1460 462 1487 486 et
1506 457 1567 485 Filii
1587 457 1675 485 facul-

886 512 957 535 tates
974 507 1096 534 nominat
1107 526 1115 540 ,
1131 513 1179 541 per
1190 513 1268 542 -quas
1289 505 1376 540 prima
1396 504 1548 532 substantia
1572 513 1674 533 secun-

887 554 949 581 dam
963 552 1138 588 produxit,et
1147 551 1267 580 secunda
1283 551 1402 581 tertiam.
1413 554 1440 578 et
1454 552 1565 578 nomina
1575 551 1675 578 horum

887 606 1010 634 operum,
1020 605 1080 633 quae
1088 597 1183 625 effecta
1197 600 1272 629 sunt,
1288 600 1350 631 apte
1364 600 1391 624 ct
1404 596 1598 624 convenienter
1608 596 1676 631 ipsis

889 644 1020 680 operibus
1036 643 1166 678 imposita
1186 650 1247 671 esse
1269 642 1347 669 dicit.
1372 641 1506 669 Catterum
1529 642 1675 677 malignam

887 689 1047 723 versutiam,
1061 697 1112 724 qua
1127 689 1153 716 in
1165 689 1234 725 ipsis
1246 688 1404 716 nominibus
1415 695 1482 715 usus
1495 693 1547 719 est,
1557 687 1614 722 jam
1627 695 1677 722 pro

887 736 961 764 virili
975 736 1155 771 patefecimus
1173 744 1180 763 :
1201 739 1227 762 et
1247 734 1468 770 quotiescunque
1488 734 1603 762 materia
1627 741 1678 762 nos

54 791 88 812 ‹-ο
108 785 250 817 vocaverit,
274 785 297 813 si
316 785 465 813 necessitas
485 785 613 820 postulet,
634 791 730 812 rursus
750 783 955 819 patefaciamus.

89 831 160 862 Τέως
172 831 199 857 δὲ
214 831 263 858 νῦν
281 831 355 864 ἄξιόν
378 832 435 858 ἐστι
451 831 627 865 λογίσασθαι’
645 830 705 862 πῶς
726 831 836 859 ἕπονται

925 829 1003 856 Nunc
1018 837 1066 864 par
1095 833 1137 857 est
1162 828 1326 864 disquirere,
1345 829 1483 864 quomodo
1502 832 1677 864 operationes

53 878 112 907 ταῖς
133 876 234 908 οὐσίαις
256 876 284 902 al
300 876 451 912 ὲνέργειαι;
475 875 501 902 τί
523 874 600 903 οὖσαι
618 876 687 902 κατὰ
706 877 755 910 τὴν
771 875 836 902 ίδίαν

891 880 1041 911 sequantur
1055 883 1089 903 ex
1104 875 1279 907 substantiis,
1305 879 1332 904 et
1348 876 1478 911 quidnam
1500 875 1556 903 sint
1579 883 1678 903 secun-

53 922 151 956 tpdow;
167 922 256 948 ἄλλοτι
280 922 355 957 παρὰ
370 921 420 954 τὰς
444 921 538 953 οὐσίας
557 918 602 953 αἷς
623 921 802 957 παρέπονται,
819 921 837 955 ἢ

55 968 138 1003 μέρος
160 967 272 994 ἐκείνων
293 968 407 1003 καὶτῆς
432 967 556 1002 (priuatae;
579 967 625 993 καὶ
644 968 668 993 si.
691 967 739 1002 μὲν
762 967 837 1001 ἄλλο,

54 1012 142 1048 πῶςῆ
166 1013 240 1048 παρὰ
265 1012 337 1045 τίνος
359 1013 519 1048 γενόμεναι;
546 1013 570 1039 εί
585 1013 613 1039 δὲ
636 1013 666 1040 τὸ
688 1013 762 1044 αὐτὸ,
780 1012 839 1045 πῶς

52 1059 284 1094 ἀποτεμνόμεναι,
310 1058 356 1085 καὶ
378 1059 439 1086 ἀντὶ
468 1059 515 1086 τοῦ
540 1059 719 1096 συνυπάρχειν
744 1059 838 1091 αὐταῖς

50 1105 151 1137 ἔξωθεν
168 1105 377 1140 παρεπόμεναι;
404 1105 488 1132 Οὐδὲν
507 1105 561 1140 γὰρ
584 1105 677 1137 ἁπλῶς
697 1104 783 1137 οὕτως
806 1105 838 1132 ἐκ

50 1150 106 1177 τῶν
122 1150 274 1186 εἰρημένων
289 1150 347 1176 ἔστι
368 1150 463 1186 μαθεῖν
473 1159 480 1167 υ
501 1150 615 1186 πότερον
631 1150 753 1185 ἀνάγκης
766 1150 839 1182 τινος

50 1197 169 1231 φυσικῆς
183 1196 372 1232 ἀπροαιρέτως
385 1196 434 1232 τὴν
447 1196 597 1231 ἐνέργειαν,
613 1196 674 1231 ἥτις
686 1197 751 1223 ποτὲ
769 1196 838 1232 αὕτη

49 1243 124 1268 ἐστὶν
140 1241 295 1268 ἀκολουθεῖν
305 1242 337 1277 τῇ
348 1241 427 1277 οὐσίᾳ
449 1241 610 1277 βιαζομένης
621 1262 628 1274 ,
641 1242 677 1274 ὡς
691 1242 784 1269 ἕπεται
799 1242 839 1278 τῷ

47 1288 116 1323 πυρὶ
139 1288 158 1322 ἡ
173 1287 280 1321 καῦσις,
306 1287 354 1314 καὶ
369 1287 394 1314 οἱ
417 1287 514 1323 ἀτμοὶ,
537 1287 583 1314 καὶ
599 1288 627 1314 αί
643 1288 838 1323 ἀναθυμιάσεις

48 1335 105 1366 τοῖς
141 1334 188 1367 ἀφ’
207 1329 246 1360 ὧν
272 1332 359 1360 ταῦτα
383 1333 502 1368 γίνονται
524 1333 658 1369 σώμασιν;
693 1333 763 1360 Ἀλλ’
788 1335 839 1361 οὐκ

47 1380 80 1406 ἂν
93 1378 176 1406 αὐτὸν
188 1376 263 1414 οἶμαι
277 1378 357 1405 τοῦτο
371 1379 457 1405 εἰπεῖν
467 1388 474 1396 ν
484 1379 554 1405 ὥστε
569 1379 690 1406 ποικίλον
702 1389 729 1407 τι
746 1380 839 1416 χρῆμα

46 1425 96 1452 καὶ
117 1424 242 1451 σύνοετον
255 1424 375 1460 νομίζειν
389 1424 436 1451 τοῦ
455 1424 523 1451 Θεοῦ
541 1425 591 1459 τὴν
611 1425 714 1458 οὐσίαν,
735 1425 837 1461 ἀχώρι-

46 1480 113 1498 στον
142 1470 257 1506 ἔχουσαν
288 1470 334 1497 καὶ
366 1470 651 1506 συνεπιθεωρουμένην
677 1471 760 1507 ἑαυτῇ
790 1470 838 1506 τὴν

45 1518 206 1553 ἐνέργειαν,
223 1516 261 1548 ῶς
273 1525 298 1543 τι
316 1515 487 1552 συμϐεϐηκὸς
502 1517 530 1544 ἐν
546 1517 716 1553 ὑποκειμένῳ
731 1517 836 1544 δεικνύ-

45 1571 150 1600 μενον·
175 1563 243 1590 ἀλλὰ
263 1563 465 1599 προαιρετικῶς
484 1563 532 1590 καὶ
549 1562 730 1596 αὐτεξουσίως
753 1572 840 1590 κινου-

45 1611 135 1645 μένας
153 1609 203 1641 τὰς
216 1609 309 1641 οὐσίας
322 1609 352 1636 τὺ
366 1609 461 1636 δοκοῦν
478 1618 544 1645 φησι
560 1609 621 1636 καθ’
637 1610 736 1641 ἑαυτὰς
754 1610 840 1646 ἀπερ-

42 1656 190 1690 γάζεσθαι.
201 1656 257 1682 Καὶ
269 1655 311 1687 τίς
320 1655 352 1682 τὸ
364 1656 395 1681 ὲκ
406 1655 532 1691 προνοίας
547 1655 677 1688 ἑκουσίως
687 1655 838 1691 γινόμενον,

41 1703 84 1734 ὦς
108 1710 136 1728 τι
155 1701 211 1728 τῶν
232 1701 331 1733 ἔξωθεν
347 1694 600 1729 ἐπακολουθούντων
616 1701 730 1728 ἕπεσθαι
745 1701 818 1737 λέγει
831 1710 839 1734 ;

41 1748 119 1775 οὐδὲ
134 1748 189 1782 γὰρ
203 1747 274 1774 κατὰ
286 1747 335 1783 τὴν
350 1747 441 1782 κοινὴν
454 1747 597 1782 συνήθειαν
610 1747 657 1774 ἐπὶ
679 1747 734 1775 τῶν
752 1747 840 1775 τοιού-

40 1803 101 1821 των
133 1793 256 1828 ἔγνωμεν
281 1793 467 1829 τετριμμένην
500 1793 549 1829 τὴν
581 1793 669 1826 λέξιν·
693 1793 765 1820 ὥστε
791 1793 842 1829 τὴν

40 1841 189 1876 ἐνέργειαν
211 1839 260 1866 τοῦ
278 1839 341 1874 περί
357 1848 383 1866 τι
398 1838 541 1871 πονοῦντος
563 1839 718 1867 ἀκολουθεῖν
737 1840 776 1875 τῷ
792 1847 842 1866 πο-

41 1886 139 1912 νοῦντι
157 1886 258 1920 λέγειν.
289 1885 358 1913 Οὐδὲ
376 1886 430 1922 γάρ
443 1887 500 1912 ἐστι
516 1886 627 1913 δυνατὸν
641 1887 671 1913 τὸ
689 1887 781 1922 ἕτερον
795 1887 841 1913 τοῦ

39 1932 143 1966 ἑτέρου
165 1931 356 1965 διαξεύξαντα,
375 1931 536 1959 καταλαϐεῖν
559 1931 602 1966 ἐφ’
618 1932 714 1959 ἑαυτοῦ
737 1932 767 1959 τὸ
789 1933 844 1960 λει-

39 1978 183 2012 πόμενον·
202 1977 260 2004 ἀλλ’
273 1978 288 2005 ὁ
306 1978 354 2012 τὴν
370 1978 510 2014 ἐνέργειαν
528 1978 625 2012 εἰπὼν,
641 1978 671 2005 τὸ
687 1979 748 2005 κατ’
758 1979 843 2015 αὐτὴν

39 2024 210 2059 κινούμενον
225 2023 266 2060 τῷ
280 2024 351 2060 λόγῳ
371 2025 572 2061 συμπεριέλαόε
582 2034 589 2040 ·
608 2026 655 2052 καὶ
675 2026 690 2053 6
705 2024 752 2052 τοῦ
767 2026 843 2061 ἐνερ-

38 2070 163 2104 γοῦντος
187 2069 330 2105 μνησθεὶς.
348 2070 396 2098 καὶ
417 2071 466 2106 τὴν
491 2071 630 2107 ἐνέργειαν
645 2071 754 2103 πάντως
773 2071 843 2098 κατὰ

34 2116 72 2142 τὸ
100 2115 283 2150 σιωπώμενον
301 2118 479 2152 συνεσημανε.
499 2117 669 2152 Σαφέστερον
684 2117 712 2144 δὲ
730 2117 773 2144 διὰ
789 2117 844 2144 τῶν

36 2161 260 2197 ὑποδειγμάτων
275 2161 305 2188 τὸ
320 2161 464 2198 λεγόμενον
479 2161 722 2190 ἔσται’Χαλκεὺειν
735 2162 845 2190 τινὰλέ-

34 2217 144 2244 γομεν,
173 2208 190 2244 ἢ
219 2208 419 2241 τεκταίνεσθαι,
449 2209 466 2244 ἤ
500 2208 564 2236 ἄλλο
587 2217 614 2236 τι
644 2209 765 2245 ἐνεργεῖν
790 2208 836 2235 τῶι

896 2206 969 2240 piat;
986 2204 1032 2232 sed
1065 2204 1112 2240 qui
1137 2205 1323 2239 operationem
1345 2205 1479 2238 nominat,
1502 2206 1524 2234 is
1544 2207 1625 2233 etiam
1645 2207 1683 2239 id.
1732 2238 1736 2242 ,

33 2255 191 2282 τοιούτων,
220 2254 327 2281 Οὐκοῦν
350 2256 383 2290 τῇ
401 2255 451 2290 μιᾷ
466 2256 552 2290 φωνῇ,
578 2255 628 2290 τήν
651 2263 681 2281 τε
702 2255 843 2290 ἐργασίαν,

34 2300 102 2326 καὶ-
117 2299 168 2326 τὸν
184 2299 314 2334 μετιόντα
327 2300 376 2335 τὴν
401 2300 497 2335 τέχνην
520 2299 589 2326 κατὰ
609 2299 706 2327 ταυτὸν
730 2301 744 2326 6
767 2299 844 2334 λόγος

36 2343 239 2380 παρέστησεν,
255 2343 326 2370 ὥστε
349 2344 374 2370 εί
397 2343 543 2379 χωρισθείη
567 2343 598 2370 τὸ
621 2343 724 2380 ἕτερον,
751 2343 787 2379 μὴ
811 2344 844 2371 ἂν

32 2390 202 2424 ὑποστῆναι
220 2388 251 2415 τὺ
266 2388 433 2423 λειπόμενον.
460 2388 491 2414 Εἰ
506 2385 552 2415 οὖν
566 2388 600 2415 τὰ
621 2388 668 2414 δύο
685 2389 743 2423 μετ’
764 2388 845 2424 ἀλλή-

27 2435 97 2462 λων
121 2435 237 2467 νοεῖται,
252 2434 320 2470 αὐτή
343 2434 406 2469 τεὴ
432 2434 556 2470 ἐνέργεια
578 2434 625 2461 καὶ
642 2435 656 2460 6
678 2434 738 2460 κατ’
760 2434 845 2469 αὐτὴν

29 2480 223 2515 κινούμενος,
243 2480 303 2512 πῶς
317 2480 435 2508 ἐνταῦθα
454 2480 567 2508 ἔπεσθαι
581 2481 689 2514 λέγεται
712 2482 743 2516 τῇ
767 2479 845 2515 οὐσίᾳ

24 2529 71 2563 τῇ
91 2527 200 2563 πρώτῃ
211 2528 228 2563 ἡ
238 2527 289 2562 τὴν
302 2527 429 2563 δευτέραν
442 2527 536 2554 οὐσίαν
546 2526 755 2563 ἀπεργαζομένη
769 2526 845 2562 ἐνέρ-

22 2583 119 2609 γεια,
141 2573 328 2610 μεσιτεύουσά
351 2583 408 2605 πως
429 2574 462 2601 δι’
477 2574 576 2609 ἑαυτῆς
598 2574 775 2608 ἀμφοτέραις,
797 2572 845 2599 καὶ

22 2620 105 2647 οὔτε
123 2621 160 2655 τῇ
184 2619 283 2655 πρώτῃ
298 2620 368 2646 κατὰ
392 2620 441 2655 τὴν
466 2619 546 2654 φύσιν
567 2619 762 2654 συμϐαίνουσα,
784 2619 846 2645 οὔτε

21 2665 114 2700 πρὸς
130 2665 186 2700 τὴν
202 2664 334 2699 δευτέραν
352 2665 558 2700 συναπτομένη;
578 2665 633 2700 Τῆς
655 2664 704 2700 μὲν
722 2664 775 2701 γὰρ
798 2673 845 2691 κε-

19 2710 186 2747 χώρισται
207 2710 247 2746 τῷ
264 2710 302 2746 μὴ
319 2710 399 2744 φύσις
415 2708 493 2744 εἶναι,
512 2711 580 2738 ἀλλὰ
595 2710 701 2746 φύσεως
721 2710 844 2746 κίνησις·

16 2757 68 2791 τῇ
99 2756 134 2782 δὲ
169 2757 232 2792 μεθ’
263 2756 364 2792 ἑαυτὴν
395 2757 423 2783 οὐ
450 2757 611 2792 συμϐαίνει⁹
636 2758 678 2783 ὅτι
708 2757 739 2783 οὐ
766 2757 847 2792 ψιλὴν

18 2802 212 2836 ἐνέργειαν,
241 2802 299 2829 ἀλλ’
329 2802 438 2838 ἐνεργὸν
470 2803 563 2830 οὐσίαν
594 2802 627 2829 δι’
669 2802 765 2838 ἑαυτῆς
797 2803 846 2829 ὐπ-

21 2849 199 2883 εστήσατο.

887 922 952 950 dum
970 929 1047 950 suam
1069 922 1207 957 propriam
1229 926 1366 948 naturam.
1380 921 1508 956 Nunquid
1524 921 1596 948 aliud
1614 925 1679 949 sunt

888 975 903 995 a
921 967 1095 1000 substantiis,
1111 975 1144 995 ex
1161 967 1262 1002 quibus
1278 967 1409 995 ell'luunt?
1435 967 1504 994 Num
1534 975 1596 1003 pars
1619 968 1678 995 illa-

889 1021 948 1041 rum
960 1017 988 1041 et
1001 1014 1125 1041 naturas?
1141 1014 1200 1041 etsi
1212 1013 1321 1048 quidem
1339 1013 1412 1042 aliud
1431 1018 1511 1042 sunt:
1528 1014 1678 1049 quomodo,

889 1062 936 1086 aut
951 1067 965 1086 a
979 1067 1033 1094 quo
1049 1058 1153 1087 eﬂ‘ectae
1171 1060 1255 1087 sunt?
1282 1059 1310 1087 Si
1336 1068 1402 1088 vero
1421 1060 1493 1088 idem
1509 1064 1584 1093 sunt,
1609 1068 1680 1096 quo-

888 1105 970 1133 modo
994 1105 1125 1140 sejuncta-
1141 1109 1217 1138 sunt,
1231 1106 1267 1133 ita
1292 1109 1322 1133 ut
1340 1113 1430 1140 neque
1445 1106 1542 1140 insint,
1567 1108 1614 1135 sed
1631 1116 1679 1136 ex-

889 1152 1026 1180 trinsecus
1045 1152 1228 1180 substantiam
1254 1153 1437 1180 comitentur?
1449 1152 1523 1181 Nihil
1545 1154 1618 1181 eiiim
1632 1154 1680 1182 ho«

889 1205 949 1224 rum
968 1205 1001 1225 ex
1015 1197 1097 1226 dictis
1111 1198 1257 1233 perspicue
1270 1197 1338 1225 satis
1351 1198 1522 1234 intelligitur.
1543 1199 1613 1226 Num
1627 1208 1677 1228 ne-

888 1244 1018 1272 cessitate
1046 1244 1165 1280 quadam
1189 1243 1306 1271 naturali
1329 1248 1445 1279 cogente
1472 1245 1677 1280 operationem,

888 1289 1086 1325 qualiscunque
1099 1289 1209 1317 demum
1224 1289 1268 1316 illa
1281 1288 1327 1322 sit,
1344 1290 1421 1325 sequi
1439 1290 1472 1317 ad
1483 1290 1677 1324 substantiam,

889 1331 995 1362 sublata
1025 1335 1099 1362 omni
1125 1335 1261 1362 libertatis
1292 1335 1420 1368 ratione,
1445 1336 1678 1370 quemadmodum

889 1380 962 1408 ustio
976 1384 1002 1408 et
1015 1388 1101 1416 vapor
1115 1380 1148 1407 ad
1162 1381 1265 1415 ignem,
1275 1384 1302 1408 et
1324 1381 1515 1409 exhalationes
1532 1382 1564 1409 ad
1580 1389 1679 1417 corpo-

889 1433 930 1458 ra,
946 1434 980 1454 ex
1002 1427 1102 1461 quibus
1120 1427 1272 1459 exsistunt,
1298 1427 1525 1462 consequuntur?
1545 1426 1598 1455 Sed
1624 1436 1678 1455 non

890 1471 1008 1498 arbitror
1020 1471 1095 1498 illum
1111 1471 1164 1499 hoc
1189 1471 1257 1499 velle
1271 1479 1277 1498 :
1293 1475 1325 1499 ut
1349 1472 1402 1500 srbi
1423 1472 1588 1508 persuadeat
1608 1473 1680 1501 divi—

891 1523 952 1542 nam
973 1521 1099 1544 naturam
1119 1524 1181 1544 esse
1203 1516 1269 1553 quid
1292 1518 1476 1553 compositum
1506 1522 1533 1546 et
1554 1519 1679 1553 varium,

889 1569 950 1597 quae
973 1561 1182 1596 inseparabilem
1214 1569 1229 1589 a
1260 1569 1290 1590 se
1312 1563 1500 1598 operationem
1529 1565 1679 1598 contineat,

890 1615 1026 1643 quamque
1043 1615 1156 1636 necesse
1173 1607 1208 1636 sit
1222 1608 1250 1635 in
1270 1608 1330 1644 ipsa
1356 1608 1402 1637 Dei
1420 1610 1584 1643 substantia,
1600 1612 1680 1646 quasi

891 1654 1000 1682 insitam
1014 1654 1174 1689 concipere:
1202 1659 1330 1690 tanquam
1348 1655 1476 1684 accidens
1494 1655 1521 1683 in
1535 1656 1680 1692 subjecto;

890 1700 954 1735 quia
969 1700 1037 1728 dicit
1049 1700 1220 1728 substantias
1238 1701 1305 1729 istas
1319 1709 1352 1728 ex
1372 1705 1448 1729 certo
1465 1703 1581 1730 consilio
1594 1707 1621 1730 et
1646 1703 1681 1730 li-

891 1746 955 1774 bere
972 1746 1075 1773 moveri
1090 1745 1123 1772 ad
1146 1746 1280 1781 agendum
1295 1746 1404 1781 quidvis
1421 1747 1554 1775 arbitratu
1571 1756 1632 1776 suo.
1648 1748 1682 1776 Et

891 1792 1017 1827 quisnam
1031 1791 1110 1824 illud,
1128 1791 1202 1826 quod
1213 1799 1246 1820 ex
1266 1792 1407 1827 proposito
1422 1797 1449 1821 et
1468 1793 1552 1822 libere
1569 1795 1683 1830 suscipi-

892 1842 946 1870 tur,
965 1837 1042 1872 sequi
1065 1838 1104 1865 ait
1134 1838 1222 1865 instar
1250 1845 1356 1870 eorum,
1374 1846 1435 1873 quae
1454 1840 1626 1868 extrinsecus
1647 1841 1682 1869 ad

893 1884 1074 1911 substantiam
1100 1883 1178 1918 sequi
1195 1883 1302 1910 solent?
1326 1882 1421 1919 Neque
1446 1885 1518 1911 enim
1542 1887 1682 1914 communi

892 1929 1033 1956 hominum
1063 1928 1262 1956 consiletudine
1275 1929 1328 1956 hoc
1353 1937 1435 1957 sensu
1462 1930 1534 1958 hunc
1554 1931 1682 1966 loquendi

893 1975 1003 2002 modum
1015 1979 1178 2010 usurpatum
1193 1975 1329 2008 novimus,
1339 1979 1368 2002 ut
1379 1976 1483 2003 scilicet
1496 1978 1682 2011 operationem

892 2021 963 2054 ejus,
976 2021 1022 2055 qui
1043 2020 1117 2047 circa
1133 2021 1250 2055 aliquam
1268 2028 1324 2047 rem
1348 2025 1499 2056 occupatur
1514 2027 1541 2049 et
1566 2023 1682 2056 laborat,

894 2066 970 2101 sequi
982 2067 1044 2101 quis
1060 2066 1134 2093 dicat
1148 2066 1181 2093 ad
1194 2066 1377 2094 substantiam
1396 2067 1466 2102 ejus,
1483 2068 1529 2102 qui
1544 2072 1682 2103 operatur.

894 2111 949 2139 Nec
965 2113 1022 2140 ﬁcri
1037 2116 1136 2148 potest,
1147 2116 1176 2140 ut
1196 2112 1242 2147 qui
1256 2113 1372 2140 alterum
1387 2113 1422 2139 ab
1438 2113 1525 2141 altero
1550 2114 1682 2150 scjungit,

894 2159 1042 2194 separatim
1056 2164 1082 2195 et
1099 2167 1146 2194 per
1161 2167 1191 2186 se
1210 2159 1311 2191 solum,
1327 2159 1400 2194 quod
1414 2159 1587 2195 relinquitur,
1611 2161 1684 2188 acci-

895 2249 967 2285 quod
983 2257 1031 2284 per
1047 2250 1232 2285 operationem
1246 2250 1344 2283 cietur,
1356 2251 1449 2278 animo
1466 2252 1683 2286 comprehendit,

894 2300 921 2323 et
933 2296 980 2331 qui
995 2296 1136 2330 operantis
1160 2296 1328 2324 mentionem
1347 2297 1422 2329 facit,
1452 2298 1497 2324 ille
1516 2299 1629 2326 omnino
1644 2303 1686 2326 ta-

895 2342 949 2369 cite
974 2341 1162 2377 operationem
1179 2349 1288 2376 quoque
1315 2342 1491 2377 significavit.
1510 2341 1568 2370 Fiet
1593 2348 1684 2371 autem

895 2387 921 2414 id
947 2387 1019 2422 quod
1049 2387 1197 2414 asserimus
1219 2387 1367 2415 dilucidius
1397 2388 1539 2423 exemplis.
1566 2388 1685 2416 Dicimus

895 2433 978 2468 igitur
1005 2433 1122 2467 aliquem
1150 2440 1187 2460 aes
1212 2433 1310 2460 malleo
1325 2433 1452 2465 tundere,
1472 2433 1514 2460 vel
1540 2433 1684 2465 fabricare,

894 2480 937 2508 vel
952 2480 1026 2507 aliud
1042 2479 1172 2514 quiddam
1190 2479 1224 2506 de
1248 2487 1347 2514 genere
1370 2479 1465 2506 eodem
1488 2487 1578 2515 agerc.
1602 2479 1685 2514 Igitur

895 2533 951 2553 uno
980 2525 1114 2553 vocabulo
1141 2529 1168 2552 et
1192 2525 1278 2560 ipsam
1302 2525 1491 2560 operationem
1514 2529 1541 2553 et
1558 2525 1683 2560 opiﬁcem

895 2572 985 2599 oratio
998 2571 1203 2607 repraesentavit
1217 2581 1224 2598 :
1252 2571 1287 2598 ita
1299 2575 1328 2598 ut
1345 2572 1368 2599 si
1383 2572 1497 2598 alterum
1514 2571 1684 2605 sejungatur,

897 2619 1012 2645 alterum
1028 2617 1179 2645 subsistere
1197 2621 1323 2652 nequeat.
1340 2617 1368 2644 Si
1387 2617 1469 2652 igitur
1488 2616 1544 2643 duo
1564 2616 1621 2642 haec
1647 2616 1686 2643 si-

875 2668 879 2672 '
898 2666 952 2692 mul
967 2664 1166 2699 intelliguntur,
1184 2664 1308 2698 operatio
1323 2663 1494 2694 videlicet,ct
1511 2661 1533 2688 is
1549 2662 1595 2696 qui
1619 2669 1685 2696 0pc-

898 2712 1002 2738 ratione
1017 2710 1061 2738 illa
1080 2710 1144 2745 agit,
1159 2710 1296 2744 quomodo
1311 2708 1430 2735 afﬁrmat
1449 2708 1501 2734 iste
1517 2706 1549 2733 ad
1570 2707 1683 2741 primam

899 2757 1080 2786 substantiam
1109 2756 1186 2791 sequi
1213 2756 1286 2782 illam
1304 2753 1502 2788 operationem,
1520 2761 1573 2788 qua
1598 2754 1685 2788 prima

900 2803 1046 2831 secundam
1072 2801 1255 2830 substantiam
1276 2799 1391 2830 efﬂuxit,
1407 2802 1436 2824 ut
1458 2798 1494 2825 sit
1509 2797 1597 2824 media
1617 2805 1685 2832 quo-

902 2847 1045 2876 dummodo
1061 2847 1129 2874 inter
1143 2851 1296 2879 utramque,
1317 2848 1344 2871 et
1372 2851 1459 2877 ncquc
1479 2843 1572 2878 primm
1589 2849 1686 2869 serun-
