1914 3079
239 119 294 147 515

858 119 886 146 S.
906 119 1071 148 GREGORII
1087 118 1235 148 NYSSENI

1812 121 1857 148 5ίῇ

238 180 303 205 dum
322 181 446 204 naturam
468 184 633 212 congruens,
656 183 746 212 neque
769 184 831 204 cum
865 178 986 205 secunda
1014 178 1160 213 copulata?
1178 177 1244 205 Nam
1269 177 1303 205 ab
1326 177 1373 204 illa
1408 179 1534 212 separata
1570 178 1624 208 est,
1644 175 1719 210 quod
1741 184 1794 204 non
1827 179 1858 205 sit

239 228 347 256 natura,
373 223 419 250 sed
448 227 552 249 natura:
575 222 698 258 quaedam
722 223 824 256 motio;
855 223 932 251 alteri
958 231 1032 256 vero,
1051 232 1132 259 quam
1161 227 1222 259 post
1245 231 1275 251 se
1311 223 1454 258 relinquit,
1480 229 1535 249 non
1551 222 1693 257 competit,
1720 223 1782 258 quia
1810 231 1859 250 non

239 269 339 296 nudam
353 269 551 303 operationem,
568 269 616 296 sed
632 269 813 296 substantiam
829 270 926 304 agendi
939 270 1066 298 facultate
1078 270 1228 305 praeditam,
1238 270 1326 303 scipsa
1335 269 1473 304 produxit.

273 312 376 340 Deinde
394 313 446 339 hoc
465 313 548 340 etiam
571 313 764 348 disquisitione
785 313 896 349 dignum
917 322 1015 342 censeo

1115 312 1181 342 Εἶτα
1211 316 1320 341 κάκεῖνο
1350 313 1452 345 τούτοις
1481 312 1734 348 προσεξετάσωμενο
1765 313 1859 349 Ἔργον

237 358 311 393 Opus
345 358 506 385 substantiae
538 362 616 386 vocat
652 360 848 393 substantiam;
880 360 1026 388 secundam

237 403 344 439 quidem
374 404 478 438 primae,
496 412 593 432 rursus
624 406 751 434 secundae
779 407 897 434 tertiam.
924 408 958 434 At
973 414 1026 442 qua

237 449 344 476 ratione
372 449 424 477 hoc
449 451 663 478 demonstravit?
692 452 766 485 Quas
796 451 973 488 probationes
992 453 1025 481 ad

235 495 288 522 hoc
301 495 500 522 ostendendum
517 497 660 524 adhibuit?
675 505 707 525 ex
715 506 768 533 qua
783 499 911 526 methodo
924 504 951 526 et
967 502 1025 526 arte

233 541 325 571 evicit.
346 541 429 576 credi.
441 542 541 569 debere
563 543 742 577 posteriorem
752 552 811 571 esse
825 545 923 579 prioris
938 545 1026 579 opus?

235 586 263 614 Si
284 587 356 614 enim
371 595 403 614 ex
420 587 473 620 his,
488 595 549 622 quae
567 588 594 615 in
614 589 664 616 hac
679 597 771 616 rerum
789 590 967 617 universitate
984 590 1024 617 vi-

234 637 344 664 suntur,
361 632 395 659 de
421 632 465 659 his
482 633 564 660 etiam
581 633 801 661 ratiocinandum
816 639 889 662 esset
905 643 912 663 :
936 642 1025 669 neque

232 677 273 704 sic
290 676 399 711 quidem
419 677 537 711 deceret,
553 686 587 705 ex
599 679 642 706 his
656 679 768 707 caducis
789 685 816 707 et
841 681 869 707 in
885 680 940 707 imo
954 680 1025 715 posi-

232 723 268 750 tis
286 723 473 757 conjecturam
494 724 527 752 de
543 725 598 752 illis
613 725 823 753 sublimioribus
842 726 947 754 facere:
976 726 1023 754 sed

233 772 323 796 tamen
355 769 461 796 veniam
489 775 648 803 mereretur,
671 772 797 807 quisquis
824 772 876 804 his,
904 779 964 807 quas
990 772 1022 800 ob

232 813 328 840 oculos
350 814 543 845 obversantur,
573 814 712 848 inductus,
746 821 850 843 erraret
868 816 940 843 circa
964 816 1021 850 illa,

231 866 292 893 qua:
307 859 500 893 comprehendi
516 864 665 894 nequeunt.
691 860 770 888 Nunc
783 869 847 888 vero
864 861 926 895 quis
948 860 1023 887 afﬁr-

230 911 306 930 mare
320 903 402 934 ausit.
431 904 531 930 caelum
557 912 619 932 esse
641 905 751 940 quidem
772 913 842 940 opus
867 905 933 938 Dei,
959 905 1021 932 εωίί

230 957 295 977 vero
310 949 413 977 solent?
428 949 499 977 Solis
517 951 621 982 lunam,
645 951 728 987 hujus
753 952 857 984 stellas,
880 956 907 978 et
924 952 1019 978 harum

1078 359 1206 394 ὀνομάζει
1225 360 1275 394 τῆς
1291 359 1385 389 οὐσίας
1399 357 1448 392 τὴν
1472 357 1565 384 οὐσίαν
1576 366 1582 371 ’
1600 356 1649 392 τὴν
1665 356 1715 392 μὲν
1737 356 1858 391 δευτέραν

1077 406 1126 440 τῆς
1142 405 1268 441 πρώτης·
1281 406 1330 440 τῆς
1339 405 1367 431 δὲ
1380 404 1507 439 δευτέρας
1520 403 1610 436 πάλιν,
1621 403 1671 439 τὴν
1686 403 1791 438 τρίτην.
1805 404 1859 430 Τίνι

1076 451 1170 486 τρόπῳ
1191 449 1386 486 προαποδείξας
1410 448 1455 475 τὸν
1482 448 1575 482 λόγον;
1601 447 1657 475 τίσι
1684 449 1860 479 κατασκευαῖς

1076 497 1116 527 εἰς
1143 495 1220 522 τοῦτο
1249 495 1437 531 χρησάμενος;
1465 495 1497 521 ὲκ
1519 493 1599 525 ποίας
1622 493 1734 528 μεθόδου
1759 493 1789 520 τδ
1811 494 1860 520 δεῖν

1076 540 1214 575 ἐνέργειαν
1225 542 1274 576 τῆς
1284 540 1470 576 προλαὸούοης
1481 539 1530 574 τὴν
1541 539 1639 574 ἐφεξῆς
1649 537 1718 566 εἶναι
1729 539 1860 566 πιστεύειν

1076 586 1293 621 συναναγκάσαςς
1316 587 1347 613 El
1365 585 1413 621 μὲν
1427 586 1480 620 γὰρ
1497 585 1529 611 ὲκ
1542 584 1595 612 τῶν
1606 584 1707 611 λοιπῶν
1719 585 1775 611 τῶν
1789 585 1817 611 ἑν
1829 587 1860 622 τῇ

1075 631 1161 658 κτίσει
1176 631 1368 668 θεωρουμένων
1384 631 1437 658 ἔδει
1462 631 1509 657 καὶ
1534 631 1597 666 περὶ
1615 629 1719 657 τούτων
1740 630 1860 664 ἀναλογι-

1075 678 1183 711 σασθαι,
1200 676 1257 713 εἶχε
1273 678 1322 714 μὲν
1336 677 1393 704 οὗθ’
1408 676 1493 708 οὕτως
1508 676 1597 708 καλῶς
1613 676 1647 703 ὲκ
1664 676 1719 703 τῶν
1742 677 1859 703 κατωτὲ-
1879 700 1883 703 .

1076 731 1129 758 ρων
1145 723 1192 750 καὶ
1208 723 1262 749 τῶν
1277 722 1481 759 ὑπερκειμένων
1503 721 1697 756 στοχάζεσθαι·
1723 721 1796 757 πλὴν
1806 721 1859 748 ἀλλ’

1073 765 1130 803 εῐχὲ
1146 777 1172 795 τι
1195 768 1366 803 συγγνωστὸν
1383 768 1448 799 ἴσως
1460 768 1474 794 ὁ
1490 766 1584 801 λόγος,
1603 766 1646 793 διὰ
1658 766 1714 793 τῶν
1734 767 1859 802 φαινομέ·

1073 822 1125 840 νων
1141 815 1170 841 ὲν
1185 815 1239 846 τοῖς
1262 814 1463 849 ἀκαταλήπτοις
1483 812 1668 848 πλανώμενος.
1689 813 1758 839 Νυνὶ
1773 812 1801 839 δὲ
1820 814 1859 844 τίς

1073 858 1150 885 τοῦτο
1173 859 1260 894 λέγειν
1286 859 1462 895 ἐπιχειρήσει,
1492 859 1533 885 ὅτι
1567 858 1682 893 οὐρανὸς
1713 858 1761 893 μὲν
1784 858 1859 893 ἔργον

1072 903 1150 936 Θεοῦ,
1165 904 1278 940 οὐρανοῦ
1299 905 1326 930 δὲ
1341 904 1431 939 ἥλιος·
1449 904 1494 930 καὶ
1514 903 1589 939 ἡλίου
1604 903 1715 939 σελήνη,
1738 904 1785 930 καὶ
1797 903 1860 930 tad-

1072 958 1121 984 της
1137 950 1261 985 ἀστέρες,
1278 951 1410 977 κάκείνων
1433 950 1497 976 ἄλλο
1520 959 1546 976 τι
1567 949 1622 976 τῶν
1644 950 1673 976 ἐν
1699 951 1733 985 τῇ
1757 950 1857 981 missi;

229 995 310 1022 aliam
324 995 470 1030 quamdam
487 1003 520 1023 ex
539 1004 630 1023 rerum
641 1001 796 1025 creatarum
812 998 945 1025 numero?
957 997 1019 1024 Om-

1077 996 1150 1028 Ἑνὸς
1165 996 1219 1032 γὰρ
1234 996 1301 1031 ἔργα
1315 996 1348 1022 τὰ
1365 996 1465 1028 πάντα,
1479 995 1572 1030 ἐπειδὴ
1591 992 1638 1028 εἷς
1651 994 1725 1028 Θεὸς
1739 995 1789 1021 καὶ
1802 997 1859 1022 Πα-

229 1039 273 1065 nia
285 1041 359 1066 enim
380 1040 462 1068 unius
489 1045 662 1076 sunt,opera,
684 1049 745 1068 eum
764 1042 800 1069 sit
817 1051 884 1070 unus
911 1042 978 1069 Deus
995 1047 1020 1069 et

230 1087 313 1112 l‘ater
332 1086 461 1118 omnium,
479 1094 511 1113 ea;
536 1095 587 1121 quo
610 1088 699 1114 omnia
713 1088 745 1115 ³³.
762 1087 839 1121 Quod
856 1089 878 1115 si
897 1089 1019 1122 quaedam

227 1137 260 1157 ex
277 1138 307 1158 se
322 1135 416 1158 mutuo
445 1132 521 1165 ﬁniit,
539 1137 579 1166 ut,
606 1134 722 1168 exempli
747 1141 841 1166 causa,
861 1135 1017 1161 animalium

228 1172 388 1210 generatio;
406 1185 494 1213 neque
509 1179 549 1205 sic
564 1179 637 1206 aliud
651 1187 682 1206 ex
709 1179 763 1206 alio
777 1180 816 1212 ﬁt,
835 1183 961 1207 manente
975 1187 1019 1208 ea-

228 1222 302 1253 dem,
323 1221 349 1248 in
367 1221 409 1249 his
420 1230 481 1257 qum
501 1223 659 1258 gignuntur,
683 1227 790 1251 natura.
804 1225 861 1257 Qua
878 1224 959 1259 igitur
979 1232 1019 1251 ra-

227 1266 301 1294 tione
317 1266 354 1298 id,
372 1267 444 1302 qnod
468 1275 519 1295 nec
539 1268 566 1295 in
588 1269 671 1296 rebus
690 1269 791 1296 creatis
817 1269 965 1302 invenitur,
979 1269 1018 1296 illi

227 1320 364 1346 supremae
377 1318 481 1340 natura:
494 1313 629 1346 attribuit,
644 1315 739 1349 primae
753 1314 881 1342 videlicet
893 1315 1019 1342 substan-

227 1358 271 1385 tiae
297 1358 448 1386 secundam
483 1366 544 1387 esse
575 1367 654 1394 opus,
679 1364 704 1388 et
733 1361 815 1395 hujus
842 1361 1019 1395 sequentem?

226 1403 305 1434 Quod
322 1403 345 1429 si
358 1403 481 1437 inspecto
506 1404 666 1430 animalium
678 1408 739 1430 ortu
759 1409 899 1439 permotus
915 1409 967 1437 est,
988 1410 1018 1432 ut

227 1448 318 1475 simile
329 1449 395 1483 quid
420 1448 453 1476 de
482 1449 587 1475 illibata
605 1449 651 1475 illa
683 1454 710 1476 et
736 1450 899 1478 intemerata
919 1455 1017 1478 natura

225 1493 396 1526 decerneret,
425 1493 525 1527 prioris
561 1494 668 1522 scilicet
694 1502 764 1530 opus
791 1496 928 1530 quoddam
956 1504 1018 1524 esse

226 1538 427 1571 posteriorem,
458 1545 491 1564 ne
515 1537 554 1564 sic
581 1537 693 1573 quidem
717 1539 801 1566 rebus
825 1539 1017 1568 convenienter

226 1583 320 1610 sentit.
333 1582 400 1609 Nam
417 1590 476 1617 quae
488 1591 519 1610 ex
536 1591 565 1611 se
580 1583 697 1611 invicem
719 1585 878 1620 gignuntur,
902 1593 933 1613 ea
948 1586 1017 1620 ejus-

225 1629 287 1656 dem
308 1628 422 1654 omnino
452 1631 558 1655 natura:
583 1633 658 1661 sunt,
681 1636 742 1655 cum
772 1629 836 1662 illis,
855 1638 887 1657 ex
917 1631 1016 1664 quibus

225 1675 386 1710 gignuntur.
403 1673 457 1701 lste
474 1678 563 1701 autem
578 1674 694 1701 alienam
708 1678 735 1702 et
748 1676 917 1710 peregrinam
934 1680 1015 1703 natu-

225 1728 284 1749 ram
298 1720 404 1756 afﬁngit
416 1720 480 1752 illis,
497 1719 544 1755 qui
559 1728 591 1747 ex
600 1729 631 1748 se
647 1725 743 1748 mutuo
767 1722 823 1748 nati
842 1726 916 1753 attrit,
926 1725 956 1748 ut
972 1730 1018 1756 pa-

224 1767 336 1794 tefaciat
352 1766 487 1793 mendacii
505 1766 664 1799 vanitatem,
683 1771 709 1795 et
729 1771 857 1803 tanquam
877 1767 1018 1795 ambidex-

225 1816 268 1840 ter
285 1812 359 1847 pugil
383 1812 492 1847 gemino
509 1812 563 1839 ictu
581 1812 724 1840 veritatem
748 1817 868 1848 appetat.
895 1812 930 1840 Ut
944 1813 1016 1840 enim

226 1858 424 1892 subjectionem
443 1857 639 1893 dignitatisque
660 1859 795 1886 naturalis
819 1859 879 1886 Filii
895 1864 922 1886 et
937 1858 1019 1894 Spiri-

226 1909 271 1932 tus
287 1904 375 1931 sancti
392 1903 612 1931 imminutioncm
636 1904 767 1937 stabiliat,
797 1905 914 1932 alterum
931 1913 962 1932 ex
980 1905 1032 1931 ιιι-ν

225 1955 285 1977 tero
300 1949 404 1977 editum
419 1949 497 1976 dicit.
513 1949 551 1977 Ne
567 1958 629 1978 vero
651 1951 715 1978 dum
733 1951 790 1978 haec
806 1952 915 1984 asserit,
930 1951 956 1978 in
969 1958 1018 1978 co-

224 1996 373 2030 gnitionem
404 1996 527 2031 ejusdem
545 1996 713 2024 exsistentiae
741 1997 768 2024 in
795 1997 890 2025 eadem
921 2001 1019 2024 natura

224 2041 370 2068 deveniant
382 2042 419 2068 illi
431 2042 478 2077 qui
497 2042 701 2077 generationem
714 2050 747 2070 ex
763 2051 793 2070 se
807 2043 923 2070 invicem
940 2042 1017 2069 intel-

225 2086 322 2122 ligunt,
339 2095 400 2115 cum
415 2088 473 2122 ipsa
490 2092 596 2117 natura:
614 2089 719 2115 ratione
738 2093 850 2123 pugnat,
871 2088 936 2115 dum
951 2087 1018 2114 alte-

225 2139 285 2158 rum
303 2139 336 2158 ex
351 2132 440 2158 altero
456 2136 669 2166 progeneratum
689 2133 814 2158 concedit
829 2141 836 2165 ;
853 2132 1019 2166 diversmque

224 2181 340 2209 natura,
355 2182 381 2203 et
396 2177 479 2211 quasi
496 2177 597 2211 spuria:
617 2185 690 2210 eum,
708 2178 755 2212 qui
771 2181 853 2205 natus
867 2181 918 2210 est,
935 2184 950 2204 a
968 2185 1018 2205 suo

1030 1651 1051 1680 C

185 2234 189 2237 -
223 2222 348 2256 genitore
362 2221 456 2249 efﬁcit.

260 2269 407 2302 Caeterum,
423 2269 496 2304 quod
511 2269 577 2296 mihi
602 2274 666 2297 ante
685 2270 777 2297 omnia
795 2270 907 2306 dignum
927 2279 1017 2306 repre-
1033 2283 1054 2311 ι)

225 2315 358 2342 hcnsione
381 2315 499 2347 videtur,
526 2315 578 2342 hoc
605 2319 647 2342 est
667 2325 673 2342 :
690 2315 719 2343 Si
738 2316 855 2342 aliorum
879 2316 1016 2350 quispiam

226 2360 341 2387 docendi
359 2360 513 2396 imperitus,
531 2366 558 2388 et
572 2361 599 2388 in
621 2361 664 2389 his
679 2361 925 2390 exercitationibus
940 2362 1017 2390 rudis

225 2410 254 2433 cl.
283 2406 383 2440 hospes
410 2406 576 2433 sententiam
602 2414 697 2438 suam,
721 2411 802 2442 prout
824 2415 868 2434 res
890 2407 1016 2437 tulisset,

225 2451 407 2482 (nuntiasset,
431 2451 528 2478 merito
555 2452 579 2478 ei
602 2451 813 2486 ignosceremus,
825 2453 898 2487 quod
922 2453 1018 2487 hujus-

228 2495 299 2522 iuodi
314 2499 447 2529 apparatu
464 2496 496 2522 ad
518 2496 681 2523 stabilienda
694 2496 821 2531 dogmata
839 2505 906 2525 usus
932 2502 1015 2525 esset.

227 2543 334 2569 Atcum
352 2541 403 2568 iste
422 2549 453 2568 ea
473 2542 600 2569 facultate
619 2543 730 2577 polleat,
751 2548 779 2570 ut
800 2548 826 2571 et
849 2544 882 2571 ad
905 2551 935 2571 ea
956 2552 1017 2579 quae

227 2588 308 2622 longe
324 2595 407 2621 supra
426 2591 552 2614 naturam
567 2593 689 2616 nostram
709 2590 796 2623 posita
813 2593 888 2622 sunt,
905 2590 1017 2617 investi—

228 2633 317 2666 ganda
343 2632 554 2666 perspicacitate
575 2641 624 2660 sua
647 2642 708 2662 sese
734 2635 871 2666 extendat,
898 2642 1016 2669 quonam

230 2677 310 2702 modo
334 2676 468 2710 ignoravit
492 2677 667 2712 principium,
690 2686 744 2713 quo
763 2679 790 2706 in
807 2679 848 2706 liis
865 2687 956 2706 rerum
973 2687 1015 2706 oc-

229 2721 364 2748 cultarum
397 2722 637 2757 diSqnisitionibus
671 2724 808 2759 indagatio
838 2725 1016 2753 instituitur?

266 2810 306 2837 “l
326 2810 389 2839 Cor.
404 2819 463 2846 vni,
476 2813 503 2840 6.

1070 1041 1125 1074 τὴρ
1144 1041 1274 1073 πάντων,
1290 1040 1324 1073 ἐξ
1339 1039 1374 1068 οὗ
1396 1041 1431 1068 τὰ
1447 1039 1555 1067 πάντα.
1576 1040 1608 1066 Εἰ
1620 1039 1648 1066 δέ
1664 1049 1691 1066 τι
1703 1040 1752 1066 καὶ
1768 1040 1800 1066 δι’
1816 1041 1859 1066 ἁλ-

1070 1086 1157 1121 λήλων
1180 1087 1300 1121 γίνεται,
1326 1086 1420 1122 ὥσπερ
1442 1087 1458 1121 ὴ
1477 1086 1531 1113 τῶν
1556 1085 1633 1115 ζώων
1658 1085 1777 1119 γένεσις,
1803 1086 1858 1112 οὐδὲ

1070 1131 1148 1158 τοῦτο
1163 1133 1253 1168 ἕτερον
1268 1132 1297 1164 ἐξ
1321 1131 1414 1167 ἐτέρου
1432 1131 1547 1166 γίνεται,
1562 1131 1743 1165 διαμενούσης
1765 1132 1793 1157 ἒν
1807 1133 1859 1162 τοῖς

1070 1178 1265 1213 ἐπιγινομένοις
1279 1178 1328 1212 τῆς
1342 1177 1457 1212 φύσεως.
1473 1177 1536 1208 Πῶς
1544 1174 1590 1204 οὖν
1599 1178 1641 1203 ἐπ’
1650 1177 1761 1208 οὐδενὸς
1768 1177 1822 1202 τῶν
1832 1177 1858 1203 ὲν

1069 1224 1102 1258 τῇ
1125 1223 1210 1250 κτίσει
1233 1223 1428 1259 θεωρουμένων
1444 1222 1512 1258 ἔχων
1528 1223 1559 1249 τὸ
1572 1222 1692 1249 τοιοῦτον
1704 1223 1860 1257 εἰπεῖν,,ὲπὶ

1068 1271 1117 1304 τῆς
1126 1269 1325 1304 ὑπερκειμένης
1332 1268 1425 1300 οὐσίας
1437 1268 1514 1294 τοῦτο
1525 1269 1738 1300 κατασκευάζει,
1745 1269 1776 1295 τὸ
1784 1269 1860 1305 ἔργον

1069 1311 1138 1339 εἶναι
1158 1312 1206 1348 τὴν
1232 1313 1360 1348 δευτέραν
1386 1313 1435 1347 τῆς
1458 1312 1586 1348 πρώτης,
1615 1313 1662 1340 καὶ
1682 1313 1788 1349 ταύτην
1813 1314 1859 1348 τῆς

1069 1357 1186 1392 ἐφεξῆς;
1202 1357 1232 1383 Εἰ
1245 1357 1274 1384 δὲ
1288 1357 1336 1391 τὴν
1353 1356 1446 1391 ζωώδη
1461 1356 1565 1390 γένεσιν
1580 1357 1721 1393 ἐννοήσας,
1738 1357 1860 1384 ἐντεῦθεν

1069 1402 1224 1438 ἐφαντάσοη
1241 1402 1288 1429 καὶ
1301 1402 1364 1437 περὶ
1376 1402 1425 1436 τῆς
1446 1401 1585 1437 ἀκηράτου
1599 1401 1706 1436 φύσεως
1723 1403 1861 1438 ὁμοιότρο-

1070 1449 1119 1476 πόν
1134 1457 1160 1475 τι
1174 1447 1350 1482 λογίσασθαι.
1371 1447 1440 1474 ὥστε
1460 1446 1540 1482 ἔργον
1557 1447 1686 1483 νοηθῆναι
1708 1448 1739 1475 τὺ
1763 1448 1861 1483 ἐφεξῆς

1068 1493 1113 1520 τοῦ
1127 1494 1302 1529 προάγοντος,
1317 1492 1371 1519 οὐδ’
1382 1493 1411 1518 ὲν
1422 1492 1508 1527 τούτῳ
1528 1492 1559 1519 τὺ
1571 1493 1717 1520 ἀκόλουθον
1733 1493 1860 1526 διασώζει

1069 1539 1114 1566 τοῦ
1137 1540 1228 1573 λόγου.
1254 1539 1294 1566 Τὰ
1318 1538 1372 1574 γὰρ
1389 1539 1418 1571 ἐξ
1437 1538 1538 1573 ἑτέρων
1553 1538 1695 1574 γινόμενα,
1715 1539 1859 1574 ὁμοιογενῆ

1069 1585 1176 1617 πάντως
1199 1585 1258 1611 ἐστὶ
1271 1586 1328 1616 τοῖς
1352 1584 1381 1618 ἐξ
1395 1581 1433 1612 ὧν
1454 1584 1570 1618 γίνεται.
1592 1584 1622 1611 '0
1640 1584 1670 1611 δὲ
1688 1585 1720 1611 τὸ
1743 1585 1819 1618 ξένον
1831 1594 1860 1612 τε

1069 1631 1116 1656 καὶ
1132 1630 1277 1664 ἀλλόφυλον
1294 1631 1349 1662 τοῖς
1371 1630 1404 1656 δι’
1423 1629 1544 1664 ἀλλήλων
1560 1624 1755 1665 γεγενημένοις
1775 1639 1861 1667 προσ-

1070 1677 1219 1712 μαρτυρεῖ,
1245 1676 1288 1702 ἴνα
1310 1675 1383 1711 δείξῃ
1408 1675 1456 1711 τὴν
1479 1676 1638 1710 περιουσίαν
1662 1676 1710 1703 τοῦ
1725 1676 1861 1711 ψεύδους,

1067 1721 1161 1757 ὥσπερ
1177 1721 1262 1753 δεξιὸς
1276 1721 1427 1755 ἀγωνιστὴς
1440 1720 1519 1756 διπλῇ
1540 1723 1572 1757 τῇ
1590 1722 1662 1757 χειρὶ
1675 1721 1784 1756 βάλλειν
1802 1724 1862 1749 επι-

1068 1767 1166 1803 χειρῶν
1189 1767 1237 1802 τὴν
1262 1767 1399 1803 ἀλήθειαν.
1426 1767 1484 1794 Ἵνα
1509 1766 1563 1802 γὰρ
1588 1767 1619 1793 τὺ
1641 1767 1789 1803 ὑφειμένον
1814 1770 1863 1795 καὶ

1068 1814 1138 1841 κατὰ
1153 1814 1201 1848 τὴν
1218 1813 1334 1848 φυσικὴν
1357 1813 1434 1845 ἀξίαν
1451 1813 1640 1847 ἠλαττωμένον
1659 1814 1707 1840 τοῦ
1731 1813 1799 1841 Υῑοῦ
1815 1815 1862 1842 καὶ

1067 1860 1114 1886 τοῦ
1136 1859 1291 1894 Πνεύματος
1307 1859 1436 1894 ἐπιδείξῃ,
1453 1859 1545 1894 ἕτερον
1561 1858 1591 1891 ἐξ
1606 1859 1700 1894 ἑτέρου
1715 1860 1861 1895 γενόμενον

1067 1905 1159 1939 λέγει·
1177 1904 1214 1936 ὡς
1240 1905 1344 1939 μήποτε
1368 1905 1408 1934 είς
1430 1904 1595 1940 οἰκειότητος
1623 1904 1729 1930 ἔννοιαν
1753 1905 1786 1930 ἐκ
1814 1904 1862 1931 τοῦ

1067 1950 1186 1977 τοιούτου
1211 1950 1312 1985 τρόπου
1340 1950 1389 1985 τῆς
1410 1949 1553 1985 ὑπάρξεως
1569 1950 1672 1976 ἔλθοιεν
1708 1950 1733 1976 οι
1756 1950 1807 1985 τὴν
1831 1951 1862 1983 ἐξ

1067 1996 1188 2031 ἀλλήλων
1202 1996 1307 2030 γένεσιν
1320 1995 1519 2031 μεμαθηκότες,
1534 1996 1580 2022 καὶ
1597 1996 1672 2031 αὐτῷ
1689 1996 1807 2031 μάχεται
1821 1997 1863 2031 τῷ

1066 2042 1116 2077 τῆς
1132 2041 1237 2076 φύσεως
1251 2042 1333 2077 λόγῳ,
1347 2043 1394 2068 καὶ
1405 2042 1497 2078 ἕτερον
1510 2040 1540 2074 ἐξ
1560 2042 1655 2078 ἐτέρου
1671 2041 1801 2076 γενέσθαι
1815 2042 1860 2069 λέ-

1069 2095 1135 2120 γων,
1157 2087 1204 2112 καὶ
1220 2085 1295 2113 νόθον
1311 2086 1357 2113 τὸν
1381 2086 1574 2121 γεγενημένον,
1599 2086 1637 2118 ὡς
1655 2087 1725 2124 πρὸς
1743 2087 1792 2123 τὴν
1813 2087 1861 2113 τοῦ

1069 2132 1262 2167 γεγεννηκότος
1278 2131 1366 2166 φύσιν,
1384 2131 1610 2166 ἀποφαινόμενος.

1107 2269 1139 2294 Ὃ
1157 2268 1186 2294 δέ
1210 2276 1254 2303 μοι
1269 2267 1341 2294 δοκεῖ
1361 2267 1414 2303 πρὸ
1433 2267 1535 2294 τούτων
1551 2267 1584 2295 ἄν
1600 2276 1643 2299 τις
1657 2268 1771 2300 εἰκότως
1790 2271 1863 2305 μέμ-

1068 2314 1183 2349 ψασῦαι,
1206 2313 1284 2340 τοῦτό
1304 2314 1387 2339 ἐστιν·
1410 2314 1442 2342 Εἰ
1463 2313 1512 2348 μὲν
1534 2313 1588 2340 τῶν
1607 2313 1697 2340 ἄλλων
1721 2323 1763 2346 τις
1779 2312 1814 2350 ἦν
1834 2316 1865 2341 ὲν

1068 2359 1180 2394 ἀπειρίᾳ
1187 2359 1233 2385 τοῦ
1243 2358 1331 2392 λέγειν
1342 2357 1454 2393 ἀτριϐὴς
1465 2357 1519 2384 τῶν
1529 2358 1658 2386 τοιούτων
1670 2360 1865 2390 κατασκευῶν,

1069 2405 1114 2431 καὶ
1126 2403 1314 2438 ἀγύμναστος,
1333 2402 1426 2429 ἔπειτα
1442 2403 1472 2429 τὸ
1492 2403 1637 2438 παραστὰν
1654 2404 1732 2440 αὐτῷ
1746 2405 1820 2431 κατά
1834 2406 1868 2432 τὸ

1069 2449 1175 2484 συμϐὰν
1190 2449 1364 2483 ἀπεφαίνετο,
1381 2449 1553 2482 συγγνωστὸς
1578 2449 1611 2476 ἄν
1627 2449 1695 2482 ἴσως
1708 2452 1769 2481 ταῖς
1789 2459 1868 2477 νενο-

1070 2493 1214 2528 μισμέναις
1233 2493 1297 2528 περὶ
1318 2493 1419 2520 τούτων
1436 2493 1540 2527 ἐφόδοις
1557 2494 1598 2526 είς
1614 2494 1664 2529 τὴν
1686 2495 1742 2521 τῶν
1756 2495 1867 2531 δογμά-

1065 2547 1118 2565 των
1134 2538 1304 2573 κατασκευὴν
1320 2538 1357 2573 μὴ
1374 2538 1575 2574 συγχρώμενος.
1599 2539 1677 2566 Ἐπεὶ
1691 2540 1719 2566 δὲ
1735 2541 1869 2568 τοσοῦτον

1066 2583 1139 2619 αὐτῷ
1158 2583 1280 2618 περίεστι
1304 2584 1353 2619 τῆς
1375 2585 1403 2610 ὲν
1431 2583 1518 2619 τούτῳ
1541 2584 1701 2619 δυνάμεως,
1718 2585 1792 2612 ὥστε
1819 2587 1870 2614 καὶ

1066 2631 1105 2660 εἰς
1121 2629 1154 2655 τὰ
1171 2629 1333 2664 ὑπερέκεινα
1355 2629 1404 2663 τῆς
1428 2629 1535 2663 φύσεως
1550 2629 1629 2664 ἡμῶν
1646 2630 1691 2656 διὰ
1707 2631 1757 2665 τῆς
1781 2640 1870 2659 κατα-

1067 2675 1200 2710 ληπτικῆς
1215 2674 1307 2709 ἐφόδου
1323 2674 1577 2710 ὐπερεκτείνεσοαι,
1597 2675 1657 2707 πῶς
1674 2677 1795 2712 ἠγνόησε
1817 2679 1870 2714 τὴν

1068 2720 1164 2756 ἀρχὴν,
1175 2720 1207 2747 δι’
1219 2717 1251 2755 ἧς
1263 2720 1362 2751 παντὸς
1375 2721 1567 2756 κεκρυμμένου
1580 2720 1746 2756 πράγματος
1761 2724 1794 2749 ἐν
1809 2726 1871 2755 τοῖς
