1914 3079
41 153 98 181 517

615 153 754 182 CONTRA
769 153 962 186 EUNOMIUM,
985 153 1047 181 ΙέΙΒΔ
1070 154 1089 180 1.

1627 154 1685 180 313·

41 210 170 244 λογικαῖς
181 209 293 242 ταύταις
314 211 511 247 ὲπιχειρήσεσιν
527 210 702 246 ήκατάληψις
715 210 819 245 γίνεται
830 219 834 243 ς

891 209 957 243 Quis
972 210 1044 237 enim
1062 209 1152 237 nescit
1176 209 1326 236 oralionem
1345 216 1379 235 ex
1400 208 1553 236 manifestis
1570 211 1671 244 perspi-

41 255 93 287 Τίς
106 255 162 290 γὰρ
178 255 230 282 οὐκ
242 254 322 288 οἶδεν,
337 256 375 282 ὅτι
393 255 446 288 πᾶς
460 255 536 290 λύγος
551 257 582 282 ἐκ
595 255 647 282 τῶν
668 255 791 291 φανερῶν
806 264 835 281 τε

41 301 93 327 καὶ
114 301 199 327 πᾶσιν
224 301 402 336 ἐγνωσμένων
422 301 469 332 τὰς
493 301 579 336 ἀρχὰς
600 301 757 337 λαμϐάνων,
781 303 836 334 τοῖς

41 346 315 382 ἀμφισϐητουμένοις
336 347 369 373 δι’
389 346 470 373 αὑτοῦ
494 347 590 381 ἐπάγει
606 348 654 383 τὴν
671 348 770 380 πίστιν,
789 348 836 375 καὶ

41 394 97 420 οὐκ
107 394 141 421 ἂν
155 394 257 430 ἑτέρως
269 403 295 421 τι
311 394 496 430 καταληφθείη
509 395 563 422 τῶν
577 395 785 432 κεκρυμμένων,
799 395 836 431 μὴ

42 440 102 467 τῶν
133 440 361 477 ὁμολογουμένων
381 442 456 476 ἡμᾶς
484 442 560 478 πρὸς,
573 442 622 478 τὴν
650 442 704 469 τῶν
731 442 836 478 ἀδήλων

43 487 156 512 σύνεσιν
178 486 438 521 χειραγωγούντων;
452 487 483 513 Et
497 487 569 514 δὲτὰ
583 488 611 514 ἐν
631 489 728 524 ἀρχαῖς
750 487 836 522 λόγων

42 532 115 566 πρὸς
128 531 177 567 τὴν
187 531 241 558 τῶν
250 532 440 567 ἀγνοουμένων
457 533 610 568 φανέρωσιν
626 533 817 568 λαμϐανόμενα
827 552 834 566 ,

41 578 106 608 ταῖς
122 577 178 603 τῶν
204 577 309 603 πολλῶν
325 577 474 613 ὑπολήψεσι
498 579 625 614 μάχοιτο,
653 578 734 614 σχολῇ
759 579 785 613 γ’
803 578 836 606 ἂν

21 649 27 655 _
42 623 92 648 καὶ
107 622 158 649 διὰ
169 622 271 650 τούτων
288 622 456 659 φανερωθείη
469 623 500 649 τὺ
515 623 704 659 ἀγνοούμενον.

77 733 186 761 Οὐκοῦν
199 734 216 770 ἡ
234 734 308 761 πᾶσα
329 735 401 770 μάχη
416 735 464 761 καλ¹
479 735 627 770 ἀμφιϐολία
643 736 690 763 τοῦ
702 736 837 772 δόγματος

41 780 103 811 τοῖς
121 780 375 814 Ἐκκλησιαστικοῖς
386 781 454 816 πρὸς
462 782 523 813 τοὺς
541 781 694 817 ’Λνομοίους
702 783 838 819 ἐστὶ,περί

40 833 71 851 τε
94 825 142 851 τοῦ
157 826 212 852 δεῖν
227 826 243 862 ἢ
262 826 370 852 κτιστὸν
383 827 452 854 νοεῖν
468 827 513 853 τὸν
528 827 601 861 Υίὺν,
617 828 664 855 καὶ
683 829 713 855 τὸ
726 829 838 865 Πνεῦμα

43 871 120 898 κατὰ
142 871 188 897 τὺν
203 871 283 906 λόγον
303 871 357 898 τῶν
373 872 512 904 ἐναντίων,
534 874 551 910 ἢ
569 873 618 908 τῆς
635 874 762 901 ἀκτίστου
787 875 837 910 φύ-

42 926 126 950 σεως,
143 917 235 950 καθὼς
251 919 267 954 ἡ
293 919 439 954 Ἐκκλησία
455 919 627 948 πεπίστευκε.
644 917 727 953 Οὗτος
749 922 837 948 τοίνυν

40 964 112 990 αὐτὸ
124 964 156 990 τὸ
177 965 253 1000 παρὰ
270 964 378 992 πάντων
398 965 614 1000 ἀντιλεγόμενον,
639 967 676 998 ὼς
692 968 838 1003 ὁμολογού-

42 1019 127 1044 μενον
145 1010 336 1044 ἀποφαίνεται.
362 1011 417 1038 Καὶ
429 1011 555 1047 οὐδεμίαν
567 1012 702 1045 ἀπόδειξιν
721 1012 838 1048 ἐξευρὼν

39 1055 89 1082 τοῦ
107 1055 187 1090 ἔργον
213 1053 283 1082 εἶναι
299 1056 348 1090 τῆς
369 1056 542 1092 προαγούσης
555 1056 649 1088 οὐσίας
662 1057 711 1092 τὴν
726 1057 837 1093 ἐφεξῆς,

40 1100 156 1135 θαρσῶν
169 1100 326 1135 δογματίζει
342 1101 372 1127 τὸ
382 1100 468 1133 οὕτως
481 1101 561 1136 ἔχειν,
584 1102 633 1128 οὐκ
645 1099 703 1128 οἴδα
715 1103 747 1128 ὲκ
760 1103 838 1133 ποίας

40 1146 214 1177 τναιδεύσεως
232 1145 248 1181 ἦ
264 1146 359 1180 σοφίας
373 1146 452 1172 τοῦτο
472 1147 620 1182 θαρσήσας.
633 1147 664 1174 Ei
682 1147 734 1183 γὰρ
748 1148 837 1183 πάσης

38 1192 219 1227 κατασκευῆς
239 1192 286 1218 καὶ
307 1192 468 1224 ἀποδείξεως
485 1192 590 1228 ἄμαχόν
611 1202 671 1220 τινα
686 1194 732 1220 καὶ
751 1194 837 1230 ἀναμ-

42 1237 155 1271 φίὸολον
174 1237 356 1273 προηγεῖσθαι
382 1238 434 1273 χρὴ
444 1238 492 1273 τὴν
515 1238 674 1273 ὁμολογίαν,
700 1239 770 1266 ὥστε
798 1240 836 1275 τῷ

39 1282 311 1318 προκατειλημμένῳ
324 1283 354 1310 τὸ
368 1283 547 1319 ἀγνοούμενον
557 1285 616 1315 ταῖς
630 1283 673 1311 διὰ
690 1285 772 1320 μέσου
787 1294 837 1312 κα-

39 1329 194 1358 τασκευαῖς
207 1327 314 1359 οἰκείως
324 1331 526 1367 προσαγύμενον
542 1328 760 1363 ἀποδείκνυσθαι,
776 1331 790 1357 ὁ
806 1331 836 1357 τὸ

39 1372 211 1408 ζητούμενον
237 1371 277 1398 ἔτι
298 1372 338 1404 είς
358 1373 529 1408 κατασκευὴν
551 1374 652 1410 ἑτέρων
677 1367 834 1409 πωτείνῶν,

38 1418 119 1443 οὐδὲν
134 1417 229 1451 ἕτερον
251 1417 267 1451 ἢ
284 1417 317 1443 δι’
339 1417 449 1451 ἀγνοίας
471 1419 591 1452 ἄγνοιαν,
610 1419 658 1445 καὶ
681 1419 713 1446 δι’
728 1420 835 1456 ἀπάτης

38 1463 152 1497 ἀπάτην
166 1462 375 1494 κατασκευάζει.
397 1462 483 1489 Τοῦτό
505 1464 563 1490 ἐστι
575 1464 604 1490 τὸ
620 1464 718 1498 τυφλοῦ
735 1466 835 1500 τυφλὸν

37 1508 139 1543 ὁδηγὸν
162 1508 307 1540 ποιεῖσθαι,
334 1508 426 1540 καθώς
442 1509 508 1545 φησί
525 1518 576 1536 που
600 1510 631 1537 τὸ
655 1510 833 1546 Εὑαγγέλιον.

40 1555 149 1584 Ὄντως
164 1553 219 1589 γὰρ
235 1554 327 1589 τυφλῷ
349 1555 396 1581 καὶ
409 1555 622 1591 κενεμϐατοῦντι
641 1558 678 1593 τῷ
694 1559 776 1594 λόγῳ,
796 1559 834 1594 τῷ

38 1598 147 1633 κτίσμα
180 1599 227 1625 καὶ
253 1598 358 1634 ποίημα
378 1599 424 1626 τὸν
446 1600 554 1627 πάντων
581 1601 691 1638 κτίστην
718 1604 765 1630 καὶ
790 1603 836 1639 δη-

39 1644 177 1679 μιουργὸν
201 1643 271 1671 εἶναι
289 1644 411 1678 λέγοντι,
426 1644 518 1681 ἕτερον
535 1646 634 1681 τυφλὸν
652 1647 730 1682 λόγον
746 1657 835 1684 παρα-

38 1689 225 1724 ζευγνύουσι,
245 1690 275 1716 τὺ
292 1689 432 1726 ἀλλότριον
453 1689 522 1718 εἶναι
537 1694 570 1727 τῇ
591 1692 670 1727 φύσει
696 1694 743 1721 καὶ
766 1695 836 1722 κατὰ

37 1737 88 1772 τὴν
108 1735 204 1762 οὐσίαν
219 1736 357 1772 ἀνόμοιον,
378 1737 426 1763 καὶ
440 1737 528 1773 πάντη
542 1738 591 1774 τῆς
607 1740 724 1776 φυσικῆς
739 1741 836 1768 οίκειό-

37 1790 122 1818 τητος
130 1782 275 1817 ἀμέτοχον,
286 1782 406 1812 εἶναιτοῦ
421 1783 527 1819 Πατρὸς
541 1784 586 1812 τὸν
600 1785 674 1812 Υίόψ
690 1786 746 1812 ἀλλ’
759 1786 836 1814 οὔπω

38 1828 108 1863 περὶ
121 1828 226 1854 τούτων
237 1837 243 1843 ·
260 1829 288 1855 ὲν
306 1825 346 1860 οἷς
366 1828 421 1864 γὰρ
447 1830 613 1866 γυμνότερον
627 1832 790 1859 ἐκκαλύπτει
805 1833 835 1859 τὸ

36 1874 141 1905 ἀσεϐὲς
150 1873 199 1900 ’τοῦ
215 1875 396 1910 φρονήματος,
410 1876 438 1901 ὲν
451 1875 554 1907 τούτοις
575 1875 702 1913 εὔκαιρόν
717 1879 773 1905 ἐστι
789 1878 835 1904 καὶ

37 1920 116 1954 ἡμᾶς
134 1918 301 1954 ὑπερθέσθαι
317 1919 366 1954 τῆς
386 1920 510 1952 ἀσεϐείας
531 1921 576 1948 τὸν
592 1922 710 1957 ἔλεγχον.
725 1924 792 1950 Νυνὶ
807 1924 835 1951 δὲ

36 1967 108 2000 ἡμῖν
120 1965 188 2001 πρὸς
200 1965 249 2001 τὴν
263 1965 422 1993 ἀκολουθίαν
435 1966 489 1993 τῶν
504 1968 568 2003 παρ’
582 1969 685 1995 ἐκείνου
699 1969 835 2005 ῥηθέντων

38 2012 50 2036 ἓ.
55 2011 195 2037 πανιτὲον.

76 2087 177 2114 Πάλιν
191 2087 227 2114 δὲ
247 2084 286 2115 αὖ
310 2086 443 2122 ἑκάστης
460 2089 573 2116 τούτων
587 2091 695 2124 οὐσίας
716 2092 835 2126 εἱλικρι-

38 2132 126 2165 νοῦς,
137 2130 414 2167 άπ.ἰῆς,καὶπάντη
421 2134 491 2167 μιᾶς
503 2135 598 2169 οὔσης
609 2144 641 2163 τε
654 2136 702 2164 καὶ
713 2139 836 2172 νοουμέη

37 2186 100 2210 νης
126 2176 203 2204 κατὰ
222 2177 281 2210 τὴν
295 2177 374 2204 ἰδίαν
388 2178 488 2210 ἀξίαν,
513 2183 835 2217 συμπεριτραφομένων

37 2220 75 2249 ιτὲ
88 2222 151 2255 τοῖς
161 2223 261 2258 ἔργοις
277 2223 336 2250 τῶν
349 2224 514 2259 ἐνεργειῶν,
527 2227 575 2252 καὶ
590 2227 649 2253 τῶν
662 2228 756 2262 ἔργων
771 2229 834 2263 ταῖς

39 2268 102 2296 τῶν
122 2269 336 2303 ἐργασαμένων·
355 2270 516 2306 ἐνεργείαις
538 2260 832 2309 παραμοτ’,ρουιιένωνιἰ
847 2260 873 2290 D

38 2312 159 2348 ἀνάγκη
175 2313 275 2347 δήπου
286 2315 379 2348 πᾶσα,
396 2316 508 2350 καὶτὰς
524 2317 637 2352 ἑκάστῃ
653 2319 712 2346 τῶν
725 2321 837 2349 οὐσιῶν

38 2359 192 2394 ἑπομένας
207 2360 366 2395 ἐνεργείας,
388 2361 532 2395 ἐλάττους
550 2363 584 2390 δὲ
602 2364 650 2391 καὶ
665 2364 783 2399 με.’ζ“ους
797 2365 838 2394 εἷς

38 2413 101 2431 ναιο
119 2405 170 2432 καὶ
186 2405 241 2437 τὰς
252 2406 310 2440 μὲν
328 2407 457 2441 πρώτην,
474 2407 528 2441 τὰς
546 2408 580 2435 δὲ
594 2409 737 2444 δευτέραν
752 2412 838 2445 τάξιν

38 2452 172 2486 ἐπέχειν.
200 2453 233 2479 Ἡ
252 2452 300 2488 μὲν
320 2453 424 2480 διάνοια
446 2453 490 2481 διὰ
517 2455 623 2483 πάντων
645 2456 699 2483 τῶν
725 2459 838 2494 εἰρημέ-

38 2507 105 2530 νων,
129 2497 181 2525 κᾶν
210 2499 239 2525 ὲν
265 2498 361 2534 πλήθει
391 2500 520 2535 ῥημάτων
549 2502 623 2537 αὐτῷ
648 2504 833 2540 συμπεραίνη-

37 2554 96 2577 ται,
115 2545 165 2580 μία
179 2543 251 2578 ἐστὶ,
270 2545 302 2571 τὸ
318 2546 521 2574 κατασκευάσαι
537 2549 671 2584 μηδεμίαν
686 2551 833 2585 συνάφειαν

38 2589 110 2617 εἶναι
120 2590 161 2625 τῷ
174 2591 263 2627 lla-cpi
276 2591 344 2626 πρὸς
357 2591 402 2618 τὸν
415 2592 489 2625 Υἱὺν,
503 2593 520 2628 ῆ
537 2595 604 2629 πρὸς
615 2595 660 2622 τὸν
673 2596 738 2623 Υὶὸν
754 2597 834 2624 πάλιν

38 2636 77 2670 τῷ
96 2635 246 2671 Πνεύματι·
261 2635 319 2662 ἀλλ’
336 2636 499 2672 ἀπεσχίσθαι
517 2638 566 2670 τὰς
577 2639 669 2672 οὐσίας
684 2641 731 2668 ἀπ’
748 2643 832 2678 ἀλλή-

38 2681 112 2713 λων,
131 2682 172 2713 είς
194 2682 405 2718 ἀπεξενωμένην
423 2683 483 2710 τινὰ
504 2684 584 2718 φύσιν
607 2687 653 2712 καὶ
675 2687 832 2723 ἀσύμφυλον

39 2727 235 2763 ἀλλοτριότητα
244 2728 445 2763 διασπωμένας·
463 2730 509 2756 καὶ
522 2730 552 2756 οὐ
564 2731 650 2767 τούτῳ
662 2732 751 2767 μόνον,
765 2734 833 2761 ἀλλὰ

41 2773 89 2800 καὶ
105 2772 280 2809 πηλικάεητι,
297 2773 345 2800 καὶ
360 2773 521 2809 ἀξιωμάτων
534 2776 628 2811 ὑφέσει
641 2777 830 2814 διαφερούσας·

78 2866 101 2880 ⁸³
122 2865 218 2892 Matth.
236 2873 281 2898 xv,
299 2865 350 2896 H;
366 2864 472 2899 Luc.vr,
490 2865 534 2893 59.

886 256 1000 290 cuisqne
1021 254 1131 282 ductam
1155 254 1302 282 conciliare
1327 253 1406 281 ﬁdem
1430 254 1494 286 illis,
1521 254 1555 281 de
1577 256 1677 289 quibus

887 302 1052 336 ambigitur:
1074 308 1161 335 neque
1176 301 1202 327 in
1213 299 1396 334 cognitionem
1414 307 1506 326 rerum
1521 301 1676 335 ignotarum
1725 302 1728 305 ’

886 350 914 374 et
937 347 1126 374 abstrusarum
1143 352 1192 372 nos
1212 344 1364 380 pervenire,
1380 345 1432 371 nisi
1450 345 1679 380 quaaplerumque

886 391 1077 418 conceduntur
1091 394 1118 418 et
1132 389 1328 425 approbantur,
1349 389 1382 416 ad
1400 397 1491 417 rerum
1510 390 1678 417 incertarum

886 438 1105 473 perspicientiam
1122 444 1173 464 nos
1189 436 1268 471 quasi
1283 443 1364 463 manu
1379 435 1498 462 ducant?
1514 436 1542 462 Si
1561 444 1626 464 vero
1645 444 1677 464 ea

887 492 947 519 quae
959 484 986 511 in
1003 483 1138 519 principio
1153 482 1348 518 disputationis
1372 481 1405 509 ad
1423 482 1528 517 ignotas
1544 490 1588 509 res
1603 482 1677 510 noti-

888 530 1008 558 ﬁcandas
1033 528 1219 560 adhibuimus,
1243 527 1382 556 communi
1410 527 1551 554 hominum
1583 527 1678 555 sensui

886 579 1049 611 repugnent,
1069 582 1141 610 aegre
1160 573 1283 610 profecto
1303 574 1340 606 id,
1366 573 1439 609 quod
1460 573 1488 600 in
1513 572 1596 600 dubio
1617 581 1678 601 ver-

887 626 975 653 satur,
999 625 1081 656 atque
1103 621 1170 648 adeo
1188 621 1296 656 penitus
1316 623 1441 655 negatur,
1470 619 1524 647 illis
1548 618 1677 648 adhibitis

887 666 1089 701 explanabitur.

922 731 1007 767 Igitur
1022 733 1112 761 omnis
1127 733 1313 761 controversia
1336 733 1406 760 inter
1435 732 1613 764 orthodoxos,
1630 731 1677 767 qui

888 779 1037 806 Ecclesium
1064 784 1228 814 sequuntur,
1253 783 1281 806 et
1303 779 1374 806 inter
1401 779 1548 806 Anommos
1574 779 1601 805 in
1626 779 1677 805 hoc

888 824 1034 852 consistit:
1053 828 1146 851 utrum
1167 828 1290 859 oporteat
1312 823 1409 851 Filium
1428 824 1473 851 Dei
1494 828 1521 851 et
1543 823 1676 859 Spiritum

890 875 1014 897 sanctum
1044 877 1188 898 numerare
1211 871 1283 897 inter
1311 877 1355 898 res
1382 873 1500 902 creatas,
1527 873 1556 896 ut
1583 870 1677 897 volunt

890 915 1051 948 adversarii,
1061 923 1095 943 an
1109 916 1178 943 inter
1195 923 1238 944 res
1251 916 1398 948 increatas,
1410 920 1438 942 nt
1450 916 1530 943 sentit
1543 915 1675 944 Ecclesia.

888 959 945 988 Hoc
969 961 1053 995 igitur
1084 961 1127 988 cui
1142 961 1176 988 ab
1203 961 1330 989 omnibus
1356 961 1563 993 contradicitur,
1594 962 1677 989 sumit

889 1007 946 1040 ipse
961 1011 1089 1042 tanquam
1106 1015 1268 1035 concessum
1285 1008 1319 1035 ab
1337 1007 1485 1039 omnibus;
1502 1008 1585 1035 etiam
1603 1007 1676 1035 nulla

888 1053 967 1080 allata
983 1052 1228 1086 demonstratione,
1242 1054 1314 1089 quod
1330 1054 1464 1089 posterior
1481 1055 1516 1081 sit
1535 1061 1604 1090 opus
1616 1045 1688 1081 sub-4

887 1101 994 1127 stantia:
1020 1100 1132 1134 prioris,
1163 1100 1330 1128 conﬁdenter
1355 1101 1444 1132 docet,
1473 1108 1530 1127 rem
1556 1101 1592 1127 ita
1617 1107 1678 1128 sese

888 1145 999 1179 habere,
1019 1147 1112 1174 nescio
1136 1154 1190 1182 qua
1207 1147 1379 1174 institutione
1405 1150 1452 1173 aut
1474 1146 1620 1181 disciplina
1641 1146 1677 1172 ita

887 1190 1009 1223 edoctus,
1025 1195 1052 1218 et
1064 1199 1097 1218 co
1112 1199 1199 1226 usque
1209 1189 1380 1218 conﬁdentia:
1392 1194 1548 1226 provectus.
1565 1191 1592 1217 Si
1606 1191 1677 1218 enim

888 1236 961 1262 omni
992 1237 1145 1270 probationi
1172 1240 1199 1264 et
1230 1237 1458 1264 dcmonslratioui
1490 1236 1678 1271 praemittenda

891 1287 956 1306 sunt
969 1284 1054 1312 certa,
1074 1282 1250 1316 omniumque
1274 1289 1411 1309 consensu
1435 1282 1622 1313 corroborata,
1648 1285 1677 1307 ut

890 1326 1012 1360 ignotum
1031 1334 1092 1353 cum
1114 1327 1146 1354 iis
1159 1335 1219 1362 quae
1236 1327 1374 1361 praemissa
1392 1330 1467 1358 sunt,
1490 1331 1551 1361 apte
1571 1331 1597 1353 et
1610 1334 1678 1353 con-

887 1372 1029 1398 venienter
1039 1379 1192 1399 connexum
1203 1372 1311 1407 pateﬁat
1320 1377 1346 1399 et
1355 1373 1503 1399 clarescat:
1520 1376 1586 1398 Sane
1594 1373 1617 1400 is
1630 1371 1675 1405 qni

887 1417 959 1452 quod
971 1417 997 1444 in
1013 1418 1163 1452 quaestione
1172 1418 1289 1452 positum
1299 1422 1350 1448 est.
1362 1418 1394 1444 ad
1407 1418 1457 1445 alia
1467 1417 1678 1445 demonstranda

889 1464 1014 1496 asciscit,
1032 1464 1101 1490 nihil
1120 1464 1191 1491 aliud
1208 1472 1288 1499 quam
1310 1465 1490 1499 ignorantiam
1513 1464 1678 1499 ignorantia,

888 1508 1066 1545 fraudemque
1081 1509 1176 1537 fraude
1191 1511 1321 1538 cumulat.
1335 1510 1392 1538 Hoc
1408 1510 1514 1537 scilicet
1524 1513 1565 1538 est
1577 1517 1677 1537 caecum

888 1563 960 1583 σιοοο
973 1564 1002 1583 se
1017 1555 1137 1590 prmbere
1148 1556 1256 1587 ducem,
1274 1559 1304 1582 ut
1323 1555 1424 1583 alicubi
1445 1555 1621 1590 Evangelium
1636 1555 1678 1582 lo-

887 1603 980 1637 quitur
995 1602 1027 1629 “.
1043 1601 1110 1629 Vere
1131 1603 1203 1629 enim
1223 1609 1296 1629 ειεεο
1312 1605 1339 1629 et
1362 1602 1442 1637 pleno
1467 1601 1594 1628 vanitatis
1618 1608 1678 1628 ser-

886 1649 971 1680 moni,
984 1649 1029 1684 qui
1043 1649 1165 1676 omnium
1182 1652 1333 1676 creatorem
1358 1653 1385 1676 ct
1407 1647 1575 1676 condilorcm
1593 1648 1619 1675 in
1635 1655 1678 1675 re-

887 1703 947 1721 rum
973 1700 1128 1722 creatarum
1152 1700 1178 1722 et
1206 1694 1363 1722 cﬁ'ectarum
1393 1694 1517 1721 ordinem
1547 1693 1676 1727 conjicil,

887 1740 1038 1775 adjungunt
1054 1741 1137 1767 alium
1161 1748 1237 1776 aeque
1254 1747 1366 1771 caecum,
1381 1740 1476 1767 alienm
1487 1740 1612 1767 videlicot
1627 1747 1678 1767 na-

887 1788 954 1812 turm
968 1793 1016 1813 eos
1031 1792 1101 1817 esse,
1118 1790 1145 1813 et
1158 1785 1308 1813 secundum
1325 1786 1506 1813 substantiam
1519 1786 1675 1820 inaequales,

886 1829 1040 1865 Filiumque
1054 1831 1329 1864 cognationenaturm
1345 1830 1416 1857 Patri
1432 1831 1506 1857 nullo
1520 1831 1600 1857 modo
1616 1838 1677 1857 con-

887 1877 1005 1909 sociari;
1020 1869 1068 1904 sed
1085 1876 1118 1903 dc
1133 1877 1174 1903 his
1190 1882 1281 1911 postea
1295 1877 1443 1904 viderimus
1456 1884 1462 1903 :
1480 1885 1528 1911 par
1538 1877 1609 1903 enim
1622 1881 1675 1909 cst,

886 1927 916 1949 ut
937 1930 997 1957 qua!
1018 1922 1231 1950 manifestiorem
1261 1930 1316 1957 prae
1340 1930 1368 1949 se
1388 1922 1478 1949 ferunt
1500 1923 1676 1958 impietatem,

887 1977 936 1995 nos
949 1976 1058 2003 quoque
1075 1969 1135 1995 aliis
1151 1969 1217 1996 locis
1238 1968 1390 2003 indaganda
1407 1976 1584 1997 rescrrcmus.
1602 1969 1676 1996 Nunc

886 2017 918 2044 ad
932 2017 1224 2052 orationemEunomii
1240 2021 1417 2044 revertamur.
1670 2021 1673 2024 ·

923 2090 1025 2118 Rursus
1040 2099 1100 2118 vero
1114 2100 1172 2118 cum
1185 2091 1306 2126 quwtibet
1318 2099 1350 2118 ex
1364 2091 1404 2118 his
1422 2091 1577 2119 substantiis
1591 2097 1616 2119 et
1634 2093 1676 2120 ἱιι-

886 2137 1233 2174 telliguturpura,simplex,
1249 2142 1274 2164 et
1288 2138 1444 2171 simpliciter
1454 2146 1518 2170 una,
1533 2139 1675 2165 secundum

884 2185 1017 2218 propriam
1029 2178 1197 2219 dignitatem.
1213 2184 1422 2218 circumscriptis
1434 2188 1523 2210 autem
1542 2185 1675 2218 operatio-

887 2232 962 2259 nibus
985 2240 1030 2268 per
1051 2232 1109 2266 ipsa
1129 2239 1218 2266 opera,
1240 2236 1265 2258 et
1287 2231 1351 2266 ipsis
1371 2233 1490 2266 operibus
1511 2233 1675 2266 operantium

886 2278 1033 2305 actionibus
1049 2278 1285 2304 eommeusurutis:
1305 2279 1412 2305 omnino
1434 2284 1536 2305 necesse
1556 2283 1595 2304 est
1613 2287 1674 2313 ope-

885 2325 1011 2355 rationes,
1043 2330 1102 2358 qua:
1136 2327 1279 2357 sequuntur
1311 2323 1453 2358 quamlibet
1484 2323 1674 2354 substantiam,

885 2370 999 2404 majores
1012 2373 1036 2396 et
1059 2369 1174 2396 minores
1198 2377 1264 2401 esse,
1278 2374 1302 2396 et
1329 2369 1391 2396 illas
1417 2369 1520 2404 quidem
1534 2370 1562 2397 in
1577 2371 1673 2404 primo,

886 2415 947 2441 illus
967 2415 993 2441 in
1014 2414 1128 2441 secundo
1156 2414 1246 2441 ordine
1266 2415 1393 2441 collocari
1410 2415 1510 2442 debere.
1535 2414 1673 2443 Sententia

885 2461 1007 2488 omnium
1023 2461 1120 2488 horum
1143 2460 1302 2494 verborum,
1322 2461 1383 2488 licet
1402 2461 1479 2488 valde
1499 2462 1583 2488 multa
1608 2462 1673 2492 sint.

886 2510 913 2533 et
928 2506 1120 2539 redundantia,
1139 2514 1192 2533 una
1208 2511 1258 2537 est.
1275 2508 1391 2542 probare
1411 2507 1551 2538 nimirum,
1567 2506 1673 2533 Patrem

886 2552 990 2579 nullam
1009 2553 1207 2580 connexionem
1223 2553 1324 2581 habere
1343 2561 1404 2580 cum
1427 2552 1506 2587 Filio,
1524 2559 1674 2586 rursusque

887 2597 984 2625 Filium
998 2605 1059 2625 cum
1078 2598 1182 2634 Spiritu
1203 2604 1308 2632 sancto,
1324 2599 1370 2627 sed
1394 2599 1561 2627 substantias
1582 2605 1596 2624 a
1615 2606 1674 2625 sese

887 2648 982 2671 mutuo
993 2644 1133 2679 sejunctas
1148 2652 1218 2678 esse,
1232 2645 1354 2672 divulsas
1368 2648 1394 2671 et
1416 2645 1572 2674 distractus,
1597 2651 1675 2677 pcre-

885 2690 962 2725 grina
975 2684 1090 2725 quadam
1102 2695 1129 2718 et
1140 2691 1291 2719 insociabili
1308 2694 1413 2718 natura:
1429 2688 1607 2717 diversitate:
1625 2697 1675 2716 nec

886 2736 937 2763 hoc
951 2737 1050 2769 solum,
1063 2737 1109 2764 scd
1127 2742 1153 2764 et
1176 2737 1363 2773 magnitudine
1376 2739 1403 2762 et
1422 2734 1564 2767 dignitatis
1587 2734 1675 2769 impa-v

885 2782 967 2810 ritate
981 2783 1094 2816 divisas,
1109 2787 1135 2810 et
1149 2783 1200 2810 alia
1228 2782 1340 2817 majore,
1362 2781 1413 2807 alia
1430 2779 1546 2812 minore,
1572 2784 1603 2807 ut
1620 2781 1678 2816 ipse
