1914 3079
43 59 83 88 521

635 59 773 90 CONTRA
793 58 988 92 EUNOMIUM,
1010 58 1073 86 LIB.
1092 59 1102 85 ι

1605 59 1660 87 δ’ἒὲ

41 119 227 152 ἀναπόδεικτος
250 120 384 155 φέρηται,
405 120 433 147 τὸ
456 120 608 156 λεγόμενον,
635 120 726 155 γραῶν
742 116 820 150 ὖθλός

880 123 945 150 mnt,
977 118 1127 149 didicisset,
1157 123 1264 144 omnem
1293 119 1454 150 orationem,
1482 118 1602 153 quandiu
1627 128 1660 147 cx

40 165 120 195 ἐστιν,
139 165 266 200 οὐδεμίαν
279 166 355 200 ἰσχὺν
369 165 437 201 ἔχων
451 167 518 201 προς
529 167 559 192 τὸ
574 166 658 198 δεῖξαι
678 166 710 192 δι’
725 164 821 192 ἑαυτοῦ

40 210 66 236 τὸ
84 209 260 245 ζητούμενον·
286 211 349 238 ὅταν
374 211 492 247 μηδεμία
514 211 676 248 συνηγορία,
702 211 769 247 μήτε
791 212 823 238 ὲκ

40 254 89 280 τῶν
113 255 194 282 θείων
218 255 322 289 φωνῶν,
351 257 419 292 μήτε
441 258 472 283 ὲκ
491 256 628 292 λογισμῶν
646 256 824 291 ἀνθρωπίνων

40 302 89 331 τοῖς
116 301 274 337 λεγομένοις
301 302 446 337 ἐπάγηται.
467 302 520 330 Καὶ
543 302 628 329 ταῦτα
646 302 696 337 μὲν
720 301 759 333 είς
781 309 824 328 το-

41 355 141 374 σουτον.

78 481 174 517 Ἡμεῖς
182 482 211 509 δὲ
219 482 252 509 τὰ
259 483 391 518 εἰρημένα
401 483 610 519 διασκεψώμεθα
616 506 623 512 .
635 484 658 512 Ἀ
664 485 746 520 πλῆν
751 483 826 513 εἶναι

42 529 84 555 ml
100 528 202 564 πάντη
209 530 282 563 μίαν
292 531 359 565 φησὶ
371 531 483 556 τούτων
490 530 624 565 ἑκάστην
634 531 693 558 τῶν
702 533 825 565 οὐσιῶν,

39 574 69 606 ἃς
75 574 114 609 τῷ
125 575 198 610 λόγῳ
208 575 411 603 ἀνετυπὼσατο.
421 575 501 603 Ἀλλὰ
510 577 540 603 τὸ
550 578 598 612 μὲν
606 577 693 612 ἁπλῆν
701 575 827 614 εἶναιτὴν

40 620 111 646 θείαν
120 629 150 647 τε
162 620 210 646 καὶ
229 622 377 657 μακαρίαν,
390 623 436 648 καὶ
451 622 540 649 πάντα
552 622 613 649 νοῦν
628 623 827 659 ὑπεραίρουσαν

39 666 127 700 φύσιν,
136 667 198 693 οὐδὲ
204 668 267 699 τοὺς
274 668 343 702 ἄγαν
353 668 506 703 κτηνώδεις,
515 670 561 697 καὶ
566 670 708 702 ταπεινοὺς
715 670 763 706 τὴν
772 670 828 698 διά-

39 720 110 739 νοιαν
124 712 275 746 ἀντιλέγειν
292 713 413 748 οἰόμεθα.
427 714 482 749 Τὴν
498 715 551 750 γὰρ
560 715 634 750 ἀειδῆ
646 724 676 741 τε
687 716 733 742 καὶ
744 716 828 751 ἀσχη-

40 758 168 792 μάτιστον
177 758 356 795 πηλικότητός
369 769 397 786 τε
410 760 507 796 πάσης,
520 761 566 787 καὶ
575 762 624 796 τῆς
634 762 662 788 ὲν
669 761 708 796 τῷ
720 761 826 797 μεγέθει

874 171 948 191 mera
961 163 1084 195 libidine,
1098 166 1125 190 et
1139 163 1198 191 sine
1211 163 1264 190 ulla
1279 163 1438 198 probatione
1453 163 1585 196 eil‘ulitur,
1600 172 1663 193 esse

873 209 945 244 quod
959 209 1013 236 dici
1031 209 1110 240 solet.
1133 216 1221 245 nugas
1235 209 1331 241 aniles,
1351 212 1378 236 et
1398 216 1491 244 gerras
1505 217 1660 245 germanas,

874 256 977 283 nullius
1000 263 1113 290 prorsus
1139 255 1267 282 momenti
1290 258 1317 282 et
1340 254 1469 282 efﬁcaciae
1492 257 1524 282 ad
1548 255 1662 283 demon«

874 301 1017 329 strandum
1037 301 1075 333 id,
1093 301 1164 336 quod
1187 308 1236 336 per
1254 308 1313 328 eam
1330 301 1472 336 quaeritur,
1489 302 1600 336 quando
1618 302 1661 329 vi-

874 347 971 375 delicet
984 347 1052 374 nihil
1070 347 1233 374 ﬁrmamenti
1249 355 1336 382 neque
1360 355 1392 375 ex
1410 355 1488 375 sacra
1507 347 1660 383 Scriptura,

875 401 962 428 neque
972 401 1004 420 ex
1020 392 1274 420 ratiocinationibus
1287 392 1398 420 humani
1414 393 1525 429 ingenii,
1541 393 1586 428 iis,
1601 402 1661 429 qua:

875 443 1045 472 asseruntur,
1062 439 1176 467 accedit.
1191 438 1223 466 Et
1241 439 1298 466 hcce
1317 439 1426 474 quidem
1445 440 1587 467 hactenus.

911 485 965 513 Nos
986 493 1053 513 vero
1068 485 1151 513 verba
1161 484 1289 513 Eunomii
1304 486 1488 513 excutiamus.
1509 485 1662 521 Simplicem

875 540 931 559 esse
944 536 968 558 et
983 532 1054 558 omni
1076 530 1153 559 modo
1173 539 1254 558 unam
1270 531 1412 567 quamlibet
1431 531 1526 558 harum
1538 533 1662 560 substan-

877 579 975 605 tiarum
988 577 1104 604 allirmat
1120 586 1127 604 :
1145 585 1214 612 quas
1231 577 1355 605 oratione
1379 585 1428 604 sua
1445 579 1589 613 expressit.
1605 579 1662 606 Ca:-

877 629 964 651 terum
991 623 1143 658 simplicem
1166 616 1227 651 esse
1250 622 1371 650 divinam
1388 623 1461 650 illam
1490 627 1518 651 et
1541 624 1660 656 beatam,

877 669 1060 703 omnibusque
1069 668 1317 703 supereminentem
1328 672 1452 695 naturam
1463 690 1470 702 ,
1485 676 1571 704 neque
1584 676 1663 705 agre-

877 718 934 743 stes
954 714 1101 741 admodum
1117 718 1143 741 et
1173 714 1284 742 hebetes
1309 714 1418 749 ingenio
1436 720 1582 750 negaturos
1602 723 1664 743 esse

879 764 955 795 puto.
974 759 1117 793 Quomodo
1138 761 1210 787 enim
1230 761 1292 795 quis
1309 764 1435 787 naturam
1463 761 1536 788 illam
1561 761 1662 796 speciei

38 804 188 840 ποσότητος
202 806 422 841 κεχωρισμένην,
439 795 496 839 πῶς
512 807 544 834 ἄν
570 795 612 839 τις
633 795 759 844 πολυειδῆ
780 807 826 835 καὶ

880 810 905 834 et
925 807 1072 842 ﬁgurarum
1099 806 1238 833 varietatis
1254 812 1402 841 expertem,
1423 810 1450 834 et
1467 807 1539 834 omni
1553 809 1663 842 quanti-

39 849 168 877 σύνθετον
185 850 335 885 ὕπολάὸοις
365 852 425 879 ’Ὁτι
439 852 467 879 δὲ
486 853 516 880 οὒ
534 854 676 888 συμϐαίνει
700 854 739 888 τῷ
761 854 826 890 παρ’

38 894 127 922 αὐτῶν
156 896 419 932 κατασκευαζομένῳ
444 898 568 933 δόγματι,
594 899 624 925 τὸ
644 899 732 934 ἁπλῆν
756 897 827 927 εἶναι

37 940 84 975 τὴν
99 941 307 976 ὑπερκειμένην
323 943 416 970 οὐσίαν
430 943 542 977 οἴεσθαι,
570 944 620 971 κᾶν
636 944 674 979 τῷ
694 945 766 980 λόγῳ
780 954 827 980 χα-

38 986 239 1021 ριεντίζωνται,
264 988 379 1023 φανερὸν
401 988 476 1015 ἔσται
492 989 530 1025 τῷ
547 990 594 1018 καὶ
609 990 704 1026 μικρὸν
715 991 827 1026 ἐπιστή-

38 1042 127 1060 σαντι.
142 1035 191 1066 Τίς
205 1035 259 1070 γὰρ
272 1035 321 1062 οὐκ
345 1033 414 1062 οἶδεν
429 1036 470 1063 ὅτι
486 1037 556 1064 κατὰ
574 1037 619 1064 τὺν
636 1037 700 1064 ίδιον
718 1037 795 1072 λόγον
810 1038 826 1074 ἠ

37 1079 162 1115 ἁπλότης
181 1081 228 1106 ἐπὶ
244 1081 292 1115 τῆς
311 1081 390 1114 ἁγίας
406 1081 520 1117 Τριάδος
537 1083 566 1109 τδ
594 1083 693 1118 μᾶλλον
728 1083 775 1110 καὶ
797 1084 828 1110 τὸ

36 1120 117 1158 ἦττον
133 1123 185 1150 οὐκ
203 1124 355 1160 ἐπιδέχεται
370 1133 376 1157 ;
399 1125 465 1161 Περὶ
481 1126 516 1161 ἢν
534 1127 587 1163 γὰρ
606 1128 655 1154 οὐκ
680 1128 738 1155 ἐστι
755 1128 827 1164 μίξιν

35 1169 97 1196 τινὰ
111 1171 268 1206 ποιοτήτων
297 1172 342 1198 καὶ
357 1172 508 1208 συνδρομὴν
521 1174 655 1210 ἐννοῆσαι,
669 1175 725 1202 ἀλλ’
737 1176 827 1212 ἀμερῆ

34 1225 105 1248 τινα,
123 1217 173 1243 καὶ
190 1217 335 1243 ἀσύνθετον
350 1217 462 1253 δύναμιν
477 1219 679 1255 καταλαμῆἀνει
694 1221 710 1256 ὴ
728 1221 826 1254 ἔννοια,

35 1262 95 1294 πῶς
108 1262 144 1288 ἄν
157 1271 201 1294 τις
218 1263 265 1289 καὶ
280 1263 348 1289 κατὰ
362 1263 422 1290 τίνα
436 1264 514 1299 λόγον
526 1265 574 1301 τὴν
588 1266 662 1302 παρὰ
678 1266 708 1294 τὸ
725 1267 826 1299 πλεῖον,

36 1308 82 1334 καὶ
89 1308 121 1334 τὸ
130 1308 243 1336 ἔλαττον
250 1309 379 1346 διαφορὰν
386 1311 537 1346 καταμάθοι
546 1321 553 1345 ;
565 1312 683 1348 ’Λνάγκη
691 1313 744 1350 γὰρ
754 1314 828 1340 πᾶσα

35 1354 80 1380 τὸν
89 1354 285 1389 παρηλλάχθαι
291 1355 375 1382 ταῦτα
383 1356 576 1392 διοριζόμενον,
588 1358 738 1394 ποιοτήτων
748 1359 828 1386 τινῶν

34 1398 199 1433 ἐμπτώσεις
216 1399 280 1434 περὶ
303 1400 333 1426 τὸ
356 1401 533 1436 ὑποκείμενον
553 1403 652 1429 ἐννοεῖν
666 1411 672 1418 ·
699 1404 757 1439 ἦτοι
774 1404 829 1439 γὰρ

877 856 946 885 tate,
965 859 1026 886 qua:
1045 852 1071 879 in
1089 851 1276 887 magnitudine
1291 851 1400 884 visitur,
1419 856 1582 887 separatam,
1607 860 1664 880 cre-

877 897 922 924 dat
934 904 994 925 esse
1006 896 1198 924 multiformem
1211 900 1236 924 et
1247 897 1428 932 compositam
1441 896 1478 932 (a)
1487 898 1498 924 ’ί
1508 897 1585 930 Quod
1598 906 1664 926 vero

875 943 953 978 juxta
970 943 1067 979 dogma
1095 943 1129 970 ab
1154 943 1215 970 istis
1235 943 1379 970 confictum
1409 943 1534 972 sublimis
1554 944 1612 976 illa,
1636 949 1664 972 ct

878 997 960 1024 super
980 990 1094 1016 aliarum
1124 997 1214 1017 rerum
1239 989 1363 1016 ordinem
1391 989 1479 1024 posita
1508 990 1662 1018 substantia

877 1035 991 1070 simplex
1009 1043 1062 1062 non
1082 1035 1118 1063 sit
1134 1035 1207 1069 (licet
1221 1035 1342 1070 alioquin
1356 1035 1445 1063 verbis
1470 1036 1582 1071 pulchre
1596 1037 1664 1064 sim-

878 1081 1027 1116 plicitatem
1051 1079 1290 1116 asSerant),facile
1315 1081 1508 1116 deprehendet,
1537 1082 1663 1118 quisquis

878 1127 1017 1162 paululum
1044 1131 1161 1154 mentem
1188 1127 1331 1155 advertere
1353 1127 1479 1156 voluerit.
1505 1127 1573 1156 Nam
1600 1129 1665 1164 quis

879 1173 995 1208 ignorat,
1022 1173 1095 1208 quod
1127 1172 1289 1208 simplicitas
1315 1173 1465 1201 secundum
1501 1182 1578 1202 suam
1602 1182 1664 1210 pro-

877 1217 964 1252 priam
986 1218 1118 1245 rationem
1145 1217 1172 1244 in
1186 1217 1360 1245 sanctissima
1376 1217 1510 1246 Trinitate
1523 1219 1663 1247 remissio—

879 1270 939 1290 nem
957 1266 984 1289 et
999 1263 1180 1290 intensionem
1199 1270 1253 1290 non
1269 1263 1402 1298 recipiat?
1417 1263 1443 1290 in
1458 1271 1510 1298 qua
1525 1264 1598 1291 cnim
1615 1273 1662 1292 ηιμ

879 1313 939 1335 tura
960 1308 1115 1336 mistioncm
1132 1312 1159 1336 et
1178 1315 1343 1335 concursum
1362 1308 1523 1343 qualitatum
1542 1309 1664 1338 invenire

878 1363 933 1382 non
962 1358 1014 1386 est,
1047 1355 1114 1390 quin
1141 1355 1231 1389 potius
1261 1354 1288 1381 in
1324 1362 1377 1389 qua
1404 1354 1608 1390 impartibilem,
1638 1361 1665 1384 et

879 1400 1086 1435 compositionis
1116 1400 1196 1434 plane
1219 1404 1358 1435 expertem
1387 1399 1547 1428 facultatem
1572 1401 1666 1428 animo

34 1445 98 1472 καθ’
114 1446 272 1482 ὑπερϐολὴν
283 1447 328 1473 καὶ
342 1448 488 1475 ἐλάττωσιν
501 1448 531 1475 τὸ
540 1449 666 1485 διάφορον
681 1450 709 1476 ὲν
722 1449 826 1482 τούτοις

880 1445 1047 1480 concipimus
1066 1455 1072 1472 :
1091 1445 1229 1480 quomodo
1250 1445 1314 1480 quis
1338 1445 1504 1473 intensionis
1519 1451 1546 1474 et
1567 1446 1666 1474 remis-

33 1491 153 1524 ἐπινοεῖ,
173 1492 222 1518 καὶ
235 1492 279 1518 διὰ
296 1493 390 1520 τούτου
403 1494 452 1530 τὴν
473 1495 521 1530 τῆς
536 1495 714 1530 πηλικότητπ
726 1495 829 1523 ἔννοιαν

33 1538 228 1574 ὲτὶεισάγειτῷ
235 1539 400 1575 ζητουμένῳ,
407 1540 422 1575 ἢ
430 1540 533 1567 κατὰτὸ
539 1541 647 1575 ἀγαθὸν,
655 1541 701 1568 καὶ
709 1541 829 1573 δυνατὸν,

33 1586 83 1612 καὶ
97 1585 240 1620 σοφὸν,καὶ
252 1587 312 1612 εἴτι
324 1585 388 1612 ἄλλο
400 1585 462 1621 περὶ
469 1587 499 1614 τὸ
509 1586 585 1614 Θεῖον
592 1586 710 1619 εὐσεϐῶς
721 1589 828 1619 νοεῖται,

34 1632 213 1663 πλεονάζειν,
225 1632 241 1666 ἧ
255 1631 451 1666 ὑποϐεϐηκέναι
468 1633 685 1665 κατασκευάζει·
702 1633 748 1660 καὶ
760 1632 831 1660 οὕτω

31 1677 80 1702 τὸν
95 1677 151 1711 τῆς
174 1676 325 1708 συνθέσεως
335 1676 413 1711 λόγον
431 1677 460 1704 οὐ
481 1676 663 1712 διαφεύξεται.
679 1678 760 1704 Οὐδὲν
776 1677 830 1714 γὰρ

32 1720 162 1751 ἐλλιπῶς
178 1720 249 1747 κατὰ
271 1720 375 1755 σοφίαν,
392 1721 408 1756 ἢ
421 1720 577 1758 δύναμινμῆ
594 1722 654 1748 κατ’
665 1721 728 1748 ἄλλο
741 1722 831 1749 τιτῶν

31 1765 153 1799 ἀγαθῶν
165 1765 232 1801 ἔχει,
251 1764 273 1800 ᾧ
289 1767 326 1802 μὴ
341 1767 486 1803 ἐπίκτητόν
503 1769 559 1795 ἐστι
585 1768 614 1794 τὸ
632 1767 748 1802 ἀγαθόν·
773 1767 830 1794 ἀλλ’

30 1812 106 1839 αὐτὸ
129 1813 200 1840 καθὸ
222 1812 280 1840 ἔστι
302 1813 421 1840 τοιοῦτον
446 1814 577 1849 πέφυκεν.
605 1815 685 1841 Ὥστε
709 1815 722 1841 ὁ
744 1814 830 1848 λέγων

30 1858 172 1889 ἐλάττους
184 1866 213 1884 τε
231 1859 278 1884 καὶ
299 1859 408 1893 μείζους
424 1860 452 1887 ὲν
472 1861 504 1896 τῇ
521 1860 580 1896 θείᾳ
599 1860 679 1895 φύσει
693 1860 831 1896 καταλαμ-

30 1903 134 1930 ϐάνειν
150 1903 202 1936 τὰς
224 1904 328 1936 οὐσίας,
347 1905 456 1941 λέληθεν
479 1907 574 1933 ἑαυτὸν
593 1907 718 1934 σύνθετον
729 1907 758 1940 ἐξ
770 1908 832 1934 ἀνο-

32 1950 128 1984 μοίων
142 1951 357 1982 κατασκευάζων
373 1951 402 1978 τὸ
417 1952 501 1978 Θεῖοψ
526 1952 564 1984 ὡς
575 1952 638 1980 ἄλλο
655 1953 703 1988 μέν
718 1962 744 1980 τι
761 1955 831 1980 νοεῖν

29 1994 111 2022 εἶναι
121 1995 153 2022 τὺ
171 1995 350 2031 ὑποκείμενον
363 2005 369 2011 ⁸
397 1997 488 2033 ἕτερον
501 1997 528 2024 δὲ
541 1998 620 2025 πάλιν
636 1999 666 2026 τὸ
683 1998 832 2034 μετεχόμε-

30 2050 80 2068 νον
97 2050 105 2056 ·
127 2038 160 2070 οὗ
177 2042 247 2068 κατὰ
265 2043 408 2077 μετουσίαν
425 2044 453 2069 ὲν
469 2043 507 2078 τῷ
519 2044 614 2080 ἀγαθῷ
622 2045 782 2078 γίνεται,“τὸ
794 2045 832 2081 μὴ

29 2087 165 2113 τοιοῦτον
180 2086 220 2114 ὃν.
253 2087 285 2114 El
306 2088 333 2114 δὲ
358 2089 464 2124 ἀληθῶς
477 2089 565 2124 ἁπλῆν
604 2091 652 2117 καὶ
667 2091 753 2125 πάντη
768 2091 832 2125 μίαν

881 1490 967 1518 sionis
987 1490 1174 1518 diversitatem
1198 1490 1292 1525 aliquo
1312 1489 1394 1518 modo
1410 1491 1572 1526 cogitatione
1591 1500 1665 1519 com—

880 1537 1034 1572 plectetur?
1047 1536 1164 1565 Necesse
1175 1537 1247 1564 enim
1258 1541 1310 1570 est,
1322 1541 1351 1564 ut
1369 1537 1403 1570 is,
1419 1538 1465 1573 qui
1483 1539 1664 1566 dill'erentiam

881 1582 908 1609 in
928 1582 970 1611 his
992 1582 1099 1615 statuit,
1126 1583 1288 1618 qualitatum
1302 1584 1483 1619 quarumdam
1508 1585 1665 1612 conﬂuxum

880 1628 952 1656 circa
978 1629 1133 1663 subjectum
1148 1629 1299 1662 concedat;
1317 1630 1380 1665 quia
1396 1630 1437 1658 vel
1451 1638 1497 1666 per
1510 1639 1664 1664 excessum,

880 1674 922 1702 vel
948 1682 996 1709 per
1018 1675 1154 1702 defectum
1175 1675 1356 1704 differentiam
1377 1677 1404 1704 in
1429 1677 1471 1704 his
1493 1678 1665 1712 considerat;

880 1724 907 1747 et
922 1728 969 1755 per
987 1720 1038 1748 hoc
1054 1721 1216 1756 quantitatis
1235 1723 1369 1749 rationem
1386 1722 1422 1754 ei,
1436 1723 1507 1757 quod
1524 1724 1664 1759 quaeritur,

880 1767 1088 1802 superinducit;
1109 1767 1150 1794 vel
1169 1768 1196 1794 in
1217 1768 1348 1799 bonitate,
1367 1769 1498 1803 potentia.
1520 1770 1666 1804 sapientia,

881 1812 922 1840 vel
950 1811 973 1840 si
998 1812 1062 1847 quid
1087 1811 1162 1839 aliud
1186 1812 1213 1839 in
1234 1811 1325 1839 divina
1349 1816 1447 1839 natura
1472 1813 1563 1841 inesse
1585 1822 1667 1849 posse

881 1858 1027 1892 cogitatur,
1042 1857 1263 1890 redundantiam,
1273 1858 1314 1885 vel
1322 1858 1538 1886 imminutionem
1549 1861 1665 1894 astruit;

881 1907 908 1931 et
935 1904 976 1931 sic
992 1904 1203 1938 compositionis
1227 1904 1358 1931 rationem
1379 1912 1434 1931 non
1455 1905 1584 1938 evitabit;
1603 1915 1665 1934 nam

883 1949 1055 1984 sapientiam,
1078 1949 1226 1984 potentiam
1241 1953 1267 1976 ct
1285 1949 1367 1984 hujus
1383 1951 1490 1985 generis
1513 1951 1566 1977 alia
1586 1952 1665 1983 bona,

882 1994 942 2022 sine
962 1994 1154 2021 imminutione
1173 2001 1205 2021 ac
1228 1994 1334 2021 defectu
1364 1995 1485 2030 possidet
1508 1997 1545 2029 id.
1560 1988 1603 2024 cui
1621 1998 1667 2024 bo-

883 2047 948 2067 num
965 2047 1018 2066 non
1036 2043 1078 2067 est
1095 2039 1291 2073 adventitium;
1321 2040 1367 2067 sed
1397 2040 1486 2076 ipsum
1507 2043 1587 2076 quale
1615 2050 1666 2075 est,

883 2086 937 2113 tale
961 2089 1058 2113 natura
1083 2093 1132 2113 sua
1159 2090 1210 2113 est.
1235 2084 1328 2120 Itaque
1357 2086 1403 2120 qui
1426 2088 1525 2114 asserit
1550 2088 1668 2122 majores

28 2133 143 2160 ἐνενόει
158 2133 207 2168 τὴν
220 2133 322 2165 οὐσίαν,
334 2135 399 2161 αὐτὸ
412 2135 481 2170 ὅπερ
495 2135 567 2162 ἐστὶν
578 2135 680 2170 ἀγαθὸν
691 2133 783 2168 οὖσαν,
798 2136 826 2162 οὐ

886 2135 912 2159 et
937 2131 1059 2159 minores
1085 2139 1146 2159 esse
1172 2131 1198 2158 in
1218 2131 1310 2158 divina
1331 2137 1428 2159 natura
1447 2133 1626 2164 substantias.
1646 2134 1669 2160 is

28 2180 191 2215 γινομένην
212 2180 242 2212 ἐξ
262 2180 441 2216 ἐπικτήσεως,
461 2181 511 2208 οὐκ
525 2181 557 2208 ἂν
577 2181 608 2207 τὸ
624 2181 726 2216 μεῖζον,
739 2182 786 2208 καὶ
801 2182 831 2208 τὸ

28 2224 155 2251 ἔλαττον
171 2225 235 2260 περὶ
245 2225 329 2258 αὐτὴν
341 2225 484 2260 ἐλογίζετο.
498 2225 597 2262 Εἴρητο
608 2226 661 2262 γὰρ
673 2227 719 2253 καὶ
734 2227 762 2253 ὲν
774 2228 831 2259 τοῖς

28 2270 212 2306 ἔμπροσθεν,
226 2270 269 2297 ὅτι
288 2271 355 2307 μόνῃ
366 2272 399 2306 τῇ
413 2271 460 2298 τοῦ
473 2271 556 2298 κακοῦ
569 2272 703 2307 παρουσίᾳ
717 2272 750 2298 τὰ
762 2273 830 2306 ἀγα-

26 2316 67 2344 θὰ
91 2316 359 2351 κατασμικρύνεται.
380 2317 437 2352 Ἐφ’
448 2314 484 2344 ὧν
495 2317 523 2344 δὲ
537 2318 553 2353 ἠ
569 2317 648 2352 φύσις
658 2317 830 2347 ἁνεττίδεκτὸς

24 2363 95 2388 ἐστι
112 2361 163 2387 τοῦ
180 2361 311 2396 χείρονος,
330 2362 390 2396 ὅρος
407 2362 457 2388 οὐκ
474 2362 617 2388 ἐπινοεῖται
629 2361 679 2396 τῆς
695 2361 829 2396 ἀγαθότη-

22 2417 77 2439 τος
94 2416 102 2422 ·
120 2408 153 2434 τὸ
168 2407 197 2433 δὲ
213 2404 348 2443 ἀόριστον,
364 2407 394 2434 οὐ
405 2409 438 2442 τῇ
455 2407 522 2443 προς
534 2408 627 2443 ἕτερον
642 2407 732 2442 σχέσει
744 2407 830 2434 τοιοῦ-

20 2455 76 2481 c/N
90 2452 319 2484 ἐστιν,ἁλλάὐτὸ
329 2453 359 2479 τὸ
368 2452 428 2480 καθ’
444 2453 523 2480 ἑαυτὸ
540 2453 829 2488 νοούμενον,ὲκφεύγει

19 2503 74 2528 τὸν
91 2502 163 2535 ὅρον
174 2508 180 2514 ·
198 2499 310 2534 ἄπειρον
323 2500 351 2526 δὲ
365 2499 488 2534 ἀπείρου.
503 2499 583 2526 πλέον
597 2500 642 2526 καὶ
660 2499 768 2526 ἔλαττον
783 2499 829 2525 λέ-

19 2556 55 2581 γε
63 2556 107 2577 ιν,
127 2546 179 2572 οὐκ
191 2543 250 2571 οἴδα.
264 2545 301 2576 ὡς
312 2545 500 2579 λελογισμένον
517 2544 696 2580 συνθήσεται¹
723 2544 790 2572 ὥστε
805 2545 828 2570 εί

19 2593 130 2627 ἁπλῆν
141 2591 269 2626 ὁμολογεῖ
280 2591 329 2625 τὴν
339 2591 538 2627 ὑπερκειμένην
550 2590 653 2622 οὐσίαν,
664 2589 711 2616 καὶ
724 2589 829 2621 οἰκείως

16 2641 109 2675 ἔχειν
138 2639 226 2672 αὐτὴν
250 2638 318 2673 πρὸς
341 2637 449 2672 ἑαυτὴν,
472 2636 633 2663 συπιθέσθω
656 2637 688 2671 τῇ
707 2635 778 2662 κατὰ
801 2636 831 2661 τὸ

15 2684 155 2716 ἁπλοῦν,
165 2684 213 2710 καὶ
222 2684 334 2719 ἄπειρον
346 2683 470 2718 κοινωνίᾳ
482 2682 694 2718 συναπτομένην.
709 2681 739 2708 Et
753 2681 778 2707 δὲ
790 2682 829 2708 δι-

882 2178 1043 2213 imprudens
1060 2178 1182 2204 divinum
1198 2185 1300 2205 numen
1316 2186 1348 2205 ex
1367 2178 1545 2214 inmqualibus
1558 2187 1668 2214 compo-

882 2224 964 2251 situm
976 2224 1067 2257 edicit,
1081 2227 1110 2250 ut
1124 2223 1197 2250 aliud
1209 2223 1402 2259 concipiamus
1425 2231 1486 2252 esse
1501 2225 1667 2260 subjectum,

882 2269 956 2297 aliud
975 2277 1040 2296 vero
1057 2269 1095 2301 id,
1112 2268 1184 2303 quod
1204 2270 1384 2304 participatur
1402 2278 1408 2296 :
1428 2270 1506 2305 cujus
1517 2271 1668 2298 secundum

883 2315 1159 2343 communicationem
1183 2315 1210 2342 in
1238 2315 1310 2342 bono
1335 2315 1382 2341 ﬁat
1402 2314 1440 2346 id,
1468 2316 1540 2350 quod
1557 2324 1611 2344 non
1627 2322 1668 2344 est

884 2360 947 2387 tale.
965 2359 1044 2392 Quod
1062 2360 1084 2387 si
1098 2367 1160 2387 vere
1176 2360 1327 2394 simplicem
1344 2359 1472 2394 omnique
1490 2361 1571 2388 modo
1587 2370 1668 2389 unam

883 2405 1068 2433 existimasset
1097 2405 1296 2437 substantiam.
1330 2405 1470 2440 ipsamque
1502 2406 1584 2433 sicuti
1611 2411 1668 2438 est.

883 2450 1045 2480 bonitatem,
1061 2457 1115 2476 non
1136 2457 1168 2476 ex
1188 2450 1371 2484 acquisitione
1385 2450 1516 2478 bonitatis
1530 2451 1667 2485 ejusmodi

883 2493 984 2521 factam
995 2502 1056 2522 esse
1072 2494 1247 2525 credidisset,
1259 2493 1473 2529 haudquaquam
1487 2496 1668 2523 intensionem

883 2544 909 2568 et
927 2540 1117 2568 remissionem
1134 2540 1161 2567 iu
1181 2548 1213 2567 ea
1235 2541 1395 2573 statuisset;
1419 2549 1483 2568 nam
1500 2542 1576 2575 prius
1599 2550 1665 2577 quo-

883 2595 936 2622 que
959 2587 1079 2615 diximus
1103 2587 1188 2615 solam
1205 2587 1269 2614 mali
1287 2587 1460 2622 praesentiam
1486 2588 1556 2615 bona
1579 2588 1669 2614 immi.

884 2644 978 2664 nuere.
1003 2636 1031 2662 In
1058 2635 1101 2662 his
1127 2639 1229 2665 autem.
1249 2642 1367 2670 quorum
1399 2639 1497 2662 natura
1526 2634 1669 2662 deterioris

884 2690 937 2709 non
957 2687 999 2709 est
1024 2689 1120 2717 capax,
1139 2689 1191 2709 non
1215 2681 1278 2709 licet
1303 2681 1449 2708 terminum
1468 2680 1597 2708 bonitatis
1611 2681 1669 2707 aui-

61 2777 110 2810 (a)
142 2773 252 2801 Profert
287 2774 358 2801 hunc
378 2775 467 2803 locum
491 2775 631 2811 Cypariss.
657 2772 754 2801 decad.
784 2779 822 2804 Ix,
843 2778 867 2798 c.
897 2771 914 2797 5
