1914 3079
237 51 289 84 5‘23

235 161 359 189 bitttditte
375 159 408 186 ad
431 160 522 193 aliud;
542 159 590 187 sed
615 159 707 194 ipsuttt
736 160 887 187 secundum
905 162 1025 195 seipsum

234 211 399 243 spectatum,
418 207 495 233 nullo
521 205 638 233 termino
656 210 811 234 coercetur.
829 205 916 234 Porro
934 208 1024 234 inﬁni-

233 257 290 279 ttttn
312 252 418 279 inﬁnito
432 252 492 286 plus
503 252 629 279 minusve
643 251 755 283 habere,
777 253 873 279 nescio
887 254 1025 288 quomodo

232 305 417 326 concessurus
429 298 465 325 sit
476 298 511 329 is,
527 297 573 332 qui
591 305 647 325 rem
665 297 824 324 accuratius
838 299 1022 333 perpenderit.

873 55 901 82 S.
919 55 1082 84 GREGORII
1094 55 1242 85 NYSSENI
1814 59 1849 85 52

236 123 281 143 mo
301 114 542 150 comprehendere.
562 113 595 140 At
610 113 748 140 inﬁnitum
773 121 826 140 non
846 118 887 141 est
912 115 959 141 tali
975 114 1018 142 ha-

1089 125 1176 152 στησι,
1184 117 1229 144 καὶ
1240 116 1364 150 ἀποξενοῖ
1372 115 1419 148 τὰς
1429 116 1519 149 οὐσίας
1531 108 1718 152 ἀπ’-ἀλλήλων,
1726 116 1810 152 ἄλλην
1818 127 1848 144 το

1853 58 1865 84 ι

1850 117 1865 143 ὖ

1076 163 1243 197 Μονογενοῦς
1255 163 1330 198 παρὰ
1341 162 1385 189 τὸν
1394 163 1512 198 Πατέρα,
1523 163 1618 198 ἑτέραν
1627 163 1655 189 δὲ
1665 163 1713 198 τὴν
1723 162 1770 189 τοῦ
1782 163 1865 189 Πνεῦ-

1076 218 1160 244 ματος
1172 210 1246 245 παρὰ
1256 209 1305 244 τὴν
1314 209 1361 236 τοῦ
1373 209 1540 243 Μονογενοῦς
1554 209 1663 241 ἐννοῶν,
1672 210 1719 236 καὶ
1731 209 1761 235 τὸ
1785 208 1865 234 πλέον

1073 254 1159 281 καὶτὸ
1173 255 1281 280 ἔλαττον
1295 255 1337 280 ἐπ’
1353 253 1440 281 αὐτῶν
1450 253 1534 288 λέγει,
1546 254 1583 289 μὴ
1595 253 1748 279 λανθανέτω
1764 253 1802 288 τῷ
1818 253 1867 287 μὲν

1073 300 1161 326 δοκεῖν
1176 300 1206 326 τὺ
1227 300 1328 326 ἁπλοῦν
1340 299 1534 335 χαριζόμενος,
1559 301 1591 335 τῇ
1606 299 1634 326 δὲ
1652 299 1766 334 ἀληθείᾳ
1781 307 1866 326 κατα-

234 347 326 383 Itaque
345 345 367 372 si
382 344 566 371 substantiam
580 344 655 370 illam
673 351 822 378 supernam
844 344 946 372 fatetur
962 353 1018 373 esse

1085 346 1212 379 ῖκευάζῳν
1223 346 1253 372 το
1268 346 1404 373 σύνθετον,

232 393 395 427 simplicem,
428 398 576 425 secumque
590 391 677 424 ipsam
695 390 755 417 sine
770 390 942 418 dissensione
955 392 1174 425 convenientem,
1201 399 1316 420 necesse
1339 395 1392 425 est,
1420 395 1450 418 ut
1477 391 1611 419 concedat
1625 398 1684 419 eam
1708 399 1818 426 quoque
1838 391 1865 417 in

231 438 481 467 communicatione
498 437 684 472 simplicitatis
710 441 736 464 et
754 436 898 465 inﬁnitatis
916 438 1033 473 junctint
1054 438 1211 466 convenire.
1236 438 1265 466 Si
1287 446 1352 465 vero
1381 437 1551 466 substantias
1568 438 1602 465 ab
1627 438 1745 465 invicem
1766 437 1869 464 diseri-

231 484 329 516 ntinat,
359 487 386 510 et
410 482 489 517 quasi
507 482 609 508 alienat
645 481 726 508 aliam
751 482 893 517 Unigcniti
911 491 926 509 a
950 483 1106 511 substantia
1129 483 1241 516 Patris,
1267 488 1293 511 et
1315 483 1398 511 aliam
1422 483 1541 518 Spiritus
1565 484 1652 510 sancti
1675 491 1690 510 a
1711 483 1868 510 substantia

231 533 294 560 Filii
306 536 440 561 statuens.
458 531 694 565 intensionemque
710 534 736 558 et
748 531 938 559 remissionem
956 532 1023 566 ipsis
1037 533 1178 566 attribuit;
1196 541 1250 560 non
1264 533 1341 560 fallat
1358 540 1408 560 nos
1424 533 1539 560 occultis
1557 532 1676 564 insidiis,
1694 531 1759 558 dum
1781 531 1869 557 verbo

231 577 341 613 quidem
361 575 562 610 simplicitatem
581 575 690 606 asserit,
712 575 801 610 rcipsa
828 583 892 603 vero
914 577 1139 612 compositionem
1165 577 1211 606 Dei
1230 579 1346 613 attingit.

268 624 321 652 Sed
337 624 391 658 jam
411 631 509 650 rursus
533 622 615 649 verba
630 621 701 649 illius
719 622 817 648 ordine
834 630 1020 650 resumamus.

232 671 277 698 Ait
294 679 301 698 :
317 669 382 697 Cum
398 670 501 695 sincera
513 668 576 694 sitet
591 668 701 702 simplex
711 667 861 694 substantia
872 676 902 694 ac
913 676 1021 702 prorsus

232 724 296 748 una,
316 716 427 750 talisque
442 715 570 749 cogitetur
584 719 607 740 et
625 714 790 749 intelligatur
803 713 944 740 secundum
961 722 1023 748 pro-

233 763 319 798 priam
341 761 504 796 dignitatem.
529 760 599 793 Quid
626 760 678 787 sibi
704 760 759 786 vult
785 760 862 791 illud,
880 760 1021 787 seetmdunt

232 810 366 843 propriam
393 808 567 842 dignitatem?
587 807 614 832 Si
637 807 709 833 ettittt
732 806 872 834 existimat
896 807 1023 833 substan-

232 854 285 881 tias
299 861 360 881 essc
378 853 510 888 dignitate
525 859 615 886 pares,
631 852 721 878 inanis
741 856 814 878 certe
833 856 859 878 et
882 851 1018 886 superﬂua

232 900 315 927 fuerit
330 900 427 927 boruut
453 899 600 925 verborum
617 899 763 933 appositio,
781 902 874 932 utpote
890 897 916 924 itt
936 897 1019 925 rebus

231 945 326 977 Certis,
353 949 380 972 et
405 944 528 972 omniuttt
555 942 728 970 confessione
748 944 900 977 perspicuis
922 943 1020 971 immo-

231 998 317 1024 rans;
344 990 390 1017 sed
418 990 506 1017 danda
519 993 561 1016 est
590 989 669 1015 venia
691 987 818 1016 fortassis
835 989 966 1016 dictionis
982 990 1019 1015 inc

232 1038 403 1072 tempestivae
423 1036 608 1070 usurpationi,
623 1043 684 1062 ettnt
712 1035 807 1062 melior
826 1039 853 1062 et
876 1036 969 1062 sanior
985 1034 1019 1062 de

232 1083 288 1111 Deo
316 1082 483 1110 existimatio
517 1089 571 1108 tton
608 1080 737 1116 repudiet
772 1080 844 1106 hanc
884 1080 1019 1107 oratiottis

231 1128 390 1156 inanitatem
407 1133 433 1155 et
456 1126 686 1161 superﬁuilatem.
704 1125 804 1153 Verum
818 1133 873 1152 non
895 1125 1018 1152 immittet

230 1175 254 1202 ei
271 1175 422 1210 periculum
435 1173 621 1200 committendi
637 1176 747 1208 peccata
764 1172 908 1200 verborum
928 1172 1018 1207 (facile

231 1221 305 1249 enim
333 1219 505 1248 medicabilis
527 1218 639 1245 morbus
657 1217 720 1251 e5t),
751 1218 797 1245 sed
822 1218 900 1252 longe
926 1217 1018 1252 pejora

230 1266 353 1298 molitur,
378 1269 405 1293 et
424 1265 507 1300 impie
527 1263 635 1299 aggredi
662 1265 758 1289 tcnlat.
780 1261 846 1288 Nam
868 1261 1017 1295 simplicem

230 1312 299 1339 dicit
326 1310 474 1347 quamlibet
500 1310 584 1337 trium
620 1308 837 1336 sttbstantiarum
867 1306 1018 1334 secundum

230 1357 369 1393 propriam
394 1355 567 1390 dignitatem,
592 1360 622 1382 ut
656 1353 774 1380 decretis
802 1352 870 1382 suis,
896 1359 956 1386 qua:
986 1350 1019 1376 ab

231 1403 311 1430 initio
332 1401 459 1431 sancivit,
489 1400 523 1426 de
539 1399 638 1433 prima,
655 1397 786 1427 secunda.
805 1400 832 1423 et
861 1396 938 1422 tertia
953 1396 1017 1422 sub-

232 1448 345 1479 stantia,
357 1450 529 1481 pervertatur
541 1450 650 1478 quoque
659 1441 843 1476 simplicitatis
854 1440 935 1466 ratio.
950 1440 1018 1466 Nam

231 1491 463 1529 quemadmodum
489 1491 574 1518 solatn
598 1495 766 1524 supremam,
794 1491 820 1514 et
843 1487 928 1514 solam
956 1493 1016 1519 pro-
1033 1502 1054 1531 α

231 1540 319 1575 priant
343 1537 433 1565 Patris
460 1536 641 1564 substantiam
659 1532 821 1564 nominavit,
840 1531 907 1558 nihil
922 1530 1019 1557 horum

232 1585 303 1613 Filio
318 1584 360 1611 vel
374 1582 488 1618 Spiritui
505 1584 602 1609 sancto
614 1580 770 1613 assignans,
789 1577 916 1604 videlicet
932 1583 1019 1610 neque

231 1637 377 1666 supremaa,
401 1636 489 1663 neqtte
514 1626 631 1654 maxime
653 1623 770 1660 propriae
789 1623 1018 1658 appellationem;

231 1677 326 1705 eodem
347 1674 428 1702 modo
446 1681 508 1700 cum
527 1671 700 1700 substantias
726 1670 862 1704 simplices
887 1669 1019 1699 nominat,

232 1722 385 1749 arbitratur
406 1719 518 1747 cuilibet
546 1717 734 1752 simplicitatis
765 1716 900 1743 rationem
923 1722 1020 1742 conce-

232 1768 350 1796 dendam
379 1773 450 1798 esse,
477 1764 630 1792 secundum
664 1763 776 1790 modum
803 1765 829 1788 et
862 1767 1018 1788 mensuram

231 1813 384 1849 dignitatis,
399 1819 451 1847 qua
471 1811 564 1846 pollet,
588 1815 617 1837 ut
633 1809 721 1849 prima
738 1807 847 1843 quidem
863 1811 890 1834 et
904 1807 1020 1834 maxime

232 1847 343 1895 propria
359 1857 512 1886 substantia
525 1856 604 1891 quasi
620 1854 646 1882 in
664 1847 728 1882 arce
743 1858 769 1881 et
781 1853 899 1881 culmine
916 1852 1020 1888 simpli-

230 1905 323 1933 citatis
342 1905 537 1936 constituatur;
555 1902 685 1934 secttnda,
699 1900 880 1936 proportione
901 1899 1018 1934 quadam

230 1951 380 1980 secundum
398 1957 555 1978 mensuram
575 1948 713 1975 distantite
733 1954 747 1974 a
769 1946 865 1981 prima,
889 1945 1021 1980 simplici-

231 1998 295 2026 tatis
305 1998 438 2025 rationem
457 1995 601 2030 participet
613 2002 620 2026 ;
636 1997 662 2021 et
676 1993 757 2020 tertia
771 1992 899 2020 similiter
910 1995 1018 2018 tantum

231 2052 245 2071 a
267 2043 386 2079 perlecta
406 2040 580 2076 simplicitate
601 2039 721 2070 recedat,
751 2042 884 2073 quantum
907 2043 1020 2064 necesse

230 2095 273 2118 est
299 2088 502 2125 proportionem
529 2090 557 2112 et
585 2088 686 2112 statum
708 2083 852 2118 dignitatis
881 2082 1019 2113 imminui,

230 2134 299 2161 adeo
315 2137 344 2159 ttt
365 2140 399 2158 ex
412 2131 463 2157 ltoc
479 2132 620 2164 sequatur,
636 2127 728 2154 Patris
754 2127 864 2162 quidem
889 2127 1020 2153 substan-

1110 624 1194 651 Πάλιν
1214 624 1241 650 δὲ
1265 625 1310 651 τὸν
1328 624 1443 659 ῥηθέντα
1465 624 1528 660 παρ’
1545 622 1627 650 αὑτοῦ
1650 623 1728 657 λόγον
1747 623 1870 656 καθεξῆς

1073 669 1251 704 ἀναλάϐωμεν
1262 690 1268 696 .
1287 669 1487 703 Εὶλικρινοῦς,
1513 669 1609 704 φησὶν,
1625 667 1728 702 ἁπλῆς
1745 667 1803 701 τῆς
1820 670 1869 694 οὺ-

1074 716 1154 748 σΙιις,
1166 715 1214 742 καὶ
1228 715 1325 749 πάντη
1343 714 1415 750 μιᾶς
1432 714 1528 748 οὔσης
1543 714 1591 741 καὶ
1607 713 1772 748 νοουμένης
1792 715 1870 740 κατὰ

1073 760 1131 794 τὴν
1149 761 1227 787 ὶδίαν
1244 761 1343 792 ἀξίαν.
1371 761 1402 787 Τί
1422 760 1546 796 βούλεται
1563 761 1593 786 τὸ
1612 760 1688 786 κατὰ
1708 759 1764 792 τὴν
1786 759 1870 785 [Cim-

1074 807 1179 838 dé‘lar;
1193 808 1222 833 Εἰ
1236 808 1285 842 μὲν
1298 807 1352 842 γὰρ
1367 808 1396 833 ἐν
1409 807 1542 842 καινότητι
1553 806 1601 841 τῆς
1612 805 1691 837 ἀξίας
1706 805 1806 840 θεωρεῖ
1819 806 1870 836 τὰς

1073 853 1175 885 οὐσίας,
1194 853 1309 888 περισσὴ
1332 853 1381 888 μὲν
1397 853 1443 879 καὶ
1459 852 1543 884 οὕτως
1561 849 1605 887 ἦν,
1621 853 1667 878 καὶ
1689 851 1870 887 παρέλκουςι

1073 899 1089 933 ὴ
1105 898 1248 934 προσῡὴκη
1265 899 1310 925 τοῦ
1334 898 1412 932 λόγου
1433 900 1488 929 τοῖς
1513 897 1738 933 ὁμολογουμένοις
1757 898 1870 931 γένεσι-ι

1073 944 1275 980 ἐνδιατρίϐουσα
1288 952 1294 959 ·
1321 945 1390 980 πλὴν
1404 944 1460 971 ἀλλ’
1482 942 1538 980 εἷχέ
1559 953 1586 970 τι
1607 943 1782 978 συγγνωστὸν
1799 945 1869 975 ἴσως

1073 990 1089 1025 ἠ
1103 990 1216 1025 ἀκαιρία
1227 989 1277 1024 τῆς
1294 988 1403 1022 λέξεως,
1419 990 1468 1024 τῆς
1485 988 1681 1023 εὐσεϐεστέρας
1696 988 1804 1020 ἐννοίας
1819 989 1871 1014 οὐκ

1073 1036 1224 1072 ἀπόϐλητον
1244 1036 1375 1072 ποιούσης
1390 1036 1420 1062 τὺ
1440 1035 1565 1071 μάταιον,
1586 1035 1631 1062 καὶ
1657 1035 1807 1070 περιρρέον
1822 1035 1870 1061 τιῦ

1072 1081 1161 1116 λόγου.
1182 1082 1238 1108 Νῦν
1252 1083 1280 1109 δὲ
1299 1083 1328 1110 οὐ
1349 1082 1430 1118 μέχρι
1452 1081 1501 1117 τῆς
1517 1082 1569 1107 τῶν
1590 1081 1721 1116 ῥημάτων
1738 1080 1816 1115 αὐτῷ
1831 1081 1871 1106 ξι.

1073 1127 1210 1162 αμαρτίας
1227 1128 1299 1154 ἐστὶν
1309 1129 1322 1154 ό
1333 1127 1454 1159 κίνδυνος
1468 1135 1474 1142 ·
1494 1129 1503 1162 (
1517 1123 1535 1162 ἦ
1554 1126 1607 1162 γὰρ
1618 1125 1650 1152 ἂν
1664 1126 1772 1152 εὐίατον
1791 1123 1826 1161 ἦν
1840 1127 1872 1153 ττ)

1072 1169 1382 1207 ἁρῤὡστημα·)ἁλλ’ἕτι
1396 1171 1450 1197 τῶν
1463 1171 1588 1205 πονηρῶν
1606 1170 1695 1204 ἔχεται
1710 1171 1872 1204 τεχναςμὰ-

1072 1226 1135 1244 των.
1163 1216 1263 1251 Ἀπλῆν
1281 1217 1335 1251 γὰρ
1354 1217 1428 1252 λέγει
1446 1216 1501 1242 τῶν
1522 1215 1604 1250 τριῶν
1623 1214 1723 1240 οὐσιῶν
1747 1216 1873 1249 ὲκὰςτην

1072 1261 1143 1288 κατὰ
1165 1261 1213 1296 τὴν
1237 1261 1302 1287 ἰδίαν
1323 1261 1400 1293 ἀξίαν
1413 1270 1420 1275 ·
1445 1261 1489 1287 ἴνα
1507 1262 1563 1291 τοῖς
1580 1260 1609 1293 ἐξ
1631 1261 1720 1296 ἀρχῆς
1746 1260 1874 1295 ῥηθεῖσιν

1072 1307 1147 1341 αὐτῷ
1162 1307 1322 1342 διορισμοῖς,
1341 1307 1404 1342 περὶ
1424 1307 1474 1341 τῆς
1490 1305 1600 1342 πρώτης
1614 1315 1643 1332 τε
1663 1306 1711 1332 καὶ
1726 1306 1874 1341 δευτέρας,

1073 1353 1120 1378 καὶ
1137 1352 1230 1388 τρίτης
1247 1353 1350 1384 οὐσίας,
1365 1353 1412 1379 καὶ
1433 1354 1446 1379 ὁ
1463 1354 1512 1388 τῆς
1525 1353 1674 1387 ἁπλότητος
1694 1360 1877 1388 συγκακουρ·

1072 1398 1154 1432 γ’ήται
1166 1398 1252 1432 λόγος.
1279 1399 1384 1434 Ὠσπερ
1396 1397 1450 1433 γὰρ
1467 1398 1550 1433 μόνην
1567 1398 1708 1429 ἀνωτάτω,
1724 1398 1772 1423 καὶ
1788 1399 1876 1432 μόνην

1073 1444 1172 1480 κυρίαν
1188 1443 1236 1479 τὴν
1254 1442 1299 1470 τοῦ
1314 1443 1418 1479 Πατρός
1433 1444 1653 1478 προσηγόρευσεν
1669 1444 1778 1474 οὐσίαν,
1796 1445 1877 1470 aliis

1072 1490 1173 1517 τούτων
1184 1490 1230 1516 ἐπὶ
1242 1489 1288 1516 τοῦ
1302 1489 1378 1521 Υἱοῡ,
1393 1490 1439 1516 καὶ
1451 1489 1496 1515 τοῦ
1508 1489 1665 1524 Πνεύματος
1676 1480 1875 1524 όμολογήεας,

1072 1535 1132 1562 οὒτε
1141 1536 1191 1571 τὴν
1203 1531 1259 1562 ἀνω
1273 1535 1452 1570 φωνὴν,“οῦτε
1465 1535 1512 1571 τὴν
1528 1535 1701 1570 κυριωτάτην
1714 1543 1722 1550 ·
1741 1536 1818 1562 κατὰ
1831 1537 1878 1562 τὸν

1072 1581 1152 1608 αὑτὸν
1167 1581 1257 1615 λόγον,
1277 1581 1325 1607 καὶ
1343 1581 1430 1612 ἁπλᾶς
1446 1580 1601 1616 προσειπὼν
1610 1580 1659 1612 τὰς
1674 1581 1786 1612 οὐσίας,
1806 1583 1880 1608 κατὰ

1071 1627 1102 1653 τὺ
1122 1627 1218 1662 μέτρον
1236 1626 1284 1662 τῆς
1306 1627 1543 1663 ὲπιθεωρουμένης
1567 1626 1688 1662 ἑκάστης
1709 1626 1808 1659 ἀξίας,
1832 1630 1881 1654 καὶ

1072 1673 1121 1708 τὴν
1137 1673 1185 1707 τῆς
1197 1672 1346 1707 ἁπλότητος
1358 1672 1460 1699 ἔννοιαν
1471 1672 1637 1707 ἐφαρμόζειν
1653 1672 1744 1698 οἴεται
1754 1675 1878 1707 χρῆναι”

1072 1717 1109 1749 ὡς
1123 1719 1173 1754 τῆς
1186 1718 1235 1753 μὲν
1251 1718 1432 1754 κυριωτάτης,
1450 1719 1496 1745 καὶ
1508 1717 1629 1753 πρώτης,
1646 1718 1676 1744 ἐν
1689 1719 1724 1753 τῇ
1740 1718 1824 1754 ἄκρᾳ
1835 1721 1882 1745 καὶ

1067 1765 1162 1799 τελείᾳ
1170 1764 1357 1800 θεωρουμένης
1369 1764 1513 1799 ἁπλότητι,
1521 1764 1570 1799 τῆς
1580 1763 1607 1790 δὲ
1624 1764 1760 1799 δευτέρας
1780 1766 1880 1791 ἀναλό-

1073 1819 1140 1845 γως,
1156 1810 1224 1836 κατὰ
1234 1809 1264 1836 τὸ
1277 1810 1376 1845 μέτρον
1387 1811 1436 1845 τῆς
1450 1809 1504 1836 τῶν
1521 1809 1662 1844 πρωτείων
1675 1810 1824 1843 ὑφέσεως,
1837 1811 1883 1837 καὶ

1072 1855 1118 1882 τὸν
1131 1856 1181 1891 τῆς
1196 1855 1346 1891 ἁπλότητος
1357 1855 1436 1889 λόγον
1447 1854 1664 1889 ὑποστελλούσης
1675 1863 1683 1870 ·
1697 1855 1749 1881 καὶ
1764 1857 1818 1883 ἐπὶ
1833 1857 1883 1891 τῆς

1072 1901 1227 1932 τελευταίας
1243 1901 1373 1933 ὡσαύτως
1389 1901 1516 1928 τοσοῦτον
1527 1900 1747 1927 ὑποκαταϐαίνει
1766 1902 1824 1937 τῆς
1838 1911 1883 1928 τε-

1072 1946 1147 1978 λείας
1161 1947 1322 1982 ἁπλότητος,
1339 1948 1399 1974 ὅσον
1412 1948 1459 1974 καὶ
1473 1948 1489 1982 ἡ
1505 1947 1636 1980 ἀναλογία
1648 1947 1698 1973 τοῦ
1714 1947 1885 1983 ἀξιώματος

1072 1992 1118 2018 ἐπὶ
1126 1992 1180 2019 τῶν
1192 1992 1313 2027 ἐσχάτων
1324 1992 1575 2027 κατασμικρύνεται
1585 2000 1592 2007 ·
1603 1992 1641 2024 ὡς
1652 1992 1686 2018 ὲκ
1697 1992 1806 2020 τούτου
1821 2002 1886 2028 συμ.

1073 2038 1176 2065 ϐαίνειν
1194 2037 1242 2073 τὴν
1262 2038 1309 2074 μὲν
1331 2038 1378 2065 τοῦ
1391 2039 1497 2073 Πατρὺς
1511 2038 1606 2064 οὐσίαν
1623 2038 1718 2072 ἁπλῆν
1745 2040 1885 2075 καθαρῶς

1073 2083 1262 2110 ὑπονοεῖσθαι·
1290 2084 1339 2119 τὴν
1360 2084 1388 2110 δὲ
1411 2084 1459 2110 τοῦ
1476 2083 1553 2116 Υὶοῦ,
1573 2083 1610 2118 μὴ
1629 2084 1760 2118 ἀκριϐῶς
1778 2086 1884 2120 ἁπλῆν,

1072 2129 1140 2156 ἀλλὰ
1157 2129 1204 2156 καὶ
1220 2129 1269 2164 τῆς
1283 2129 1410 2156 συνθέτου
1425 2130 1531 2164 φύσεως
1550 2129 1619 2164 αὐτῇ
1639 2131 1884 2165 παραμεμίχῦαι-

229 2180 307 2209 tiatn,
338 2183 406 2212 pure
431 2181 456 2202 et
478 2182 553 2202 utere
581 2173 731 2207 simplicem
761 2180 838 2206 esse;
866 2171 927 2198 Filii
952 2179 1016 2200 vero

1085 2175 1117 2202 οὖ
1134 2175 1162 2201 δὲ
1183 2176 1260 2209 ἁγίου
1275 2176 1433 2210 Πνεύματος
1449 2174 1607 2206 πλεονάζειν
1633 2175 1662 2201 ὲν
1684 2175 1726 2209 τῷ
1748 2176 1886 2207 συνοὲτῳ

228 2222 414 2252 substantiam
437 2229 491 2247 non
515 2217 677 2253 simpliciter
698 2218 850 2252 simplicem
872 2226 942 2248 esse.
970 2218 1016 2245 sed

1070 2221 1119 2256 τὴν
1128 2220 1216 2254 φύσιν,
1224 2219 1269 2246 τοῦ
1281 2220 1330 2254 τῆς
1341 2219 1492 2254 ἁπλότητος
1505 2219 1584 2253 λόγου
1594 2217 1655 2245 κατ’
1669 2217 1769 2252 ὀλίγον
1786 2220 1819 2245 ἐν
1831 2220 1887 2249 τοῖς

228 2268 333 2303 aliquid
366 2266 575 2301 compositionis
605 2264 751 2291 admislutn
775 2263 899 2296 ltahet‘c;
931 2265 1018 2291 sancti

1087 2266 1195 2301 σχάτοις
1212 2265 1418 2300 ἐλαττουμένου.
1449 2265 1554 2300 Ὥσπερ
1577 2263 1633 2299 γὰρ
1649 2263 1681 2290 τὸ
1705 2263 1746 2298 μὴ
1770 2264 1887 2292 τελείως

229 2317 348 2351 Spiritus
380 2318 470 2341 autent
488 2312 669 2340 substantiam
696 2312 842 2346 plttritttum
858 2311 890 2338 de
905 2319 1018 2346 compo-

229 2362 339 2390 sitionis
354 2364 449 2387 natura
466 2358 639 2394 participare,
666 2366 728 2384 cum
752 2357 934 2392 simplicitatis
949 2358 1018 2384 ratio

229 2411 257 2436 in
278 2406 406 2434 extremis
429 2404 559 2440 paulatim
579 2403 778 2432 imminuatur:
793 2406 820 2429 et
841 2402 920 2430 sicuti
940 2403 1016 2435 illud,

1070 2312 1171 2346 ἀγαθὸν
1192 2313 1268 2348 μέρει
1283 2312 1336 2339 τινὶ
1351 2313 1399 2347 τῆς
1415 2313 1539 2343 ἐναντίας
1555 2311 1640 2345 ἕξεως
1659 2311 1801 2346 μετέχειν
1820 2312 1886 2345 ὀμο-

1070 2357 1197 2391 λογεῐται,
1215 2359 1299 2390 οὕτως
1313 2358 1327 2384 ὃ
1341 2358 1378 2394 μὴ
1391 2358 1530 2390 παντελῶς
1548 2359 1621 2384 ἐστιν
1635 2357 1758 2389 ἁπλοῦν,
1779 2358 1813 2383 οὐ
1828 2357 1887 2383 Eta-

1074 2404 1169 2438 φεύγει
1181 2404 1210 2430 τὺ
1225 2405 1261 2439 μὴ
1280 2405 1406 2432 σύνθετον
1422 2403 1490 2432 εἶναι
1503 2405 1598 2431 δοκεῖν.

229 2454 301 2490 quod
326 2461 378 2480 non
405 2457 447 2479 est
470 2450 590 2486 perfecte
615 2451 714 2478 bonum
730 2470 737 2481 ,
773 2451 799 2477 in
825 2454 900 2484 parte
923 2450 1040 2484 quadam
1079 2451 1212 2478 contrarii
1237 2451 1345 2478 habitus
1369 2459 1484 2478 consors
1506 2458 1578 2480 esse,
1607 2449 1736 2476 omnium
1768 2450 1887 2477 conte;-

229 2504 315 2535 sione,
332 2495 465 2528 asseritur
481 2508 487 2525 :
509 2499 544 2525 ita
560 2498 597 2531 id,
610 2499 684 2533 quod
709 2506 763 2525 non
779 2498 890 2525 omnitto
907 2497 1021 2532 simplex
1043 2502 1095 2530 est,
1111 2498 1228 2533 cﬁttgere
1244 2499 1316 2526 haud
1335 2502 1435 2533 potest,
1453 2497 1605 2533 quominus
1637 2496 1778 2523 videatur
1813 2504 1890 2524 cout-

227 2550 348 2585 positum
375 2554 445 2574 csse.

263 2595 340 2629 Quod
354 2598 443 2630 autem
461 2593 518 2620 lucc
534 2596 671 2628 spectans,
690 2591 744 2618 isto
762 2590 893 2624 loquendi
912 2597 1013 2623 genere

228 2642 263 2668 sit
291 2649 369 2672 usus,
395 2638 565 2666 manifestius
583 2638 641 2677 lict
676 2645 708 2664 ex
741 2635 934 2670 sequentibus,
969 2635 1013 2661 ubi

229 2687 350 2722 apertius
365 2690 392 2713 et
411 2685 512 2712 clarius
529 2685 755 2711 existimationem
769 2682 838 2709 Filio
854 2686 881 2709 et
901 2681 1014 2715 Spirittti

226 2738 324 2761 sancto
338 2732 455 2758 debitam
484 2731 516 2758 ad
539 2731 655 2758 ltutnilcs
673 2729 805 2765 quasdam
839 2732 866 2754 et
893 2726 1015 2760 abiectas

229 2773 372 2808 upinioues
387 2775 504 2803 deducit.
520 2775 584 2803 Cum
602 2775 682 2807 enim,
699 2773 798 2807 inquit,
815 2770 936 2805 operibus
959 2772 1011 2797 cir—

1104 2587 1159 2614 Καὶ
1168 2588 1208 2614 ότι
1219 2588 1304 2615 ταῦτα
1315 2588 1383 2614 νοῶν
1393 2589 1497 2620 τούτοις
1505 2589 1560 2620 τοῖς
1571 2587 1662 2621 λόγοις
1675 2587 1839 2624 κέχρηται,
1851 2590 1891 2616 Ez‘z

1069 2635 1123 2660 τῶν
1134 2635 1231 2668 ἐφεξῆς
1243 2635 1408 2670 σαφέστερον
1419 2635 1566 2666 δείκνυται,
1578 2634 1611 2660 δι’
1623 2630 1663 2660 ὧν
1677 2635 1886 2672 φανερώτερον

1069 2680 1109 2710 εἰς
1127 2679 1310 2713 χαμαιζήλους
1325 2679 1400 2711 τινὰς
1430 2679 1476 2706 καὶ
1492 2678 1624 2709 ταπεινὰς
1640 2677 1808 2713 ὑπολήψεις
1824 2689 1890 2707 x1:-

1070 2724 1129 2755 άγει
1144 2724 1191 2758 τὴν
1205 2725 1268 2759 περὶ
1279 2725 1324 2750 τοῦ
1340 2724 1402 2751 Υἱοῦ
1418 2725 1463 2751 καὶ
1475 2724 1634 2758 Πνεύματος
1653 2724 1780 2751 ἔννοιαν.
1810 2727 1891 2759 Στυμ-

1068 2769 1337 2804 περιγγκιςςίνμέιων,
1353 2771 1429 2805 φησι,
1445 2769 1505 2802 τοῖς
1519 2769 1618 2803 ἔργοις
1632 2768 1693 2796 τῶν
1703 2770 1889 2804 ἐνεργειῶν.
