1954 3079
243 86 294 114 527

242 237 318 264 nebit
331 237 447 272 amplius
462 235 550 262 locum
567 235 689 267 tertium,
707 235 753 262 sed
769 235 912 270 quintum:
927 243 1026 270 opera-

242 282 327 315 tione,
342 290 401 316 quae
417 281 451 308 ad
470 281 654 308 substantiam
683 279 821 315 Unigeniti
837 280 972 315 sequitur,
999 284 1026 308 et

242 335 290 363 per
304 335 384 362 quam
399 327 518 362 Spiritus
538 331 652 354 sanctus
668 327 806 360 subsistit,
821 331 852 354 ut
874 326 1025 354 Eunomius

242 377 330 407 putat,
349 373 436 401 media
450 372 605 408 interjecta.

276 509 331 538 Sed
344 515 372 539 et
390 510 456 537 illud
469 509 644 545 evangelista;
655 530 662 543 ,
680 509 777 537 Omnia
787 516 833 544 per
847 509 933 543 ipsum
952 508 1025 542 facta

241 556 341 590 sunt",
359 557 410 583 hac
423 556 528 583 ratione
544 562 642 582 vanum
660 559 688 582 et
704 554 801 583 falsum
816 554 956 586 ellieietur.
973 555 1025 581 alia

239 601 356 636 quadam
371 600 525 628 substantia
541 600 706 635 antiquiore,
723 607 804 634 quam
831 601 868 628 sit
892 599 1024 635 Unigeni-

240 651 303 680 tus,
321 647 354 674 ab
371 647 422 675 hoc
435 654 504 673 novo
525 646 652 680 tlieologo
677 647 810 679 conlicta,
842 646 887 673 cui
914 646 1026 673 meliore

237 693 299 728 jure
313 699 397 720 causa
411 692 501 720 omnis
530 692 678 720 creatiouis
693 697 721 720 et
749 696 884 720 creaturae
913 695 1024 726 accepta

239 737 353 770 teratur,
371 745 433 765 cum
451 738 539 772 ipsius
552 738 635 765 etiam
650 737 788 772 Unigeniti
807 737 952 772 productio
978 745 1023 764 se-

239 783 358 811 cundum
374 784 444 811 hanc
456 783 613 819 opinionem
629 783 664 811 ab
681 784 728 810 illa
742 783 852 818 energia
881 787 908 810 et
925 790 1022 817 opera-

239 828 313 855 tione
328 828 453 863 pendeat.
469 817 546 860 Quod
562 828 584 856 si
604 829 654 856 has
671 828 856 856 absurditate:
874 827 961 854 vitare
974 834 1021 854 vo.
1040 817 1059 845 Β

239 873 309 905 lens,
331 876 435 900 asserat
451 873 636 907 operationem
651 872 724 900 illam
740 880 802 900 esse
817 879 874 900 rem
887 879 942 899 non
958 873 1023 900 sub~

239 918 390 950 sistentem,
416 925 514 945 rursus
531 918 648 953 explicet
665 918 760 950 nobis,
778 918 918 953 quomodo
935 917 969 945 ad
984 917 1023 951 id,

238 964 310 999 quod
318 963 435 997 exsistit,
451 968 581 998 sequatur
597 963 633 993 id,
644 963 716 997 quod
726 971 780 990 non
790 957 909 995 exsistit,
916 966 942 991 et
953 971 1023 998 quo—

238 1009 320 1037 modo
329 1009 368 1040 id,
376 1010 448 1044 quod
458 1018 511 1036 non
519 1009 654 1042 subsistit,
661 1009 762 1037 efﬁciat
770 1010 898 1044 eum,qui
905 1010 1023 1038 exsistit.

239 1055 278 1082 Ex
284 1055 328 1083 bis
337 1059 412 1083 certe
419 1055 534 1082 edicitur
545 1063 560 1082 a
569 1054 624 1082 Deo
636 1055 746 1089 prodire
760 1063 802 1087 ea,
811 1063 872 1090 quae
879 1063 934 1083 non
949 1056 1024 1083 exsi-

239 1105 356 1133 stunt,et
363 1108 472 1128 causam
480 1109 568 1130 rerum
574 1108 681 1134 esseea,
687 1105 874 1137 quaenonsunt
880 1111 886 1128 Ζ
892 1106 919 1130 et
926 1108 958 1129 ea
965 1109 1025 1136 qua

239 1151 340 1174 natura
359 1154 408 1175 sua
419 1154 472 1174 non
490 1146 656 1179 subsistunt,
670 1146 896 1174 circumscribere
918 1153 1024 1179 eorum,

238 1201 300 1228 quae
317 1193 482 1225 subsistunt,
507 1197 642 1221 naturam:
663 1192 809 1227 omnisque
830 1196 963 1220 creatura:
982 1193 1025 1220 vis

238 1239 358 1268 cﬂ'cctrix
375 1243 402 1267 et
422 1238 580 1274 productrix
603 1237 789 1265 continebitur
799 1238 948 1266 secundum
960 1246 1024 1273 pro-

239 1284 325 1320 priam
334 1292 411 1312 suam
419 1284 551 1311 rationem
561 1291 593 1312 eo
599 1283 670 1318 quod
679 1290 734 1310 non
740 1283 955 1311 subsistiLTalia
961 1287 1025 1311 sunt

239 1330 320 1358 istius
333 1331 451 1366 theologi
476 1330 575 1365 placita
587 1349 594 1362 ,
611 1329 658 1365 qui
676 1329 820 1356 Dominum
843 1329 906 1357 coeli
928 1334 956 1357 et
969 1333 1026 1358 ter-

238 1383 287 1408 rm,
305 1381 332 1404 et
347 1377 438 1404 omnis
457 1380 593 1404 creaturae
619 1375 801 1408 conditorem,
825 1374 942 1403 Verbum
966 1375 1024 1409 Dei,

239 1422 313 1456 quod
330 1422 356 1449 in
383 1422 520 1457 principio
547 1427 615 1454 erat,
642 1426 668 1448 et
684 1428 732 1455 per
747 1419 821 1456 quod
834 1421 926 1448 omnia
950 1420 1023 1448 facta

239 1471 313 1500 sunt,
331 1467 482 1495 subsistere
504 1467 584 1494 docet
604 1474 636 1494 ex
651 1473 706 1494 non
728 1467 877 1494 exsistente
887 1466 931 1494 vel
959 1466 1025 1494 sub-
1037 1487 1059 1515 ϐ

239 1514 354 1542 sistente
370 1521 401 1542 re
417 1513 535 1548 quadam
550 1512 592 1540 vel
607 1513 798 1548 conceptione,
811 1512 854 1540 vel
866 1513 958 1540 nescio
969 1520 1024 1547 quo

239 1559 293 1586 alio
310 1559 420 1586 nomine
435 1558 525 1586 ﬁctam
542 1558 576 1585 ab
595 1557 656 1592 ipso
681 1558 820 1593 energiam
835 1561 863 1585 et
889 1558 1026 1593 operatio-

239 1612 301 1632 nem
319 1604 456 1640 appellare
470 1603 563 1634 liceat,
575 1603 690 1638 ipsaque
700 1610 754 1630 non
769 1603 940 1635 exsistentia,
952 1603 1026 1630 velut

239 1654 318 1685 septo
333 1650 451 1685 quodam
466 1653 494 1677 et
519 1649 616 1682 limite,
637 1649 759 1684 undique
781 1648 1024 1683 circumscriptum

239 1700 267 1724 et
280 1696 424 1731 obseptum
440 1703 500 1723 esse
515 1704 521 1722 :
537 1699 564 1722 at
580 1702 634 1722 non
649 1695 778 1730 intelligit
795 1695 820 1722 is
835 1695 882 1729 qui
898 1694 1025 1722 invisibi-

241 1742 276 1769 lia
291 1749 321 1770 se
335 1741 424 1769 videre
447 1741 565 1776 jactitat,
583 1741 610 1768 in
640 1740 770 1776 quidnam
800 1740 888 1768 oratio
914 1739 1024 1767 tandem

241 1787 359 1814 desinat.
377 1787 405 1814 Si
431 1787 504 1814 enim
526 1787 649 1822 operatio
664 1786 709 1814 Dei
734 1793 788 1813 non
807 1785 943 1818 subsistit,
960 1785 1026 1812 hac-

241 1839 294 1867 que
308 1831 545 1859 circumscribitur
561 1837 587 1859 et
602 1831 680 1866 quasi
699 1831 828 1862 ambitur,
854 1830 932 1862 illud,
951 1831 1024 1866 quod

241 1886 255 1905 s
270 1886 323 1906 non
333 1878 496 1905 exsistentia
513 1877 674 1913 producitur
687 1898 695 1910 ,
709 1877 822 1904 omnino
838 1884 952 1904 necesse
967 1881 1022 1907 est.

240 1928 271 1950 ut
285 1923 436 1950 secundum
452 1927 578 1950 naturam
597 1930 676 1950 suam
690 1921 805 1950 eﬂ‘ectus
818 1921 954 1956 ejusmodi
980 1922 1024 1957 ju-

240 1967 357 1999 dicetur,
371 1967 459 2002 qualis
476 1971 515 1994 est
533 1971 630 1994 natura
650 1966 722 2001 ejus,
739 1966 812 2001 quod
837 1967 886 1994 iste
911 1967 1024 1993 commi-

241 2014 364 2046 niscitur,
384 2014 508 2041 el‘leetum
528 2014 712 2049 produxisse;
745 2021 806 2040 nam
833 2012 905 2047 quod
933 2019 1028 2039 anon-

239 2059 398 2086 exsistentia
414 2059 539 2086 eﬂ'ectum
563 2063 616 2088 est,
630 2065 718 2092 eaque
736 2056 965 2092 comprehensum
983 2056 1024 2082 in-

240 2104 370 2137 cluditur,
387 2104 413 2130 id
430 2104 511 2138 quale
535 2103 581 2135 sit,
599 2103 666 2130 satis
693 2103 795 2137 liquet:
814 2101 943 2129 nimirum
969 2109 1023 2128 non

837 84 866 112 S.
887 83 1049 112 GREGORII
1068 83 1213 114 NYSSENI

193 170 199 182 ,
243 146 352 179 Filium,
369 146 501 174 collocata
517 145 605 172 media
619 145 664 172 illa
675 152 785 180 cnergta
802 153 851 173 seu
868 145 1024 180 operatione

1078 147 1167 182 τρίτῃ,
1186 146 1244 174 ἀλλ’
1258 146 1287 172 ἐν
1306 146 1418 182 πέμπτῃ
1440 145 1515 178 τάξει
1540 146 1794 182 καταληφθήσεται,
1816 146 1866 180 τῆς

198 203 201 207 ·
243 193 365 220 secundo
379 193 460 220 loco?
477 191 533 218 llae
549 192 620 218 serie
638 190 758 226 Spiritus
773 194 886 218 sanctus
905 199 958 218 non
982 195 1024 219 te-

1812 83 1868 111 398

1075 192 1213 227 ἐνεργείας
1225 191 1331 226 ἐκείνης
1344 192 1372 218 ὲν
1389 191 1501 226 δευτέρᾳ.
1515 191 1589 224 τάξει
1603 191 1670 226 μετὰ
1680 192 1726 217 τὸν
1741 191 1789 217 ἐπὶ
1800 191 1867 217 πάν-

1075 245 1128 264 των
1146 238 1211 264 Θεὸν
1224 237 1437 273 ἀριθμουμένης,
1447 237 1518 263 κατά
1526 237 1554 264 δὲ
1566 237 1615 272 τὴν
1626 237 1787 264 ἀκολουθίαν
1800 237 1867 263 ταὺ-

1075 290 1135 317 την,
1149 283 1195 309 καὶ
1210 283 1240 309 τὸ
1257 283 1366 318 Πνεῦμα
1378 283 1408 309 τὸ
1420 282 1496 316 ἀγιον
1508 282 1614 314 πάντως
1625 283 1716 310 οὐκέτι
1731 284 1762 309 ἐν
1774 283 1865 318 τρίτῃ,

1075 327 1133 355 ἀλλ’
1145 328 1174 354 ἐν
1189 327 1302 363 πέμπτῃ
1313 327 1387 360 τάξει
1397 327 1643 363 καταληφθήσεται,
1663 328 1712 362 τῆς
1723 327 1866 362 ἐνεργείας

1076 373 1127 408 τῆς
1146 373 1185 408 τῷ
1197 374 1346 408 Μονογενεῖ
1359 374 1561 410 παρεπομένης,
1581 373 1642 400 καθ’
1656 374 1689 409 ἢν
1706 373 1812 408 ὑπέστη
1835 373 1866 399 τὸ

1075 418 1187 454 Πνεῦμα
1209 418 1240 444 τὸ
1256 420 1342 453 ἅγιον,
1362 419 1399 450 ὡς
1421 421 1436 446 ὁ
1449 419 1582 454 Εὑνομίου
1597 419 1685 453 λόγος,
1709 419 1755 446 διὰ
1781 419 1865 455 μέσου

1075 464 1184 493 πάντως
1197 464 1312 500 ἀριθμου
1316 464 1409 500 μένης.

1119 509 1199 535 Ἀλλά
1220 509 1266 536 καὶ
1280 509 1323 542 τὺ,
1345 509 1446 536 Πάντα
1465 508 1513 536 διὰ
1533 509 1587 536 τοῦ
1606 508 1674 536 Υιοῧ
1684 508 1866 543 γεγενῆσθαι

1075 555 1173 589 λέγειν,
1183 555 1332 582 ἀσύστατον
1345 555 1388 582 διὰ
1401 555 1503 583 τούτων
1515 555 1748 591 ἐπιδειχθήσεταν
1768 555 1866 590 ἑτέρας

1075 601 1145 632 τινὸς
1161 601 1333 632 ὑποστάσεως
1348 601 1535 637 πρεσϐυτέρας
1547 601 1594 628 τοῦ
1610 601 1780 635 Μονογενοῦς
1797 610 1866 636 προ-

1075 645 1293 681 αναπλασθείσης
1310 645 1362 672 ὑπὸ
1384 646 1429 672 τοῦ
1445 646 1538 673 καινοῦ
1553 646 1689 680 θεολόγου,
1711 647 1754 678 είς
1773 647 1808 682 ἣν
1825 647 1865 673 εί-

1075 689 1161 722 κότως
1174 691 1190 725 ἠ
1205 690 1278 717 αἰτία
1293 691 1344 726 τῆς
1359 691 1473 723 κτίσεως
1492 691 1546 718 τῶν
1561 692 1669 719 πάντων
1683 692 1865 727 ἀνενεχοήσε-

1075 741 1138 760 ται·
1168 733 1234 761 διάει
1253 735 1300 762 καὶ
1323 735 1405 761 αὐτοῦ
1424 737 1471 762 τοῦ
1486 736 1651 770 Μονογενοῦς
1672 737 1863 772 ἠκατασκευὴ

1075 779 1146 806 κατὰ
1156 779 1200 806 τὸν
1215 780 1324 807 ἐκείνων
1335 781 1422 815 λόγον,
1435 781 1484 816 τῆς
1501 782 1641 817 ἐνεργείας
1657 782 1764 817 ἐκείνης
1777 783 1863 818 ἠρτη-

1075 834 1128 853 ται.
1153 825 1184 852 Εἰ
1201 825 1230 852 δὲ
1243 826 1328 852 ταῦτα
1349 826 1384 852 τὰ
1401 826 1489 853 ἄτοπα
1504 827 1612 861 φεύγων
1633 827 1823 854 ἀνυπόστατόν
1837 837 1862 854 τι

1074 872 1189 907 πρᾶγμα
1200 871 1274 907 λέγοι
1295 872 1342 907 τὴν
1351 872 1503 908 ἐνέργειαν,
1513 870 1546 908 ἧς
1559 873 1731 909 ἀποτέλεσμα
1739 874 1786 900 τὸν
1798 874 1863 901 Υἱῦν

1074 917 1228 953 διορίζεται,
1238 919 1317 946 πάλιν
1325 919 1438 950 ειπάτω,
1449 919 1506 951 πῶς
1514 919 1609 946 ἕπεται
1617 920 1655 955 τῷ
1665 920 1720 946 δντι
1730 920 1762 946 τὸ
1773 921 1811 956 μὴ
1823 920 1862 950 δν,

1075 963 1136 994 πῶς
1150 963 1177 990 δὲ
1191 964 1387 999 κατεργάζεται
1399 965 1445 991 τὸν
1459 965 1609 999 ὑφεστῶτα,
1620 965 1650 992 τὺ
1667 965 1703 1001 μὴ
1721 965 1860 1000 ὑφεστὼς,

1075 1009 1258 1045 Εὐρεθησεται
1273 1010 1326 1046 γὰρ
1343 1011 1386 1038 διὰ
1410 1010 1522 1042 τούτων,
1537 1011 1734 1038 ἀκολουθοῦντα
1752 1011 1803 1046 μὲν
1823 1012 1860 1047 τῷ

1074 1055 1133 1090 Θεῷ
1145 1055 1180 1082 τὰ
1191 1056 1351 1093 άνύπαρκτα
1362 1065 1369 1072 ·
1398 1058 1471 1084 αῐτια
1483 1057 1512 1084 δὲ
1526 1057 1580 1084 τῶν
1593 1057 1676 1084 ὄντων
1696 1057 1730 1083 τὰ
1747 1057 1786 1092 μὴ
1798 1057 1860 1084 ὄντα

1074 1102 1214 1136 γινόμενα,
1228 1102 1274 1128 καὶ
1286 1103 1489 1138 περιγράφοντα
1505 1102 1554 1138 τὴν
1567 1103 1620 1129 τῶν
1634 1102 1799 1136 ὑφεστώτων
1813 1102 1860 1137 φύς

1075 1155 1128 1179 σιν,
1142 1147 1160 1174 ἃ
1169 1148 1202 1182 τῇ
1217 1146 1319 1174 ἑαυτῶν
1330 1148 1379 1182 οὐχ
1393 1147 1528 1183 ὑφέστηκε
1538 1146 1626 1182 φύσει.
1638 1147 1684 1173 καὶ
1695 1148 1711 1182 ἡ
1725 1148 1801 1173 πᾶσα
1812 1147 1862 1181 τῆς

1074 1193 1188 1226 κτίσεως
1204 1194 1410 1230 ἀποτελεστικὴ,
1438 1195 1486 1222 καὶ
1508 1194 1674 1230 δημιουργὸς
1690 1194 1808 1229 δύναμις
1824 1194 1861 1229 τῷ

1074 1239 1239 1275 ἀνυπάρκτῳ
1261 1240 1331 1266 κατά
1350 1240 1394 1266 τὸν
1426 1240 1491 1266 ῐδιον
1515 1240 1593 1274 λόγον
1617 1239 1860 1276 περιληφθήσεται.

1074 1285 1193 1312 Τοιαῦτα
1211 1285 1257 1311 τοῦ
1274 1285 1398 1319 θεολόγου
1409 1285 1443 1312 τὰ
1458 1284 1590 1320 δόγματα,
1600 1285 1629 1316 ὃς
1641 1285 1688 1312 τὸν
1699 1285 1803 1320 Κύριον
1816 1285 1862 1311 τοῦ

1074 1330 1189 1367 οὐρανοῦ
1205 1331 1252 1357 καὶ
1265 1331 1314 1366 τῆς
1327 1330 1388 1365 γῆς,
1403 1331 1494 1365 πάσης
1507 1329 1556 1365 τῆς
1563 1329 1677 1362 κτίσεως
1684 1329 1852 1365 δημιουργὺν

1074 1377 1120 1404 τὸν
1137 1378 1166 1403 ἐν
1181 1377 1250 1412 ἀρχῇ
1267 1377 1333 1404 ὅντα
1352 1377 1438 1410 Λόγον
1454 1376 1533 1408 Θεοῦ,
1558 1376 1603 1402 τὸν
1622 1375 1655 1402 δι’
1669 1373 1700 1402 οὗ
1712 1376 1747 1402 τὰ
1763 1376 1861 1407 πάντα,

1074 1423 1166 1449 τοῦτον
1183 1423 1348 1458 ἀνυπάρκτῳ
1359 1423 1412 1449 τινὶ
1424 1422 1471 1449 καὶ
1487 1422 1664 1457 ἀνυποστάτῳ
1674 1421 1829 1457 πράγματι,
1845 1421 1862 1456 ἢ

1075 1469 1124 1496 οὑκ
1139 1467 1188 1495 οἷδ’
1197 1469 1271 1500 ὅπως
1285 1469 1417 1504 ὀνομάσαι
1430 1469 1563 1504 προσήκει
1579 1468 1628 1504 τὴν
1640 1469 1705 1503 παρ’
1715 1467 1800 1494 αὐτοῦ
1815 1467 1863 1493 νῦν

1074 1514 1289 1541 ἀναπλασθείσαν
1311 1515 1464 1550 ἐνέργειαν,
1486 1513 1633 1548 ὑποστῆναι
1654 1513 1743 1546 λέγει,
1769 1512 1818 1539 καὶ
1834 1513 1863 1538 ἐν

1074 1561 1142 1596 αὐτῇ
1161 1560 1389 1595 περιγεγράφθαι,
1406 1557 1461 1586 οἷόν
1481 1568 1533 1586 τινι
1554 1559 1637 1594 ἐρκίῳ
1658 1560 1691 1594 τῇ
1706 1557 1862 1593 ἀνυπαρξίᾳ

1074 1606 1239 1640 πανταχόθεν
1246 1606 1444 1641 διειλημμένον.
1457 1606 1511 1633 Καὶ
1518 1606 1550 1632 οὐ
1559 1605 1682 1640 συνίησιν
1691 1605 1706 1631 ὁ
1714 1604 1749 1631 τὰ
1759 1603 1863 1630 ἀθέατα

1074 1650 1192 1684 βλέπων,
1205 1651 1244 1682 είς
1253 1648 1308 1678 οἷον
1323 1651 1504 1686 καταστρέφει
1521 1651 1607 1686 πέρας
1621 1651 1637 1686 ἡ
1654 1650 1802 1677 ἀκολουθία
1816 1650 1863 1676 τοῦ

1074 1697 1162 1731 λόγου.
1178 1697 1208 1724 Ei
1219 1697 1274 1732 γὰρ
1289 1697 1472 1729 ἀνυπόστατος
1487 1696 1536 1732 μὲν
1551 1697 1567 1732 ἡ
1584 1696 1708 1731 ἐνέργεια
1720 1695 1769 1722 τοῦ
1782 1695 1863 1727 Θεοῦ,

1074 1742 1160 1779 ταύτῃ
1175 1742 1202 1770 δὲ
1217 1743 1451 1778 ἐμπεριγράφεται
1465 1742 1496 1768 τὸ
1509 1743 1541 1768 ὲκ
1554 1742 1603 1776 τῆς
1613 1741 1783 1776 ἀνυπαρξίας
1795 1742 1868 1767 ἀπο-

1074 1787 1198 1814 τελεσθὲν
1215 1787 1308 1823 ἔργον·
1335 1789 1444 1818 πάντως
1459 1789 1500 1814 ὅτι
1522 1787 1641 1814 τοιοῦτόν
1654 1795 1679 1813 τι
1698 1787 1864 1822 νοηθήσεται

1073 1833 1106 1868 τῇ
1120 1832 1198 1866 φύσει
1208 1832 1237 1858 τὸ
1247 1826 1481 1868 ἀποτέλεσμαψῦ⁵
1492 1833 1538 1859 καὶ
1549 1834 1565 1867 ἡ
1578 1831 1624 1858 τοῦ
1637 1832 1864 1866 ὑποστησαμένςυ

1074 1878 1104 1904 τὺ
1120 1878 1200 1913 ἔργον
1213 1877 1292 1912 φύσις
1311 1878 1466 1912 ἀνεπλάσυη
1484 1877 1521 1913 τῷ
1538 1877 1617 1912 λογῳ.
1650 1877 1686 1903 Τὸ
1697 1876 1752 1912 γὰρ
1769 1877 1864 1902 ἀποτε-

1074 1921 1167 1949 λεσθὲν
1191 1923 1224 1949 ἐκ
1243 1923 1292 1957 τῆς
1316 1922 1500 1958 ἀνυπαρξίας,
1530 1922 1577 1949 καὶ
1596 1921 1865 1957 ὲμπεριειλημμένον

1074 1967 1170 2004 ταύτῃ,
1185 1968 1265 1994 παντὶ
1278 1968 1363 2003 δήπου
1379 1968 1519 2003 πρόδηλον,
1537 1969 1562 1994 τί
1573 1969 1671 1994 νοέἰται
1687 1976 1694 1982 ⁸
1715 1968 1757 1994 ὅτι
1773 1967 1861 1993 οὐδέν.

1075 2012 1142 2038 οὐδὲ
1163 2011 1217 2047 γὰρ
1233 2012 1288 2047 ἔχει
1309 2012 1390 2050 φύσιν
1409 2012 1461 2038 ὑπὸ
1481 2012 1534 2038 τῶν
1553 2012 1679 2039 ἐναντίων
1697 2012 1730 2038 τὰ
1752 2011 1864 2038 ἐναντία

1075 2056 1267 2092 περιέχεσθαι·
1287 2056 1348 2083 οὗτε
1363 2057 1416 2092 γὰρ
1437 2057 1488 2083 ὑπὸ
1505 2057 1599 2091 πυρδς,
1618 2057 1690 2092 ὕδωρ
1703 2065 1711 2072 '
1734 2056 1797 2083 οὔτε
1813 2057 1864 2082 ὑπὸ

1075 2101 1201 2133 θανάτου,
1217 2102 1306 2137 ζωήν·
1337 2102 1399 2128 οὔτε
1417 2103 1469 2128 ὑπὸ
1489 2103 1608 2134 σκότους.
1626 2102 1683 2137 φῶς
1696 2111 1703 2118 ’
1730 2103 1794 2128 οὔτε
1812 2102 1865 2128 ὐτιὸ

240 2155 301 2177 ens,
309 2155 357 2176 seu
365 2149 442 2176 nihil.
458 2149 551 2184 Neque
568 2149 640 2175 enim
657 2148 693 2174 ita
705 2153 802 2174 natura
832 2151 1019 2182 comparatum

1076 2147 1121 2174 τοῦ
1133 2148 1170 2183 μὴ
1181 2148 1267 2180 ὄντος.
1283 2149 1312 2175 τὺ
1323 2149 1362 2175 ὃν.
1382 2148 1461 2175 Ἀλλά
1475 2148 1562 2175 ταῦτα
1576 2149 1624 2183 μὲν
1641 2149 1692 2175 ὑπὸ
1707 2149 1757 2184 τῆς
1768 2157 1863 2184 περιτ-

240 2199 291 2226 est.
309 2199 337 2222 ut
353 2195 492 2222 contraria
523 2193 671 2220 contrariis
701 2192 968 2226 comprehendantur
996 2196 1023 2218 et

239 2241 514 2271 circumscribantur,
530 2244 595 2273 puta
610 2239 643 2265 ab
657 2239 719 2273 igne
731 2244 812 2272 aqua,
826 2244 841 2263 a
852 2241 939 2264 morte
957 2238 1021 2270 vita,

1074 2193 1204 2228 τευούσης
1227 2194 1301 2229 αὐτῷ
1317 2194 1431 2227 σοφίας,
1450 2194 1466 2229 ἢ
1486 2195 1516 2220 οὺ
1531 2195 1662 2229 συνίησιν,
1688 2195 1704 2229 ἢ
1725 2195 1798 2221 ἐκὼν
1814 2195 1864 2229 ἀμ-

1076 2238 1205 2265 ϐλυώττει
1223 2240 1290 2275 πρὸς
1303 2239 1352 2274 τὴν
1367 2239 1504 2274 ἀλήθειαν.

239 2292 254 2312 a
269 2286 387 2314 tenebris
409 2286 510 2318 lumen,
526 2285 561 2312 ab
576 2289 638 2312 entc
663 2292 716 2311 non
734 2292 793 2311 ens.
811 2284 864 2311 Sed
883 2284 939 2311 haec
958 2283 1069 2319 quidem
1086 2292 1142 2320 prae
1174 2285 1258 2312 nimia
1295 2286 1442 2320 sapientia,
1475 2290 1524 2313 aut
1552 2294 1606 2313 non
1642 2286 1783 2321 intelligit,
1817 2290 1863 2313 aut

239 2333 328 2360 sciens
339 2333 486 2366 volensque
512 2332 620 2359 cmcutit
641 2331 675 2358 ad
701 2331 855 2358 veritatem.

267 2378 353 2404 Porro
363 2385 394 2404 ex
406 2377 566 2404 necessitate
574 2376 689 2410 quadam
699 2375 916 2403 imminutionem
929 2376 956 2402 in
966 2375 1028 2403 sub-

239 2423 339 2451 stantia
349 2428 376 2448 et
400 2421 539 2457 liypostasi
563 2421 623 2448 Filii
648 2421 740 2456 ponit;
756 2421 948 2456 iterumquein
965 2420 1027 2456 Spi-

240 2469 295 2495 ritu
307 2469 414 2498 sancto,
432 2469 556 2501 respectu
570 2466 642 2497 Filii,
658 2466 775 2494 similem
788 2466 966 2501 perfectionis
980 2467 1028 2494 de-

241 2512 390 2539 cretionem
406 2512 499 2539 statuit
519 2521 525 2539 :
549 2519 610 2538 nam
629 2512 684 2539 inec
695 2517 757 2540 sunt
775 2512 834 2547 ejus
847 2513 930 2540 verba
950 2521 956 2539 :
977 2512 1028 2539 Ne-

241 2557 384 2584 cessarium
399 2558 504 2584 omnino
520 2563 568 2591 est,
578 2562 605 2584 ut
615 2558 789 2592 opcralioucs,
804 2566 861 2593 qua:
888 2558 922 2584 ad
936 2566 1013 2592 quam
1023 2573 1030 2578 -

245 2602 306 2629 libet
330 2603 537 2629 substantiarttm
559 2607 762 2637 consequuntur,
786 2604 838 2629 sint
866 2604 979 2638 majores
998 2609 1022 2630 ιι

241 2649 365 2675 minores.
376 2648 450 2675 Hanc
460 2652 549 2676 autem
559 2649 747 2676 necessitatem
758 2656 817 2683 qua:
828 2649 854 2676 in
864 2649 955 2676 divina
973 2657 1022 2676 nn-

241 2698 301 2720 tura
317 2693 372 2720 haec
386 2692 483 2720 eliiciat
496 2714 502 2725 ,
520 2694 757 2728 iutcnsioucmque
780 2698 807 2721 et
833 2694 1020 2721 remissionem

275 2751 295 2765 ³⁷
316 2749 394 2777 Juun.
416 2759 432 2779 I.
452 2751 476 2777 5.

1116 2375 1161 2408 Ἐξ
1170 2375 1290 2410 ἀνάγκης
1302 2375 1330 2401 δέ
1341 2383 1411 2406 τινος
1424 2374 1454 2401 τὸ
1466 2375 1574 2401 ἔλαττον
1590 2376 1636 2402 ἐπὶ
1647 2377 1696 2411 τῆς
1715 2376 1762 2402 τοῦ
1774 2377 1861 2403 Μονο-

1073 2421 1168 2455 γενοῦς
1184 2420 1358 2451 ὑποστάσεως
1373 2421 1441 2447 νοεῖν
1454 2429 1460 2435 ·
1489 2421 1536 2447 καὶ
1555 2421 1645 2451 πάλιν,
1659 2421 1785 2448 ἐπίτασίν
1803 2431 1862 2448 τινα

1073 2467 1123 2502 τῆς
1142 2466 1313 2498 ἐλαττώσεως
1333 2466 1408 2502 παρὰ
1423 2467 1468 2492 τὸν
1489 2467 1552 2493 Υἱὶιν
1571 2467 1714 2502 ὲνοεωρεῖν
1736 2467 1775 2502 τῷ
1793 2468 1864 2502 ἁγίῳ

1074 2512 1212 2546 Πνεῦματι
1225 2511 1434 2543 κατασκευάζει·
1468 2511 1537 2538 οὓτω
1553 2512 1638 2545 λέγων
1652 2513 1706 2542 τοῖς
1721 2513 1843 2547 ῥήμασιν
1856 2521 1862 2527 ”

1081 2556 1201 2590 Ἀνάγκη
1218 2556 1300 2582 mitra
1318 2557 1370 2589 τὰς
1388 2557 1500 2591 ἑκάστῃ
1513 2557 1572 2584 τῶν
1585 2558 1696 2584 ovi-(71.1w
1713 2558 1863 2592 ἑπομένας

1076 2602 1224 2636 ἐνεργείας
1241 2601 1385 2634 ἐλάττους
1412 2611 1445 2629 τε
1473 2603 1520 2629 καὶ
1545 2602 1662 2638 μείζους
1684 2601 1770 2631 εἶναι,
1808 2605 1863 2638 Τὴν

1077 2648 1126 2683 μὲν
1142 2645 1186 2674 οὗν
1203 2647 1325 2683 ἀνάγκην
1347 2648 1396 2682 τὴν
1409 2648 1495 2674 ταῦτα
1511 2649 1539 2674 ἐν
1554 2650 1584 2684 τῇ
1600 2648 1659 2683 θείᾳ
1680 2649 1759 2682 φύσει
1775 2649 1863 2683 βιαζψ

1077 2694 1170 2724 μένην.
1186 2694 1232 2720 καλ
1248 2694 1277 2720 τὸ
1298 2694 1387 2729 μεῖξον
1398 2715 1405 2727 ,
1427 2695 1472 2721 καὶ
1485 2695 1514 2720 τὸ
1529 2695 1636 2722 ἔλαττον
1653 2694 1864 2731 διακληρώσας,
