1954 3079
85 108 135 136 τεο

703 111 841 139 CONTRA
856 111 1051 145 EUNOMIUM,
1074 113 1136 140 ΜΒ.
1158 114 1179 141 Ι.

1661 113 1713 140 530

83 165 140 192 οὔτε
160 163 229 200 παρ’
238 164 321 192 αὐτοῦ
334 166 543 202 μεμαθήκαμεν,
554 167 616 194 οὔτε
630 168 675 202 ἀφ’
689 169 767 204 ἡμῶν
781 169 869 196 αὐτῶν

929 174 996 198 torte
1007 171 1203 206 quasidividat,
1214 179 1300 207 neque
1312 172 1346 199 ab
1355 172 1414 207 ipso
1421 171 1577 201 didicimus.
1591 172 1713 206 nequein

85 211 200 237 συνεῖναι
218 210 300 246 μέχρι
316 211 362 238 τοῦ
379 211 425 239 νῦν
441 212 617 247 δεδυνήμεθα.
636 214 710 245 Τέως
725 215 779 250 γὰρ
796 215 871 250 παρὰ

84 255 148 281 πᾶσι
161 257 261 291 κρατεῖ
277 256 307 282 τὸ
320 256 407 292 δόγμα
423 258 478 288 τοῖς
492 258 537 283 τὸν
556 258 709 294 ίδιωτισμὸν
726 260 871 294 καταδεχο-

86 301 173 336 μένοις
186 300 234 327 τοῦ
247 301 431 337 ἀπλουστέρου
448 303 623 339 κηρύγματος
632 312 639 319 ·
653 305 693 331 ὅτι
703 305 815 340 οὐδεμία
829 314 871 337 τις

84 346 186 380 ἀνάγκη
198 347 249 381 τῆς
263 346 338 378 θείας
353 347 512 382 ὑπέρκειται
525 348 666 386 φύσεσθςή
678 350 746 385 πρὸς
754 351 785 378 τὺ
796 351 873 378 ἐλατ-

83 402 124 420 την
143 394 279 429 κάμπτει,
302 395 349 421 καὶ
367 394 488 430 βιάζεται
508 396 633 432 καθάπερ
648 397 709 424 τινὰ
721 397 774 423 τῶν
787 398 872 433 ἀργυ--

85 438 210 472 ρωνήτων
224 437 269 464 τὸν
292 439 431 474 Μονογενῆ
443 448 451 455 ·
476 439 543 466 ἀλλά
559 440 637 467 τοῦτο
658 442 766 477 παρεὶς,
783 442 871 469 καίτοι

82 486 109 512 οὖ
138 486 242 520 μικρᾶς
266 485 407 522 ζητήσεως
431 486 515 520 ἄξιον,
543 487 623 522 μόνον
643 488 673 514 τὸ
688 488 742 514 δεῖν
763 488 872 514 ἔλαττον

83 532 148 556 νσείν
163 530 325 566 δογματίζει
367 533 420 559 Καὶ
445 532 507 567 μὴν,
531 533 580 559 οὐκ
597 534 637 564 είς
658 533 736 559 τοῦτο
754 535 833 568 μόνον
856 535 872 569 ἡ

84 576 187 610 ἀνάγκη
203 576 250 602 τὸν
266 576 345 611 λόγον
358 578 529 613 καθίστησιν,
544 579 612 605 ἀλλά
625 587 651 605 τι
669 579 714 605 καὶ
727 579 818 606 πλεῖον
834 580 873 611 εἰς

85 621 256 656 βλασφημίαν
271 623 487 655 κατασκευάζει,
503 623 594 655 καθὼς
607 625 656 660 ἤδη
676 625 796 662 μερικῶς
808 634 874 661 προ-

84 666 237 700 εξήτασται.
253 668 284 693 Ei
296 668 350 703 γὰρ
365 668 401 703 μὴ
418 670 450 695 ὲκ
460 669 565 704 Πατρὸς
577 671 592 696 ὁ
605 670 678 703 Υξὸς,
692 671 749 697 ἀλλ’
758 671 789 697 ἐκ
802 679 873 703 τινος

84 712 271 738 ἀνυποστάτου
289 713 428 748 ἐνεργείας
444 714 584 748 ἀνεφύετο,
598 716 648 742 οὐκ
664 716 782 742 ἐλάττων
795 717 874 750 μόνον

83 756 127 781 τοῦ
140 757 250 791 Πατρὸς
259 757 430 793 νοηθήσεται,
440 759 508 786 ἀλλὰ
524 760 554 786 τὸ
571 761 700 796 παράπαν
721 761 873 793 ’ἰουδαΐζειν

84 801 190 836 ἀνάγκη
207 802 248 837 τῷ
262 803 388 838 δόγματι.
419 805 455 831 Τὸ
467 805 520 840 γὰρ
533 805 580 832 τοῦ
601 806 638 841 μὴ
654 806 730 838 ὄντος
746 807 874 833 ἀποτέλε-

927 217 998 244 hunc
1014 225 1098 252 usque
1113 217 1185 245 diem
1211 217 1321 252 proprio
1339 217 1431 245 studio
1447 217 1600 253 intelligere
1618 218 1712 252 potui-

926 270 998 289 mus.
1016 261 1162 297 [lucusque
1174 262 1246 289 enim
1263 263 1333 297 apud
1359 270 1465 295 omnes,
1484 263 1530 298 qui
1556 263 1714 297 suscipiunt

925 308 1088 342 evangelicae
1108 307 1307 342 prmdicalionis
1334 307 1548 342 simplicitatem,
1576 308 1713 336 sententia

926 352 971 379 illa
998 352 1114 385 obtinet,
1147 352 1214 379 nulli
1247 352 1405 379 necessitati
1431 353 1552 380 divinam
1583 358 1711 381 naturam

927 397 1080 432 subjacere,
1096 404 1156 432 quae
1171 397 1204 424 ad
1224 397 1383 425 substantiae
1409 398 1628 426 imminutionem
1646 398 1714 426 Uni~

926 445 1049 480 genitum
1083 444 1182 472 Filium
1212 447 1342 478 tanquam
1378 444 1544 479 mancipium
1577 444 1714 479 quoddam

927 491 1080 526 emptitium
1097 493 1176 524 cogat
1201 493 1227 517 et
1257 489 1377 522 dcjiciat.
1403 488 1456 515 Sed
1475 489 1536 522 hoc,
1567 489 1631 516 licet
1658 496 1714 516 nou

927 537 1024 570 exigua
1038 536 1231 570 disquisitione
1247 535 1358 569 dignum
1374 535 1420 566 sit,
1445 534 1559 566 omisso,
1578 534 1603 561 id
1629 541 1714 561 unum

927 582 1059 614 elaborat,
1090 585 1119 608 ut
1147 581 1320 616 persuadeat,
1341 579 1477 607 deft-ctum
1505 579 1714 614 concipiendum

926 636 987 656 esse
1007 637 1013 655 :
1031 635 1118 662 neque
1147 627 1200 654 huc
1228 627 1360 653 duntaxat
1388 626 1540 653 necessitas
1564 625 1714 652 orationem

930 674 1026 708 adigit,
1042 673 1089 700 sed
1106 673 1138 700 ad
1151 673 1282 706 majorem
1302 672 1467 706 impietatem
1483 675 1508 698 et
1520 671 1716 705 blasphemiam

928 719 1110 754 progreditur,
1132 718 1360 753 quemadmodum
1385 719 1442 752 jam
1463 717 1604 752 speciatim
1629 716 1717 751 expli-

927 769 1017 791 catum
1035 767 1087 791 est.
1114 762 1142 790 Si
1163 763 1234 790 enim
1251 762 1337 790 Filius
1360 770 1414 789 non
1439 770 1471 789 ex
1493 761 1584 792 Patre,
1612 761 1659 788 sed
1683 769 1717 788 ex

928 808 1044 842 quadam
1060 815 1114 834 non
1131 808 1280 835 exsislente
1299 808 1409 842 cnergia
1425 806 1578 841 productus
1594 810 1647 836 est.
1662 814 1716 832 non

85 855 149 881 αμα,
163 847 225 882 οὐχὶ
241 848 340 883 μικρὸν
361 849 377 884 ή
399 850 448 884 τῆς
471 850 593 884 ἀνάγκης
612 851 713 886 ταύτης
728 852 872 878 ἀκολουθία

929 853 1013 880 solum
1031 852 1120 878 minor
1130 853 1182 878 erit
1196 852 1285 880 Patre.
1300 852 1346 878 scd
1367 852 1425 886 ipsa
1441 851 1606 878 necessitate
1618 858 1716 885 cogen-

83 892 228 925 δείκνυσιν,
248 893 316 920 ’ἀλλ’
330 895 398 930 ὅπερ
411 895 470 921 οὐδὲ
485 897 680 932 κατηγοροῦντι
693 897 782 932 λέγειν
794 899 873 925 ἀκίν-

83 938 168 964 δυνον.
189 940 296 975 ’Ὠσπερ
317 940 371 976 γὰρ
388 941 543 975 ἀναγκαίως
557 943 728 977 ὁμολογεῖται
748 942 828 977 εἶναι,
846 945 875 971 τὸ

83 984 114 1009 ὲκ
127 984 174 1010 τοῦ
189 984 267 1016 avra;
284 985 344 1020 ἔχον
360 987 408 1021 τὴν
430 987 556 1022 γέννησιν
566 1008 573 1019 ,
589 987 650 1014 οὔτε
668 988 697 1014 τὸ
712 989 829 1024 ἔμπαλιν
847 989 876 1021 ἐξ

83 1030 207 1065 ἀνάγκης
227 1031 468 1067 ὀμολογηθήσεται,
494 1033 525 1059 τὸ
546 1034 578 1060 ἐκ
600 1034 646 1060 τοῦ
663 1035 699 1070 μὴ
712 1035 791 1066 ὖντος
809 1036 875 1061 ἀνα-

84 1075 229 1110 φυόμενον.
257 1077 341 1103 Ὅταν
359 1077 412 1113 γάρ
424 1078 488 1105 αὑτό
502 1087 528 1104 τι
551 1078 588 1114 μὴ
605 1076 637 1115 ᾗ,
665 1079 722 1111 πῶς
738 1080 830 1114 ἕτερον
846 1079 875 1111 ἐξ

84 1120 165 1146 αὑτοῦ
181 1122 287 1158 ὑποστή
293 1130 333 1148 σει
344 1131 351 1153 ς

922 903 959 930 te,
973 898 1110 932 oportebit
1136 897 1169 924 ad
1188 897 1354 931 judaismum
1371 896 1526 923 doctrinam
1548 895 1620 922 hanc
1634 894 1719 922 deﬂe-

923 947 1012 975 ctere;
1036 950 1096 969 nam
1111 942 1183 976 quod
1202 949 1255 968 non
1271 942 1341 969 entis
1356 941 1469 968 cﬂ‘eetus
1491 945 1542 973 est,
1564 940 1628 967 illud
1648 940 1719 967 ratio

924 988 1098 1016 [necessitatis
1114 988 1208 1022 hujus,
1229 995 1283 1014 non
1303 994 1418 1021 parvum
1434 990 1481 1013 aut
1496 986 1587 1013 minus
1610 985 1715 1020 arguit,

926 1035 972 1062 sed
985 1034 1075 1068 pmius
1094 1033 1158 1060 illud
1173 1041 1235 1060 esse
1254 1032 1385 1064 declarat,
1402 1031 1474 1066 quod
1492 1039 1527 1058 ne
1541 1031 1594 1066 ipsi
1607 1031 1717 1065 quidem

928 1079 1082 1108 accusatori
1116 1078 1239 1113 proferre
1275 1082 1364 1104 tutum
1393 1081 1445 1104 est.
1484 1076 1718 1110 Quemadmodum

927 1126 1000 1152 cnim
1016 1125 1138 1152 omnium
1158 1131 1296 1151 consensu
1320 1123 1439 1156 exsistit,
1457 1123 1482 1150 id
1500 1123 1573 1158 quod
1601 1131 1634 1150 ex
1657 1126 1720 1150 ente

82 1171 170 1213 ortum
191 1167 268 1195 ducit
282 1178 289 1196 :
320 1169 360 1196 sic
386 1171 527 1198 contraria
552 1172 658 1200 ratione
686 1172 719 1201 de
736 1173 788 1201 isto
821 1173 995 1201 sentiendum
1011 1173 1073 1204 erit,
1090 1172 1162 1207 quod
1177 1180 1210 1200 ex
1226 1179 1278 1199 non
1291 1172 1441 1199 exsistcntc
1456 1171 1590 1198 nascitur.
1601 1170 1631 1197 Si
1645 1170 1718 1197 enim

83 1216 171 1247 Ipsum
190 1221 247 1241 non
274 1215 312 1242 sit
326 1215 439 1250 aliquid,
468 1218 605 1251 quomodo
637 1219 709 1246 aliud
738 1227 769 1246 ex
803 1219 862 1254 ipso
877 1218 1010 1246 exsistet?

117 1259 148 1285 Εί
161 1258 211 1285 οὖν
224 1259 274 1286 οὐκ
285 1259 359 1287 ἐστιν
374 1262 402 1286 ὲν
418 1262 471 1296 ίδίᾳ
487 1262 574 1297 οὐσίᾳ,
588 1263 604 1298 ἠ
623 1263 661 1298 τῷ
673 1263 731 1298 Θεῷ
744 1263 792 1298 μὲν
805 1271 872 1298 παρ-

84 1305 205 1340 επομένη
223 1306 359 1341 ἐνέργεια,
377 1306 422 1333 τὸν
440 1307 468 1333 δὲ
479 1307 542 1333 Υίὺν
553 1309 736 1344 ἐργαζομένη,
752 1309 794 1340 τίς
804 1308 875 1335 οὕτω

83 1351 194 1385 τυφλὸς,
218 1351 258 1382 ὡς
275 1352 311 1388 μὴ
332 1352 445 1379 συνιδεῖν
470 1353 519 1388 τὴν
538 1353 587 1388 τῆς
605 1354 776 1389 βλασφημίας
795 1363 877 1381 κατα-

964 1262 1002 1297 (a)
1017 1261 1045 1288 Si
1064 1262 1147 1297 igitur
1175 1269 1230 1288 non
1259 1261 1366 1289 exsistit
1393 1260 1548 1287 secundum
1578 1258 1718 1294 propriam

926 1308 1090 1335 substantia:
1105 1315 1161 1335 suae
1173 1307 1307 1333 rationem
1338 1306 1448 1341 euergia
1468 1306 1523 1337 illa,
1539 1312 1600 1340 qua:
1634 1304 1718 1331 Deum

927 1353 1064 1388 sequitur,
1079 1357 1106 1380 et
1125 1360 1185 1387 quae
1216 1352 1314 1379 Filium
1333 1351 1459 1386 producit
1475 1360 1480 1378 :
1499 1351 1562 1386 quis
1587 1350 1655 1377 adeo
1670 1357 1720 1377 ca:-

84 1396 186 1432 σκευμὴν
197 1417 204 1428 ,
233 1397 276 1423 ὅτι
291 1397 359 1432 πρὸς
370 1397 418 1432 τὴν
433 1398 517 1433 αὐτὴν
534 1399 581 1424 τοῦ
596 1399 720 1434 Σωτῆρος
735 1399 812 1434 ἡμῶν
825 1399 875 1435 ἄρ-

929 1407 976 1428 nus
989 1403 1042 1430 est,
1060 1403 1090 1425 ut
1106 1406 1161 1425 non
1177 1398 1310 1432 intelligat
1333 1397 1414 1430 hujus
1430 1395 1608 1430 blasphemia
1639 1395 1718 1423 molio

85 1449 161 1475 νησιν
174 1442 189 1467 ὁ
206 1441 307 1472 σκοπὸς
320 1441 395 1476 αὐτῷ
410 1441 502 1476 βλέπει
516 1450 523 1474 ;
552 1443 607 1468 Καὶ
632 1443 656 1469 εί
676 1442 723 1469 τοῦ
738 1443 802 1469 Υἰοῦ
826 1444 877 1479 τὴν

84 1486 239 1512 ὑπόστασιν
254 1487 270 1521 ἠ
286 1486 332 1512 τοῦ
346 1487 480 1522 δόγματος
494 1487 583 1514 αὐτῶν
600 1489 745 1516 ἀκολουθία
761 1490 877 1517 ὑποκλέ-

83 1540 145 1558 mat
167 1532 219 1566 τῆς
243 1532 370 1564 πίστεως,
394 1533 468 1559 οὐδὲν
488 1533 561 1568 αὐτῷ
585 1534 655 1569 πλὴν
679 1534 756 1568 ψιλοῦ
779 1536 878 1570 ὀνόμα-

82 1583 129 1607 τος
154 1576 378 1604 καταλείπουσαι
404 1577 484 1613 σχολῇ
505 1578 532 1611 γ’
550 1577 583 1604 ἂν
614 1576 684 1604 εἶναι
717 1580 776 1605 κατ’
810 1573 913 1605 ἰδίαινο

83 1622 236 1650 ὑπόστασιν
254 1622 411 1656 πιστευθείη
422 1622 451 1649 τὸ
464 1623 575 1658 Πνεῦμα
592 1623 618 1649 τὺ
632 1623 719 1658 ἅγιον,
732 1624 762 1650 τὸ
776 1624 819 1651 διὰ
830 1625 879 1659 τῆς

81 1668 137 1694 τῶν
149 1668 338 1702 ἀνυπάρκτων
349 1668 510 1700 ἀκολουθίας
523 1668 777 1704 γενεαλογούμενον.
795 1670 879 1696 Ὅταν

82 1714 138 1749 γὰρ
151 1714 191 1748 μὴ
208 1714 321 1749 ὑπάρχῃ
344 1713 393 1748 μὲν
414 1714 472 1740 κατ’
493 1715 585 1742 οὐσίαν
607 1715 623 1750 ὴ
647 1716 822 1751 παρεπομένη
841 1715 880 1751 τῷ

80 1759 143 1792 Θεῴ
159 1759 298 1794 ἐνέργεια,
314 1758 486 1795 ἀνύπαρκτον
501 1759 530 1786 δὲ
546 1760 575 1786 τὸ
593 1760 695 1795 ταύτης
707 1761 879 1795 ἀποτέλεσμα

82 1804 286 1839 καταλαμὸάνῃ
306 1804 335 1837 ἐξ
351 1804 474 1840 ἀνάγκης
487 1806 501 1831 ὁ
526 1805 620 1839 λόγος,
651 1806 738 1840 τούτῳ
755 1805 781 1832 δὲ
800 1806 879 1832 πάλιν

83 1850 150 1885 ἄλλη
167 1858 211 1881 τις
231 1849 372 1884 ἐνεργείας
386 1850 541 1885 ἁνυπαρξία
560 1851 737 1886 παρέπηται·
756 1849 815 1877 εἶτα
836 1851 880 1878 διὰ

82 1894 165 1921 τοῦτο
182 1894 347 1930 γεγενῆσθαι
368 1895 398 1921 τὸ
420 1895 532 1930 Πνεῦμα
557 1896 804 1932 κατασκευάζηται,
821 1897 880 1928 πῶς

82 1942 134 1968 οὐκ
149 1940 265 1976 εὔδηλον
283 1942 365 1968 πᾶσιν
379 1943 395 1976 ἠ
415 1941 584 1977 βλασφημία,
604 1943 644 1968 ὅτι
661 1943 730 1977 μετὰ
741 1943 786 1969 τὸν
799 1943 880 1976 ἀγεν-

82 1988 175 2022 νήτως
199 1987 266 2013 ὅντα
289 1986 370 2019 Θεὸν,
396 1988 471 2014 οὐδὲν
494 1987 600 2023 ἀληθῶς
624 1988 771 2022 ὑφεστάναι
796 1997 879 2016 κατα-

83 2033 268 2067 σκευάζουσι,
280 2033 324 2062 διά
335 2035 419 2062 σκιῶν
429 2034 476 2061 καὶ
495 2034 678 2070 ἀνυπάρκτων
695 2035 880 2070 ἁναπλασμῶν

83 2081 230 2115 προῖόντος
247 2080 336 2106 αὐτῶν
355 2081 401 2106 τοῦ
420 2080 562 2116 δόγματος,
584 2081 632 2107 καὶ
651 2081 738 2107 οὐδενὶ
754 2081 808 2107 τῶν
820 2082 880 2108 κατ’

81 2125 216 2160 ἀλήθειαν
238 2125 400 2158 ὑφεστώτων
447 2125 674 2160 ἐπερειδομένους
702 2126 759 2153 ἀλλ’
785 2127 801 2161 ή
832 2127 880 2161 μὲν

81 2171 246 2205 κατασκευὴ
261 2170 315 2197 τῶν
327 2171 360 2197 τὰ
374 2171 486 2198 τοιαῦτα
499 2171 728 2206 δογματιζόντων,
741 2173 780 2203 εἰς
794 2172 880 2198 τοιαύ-

81 2225 130 2250 την
144 2216 264 2242 ἀτοπίαν
282 2215 406 2242 ὲκῧάλλει
421 2216 466 2243 τὸν
481 2217 569 2251 λόγον.

930 1445 1033 1473 tionem
1050 1453 1056 1472 :
1073 1444 1145 1479 quod
1162 1443 1290 1470 videlicet
1305 1442 1406 1477 dirigat
1419 1449 1526 1469 omnem
1544 1449 1621 1469 suam
1636 1441 1718 1468 indu-

929 1492 1026 1519 striam
1039 1494 1066 1518 et
1080 1489 1275 1524 cogitationem
1295 1488 1330 1515 ad
1344 1488 1409 1519 hoc,
1428 1491 1457 1514 ut
1473 1486 1599 1514 Salvator
1626 1491 1720 1514 noster

929 1538 1038 1573 penitus
1063 1535 1231 1571 abnegetur?
1256 1533 1334 1567 Quod
1357 1534 1380 1561 si
1410 1532 1471 1559 Filii
1508 1532 1717 1560 subsistentiam

930 1582 1016 1610 series
1033 1580 1237 1616 disputationis,
1253 1587 1334 1614 quam
1353 1579 1398 1606 isti
1423 1581 1530 1610 texunt,
1558 1585 1592 1604 ex
1618 1577 1720 1605 animis

930 1632 956 1656 ct
972 1627 1023 1655 (ide
1037 1626 1157 1653 fidelium
1172 1624 1288 1657 auferat,
1303 1624 1370 1651 nihil
1386 1624 1421 1656 ei,
1436 1623 1488 1651 nisi
1503 1623 1606 1650 nudum
1620 1630 1720 1650 nomen

930 1674 1101 1708 relinquens,
1122 1671 1194 1698 haud
1209 1671 1330 1706 proclive
1357 1670 1464 1697 creditu
1492 1669 1554 1701 erit,
1586 1669 1719 1704 Spiritum

930 1723 1055 1747 sanctum
1073 1718 1234 1749 subsistere,
1248 1717 1350 1752 quippe
1363 1716 1444 1750 cuius
1456 1715 1602 1751 productio
1629 1722 1644 1742 a
1665 1723 1721 1743 non

929 1763 1127 1792 exsistentibus
1142 1761 1302 1790 deducatur.
1322 1761 1350 1788 Si
1376 1761 1449 1788 enim
1475 1759 1626 1787 secundum
1657 1768 1720 1794 pro-

931 1810 1018 1844 priam
1042 1816 1119 1836 suam
1145 1807 1328 1836 substantiam
1353 1815 1408 1834 non
1424 1807 1533 1834 exsistit
1556 1815 1588 1834 ea
1601 1814 1661 1839 quae
1686 1806 1720 1833 ad

931 1854 1015 1882 Deum
1030 1853 1209 1888 consequitur
1232 1852 1366 1888 operatio,
1391 1851 1547 1879 necessario
1565 1851 1718 1882 conﬁcitur,

930 1899 1011 1926 etiam
1031 1898 1056 1925 id
1073 1898 1145 1932 quod
1165 1898 1200 1924 ab
1213 1897 1264 1924 bac
1275 1896 1445 1931 producitur,
1476 1903 1538 1923 esse
1559 1896 1624 1931 quid
1657 1902 1713 1923 non

931 1945 1143 1976 subsistens;et
1157 1943 1180 1971 si
1198 1943 1232 1970 ab
1244 1943 1296 1970 hoc
1320 1949 1418 1970 rursus
1439 1942 1562 1976 operatio
1592 1941 1719 1977 quaedam

931 1999 986 2018 nou
1002 1990 1140 2018 exsistens
1154 1989 1288 2024 procedit,
1305 1996 1354 2024 per
1367 1995 1450 2023 quam
1470 1987 1590 2022 Spiritus
1607 1991 1720 2015 sanctus

931 2037 967 2064 sit
981 2035 1095 2064 eﬂectus
1112 2039 1139 2063 et
1158 2034 1328 2069 productus:
1357 2033 1493 2068 quomodo
1521 2041 1578 2060 non
1592 2033 1720 2060 omnibus

932 2081 1035 2116 liquido
1046 2083 1155 2107 constat
1172 2078 1341 2113 blasphemia
1358 2087 1364 2105 :
1386 2078 1459 2113 quod
1488 2078 1603 2110 scilicet,
1622 2081 1721 2112 praeter

933 2127 1017 2153 Deum
1031 2126 1194 2160 ingenitum.
1216 2127 1350 2151 conentur
1367 2124 1543 2158 persuadere,
1560 2123 1629 2150 nihil
1646 2122 1721 2150 aliud

932 2172 1095 2203 subsistere,
1109 2178 1165 2198 non
1179 2169 1368 2197 exsisteulium
1391 2164 1580 2204 ﬁgmentorum
1593 2176 1722 2196 sermone

932 2223 959 2246 ct
989 2218 1169 2252 probamento
1187 2224 1235 2250 per
1256 2215 1348 2242 varios
1368 2219 1395 2242 et
1420 2216 1554 2242 obscuros
1579 2214 1719 2242 anfractus

80 2262 216 2293 deducto,
231 2267 259 2290 et
272 2263 338 2290 nulli
356 2270 462 2291 eorum.
481 2271 542 2298 qua:
553 2263 704 2291 secundum
716 2263 756 2291 rei
775 2264 916 2291 veritatem
934 2264 1100 2294 subsistunt,
1112 2262 1218 2289 innixo.
1252 2260 1285 2287 Et
1320 2263 1436 2288 conatus
1472 2259 1582 2294 quidem
1611 2267 1717 2293 eorum,

79 2310 127 2343 qui
143 2309 220 2335 hanc
243 2308 397 2335 doctrinam
426 2313 589 2344 propagant,
609 2309 663 2336 huc
687 2309 835 2344 impietatis
851 2314 878 2336 et
897 2308 1077 2338 absurditatis
1091 2307 1256 2342 prorumpit.

115 2355 242 2381 Διδόσθω
267 2354 296 2380 δὲ
316 2354 376 2380 καθ’
400 2354 527 2381 ὑπόθεσιν
549 2356 585 2390 μὴ
608 2355 694 2387 οὕτως
718 2355 799 2391 ἔχειν.
820 2354 875 2381 Καὶ

964 2354 1111 2381 Faciamus
1132 2352 1336 2387 tamen,posila
1351 2351 1508 2387 hypothesi,
1533 2359 1590 2378 rem
1605 2358 1660 2378 non
1679 2350 1717 2378 ita

80 2401 137 2437 γὰρ
159 2399 326 2434 ὁμολογοῦσι
347 2399 426 2435 δῆθεν
443 2400 490 2426 καὶ
504 2400 543 2435 τῷ
555 2400 627 2435 λόγῳ
642 2399 877 2436 φιλανθρωπεύον-

79 2455 126 2474 ται
145 2444 355 2480 συγχωροῦντες
370 2442 438 2482 εἶναι
460 2445 498 2480 τῷ
515 2447 654 2480 μονογενεῖ
674 2446 732 2480 Υὶῷ
771 2445 819 2472 καὶ
839 2444 878 2480 τῷ

81 2493 229 2528 Πνεῦματι
251 2492 290 2527 τῷ
314 2492 384 2527 ἁγίῳ
404 2492 463 2519 κατ’
489 2492 556 2519 ἰδίαν
578 2492 736 2518 ὑπόστασιν.
763 2492 833 2518 Ἀλλ’
854 2492 878 2518 εί

82 2537 134 2572 μὲν
160 2537 358 2572 ὁμολογοῦντες
376 2537 480 2568 ταῦτα,
498 2537 544 2563 καὶ
560 2537 609 2568 τὰς
625 2538 687 2571 περὶ
706 2537 796 2563 αὐτῶν
813 2537 879 2563 ὑπο-

81 2582 183 2618 λήψεις
199 2581 415 2616 συνωμολόγουν,
429 2582 482 2608 οὐδ’
496 2582 529 2607 ἂν
545 2581 678 2616 ἐμάχοντο
691 2582 797 2612 πάντως
814 2581 878 2617 περὶ

79 2628 112 2655 τὸ
130 2628 226 2662 δόγμα
247 2627 297 2661 τῆς
322 2627 498 2661 Ἐκκλησίας,
520 2627 580 2653 οὐδὲ
596 2627 646 2661 τῆς
661 2627 753 2662 κοινῆς
773 2626 878 2658 ἐλπίδος

78 2674 138 2701 τῶν
165 2672 341 2708 Χριστιανῶν
365 2673 558 2708 ὰπεσχίζοντο”
581 2673 604 2699 εί
620 2673 648 2699 δὲ
671 2673 795 2707 καθάπερ
812 2672 878 2706 ὓλην

79 2720 163 2752 τινὰ,
183 2720 232 2746 καὶ
253 2719 382 2755 ἀφορμὴν
405 2718 576 2754 βλασφημίας
589 2720 696 2750 ἑαυτοῖς
712 2718 876 2745 ὑποϐάλλον-

932 2408 962 2428 se
975 2399 1074 2426 habere
1093 2398 1213 2426 :etenim
1229 2399 1312 2425 verbo
1332 2397 1443 2432 quidem
1459 2397 1637 2424 humaniores
1651 2403 1720 2423 non-

931 2445 1000 2472 nihil
1015 2448 1091 2476 sunt,
1107 2442 1320 2477 conceduntque
1330 2441 1472 2476 unigenito
1484 2440 1553 2468 Filio
1566 2445 1593 2468 et
1602 2440 1720 2475 Spiritui

932 2494 1028 2518 sancto
1044 2489 1184 2524 propriam
1205 2488 1368 2524 hypostasin
1386 2492 1413 2515 et
1443 2487 1666 2515 subsistentiam.
1685 2486 1720 2512 At

932 2537 954 2564 si
969 2536 1026 2563 haec
1041 2543 1096 2562 non
1112 2534 1312 2564 inﬁciarentur,
1330 2540 1563 2567 communemque
1589 2532 1623 2558 de
1649 2531 1719 2565 ipsis

931 2581 1164 2610 existimationem
1181 2581 1378 2615 approbarent,
1396 2579 1490 2614 utique
1506 2585 1562 2605 non
1580 2577 1716 2603 adversa-

931 2632 1026 2656 rentur
1043 2627 1171 2654 Ecclesiae
1187 2627 1215 2653 in
1227 2626 1281 2654 isto
1293 2625 1432 2660 dogmate,
1445 2631 1535 2658 neque
1547 2630 1560 2649 a
1573 2621 1718 2649 communi

931 2673 1151 2700 Christianorum
1166 2678 1215 2706 spe
1230 2677 1291 2698 sese
1312 2668 1520 2704 abjunxissent:
1539 2668 1562 2695 si
1585 2673 1649 2694 vero
1666 2673 1718 2693 ceu

934 2717 1075 2745 materiam
1096 2719 1124 2744 et
1144 2715 1352 2742 fundamentum
1381 2712 1559 2746 blasphemiae
1580 2718 1635 2739 sua;
1652 2710 1719 2738 sub-

118 2809 164 2846 (a)
197 2808 305 2836 Profert
333 2808 407 2834 hunc
433 2807 524 2834 locum
551 2807 689 2843 Cypariss.
719 2807 814 2836 dccad.
837 2815 865 2840 x,
877 2813 937 2842 cap.
958 2806 985 2834 4.

259 2869 399 2901 Ριηοι..
423 2869 482 2900 Gn.
503 2869 600 2900 XLV.

1545 2859 1580 2890 11
