1954 3079
90 115 135 143 555

644 113 781 142 CONTRA
804 115 994 148 EUXOMIUXI,
1015 116 1077 142 UB.
1099 116 1117 142 l.

1648 119 1700 146 534

90 174 132 207 τῆς
153 170 279 206 πονηρίας
293 171 396 198 ἑαυτῶν
418 172 467 207 τὴν
487 172 631 208 ὁμολογίαν
647 175 694 201 τοῦ
708 174 772 201 Υἰοῦ
783 195 790 207 ,
816 176 863 202 καὶ

916 175 999 202 multa
1016 175 1158 202 manifeste
1174 175 1350 207 conﬁtentur,
1380 175 1433 202 alia
1449 182 1513 201 veto
1539 175 1697 202 clanculum

91 219 130 246 τοῦ
140 218 210 252 ἁγίου
223 218 290 244 Πνεύ
295 227 377 252 ματος
388 219 557 254 ἐποιήσαντο.
567 219 628 251 Πῶς
637 218 683 246 οὖν
692 221 740 247 οὐκ
751 220 862 247 ἐλεεινό-

90 273 153 301 τεροι
172 264 219 299 τῆς
240 264 387 300 Ἰουδαϊκῆς
409 265 612 300 κατακρίσεως,
636 266 714 301 εἴπερ
728 266 761 293 τὰ
783 267 862 302 μηδὲν

92 319 147 337 ποτε
169 309 232 345 παρ’
256 311 368 337 ἐκείνων
395 311 599 346 τετολμημένα,
627 313 768 348 προδήλως
791 312 863 339 οὕτω

92 356 155 390 παρὰ
168 355 266 381 τούτων
283 357 531 390 κατασκευάζεταη
556 357 584 383 ’0
607 357 660 393 γὰρ
679 357 798 385 ὲλαττῶν
814 359 862 394 τὴν

90 401 172 428 οὐσίαν
183 400 228 426 τοῦ
248 401 416 435 Μονογενοῦς
431 402 476 428 καὶ
490 402 536 428 τοῦ
552 402 629 436 ἁγίου
643 403 809 436 Πνεῦματος,
825 403 863 436 ὡς

92 447 134 482 μὲν
150 447 230 472 εἰπεῖν
250 446 265 482 ἣ
292 447 424 479 ἀκοῦσαι,
441 448 537 483 μικρὸν
557 448 664 475 ἀσεϐεῖν
690 449 754 480 ἴσως
775 450 860 476 δοκεῖ·

90 494 109 519 εἱ
120 492 144 518 δέ
155 501 194 523 τις
207 492 329 527 ἀκριϐῶς
349 493 394 519 τὸν
411 493 488 527 λόγον
504 493 722 526 κατεξετὰσειεν,
741 496 781 526 εἰς
797 496 863 522 αὐτὸ

89 538 116 564 τὸ
135 537 276 571 κεφάλαιον
293 539 459 574 βλασφημῶν
479 539 684 575 ἐλεγχθήσεται.
706 541 810 567 υὺτωσὶ
833 541 862 567 δὲ

91 583 272 618 σκοπήσωμεν,
297 583 343 610 καί
367 592 411 618 μοι
444 584 662 620 συγκεχωρήσθω
690 585 862 616 διδασκαλίας

91 629 158 663 χάριν
172 629 218 655 καὶ
239 629 389 665 σαφηνείας
408 630 454 656 τοῦ
470 630 545 665 παρά
565 630 618 656 τῶν
635 631 762 657 ἐναντίων
777 639 860 657 κατα-

89 674 274 708 σκευαζομένου
289 675 417 709 ψεύδους,
443 676 490 702 ἐπὶ
502 677 550 710 τὴν
569 676 675 702 ἔκθεσιν
692 675 745 702 τῶν
763 677 862 711 ἡμετέ-

90 727 136 752 ρων
148 718 305 753 ὑπολήψεων
315 720 360 745 τὸν
377 720 454 754 λόγον
472 720 629 755 προάγοντι.

89 771 193 795 luamus.
209 768 384 802 primumque
399 768 464 794 mihi
481 768 587 802 ignosci
604 768 697 802 cupio,
719 768 742 796 si
760 769 793 795 ad
808 768 974 796 declaranda
994 771 1079 805 magis
1100 775 1124 797 et
1148 770 1320 804 explananda
1354 771 1410 803 illa,

913 220 1126 253 machinantur;
1155 220 1245 255 posita
1271 221 1343 248 velut
1364 228 1412 255 pro
1429 220 1616 255 improbitatis
1643 230 1700 249 sua:

913 267 1138 298 exercitamenta,
1159 266 1332 300 professione
1349 266 1409 294 ﬁdei
1427 268 1460 294 de
1472 266 1541 294 Filio
1555 272 1582 294 et
1595 267 1700 302 Spiritu

914 315 1021 338 sancto.
1040 311 1184 343 Quomodo
1203 318 1268 345 ergo
1283 312 1390 338 censeri
1418 320 1471 339 non
1499 312 1600 340 debent
1627 312 1696 346 ipsis

914 357 1024 391 perﬁdis
1039 355 1142 384 Judzeis
1162 356 1386 388 miserabiliores,
1413 365 1474 384 cum
1490 365 1532 391 ea,
1567 366 1629 392 ane
1651 357 1700 384 Ju-

914 403 964 430 daei
982 410 1153 437 nequaquam
1172 402 1233 430 ausi
1259 402 1381 432 fuerunt.
1406 403 1466 430 luce
1489 403 1590 438 palam,
1616 408 1642 431 et
1669 403 1698 430 in

913 451 1036 476 omnium
1056 453 1204 484 conspectu
1223 449 1257 476 ab
1278 449 1346 483 ipsis
1369 449 1452 476 ﬁant?
1479 450 1530 482 Qui
1547 450 1621 477 enim
1646 450 1700 476 im-

914 495 1014 521 minuit
1027 494 1209 521 substantiam
1227 493 1290 520 Filii
1304 498 1331 521 et
1347 494 1466 528 Spiritus
1485 496 1586 526 sancti,
1611 499 1639 522 ut
1651 502 1698 521 so-

913 540 1050 566 lummodo
1064 539 1167 574 aliquid
1185 539 1258 566 dicat
1276 539 1319 566 vel
1339 539 1442 571 audiat,
1460 539 1483 566 is
1499 539 1625 567 fortassis
1643 548 1698 567 non

913 593 1011 619 magno
1041 585 1188 620 impietatis
1217 585 1320 612 scelere
1357 593 1418 612 sese
1445 585 1633 612 obstrinxerit.
1666 586 1699 612 At

915 632 960 666 qtti
979 632 1031 658 hoc
1062 637 1191 658 accurato
1206 631 1300 658 studio
1319 636 1345 658 et
1366 631 1514 658 meditatus
1538 631 1604 665 agit,
1624 632 1648 658 is
1665 631 1699 658 ad

915 684 1073 710 supremum
1093 677 1239 711 impietatis
1265 677 1374 704 culmen
1406 677 1575 711 pervenisse,
1601 678 1700 704 merito

915 722 1065 749 existimari
1086 726 1184 756 potest.
1208 721 1254 748 Sic
1295 730 1358 749 vero
1374 723 1605 757 disquisitionem
1622 723 1701 749 insti-

1449 778 1510 806 qua:
1548 770 1700 797 adversarii

88 811 241 839 mendaciter
263 814 500 840 machinantur-et
526 814 681 848 proferunt,
703 815 903 849 expositionem
936 823 1042 846 eorum,
1074 824 1136 850 quae
1165 824 1215 844 nos
1248 816 1292 842 hic
1318 816 1453 843 sentimus
1492 821 1519 843 et
1557 815 1698 847 docemus,

87 861 109 887 in
125 859 235 887 medium
257 861 406 895 protulero.

115 906 219 933 Πάντων
235 906 291 932 τῶν
305 906 388 932 ὄντων
408 907 424 942 ἡ
440 907 569 934 ἀνωτάτω
584 907 713 941 διαίρεσις
730 907 768 938 εἷς
787 915 816 933 τε
829 907 858 933 τὸ

943 904 1070 932 Omnium
1087 912 1177 932 rerum
1194 905 1311 932 maxime
1325 905 1481 932 communis
1507 910 1533 931 et
1556 907 1699 939 gencralis

86 951 178 987 νοητὸν,
198 951 244 978 καὶ
260 951 293 977 τὸ
307 951 434 986 αἰςοητὸν
457 952 508 986 τὴν
523 952 607 987 τομὴν
622 951 685 986 ἔχει.
701 953 755 978 Καὶ
774 953 790 986 ἡ
810 952 857 986 μὲν

89 996 192 1031 αἰσθητὴ
207 996 291 1030 φύσις
307 996 423 1030 γενικῶς
445 996 496 1023 ὑπὸ
513 997 560 1023 τοῦ
592 997 751 1023 Ἀποστόλου
767 997 857 1031 ὁρατὴ

86 1042 293 1076 κατωνόμασται.
317 1042 425 1077 Ἐπειδὴ
438 1043 492 1077 γάρ
505 1044 559 1069 πᾶν
578 1043 656 1077 σῶμα
668 1043 696 1068 ἐν
716 1043 856 1077 χρώματι,

85 1087 168 1113 τούτου
179 1087 206 1112 δὲ
227 1088 243 1121 ἡ
263 1087 359 1121 ὅρασις
377 1081 429 1122 ’τὴν
446 1088 586 1123 ἀντίληψιν
610 1088 682 1122 ἔχει·
701 1087 858 1114 καταλιπὼν

84 1133 126 1164 τὰς
140 1132 301 1164 ὑπολοίπους
325 1133 482 1168 ποιότητας,
507 1134 567 1160 ὅσαι
590 1133 726 1165 οὐσιωδῶς
756 1142 859 1168 συμπε-

87 1179 201 1212 φύκασιν,
216 1179 249 1205 ὲκ
266 1179 314 1206 τοῦ
330 1179 472 1214 προχείρου
484 1179 554 1205 κατὰ
575 1179 622 1214 τὴν
643 1179 779 1214 αἴσθησιν,
793 1181 861 1213 ὁρα-

85 1223 134 1257 τὴν
150 1224 364 1260 προσηγόρευσε.
388 1225 442 1258 Τῆς
465 1224 494 1250 δὲ
514 1225 612 1259 νοητῆς
640 1224 746 1259 φύσεως
770 1224 860 1260 πάσης

85 1269 159 1304 ὄνομα
175 1269 222 1304 μὲν
239 1269 329 1295 κοινόν
348 1269 419 1301 ἐστι,
436 1269 525 1301 καθώς
538 1278 618 1304 φησιν
640 1270 814 1302 ’Λπόστολος,
826 1269 860 1296 τὸ

84 1316 200 1349 ἀόρατον
222 1317 275 1352 (τῇ
297 1315 351 1350 γὰρ
368 1315 539 1350 ὑπεξαιρέσει
562 1317 610 1351 τῆς
628 1316 788 1351 αἰσθητικῆς
809 1306 861 1342 ,κα-

84 1361 224 1396 ταλήψεως,
251 1361 300 1387 ἐπὶ
324 1361 354 1387 τὸ
373 1361 515 1396 ἀσώματόν
537 1370 567 1387 τε
597 1362 644 1388 καὶ
670 1361 763 1396 νοητὸν
786 1370 860 1398 χειρ-

84 1407 175 1440 αγωγεί
196 1406 246 1441 τὴν
265 1405 416 1441 διάνοιαν).
439 1407 467 1432 '0
493 1406 520 1432 δὲ
537 1406 613 1439 λόγος
639 1407 679 1437 είς
709 1406 754 1432 δύο
769 1407 862 1442 τέμνει

83 1451 123 1477 καὶ
144 1450 243 1486 ταύτης
262 1451 315 1484 τὴν
338 1450 456 1476 ἔννοιαν·
474 1451 490 1485 ἡ
507 1450 554 1486 μὲν
579 1451 633 1485 γὰρ
651 1451 786 1483 ἅκτιστος,
804 1453 819 1486 ἡ
835 1451 862 1477 δὲ

83 1496 168 1530 κτιστὴ
179 1496 231 1523 ὑπὸ
243 1497 296 1530 τῆς
311 1495 501 1528 εὐακολουθίας
516 1496 754 1531 καταλαμϐάνεται
765 1505 772 1511 ”
787 1497 863 1524 ἄκτι-

83 1550 134 1574 ato;
151 1542 199 1577 μὲν
214 1543 231 1577 ἡ
256 1543 387 1577 ποιητικὴ
407 1543 454 1577 τῆς
470 1543 598 1574 κτίσεως·
619 1543 713 1578 κτιστὴ
733 1543 771 1576 δὲ,
787 1545 803 1578 ἡ
819 1544 862 1571 διὰ

911 951 1008 978 divisio
1019 955 1061 977 est
1077 951 1104 978 in
1115 958 1171 982 eas,
1184 959 1244 985 (line
1254 951 1403 982 intellectu,
1418 954 1443 977 et
1453 950 1478 976 in
1488 958 1534 977 cas
1549 959 1699 985 quiescttsu

911 997 1107 1031 percipiuntur.
1125 996 1156 1022 Et
1172 996 1310 1023 sensibilis
1325 995 1433 1030 quidem
1452 1000 1548 1022 natura
1579 996 1612 1022 ab
1626 997 1700 1031 Apo-

911 1041 982 1068 stolo
995 1041 1144 1075 generatim
1157 1042 1229 1068 dicta
1241 1041 1399 1068 cstoisibilis
1411 1041 1431 1056 “
1447 1048 1528 1067 zeum
1537 1040 1609 1067 enim
1620 1048 1700 1069 omne

910 1094 1011 1120 corpus
1025 1087 1175 1113 coloratum
1199 1086 1244 1118 sit,
1259 1087 1365 1121 hocque
1379 1086 1449 1112 visio
1473 1086 1532 1120 ipsa
1550 1086 1699 1120 percipiat;

911 1133 1016 1159 relictis
1028 1133 1089 1160 aliis
1105 1133 1294 1167 qualitatibus,
1312 1140 1372 1167 quae
1389 1131 1550 1159 substantiae
1566 1133 1700 1160 naturali—

912 1180 952 1202 ter
960 1176 1101 1209 inhatrent,
1111 1184 1144 1203 ex
1153 1184 1185 1203 co
1193 1177 1264 1211 quod
1278 1177 1370 1204 sensui
1382 1180 1537 1211 promptum
1548 1181 1574 1203 ct
1589 1177 1699 1204 obvium

911 1226 969 1254 est,
984 1223 1113 1249 visibilem
1128 1223 1275 1258 appellavit
1295 1232 1302 1250 :
1319 1223 1484 1250 intellectilis
1507 1230 1572 1249 vero
1594 1227 1700 1249 naturm

912 1275 1010 1294 nomen
1020 1275 1174 1299 commune,
1182 1273 1210 1295 ut
1218 1269 1417 1303 aitApostolus,
1425 1274 1466 1294 cst
1477 1268 1606 1295 invisibile
1615 1269 1636 1284 “3
1647 1277 1700 1300 ;re-

914 1313 1032 1341 motione
1041 1314 1112 1340 enim
1125 1318 1229 1341 natura:
1239 1314 1388 1344 sensibilis,
1396 1319 1514 1341 mentem
1528 1314 1560 1340 ad
1572 1319 1699 1341 naturam

914 1359 1100 1394 incorporeum
1109 1365 1133 1388 et
1157 1361 1341 1388 intellectilem
1349 1361 1426 1395 quasi
1435 1368 1514 1388 manu
1525 1361 1610 1388 ducit.
1620 1360 1700 1387 Ratio

913 1413 996 1440 porro
1012 1406 1038 1432 in
1052 1406 1120 1433 duas
1135 1414 1230 1433 rursus
1249 1411 1341 1441 partes
1362 1407 1445 1440 hujus
1472 1407 1614 1434 notionem
1630 1407 1701 1433 divi-

914 1451 964 1481 dit.
982 1459 1097 1485 quarum
1117 1452 1201 1478 altera
1215 1452 1348 1483 increata,
1374 1453 1572 1482 altera,crcata
1590 1457 1700 1483 natura,

917 1502 950 1521 ex
960 1495 1018 1529 ipsa
1033 1494 1166 1522 orationis
1185 1495 1380 1522 consecutione
1395 1494 1556 1529 appellanda
1570 1499 1612 1522 est
1627 1504 1634 1527 ;
1659 1495 1702 1521 in-

916 1544 1158 1574 creata,creaturze
1171 1533 1478 1574 eﬂectrixest;creaia,
1506 1548 1566 1575 quae
1585 1548 1632 1575 per
1656 1541 1700 1567 in<

82 1588 126 1623 τῆς
142 1589 269 1614 ἀκτίστου
293 1588 398 1622 φύσεως
415 1589 464 1623 τὴν
486 1588 574 1615 αἰτίαν
616 1589 662 1615 καὶ
682 1589 730 1624 τὴν
749 1590 862 1625 δύναμιν

916 1590 1035 1613 creatam
1051 1590 1178 1613 naturam
1198 1594 1275 1614 suam
1293 1586 1483 1614 essistentiam
1500 1591 1527 1613 et
1543 1586 1700 1613 facultatem

81 1633 121 1660 τοῦ
136 1633 201 1660 εἶναι
224 1634 336 1669 ἔχουσα.
360 1634 403 1659 Ἐν
421 1634 470 1669 μὲν
494 1632 540 1660 οὖν
563 1635 618 1665 τοῖς
647 1635 784 1670 αἰσθητοῖς
804 1636 862 1661 ἐστι

82 1679 162 1705 πάντα
174 1680 225 1706 ὅσα
239 1678 285 1705 διὰ
303 1678 356 1705 τῶν
374 1678 421 1705 τοῦ
437 1678 560 1714 σώματος
577 1680 760 1715 αἰσθητηρίων
775 1689 860 1706 κατα-

82 1724 266 1760 Μμόἀνομεν,
291 1725 334 1759 ἐφ’
350 1721 439 1755 ὧνγαὶ
464 1724 518 1751 τῶν
544 1726 693 1761 ποιοτήτων
717 1726 861 1760 διαφοραὶ,

82 1770 121 1796 τὸν
133 1771 176 1797 τοῦ
193 1771 318 1805 μείζονος
334 1780 363 1798 τε
378 1771 424 1798 καὶ
438 1771 577 1803 ἐλάττονος
592 1772 759 1806 ἐπιδέχονται
774 1771 862 1806 λόγον,

82 1817 145 1844 κατὰ
158 1818 187 1844 τὸ
207 1817 292 1844 ποσὸν
305 1838 312 1849 ,
329 1818 376 1844 καὶ
388 1817 418 1844 τὸ
432 1818 523 1850 ποιὸν,
540 1817 585 1844 καὶ
603 1817 699 1849 λοιπὰς
717 1817 862 1852 ἰδιότητας,

81 1863 124 1898 τῆς
136 1863 266 1899 διαφορᾶς
283 1865 313 1890 ἐν
330 1863 433 1895 τούτοις
449 1863 648 1899 θεωρουμένης.
764 1888 774 1897 ,

118 1909 175 1936 Ἐπὶ
184 1910 212 1936 δὲ
227 1911 280 1945 τῆς
291 1910 389 1944 νοητῆς
401 1910 517 1944 φύσεως,
529 1909 579 1944 τῆς
589 1910 617 1935 ὲν
631 1911 664 1945 τῇ
679 1909 765 1936 κτίσει
780 1909 862 1944 λέγω,

82 1954 94 1979 ὖ
111 1955 157 1989 μὲν
175 1955 301 1987 τοιοῦτος
321 1955 372 1989 τῆς
394 1955 524 1990 διαφορᾶς
547 1955 641 1989 λόγος,
669 1952 723 1986 οἷος
747 1955 793 1981 ἐπὶ
810 1955 864 1982 τῶν

82 1999 210 2034 αἰσθητῶν
221 2000 382 2035 κατελήφθη
393 2021 399 2031 ,
411 1999 502 2036 χώραν
519 2000 569 2026 οὐκ
582 1999 636 2036 ἕχει
650 2008 656 2015 ·
677 2001 769 2035 ἕτερος
781 2000 809 2027 δέ
823 2009 864 2032 τις

82 2045 230 2080 εὑρίσκεται
245 2046 359 2081 τρόπος,
371 2045 419 2078 τὴν
435 2046 482 2072 τοῦ
498 2046 619 2080 μείζονος
633 2046 700 2081 πρὸς
714 2048 743 2072 τὸ
756 2045 865 2074 ἔλαττον

81 2090 203 2126 διαφορὰν
227 2091 408 2126 ἐξευρίσκων,
438 2091 544 2127 Ἐπειδὴ
570 2091 624 2126 γὰρ
647 2091 744 2122 παντὸς
764 2090 865 2125 ἀγαθοῦ

82 2137 159 2172 πηγὴ,
176 2137 224 2164 καὶ
239 2136 325 2172 ἁρχὴ,
340 2137 387 2163 καὶ
402 2136 518 2172 χορηγία
532 2137 560 2163 ὲν
575 2138 607 2172 τῇ
623 2137 741 2172 ἀκτίστῳ
757 2136 867 2171 Θεωρεῖ-

81 2191 120 2210 ut
134 2183 230 2218 φύσει·
258 2184 335 2209 πᾶσα
359 2183 387 2209 δὲ
405 2183 471 2218 πρὸς
487 2183 574 2209 ἐκεῖνο
595 2183 721 2210 νένευκεν
740 2184 756 2218 ἡ
780 2182 866 2215 κτίσις

81 2229 118 2255 διὰ
134 2230 182 2264 τῆς
204 2229 353 2260 κοινωνίας
373 2228 420 2254 τοῦ
442 2227 549 2263 πρώτου
574 2228 677 2263 ἀγαθοῦ
690 2228 740 2263 τῆς
763 2227 867 2263 ὑψηλῆς

82 2273 197 2307 φύσεως,
213 2274 395 2309 ἐφαπτομένη
413 2274 442 2300 δὲ
461 2275 507 2301 καὶ
532 2273 685 2309 μετέχουσα
701 2272 731 2305 ἐξ
745 2273 866 2308 ἀνάγκης

81 2321 145 2347 κατὰ
158 2321 207 2356 τὴν
223 2321 375 2354 ἀναλογίαν
389 2320 438 2354 τῆς
452 2320 505 2347 τῶν
521 2320 629 2355 ὑψηλῶν
647 2320 800 2355 μετουσίας,
814 2320 868 2345 τῶν

82 2366 126 2399 μὲν
139 2366 288 2399 πλειόνως,
303 2366 357 2392 τῶν
370 2366 398 2392 δὲ
413 2365 560 2397 ἐλαττόνως
573 2366 643 2392 χοιτά
656 2365 686 2391 τὺ
699 2365 869 2398 αὐτεξούσιον

80 2413 125 2445 τῆς
151 2412 345 2447 προαιρέσεως
368 2411 641 2446 μεταλαμϐανόντων,
666 2411 695 2437 τὸ
712 2411 801 2437 πλεῖον
824 2411 870 2437 καὶ

81 2456 108 2482 τὺ
129 2455 209 2493 ἧττον
238 2459 270 2483 ὲν
299 2458 331 2492 τῇ
358 2457 442 2489 κτίσει
467 2456 628 2492 γνωρίζεται
661 2457 798 2490 ἀναλόγως
823 2457 871 2492 τῆς

81 2503 189 2531 ἑκάστου
212 2505 317 2539 ὁρμῆς.
343 2503 398 2538 Τῆς
422 2504 476 2538 γὰρ
495 2502 601 2537 φύσεως
624 2502 672 2537 τῆς
687 2503 716 2529 ὲν
729 2504 762 2538 τῇ
782 2503 870 2529 κτίσει

82 2551 223 2584 νοουμένης
243 2550 273 2575 ὲν
302 2548 419 2583 μεθορίῳ
435 2548 488 2574 τῶν
505 2548 626 2582 ἀγαθῶν.
656 2549 701 2575 καὶ
717 2549 770 2575 τῶν
792 2550 869 2575 ἐναν-

81 2595 140 2622 τίων
165 2595 313 2630 ἑστώσης,
343 2595 380 2625 ti);
404 2594 528 2629 δεκτικὴν
553 2595 690 2630 ἑκατέρων
714 2592 784 2620 εἶναι
810 2595 870 2620 κατ’

82 2641 212 2673 ἐξουσίαν,
227 2643 288 2673 τοῖς
314 2641 384 2668 κατὰ
395 2641 504 2676 γνώμην
521 2641 748 2676 προσκλινομένην
759 2661 765 2672 ,
781 2640 871 2672 καθὼς

82 2689 151 2724 παρὰ
171 2689 221 2723 τῆς
243 2688 361 2722 Γραφῆς
383 2686 596 2722 μεμαθήκαμεν·
622 2686 690 2722 πρδς
716 2685 793 2719 λόγον
821 2686 871 2721 τῆς

82 2743 108 2762 τε
120 2735 172 2762 τῶν
187 2734 326 2770 χειρόνων
341 2732 514 2772 ἀποστάσεως
545 2732 590 2758 καὶ
607 2731 653 2758 τοῦ
669 2731 870 2766 προσεγγισμοῦ

120 2818 141 2832 ⁸³
154 2817 266 2844 Coloss.
281 2823 302 2847 I,
317 2815 359 2842 16.
394 2812 486 2839 "ibid.
503 2815 542 2843 13$.

914 1632 1005 1660 habet.
1026 1632 1054 1659 ln
1085 1633 1261 1661 sensibilibus
1297 1634 1379 1668 igitur
1407 1637 1586 1660 numerantur
1609 1634 1702 1660 omnia

914 1679 970 1712 illa,
992 1687 1160 1714 quaecunque
1196 1680 1321 1714 corporis
1349 1679 1476 1707 sensibus
1503 1679 1700 1714 percipiuntur,

914 1733 1028 1760 quormn
1047 1726 1190 1760 qualitates
1206 1725 1392 1754 diversimode
1409 1726 1468 1760 plus
1496 1730 1522 1753 et
1538 1726 1629 1753 minus
1650 1726 1700 1753 ad-

915 1771 1043 1804 mittunt;
1068 1771 1220 1799 differentia
1238 1772 1265 1799 in
1293 1772 1335 1799 his
1355 1772 1529 1799 considerata
1551 1772 1701 1799 secundum

915 1816 1087 1851 quantitatis,
1103 1821 1150 1844 aut
1174 1818 1315 1852 qualitatis
1343 1821 1389 1844 aut
1414 1817 1530 1844 aliarum
1549 1818 1703 1853 proprieta-

916 1868 972 1891 tum
987 1865 1131 1891 rationem.

952 1909 980 1937 In
995 1914 1091 1937 natura
1106 1917 1173 1937 vero
1189 1909 1350 1940 intellectili,
1374 1913 1475 1942 creata,
1490 1909 1611 1944 inquam,
1639 1908 1703 1935 talis

915 1956 1084 1985 diversitatis
1101 1958 1182 1988 ratio,
1201 1956 1291 1990 qualis
1310 1956 1446 1990 reperitur
1463 1956 1490 1983 in
1505 1956 1586 1983 rebus
1608 1955 1702 1983 sensui

917 2001 1045 2036 objectis,
1063 2001 1154 2029 locum
1170 2009 1224 2029 non
1240 2001 1340 2034 habet;
1363 2001 1433 2028 alius
1449 2005 1538 2029 tamen
1564 2001 1702 2029 invenitur

917 2048 1025 2079 modus,
1042 2048 1069 2074 in
1084 2055 1138 2082 quo
1152 2048 1267 2082 majoris
1282 2050 1308 2074 et
1321 2048 1436 2074 minoris
1450 2047 1601 2074 differentia
1619 2055 1703 2082 appa—

916 2097 969 2121 ret.
985 2093 1053 2120 Cum
1068 2093 1140 2120 enim
1161 2093 1251 2120 omnis
1265 2092 1330 2119 boni
1351 2093 1411 2119 fons
1427 2097 1453 2119 et
1467 2093 1545 2127 origo
1559 2098 1585 2120 et
1597 2093 1704 2127 largitio

918 2139 946 2166 in
967 2144 1066 2166 natura
1091 2139 1213 2165 incrcata
1245 2138 1320 2170 insit,
1347 2139 1491 2173 omnisque
1516 2142 1641 2166 creatura
1669 2143 1704 2164 ait

918 2185 1004 2220 ipsam
1016 2185 1104 2213 oculis
1120 2184 1196 2219 quasi
1213 2184 1329 2211 intentis
1347 2184 1492 2219 suspiciat,
1515 2192 1563 2219 per
1580 2192 1703 2211 conmut-

919 2231 1029 2258 nionem
1042 2230 1163 2265 supremi
1177 2230 1242 2257 boni
1255 2230 1289 2256 ab
1304 2229 1397 2257 eadem
1409 2238 1555 2265 suspensa,
1568 2230 1705 2264 ejusdem-

919 2283 971 2310 que
986 2276 1122 2310 particeps
1149 2275 1254 2308 elTecta,
1279 2275 1440 2303 necossario
1466 2275 1619 2302 secundum
1641 2284 1705 2310 prn-
1732 2281 1734 2289 ι

919 2322 1072 2356 portionetn
1094 2321 1313 2355 participationis
1334 2328 1426 2348 rerum
1451 2321 1620 2351 sublimium,
1640 2321 1705 2348 dum

919 2368 979 2394 aliae
996 2367 1067 2401 plus,
1088 2367 1147 2393 aliae
1161 2367 1318 2401 minus,pro
1332 2367 1459 2394 libertate
1472 2367 1579 2393 arbitrii
1595 2370 1622 2394 et
1637 2374 1704 2393 con-

918 2413 972 2441 silii
988 2414 1041 2444 sui,
1057 2413 1216 2447 accipiunt;
1235 2413 1295 2447 plus
1307 2417 1333 2440 et
1347 2413 1440 2440 minus
1457 2412 1485 2439 in
1509 2413 1644 2440 creaturis
1658 2413 1700 2438 ad-

920 2458 1083 2486 mittendum
1111 2462 1164 2490 est,
1194 2458 1401 2485 accommodate
1417 2458 1601 2492 quarumlibet
1624 2465 1704 2492 appe-

921 2504 1022 2531 titioni.
1039 2504 1141 2530 Natura
1155 2505 1229 2531 enim
1247 2508 1349 2534 creata,
1378 2504 1456 2538 quasi
1473 2504 1500 2530 in
1513 2503 1634 2530 conﬁnio
1657 2504 1705 2529 bo<

922 2558 1020 2577 norum
1035 2553 1060 2576 et
1076 2550 1208 2576 malorutn
1232 2550 1381 2577 constituta
1397 2554 1449 2580 est,
1474 2553 1505 2575 ut
1522 2556 1607 2583 capax
1629 2554 1699 2574 utro-

922 2603 1038 2631 rumque
1053 2597 1189 2623 arbitratu
1219 2604 1280 2627 suo,
1307 2596 1408 2630 quibus
1421 2595 1542 2622 animum
1559 2595 1704 2628 adjungere

922 2642 1050 2674 voluerit,
1065 2641 1136 2669 sicut
1150 2649 1182 2669 ex
1199 2641 1302 2668 divinis
1315 2640 1426 2667 Litteris
1440 2639 1597 2666 didicimus.
1612 2638 1704 2673 itaque

924 2687 1129 2722 comparatione
1159 2691 1183 2714 et
1196 2693 1319 2720 respectu
1335 2686 1368 2713 ad
1385 2686 1496 2716 malum,
1529 2685 1568 2711 vel
1594 2685 1706 2719 propin—

924 2733 1055 2768 quatione
1068 2733 1101 2760 ad
1121 2733 1233 2767 bonum,
1251 2733 1385 2760 affirmare
1399 2738 1558 2765 possumus,
1575 2729 1711 2758 intcnsio-
