1954 3079
237 102 290 130 3ἶὸ

858 101 886 128 S.
902 101 1066 130 GREG’URII
1085 102 1230 130 NYSSENI

1817 107 1867 134 556

241 168 300 187 nem
327 163 354 186 et
376 159 566 186 remissionem
593 158 684 185 locum
718 158 818 186 habere
845 159 872 186 in
887 161 1025 195 eo,'quod

1079 161 1132 188 τῶν
1150 161 1254 194 καλῶν,
1280 162 1310 187 τὸ
1329 161 1422 195 πλέον,
1438 163 1483 189 καὶ
1502 163 1532 190 τὸ
1553 163 1662 194 ἔλαττον
1679 163 1769 197 λέγειν
1785 163 1815 190 ὲν
1831 164 1868 199 τῷ

239 208 340 234 virtute
357 206 477 233 excellit.
502 205 536 232 At
555 205 678 232 increata
705 209 803 232 natura
825 207 919 241 procul
949 207 1027 233 abest

239 253 274 280 ab
289 250 478 286 hujuscemodi
491 250 655 283 diiferentia,
669 253 770 287 quippe
789 254 833 280 cui
845 253 956 280 bonitas
973 260 1025 279 non

238 303 277 325 est
292 297 452 328 adventitia.
480 305 567 332 neque
584 302 697 333 accepta
722 298 899 333 pulchritudo
926 303 953 326 et
976 299 1025 324 ho-

239 348 332 371 ncstas
341 352 373 371 ex
386 345 580 371 communione
593 345 867 379 supereminenlioris
879 344 1023 379 cujusdam

239 389 451 423 pulchritudinis
467 394 493 416 et
509 389 679 422 honestatis;
710 389 757 417 sed
776 390 802 417 in
819 397 858 421 se,
887 393 912 417 ct
938 390 964 416 in
979 398 1027 416 na-

238 440 298 461 tura
317 443 366 462 sua
380 435 431 462 hoc
441 435 513 470 quod
529 439 582 466 est.
597 436 701 462 bonum
717 441 769 467 εει,
793 440 821 462 et
844 439 873 461 ut
885 435 955 462 bona
984 435 1024 462 iu-

238 482 383 517 telligitur,
401 482 462 508 fons
477 482 619 514 bonitatis,
642 482 758 516 simplex
771 486 797 509 et
811 482 966 512 uniformis.
979 489 1026 508 cx-

238 535 303 562 pcrs
323 528 415 555 omnis
439 528 658 562 compositionis,
687 528 771 554 etiam
802 527 1025 555 adversariorum

239 577 397 601 nostrorum
419 574 586 600 testimonio.
619 573 828 601 Distinctioncm
860 581 924 600 vero
947 574 973 600 in
992 580 1025 600 eo

239 619 321 646 habet
346 619 494 653 majestati.
511 622 616 645 natura:
643 625 700 644 sum
728 620 930 651 compa-tentem
950 614 1025 643 {non

237 673 299 699 qua:
316 665 342 692 in
360 665 515 692 intensionc
528 669 554 691 et
570 664 732 691 remissione
748 663 894 695 consistat,
917 667 946 688 ut
969 663 1026 689 vult

239 709 391 737 Eunomius
418 709 475 744 (qui
495 709 567 736 enim
593 708 826 736 existimationem
845 707 881 735 de
906 707 1028 735 bonitate

240 755 378 781 imminuit
391 754 418 780 in
435 755 536 789 aliquo,
562 754 634 788 quo“
655 753 689 780 de
712 752 762 779 SS.
784 752 917 780 Trinitate
943 751 1028 779 credi-

1079 207 1138 232 κατ’
1156 208 1256 243 ἀρετὴν
1282 207 1457 243 ὑπερέχοντι,
1482 208 1574 244 χώραν
1600 209 1665 244 ἔχει.
1692 210 1725 236 Ίί
1745 209 1775 236 δὲ
1792 210 1868 237 ἄκτι-

1081 261 1141 284 στος
1160 254 1240 288 φύσις
1263 254 1312 289 τῆς
1338 254 1387 288 μὲν
1413 254 1540 290 τοιαύτης
1567 255 1699 291 διαφορᾶς
1725 255 1868 292 πόρρωθεν

1080 298 1192 325 ἄπεστιν
1201 319 1210 333 ,
1225 299 1272 325 ἆτε
1287 300 1336 326 οὐκ
1356 299 1502 335 ἐπίκτητον
1517 301 1616 336 ἔχουσα
1629 301 1660 327 τὸ
1674 301 1778 335 ἀγαθὸν
1787 322 1795 334 ,
1808 301 1868 328 οὑδὶ

1080 344 1150 370 κατὰ
1176 345 1292 380 μετοχὴν
1314 345 1510 381 ὑπερκειμένου
1535 346 1608 378 τινος
1631 346 1716 373 καλοῦ
1735 346 1768 373 τὺ
1787 346 1869 373 καλὸν

1079 391 1107 416 ἐν
1124 391 1205 425 ἑαυτῇ
1227 391 1373 426 δεχομένη·
1390 392 1445 418 ἀλλ’
1472 392 1538 419 αὐτὸ
1561 393 1631 428 ὅπερ
1647 392 1705 420 taxi.
1729 394 1765 428 τῇ
1788 391 1866 427 φύσει

1080 438 1126 462 καὶ
1144 437 1245 470 ἁγαῡὺν
1266 436 1348 470 οὖσα,
1372 439 1419 465 καὶ
1436 438 1536 473 ἀγαθὸν
1552 439 1682 475 νοουμένη
1695 459 1702 472 ,
1726 440 1776 467 διαὶ
1799 439 1868 473 ἀγα-

1080 482 1126 508 οοῦ
1146 482 1234 517 πηγὴ,
1248 483 1321 518 ἁπλῆ
1335 492 1364 509 τε
1373 504 1379 516 ,
1403 484 1449 510 καὶ
1467 484 1605 520 μονοειδὴς
1614 505 1622 518 ,
1636 485 1684 512 καὶ
1704 484 1867 516 ἀσύνθετος.

1080 528 1131 554 ὑπὸ
1151 528 1204 555 τῶν
1223 529 1383 564 μαχομένων
1396 530 1462 565 ἡμῖν
1487 531 1706 567 μαρτυρουμένη.
1728 531 1868 566 Διαφορὲιν

1078 574 1105 600 δὲ
1140 575 1208 610 πρὸς
1243 575 1340 610 ἑαυτὴν
1364 576 1418 610 ἔχει
1453 576 1491 612 τῷ
1525 577 1660 612 μεγαλείῳ
1681 577 1731 612 τῆς
1761 577 1869 611 φύσεως

1079 619 1255 654 πρέπουσαν,
1278 620 1308 646 οὐ
1333 620 1401 656 πρὸς
1428 620 1458 647 τὸ
1483 621 1574 656 μεῖξον
1602 622 1648 648 καὶ
1665 621 1776 648 ἔλαττον
1800 621 1868 648 Θεω-

1081 667 1228 702 ρουμένην,
1250 668 1286 699 ὡς
1310 669 1324 694 6
1349 668 1481 703 Εὑνόμιος
1497 669 1598 696 οἴεται·
1622 671 1636 696 6
1651 670 1705 706 γὰρ
1730 671 1781 705 τὴν
1807 669 1869 705 πρὶ

1079 712 1125 739 τοῦ
1155 713 1255 746 ἀγαθοῦ
1285 709 1388 740 ἔννοιαν
1416 714 1536 741 ἑλαττῶν
1566 715 1594 741 ἕν
1623 724 1676 742 τινι
1696 716 1752 742 τῶν
1773 717 1804 742 ὲν
1835 717 1868 750 τῇ

1079 758 1145 793 ἁγίᾳ
1160 758 1253 792 Τριάδι
1271 760 1508 795 πεπιστευμένων,
1536 761 1667 796 μεμίχθαι
1685 770 1711 788 τι
1727 762 1778 797 τῆς
1793 762 1870 788 ἐναν-

239 805 294 832 tur,
321 801 343 828 is
357 800 425 827 nihil
451 800 524 827 aliud
551 799 703 832 contendit,
734 806 816 834 quam
835 798 938 832 aliquid
962 804 1026 824 con—

1079 802 1138 835 τῐας
1152 804 1235 836 ἕξεως
1254 804 1291 840 τῷ
1308 805 1378 832 κατὰ
1394 806 1424 832 τὸ
1439 806 1540 840 ἀγαυὸν
1560 807 1749 843 ὑστερουμένῳ
1761 807 1868 835 πάντως

238 847 314 874 trarii
331 846 441 873 habitus
462 846 498 877 ei,
531 845 558 872 in
583 853 637 880 quo
654 845 778 872 defectus
795 843 926 870 bonitatis
942 850 1025 878 appa-

1079 850 1369 887 παρασκευάσευόπερ
1387 851 1446 878 οὗτε
1469 853 1514 879 ἐπὶ
1532 853 1578 879 τοῦ
1604 853 1785 887 Μονογενοῦς,
1807 853 1869 880 οὔτε

238 897 290 923 ret,
307 889 454 919 admistum
478 899 561 923 esse;
581 891 651 925 quod
674 892 715 918 vel
731 891 766 918 de
785 890 926 925 unigenito
947 889 1025 922 Filio,

237 938 278 964 vri
296 937 399 972 Spiritu
428 942 524 964 saneto
542 936 675 971 cogitare,
695 936 835 971 impietate
851 943 906 962 non
927 935 1025 970 caret),

238 984 285 1011 sed
304 984 422 1018 positam
442 983 469 1009 in
489 989 597 1009 summa
612 981 793 1016 perfectione,
820 985 847 1008 et
872 980 1026 1014 incompre-

238 1030 366 1058 hensibili
382 1029 553 1061 excellentia,
579 1035 639 1062 quae
666 1027 791 1062 cujusvis
822 1034 944 1061 persona.-
965 1033 1027 1060 pro-

237 1074 402 1109 prietatibus
420 1074 511 1101 inesse
531 1072 719 1108 cognoscitur,
744 1071 973 1106 ineonfusamque
999 1075 1026 1098 et

237 1119 522 1148 discretadiﬂ'erentia
539 1122 723 1146 constantem.
736 1118 806 1145 Hinc
815 1122 911 1144 natura
921 1117 1024 1151 divina,

237 1167 264 1193 in
295 1166 356 1198 hoc,
388 1165 460 1199 quod
479 1169 522 1191 est
553 1164 707 1191 increatum
730 1171 801 1194 csso,
830 1163 1026 1190 communione

237 1212 355 1247 quadam
383 1219 475 1238 secum
498 1209 707 1237 immutabilitcr
721 1209 864 1242 convenit;
896 1209 923 1235 in
946 1216 1027 1243 pecu-

238 1259 354 1286 lin'ibus
371 1261 462 1285 autem
482 1257 657 1292 singularum
671 1263 850 1291 personarum
872 1256 1026 1290 proprieta-

234 1305 311 1332 tibus
325 1304 399 1331 nulla
412 1303 608 1331 communione
621 1302 757 1337 jungitur.
771 1301 929 1336 Proprietas
939 1302 1023 1333 cnim,

237 1359 298 1386 qmc
313 1350 402 1378 cuivis
419 1349 558 1385 hypostasi
575 1351 602 1376 et
614 1355 739 1383 personae
754 1348 854 1376 divina
874 1347 965 1375 inesse
984 1347 1026 1374 in-

234 1398 378 1433 telligilur,
395 1397 539 1423 manileste
562 1400 590 1422 et
610 1403 677 1430 pure
692 1398 808 1422 alterum
829 1397 864 1421 ab
884 1399 970 1421 altero
982 1394 1025 1421 ui-

236 1443 363 1478 stinguit,
377 1447 405 1469 ut
421 1442 540 1476 exempli
553 1441 653 1480 gratia,
663 1441 745 1468 Pater
754 1438 906 1476 appellatur
923 1440 1014 1467 increa

238 1497 282 1518 lus
299 1495 325 1518 et
347 1490 496 1525 ingenitus,
514 1496 603 1523 neque
619 1480 692 1516 enim
711 1488 821 1523 genitus
833 1495 924 1522 neque
946 1494 1024 1514 crea-

237 1542 282 1564 tus
301 1540 353 1563 est.
369 1535 522 1562 lncrealum
535 1534 618 1569 igitur
627 1541 688 1561 esse
702 1541 848 1560 commune
863 1533 946 1560 habet
961 1540 1025 1559 cum

236 1581 308 1609 Filio
333 1585 360 1609 et
387 1580 491 1616 Spiritu
511 1584 617 1608 sancto.
634 1579 687 1607 Sed
714 1579 865 1614 ingenitum
877 1583 903 1606 et
917 1578 1025 1606 Patrem

237 1635 310 1657 esse.
321 1627 371 1654 hoc
386 1626 530 1662 proprium
548 1629 590 1653 est
603 1631 629 1652 et
642 1624 921 1657 incommunicabile;
937 1631 1026 1658 neque

239 1674 266 1700 in
286 1673 339 1700 ulla
359 1673 473 1699 aliarum
491 1678 670 1706 personarum
698 1671 848 1706 reperitur.
874 1669 962 1698 Filius
977 1677 1026 1697 au-

238 1725 292 1747 tem
308 1727 368 1747 cum
378 1718 460 1746 Patre
474 1722 500 1746 et
514 1717 616 1753 Spiritu
629 1721 725 1744 sancto
737 1717 864 1752 jungitur
874 1717 901 1744 in
912 1724 945 1744 eo
954 1716 1025 1752 quod

238 1767 380 1793 increatus
394 1770 450 1797 est;
470 1764 544 1800 quod
559 1772 624 1791 vero
645 1763 805 1799 unigeuilus
830 1762 919 1790 Filius
945 1766 971 1789 et
991 1762 1027 1789 sit

238 1817 264 1840 et
280 1812 431 1847 appelletur
443 1831 450 1843 ,
467 1811 494 1838 id
510 1815 541 1838 ut
554 1810 696 1846 proprium
721 1809 775 1837 sibi
790 1809 925 1841 vindicat,
952 1808 1025 1843 quod

238 1866 324 1893 neque
337 1858 370 1885 de
383 1847 574 1885 universorum
592 1856 656 1888 Deo,
675 1863 764 1891 neque
781 1855 816 1882 de
830 1854 934 1890 Spiritu
961 1862 1026 1882 sau-

239 1908 282 1932 rto
302 1904 428 1937 alIirmai-i
446 1909 545 1938 potest.
578 1902 698 1938 Spiritus
714 1905 825 1930 sanctus
850 1901 1026 1928 communio-

238 1959 299 1978 nem
318 1951 398 1978 habet
415 1958 477 1978 cum
495 1949 576 1977 Patre
604 1953 631 1976 et
647 1948 726 1982 Filio,
751 1948 779 1975 in
793 1948 857 1980 hoc,
883 1947 958 1983 quod
985 1951 1028 1974 est

239 1999 359 2025 increata
389 2000 489 2023 natura
526 1995 671 2031 praeditum
692 2001 754 2022 esse
775 2002 783 2022 :
808 1994 992 2021 nihilominus
1011 2001 1026 2020 a

238 2043 318 2071 Patre
331 2048 358 2070 et
377 2042 448 2069 Filio
465 2041 585 2076 propriis
613 2041 672 2068 suis
692 2040 852 2075 notionibus
882 2039 1028 2074 distingui-

237 2094 293 2116 tur.
309 2088 391 2115 Notio
402 2089 474 2114 enim
491 2087 566 2114 illius
582 2090 608 2113 et
625 2087 734 2121 signum
752 2085 872 2119 maxime
881 2086 1025 2121 proprium

237 2139 328 2167 est,ut
342 2134 408 2161 nihil
421 2141 515 2161 eorum
525 2133 570 2165 sit,
581 2141 642 2168 qum
656 2132 764 2159 Patriet
778 2131 847 2159 Filio
858 2132 949 2159 inesse
957 2131 1027 2158 ratio

1040 1510 1061 1539 C

1077 895 1124 921 ἐπὶ
1139 895 1185 921 τοῦ
1204 895 1282 930 ἁγίου
1306 897 1462 932 Πνεύματος
1483 899 1595 931 εὐσεϐές
1612 900 1670 926 ἐστι
1693 899 1869 934 λογίζεσθαι·

1078 941 1134 967 ἀλλ’
1149 942 1177 967 έν
1192 941 1265 977 ἄκρᾳ
1276 944 1308 976 τῇ
1323 942 1485 979 τελειότητι,
1509 945 1556 971 καὶ
1579 946 1608 972 ὲν
1626 945 1814 981 ἀκαταλήπτῳ
1837 948 1868 981 τῇ

1078 988 1197 1023 ὑπεροχῇ
1213 987 1387 1024 Θεωρουμένη
1403 991 1458 1022 τοῖς
1478 991 1674 1026 ἐνυπάρχουσιν
1691 992 1798 1027 ἑκάστῃ
1816 991 1870 1018 τῶν

1079 1032 1253 1060 ὑποστάσεων
1284 1033 1442 1069 ὶδιώμασιν,
1467 1035 1634 1070 ἀσύγχυτον,
1657 1036 1703 1062 καὶ
1727 1036 1868 1072 διακεκρι-

1079 1078 1163 1114 μένην
1178 1079 1226 1114 τὴν
1240 1079 1370 1114 διαφορὰν
1390 1080 1456 1115 ἔχει.
1484 1081 1528 1107 Ἐν
1546 1081 1595 1116 μὲν
1609 1083 1642 1117 τῇ
1657 1081 1728 1108 κατὰ
1745 1082 1776 1108 τὸ
1792 1082 1868 1109 ἄκτι-

1079 1133 1140 1151 στον
1155 1125 1296 1161 κοινωνίᾳ,
1311 1126 1342 1152 τὸ
1364 1126 1572 1161 ἀπαράλλακτον
1590 1127 1687 1162 ἔχουσα
1697 1148 1704 1160 ,
1721 1128 1750 1154 έν
1770 1127 1802 1154 δὲ
1815 1128 1872 1159 τοῖς

1078 1170 1225 1206 ἐξαιρέτοις
1241 1170 1295 1198 τὼν
1314 1171 1465 1205 ἰδιωμάτων
1482 1172 1597 1199 ἑκάστου
1618 1173 1648 1199 τὸ
1672 1173 1870 1208 ἀκοινώνητον.

1084 1215 1115 1241 'H
1143 1215 1196 1251 γὰρ
1231 1215 1452 1252 ὲπιθεωρουμένη
1482 1217 1584 1253 ἑκάστη
1609 1217 1662 1244 τῶν
1692 1219 1872 1246 {manicae-1

1080 1260 1187 1296 ἰδιότης,
1203 1261 1308 1297 τρανῶς
1321 1262 1368 1288 καὶ
1379 1262 1506 1298 καθαρῶς
1520 1263 1550 1290 τὸ
1567 1263 1660 1299 ἕτερον
1674 1265 1729 1291 ἀπὸ
1745 1265 1795 1292 τοῦ
1810 1266 1868 1292 έτέ-

1079 1315 1126 1342 ρον
1147 1306 1291 1342 διϊστησιν·
1308 1304 1364 1334 οἷον
1387 1309 1401 1334 6
1423 1309 1516 1344 Πατὴρ
1542 1309 1669 1342 ᾶκι.στος
1686 1308 1757 1337 εἶναι
1773 1311 1872 1346 ὁμολο-

1078 1353 1183 1385 γεῖται,
1206 1352 1253 1378 καὶ
1275 1352 1438 1388 ἀγέννητοςο
1455 1352 1516 1380 οὔτε
1534 1354 1588 1390 γὰρ
1606 1355 1784 1391 γεγέννηται,
1809 1356 1872 1383 οὔτε

1077 1397 1209 1424 ἔκτισται.
1226 1398 1312 1424 Τοῦτο
1325 1396 1371 1425 οὖν
1392 1398 1422 1425 τὸ
1443 1399 1586 1432 ἄκτιστον,
1603 1401 1691 1427 κοινὸν
1707 1402 1785 1436 αὑτῷ
1803 1403 1871 1438 πρὸς

1077 1443 1123 1470 τὸν
1145 1443 1208 1470 Υίόν
1232 1444 1290 1470 ἐστι
1316 1444 1363 1471 καὶ
1389 1444 1420 1471 τὸ
1435 1444 1546 1480 Πνεῦμα
1566 1445 1596 1472 τὸ
1611 1445 1705 1480 ἅγιον·
1730 1447 1802 1474 ἀλλὰ
1826 1448 1872 1474 καὶ

1078 1489 1224 1525 ἀγέννητος
1243 1490 1290 1516 καὶ
1311 1489 1423 1525 Πατήρ·
1439 1490 1518 1518 τοῦτο
1531 1491 1596 1518 ἴδιόν
1611 1501 1639 1519 τι
1656 1493 1703 1519 καὶ
1722 1493 1873 1528 ἀκοινώνη-

1077 1544 1138 1568 τον,
1153 1535 1221 1570 ὅπερ
1236 1536 1264 1561 ὲν
1280 1535 1368 1562 οὐδενὶ
1382 1535 1437 1563 τῶν
1444 1535 1604 1563 ὑπολοίπων
1615 1538 1870 1574 καταλαμϐάνεται·

1077 1582 1092 1607 6
1110 1581 1138 1607 δὲ
1154 1580 1216 1612 Υἱὸς
1231 1580 1301 1607 κατὰ
1315 1580 1345 1607 τὺ
1360 1580 1487 1607 ἄκτιστον
1502 1581 1540 1616 τῷ
1552 1582 1650 1618 Πατρὶ,
1663 1583 1711 1610 καὶ
1721 1583 1762 1618 τῷ
1783 1584 1872 1610 Πνεύ-

1080 1627 1146 1663 ματί
1168 1626 1385 1661 συναπτόμενος,
1410 1627 1440 1653 έν
1463 1627 1502 1662 τῷ
1530 1627 1611 1659 Υἱὸς,
1638 1629 1684 1655 καὶ
1712 1630 1874 1664 Μονογενὴς

1078 1671 1148 1700 εἷναί
1161 1681 1192 1699 τε
1207 1673 1254 1700 καὶ
1267 1672 1462 1708 ὀνομάζεσθαι,
1480 1673 1511 1699 τὸ
1526 1673 1625 1706 ἰδιάζον
1640 1674 1707 1709 ἔχει,
1723 1676 1794 1711 ὅπερ
1810 1674 1874 1702 οὔτε

1079 1720 1126 1745 ἐπὶ
1150 1719 1258 1746 πάντων
1280 1718 1366 1751 Θεοῦ,
1386 1718 1447 1746 οὔτε
1461 1719 1507 1746 τοῦ
1526 1720 1602 1754 ἁγίου
1617 1721 1778 1756 Πνεύματὸς
1801 1723 1871 1750 sm.

1079 1765 1114 1792 Τὸ
1127 1765 1154 1791 δὲ
1174 1764 1286 1800 Πνεῦμα
1305 1764 1334 1791 τὸ
1352 1765 1428 1799 ἅγιον
1445 1765 1475 1792 ἐν
1500 1765 1539 1801 τῷ
1554 1767 1674 1801 ἀκτίστῳ
1695 1767 1746 1801 τῆς
1763 1767 1874 1802 φύσεως

1078 1812 1126 1846 τὴν
1149 1810 1290 1838 κοινωνίαν
1313 1811 1373 1846 ἔχον
1399 1811 1466 1846 πρὸς
1488 1812 1570 1844 Υἰὸν,
1588 1813 1635 1839 καὶ
1657 1813 1786 1849 Πατέρα,
1815 1814 1874 1844 τοῖς

1079 1856 1153 1887 ἰδίοις
1178 1855 1259 1883 πάλιν
1286 1856 1473 1891 γνωρίσμασιν
1497 1857 1545 1882 ἀπ’
1571 1857 1660 1884 αὐτῶν
1689 1858 1872 1893 διακρίνεται.

1078 1903 1224 1938 Γνώρισμα
1239 1901 1293 1937 γὰρ
1306 1901 1387 1928 αὑτοῦ
1398 1921 1405 1933 ,
1425 1902 1473 1928 καὶ
1491 1903 1604 1937 σημεῖόν
1621 1904 1694 1930 ἐστιν
1712 1903 1872 1934 ἱδιαίτατον.

1076 1949 1108 1975 τὸ
1123 1949 1206 1984 μηδὲν
1227 1948 1339 1974 ἐκείνων
1359 1946 1427 1975 εἶναι
1438 1969 1445 1981 ,
1461 1948 1532 1983 ἅπερ
1549 1949 1620 1980 ἰδίως
1639 1949 1678 1984 τῷ
1694 1949 1802 1985 Πατρὶ,
1825 1949 1876 1976 καὶ

1077 1995 1116 2030 τῷ
1133 1994 1189 2030 Υἱῷ
1202 1995 1216 2021 ὁ
1235 1994 1312 2028 λόγος
1326 1994 1501 2029 ὲνεθεώρησε.
1518 1995 1555 2021 Τὸ
1569 1995 1622 2030 γὰρ
1633 1998 1701 2031 μήτε
1715 1995 1876 2029 άγεννήτως

1078 2039 1146 2068 εἶναι
1163 2041 1230 2076 μήτε
1245 2039 1406 2076 μονογενῶς,
1422 2038 1490 2067 εἶναι
1513 2041 1541 2067 δὲ
1555 2041 1638 2073 ὅλως,
1657 2041 1705 2076 τὴν
1724 2041 1878 2076 ἐξαίρετον

1080 2086 1161 2114 αὑτοῦ
1182 2086 1299 2121 ἰδιότητα
1318 2085 1386 2120 πρὸς
1408 2085 1443 2112 τὰ
1469 2086 1601 2122 εἰρημένα
1625 2087 1801 2122 παρίστησιν.
1828 2086 1878 2121 τῷ

1079 2133 1134 2169 γὰρ
1151 2132 1238 2168 Πατρὶ
1253 2131 1323 2158 κατὰ
1343 2131 1373 2158 τὺ
1397 2132 1523 2159 ἄκτιστον
1547 2139 1751 2167 συναπτομενον
1763 2153 1770 2163 ,
1791 2132 1878 2158 πάλιν

238 2183 334 2209 dictat.
349 2180 416 2207 Nam
427 2179 498 2215 quod
508 2187 562 2206 non
572 2180 607 2206 sit
618 2179 753 2214 ingenitus
762 2180 852 2206 et'non
865 2177 1026 2212 unigenitus,

1084 2180 1131 2206 ἀπ’
1145 2178 1227 2206 αὐτοῦ
1241 2177 1280 2213 τῷ
1304 2178 1340 2213 μὴ
1355 2177 1448 2213 Πατὴρ
1467 2176 1546 2209 εἶναι,
1562 2178 1686 2214 καθάπερ
1702 2175 1781 2210 οὗτός
1796 2179 1854 2204 ἐστι
1869 2198 1877 2209 ,

238 2233 264 2256 et
275 2233 368 2255 tamen
381 2235 443 2254 vere
455 2227 500 2257 sit,
522 2226 574 2253 hoc
593 2226 679 2261 ipsius
693 2226 859 2261 peculiarem
876 2225 1030 2259 proprieta-

238 2279 304 2306 tcm,
311 2281 365 2309 qua
373 2281 388 2300 a
397 2272 535 2307 praedictis
543 2272 732 2307 distinguitur.
745 2274 931 2306 reprzesentat.
943 2269 1030 2304 Spiri-

237 2326 283 2348 tus
292 2321 363 2348 enim
374 2318 450 2346 Patri
461 2318 626 2354 conjunctus
644 2322 697 2350 est,
711 2317 862 2345 secundum
873 2315 948 2350 quod
958 2320 1032 2343 uter-

237 2375 290 2402 que
307 2366 448 2393 increatus
460 2368 501 2392 est
519 2373 525 2397 ;
555 2370 654 2391 rursus
676 2362 711 2390 ab
726 2369 760 2390 eo
781 2362 973 2396 distinguitur,
994 2370 1027 2390 eo

237 2412 312 2448 quod
327 2419 382 2439 non
399 2414 442 2438 est
456 2410 548 2441 Pater,
578 2413 660 2444 prout
673 2409 717 2436 ille
741 2412 782 2435 est
798 2415 805 2434 :
823 2407 892 2435 Filio
913 2416 977 2435 vero
988 2409 1028 2444 (α)

223 2458 265 2485 ‘et
279 2457 430 2486 secundum
444 2456 518 2491 quod
534 2459 649 2490 uterque
666 2455 806 2481 increatus
821 2459 872 2486 est.
885 2458 912 2482 et
930 2462 1028 2482 secun-

222 2503 223 2507 “
238 2505 302 2531 dum
323 2503 395 2538 quod
412 2507 526 2537 uterque
541 2509 573 2529 ex
603 2501 692 2535 primo
710 2500 847 2536 principio
871 2509 948 2528 suam
964 2501 1029 2528 subs

239 2549 389 2577 sisteutiam
405 2548 498 2579 habet,
525 2546 709 2580 conjunctus;
729 2546 907 2581 distinguitur
933 2547 968 2574 ab
997 2554 1030 2574 eo

239 2604 287 2622 sua
302 2595 478 2630 proprietate,
494 2601 555 2628 quae
568 2597 619 2623 est.
630 2592 701 2628 quod
717 2600 767 2620 nec
784 2597 813 2619 ut
830 2593 986 2628 unigenitus
996 2601 1026 2620 ex

238 2641 319 2668 Patre
336 2640 484 2676 productus
495 2643 546 2671 est,
562 2639 673 2674 etquod
697 2646 745 2674 per
760 2639 847 2674 ipsum
871 2638 969 2666 Filium
995 2639 1030 2666 sit

240 2688 439 2715 manifestatus.
459 2686 490 2713 Et
507 2695 569 2713 cum
584 2691 706 2714 creatura
723 2695 770 2721 per
787 2686 883 2713 Filium
904 2686 939 2715 sit
963 2694 1027 2722 pro-

276 2789 314 2821 (α)
346 2788 418 2815 Citat
435 2788 507 2824 hunc
524 2789 610 2817 locum
633 2789 775 2817 llessarion
799 2789 826 2816 in
838 2790 913 2816 Orat.
933 2789 1019 2824 (logm.
1036 2795 1061 2814 c.

241 2825 351 2856 Sancto,
360 2828 425 2851 sect.
437 2823 464 2853 6.

1085 2224 1274 2261 διαχωρίζεται
1282 2233 1288 2240 ·
1299 2225 1332 2260 τῇ
1344 2224 1411 2260 πρὸς
1422 2224 1466 2250 τὸν
1478 2224 1541 2251 Υἱὸν
1550 2224 1620 2251 κατὰ
1629 2225 1659 2251 τὸ
1670 2225 1797 2252 ἄκτιστον
1815 2233 1881 2250 συν-

1086 2273 1177 2306 αφείᾳ,
1189 2271 1236 2297 καὶ
1245 2271 1273 2295 ὲν
1287 2269 1325 2304 τῷ
1335 2269 1383 2304 τὴν
1394 2270 1481 2296 αἰτίαν
1493 2270 1543 2304 τῆς
1554 2270 1697 2305 ὑπάρξεως
1708 2271 1741 2296 ἐκ
1750 2269 1798 2296 τοῦ
1808 2269 1881 2296 Θεοῦ

1085 2317 1140 2344 τῶν
1162 2316 1230 2342 ὅλων
1246 2314 1317 2350 ἔχειν
1336 2314 1496 2350 ἑνούμενον,
1514 2316 1661 2351 ἀφίσταται
1683 2314 1765 2342 πάλιν
1784 2316 1814 2342 ὲν
1836 2314 1884 2350 τῷ

1088 2364 1224 2396 ἰδιάζοντι·
1235 2363 1264 2388 ὲν
1283 2360 1321 2395 τῷ
1334 2360 1400 2396 μήτε
1413 2362 1563 2396 μονογενῶς
1577 2362 1609 2388 ἐκ
1623 2361 1668 2388 τοῦ
1689 2360 1796 2396 Πατρκ
1811 2359 1883 2387 6m-

1081 2411 1194 2445 στῆναι,
1223 2409 1270 2436 καὶ
1285 2409 1314 2436 ὲν
1327 2408 1366 2444 τῷ
1390 2409 1422 2435 δι’
1437 2407 1519 2434 αὑτοῦ
1540 2407 1588 2434 τοῦ
1609 2407 1674 2433 Υἱοῦ
1699 2406 1855 2441 πεφηνέναι
1872 2415 1880 2421 ·

1082 2457 1162 2483 πάλιν
1172 2455 1201 2482 δὲ
1215 2455 1264 2490 τῆς
1279 2454 1393 2484 κτίσεως
1406 2453 1449 2480 διὰ
1459 2452 1505 2479 τοῦ
1522 2451 1691 2486 Μονογενοῦς
1704 2452 1882 2486 ὑποστάσης,

1081 2503 1118 2532 ὼς
1136 2502 1168 2529 ἂν
1184 2501 1222 2536 μὴ
1236 2500 1378 2535 κοινότητα
1391 2508 1452 2526 τινα
1473 2499 1540 2534 πρὸς
1551 2498 1653 2533 ταύτην
1665 2497 1738 2532 ἒχειν
1751 2496 1883 2531 νομισθῇ

1081 2546 1111 2573 τὸ
1139 2545 1251 2581 Πνεῦμα
1281 2545 1313 2572 ὲκ
1331 2544 1376 2572 τοῦ
1392 2545 1436 2571 διὰ
1454 2544 1500 2570 τοῦ
1521 2543 1586 2570 Υἱοῦ
1608 2542 1760 2576 πεφηνέναι
1785 2542 1814 2568 ἐν
1833 2540 1885 2575 τῷ

1082 2592 1227 2628 ἀτρέπτῳ,
1243 2591 1291 2618 καὶ
1312 2590 1483 2625 ἀναλλοιὼτῳ
1493 2610 1500 2623 ,
1522 2590 1567 2616 καὶ
1578 2588 1727 2626 ἀπροσδεεί
1743 2587 1794 2622 τῆς
1817 2587 1884 2613 έπέ-

1085 2638 1168 2673 ρωοεν
1189 2637 1372 2671 ἁγαθότητος,
1394 2635 1560 2670 διακρίνεται
1576 2633 1607 2661 τὸ
1628 2633 1743 2668 Πνεῦμα
1759 2631 1814 2659 άπὸ
1823 2631 1887 2667 τῆς

1081 2683 1205 2714 κτίσεως.
1222 2682 1258 2708 Τὸ
1268 2681 1321 2717 γὰρ
1336 2680 1469 2715 ἄτρεπτον
1479 2681 1496 2715 ἡ
1517 2679 1605 2711 κτίσις
1619 2678 1648 2705 ὲν
1676 2679 1711 2713 τῇ
1732 2676 1812 2712 φύσει
1822 2676 1888 2703 οὐκ

1083 2787 1110 2819 6,
1121 2789 1147 2813 ct
1166 2783 1287 2813 Gennad.
1302 2782 1376 2816 Apol.
1390 2789 1437 2816 pro
1456 2780 1557 2808 Concil.
1575 2779 1696 2807 πισταί.
1719 2778 1752 2807 ιιι
1767 2777 1888 2814 Spiritu
