  <div class='ocr_page' id='page_1' title='image "/cluster/home/n/w/nwhite01/storage/ocr_20150623/45/njp.32101077772596/180.png"; bbox 0 0 1954 3079; ppageno 0'>
   <div class='ocr_carea' id='block_1_1' title="bbox 85 115 123 144">
    <p class='ocr_par' dir='ltr' id='par_1_1' title="bbox 85 115 123 144">
     <span class='ocr_line' id='line_1_1' title="bbox 85 115 123 144; baseline -0.053 0"><span class='ocrx_word' id='word_1_1' title='bbox 85 115 123 144; x_wconf 71' lang='lat'><strong>357</strong></span> 
     </span>
    </p>
   </div>
   <div class='ocr_carea' id='block_1_2' title="bbox 618 111 1090 146">
    <p class='ocr_par' dir='ltr' id='par_1_2' title="bbox 618 111 1090 146">
     <span class='ocr_line' id='line_1_2' title="bbox 618 111 1090 146; baseline -0.002 -5"><span class='ocrx_word' id='word_1_2' title='bbox 618 111 756 142; x_wconf 73' lang='lat' dir='ltr'><strong>CONTRA</strong></span> <span class='ocrx_word' id='word_1_3' title='bbox 776 112 968 146; x_wconf 79' lang='lat' dir='ltr'><strong>EUNOMIUM,</strong></span> <span class='ocrx_word' id='word_1_4' title='bbox 989 112 1053 141; x_wconf 85' lang='lat' dir='ltr'><strong>LIB.</strong></span> <span class='ocrx_word' id='word_1_5' title='bbox 1070 112 1090 141; x_wconf 85' lang='grc' dir='ltr'>ἰ,</span> 
     </span>
    </p>
   </div>
   <div class='ocr_carea' id='block_1_3' title="bbox 1630 113 1688 142">
    <p class='ocr_par' dir='ltr' id='par_1_3' title="bbox 1630 113 1688 142">
     <span class='ocr_line' id='line_1_3' title="bbox 1630 113 1688 142; baseline 0.017 -1"><span class='ocrx_word' id='word_1_6' title='bbox 1630 113 1688 142; x_wconf 66' lang='lat' dir='ltr'><strong>33S</strong></span> 
     </span>
    </p>
   </div>
   <div class='ocr_carea' id='block_1_4' title="bbox 84 170 843 211">
    <p class='ocr_par' dir='ltr' id='par_1_4' title="bbox 84 171 840 211">
     <span class='ocr_line' id='line_1_4' title="bbox 84 171 840 211; baseline 0.003 -13"><span class='ocrx_word' id='word_1_7' title='bbox 84 177 141 211; x_wconf 79' lang='grc' dir='ltr'>ιχει,</span> <span class='ocrx_word' id='word_1_8' title='bbox 162 171 244 204; x_wconf 71' lang='grc' dir='ltr'>καθώς</span> <span class='ocrx_word' id='word_1_9' title='bbox 268 178 351 208; x_wconf 81' lang='grc' dir='ltr'>φησιν</span> <span class='ocrx_word' id='word_1_10' title='bbox 370 171 387 208; x_wconf 81' lang='grc' dir='ltr'>ὴ</span> <span class='ocrx_word' id='word_1_11' title='bbox 416 171 529 209; x_wconf 81' lang='grc' dir='ltr'>Γραφὴ,</span> <span class='ocrx_word' id='word_1_12' title='bbox 551 171 598 199; x_wconf 81' lang='grc' dir='ltr'>τοῦ</span> <span class='ocrx_word' id='word_1_13' title='bbox 628 173 766 209; x_wconf 78' lang='grc' dir='ltr'>ἑωσφόρον</span> <span class='ocrx_word' id='word_1_14' title='bbox 790 173 840 209; x_wconf 78' lang='grc' dir='ltr'>τὴν</span> 
     </span>
    </p>
   </div>
   <div class='ocr_carea' id='block_1_5' title="bbox 897 170 1682 211">
    <p class='ocr_par' dir='ltr' id='par_1_5' title="bbox 897 170 1682 208">
     <span class='ocr_line' id='line_1_5' title="bbox 897 170 1682 208; baseline -0.001 -7"><span class='ocrx_word' id='word_1_15' title='bbox 897 173 984 205; x_wconf 76' lang='lat' dir='ltr'><strong>iucta,</strong></span> <span class='ocrx_word' id='word_1_16' title='bbox 996 180 1032 200; x_wconf 88' lang='lat' dir='ltr'><strong>ne</strong></span> <span class='ocrx_word' id='word_1_17' title='bbox 1044 172 1106 207; x_wconf 88' lang='lat' dir='ltr'><strong>quis</strong></span> <span class='ocrx_word' id='word_1_18' title='bbox 1121 175 1196 206; x_wconf 88' lang='lat' dir='ltr'><strong>putet</strong></span> <span class='ocrx_word' id='word_1_19' title='bbox 1209 170 1473 207; x_wconf 65' lang='lat' dir='ltr'><strong>aliquid‘commune</strong></span> <span class='ocrx_word' id='word_1_20' title='bbox 1490 178 1551 200; x_wconf 87' lang='lat' dir='ltr'><strong>esse</strong></span> <span class='ocrx_word' id='word_1_21' title='bbox 1566 171 1682 208; x_wconf 74' lang='lat' dir='ltr'><strong>Spiritui</strong></span> 
     </span>
    </p>
   </div>
   <div class='ocr_carea' id='block_1_6' title="bbox 85 215 839 254">
    <p class='ocr_par' dir='ltr' id='par_1_6' title="bbox 85 215 839 254">
     <span class='ocr_line' id='line_1_6' title="bbox 85 215 839 254; baseline 0 -8"><span class='ocrx_word' id='word_1_22' title='bbox 85 220 164 249; x_wconf 67' lang='lat' dir='ltr'><strong>mium</strong></span> <span class='ocrx_word' id='word_1_23' title='bbox 180 218 356 254; x_wconf 81' lang='grc' dir='ltr'><strong>διηγουμένη,</strong></span> <span class='ocrx_word' id='word_1_24' title='bbox 379 218 444 254; x_wconf 66' lang='grc' dir='ltr'><strong>’περὶ¹</strong></span> <span class='ocrx_word' id='word_1_25' title='bbox 467 215 497 245; x_wconf 77' lang='grc' dir='ltr'>οὖ</span> <span class='ocrx_word' id='word_1_26' title='bbox 512 218 559 245; x_wconf 78' lang='grc' dir='ltr'><strong>καὶ</strong></span> <span class='ocrx_word' id='word_1_27' title='bbox 574 219 589 245; x_wconf 82' lang='grc' dir='ltr'>ὁ</span> <span class='ocrx_word' id='word_1_28' title='bbox 611 218 714 254; x_wconf 83' lang='grc' dir='ltr'>Κύριος</span> <span class='ocrx_word' id='word_1_29' title='bbox 733 220 839 246; x_wconf 75' lang='grc' dir='ltr'>ἀποκα-</span> 
     </span>
    </p>
   </div>
   <div class='ocr_carea' id='block_1_7' title="bbox 84 262 836 300">
    <p class='ocr_par' dir='ltr' id='par_1_7' title="bbox 84 262 836 300">
     <span class='ocr_line' id='line_1_7' title="bbox 84 262 836 300; baseline 0 -8"><span class='ocrx_word' id='word_1_30' title='bbox 84 265 167 292; x_wconf 74' lang='grc' dir='ltr'>λύπτων</span> <span class='ocrx_word' id='word_1_31' title='bbox 181 263 235 293; x_wconf 86' lang='grc' dir='ltr'>τοῖς</span> <span class='ocrx_word' id='word_1_32' title='bbox 253 262 386 298; x_wconf 84' lang='grc' dir='ltr'><strong>μαθηταῖς</strong></span> <span class='ocrx_word' id='word_1_33' title='bbox 399 263 434 290; x_wconf 84' lang='grc' dir='ltr'><strong>τὰ</strong></span> <span class='ocrx_word' id='word_1_34' title='bbox 461 264 596 300; x_wconf 74' lang='grc' dir='ltr'><strong>μυστήρια</strong></span> <span class='ocrx_word' id='word_1_35' title='bbox 607 263 699 298; x_wconf 76' lang='grc' dir='ltr'>ἔλεγεν</span> <span class='ocrx_word' id='word_1_36' title='bbox 709 274 715 280; x_wconf 92' lang='grc'><strong>·</strong></span> <span class='ocrx_word' id='word_1_37' title='bbox 737 263 836 292; x_wconf 81' lang='grc' dir='ltr'>Ἐθεώ-</span> 
     </span>
    </p>
   </div>
   <div class='ocr_carea' id='block_1_8' title="bbox 83 307 839 346">
    <p class='ocr_par' dir='ltr' id='par_1_8' title="bbox 83 307 839 346">
     <span class='ocr_line' id='line_1_8' title="bbox 83 307 839 346; baseline -0.001 -9"><span class='ocrx_word' id='word_1_38' title='bbox 83 318 140 346; x_wconf 85' lang='grc' dir='ltr'>ρουν</span> <span class='ocrx_word' id='word_1_39' title='bbox 158 308 204 335; x_wconf 80' lang='grc' dir='ltr'><strong>τὸν</strong></span> <span class='ocrx_word' id='word_1_40' title='bbox 224 307 372 341; x_wconf 83' lang='grc' dir='ltr'><strong>Σατανᾶν,</strong></span> <span class='ocrx_word' id='word_1_41' title='bbox 403 309 443 341; x_wconf 86' lang='grc' dir='ltr'>ὡς</span> <span class='ocrx_word' id='word_1_42' title='bbox 468 309 628 343; x_wconf 79' lang='grc' dir='ltr'>ἀστραπὴν</span> <span class='ocrx_word' id='word_1_43' title='bbox 655 310 787 337; x_wconf 84' lang='grc' dir='ltr'>πεσόντα</span> <span class='ocrx_word' id='word_1_44' title='bbox 805 310 839 336; x_wconf 78' lang='grc' dir='ltr'><strong>ἑκ</strong></span> 
     </span>
    </p>
   </div>
   <div class='ocr_carea' id='block_1_9' title="bbox 84 349 841 389">
    <p class='ocr_par' dir='ltr' id='par_1_9' title="bbox 84 349 841 389">
     <span class='ocr_line' id='line_1_9' title="bbox 84 349 841 389; baseline -0.001 -7"><span class='ocrx_word' id='word_1_45' title='bbox 84 355 123 382; x_wconf 84' lang='grc' dir='ltr'><strong>τοῦ</strong></span> <span class='ocrx_word' id='word_1_46' title='bbox 140 352 269 387; x_wconf 83' lang='grc' dir='ltr'>οὐρανοῦ.</span> <span class='ocrx_word' id='word_1_47' title='bbox 285 353 324 378; x_wconf 82' lang='grc' dir='ltr'><strong>Δι’</strong></span> <span class='ocrx_word' id='word_1_48' title='bbox 339 349 376 379; x_wconf 82' lang='grc' dir='ltr'>ὧν</span> <span class='ocrx_word' id='word_1_49' title='bbox 391 353 419 379; x_wconf 86' lang='grc' dir='ltr'><strong>δὲ</strong></span> <span class='ocrx_word' id='word_1_50' title='bbox 432 354 480 388; x_wconf 87' lang='grc' dir='ltr'>τῆς</span> <span class='ocrx_word' id='word_1_51' title='bbox 495 353 610 386; x_wconf 79' lang='grc' dir='ltr'><strong>κτίσεως</strong></span> <span class='ocrx_word' id='word_1_52' title='bbox 619 355 765 389; x_wconf 81' lang='grc' dir='ltr'><strong>ἀφίσταται</strong></span> <span class='ocrx_word' id='word_1_53' title='bbox 775 375 782 387; x_wconf 88' lang='lat'><strong>,</strong></span> <span class='ocrx_word' id='word_1_54' title='bbox 797 354 841 381; x_wconf 78' lang='grc' dir='ltr'>διὰ</span> 
     </span>
    </p>
   </div>
   <div class='ocr_carea' id='block_1_10' title="bbox 83 398 841 436">
    <p class='ocr_par' dir='ltr' id='par_1_10' title="bbox 83 398 841 436">
     <span class='ocr_line' id='line_1_10' title="bbox 83 398 841 436; baseline 0.005 -12"><span class='ocrx_word' id='word_1_55' title='bbox 83 400 122 427; x_wconf 76' lang='grc' dir='ltr'><strong>τῶν</strong></span> <span class='ocrx_word' id='word_1_56' title='bbox 132 398 208 425; x_wconf 81' lang='grc' dir='ltr'>αὐτῶν</span> <span class='ocrx_word' id='word_1_57' title='bbox 227 398 330 425; x_wconf 82' lang='grc' dir='ltr'>τούτων</span> <span class='ocrx_word' id='word_1_58' title='bbox 350 399 417 434; x_wconf 75' lang='grc' dir='ltr'>πρὸς</span> <span class='ocrx_word' id='word_1_59' title='bbox 427 399 472 425; x_wconf 83' lang='grc' dir='ltr'>τὸν</span> <span class='ocrx_word' id='word_1_60' title='bbox 483 399 593 435; x_wconf 79' lang='grc' dir='ltr'><strong>Πατέρα</strong></span> <span class='ocrx_word' id='word_1_61' title='bbox 605 409 634 426; x_wconf 77' lang='grc' dir='ltr'><strong>τε</strong></span> <span class='ocrx_word' id='word_1_62' title='bbox 647 401 694 427; x_wconf 73' lang='grc' dir='ltr'><strong>καὶ</strong></span> <span class='ocrx_word' id='word_1_63' title='bbox 705 401 768 428; x_wconf 76' lang='grc' dir='ltr'>Υἱὺν</span> <span class='ocrx_word' id='word_1_64' title='bbox 785 400 841 436; x_wconf 84' lang='grc' dir='ltr'>ἔχει</span> 
     </span>
    </p>
   </div>
   <div class='ocr_carea' id='block_1_11' title="bbox 83 443 842 481">
    <p class='ocr_par' dir='ltr' id='par_1_11' title="bbox 83 443 842 481">
     <span class='ocr_line' id='line_1_11' title="bbox 83 443 842 481; baseline 0.001 -9"><span class='ocrx_word' id='word_1_65' title='bbox 83 446 118 481; x_wconf 80' lang='grc' dir='ltr'>τὴν</span> <span class='ocrx_word' id='word_1_66' title='bbox 129 444 277 479; x_wconf 80' lang='grc' dir='ltr'>οἰκειότητα.</span> <span class='ocrx_word' id='word_1_67' title='bbox 293 443 341 476; x_wconf 75' lang='grc' dir='ltr'><strong>Εἷς</strong></span> <span class='ocrx_word' id='word_1_68' title='bbox 359 445 414 480; x_wconf 85' lang='grc' dir='ltr'>γὰρ</span> <span class='ocrx_word' id='word_1_69' title='bbox 429 444 476 471; x_wconf 79' lang='grc' dir='ltr'><strong>καὶ</strong></span> <span class='ocrx_word' id='word_1_70' title='bbox 496 446 510 471; x_wconf 86' lang='grc' dir='ltr'>ὁ</span> <span class='ocrx_word' id='word_1_71' title='bbox 529 445 608 477; x_wconf 72' lang='grc' dir='ltr'>αὐτὸς</span> <span class='ocrx_word' id='word_1_72' title='bbox 629 446 675 473; x_wconf 77' lang='grc' dir='ltr'><strong>ἐπὶ</strong></span> <span class='ocrx_word' id='word_1_73' title='bbox 693 446 747 474; x_wconf 88' lang='grc' dir='ltr'>τῶν</span> <span class='ocrx_word' id='word_1_74' title='bbox 771 446 842 473; x_wconf 85' lang='grc' dir='ltr'>κατὰ</span> 
     </span>
    </p>
   </div>
   <div class='ocr_carea' id='block_1_12' title="bbox 83 490 839 528">
    <p class='ocr_par' dir='ltr' id='par_1_12' title="bbox 83 490 839 528">
     <span class='ocr_line' id='line_1_12' title="bbox 83 490 839 528; baseline 0.001 -10"><span class='ocrx_word' id='word_1_75' title='bbox 83 492 144 526; x_wconf 74' lang='grc' dir='ltr'>φύσιν</span> <span class='ocrx_word' id='word_1_76' title='bbox 163 490 342 517; x_wconf 83' lang='grc' dir='ltr'>ἁνεπιδέκτων</span> <span class='ocrx_word' id='word_1_77' title='bbox 363 490 568 526; x_wconf 80' lang='grc' dir='ltr'>τοῦ-χείρονος,</span> <span class='ocrx_word' id='word_1_78' title='bbox 594 493 608 518; x_wconf 90' lang='grc' dir='ltr'><strong>ὀ</strong></span> <span class='ocrx_word' id='word_1_79' title='bbox 626 492 674 519; x_wconf 82' lang='grc' dir='ltr'>τοῦ</span> <span class='ocrx_word' id='word_1_80' title='bbox 688 492 822 528; x_wconf 83' lang='grc' dir='ltr'>ἀτρέπτου</span> <span class='ocrx_word' id='word_1_81' title='bbox 833 513 839 525; x_wconf 87' lang='grc'><strong>,</strong></span> 
     </span>
    </p>
   </div>
   <div class='ocr_carea' id='block_1_13' title="bbox 83 536 396 571">
    <p class='ocr_par' dir='ltr' id='par_1_13' title="bbox 83 536 396 571">
     <span class='ocr_line' id='line_1_13' title="bbox 83 536 396 571; baseline -0.003 -6"><span class='ocrx_word' id='word_1_82' title='bbox 83 538 117 566; x_wconf 83' lang='grc' dir='ltr'>χιιὶ</span> <span class='ocrx_word' id='word_1_83' title='bbox 128 536 294 564; x_wconf 77' lang='grc' dir='ltr'>ἁναλλοιώτου</span> <span class='ocrx_word' id='word_1_84' title='bbox 306 537 396 571; x_wconf 85' lang='grc' dir='ltr'>λόγος.</span> 
     </span>
    </p>
   </div>
   <div class='ocr_carea' id='block_1_14' title="bbox 888 217 1683 254">
    <p class='ocr_par' dir='ltr' id='par_1_14' title="bbox 888 217 1683 254">
     <span class='ocr_line' id='line_1_14' title="bbox 888 217 1683 254; baseline -0.003 -7"><span class='ocrx_word' id='word_1_85' title='bbox 888 223 915 247; x_wconf 90' lang='lat' dir='ltr'><strong>et</strong></span> <span class='ocrx_word' id='word_1_86' title='bbox 943 221 1087 250; x_wconf 79' lang='lat' dir='ltr'><strong>creaturae,</strong></span> <span class='ocrx_word' id='word_1_87' title='bbox 1119 221 1262 253; x_wconf 75' lang='lat' dir='ltr'><strong>propterea</strong></span> <span class='ocrx_word' id='word_1_88' title='bbox 1283 218 1355 253; x_wconf 91' lang='lat' dir='ltr'><strong>quod</strong></span> <span class='ocrx_word' id='word_1_89' title='bbox 1382 218 1485 246; x_wconf 84' lang='lat' dir='ltr'><strong>dicitur</strong></span> <span class='ocrx_word' id='word_1_90' title='bbox 1511 226 1560 254; x_wconf 90' lang='lat' dir='ltr'><strong>per</strong></span> <span class='ocrx_word' id='word_1_91' title='bbox 1583 217 1683 246; x_wconf 85' lang='lat' dir='ltr'><strong>Filium</strong></span> 
     </span>
    </p>
   </div>
   <div class='ocr_carea' id='block_1_15' title="bbox 890 262 1684 292">
    <p class='ocr_par' dir='ltr' id='par_1_15' title="bbox 890 262 1684 292">
     <span class='ocr_line' id='line_1_15' title="bbox 890 262 1684 292; baseline 0.001 -2"><span class='ocrx_word' id='word_1_92' title='bbox 890 262 1108 291; x_wconf 87' lang='lat' dir='ltr'><strong>manifestatns:</strong></span> <span class='ocrx_word' id='word_1_93' title='bbox 1134 263 1356 291; x_wconf 86' lang='lat' dir='ltr'><strong>immutabilitate</strong></span> <span class='ocrx_word' id='word_1_94' title='bbox 1395 268 1422 292; x_wconf 88' lang='lat' dir='ltr'><strong>et</strong></span> <span class='ocrx_word' id='word_1_95' title='bbox 1450 264 1643 292; x_wconf 82' lang='lat' dir='ltr'><strong>immobilitate</strong></span> <span class='ocrx_word' id='word_1_96' title='bbox 1669 272 1684 291; x_wconf 74' lang='grc' dir='ltr'><strong>ιι</strong></span> 
     </span>
    </p>
   </div>
   <div class='ocr_carea' id='block_1_16' title="bbox 890 308 1693 343">
    <p class='ocr_par' dir='ltr' id='par_1_16' title="bbox 890 308 1693 343">
     <span class='ocr_line' id='line_1_16' title="bbox 890 308 1693 343; baseline 0 -6"><span class='ocrx_word' id='word_1_97' title='bbox 890 313 1018 337; x_wconf 76' lang='lat' dir='ltr'><strong>creatura</strong></span> <span class='ocrx_word' id='word_1_98' title='bbox 1036 308 1226 343; x_wconf 75' lang='lat' dir='ltr'><strong>distinguitur.</strong></span> <span class='ocrx_word' id='word_1_99' title='bbox 1245 308 1312 336; x_wconf 86' lang='lat' dir='ltr'><strong>Nam</strong></span> <span class='ocrx_word' id='word_1_100' title='bbox 1328 313 1453 337; x_wconf 79' lang='lat' dir='ltr'><strong>creatura</strong></span> <span class='ocrx_word' id='word_1_101' title='bbox 1469 318 1502 338; x_wconf 83' lang='lat' dir='ltr'><strong>ex</strong></span> <span class='ocrx_word' id='word_1_102' title='bbox 1521 317 1570 338; x_wconf 87' lang='lat' dir='ltr'><strong>sua</strong></span> <span class='ocrx_word' id='word_1_103' title='bbox 1586 314 1693 337; x_wconf 87' lang='lat' dir='ltr'><strong>natura&#39;</strong></span> 
     </span>
    </p>
   </div>
   <div class='ocr_carea' id='block_1_17' title="bbox 889 354 1683 390">
    <p class='ocr_par' dir='ltr' id='par_1_17' title="bbox 889 354 1683 390">
     <span class='ocr_line' id='line_1_17' title="bbox 889 354 1683 390; baseline -0.001 -7"><span class='ocrx_word' id='word_1_104' title='bbox 889 363 944 383; x_wconf 90' lang='lat' dir='ltr'><strong>non</strong></span> <span class='ocrx_word' id='word_1_105' title='bbox 957 358 999 383; x_wconf 90' lang='lat' dir='ltr'><strong>est</strong></span> <span class='ocrx_word' id='word_1_106' title='bbox 1014 355 1205 387; x_wconf 85' lang='lat' dir='ltr'><strong>immutabilis,</strong></span> <span class='ocrx_word' id='word_1_107' title='bbox 1232 359 1261 382; x_wconf 91' lang='lat' dir='ltr'><strong>ut</strong></span> <span class='ocrx_word' id='word_1_108' title='bbox 1287 354 1430 390; x_wconf 76' lang='lat' dir='ltr'><strong>Scriptura</strong></span> <span class='ocrx_word' id='word_1_109' title='bbox 1449 360 1568 383; x_wconf 74' lang='lat' dir='ltr'><strong>testatur</strong></span> <span class='ocrx_word' id='word_1_110' title='bbox 1587 363 1683 383; x_wconf 86' lang='lat' dir='ltr'><strong>casum</strong></span> 
     </span>
    </p>
   </div>
   <div class='ocr_carea' id='block_1_18' title="bbox 891 399 1686 435">
    <p class='ocr_par' dir='ltr' id='par_1_18' title="bbox 891 399 1686 435">
     <span class='ocr_line' id='line_1_18' title="bbox 891 399 1686 435; baseline -0.001 -7"><span class='ocrx_word' id='word_1_111' title='bbox 891 399 1010 428; x_wconf 81' lang='lat' dir='ltr'><strong>Luciferi</strong></span> <span class='ocrx_word' id='word_1_112' title='bbox 1024 400 1190 427; x_wconf 78' lang='lat' dir='ltr'><strong>enarrans“</strong></span> <span class='ocrx_word' id='word_1_113' title='bbox 1207 409 1213 427; x_wconf 87' lang='lat'><strong>:</strong></span> <span class='ocrx_word' id='word_1_114' title='bbox 1227 400 1260 427; x_wconf 90' lang='lat' dir='ltr'><strong>de</strong></span> <span class='ocrx_word' id='word_1_115' title='bbox 1284 408 1338 435; x_wconf 92' lang='lat' dir='ltr'><strong>quo</strong></span> <span class='ocrx_word' id='word_1_116' title='bbox 1355 399 1488 428; x_wconf 88' lang='lat' dir='ltr'><strong>Dominus</strong></span> <span class='ocrx_word' id='word_1_117' title='bbox 1507 408 1618 435; x_wconf 91' lang='lat' dir='ltr'><strong>quoque</strong></span> <span class='ocrx_word' id='word_1_118' title='bbox 1638 408 1686 427; x_wconf 84' lang='lat' dir='ltr'><strong>ex-</strong></span> 
     </span>
    </p>
   </div>
   <div class='ocr_carea' id='block_1_19' title="bbox 891 445 1683 482">
    <p class='ocr_par' dir='ltr' id='par_1_19' title="bbox 891 445 1683 482">
     <span class='ocr_line' id='line_1_19' title="bbox 891 445 1683 482; baseline 0 -10"><span class='ocrx_word' id='word_1_119' title='bbox 891 446 998 482; x_wconf 88' lang='lat' dir='ltr'><strong>plicans</strong></span> <span class='ocrx_word' id='word_1_120' title='bbox 1009 445 1152 481; x_wconf 90' lang='lat' dir='ltr'><strong>discipulis</strong></span> <span class='ocrx_word' id='word_1_121' title='bbox 1168 446 1226 473; x_wconf 90' lang='lat' dir='ltr'><strong>suis</strong></span> <span class='ocrx_word' id='word_1_122' title='bbox 1241 446 1382 481; x_wconf 83' lang='lat' dir='ltr'><strong>mysteria,</strong></span> <span class='ocrx_word' id='word_1_123' title='bbox 1411 446 1500 473; x_wconf 81' lang='lat' dir='ltr'><strong>aiebat</strong></span> <span class='ocrx_word' id='word_1_124' title='bbox 1514 455 1520 473; x_wconf 88' lang='lat'><strong>:</strong></span> <span class='ocrx_word' id='word_1_125' title='bbox 1539 446 1602 473; x_wconf 83' lang='lat' dir='ltr'><strong>Vidi</strong></span> <span class='ocrx_word' id='word_1_126' title='bbox 1631 445 1683 472; x_wconf 83' lang='lat' dir='ltr'><strong>Sa—</strong></span> 
     </span>
    </p>
   </div>
   <div class='ocr_carea' id='block_1_20' title="bbox 892 491 1682 527">
    <p class='ocr_par' dir='ltr' id='par_1_20' title="bbox 892 491 1682 527">
     <span class='ocr_line' id='line_1_20' title="bbox 892 491 1682 527; baseline -0.001 -8"><span class='ocrx_word' id='word_1_127' title='bbox 892 498 982 519; x_wconf 82' lang='lat' dir='ltr'><strong>tanam</strong></span> <span class='ocrx_word' id='word_1_128' title='bbox 1008 496 1133 527; x_wconf 84' lang='lat' dir='ltr'><strong>tanquam</strong></span> <span class='ocrx_word' id='word_1_129' title='bbox 1155 491 1246 526; x_wconf 78' lang='lat' dir='ltr'><strong>fulgur</strong></span> <span class='ocrx_word' id='word_1_130' title='bbox 1258 491 1393 518; x_wconf 78' lang='lat' dir='ltr'><strong>cadentem</strong></span> <span class='ocrx_word' id='word_1_131' title='bbox 1408 499 1441 518; x_wconf 77' lang='lat' dir='ltr'><strong>ea:</strong></span> <span class='ocrx_word' id='word_1_132' title='bbox 1454 492 1560 519; x_wconf 66' lang='lat' dir='ltr'><strong>male&quot;.</strong></span> <span class='ocrx_word' id='word_1_133' title='bbox 1575 492 1682 524; x_wconf 82' lang='lat' dir='ltr'><strong>Quibus</strong></span> 
     </span>
    </p>
   </div>
   <div class='ocr_carea' id='block_1_21' title="bbox 892 537 1686 572">
    <p class='ocr_par' dir='ltr' id='par_1_21' title="bbox 892 537 1686 572">
     <span class='ocr_line' id='line_1_21' title="bbox 892 537 1686 572; baseline -0.003 -6"><span class='ocrx_word' id='word_1_134' title='bbox 892 543 982 566; x_wconf 86' lang='lat' dir='ltr'><strong>autem</strong></span> <span class='ocrx_word' id='word_1_135' title='bbox 1000 546 1015 565; x_wconf 89' lang='lat' dir='ltr'><strong>a</strong></span> <span class='ocrx_word' id='word_1_136' title='bbox 1030 538 1165 566; x_wconf 83' lang='lat' dir='ltr'><strong>creaturis</strong></span> <span class='ocrx_word' id='word_1_137' title='bbox 1187 537 1287 570; x_wconf 76' lang='lat' dir='ltr'><strong>differt,</strong></span> <span class='ocrx_word' id='word_1_138' title='bbox 1317 537 1360 564; x_wconf 90' lang='lat' dir='ltr'><strong>his</strong></span> <span class='ocrx_word' id='word_1_139' title='bbox 1382 537 1450 572; x_wconf 89' lang='lat' dir='ltr'><strong>ipsis</strong></span> <span class='ocrx_word' id='word_1_140' title='bbox 1466 545 1527 564; x_wconf 91' lang='lat' dir='ltr'><strong>cum</strong></span> <span class='ocrx_word' id='word_1_141' title='bbox 1557 537 1638 564; x_wconf 81' lang='lat' dir='ltr'><strong>Patre</strong></span> <span class='ocrx_word' id='word_1_142' title='bbox 1659 543 1686 564; x_wconf 83' lang='lat' dir='ltr'><strong>ct.</strong></span> 
     </span>
    </p>
   </div>
   <div class='ocr_carea' id='block_1_22' title="bbox 81 583 1685 621">
    <p class='ocr_par' dir='ltr' id='par_1_22' title="bbox 81 583 1685 621">
     <span class='ocr_line' id='line_1_22' title="bbox 81 583 1685 621; baseline -0.002 -10"><span class='ocrx_word' id='word_1_143' title='bbox 81 584 134 612; x_wconf 83' lang='lat' dir='ltr'><strong>Filio</strong></span> <span class='ocrx_word' id='word_1_144' title='bbox 148 583 329 618; x_wconf 81' lang='lat' dir='ltr'><strong>cognationem</strong></span> <span class='ocrx_word' id='word_1_145' title='bbox 345 584 436 617; x_wconf 84' lang='lat' dir='ltr'><strong>habet,</strong></span> <span class='ocrx_word' id='word_1_146' title='bbox 456 592 510 612; x_wconf 86' lang='lat' dir='ltr'><strong>una</strong></span> <span class='ocrx_word' id='word_1_147' title='bbox 524 585 597 612; x_wconf 87' lang='lat' dir='ltr'><strong>enim</strong></span> <span class='ocrx_word' id='word_1_148' title='bbox 635 585 786 621; x_wconf 84' lang='lat' dir='ltr'><strong>eademque</strong></span> <span class='ocrx_word' id='word_1_149' title='bbox 819 585 1048 612; x_wconf 85' lang='lat' dir='ltr'><strong>immutabilitatis</strong></span> <span class='ocrx_word' id='word_1_150' title='bbox 1083 589 1110 612; x_wconf 89' lang='lat' dir='ltr'><strong>et</strong></span> <span class='ocrx_word' id='word_1_151' title='bbox 1126 584 1350 611; x_wconf 83' lang='lat' dir='ltr'><strong>invariabilitatis</strong></span> <span class='ocrx_word' id='word_1_152' title='bbox 1375 583 1446 610; x_wconf 88' lang='lat' dir='ltr'><strong>ratio</strong></span> <span class='ocrx_word' id='word_1_153' title='bbox 1480 587 1530 611; x_wconf 86' lang='lat' dir='ltr'><strong>est</strong></span> <span class='ocrx_word' id='word_1_154' title='bbox 1545 583 1572 610; x_wconf 91' lang='lat' dir='ltr'><strong>in</strong></span> <span class='ocrx_word' id='word_1_155' title='bbox 1597 583 1685 610; x_wconf 87' lang='lat' dir='ltr'><strong>omni-</strong></span> 
     </span>
    </p>
   </div>
   <div class='ocr_carea' id='block_1_23' title="bbox 82 631 984 668">
    <p class='ocr_par' dir='ltr' id='par_1_23' title="bbox 82 631 984 668">
     <span class='ocr_line' id='line_1_23' title="bbox 82 631 984 668; baseline 0.002 -10"><span class='ocrx_word' id='word_1_156' title='bbox 82 633 120 660; x_wconf 85' lang='lat' dir='ltr'><strong>bus</strong></span> <span class='ocrx_word' id='word_1_157' title='bbox 143 631 198 662; x_wconf 88' lang='lat' dir='ltr'><strong>illis,</strong></span> <span class='ocrx_word' id='word_1_158' title='bbox 230 637 292 665; x_wconf 78' lang='lat' dir='ltr'><strong>qua:</strong></span> <span class='ocrx_word' id='word_1_159' title='bbox 317 635 414 658; x_wconf 88' lang='lat' dir='ltr'><strong>natura</strong></span> <span class='ocrx_word' id='word_1_160' title='bbox 440 639 490 659; x_wconf 88' lang='lat' dir='ltr'><strong>sua</strong></span> <span class='ocrx_word' id='word_1_161' title='bbox 516 632 661 659; x_wconf 88' lang='lat' dir='ltr'><strong>deterioris</strong></span> <span class='ocrx_word' id='word_1_162' title='bbox 693 640 746 660; x_wconf 94' lang='lat' dir='ltr'><strong>non</strong></span> <span class='ocrx_word' id='word_1_163' title='bbox 778 637 841 660; x_wconf 83' lang='lat' dir='ltr'><strong>sunt</strong></span> <span class='ocrx_word' id='word_1_164' title='bbox 861 633 984 668; x_wconf 84' lang='lat' dir='ltr'><strong>capacia.</strong></span> 
     </span>
    </p>
   </div>
   <div class='ocr_carea' id='block_1_24' title="bbox 107 675 841 714">
    <p class='ocr_par' dir='ltr' id='par_1_24' title="bbox 107 675 841 714">
     <span class='ocr_line' id='line_1_24' title="bbox 107 675 841 714; baseline 0.004 -12"><span class='ocrx_word' id='word_1_165' title='bbox 107 676 198 703; x_wconf 80' lang='grc' dir='ltr'><strong>Τούτων</strong></span> <span class='ocrx_word' id='word_1_166' title='bbox 212 675 242 702; x_wconf 83' lang='grc' dir='ltr'><strong>δὲ</strong></span> <span class='ocrx_word' id='word_1_167' title='bbox 261 677 326 711; x_wconf 79' lang='grc' dir='ltr'>ἡμῖν</span> <span class='ocrx_word' id='word_1_168' title='bbox 344 677 415 704; x_wconf 78' lang='grc' dir='ltr'>οὕτω</span> <span class='ocrx_word' id='word_1_169' title='bbox 439 678 664 714; x_wconf 82' lang='grc' dir='ltr'><strong>προειρημένων,</strong></span> <span class='ocrx_word' id='word_1_170' title='bbox 689 678 785 714; x_wconf 77' lang='grc' dir='ltr'>καιρὸς</span> <span class='ocrx_word' id='word_1_171' title='bbox 809 679 841 706; x_wconf 88' lang='grc' dir='ltr'>ἂν</span> 
     </span>
    </p>
   </div>
   <div class='ocr_carea' id='block_1_25' title="bbox 82 721 843 759">
    <p class='ocr_par' dir='ltr' id='par_1_25' title="bbox 82 721 843 759">
     <span class='ocr_line' id='line_1_25' title="bbox 82 721 843 759; baseline 0.004 -11"><span class='ocrx_word' id='word_1_172' title='bbox 82 723 114 757; x_wconf 71' lang='grc' dir='ltr'><strong>εἴη</strong></span> <span class='ocrx_word' id='word_1_173' title='bbox 125 721 204 748; x_wconf 84' lang='grc' dir='ltr'>λοιπὸν</span> <span class='ocrx_word' id='word_1_174' title='bbox 228 721 275 749; x_wconf 78' lang='grc' dir='ltr'><strong>καὶ</strong></span> <span class='ocrx_word' id='word_1_175' title='bbox 290 722 335 749; x_wconf 82' lang='grc' dir='ltr'>τὸν</span> <span class='ocrx_word' id='word_1_176' title='bbox 350 723 405 750; x_wconf 83' lang='grc' dir='ltr'>τῶν</span> <span class='ocrx_word' id='word_1_177' title='bbox 420 723 547 751; x_wconf 81' lang='grc' dir='ltr'><strong>ἐναντίων</strong></span> <span class='ocrx_word' id='word_1_178' title='bbox 558 723 736 756; x_wconf 80' lang='grc' dir='ltr'>κατεξετάσαι</span> <span class='ocrx_word' id='word_1_179' title='bbox 752 724 843 759; x_wconf 82' lang='grc' dir='ltr'>λόγον.</span> 
     </span>
    </p>
   </div>
   <div class='ocr_carea' id='block_1_26' title="bbox 84 766 844 802">
    <p class='ocr_par' dir='ltr' id='par_1_26' title="bbox 84 766 844 802">
     <span class='ocr_line' id='line_1_26' title="bbox 84 766 844 802; baseline 0.005 -10"><span class='ocrx_word' id='word_1_180' title='bbox 84 766 203 800; x_wconf 70' lang='grc' dir='ltr'>Ἀνάγκη,</span> <span class='ocrx_word' id='word_1_181' title='bbox 234 767 319 802; x_wconf 70' lang='grc' dir='ltr'>φησὶ,</span> <span class='ocrx_word' id='word_1_182' title='bbox 343 767 462 802; x_wconf 81' lang='grc' dir='ltr'>μείζους</span> <span class='ocrx_word' id='word_1_183' title='bbox 489 777 521 795; x_wconf 81' lang='grc' dir='ltr'>τε</span> <span class='ocrx_word' id='word_1_184' title='bbox 549 768 597 795; x_wconf 80' lang='grc' dir='ltr'><strong>καὶ</strong></span> <span class='ocrx_word' id='word_1_185' title='bbox 620 769 763 802; x_wconf 61' lang='grc' dir='ltr'><strong>ἐλάττους</strong></span> <span class='ocrx_word' id='word_1_186' title='bbox 791 770 844 802; x_wconf 78' lang='grc' dir='ltr'><strong>τὰς</strong></span> 
     </span>
    </p>
   </div>
   <div class='ocr_carea' id='block_1_27' title="bbox 80 811 845 851">
    <p class='ocr_par' dir='ltr' id='par_1_27' title="bbox 80 811 845 851">
     <span class='ocr_line' id='line_1_27' title="bbox 80 811 845 851; baseline 0.005 -12"><span class='ocrx_word' id='word_1_187' title='bbox 80 814 167 845; x_wconf 69' lang='grc' dir='ltr'>οὐσίας</span> <span class='ocrx_word' id='word_1_188' title='bbox 181 811 256 840; x_wconf 81' lang='grc' dir='ltr'>εἶναι</span> <span class='ocrx_word' id='word_1_189' title='bbox 269 814 304 840; x_wconf 86' lang='grc' dir='ltr'><strong>ἐν</strong></span> <span class='ocrx_word' id='word_1_190' title='bbox 319 814 357 849; x_wconf 76' lang='grc' dir='ltr'><em>τῇ</em></span> <span class='ocrx_word' id='word_1_191' title='bbox 371 815 438 849; x_wconf 72' lang='grc' dir='ltr'>περὶ</span> <span class='ocrx_word' id='word_1_192' title='bbox 457 815 509 842; x_wconf 85' lang='grc' dir='ltr'><strong>τοῦ</strong></span> <span class='ocrx_word' id='word_1_193' title='bbox 531 815 609 848; x_wconf 83' lang='grc' dir='ltr'>Υιοῦ,</span> <span class='ocrx_word' id='word_1_194' title='bbox 627 816 676 842; x_wconf 76' lang='grc' dir='ltr'><strong>καὶ</strong></span> <span class='ocrx_word' id='word_1_195' title='bbox 690 816 743 843; x_wconf 88' lang='grc' dir='ltr'><strong>τοῦ</strong></span> <span class='ocrx_word' id='word_1_196' title='bbox 759 817 845 851; x_wconf 83' lang='grc' dir='ltr'><strong>ἁγίου</strong></span> 
     </span>
    </p>
   </div>
   <div class='ocr_carea' id='block_1_28' title="bbox 929 675 1686 712">
    <p class='ocr_par' dir='ltr' id='par_1_28' title="bbox 929 675 1686 712">
     <span class='ocr_line' id='line_1_28' title="bbox 929 675 1686 712; baseline -0.001 -8"><span class='ocrx_word' id='word_1_197' title='bbox 929 678 976 705; x_wconf 88' lang='lat' dir='ltr'><strong>His</strong></span> <span class='ocrx_word' id='word_1_198' title='bbox 997 678 1034 706; x_wconf 89' lang='lat' dir='ltr'><strong>ita</strong></span> <span class='ocrx_word' id='word_1_199' title='bbox 1053 677 1226 712; x_wconf 76' lang='lat' dir='ltr'><strong>explanatis,</strong></span> <span class='ocrx_word' id='word_1_200' title='bbox 1248 680 1358 712; x_wconf 86' lang='lat' dir='ltr'><strong>tempus</strong></span> <span class='ocrx_word' id='word_1_201' title='bbox 1373 675 1499 711; x_wconf 73' lang='lat' dir='ltr'><strong>ﬂagitare</strong></span> <span class='ocrx_word' id='word_1_202' title='bbox 1515 675 1638 707; x_wconf 85' lang='lat' dir='ltr'><strong>videtur,</strong></span> <span class='ocrx_word' id='word_1_203' title='bbox 1656 680 1686 703; x_wconf 87' lang='lat' dir='ltr'><strong>ut</strong></span> 
     </span>
    </p>
   </div>
   <div class='ocr_carea' id='block_1_29' title="bbox 893 721 1685 759">
    <p class='ocr_par' dir='ltr' id='par_1_29' title="bbox 893 721 1685 759">
     <span class='ocr_line' id='line_1_29' title="bbox 893 721 1685 759; baseline -0.003 -9"><span class='ocrx_word' id='word_1_204' title='bbox 893 724 1029 759; x_wconf 85' lang='lat' dir='ltr'><strong>reliquam</strong></span> <span class='ocrx_word' id='word_1_205' title='bbox 1053 723 1278 751; x_wconf 79' lang='lat' dir='ltr'><strong>adversariorum</strong></span> <span class='ocrx_word' id='word_1_206' title='bbox 1305 722 1459 750; x_wconf 88' lang='lat' dir='ltr'><strong>orationem</strong></span> <span class='ocrx_word' id='word_1_207' title='bbox 1483 721 1685 749; x_wconf 85' lang='lat' dir='ltr'><strong>examinemus.</strong></span> 
     </span>
    </p>
   </div>
   <div class='ocr_carea' id='block_1_30' title="bbox 896 769 1687 805">
    <p class='ocr_par' dir='ltr' id='par_1_30' title="bbox 896 769 1687 805">
     <span class='ocr_line' id='line_1_30' title="bbox 896 769 1687 805; baseline -0.004 -8"><span class='ocrx_word' id='word_1_208' title='bbox 896 770 1098 803; x_wconf 73' lang='lat' dir='ltr'><strong>Necessarium,</strong></span> <span class='ocrx_word' id='word_1_209' title='bbox 1118 771 1224 805; x_wconf 89' lang='lat' dir='ltr'><strong>inquit,</strong></span> <span class='ocrx_word' id='word_1_210' title='bbox 1250 774 1289 797; x_wconf 82' lang='lat' dir='ltr'><strong>est</strong></span> <span class='ocrx_word' id='word_1_211' title='bbox 1306 770 1421 803; x_wconf 73' lang='lat' dir='ltr'><strong>majores</strong></span> <span class='ocrx_word' id='word_1_212' title='bbox 1447 773 1473 794; x_wconf 84' lang='lat' dir='ltr'><strong>et</strong></span> <span class='ocrx_word' id='word_1_213' title='bbox 1493 769 1609 795; x_wconf 77' lang='lat' dir='ltr'><strong>minores</strong></span> <span class='ocrx_word' id='word_1_214' title='bbox 1631 776 1687 795; x_wconf 79' lang='lat' dir='ltr'><strong>esse</strong></span> 
     </span>
    </p>
   </div>
   <div class='ocr_carea' id='block_1_31' title="bbox 895 814 1686 850">
    <p class='ocr_par' dir='ltr' id='par_1_31' title="bbox 895 814 1686 850">
     <span class='ocr_line' id='line_1_31' title="bbox 895 814 1686 850; baseline -0.004 -7"><span class='ocrx_word' id='word_1_215' title='bbox 895 816 962 844; x_wconf 74' lang='lat' dir='ltr'><strong>Filii</strong></span> <span class='ocrx_word' id='word_1_216' title='bbox 976 821 1000 843; x_wconf 88' lang='lat' dir='ltr'><strong>et</strong></span> <span class='ocrx_word' id='word_1_217' title='bbox 1014 816 1131 850; x_wconf 80' lang='lat' dir='ltr'><strong>Spiritus</strong></span> <span class='ocrx_word' id='word_1_218' title='bbox 1152 817 1238 842; x_wconf 78' lang='lat' dir='ltr'><strong>sancti</strong></span> <span class='ocrx_word' id='word_1_219' title='bbox 1254 815 1430 842; x_wconf 79' lang='lat' dir='ltr'><strong>substantias.</strong></span> <span class='ocrx_word' id='word_1_220' title='bbox 1447 814 1505 842; x_wconf 82' lang='lat' dir='ltr'><strong>Hoc</strong></span> <span class='ocrx_word' id='word_1_221' title='bbox 1520 814 1638 846; x_wconf 91' lang='lat' dir='ltr'><strong>asserit,</strong></span> <span class='ocrx_word' id='word_1_222' title='bbox 1658 814 1686 841; x_wconf 91' lang='lat' dir='ltr'><strong>in</strong></span> 
     </span>
    </p>
   </div>
   <div class='ocr_carea' id='block_1_32' title="bbox 79 859 843 906">
    <p class='ocr_par' dir='ltr' id='par_1_32' title="bbox 79 860 843 896">
     <span class='ocr_line' id='line_1_32' title="bbox 79 860 843 896; baseline 0.003 -10"><span class='ocrx_word' id='word_1_223' title='bbox 79 860 226 893; x_wconf 78' lang='grc' dir='ltr'>Πνεύματος</span> <span class='ocrx_word' id='word_1_224' title='bbox 243 861 428 894; x_wconf 77' lang='grc' dir='ltr'>τεχνολογίᾳ,</span> <span class='ocrx_word' id='word_1_225' title='bbox 452 861 637 896; x_wconf 83' lang='grc' dir='ltr'>Σκοπήσωμεν</span> <span class='ocrx_word' id='word_1_226' title='bbox 659 862 748 888; x_wconf 79' lang='grc' dir='ltr'><em>τοίνυν</em></span> <span class='ocrx_word' id='word_1_227' title='bbox 773 862 843 888; x_wconf 78' lang='grc' dir='ltr'><strong>κατᾶ</strong></span> 
     </span>
    </p>
   </div>
   <div class='ocr_carea' id='block_1_33' title="bbox 897 859 1688 906">
    <p class='ocr_par' dir='ltr' id='par_1_33' title="bbox 897 859 1688 896">
     <span class='ocr_line' id='line_1_33' title="bbox 897 859 1688 896; baseline -0.004 -7"><span class='ocrx_word' id='word_1_228' title='bbox 897 869 944 889; x_wconf 89' lang='lat' dir='ltr'><strong>sua</strong></span> <span class='ocrx_word' id='word_1_229' title='bbox 966 861 1000 889; x_wconf 91' lang='lat' dir='ltr'><strong>de</strong></span> <span class='ocrx_word' id='word_1_230' title='bbox 1023 860 1093 888; x_wconf 88' lang='lat' dir='ltr'><strong>Filio</strong></span> <span class='ocrx_word' id='word_1_231' title='bbox 1114 865 1141 888; x_wconf 87' lang='lat' dir='ltr'><strong>et</strong></span> <span class='ocrx_word' id='word_1_232' title='bbox 1169 860 1274 896; x_wconf 89' lang='lat' dir='ltr'><strong>Spiritu</strong></span> <span class='ocrx_word' id='word_1_233' title='bbox 1298 864 1395 888; x_wconf 87' lang='lat' dir='ltr'><strong>sancto</strong></span> <span class='ocrx_word' id='word_1_234' title='bbox 1413 860 1621 887; x_wconf 84' lang='lat' dir='ltr'><strong>dissertatione.</strong></span> <span class='ocrx_word' id='word_1_235' title='bbox 1640 859 1688 886; x_wconf 86' lang='lat' dir='ltr'><strong>Vi-</strong></span> 
     </span>
    </p>
   </div>
   <div class='ocr_carea' id='block_1_34' title="bbox 80 904 842 943">
    <p class='ocr_par' dir='ltr' id='par_1_34' title="bbox 80 904 842 943">
     <span class='ocr_line' id='line_1_34' title="bbox 80 904 842 943; baseline 0.005 -13"><span class='ocrx_word' id='word_1_236' title='bbox 80 904 125 930; x_wconf 75' lang='grc' dir='ltr'>τίνα</span> <span class='ocrx_word' id='word_1_237' title='bbox 142 904 253 931; x_wconf 82' lang='grc' dir='ltr'>διάνοιαν</span> <span class='ocrx_word' id='word_1_238' title='bbox 280 905 382 931; x_wconf 76' lang='grc' dir='ltr'>ἐπινοεῖ</span> <span class='ocrx_word' id='word_1_239' title='bbox 405 905 454 940; x_wconf 85' lang='grc' dir='ltr'>τῆς</span> <span class='ocrx_word' id='word_1_240' title='bbox 479 906 605 942; x_wconf 75' lang='grc' dir='ltr'><strong>τοιαύτης</strong></span> <span class='ocrx_word' id='word_1_241' title='bbox 634 907 765 942; x_wconf 73' lang='grc' dir='ltr'>διαφορᾶς</span> <span class='ocrx_word' id='word_1_242' title='bbox 791 907 842 943; x_wconf 80' lang='grc' dir='ltr'>τὴν</span> 
     </span>
    </p>
   </div>
   <div class='ocr_carea' id='block_1_35' title="bbox 78 949 844 988">
    <p class='ocr_par' dir='ltr' id='par_1_35' title="bbox 78 949 844 988">
     <span class='ocr_line' id='line_1_35' title="bbox 78 949 844 988; baseline 0.005 -13"><span class='ocrx_word' id='word_1_243' title='bbox 78 949 195 984; x_wconf 77' lang='grc' dir='ltr'>ἀνάγκην·</span> <span class='ocrx_word' id='word_1_244' title='bbox 220 950 336 985; x_wconf 78' lang='grc' dir='ltr'>πότερον</span> <span class='ocrx_word' id='word_1_245' title='bbox 359 952 516 987; x_wconf 78' lang='grc' dir='ltr'><strong>σωματικῆς</strong></span> <span class='ocrx_word' id='word_1_246' title='bbox 532 961 605 984; x_wconf 85' lang='grc' dir='ltr'>τινος</span> <span class='ocrx_word' id='word_1_247' title='bbox 626 952 774 988; x_wconf 78' lang='grc' dir='ltr'><strong>γενομένης</strong></span> <span class='ocrx_word' id='word_1_248' title='bbox 791 953 844 988; x_wconf 77' lang='grc' dir='ltr'>τῆς</span> 
     </span>
    </p>
   </div>
   <div class='ocr_carea' id='block_1_36' title="bbox 79 995 840 1032">
    <p class='ocr_par' dir='ltr' id='par_1_36' title="bbox 79 995 840 1032">
     <span class='ocr_line' id='line_1_36' title="bbox 79 995 840 1032; baseline 0.007 -12"><span class='ocrx_word' id='word_1_249' title='bbox 79 995 132 1030; x_wconf 64' lang='grc' dir='ltr'>πρὸς</span> <span class='ocrx_word' id='word_1_250' title='bbox 145 995 240 1029; x_wconf 74' lang='grc' dir='ltr'>ἄλληλα</span> <span class='ocrx_word' id='word_1_251' title='bbox 256 996 311 1021; x_wconf 87' lang='grc' dir='ltr'>τῶν</span> <span class='ocrx_word' id='word_1_252' title='bbox 325 997 592 1032; x_wconf 83' lang='grc' dir='ltr'>παραμετρουμένων</span> <span class='ocrx_word' id='word_1_253' title='bbox 611 997 781 1032; x_wconf 80' lang='grc' dir='ltr'><strong>συγκρίσεως</strong></span> <span class='ocrx_word' id='word_1_254' title='bbox 792 1019 799 1031; x_wconf 89' lang='grc'><strong>,</strong></span> <span class='ocrx_word' id='word_1_255' title='bbox 823 998 840 1032; x_wconf 88' lang='grc' dir='ltr'><strong>ἢ</strong></span> 
     </span>
    </p>
   </div>
   <div class='ocr_carea' id='block_1_37' title="bbox 78 1041 842 1079">
    <p class='ocr_par' dir='ltr' id='par_1_37' title="bbox 78 1041 842 1079">
     <span class='ocr_line' id='line_1_37' title="bbox 78 1041 842 1079; baseline 0.005 -13"><span class='ocrx_word' id='word_1_256' title='bbox 78 1041 133 1067; x_wconf 72' lang='grc' dir='ltr'>κατὰ</span> <span class='ocrx_word' id='word_1_257' title='bbox 145 1041 171 1067; x_wconf 83' lang='grc' dir='ltr'><strong>τὺ</strong></span> <span class='ocrx_word' id='word_1_258' title='bbox 184 1041 279 1076; x_wconf 79' lang='grc' dir='ltr'>νοητὸν</span> <span class='ocrx_word' id='word_1_259' title='bbox 292 1042 321 1067; x_wconf 83' lang='grc' dir='ltr'>ὲν</span> <span class='ocrx_word' id='word_1_260' title='bbox 333 1041 371 1077; x_wconf 84' lang='grc' dir='ltr'><strong>τῷ</strong></span> <span class='ocrx_word' id='word_1_261' title='bbox 387 1043 446 1069; x_wconf 82' lang='grc' dir='ltr'>κατ’</span> <span class='ocrx_word' id='word_1_262' title='bbox 463 1043 562 1077; x_wconf 83' lang='grc' dir='ltr'>ἀρετὴν</span> <span class='ocrx_word' id='word_1_263' title='bbox 575 1043 781 1079; x_wconf 76' lang='grc' dir='ltr'>ὑπερϐάλλοντι,</span> <span class='ocrx_word' id='word_1_264' title='bbox 795 1044 842 1070; x_wconf 68' lang='grc' dir='ltr'><strong>καὶ</strong></span> 
     </span>
    </p>
   </div>
   <div class='ocr_carea' id='block_1_38' title="bbox 77 1085 841 1124">
    <p class='ocr_par' dir='ltr' id='par_1_38' title="bbox 77 1085 841 1124">
     <span class='ocr_line' id='line_1_38' title="bbox 77 1085 841 1124; baseline 0.004 -13"><span class='ocrx_word' id='word_1_265' title='bbox 77 1085 174 1112; x_wconf 80' lang='grc' dir='ltr'>ὲνδέοντι</span> <span class='ocrx_word' id='word_1_266' title='bbox 192 1085 400 1122; x_wconf 79' lang='grc' dir='ltr'><strong>θεωρουμένης,</strong></span> <span class='ocrx_word' id='word_1_267' title='bbox 421 1087 437 1123; x_wconf 83' lang='grc' dir='ltr'><strong>ἦ</strong></span> <span class='ocrx_word' id='word_1_268' title='bbox 453 1087 524 1114; x_wconf 85' lang='grc' dir='ltr'>κατὰ</span> <span class='ocrx_word' id='word_1_269' title='bbox 547 1089 596 1124; x_wconf 83' lang='grc' dir='ltr'>τὴν</span> <span class='ocrx_word' id='word_1_270' title='bbox 619 1089 712 1116; x_wconf 86' lang='grc' dir='ltr'>οὐσίαν</span> <span class='ocrx_word' id='word_1_271' title='bbox 736 1089 841 1124; x_wconf 82' lang='grc' dir='ltr'>αὑτήν;</span> 
     </span>
    </p>
   </div>
   <div class='ocr_carea' id='block_1_39' title="bbox 83 1131 843 1170">
    <p class='ocr_par' dir='ltr' id='par_1_39' title="bbox 83 1131 843 1170">
     <span class='ocr_line' id='line_1_39' title="bbox 83 1131 843 1170; baseline 0.005 -13"><span class='ocrx_word' id='word_1_272' title='bbox 83 1131 139 1157; x_wconf 65' lang='lat' dir='ltr'><strong>uxr</strong></span> <span class='ocrx_word' id='word_1_273' title='bbox 152 1131 195 1158; x_wconf 80' lang='grc' dir='ltr'><strong>ἐπὶ</strong></span> <span class='ocrx_word' id='word_1_274' title='bbox 221 1132 272 1166; x_wconf 87' lang='grc' dir='ltr'>μὲν</span> <span class='ocrx_word' id='word_1_275' title='bbox 299 1132 348 1167; x_wconf 85' lang='grc' dir='ltr'>τῆς</span> <span class='ocrx_word' id='word_1_276' title='bbox 376 1132 469 1165; x_wconf 73' lang='grc' dir='ltr'>οὐσίας</span> <span class='ocrx_word' id='word_1_277' title='bbox 493 1134 599 1169; x_wconf 83' lang='grc' dir='ltr'><strong>ἐδείχθη</strong></span> <span class='ocrx_word' id='word_1_278' title='bbox 628 1135 703 1170; x_wconf 76' lang='grc' dir='ltr'>παρὰ</span> <span class='ocrx_word' id='word_1_279' title='bbox 729 1134 783 1161; x_wconf 86' lang='grc' dir='ltr'>τῶν</span> <span class='ocrx_word' id='word_1_280' title='bbox 810 1135 843 1161; x_wconf 82' lang='grc' dir='ltr'><strong>τὰ</strong></span> 
     </span>
    </p>
   </div>
   <div class='ocr_carea' id='block_1_40' title="bbox 77 1177 843 1216">
    <p class='ocr_par' dir='ltr' id='par_1_40' title="bbox 77 1177 843 1216">
     <span class='ocr_line' id='line_1_40' title="bbox 77 1177 843 1216; baseline 0.007 -13"><span class='ocrx_word' id='word_1_281' title='bbox 77 1177 168 1204; x_wconf 78' lang='grc' dir='ltr'>τοιαῦτα</span> <span class='ocrx_word' id='word_1_282' title='bbox 187 1177 340 1213; x_wconf 76' lang='grc' dir='ltr'>φιλοσοφεῖν</span> <span class='ocrx_word' id='word_1_283' title='bbox 357 1179 475 1211; x_wconf 74' lang='grc' dir='ltr'>εἰδότων,</span> <span class='ocrx_word' id='word_1_284' title='bbox 491 1180 626 1216; x_wconf 84' lang='grc' dir='ltr'>μηδεμίαν</span> <span class='ocrx_word' id='word_1_285' title='bbox 642 1181 771 1208; x_wconf 83' lang='grc' dir='ltr'>δύνασθαι</span> <span class='ocrx_word' id='word_1_286' title='bbox 788 1181 843 1208; x_wconf 86' lang='grc' dir='ltr'>δια-</span> 
     </span>
    </p>
   </div>
   <div class='ocr_carea' id='block_1_41' title="bbox 77 1224 843 1262">
    <p class='ocr_par' dir='ltr' id='par_1_41' title="bbox 77 1224 843 1262">
     <span class='ocr_line' id='line_1_41' title="bbox 77 1224 843 1262; baseline 0.005 -12"><span class='ocrx_word' id='word_1_287' title='bbox 77 1224 146 1259; x_wconf 70' lang='grc' dir='ltr'>φορὰν</span> <span class='ocrx_word' id='word_1_288' title='bbox 158 1225 280 1260; x_wconf 77' lang='grc' dir='ltr'>ἐννοῆσαι</span> <span class='ocrx_word' id='word_1_289' title='bbox 294 1246 301 1258; x_wconf 84' lang='grc'><strong>,</strong></span> <span class='ocrx_word' id='word_1_290' title='bbox 318 1225 364 1252; x_wconf 76' lang='grc' dir='ltr'><strong>ἐάν</strong></span> <span class='ocrx_word' id='word_1_291' title='bbox 389 1234 432 1257; x_wconf 88' lang='grc' dir='ltr'><strong>τις</strong></span> <span class='ocrx_word' id='word_1_292' title='bbox 447 1226 530 1262; x_wconf 80' lang='grc' dir='ltr'>αὐτὴν</span> <span class='ocrx_word' id='word_1_293' title='bbox 549 1226 669 1261; x_wconf 76' lang='grc' dir='ltr'>ψιλώσας</span> <span class='ocrx_word' id='word_1_294' title='bbox 679 1247 686 1259; x_wconf 92' lang='grc'><strong>,</strong></span> <span class='ocrx_word' id='word_1_295' title='bbox 712 1228 759 1254; x_wconf 75' lang='grc' dir='ltr'>καὶ</span> <span class='ocrx_word' id='word_1_296' title='bbox 774 1228 843 1254; x_wconf 81' lang='grc' dir='ltr'><strong>ἀπο-</strong></span> 
     </span>
    </p>
   </div>
   <div class='ocr_carea' id='block_1_42' title="bbox 76 1269 844 1308">
    <p class='ocr_par' dir='ltr' id='par_1_42' title="bbox 76 1269 844 1308">
     <span class='ocr_line' id='line_1_42' title="bbox 76 1269 844 1308; baseline 0.005 -13"><span class='ocrx_word' id='word_1_297' title='bbox 76 1269 201 1303; x_wconf 61' lang='grc' dir='ltr'>ιρδμνὼσας</span> <span class='ocrx_word' id='word_1_298' title='bbox 223 1269 281 1296; x_wconf 85' lang='grc' dir='ltr'><strong>τῶν</strong></span> <span class='ocrx_word' id='word_1_299' title='bbox 305 1270 549 1307; x_wconf 78' lang='grc' dir='ltr'>ἐπιθεωρουμένων</span> <span class='ocrx_word' id='word_1_300' title='bbox 573 1273 723 1308; x_wconf 80' lang='grc' dir='ltr'>ποιοτήτων</span> <span class='ocrx_word' id='word_1_301' title='bbox 744 1281 774 1299; x_wconf 88' lang='grc' dir='ltr'><strong>τε</strong></span> <span class='ocrx_word' id='word_1_302' title='bbox 798 1274 844 1300; x_wconf 81' lang='grc' dir='ltr'><strong>καὶ</strong></span> 
     </span>
    </p>
   </div>
   <div class='ocr_carea' id='block_1_43' title="bbox 77 1312 842 1353">
    <p class='ocr_par' dir='ltr' id='par_1_43' title="bbox 77 1312 842 1353">
     <span class='ocr_line' id='line_1_43' title="bbox 77 1312 842 1353; baseline 0.008 -14"><span class='ocrx_word' id='word_1_303' title='bbox 77 1312 209 1348; x_wconf 81' lang='grc' dir='ltr'><strong>ἰδιωμάτων</strong></span> <span class='ocrx_word' id='word_1_304' title='bbox 222 1314 320 1350; x_wconf 80' lang='grc' dir='ltr'>αὐτὴν,</span> <span class='ocrx_word' id='word_1_305' title='bbox 333 1315 375 1349; x_wconf 77' lang='grc' dir='ltr'><strong>ἐφ’</strong></span> <span class='ocrx_word' id='word_1_306' title='bbox 390 1316 488 1351; x_wconf 76' lang='grc' dir='ltr'>ἑαυτῆς</span> <span class='ocrx_word' id='word_1_307' title='bbox 506 1316 619 1353; x_wconf 77' lang='grc' dir='ltr'><strong>ἐξετάζῃ</strong></span> <span class='ocrx_word' id='word_1_308' title='bbox 632 1338 638 1349; x_wconf 90' lang='grc'><strong>,</strong></span> <span class='ocrx_word' id='word_1_309' title='bbox 654 1317 725 1344; x_wconf 81' lang='grc' dir='ltr'>κατὰ</span> <span class='ocrx_word' id='word_1_310' title='bbox 737 1318 782 1344; x_wconf 81' lang='grc' dir='ltr'>τὸν</span> <span class='ocrx_word' id='word_1_311' title='bbox 795 1318 842 1344; x_wconf 72' lang='grc' dir='ltr'>τοῦ</span> 
     </span>
    </p>
   </div>
   <div class='ocr_carea' id='block_1_44' title="bbox 74 1357 844 1399">
    <p class='ocr_par' dir='ltr' id='par_1_44' title="bbox 74 1357 844 1399">
     <span class='ocr_line' id='line_1_44' title="bbox 74 1357 844 1399; baseline 0.008 -15"><span class='ocrx_word' id='word_1_312' title='bbox 74 1357 130 1385; x_wconf 77' lang='grc' dir='ltr'>εἶναι</span> <span class='ocrx_word' id='word_1_313' title='bbox 141 1359 214 1393; x_wconf 86' lang='grc' dir='ltr'>λόγον</span> <span class='ocrx_word' id='word_1_314' title='bbox 226 1368 233 1374; x_wconf 86' lang='grc'><strong>·</strong></span> <span class='ocrx_word' id='word_1_315' title='bbox 250 1361 375 1387; x_wconf 76' lang='grc' dir='ltr'>ἐπιτάσει</span> <span class='ocrx_word' id='word_1_316' title='bbox 390 1361 418 1387; x_wconf 83' lang='grc' dir='ltr'><strong>δὲ</strong></span> <span class='ocrx_word' id='word_1_317' title='bbox 431 1362 478 1388; x_wconf 72' lang='grc' dir='ltr'><strong>καὶ</strong></span> <span class='ocrx_word' id='word_1_318' title='bbox 498 1362 593 1396; x_wconf 82' lang='grc' dir='ltr'>ὑφέσει</span> <span class='ocrx_word' id='word_1_319' title='bbox 612 1363 661 1398; x_wconf 83' lang='grc' dir='ltr'>τῆς</span> <span class='ocrx_word' id='word_1_320' title='bbox 679 1363 780 1398; x_wconf 82' lang='grc' dir='ltr'>ἀρετῆς</span> <span class='ocrx_word' id='word_1_321' title='bbox 795 1363 844 1399; x_wconf 85' lang='grc' dir='ltr'>τὴν</span> 
     </span>
    </p>
   </div>
   <div class='ocr_carea' id='block_1_45' title="bbox 74 1404 844 1443">
    <p class='ocr_par' dir='ltr' id='par_1_45' title="bbox 74 1404 844 1443">
     <span class='ocr_line' id='line_1_45' title="bbox 74 1404 844 1443; baseline 0.008 -13"><span class='ocrx_word' id='word_1_322' title='bbox 74 1404 182 1440; x_wconf 73' lang='grc' dir='ltr'>τοιαύτην</span> <span class='ocrx_word' id='word_1_323' title='bbox 197 1405 330 1441; x_wconf 62' lang='grc' dir='ltr'>διαφορὰν</span> <span class='ocrx_word' id='word_1_324' title='bbox 345 1407 443 1434; x_wconf 85' lang='grc' dir='ltr'>ὲννοεῖν</span> <span class='ocrx_word' id='word_1_325' title='bbox 459 1408 522 1443; x_wconf 81' lang='grc' dir='ltr'><strong>περὶ</strong></span> <span class='ocrx_word' id='word_1_326' title='bbox 539 1408 587 1435; x_wconf 82' lang='grc' dir='ltr'>τοῦ</span> <span class='ocrx_word' id='word_1_327' title='bbox 611 1409 778 1443; x_wconf 79' lang='grc' dir='ltr'>Μονογενοῦς</span> <span class='ocrx_word' id='word_1_328' title='bbox 798 1410 844 1436; x_wconf 77' lang='grc' dir='ltr'><strong>καὶ</strong></span> 
     </span>
    </p>
   </div>
   <div class='ocr_carea' id='block_1_46' title="bbox 72 1449 843 1491">
    <p class='ocr_par' dir='ltr' id='par_1_46' title="bbox 72 1449 843 1491">
     <span class='ocr_line' id='line_1_46' title="bbox 72 1449 843 1491; baseline 0.008 -15"><span class='ocrx_word' id='word_1_329' title='bbox 72 1449 110 1476; x_wconf 76' lang='grc' dir='ltr'>τοῦ</span> <span class='ocrx_word' id='word_1_330' title='bbox 127 1451 298 1486; x_wconf 82' lang='grc' dir='ltr'>Πνεύματος,</span> <span class='ocrx_word' id='word_1_331' title='bbox 323 1453 370 1479; x_wconf 79' lang='grc' dir='ltr'>καὶ</span> <span class='ocrx_word' id='word_1_332' title='bbox 385 1453 428 1480; x_wconf 81' lang='grc' dir='ltr'>διὰ</span> <span class='ocrx_word' id='word_1_333' title='bbox 450 1454 529 1480; x_wconf 79' lang='grc' dir='ltr'>τοῦτο</span> <span class='ocrx_word' id='word_1_334' title='bbox 553 1455 732 1491; x_wconf 83' lang='grc' dir='ltr'>μεταπτωτὴν</span> <span class='ocrx_word' id='word_1_335' title='bbox 758 1456 843 1490; x_wconf 84' lang='grc' dir='ltr'>ἀναγ-</span> 
     </span>
    </p>
   </div>
   <div class='ocr_carea' id='block_1_47' title="bbox 73 1495 844 1533">
    <p class='ocr_par' dir='ltr' id='par_1_47' title="bbox 73 1495 844 1533">
     <span class='ocr_line' id='line_1_47' title="bbox 73 1495 844 1533; baseline 0.008 -12"><span class='ocrx_word' id='word_1_336' title='bbox 73 1495 142 1527; x_wconf 77' lang='grc' dir='ltr'>καίως</span> <span class='ocrx_word' id='word_1_337' title='bbox 152 1497 191 1531; x_wconf 74' lang='grc' dir='ltr'><strong>ἐφ’</strong></span> <span class='ocrx_word' id='word_1_338' title='bbox 206 1497 326 1533; x_wconf 74' lang='grc' dir='ltr'>ἑκάτερα</span> <span class='ocrx_word' id='word_1_339' title='bbox 341 1498 389 1533; x_wconf 78' lang='grc' dir='ltr'>τὴν</span> <span class='ocrx_word' id='word_1_340' title='bbox 404 1499 482 1533; x_wconf 75' lang='grc' dir='ltr'>φύσιν</span> <span class='ocrx_word' id='word_1_341' title='bbox 495 1500 585 1526; x_wconf 82' lang='grc' dir='ltr'>αὐτῶν</span> <span class='ocrx_word' id='word_1_342' title='bbox 601 1500 786 1532; x_wconf 81' lang='grc' dir='ltr'>ὑποτίθεσθαι,</span> <span class='ocrx_word' id='word_1_343' title='bbox 806 1501 844 1533; x_wconf 79' lang='grc' dir='ltr'>ὼς</span> 
     </span>
    </p>
   </div>
   <div class='ocr_carea' id='block_1_48' title="bbox 896 906 1687 943">
    <p class='ocr_par' dir='ltr' id='par_1_48' title="bbox 896 906 1687 943">
     <span class='ocr_line' id='line_1_48' title="bbox 896 906 1687 943; baseline -0.003 -8"><span class='ocrx_word' id='word_1_344' title='bbox 896 908 1011 935; x_wconf 85' lang='lat' dir='ltr'><strong>deamus</strong></span> <span class='ocrx_word' id='word_1_345' title='bbox 1028 907 1123 943; x_wconf 74' lang='lat' dir='ltr'><strong>igitur,</strong></span> <span class='ocrx_word' id='word_1_346' title='bbox 1140 914 1196 942; x_wconf 90' lang='lat' dir='ltr'><strong>quo</strong></span> <span class='ocrx_word' id='word_1_347' title='bbox 1213 914 1297 935; x_wconf 87' lang='lat' dir='ltr'><strong>sensu</strong></span> <span class='ocrx_word' id='word_1_348' title='bbox 1315 907 1388 934; x_wconf 83' lang='lat' dir='ltr'><strong>lianc</strong></span> <span class='ocrx_word' id='word_1_349' title='bbox 1404 906 1574 934; x_wconf 86' lang='lat' dir='ltr'><strong>diversitatis</strong></span> <span class='ocrx_word' id='word_1_350' title='bbox 1589 906 1687 941; x_wconf 87' lang='lat' dir='ltr'><strong>hujus-</strong></span> 
     </span>
    </p>
   </div>
   <div class='ocr_carea' id='block_1_49' title="bbox 897 952 1686 987">
    <p class='ocr_par' dir='ltr' id='par_1_49' title="bbox 897 952 1686 987">
     <span class='ocr_line' id='line_1_49' title="bbox 897 952 1686 987; baseline -0.004 -6"><span class='ocrx_word' id='word_1_351' title='bbox 897 953 971 982; x_wconf 91' lang='lat' dir='ltr'><strong>modi</strong></span> <span class='ocrx_word' id='word_1_352' title='bbox 986 953 1178 981; x_wconf 80' lang='lat' dir='ltr'><strong>necessitatem</strong></span> <span class='ocrx_word' id='word_1_353' title='bbox 1196 958 1287 980; x_wconf 84' lang='lat' dir='ltr'><strong>mente</strong></span> <span class='ocrx_word' id='word_1_354' title='bbox 1302 952 1456 987; x_wconf 85' lang='lat' dir='ltr'><strong>concipiat;</strong></span> <span class='ocrx_word' id='word_1_355' title='bbox 1472 960 1536 982; x_wconf 85' lang='lat' dir='ltr'><strong>Itum</strong></span> <span class='ocrx_word' id='word_1_356' title='bbox 1554 959 1686 986; x_wconf 87' lang='lat' dir='ltr'><strong>corporea</strong></span> 
     </span>
    </p>
   </div>
   <div class='ocr_carea' id='block_1_50' title="bbox 896 990 1688 1035">
    <p class='ocr_par' dir='ltr' id='par_1_50' title="bbox 896 990 1688 1035">
     <span class='ocr_line' id='line_1_50' title="bbox 896 990 1688 1035; baseline -0.004 -9"><span class='ocrx_word' id='word_1_357' title='bbox 896 1000 1014 1035; x_wconf 85' lang='lat' dir='ltr'><strong>quadam</strong></span> <span class='ocrx_word' id='word_1_358' title='bbox 1032 999 1177 1026; x_wconf 85' lang='lat' dir='ltr'><strong>collatione</strong></span> <span class='ocrx_word' id='word_1_359' title='bbox 1191 997 1262 1025; x_wconf 90' lang='lat' dir='ltr'><strong>facta</strong></span> <span class='ocrx_word' id='word_1_360' title='bbox 1276 1005 1370 1025; x_wconf 89' lang='lat' dir='ltr'><strong>eorum</strong></span> <span class='ocrx_word' id='word_1_361' title='bbox 1381 1018 1388 1030; x_wconf 95' lang='lat'><strong>,</strong></span> <span class='ocrx_word' id='word_1_362' title='bbox 1405 1005 1465 1032; x_wconf 62' lang='lat' dir='ltr'><strong>quae</strong></span> <span class='ocrx_word' id='word_1_363' title='bbox 1482 990 1554 1024; x_wconf 73' lang='lat' dir='ltr'><strong>inter</strong></span> <span class='ocrx_word' id='word_1_364' title='bbox 1567 1005 1596 1024; x_wconf 89' lang='lat' dir='ltr'><strong>se</strong></span> <span class='ocrx_word' id='word_1_365' title='bbox 1610 1004 1688 1023; x_wconf 89' lang='lat' dir='ltr'><strong>com-</strong></span> 
     </span>
    </p>
   </div>
   <div class='ocr_carea' id='block_1_51' title="bbox 897 1042 1686 1077">
    <p class='ocr_par' dir='ltr' id='par_1_51' title="bbox 897 1042 1686 1077">
     <span class='ocr_line' id='line_1_51' title="bbox 897 1042 1686 1077; baseline -0.004 -6"><span class='ocrx_word' id='word_1_366' title='bbox 897 1049 1104 1077; x_wconf 87' lang='lat' dir='ltr'><strong>mensurantur,</strong></span> <span class='ocrx_word' id='word_1_367' title='bbox 1121 1051 1155 1071; x_wconf 84' lang='lat' dir='ltr'><strong>an</strong></span> <span class='ocrx_word' id='word_1_368' title='bbox 1171 1044 1298 1071; x_wconf 89' lang='lat' dir='ltr'><strong>instituta</strong></span> <span class='ocrx_word' id='word_1_369' title='bbox 1314 1042 1520 1077; x_wconf 86' lang='lat' dir='ltr'><strong>comparatione</strong></span> <span class='ocrx_word' id='word_1_370' title='bbox 1534 1042 1686 1069; x_wconf 86' lang='lat' dir='ltr'><strong>secundum</strong></span> 
     </span>
    </p>
   </div>
   <div class='ocr_carea' id='block_1_52' title="bbox 898 1088 1693 1126">
    <p class='ocr_par' dir='ltr' id='par_1_52' title="bbox 898 1088 1693 1126">
     <span class='ocr_line' id='line_1_52' title="bbox 898 1088 1693 1126; baseline -0.006 -8"><span class='ocrx_word' id='word_1_371' title='bbox 898 1091 1108 1126; x_wconf 76' lang='lat' dir='ltr'><strong>intelligentiam</strong></span> <span class='ocrx_word' id='word_1_372' title='bbox 1124 1090 1152 1117; x_wconf 94' lang='lat' dir='ltr'><strong>in</strong></span> <span class='ocrx_word' id='word_1_373' title='bbox 1168 1097 1283 1117; x_wconf 84' lang='lat' dir='ltr'><strong>excessu</strong></span> <span class='ocrx_word' id='word_1_374' title='bbox 1300 1089 1344 1116; x_wconf 86' lang='lat' dir='ltr'><strong>vel</strong></span> <span class='ocrx_word' id='word_1_375' title='bbox 1369 1089 1477 1116; x_wconf 78' lang='lat' dir='ltr'><strong>defectu</strong></span> <span class='ocrx_word' id='word_1_376' title='bbox 1500 1088 1612 1115; x_wconf 90' lang='lat' dir='ltr'><strong>virtutis</strong></span> <span class='ocrx_word' id='word_1_377' title='bbox 1627 1109 1634 1120; x_wconf 96' lang='lat'><strong>,</strong></span> <span class='ocrx_word' id='word_1_378' title='bbox 1652 1095 1693 1114; x_wconf 30' lang='lat' dir='ltr'><strong>an»</strong></span> 
     </span>
    </p>
   </div>
   <div class='ocr_carea' id='block_1_53' title="bbox 898 1134 1687 1170">
    <p class='ocr_par' dir='ltr' id='par_1_53' title="bbox 898 1134 1687 1170">
     <span class='ocr_line' id='line_1_53' title="bbox 898 1134 1687 1170; baseline -0.008 -5"><span class='ocrx_word' id='word_1_379' title='bbox 898 1145 989 1165; x_wconf 88' lang='lat' dir='ltr'><strong>rerum</strong></span> <span class='ocrx_word' id='word_1_380' title='bbox 1007 1137 1193 1169; x_wconf 83' lang='lat' dir='ltr'><strong>substantiis;</strong></span> <span class='ocrx_word' id='word_1_381' title='bbox 1212 1136 1260 1164; x_wconf 88' lang='lat' dir='ltr'><strong>sed</strong></span> <span class='ocrx_word' id='word_1_382' title='bbox 1275 1136 1309 1162; x_wconf 88' lang='lat' dir='ltr'><strong>ab</strong></span> <span class='ocrx_word' id='word_1_383' title='bbox 1323 1135 1366 1163; x_wconf 81' lang='lat' dir='ltr'><strong>liis</strong></span> <span class='ocrx_word' id='word_1_384' title='bbox 1377 1155 1384 1167; x_wconf 92' lang='lat'><strong>,</strong></span> <span class='ocrx_word' id='word_1_385' title='bbox 1402 1135 1448 1170; x_wconf 86' lang='lat' dir='ltr'><strong>qui</strong></span> <span class='ocrx_word' id='word_1_386' title='bbox 1465 1135 1516 1161; x_wconf 84' lang='lat' dir='ltr'><strong>hoc</strong></span> <span class='ocrx_word' id='word_1_387' title='bbox 1531 1134 1687 1161; x_wconf 82' lang='lat' dir='ltr'><strong>accuratius</strong></span> 
     </span>
    </p>
   </div>
   <div class='ocr_carea' id='block_1_54' title="bbox 898 1179 1689 1218">
    <p class='ocr_par' dir='ltr' id='par_1_54' title="bbox 898 1179 1689 1218">
     <span class='ocr_line' id='line_1_54' title="bbox 898 1179 1689 1218; baseline -0.006 -8"><span class='ocrx_word' id='word_1_388' title='bbox 898 1186 1120 1218; x_wconf 88' lang='lat' dir='ltr'><strong>perscrutantur,</strong></span> <span class='ocrx_word' id='word_1_389' title='bbox 1135 1182 1355 1210; x_wconf 90' lang='lat' dir='ltr'><strong>demonstratum</strong></span> <span class='ocrx_word' id='word_1_390' title='bbox 1369 1186 1412 1208; x_wconf 86' lang='lat' dir='ltr'><strong>est</strong></span> <span class='ocrx_word' id='word_1_391' title='bbox 1424 1202 1430 1214; x_wconf 88' lang='lat'><strong>,</strong></span> <span class='ocrx_word' id='word_1_392' title='bbox 1453 1181 1556 1207; x_wconf 87' lang='lat' dir='ltr'><strong>nullam</strong></span> <span class='ocrx_word' id='word_1_393' title='bbox 1579 1179 1689 1214; x_wconf 55' lang='lat' dir='ltr'><strong>ejuscea</strong></span> 
     </span>
    </p>
   </div>
   <div class='ocr_carea' id='block_1_55' title="bbox 898 1225 1687 1262">
    <p class='ocr_par' dir='ltr' id='par_1_55' title="bbox 898 1225 1687 1262">
     <span class='ocr_line' id='line_1_55' title="bbox 898 1225 1687 1262; baseline -0.005 -7"><span class='ocrx_word' id='word_1_394' title='bbox 898 1228 972 1256; x_wconf 91' lang='lat' dir='ltr'><strong>modi</strong></span> <span class='ocrx_word' id='word_1_395' title='bbox 987 1228 1167 1256; x_wconf 69' lang='lat' dir='ltr'><strong>ditlerentiam</strong></span> <span class='ocrx_word' id='word_1_396' title='bbox 1186 1227 1299 1262; x_wconf 86' lang='lat' dir='ltr'><strong>reperiri</strong></span> <span class='ocrx_word' id='word_1_397' title='bbox 1325 1227 1353 1254; x_wconf 91' lang='lat' dir='ltr'><strong>in</strong></span> <span class='ocrx_word' id='word_1_398' title='bbox 1379 1226 1551 1258; x_wconf 83' lang='lat' dir='ltr'><strong>substantia,</strong></span> <span class='ocrx_word' id='word_1_399' title='bbox 1576 1225 1598 1252; x_wconf 90' lang='lat' dir='ltr'><strong>si</strong></span> <span class='ocrx_word' id='word_1_400' title='bbox 1625 1225 1687 1260; x_wconf 86' lang='lat' dir='ltr'><strong>quis</strong></span> 
     </span>
    </p>
   </div>
   <div class='ocr_carea' id='block_1_56' title="bbox 897 1271 1687 1308">
    <p class='ocr_par' dir='ltr' id='par_1_56' title="bbox 897 1271 1687 1308">
     <span class='ocr_line' id='line_1_56' title="bbox 897 1271 1687 1308; baseline -0.005 -7"><span class='ocrx_word' id='word_1_401' title='bbox 897 1281 957 1301; x_wconf 85' lang='lat' dir='ltr'><strong>eam</strong></span> <span class='ocrx_word' id='word_1_402' title='bbox 975 1274 1047 1301; x_wconf 90' lang='lat' dir='ltr'><strong>nude</strong></span> <span class='ocrx_word' id='word_1_403' title='bbox 1062 1277 1088 1301; x_wconf 91' lang='lat' dir='ltr'><strong>et</strong></span> <span class='ocrx_word' id='word_1_404' title='bbox 1105 1281 1153 1308; x_wconf 90' lang='lat' dir='ltr'><strong>per</strong></span> <span class='ocrx_word' id='word_1_405' title='bbox 1169 1281 1214 1305; x_wconf 84' lang='lat' dir='ltr'><strong>se,</strong></span> <span class='ocrx_word' id='word_1_406' title='bbox 1232 1272 1384 1300; x_wconf 87' lang='lat' dir='ltr'><strong>secundum</strong></span> <span class='ocrx_word' id='word_1_407' title='bbox 1408 1271 1538 1299; x_wconf 65' lang='lat' dir='ltr'><strong>essentia:</strong></span> <span class='ocrx_word' id='word_1_408' title='bbox 1560 1278 1617 1298; x_wconf 63' lang='lat' dir='ltr'><strong>suae</strong></span> <span class='ocrx_word' id='word_1_409' title='bbox 1640 1278 1687 1297; x_wconf 85' lang='lat' dir='ltr'><strong>ra-</strong></span> 
     </span>
    </p>
   </div>
   <div class='ocr_carea' id='block_1_57' title="bbox 897 1315 1696 1352">
    <p class='ocr_par' dir='ltr' id='par_1_57' title="bbox 897 1315 1696 1352">
     <span class='ocr_line' id='line_1_57' title="bbox 897 1315 1696 1352; baseline -0.006 -6"><span class='ocrx_word' id='word_1_410' title='bbox 897 1319 1018 1352; x_wconf 89' lang='lat' dir='ltr'><strong>tionem,</strong></span> <span class='ocrx_word' id='word_1_411' title='bbox 1034 1323 1062 1346; x_wconf 90' lang='lat' dir='ltr'><strong>et</strong></span> <span class='ocrx_word' id='word_1_412' title='bbox 1078 1319 1112 1346; x_wconf 86' lang='lat' dir='ltr'><strong>ab</strong></span> <span class='ocrx_word' id='word_1_413' title='bbox 1128 1318 1257 1345; x_wconf 90' lang='lat' dir='ltr'><strong>omnibus</strong></span> <span class='ocrx_word' id='word_1_414' title='bbox 1274 1316 1458 1352; x_wconf 81' lang='lat' dir='ltr'><strong>qualitatibus</strong></span> <span class='ocrx_word' id='word_1_415' title='bbox 1481 1320 1508 1343; x_wconf 89' lang='lat' dir='ltr'><strong>et</strong></span> <span class='ocrx_word' id='word_1_416' title='bbox 1529 1315 1696 1351; x_wconf 76' lang='lat' dir='ltr'><strong>pmprieta~~</strong></span> 
     </span>
    </p>
   </div>
   <div class='ocr_carea' id='block_1_58' title="bbox 897 1362 1687 1399">
    <p class='ocr_par' dir='ltr' id='par_1_58' title="bbox 897 1362 1687 1399">
     <span class='ocr_line' id='line_1_58' title="bbox 897 1362 1687 1399; baseline -0.004 -8"><span class='ocrx_word' id='word_1_417' title='bbox 897 1365 971 1392; x_wconf 88' lang='lat' dir='ltr'><strong>tibus</strong></span> <span class='ocrx_word' id='word_1_418' title='bbox 990 1365 1143 1399; x_wconf 71' lang='lat' dir='ltr'><strong>seiunctam</strong></span> <span class='ocrx_word' id='word_1_419' title='bbox 1161 1363 1327 1392; x_wconf 80' lang='lat' dir='ltr'><strong>consideret.</strong></span> <span class='ocrx_word' id='word_1_420' title='bbox 1356 1362 1390 1389; x_wconf 84' lang='lat' dir='ltr'><strong>At</strong></span> <span class='ocrx_word' id='word_1_421' title='bbox 1408 1362 1645 1389; x_wconf 34' lang='lat' dir='ltr'><strong>vero/intensione</strong></span> <span class='ocrx_word' id='word_1_422' title='bbox 1660 1365 1687 1388; x_wconf 91' lang='lat' dir='ltr'><strong>et</strong></span> 
     </span>
    </p>
   </div>
   <div class='ocr_carea' id='block_1_59' title="bbox 898 1408 1695 1445">
    <p class='ocr_par' dir='ltr' id='par_1_59' title="bbox 898 1408 1695 1445">
     <span class='ocr_line' id='line_1_59' title="bbox 898 1408 1695 1445; baseline -0.004 -7"><span class='ocrx_word' id='word_1_423' title='bbox 898 1411 1061 1439; x_wconf 84' lang='lat' dir='ltr'><strong>remissione</strong></span> <span class='ocrx_word' id='word_1_424' title='bbox 1089 1411 1199 1438; x_wconf 85' lang='lat' dir='ltr'><strong>virtutis</strong></span> <span class='ocrx_word' id='word_1_425' title='bbox 1221 1415 1249 1438; x_wconf 90' lang='lat' dir='ltr'><strong>et</strong></span> <span class='ocrx_word' id='word_1_426' title='bbox 1277 1410 1405 1445; x_wconf 82' lang='lat' dir='ltr'><strong>potentiae</strong></span> <span class='ocrx_word' id='word_1_427' title='bbox 1428 1409 1586 1443; x_wconf 86' lang='lat' dir='ltr'><strong>hujusmodi</strong></span> <span class='ocrx_word' id='word_1_428' title='bbox 1609 1408 1695 1436; x_wconf 69' lang='lat' dir='ltr'><strong>dific--</strong></span> 
     </span>
    </p>
   </div>
   <div class='ocr_carea' id='block_1_60' title="bbox 899 1454 1687 1491">
    <p class='ocr_par' dir='ltr' id='par_1_60' title="bbox 899 1454 1687 1491">
     <span class='ocr_line' id='line_1_60' title="bbox 899 1454 1687 1491; baseline -0.003 -8"><span class='ocrx_word' id='word_1_429' title='bbox 899 1457 1015 1484; x_wconf 91' lang='lat' dir='ltr'><strong>rentiam</strong></span> <span class='ocrx_word' id='word_1_430' title='bbox 1027 1477 1035 1488; x_wconf 96' lang='lat'><strong>,</strong></span> <span class='ocrx_word' id='word_1_431' title='bbox 1051 1456 1078 1484; x_wconf 92' lang='lat' dir='ltr'><strong>in</strong></span> <span class='ocrx_word' id='word_1_432' title='bbox 1101 1456 1246 1491; x_wconf 76' lang='lat' dir='ltr'><strong>unigenito</strong></span> <span class='ocrx_word' id='word_1_433' title='bbox 1267 1455 1338 1483; x_wconf 82' lang='lat' dir='ltr'><strong>Filio</strong></span> <span class='ocrx_word' id='word_1_434' title='bbox 1356 1461 1383 1483; x_wconf 92' lang='lat' dir='ltr'><strong>et</strong></span> <span class='ocrx_word' id='word_1_435' title='bbox 1401 1455 1506 1490; x_wconf 87' lang='lat' dir='ltr'><strong>Spiritu</strong></span> <span class='ocrx_word' id='word_1_436' title='bbox 1524 1459 1619 1482; x_wconf 87' lang='lat' dir='ltr'><strong>sancto</strong></span> <span class='ocrx_word' id='word_1_437' title='bbox 1637 1454 1687 1482; x_wconf 89' lang='lat' dir='ltr'><strong>de-</strong></span> 
     </span>
    </p>
   </div>
   <div class='ocr_carea' id='block_1_61' title="bbox 899 1500 1695 1536">
    <p class='ocr_par' dir='ltr' id='par_1_61' title="bbox 899 1500 1695 1536">
     <span class='ocr_line' id='line_1_61' title="bbox 899 1500 1695 1536; baseline -0.004 -7"><span class='ocrx_word' id='word_1_438' title='bbox 899 1502 977 1530; x_wconf 88' lang='lat' dir='ltr'><strong>finire</strong></span> <span class='ocrx_word' id='word_1_439' title='bbox 990 1502 1075 1535; x_wconf 84' lang='lat' dir='ltr'><strong>velle,</strong></span> <span class='ocrx_word' id='word_1_440' title='bbox 1096 1505 1123 1530; x_wconf 82' lang='lat' dir='ltr'><strong>et</strong></span> <span class='ocrx_word' id='word_1_441' title='bbox 1139 1502 1174 1529; x_wconf 87' lang='lat' dir='ltr'><strong>ob</strong></span> <span class='ocrx_word' id='word_1_442' title='bbox 1190 1501 1241 1529; x_wconf 87' lang='lat' dir='ltr'><strong>hoc</strong></span> <span class='ocrx_word' id='word_1_443' title='bbox 1259 1508 1400 1534; x_wconf 84' lang='lat' dir='ltr'><strong>asserere,</strong></span> <span class='ocrx_word' id='word_1_444' title='bbox 1419 1501 1490 1536; x_wconf 90' lang='lat' dir='ltr'><strong>quod</strong></span> <span class='ocrx_word' id='word_1_445' title='bbox 1508 1500 1613 1536; x_wconf 59' lang='lat' dir='ltr'><strong>praediti</strong></span> <span class='ocrx_word' id='word_1_446' title='bbox 1631 1500 1695 1527; x_wconf 75' lang='lat' dir='ltr'><strong>sint</strong></span> 
     </span>
    </p>
   </div>
   <div class='ocr_carea' id='block_1_62' title="bbox 71 1540 843 1584">
    <p class='ocr_par' dir='ltr' id='par_1_62' title="bbox 71 1540 843 1582">
     <span class='ocr_line' id='line_1_62' title="bbox 71 1540 843 1582; baseline 0.008 -15"><span class='ocrx_word' id='word_1_447' title='bbox 71 1540 182 1576; x_wconf 78' lang='grc' dir='ltr'>δεκτικὴν</span> <span class='ocrx_word' id='word_1_448' title='bbox 197 1540 282 1569; x_wconf 77' lang='grc' dir='ltr'>οὖσαν</span> <span class='ocrx_word' id='word_1_449' title='bbox 298 1543 396 1578; x_wconf 82' lang='grc' dir='ltr'>ἐπίσης</span> <span class='ocrx_word' id='word_1_450' title='bbox 406 1544 459 1570; x_wconf 81' lang='grc' dir='ltr'>τῶν</span> <span class='ocrx_word' id='word_1_451' title='bbox 472 1545 609 1577; x_wconf 75' lang='grc' dir='ltr'>ἐναντίων,</span> <span class='ocrx_word' id='word_1_452' title='bbox 625 1547 670 1572; x_wconf 76' lang='grc' dir='ltr'>καὶ</span> <span class='ocrx_word' id='word_1_453' title='bbox 682 1547 709 1572; x_wconf 75' lang='grc' dir='ltr'>ἐν</span> <span class='ocrx_word' id='word_1_454' title='bbox 726 1546 843 1582; x_wconf 79' lang='grc' dir='ltr'>μεθορίῳ</span> 
     </span>
    </p>
   </div>
   <div class='ocr_carea' id='block_1_63' title="bbox 897 1540 1689 1584">
    <p class='ocr_par' dir='ltr' id='par_1_63' title="bbox 898 1546 1689 1582">
     <span class='ocr_line' id='line_1_63' title="bbox 898 1546 1689 1582; baseline -0.003 -8"><span class='ocrx_word' id='word_1_455' title='bbox 898 1551 1012 1581; x_wconf 86' lang='lat' dir='ltr'><strong>natura,</strong></span> <span class='ocrx_word' id='word_1_456' title='bbox 1032 1555 1091 1582; x_wconf 67' lang='lat' dir='ltr'><strong>qua:</strong></span> <span class='ocrx_word' id='word_1_457' title='bbox 1108 1546 1262 1574; x_wconf 85' lang='lat' dir='ltr'><strong>mutatione</strong></span> <span class='ocrx_word' id='word_1_458' title='bbox 1286 1546 1356 1574; x_wconf 85' lang='lat' dir='ltr'><strong>facta</strong></span> <span class='ocrx_word' id='word_1_459' title='bbox 1368 1566 1375 1579; x_wconf 92' lang='lat'><strong>,</strong></span> <span class='ocrx_word' id='word_1_460' title='bbox 1399 1547 1432 1573; x_wconf 88' lang='lat' dir='ltr'><strong>ad</strong></span> <span class='ocrx_word' id='word_1_461' title='bbox 1455 1550 1571 1580; x_wconf 85' lang='lat' dir='ltr'><strong>utraque</strong></span> <span class='ocrx_word' id='word_1_462' title='bbox 1587 1550 1689 1573; x_wconf 88' lang='lat' dir='ltr'><strong>trans-</strong></span> 
     </span>
    </p>
   </div>
   <div class='ocr_carea' id='block_1_64' title="bbox 72 1583 843 1627">
    <p class='ocr_par' dir='ltr' id='par_1_64' title="bbox 72 1583 843 1627">
     <span class='ocr_line' id='line_1_64' title="bbox 72 1583 843 1627; baseline 0.013 -19"><span class='ocrx_word' id='word_1_463' title='bbox 72 1583 141 1610; x_wconf 79' lang='grc' dir='ltr'>καλοῦ</span> <span class='ocrx_word' id='word_1_464' title='bbox 164 1593 192 1610; x_wconf 87' lang='grc' dir='ltr'><strong>τε</strong></span> <span class='ocrx_word' id='word_1_465' title='bbox 210 1586 257 1612; x_wconf 70' lang='grc' dir='ltr'><strong>καὶ</strong></span> <span class='ocrx_word' id='word_1_466' title='bbox 272 1585 320 1612; x_wconf 76' lang='grc' dir='ltr'>τοῦ</span> <span class='ocrx_word' id='word_1_467' title='bbox 345 1587 466 1614; x_wconf 82' lang='grc' dir='ltr'>ἐναντίου</span> <span class='ocrx_word' id='word_1_468' title='bbox 486 1589 615 1624; x_wconf 83' lang='grc' dir='ltr'>κειμένην</span> <span class='ocrx_word' id='word_1_469' title='bbox 628 1609 636 1621; x_wconf 84' lang='grc'><strong>,</strong></span> <span class='ocrx_word' id='word_1_470' title='bbox 655 1590 704 1625; x_wconf 79' lang='grc' dir='ltr'>τῆς</span> <span class='ocrx_word' id='word_1_471' title='bbox 727 1591 843 1627; x_wconf 82' lang='grc' dir='ltr'>ἐσχάτης</span> 
     </span>
    </p>
   </div>
   <div class='ocr_carea' id='block_1_65' title="bbox 70 1629 843 1670">
    <p class='ocr_par' dir='ltr' id='par_1_65' title="bbox 70 1629 843 1670">
     <span class='ocr_line' id='line_1_65' title="bbox 70 1629 843 1670; baseline 0.01 -15"><span class='ocrx_word' id='word_1_472' title='bbox 70 1629 180 1662; x_wconf 72' lang='grc' dir='ltr'>ἀσεϐείας</span> <span class='ocrx_word' id='word_1_473' title='bbox 195 1632 280 1658; x_wconf 77' lang='grc' dir='ltr'>ἐστίν.</span> <span class='ocrx_word' id='word_1_474' title='bbox 298 1632 378 1658; x_wconf 84' lang='grc' dir='ltr'><strong>Ἀλλο</strong></span> <span class='ocrx_word' id='word_1_475' title='bbox 397 1633 451 1670; x_wconf 87' lang='grc' dir='ltr'>γάρ</span> <span class='ocrx_word' id='word_1_476' title='bbox 467 1643 492 1660; x_wconf 88' lang='grc' dir='ltr'><strong>τι</strong></span> <span class='ocrx_word' id='word_1_477' title='bbox 517 1633 585 1660; x_wconf 80' lang='grc' dir='ltr'>εἶναι</span> <span class='ocrx_word' id='word_1_478' title='bbox 607 1635 690 1670; x_wconf 75' lang='grc' dir='ltr'>αὐτὴν</span> <span class='ocrx_word' id='word_1_479' title='bbox 705 1636 775 1662; x_wconf 81' lang='grc' dir='ltr'><strong>κατὰ</strong></span> <span class='ocrx_word' id='word_1_480' title='bbox 798 1636 843 1663; x_wconf 75' lang='grc' dir='ltr'>τὸν</span> 
     </span>
    </p>
   </div>
   <div class='ocr_carea' id='block_1_66' title="bbox 70 1676 843 1718">
    <p class='ocr_par' dir='ltr' id='par_1_66' title="bbox 70 1676 843 1718">
     <span class='ocr_line' id='line_1_66' title="bbox 70 1676 843 1718; baseline 0.009 -16"><span class='ocrx_word' id='word_1_481' title='bbox 70 1676 124 1703; x_wconf 73' lang='grc' dir='ltr'>ἴδιον</span> <span class='ocrx_word' id='word_1_482' title='bbox 144 1677 219 1711; x_wconf 73' lang='grc' dir='ltr'>λόγον</span> <span class='ocrx_word' id='word_1_483' title='bbox 232 1698 239 1710; x_wconf 96' lang='grc'><strong>,</strong></span> <span class='ocrx_word' id='word_1_484' title='bbox 258 1679 306 1705; x_wconf 71' lang='grc' dir='ltr'><strong>καὶ</strong></span> <span class='ocrx_word' id='word_1_485' title='bbox 327 1679 391 1706; x_wconf 80' lang='grc' dir='ltr'>ἄλλο</span> <span class='ocrx_word' id='word_1_486' title='bbox 416 1689 442 1706; x_wconf 87' lang='grc' dir='ltr'><strong>τι</strong></span> <span class='ocrx_word' id='word_1_487' title='bbox 465 1679 587 1714; x_wconf 80' lang='grc' dir='ltr'>γίνεσθαι</span> <span class='ocrx_word' id='word_1_488' title='bbox 601 1683 634 1717; x_wconf 86' lang='grc' dir='ltr'>τῇ</span> <span class='ocrx_word' id='word_1_489' title='bbox 653 1681 782 1718; x_wconf 79' lang='grc' dir='ltr'>μετουσίᾳ</span> <span class='ocrx_word' id='word_1_490' title='bbox 796 1683 843 1709; x_wconf 83' lang='grc' dir='ltr'>τοῦ</span> 
     </span>
    </p>
   </div>
   <div class='ocr_carea' id='block_1_67' title="bbox 69 1721 844 1761">
    <p class='ocr_par' dir='ltr' id='par_1_67' title="bbox 69 1721 844 1761">
     <span class='ocr_line' id='line_1_67' title="bbox 69 1721 844 1761; baseline 0.009 -13"><span class='ocrx_word' id='word_1_491' title='bbox 69 1721 150 1754; x_wconf 77' lang='grc' dir='ltr'>καλοῦ,</span> <span class='ocrx_word' id='word_1_492' title='bbox 168 1724 214 1750; x_wconf 80' lang='grc' dir='ltr'><strong>καὶ</strong></span> <span class='ocrx_word' id='word_1_493' title='bbox 229 1724 279 1751; x_wconf 78' lang='grc' dir='ltr'><strong>τοῦ</strong></span> <span class='ocrx_word' id='word_1_494' title='bbox 296 1726 415 1760; x_wconf 77' lang='grc' dir='ltr'>χείρονος</span> <span class='ocrx_word' id='word_1_495' title='bbox 428 1746 434 1758; x_wconf 87' lang='grc'><strong>,</strong></span> <span class='ocrx_word' id='word_1_496' title='bbox 450 1727 464 1753; x_wconf 82' lang='grc' dir='ltr'><strong>ὁ</strong></span> <span class='ocrx_word' id='word_1_497' title='bbox 478 1727 563 1753; x_wconf 77' lang='grc' dir='ltr'>ταῦτα</span> <span class='ocrx_word' id='word_1_498' title='bbox 575 1727 661 1761; x_wconf 81' lang='grc' dir='ltr'>λέγων</span> <span class='ocrx_word' id='word_1_499' title='bbox 675 1729 844 1756; x_wconf 78' lang='grc' dir='ltr'>κατασκευά-</span> 
     </span>
    </p>
   </div>
   <div class='ocr_carea' id='block_1_68' title="bbox 70 1766 843 1807">
    <p class='ocr_par' dir='ltr' id='par_1_68' title="bbox 70 1766 843 1807">
     <span class='ocr_line' id='line_1_68' title="bbox 70 1766 843 1807; baseline 0.009 -13"><span class='ocrx_word' id='word_1_500' title='bbox 70 1776 103 1794; x_wconf 73' lang='grc' dir='ltr'><strong>σει</strong></span> <span class='ocrx_word' id='word_1_501' title='bbox 115 1777 121 1784; x_wconf 94' lang='grc'><strong>·</strong></span> <span class='ocrx_word' id='word_1_502' title='bbox 135 1766 187 1795; x_wconf 73' lang='grc' dir='ltr'>οἷον</span> <span class='ocrx_word' id='word_1_503' title='bbox 200 1770 247 1796; x_wconf 74' lang='grc' dir='ltr'><strong>ἐπὶ</strong></span> <span class='ocrx_word' id='word_1_504' title='bbox 263 1770 311 1797; x_wconf 79' lang='grc' dir='ltr'>τοῦ</span> <span class='ocrx_word' id='word_1_505' title='bbox 333 1771 442 1806; x_wconf 86' lang='grc' dir='ltr'>σιδήρου</span> <span class='ocrx_word' id='word_1_506' title='bbox 466 1772 623 1807; x_wconf 75' lang='grc' dir='ltr'>συμϐαίνει·</span> <span class='ocrx_word' id='word_1_507' title='bbox 646 1773 675 1804; x_wconf 75' lang='grc' dir='ltr'>ὃς</span> <span class='ocrx_word' id='word_1_508' title='bbox 691 1773 736 1800; x_wconf 77' lang='grc' dir='ltr'>ἐπὶ</span> <span class='ocrx_word' id='word_1_509' title='bbox 753 1775 843 1802; x_wconf 83' lang='grc' dir='ltr'>πλεῖον</span> 
     </span>
    </p>
   </div>
   <div class='ocr_carea' id='block_1_69' title="bbox 69 1814 844 1856">
    <p class='ocr_par' dir='ltr' id='par_1_69' title="bbox 69 1814 844 1856">
     <span class='ocr_line' id='line_1_69' title="bbox 69 1814 844 1856; baseline 0.006 -14"><span class='ocrx_word' id='word_1_510' title='bbox 69 1814 112 1848; x_wconf 75' lang='grc' dir='ltr'>μὲν</span> <span class='ocrx_word' id='word_1_511' title='bbox 121 1815 156 1849; x_wconf 81' lang='grc' dir='ltr'>τῷ</span> <span class='ocrx_word' id='word_1_512' title='bbox 171 1817 238 1852; x_wconf 78' lang='grc' dir='ltr'>πυρὶ</span> <span class='ocrx_word' id='word_1_513' title='bbox 251 1817 438 1853; x_wconf 77' lang='grc' dir='ltr'>καθομιλήσας</span> <span class='ocrx_word' id='word_1_514' title='bbox 447 1838 455 1849; x_wconf 97' lang='grc'><strong>,</strong></span> <span class='ocrx_word' id='word_1_515' title='bbox 472 1818 522 1853; x_wconf 85' lang='grc' dir='ltr'>τὴν</span> <span class='ocrx_word' id='word_1_516' title='bbox 535 1818 665 1854; x_wconf 86' lang='grc' dir='ltr'>ποιότητα</span> <span class='ocrx_word' id='word_1_517' title='bbox 677 1818 724 1846; x_wconf 76' lang='grc' dir='ltr'>τοῦ</span> <span class='ocrx_word' id='word_1_518' title='bbox 741 1819 844 1856; x_wconf 83' lang='grc' dir='ltr'>θερμοῦ</span> 
     </span>
    </p>
   </div>
   <div class='ocr_carea' id='block_1_70' title="bbox 69 1860 843 1899">
    <p class='ocr_par' dir='ltr' id='par_1_70' title="bbox 69 1860 843 1899">
     <span class='ocr_line' id='line_1_70' title="bbox 69 1860 843 1899; baseline 0.006 -12"><span class='ocrx_word' id='word_1_519' title='bbox 69 1860 209 1893; x_wconf 80' lang='grc' dir='ltr'>ὑποδύεται,</span> <span class='ocrx_word' id='word_1_520' title='bbox 227 1861 317 1897; x_wconf 84' lang='grc' dir='ltr'>μένων</span> <span class='ocrx_word' id='word_1_521' title='bbox 331 1863 360 1888; x_wconf 80' lang='grc' dir='ltr'>ὲν</span> <span class='ocrx_word' id='word_1_522' title='bbox 371 1862 408 1898; x_wconf 84' lang='grc' dir='ltr'>τῷ</span> <span class='ocrx_word' id='word_1_523' title='bbox 421 1862 528 1898; x_wconf 86' lang='grc' dir='ltr'>σίδηρος</span> <span class='ocrx_word' id='word_1_524' title='bbox 545 1861 615 1890; x_wconf 73' lang='grc' dir='ltr'>εἶναι</span> <span class='ocrx_word' id='word_1_525' title='bbox 628 1872 634 1878; x_wconf 92' lang='grc'><strong>·</strong></span> <span class='ocrx_word' id='word_1_526' title='bbox 651 1865 676 1890; x_wconf 84' lang='grc' dir='ltr'><strong>εί</strong></span> <span class='ocrx_word' id='word_1_527' title='bbox 690 1864 718 1891; x_wconf 78' lang='grc' dir='ltr'><strong>δὲ</strong></span> <span class='ocrx_word' id='word_1_528' title='bbox 735 1866 763 1891; x_wconf 85' lang='grc' dir='ltr'>ὲν</span> <span class='ocrx_word' id='word_1_529' title='bbox 775 1865 843 1899; x_wconf 87' lang='grc' dir='ltr'>χιόνι</span> 
     </span>
    </p>
   </div>
   <div class='ocr_carea' id='block_1_71' title="bbox 68 1904 844 1945">
    <p class='ocr_par' dir='ltr' id='par_1_71' title="bbox 68 1904 844 1945">
     <span class='ocr_line' id='line_1_71' title="bbox 68 1904 844 1945; baseline 0.008 -15"><span class='ocrx_word' id='word_1_530' title='bbox 68 1904 159 1937; x_wconf 77' lang='grc' dir='ltr'>γένοιτο</span> <span class='ocrx_word' id='word_1_531' title='bbox 169 1928 176 1938; x_wconf 89' lang='grc'><strong>,</strong></span> <span class='ocrx_word' id='word_1_532' title='bbox 191 1905 207 1941; x_wconf 78' lang='grc' dir='ltr'>ἧ</span> <span class='ocrx_word' id='word_1_533' title='bbox 229 1906 408 1942; x_wconf 77' lang='grc' dir='ltr'>κρυστάλλῳ,</span> <span class='ocrx_word' id='word_1_534' title='bbox 427 1907 587 1942; x_wconf 80' lang='grc' dir='ltr'>μεταὸάλλει</span> <span class='ocrx_word' id='word_1_535' title='bbox 603 1908 670 1942; x_wconf 81' lang='grc' dir='ltr'>πρὸς</span> <span class='ocrx_word' id='word_1_536' title='bbox 684 1909 714 1935; x_wconf 76' lang='grc' dir='ltr'><strong>τὸ</strong></span> <span class='ocrx_word' id='word_1_537' title='bbox 730 1910 844 1945; x_wconf 75' lang='grc' dir='ltr'>ἐπικρα-</span> 
     </span>
    </p>
   </div>
   <div class='ocr_carea' id='block_1_72' title="bbox 66 1949 844 1989">
    <p class='ocr_par' dir='ltr' id='par_1_72' title="bbox 66 1949 844 1989">
     <span class='ocr_line' id='line_1_72' title="bbox 66 1949 844 1989; baseline 0.009 -14"><span class='ocrx_word' id='word_1_538' title='bbox 66 1949 119 1975; x_wconf 80' lang='grc' dir='ltr'>τοῦν</span> <span class='ocrx_word' id='word_1_539' title='bbox 132 1950 179 1986; x_wconf 76' lang='grc' dir='ltr'><strong>τὴν</strong></span> <span class='ocrx_word' id='word_1_540' title='bbox 199 1951 334 1986; x_wconf 80' lang='grc' dir='ltr'>ποιότητα</span> <span class='ocrx_word' id='word_1_541' title='bbox 346 1971 353 1983; x_wconf 91' lang='grc'><strong>,</strong></span> <span class='ocrx_word' id='word_1_542' title='bbox 367 1953 396 1978; x_wconf 85' lang='grc' dir='ltr'><strong>τὺ</strong></span> <span class='ocrx_word' id='word_1_543' title='bbox 407 1952 509 1988; x_wconf 71' lang='grc' dir='ltr'>ψυχρὸν</span> <span class='ocrx_word' id='word_1_544' title='bbox 523 1953 572 1988; x_wconf 83' lang='grc' dir='ltr'><strong>τῆς</strong></span> <span class='ocrx_word' id='word_1_545' title='bbox 594 1954 680 1989; x_wconf 89' lang='grc' dir='ltr'>χιόνος</span> <span class='ocrx_word' id='word_1_546' title='bbox 697 1956 752 1987; x_wconf 86' lang='grc' dir='ltr'>τοῖς</span> <span class='ocrx_word' id='word_1_547' title='bbox 769 1955 844 1988; x_wconf 78' lang='grc' dir='ltr'>ἰδίοις</span> 
     </span>
    </p>
   </div>
   <div class='ocr_carea' id='block_1_73' title="bbox 69 1995 385 2033">
    <p class='ocr_par' dir='ltr' id='par_1_73' title="bbox 69 1995 385 2033">
     <span class='ocr_line' id='line_1_73' title="bbox 69 1995 385 2033; baseline 0.013 -12"><span class='ocrx_word' id='word_1_548' title='bbox 69 1995 161 2031; x_wconf 78' lang='grc' dir='ltr'>μορίοις</span> <span class='ocrx_word' id='word_1_549' title='bbox 174 1997 385 2033; x_wconf 79' lang='grc' dir='ltr'>ἀναδεξάμενος.</span> 
     </span>
    </p>
   </div>
   <div class='ocr_carea' id='block_1_74' title="bbox 95 2087 844 2129">
    <p class='ocr_par' dir='ltr' id='par_1_74' title="bbox 95 2087 844 2129">
     <span class='ocr_line' id='line_1_74' title="bbox 95 2087 844 2129; baseline 0.005 -14"><span class='ocrx_word' id='word_1_550' title='bbox 95 2087 195 2125; x_wconf 82' lang='grc' dir='ltr'>Ὠσπερ</span> <span class='ocrx_word' id='word_1_551' title='bbox 207 2087 255 2117; x_wconf 76' lang='grc' dir='ltr'>οὖν</span> <span class='ocrx_word' id='word_1_552' title='bbox 272 2089 322 2116; x_wconf 75' lang='grc' dir='ltr'>οὐκ</span> <span class='ocrx_word' id='word_1_553' title='bbox 335 2089 366 2116; x_wconf 83' lang='grc' dir='ltr'><strong>ὲκ</strong></span> <span class='ocrx_word' id='word_1_554' title='bbox 381 2090 429 2125; x_wconf 87' lang='grc' dir='ltr'>τῆς</span> <span class='ocrx_word' id='word_1_555' title='bbox 443 2090 679 2128; x_wconf 76' lang='grc' dir='ltr'>ἐπιθεωρουμένης</span> <span class='ocrx_word' id='word_1_556' title='bbox 690 2092 728 2128; x_wconf 78' lang='grc' dir='ltr'><strong>τῷ</strong></span> <span class='ocrx_word' id='word_1_557' title='bbox 744 2093 844 2129; x_wconf 78' lang='grc' dir='ltr'>σιδήρῳ</span> 
     </span>
    </p>
   </div>
   <div class='ocr_carea' id='block_1_75' title="bbox 65 2134 844 2174">
    <p class='ocr_par' dir='ltr' id='par_1_75' title="bbox 65 2134 844 2174">
     <span class='ocr_line' id='line_1_75' title="bbox 65 2134 844 2174; baseline 0.006 -14"><span class='ocrx_word' id='word_1_558' title='bbox 65 2134 194 2169; x_wconf 73' lang='grc' dir='ltr'>ποιότητος</span> <span class='ocrx_word' id='word_1_559' title='bbox 217 2136 269 2170; x_wconf 84' lang='grc' dir='ltr'>τὴν</span> <span class='ocrx_word' id='word_1_560' title='bbox 290 2136 356 2171; x_wconf 77' lang='grc' dir='ltr'>ὓλην</span> <span class='ocrx_word' id='word_1_561' title='bbox 379 2137 635 2172; x_wconf 57' lang='grc' dir='ltr'>προσαγορεύομεν</span> <span class='ocrx_word' id='word_1_562' title='bbox 659 2138 689 2164; x_wconf 81' lang='grc' dir='ltr'>οὑ</span> <span class='ocrx_word' id='word_1_563' title='bbox 718 2138 771 2174; x_wconf 78' lang='grc' dir='ltr'>γὰρ</span> <span class='ocrx_word' id='word_1_564' title='bbox 789 2139 844 2174; x_wconf 81' lang='grc' dir='ltr'><strong>πῦρ</strong></span> 
     </span>
    </p>
   </div>
   <div class='ocr_carea' id='block_1_76' title="bbox 64 2180 840 2218">
    <p class='ocr_par' dir='ltr' id='par_1_76' title="bbox 64 2180 840 2218">
     <span class='ocr_line' id='line_1_76' title="bbox 64 2180 840 2218; baseline 0.008 -12"><span class='ocrx_word' id='word_1_565' title='bbox 64 2180 144 2213; x_wconf 73' lang='grc' dir='ltr'>αὑτὸν,</span> <span class='ocrx_word' id='word_1_566' title='bbox 160 2181 176 2217; x_wconf 83' lang='grc' dir='ltr'><strong>ἢ</strong></span> <span class='ocrx_word' id='word_1_567' title='bbox 196 2182 369 2217; x_wconf 78' lang='grc' dir='ltr'>κρύσταλλον</span> <span class='ocrx_word' id='word_1_568' title='bbox 381 2183 548 2218; x_wconf 83' lang='grc' dir='ltr'>ὀνομάζομεν</span> <span class='ocrx_word' id='word_1_569' title='bbox 562 2184 608 2211; x_wconf 79' lang='grc' dir='ltr'>τὸν</span> <span class='ocrx_word' id='word_1_570' title='bbox 622 2184 662 2211; x_wconf 77' lang='grc' dir='ltr'><strong>ἑνὶ</strong></span> <span class='ocrx_word' id='word_1_571' title='bbox 677 2185 779 2212; x_wconf 77' lang='grc' dir='ltr'>τούτων</span> <span class='ocrx_word' id='word_1_572' title='bbox 791 2194 840 2212; x_wconf 90' lang='grc' dir='ltr'><strong>πε-</strong></span> 
     </span>
    </p>
   </div>
   <div class='ocr_carea' id='block_1_77' title="bbox 899 1590 1687 1627">
    <p class='ocr_par' dir='ltr' id='par_1_77' title="bbox 899 1590 1687 1627">
     <span class='ocr_line' id='line_1_77' title="bbox 899 1590 1687 1627; baseline -0.004 -8"><span class='ocrx_word' id='word_1_573' title='bbox 899 1593 964 1620; x_wconf 88' lang='lat' dir='ltr'><strong>ferri</strong></span> <span class='ocrx_word' id='word_1_574' title='bbox 987 1595 1088 1627; x_wconf 84' lang='lat' dir='ltr'><strong>queat,</strong></span> <span class='ocrx_word' id='word_1_575' title='bbox 1116 1591 1153 1618; x_wconf 88' lang='lat' dir='ltr'><strong>ita</strong></span> <span class='ocrx_word' id='word_1_576' title='bbox 1172 1595 1202 1618; x_wconf 90' lang='lat' dir='ltr'><strong>ut</strong></span> <span class='ocrx_word' id='word_1_577' title='bbox 1220 1599 1252 1618; x_wconf 80' lang='lat' dir='ltr'><strong>ex</strong></span> <span class='ocrx_word' id='word_1_578' title='bbox 1267 1598 1347 1626; x_wconf 69' lang='lat' dir='ltr'><strong>teque</strong></span> <span class='ocrx_word' id='word_1_579' title='bbox 1371 1590 1577 1618; x_wconf 81' lang='lat' dir='ltr'><strong>contrariorum</strong></span> <span class='ocrx_word' id='word_1_580' title='bbox 1601 1597 1687 1625; x_wconf 80' lang='lat' dir='ltr'><strong>capax</strong></span> 
     </span>
    </p>
   </div>
   <div class='ocr_carea' id='block_1_78' title="bbox 898 1635 1692 1671">
    <p class='ocr_par' dir='ltr' id='par_1_78' title="bbox 898 1635 1692 1671">
     <span class='ocr_line' id='line_1_78' title="bbox 898 1635 1692 1671; baseline -0.005 -5"><span class='ocrx_word' id='word_1_581' title='bbox 898 1639 934 1666; x_wconf 89' lang='lat' dir='ltr'><strong>sit</strong></span> <span class='ocrx_word' id='word_1_582' title='bbox 949 1638 1099 1666; x_wconf 85' lang='lat' dir='ltr'><strong>constituta</strong></span> <span class='ocrx_word' id='word_1_583' title='bbox 1114 1637 1142 1664; x_wconf 93' lang='lat' dir='ltr'><strong>in</strong></span> <span class='ocrx_word' id='word_1_584' title='bbox 1160 1636 1282 1665; x_wconf 81' lang='lat' dir='ltr'><strong>confinio</strong></span> <span class='ocrx_word' id='word_1_585' title='bbox 1299 1637 1431 1664; x_wconf 88' lang='lat' dir='ltr'><strong>bonitatis</strong></span> <span class='ocrx_word' id='word_1_586' title='bbox 1443 1655 1451 1668; x_wconf 82' lang='lat'><strong>,</strong></span> <span class='ocrx_word' id='word_1_587' title='bbox 1471 1636 1587 1671; x_wconf 77' lang='lat' dir='ltr'><strong>ejusque</strong></span> <span class='ocrx_word' id='word_1_588' title='bbox 1610 1635 1692 1671; x_wconf 78' lang='lat' dir='ltr'><strong>quod</strong></span> 
     </span>
    </p>
   </div>
   <div class='ocr_carea' id='block_1_79' title="bbox 899 1681 1693 1717">
    <p class='ocr_par' dir='ltr' id='par_1_79' title="bbox 899 1681 1693 1717">
     <span class='ocr_line' id='line_1_79' title="bbox 899 1681 1693 1717; baseline -0.004 -6"><span class='ocrx_word' id='word_1_589' title='bbox 899 1684 963 1712; x_wconf 76' lang='lat' dir='ltr'><strong>huic</strong></span> <span class='ocrx_word' id='word_1_590' title='bbox 989 1684 1172 1711; x_wconf 74' lang='lat' dir='ltr'><strong>adversatur:</strong></span> <span class='ocrx_word' id='word_1_591' title='bbox 1202 1686 1333 1710; x_wconf 77' lang='lat' dir='ltr'><strong>extremae</strong></span> <span class='ocrx_word' id='word_1_592' title='bbox 1359 1682 1504 1717; x_wconf 87' lang='lat' dir='ltr'><strong>cujusdam</strong></span> <span class='ocrx_word' id='word_1_593' title='bbox 1538 1681 1693 1716; x_wconf 28' lang='lat' dir='ltr'><strong>impietatis:</strong></span> 
     </span>
    </p>
   </div>
   <div class='ocr_carea' id='block_1_80' title="bbox 899 1726 1694 1765">
    <p class='ocr_par' dir='ltr' id='par_1_80' title="bbox 899 1726 1694 1765">
     <span class='ocr_line' id='line_1_80' title="bbox 899 1726 1694 1765; baseline -0.005 -8"><span class='ocrx_word' id='word_1_594' title='bbox 899 1733 1094 1765; x_wconf 78' lang='lat' dir='ltr'><strong>argumentum</strong></span> <span class='ocrx_word' id='word_1_595' title='bbox 1108 1732 1160 1756; x_wconf 89' lang='lat' dir='ltr'><strong>est.</strong></span> <span class='ocrx_word' id='word_1_596' title='bbox 1178 1728 1261 1756; x_wconf 87' lang='lat' dir='ltr'><strong>Aliud</strong></span> <span class='ocrx_word' id='word_1_597' title='bbox 1276 1728 1349 1755; x_wconf 91' lang='lat' dir='ltr'><strong>enim</strong></span> <span class='ocrx_word' id='word_1_598' title='bbox 1365 1728 1440 1754; x_wconf 92' lang='lat' dir='ltr'><strong>illam</strong></span> <span class='ocrx_word' id='word_1_599' title='bbox 1455 1735 1518 1755; x_wconf 88' lang='lat' dir='ltr'><strong>esse</strong></span> <span class='ocrx_word' id='word_1_600' title='bbox 1535 1726 1694 1755; x_wconf 82' lang='lat' dir='ltr'><strong>secundum</strong></span> 
     </span>
    </p>
   </div>
   <div class='ocr_carea' id='block_1_81' title="bbox 899 1772 1688 1810">
    <p class='ocr_par' dir='ltr' id='par_1_81' title="bbox 899 1772 1688 1810">
     <span class='ocr_line' id='line_1_81' title="bbox 899 1772 1688 1810; baseline -0.006 -8"><span class='ocrx_word' id='word_1_601' title='bbox 899 1775 1036 1810; x_wconf 85' lang='lat' dir='ltr'><strong>propriam</strong></span> <span class='ocrx_word' id='word_1_602' title='bbox 1054 1782 1132 1802; x_wconf 90' lang='lat' dir='ltr'><strong>suam</strong></span> <span class='ocrx_word' id='word_1_603' title='bbox 1148 1774 1282 1801; x_wconf 87' lang='lat' dir='ltr'><strong>rationem</strong></span> <span class='ocrx_word' id='word_1_604' title='bbox 1296 1793 1303 1805; x_wconf 93' lang='lat'><strong>,</strong></span> <span class='ocrx_word' id='word_1_605' title='bbox 1319 1776 1346 1800; x_wconf 88' lang='lat' dir='ltr'><strong>et</strong></span> <span class='ocrx_word' id='word_1_606' title='bbox 1360 1772 1433 1799; x_wconf 89' lang='lat' dir='ltr'><strong>aliud</strong></span> <span class='ocrx_word' id='word_1_607' title='bbox 1451 1773 1524 1799; x_wconf 87' lang='lat' dir='ltr'><strong>illam</strong></span> <span class='ocrx_word' id='word_1_608' title='bbox 1541 1772 1688 1807; x_wconf 82' lang='lat' dir='ltr'><strong>participa-</strong></span> 
     </span>
    </p>
   </div>
   <div class='ocr_carea' id='block_1_82' title="bbox 899 1816 1694 1853">
    <p class='ocr_par' dir='ltr' id='par_1_82' title="bbox 899 1816 1694 1853">
     <span class='ocr_line' id='line_1_82' title="bbox 899 1816 1694 1853; baseline -0.006 -5"><span class='ocrx_word' id='word_1_609' title='bbox 899 1821 974 1848; x_wconf 87' lang='lat' dir='ltr'><strong>tione</strong></span> <span class='ocrx_word' id='word_1_610' title='bbox 986 1820 1118 1848; x_wconf 88' lang='lat' dir='ltr'><strong>bonitatis</strong></span> <span class='ocrx_word' id='word_1_611' title='bbox 1131 1819 1190 1846; x_wconf 84' lang='lat' dir='ltr'><strong>fieri</strong></span> <span class='ocrx_word' id='word_1_612' title='bbox 1206 1840 1213 1853; x_wconf 90' lang='lat'><strong>,</strong></span> <span class='ocrx_word' id='word_1_613' title='bbox 1229 1819 1267 1850; x_wconf 88' lang='lat' dir='ltr'><strong>is,</strong></span> <span class='ocrx_word' id='word_1_614' title='bbox 1281 1819 1328 1853; x_wconf 90' lang='lat' dir='ltr'><strong>qui</strong></span> <span class='ocrx_word' id='word_1_615' title='bbox 1345 1818 1410 1845; x_wconf 85' lang='lat' dir='ltr'><strong>talia</strong></span> <span class='ocrx_word' id='word_1_616' title='bbox 1424 1817 1506 1844; x_wconf 89' lang='lat' dir='ltr'><strong>tradit</strong></span> <span class='ocrx_word' id='word_1_617' title='bbox 1522 1816 1694 1852; x_wconf 79' lang='lat' dir='ltr'><strong>persuadere</strong></span> 
     </span>
    </p>
   </div>
   <div class='ocr_carea' id='block_1_83' title="bbox 898 1862 1694 1898">
    <p class='ocr_par' dir='ltr' id='par_1_83' title="bbox 898 1862 1694 1898">
     <span class='ocr_line' id='line_1_83' title="bbox 898 1862 1694 1898; baseline -0.005 -5"><span class='ocrx_word' id='word_1_618' title='bbox 898 1870 1026 1893; x_wconf 73' lang='lat' dir='ltr'><strong>certatur:</strong></span> <span class='ocrx_word' id='word_1_619' title='bbox 1039 1870 1069 1892; x_wconf 94' lang='lat' dir='ltr'><strong>ut</strong></span> <span class='ocrx_word' id='word_1_620' title='bbox 1084 1865 1112 1892; x_wconf 91' lang='lat' dir='ltr'><strong>in</strong></span> <span class='ocrx_word' id='word_1_621' title='bbox 1130 1864 1202 1892; x_wconf 88' lang='lat' dir='ltr'><strong>ferro</strong></span> <span class='ocrx_word' id='word_1_622' title='bbox 1221 1864 1338 1896; x_wconf 87' lang='lat' dir='ltr'><strong>accidit,</strong></span> <span class='ocrx_word' id='word_1_623' title='bbox 1353 1863 1426 1898; x_wconf 92' lang='lat' dir='ltr'><strong>quod</strong></span> <span class='ocrx_word' id='word_1_624' title='bbox 1442 1863 1470 1890; x_wconf 93' lang='lat' dir='ltr'><strong>in</strong></span> <span class='ocrx_word' id='word_1_625' title='bbox 1485 1863 1547 1898; x_wconf 72' lang='lat' dir='ltr'><strong>igne</strong></span> <span class='ocrx_word' id='word_1_626' title='bbox 1561 1863 1607 1889; x_wconf 92' lang='lat' dir='ltr'><strong>diu</strong></span> <span class='ocrx_word' id='word_1_627' title='bbox 1625 1862 1694 1889; x_wconf 51' lang='lat' dir='ltr'><strong>reli-r</strong></span> 
     </span>
    </p>
   </div>
   <div class='ocr_carea' id='block_1_84' title="bbox 898 1908 1687 1946">
    <p class='ocr_par' dir='ltr' id='par_1_84' title="bbox 898 1908 1687 1946">
     <span class='ocr_line' id='line_1_84' title="bbox 898 1908 1687 1946; baseline -0.006 -7"><span class='ocrx_word' id='word_1_628' title='bbox 898 1916 972 1940; x_wconf 89' lang='lat' dir='ltr'><strong>ctum</strong></span> <span class='ocrx_word' id='word_1_629' title='bbox 983 1931 990 1944; x_wconf 92' lang='lat'><strong>,</strong></span> <span class='ocrx_word' id='word_1_630' title='bbox 1005 1911 1106 1938; x_wconf 89' lang='lat' dir='ltr'><strong>caloris</strong></span> <span class='ocrx_word' id='word_1_631' title='bbox 1121 1911 1283 1946; x_wconf 86' lang='lat' dir='ltr'><strong>qualitatem</strong></span> <span class='ocrx_word' id='word_1_632' title='bbox 1300 1909 1406 1942; x_wconf 86' lang='lat' dir='ltr'><strong>induit,</strong></span> <span class='ocrx_word' id='word_1_633' title='bbox 1420 1909 1466 1937; x_wconf 80' lang='lat' dir='ltr'><strong>sed</strong></span> <span class='ocrx_word' id='word_1_634' title='bbox 1481 1912 1570 1935; x_wconf 89' lang='lat' dir='ltr'><strong>tamen</strong></span> <span class='ocrx_word' id='word_1_635' title='bbox 1585 1908 1687 1936; x_wconf 88' lang='lat' dir='ltr'><strong>ferrum</strong></span> 
     </span>
    </p>
   </div>
   <div class='ocr_carea' id='block_1_85' title="bbox 899 1954 1694 1991">
    <p class='ocr_par' dir='ltr' id='par_1_85' title="bbox 899 1954 1694 1991">
     <span class='ocr_line' id='line_1_85' title="bbox 899 1954 1694 1991; baseline -0.008 -6"><span class='ocrx_word' id='word_1_636' title='bbox 899 1961 990 1985; x_wconf 80' lang='lat' dir='ltr'><strong>manet</strong></span> <span class='ocrx_word' id='word_1_637' title='bbox 1003 1966 1009 1990; x_wconf 87' lang='lat'><strong>;</strong></span> <span class='ocrx_word' id='word_1_638' title='bbox 1023 1957 1046 1984; x_wconf 87' lang='lat' dir='ltr'><strong>si</strong></span> <span class='ocrx_word' id='word_1_639' title='bbox 1060 1964 1125 1984; x_wconf 89' lang='lat' dir='ltr'><strong>vero</strong></span> <span class='ocrx_word' id='word_1_640' title='bbox 1140 1956 1281 1991; x_wconf 83' lang='lat' dir='ltr'><strong>injiciatur</strong></span> <span class='ocrx_word' id='word_1_641' title='bbox 1292 1956 1349 1983; x_wconf 89' lang='lat' dir='ltr'><strong>nivi</strong></span> <span class='ocrx_word' id='word_1_642' title='bbox 1365 1955 1407 1982; x_wconf 82' lang='lat' dir='ltr'><strong>vel</strong></span> <span class='ocrx_word' id='word_1_643' title='bbox 1419 1954 1530 1990; x_wconf 77' lang='lat' dir='ltr'><strong>glaciei,</strong></span> <span class='ocrx_word' id='word_1_644' title='bbox 1544 1958 1610 1981; x_wconf 85' lang='lat' dir='ltr'><strong>tunc</strong></span> <span class='ocrx_word' id='word_1_645' title='bbox 1623 1961 1694 1988; x_wconf 64' lang='grc' dir='ltr'>αυτ--</span> 
     </span>
    </p>
   </div>
   <div class='ocr_carea' id='block_1_86' title="bbox 898 1998 1692 2034">
    <p class='ocr_par' dir='ltr' id='par_1_86' title="bbox 898 1998 1692 2034">
     <span class='ocr_line' id='line_1_86' title="bbox 898 1998 1692 2034; baseline -0.01 -4"><span class='ocrx_word' id='word_1_646' title='bbox 898 2003 1001 2030; x_wconf 80' lang='lat' dir='ltr'><strong>litatem</strong></span> <span class='ocrx_word' id='word_1_647' title='bbox 1024 2008 1102 2030; x_wconf 90' lang='lat' dir='ltr'><strong>suam</strong></span> <span class='ocrx_word' id='word_1_648' title='bbox 1128 1999 1277 2028; x_wconf 77' lang='lat' dir='ltr'><strong>valentiore</strong></span> <span class='ocrx_word' id='word_1_649' title='bbox 1299 1999 1371 2027; x_wconf 87' lang='lat' dir='ltr'><strong>nivis</strong></span> <span class='ocrx_word' id='word_1_650' title='bbox 1395 1998 1497 2034; x_wconf 76' lang='lat' dir='ltr'><strong>frigore</strong></span> <span class='ocrx_word' id='word_1_651' title='bbox 1519 2000 1692 2029; x_wconf 73' lang='lat' dir='ltr'><strong>commutat,</strong></span> 
     </span>
    </p>
   </div>
   <div class='ocr_carea' id='block_1_87' title="bbox 898 2045 1378 2084">
    <p class='ocr_par' dir='ltr' id='par_1_87' title="bbox 898 2045 1378 2084">
     <span class='ocr_line' id='line_1_87' title="bbox 898 2045 1378 2084; baseline -0.008 -8"><span class='ocrx_word' id='word_1_652' title='bbox 898 2049 981 2084; x_wconf 82' lang='lat' dir='ltr'><strong>idque</strong></span> <span class='ocrx_word' id='word_1_653' title='bbox 996 2048 1066 2075; x_wconf 84' lang='lat' dir='ltr'><strong>intra</strong></span> <span class='ocrx_word' id='word_1_654' title='bbox 1083 2051 1175 2082; x_wconf 83' lang='lat' dir='ltr'><strong>partes</strong></span> <span class='ocrx_word' id='word_1_655' title='bbox 1191 2053 1256 2074; x_wconf 88' lang='lat' dir='ltr'><strong>suas</strong></span> <span class='ocrx_word' id='word_1_656' title='bbox 1268 2045 1378 2080; x_wconf 85' lang='lat' dir='ltr'><strong>recipit.</strong></span> 
     </span>
    </p>
   </div>
   <div class='ocr_carea' id='block_1_88' title="bbox 910 2089 1687 2132">
    <p class='ocr_par' dir='ltr' id='par_1_88' title="bbox 910 2089 1687 2132">
     <span class='ocr_line' id='line_1_88' title="bbox 910 2089 1687 2132; baseline -0.009 -11"><span class='ocrx_word' id='word_1_657' title='bbox 910 2124 918 2132; x_wconf 15' lang='grc' dir='ltr'><strong>γ</strong></span> <span class='ocrx_word' id='word_1_658' title='bbox 934 2092 1168 2127; x_wconf 85' lang='lat' dir='ltr'><strong>Quemadmodum</strong></span> <span class='ocrx_word' id='word_1_659' title='bbox 1182 2091 1266 2127; x_wconf 81' lang='lat' dir='ltr'><strong>igitur</strong></span> <span class='ocrx_word' id='word_1_660' title='bbox 1276 2099 1331 2118; x_wconf 92' lang='lat' dir='ltr'><strong>non</strong></span> <span class='ocrx_word' id='word_1_661' title='bbox 1344 2099 1377 2118; x_wconf 81' lang='lat' dir='ltr'><strong>ex</strong></span> <span class='ocrx_word' id='word_1_662' title='bbox 1389 2090 1523 2125; x_wconf 89' lang='lat' dir='ltr'><strong>impressa</strong></span> <span class='ocrx_word' id='word_1_663' title='bbox 1537 2089 1609 2116; x_wconf 89' lang='lat' dir='ltr'><strong>ferro</strong></span> <span class='ocrx_word' id='word_1_664' title='bbox 1620 2095 1687 2123; x_wconf 89' lang='lat' dir='ltr'><strong>qua-</strong></span> 
     </span>
    </p>
   </div>
   <div class='ocr_carea' id='block_1_89' title="bbox 899 2134 1688 2170">
    <p class='ocr_par' dir='ltr' id='par_1_89' title="bbox 899 2134 1688 2170">
     <span class='ocr_line' id='line_1_89' title="bbox 899 2134 1688 2170; baseline -0.009 -3"><span class='ocrx_word' id='word_1_665' title='bbox 899 2140 974 2167; x_wconf 87' lang='lat' dir='ltr'><strong>litate</strong></span> <span class='ocrx_word' id='word_1_666' title='bbox 993 2138 1134 2166; x_wconf 83' lang='lat' dir='ltr'><strong>materiam</strong></span> <span class='ocrx_word' id='word_1_667' title='bbox 1161 2137 1392 2170; x_wconf 88' lang='lat' dir='ltr'><strong>denominamus,</strong></span> <span class='ocrx_word' id='word_1_668' title='bbox 1418 2143 1508 2170; x_wconf 92' lang='lat' dir='ltr'><strong>neque</strong></span> <span class='ocrx_word' id='word_1_669' title='bbox 1534 2135 1623 2170; x_wconf 73' lang='lat' dir='ltr'><strong>ignem</strong></span> <span class='ocrx_word' id='word_1_670' title='bbox 1644 2134 1688 2161; x_wconf 82' lang='lat' dir='ltr'><strong>vel</strong></span> 
     </span>
    </p>
   </div>
   <div class='ocr_carea' id='block_1_90' title="bbox 900 2179 1687 2221">
    <p class='ocr_par' dir='ltr' id='par_1_90' title="bbox 900 2179 1687 2221">
     <span class='ocr_line' id='line_1_90' title="bbox 900 2179 1687 2221; baseline -0.008 -9"><span class='ocrx_word' id='word_1_671' title='bbox 900 2185 1016 2221; x_wconf 77' lang='lat' dir='ltr'><strong>glaciem</strong></span> <span class='ocrx_word' id='word_1_672' title='bbox 1030 2191 1176 2215; x_wconf 85' lang='lat' dir='ltr'><strong>vocamus,</strong></span> <span class='ocrx_word' id='word_1_673' title='bbox 1195 2190 1227 2210; x_wconf 89' lang='lat' dir='ltr'><strong>eo</strong></span> <span class='ocrx_word' id='word_1_674' title='bbox 1242 2181 1316 2218; x_wconf 90' lang='lat' dir='ltr'><strong>quod</strong></span> <span class='ocrx_word' id='word_1_675' title='bbox 1333 2182 1494 2209; x_wconf 86' lang='lat' dir='ltr'><strong>alterutrius</strong></span> <span class='ocrx_word' id='word_1_676' title='bbox 1509 2179 1687 2215; x_wconf 86' lang='lat' dir='ltr'><strong>qualitatibus</strong></span> 
     </span>
    </p>
   </div>
   <div class='ocr_carea' id='block_1_91' title="bbox 65 2225 843 2268">
    <p class='ocr_par' dir='ltr' id='par_1_91' title="bbox 65 2227 843 2264">
     <span class='ocr_line' id='line_1_91' title="bbox 65 2227 843 2264; baseline 0.008 -12"><span class='ocrx_word' id='word_1_677' title='bbox 65 2227 202 2262; x_wconf 74' lang='grc' dir='ltr'>ποιωμένον</span> <span class='ocrx_word' id='word_1_678' title='bbox 216 2236 224 2244; x_wconf 79' lang='lat'>&#39;</span> <span class='ocrx_word' id='word_1_679' title='bbox 241 2228 330 2260; x_wconf 78' lang='grc' dir='ltr'>οὕτως</span> <span class='ocrx_word' id='word_1_680' title='bbox 349 2228 373 2255; x_wconf 87' lang='grc' dir='ltr'><strong>εί</strong></span> <span class='ocrx_word' id='word_1_681' title='bbox 393 2228 481 2264; x_wconf 86' lang='grc' dir='ltr'>δοθείη</span> <span class='ocrx_word' id='word_1_682' title='bbox 492 2249 499 2262; x_wconf 90' lang='grc'><strong>,</strong></span> <span class='ocrx_word' id='word_1_683' title='bbox 518 2229 588 2256; x_wconf 79' lang='grc' dir='ltr'>κατὰ</span> <span class='ocrx_word' id='word_1_684' title='bbox 612 2230 657 2257; x_wconf 77' lang='grc' dir='ltr'>τὸν</span> <span class='ocrx_word' id='word_1_685' title='bbox 673 2231 726 2258; x_wconf 85' lang='grc' dir='ltr'>τῶν</span> <span class='ocrx_word' id='word_1_686' title='bbox 740 2231 843 2259; x_wconf 75' lang='grc' dir='ltr'>ἀσεϐῶν</span> 
     </span>
    </p>
   </div>
   <div class='ocr_carea' id='block_1_92' title="bbox 897 2225 1686 2268">
    <p class='ocr_par' dir='ltr' id='par_1_92' title="bbox 899 2225 1686 2261">
     <span class='ocr_line' id='line_1_92' title="bbox 899 2225 1686 2261; baseline -0.01 -3"><span class='ocrx_word' id='word_1_687' title='bbox 899 2230 1025 2258; x_wconf 67' lang='lat' dir='ltr'><strong>allectum</strong></span> <span class='ocrx_word' id='word_1_688' title='bbox 1053 2229 1088 2258; x_wconf 87' lang='lat' dir='ltr'><strong>sit</strong></span> <span class='ocrx_word' id='word_1_689' title='bbox 1107 2238 1113 2256; x_wconf 91' lang='lat'>:</span> <span class='ocrx_word' id='word_1_690' title='bbox 1134 2229 1173 2256; x_wconf 89' lang='lat' dir='ltr'><strong>ita</strong></span> <span class='ocrx_word' id='word_1_691' title='bbox 1189 2229 1213 2256; x_wconf 91' lang='lat' dir='ltr'><strong>si</strong></span> <span class='ocrx_word' id='word_1_692' title='bbox 1229 2227 1408 2259; x_wconf 88' lang='lat' dir='ltr'><strong>concedatur,</strong></span> <span class='ocrx_word' id='word_1_693' title='bbox 1424 2229 1454 2254; x_wconf 91' lang='lat' dir='ltr'><strong>ut</strong></span> <span class='ocrx_word' id='word_1_694' title='bbox 1473 2226 1550 2261; x_wconf 89' lang='lat' dir='ltr'><strong>impii</strong></span> <span class='ocrx_word' id='word_1_695' title='bbox 1573 2225 1686 2256; x_wconf 89' lang='lat' dir='ltr'><strong>volunt,</strong></span> 
     </span>
    </p>
   </div>
   <div class='ocr_carea' id='block_1_93' title="bbox 63 2273 851 2312">
    <p class='ocr_par' dir='ltr' id='par_1_93' title="bbox 63 2273 851 2312">
     <span class='ocr_line' id='line_1_93' title="bbox 63 2273 851 2312; baseline 0.009 -13"><span class='ocrx_word' id='word_1_696' title='bbox 63 2273 140 2308; x_wconf 78' lang='grc' dir='ltr'>λόγον,</span> <span class='ocrx_word' id='word_1_697' title='bbox 153 2275 200 2301; x_wconf 73' lang='grc' dir='ltr'><strong>ἐπὶ</strong></span> <span class='ocrx_word' id='word_1_698' title='bbox 213 2276 266 2308; x_wconf 79' lang='grc' dir='ltr'>τῆς</span> <span class='ocrx_word' id='word_1_699' title='bbox 288 2274 419 2307; x_wconf 78' lang='grc' dir='ltr'>ζωοποιοΰ</span> <span class='ocrx_word' id='word_1_700' title='bbox 437 2275 576 2311; x_wconf 82' lang='grc' dir='ltr'>δυνάμεως</span> <span class='ocrx_word' id='word_1_701' title='bbox 589 2296 597 2309; x_wconf 94' lang='grc'><strong>,</strong></span> <span class='ocrx_word' id='word_1_702' title='bbox 617 2277 653 2312; x_wconf 85' lang='grc' dir='ltr'>μὴ</span> <span class='ocrx_word' id='word_1_703' title='bbox 677 2279 736 2304; x_wconf 82' lang='grc' dir='ltr'>κατ’</span> <span class='ocrx_word' id='word_1_704' title='bbox 750 2279 851 2306; x_wconf 54' lang='lat' dir='ltr'><strong>obsim:</strong></span> 
     </span>
    </p>
   </div>
   <div class='ocr_carea' id='block_1_94' title="bbox 62 2319 848 2360">
    <p class='ocr_par' dir='ltr' id='par_1_94' title="bbox 62 2319 848 2360">
     <span class='ocr_line' id='line_1_94' title="bbox 62 2319 848 2360; baseline 0.009 -15"><span class='ocrx_word' id='word_1_705' title='bbox 62 2319 214 2355; x_wconf 71' lang='grc' dir='ltr'>ἐνυπάρχειν</span> <span class='ocrx_word' id='word_1_706' title='bbox 231 2320 304 2356; x_wconf 79' lang='grc' dir='ltr'>αὐτῇ</span> <span class='ocrx_word' id='word_1_707' title='bbox 314 2321 345 2347; x_wconf 84' lang='grc' dir='ltr'>τὸ</span> <span class='ocrx_word' id='word_1_708' title='bbox 360 2321 460 2354; x_wconf 85' lang='grc' dir='ltr'>ἀγαθόν</span> <span class='ocrx_word' id='word_1_709' title='bbox 473 2330 479 2337; x_wconf 81' lang='lat'>&#39;</span> <span class='ocrx_word' id='word_1_710' title='bbox 491 2322 548 2348; x_wconf 80' lang='grc' dir='ltr'>ἀλλ’</span> <span class='ocrx_word' id='word_1_711' title='bbox 559 2323 591 2349; x_wconf 79' lang='grc' dir='ltr'><strong>ὲκ</strong></span> <span class='ocrx_word' id='word_1_712' title='bbox 605 2325 749 2358; x_wconf 86' lang='grc' dir='ltr'>μετουσίας</span> <span class='ocrx_word' id='word_1_713' title='bbox 764 2334 848 2360; x_wconf 55' lang='grc' dir='ltr'>προσ-ν</span> 
     </span>
    </p>
   </div>
   <div class='ocr_carea' id='block_1_95' title="bbox 61 2364 846 2407">
    <p class='ocr_par' dir='ltr' id='par_1_95' title="bbox 61 2364 846 2407">
     <span class='ocr_line' id='line_1_95' title="bbox 61 2364 846 2407; baseline 0.009 -17"><span class='ocrx_word' id='word_1_714' title='bbox 61 2364 191 2397; x_wconf 80' lang='grc' dir='ltr'>γίνεσθαι·</span> <span class='ocrx_word' id='word_1_715' title='bbox 215 2366 312 2393; x_wconf 74' lang='grc' dir='ltr'>οὐκέτι</span> <span class='ocrx_word' id='word_1_716' title='bbox 340 2367 372 2393; x_wconf 75' lang='grc' dir='ltr'><strong>ἐκ</strong></span> <span class='ocrx_word' id='word_1_717' title='bbox 391 2368 439 2401; x_wconf 84' lang='grc' dir='ltr'>τῆς</span> <span class='ocrx_word' id='word_1_718' title='bbox 465 2368 512 2394; x_wconf 82' lang='grc' dir='ltr'>τοῦ</span> <span class='ocrx_word' id='word_1_719' title='bbox 529 2368 631 2402; x_wconf 78' lang='grc' dir='ltr'>ἀγαθοῦ</span> <span class='ocrx_word' id='word_1_720' title='bbox 658 2371 846 2407; x_wconf 78' lang='grc' dir='ltr'>προσηγορίας</span> 
     </span>
    </p>
   </div>
   <div class='ocr_carea' id='block_1_96' title="bbox 60 2411 844 2452">
    <p class='ocr_par' dir='ltr' id='par_1_96' title="bbox 60 2411 844 2452">
     <span class='ocr_line' id='line_1_96' title="bbox 60 2411 844 2452; baseline 0.009 -16"><span class='ocrx_word' id='word_1_721' title='bbox 60 2411 153 2445; x_wconf 82' lang='grc' dir='ltr'>κυρίως</span> <span class='ocrx_word' id='word_1_722' title='bbox 179 2411 413 2447; x_wconf 82' lang='grc' dir='ltr'>ὀνομασθήσεται.</span> <span class='ocrx_word' id='word_1_723' title='bbox 436 2413 515 2440; x_wconf 86' lang='grc' dir='ltr'><strong>Ἀλλά</strong></span> <span class='ocrx_word' id='word_1_724' title='bbox 538 2422 564 2440; x_wconf 90' lang='grc' dir='ltr'><strong>τι</strong></span> <span class='ocrx_word' id='word_1_725' title='bbox 589 2414 681 2450; x_wconf 71' lang='grc' dir='ltr'>ἕτερον</span> <span class='ocrx_word' id='word_1_726' title='bbox 706 2416 805 2443; x_wconf 79' lang='grc' dir='ltr'>ἐννοεῖν</span> <span class='ocrx_word' id='word_1_727' title='bbox 827 2418 844 2452; x_wconf 82' lang='grc' dir='ltr'>ἡ</span> 
     </span>
    </p>
   </div>
   <div class='ocr_carea' id='block_1_97' title="bbox 60 2456 844 2499">
    <p class='ocr_par' dir='ltr' id='par_1_97' title="bbox 60 2456 844 2499">
     <span class='ocr_line' id='line_1_97' title="bbox 60 2456 844 2499; baseline 0.011 -18"><span class='ocrx_word' id='word_1_728' title='bbox 60 2456 161 2490; x_wconf 81' lang='grc' dir='ltr'>τοιαύτη</span> <span class='ocrx_word' id='word_1_729' title='bbox 177 2457 319 2493; x_wconf 78' lang='grc' dir='ltr'>ὑπόληψις</span> <span class='ocrx_word' id='word_1_730' title='bbox 334 2457 493 2492; x_wconf 78' lang='grc' dir='ltr'>ἀναγκάσει,</span> <span class='ocrx_word' id='word_1_731' title='bbox 511 2459 548 2492; x_wconf 87' lang='grc' dir='ltr'>ὡς</span> <span class='ocrx_word' id='word_1_732' title='bbox 570 2461 637 2496; x_wconf 85' lang='grc' dir='ltr'>μήτε</span> <span class='ocrx_word' id='word_1_733' title='bbox 655 2461 747 2493; x_wconf 78' lang='grc' dir='ltr'>ἀϊδίως</span> <span class='ocrx_word' id='word_1_734' title='bbox 770 2463 844 2499; x_wconf 82' lang='grc' dir='ltr'>αὐτῷ</span> 
     </span>
    </p>
   </div>
   <div class='ocr_carea' id='block_1_98' title="bbox 58 2500 844 2542">
    <p class='ocr_par' dir='ltr' id='par_1_98' title="bbox 58 2500 844 2542">
     <span class='ocr_line' id='line_1_98' title="bbox 58 2500 844 2542; baseline 0.01 -15"><span class='ocrx_word' id='word_1_735' title='bbox 58 2500 85 2526; x_wconf 80' lang='grc' dir='ltr'>τὸ</span> <span class='ocrx_word' id='word_1_736' title='bbox 96 2501 195 2535; x_wconf 76' lang='grc' dir='ltr'>ἀγαθὸν</span> <span class='ocrx_word' id='word_1_737' title='bbox 210 2502 419 2538; x_wconf 73' lang='grc' dir='ltr'>ένθεωρεῖσθαι,</span> <span class='ocrx_word' id='word_1_738' title='bbox 437 2504 507 2539; x_wconf 88' lang='grc' dir='ltr'>μήτε</span> <span class='ocrx_word' id='word_1_739' title='bbox 527 2505 602 2538; x_wconf 81' lang='grc' dir='ltr'>αὐτὸ,</span> <span class='ocrx_word' id='word_1_740' title='bbox 623 2507 692 2542; x_wconf 79' lang='grc' dir='ltr'>ὅπερ</span> <span class='ocrx_word' id='word_1_741' title='bbox 704 2507 794 2540; x_wconf 79' lang='grc' dir='ltr'>ἐστὶν,</span> <span class='ocrx_word' id='word_1_742' title='bbox 815 2509 844 2536; x_wconf 85' lang='grc' dir='ltr'>ἑν</span> 
     </span>
    </p>
   </div>
   <div class='ocr_carea' id='block_1_99' title="bbox 59 2546 843 2585">
    <p class='ocr_par' dir='ltr' id='par_1_99' title="bbox 59 2546 843 2585">
     <span class='ocr_line' id='line_1_99' title="bbox 59 2546 843 2585; baseline 0.01 -14"><span class='ocrx_word' id='word_1_743' title='bbox 59 2547 86 2580; x_wconf 82' lang='grc' dir='ltr'><strong>τῇ</strong></span> <span class='ocrx_word' id='word_1_744' title='bbox 106 2546 151 2572; x_wconf 79' lang='grc' dir='ltr'>τοῦ</span> <span class='ocrx_word' id='word_1_745' title='bbox 183 2546 297 2581; x_wconf 79' lang='grc' dir='ltr'>ἀγαθοῦ</span> <span class='ocrx_word' id='word_1_746' title='bbox 313 2547 393 2582; x_wconf 81' lang='grc' dir='ltr'>φύσει</span> <span class='ocrx_word' id='word_1_747' title='bbox 416 2549 672 2584; x_wconf 74' lang='grc' dir='ltr'>καταλαμϐάνεσθαι</span> <span class='ocrx_word' id='word_1_748' title='bbox 687 2559 693 2566; x_wconf 92' lang='grc'><strong>·</strong></span> <span class='ocrx_word' id='word_1_749' title='bbox 726 2551 783 2578; x_wconf 86' lang='grc' dir='ltr'>ἀλλ’</span> <span class='ocrx_word' id='word_1_750' title='bbox 806 2553 843 2585; x_wconf 84' lang='grc' dir='ltr'>ὡς</span> 
     </span>
    </p>
   </div>
   <div class='ocr_carea' id='block_1_100' title="bbox 58 2592 843 2636">
    <p class='ocr_par' dir='ltr' id='par_1_100' title="bbox 58 2592 843 2636">
     <span class='ocr_line' id='line_1_100' title="bbox 58 2592 843 2636; baseline 0.009 -18"><span class='ocrx_word' id='word_1_751' title='bbox 58 2592 99 2619; x_wconf 72' lang='grc' dir='ltr'><strong>καὶ</strong></span> <span class='ocrx_word' id='word_1_752' title='bbox 120 2593 184 2620; x_wconf 66' lang='grc' dir='ltr'>ποτὲ</span> <span class='ocrx_word' id='word_1_753' title='bbox 206 2593 245 2629; x_wconf 85' lang='grc' dir='ltr'>μὴ</span> <span class='ocrx_word' id='word_1_754' title='bbox 272 2592 305 2620; x_wconf 81' lang='grc' dir='ltr'>ὃν</span> <span class='ocrx_word' id='word_1_755' title='bbox 322 2593 351 2620; x_wconf 85' lang='grc' dir='ltr'>ὲν</span> <span class='ocrx_word' id='word_1_756' title='bbox 374 2593 442 2631; x_wconf 79' lang='grc' dir='ltr'>αὐτῇ</span> <span class='ocrx_word' id='word_1_757' title='bbox 463 2595 494 2622; x_wconf 80' lang='grc' dir='ltr'><strong>τὸ</strong></span> <span class='ocrx_word' id='word_1_758' title='bbox 511 2596 620 2630; x_wconf 81' lang='grc' dir='ltr'>ἀγαθὸν,</span> <span class='ocrx_word' id='word_1_759' title='bbox 649 2597 695 2624; x_wconf 82' lang='grc' dir='ltr'>καὶ</span> <span class='ocrx_word' id='word_1_760' title='bbox 715 2598 780 2625; x_wconf 80' lang='grc' dir='ltr'>ποτὲ</span> <span class='ocrx_word' id='word_1_761' title='bbox 807 2599 843 2636; x_wconf 84' lang='grc' dir='ltr'>μὴ</span> 
     </span>
    </p>
   </div>
   <div class='ocr_carea' id='block_1_101' title="bbox 57 2635 845 2678">
    <p class='ocr_par' dir='ltr' id='par_1_101' title="bbox 57 2635 845 2678">
     <span class='ocr_line' id='line_1_101' title="bbox 57 2635 845 2678; baseline 0.013 -17"><span class='ocrx_word' id='word_1_762' title='bbox 57 2635 187 2671; x_wconf 67' lang='grc' dir='ltr'>ἐσόμενον.</span> <span class='ocrx_word' id='word_1_763' title='bbox 211 2638 246 2665; x_wconf 73' lang='lat' dir='ltr'><strong>Et</strong></span> <span class='ocrx_word' id='word_1_764' title='bbox 257 2637 316 2673; x_wconf 86' lang='grc' dir='ltr'><strong>γὰρ</strong></span> <span class='ocrx_word' id='word_1_765' title='bbox 334 2639 373 2674; x_wconf 84' lang='grc' dir='ltr'>τῷ</span> <span class='ocrx_word' id='word_1_766' title='bbox 389 2641 513 2676; x_wconf 85' lang='grc' dir='ltr'>μετέχειν</span> <span class='ocrx_word' id='word_1_767' title='bbox 523 2641 569 2668; x_wconf 80' lang='grc' dir='ltr'>τοῦ</span> <span class='ocrx_word' id='word_1_768' title='bbox 583 2642 736 2677; x_wconf 85' lang='grc' dir='ltr'>κρείττονος</span> <span class='ocrx_word' id='word_1_769' title='bbox 756 2644 845 2678; x_wconf 81' lang='grc' dir='ltr'>ἀγαθὰ</span> 
     </span>
    </p>
   </div>
   <div class='ocr_carea' id='block_1_102' title="bbox 57 2680 846 2722">
    <p class='ocr_par' dir='ltr' id='par_1_102' title="bbox 57 2680 846 2722">
     <span class='ocr_line' id='line_1_102' title="bbox 57 2680 846 2722; baseline 0.01 -14"><span class='ocrx_word' id='word_1_770' title='bbox 57 2680 171 2715; x_wconf 81' lang='grc' dir='ltr'>γίνεται,</span> <span class='ocrx_word' id='word_1_771' title='bbox 210 2682 298 2718; x_wconf 81' lang='grc' dir='ltr'>δῆλον</span> <span class='ocrx_word' id='word_1_772' title='bbox 319 2683 360 2710; x_wconf 82' lang='grc' dir='ltr'>ὅτι</span> <span class='ocrx_word' id='word_1_773' title='bbox 386 2684 440 2720; x_wconf 77' lang='grc' dir='ltr'>πρὸ</span> <span class='ocrx_word' id='word_1_774' title='bbox 478 2686 528 2720; x_wconf 86' lang='grc' dir='ltr'>τῆς</span> <span class='ocrx_word' id='word_1_775' title='bbox 560 2687 703 2722; x_wconf 84' lang='grc' dir='ltr'>μετουσίας</span> <span class='ocrx_word' id='word_1_776' title='bbox 734 2688 846 2716; x_wconf 84' lang='grc' dir='ltr'>τοιαῦτα</span> 
     </span>
    </p>
   </div>
   <div class='ocr_carea' id='block_1_103' title="bbox 56 2725 847 2768">
    <p class='ocr_par' dir='ltr' id='par_1_103' title="bbox 56 2725 847 2768">
     <span class='ocr_line' id='line_1_103' title="bbox 56 2725 847 2768; baseline 0.011 -15"><span class='ocrx_word' id='word_1_777' title='bbox 56 2727 100 2753; x_wconf 70' lang='grc' dir='ltr'>οὐκ</span> <span class='ocrx_word' id='word_1_778' title='bbox 114 2725 157 2762; x_wconf 76' lang='grc' dir='ltr'><strong>ἦν.</strong></span> <span class='ocrx_word' id='word_1_779' title='bbox 189 2727 250 2755; x_wconf 70' lang='grc' dir='ltr'><strong>Καὶ</strong></span> <span class='ocrx_word' id='word_1_780' title='bbox 277 2728 305 2754; x_wconf 80' lang='grc' dir='ltr'><strong>εί</strong></span> <span class='ocrx_word' id='word_1_781' title='bbox 317 2728 382 2755; x_wconf 76' lang='grc' dir='ltr'>ἄλλο</span> <span class='ocrx_word' id='word_1_782' title='bbox 398 2737 423 2755; x_wconf 87' lang='grc' dir='ltr'><strong>τι</strong></span> <span class='ocrx_word' id='word_1_783' title='bbox 437 2728 500 2756; x_wconf 76' lang='grc' dir='ltr'>ὄντα</span> <span class='ocrx_word' id='word_1_784' title='bbox 513 2733 545 2767; x_wconf 81' lang='grc' dir='ltr'><strong>τῇ</strong></span> <span class='ocrx_word' id='word_1_785' title='bbox 562 2732 698 2768; x_wconf 78' lang='grc' dir='ltr'>παρουσίᾳ</span> <span class='ocrx_word' id='word_1_786' title='bbox 714 2732 761 2760; x_wconf 79' lang='grc' dir='ltr'><strong>τοῦ</strong></span> <span class='ocrx_word' id='word_1_787' title='bbox 780 2734 847 2768; x_wconf 63' lang='grc' dir='ltr'>ἀγαε</span> 
     </span>
    </p>
   </div>
   <div class='ocr_carea' id='block_1_104' title="bbox 71 2811 547 2849">
    <p class='ocr_par' dir='ltr' id='par_1_104' title="bbox 71 2811 547 2849">
     <span class='ocr_line' id='line_1_104' title="bbox 71 2811 547 2849; baseline 0.008 -9"><span class='ocrx_word' id='word_1_788' title='bbox 71 2811 152 2841; x_wconf 73' lang='lat' dir='ltr'><strong>“15a.</strong></span> <span class='ocrx_word' id='word_1_789' title='bbox 175 2822 234 2848; x_wconf 80' lang='lat' dir='ltr'><strong>xtv,</strong></span> <span class='ocrx_word' id='word_1_790' title='bbox 253 2815 302 2842; x_wconf 75' lang='grc'><strong>12.</strong></span> <span class='ocrx_word' id='word_1_791' title='bbox 343 2816 366 2832; x_wconf 74' lang='grc'><strong>⁸⁸</strong></span> <span class='ocrx_word' id='word_1_792' title='bbox 385 2815 451 2843; x_wconf 87' lang='lat' dir='ltr'><strong>Luc.</strong></span> <span class='ocrx_word' id='word_1_793' title='bbox 466 2824 492 2849; x_wconf 71' lang='grc' dir='ltr'>χ,</span> <span class='ocrx_word' id='word_1_794' title='bbox 507 2817 547 2845; x_wconf 85' lang='grc'><strong>18.</strong></span> 
     </span>
    </p>
   </div>
   <div class='ocr_carea' id='block_1_105' title="bbox 898 2271 1688 2310">
    <p class='ocr_par' dir='ltr' id='par_1_105' title="bbox 898 2271 1688 2310">
     <span class='ocr_line' id='line_1_105' title="bbox 898 2271 1688 2310; baseline -0.01 -5"><span class='ocrx_word' id='word_1_795' title='bbox 898 2279 927 2305; x_wconf 90' lang='lat' dir='ltr'><strong>in</strong></span> <span class='ocrx_word' id='word_1_796' title='bbox 942 2276 1118 2304; x_wconf 80' lang='lat' dir='ltr'><strong>viviﬁcatrice</strong></span> <span class='ocrx_word' id='word_1_797' title='bbox 1134 2275 1178 2302; x_wconf 82' lang='lat' dir='ltr'><strong>illa</strong></span> <span class='ocrx_word' id='word_1_798' title='bbox 1193 2277 1331 2310; x_wconf 84' lang='lat' dir='ltr'><strong>potestate</strong></span> <span class='ocrx_word' id='word_1_799' title='bbox 1343 2294 1350 2306; x_wconf 84' lang='lat'><strong>,</strong></span> <span class='ocrx_word' id='word_1_800' title='bbox 1369 2281 1425 2300; x_wconf 93' lang='lat' dir='ltr'><strong>non</strong></span> <span class='ocrx_word' id='word_1_801' title='bbox 1441 2281 1473 2300; x_wconf 76' lang='lat' dir='ltr'><strong>ex</strong></span> <span class='ocrx_word' id='word_1_802' title='bbox 1491 2277 1589 2299; x_wconf 86' lang='lat' dir='ltr'><strong>natura</strong></span> <span class='ocrx_word' id='word_1_803' title='bbox 1607 2271 1688 2298; x_wconf 90' lang='lat' dir='ltr'><strong>boni-</strong></span> 
     </span>
    </p>
   </div>
   <div class='ocr_carea' id='block_1_106' title="bbox 898 2317 1695 2355">
    <p class='ocr_par' dir='ltr' id='par_1_106' title="bbox 898 2317 1695 2355">
     <span class='ocr_line' id='line_1_106' title="bbox 898 2317 1695 2355; baseline -0.009 -4"><span class='ocrx_word' id='word_1_804' title='bbox 898 2327 981 2351; x_wconf 79' lang='lat' dir='ltr'><strong>tatem</strong></span> <span class='ocrx_word' id='word_1_805' title='bbox 1004 2323 1111 2354; x_wconf 88' lang='lat' dir='ltr'><strong>inesse,</strong></span> <span class='ocrx_word' id='word_1_806' title='bbox 1127 2321 1173 2348; x_wconf 86' lang='lat' dir='ltr'><strong>sed</strong></span> <span class='ocrx_word' id='word_1_807' title='bbox 1195 2329 1227 2348; x_wconf 81' lang='lat' dir='ltr'><strong>ex</strong></span> <span class='ocrx_word' id='word_1_808' title='bbox 1246 2319 1460 2355; x_wconf 84' lang='lat' dir='ltr'><strong>participatione</strong></span> <span class='ocrx_word' id='word_1_809' title='bbox 1477 2318 1528 2353; x_wconf 91' lang='lat' dir='ltr'><strong>ipsi</strong></span> <span class='ocrx_word' id='word_1_810' title='bbox 1552 2317 1695 2345; x_wconf 69' lang='lat' dir='ltr'><strong>accidere;</strong></span> 
     </span>
    </p>
   </div>
   <div class='ocr_carea' id='block_1_107' title="bbox 899 2363 1690 2402">
    <p class='ocr_par' dir='ltr' id='par_1_107' title="bbox 899 2363 1690 2402">
     <span class='ocr_line' id='line_1_107' title="bbox 899 2363 1690 2402; baseline -0.01 -5"><span class='ocrx_word' id='word_1_811' title='bbox 899 2377 953 2396; x_wconf 92' lang='lat' dir='ltr'><strong>non</strong></span> <span class='ocrx_word' id='word_1_812' title='bbox 971 2368 1101 2396; x_wconf 86' lang='lat' dir='ltr'><strong>sortietur</strong></span> <span class='ocrx_word' id='word_1_813' title='bbox 1118 2366 1229 2402; x_wconf 86' lang='lat' dir='ltr'><strong>proprie</strong></span> <span class='ocrx_word' id='word_1_814' title='bbox 1252 2365 1471 2393; x_wconf 86' lang='lat' dir='ltr'><strong>nominationem</strong></span> <span class='ocrx_word' id='word_1_815' title='bbox 1495 2371 1528 2392; x_wconf 83' lang='lat' dir='ltr'><strong>ex</strong></span> <span class='ocrx_word' id='word_1_816' title='bbox 1550 2363 1690 2396; x_wconf 68' lang='lat' dir='ltr'><strong>bonitate,</strong></span> 
     </span>
    </p>
   </div>
   <div class='ocr_carea' id='block_1_108' title="bbox 900 2409 1691 2447">
    <p class='ocr_par' dir='ltr' id='par_1_108' title="bbox 900 2409 1691 2447">
     <span class='ocr_line' id='line_1_108' title="bbox 900 2409 1691 2447; baseline -0.009 -5"><span class='ocrx_word' id='word_1_817' title='bbox 900 2414 948 2443; x_wconf 88' lang='lat' dir='ltr'><strong>sed</strong></span> <span class='ocrx_word' id='word_1_818' title='bbox 965 2413 1122 2441; x_wconf 88' lang='lat' dir='ltr'><strong>necessario</strong></span> <span class='ocrx_word' id='word_1_819' title='bbox 1140 2419 1282 2447; x_wconf 79' lang='lat' dir='ltr'><strong>cogemur,</strong></span> <span class='ocrx_word' id='word_1_820' title='bbox 1305 2411 1380 2438; x_wconf 88' lang='lat' dir='ltr'><strong>aliud</strong></span> <span class='ocrx_word' id='word_1_821' title='bbox 1402 2409 1532 2445; x_wconf 89' lang='lat' dir='ltr'><strong>quiddam</strong></span> <span class='ocrx_word' id='word_1_822' title='bbox 1551 2409 1644 2436; x_wconf 88' lang='lat' dir='ltr'><strong>animo</strong></span> <span class='ocrx_word' id='word_1_823' title='bbox 1661 2413 1691 2435; x_wconf 84' lang='lat' dir='ltr'><strong>et</strong></span> 
     </span>
    </p>
   </div>
   <div class='ocr_carea' id='block_1_109' title="bbox 898 2455 1688 2496">
    <p class='ocr_par' dir='ltr' id='par_1_109' title="bbox 898 2455 1688 2496">
     <span class='ocr_line' id='line_1_109' title="bbox 898 2455 1688 2496; baseline -0.009 -8"><span class='ocrx_word' id='word_1_824' title='bbox 898 2460 1063 2496; x_wconf 81' lang='lat' dir='ltr'><strong>cogitatione</strong></span> <span class='ocrx_word' id='word_1_825' title='bbox 1077 2458 1241 2486; x_wconf 82' lang='lat' dir='ltr'><strong>efformare:</strong></span> <span class='ocrx_word' id='word_1_826' title='bbox 1261 2457 1294 2484; x_wconf 89' lang='lat' dir='ltr'><strong>ab</strong></span> <span class='ocrx_word' id='word_1_827' title='bbox 1311 2460 1415 2484; x_wconf 80' lang='lat' dir='ltr'><strong>aeterno</strong></span> <span class='ocrx_word' id='word_1_828' title='bbox 1433 2455 1561 2484; x_wconf 84' lang='lat' dir='ltr'><strong>videlicet</strong></span> <span class='ocrx_word' id='word_1_829' title='bbox 1578 2455 1688 2483; x_wconf 82' lang='lat' dir='ltr'><strong>bonita-</strong></span> 
     </span>
    </p>
   </div>
   <div class='ocr_carea' id='block_1_110' title="bbox 898 2501 1688 2540">
    <p class='ocr_par' dir='ltr' id='par_1_110' title="bbox 898 2501 1688 2540">
     <span class='ocr_line' id='line_1_110' title="bbox 898 2501 1688 2540; baseline -0.01 -6"><span class='ocrx_word' id='word_1_830' title='bbox 898 2512 953 2534; x_wconf 85' lang='lat' dir='ltr'><strong>tem</strong></span> <span class='ocrx_word' id='word_1_831' title='bbox 971 2507 995 2533; x_wconf 89' lang='lat' dir='ltr'><strong>ei</strong></span> <span class='ocrx_word' id='word_1_832' title='bbox 1019 2513 1108 2540; x_wconf 88' lang='lat' dir='ltr'><strong>neque</strong></span> <span class='ocrx_word' id='word_1_833' title='bbox 1127 2508 1301 2539; x_wconf 87' lang='lat' dir='ltr'><strong>competere,</strong></span> <span class='ocrx_word' id='word_1_834' title='bbox 1324 2510 1414 2537; x_wconf 87' lang='lat' dir='ltr'><strong>neque</strong></span> <span class='ocrx_word' id='word_1_835' title='bbox 1431 2506 1558 2530; x_wconf 85' lang='lat' dir='ltr'><strong>naturam</strong></span> <span class='ocrx_word' id='word_1_836' title='bbox 1581 2501 1640 2535; x_wconf 89' lang='lat' dir='ltr'><strong>ejus</strong></span> <span class='ocrx_word' id='word_1_837' title='bbox 1660 2505 1688 2527; x_wconf 87' lang='lat' dir='ltr'><strong>et</strong></span> 
     </span>
    </p>
   </div>
   <div class='ocr_carea' id='block_1_111' title="bbox 897 2545 1687 2583">
    <p class='ocr_par' dir='ltr' id='par_1_111' title="bbox 897 2545 1687 2583">
     <span class='ocr_line' id='line_1_111' title="bbox 897 2545 1687 2583; baseline -0.011 -4"><span class='ocrx_word' id='word_1_838' title='bbox 897 2551 1062 2583; x_wconf 83' lang='lat' dir='ltr'><strong>essentiam,</strong></span> <span class='ocrx_word' id='word_1_839' title='bbox 1090 2552 1117 2577; x_wconf 89' lang='lat' dir='ltr'><strong>et.</strong></span> <span class='ocrx_word' id='word_1_840' title='bbox 1144 2549 1196 2576; x_wconf 88' lang='lat' dir='ltr'><strong>hoc</strong></span> <span class='ocrx_word' id='word_1_841' title='bbox 1217 2548 1306 2583; x_wconf 88' lang='lat' dir='ltr'><strong>ipsum</strong></span> <span class='ocrx_word' id='word_1_842' title='bbox 1330 2547 1403 2582; x_wconf 90' lang='lat' dir='ltr'><strong>quod</strong></span> <span class='ocrx_word' id='word_1_843' title='bbox 1430 2550 1487 2579; x_wconf 81' lang='lat' dir='ltr'><strong>est,</strong></span> <span class='ocrx_word' id='word_1_844' title='bbox 1506 2546 1533 2573; x_wconf 92' lang='lat' dir='ltr'><strong>in</strong></span> <span class='ocrx_word' id='word_1_845' title='bbox 1562 2545 1687 2572; x_wconf 79' lang='lat' dir='ltr'><strong>bonitate</strong></span> 
     </span>
    </p>
   </div>
   <div class='ocr_carea' id='block_1_112' title="bbox 897 2591 1686 2631">
    <p class='ocr_par' dir='ltr' id='par_1_112' title="bbox 897 2591 1686 2631">
     <span class='ocr_line' id='line_1_112' title="bbox 897 2591 1686 2631; baseline -0.014 -5"><span class='ocrx_word' id='word_1_846' title='bbox 897 2598 1067 2629; x_wconf 81' lang='lat' dir='ltr'><strong>consistere,</strong></span> <span class='ocrx_word' id='word_1_847' title='bbox 1084 2595 1163 2631; x_wconf 88' lang='lat' dir='ltr'><strong>quasi</strong></span> <span class='ocrx_word' id='word_1_848' title='bbox 1182 2594 1331 2630; x_wconf 85' lang='lat' dir='ltr'><strong>aliquando</strong></span> <span class='ocrx_word' id='word_1_849' title='bbox 1346 2594 1470 2621; x_wconf 82' lang='lat' dir='ltr'><strong>bonitate</strong></span> <span class='ocrx_word' id='word_1_850' title='bbox 1488 2591 1624 2622; x_wconf 85' lang='lat' dir='ltr'><strong>caruerit,</strong></span> <span class='ocrx_word' id='word_1_851' title='bbox 1640 2597 1686 2617; x_wconf 78' lang='lat' dir='ltr'><strong>ea-</strong></span> 
     </span>
    </p>
   </div>
   <div class='ocr_carea' id='block_1_113' title="bbox 899 2633 1685 2678">
    <p class='ocr_par' dir='ltr' id='par_1_113' title="bbox 899 2633 1685 2678">
     <span class='ocr_line' id='line_1_113' title="bbox 899 2633 1685 2678; baseline -0.015 -7"><span class='ocrx_word' id='word_1_852' title='bbox 899 2643 1015 2678; x_wconf 88' lang='lat' dir='ltr'><strong>demque</strong></span> <span class='ocrx_word' id='word_1_853' title='bbox 1035 2641 1118 2669; x_wconf 88' lang='lat' dir='ltr'><strong>etiam</strong></span> <span class='ocrx_word' id='word_1_854' title='bbox 1140 2640 1241 2668; x_wconf 88' lang='lat' dir='ltr'><strong>futuris</strong></span> <span class='ocrx_word' id='word_1_855' title='bbox 1259 2639 1431 2674; x_wconf 86' lang='lat' dir='ltr'><strong>temporibus</strong></span> <span class='ocrx_word' id='word_1_856' title='bbox 1448 2635 1596 2670; x_wconf 88' lang='lat' dir='ltr'><strong>aliquando</strong></span> <span class='ocrx_word' id='word_1_857' title='bbox 1611 2633 1685 2660; x_wconf 88' lang='lat' dir='ltr'><strong>cari-</strong></span> 
     </span>
    </p>
   </div>
   <div class='ocr_carea' id='block_1_114' title="bbox 899 2678 1686 2715">
    <p class='ocr_par' dir='ltr' id='par_1_114' title="bbox 899 2678 1686 2715">
     <span class='ocr_line' id='line_1_114' title="bbox 899 2678 1686 2715; baseline -0.015 0"><span class='ocrx_word' id='word_1_858' title='bbox 899 2692 959 2715; x_wconf 91' lang='lat' dir='ltr'><strong>tura</strong></span> <span class='ocrx_word' id='word_1_859' title='bbox 974 2686 1018 2715; x_wconf 88' lang='lat' dir='ltr'><strong>sit.</strong></span> <span class='ocrx_word' id='word_1_860' title='bbox 1041 2685 1070 2712; x_wconf 87' lang='lat' dir='ltr'><strong>Si</strong></span> <span class='ocrx_word' id='word_1_861' title='bbox 1093 2685 1165 2713; x_wconf 88' lang='lat' dir='ltr'><strong>enim</strong></span> <span class='ocrx_word' id='word_1_862' title='bbox 1182 2683 1376 2712; x_wconf 87' lang='lat' dir='ltr'><strong>communione</strong></span> <span class='ocrx_word' id='word_1_863' title='bbox 1387 2681 1451 2708; x_wconf 90' lang='lat' dir='ltr'><strong>boni</strong></span> <span class='ocrx_word' id='word_1_864' title='bbox 1465 2700 1472 2712; x_wconf 83' lang='lat'><em>.</em></span> <span class='ocrx_word' id='word_1_865' title='bbox 1496 2680 1523 2706; x_wconf 94' lang='lat' dir='ltr'><strong>in</strong></span> <span class='ocrx_word' id='word_1_866' title='bbox 1538 2678 1619 2706; x_wconf 87' lang='lat' dir='ltr'><strong>bonis</strong></span> <span class='ocrx_word' id='word_1_867' title='bbox 1635 2685 1686 2704; x_wconf 91' lang='lat' dir='ltr'><strong>nu-</strong></span> 
     </span>
    </p>
   </div>
   <div class='ocr_carea' id='block_1_115' title="bbox 899 2724 1684 2764">
    <p class='ocr_par' dir='ltr' id='par_1_115' title="bbox 899 2724 1684 2764">
     <span class='ocr_line' id='line_1_115' title="bbox 899 2724 1684 2764; baseline -0.015 -3"><span class='ocrx_word' id='word_1_868' title='bbox 899 2736 1040 2761; x_wconf 86' lang='lat' dir='ltr'><strong>merantur</strong></span> <span class='ocrx_word' id='word_1_869' title='bbox 1061 2730 1147 2759; x_wconf 84' lang='lat' dir='ltr'><strong>Filius</strong></span> <span class='ocrx_word' id='word_1_870' title='bbox 1163 2733 1190 2758; x_wconf 90' lang='lat' dir='ltr'><strong>et</strong></span> <span class='ocrx_word' id='word_1_871' title='bbox 1215 2729 1334 2764; x_wconf 88' lang='lat' dir='ltr'><strong>Spiritus</strong></span> <span class='ocrx_word' id='word_1_872' title='bbox 1350 2730 1480 2758; x_wconf 87' lang='lat' dir='ltr'><strong>sanctus,</strong></span> <span class='ocrx_word' id='word_1_873' title='bbox 1498 2724 1602 2752; x_wconf 83' lang='lat' dir='ltr'><strong>clarum</strong></span> <span class='ocrx_word' id='word_1_874' title='bbox 1620 2727 1663 2751; x_wconf 88' lang='lat' dir='ltr'><strong>cst</strong></span> <span class='ocrx_word' id='word_1_875' title='bbox 1677 2741 1684 2753; x_wconf 94' lang='lat'><strong>,</strong></span> 
     </span>
    </p>
   </div>
  </div>
