1954 3079
241 111 294 139 359

865 111 893 140 S.
915 111 1080 140 GREGORII
1100 111 1247 140 NYSSENI

1826 114 1877 142 320

231 177 290 198 .eos
301 172 365 198 ante
378 169 448 197 hanc
463 169 684 197 communionem
698 170 765 198 tales
781 178 954 206 nequaquam
969 172 1034 200 fuis-

1091 171 1133 198 305
1157 171 1327 207 ὲπεχρὼσοη,
1349 171 1458 203 πάντως
1479 171 1532 199 κᾶν
1556 171 1665 207 μονωθῇ
1687 171 1795 202 τούτου.
1816 174 1878 200 ἄλλο

240 222 284 244 se:
298 221 325 244 et
337 217 371 249 si,
388 224 449 243 cum
466 215 540 243 aliud
555 215 685 251 quiddam
700 222 804 249 essent,
821 219 966 253 praesentia
982 218 1029 246 bo-

240 254 352 295 nitatis,
374 262 453 296 quasi
475 261 569 289 colore
591 262 709 296 quodam
725 263 804 290 tincti
820 267 900 295 sunt,
916 263 1029 290 omnino

241 307 448 341 sequitur,eos,
475 307 497 334 si
524 315 538 334 a
562 307 684 335 bonitate
701 312 873 343 separentur,
892 308 1029 340 diversum

240 352 369 387 quiddam
387 360 402 378 a
417 352 541 380 bonitate
555 353 708 380 censendos
724 361 794 381 esse.
812 353 846 380 Et
858 353 881 380 si
898 353 955 380 Iuno.
969 353 1028 388 opi-

239 397 286 424 nio
303 397 473 429 iuvalcscat,
491 397 548 433 jam
566 406 622 424 non
639 398 727 432 magis
744 399 876 425 bonorum
896 398 1030 425 submini-

240 444 355 471 stratrix
374 451 401 471 et
420 445 622 480 suppeditatrix
642 445 847 472 existimabitur
864 445 957 472 divina
978 454 1029 472 na-

238 493 300 516 tura
313 509 320 521 ,
339 497 421 524 quam
441 499 471 518 ea
490 498 504 517 a
521 499 573 525 qua
595 491 654 526 ipsa
677 492 750 518 velut
774 491 866 525 indiga
888 491 1029 518 beneﬁciis

239 535 367 563 afficitur.
383 536 527 569 Quomodo
541 537 613 564 enim
630 537 691 571 quis
705 537 783 564 alteri
798 537 904 564 dederit
917 537 943 563 id
954 559 961 569 ,
975 545 1030 572 quo

239 581 299 616 ipse
316 582 416 610 caret?
439 582 465 610 Si
486 583 569 618 igitur
586 583 706 619 perfecte
719 583 867 610 bonitatem
886 583 1029 618 possidet,

239 627 346 654 nullum
362 628 426 663 crg‘o
442 628 578 656 defectum
602 629 630 656 in
655 629 705 656 hac
723 629 890 664 perfectione
909 629 1031 655 admitti-

239 681 317 706 mus,
345 675 502 711 stultusquc
525 677 623 704 merito
646 676 798 710 judicatur,
815 676 862 709 qui
890 676 916 702 in
940 674 1030 710 perfe—

240 719 331 746 ctione
348 719 569 748 immiuutionem
587 721 717 748 collocat.
737 721 771 749 At
789 722 810 748 si
833 722 897 749 boni
914 722 1030 757 partici-

241 766 317 800 patio
331 766 398 801 ipsis
415 767 574 802 imperfecta
590 768 715 800 obvenit,
731 772 760 795 ut
775 768 810 795 ob
827 768 853 795 id
871 768 1030 795 remissioni

242 812 356 839 obnoxii
373 813 511 846 dicantur,
528 814 590 842 vide
614 815 678 850 quid
700 814 764 841 inde
779 819 929 848 sequatur:
948 815 1030 841 nimi-

241 865 303 884 rum
323 858 368 890 id,
386 859 458 892 qnod
479 860 514 885 ita
541 865 639 886 natura
665 864 854 895 comparatum
876 865 934 894 est,
961 862 1030 888 nihil

240 903 365 931 beneﬁcii
393 904 419 931 in
448 913 509 932 cum
539 906 585 940 qui
612 906 751 934 interioris
775 907 944 935 conditionis
969 912 1028 941 est,

240 950 384 982 conferet,
403 951 450 978 sed
471 952 624 979 elahorabit
638 973 645 984 ,
671 956 700 979 ut
726 960 804 981 suam
826 954 968 989 penuriam
983 954 1031 980 de—

239 995 340 1030 pellat,
358 996 440 1032 idque
455 998 529 1032 quod
546 998 624 1025 deest
641 999 783 1033 suppleat,
799 1003 829 1026 ut
843 999 967 1034 proinde,
985 1000 1032 1026 ho-

1048 893 1068 920 Β

1084 226 1110 243 τι
1125 216 1155 242 τὸ
1167 215 1268 251 ἀγαθὸν
1283 216 1476 252 νομισθήσεται
1486 225 1492 231 -
1514 216 1562 243 καὶ
1584 216 1632 244 ἐὰν
1648 217 1727 244 τοῦτο
1740 219 1876 253 κρατήσῃ,

1084 263 1114 288 οὐ
1135 262 1233 297 μᾶλλον
1256 262 1366 297 ἀγαθῶν
1383 262 1537 298 παρεκτικὴ
1559 263 1575 297 ἡ
1602 262 1662 289 θεία
1685 263 1766 297 φύσις
1792 272 1877 290 κατα-

1084 308 1268 343 ληφθήσεται,
1286 311 1302 346 ἡ
1337 309 1384 335 καὶ
1405 308 1472 344 αὑτὴ
1492 308 1677 344 προσδεομένη
1697 309 1745 336 τοῦ
1774 310 1876 343 arabi-

1084 361 1185 384 νοντος.
1214 353 1275 384 Πῶς
1292 352 1346 388 γὰρ
1366 353 1398 380 ἄν
1420 362 1461 384 τις
1485 354 1571 389 ἑτέρῳ
1587 355 1724 389 παράσχοι
1746 355 1779 381 τὸ
1802 355 1817 380 ὃ
1841 356 1876 389 μὴ

1084 399 1165 430 αὐτὸς
1186 398 1261 434 ἔχει;
1302 399 1334 425 Εἰ
1359 399 1408 434 μὲν
1436 398 1482 427 οὖν
1507 399 1617 431 τελείως
1639 400 1711 435 ἔχει,
1747 401 1877 435 οὐδεμίαν

1085 444 1179 478 ὕφεσιν
1202 445 1247 471 ἐπὶ
1273 445 1322 480 τῆς
1348 445 1514 482 τελειότητος
1544 446 1726 481 ὲννοήσομεν·
1751 447 1800 472 καὶ
1828 447 1878 481 μά-

1083 501 1157 524 ταιος
1173 493 1187 518 ὁ
1202 492 1414 525 κατασκευάζων
1427 494 1455 519 ἐν
1467 492 1504 528 τῷ
1519 492 1613 528 τελείῳ
1624 493 1653 519 τὸ
1668 493 1788 519 ἔλαττον.
1806 494 1837 519 Εἰ
1851 493 1878 518 δὲ

1084 538 1180 572 ἀτελὴς
1207 539 1234 564 ὲν
1258 538 1349 570 αὐτοῖς
1370 540 1386 574 ἡ
1407 538 1452 565 τοῦ
1478 538 1580 573 ἀγαθοῦ
1610 539 1740 574 μετουσία
1766 539 1877 573 νομίζε-

1084 593 1138 615 ται,
1164 584 1211 610 καὶ
1231 583 1301 610 κατὰ
1325 583 1403 610 τοῦτο
1422 583 1453 610 τὺ
1479 583 1588 610 ἔλαττον
1603 584 1721 618 λέγουσι,
1737 585 1877 619 σιώπησον

1084 629 1133 664 τὴν
1153 628 1312 655 ἀκολουθίαν
1325 636 1332 644 ·
1353 628 1435 654 ὅτιτὸ
1450 628 1535 660 οὕτως
1549 628 1620 664 ἕχον,
1638 629 1698 664 οὐχὶ
1718 629 1750 655 τὸ
1767 629 1879 656 ὑποδεέ-

1086 684 1179 712 στερον
1193 674 1380 711 εὐεργετήσει·
1396 675 1453 701 ἀλλ’
1478 676 1551 707 ὅπως
1565 676 1595 702 τὸ
1609 677 1697 711 ἑαυτῷ
1710 677 1803 703 ἐνδέον
1815 677 1879 703 ἀνα-

1080 722 1226 758 πληρώσῃ,
1238 723 1287 758 τὴν
1296 721 1412 756 σπουδὴν
1421 721 1476 754 ἕξει
1485 731 1493 738 ο
1505 721 1575 748 ὥστε
1583 722 1682 758 ψευδὴς
1693 723 1754 749 κατ’
1775 721 1875 753 αὐτοὺς

1085 769 1132 795 καὶ
1143 769 1192 803 τῆς
1207 768 1334 804 προνοίας
1353 770 1367 794 ὁ
1379 768 1467 802 λόγος,
1488 769 1535 795 καὶ
1553 769 1604 803 τῆς
1621 769 1749 805 κρίσεως,
1764 770 1814 796 καὶ
1831 769 1879 805 τῆς

1085 814 1248 850 οἰκονομίας,
1267 816 1314 841 καὶ
1337 815 1444 842 πάντων
1467 815 1521 841 τῶν
1544 815 1618 850 παρὰ
1639 814 1687 841 τοῦ
1705 815 1879 849 Mai/0751,05;

1085 860 1247 896 γεγενῆσθαι
1286 861 1332 887 καὶ
1349 862 1435 887 εἰσαεὶ
1450 860 1571 894 γίνεσθαι
1589 861 1816 896 πεπιστευμένων
1827 881 1835 892 ,
1853 862 1882 886 ἐν

1083 909 1116 942 τῇ
1137 908 1202 944 περὶ
1220 907 1251 933 τὸ
1270 907 1334 933 ἴδιον
1352 907 1454 941 ἀγαθον
1474 907 1628 942 ἐπιμελείᾳ,
1647 907 1718 934 κατὰ
1741 907 1773 933 τὸ
1796 907 1881 938 εἰκὸς,

1084 952 1295 988 ἀσχολουμένου,
1313 953 1359 979 καὶ
1377 952 1425 988 τὴν
1440 951 1486 979 τοῦ
1502 952 1602 984 παντὸς
1623 952 1788 980 ἐπιστασίαν
1805 952 1883 987 διαφ-

1087 999 1182 1030 ιέντος.

240 1050 301 1070 rum
330 1045 483 1076 sententia,
512 1046 610 1073 falsum
636 1053 696 1073 esse
721 1050 863 1081 oporteat,
890 1046 1026 1082 quidquid
1045 1047 1166 1074 traditur
1201 1047 1234 1074 de
1251 1046 1445 1082 providentia,
1463 1046 1497 1074 de
1513 1045 1636 1081 judicio.
1673 1045 1882 1073 incarnatione.

241 1090 422 1125 omnibusque
441 1091 511 1123 illis,
528 1100 588 1126 qum
615 1096 661 1118 aut
683 1100 730 1127 per
753 1092 931 1128 Uuigenitum
973 1093 1044 1120 facta
1066 1098 1147 1123 sunt.
1162 1098 1209 1120 aut
1223 1094 1315 1121 adhuc
1331 1092 1487 1128 peragenda
1503 1092 1674 1120 creduntur:
1703 1092 1808 1127 quippe
1823 1092 1884 1127 qui,

242 1139 273 1162 ut.
292 1143 340 1171 par
360 1140 419 1168 est,
450 1138 477 1164 in
503 1139 606 1174 proprii
629 1143 655 1166 ct
677 1140 774 1174 privati
792 1140 856 1168 boni
879 1140 1073 1175 procuratione
1091 1145 1243 1175 occupatus
1267 1141 1319 1173 Sit,
1342 1140 1455 1167 dimissa
1471 1139 1554 1174 hujus
1579 1138 1769 1166 universitatis
1797 1138 1883 1166 admi-

242 1185 417 1214 nistratione.

279 1234 307 1261 Si
322 1235 393 1262 enim
417 1236 500 1263 semel
518 1236 632 1264 ﬁrmiter
652 1238 679 1264 in
704 1238 805 1266 animis
823 1238 964 1265 hominum
990 1239 1031 1265 in-

244 1280 332 1308 sideat
352 1282 494 1316 persuasio
507 1282 575 1314 haec,
606 1282 815 1318 Redemptorent
832 1289 958 1311 nostrum
977 1293 1030 1311 non

244 1334 306 1354 esse
323 1327 350 1354 in
367 1328 457 1356 omnis
470 1328 601 1356 bonitatis
616 1330 784 1357 abundantia
796 1330 1030 1365 perfectissimum

246 1378 272 1400 et
284 1375 598 1406 consummatissimum,
611 1375 723 1403 difﬁcile
735 1384 789 1403 non
804 1377 856 1403 erit
866 1377 1031 1411 perspicere,

245 1426 379 1453 quorsum
395 1428 510 1447 evasura
528 1421 564 1447 sit
581 1421 637 1447 ha'c
653 1421 833 1456 blasphemia.
851 1421 917 1448 Nam
936 1421 959 1448 si
978 1421 1035 1449 lucc

245 1466 284 1492 ita
300 1474 360 1493 sese
374 1466 486 1498 habent,
502 1475 573 1493 vana
592 1472 632 1494 est
650 1467 727 1499 ﬁdes,
753 1467 844 1494 inanis
863 1467 1033 1502 praedicatio,

249 1512 345 1539 inanes
363 1520 426 1547 spes
443 1517 555 1545 nostrae,
579 1521 639 1548 qum
659 1513 710 1541 ﬁde
728 1514 801 1540 velut
818 1514 876 1540 basi
894 1518 920 1541 et
936 1514 1034 1541 funda-

249 1561 342 1584 mento
358 1557 476 1592 quodam
493 1559 628 1586 nituntur.
647 1558 681 1585 Ut
694 1559 760 1594 quid
775 1559 846 1586 enim
864 1560 1038 1594 baptizantur
1052 1555 1072 1582 Ο

249 1603 277 1629 in
291 1603 395 1630 Christi
419 1605 541 1636 nomine,
571 1613 632 1631 cum
648 1610 741 1632 careat
767 1605 878 1640 propria
904 1605 1038 1633 bonitatis

249 1650 369 1684 potentia
382 1650 394 1676 ?
408 1650 518 1678 Avertat
539 1651 611 1679 Deus
627 1651 697 1678 hanc
713 1651 748 1678 ab
763 1659 810 1678 ore
835 1659 894 1678 meo
910 1651 1038 1686 blasphe-

249 1696 348 1724 miaml
361 1696 416 1723 Cur
429 1697 542 1724 credant
552 1698 586 1724 'iu
598 1697 728 1732 Spiritum
743 1701 881 1729 sanctum,
903 1698 926 1725 si
941 1698 1037 1725 eadem

250 1742 284 1769 de
306 1743 358 1769 hoc
383 1744 437 1770 sibi
457 1743 645 1778 persuadent?
668 1743 812 1776 Quomodo
840 1748 1040 1779 regenerantur

251 1796 300 1823 per
310 1788 488 1823 baptismum,
505 1789 575 1816 etab
589 1789 634 1816 illa
647 1790 818 1824 corruptioni
829 1790 946 1817 obnoxia
958 1798 1041 1826 gene-

251 1834 357 1861 ratione
374 1836 569 1867 restituuntur,
588 1836 623 1869 si,
641 1839 670 1862 ut
687 1835 731 1862 isti
750 1839 874 1869 censent,
889 1836 931 1863 vis
948 1840 974 1863 et
993 1844 1038 1871 po-

251 1884 348 1913 testas,
368 1889 416 1915 pcr
432 1889 514 1916 quam
530 1886 737 1916 regenerantur,
755 1889 808 1907 nou
832 1881 974 1915 possident
991 1889 1040 1908 na-

251 1928 379 1955 turaliter
391 1927 655 1965 im_mntabilitatem,
681 1928 740 1955 sine
761 1927 835 1955 illius
853 1927 916 1954 boni
933 1927 1040 1954 defectu

251 1978 278 2001 et
293 1974 467 2008 indigentia?
487 1973 630 2006 Quomodo
646 1973 820 2008 transﬁgurat
837 1981 933 2008 corpus
956 1973 1043 2000 Immi-

253 2020 337 2047 lt'tatis
354 2028 449 2048 eorum
461 2021 495 2053 ⁸⁸,
509 2028 570 2048 cum
589 2021 677 2055 ipsum
693 2021 773 2047 etiam
788 2020 947 2048 existiment
961 2028 1042 2055 egere

252 2066 404 2094 mutatione
420 2068 448 2094 in
465 2067 573 2097 melius,
592 2074 623 2093 ac
638 2065 753 2100 proinde
774 2073 844 2101 opus
862 2066 962 2094 habere
977 2067 1041 2097 alio,

252 2119 268 2138 a
283 2120 338 2146 quo
353 2116 380 2139 et
393 2112 451 2146 ipse
466 2111 829 2146 transﬁguretur?Quandiu
843 2111 916 2138 enim
931 2111 1043 2138 inferio-

253 2158 293 2186 ris
310 2158 393 2185 sortis
420 2157 510 2192 quoad
533 2157 683 2184 bonitatem
712 2157 805 2189 fuerit,
833 2164 896 2184 cum
925 2156 952 2183 id
970 2155 1044 2191 quod

254 2211 414 2238 supremum
438 2207 491 2235 est,
521 2203 721 2230 indesinentcm
740 2202 899 2238 quamdam,
923 2205 950 2229 et
974 2202 1043 2228 irre-

1121 1237 1152 1262 Εἰ
1165 1235 1218 1269 γὰρ
1232 1234 1300 1269 αὕτη
1313 1234 1474 1268 κρατήσειεν
1491 1233 1506 1267 ἡ
1521 1232 1641 1264 ὑπόνοια,
1651 1233 1681 1259 τὸ
1697 1232 1734 1268 μὴ
1744 1232 1887 1259 τετελειῶ-

1086 1281 1148 1308 σθαι
1166 1281 1210 1306 τὸν
1231 1279 1333 1315 Κύριον
1350 1279 1379 1305 ἐν
1399 1279 1480 1305 παντὶ
1501 1278 1611 1313 ἀγαθῷ,
1639 1279 1734 1304 οὸκέτι
1754 1278 1885 1304 δύσκολον

1087 1327 1201 1354 συνιδεῖν
1223 1327 1263 1357 εἰς
1281 1327 1295 1352 ὃ
1309 1335 1332 1351 τι
1349 1325 1530 1360 καταστρέφει
1545 1326 1561 1359 ἡ
1580 1324 1749 1359 βλασφημία,
1780 1325 1885 1350 Ὄντων

1087 1373 1142 1408 γὰρ
1160 1371 1212 1399 τῶν
1224 1370 1363 1401 τοιούτων,
1383 1370 1485 1405 ματαία
1500 1370 1549 1405 μὲν
1565 1371 1580 1405 ἠ
1597 1369 1699 1401 πίστις,
1718 1369 1798 1395 κενὸν
1814 1370 1842 1396 δὲ
1857 1370 1887 1396 τδ

1090 1420 1231 1455 κήρυγμα,
1253 1417 1435 1443 ἀνυπόστατοι
1450 1416 1478 1442 δὲ
1493 1417 1519 1442 αἱ
1544 1415 1662 1447 ἐλπίδες,
1678 1416 1706 1441 αἳ
1717 1415 1762 1442 δια
1774 1417 1825 1451 τῆς
1842 1417 1885 1442 πί-

1089 1473 1172 1495 στεως
1186 1463 1234 1498 τὴν
1248 1463 1396 1489 ὑπόστασιν
1411 1461 1510 1496 ἔχουσι.
1534 1461 1566 1487 Τί
1577 1461 1631 1496 γὰρ
1652 1461 1832 1496 βαπτίζονται
1848 1462 1888 1492 εἰς

1089 1510 1214 1545 Χριστὸν,
1231 1505 1252 1542 ᾧ
1267 1508 1304 1543 μὴ
1322 1507 1373 1534 ἰδία
1390 1507 1507 1542 δύναμις
1527 1506 1720 1540 ἁγαθοσύνης
1742 1506 1847 1532 Ἀπίτω
1861 1507 1887 1532 δὲ

1089 1555 1136 1582 τοῦ
1153 1554 1285 1588 στόματός
1302 1562 1351 1589 μου
1374 1553 1404 1579 τὺ
1425 1553 1594 1588 βλάσφημον.
1618 1552 1651 1578 Τί
1665 1552 1694 1578 δὲ
1711 1553 1889 1578 πιστεύουσιν

1091 1602 1131 1633 εἰς
1147 1601 1177 1627 τὸ
1197 1599 1310 1634 Πνεῦμα
1330 1600 1359 1625 τὸ
1380 1599 1465 1632 ἄτιον,
1484 1599 1507 1624 εί
1530 1598 1594 1634 περὶ
1614 1598 1709 1624 τούτου
1728 1598 1800 1624 αὐτὰ
1813 1597 1889 1631 λογί-

1092 1648 1182 1679 ζονται
1195 1655 1202 1679 ;
1226 1645 1288 1677 Πῶς
1303 1645 1330 1672 δὲ
1343 1646 1397 1671 ἀπὸ
1413 1645 1464 1679 τῆς
1480 1644 1601 1680 φθαρτῆς
1616 1645 1771 1679 γεννήσεως
1783 1644 1829 1670 διὰ
1843 1643 1888 1670 τοῦ

1094 1693 1278 1727 βαπτίσματος
1290 1691 1499 1726 ἀναγεννῶνται,
1512 1691 1570 1717 οὐδὲ
1583 1690 1775 1725 ἀναγεννὼσης
1790 1691 1889 1721 αὐτοὺς

1092 1739 1231 1773 δυνάμεως
1244 1738 1275 1763 τὸ
1289 1738 1414 1764 ἄπτωτον
1436 1737 1485 1762 καὶ
1496 1735 1643 1771 ἀπροσδεὲς
1657 1735 1782 1770 φυσικῶς
1800 1735 1890 1765 καθὼς

1093 1783 1194 1810 οἴονται
1221 1782 1411 1818 κεκτημένης;
1446 1782 1508 1813 Πῶς
1533 1782 1560 1808 δὲ
1585 1780 1836 1815 μετασχηματίζει
1858 1781 1890 1806 τὸ

1094 1830 1179 1864 σῶμα
1202 1829 1258 1863 τῆς
1283 1828 1489 1860 ταπεινώσεως
1515 1827 1620 1859 αὐτῶν,
1645 1827 1708 1854 ὅταν
1734 1827 1816 1853 αὐτὴν
1846 1827 1892 1853 τὸν

1096 1874 1367 1912 μετασχηματίζοντα
1381 1875 1430 1910 τῆς
1445 1874 1513 1910 πρδς
1533 1874 1563 1900 τὸ
1585 1875 1707 1908 κρεῖττον
1718 1873 1891 1905 ἀλλοιώσεως

1095 1921 1243 1948 ἐπιδεῖσθαι
1259 1921 1414 1955 νομίζωσιν,
1426 1920 1506 1946 ἄλλου
1523 1919 1604 1946 πάλιν
1616 1919 1663 1945 τοῦ
1681 1920 1729 1946 καὶ
1743 1919 1827 1945 αὑτὸν
1845 1928 1891 1954 με·

1095 1967 1343 2003 τασχηματίζοντος
1367 1966 1578 2001 προσδεόμενον;
1608 1965 1680 1996 Ἕως
1711 1965 1768 2000 γὰρ
1801 1966 1831 1991 ἐν
1853 1964 1892 1998 τῷ

1096 2011 1243 2048 ἐλάττονιῇ
1259 2011 1302 2038 διὰ
1317 2011 1345 2038 τὸ
1365 2011 1466 2045 ἀγαθὸν
1488 2010 1537 2045 τῆς
1553 2010 1670 2044 φύσεως,
1695 2009 1743 2035 τοῦ
1757 2009 1891 2044 ὑπερκει-

1098 2060 1178 2095 μένου
1194 2059 1332 2086 ᾶπαυστόν
1346 2065 1406 2083 τινα
1420 2057 1487 2092 πρὸς
1504 2056 1584 2083 ἑαυτὸ
1598 2056 1647 2091 τὴν
1663 2055 1746 2090 ὁλκὴν
1758 2057 1816 2086 τοῖς
1827 2055 1894 2081 ὑπο-

1096 2105 1246 2140 δεεστέροις
1266 2103 1387 2138 φυσικῶς
1404 2102 1565 2133 ἐντιθέντος,
1584 2101 1674 2128 οὐδενὶ
1691 2101 1788 2136 τρόπῳ
1805 2101 1822 2136 ἡ
1845 2100 1892 2126 τοῦ

1098 2151 1220 2182 πλείονος
1240 2150 1333 2183 ἔφεσις
1356 2149 1494 2182 στήσεται,
1525 2147 1605 2173 Ἀλλὰ
1618 2147 1686 2181 προς
1701 2146 1733 2173 τὸ
1748 2147 1833 2182 μήπω
1846 2146 1895 2181 λη-

1099 2197 1164 2232 φθὲν
1185 2194 1412 2231 ὑπερτεινομένης
1439 2193 1482 2220 ἀεὶ
1502 2193 1552 2227 τῆς
1575 2192 1701 2227 ὀρέξεως.
1725 2193 1844 2218 πάντοτε
1863 2191 1895 2217 τὺ

254 2250 376 2284 quietam
402 2249 445 2276 sui
463 2249 640 2284 cupiditatem
660 2249 743 2276 rebus
758 2248 937 2276 inferioribus
961 2251 1036 2274 natu-

1096 2241 1290 2277 ἐλαττούμενον
1302 2240 1348 2267 τοῦ
1365 2240 1484 2271 πλείονος
1498 2239 1687 2275 ὀρεχθήσεται,
1703 2238 1751 2264 καὶ
1763 2239 1808 2264 ἀεὶ
1826 2237 1895 2273 πρὸς

255 2296 349 2323 raliter
373 2295 516 2327 indiderit,
547 2295 624 2323 nullo
651 2295 731 2322 modo
755 2301 886 2322 excessus
914 2292 1045 2328 appetitio

255 2341 443 2375 conquiescet,
463 2341 510 2368 sed
536 2349 596 2369 cum
615 2341 647 2368 ad
674 2341 714 2373 id,
741 2341 814 2375 quod
832 2339 954 2367 nondum
970 2339 1045 2366 obti-

257 2387 358 2418 nuerit.
387 2387 564 2422 cupiditatem
590 2395 699 2422 semper
720 2386 830 2414 extendi
856 2385 1045 2413 necessarium

256 2432 302 2465 sit,
327 2436 458 2468 perpetuo
483 2433 509 2459 id
525 2433 599 2467 quod
624 2432 732 2459 delectu
751 2431 878 2463 laborat,
908 2430 1048 2457 desiderio

256 2479 371 2514 majoris
398 2483 425 2506 et
447 2478 650 2506 excellentioris
666 2477 799 2512 ﬂagrabit,
825 2480 852 2503 et
877 2476 980 2512 absque
996 2476 1048 2503 ﬁne

257 2531 368 2551 sursum
383 2523 416 2550 ad
437 2523 541 2559 majora
560 2523 673 2554 nitetur,
698 2530 786 2556 neque
801 2530 921 2557 unquam
939 2522 973 2548 ad
989 2529 1050 2557 per-

258 2569 361 2597 fectum
385 2577 474 2604 usque
490 2569 639 2604 perveniet.
659 2575 692 2595 eo
712 2568 784 2603 quod
809 2568 943 2595 terminus
968 2568 1049 2599 desit,

259 2622 313 2649 quo
340 2615 522 2650 apprehenso,
551 2621 684 2641 ascensus
713 2618 739 2641 et
757 2614 871 2642 ulterior
887 2620 1050 2648 progressus

259 2660 448 2695 prohibeatur.
471 2660 540 2687 Cum
562 2660 635 2686 enim
657 2667 815 2694 supremum
833 2659 935 2686 bonum
953 2663 1051 2685 natura

264 2714 313 2734 sua
340 2706 476 2733 inﬁnitum
502 2705 550 2736 sit,
579 2705 736 2732 necessario
767 2705 892 2740 sequitur
918 2703 1051 2730 iutinitam

1095 2289 1126 2315 τὸ
1148 2288 1238 2324 μεῖζον
1255 2286 1477 2321 ἀλλοιωθήσεται,
1500 2285 1547 2311 καὶ
1563 2284 1689 2311 οὐδέποτε
1704 2283 1776 2319 πρὸς
1791 2284 1894 2310 τέλειον

1098 2334 1197 2370 φθάσει
1218 2332 1256 2368 τῷ
1281 2333 1319 2368 μὴ
1337 2332 1474 2367 εὑρίσκειν
1499 2330 1530 2357 τὸ
1549 2330 1645 2365 πέρας,
1667 2325 1698 2355 οὗ
1724 2328 1896 2364 δραξάμενον

1098 2381 1225 2416 στήσεται
1237 2381 1286 2416 τῆς
1301 2378 1406 2406 ἀνόδου,
1426 2377 1534 2412 Ἐπειδὴ
1549 2377 1604 2411 γὰρ
1618 2375 1731 2411 ἄπειρον
1748 2376 1779 2401 ὲν
1796 2376 1829 2410 τῇ
1844 2374 1890 2409 φύ-

1101 2435 1141 2454 σει
1154 2427 1184 2453 τὸ
1198 2426 1305 2462 πρῶτον
1318 2423 1430 2459 ἀγαθὸν,
1446 2422 1558 2458 ἄπειρον
1569 2421 1598 2455 ἐξ
1612 2421 1737 2456 ἀνάγκης
1756 2420 1834 2447 ἔσται
1847 2421 1896 2446 καὶ

1100 2474 1117 2508 ὴ
1135 2473 1264 2509 μετουσία
1279 2471 1325 2498 τοῦ
1344 2469 1535 2500 ἀπολαύοντος,
1557 2469 1631 2494 ἐσαεὶ
1648 2466 1678 2493 τὸ
1703 2467 1788 2493 πλέον
1810 2474 1897 2493 κατα-

1101 2518 1287 2552 λαμϐάνουσα,
1313 2515 1361 2542 καὶ
1380 2514 1496 2541 πάντοτε
1519 2512 1682 2546 εὑρίσκουσα
1703 2511 1752 2537 τοῦ
1776 2511 1898 2545 καταλη-

1103 2564 1213 2599 φθέντος
1229 2563 1259 2589 τὸ
1271 2560 1472 2597 περισσότερον,
1487 2559 1532 2586 καὶ
1546 2557 1679 2594 μηδέποτε
1703 2556 1898 2592 παρισωθῆναι

1105 2609 1179 2644 αὐτῷ
1195 2608 1344 2644 δυναμένη,
1371 2606 1409 2641 τῷ
1425 2606 1493 2641 μήτε
1514 2604 1545 2631 τὸ
1563 2604 1743 2639 μετεχόμενον
1761 2603 1899 2639 περατοῦ-

1107 2655 1184 2687 σθαι,
1218 2655 1285 2690 μήτε
1309 2653 1338 2679 τὸ
1361 2651 1405 2678 διὰ
1429 2651 1478 2686 τῆς
1503 2649 1648 2686 μετουσίας
1675 2648 1899 2684 ἐπαυξανόμενον

1107 2701 1242 2728 ἵστασθαι.

265 2761 374 2790 quoque
389 2761 450 2780 esse
472 2752 722 2788 participationem,
740 2758 767 2782 et
792 2753 950 2781 fruitiouem
971 2751 1053 2786 hujus
1071 2749 1146 2784 boni,
1160 2753 1252 2785 utpote
1264 2748 1309 2776 cui
1322 2753 1429 2782 semper
1437 2745 1509 2781 plus,
1521 2743 1594 2780 quod
1623 2740 1771 2778 percipiat,
1800 2742 1899 2771 restet,

303 2841 325 2857 “
342 2841 458 2877 Philipp.
471 2850 510 2876 ιιι,
525 2842 570 2869 ει,
