1954 3079
219 126 273 156 345

846 123 874 151 S.
895 119 1058 151 GREGORII
1068 117 1216 148 NYSSENI

1745 96 1754 102 Χ
1797 109 1852 138 stt

221 191 306 212 seure
323 183 394 211 dicta
417 187 492 215 sunt,
513 182 585 210 nude
598 186 624 210 et
639 181 699 210 sine
717 181 908 217 explicatione,
937 180 1011 208 veri-

1069 176 1124 212 μιλά
1152 176 1198 203 καὶ
1211 174 1400 211 ἀνερμήνευτα
1411 171 1479 208 πρὸς
1495 171 1652 217 ἀνατροπὴν
1663 169 1713 217 τῇς
1721 167 1855 204 ἀληθείας

223 230 289 258 tatis
305 228 458 258 evertenda:
471 228 568 263 gratia,
588 228 737 263 proferant,
755 235 860 260 vocem,
884 228 1007 262 inquam,

219 275 328 307 creavit,
342 281 423 309 quam
439 281 471 301 ex
492 281 608 308 persona
636 272 782 308 Sapientia:
798 272 1009 299 l'roverbiorum

219 325 316 348 auctor
331 319 455 355 protulit.
476 317 583 351 Quodsi
591 313 906 344 illud:l)ominuscreavit
914 321 954 356 me
973 318 1006 350 ιτ,

219 374 270 402 pro
292 367 334 394 sui
354 365 490 400 dogmatis
506 364 671 400 patrocinio,
695 364 782 392 velint
796 371 859 392 esse
877 367 1009 399 tanquam

221 412 420 444 testimonium,
438 411 512 447 quod
528 410 661 438 Dominus
673 414 782 438 creatus
794 411 839 443 sit,
856 410 935 446 quasi
951 410 1011 445 ipse

221 458 385 493 Unigenitua
406 457 458 485 hac
481 465 549 485 voce
566 457 639 485 istud
659 457 771 484 minime
793 460 881 491 neget,
907 463 1009 490 nequa-

218 511 301 539 quam
317 503 446 531 audiendi
460 507 534 531 sunt.
543 503 636 537 Neque
650 502 723 530 enim
738 502 878 530 evidenter
893 502 1010 537 probant

220 550 277 576 haec
293 549 376 577 verba
390 549 504 576 omnino
519 548 553 576 ad
568 548 713 576 Dominum
728 551 854 576 nostrum
867 547 1010 575 referenda

218 603 302 628 esse;
329 602 420 630 neque
447 595 529 622 etiam
549 598 666 629 possunt
691 600 801 621 sensum
826 594 900 620 hunc
918 593 1010 620 verbis

220 645 315 676 aptare
331 648 365 668 ex
385 640 520 668 Hebraico
534 647 672 672 sermone,
688 647 750 667 cum
764 639 860 675 reliqui
878 640 1012 673 interpre—

221 692 262 714 tes
277 687 337 714 loco
352 687 427 714 verbi
443 687 551 719 creavit,
575 686 744 713 reddiderint
755 686 868 713 verbum
883 685 1010 720 possedit,

221 733 263 760 vel
285 732 443 764 constituit;
474 739 563 766 neque
581 736 672 759 tamen
690 731 712 759 si
729 731 755 758 in
783 731 944 766 primigenia
966 731 1011 757 illa

223 779 365 814 Scriptura
380 778 463 806 dictio
479 778 535 805 haec
547 785 676 813 expresse
689 777 788 805 fuisset
801 777 900 812 posita,
914 777 1012 812 planus

222 825 289 853 satis
313 829 340 852 et
357 824 446 852 facilis
469 832 568 852 sensus
583 824 745 856 exstitisset,
771 831 832 851 cum
856 824 1011 859 parabolica

221 872 345 899 doctrina
361 871 446 899 soleat
459 878 513 897 non
531 870 684 903 manifeste,
700 870 747 898 sed
760 864 876 902 occulte,
892 875 920 898 et
933 871 1011 906 quasi

222 918 275 946 sub
295 919 441 949 velamine,
469 921 496 945 et
517 917 628 952 obliqua
652 917 847 950 insinuatione,
875 917 1011 945 dictorum

221 972 335 999 scopum
354 965 464 998 vimque
488 966 516 991 et
541 965 680 992 notionem
696 965 853 992 ostendere.
871 964 964 1000 Itaque
979 973 1011 992 et

221 1011 281 1044 ipso
297 1010 452 1042 verborum,
469 1016 530 1044 quae
548 1009 600 1036 hoc
617 1009 677 1037 loco
702 1013 853 1045 ponuntur,
872 1013 1012 1042 contextu,

222 1056 312 1084 cuivis
324 1057 351 1083 in
364 1060 489 1091 promptu
502 1056 688 1084 est-orationis
698 1055 887 1083 difﬁcultatem
899 1063 1014 1091 cognos-

223 1109 296 1129 cere.
311 1101 346 1129 Ut
359 1110 420 1129 cum
430 1102 506 1135 dicit,
523 1102 632 1137 quando
645 1101 788 1128 Constituit
802 1101 924 1128 thronum
936 1109 1014 1128 suum

175 1165 194 1182 ς,
221 1156 301 1182 παρετ
315 1152 413 1180 ventos,
433 1154 461 1176 et
478 1148 506 1176 id
525 1155 612 1184 genus
633 1147 702 1180 alia;
726 1147 789 1182 quis
811 1148 883 1175 enim
897 1147 1014 1174 thronus

222 1192 284 1225 Dei,
299 1193 356 1220 sive
370 1193 532 1226 materialis,
548 1193 606 1220 sive
619 1192 806 1220 intellectilis?
825 1197 853 1220 et
868 1192 915 1228 qui
931 1193 1012 1225 renti,

224 1242 316 1266 utrum
333 1239 460 1267 consueti
474 1239 520 1267 isti
539 1239 672 1274 nobisque
686 1238 755 1271 noti,
772 1246 842 1273 quos
856 1238 1014 1274 philosophi

222 1292 256 1312 ex
268 1284 490 1314 exhalationibus
511 1289 538 1312 et
561 1284 712 1319 vaporibus
728 1283 806 1311 nasci
829 1284 953 1316 tradunt,
979 1292 1013 1310 an

224 1331 336 1359 alterius
351 1331 494 1366 cujusdam
511 1331 628 1358 rationis
649 1335 713 1358 sunt
733 1329 770 1356 illi
786 1330 871 1362 venti,
894 1338 963 1365 quos
978 1330 1015 1357 ait

224 1379 321 1406 baseos
334 1383 360 1405 et
384 1377 465 1406 fulcri
479 1377 566 1405 vicem
594 1377 693 1404 throno
719 1377 870 1411 praestare?
896 1375 928 1402 Et
954 1384 1015 1411 quae

224 1423 355 1451 cathedra
383 1423 537 1458 incorporei
562 1428 590 1450 et
613 1422 848 1456 incircumscripti
875 1421 1015 1457 ﬁguraque

224 1468 345 1496 carentis
360 1467 428 1496 Dei?
448 1467 512 1495 llaec
533 1471 560 1495 et
579 1467 680 1495 similia
700 1470 801 1493 cuncta
823 1467 885 1502 quis
901 1474 934 1494 ex
949 1475 1015 1494 con-

226 1518 303 1541 sueta
324 1513 518 1541 vocabulorum
531 1512 731 1548 signiﬁcatione
746 1512 876 1547 intelligat
888 1512 903 1539 ?'

261 1651 374 1680 Clarum
403 1651 486 1686 igitur
509 1651 610 1683 evadit,
642 1654 698 1678 haec
722 1658 782 1686 qua:
805 1651 866 1678 istic
887 1651 1017 1679 dicuntur

226 1699 372 1734 :enigmata
396 1697 561 1732 aliquorum,
572 1701 598 1724 et
612 1697 721 1732 quidem
734 1697 860 1730 obscura,
875 1697 1016 1725 involucra

227 1751 306 1776 esse;
325 1741 524 1770 abstrusiorem
540 1741 698 1776 quamdam,
715 1749 797 1776 quam
811 1742 847 1769 sit
862 1744 1016 1770 communis

227 1793 255 1814 cl.
279 1788 360 1819 trita,
378 1786 583 1821 intelligentiam
613 1786 832 1821 complectentia.
865 1787 959 1822 Itaque
984 1796 1018 1815 ex

228 1834 272 1861 his
292 1834 367 1862 nulla
388 1834 494 1861 ratione
514 1833 579 1860 oriri
606 1837 696 1868 potest
713 1833 844 1868 suspicio,
872 1833 1016 1861 Dominum

229 1884 351 1908 creatum
369 1888 442 1912 esse,
468 1880 538 1916 apud
555 1887 613 1913 eos,
638 1880 684 1914 qui
703 1880 760 1906 haec
779 1879 821 1914 pie
843 1879 1019 1907 considerant

229 1931 256 1954 et
275 1925 442 1961 expendunt,
463 1925 615 1960 pra-sertim
640 1924 711 1960 apud
727 1932 785 1956 eos,
808 1925 854 1960 qui
874 1932 906 1952 ex
928 1925 1018 1952 Evan-

230 1972 299 2006 gelio
317 1971 406 1999 edocti
421 1975 495 2004 sunt,
514 1971 606 1998 omnia
621 1978 681 2005 qua;
698 1970 769 1998 facta
786 1975 912 2006 sunt.per
929 1971 1017 2006 ipsum

230 2019 302 2045 facta
313 2025 384 2049 esse,
396 2023 422 2045 et
433 2018 460 2045 in
473 2017 531 2052 ipso
542 2016 705 2045 subsistere.
718 2016 815 2044 Omnia
827 2017 1018 2052 enim,inquit,

229 2073 275 2099 per
294 2065 380 2099 ipsum
396 2064 469 2098 facta
487 2068 560 2096 sunt,
586 2067 610 2090 et
625 2063 681 2090 sine
697 2062 753 2096 ipso
771 2062 870 2096 factum
887 2066 925 2089 est
941 2062 1018 2096 nihil,

229 2111 299 2147 quod
317 2111 418 2144 factum
431 2115 470 2137 est
486 2110 512 2136 in
527 2110 583 2144 ipso
596 2109 630 2136 ⁸⁸.
648 2108 707 2136 Non
722 2109 816 2144 utique
831 2108 883 2136 hoc
896 2108 1020 2136 dicturus

231 2158 329 2185 fuisset
346 2157 528 2192 evangelista,
551 2157 575 2183 si
592 2156 735 2183 Dominum
751 2163 860 2190 quoque
877 2162 962 2182 unum
987 2162 1020 2182 ex

232 2203 276 2231 his
285 2211 346 2238 qua:
363 2203 433 2230 facta
449 2206 522 2234 sunt,
536 2209 598 2229 esse
609 2201 782 2229 credidisset.
795 2200 939 2234 Quomodo
949 2200 1021 2227 enim
1038 2201 1060 2228 D

233 2257 282 2284 per
297 2248 373 2275 illum
396 2247 488 2274 omnia
513 2247 590 2279 ﬁunt,
608 2250 635 2273 et
652 2246 788 2281 quomodo
812 2245 904 2272 omnia
926 2245 953 2271 in
975 2244 1022 2271 illo

235 2293 400 2324 subsistunt,
418 2292 441 2319 si
458 2292 491 2326 is,
501 2291 780 2327 quiomniafecit,non
788 2291 895 2319 diversa
912 2291 1020 2325 penitus

235 2349 251 2368 a
270 2340 353 2367 rebus
371 2338 451 2366 factis
470 2342 568 2365 natura
585 2341 725 2371 constans,
749 2345 802 2364 non
825 2337 954 2371 seipsum,
973 2337 1021 2364 sed

235 2389 390 2413 creaturam
414 2383 494 2412 fecit?
512 2383 540 2410 Si
563 2384 635 2411 enim
651 2388 777 2411 creatura
795 2390 843 2417 per
866 2383 954 2417 ipsum
969 2387 1022 2414 est,

237 2433 296 2466 ipse
308 2437 373 2458 vero
389 2429 520 2458 Dominus
536 2437 590 2457 non
612 2434 654 2458 est
680 2437 728 2464 per
745 2428 885 2463 seipsum:
911 2429 1022 2455 omnino

236 2477 360 2513 sequitttr
373 2475 510 2503 diversum
524 2475 653 2510 quiddam
667 2482 681 2501 a
695 2479 819 2502 creatura
842 2480 913 2506 esse,
938 2481 1022 2500 evan-

235 2523 332 2559 gelista
348 2522 442 2557 utique
455 2522 544 2556 palam
561 2521 715 2548 afﬁrmante
735 2529 741 2546 :
759 2519 859 2546 Omnia
878 2527 923 2553 per
938 2519 1024 2553 ipsum

236 2568 308 2602 facta
320 2575 385 2600 esse,
399 2572 424 2594 et
435 2567 492 2594 sine
502 2567 560 2600 ipso
571 2566 672 2600 factum
683 2572 738 2591 esse
753 2563 830 2597 nihil,
842 2563 910 2599 quod
924 2564 1024 2598 factum

236 2618 275 2641 εει
290 2613 317 2640 in
332 2613 405 2647 ipso:
429 2616 456 2640 et
472 2610 609 2648 prmcipue
626 2609 841 2639 demonstrante,
863 2608 890 2635 in
908 2607 978 2634 Filio
993 2614 1024 2634 ea

238 2667 299 2694 quae
318 2658 390 2686 facta
414 2663 488 2689 sunt,
514 2657 585 2684 facta
606 2662 679 2686 esse,
710 2661 798 2689 neque
814 2654 847 2681 ab
867 2654 920 2681 alio
935 2657 1024 2680 ortum

239 2713 318 2732 suum
332 2709 357 2732 et
372 2702 536 2739 principium
550 2701 659 2728 ducere.

275 2749 381 2783 Quibus
405 2748 512 2784 egregie
536 2746 567 2775 D.
587 2746 688 2774 Paulus
713 2746 844 2780 concinuit,
875 2747 1025 2775 orationem

279 2843 392 2870 "Prov.
409 2849 467 2875 \‘lll,
488 2841 532 2869 22.
572 2841 682 2870 “Joan.
699 2850 717 2876 ι,
739 2842 765 2869 5.

1060 222 1257 258 προφέροντες,
1276 220 1324 256 τὴν
1345 219 1391 246 τοῦ
1407 218 1543 245 ἐκτίσθαι
1555 216 1656 251 φωνὴν,
1674 215 1707 251 ῆν
1721 215 1755 241 ὲκ
1770 222 1856 250 προσο

1060 268 1135 295 ὡπου
1159 268 1207 302 τῆς
1227 266 1326 301 Σοφίας
1346 266 1360 292 ό
1385 262 1592 300 Παροιμιαστὴς
1617 263 1788 297 ἐποιήσατο,
1813 260 1854 291 είς

1062 313 1226 349 συνηγορίαν
1238 312 1287 348 τῆς
1298 311 1344 338 τοῦ
1355 311 1490 346 δόγματος
1505 309 1594 336 αὐτῶν
1609 306 1776 343 διαστροφῆς
1790 314 1855 341 προ-

1061 358 1236 395 χειρίζονται,
1253 357 1377 392 λέγοντες
1406 356 1447 388 τὸ,
1459 355 1568 388 Κύριος
1581 352 1684 380 ἕκτισέ
1692 360 1742 387 με,
1756 351 1856 386 ὁμολο-

1060 405 1123 439 γίαν
1137 402 1388 431 εῖναιτοῦἐκτίοθαι
1398 401 1444 428 τὸν
1458 400 1572 435 Κύριον’
1587 399 1625 430 ὡς
1639 397 1721 425 αὑτοῦ
1734 396 1782 423 τοῦ
1795 397 1853 424 Μο-

1060 449 1186 485 νογενοῦς
1197 449 1241 476 διὰ
1250 449 1300 483 τῆς
1309 448 1402 483 φωνῆς
1412 446 1515 481 ταύτης
1525 445 1555 472 τὺ
1565 443 1685 471 τοιούτον
1695 443 1746 470 οὐχ
1754 443 1853 478 ἀρνου-

1063 497 1155 532 μένου,
1169 496 1235 531 ήμῖν
1249 495 1279 522 οὐ
1293 493 1458 529 προσεκτέον
1475 492 1514 526 τῷ
1537 491 1619 526 λόγῳ.
1640 490 1708 517 Οὐδὲ
1727 489 1784 524 γὰρ
1804 488 1852 515 τοῦ

1063 542 1170 573 πάντως
1184 542 1239 568 δεῖν
1256 542 1296 572 εἰς
1308 540 1354 567 τὸν
1369 539 1472 575 Κύριον
1485 539 1596 572 ἀνάγειν
1608 536 1653 564 τὸν
1670 536 1749 570 λόγον
1760 535 1858 562 τοῦτον

1063 588 1113 620 τὰς
1137 587 1287 619 ἀποδείξεις
1302 585 1477 621 παρέχονται’
1492 584 1553 610 οὐδὲ
1566 583 1612 610 τοῦ
1629 582 1711 618 ῥητοῦ
1733 583 1785 617 τὴν
1799 582 1856 608 διά-

1063 642 1135 660 νοιαν
1153 634 1185 659 ἐκ
1199 632 1248 667 τῆς
1260 631 1314 658 τῶν
1337 630 1470 666 Ἐϐραίων
1488 630 1599 665 Γραφῆς
1615 629 1654 660 είς
1667 627 1748 655 τοῦτο
1762 627 1795 653 τὸ
1808 636 1856 662 ση-

1064 677 1224 713 μαινόμενον
1240 677 1376 712 φέρουσαν
1397 674 1528 707 ὲπιδεῖξαι
1543 675 1712 709 δυνήσονται,
1730 673 1787 700 τῶν
1802 673 1857 699 λοι-

1062 723 1121 749 πῶν
1140 723 1281 758 ἑρμηνέων
1306 722 1337 748 τὸ
1372 721 1558 755 Ἑκτήσατο,
1584 720 1631 746 καὶ
1648 720 1856 752 Κατέστησεν,
1887 738 1890 740 η

1063 769 1123 796 ἀντὶ
1141 769 1188 795 τοῦ
1213 769 1366 801 "Eumer,
1381 767 1568 794 ἐκδεδωκότων
1580 774 1586 782 ·
1605 765 1669 792 οὔτε
1682 765 1710 792 δὲ
1728 766 1752 792 εί
1769 764 1857 796 οὕτως

1064 814 1136 851 εἶχεν
1149 818 1165 851 ὴ
1183 815 1254 848 λέξις
1268 816 1295 842 ὲν
1309 816 1342 850 τῇ
1357 814 1529 850 πρωτοτύπῳ
1543 814 1650 849 Γραφῇ,
1666 812 1813 848 πρόχειρος
1825 811 1858 838 ἂν

1062 859 1096 897 ἦν
1113 862 1160 888 καὶ
1180 862 1268 896 σαφὴς
1282 862 1299 896 ἡ
1320 860 1434 893 διάνοια,
1452 861 1502 896 τῆς
1522 858 1710 895 παροιμιακῆς
1727 858 1858 884 διδασκα-

1064 908 1124 940 λίας
1138 908 1169 934 οὐ
1185 907 1342 943 προδήλως,
1368 906 1436 934 ἀλλά
1457 907 1515 942 μετ’
1537 905 1710 940 ἐπικρύψεως
1728 904 1776 930 τὸν
1802 903 1858 929 τῶν

1065 954 1218 989 λεγομένων
1233 953 1334 980 σκοπὸν
1350 951 1560 987 ἐνδεικνυμένης
1572 950 1617 977 διὰ
1627 950 1746 984 πλαγίας
1764 949 1857 983 ἐμφά-

1066 1008 1143 1031 σεως,
1158 999 1196 1030 ὡς
1211 999 1243 1025 ὲκ
1258 998 1307 1034 τῆς
1326 998 1390 1033 περὶ
1399 997 1446 1024 τὸν
1468 996 1549 1023 τόπον
1563 995 1659 1022 τοῦτον
1675 994 1860 1029 συμφράσεως

1064 1045 1118 1072 τῶν
1127 1044 1278 1080 εἰρημένων
1287 1044 1419 1079 πάρεστιν
1433 1042 1582 1076 ἐπιγνῶναι
1593 1041 1640 1068 τοῦ
1654 1040 1734 1074 λόγου
1748 1040 1780 1066 τὸ
1794 1039 1859 1066 δυσ-

1066 1091 1218 1126 θεώρητον
1240 1092 1268 1116 ὲν
1285 1087 1325 1122 οἷς
1353 1097 1450 1125 φησιν,
1465 1088 1547 1123 ἡνίκα
1567 1086 1703 1121 ’Λφώριζε
1721 1086 1776 1112 τὸν
1792 1084 1860 1111 ἐαυ-

1065 1135 1118 1163 τοῦ
1138 1136 1246 1170 θρόνον
1265 1134 1310 1161 ἐπ’
1329 1134 1456 1168 ἀνέμων,
1473 1132 1520 1159 καὶ
1536 1132 1586 1158 ὃσα
1602 1130 1724 1158 τοιαῦτα.
1742 1130 1792 1162 Τίς
1805 1129 1861 1165 γὰρ

1065 1181 1133 1208 Θεοῦ
1149 1181 1260 1216 θρόνοςς
1279 1180 1333 1206 εἴτε
1358 1179 1460 1210 ύλικὸς,
1488 1177 1543 1204 εἴτε
1570 1177 1682 1212 νοητός;
1708 1176 1764 1203 Καὶ
1785 1175 1860 1207 τίνες

1067 1226 1171 1260 ἄνεμοι
1185 1231 1193 1256 ;
1220 1223 1334 1258 πότερον
1358 1223 1383 1248 οἱ
1400 1221 1524 1256 συνήθεις
1537 1216 1610 1246 οὗτοι
1622 1239 1629 1251 ,
1645 1220 1692 1246 καὶ
1711 1218 1859 1254 γνώριμοι,

1066 1270 1112 1302 οὓς
1123 1271 1156 1296 ὲκ
1169 1269 1223 1296 τῶν
1233 1268 1327 1304 ἀτμῶν
1337 1276 1367 1294 τε
1381 1268 1427 1294 καὶ
1440 1266 1494 1293 τῶν
1509 1265 1717 1300 ἀναθυμιάσεων
1732 1264 1860 1291 συνίστα-

1067 1317 1129 1343 σθαι
1141 1315 1265 1349 λέγουσιν
1279 1314 1303 1340 οἱ
1315 1313 1401 1340 ταῦτα
1415 1311 1648 1347 φυσιολογοῦντες
1662 1311 1717 1337 εἴτε
1729 1310 1791 1336 καθ’
1802 1310 1861 1336 ἔτε-

1067 1371 1113 1398 ρον
1121 1363 1220 1397 τρόπον
1231 1360 1432 1395 ύπονοούμενοι,
1443 1358 1472 1384 ὃν
1481 1359 1530 1385 οὐκ
1541 1357 1717 1391 ἐπιγινώσκει
1730 1357 1747 1391 ἡ
1758 1356 1860 1391 ἀνθρω-

1067 1407 1131 1442 ¹ιτίνη
1149 1406 1276 1439 συνήθεια
1286 1414 1293 1420 ·
1310 1404 1357 1436 οὖς
1372 1412 1453 1439 φησιν
1468 1403 1527 1430 ἀντὶ
1544 1403 1648 1438 βάσεως
1662 1401 1700 1436 τῷ
1712 1401 1800 1436 θρόνῳ
1816 1401 1860 1434 γί-

1067 1451 1178 1484 νεσθαι;
1196 1450 1250 1477 Καὶ
1268 1450 1309 1481 τίς
1327 1449 1446 1484 καθέδρα
1461 1447 1508 1474 τοῦ
1525 1447 1681 1482 ἀσωμάτου,
1699 1446 1748 1472 καὶ
1765 1446 1860 1479 ἀπερι-

1067 1497 1208 1533 γράπτου,
1230 1496 1276 1522 καὶ
1300 1495 1503 1530 ἀσχηματίστου
1527 1493 1614 1526 Θεοῦ,
1636 1493 1683 1519 καὶ
1706 1492 1797 1518 πάντα
1826 1491 1860 1518 τὰ

1029 1532 1050 1560 C
1068 1543 1179 1570 τοιαῦτα
1213 1542 1254 1578 τίς
1271 1542 1304 1568 ἂν
1317 1542 1348 1568 ὲκ
1362 1541 1412 1576 τῆς
1431 1539 1563 1575 συνήθους
1580 1539 1633 1565 τῶν
1654 1538 1785 1574 ῥημάτων
1798 1537 1860 1564 τοὺ-

1068 1598 1121 1616 τρων
1138 1588 1274 1623 σημασίας
1289 1587 1486 1621 κατανοήσειε;

1104 1634 1187 1668 Δῆλον
1201 1631 1248 1659 οὖν
1262 1633 1302 1659 ὅτι
1318 1631 1467 1665 αἰνίγματά
1486 1629 1568 1656 τινών
1586 1630 1644 1656 ἐστι
1660 1629 1694 1656 τὰ
1710 1628 1860 1663 λεγόμενα,

1069 1679 1220 1715 βαθυτέραν
1239 1677 1299 1704 τινὰ
1314 1678 1362 1712 τῆς
1381 1677 1526 1712 προχείρου
1543 1674 1662 1706 διανοίας
1678 1674 1727 1710 τὴν
1744 1673 1861 1708 θεωρίαν

1068 1725 1281 1761 ἐμπεριέχοντα·
1302 1723 1340 1754 ὡς
1357 1722 1389 1749 ὲκ
1406 1721 1508 1748 τούτων
1536 1720 1630 1756 μηδενὶ
1654 1719 1727 1754 λόγῳ
1745 1720 1796 1754 τὴν
1813 1717 1860 1744 τοῦ

1068 1771 1189 1798 ἐκτίσθαι
1204 1770 1249 1796 τὸν
1261 1762 1363 1805 Κύριον
1377 1768 1504 1794 ὑπόνοιαν
1522 1768 1553 1793 ὲκ
1567 1767 1617 1802 τῆς
1633 1766 1746 1801 Γραφῆς
1759 1764 1863 1799 ταύτης

1068 1819 1123 1848 τοῖς
1138 1815 1256 1847 εὐσεϐῶς
1268 1813 1452 1849 λογιζομένοις
1467 1812 1631 1846 ἐγγίνεσθαι,
1644 1812 1699 1842 τοῖς
1716 1810 1863 1837 πεπαιδευ-

1072 1863 1160 1898 μένοις
1176 1861 1291 1896 μάλιστα
1305 1859 1349 1886 διά
1361 1860 1410 1894 τῆς
1432 1856 1625 1893 εὐαγγελιστοῦ
1644 1856 1862 1892 μεγαλοφωνίας,

1069 1909 1099 1935 τὺ
1117 1908 1205 1934 πάντα
1222 1906 1257 1933 τὰ
1279 1905 1409 1940 γεγονότα
1429 1904 1462 1930 δι’
1479 1903 1559 1930 αὑτοῦ
1576 1902 1755 1938 γεγενῆσθαι,
1773 1901 1820 1927 καὶ
1835 1902 1863 1927 ἐν

1070 1954 1144 1990 αὑτῷ
1168 1952 1341 1982 συνεστάναι,
1353 1951 1492 1986 λέγοντος’
1505 1949 1607 1977 Πάντα
1629 1948 1684 1983 γὰρ
1695 1969 1702 1981 ,
1720 1948 1805 1983 φησὶ,
1825 1946 1863 1974 δι’

1069 1999 1162 2027 αὑτοῦ
1177 1998 1304 2033 ἐγένετο,
1321 1997 1370 2023 καὶ
1386 1996 1475 2031 χωρίς
1490 1995 1583 2022 αὑτοῦ
1600 1994 1718 2028 ἐγένετο
1733 1993 1806 2020 οὐδὲ
1818 1992 1864 2025 ἐν,

1071 2046 1086 2072 ὃ
1103 2045 1226 2080 γέγονεν
1244 2043 1278 2069 ἐν
1294 2042 1383 2074 αὐτῷ.
1399 2042 1456 2068 Οὐκ
1470 2040 1503 2067 ἂν
1524 2040 1604 2067 τοῦτο
1618 2040 1818 2075 διορισάμενος,
1836 2039 1860 2064 εί

1071 2092 1118 2118 καὶ
1139 2089 1219 2116 αὑτὸν
1232 2089 1278 2115 τὸν
1296 2087 1397 2124 Κύριον
1424 2086 1453 2113 ἓν
1477 2086 1531 2113 τῶν
1547 2085 1698 2120 γεγονότων
1723 2084 1863 2110 ἐπίστευε.

1072 2137 1134 2168 Πῶς
1147 2136 1201 2171 γὰρ
1221 2134 1255 2161 δι’
1273 2134 1376 2160 ἐκείνου
1391 2133 1425 2161 τὰ
1441 2132 1531 2159 πάντα
1548 2131 1663 2166 γίνεται,
1678 2130 1726 2157 καὶ
1744 2130 1774 2156 ἐν
1792 2128 1865 2164 αὑτῴ

1071 2181 1106 2208 τὰ
1119 2180 1248 2216 γεγονότα
1260 2180 1309 2215 τὴν
1323 2179 1450 2206 σύστασιν
1465 2178 1534 2213 ἔχει,
1548 2178 1572 2203 εί
1585 2177 1622 2212 μὴ
1639 2175 1749 2207 πάντως
1766 2175 1831 2201 ἄλλο
1841 2183 1865 2200 τι

1077 2227 1153 2263 παρὰ
1171 2226 1222 2261 τὴν
1240 2225 1295 2252 τῶν
1318 2224 1510 2260 πεποιημένων
1527 2223 1607 2258 φύσιν
1622 2223 1635 2248 ὁ
1650 2221 1766 2256 ποιητὴς
1779 2221 1867 2255 ὑπάρ-

1076 2282 1141 2309 χων,
1155 2273 1204 2307 οὐχ
1221 2271 1328 2303 ἑαυτὸν,
1343 2270 1410 2297 ἀλλὰ
1422 2270 1471 2306 τὴν
1488 2270 1576 2296 κτίσιν
1588 2269 1736 2303 εἰργάσατο
1751 2275 1759 2299 ;
1776 2267 1801 2292 εί
1814 2266 1868 2300 γὰρ

1080 2321 1096 2356 ὴ
1112 2320 1198 2351 κτίσις
1213 2318 1245 2345 δι’
1261 2317 1363 2344 ἐκείνου
1376 2336 1383 2347 ,
1397 2317 1477 2348 αὐτὸς
1490 2316 1518 2342 δὲ
1530 2316 1544 2342 ὁ
1555 2314 1655 2350 Κύριος
1665 2314 1695 2340 οὐ
1708 2313 1740 2339 δι’
1757 2311 1867 2343 ἑαυτοῦ,

1079 2366 1142 2392 ἄλλο
1152 2374 1178 2392 τι
1189 2365 1297 2396 πάντως
1307 2364 1353 2390 καὶ
1363 2363 1423 2398 οὐχὶ
1434 2362 1522 2393 κτίσις
1537 2361 1604 2388 ἐστί.
1617 2359 1670 2387 Τοῦ
1681 2360 1772 2386 τοίνυν
1788 2360 1868 2392 εὐαγ·

1078 2410 1200 2446 γελιστοῦ
1226 2411 1358 2445 φήσαντος
1368 2427 1376 2440 ,
1390 2409 1430 2435 ὅτι
1442 2407 1554 2440 γΠάι-τιι
1567 2406 1604 2433 δι’
1620 2405 1714 2433 αὐτοῦ
1737 2405 1869 2439 ἐγένετο,

1072 2457 1121 2485 καὶ
1128 2457 1216 2492 χωρὶς
1223 2456 1315 2483 αὑτοῦ
1322 2454 1439 2490 ἐγένετο
1445 2454 1515 2481 οὐδὲ
1523 2454 1567 2486 ἐν,
1577 2453 1592 2480 ὃ
1602 2452 1725 2488 γέγονεν
1732 2452 1768 2478 ἐν
1778 2451 1868 2483 αὐτῷ·

1073 2505 1119 2531 καὶ
1136 2502 1259 2538 φανερῶς
1271 2502 1314 2528 διὰ
1326 2501 1429 2528 τούτων
1443 2499 1631 2535 ὲνδειξαμένου
1641 2519 1648 2529 ,
1664 2499 1705 2524 ὃτι
1721 2498 1769 2524 καὶ
1783 2498 1813 2524 ὲν
1829 2497 1868 2531 τῷ

1074 2550 1132 2585 Υἱῷ
1146 2549 1180 2576 τὰ
1191 2548 1324 2583 γενόμενα
1339 2548 1445 2581 γέγονε,
1462 2546 1509 2572 καὶ
1521 2546 1552 2572 οὐ
1566 2545 1598 2571 δι’
1614 2544 1709 2579 ἐτέρου
1732 2544 1807 2574 τινος
1820 2543 1871 2576 τὴν

1079 2596 1117 2627 εἰς
1133 2594 1162 2621 τὸ
1175 2593 1298 2628 γενέσθαι
1313 2592 1430 2627 πάροδον
1443 2591 1530 2626 ἔσχεν.

1121 2753 1273 2788 Ἐκδέχεται
1290 2752 1337 2778 τὸν
1348 2751 1424 2785 λόγον
1441 2749 1533 2777 τοῦτον
1545 2749 1559 2775 ὀ
1570 2747 1674 2778 Παῦλος
1687 2755 1693 2762 ·
1716 2745 1763 2774 καὶ
1783 2744 1820 2777 ὡς
1837 2743 1873 2771 ἃν
