1954 3079
81 107 123 136 345

83 159 193 197 μηδεμίαν
216 156 354 184 καταλίποι
376 155 511 191 πρόφασιν
534 157 567 190 τῇ
595 155 746 191 βλασφήμῳ
764 156 837 191 φωνῇ
855 160 876 186 Α

81 207 118 233 τοῦ
124 203 283 238 συναριθμεῖν
295 203 349 233 τοῖς
361 202 483 236 γεγονόσι
496 201 542 228 καὶ
558 201 608 236 τὴν
623 201 670 227 τοῦ
682 200 839 236 Πνεύματος

82 253 155 287 φύσιν,
169 249 209 276 ὑπ’
222 247 336 283 ἀριθμὸν
353 247 415 281 ἄγει
430 247 465 273 τὰ
476 247 575 278 πάντα,
591 247 655 274 ποῖά
670 247 728 273 ἐστι
744 246 838 279 ταῦτα,

82 294 189 324 ἃπάντα
199 293 234 328 τῷ
255 292 432 328 εὐαγγελιπῇ
453 292 500 319 καὶ
515 292 621 328 εἴρηται
640 292 687 318 καὶ
706 291 840 327 νενόηται.

82 342 125 369 Καὶ
138 339 250 374 καθάπερ
266 339 280 364 ὁ
295 338 381 373 μέγας
396 337 485 369 Δαυῖδ,
501 338 590 364 πάντα
607 337 789 372 ὑποτετάχθαι
802 336 841 371 τῷ

81 383 193 420 ἀνθρώπῳ
208 383 306 417 φήσας,
322 382 412 409 καὶτὸ
425 383 485 408 κατ’
505 380 572 413 εἶδος
591 381 743 417 προσέθηκε
753 401 761 413 ,
778 383 841 408 ποῖα

80 428 107 464 ἧν
125 428 154 454 τὰ
171 426 460 462 ὲμπεριλοιμῦανόμενα
481 427 514 461 τῇ
539 426 599 452 τῶν
614 426 735 453 πάντων
749 427 841 466 φωνῇ,

80 476 190 506 τουτέστι,
201 475 234 502 τὰ
250 476 374 510 χερσαῖα,
390 475 437 501 καὶ
450 474 484 501 τὰ
500 474 606 510 ἔνυδρα,
622 475 669 501 καὶ
684 474 719 501 τὰ
734 475 842 510 ἐναέρια

81 523 141 555 ζῶα·
156 522 220 548 οὕτω
238 521 285 547 καὶ
305 521 318 546 ὀ
343 519 396 546 τῶν
420 520 499 547 θείων
515 520 657 555 δογμάτων
682 519 814 554 ἐξηγητὴς
829 520 843 545 ὁ

79 568 203 598 ἀπόστολος
215 567 330 599 Παῦλος,
345 567 434 593 πάντα
448 567 476 593 ὲν
488 566 561 602 αὐτῷ
575 566 737 602 γεγενῆσθαι
748 565 841 598 εἰπὼν,

81 612 222 648 περιγράφει
237 613 294 643 τοῖς
311 611 483 646 ἁριθμηθεῖσι
509 611 568 638 τῶν
594 612 713 638 πάντων
732 611 780 646 τὴν
802 611 842 637 ἕν-

79 666 146 685 νοιαν.
165 655 263 691 Ὀρατὰ
272 656 336 692 γὰρ,
361 657 440 692 φησὶ,
456 657 505 683 καὶ
520 657 641 690 ἀόρατα.
657 656 706 683 Διὰ
725 656 774 692 μὲν
789 655 843 683 τῶν

80 703 175 739 ὁρατῶν,
193 701 282 733 καθὼς
307 703 434 738 εἴρηται,
457 702 491 728 τὰ
513 703 545 737 τῇ
570 702 693 738 αἰσθήσει
718 701 843 737 γνώριμα

80 747 210 783 περιλαὸὼν
222 747 263 782 τῷ
274 747 401 782 ὀνόματι·
414 747 458 774 διὰ
471 747 500 774 δὲ
511 747 566 774 τῶν
580 747 714 782 ἀοράτων,
727 747 775 782 τὴν
789 746 843 773 τῶν

79 794 162 829 νοητῶν
175 793 343 829 αἰνιξάμενος
361 793 451 828 φύσιν.

858 835 879 862 Β

110 979 179 1005 Ἀλλὰ
196 979 258 1014 περὶ
277 978 326 1014 μὲν
340 978 394 1005 τῶν
415 977 564 1013 αἰσθητῶν,
581 977 656 1005 οὐδὲν
684 977 778 1013 ἐδέησε
797 979 842 1005 λε-

78 1024 199 1060 πτομερῶς
218 1024 362 1058 διεξελθεῖν
376 1025 418 1051 ἐπ’
438 1024 577 1059 ὀνόματος.
593 1024 686 1055 οὐδεὶς
706 1023 758 1058 γὰρ
774 1025 844 1052 οὕτω

78 1071 185 1105 σάρκινος
198 1070 258 1096 οὐδὲ
284 1069 423 1105 κτηνώδης
435 1068 519 1100 ἐστὶν,
537 1068 574 1100 ὡς
595 1069 623 1094 ὲν
638 1069 693 1099 τοῖς
708 1067 844 1102 αἰσθητοῖς

78 1114 224 1140 ὑποπτεῦσαι
250 1115 300 1140 καὶ
320 1114 350 1140 τὺ
369 1113 482 1148 Πνεῦμα
496 1113 526 1139 τὸ
541 1112 617 1148 ἆγιον
632 1111 712 1139 εἶναι.
736 1112 795 1139 Τῶν
816 1112 844 1138 δὲ

77 1161 180 1195 ἀοράτων
195 1159 335 1195 μνησθεὶς,
350 1160 443 1194 ἐπειδὴ
459 1159 550 1195 νοερὰ.
565 1159 611 1186 καὶ
626 1159 780 1194 ἀσώματος,
798 1159 845 1185 καὶ

77 1207 90 1241 ἡ
105 1205 144 1232 τοῦ
161 1205 317 1240 Πνεύματος
335 1205 414 1239 φύσις
436 1206 518 1237 ἐστὶν,
534 1204 571 1236 ὡς
585 1204 618 1231 au
636 1206 672 1240 μή
687 1214 728 1235 τις
741 1206 769 1231 ἐν
783 1205 846 1231 τού-

76 1260 120 1283 τοις
135 1251 303 1286 ὑπονοήσειεν
317 1250 464 1285 ὑφεστάναι
481 1251 512 1277 τὸ
526 1250 637 1286 Πνεῦμα
656 1250 699 1277 διὰ
715 1250 764 1286 τὴν
777 1249 846 1276 κατὰ

76 1298 100 1324 τὺ
117 1297 223 1332 ἀόρατον
246 1296 402 1329 κοινωνίαν,
428 1297 634 1332 ἐναργεστάτην·
656 1297 773 1323 ποιεῖται
797 1296 846 1330 τὴν

76 1343 187 1378 ῐιαίρεσιν
209 1343 262 1369 τῶν
274 1351 305 1368 τε
318 1342 361 1369 διὰ
373 1342 423 1377 τῆς
434 1337 548 1373 κτίσεως
559 1342 719 1376 γεγονότων,
737 1342 784 1368 καὶ
797 1341 847 1376 τῆς

76 1388 133 1424 ὑπὲρ
141 1388 186 1424 τὴν
202 1388 290 1415 κτίσιν
305 1387 408 1420 οὐσίας.
432 1387 473 1414 Τὰ
488 1387 537 1423 μὲν
547 1388 601 1423 γὰρ
623 1387 764 1414 κτισθέντα
781 1396 847 1414 κατ-

76 1433 214 1468 αριθμεῖται
230 1433 269 1468 τῷ
282 1433 364 1468 λόγῳ,
376 1433 507 1467 Θρόνους
519 1432 604 1465 τινὰς,
620 1433 665 1459 καὶ
682 1432 792 1467 Ἀρχὰς.
802 1432 848 1458 καὶ

81 1479 224 1512 Ἐξουσίας
240 1499 248 1511 ,
266 1479 314 1505 καὶ
338 1479 520 1512 Κυριότητας
535 1478 620 1512 λέγων
634 1487 640 1493 ·
656 1479 774 1512 γενικοῖς
794 1486 848 1504 τισι

76 1525 113 1551 καὶ
129 1525 332 1561 περιληπτικοῖς
346 1524 458 1558 ὀνόμασι
473 1524 526 1550 τῶν
549 1523 673 1559 ἀοράτων
690 1524 790 1550 τούτων
800 1523 846 1549 δυ·
862 1512 884 1542 c

74 1571 167 1606 ναμεων
181 1571 227 1606 τὴν
244 1570 418 1598 διδασκαλίαν
432 1570 600 1605 ποιούμενος,
616 1570 650 1596 τὰ
667 1570 696 1596 δὲ
713 1570 783 1604 ὑπὲρ
797 1570 847 1604 τὴν

77 1617 162 1649 κτίσιν,
184 1617 217 1643 δι’
234 1617 319 1651 αὐτῆς
339 1616 388 1651 τῆς
413 1616 517 1651 σιωπῆς
536 1615 702 1652 ἅποχωρίζει
725 1615 772 1642 τοῦ
794 1616 849 1650 ἀρι-

75 1663 133 1697 θμοῦ
147 1663 198 1690 τῶν
221 1663 394 1690 κτισθέντων.
410 1663 514 1698 ’Ὠσπερ
529 1662 562 1688 ἂν
579 1662 605 1689 ετ
615 1671 656 1693 τις
670 1662 848 1697 προσταχθεὶς

76 1709 113 1734 ἐπὶ
131 1709 306 1744 στρατοπέδου
324 1709 374 1740 τὰς
390 1708 568 1743 λεπτομερεῖς
589 1707 635 1734 καὶ
650 1707 849 1741 ὑποὸεὸηκυίας

75 1754 149 1788 ἀρχὰς
163 1755 248 1781 εἰπεῖν
262 1755 306 1780 ἐπ’
319 1754 460 1789 ὀνόματος,
471 1753 629 1788 ταξιάρχας,
645 1754 692 1780 καὶ
706 1753 847 1788 λοχαγοὺς,

78 1800 280 1836 ἑκατοντάρχους
297 1809 326 1826 τε
343 1800 390 1826 καὶ
405 1799 570 1835 χιλιάρχους,
583 1799 630 1826 καὶ
644 1798 672 1825 εἴ
685 1807 756 1830 τινες
772 1798 849 1825 ἄλλαι

74 1845 119 1871 τῶν
132 1845 198 1872 κατὰ
214 1845 298 1881 μέρος
309 1844 473 1872 δυναστειῶν
485 1845 675 1880 ὠνομασμέναι
689 1844 751 1877 εἰσὶ,
761 1844 850 1875 πάσας

74 1890 203 1922 διεξελθὼν
216 1891 255 1926 τῷ
270 1891 352 1926 λόγῳ,
363 1891 412 1926 τῆς
427 1891 536 1918 πάντων
551 1889 716 1926 κρατούσης,
738 1890 786 1916 καὶ
801 1889 851 1916 πᾶ-

75 1936 172 1971 σαντὴν
185 1936 302 1971 δύναμιν
323 1937 466 1971 διεπούσης
480 1935 568 1972 ἀρχῆς
588 1935 722 1971 μηδεμίαν
741 1935 852 1971 μνήμην

74 1982 216 2016 ποιήσαιτο’
235 1983 266 2008 οὐ
280 1982 314 2008 δι’
335 1982 495 2017 ὑπεροψίαν,
511 1981 527 2017 ἢ
540 1981 624 2017 λήθην
643 1981 691 2017 τὴν
707 1981 852 2016 ὃπερέχου-

74 2036 116 2054 σαν
128 2027 210 2063 ἀρχὴν
225 2029 383 2063 σιωπήσας,
400 2027 457 2054 ἀλλ’
475 2027 515 2053 ὅτι
530 2027 610 2062 μόνον
622 2026 671 2058 τὴν
687 2026 806 2062 ὑπήκοόν
822 2035 851 2053 τε

74 2075 114 2100 καὶ
122 2074 275 2109 ὑποχείριον
286 2073 361 2107 τάξιν
371 2071 513 2105 διεξελθεῖν
525 2072 541 2108 ἢ
554 2072 743 2107 προσταχθεὶς,
758 2071 774 2107 ἢ
786 2080 852 2107 προ-

74 2119 174 2154 θέμενος
188 2129 194 2135 ·
212 2119 351 2156 ὑϐρίσειεν
362 2119 395 2145 ἂν
410 2119 437 2144 ὲν
450 2119 483 2153 τῇ
495 2117 548 2144 τῶν
561 2117 747 2152 ὑποκειμένων
759 2118 852 2153 μνήμῃ

632 99 772 127 CONTRA
782 98 976 131 ElTNOlIIUM,
991 98 1055 127 LIB.
1075 98 1096 126 Ι.

1624 98 1678 128 ὄεῧ

890 155 1064 189 evangelistae
1095 154 1250 189 excipiens;
1282 158 1309 182 et
1327 161 1362 182 ne
1376 154 1447 182 ullus
1464 153 1554 190 impiis
1572 155 1679 183 subter-

890 200 1011 235 fugiendi
1025 200 1101 227 locus
1119 200 1300 235 relinquatur,
1317 200 1436 236 Spiritus
1450 201 1537 228 sancti
1552 204 1677 228 naturam

891 246 974 274 rebus
1001 246 1102 273 creatis
1130 247 1341 279 annumerandi,
1369 247 1508 282 sigillatim
1535 253 1680 282 percenset

891 292 983 319 omnia
996 291 1053 324 illa,
1069 291 1162 326 qualia
1177 292 1241 324 sint,
1257 300 1317 327 qua:
1330 292 1364 320 ab
1379 292 1545 327 evangelista
1562 291 1678 319 muniam

891 337 1001 364 nomine
1015 337 1088 364 dicta
1104 340 1131 364 et
1144 337 1340 373 comprehensa
1356 342 1437 365 sunt:
1458 341 1486 365 et
1499 337 1678 372 quemadmo-

892 382 955 409 dum
977 382 1007 410 Β.
1032 382 1116 410 David
1140 391 1202 410 cum
1222 383 1437 417 pronuntiasset,
1460 384 1550 411 omnia
1574 383 1679 410 homini

892 435 954 455 esse
970 428 1106 463 subjecta,
1130 429 1211 456 etiam
1233 429 1261 456 in
1278 429 1368 464 specie
1384 429 1540 462 declaravit,
1555 437 1680 464 quamam

892 474 947 501 sint
970 474 1027 507 illa,
1044 482 1105 509 quae
1121 475 1238 501 omnium
1255 475 1390 502 vocabulo
1411 475 1590 502 intellexisset
1604 485 1610 502 :
1629 475 1681 502 hoc

891 523 945 551 est,
961 520 1113 552 terrestria,
1128 520 1268 554 aquatilia.
1282 524 1309 547 et
1320 520 1392 547 aeria
1406 520 1533 547 animalia
1544 520 1584 543 "t
1602 520 1641 548 sic
1654 525 1681 548 et

893 564 1047 591 divinorum
1062 565 1236 592 oraculorum
1252 564 1386 599 interpres
1410 564 1552 598 apostolus
1568 564 1679 596 Paulus.

893 618 955 637 cum
969 610 1094 643 dixisset,
1116 611 1207 637 omnia
1220 611 1247 637 in
1264 610 1324 645 ipso
1341 617 1403 638 esse
1418 610 1501 643 facta,
1521 610 1615 637 deﬁnit
1632 617 1683 637 no-

894 655 995 682 tionem
1026 656 1155 686 amm'um,
1188 656 1310 690 ipsarum
1343 663 1435 682 rerum
1465 655 1681 682 enumeratione.

899 700 1034 734 Visibilia,
1065 701 1166 738 inquit,
1199 706 1224 728 et
1249 700 1396 728 invisibilia
1408 701 1442 727 '°.
1469 700 1683 734 Aspectabilium

894 746 1005 773 nomine
1022 746 1056 773 iis
1072 745 1287 780 comprehensis,
1305 753 1365 780 quae
1380 745 1431 773 sub
1443 752 1554 773 sensum
1571 745 1684 776 cadunt,

894 796 925 819 ut
945 796 1024 819 antea
1052 792 1173 819 diximus
1197 801 1203 819 :
1225 792 1335 819 nomine
1358 799 1422 819 vero
1447 790 1684 826 inaspectabilium

895 845 989 865 eorum
1008 840 1135 864 naturam
1160 837 1329 873 significans,
1347 844 1408 872 qua:
1429 836 1487 864 sola
1506 835 1687 871 intelligentia

895 883 1094 919 percipiuntur.

932 974 984 1002 Sed
1006 975 1039 1002 de
1059 973 1236 1002 sensibilihus
1256 973 1365 1008 quidem
1385 973 1527 1001 enucleate
1551 976 1578 1000 et
1595 972 1685 1000 nomi-

897 1022 982 1048 natim
1010 1021 1135 1056 exsequi,
1155 1021 1230 1047 nulla
1259 1019 1410 1047 necessitas
1436 1019 1579 1054 exigebat;
1606 1026 1689 1046 nemo

897 1068 975 1094 enim
1000 1067 1067 1094 adeo
1088 1067 1208 1094 carnalis
1222 1069 1249 1093 et
1264 1065 1390 1100 stupidus
1404 1069 1455 1098 est,
1471 1065 1516 1099 qui
1530 1064 1687 1099 suspicetur

899 1113 1030 1147 Spiritum
1050 1117 1174 1140 sanctum
1195 1119 1287 1139 rerum
1307 1110 1479 1138 sensibilium
1505 1109 1602 1138 ordine
1621 1117 1687 1136 con-

899 1159 992 1186 tineri.
1006 1159 1042 1185 At
1063 1166 1124 1185 cum
1136 1157 1373 1193 inaspectabilium
1386 1156 1552 1184 mentionem
1567 1155 1685 1188 fecisset,

899 1212 960 1232 cum
972 1205 1031 1240 ipsa
1045 1205 1128 1231 etiam
1146 1203 1266 1239 Spiritus
1281 1203 1368 1230 sancti
1385 1207 1482 1229 natura
1492 1202 1526 1229 sit
1542 1201 1687 1228 intellecti-

900 1251 934 1278 lis
956 1255 982 1278 et
1004 1251 1180 1285 incorporea,
1205 1257 1238 1277 ne
1267 1249 1329 1284 quis
1346 1248 1472 1276 fortassis
1495 1247 1584 1282 ipsum
1604 1247 1686 1274 etiam

901 1295 1035 1332 Spiritum
1061 1299 1187 1324 sanctum
1213 1295 1238 1321 in
1266 1295 1363 1323 harum
1388 1294 1502 1321 classem
1527 1293 1687 1328 conjicerel,

900 1344 936 1371 ob
948 1343 1171 1371 communionem
1184 1349 1245 1368 cum
1258 1341 1342 1369 rebus
1356 1341 1390 1368 ab
1410 1341 1554 1368 oculorum
1574 1344 1686 1375 aspectu

901 1389 1023 1422 remotis,
1043 1388 1276 1416 evidentissimam
1287 1387 1494 1415 distinctionem
1511 1387 1574 1414 facit
1594 1395 1688 1414 eorum

902 1442 962 1469 qua:
989 1442 1038 1468 per
1066 1434 1234 1461 creationem
1251 1433 1321 1460 facta
1337 1437 1410 1466 sunt,
1426 1433 1540 1468 ejusque
1561 1433 1689 1460 substan-

903 1482 956 1513 tiae,
980 1488 1040 1516 quae
1057 1480 1197 1508 creatione
1215 1479 1342 1515 superior
1353 1483 1405 1507 est.
1421 1480 1518 1507 Creata
1537 1480 1608 1507 enim
1630 1487 1689 1514 pcr-

899 1531 994 1554 censet
1016 1527 1063 1553 illa
1086 1526 1224 1557 oratione,
1246 1533 1308 1552 cum
1336 1525 1465 1558 Tltronos,
1489 1525 1634 1560 quosdam,
1663 1528 1690 1552 et

899 1572 1082 1606 Principium,
1109 1576 1137 1600 et
1152 1571 1312 1605 Potestates,
1336 1575 1364 1599 et
1380 1571 1578 1598 Dominationes
1605 1571 1692 1598 nomi-

900 1622 947 1644 nat
962 1618 984 1634 ⁸¹
997 1627 1004 1645 :
1017 1618 1193 1653 generalibus
1211 1618 1377 1653 quibusdam
1392 1622 1420 1645 et
1433 1619 1486 1645 vim
1503 1618 1690 1646 multitudinis

900 1664 1076 1695 habentibus,
1091 1664 1247 1691 doctrinam
1269 1664 1366 1690 harum
1381 1664 1616 1698 inaspectabilinm
1637 1664 1691 1690 vir-

901 1713 989 1736 tutum
1017 1708 1148 1743 tradens;
1175 1717 1206 1737 ea
1240 1717 1316 1742 vero,
1354 1717 1415 1744 qua:
1440 1717 1524 1744 supra
1557 1715 1691 1737 creaturae

901 1762 1014 1782 censum
1031 1758 1126 1782 evecta
1148 1759 1223 1787 sunt,
1242 1755 1302 1790 ipso
1319 1755 1428 1782 silentio
1441 1763 1474 1783 ex
1490 1762 1606 1782 numero
1617 1762 1690 1782 crea-

901 1805 1025 1828 turarum
1047 1804 1182 1837 segregat.
1207 1800 1440 1833 Quemadmodum
1465 1802 1489 1828 si
1517 1801 1578 1836 quis
1593 1801 1689 1835 jussus

901 1846 1031 1875 distincte
1053 1851 1081 1874 et
1104 1847 1265 1874 nominatim
1282 1854 1445 1874 enumerans
1471 1847 1592 1874 minores
1609 1854 1637 1874 et
1652 1847 1691 1874 in-

902 1893 1018 1920 feriores
1035 1892 1193 1920 functiones
1208 1893 1330 1924 bellicas,
1345 1892 1472 1919 ordinum
1487 1893 1628 1924 ductores,
1646 1893 1692 1920 de-

901 1938 1041 1970 curiones,
1066 1939 1253 1970 centuriones,
1277 1938 1454 1970 chiliarchas,
1471 1942 1498 1965 et
1515 1938 1536 1965 si
1551 1945 1612 1973 qua:
1628 1943 1692 1966 sunt

903 1983 955 2011 alia
967 1984 1060 2010 munia
1071 1983 1214 2018 speciatim
1227 1987 1412 2018 pereenseret,
1429 1983 1613 2018 omnibusque
1623 1991 1692 2010 enu-

903 2029 1015 2057 meratis
1040 2035 1207 2063 supremam,
1225 2033 1253 2056 et
1278 2037 1339 2064 quae
1356 2029 1423 2056 alias
1447 2036 1542 2056 omnes
1556 2030 1690 2061 continet,

904 2078 1069 2110 potestatem
1091 2074 1201 2102 silentio
1219 2075 1381 2109 praeteriret,
1400 2082 1455 2102 non
1477 2079 1635 2109 contemptu
1649 2076 1692 2103 vel

903 2121 1042 2149 oblivione
1065 2128 1147 2148 suum
1170 2120 1292 2147 officium
1308 2120 1528 2155 pretermittens,
1554 2121 1602 2148 sed
1618 2121 1690 2155 quod

75 2165 277 2201 συμπεριλαϐών
285 2165 332 2192 καὶ
339 2165 388 2199 τὴν
399 2164 534 2199 ἄρχουσαν
546 2171 552 2177 ·
564 2162 634 2189 οὕτω
645 2171 688 2197 μοι
696 2162 770 2188 δοκεῖ
781 2162 828 2188 καὶ
840 2162 849 2188 ἐ

904 2167 947 2194 vel
968 2167 1075 2201 jussus,
1102 2166 1146 2194 vel
1172 2165 1264 2193 dedita
1289 2173 1371 2200 opera
1399 2170 1505 2193 tantum
1529 2174 1693 2194 enumerare

73 2211 98 2236 ἐν
109 2211 265 2246 παραδείσῳ
281 2210 392 2245 μυηθεὶς
406 2209 441 2236 τὰ
454 2208 596 2244 ἀπόρῤητα
611 2207 726 2239 Παῦλος,
743 2208 787 2234 ὅτε
803 2208 851 2243 ἁρ-

76 2257 162 2289 παγεὶς
178 2257 208 2283 ἐν
223 2256 299 2290 αὑτῷ
315 2256 422 2289 ἐγένετο
439 2254 485 2282 καὶ
499 2254 553 2281 τῶν
573 2255 776 2290 ὑπερουρανίων
789 2253 855 2280 θαυ-

75 2302 158 2335 μάτων
177 2301 281 2337 θεατὴς
298 2301 448 2333 καταστὰς,
466 2300 501 2327 τὰ
515 2299 667 2335 ἀνθρώποις
682 2300 788 2336 ἅρῥητα
811 2299 858 2326 καὶ

74 2345 132 2379 εἶδε,
149 2348 195 2374 καὶ
209 2348 328 2382 ἤκουσεν
341 2356 347 2362 -
364 2344 441 2378 οὗτος
455 2347 489 2373 τὰ
501 2346 540 2381 τῷ
554 2346 648 2381 Κυρίῳ
662 2345 804 2372 κτισθέντα
820 2345 859 2372 δι-

75 2392 145 2425 δὰξαι
163 2393 345 2429 προθέμενος,
370 2393 463 2428 ἐπειδὴ
490 2391 611 2427 διεξῆλθε
635 2390 721 2418 ταῦτα
734 2391 773 2426 τῷ
788 2391 859 2426 λόγῳ

74 2439 281 2474 περιληπτικαῐς
291 2448 345 2465 τισι
357 2440 467 2474 φωναῖς,
480 2437 633 2473 διαδραμὼν
641 2437 689 2473 τὴν
699 2437 858 2472 ἀγγελικὴν,

75 2484 115 2510 καὶ
127 2485 313 2520 ὑπερκόσμιον
325 2484 578 2520 δύναμιν,’ἐστησεν
592 2485 622 2510 ὲν
637 2485 693 2514 τοῖς
709 2491 859 2517 μνημονευ-

75 2530 136 2557 θῑίσι
151 2531 197 2558 τὸν
224 2531 319 2565 λόγον,
335 2530 388 2557 τῶν
408 2531 478 2566 ὑπὲρ
493 2530 543 2565 τὴν
559 2530 647 2556 κτίσιν
664 2528 740 2555 οὐδὲν
755 2529 794 2560 εἰς
816 2528 861 2554 τὸν

75 2575 216 2610 κατάλογον
236 2576 295 2602 τῶν
311 2575 426 2602 χτιστῶν
444 2575 630 2606 καθελκύσας·
652 2573 689 2604 ὼς
706 2573 737 2600 ἐκ
765 2572 860 2599 τούτου

75 2621 159 2655 σαφῶς
170 2621 228 2648 ἄνω
238 2621 292 2656 τῆς
304 2621 416 2652 κτίσεως
432 2618 541 2647 εἶναιτὸ
553 2619 665 2654 Πνεῦμα
678 2619 709 2646 τὸ
722 2618 798 2653 ἅγιον
808 2618 860 2645 ὑπὸ

73 2665 118 2701 τῆς
130 2667 241 2703 Γραφῆς
259 2667 466 2703 μαρτυρεῖσθαι.

905 2213 986 2240 vellet
1006 2219 1120 2239 munera
1142 2211 1270 2240 inferiora
1288 2215 1315 2239 et
1341 2212 1375 2238 ab
1400 2211 1461 2240 aliis
1485 2212 1629 2246 pendentia
1647 2222 1654 2240 :
1671 2213 1694 2240 is

906 2258 1008 2293 injuria
1028 2258 1224 2293 imperatorem
1246 2257 1379 2291 afﬁceret,
1406 2258 1429 2285 si
1453 2265 1516 2285 eum
1545 2259 1572 2285 in
1596 2259 1694 2286 ordine

905 2311 1011 2334 eorum.
1032 2304 1080 2339 qui
1104 2303 1244 2331 inferioris
1270 2308 1332 2331 sunt
1352 2303 1506 2338 dignitatis,
1528 2309 1692 2338 reponeret:

896 2349 943 2380 ,ita
968 2349 1076 2376 videtur
1096 2349 1164 2376 mihi
1186 2349 1267 2377 etiam
1291 2349 1322 2376 Ι).
1349 2349 1450 2377 Paulus
1472 2357 1516 2377 res
1540 2350 1648 2378 abditas
1666 2351 1694 2377 in

908 2395 1036 2430 paradiso
1062 2395 1187 2426 edoctus,
1207 2395 1316 2430 quando
1336 2396 1362 2422 in
1382 2403 1445 2423 eum
1466 2402 1571 2430 raptus,
1589 2401 1617 2424 et
1641 2404 1695 2424 cu:-

909 2439 1021 2466 lestium
1045 2446 1208 2466 arcanorum
1235 2443 1374 2474 spectator
1397 2439 1509 2467 effectus
1535 2445 1588 2472 est,
1609 2449 1696 2475 eaque

907 2484 976 2512 vidit
999 2487 1027 2511 et
1051 2484 1166 2516 audivit,
1183 2491 1244 2519 qua;
1255 2485 1360 2512 homini
1377 2484 1454 2513 nefas
1469 2485 1559 2519 eloqui
1579 2486 1614 2518 δ’,
1633 2494 1694 2513 cum

907 2537 1038 2558 enarrare
1049 2529 1237 2565 proposuisset
1253 2538 1298 2558 res
1319 2538 1334 2557 a
1356 2530 1473 2558 Domino
1492 2536 1601 2559 creatas
1617 2535 1696 2566 post-

908 2583 990 2610 quam
1013 2576 1205 2604 communibus
1231 2576 1395 2612 quibusdam
1410 2577 1551 2604 vocabulis
1563 2584 1610 2604 eas
1630 2585 1696 2603 enu-

911 2625 1046 2649 merasset
1058 2630 1064 2648 :
1075 2626 1238 2657 pervagatus
1250 2623 1398 2658 angelicam
1408 2627 1435 2650 et
1447 2622 1694 2656 supermundanam

912 2659 986 2694 illam
1008 2671 1182 2701 potestatem,
1200 2670 1352 2696 orationem
1373 2667 1399 2694 in
1423 2665 1589 2701 supradictis
1606 2667 1696 2694 termi-

75 2714 153 2746 navit,
174 2715 247 2742 nihil
274 2721 382 2747 eorum,
407 2722 467 2749 quae
493 2720 577 2749 supra
598 2716 751 2740 creaturam
783 2715 856 2743 sunt,
877 2712 906 2740 in
930 2713 1054 2741 ordinem
1077 2719 1266 2743 creaturarum
1289 2715 1414 2746 trahens,
1436 2717 1465 2739 ut
1486 2720 1518 2740 ex
1554 2712 1606 2741 hoc
1637 2713 1698 2748 ipso

122 2770 144 2787 δ’
156 2771 232 2801 Psal.
250 2780 311 2805 vm,
328 2771 344 2799 8
360 2779 418 2808 sqq.
458 2772 479 2788 '°
495 2771 600 2800 Coloss.
614 2779 635 2804 ι,
651 2771 693 2799 16.
749 2771 771 2786 ⁵¹
785 2770 850 2798 ibid.

914 2771 936 2787 "
952 2770 1048 2801 llCor.
1066 2771 1143 2805 nt,2
1162 2780 1222 2807 sqq.
