1954 3079
79 129 125 157 549

80 185 208 222 φείδεσθαι
221 185 249 211 δὲ
264 185 313 220 τῆς
335 184 387 211 τῶν
413 183 615 219 ἀνεκφωνήτων
634 183 838 219 ὲξαγορεύσεως
852 203 859 215 ,
877 188 898 214 Α
913 183 980 210 facit
1006 193 1012 210 :

80 236 136 261 ὅταν
157 232 221 267 περὶ
238 231 292 258 τῶν
309 231 472 266 κατωτέρων
488 231 599 266 ποιῆται
623 230 667 257 τὸν
681 231 769 264 λόγον.

110 326 137 352 οἱ
151 324 178 351 δὲ
199 323 249 358 τῆς
270 322 398 358 ἀληθείας
423 323 565 358 πολέμιοι,
586 323 633 349 καὶ
659 323 712 349 τῶν
732 323 860 359 domum

79 371 260 405 κατατολμῶσι
271 390 277 401 ,
295 371 325 396 τὸ
340 371 481 405 μεγαλεῖον
498 369 545 396 τοῦ
561 369 716 404 [Ινεύματος
755 369 792 404 τῷ
810 378 859 396 ται-

79 417 153 451 πεινῷ
169 416 217 450 τῆς
237 416 352 447 κτίσεως
374 414 600 450 καθυϐρίζοντες·
616 415 710 450 ὥσπερ
723 418 774 444 οὐκ
791 415 860 450 ἀκη-

80 463 177 492 κώτες.
202 461 242 487 ὃτι
260 461 340 491 αὐτὸς
366 461 380 486 ὁ
401 461 467 492 Θεὸς
487 461 590 494 Λόγος,
613 460 777 496 παραδιδοὺς
804 461 859 492 τοῖς

81 508 202 543 μαθηταῖς
235 507 266 533 τὺ
287 507 336 541 τῆς
363 507 526 541 Θεογνωσίας
554 508 712 541 μυστήριον,
733 506 767 532 ἐν
792 506 859 532 ὀνόπ-

77 561 136 587 [um
158 551 288 584 Πατρός,
317 552 366 579 καὶ
393 552 459 579 Υἰοῦ
474 572 481 582 ,
506 552 554 578 καὶ
576 552 662 585 ἁγίου
687 551 860 585 Πνεύματος

79 600 127 629 τοῖς
151 597 383 632 ὰναγεννωμένοις
414 596 474 624 εἷπε
497 597 547 633 τὴν
577 597 649 632 ζωὴν
685 596 857 632 συμπλιηροῦι

80 644 146 675 σθαι,
172 643 218 670 καὶ
243 643 444 678 παραγίνεσθαι
482 643 529 670 καὶ
559 642 604 669 διὰ
626 643 705 668 τοῦτο
728 639 860 673 συντάξας

79 690 111 724 τῷ
123 689 218 724 Πατρὶ,
235 689 284 716 καὶ
299 688 388 723 ἐαυτῷ
398 709 405 720 ,
417 690 467 724 τῆς
485 689 549 724 περὶ
566 689 615 724 τὴν
630 689 719 715 κτίσιν
734 688 860 720 ὑπονοίας

79 737 104 762 τὸ
118 735 224 770 Πνεῦμα
238 735 383 771 ἐχώρισεν,
400 736 438 767 ὡς
454 734 484 768 ἐξ
503 736 665 770 ἀμφοτέρων
682 734 779 770 εὐσεϐῆ
813 735 859 761 καὶ

79 782 224 817 πρέπουσαν
239 781 364 814 γίνεσθαι
382 782 445 817 περὶ
461 781 542 808 αὑτοῦ
556 782 604 817 τὴν
626 782 758 817 ὑπόληψιν
768 791 774 797 ”
786 782 860 808 Παύ-

79 828 117 854 λου
137 827 182 862 μὲν
198 828 226 854 ἐν
240 829 275 863 τῇ
299 828 393 864 μνήμῃ
409 829 459 864 τῆς
476 829 590 859 κτίσεως
604 827 652 863 τὴν
669 829 778 863 μνήμην
793 829 860 854 ἀπο-

79 875 244 909 σιγήσαντος-
267 874 314 900 τοῦ
332 874 360 900 δὲ
381 873 484 909 Κυρίου
505 875 533 900 ἐν
551 875 584 909 τῇ
602 874 696 910 μνήμῃ
716 874 765 909 τῆς
789 873 858 906 ζωο-

79 920 145 946 ποιοῦ
159 919 312 954 δυνάμεως,
330 919 360 946 τὸ
380 919 492 954 Πνεῦμα
505 920 535 945 τὸ
550 919 626 954 ἅγιον
641 920 680 954 τῷ
696 920 783 954 Πατρὶ
811 919 859 946 καὶ

79 965 155 1000 ἑαυτῷ
171 965 404 1001 συναρμόσαντος.
432 964 524 996 υῦτως
539 966 605 1000 ἡμῖν
629 966 643 991 ὀ
657 965 734 999 λόγος
753 964 796 991 διὰ
809 966 859 1000 τῆς

79 1012 148 1045 ἁγίας
171 1011 285 1046 Γραφῆς
313 1011 492 1046 ὀδηγούμενος
531 1011 697 1047 ὑπερτίθησι
728 1012 778 1046 μὲν
808 1012 859 1047 τῆς

64 1058 180 1089 ’κτίσεως
199 1057 245 1083 τὺν
269 1058 424 1093 Μονογενῆ,
449 1058 494 1084 καὶ
515 1058 546 1084 τὸ
569 1057 680 1093 Πνεῦμα
707 1058 737 1084 τὸ
761 1058 856 1092 ἅγιον·

79 1104 140 1130 κατὰ
157 1103 246 1138 δὲτὴν
260 1103 308 1130 τοῦ
333 1104 458 1139 Σωτῆρος
479 1103 624 1138 ἀπόφασιν,
641 1105 669 1130 ἐν
688 1105 719 1138 τῇ
737 1104 859 1140 μακαρίᾳ

78 1158 104 1176 τε
120 1149 162 1176 καὶ
180 1148 307 1184 ζωοποιῴ
319 1169 325 1181 ,
342 1149 387 1175 καὶ
402 1149 617 1184 ἀπίστῳ-φύσει
629 1149 740 1184 θεωρεῖν
753 1150 795 1177 διὰ
816 1150 860 1176 πί-

80 1204 152 1227 στεως
167 1195 343 1222 ὑποτίθεται·
354 1195 424 1221 ὥστε
438 1195 467 1222 τὸ
483 1195 538 1221 ἄνω
553 1197 603 1230 τῆς
614 1195 738 1227 κτίσεως,
751 1195 798 1221 καὶ
809 1195 859 1230 τῆς

79 1241 279 1276 πρωτευούσης,
306 1242 353 1267 καὶ
370 1241 415 1268 διὰ
433 1241 543 1267 πάντων
567 1241 673 1271 τελείας
696 1240 806 1274 φύσεως
830 1240 858 1267 ἓν

79 1288 260 1322 πιστευόμενον
272 1308 278 1318 ,
306 1287 400 1322 μηδενὶ
420 1286 530 1321 τρόπῳ,
549 1286 595 1312 τὸν
615 1286 663 1321 τῆς
686 1285 860 1318 ἐλαττώσεως

78 1332 265 1369 παραδέχεσθαι
283 1333 361 1367 λόγον
371 1341 378 1347 ’
393 1332 444 1359 κᾶν
460 1334 474 1359 ὁ
488 1332 537 1367 τῆς
553 1332 685 1368 αἱρέσεως
703 1333 859 1368 προστάτης

79 1379 227 1413 περικόπτει
243 1378 277 1404 τὸ
293 1379 417 1414 ἀόριστον
435 1379 463 1405 ἐν
475 1379 508 1413 τῇ
523 1378 570 1404 τοῦ
588 1378 729 1409 ἐλάττονος
743 1379 857 1413 ἐπινοίᾳ,

79 1425 147 1450 οἱονεὶ
158 1424 324 1451 ὂιακολοϐῶν
333 1425 379 1451 καὶ.
393 1424 543 1451 συστέλλων
555 1425 604 1459 τῆς
614 1424 688 1456 θείας
699 1424 794 1455 οὐσίας
808 1425 857 1459 τὴν

79 1471 221 1506 τελειότητα
243 1472 273 1497 ἐν
289 1470 328 1506 τῷ
339 1491 345 1502 ,
368 1471 399 1497 τὸ
414 1470 506 1505 μεῖζον
523 1471 570 1497 καὶ
591 1470 622 1497 τὸ
637 1470 745 1498 ἔλαττον
768 1470 860 1501 αὐτοῖς

79 1515 217 1550 ὲνθεωρείν,
230 1515 406 1550 διορίζεσθαι.
873 1538 894 1567 C

109 1607 137 1633 Τί
150 1608 236 1635 τοίνυν
255 1607 417 1642 προστίθησι
426 1608 457 1642 τῇ
470 1607 614 1642 ἀκολουθίᾳ
634 1607 686 1634 τῶν
699 1607 862 1642 εἰρημένων,

80 1654 261 1689 σκοπήςωμεν.
290 1653 366 1680 Μετὰ
386 1653 415 1679 τὸ
438 1654 536 1686 εἰπεῖν,
566 1653 602 1685 ἐξ
619 1653 754 1687 ἀνάγκης
779 1653 864 1679 ἐλάτ-

79 1709 141 1732 τους
150 1707 180 1726 τε
191 1700 240 1726 καὶ
248 1698 368 1734 μείζους
384 1699 437 1732 τὰς
448 1700 556 1731 οὐσίας
565 1699 679 1726 οἴεσθαι
690 1699 754 1726 δεῖν
768 1697 845 1726 εἶναι
855 1707 862 1714 ν

79 1745 120 1772 καὶ
130 1745 176 1776 τὰς
199 1745 248 1780 μὲν
276 1744 388 1780 πρώτην
405 1745 513 1779 ἐπέχειν
525 1744 601 1776 τάξιν
621 1745 692 1770 κατά
710 1752 769 1770 τινα
784 1743 865 1778 μεγὲ-

80 1792 135 1824 θους
148 1792 192 1818 καὶ
205 1791 286 1823 ἀξίας
301 1791 432 1826 διαφορὰν
447 1791 476 1817 ὲν
498 1792 531 1826 τῇ
550 1791 713 1825 προτιμήσει
730 1790 865 1825 τεταγμὲα

80 1846 133 1868 να;·
152 1837 199 1869 τὰς
212 1838 241 1864 δὲ
255 1837 394 1872 δευτέρας,
408 1837 451 1864 διὰ
465 1837 494 1863 τὸ
509 1836 677 1871 ὑποϐεϐηκὸς
693 1836 742 1872 τῆς
757 1836 865 1871 φύσεώς

80 1892 105 1909 τε
129 1884 172 1911 καὶ
199 1883 250 1918 τῆς
274 1883 352 1916 ἀξίας
381 1883 570 1918 ἀπεωσμένας,
599 1882 685 1909 ταῦτα
706 1883 862 1917 ἐπήγαγεν·

84 1927 150 1962 πρὸς
163 1929 318 1961 τοσαύτην
330 1929 411 1963 φησιν
423 1928 605 1960 ἐξικνεῖσθαι
618 1928 774 1962 διαφορὰν,
789 1928 865 1962 πρὸς

80 1975 188 2007 όπόσην
202 1973 241 2000 ἂν
253 1972 406 2007 ἐξικνῆται
418 1973 454 1999 τὰ
465 1973 547 2007 ἔργα.
566 1972 643 1999 Ἐπεὶ
657 1972 734 2006 μηδὲ
745 1973 866 2006 θεμιτὸν

80 2019 129 2054 τὴν
151 2020 248 2053 αὐτὴν
273 2019 426 2054 ἐνέργειαν
441 2019 537 2046 εἰπεῖν
560 2020 623 2046 καθ’
641 2019 680 2052 ἣν
693 2019 764 2051 τοὺς
780 2018 866 2053 ἀγγέ-

79 2068 145 2099 λους
154 2066 310 2100 ἐποίησεν,
325 2065 344 2099 ἣ
361 2065 432 2098 τοὺς
442 2065 572 2099 ἀστέρας
593 2064 642 2091 καὶ
660 2065 713 2091 τὸν
724 2064 864 2098 οὐρανὸν,

79 2112 95 2145 ἢ
107 2112 156 2140 τὸν
177 2113 347 2146 ἄνθρωπον.
368 2112 444 2139 Ἀλλ’
462 2111 525 2144 ὅσῳ
543 2111 579 2138 τὰ
603 2110 674 2145 ἔργα
692 2110 752 2137 τῶν
771 2111 866 2146 ἔργων

79 2159 265 2192 πρεσϐύτερα,
279 2158 326 2184 καὶ
335 2157 497 2192 τιμιώτερα,
510 2158 643 2189 τοσούτῳ
656 2157 705 2184 καὶ
720 2157 776 2191 τὴν
785 2157 866 2191 ἐνέρ-

632 124 772 152 CONTRA
789 123 987 158 EUNOMIUM,
1007 124 1072 152 LIB.
1095 125 1115 152 i.

1648 124 1700 153 ’550

1039 184 1113 211 novit
1137 183 1208 211 cnim
1226 183 1253 210 in
1279 182 1409 218 paradiso
1434 182 1529 210 audire
1551 181 1700 210 ineffabilia

911 229 1004 259 verba.
1014 234 1041 256 et
1048 230 1184 258 abstinere
1192 230 1226 257 ab
1235 230 1330 258 iisdem
1339 229 1528 264 expromendis
1536 232 1561 256 et
1571 228 1702 262 eloquia-.-

911 273 965 305 tlis,
988 273 1098 307 quando
1115 275 1148 300 (te
1164 273 1247 299 rebus
1263 273 1403 301 inferioris
1422 273 1591 301 conditionis
1606 277 1633 301 et
1650 277 1703 301 sta-

911 323 957 347 tus
977 326 1130 347 sermonem
1149 319 1277 346 instituit.

946 366 981 392 At
1005 365 1130 392 veritatis
1150 365 1303 392 adversarii
1335 365 1418 394 etiam
1441 366 1627 394 ineffabilibus
1647 374 1701 394 non

910 412 1061 444 abstinent,
1088 411 1260 446 majestatem
1290 412 1409 447 Spiritus
1439 413 1534 440 humili
1571 416 1703 440 creatura:

911 459 1066 486 conditione
1097 459 1243 492 violantes,
1269 459 1347 494 quasi
1373 459 1461 494 ignari
1487 465 1580 487 essent
1613 459 1702 494 ipsum

913 504 1033 532 Verbum
1048 505 1142 536 Deum,
1154 505 1415 540 quantlodiscipulis
1429 507 1588 540 mysterium
1604 506 1703 533 divinae
1718 499 1722 503 ’

911 551 1060 585 agnitionis
1085 551 1220 583 tradebat,
1248 552 1414 582 asseruissc,
1437 551 1465 577 in
1484 552 1587 578 nomine
1611 551 1702 579 Patris

910 603 935 624 et
956 596 1022 624 Filii
1044 602 1069 624 et
1094 596 1213 631 Spiritus
1246 598 1331 624 sancti
1358 597 1393 629 “,
1424 597 1592 632 regeneratis
1618 599 1700 624 vitam

910 641 1030 669 conferri
1056 646 1084 670 et
1101 643 1288 670 consummari
1310 652 1316 670 :
1335 650 1367 669 ac
1382 642 1497 678 proinde
1515 642 1577 677 quia
1597 651 1700 675 secum,

910 690 937 714 ct
954 694 1015 713 cum
1039 686 1120 714 Patre
1138 687 1272 722 Spiritum
1297 691 1422 715 sanctum
1446 687 1602 722 conjunxit,
1625 696 1701 715 eum-

910 732 972 760 dem
991 740 1006 759 a
1028 740 1119 760 rerum
1135 737 1292 761 creatarum
1307 734 1404 761 ordine
1419 734 1519 762 exemit
1537 743 1543 760 :
1569 739 1597 761 ut
1612 741 1644 761 ex
1661 734 1702 761 his

910 778 1018 806 duobus
1045 779 1117 806 locis
1145 780 1217 807 inter
1242 788 1271 808 se
1296 781 1463 815 comparatis
1490 783 1650 815 competens
1676 784 1702 807 et

911 823 992 860 digna
1013 825 1046 852 de
1064 825 1167 860 Spiritu
1187 829 1284 853 sancto
1301 826 1469 853 existimatio
1486 826 1623 854 exsistat:
1641 833 1701 852 cum

912 870 1014 898 Paulus
1035 871 1062 899 in
1077 873 1284 900 enumeratione
1306 877 1494 900 creaturarum
1511 873 1571 907 ejus
1588 873 1704 900 mentio-

911 925 974 944 nem
999 918 1103 945 nullam
1123 918 1235 952 fecerit;
1255 923 1281 946 et
1296 919 1438 951 Dominus,
1457 927 1518 947 cum
1533 919 1640 946 vivifica
1656 919 1702 946 illa

912 964 1128 998 regenerationis
1147 965 1230 992 verba
1244 964 1424 998 describeret,
1442 965 1567 992 eumdem
1585 964 1659 992 Patri
1675 969 1703 992 ct

912 1010 965 1037 sibi
988 1011 1135 1045 copularit.
1159 1011 1219 1044 Quo
1240 1011 1279 1043 lit,
1293 1015 1323 1038 ut
1345 1012 1426 1044 ratio,
1453 1011 1603 1046 Scripturze
1617 1019 1704 1039 sacrae

912 1058 1044 1092 auspiciis
1065 1062 1092 1085 et
1108 1057 1192 1085 ductu
1208 1058 1324 1090 directa,
1341 1066 1425 1093 supra
1439 1063 1573 1085 creaturae
1599 1064 1699 1089 sortem

912 1104 1008 1132 evehat
1033 1103 1206 1138 Unigenitum
1233 1108 1260 1131 et
1285 1104 1416 1139 Spiritum
1437 1110 1575 1137 sanctum,
1601 1109 1628 1132 et
1657 1113 1700 1132 se-

912 1149 1031 1177 cundum
1054 1149 1205 1177 Salvatoris
1218 1150 1388 1183 mandatum,
1406 1151 1433 1177 in
1457 1151 1536 1178 beata
1555 1151 1612 1182 illa,
1633 1151 1703 1178 viri-

913 1195 1034 1222 licatrice
1049 1199 1075 1222 et
1087 1195 1209 1222 increata
1227 1199 1327 1222 natura
1344 1196 1432 1230 ipsum
1452 1196 1503 1224 fide
1521 1197 1702 1232 contemplari

910 1240 998 1275 jubet.
1024 1240 1118 1274 Itaque
1133 1240 1171 1272 id,
1191 1241 1263 1275 quod
1288 1241 1410 1268 creditur
1431 1249 1515 1268 unum
1536 1250 1569 1269 ex
1588 1243 1621 1270 iis
1643 1251 1705 1277 quae

913 1293 996 1322 supra
1018 1292 1173 1314 creaturam
1198 1291 1273 1320 sunt,
1301 1290 1460 1322 naturatqlle
1477 1289 1581 1322 primat,
1597 1293 1624 1315 et
1641 1296 1700 1315 0m-

913 1332 994 1359 nibus
1008 1333 1130 1359 numeris
1145 1332 1288 1364 absolutae,
1305 1333 1380 1360 nullo
1400 1333 1482 1360 modo
1501 1333 1704 1362 imminutionis

914 1379 1047 1405 rationem
1063 1378 1157 1405 subire
1183 1382 1273 1412 potest
1294 1388 1300 1405 :
1318 1379 1427 1406 etiamsi
1447 1379 1582 1408 hmreseos
1608 1385 1705 1408 auctor

913 1424 1143 1452 circumscribere
1162 1429 1190 1452 et
1206 1425 1285 1459 quasi
1304 1426 1476 1456 circumdare
1489 1427 1553 1454 velit
1568 1424 1704 1454 infinitum

914 1471 1028 1498 minoris
1053 1471 1194 1504 opinione,
1221 1471 1296 1498 velut.
1322 1471 1455 1500 mutilans
1487 1476 1515 1499 et.
1540 1474 1705 1501 contrallens

914 1515 1012 1542 divinae
1036 1519 1141 1543 natura:
1165 1515 1377 1549 perfectionem;
1397 1517 1462 1545 dum
1484 1518 1546 1552 plus
1566 1522 1593 1546 et
1614 1520 1706 1547 minus

914 1560 941 1587 in
964 1568 995 1587 ea
1017 1560 1246 1587 considerandum
1271 1569 1333 1588 esse
1355 1561 1446 1588 (locet.

949 1606 1096 1633 Videamus
1111 1607 1193 1641 igitur
1206 1607 1272 1641 quid
1293 1607 1412 1642 amplius
1432 1607 1540 1639 afferat,
1554 1608 1619 1635 dum
1644 1616 1706 1636 ora-

915 1651 998 1679 tionis
1019 1657 1075 1679 s'me
1097 1653 1197 1679 seriem
1217 1657 1359 1687 pertexere
1375 1653 1474 1687 pergit.
1497 1652 1566 1680 Cum
1589 1653 1705 1681 dixisset

915 1705 946 1725 ea:
965 1699 1119 1724 necessitate
1130 1697 1245 1731 quadam
1263 1699 1376 1735 minores
1393 1703 1417 1725 et
1443 1698 1558 1733 majores
1579 1699 1705 1726 substan-

916 1741 967 1767 tias
987 1741 1180 1768 existimandus
1200 1749 1271 1773 esse;
1289 1746 1316 1769 et
1334 1743 1383 1769 has
1397 1743 1507 1778 quidem
1527 1744 1644 1777 primunt
1668 1750 1707 1772 te-

916 1797 982 1817 nere
999 1791 1101 1821 locum,
1126 1790 1278 1818 secundum
1301 1791 1500 1824 magnitudinis
1522 1796 1549 1818 et
1563 1791 1706 1826 dignitatis

915 1835 1109 1867 differentiam,
1130 1835 1158 1862 in
1176 1835 1291 1862 honoris
1309 1836 1492 1870 praecellentia
1519 1837 1664 1865 ordinatas
1680 1841 1707 1864 ct

915 1879 1066 1914 dispositas
1083 1887 1091 1906 :
1108 1879 1158 1906 has
1182 1886 1247 1906 vero
1274 1879 1439 1913 secundum,
1463 1885 1577 1915 propter
1600 1885 1708 1908 naturae

916 1925 1074 1952 inferiorem
1097 1925 1293 1959 conditionem,
1322 1925 1516 1960 delectumque
1538 1927 1680 1961 dignitatis
1698 1938 1705 1955 :

916 1970 973 1998 haec
996 1970 1113 2005 subjecit
1130 1979 1136 1997 :
1154 1970 1239 1998 Tanto
1253 1971 1405 1998 discrimine
1426 1972 1493 1998 inter
1514 1980 1541 1998 se
1566 1971 1706 2006 dissidere,

915 2020 1014 2051 quanto
1038 2015 1166 2043 dissident
1190 2017 1247 2049 ipsa
1264 2025 1353 2051 opera,
1376 2025 1434 2043 cum
1452 2017 1525 2051 nefas
1550 2018 1585 2044 sit
1610 2018 1707 2051 dicere,

916 2062 1035 2090 eamdem
1046 2070 1101 2089 esse
1115 2063 1303 2096 operationem,
1322 2071 1373 2097 qua
1389 2063 1495 2097 angelos
1507 2063 1579 2097 fecit,
1593 2064 1632 2090 vel
1645 2066 1708 2090 stel-

917 2109 956 2135 las
971 2113 995 2134 et
1009 2108 1113 2140 caelum,
1131 2108 1169 2135 vel
1183 2108 1316 2135 hominem
1333 2116 1342 2135 .‘
1358 2108 1402 2135 sed
1415 2113 1515 2144 quanto
1528 2117 1605 2143 opera
1622 2110 1708 2144 operi-

917 2153 964 2180 bus
980 2153 1166 2181 excellentiam
1186 2159 1211 2181 et
1226 2155 1416 2188 prwslantiora
1437 2160 1509 2188 sunt,
1534 2160 1558 2182 et
1576 2158 1705 2190 operatio-

79 2212 153 2237 γειαν
177 2204 231 2238 τῆς
253 2204 405 2238 ἐνεργείας
425 2203 640 2236 ἀναϐεϐηκέναι
670 2204 742 2238 φαίη
765 2203 804 2230 ἂν
819 2212 861 2237 τις

916 2207 975 2226 nent
998 2200 1145 2234 operatiom'
1169 2205 1302 2227 antestare
1319 2202 1412 2228 merito
1431 2203 1490 2237 quis
1510 2205 1706 2237 asscverarerit,

79 2251 137 2284 περὶ
153 2252 263 2278 τούτου
293 2250 553 2284 διαϐεϐαιούμενος
563 2257 569 2264 ’
585 2248 637 2276 ἅτε
649 2249 687 2283 δὴ
697 2248 756 2276 τῶν
768 2248 867 2276 αὐτῶν

78 2296 223 2331 ἐνεργειῶν
232 2296 291 2331 τὴν
298 2298 463 2330 ταυτότητα
470 2295 529 2322 τῶν
537 2296 631 2331 ἔργων
640 2295 864 2328 ἀποτελουσῶν,

79 2342 121 2368 καί
140 2342 196 2369 τῶν
209 2342 470 2377 παρηλλαγμένων
483 2341 587 2377 ἔργων,
613 2341 865 2376 παρηλλαγμένας

79 2387 181 2420 καὶτὰς
192 2388 345 2422 ἐνεργείας
358 2388 573 2422 ἐμφαινόντων.

109 2433 196 2460 Ταῦτα
223 2434 316 2460 τοίνυν
336 2433 391 2468 ἐγὼ
414 2433 464 2469 μὲν
478 2432 673 2468 ὑπολαμϐάνω,
695 2433 761 2468 μηδὲ
784 2432 864 2459 αὐτὴν

78 2479 125 2504 τὸν·
133 2479 294 2514 συγγραφέα
309 2479 437 2506 δύναπθαι
449 2479 481 2506 ἂν
491 2479 614 2514 εὐπόρως
625 2480 723 2512 εἰπεῖν,
736 2481 750 2507 ὅ
760 2488 786 2505 τι
800 2479 866 2505 ποτὲ

78 2525 168 2558 νοήσας
204 2525 396 2560 συνέγραψεν·
423 2525 510 2557 οὕτως
534 2525 733 2552 ἀνατεοόλωται
759 2525 792 2559 τῇ
813 2524 866 2551 ἰλύῐ

79 2570 122 2605 τῆς
151 2572 279 2606 φράσεως
305 2572 321 2606 ὴ
343 2571 447 2598 διάνοια
461 2572 515 2598 τῶν
528 2571 691 2607 εἰρημένων,
708 2570 744 2602 ὡς
766 2570 865 2605 μηδένα

79 2616 107 2642 ἂν
131 2616 220 2643 διῐδεῖν
250 2617 369 2648 εὐκόλως
397 2618 426 2644 ὲν
445 2617 483 2652 τῷ
506 2617 630 2653 βορῦόρῳ
647 2616 697 2650 τῆς
718 2615 866 2651 ἑρμηνείας

79 2661 217 2696 δυνηθῆναι
231 2661 264 2688 τὸ
279 2661 411 2696 βούλημα.
429 2662 465 2688 Τὸ
482 2661 544 2697 γὰρ,
553 2661 629 2695 πρὸς
648 2660 800 2694 τοσαύτην
821 2660 866 2692 ἐξ-

79 2707 215 2734 ικνεῖσθαι
225 2708 384 2742 διαφορὰν,
397 2699 472 2742 abde
482 2708 601 2741 ὁπόσην
615 2707 654 2734 ἂν
666 2705 817 2740 ἐξικνῆται
830 2706 864 2733 τὰ

77 2752 150 2786 ἔργα,
161 2753 259 2785 Λοξίου
283 2754 354 2785 τινὸς
376 2754 445 2781 κατὰ
465 2753 510 2780 τὸν
535 2752 633 2787 ἔξωθεν
650 2752 734 2787 μῦθον
748 2752 863 2787 ὑπονοή-

112 2841 132 2856 ¹³
150 2840 246 2870 Matth.
261 2848 358 2875 xxvm,
380 2841 422 2870 l9.

915 2246 961 2281 qui
974 2245 1015 2280 pie
1030 2246 1063 2273 de
1073 2246 1122 2273 hoc
1133 2247 1250 2281 cogitare
1265 2247 1324 2274 velit
1340 2256 1417 2274 :cum
1430 2249 1527 2276 eadem
1543 2252 1708 2285 operationes

915 2292 1019 2319 eosdem
1047 2293 1127 2320 etiam
1156 2293 1263 2327 effectus
1286 2293 1454 2328 producant;
1474 2304 1583 2330 cumque
1606 2296 1708 2324 dirersa

915 2347 995 2373 opera
1009 2338 1128 2367 diversas
1148 2340 1227 2366 etiam
1242 2341 1408 2374 operationes
1418 2341 1606 2370 demonstrent.

950 2428 1014 2456 llaec
1043 2436 1077 2456 ne
1104 2428 1196 2463 ipsum
1220 2428 1330 2464 quidem
1357 2435 1500 2458 auctorem
1527 2431 1707 2466 intelligentia

915 2476 1037 2510 assequi,
1066 2479 1142 2502 certo
1169 2475 1236 2502 mihi
1270 2476 1434 2510 persuadeo,
1465 2478 1533 2504 adeo
1562 2479 1708 2506 verborum

915 2523 995 2558 quasi
1012 2529 1092 2550 coeno
1105 2522 1241 2550 sententia
1261 2523 1350 2550 onmis
1366 2523 1509 2558 inquinata
1524 2529 1551 2551 ct
1568 2525 1708 2551 sordidata

915 2574 968 2602 est,
986 2574 1016 2596 nt
1039 2576 1120 2597 nemo
1135 2569 1183 2602 sit,
1197 2569 1244 2604 qui
1267 2569 1294 2596 in
1313 2569 1364 2596 hoc
1383 2570 1546 2598 elocutionis
1565 2578 1645 2598 emno
1666 2572 1707 2597 ιίί-

917 2615 1025 2650 spicere
1050 2619 1134 2649 queat
1164 2622 1291 2650 quaenam
1316 2615 1352 2642 sit
1375 2616 1501 2650 subjecta
1529 2616 1616 2643 notio.
1639 2616 1706 2642 illud

917 2661 991 2689 enim
1006 2671 1013 2689 :
1031 2661 1117 2688 Tanto
1133 2661 1284 2688 discrimine
1298 2661 1407 2693 distare,
1419 2667 1517 2696 quanto
1539 2662 1635 2688 distanl
1649 2663 1707 2697 ipsa

918 2716 1008 2742 opera.
1033 2708 1143 2735 videtur
1171 2715 1233 2735 esse
1258 2707 1395 2742 Apollinis
1424 2707 1568 2741 cujusdam
1595 2707 1706 2742 oblique

917 2754 1103 2788 vaticinantis,
1131 2758 1159 2782 ut
1175 2757 1333 2783 exterorum
1358 2752 1469 2788 scriptis
1492 2753 1589 2787 fertur,
1607 2757 1634 2782 et
1661 2761 1706 2781 au-
