1954 3079
86 109 132 136 τιλῦ

649 87 787 130 conruit
807 82 1005 134 sonantum.
1025 102 1086 130 un.
1107 101 1128 129 ι.

1638 100 1694 128 εει

90 167 130 201 ρὰν
155 162 200 198 τὴν
223 160 347 187 ἀσέϐειαν
374 159 448 194 ἔχει’
468 159 497 185 τὸ
515 159 543 185 δὲ
567 159 779 194 συντεταγμένον
802 159 855 185 τῶν

913 165 938 186 :x
960 158 995 185 iis
1009 165 1069 192 quae
1094 157 1122 184 in
1147 155 1247 184 aatliere
1274 157 1376 189 lucent,
1399 155 1573 191 perspicuam
1590 163 1646 191 prze
1662 164 1693 184 se

89 207 222 243 νοημάτων,
239 204 286 231 καὶ
300 203 445 231 ἀκόλουθον
459 204 508 238 τῆς
523 204 586 238 περὶ
602 203 666 230 αὐτὸ
679 204 757 230 τοῦτο
775 213 856 231 κατα-

90 253 190 287 σκευῆς,
212 250 286 277 τοῦτό
308 259 388 285 φημι,
413 250 482 285 μήτε
507 250 579 284 ἐμοὶ,
600 250 668 285 μήτε
695 250 768 285 αὐτῷ
785 250 855 286 τάχα

89 301 112 327 τὸ
122 297 174 336 ίςῷ]
182 297 263 332 πατρὶ
273 296 321 330 τῆς
328 295 500 331 βλασφημίας
510 295 671 321 εὐσύνοπτον
679 293 757 322 εἶναι.
765 296 797 323 Εἰ
807 296 855 331 μὲν

89 346 133 380 γὰρ
144 342 247 369 τοιαῦτα
262 342 326 376 περὶ
340 342 389 377 τῆς
403 341 518 372 κτίσεως
526 341 672 375 ἐλογίζετο,
689 342 730 368 ὅτι
743 342 856 377 οὐρανὸς

89 393 130 428 μὲν
142 390 215 425 ἔργον
231 389 304 415 ἐστὶν
328 387 528 423 ὑπερκειμένης
548 388 620 420 τινὸς
641 388 790 424 ἐνεργείας,
807 388 856 424 τῆς

88 437 111 463 δὲ
123 434 157 469 τῷ
169 432 271 469 οὐρανῷ
288 433 481 468 παρεπομένης
500 433 638 467 ἐνεργείας
655 433 826 468 ἀποτέλεσμα
843 435 856 460 ὁ

88 481 171 516 ἀστὴρ,
191 479 292 506 ἐκείνου
306 478 333 504 δὲ
347 479 471 513 ἄγγελος,
498 478 544 504 καὶ
559 478 664 510 τούτου,
677 480 690 505 ὁ
703 478 749 506 ἄνθ
754 485 854 514 ρωπος·

88 527 147 562 εἶχεν
161 526 190 553 ἄν
203 534 227 551 τι
248 525 263 551 ὁ
281 525 358 558 λόγος
377 524 449 559 αὐτῷ
460 524 504 551 διὰ
519 525 568 559 τῆς
587 524 641 551 τῶν
655 525 753 560 ὁμοίων
769 534 857 561 παρα-

90 574 173 603 θέσεως
185 569 396 602 κατασκευάζειν
408 570 438 596 τὸ
452 570 549 605 δόγμα.
572 571 602 596 El
615 570 643 596 δὲ
660 571 745 597 ταῦτα
761 571 809 606 μὲν
823 572 857 598 δι’

88 618 136 650 ἑνὸς
167 615 327 651 γεγενῆσθαι
365 616 411 641 καὶ
435 615 516 647 αὐτὸς
542 615 693 642 συντίθεται
721 616 800 650 (εἴγε
821 617 858 652 μὴ

88 662 210 693 παντελῶς
221 663 253 697 τῇ
270 661 324 688 τῶν
340 660 453 696 Γραφῶν
465 662 540 696 φωνῇ
557 661 718 697 διαμάχεται
730 662 750 697 ),
765 662 815 697 τῆς
829 663 858 689 δὲ

88 708 183 735 ἐκείνων
207 706 381 741 κατασκευῆς
419 705 510 741 ἕτερόν
536 715 596 733 τινα
629 707 772 742 διορίζεται
799 708 858 743 τρό-

88 763 143 782 πον·
159 754 196 786 τίς
215 755 230 788 ἡ
247 753 373 780 κοινωνία
391 752 445 779 τῶν
469 752 640 788 ἐπαχθέντων
660 754 728 790 πρὸς
741 753 776 781 τὰ
793 763 859 790 προ-

89 803 172 836 ἀγοντα
181 808 189 833 3
875 829 897 856 Β

115 891 224 918 Δεόόαθω
234 891 265 918 δέ
279 900 306 918 τι
318 891 364 918 καὶ
375 891 463 918 κοινὸν
477 891 548 926 ἔχειν
564 891 649 919 ταῦτα
664 893 731 928 πρὸς
753 892 859 920 ἀπόδει‹

88 939 120 971 Ειν
128 938 172 973 τῆς
185 938 236 964 τῶν
255 937 354 964 οὐσιῶν
376 938 552 973 παραλλαγῆς
565 945 572 954 ·
589 938 675 965 ταῦτα
693 938 748 975 γὰρ
764 938 858 965 ὲπιου-

87 986 124 1020 psi
133 984 161 1010 δι’
173 980 208 1010 ὧν
222 983 299 1017 λέγει
312 983 525 1016 κατασκευάζειν
537 991 544 998 ·
557 983 624 1010 ἀλλὰ
633 983 667 1010 τὰ
683 983 783 1019 ἑφεξῆς
801 984 860 1016 πῶς

87 1030 220 1065 συνήρτησε
236 1030 294 1060 τοῖς
306 1029 470 1064 εἰρημένοις,
489 1028 660 1065 ἀκούσωμεν.
678 1030 768 1063 ’⁷οσῳ,
781 1030 858 1066 φησὶ,

85 1075 115 1102 τὰ
135 1074 201 1109 ἔργα
221 1072 282 1100 τῶν
300 1074 396 1108 ἔργων
415 1074 601 1108 πρεσϐύτερα
621 1074 670 1101 καὶ
696 1074 858 1110 τιμιώτερα,

86 1121 202 1153 τοσούτῳ
215 1120 265 1148 καὶ
288 1120 346 1154 τὴν
359 1120 510 1155 ἐνέργειαν
526 1120 580 1154 τῆς
594 1121 743 1156 ἐνεργείας
756 1122 860 1149 ἀναϐε-

86 1167 190 1201 ϐηκέναι
198 1167 276 1201 φαίη
287 1166 327 1193 ἄν
335 1175 380 1198 τις
391 1166 521 1199 εὐσεϐῶς
535 1166 756 1202 διανοούμενος.
768 1167 861 1195 Ταῦτα

88 1213 127 1248 μὲν
137 1213 159 1239 εἰ
173 1212 220 1247 μὲν
231 1212 297 1247 περὶ
307 1211 361 1238 τῶν
374 1211 509 1246 αἰσθητῶν
520 1211 604 1246 λέγει,
621 1213 714 1248 πόρρω
727 1213 780 1239 τῶν
796 1222 861 1249 προ-

85 1258 201 1285 τεθέντων
217 1257 317 1285 ὲστὶνὸ
332 1257 409 1291 λόγος
419 1265 426 1272 ·
444 1257 486 1289 τίς
504 1257 558 1293 γὰρ
578 1258 595 1292 ἡ
609 1258 716 1294 ἀνάγκη
735 1259 779 1286 τὸν
796 1260 861 1295 περὶ

85 1304 130 1331 τῶν
142 1303 279 1339 δογμάτων
293 1304 381 1329 εἰπεῖν
396 1312 424 1329 τι
434 1303 610 1338 προθέμενον,
625 1304 688 1340 περὶ
699 1305 747 1339 τῆς
758 1304 862 1337 τάξεως

85 1351 129 1377 τῶν
141 1351 168 1377 ὲν
180 1351 212 1385 τῇ
229 1349 397 1385 κοσμογονίᾳ
415 1350 670 1386 δημιουργηθέντων
696 1351 860 1386 φιλοσοφεῖν,

85 1396 124 1422 ut
135 1395 309 1431 ὑψηλοτέρας,
334 1395 382 1428 καὶ
413 1395 559 1430 ὑφειμένας
581 1395 630 1427 τὰς
649 1397 787 1431 ἐνεργείας
813 1397 860 1423 τοῦ

85 1442 212 1473 κτίσαντος
236 1441 308 1476 πρὸς
335 1441 412 1475 λόγον
434 1441 484 1476 τῆς
509 1441 623 1468 ἑκάστου
642 1441 696 1468 τῶν
712 1442 862 1476 γεγονότων

86 1487 249 1522 πηλικότητος
260 1485 331 1513 εἶναι
347 1486 573 1522 διισχυρίζεσθαις
586 1487 618 1514 Εἰ
629 1486 661 1513 δὲ
672 1487 736 1523 περὶ
750 1487 862 1514 ἐκείνων

85 1534 188 1559 ποιεῖται
203 1533 248 1560 τὸν
268 1533 359 1568 λόγον,
379 1534 425 1559 καὶ
451 1533 521 1568 ἔργα
539 1532 627 1568 ἔργων
647 1533 820 1570 πρεσὸύτερά
833 1543 863 1561 τε

83 1578 124 1604 καὶ
149 1578 298 1614 τιμιώτερα
323 1578 396 1612 λέγει
414 1578 448 1604 τὰ
462 1578 661 1606 διαπλασθέντα
686 1580 750 1615 παρ’
767 1579 862 1612 αὐτοῦ,

85 1623 124 1651 νῦν
137 1624 163 1650 ὲν
174 1624 211 1659 τῷ
221 1624 348 1659 δόγματι,
357 1624 429 1650 τοῦτ’
440 1623 498 1650 ἔστι
509 1624 555 1651 τὸν
565 1624 640 1657 Υίὺν,
652 1625 700 1651 καὶ
715 1624 745 1651 τὸ
752 1625 863 1660 Πνεῦμα

85 1670 110 1696 τὺ
123 1669 205 1703 ἅγιον,
218 1670 293 1705 τάχα
308 1669 397 1701 καλῶς
419 1669 486 1704 ἔχει,
508 1671 596 1706 σιωπῇ
613 1670 712 1705 μᾶλλον
732 1671 776 1697 τὸν
787 1671 864 1705 λόγον

85 1715 259 1749 βδελύξασθαι,
285 1715 303 1751 ἢ
314 1715 357 1742 διὰ
372 1714 418 1741 τοῦ
429 1716 620 1751 συμπλακῆναι
634 1716 664 1742 τὺ
673 1716 760 1743 δοκεῖν
771 1717 862 1749 αὐτὸν,

85 1761 126 1787 καὶ
139 1761 212 1795 λόγον
225 1759 298 1787 εἶναι
311 1761 521 1788 κατασκευάσαι.
546 1761 608 1792 Πῶς
621 1761 676 1796 γὰρ
691 1761 724 1788 ἂν
739 1762 863 1798 εὑρεθείη

85 1807 282 1842 προτιμότερον,
300 1808 328 1834 ὲν
338 1803 378 1838 οἷς
397 1807 445 1833 οὐκ
461 1806 518 1833 ἔστι
534 1807 565 1833 τὺ
582 1807 755 1842 ἁτιμότερον;
771 1808 801 1835 Et
814 1808 864 1844 μὲν

84 1853 129 1888 γὰρ
153 1854 232 1889 μέχρι
259 1853 355 1880 τούτου
377 1854 410 1888 τῇ
431 1853 499 1888 πρὸς
519 1852 551 1879 τὸ
569 1853 652 1880 κακὸν
674 1853 793 1888 εὐκολίᾳ,
818 1854 865 1880 καὶ

86 1901 226 1936 ἑτοιμότητι
248 1901 382 1936 πρόεισιν,
395 1900 466 1927 ὥστε
490 1900 536 1926 τοῦ
564 1900 736 1935 ἀτιμοτέρου
755 1901 802 1928 καὶ
815 1901 864 1936 τὴν

83 1946 164 1981 φωνὴν
176 1947 221 1974 καὶ
233 1947 283 1982 τὴν
291 1947 393 1973 ἔννοιαν
404 1945 449 1972 ἐπί
460 1955 532 1978 τινος
544 1947 598 1973 τῶν
609 1947 637 1973 ἐν
647 1948 679 1982 τῇ
697 1948 761 1983 ἁγίᾳ
770 1948 864 1983 Τριάδι

83 1990 321 2027 διαπιστευομένων
343 1992 500 2027 ὑπονοῆσαι,
516 1991 594 2025 βῦσαι
616 1992 649 2018 τὰ
660 1989 719 2019 ὦτα
732 1994 864 2029 προσήκει

83 2037 123 2063 καὶ
146 2039 250 2072 φυγεῖν,
277 2038 328 2072 ὅση
352 2037 475 2072 δύναμις,
501 2037 555 2064 ἀπὸ
577 2038 661 2073 ἀκοῆς
677 2040 811 2074 ’πονηρᾶς⁵
827 2039 864 2070 ὡς

84 2083 112 2109 ἂν
129 2084 162 2119 μὴ
173 2084 302 2111 κοινωνία
319 2092 360 2115 τις
386 2084 432 2110 τοῦ
446 2084 598 2119 μιάσματος
614 2084 717 2118 γένοιτο
731 2085 769 2119 τῷ
785 2085 865 2111 ἀκού-

82 2137 145 2155 οντι·
162 2130 289 2166 καθάπερ
305 2130 333 2163 ἐξ
348 2130 458 2164 ἀγγείου
474 2130 545 2161 τινὸς
558 2131 678 2166 πλήρους
694 2130 864 2166 ἀκαθαρσίας

84 2175 118 2206 είς
137 2175 184 2210 τὴν
205 2175 261 2202 τῶν
285 2175 436 2202 ἀκουόντων
461 2175 573 2211 καρδίαν
588 2176 787 2210 μεταχεομένου
812 2176 859 2203 τοῦ
876 2175 898 2202 D

82 2219 162 2254 λόγου.

876 1499 896 1528 ο

112 2310 170 2342 Πῶς
184 2311 240 2347 γὰρ
254 2311 289 2338 ἄν
299 2320 341 2343 τις
355 2312 400 2337 ἐπὶ
414 2312 463 2347 τῆς
477 2312 552 2344 θείας
563 2321 593 2339 τε
603 2313 649 2339 καὶ
664 2313 864 2348 ὑπερκειμένης

82 2356 179 2390 φύσεως
199 2359 289 2384 εἰπεῖν
312 2366 338 2384 τι
363 2358 467 2384 τοιοῦτο
491 2359 652 2395 τολμήσειε,
667 2359 700 2385 δι’
720 2355 751 2386 οὗ
763 2359 794 2385 τὸ
807 2360 866 2385 ἀτι-

83 2402 186 2438 μότερον
219 2403 406 2439 συγκριτικῶς
431 2403 483 2429 ὑπὸ
506 2403 585 2438 λόγου
615 2403 863 2436 κατασκευάζεται;

82 2448 140 2476 Ἵνα
150 2449 275 2482 πάντες,
292 2450 369 2484 φησὶ,
383 2450 487 2484 τιμῶσι
500 2450 554 2477 τὸν
568 2450 644 2483 Υἱὸν,
658 2451 753 2484 καθὼς
760 2451 865 2485 τιμῶσι

81 2494 128 2521 τὸν
140 2495 268 2529 Πατέρα.
293 2495 348 2530 Τῆς
364 2493 410 2522 οὖν
426 2498 517 2532 φωνῆς
533 2496 634 2532 ταύτης
648 2497 677 2524 τὸ
691 2495 749 2524 ῐσον
761 2499 810 2533 τῆς
825 2507 865 2524 τι-

83 2541 128 2575 μῆς
138 2540 340 2576 νομοθετούσης
353 2550 360 2557 ·
387 2543 468 2577 νόμος
490 2543 544 2578 γάρ
565 2544 638 2570 ἐστιν
658 2544 674 2579 ὴ
691 2543 750 2570 θεία
772 2544 863 2579 φωνή·

81 2582 150 2619 οὗτος
163 2588 211 2614 καὶ
221 2588 270 2615 τὸν
290 2589 371 2624 νόμον
386 2589 432 2615 καὶ
447 2588 492 2615 τὸν
509 2589 655 2624 νομοθέτην
678 2589 758 2616 αὐτὸν
777 2597 866 2624 παρα-

82 2634 208 2668 γράφεται
221 2656 229 2668 ,
243 2634 294 2661 καὶ¹
305 2635 344 2670 τῷ
362 2635 411 2671 μὲν
431 2635 552 2667 πλείονα,
566 2635 605 2671 τῷ
630 2636 658 2662 δὲ
675 2635 803 2662 ἐλάττονα
817 2635 866 2670 τὴν

80 2680 154 2716 τιμὴν
166 2680 306 2715 διανέμει,
319 2681 370 2708 οὐκ
395 2679 454 2708 οἴδα
467 2681 540 2713 ὅπως
553 2681 587 2708 τὰ
601 2680 687 2718 μέτρα
699 2681 745 2708 τοῦ
756 2681 867 2708 πλεονᾶ-

81 2724 164 2758 (me;
177 2730 228 2761 τῆς
253 2726 340 2763 τιμῆς
359 2727 540 2763 ἐξευρίσκων·
554 2727 600 2754 ἐπὶ
621 2728 670 2763 μὲν
684 2727 737 2764 γὰρ
753 2727 802 2763 τῆς
817 2727 864 2755 ἀν-

111 2825 134 2842 ³⁶
151 2824 232 2854 Joan.
247 2834 275 2861 ν,
290 2826 335 2853 25.

908 204 961 231 fert
983 203 1163 238 impietatem;
1191 202 1389 230 connexionem
1408 210 1473 230 vero
1498 202 1693 238 disputationis

907 254 933 277 et
951 249 1076 277 ordinem
1092 249 1293 284 probationum,
1309 249 1344 276 ad
1358 249 1409 276 hoc
1423 249 1512 284 ipsum
1526 248 1694 276 concluden-

907 294 972 322 dum
997 297 1024 322 et
1049 294 1304 325 demonstrandum,
1328 294 1371 320 aio
1395 301 1485 328 neque
1507 293 1583 325 mihi,
1605 301 1695 328 neque

908 340 1035 368 fortassis
1052 340 1104 376 ipsi
1121 339 1269 375 impietatis
1289 340 1394 375 parenti
1413 340 1479 367 satis
1492 340 1608 375 liquere.
1624 339 1692 366 Nam

909 388 932 415 si
957 388 994 414 ita
1010 387 1044 414 de
1067 387 1150 414 rebus
1171 386 1271 414 creatis
1288 386 1439 418 statuisset,
1464 387 1564 414 ccelum
1582 385 1693 421 quidem

908 441 977 468 opus
999 439 1061 460 esse
1069 427 1208 466 suprema:
1223 431 1367 465 cujusdam
1385 431 1552 466 operationis
1564 450 1571 462 ,
1587 431 1692 458 stellam

908 487 973 507 vero
987 479 1154 514 operationis
1170 478 1240 513 ejus,
1259 485 1320 512 quae
1333 481 1460 504 naturam
1473 478 1536 504 caeli
1552 477 1693 512 sequitur,

909 526 993 561 hujus
1013 531 1104 553 autem
1126 525 1266 560 angelum,
1278 529 1304 551 et
1319 523 1401 557 hujus
1416 523 1553 550 hominem
1567 532 1575 551 :
1591 523 1692 558 potuis-

909 577 951 600 set
968 573 1095 600 fortassis
1110 572 1199 599 oratio
1210 571 1270 606 ejus
1286 570 1389 606 aliquid
1408 570 1534 597 evincere
1550 577 1598 604 per
1617 569 1695 597 simi-

910 619 976 646 lium
993 619 1073 646 allata
1088 621 1258 653 argumenta.
1280 617 1312 644 Si
1333 620 1422 644 autem
1444 617 1500 643 haec
1514 616 1605 642 omnia
1620 615 1694 650 ipsc-

910 670 966 692 met
981 665 1014 692 ab
1038 672 1093 691 uno
1111 663 1207 691 effecta
1222 664 1324 691 fatetur
1336 662 1399 696 (nisi
1421 661 1533 689 omnino
1553 668 1694 688 sacrarum

909 709 1076 737 Litterarum
1099 711 1222 738 oraculis
1241 709 1433 737 contradicere
1449 708 1535 742 velit),
1561 711 1588 734 et
1605 711 1696 734 tamen

910 756 1065 784 effectionis
1079 764 1170 784 rerum
1189 756 1295 783 illarum
1320 755 1402 782 alium
1417 754 1564 790 quemdam
1584 754 1695 780 modum

910 802 1072 833 introducit,
1089 810 1144 829 non
1164 806 1277 837 apparet
1297 800 1434 837 quomodo
1449 801 1505 827 haec
1518 807 1579 827 cum
1595 807 1696 834 praece-

910 848 1038 876 dentibus
1057 849 1224 876 cohaereant.

946 894 999 922 Sed
1015 895 1148 922 faciamus
1168 895 1225 922 hate
1242 898 1305 930 apta
1320 902 1381 922 esse
1406 894 1439 922 ad
1456 893 1695 922 demonstrandam

908 939 1092 967 diversitatem
1118 939 1356 967 substantiarum:
1379 939 1429 966 hoc
1466 939 1538 966 enim
1572 939 1697 967 obtinere

909 985 984 1020 cupit
999 994 1005 1012 :
1030 990 1149 1013 attamen
1179 985 1314 1020 quomodo
1332 993 1391 1020 quin
1409 989 1560 1020 sequuntur
1578 992 1640 1012 eum
1663 984 1697 1011 iis

910 1037 970 1064 quae
1002 1037 1084 1064 supra
1113 1029 1256 1061 disseruit,
1282 1037 1406 1058 connexa
1431 1030 1508 1062 sint,
1541 1030 1695 1057 audiamus.

912 1074 1016 1108 Quanto
1030 1076 1111 1110 igitur
1130 1083 1208 1109 opera
1234 1075 1353 1110 operibus
1369 1075 1491 1111 digniora
1518 1080 1544 1102 et
1566 1080 1697 1111 prastat:-

911 1122 980 1148 tiora
999 1125 1070 1153 sunt,
1089 1126 1162 1148 tanto
1189 1121 1268 1148 etiam
1291 1121 1469 1154 operationem
1488 1120 1521 1147 ab
1547 1120 1697 1155 operatione

911 1169 1029 1201 superari
1040 1168 1124 1194 omnis
1137 1167 1183 1194 ille
1193 1175 1245 1194 non
1258 1172 1365 1202 gravate
1378 1167 1464 1199 dabit,
1479 1167 1524 1202 qui
1540 1167 1581 1202 pie
1606 1166 1637 1193 de
1655 1166 1696 1194 his

911 1214 1061 1248 cogitaverit
1073 1221 1082 1239 :
1099 1214 1155 1240 haec
1172 1213 1243 1240 enim
1269 1213 1291 1240 si
1307 1213 1341 1240 de
1361 1213 1444 1240 rebus
1459 1212 1510 1240 sub
1527 1220 1637 1240 sensum
1651 1220 1696 1240 ca-

911 1259 1039 1287 dentibus
1049 1259 1157 1290 asserit,
1174 1259 1254 1293 longe
1281 1266 1295 1285 a
1311 1259 1453 1294 proposito
1468 1259 1577 1285 aberrat
1587 1259 1695 1291 oratio;

911 1313 973 1333 nam
990 1313 1050 1340 quae
1072 1305 1223 1332 necessitas
1245 1305 1318 1339 cogit
1347 1305 1421 1331 illum
1451 1305 1497 1340 qui
1523 1305 1556 1332 de
1571 1305 1696 1332 doctrina

912 1349 972 1377 fidei
987 1349 1127 1384 disputare
1142 1349 1304 1384 ingreditur,
1322 1349 1458 1376 disserere
1475 1349 1508 1377 de
1522 1349 1627 1382 ordine,
1642 1357 1698 1384 quo

912 1404 957 1424 res
984 1395 1062 1422 initio
1083 1396 1176 1422 mundi
1207 1394 1308 1422 fuerint
1332 1394 1487 1430 dispositae,
1504 1395 1698 1431 Creatorisque

913 1441 1086 1476 operationes
1101 1440 1257 1475 superiores
1271 1444 1298 1467 ct
1308 1440 1453 1468 inferiores
1475 1440 1560 1468 fuisse
1574 1443 1698 1469 asserere

913 1495 962 1522 pro
977 1487 1143 1522 perfectione
1170 1487 1299 1514 nimirum
1321 1495 1410 1514 rerum
1424 1489 1599 1515 creatarum?
1619 1487 1698 1521 Quod

914 1533 982 1561 side
996 1534 1050 1561 illis
1076 1540 1229 1561 sermonem
1254 1533 1328 1565 facit,
1351 1541 1439 1571 eaque
1461 1541 1544 1569 opera
1567 1534 1698 1569 operibus

913 1579 1036 1615 digniora
1054 1583 1081 1607 et
1094 1580 1283 1615 praestantiora
1299 1580 1375 1614 dicit,
1388 1588 1448 1615 qua:
1468 1581 1526 1615 ipse
1547 1589 1619 1608 nunc
1642 1582 1698 1616 pri-

914 1633 986 1652 mum
1002 1630 1174 1653 commentus
1188 1630 1230 1654 est
1243 1627 1317 1653 circa
1330 1626 1391 1654 fidei
1403 1626 1566 1660 doctrinam,
1579 1627 1631 1655 hoc
1645 1633 1697 1659 est,

914 1668 947 1696 de
960 1668 1029 1696 Filio
1047 1673 1074 1696 et
1090 1667 1192 1704 Spiritu
1207 1673 1311 1701 sancto,
1330 1676 1420 1704 opera:
1434 1671 1551 1705 pretium
1572 1670 1699 1699 fortassis

913 1714 1000 1749 magis
1015 1714 1107 1746 fuerit,
1119 1714 1228 1742 silentio
1243 1715 1485 1743 sententiamlianc
1498 1717 1646 1749 exsecrari,
1664 1725 1699 1745 ne

913 1760 949 1787 ob
965 1759 1155 1787 refutationem
1168 1760 1294 1788 videatur
1308 1760 1411 1795 aliquid
1441 1761 1641 1796 probabilitatis
1667 1770 1699 1790 ac

914 1805 1030 1833 rationis
1045 1806 1156 1833 habere.
1173 1805 1315 1838 Quomodo
1329 1807 1401 1833 enim
1416 1807 1443 1833 in
1461 1807 1497 1835 iis
1524 1808 1699 1842 praestantius

913 1855 941 1879 et
964 1851 1074 1886 dignius
1100 1852 1262 1886 reperiatur,
1289 1852 1335 1879 tibi
1364 1860 1419 1879 non
1439 1852 1577 1880 invenitur
1606 1855 1699 1882 minus

914 1901 1048 1933 praestans
1059 1901 1086 1924 et
1101 1898 1192 1925 minus
1204 1898 1316 1933 dignum
1331 1898 1342 1924 ?
1359 1897 1387 1925 Si
1402 1899 1473 1925 enim
1490 1906 1539 1925 sua
1553 1899 1586 1926 ad
1598 1901 1698 1934 impro-

915 1943 1024 1970 bitatem
1040 1941 1170 1970 facilitate
1193 1947 1221 1970 et
1236 1943 1376 1971 alacritate
1391 1951 1424 1971 eo
1451 1951 1537 1979 usque
1551 1946 1694 1980 processit.

915 1993 944 2015 ut
957 1988 1115 2023 indignioris
1131 1995 1239 2023 quoque
1256 1996 1351 2016 vocem
1364 1993 1390 2016 et
1405 1990 1529 2017 notitiam
1556 1990 1583 2018 in
1602 1999 1698 2018 eorum

914 2035 1017 2069 aliquo,
1042 2042 1102 2070 quae
1120 2035 1146 2061 in
1166 2035 1342 2063 sanctissima
1357 2035 1493 2063 Trinitate
1523 2036 1614 2064 inesse
1640 2045 1699 2065 cre-

913 2082 1026 2114 duntur,
1039 2081 1176 2113 admittat,
1191 2089 1240 2116 par
1254 2085 1306 2111 est.
1321 2086 1351 2108 ut
1367 2081 1503 2109 obturatis
1519 2083 1631 2110 auribus
1649 2090 1698 2117 pro

915 2127 986 2155 virili
1000 2131 1094 2155 nostra
1109 2132 1184 2162 parte
1212 2127 1347 2162 fugiamus
1360 2127 1393 2154 ab
1410 2126 1551 2155 auditione
1563 2128 1633 2155 mala
1646 2137 1653 2156 :
1666 2136 1700 2155 ne

914 2175 1070 2202 communio
1087 2175 1175 2210 aliqua
1187 2175 1255 2201 tanti
1278 2174 1378 2210 piaculi
1393 2174 1426 2201 ad
1442 2174 1597 2202 audientem
1611 2178 1701 2202 trans-

915 2221 1018 2247 feratur
1032 2220 1166 2251 oratione,
1191 2220 1266 2247 velut
1292 2227 1326 2247 ex
1345 2227 1410 2247 vase
1426 2220 1515 2247 omnis
1532 2220 1700 2255 impuritatis

916 2267 1074 2302 plenissimo
1090 2267 1116 2293 in
1131 2266 1298 2294 audientium
1321 2266 1428 2294 animos
1441 2265 1592 2294 transfusa.

951 2312 1017 2339 Nam
1033 2312 1170 2348 quomodo
1199 2312 1261 2346 quis
1289 2312 1316 2338 in
1340 2311 1432 2339 divina
1456 2311 1502 2338 illa
1524 2315 1551 2339 et
1574 2312 1701 2340 omnibus

915 2360 1095 2388 eminentiore
1105 2364 1201 2386 natura
1220 2358 1272 2386 tale
1287 2358 1389 2393 aliquid
1415 2357 1517 2393 ﬁngere
1544 2357 1653 2392 audeat,
1672 2363 1702 2386 ut

916 2404 1007 2432 minus
1037 2403 1148 2439 dignum
1185 2410 1234 2438 per
1265 2402 1496 2437 comparationem
1537 2402 1566 2430 in
1601 2402 1701 2431 divinis

918 2449 1041 2477 adstruat
1056 2450 1067 2476 ?
1089 2449 1123 2476 Ut
1138 2457 1243 2482 omnes,
1260 2449 1360 2484 inquit,
1388 2449 1561 2483 honoriﬁcent
1579 2448 1680 2476 Filium
1691 2469 1700 2482 ,

916 2495 1136 2530 quemadmodum
1165 2495 1341 2529 honori/itaut
1367 2493 1476 2521 Patrem
1487 2494 1520 2521 ⁵⁵.
1536 2494 1603 2522 Cum
1620 2495 1702 2530 igitur

915 2551 965 2570 vox
978 2543 1035 2570 haec
1056 2541 1237 2577 aequalitatem
1254 2540 1379 2573 honoris,
1395 2541 1473 2576 quasi
1497 2541 1557 2576 lege
1573 2541 1628 2568 lata
1643 2549 1702 2568 san-

915 2591 971 2617 ciat
984 2599 991 2617 :
1006 2590 1048 2618 lex
1065 2590 1137 2617 enim
1151 2593 1193 2617 est
1209 2596 1261 2617 vox
1278 2589 1371 2616 divina
1388 2598 1394 2616 :
1412 2589 1464 2617 iste
1479 2593 1506 2616 et
1517 2589 1604 2624 legem
1624 2593 1650 2616 et
1663 2589 1702 2616 le-

915 2636 1070 2672 gislatorem
1089 2636 1179 2671 ipsum
1192 2635 1323 2668 traducit,
1351 2639 1379 2663 et
1398 2635 1462 2662 huic
1484 2634 1593 2669 quidem
1613 2635 1700 2670 majo-

917 2689 984 2714 rem,
1003 2681 1066 2708 huic
1080 2688 1146 2709 vero
1159 2681 1292 2709 minorem
1305 2681 1435 2708 honorem
1450 2679 1605 2714 impertitur
1615 2699 1622 2712 ,
1652 2687 1702 2707 ne-

918 2728 975 2756 scio
991 2727 1101 2756 ubinam
1114 2727 1226 2763 majoris
1236 2731 1263 2755 et
1277 2725 1391 2754 minoris
1403 2731 1532 2752 mensura
1546 2729 1663 2760 reperta;
1674 2726 1701 2752 in
