1954 3079
254 107 307 134 3‘35

885 101 913 128 S.
927 101 1088 129 GREGORII
1103 102 1249 132 NYSSENI

1827 109 1876 137 536

255 163 394 191 hominum
419 160 490 188 enim
515 158 651 186 communi
675 157 808 185 societate
824 156 971 186 diversitas
991 159 1032 186 di-

1084 160 1221 196 θρωπενης
1235 161 1386 196 συνηθείας,
1404 163 1429 188 αἱ
1442 162 1510 189 κατὰ
1523 162 1578 194 ’τὰς
1592 163 1668 196 ἀξίας
1677 164 1816 200 διαφοραὶ,
1829 166 1876 199 τὰς

255 208 388 243 gnilatum
426 206 542 232 honores
566 203 658 230 itidem
685 203 862 238 optimatibus
883 204 1033 235 dimetitur,

255 254 290 279 ita
304 255 332 278 ut
347 249 448 278 subditi
466 257 520 276 non
544 249 637 276 eodem
668 252 745 283 gestu
776 252 803 275 et
831 249 907 275 vultu
936 249 1035 276 adeant

255 304 330 331 reges
351 303 405 330 quo
430 294 548 322 minores
577 294 762 329 magistratus.
796 293 848 321 Sed
876 294 1034 321 adeuntium

253 342 340 376 major
358 340 466 375 quidem
481 344 508 367 et
530 340 695 367 submissior
710 340 816 367 timoris
832 343 859 367 et
876 340 1036 367 reverentia:

254 386 418 421 signiﬁcatio
435 385 554 412 ostendit
583 392 691 419 quoque
710 385 839 418 majorem
858 387 886 424 et
902 384 1034 411 minorem

254 440 348 460 eorum
391 432 437 467 qui
488 432 660 458 honorantur
691 430 852 466 dignitatem
881 433 908 457 et
947 430 1036 457 excel-

254 478 384 510 lentiam,
418 477 518 512 quique
550 477 680 512 dignitate
703 475 808 510 priores
845 475 916 508 sint,
946 476 1034 502 maxi-

254 531 296 550 me
329 523 449 550 declarat
469 521 644 549 subditorum
671 521 781 548 habitus
803 525 829 548 et
847 521 880 548 ad
904 521 1034 548 honorem

253 569 435 597 exhibendum
462 567 654 600 conformatio,
679 567 790 601 quando
821 566 884 601 quis
903 566 1035 601 proximis

253 615 414 642 metuendus
430 621 571 649 apparere,
596 618 622 640 et
639 613 743 646 majore
770 613 934 645 reverentia,
954 619 1035 646 quam

253 662 310 693 alii,
327 660 397 687 al'llei
420 660 506 694 cupit.
527 659 554 685 ln
570 659 661 686 divina
690 662 780 685 autem
798 662 896 684 natura
925 661 1036 693 propter

253 706 437 735 ouutimodam
451 706 581 733 bonitatis
597 705 802 740 perfectionem,
819 712 879 739 quae
905 705 931 730 in
943 704 1036 731 divino

253 753 365 780 ntnuine
378 752 459 783 inest,
488 759 522 778 ne
543 751 693 778 secundum
718 754 839 777 nostram
867 750 976 785 quidem
994 750 1036 776 in.

254 797 392 832 telligendi
418 797 550 824 rationem
569 797 759 831 praecellentia:
777 796 895 829 alicujus
924 795 1035 822 modum

254 843 376 870 invenire
389 843 460 869 licet.
480 842 584 874 Quibus
598 842 669 868 enim
690 849 777 875 neque
792 841 931 875 potentiae,
948 847 1035 874 neque

254 889 355 923 gloriae,
370 895 456 922 neque
472 887 622 922 sapientiae,
638 894 724 921 neque
742 887 931 922 benignitatis.
947 894 1036 921 neque

246 934 365 960 alterius
389 934 549 968 cujusquam
571 933 745 971 perfectionis
763 940 893 960 excessus
926 932 967 958 vel
990 932 1036 958 de-

254 980 341 1007 fectus
356 980 443 1011 adest,
469 979 515 1006 sed
532 979 622 1014 potius
648 980 740 1006 omnia
771 979 851 1010 bona,
865 985 925 1012 qua:
952 976 1035 1004 Filius

254 1026 344 1055 habet.
357 1024 447 1052 Patris
474 1025 567 1051 itidem
583 1029 657 1057 sunt,
678 1029 705 1052 et
723 1032 782 1059 qua:
804 1023 883 1051 Pater
902 1024 1033 1058 possidet,

254 1072 280 1098 in
296 1071 363 1098 Filio
380 1079 487 1106 quoque
500 1071 673 1105 reperiuntur
689 1080 696 1098 :
721 1078 838 1105 quanam
861 1070 967 1097 ratione
987 1070 1036 1097 lio~

254 1118 328 1144 noris
341 1125 395 1152 prie
410 1116 479 1143 Filio
495 1117 702 1151 praerogativam
718 1116 793 1143 Patri
815 1116 984 1143 tribuemus?
1007 1115 1035 1143 Si

252 1163 354 1197 regiam
371 1167 533 1197 potestatem
554 1166 581 1189 et
595 1163 784 1189 excellentiam
803 1167 892 1189 mente
911 1161 1035 1189 eﬂorme-

253 1217 321 1238 mus,
353 1217 396 1235 rex
417 1213 457 1236 est
470 1208 573 1235 Filius:
601 1209 754 1242 sijudicem
777 1209 938 1243 cogitemus,
955 1215 1035 1235 omne

252 1253 383 1287 judicium
398 1253 572 1285 Filiiest"-";
586 1253 609 1279 si
624 1253 835 1288 magnitudinem
851 1253 961 1280 creandi
978 1254 1036 1280 ani-

253 1305 297 1324 mo
316 1298 512 1332 concipiamus,
529 1298 621 1324 omnia
642 1306 689 1332 per
716 1299 803 1332 ipsutu
823 1298 892 1324 facta
918 1303 981 1326 sunt
991 1299 1032 1324 ‘3:

253 1343 276 1370 si
299 1343 325 1369 in
339 1343 497 1370 memoriam
521 1351 680 1370 revocamus
705 1348 806 1370 nostra:
827 1345 888 1370 vita:
912 1351 1033 1377 causam,

252 1389 377 1415 nariums
393 1396 482 1415 veram
511 1389 584 1415 illam
600 1390 695 1420 vitam,
721 1397 781 1423 quze
811 1397 897 1423 usque
928 1389 960 1415 ad
987 1397 1036 1416 no—

253 1438 340 1469 stram
358 1439 482 1460 naturam
508 1441 569 1461 sese
586 1434 710 1461 demisit:
744 1435 765 1461 si
780 1435 983 1462 translationem
1003 1443 1034 1462 er

253 1480 372 1507 tenebris
388 1480 468 1507 nobis
480 1481 515 1507 ob
529 1481 624 1507 oculos
648 1488 791 1514 ponamus,
806 1488 859 1507 non
879 1481 1034 1515 ignoramus

253 1525 343 1552 lumen
359 1532 463 1557 verum,
487 1532 541 1559 quo
567 1532 581 1550 a
599 1525 773 1551 tenebrarum
792 1526 909 1560 caligine
928 1525 1034 1552 liberati

253 1579 363 1598 Sumus:
381 1570 452 1605 quod
467 1570 489 1597 si
506 1570 549 1596 cui
569 1570 702 1604 sapientia
720 1570 888 1598 honorabilis
902 1570 1008 1597 videtur
1026 1579 1032 1597 :

252 1624 285 1643 en
300 1616 424 1643 Christus
439 1615 487 1642 Dei
500 1614 632 1648 sapientia
642 1619 666 1641 et
680 1616 760 1641 virtus
774 1620 812 1642 est
829 1616 860 1642 "‘.

287 1662 385 1688 Animo
398 1662 479 1696 igitur
496 1665 590 1688 nostro
615 1661 648 1687 ad
673 1661 730 1687 luec
756 1664 783 1688 et
807 1662 905 1688 similia
932 1661 1033 1688 Christi

252 1707 393 1739 miracula,
411 1710 491 1742 prout
505 1714 553 1741 par
563 1710 756 1741 est,quantum
765 1707 846 1738 valet,
864 1711 968 1734 tantum
984 1709 1035 1734 mi-

251 1753 328 1781 rifico
347 1753 464 1788 quodam
491 1753 572 1780 modo
599 1753 765 1784 attendente,
791 1754 902 1788 quinam
920 1753 1034 1780 honoris

251 1807 390 1831 excessus,
400 1803 427 1826 et
442 1807 502 1834 qua:
514 1799 715 1833 praeeminentia
729 1799 846 1833 relinqui
865 1804 962 1833 potest,
974 1806 1034 1833 Qua:

251 1845 326 1872 Patri
347 1845 396 1873 soli
414 1845 554 1879 speciatim
574 1848 602 1871 et
619 1845 727 1879 proprie
743 1848 890 1879 competat,
910 1848 936 1871 et
955 1845 1033 1878 cujus

249 1891 311 1926 jure
325 1898 421 1925 expers
436 1890 472 1917 sit
486 1889 591 1917 Filius?
607 1889 662 1917 Nec
681 1890 818 1917 humanus
831 1897 894 1924 ergo
911 1889 1032 1916 divinum

250 1945 350 1964 numen
366 1936 453 1964 honos
472 1941 544 1962 recta
560 1936 664 1963 ratione
686 1935 874 1963 consideratus
892 1935 965 1962 aliud
979 1939 1032 1968 est,

249 1990 331 2018 quam
359 1982 466 2009 aﬂ‘ectio
489 1981 611 2016 qutedam
643 1982 746 2009 amoris
774 1982 864 2016 plena,
887 1985 916 2009 et
937 1989 1031 2008 earum

249 2029 458 2063 perlectionum,
472 2036 532 2062 qum
559 2028 597 2054 illi
620 2028 725 2059 insunt,
743 2027 891 2058 confessio,
911 2027 1032 2060 mihique

249 2074 366 2105 videtur,
386 2074 422 2100 ita
445 2073 632 2100 honorandum
657 2080 717 2099 esse
734 2071 843 2104 Filium,
860 2072 930 2099 sicut
948 2072 1032 2098 hono—

251 2125 328 2147 ratur
338 2119 427 2152 Pater,
445 2119 496 2146 sub
508 2118 654 2144 dileclionis
668 2117 777 2144 nomine
792 2117 940 2143 indicatum
959 2123 1029 2144 esse.

1085 207 1166 241 τιμὰς
1180 209 1236 238 τοῖς
1250 207 1394 243 κρατοῦσιν
1415 208 1560 244 ὁρίζονται,
1577 209 1614 241 ὠς
1636 210 1672 246 μὴ
1685 211 1714 237 ὲν
1732 211 1819 246 ὁμοίῳ
1832 213 1876 239 καὶ

1087 252 1136 287 ἴσῳ
1162 252 1200 287 τῷ
1226 253 1354 288 σχήματι,
1388 254 1451 285 τοὺς
1483 254 1654 289 ὑποχειρίους
1682 255 1822 290 βασιλεῦσί
1847 266 1876 284 τε

1087 297 1239 332 προσιέναι,
1265 299 1312 324 καὶ
1334 300 1393 330 ταῖς
1415 299 1627 334 ὑποϐεϐηκυίαις
1649 301 1766 336 ἀρχαῖς·
1781 302 1839 327 ἀλλ’
1859 303 1875 338 ή

1085 341 1184 368 πλείων
1198 351 1228 369 τε
1239 343 1286 369 καὶ
1299 344 1429 380 ὑφειμένη
1444 344 1488 370 τοῦ
1506 345 1586 378 φόϐου
1603 346 1650 373 καί
1661 346 1710 381 τῆς
1723 347 1815 379 αίδοῦς
1825 347 1876 374 τῶν

1085 388 1248 422 προσιόντων
1270 389 1396 422 ἐπίδειξις
1430 390 1457 416 τὸ
1477 391 1563 417 ἐνδέον
1580 392 1627 418 καὶ
1655 393 1814 427 περιττεῦον
1827 395 1876 428 τῆς

1085 434 1165 469 τιμῆς
1183 435 1228 460 ἐπὶ
1250 435 1303 461 τῶν
1327 435 1489 470 τιμωμένων
1515 436 1698 463 ἐνδείκνυται·
1721 438 1768 464 καὶ
1790 438 1876 474 τούτῳ

1087 480 1202 514 μάλιστα
1215 481 1277 511 τοὺς
1288 481 1500 516 προτιμοτέρους
1520 482 1548 508 ὲν
1565 484 1596 517 τῇ
1610 483 1727 509 διαθέσει
1741 484 1797 510 τῶν
1813 485 1876 511 ὐπο-

1086 526 1196 560 χειρίων
1212 526 1287 552 ἐστιν
1312 527 1411 562 εὑρεῖν,
1439 527 1504 554 ὅταν
1520 537 1561 559 τις
1581 529 1650 564 ὑπὲρ
1661 528 1706 555 τοῦ
1721 531 1780 560 τοῖς
1794 530 1876 561 πέλας

1086 572 1209 607 φοὺερῶς
1232 570 1301 599 εἶναι
1326 573 1435 608 μᾶλλον,
1466 574 1513 600 καὶ
1544 573 1666 605 πλείονος
1690 576 1740 610 τῆς
1752 575 1874 611 αῑόοὖςῆ

1085 618 1156 644 κατὰ
1169 619 1230 649 τοὺς
1241 618 1349 650 λοιποὺς
1366 619 1505 651 ἀξιοῦσθαι
1517 620 1599 646 δοκεῖ.
1623 619 1683 645 Ἐπὶ
1695 620 1722 647 δὲ
1737 622 1786 655 τῆς
1803 621 1876 653 Θείας

1086 664 1202 698 φύσεως,
1218 664 1261 690 διὰ
1274 665 1304 690 τὸ
1322 665 1411 690 πᾶσαν
1425 665 1472 700 τὴν
1483 665 1553 691 κατὰ
1561 665 1589 691 τὺ
1605 665 1706 699 syrtth
1720 666 1876 701 τελειότητα

1086 709 1315 744 συνεμφαίνεσθαι
1329 709 1367 744 τῷ
1381 709 1427 736 τοῦ
1441 710 1519 737 Θείον
1539 712 1723 746 προσρήματι,
1735 713 1787 738 οὐκ
1803 712 1876 738 ἐστιν

1086 756 1185 790 εὑρεῖν,
1203 755 1273 782 κατά
1291 764 1322 790 γε
1337 755 1384 790 τὴν
1401 756 1540 791 ἡμετέραν
1561 758 1688 788 διάνοιαν,
1706 758 1751 784 τὸν
1776 758 1875 793 τρόπον

1085 801 1135 836 τῆς
1150 802 1347 837 προτιμήσεως.
1364 802 1406 828 Ἐν
1420 799 1459 831 οἷς
1471 802 1524 838 γὰρ
1539 802 1569 828 οὐ
1580 802 1730 837 δυνάμεως,
1740 804 1770 830 οὺ
1785 803 1874 838 δόξης,

1085 846 1115 872 οὐ
1131 846 1236 880 σοφίας,
1244 847 1274 872 οὐ
1291 846 1504 882 φιλανθρωπίας,
1515 847 1574 873 οὐδέ
1586 856 1656 879 τινος
1668 849 1736 880 ὅλως
1746 849 1795 883 τῆς
1806 850 1876 875 κατὰ

1085 891 1115 918 τὸ
1139 891 1238 925 ἀγαθὸν
1263 893 1369 924 ἐννοίας
1411 893 1580 928 πλεονασμός
1605 894 1621 930 ἢ
1647 894 1794 925 ἐλάττωσις
1816 895 1876 920 ἑπι-

1085 939 1195 968 νοεῖται,
1211 937 1277 963 ἀλλὰ
1292 938 1389 969 πάντα,
1408 938 1458 964 ὅσα
1474 937 1528 973 ἔχει
1541 939 1554 964 ό
1566 938 1628 970 Υἱὸς
1639 938 1738 972 ἀγαθὰ,
1755 938 1802 965 τοῦ
1819 940 1874 965 Πα-

1085 983 1148 1018 τρός
1158 983 1224 1014 ἐστι,
1239 983 1285 1009 καὶ
1303 983 1339 1010 τὰ
1354 983 1399 1010 τοῦ
1413 984 1518 1019 ιΙατρὺς
1531 984 1620 1010 πάντα
1632 985 1661 1010 ἐν
1671 985 1708 1019 τῷ
1723 984 1780 1019 Υίῷ
1806 984 1874 1010 καθα

1085 1030 1180 1064 ορᾶται
1191 1038 1198 1045 υ
1213 1029 1270 1059 πῶς
1293 1029 1458 1061 διατεθέντες
1472 1030 1502 1056 τὸ
1519 1030 1600 1056 πλέον
1607 1030 1655 1064 τῆς
1667 1031 1749 1064 τιμῆς
1766 1031 1813 1056 ἐπὶ
1828 1030 1874 1058 τοῦ

1086 1075 1192 1111 Πατρὸς
1206 1075 1375 1110 ἐνδειξόμεθα
1387 1084 1393 1107 ;
1409 1076 1439 1101 Εἰ
1453 1075 1592 1111 βασιλικὴν
1604 1075 1717 1111 δύναμιν
1725 1077 1786 1103 κατ’
1797 1077 1875 1108 ἀξίαν

1085 1123 1118 1156 τῇ
1135 1121 1238 1156 διανοίᾳ
1263 1121 1402 1155 λάϐοιμεν,
1421 1121 1545 1155 βασιλεὺς
1573 1123 1586 1148 ὁ
1608 1121 1687 1152 Υἱός·
1713 1122 1760 1148 ἐὰν
1779 1122 1875 1157 κριτὴν

1086 1167 1264 1201 ἐννοήσωμεν,
1281 1167 1297 1201 ἠ
1327 1167 1416 1201 κρίσις
1438 1167 1511 1192 πᾶσα
1524 1167 1574 1192 ’τοῦ
1595 1167 1658 1194 Υἱοῦ
1676 1169 1765 1194 ἐστιν·
1778 1168 1827 1193 ἐὰν
1845 1166 1875 1192 τὸ

1087 1211 1227 1246 μεγαλεῖον
1246 1211 1294 1245 τῆς
1308 1211 1422 1242 κτίσεως
1436 1211 1469 1245 τῇ
1486 1210 1557 1245 ψυχῇ
1571 1210 1722 1245 δεξώμεθα,
1737 1211 1827 1237 πάντα
1841 1210 1873 1236 δι’

1085 1256 1166 1284 αὑτοῦ
1192 1257 1315 1291 ὲγένετο⁴
1344 1256 1391 1283 ἐὰν
1416 1256 1464 1290 τῆς
1481 1257 1617 1291 ἡμετέρας
1638 1257 1709 1291 ζωῆς
1723 1256 1773 1291 τὴν
1787 1257 1874 1282 αἰτῑαν

1086 1303 1304 1336 κατανοήσωμεν,
1332 1301 1441 1336 οῐὸαμεν
1463 1301 1512 1336 τὴν
1535 1302 1621 1335 ἀληθῆ
1639 1301 1711 1336 ζωὴν
1727 1302 1777 1336 τὴν
1793 1301 1874 1336 μέχρι

1085 1347 1134 1382 τῆς
1151 1347 1256 1380 φύσεως
1276 1346 1354 1381 ἡμῶν
1386 1345 1542 1372 καταδᾶσαν
1559 1354 1564 1361 ·
1583 1346 1632 1373 κᾶν
1652 1347 1684 1372 ἐκ
1697 1346 1743 1372 τοῦ
1762 1347 1875 1377 σκότους

1088 1393 1250 1427 μετάστασιν
1265 1391 1474 1426 καταμάθωμεν,
1492 1393 1540 1418 οὐκ
1559 1391 1709 1426 ἀγνοοῦμεν
1727 1391 1757 1418 τὸ
1772 1392 1830 1425 φῶς
1844 1391 1874 1417 τὸ

1085 1438 1220 1473 ἀληθινὸν,
1247 1437 1280 1463 δι’
1304 1434 1332 1463 οὗ
1357 1437 1403 1463 τοῦ
1424 1439 1536 1468 σκότους
1551 1436 1787 1472 ἠλλοτριώθημεν·
1803 1437 1826 1462 εἰ
1843 1436 1874 1463 δέ

1048 1495 1069 1523 c
1086 1494 1135 1512 τινι
1159 1485 1248 1520 τίμιον
1262 1485 1279 1519 ἡ
1306 1484 1386 1518 σοφία
1403 1484 1485 1519 δοκεῖ,
1510 1484 1627 1520 Χριστὸς
1652 1483 1726 1511 Θεοῦ
1746 1483 1874 1518 δύναμις

1086 1532 1134 1558 καί
1147 1531 1220 1559 Θεοῦ
1236 1531 1338 1565 σοφία.

1121 1662 1191 1697 Πρὸς
1205 1662 1294 1688 τοίνυν
1305 1661 1339 1688 τὰ
1350 1661 1461 1688 τοιαῦτα
1471 1661 1517 1688 καὶ
1529 1662 1678 1697 τηλικαῦτα
1687 1662 1734 1689 τοῦ
1750 1663 1871 1699 Χριστοῦ

1085 1707 1220 1742 θαύματα,
1250 1707 1299 1741 τῆς
1324 1707 1413 1742 ψυχῆς
1441 1706 1530 1743 ἡμῶν,
1558 1707 1629 1734 κατὰ
1657 1707 1687 1734 τὸ
1711 1708 1786 1740 εἰκὸς
1811 1709 1872 1735 ὅσον

1084 1755 1177 1788 χωρεῖ,
1191 1753 1314 1779 τοσοῦτον
1323 1753 1513 1788 θαυμαστικῶς
1529 1752 1724 1788 διατιθεμένης,
1737 1754 1780 1785 τίς
1793 1754 1873 1789 ὑπερ-

1084 1798 1149 1834 ϐολὴ
1166 1799 1247 1834 τιμῆς
1264 1799 1467 1834 καταληφθῆναι
1483 1799 1638 1834 δυνήσεται,
1658 1801 1706 1834 τῆς
1730 1799 1769 1834 τῷ
1785 1800 1872 1835 Πατρὶ

1085 1844 1158 1878 μόνῳ
1189 1843 1378 1879 κατεξαίρετον
1409 1845 1635 1879 προσαγομένης,
1664 1841 1696 1879 ἧς
1725 1845 1871 1880 ἀμοιρήσει

1084 1889 1242 1923 πρεπόντως
1258 1890 1272 1915 ό
1292 1889 1408 1925 Κύριος;
1433 1890 1503 1917 Δὺτδ
1516 1891 1569 1926 γὰρ
1583 1891 1662 1918 τοῦτο
1677 1892 1693 1927 ἡ
1712 1890 1871 1930 ἀνθρωπίνη

1083 1934 1151 1969 πρὸς
1167 1934 1197 1960 τὸ
1217 1935 1293 1961 Θεῖον
1316 1935 1398 1970 τιμὴ,
1425 1937 1495 1962 κατὰ
1510 1936 1554 1962 τὸν
1569 1937 1659 1963 εἰκότα
1675 1938 1738 1964 νοῦν
1754 1939 1872 1975 θεωρου-

1085 1979 1151 2014 μένη
1165 2000 1172 2010 ,
1193 1980 1304 2014 οὐδεμία
1325 1988 1367 2012 τις
1389 1980 1455 2015 ἄλλη
1478 1981 1570 2013 ἐστὶν,
1594 1982 1650 2009 ἀλλ’
1672 1983 1688 2018 ἢ
1711 1984 1871 2020 ἁγαπητικὴ

1083 2025 1183 2059 σχέσις,
1204 2025 1251 2051 καὶ
1270 2026 1286 2060 ἡ
1311 2026 1364 2052 τῶν
1379 2026 1533 2060 προσόντων
1561 2027 1634 2062 αὐτῷ
1649 2028 1761 2062 ἀγαθῶν
1777 2030 1872 2064 ὁμολο-

1082 2071 1140 2104 γία,
1162 2070 1208 2097 καί
1224 2080 1268 2106 μοι
1284 2072 1357 2098 δοκεῖ
1371 2072 1401 2099 τὸ
1414 2072 1485 2099 οὕτω
1499 2073 1554 2100 δεῖν
1573 2075 1704 2108 τιμᾶσθαι
1734 2075 1781 2102 τὸν
1797 2077 1869 2109 Υίὺν,

1081 2116 1118 2147 ὡς
1132 2117 1146 2142 ὁ
1171 2117 1264 2152 Πατὴρ
1279 2118 1401 2152 τιμᾶται,
1421 2118 1480 2144 ἀντὶ
1497 2118 1549 2151 τῆς
1565 2118 1681 2152 ἀγάπης
1698 2121 1752 2147 ὑπὸ
1766 2121 1814 2147 τοῦ
1829 2122 1872 2148 λό-

249 2165 302 2193 Lex
314 2166 386 2193 enim
399 2165 518 2196 mandat,
529 2168 557 2190 ut
573 2163 656 2190 Deum
672 2171 705 2189 ex
721 2166 778 2189 toto
786 2161 868 2189 corde
885 2167 912 2189 et
925 2162 1030 2189 viribus

1084 2171 1131 2196 του
1144 2163 1279 2198 τετάχθαι.
1302 2164 1331 2190 '0
1354 2164 1407 2199 γὰρ
1421 2164 1501 2199 νόμος
1517 2166 1546 2190 ἐν
1564 2165 1603 2200 τῷ
1618 2167 1730 2201 ἀγαπᾷν
1742 2167 1790 2194 τὸν
1804 2169 1870 2194 Θεὸν

248 2211 403 2246 diligamus,
416 2218 470 2244 quo
483 2209 648 2236 conveniens
663 2209 686 2235 ei
711 2208 797 2234 honor
814 2207 985 2239 exhibealur,
1003 2211 1030 2235 et

248 2262 420 2292 praereptura,
434 2255 504 2290 quod
530 2255 575 2281 hic
589 2254 771 2288 :equalitatem
801 2254 954 2282 dilectionis
974 2255 1030 2281 vel-

247 2308 277 2329 ut
296 2304 353 2338 lege
370 2303 422 2329 lata
436 2302 531 2334 sancit,
560 2302 600 2329 sic
620 2301 657 2328 ait
683 2305 808 2335 oportere
825 2299 922 2328 Filium
946 2302 1030 2328 hono-

246 2356 319 2381 rare,
330 2349 400 2375 sicut
425 2348 576 2374 honoratur
594 2347 682 2374 Pater.
698 2346 775 2374 Hunc
792 2347 903 2374 honoris
920 2348 1029 2374 modum

246 2393 399 2420 observavit
425 2393 507 2420 etiam
539 2399 601 2426 erga
630 2393 773 2419 Dominum
796 2401 910 2428 magnus
930 2392 1026 2424 David,

246 2437 273 2465 in
288 2438 418 2472 prooemio
448 2437 588 2471 cujusdam
609 2439 703 2472 psalmi
731 2439 763 2471 ’⁸,
787 2438 851 2465 dum
881 2439 1027 2465 confitetur

246 2483 357 2518 diligere
374 2491 403 2510 se
418 2482 570 2514 Dominum,
595 2484 729 2518 simulque
754 2483 908 2511 dilectionis
928 2491 1026 2510 causas

244 2529 372 2562 explicat,
388 2528 458 2563 quod
483 2529 586 2556 scilicet
615 2530 664 2557 sibi
680 2534 752 2557 esset
774 2530 914 2563 fortitudo,
935 2529 1026 2562 ﬁrma-

244 2578 370 2606 mentum,
391 2579 417 2600 et
431 2574 569 2608 refugium,
586 2578 612 2602 et
631 2575 764 2606 liberator,
779 2579 805 2602 et
829 2574 896 2601 Deus
909 2574 1025 2601 auxilia-

245 2623 296 2650 tor,
311 2622 338 2646 et
351 2624 490 2652 protector,
507 2623 533 2646 ct
554 2628 633 2646 conm
653 2620 759 2650 salutis,
775 2623 802 2647 et
827 2619 938 2653 adjutor
953 2620 986 2651 ³⁸,
998 2625 1024 2646 ct

244 2663 272 2690 id
292 2671 376 2699 genus
391 2665 455 2692 alia.
473 2665 500 2692 Si
517 2665 599 2700 igitur
624 2666 780 2699 unigenitus
799 2665 844 2691 Dei
860 2664 944 2692 Filius
967 2665 1024 2692 haec

244 2709 335 2736 omnia
349 2718 398 2738 nec
415 2716 467 2744 est,
480 2718 529 2739 nec
546 2715 664 2746 praestat,
684 2710 843 2750 negeturilli
861 2718 925 2737 sane
935 2710 1023 2737 hono-

260 2795 318 2816 "-"
329 2798 405 2826 Joan.
422 2807 446 2832 v,
466 2800 510 2826 ἓξ.

566 2800 588 2814 ’³
607 2798 684 2826 Juan.
700 2808 718 2832 ι,
733 2800 758 2826 5.
797 2800 840 2826 2"l
858 2801 918 2828 Cor.
942 2800 1014 2832 hii.

1079 2207 1108 2240 ἐξ
1118 2207 1181 2242 ὅλης
1196 2208 1308 2243 καρδίας
1333 2209 1530 2245 καὶδυνάμεως
1558 2210 1606 2245 τὴν
1623 2212 1782 2246 πρέπουσαν
1797 2214 1870 2249 αὐτῷ

1078 2253 1159 2288 τιμὴν
1174 2254 1319 2289 ἀπονέμειν
1335 2254 1439 2281 κελεύει
1450 2264 1456 2270 ⁸
1478 2257 1524 2282 καὶ
1538 2257 1653 2283 ἐνταῦθα
1667 2257 1698 2283 τὸ
1716 2259 1870 2286 ἰσοστάσιον

1078 2299 1127 2334 τῆς
1142 2300 1265 2334 ἀγάπης,
1290 2300 1303 2326 ὃ
1322 2301 1335 2326 ὁ
1357 2301 1434 2335 λόγος
1463 2302 1612 2336 νομοθετῶν
1636 2303 1708 2330 οὕτω
1725 2306 1794 2339 φησι
1814 2306 1868 2332 δεῖν

1079 2345 1209 2378 τιμᾶσθαι
1223 2346 1269 2371 τὸν
1285 2345 1358 2377 Υἰὺν,
1374 2345 1412 2377 ὼς
1427 2348 1441 2372 ό
1455 2347 1546 2382 Πατὴρ
1561 2349 1683 2382 τιμᾶται.
1709 2349 1811 2376 Τοῦτον
1823 2351 1869 2377 τὸν

1079 2390 1178 2425 τρόπον
1191 2391 1240 2424 τῆς
1252 2391 1332 2425 τιμῆς
1348 2391 1466 2426 ἐπλήρου
1486 2392 1532 2418 καὶ
1552 2393 1566 2419 ὁ
1591 2393 1676 2428 μέγας
1695 2394 1780 2420 Δαόὶδ
1793 2395 1869 2432 -πρὺς

1078 2435 1124 2461 τὸν
1137 2435 1237 2470 Κύριον
1253 2436 1282 2462 ἓν
1296 2445 1348 2462 τινι
1361 2438 1494 2472 προοιμίῳ
1508 2439 1556 2473 τῆς
1570 2438 1738 2474 ψαλμῳδίας,
1758 2441 1868 2476 ἀγαπᾷν

1078 2480 1215 2515 ὁμολογῶν
1239 2480 1283 2506 τὸν
1306 2480 1417 2516 Κύριον,
1435 2482 1481 2508 καὶ
1501 2482 1605 2515 διεξιὼν
1628 2484 1661 2509 τὰ
1684 2484 1734 2518 τῆς
1758 2486 1869 2519 ἀγάπης

1079 2527 1162 2558 αἴτια,
1187 2526 1287 2560 ἰσχὺν,
1309 2528 1355 2554 καὶ
1396 2529 1571 2562 κραταίωμιι.
1594 2530 1640 2555 καὶ
1675 2531 1866 2565 καταφυγὴν,

1076 2572 1122 2598 καὶ
1131 2573 1261 2606 ρυστὴν,
1284 2574 1330 2599 καὶ
1355 2574 1429 2600 Θεὸν
1453 2575 1580 2608 βοηθὸν,
1601 2576 1648 2602 καὶ
1669 2576 1791 2608 ἐλπίδα,
1822 2577 1869 2603 καὶ

1076 2618 1314 2652 ύπερασπιστὴν,
1329 2620 1375 2645 καὶ
1399 2621 1546 2653 σωτηρίας
1564 2621 1661 2654 κέρας,
1678 2622 1724 2648 καὶ
1749 2623 1869 2656 ἀντιλή-

1075 2671 1178 2696 πτορα,
1191 2663 1237 2688 καὶ
1252 2662 1286 2689 τὰ
1301 2664 1411 2690 τοιαῦτα
1427 2664 1525 2692 καλῶν,
1542 2666 1571 2691 Εἰ
1587 2666 1635 2700 μὲν
1650 2664 1697 2692 οὖν
1713 2667 1764 2693 οὐκ
1795 2667 1868 2693 ἔστιν

1075 2707 1088 2733 ὁ
1103 2707 1248 2742 μονογενὴς
1269 2708 1331 2739 Υἱὸς
1353 2709 1438 2735 ταῦτα
1459 2711 1514 2741 τοῖς
1538 2710 1692 2745 ἀνθρώποις
1709 2711 1866 2746 γενόμενος,

1054 2799 1160 2828 "Psal.
1180 2809 1225 2834 \‘ll,
1249 2802 1271 2828 l.
1311 2803 1333 2818 π
1354 2801 1425 2829 Psal.
1441 2811 1506 2836 uti,
1526 2803 1553 2836 fl,
1572 2804 1598 2830 5.
