1954 3079
245 141 301 170 359

862 131 893 159 S.
912 129 1074 158 GREGORII
1094 128 1241 156 NYSSENI

1819 124 1873 152 360

247 198 347 228 inﬁniti
362 197 480 233 spatium
494 193 671 222 ter-minante.
686 190 742 219 Ista
755 190 828 218 enim
843 190 940 218 intiniti
958 189 1035 217 notio

1100 188 1133 215 ὀὗ
1148 189 1262 224 ἀπείρου
1278 189 1294 224 ἡ
1311 187 1399 214 ἔννοια
1421 185 1452 212 τὺ
1476 182 1641 218 πανταχόθεν
1660 181 1829 217 ὲκκεχύσθαι
1841 184 1874 218 τῇ

247 249 275 272 et
292 243 362 270 ratio
384 246 443 273 est,
466 245 686 276 quaquaversum
708 240 806 264 natura
829 243 877 264 stta
902 234 1030 262 diﬂusum

247 297 325 321 esse,
344 294 433 322 neque
447 285 502 313 ullo
517 284 604 312 limite
620 283 676 310 ullo
692 282 774 310 modo
790 280 995 317 comprehendi.

283 343 369 378 igitur
391 346 422 368 ut
444 341 498 368 lixa
512 343 540 367 et
559 339 673 366 immota
689 342 800 366 maneat
815 336 906 363 Patris
921 338 949 363 et
970 333 1032 361 Filii

248 387 402 417 substantia
413 407 420 419 ,
437 391 465 415 et
477 394 558 422 quam
573 385 607 413 de
622 385 675 412 hac
688 385 833 415 habemus,
854 380 1032 411 existimatio,

248 442 303 461 non
319 433 383 461 licet
399 433 453 459 ulla
475 433 581 459 ratione
606 430 743 458 inﬁnitum
766 428 939 457 intervallum
961 426 1034 453 affir-

248 486 341 510 mare,
360 478 408 506 sed
425 485 540 506 necesse
563 477 631 510 erit,
657 480 688 504 ut
709 476 785 503 linito
809 474 926 511 quodam
945 472 1034 508 spatio

249 524 336 552 Filius
350 531 365 550 a
378 523 458 551 Patre
473 523 510 551 sit
526 527 696 558 segregatus.
714 521 772 548 lloc
784 520 868 554 igitur
885 522 944 550 est,
962 517 1035 553 quod

251 577 357 601 assero,
391 570 544 597 doctrinam
561 569 631 595 hanc
654 575 687 595 eo
707 567 836 599 tendere,
863 569 894 592 ut
915 564 1036 592 obtineat

250 616 337 643 Deum
351 615 543 643 universorum
559 614 593 641 ab
607 618 709 641 aeterno
723 620 776 639 non
791 612 876 639 fuisse
886 631 893 642 ,
911 610 957 638 sed
972 609 1037 636 deli-

251 663 309 690 nito
334 662 452 696 quodam
476 660 608 695 temporis
633 663 735 693 puncto
759 662 850 685 ortum
881 657 1035 684 habuisse:

252 707 326 742 quod
341 706 474 742 appositis
490 706 523 732 ad
540 713 595 732 rem
610 704 742 739 exemplis
760 702 921 733 declarabo,
941 705 970 727 ut
987 707 1037 727 no-

253 753 296 780 bis
309 760 358 788 per
373 760 405 779 ca
420 759 480 786 qua:
493 755 557 778 nota
573 753 654 782 sunt,
670 748 845 784 perspicuum
862 748 907 774 tiat
922 746 948 773 id
964 745 1036 780 quod

255 799 405 832 ignoratur.
420 795 554 828 Quoniam
569 795 686 822 dicimus
699 794 794 828 quinta
807 792 851 819 die
864 796 924 826 post
938 791 1039 818 malum

256 842 392 869 hominem
411 848 472 868 esse
490 839 630 867 conditum
651 846 682 866 ex
699 837 801 873 MOysis
823 838 892 864 libro
908 837 942 869 “,
961 837 1041 863 facile

1085 234 1175 268 φύσει,
1193 235 1240 261 καὶ
1265 234 1359 270 μηδενὶ
1383 233 1481 269 πέρατι
1500 230 1655 266 μηδαμόθεν
1673 228 1875 265 περιλαμϐάνε-

1087 280 1158 307 σθαι.

1122 332 1227 360 Οὐκοῦν
1249 334 1292 360 ἴνα
1313 333 1399 367 παγία
1419 333 1466 359 καὶ
1488 331 1653 367 ἀμετάθετος
1682 329 1800 364 διαμένῃ
1815 327 1877 362 περὶ

1087 379 1134 406 τοῦ
1151 380 1256 415 Πατρδς
1273 379 1380 406 καὶτοῦ
1396 378 1462 405 Υίοῦ
1480 379 1497 414 ὴ
1511 377 1558 404 τοῦ
1577 376 1646 404 εἶναι
1660 374 1812 411 ὑπόληψις,
1835 373 1878 399 οὗ-

1088 425 1183 460 δεμίαν
1196 425 1252 458 ἔξει
1267 425 1357 461 χώραν
1372 425 1483 460 ἄπειρον
1496 424 1593 450 ἐννοεῖν
1607 422 1636 449 τὸ
1648 421 1799 455 διάστημα,
1812 418 1877 445 ἀλλὰ

1090 471 1289 507 πεπερασμένῳ
1310 471 1363 498 τινί
1382 470 1451 497 κατὰ
1473 471 1562 496 πᾶσαν
1584 469 1706 502 ἀνάγκην
1728 466 1775 492 τδν
1795 466 1879 492 Μονο-

1091 519 1155 553 γενῆ
1176 519 1222 544 τοῦ
1249 517 1353 553 Πατρός
1370 517 1552 552 διαστήσουσι.
1585 514 1670 542 Τοῦτο
1694 510 1741 540 οὖν
1768 513 1843 538 ἐστιν
1866 511 1879 537 ὃ

1092 572 1173 598 φημι,
1188 563 1227 590 ὅτι
1244 564 1258 589 ό
1271 562 1350 597 λόγος
1364 558 1441 593 οὗτος
1459 562 1508 588 οὐκ
1531 561 1561 593 ἐξ
1580 560 1664 587 ἀϊδίου
1685 557 1754 585 εἷναι
1776 557 1823 583 τὸν
1836 556 1880 582 ἐπὶ

1092 610 1200 636 πάντων
1216 609 1291 640 Θεὸν,
1308 608 1364 635 ἀλλ’
1382 607 1434 634 ἀπό
1448 616 1519 640 τινος
1534 606 1686 643 ὡρισμένου
1703 603 1820 639 σημείου
1834 602 1880 637 τὴν

1092 654 1178 690 ἀρχὴν
1195 654 1340 690 ἐσχηκέναι
1357 652 1574 689 παρασκευάσει·
1594 651 1607 678 δ
1619 651 1649 677 δὲ
1665 650 1748 684 λέγω,
1763 647 1881 675 τοιοῦτόν

1093 701 1150 726 ἐστι
1162 708 1168 714 ·
1191 699 1259 732 λέξω
1273 699 1301 725 δὲ
1317 699 1360 726 διὰ
1374 698 1428 726 τῶν
1449 698 1595 734 γνωρίμων
1610 695 1820 731 ὑποδειγμάτων
1837 703 1883 720 σα-

1094 745 1212 779 φηνίζων
1234 745 1264 772 τὺ
1278 745 1376 780 νόημα1
1399 745 1436 776 ὠς
1451 745 1484 771 ἂν
1500 744 1605 778 γένοιτο
1618 743 1661 769 διὰ
1682 742 1737 769 τῶν
1753 739 1883 775 φαινομὲ-

1094 800 1146 817 νων
1163 791 1316 825 καταφανὲς
1331 792 1396 826 ἡμῖν
1413 791 1443 817 τδ
1467 790 1657 824 ἀγνοούμενον.
1679 789 1798 824 Πέμπτῃ
1816 786 1883 822 μετὰ

1094 836 1139 862 τὸν
1152 836 1263 871 οὐρανὸν
1276 837 1367 871 ἡμέρᾳ
1378 835 1540 871 γεγενῆσθαι
1549 835 1594 861 τὸν
1607 834 1749 869 ἄνθρωπον
1758 833 1882 866 λέγοντες

256 889 338 916 etiam
355 886 543 922 signiﬁcamus
558 889 621 912 ante
635 885 707 912 hunc
721 885 817 911 borum
831 884 937 911 dierum
951 890 1042 910 nume-

1100 882 1126 908 ὲκ
1222 869 1501 917 Μωαέωξ-Γραφῆξ,
1528 879 1824 914 συγκατεσκευὰσαμεν
1847 878 1885 912 τῷ

256 941 316 960 rum
351 941 385 960 ne
400 933 501 960 coelum
517 932 626 966 quidem
643 931 801 958 exstitisse:
832 931 898 957 adeo
923 929 950 956 id
970 929 1042 964 quod

256 978 394 1014 posterius
411 981 474 1011 est,
492 977 589 1005 deﬁnit
605 984 716 1012 quoque
733 981 761 1004 et
777 975 980 1004 circumscribit
997 982 1045 1009 per

258 1024 448 1057 intervallum,
472 1023 498 1051 id
514 1023 586 1058 quod
609 1022 774 1054 antecessit,
799 1029 895 1056 nempe
916 1021 1045 1048 substan-

258 1070 324 1097 tiam
356 1074 384 1098 et
402 1069 587 1097 cxsistentiam
613 1068 689 1103 ejus,
711 1067 782 1102 quod
822 1071 950 1101 tanquam
969 1067 1044 1102 prius

257 1116 414 1150 concipitur
438 1119 466 1142 et
481 1114 681 1142 consideratur.
695 1112 772 1146 Quod
786 1113 809 1140 si
823 1120 876 1139 non
892 1111 958 1140 satis
972 1113 1045 1140 clare

258 1169 316 1189 rem
341 1162 393 1189 hoc
418 1161 542 1196 exemplo
566 1159 781 1192 illustraviinus,
805 1166 952 1194 possumus
969 1165 1043 1185 eum-

258 1207 318 1234 dem
336 1207 390 1234 alio
405 1207 558 1234 evidentius
580 1206 768 1233 demonstrare
783 1214 788 1231 :
809 1211 870 1231 cum
887 1204 972 1239 legem
997 1212 1046 1240 per

259 1251 370 1286 Moysen
384 1251 491 1284 datam,
505 1250 714 1285 quadringentis
728 1254 755 1277 et
771 1249 883 1284 triginta
901 1250 982 1277 annis
997 1257 1046 1285 po-

259 1298 402 1325 steriorem
416 1304 479 1324 esse
493 1296 660 1324 aﬂirmamus
686 1295 868 1331 promissione
895 1295 940 1323 illa
953 1295 1043 1323 divina

259 1350 321 1378 quae
335 1343 368 1370 ad
386 1342 521 1370 Abraham
535 1342 605 1368 facta
621 1346 679 1373 est,
697 1342 732 1373 si,
749 1341 831 1368 ducto
848 1349 862 1368 a
881 1342 939 1376 lege
955 1341 1046 1373 initio.

260 1393 369 1422 tempus
395 1391 549 1415 anteactum
579 1386 744 1421 cogitatione
767 1385 847 1420 quasi
871 1385 1047 1412 ascendendo

260 1440 421 1469 percurrere
434 1433 568 1464 velimus,
584 1435 611 1459 et
625 1431 735 1459 tandem
751 1432 784 1459 ad
801 1431 879 1458 tinem
895 1438 1028 1458 annorum
1038 1451 1045 1461 ,

259 1486 330 1514 quos
345 1478 550 1506 numeravimus
560 1497 567 1509 ,
585 1477 780 1512 perveniamus
793 1496 800 1508 ,
817 1476 936 1504 dilucide
951 1477 1048 1511 depre-

260 1523 406 1551 hendimus
417 1543 424 1555 ,
440 1522 513 1558 quod
532 1525 596 1548 ante
611 1522 663 1548 hoc
680 1526 788 1556 tempus
803 1521 895 1548 divina
915 1522 960 1548 illa
985 1530 1047 1556 pt'o-

261 1570 357 1597 missio
372 1569 492 1596 nondum
516 1567 618 1600 fuerit;
639 1567 781 1602 multaque
798 1571 945 1602 suppetunt
965 1567 1046 1602 hujus

1094 927 1165 962 λόγῳ
1181 927 1268 962 τούτῳ
1284 927 1354 954 κατὰ
1365 927 1398 954 τὸ
1413 926 1589 961 σιωπώμενον
1598 926 1628 952 τὸ
1642 925 1696 960 πρὸ
1708 924 1755 951 τοῦ
1767 924 1885 960 ἀριθμοῦ

1094 973 1148 999 τῶν
1165 973 1276 1008 ἡμερῶν
1292 974 1404 1006 τούτων,
1423 972 1490 1008 μηδὲ
1503 972 1547 999 τὸν
1561 971 1677 1006 οὐρανὸν
1699 969 1770 997 εἶναι
1782 979 1790 986 ο
1816 969 1886 996 οὕτω

1095 1019 1124 1045 τὸ
1142 1019 1210 1054 μετά
1224 1027 1251 1045 τι
1265 1019 1411 1054 γενόμενον
1430 1019 1474 1045 διὰ
1488 1018 1535 1045 τοῦ
1551 1018 1604 1053 πρὸ
1619 1017 1715 1044 ἑαυτοῦ
1733 1017 1886 1051 διαστήμα-

1094 1074 1140 1097 τος
1159 1065 1244 1101 ὁρίζει
1259 1066 1306 1092 καὶ
1324 1066 1374 1101 τὴν
1391 1065 1437 1092 τοῦ
1459 1064 1710 1100 προῦπονοουμένου
1728 1063 1886 1089 ὑπόστασιν.

1096 1111 1127 1136 Ei
1142 1110 1171 1136 δὲ
1187 1111 1236 1145 οὐχ
1251 1110 1350 1142 ἱκανῶς
1363 1110 1402 1146 τῷ
1417 1110 1594 1144 ὑποδείγματι
1608 1109 1652 1135 τὸν
1665 1108 1745 1142 λόγον
1760 1107 1888 1141 ἐσαφηνί-

1097 1164 1193 1190 σαμεν,
1208 1155 1319 1182 δυνατόν
1334 1157 1402 1188 ἐστι,
1423 1156 1470 1183 καὶ
1482 1155 1515 1182 δι’
1530 1155 1629 1190 ἐτέρων
1645 1154 1676 1180 τὺ
1694 1153 1791 1188 νοηθὲν
1804 1161 1889 1187 παρα·

1098 1202 1204 1236 στῆσαι,
1220 1202 1265 1229 τὸν
1279 1202 1323 1229 διὰ
1340 1203 1460 1234 Μωσέως
1479 1202 1588 1229 δοθέντα
1603 1201 1684 1236 νόμον
1701 1199 1887 1236 τετρακοσίοις

1096 1249 1169 1276 ἔτεσι
1191 1249 1239 1275 καὶ
1264 1249 1410 1284 τριάκοντα
1431 1249 1481 1284 τῆς
1504 1248 1550 1275 τοῦ
1572 1247 1697 1282 Ἀϐραὰμ
1722 1245 1890 1280 ἐπαγγελίας

1099 1295 1327 1330 μεταγενέστερον
1347 1295 1471 1329 λέγοντες
1491 1303 1497 1310 ·
1523 1294 1570 1320 ἐὰν
1593 1293 1646 1319 ἀπὸ
1664 1292 1710 1319 τοῦ
1739 1293 1824 1327 νόμου
1846 1291 1890 1317 τὸν

1098 1340 1212 1367 κατόπιν
1225 1340 1318 1376 χρόνον
1334 1340 1367 1366 δι’
1383 1339 1538 1370 ἀναλύσεως
1552 1338 1592 1374 τῷ
1612 1337 1735 1372 λογισμῷ
1757 1336 1891 1372 παροδεύ-

1099 1394 1205 1417 σαντες.
1228 1387 1269 1417 εἰς
1289 1386 1318 1412 τὸ
1335 1386 1421 1422 πέρας
1443 1386 1496 1412 τῶν
1521 1384 1718 1421 ἡριθμημένων
1742 1384 1891 1418 φθάσωμεν

1099 1430 1177 1464 ἐτῶν,
1201 1430 1294 1465 σαφῶς
1310 1430 1555 1466 καταλαμϐάνομεν
1567 1451 1573 1462 ,
1589 1430 1629 1456 ὅτι
1652 1429 1705 1464 πρὸ
1727 1430 1775 1456 τοῦ
1794 1430 1890 1465 χρόνον

1098 1476 1194 1502 τούτου
1209 1477 1226 1512 ἠ
1248 1476 1294 1502 τοῦ
1310 1476 1377 1503 Θεοῦ
1393 1476 1543 1511 ἐπαγγελία
1564 1475 1640 1502 οὔπω
1661 1473 1694 1511 ἦν
1711 1483 1718 1490 ·
1743 1476 1793 1502 καὶ
1808 1475 1892 1501 πολλὰ

1099 1522 1211 1549 τοιαῦτα
1224 1522 1313 1556 λέγειν
1327 1522 1400 1549 ἔστιν
1410 1544 1416 1555 ,
1435 1519 1474 1554 οἷς
1494 1522 1524 1548 τὸ
1538 1521 1597 1549 καθ’
1614 1522 1728 1549 ἕκαστον
1743 1521 1890 1555 ἐπεξιέναι,

1100 1568 1137 1600 ὡς
1155 1568 1269 1604 ὀχληρὸν
1284 1570 1499 1604 παραιτήσομαι.

260 1617 368 1652 generis
390 1616 528 1651 exempla,
548 1615 648 1650 quibus
681 1615 818 1650 sigillatim
850 1615 1044 1650 percensendis
1067 1616 1268 1650 superscdcbo,
1286 1617 1358 1644 tardii
1376 1616 1478 1644 vitandi
1496 1617 1594 1651 gratia.

296 1674 498 1703 Convenienter
523 1673 607 1708 igitur
631 1673 712 1700 alicui
741 1672 823 1700 modo
852 1672 879 1699 in
910 1673 1048 1708 praedictis

261 1719 393 1754 exemplis
411 1722 523 1746 ostenso
534 1738 540 1750 ,
556 1721 678 1753 oportet,
698 1721 727 1744 ut
743 1718 925 1746 discutiamus
940 1726 1048 1753 quoque

261 1766 430 1802 propositam
452 1764 652 1799 quzestionem;
677 1767 719 1791 est
739 1767 829 1791 autem
855 1764 924 1796 ista,
947 1768 977 1790 ut
992 1763 1050 1799 qui-

263 1812 324 1839 dem
341 1810 490 1838 adversarii
506 1809 558 1837 sibi
575 1810 758 1844 persuadent,
775 1810 849 1843 priu:
865 1814 891 1836 et
903 1810 1048 1844 posterius,

263 1864 312 1884 seu
329 1855 462 1891 antiquius
477 1859 504 1882 et
520 1856 647 1882 recentius
658 1874 665 1887 ,
679 1855 713 1882 de
728 1854 818 1882 Patris
833 1860 859 1882 et
876 1855 936 1882 Filii
950 1860 977 1883 et
992 1855 1052 1890 Spi-

263 1902 334 1930 ritus
350 1901 438 1929 sancti
455 1901 610 1929 suhstantia
625 1901 678 1928 dici
692 1909 699 1933 ;
720 1908 782 1928 cum
798 1908 863 1936 ergo
886 1900 948 1927 Filii
970 1909 1051 1936 gene-

262 1949 369 1975 ratione
397 1951 576 1983 transcursa,
605 1951 635 1974 ut
663 1947 809 1975 haereticus
836 1948 890 1975 istc
917 1953 1049 1984 nugatur,

263 1993 462 2022 accesserimus
477 1993 511 2020 ad
526 1993 553 2020 id
570 1994 744 2021 intervallum
756 2014 763 2026 ,
781 1994 853 2028 quod
871 1994 990 2021 medium
1009 1996 1051 2022 in-

264 2040 417 2074 terponitur
432 2039 442 2075 (
455 2043 536 2074 prout
552 2047 619 2066 vana
637 2039 828 2067 haereticorum
845 2041 987 2075 persuasio
1001 2041 1052 2068 ali-

264 2085 329 2120 quid
351 2085 422 2112 inter
443 2085 552 2112 Patrem
573 2091 599 2112 et
620 2084 718 2112 Filium
737 2085 867 2120 statuit),
883 2093 1001 2121 cumque
1018 2086 1051 2113 ad

264 2136 416 2159 extremum
440 2131 507 2158 illud
523 2135 653 2166 punctum
678 2132 913 2165 processerimus,
930 2141 985 2168 quo
1007 2133 1052 2161 isti

265 2177 497 2213 intercapedinem
515 2177 588 2203 illam
606 2177 768 2209 terminant,
786 2178 865 2209 istic,
881 2178 907 2204 in
922 2187 1051 2214 supremo

265 2224 344 2259 quasi
359 2224 479 2262 culmine
493 2243 499 2254 ,
519 2223 564 2250 Dei
583 2224 665 2250 totius
680 2223 868 2251 universitatis
885 2224 968 2251 vitam
986 2226 1053 2254 sub-

266 2270 407 2297 sistentem
425 2269 577 2304 reperimus
587 2287 595 2301 ,
609 2276 642 2296 ex
656 2276 710 2303 quo
724 2270 881 2303 necessario
893 2270 1050 2304 coniicitur,

266 2320 297 2342 ut
321 2314 466 2342 credamus
494 2315 598 2346 Deum,
624 2314 671 2349 qui
697 2322 804 2349 seraper
830 2320 886 2348 est,
903 2322 965 2344 ante
986 2317 1053 2345 illud

266 2364 398 2397 punctum
410 2367 464 2387 non
479 2359 576 2386 fuisse.

1062 1698 1083 1728 C

1137 1673 1215 1700 Κατὰ
1235 1673 1324 1700 τοίνυν
1341 1675 1390 1710 τὴν
1405 1675 1565 1702 ἀκολουθίαν
1589 1674 1643 1701 τῶν
1665 1675 1694 1701 έν
1710 1676 1766 1706 τοῖς
1781 1674 1892 1702 ὑποδεί-

1100 1729 1202 1755 γμασιν
1219 1720 1382 1756 εἰρημένων,
1401 1721 1448 1747 καὶ
1462 1721 1507 1747 τὸν
1520 1721 1700 1757 προκείμενον
1718 1720 1894 1756 ἐξετάσωμεν

1100 1767 1178 1801 λόγον
1188 1775 1195 1783 '
1211 1765 1245 1802 ἦν
1258 1766 1285 1792 δὲ
1302 1764 1377 1797 οὗτος
1392 1767 1461 1794 κατὰ
1476 1767 1524 1802 τὴν
1539 1767 1592 1794 τῶν
1603 1768 1732 1795 ἐναντίων
1747 1768 1892 1803 ὑπόληψιν,

1100 1812 1130 1838 τὸ
1146 1812 1348 1846 πρεσϐύτερον
1367 1812 1413 1838 καὶ
1440 1812 1583 1847 νεώτερον
1598 1813 1644 1839 ἐπὶ
1657 1813 1707 1847 τῆς
1723 1813 1771 1839 τοῦ
1788 1813 1894 1849 Πατρός

1102 1867 1131 1884 τε
1149 1859 1195 1885 καὶ
1215 1858 1263 1885 τοῦ
1285 1858 1359 1890 Υἱοῦ,
1378 1857 1487 1885 καὶτοῦ
1502 1859 1580 1893 ἁγίου
1601 1859 1761 1893 Πνεύματος
1776 1859 1895 1885 ὑποστά-

1103 1913 1182 1936 σεως,
1192 1904 1284 1940 ἕτερον
1299 1905 1391 1940 ἑτέρου
1408 1905 1498 1939 λέγειν
1508 1903 1588 1932 εἶναι.
1602 1905 1705 1932 Οὐκοῦν
1720 1905 1831 1932 ἐπειδὰν
1844 1905 1893 1940 τὴν

1102 1950 1148 1976 τοῦ
1164 1950 1228 1977 Υἱοῦ
1243 1950 1366 1986 γέννησιν
1379 1950 1528 1984 διαϐάντες,
1550 1951 1640 1983 καθὼς
1659 1952 1805 1987 ὑφηγεῖται
1817 1953 1830 1978 ὁ
1844 1953 1894 1987 τῆς

1102 1995 1233 2030 αἰρέσεως
1247 1996 1338 2030 λόγος,
1352 1996 1446 2023 ἔπειτα
1457 1997 1619 2032 προσθῶμεν
1632 1997 1670 2032 τῷ
1683 1997 1728 2023 διὰ
1743 1998 1828 2032 μέσου
1839 1998 1895 2024 δια-

1104 2042 1238 2076 στήματι·
1263 2043 1329 2077 ὅπερ
1345 2044 1361 2078 ὴ
1383 2043 1485 2078 ματαία
1504 2043 1557 2069 τῶν
1573 2043 1659 2070 ταῦτα
1675 2043 1895 2078 δογματιζὸντων

1103 2086 1190 2121 οἴησις
1206 2087 1372 2119 ὑποτίθεται,
1386 2087 1439 2114 τῶν
1458 2087 1557 2123 μεταξὺ
1570 2088 1616 2114 τοῦ
1631 2087 1696 2114 Υίοῢ
1709 2089 1757 2115 καὶ
1772 2088 1820 2115 τοῦ
1839 2089 1894 2115 Πα-

1103 2132 1167 2166 τρός
1181 2129 1250 2158 εἷναί
1272 2142 1297 2158 τι
1320 2132 1501 2168 λογιζομένων
1513 2143 1519 2149 ·
1541 2134 1589 2160 ἐὰν
1603 2135 1642 2165 εἰς
1656 2134 1686 2160 τὸ
1702 2133 1788 2168 ἄκρον
1809 2136 1895 2160 ἐκεῖνο

1106 2179 1217 2212 σημεῖον
1235 2178 1392 2214 φθάσωμεν,
1412 2176 1434 2213 ᾧ
1453 2180 1483 2206 τὺ
1499 2179 1636 2215 διάστημα
1652 2179 1682 2205 τὸ
1700 2180 1804 2214 μεταξὺ
1823 2189 1896 2214 περι-

1105 2224 1265 2259 γράφουσιν,
1291 2225 1348 2251 ἐκεῖ
1365 2225 1412 2251 καὶ
1427 2225 1473 2252 τοῦ
1497 2226 1564 2252 Θεοῦ
1583 2226 1637 2252 τῶν
1660 2226 1728 2252 ὅλων
1744 2227 1895 2262 ίσταμένην

1105 2270 1151 2296 ἐπὶ
1163 2270 1193 2297 τὸ
1206 2272 1262 2298 ἄνω
1274 2271 1323 2306 τὴν
1335 2271 1406 2307 ζωὴν
1419 2272 1591 2308 εὑρίσκομεν,
1607 2272 1645 2304 ὡς
1661 2272 1690 2304 ὲξ
1706 2272 1833 2307 ἀνάγκης
1846 2281 1896 2299 xa-

1105 2317 1320 2350 τασκευάξεσθαι
1343 2318 1373 2344 τὸ
1395 2318 1447 2354 πρὸ
1468 2319 1583 2351 ἐκείνου,
1601 2319 1668 2354 μηδὲ
1685 2319 1729 2345 ἀεὶ
1746 2319 1813 2345 ὄντα
1832 2319 1896 2345 Θεὶν

1106 2363 1243 2389 πιστεύειν
1258 2361 1337 2390 εἶναι.

303 2415 382 2448 Quod
400 2415 423 2442 si
440 2414 531 2442 adhuc
545 2415 678 2451 ambigis,
695 2424 791 2444 rursus
808 2417 834 2445 id
850 2420 982 2454 exemplis
1000 2428 1044 2447 ex-

1142 2421 1173 2447 Εἰ
1188 2420 1217 2447 δὲ
1232 2420 1410 2456 ἀμφιϐάλλεις
1426 2420 1477 2454 ἔτι,
1493 2420 1573 2448 πάλιν
1587 2421 1633 2448 τὸν
1651 2421 1729 2456 λόγον
1743 2421 1778 2448 δι’
1791 2422 1898 2449 ὑποδει⁴

268 2461 395 2496 planabo.
414 2460 648 2493 Quemadmodum
666 2463 737 2490 enim
756 2464 866 2498 quando
881 2464 990 2493 duabus
1008 2473 1054 2493 re-

269 2506 340 2541 gulis
355 2505 485 2541 acceptis,
501 2505 587 2533 altera
603 2507 724 2542 majore,
740 2509 825 2537 altera
842 2510 948 2538 minore
961 2531 968 2543 ,
985 2512 1053 2539 lines

268 2552 426 2581 earumdem
443 2560 553 2588 aequare
568 2553 709 2587 volumus,
728 2555 755 2582 in
770 2557 945 2584 extremitate
959 2564 1056 2585 exces-

268 2608 331 2629 sum
346 2600 559 2635 cognoscimus;
574 2600 743 2636 juxtaposita
774 2603 847 2629 enim
871 2603 986 2631 minoris
1008 2612 1056 2631 cx-

270 2646 424 2679 tremitate,
448 2654 592 2675 excessum
618 2647 731 2682 majoris
756 2648 1006 2683 deprehendimus,
1028 2656 1055 2679 et

270 2696 403 2727 quantum
417 2692 532 2720 breviori
555 2693 641 2726 desit,
663 2701 792 2721 mensura
808 2694 898 2729 aliqua
909 2716 917 2728 ,
934 2696 991 2724 sive
1013 2698 1055 2724 ul-

270 2744 305 2765 na
317 2756 326 2769 ,
344 2737 401 2765 sive
415 2737 490 2765 aliud
506 2737 646 2773 quidpiam
665 2738 717 2771 sit,
740 2739 831 2767 minus
853 2747 915 2768 cum
932 2742 1053 2770 termino

323 2828 345 2844 "
357 2827 425 2856 Gen.
441 2836 462 2863 ι,
477 2829 524 2857 26.

1107 2466 1220 2501 γμάτων
1233 2467 1456 2503 κατανοήσωμεν.
1474 2467 1578 2503 Ὥσπερ
1587 2468 1640 2504 γὰρ
1650 2467 1697 2494 ἐπὶ
1707 2467 1754 2494 δύο
1766 2469 1897 2501 κανόνων,

1106 2514 1171 2541 ὅταν
1184 2515 1198 2541 ὁ
1216 2514 1266 2550 μὲν
1289 2514 1419 2546 ἐλάττων,
1443 2515 1457 2540 ὁ
1479 2514 1507 2541 δὲ
1522 2514 1663 2550 ὑπερέχων
1686 2511 1716 2549 ᾖ,
1734 2513 1787 2545 τὰς
1806 2514 1898 2549 ﬂint;

1106 2559 1269 2594 ἀμφοτέρων
1283 2559 1441 2592 ἰσώσαντες,
1462 2561 1491 2586 ὲν
1512 2561 1573 2591 ταῖς
1586 2561 1721 2594 κορυφαῖς
1735 2559 1768 2586 τὸ
1782 2559 1898 2587 πλεονά-

1106 2605 1151 2638 ζον
1174 2606 1390 2642 ὲπιγινὼσκομεν
1408 2606 1593 2642 (παραθέντες
1617 2606 1671 2642 γὰρ
1699 2605 1730 2632 τὸ
1750 2606 1801 2632 τοῦ
1825 2606 1901 2633 ἐλάτη

1110 2660 1185 2683 τονος
1202 2652 1304 2688 πέρας,
1317 2653 1364 2679 ἀπ’
1379 2652 1484 2679 ἐκείνου
1498 2652 1528 2678 τὸ
1545 2651 1675 2689 περισσὸν
1685 2652 1734 2678 τοῦ
1751 2652 1899 2688 ὑπερέχον-

1109 2705 1154 2729 τος
1169 2697 1290 2732 ἔγνωμεν
1300 2707 1306 2714 ·
1325 2699 1371 2725 καὶ
1387 2699 1448 2725 ὅσον
1459 2699 1528 2725 ἐνδεῖ
1538 2697 1578 2733 τῷ
1589 2697 1762 2734 βραχυτέρῳ,
1772 2698 1819 2725 διά
1829 2705 1899 2728 τινος

1111 2743 1211 2778 μέτρου
1227 2743 1257 2770 τὺ
1269 2743 1360 2770 λεῖπον
1385 2743 1453 2779 πρὸς
1470 2743 1500 2770 τὸ
1517 2743 1603 2779 πέρας
1618 2742 1666 2770 τοῦ
1684 2743 1812 2779 μείζονος
1832 2750 1899 2777 παρ-
