1954 3079
65 117 99 147 561
600 120 736 148 CONTRA
754 120 818 148 EC)

871 121 937 150 mu
954 143 961 156 ,
978 121 1040 150 LIB.
1057 122 1078 150 ι.

1599 126 1652 154 5(ῒί

65 177 183 205 turbatura,-
203 172 312 208 εὕρομεν
326 195 332 206 ,
358 174 413 201 εἴτε
442 176 545 211 πῆχυς,
576 177 630 204 εἴτε
655 179 753 205 ὁπόσον
770 178 817 205 οὖν

871 180 983 215 majoris
1004 184 1212 216 comparantes,
1233 180 1413 217 indagamus,
1432 185 1564 217 quantmn
1581 183 1653 211 absit

65 225 137 250 ἐστιν.
156 220 211 246 ὅσον
235 218 280 244 τοῦ
314 219 453 252 ἐλάττονος
478 222 508 247 τὸ
534 222 625 256 μεῖζον
640 223 815 261 ἀφέστηκεν).

64 265 130 297 οὕτως
148 265 171 291 ει
183 264 221 295 τίς
238 265 304 298 ἐστι,
323 265 392 292 κατὰ
411 266 455 293 τὸν
467 267 521 294 τῶν
532 268 697 295 ὑπεναντίων
712 269 792 303 λόγον
807 290 813 301 ,

64 313 100 347 τῆς
110 311 148 337 τοῦ
172 310 270 345 Πατρὸς
286 309 358 346 ζωῆς
377 312 414 342 ὡς
439 312 507 347 πρὸς
521 314 571 349 τὴν
594 314 666 349 ζωὴν
686 314 733 341 τοῦ
750 313 815 341 Υἱοῦ

64 354 211 390 πλεονασμὸς,
225 354 252 381 ἐν
269 363 322 381 τινι
345 356 418 391 ῥητῷ
433 357 595 393 διαστήματι
617 359 724 390 πάντως
746 359 813 386 ἐστί·

63 400 158 427 τοῦτοδὲ
175 399 220 425 οὐκ
236 399 274 431 εἰς
289 400 318 426 τὸ
340 401 440 436 ἑφεξῆς
465 402 635 437 περισσεύειν
660 404 817 438 ἀναγκαίως

65 446 219 480 ωνθήσονται.
239 444 383 472 Ἀθάνατον
404 447 456 482 γὰρ
472 447 571 482 ὁμοίως
593 448 723 484 ἑκάτερον
747 448 816 476 εἶναι

64 494 97 520 καὶ
109 494 128 518 οἱ
141 492 222 528 ἐχθροὶ
238 493 286 527 τῆς
301 493 430 528 ἀληθείας
444 494 620 529 ὁμολογοῦσιν
631 503 637 510 ·
659 495 715 522 ἀλλ’
731 496 771 528 εις
787 496 818 522 τὸ

64 540 105 566 ἄνω
120 539 161 572 τὴν
181 538 306 572 διαφορὰν
329 539 429 574 ταύτην
449 540 610 572 ἐπινοοῦσιν,
630 543 679 568 οὑκ
697 541 817 573 ἱσοῦντες

63 585 114 619 πρὸς
128 584 166 610 τὸν
181 584 286 619 Πατέρα
300 583 346 611 τοῦ
364 584 429 612 Υἱοῦ
444 586 493 621 τὴν
507 585 590 622 ζωὴν,
607 586 665 613 ἀλλ’
682 586 816 614 ἐκτείνον-

63 639 96 661 τες
106 630 145 664 τὴν
157 630 214 664 περὶ
230 629 275 655 τοῦ
299 630 402 666 [Ἰατρὸς
422 631 524 658 ἔννοιαν
555 632 593 667 τῷ
609 632 657 667 τῆς
674 631 746 668 ζωῆς
760 633 816 659 διοι⁹

64 677 164 710 πήματι.
183 675 254 701 Ἐπεὶ
276 674 323 702 οὖν
344 676 480 712 διάστημα
501 677 604 710 διπλοῖς
624 679 723 715 πέρασι
739 689 817 714 περι-

64 723 177 757 γράφεται,
192 721 297 753 πάντως
316 722 421 758 ἀνάγκη
438 723 522 755 πᾶσα,
539 724 645 751 καὶτοῦ
661 720 816 760 ὲπινοηθένο

61 776 94 798 τος
103 766 155 801 παρ’
165 766 246 792 αὐτῶν
256 766 448 802 διαστήματος,
461 768 494 795 τὰ
505 768 551 795 δύο
566 769 664 804 σημεῖα
677 770 711 796 τὰ
722 778 819 805 γνωρι-

62 813 122 839 (miti
132 812 178 839 τῶν
197 813 320 848 περάτων
330 814 544 850 καταληφθῆναι.
562 815 671 852 Ὥσπερ
684 813 730 843 οὖν
745 816 775 842 τὸ
790 816 818 842 ἓν

62 859 132 894 μέρος,
150 859 204 885 κατ’
224 858 332 891 αὐτοὺς,
349 859 401 886 ἀπὸ
411 859 461 895 τῆς
485 861 636 897 γεννήσεως
660 861 707 888 τοῦ
727 863 815 889 Μονο-
836 853 856 879 Β

60 905 132 939 γενοῦς
150 906 194 939 τὴν
214 905 300 940 ἀρχὴν
323 905 390 941 ἔχει,
413 905 484 932 οὕτω
498 907 545 933 καὶ
567 907 598 934 τὸ
614 907 707 943 ἕτερον
721 908 813 944 ἄκρον,

60 951 124 987 ἑτέρῳ
134 951 181 977 τινὶ
194 951 292 985 πέρατι
310 952 419 983 πάντως
434 952 622 988 συναπολήξει,
639 950 661 986 ᾦ
677 962 816 989 συναπαρ-

60 997 169 1032 ςιζόμενον
179 997 208 1023 τὸ
218 997 355 1033 διάστημα
370 998 449 1025 ἑαυτὸ
462 999 637 1035 περιγράφει.
652 999 684 1026 Τι
697 997 743 1026 οὖν
758 1000 816 1026 ἐστι

59 1043 117 1070 τοῦτο
133 1044 159 1070 τὸ
179 1044 271 1079 πέρας,
293 1044 368 1070 αὐτοὶ
381 1044 535 1072 εἰπάτωσαν
545 1063 553 1077 ,
579 1044 656 1080 εἴπερ
671 1047 727 1077 τοῖς
744 1045 817 1077 ἰδίοις

58 1091 126 1124 λόγοις
139 1090 286 1117 ἀκολουθεῖν
301 1090 350 1117 οὐκ
366 1090 552 1126 αἰσχύνονται.

866 227 954 262 major
972 234 986 253 a
1007 227 1112 254 minore
1134 235 1140 252 :
1160 227 1195 254 ita
1207 227 1241 261 si,
1260 232 1289 254 ut
1308 228 1458 256 adversarii
1476 229 1585 262 volunt,
1603 229 1653 257 ali-

867 272 930 308 quis
945 280 1077 301 excessus
1102 276 1144 300 est
1166 274 1226 300 vita:
1257 277 1283 299 ct
1306 273 1474 301 exsistentia:
1494 273 1585 303 Patris
1609 283 1653 302 re-

867 323 962 354 spectu
972 318 1032 345 vita:
1043 322 1069 345 ct
1081 318 1245 346 cxslstcntire
1258 318 1329 350 Filii,
1337 319 1448 347 omnino
1458 325 1574 356 oportet,
1582 326 1610 348 ut
1619 321 1655 349 sit

867 364 894 390 in
910 363 1026 399 quodam
1044 368 1121 390 certo
1136 363 1289 391 durationis
1305 363 1468 399 intervallo;
1485 371 1512 393 at
1525 374 1654 394 necessa-

869 411 908 437 rio
925 410 1002 437 fateri
1018 410 1118 437 debent
1135 410 1186 437 hoc
1204 418 1258 437 non
1281 417 1343 437 esse
1363 412 1515 439 secundum
1532 413 1652 448 aliquem

869 456 966 483 futura:
987 456 1141 483 (iurationis
1157 464 1301 484 excessum
1318 476 1324 483 .
1353 455 1504 492 Utrumque
1527 459 1599 486 enim
1616 459 1653 486 si-

869 502 968 529 militer
984 509 1045 529 esse
1060 502 1240 529 immortalem
1258 509 1311 529 non
1328 501 1484 530 inticiantur
1502 503 1553 538 ipsi
1571 503 1654 530 etiam

869 548 992 574 veritatis
1018 547 1110 575 hostes
1123 567 1129 578 ,
1154 547 1200 574 sed
1217 547 1404 574 diversitatem
1418 548 1489 575 hanc
1505 549 1655 576 secundum

869 593 1032 628 prmleritam
1056 592 1226 620 durationem
1251 593 1420 628 concipiunt,
1448 594 1512 620 dum
1529 593 1592 621 Filii
1616 595 1657 622 \‘iv

870 643 923 666 tam
939 643 966 666 et
982 639 1171 667 exsistentiam
1196 647 1257 666 cum
1282 638 1370 666 Patris
1388 640 1442 666 vita
1465 647 1518 666 non
1536 644 1656 675 aequant,

869 691 982 714 extensa
999 691 1201 721 prorogataque
1218 694 1267 721 per
1283 686 1457 713 intervallum
1474 687 1535 713 vita:
1552 687 1658 722 Cogita-

871 731 944 758 ticne
960 735 987 758 et
1011 731 1215 759 existimatione
1235 731 1268 759 de
1288 731 1379 759 Patre.
1395 732 1462 759 Cum
1482 732 1565 767 igitur
1579 740 1659 761 omne

870 777 1043 804 intervallum
1058 776 1159 811 duplici
1173 777 1291 804 termino
1307 777 1564 812 circumscribatur,
1580 787 1659 814 opor-

871 827 909 850 tet
935 827 963 850 ut
986 826 1013 850 et
1037 822 1184 851 intervallo
1206 823 1240 850 ab
1262 823 1305 851 his
1329 824 1572 860 excogitato,duo
1601 825 1658 853 hmo

871 869 960 905 signa,
978 873 1106 904 tanquam
1119 870 1324 897 extremitatum
1340 870 1452 902 indicia,
1471 871 1657 906 assignentur.

871 915 1104 948 Quemadmodum
1130 915 1214 951 igitur
1228 923 1261 942 ex
1278 915 1387 943 illorum
1405 915 1539 943 sententia
1550 936 1557 949 ,
1574 917 1659 944 altera

870 962 980 997 quidem
998 969 1062 997 pars
1077 961 1185 989 initium
1202 961 1279 989 ducit
1295 961 1331 990 ab
1347 966 1408 989 ortu
1427 962 1559 997 unigeniti
1578 961 1658 994 Filii,

871 1008 910 1035 sic
925 1012 951 1035 et
964 1007 1078 1034 alteram
1091 1007 1292 1035 extremitatem
1309 1008 1394 1035 altero
1410 1008 1527 1042 quodam
1542 1009 1659 1036 termino

872 1053 944 1080 ﬁniri
963 1059 1076 1080 necesse
1090 1057 1147 1086 est,
1165 1060 1196 1080 ex
1216 1061 1270 1088 quo
1287 1052 1461 1081 intervallmn
1479 1054 1546 1081 illud
1562 1063 1657 1082 verum

867 1105 1014 1135 aptumque
1023 1099 1142 1135 scipsum
1155 1099 1280 1126 deﬁnitet
1288 1099 1576 1136 circumscribitﬁrgo
1585 1101 1661 1136 quis-

58 1154 104 1173 nam
122 1147 166 1174 iste
183 1146 216 1173 sit
233 1146 378 1180 terminus,
395 1147 504 1182 ipsimct
519 1151 667 1182 exponant,
685 1145 818 1182 siquidem
830 1146 969 1182 propriam
985 1153 1062 1173 suam
1087 1145 1241 1172 doctrinam
1256 1145 1378 1180 proﬁteri
1398 1153 1452 1173 non
1481 1147 1659 1175 erubescunt.

87 1191 142 1217 Ἀλλ’
152 1191 272 1227 οὐδεμίαν
290 1191 452 1227 ἀμψιὸολίαν
468 1192 481 1218 ὸ
497 1191 575 1227 λόγος
589 1193 655 1228 ἔχει.
673 1193 734 1219 ’Ὁτι
753 1192 814 1219 οὐδὲ

58 1236 173 1272 εὑρήσουσι
185 1237 213 1264 τὺ
233 1238 328 1274 ἕτερον
344 1237 436 1274 μέρος,
451 1238 496 1264 ἐπὶ
510 1238 540 1265 τὸ
561 1238 654 1275 ἕτερον
669 1239 750 1274 μέρος
766 1237 813 1265 τοῦ

58 1283 241 1316 ἁναπλασθέντος
255 1285 322 1319 παρ’
342 1283 430 1311 αὐτῶν
444 1284 637 1319 διαστήματος,
659 1285 683 1311 ει
702 1285 738 1320 μή
754 1293 813 1311 τινα

57 1329 142 1360 πάντως
161 1329 242 1365 ἀρχὴν
259 1328 401 1356 ὑπόθοιντο
415 1328 462 1356 τοῦ
484 1329 641 1366 ἀγεννὴτου,
666 1330 711 1364 ἀφ’
733 1326 768 1366 ἦς
785 1329 814 1356 τὸ

57 1374 121 1407 μέσον
132 1373 165 1406 ὡς
179 1375 243 1409 πρὸς
265 1375 316 1410 τὴν
330 1375 376 1401 τοῦ
392 1375 457 1402 Υἱοῦ
471 1375 596 1411 γέννησιν
611 1375 651 1412 τῷ
674 1375 745 1412 λόγῳ
757 1376 813 1403 δια-

56 1419 203 1454 λαμεάνουσι.
218 1419 305 1447 Ίόὖτο
320 1419 366 1447 οὖν
381 1421 453 1448 ἐστιν
466 1421 480 1447 ὃ
492 1421 605 1457 λέγομεν
616 1441 623 1454 ,
648 1422 689 1448 ὃτι
705 1423 718 1448 ὁ
735 1431 814 1457 μετα-

55 1465 184 1500 γενέστερον
194 1465 236 1492 τὸν
246 1466 323 1497 rem.
336 1465 363 1492 ἓν
373 1475 425 1493 τινι
436 1465 634 1503 διαστήματικῇ
648 1467 812 1503 παρατάσει,

56 1510 91 1544 τῆς
102 1511 140 1537 τοῦ
152 1512 251 1547 Πατρὺς
264 1512 337 1547 ζωῆς
349 1511 444 1546 λέγων,
459 1512 614 1548 ὡρισμένην
628 1513 707 1540 δώσει
719 1513 766 1540 καὶ
777 1514 816 1550 τῷ

56 1556 123 1592 Πιτρὶ
133 1557 177 1593 τὴν
189 1558 275 1594 ἀρχὴν
289 1559 337 1594 τῆς
350 1559 501 1595 ὑπάρξεως,
517 1559 556 1595 τῷ
569 1560 736 1595 ὲπινοηθέντι
747 1559 817 1587 κατὰ

55 1601 77 1627 τὸ
86 1602 153 1636 μέσον
163 1603 324 1639 διαστήματι
337 1604 632 1640 συμπεριγραφομένην
646 1614 652 1620 ·
671 1606 718 1632 καὶ
733 1606 818 1638 οὕτως

55 1647 125 1678 αὐτοῖς
134 1648 305 1684 εὑρεθήσεται
315 1649 331 1684 ἡ
342 1649 556 1686 πολυθρύλλητος
564 1650 610 1678 τοῦ
622 1651 726 1687 Harpe;
739 1652 819 1686 ἀγεν-

55 1692 116 1726 νῃσῐα
134 1693 173 1720 διὰ
188 1694 236 1728 τῆς
249 1693 378 1731 τοιαύτης
401 1696 572 1732 κατασκευῆς
598 1697 643 1724 ὑπ’
660 1696 749 1724 αὐτῶν
764 1697 819 1724 τῶν

54 1739 179 1774 προμάχων
197 1741 244 1775 τῆς
259 1741 422 1777 ὰγεννησίας
440 1742 654 1777 ἐγκλεπτομένη,
674 1742 720 1770 τὸν
738 1743 819 1777 ἀγέν-

54 1792 115 1818 νητον
125 1785 183 1812 θεὸν
196 1785 232 1822 μὴ
246 1787 290 1812 ἀεὶ
304 1784 372 1813 εἶναι
387 1786 487 1821 λέγειν,
502 1787 559 1814 ἀλλ’
570 1787 624 1814 ἀπό
638 1796 708 1820 τινος
731 1789 818 1825 ἀρχῆς

53 1828 88 1854 τοῦ
96 1827 156 1856 εἶναι
168 1830 214 1865 τὴν
230 1829 318 1867 ἀρχὴν
333 1831 478 1867 ἐσχηκέναι
492 1832 707 1864 κατασκευάζειν
717 1841 723 1848 ·
741 1835 755 1860 ὁ
765 1833 819 1869 γὰρ

53 1874 122 1909 ἀρχὴν
135 1874 176 1901 τοὺ
188 1873 254 1903 εἶναι
270 1876 340 1912 ἔχων
367 1877 483 1914 ἄναρχος
494 1877 543 1905 οὑκ
556 1878 639 1906 ἐστιν.
659 1880 688 1906 Εἰ
698 1879 726 1906 δὲ
738 1880 820 1906 παντὶ

52 1921 127 1956 τρόπῳ
135 1921 162 1948 τὸ
174 1923 289 1958 ἄναρχον
300 1923 346 1950 τοῦ
359 1924 463 1960 Πατρὺς
475 1924 663 1959 ὁμολογεῖσθαι
674 1927 818 1962 προσήκει,

56 1966 107 2000 μηδὲ
116 1967 160 2001 τῆς
173 1968 218 1995 τοῦ
233 1968 300 1995 Υἰοῠ
314 1969 385 2004 ζωῆς
394 1969 544 2006 ὡρισμένον
552 1980 577 1998 τι.
589 1970 821 2007 πολυπραγμονεὶο

55 2010 99 2036 σθω
111 2014 214 2047 σημεῖον
227 2033 234 2045 ,
255 2014 302 2048 ἀφ’
318 2011 347 2041 οὗ
358 2014 405 2041 τοῦ
417 2013 485 2042 εἶναι
500 2015 662 2052 ἀρξάμενος,
677 2019 726 2053 τῆς
739 2019 779 2050 εἰς
790 2010 820 2045 τὶ)

56 2057 162 2085 ἐπέκεινα
172 2058 218 2085 τοῦ
235 2060 349 2095 σημείου
364 2060 436 2096 ζωῆς
450 2061 632 2098 ἀποτέμνεται
645 2071 651 2077 -
673 2062 729 2089 ἀλλ’
740 2064 821 2099 ἀρκεῖ

54 2103 109 2130 κατὰ
130 2105 206 2139 μόνον
226 2106 272 2132 τὸν
296 2106 345 2141 τῆς
369 2106 458 2139 αἰτίας
483 2107 562 2142 λόγον
585 2110 754 2143 προεπινοεϊν
772 2109 820 2136 τοῦ

54 2149 104 2176 Υἱοῦ
120 2150 160 2177 τὸν
181 2151 308 2187 Πατέρα,
332 2153 379 2179 καὶ
395 2153 432 2188 μὴ
452 2155 669 2190 κεχωρισμένην,
687 2154 734 2181 καὶ
753 2155 819 2182 ἰδιά-

904 1191 956 1219 Sed
973 1198 1018 1218 res
1034 1190 1108 1218 omni
1124 1190 1303 1226 ambiguitate
1317 1195 1402 1218 caret.
1420 1191 1477 1219 Non
1497 1193 1568 1219 enim
1586 1193 1660 1221 inve-

867 1238 942 1266 nient
958 1237 1070 1265 alteram
1082 1241 1186 1272 partem
1201 1245 1353 1264 connexam
1371 1245 1433 1264 cum
1456 1239 1540 1266 altera
1555 1239 1582 1266 in
1593 1247 1661 1267 con—

868 1283 931 1310 ﬁcto
952 1283 986 1311 ab
1006 1283 1074 1318 ipsis
1093 1283 1248 1317 intervallo,
1266 1283 1318 1310 nisi
1337 1283 1481 1312 admittant
1498 1289 1525 1312 et
1540 1289 1661 1314 statuant

867 1328 978 1364 aliquod
1002 1328 1110 1356 initium
1137 1328 1208 1364 ejus,
1234 1329 1282 1364 qui
1309 1329 1422 1356 omnino
1455 1334 1498 1358 est
1523 1331 1661 1366 ingenitus

867 1373 1011 1408 omnisque
1033 1377 1110 1401 ortus
1130 1380 1237 1408 expers,
1264 1381 1296 1401 ex
1321 1381 1374 1409 quo
1398 1375 1517 1402 medium
1545 1377 1576 1403 az!
1599 1375 1661 1404 Filii

868 1426 955 1454 usque
976 1419 1180 1454 generationem
1199 1419 1364 1454 cogitatione
1384 1421 1537 1455 producant
1558 1426 1586 1449 ct
1603 1430 1652 1456 pro

867 1465 987 1493 trahant.
1005 1465 1063 1492 lioc
1085 1465 1169 1500 igitur
1185 1469 1226 1493 est
1245 1465 1317 1500 quod
1337 1465 1518 1500 afﬁrmamus,
1533 1475 1595 1495 eum
1615 1466 1659 1502 qui

869 1510 969 1539 Filium
998 1512 1177 1547 posteriorem
1208 1513 1318 1545 asserit,
1347 1513 1497 1540 secundum
1527 1513 1661 1541 intervalli

870 1557 1016 1592 quamdam
1034 1557 1235 1589 cxtensionem,
1255 1556 1344 1586 Patris
1359 1548 1425 1585 ‘vita
1442 1562 1470 1585 et
1489 1558 1660 1590 ersistentia,

870 1603 998 1631 similiter
1010 1610 1120 1638 quoquc
1134 1604 1217 1631 certis
1240 1603 1338 1638 spatiis
1355 1607 1383 1631 et
1402 1604 1502 1631 ﬁnibus
1525 1605 1663 1632 exsistun-

871 1649 936 1676 tiam
953 1648 1040 1676 Patris
1055 1653 1195 1677 coarctare
1205 1668 1213 1681 ,
1226 1653 1321 1685 utpote
1344 1649 1586 1686 circumscriptam
1615 1659 1663 1686 per

870 1695 987 1723 medium
1000 1699 1113 1724 extenso
1127 1696 1283 1723 intervallo:
1296 1701 1321 1724 et
1336 1697 1376 1724 sic
1393 1696 1518 1725 videmus
1528 1697 1661 1725 celebrent

871 1742 945 1769 illam
974 1742 1133 1777 passimque
1151 1741 1282 1778 jactatam
1304 1741 1393 1771 Patris
1410 1743 1662 1775 iunascihilitatem,

870 1795 918 1822 per
938 1787 1010 1815 hanc
1029 1788 1156 1815 technam
1172 1792 1199 1815 et
1222 1787 1453 1816 machinationem
1477 1789 1510 1816 ab
1533 1789 1600 1824 ipsis
1619 1789 1663 1816 iu-

870 1834 1063 1861 nascibilitatis
1075 1835 1323 1870 propugnatoribus
1339 1835 1435 1868 everti,
1449 1834 1514 1862 dum
1535 1841 1663 1862 asserunt

870 1878 956 1907 Deum
978 1887 1032 1907 non
1056 1887 1118 1908 esse
1137 1880 1302 1915 ingenitum,
1333 1880 1380 1908 sed
1401 1887 1416 1907 a
1437 1884 1514 1907 certo
1544 1881 1662 1915 quodam

872 1926 948 1953 initio
962 1925 1126 1961 principium
1146 1925 1272 1959 duxisse;
1296 1933 1357 1953 nam
1379 1926 1451 1961 quod
1474 1925 1581 1953 initimn
1607 1934 1664 1954 sua:

870 1972 1038 2001 easistentia:
1063 1973 1155 2005 habet,
1182 1981 1237 2000 non
1263 1976 1340 2000 caret
1361 1972 1506 2007 principio.
1532 1972 1611 2006 Quod
1639 1973 1662 2000 si

870 2018 1029 2047 omnimodo
1058 2018 1242 2047 conﬁtendum
1261 2023 1303 2046 est
1323 2017 1432 2045 Patrem
1456 2019 1593 2054 principio
1618 2026 1664 2046 ca-

872 2073 943 2099 rere,
962 2068 1069 2100 oportet
1092 2068 1122 2092 ut
1138 2072 1227 2100 neque
1242 2063 1303 2091 Filii
1323 2064 1386 2092 vitae
1405 2064 1547 2092 deﬁnitum
1562 2069 1589 2093 et
1602 2073 1664 2092 cer-

872 2116 928 2139 tum
952 2111 1100 2138 terminum
1121 2114 1240 2143 statuas,
1259 2117 1274 2137 a
1290 2117 1345 2145 quo
1364 2110 1474 2139 vivendi
1496 2110 1662 2147 principium

871 2158 989 2192 duxerit,
1003 2157 1111 2192 vitaque
1135 2164 1178 2188 eo,
1190 2155 1262 2191 quod
1274 2164 1356 2191 supra
1370 2156 1442 2185 hunc
1453 2156 1598 2184 terminum
1611 2161 1664 2190 est,

53 2193 134 2226 ζουσάν
149 2206 211 2224 ποτε
226 2197 274 2224 τοῦ
291 2197 397 2234 Πατρὸς
411 2198 461 2234 τὴν
474 2199 556 2235 ζωὴν,
571 2199 624 2234 πρὸ
636 2200 685 2236 τῆς
694 2200 740 2227 τοῦ
754 2201 818 2227 Υἱοῦ

874 2202 962 2237 spatio
996 2201 1104 2237 penitus
1133 2201 1274 2235 caruerit;
1302 2201 1350 2229 sed
1380 2201 1482 2229 sufﬁxit
1513 2200 1663 2229 secundum

52 2244 182 2278 γεννήσεως
200 2253 207 2260 -
233 2245 279 2271 ἵνα
294 2244 331 2279 μὴ
347 2245 502 2282 συνεισέλθῃ
524 2247 557 2281 τῇ
581 2246 711 2282 ὑπολήψει
734 2246 820 2283 ταύτῃ

52 2287 241 2325 διαστηματικόν
258 2299 285 2317 τι
309 2291 397 2326 νόημα
419 2291 471 2326 πρὸ
490 2292 540 2328 τῆς
561 2292 608 2318 τοῦ
627 2292 692 2319 Υἱοῠ
716 2293 822 2319 ἀναδεί-

53 2334 114 2367 Ξεως,
135 2338 166 2372 τῇ
188 2336 245 2373 ζωῇ
262 2336 309 2364 τοῦ
330 2339 524 2372 γεγεννηκότος
540 2338 799 2374 παραμετρούμενον
813 2347 819 2352 ·

52 2378 138 2414 ᾧκατ¹
159 2384 281 2419 ἀνάγκην
301 2384 477 2420 ἀκολουθήσει
509 2385 539 2411 τὸ
562 2385 610 2411 καὶ
634 2385 682 2411 τοῦ
716 2385 822 2420 Πατρὸς

51 2427 122 2463 ἀρχὴν
131 2437 186 2455 τινα
197 2431 247 2464 τῆς
261 2428 334 2464 ζωῆς
348 2429 522 2465 ὑπερθέσθαι,
536 2430 595 2457 καθ’
611 2430 644 2465 ἣν
658 2430 688 2457 τὸ
703 2430 822 2457 ἀναπλα-

53 2471 102 2498 σθὲν
111 2473 159 2508 πρὸ
172 2474 255 2501 αὑτοῦ
266 2475 402 2511 διάστημα
418 2475 511 2510 προϊὸν
522 2476 568 2502 ἐπὶ
578 2476 608 2502 τὸ
624 2475 679 2502 ἅνω
694 2476 822 2511 στήσεται

52 2521 261 2556 σιμπεριγράφον
279 2521 352 2556 αὑτῷ
371 2522 419 2557 τῆς
436 2521 681 2558 προεπινοηοεῐσης
699 2522 745 2549 τοῦ
765 2523 821 2549 Πα-

53 2564 103 2598 τρὸς
117 2565 184 2601 ζωῆς
199 2566 249 2601 τὴν
265 2567 361 2603 ἀρχήν.
382 2567 462 2594 Ἀλλὰ
476 2568 507 2594 τὸ
519 2567 548 2600 ἐξ
565 2568 647 2595 αὑτοῦ
664 2569 821 2604 ὁμολογοῦν-

51 2618 99 2641 11;,
109 2612 157 2638 κᾶν
167 2612 304 2648 τολμηρόν
320 2622 346 2640 τι
363 2614 508 2649 φαίνηται,
525 2614 573 2641 καὶ
591 2614 621 2641 τὸ
638 2615 685 2641 σὺν
699 2615 772 2650 αὐτῷ
786 2616 822 2650 μὴ

52 2657 184 2691 ἀρνεῖσθαι,
206 2659 260 2686 ὑπὸ
282 2659 330 2695 τῆς
345 2661 375 2686 ὲν
388 2662 447 2692 ταῖς
462 2660 612 2696 ὑποθήκαις
633 2662 744 2698 Γραφῆς
756 2663 823 2698 προς

52 2702 90 2737 τήν
103 2703 199 2731 ἔννοιαν
220 2704 324 2740 ταύτην
341 2705 546 2741 ὁδηγουμένους.
565 2709 758 2744 Ἀπίιύγασμίι
771 2708 823 2744 γὰρ

52 2749 136 2776 ἀϊδίου
147 2751 244 2785 φωτὸς
256 2752 384 2787 ττοιρᾶιτῆ¹
397 2752 495 2786 Euolat;
515 2752 689 2783 ἀκούσαντες.
715 2762 823 2780 συνεπι-

53 2794 192 2831 θεωρυῦμεν
214 2798 248 2831 τῇ
276 2797 405 2833 ἁῗδιότητι
438 2798 485 2824 τοῦ
521 2796 700 2831 πρωτοτόκου
736 2795 822 2829 φωτὸς

54 2841 77 2865 τι
86 2841 261 2877 ἀπαύγασμα,
280 2841 326 2868 καὶ
343 2841 373 2866 τὸ
392 2841 476 2866 αἴτιον
492 2840 537 2865 τοῦ
552 2840 766 2876 ἀπαλγὰπματος
780 2844 822 2871 ὲν-

200 2889 338 2919 Ρηιιυι..
361 2887 420 2917 (iu.
438 2887 531 2918 XLV.

873 2248 959 2275 solum
989 2245 1117 2282 principii
1146 2247 1282 2274 rationem
1315 2245 1526 2281 prmintelligere
1555 2245 1663 2273 Patrem

872 2292 950 2323 Filio,
970 2300 1058 2327 neque
1072 2291 1162 2319 Patris
1176 2292 1230 2318 vita
1246 2291 1404 2326 separatim,
1418 2295 1447 2318 ct
1458 2291 1537 2326 quasi
1555 2292 1664 2326 propria

874 2338 958 2370 illius,
980 2343 1043 2365 ante
1066 2336 1126 2364 Filii
1151 2337 1355 2372 generationem
1380 2337 1529 2371 spectanda
1552 2341 1606 2368 est,
1631 2344 1666 2362 ne

874 2384 965 2411 animo
992 2384 1090 2411 subeat
1120 2383 1255 2410 intervalli
1271 2382 1390 2417 alicujus
1417 2383 1568 2418 cogitatio.
1590 2382 1664 2417 quod

874 2435 936 2458 ante
952 2429 1011 2456 Filii
1031 2429 1232 2465 generationem
1255 2437 1317 2456 cum
1339 2428 1398 2464 ipso
1414 2428 1497 2456 Patre
1515 2434 1664 2464 generante

874 2475 955 2502 simul
987 2473 1140 2507 exstiterit;
1161 2481 1193 2500 ex
1216 2480 1271 2508 quo
1295 2473 1454 2500 necessario
1475 2473 1663 2504 concluditur.

873 2521 955 2549 etiam
976 2521 1037 2547 vitae
1062 2525 1089 2547 et
1109 2519 1278 2547 exsislentia:
1300 2519 1390 2546 Patris
1417 2518 1582 2554 principiqu
1603 2526 1665 2546 esse

875 2566 1084 2598 admittendum,
1102 2574 1116 2593 a
1132 2574 1187 2601 quo
1203 2566 1350 2593 conﬁctum
1368 2565 1402 2592 ab
1419 2565 1472 2592 isto
1490 2565 1664 2592 intervallum

875 2614 1026 2650 procedens
1040 2613 1140 2640 ibidem
1153 2621 1186 2640 ex
1202 2620 1302 2648 supera
1321 2616 1398 2648 parte
1412 2612 1538 2644 ﬁnietur;
1555 2619 1666 2638 secum-

874 2668 927 2696 que
949 2660 1051 2695 pariter
1078 2659 1188 2686 deﬁuiet
1215 2662 1242 2686 et
1270 2657 1478 2685 circumscribet
1498 2656 1664 2692 principium

875 2705 1072 2740 praeiutellectae
1094 2709 1121 2732 et
1133 2703 1348 2739 praecarsisteutis
1357 2704 1418 2729 vita:
1431 2701 1532 2729 Patris.
1546 2701 1665 2729 Verum-

874 2752 1014 2778 enimvero
1037 2759 1109 2781 eum,
1133 2758 1212 2784 quem
1236 2757 1269 2777 ex
1295 2748 1376 2775 Patre
1406 2748 1554 2782 procedere
1579 2747 1665 2775 conii-

875 2802 973 2827 temur.
999 2797 1106 2825 etiamsi
1125 2796 1232 2823 facinus
1249 2795 1338 2822 audax
1360 2794 1563 2826 videatur,non
1584 2801 1665 2830 nege-

876 2852 937 2872 mus
952 2844 1033 2872 simul
1048 2850 1110 2871 cum
1132 2842 1192 2877 ipso
1209 2848 1282 2874 esse,
1304 2841 1331 2868 in
1353 2841 1422 2868 hanc
1443 2840 1607 2868 sententiam
1631 2839 1666 2866 ab

1466 2885 1504 2915 12
