1954 3079
298 109 349 137 5ῡὸ

913 105 943 132 S.
965 105 1128 135 GREGORII
1149 104 1293 133 NXSSENI

1861 103 1909 132 ὅθι

293 166 360 200 ipsis
377 171 461 193 sacrae
476 162 623 197 Scriptura:
640 162 757 189 oraculis
769 161 855 190 ducti.
872 162 939 190 Cum
958 171 1030 191 emm
1044 165 1077 192 ab

1131 163 1261 194 νοοῦντες,
1275 163 1321 189 καὶ
1334 161 1363 187 τὸ
1382 160 1564 196 πρεσϐύτεροι
1578 160 1608 187 οὗ
1622 160 1777 196 δεχόμενοι·
1802 161 1848 187 καὶ
1867 161 1908 188 nli-

293 211 350 246 ipsa
387 208 525 244 Sapientia
555 207 703 240 audimus,
731 215 793 235 eum
824 215 885 235 esse
913 209 1077 243 splendorem

292 256 382 283 retenti
399 254 503 281 luminis
514 253 552 285 ".
574 253 667 281 statitn
690 258 779 280 mente
791 253 960 288 concipimus
987 254 1076 288 ipsnnt

291 301 603 336 splendorem.tanquam
621 306 697 333 aeque
712 303 842 326 aeternum
855 306 887 325 ac
902 299 992 326 lumen
1009 299 1074 327 illud

291 347 429 381 princeps,
441 353 474 372 ex
487 352 542 380 quo
557 344 802 380 splendoremicuit
813 353 822 377 ς
835 344 954 378 dumque
964 351 1074 372 causam

1126 218 1179 240 τως
1193 210 1258 243 ἡμῖν
1270 209 1283 234 ὁ
1301 207 1349 242 τῆς
1367 206 1505 238 εὐσεϐείας
1524 206 1719 242 διασωῦήσεται
1734 205 1812 240 λόγος
1823 215 1830 220 ·
1855 206 1908 234 οὔτε

1126 254 1164 290 τῷ
1180 254 1235 289 Υὶῷ
1251 253 1301 288 τῆς
1323 253 1393 288 ζωῆς
1416 252 1461 278 ὲπί
1486 252 1515 278 τὸ
1531 251 1587 278 ἄνω
1602 251 1766 287 λειπούσης,
1789 251 1850 277 οὔτε
1867 254 1910 287 τῆς

1127 299 1275 334 ἀϊδιότητος
1289 298 1336 324 τοῦ
1350 297 1454 333 Πατρὺς
1467 298 1495 324 ὲν
1507 297 1546 332 τῷ
1559 297 1668 333 ὁριστὴν
1681 297 1857 324 ὑποτίθεσθαι
1870 299 1909 324 τοῦ

1130 345 1195 371 Υἱοῦ
1209 345 1258 379 τὴν
1271 344 1357 379 ἀρχὴν
1370 342 1576 378 κολοϐουμένης.

289 398 316 419 et
330 391 491 427 principium
504 389 656 425 splendoris
677 389 861 424 intelligimus,
888 390 968 417 simul
983 391 1065 417 etiam
1084 390 1216 417 rationem
1257 389 1418 424 antiquioris
1441 396 1488 415 seu
1507 388 1606 423 prioris
1632 388 1830 423 repudiamus:
1863 397 1910 424 quo

292 439 331 470 ιιι,
349 443 377 464 ιιι
393 437 465 473 quod
497 438 539 472 pie
551 436 629 464 nobis
641 436 770 463 traditum
787 440 839 467 est,
857 436 1017 463 inviolatum
1036 436 1217 468 custodiatur,
1237 435 1301 463 dum
1315 443 1403 470 neqtte
1419 435 1473 462 vita
1504 434 1566 461 Filii
1595 435 1677 469 priori
1709 435 1801 469 aliquo
1835 435 1911 462 inter-

292 485 362 511 vallo
387 484 486 516 deﬁcit,
504 490 591 517 neque
615 483 695 509 etiam
722 482 861 510 aeternitas
889 481 976 509 Patris
993 483 1145 515 Ittutilatur,
1160 482 1222 510 Filii
1236 483 1291 510 vita
1322 488 1348 510 et
1365 481 1525 510 exsisteutia
1561 485 1643 508 certae
1674 481 1794 516 alicujus
1834 482 1906 509 dura-

289 531 370 559 tionis
387 530 520 557 limitibus
538 529 653 556 inclusa.

327 578 381 605 Sed
410 576 480 604 forte
503 576 603 604 dixerit
634 576 772 612 quispiam
805 584 838 604 ex
856 575 1076 603 adversariorum

291 631 415 655 numero,
427 623 513 658 ipsam
530 630 639 657 quoque
651 628 804 650 creaturam
831 623 952 651 omnium
969 622 1078 650 confes—

291 671 369 698 sione
383 673 487 697 certum
506 670 674 705 principium
692 669 803 700 habere,
820 677 908 704 neque
922 673 1013 696 tamen
1033 676 1078 696 res

290 720 397 744 creatas
411 719 438 743 ut
453 719 602 742 coaeternas
627 714 722 750 Opiﬁci
733 722 782 742 suo
797 714 902 749 concipi
916 722 1008 749 posse,
1030 722 1078 742 ne-

1169 575 1238 602 Ἃλλ¹
1256 575 1320 606 ἴσως
1343 574 1400 609 ὲρεῖ
1423 582 1463 605 τις
1483 573 1537 599 τῶν
1556 572 1740 615 ἐνισταμένων
1762 572 1803 608 τῷ
1827 573 1910 608 λύγῳ,

1128 622 1169 648 ὅτι
1184 621 1258 656 καὶὴ
1274 620 1361 651 κτίσις
1376 618 1595 654 ὁμολογουμένην
1609 618 1695 654 ἀρχὴν
1711 619 1780 654 ἔχει,
1795 619 1843 645 καὶ
1857 619 1910 646 οὗτε

1129 669 1323 694 συνεπινοεῖται
1342 667 1374 702 τῇ
1394 666 1524 700 ἁῖδιότητι
1539 664 1586 691 τοῦ
1605 665 1777 700 Δημιουργοῧ
1794 665 1829 691 τὰ
1842 666 1910 699 γενδ-

1128 722 1208 749 μενα,
1218 713 1279 740 οὔτε
1295 713 1384 748 ἵστησι
1398 711 1441 738 διὰ
1453 711 1502 746 τῆς
1519 710 1587 742 ἰδίας
1599 711 1684 747 ἀρχῆς
1695 711 1724 737 τὸ
1735 711 1859 746 ἀόριστον
1870 711 1913 745 τῆς

291 770 345 797 qtte
358 761 439 789 etiam
455 769 502 789 eas
520 768 570 788 suo
583 761 662 788 initio
678 761 839 787 inﬁnitatem
859 761 961 792 divime.
974 764 1076 787 naturae

1131 759 1203 790 ὓείας
1227 758 1309 794 ζωῆς,
1328 758 1422 794 ὥσπερ
1444 758 1490 785 ἐπὶ
1511 757 1558 784 τοῦ
1581 756 1658 788 Tini,
1674 757 1721 783 καὶ
1737 756 1785 783 τοῦ
1814 756 1912 791 Πατρὶς

293 807 451 840 terminare,
471 806 545 842 quod
562 814 611 834 nos
626 813 686 833 cum
703 805 736 833 de
745 805 831 833 'Patre
844 809 870 833 et
888 805 956 833 Filio
982 805 1078 841 dispu—

290 853 426 886 tabantus,
436 857 566 888 tanquam
577 851 736 884 absurdum,
751 852 883 887 consequi
906 851 1076 881 dicebamus.

290 899 384 933 Itaque
406 898 564 926 necessario
588 897 807 926 concludendum
823 905 884 926 esse
901 898 937 925 ob
952 898 1016 931 hoc,
1036 898 1079 925 vel

290 946 447 969 creaturam
478 949 540 970 esse
566 946 731 969 comternam
763 940 829 975 Deo,
863 941 903 969 vel
923 948 996 969 certe
1020 942 1080 970 sine

290 988 422 1022 scrupulo
447 987 562 1015 concedi
590 995 681 1022 posse.
712 986 812 1014 Filium
841 995 902 1015 esse
925 987 1004 1015 Patre
1029 995 1079 1015 suo

1128 804 1321 839 ἐξεταζόμενος
1331 804 1344 830 ὁ
1359 804 1437 839 λόγος
1451 804 1499 840 τὴν
1512 803 1625 831 ἀτοπίαν
1636 802 1785 835 ὑπέδειξεν.
1796 801 1839 832 Ὡς
1854 802 1912 828 ἀκο-

1127 851 1221 878 λουθον
1235 848 1304 877 εἶναι
1316 849 1360 877 διὰ
1372 850 1465 877 τούτου
1476 850 1492 885 ἢ
1507 850 1554 886 τὴν
1561 849 1648 876 κτίσιν
1662 848 1796 875 ουναῖδιον
1806 848 1842 883 τῷ
1852 848 1913 882 Θεῷ,

1127 897 1201 933 ἧκαὶ
1216 896 1262 923 τὸν
1277 897 1339 923 Υἰὸν
1355 896 1584 932 μεταγενέστερον
1594 895 1702 930 ἀφόϐως
1718 895 1809 928 λέγειν
1819 903 1825 909 ·
1840 895 1854 920 ὁ
1867 895 1913 930 γὰρ

1127 943 1175 971 τοῦ
1187 943 1368 979 διαστήματος
1377 943 1454 978 λόγος
1461 943 1561 979 ὁμοίως
1574 942 1707 975 ὑποδείξει
1722 942 1748 969 ιδ
1755 942 1865 973 ἄτοπον,
1875 943 1914 968 καὶ

1130 989 1184 1016 ἀπὸ
1196 990 1243 1026 τῆς
1258 989 1371 1021 κτίσεως
1381 990 1427 1016 ἐπι
1441 989 1487 1016 τὸν
1500 989 1668 1024 πεποιηκότα
1679 988 1905 1023 διαμετρούμενος

289 1033 490 1068 posteriorem;
528 1041 591 1060 nam
629 1033 699 1061 ratio
729 1033 864 1061 intervalli
893 1035 1035 1070 aequaliter
1064 1037 1262 1065 absurtlitatem
1293 1045 1386 1065 secum
1425 1037 1513 1069 aﬂ'ert,
1541 1036 1652 1072 quando
1692 1045 1706 1063 a
1734 1041 1861 1064 creatura
1886 1036 1914 1061 att

291 1077 448 1103 Creatorem
463 1076 552 1111 ipsum
568 1078 688 1106 ducitur.

325 1123 360 1150 At
375 1124 420 1159 qui
442 1124 495 1152 hoc
512 1125 617 1159 objicit,
642 1125 665 1152 is
689 1124 758 1153 forte
776 1134 829 1153 non
855 1128 923 1156 satis
950 1133 1078 1157 accurate

289 1175 315 1197 et
329 1170 475 1205 diligenter
488 1170 615 1206 dogmate
645 1171 708 1204 ipso
726 1171 903 1208 introspeeto,
925 1181 959 1201 ex
978 1174 1074 1201 alienis

288 1219 316 1243 et
335 1217 447 1243 omnino
466 1216 534 1243 nihil
562 1217 596 1244 ad
614 1218 784 1252 propositum
811 1222 935 1246 nostrum
953 1220 1078 1247 facienti-

289 1263 354 1293 bus,
369 1266 464 1289 contra
483 1270 514 1289 ea
526 1270 586 1298 quae
611 1263 804 1297 disseruinms,
832 1270 992 1300 argumenta
1012 1274 1076 1301 pro-

288 1308 349 1335 mit.
366 1307 434 1335 Nam
453 1309 474 1336 si
497 1309 687 1337 demonstrare
714 1315 817 1344 posset.
846 1311 949 1346 aliquid
967 1319 1076 1345 eorum,

288 1361 349 1388 qua:
374 1360 458 1388 supra
477 1360 633 1381 creaturam
659 1359 733 1389 sunt,
754 1355 941 1384 subsislentiae
970 1365 1026 1384 sua:
1049 1357 1076 1384 in

290 1403 392 1433 puncto
413 1400 531 1434 alicujus
548 1401 682 1428 intervalli
700 1401 833 1436 originem
852 1402 962 1434 ducere,
984 1404 1078 1438 sicque

289 1450 418 1479 praetcrea
443 1454 493 1481 pro
520 1451 606 1478 certo,
637 1447 775 1474 communi
798 1448 921 1475 omnium
944 1449 1078 1483 approba-

289 1493 363 1519 tione
379 1496 530 1524 constaret,
540 1491 597 1519 ﬁeri
614 1500 705 1527 posse,
718 1493 846 1520 utetiam
863 1499 926 1521 ante
942 1500 1077 1522 creatura:

288 1537 457 1565 ell'eetionem
473 1538 608 1565 intervalli
624 1538 743 1573 alicujus
764 1539 833 1566 ratio
858 1539 1050 1574 conciperetur
1065 1549 1072 1568 ;

288 1587 347 1610 tum
367 1582 492 1610 fortassis
506 1590 561 1610 non
577 1583 689 1610 omnino
706 1589 803 1619 praeter
820 1593 875 1611 rem
894 1585 963 1613 foret
982 1585 1075 1620 hujus-

290 1628 363 1656 modi
379 1629 546 1664 argumentis
563 1628 776 1657 demonstratam
792 1630 825 1658 de
855 1630 922 1658 Filio
939 1633 1076 1659 :eternita-

290 1680 345 1702 tem
366 1674 477 1701 eludere
494 1680 521 1702 et
534 1682 692 1710 oppugnare
717 1675 788 1703 velle
821 1676 853 1703 At
871 1684 933 1704 cum
955 1677 1076 1704 omnium

289 1724 364 1748 recte
378 1721 553 1748 sentientium
567 1720 704 1756 sulfragiis
717 1726 743 1749 et
758 1723 941 1750 consensione
956 1723 1073 1758 liqueat,

289 1766 394 1793 entium
410 1765 482 1793 aliud
499 1765 608 1801 quidem
632 1775 696 1795 esse
718 1773 851 1800 creatum,
879 1769 952 1796 aliud
971 1769 1078 1797 increa-

289 1814 347 1837 tum
362 1818 494 1844 :eumque
508 1811 630 1838 veritatis
643 1815 670 1839 et
688 1811 796 1847 pietatis
816 1812 964 1848 disciplina
977 1813 1077 1841 docea-

289 1863 361 1888 mur,
395 1855 515 1883 divinam
545 1861 670 1884 naturam
702 1857 850 1886 increatam
865 1867 938 1892 esse,
967 1860 994 1887 in
1024 1867 1077 1895 qua

289 1901 361 1929 aliud
375 1902 484 1937 quidem
503 1903 540 1931 sit
553 1903 732 1938 principium,
744 1903 818 1932 aliud
833 1912 866 1930 ex
881 1904 1017 1940 principio
1039 1906 1078 1933 in-

290 1947 478 1981 separabiliter
492 1948 673 1976 substantiam
684 1957 761 1976 suam
776 1950 937 1985 accipiat,et
951 1955 1076 1979 creatura

289 1993 318 2020 in
347 1993 492 2021 intervallo
521 1995 640 2030 quodam
669 1999 863 2031 repraesentata
892 1997 1077 2025 contineatur:

288 2040 378 2068 omnis
390 2041 502 2068 omnino
514 2042 673 2077 temporalis
685 2042 753 2070 ordo
766 2047 789 2070 et
800 2043 887 2070 series
899 2051 990 2070 rerum
1002 2051 1077 2071 crea-

289 2090 379 2112 tarum
396 2093 410 2113 a
424 2090 548 2122 tempore
565 2087 824 2123 comprehenditur;
850 2089 895 2116 illa
920 2097 984 2117 vero
1002 2093 1078 2116 ante-

290 2132 441 2163 saerularis.
459 2141 506 2161 seu
520 2137 583 2161 ante
598 2136 705 2168 tempus
719 2134 856 2162 exsistens
871 2139 980 2168 natura,
998 2141 1071 2163 caret

290 2178 363 2206 omni
376 2185 407 2206 ea
426 2178 594 2210 diversitate,
605 2186 657 2214 qua
669 2179 721 2206 alia
733 2181 900 2215 antiquiora,
915 2181 967 2208 alia
985 2188 1079 2208 recen-

289 2224 359 2251 tiora
377 2232 437 2252 esse
454 2224 554 2256 solent,
582 2233 615 2252 eo
630 2225 702 2260 quod
721 2225 747 2252 in
762 2225 854 2253 divina
873 2227 919 2253 illa
942 2231 967 2254 et
1002 2227 1082 2254 beata

289 2270 343 2296 vita
361 2269 473 2297 minime
486 2269 631 2304 qumrenda
640 2274 667 2297 et
678 2271 878 2299 consideranda
897 2272 962 2304 sint,
972 2279 1085 2306 quaera-

291 2315 327 2341 tio
341 2317 434 2342 nostra
458 2314 625 2342 intereatura
645 2316 743 2343 incsse‘
754 2317 900 2351 conspicit.
913 2317 980 2344 Nam
993 2319 1085 2346 omnis

288 2360 497 2392 creatura,sicut
505 2360 605 2388 dictum
613 2362 817 2394 est,secnndum
825 2362 947 2390 ordinem
953 2367 980 2390 et
988 2364 1085 2391 seriem

289 2405 434 2440 qttamhm
453 2406 584 2441 producta
596 2413 771 2435 mensuratur
790 2408 933 2436 duratinne
942 2410 1082 2444 temporis,

289 2453 317 2477 et
329 2457 350 2477 st
358 2457 419 2485 qua
433 2451 539 2479 ratione
549 2453 731 2488 ascendatper
747 2461 836 2481 rerum
846 2456 1083 2483 creatarumordi-

291 2502 353 2522 nem
367 2496 399 2522 ad
414 2497 572 2524 earumdem
597 2498 772 2534 principium,
783 2500 984 2536 indagationem
1004 2510 1082 2531 suam

291 2541 421 2576 temporis
428 2545 523 2569 exortu
536 2547 562 2570 et
577 2543 733 2572 conditione
741 2545 958 2574 circnntscribet.
977 2547 1009 2574 At
1019 2555 1083 2575 vero

292 2586 456 2619 substantia,
469 2595 530 2624 quae
537 2596 617 2624 supra
625 2594 778 2618 creaturam
786 2597 878 2620 evecta
886 2597 938 2625 est,
948 2596 1078 2628 tanquam

293 2630 327 2659 ab
344 2633 418 2659 ornni
444 2633 649 2670 intercapedine
679 2638 822 2672 temporali
848 2638 944 2669 libera,
968 2646 1077 2666 omnem

293 2678 424 2713 temporis
438 2680 536 2708 seriem
552 2683 742 2717 transcendit;
762 2691 777 2710 a
793 2684 869 2711 nullo
886 2684 1078 2719 hujuscemodi

294 2723 438 2759 principio,
450 2725 504 2753 ullo
520 2728 599 2755 modo
616 2729 898 2758 scettndnmordinetn
913 2730 1076 2765 procedens,

328 2810 352 2826 ²’
375 2811 457 2841 Hebr.
475 2822 493 2848 t,

1163 1126 1192 1153 '0
1221 1126 1249 1152 δὲ
1279 1125 1308 1152 τὸ
1332 1125 1451 1153 τοιοῦτον
1479 1126 1693 1162 ἀνθυποφέρων,
1718 1127 1769 1153 οὔκ
1798 1125 1913 1160 ἁκριῇὡς

1126 1172 1199 1207 τάχα
1219 1174 1252 1208 τῇ
1267 1172 1370 1207 διανοίᾳ
1387 1171 1433 1198 τοῦ
1458 1172 1591 1207 δόγματος
1606 1172 1727 1206 ἐφιστὰς,
1744 1171 1789 1198 διὰ
1804 1172 1859 1198 τῶν
1873 1171 1913 1198 ἁλ-

1127 1216 1240 1250 λοτρίων
1271 1216 1318 1243 καὶ
1352 1216 1525 1243 παντάπασιν
1549 1217 1740 1252 ἀκοινωνήτων
1773 1216 1821 1243 τοῦ
1853 1225 1913 1252 προ-

1131 1263 1256 1298 κειμένου
1286 1262 1334 1297 τὴν
1360 1262 1427 1297 πρίις
1451 1261 1484 1288 τὰ
1510 1263 1642 1298 εἰρημένα
1673 1264 1787 1289 ποιεῖται
1821 1263 1912 1298 pinv.

1131 1309 1162 1334 Εἰ
1181 1309 1229 1343 μὲν
1244 1308 1298 1343 γάρ
1313 1316 1339 1333 τι
1356 1308 1409 1335 τῶν
1423 1307 1493 1342 ὑπὲρ
1512 1308 1560 1343 τὴν
1579 1309 1666 1334 κτίσιν
1687 1308 1823 1335 δεικνύειν
1840 1306 1914 1343 εἶχεν,

1130 1353 1159 1380 ἐν
1182 1361 1234 1380 τινι
1256 1353 1461 1389 διαστηματικῴ
1478 1354 1582 1389 σημείῳ
1603 1354 1652 1389 τὴν
1677 1355 1766 1390 ἀρχὴν
1787 1354 1849 1389 ἔχον
1872 1355 1915 1389 τῆς

1130 1399 1324 1431 ὑποστάσεως,
1349 1400 1396 1426 καὶ
1419 1398 1498 1427 τοῦτο
1521 1400 1595 1434 παρὰ
1621 1399 1728 1426 πάντων
1755 1400 1916 1435 ὡμολογεῖτο

1130 1445 1241 1472 δυνατὸν
1255 1443 1333 1478 εἶναι,
1353 1445 1399 1471 καὶ
1418 1445 1466 1480 τὴν
1479 1445 1524 1471 τοῦ
1540 1446 1632 1472 διασττί
1639 1455 1721 1480 ματος
1741 1445 1848 1472 ἔννοιαν
1875 1447 1915 1472 καί

1132 1492 1184 1527 πρὸ
1207 1491 1257 1526 τῆς
1272 1492 1386 1523 κτίσεως
1407 1491 1518 1523 ἐννοεῖν,
1538 1490 1610 1527 εἶχεν
1633 1492 1665 1519 ἂν
1683 1493 1747 1524 ἴσως
1763 1492 1862 1527 καιρὸν
1874 1493 1916 1527 τὴν

1130 1539 1177 1566 ἐπὶ
1189 1538 1235 1564 τοῦ
1250 1537 1418 1572 Μονογενοῦς
1431 1538 1634 1574 ἀποδειχθεῖσαν
1646 1539 1690 1565 διὰ
1700 1539 1753 1566 τῶν
1769 1539 1916 1574 εἰρημένων

1131 1584 1269 1619 ἀῖδιὸτητα
1284 1584 1339 1615 τοῖς
1351 1582 1480 1616 τοιοῦτοις
1493 1585 1702 1621 ἐπιχειρήμασιν
1718 1584 1848 1611 ἀναλύειν
1863 1592 1915 1610 πει-

1132 1630 1240 1667 ρᾶσθαι.
1265 1630 1340 1656 Ἐπεὶ
1357 1632 1385 1658 δὲ
1401 1630 1503 1662 πάσαις
1518 1632 1577 1663 ταῖς
1594 1631 1648 1658 τῶν
1665 1630 1852 1657 εὐσεϐούντων

1132 1685 1192 1710 φοις
1208 1677 1386 1712 ὁμολογεῖται,
1399 1677 1441 1704 ὅτι
1457 1677 1563 1703 πάντων
1579 1676 1631 1703 τῶν
1645 1676 1728 1702 δντων
1741 1675 1773 1702 τὸ
1801 1675 1853 1710 μὲν
1879 1675 1916 1700 διὰ

1132 1722 1180 1757 τῆς
1193 1722 1306 1754 κτίσεώς
1323 1724 1397 1755 ἐστι,
1414 1723 1443 1749 τὸ
1455 1723 1483 1749 δὲ
1501 1722 1553 1757 πρὸ
1567 1721 1616 1757 τῆς
1633 1721 1763 1752 κτίσεως,
1784 1720 1834 1746 καὶ
1851 1719 1915 1753 ὅτιὴ

1133 1767 1181 1803 μὲν
1197 1767 1256 1795 θεία
1272 1768 1351 1802 φύσις
1368 1768 1492 1800 ᾶκτιστος
1506 1765 1576 1794 εἶναι
1593 1766 1773 1793 πεπίστευται
1786 1786 1794 1796 ,
1818 1766 1848 1792 ὲν
1892 1766 1917 1791 τὺ

1133 1813 1182 1849 μὲν
1196 1813 1289 1846 αἴτιον,
1301 1813 1331 1840 τὸ
1344 1814 1371 1841 δὲ
1388 1813 1417 1847 ἐξ
1431 1814 1518 1841 αἰτίου
1532 1813 1580 1849 τὴν
1593 1813 1739 1839 ὑπόστασιν
1751 1812 1916 1842 ἀδιαστὰτως

1130 1859 1202 1894 ἔχειν
1219 1861 1232 1886 ὸ
1248 1861 1297 1895 τῆς
1309 1860 1448 1892 εὐσεεείας
1462 1859 1581 1886 διδάσκει
1595 1859 1684 1893 λόγος,
1696 1859 1746 1894 τῆς
1760 1858 1788 1885 δὲ
1806 1858 1917 1888 κτίσεως

1131 1904 1160 1931 ἐν
1171 1904 1340 1939 παραστάσει
1354 1905 1407 1932 τινὶ
1421 1904 1619 1940 διαστηματικῇ
1631 1904 1834 1939 θεωρουμένης·
1848 1903 1917 1929 πᾶσι

1131 1949 1241 1986 χρονικὴ
1255 1948 1331 1982 τάξις
1348 1950 1394 1976 καὶ
1423 1949 1567 1976 ἀκολουοία
1580 1950 1634 1976 τῶν
1648 1950 1800 1984 γεγονότων
1814 1949 1859 1976 δια
1870 1950 1918 1976 τῶν

1132 1995 1236 2025 αἰώνων
1249 1995 1502 2031 καταλαμϐάνεταιθ
1522 1996 1538 2031 ἡ
1555 1995 1583 2022 δὲ
1600 1995 1761 2031 προαιιῖωιος
1778 1996 1861 2029 φύσις
1877 1997 1918 2022 ὲκ-

1132 2040 1251 2075 πέφευγε
1274 2041 1323 2073 τὰς
1340 2041 1410 2068 κατὰ
1430 2041 1460 2068 τδ
1481 2041 1665 2078 πρεσϐύτερόν
1678 2051 1707 2068 τε
1724 2041 1773 2068 καὶ
1790 2041 1919 2077 νεώτερον

1132 2085 1271 2122 διαφορὰς,
1294 2086 1332 2122 τῷ
1350 2087 1386 2122 μὴ
1401 2087 1611 2123 συνθεωρεῐσθαι
1629 2088 1661 2123 τῇ
1679 2087 1738 2123 θείᾳ
1770 2087 1821 2114 καὶ
1837 2095 1919 2122 μακε.

1133 2131 1178 2168 ρίᾳ
1203 2132 1269 2168 ζωῇ,
1284 2132 1334 2159 ὃσα
1350 2133 1412 2168 περὶ
1425 2133 1474 2168 τὴν
1496 2133 1583 2159 κτίσιν
1601 2133 1672 2166 ἰδίως
1689 2135 1702 2160 ὁ
1717 2133 1796 2167 λόγος
1819 2133 1918 2168 βλέπει.

1139 2178 1170 2203 'H
1187 2178 1237 2212 μὲν
1251 2178 1304 2214 γὰρ
1320 2178 1407 2210 κτίσις
1422 2179 1505 2211 πᾶσα,
1523 2178 1612 2210 καθὼς
1635 2180 1753 2214 εἴρηται,
1777 2179 1851 2206 κατά
1864 2187 1918 2205 τινα

1131 2222 1234 2255 τάξεως
1250 2223 1410 2250 ἀκολουθίαν
1430 2223 1609 2259 γεγενημένη,
1626 2223 1664 2259 τῷ
1676 2223 1730 2250 τῶν
1745 2224 1855 2251 αἰώνων
1869 2225 1919 2251 δια-

1133 2270 1250 2304 στήματι
1262 2271 1491 2305 παραμετρεῖται·
1509 2270 1556 2296 καὶ
1567 2269 1593 2295 εῐ
1602 2278 1644 2302 τις
1657 2269 1726 2296 ἀνίοι
1736 2269 1776 2305 τῷ
1786 2270 1871 2305 λόγῳ,
1882 2270 1919 2296 διὰ

1133 2315 1183 2350 τῆς
1195 2315 1249 2342 τῶν
1263 2315 1427 2342 κτισθέντων
1442 2315 1610 2348 ἀκολουθίας,
1628 2315 1674 2341 ἐπὶ
1685 2315 1735 2350 τὴν
1750 2316 1806 2342 τῶν
1818 2316 1919 2351 γεγονὸ-

1133 2370 1188 2388 των
1201 2361 1295 2398 ἀρχὴν,
1313 2363 1346 2398 τῇ
1363 2361 1416 2387 τῶν
1434 2361 1538 2392 αἰώνων
1555 2361 1689 2397 καταϐολῇ
1706 2362 1860 2396 περιορίσει
1875 2362 1919 2396 τὴν

1135 2406 1257 2443 ζήτησιν.
1279 2407 1311 2433 'H
1335 2407 1364 2433 δὲ
1388 2406 1457 2443 ὑπὲρ
1477 2407 1525 2443 τὴν
1544 2407 1631 2434 κτίσιν
1653 2407 1741 2440 οὐσία,
1758 2407 1808 2434 ἅτε
1826 2409 1918 2438 παντὶς

1132 2453 1345 2489 διαστηματικοῦ
1360 2454 1494 2488 νοήματος
1510 2453 1712 2489 κεχωρισμένη,
1727 2454 1821 2480 πᾶσαν
1836 2462 1919 2489 χρονι-

1133 2499 1184 2534 κὴν
1208 2499 1367 2526 ἀκολουθίαν
1392 2498 1570 2533 ἐκπέφευγεν,
1588 2499 1634 2525 ἀπ’
1650 2498 1780 2533 οὐδεμιᾶς
1795 2499 1919 2532 τοιαύτης

1131 2546 1218 2581 ἀρχῆς
1237 2545 1278 2577 εἰς
1295 2545 1370 2572 οὐδὲν
1384 2545 1467 2580 πέρας
1482 2545 1516 2571 δι’
1532 2544 1637 2577 οὐδενὸς
1656 2544 1759 2580 τρόπου
1776 2545 1849 2572 κατά
1865 2551 1920 2570 τινα

1130 2591 1205 2624 τάξιν
1230 2590 1421 2626 εὑρισκομένου
1444 2589 1584 2626 προϊοῦσα,
1608 2590 1624 2626 ῆ
1646 2590 1852 2625 καταλήγουσα.
1880 2589 1919 2623 Τῴ

1129 2637 1183 2672 γὰρ
1197 2637 1316 2664 διαϐάντι
1332 2637 1396 2668 τοὺς
1416 2636 1517 2667 αἰῶνας
1550 2636 1597 2662 καὶ
1618 2635 1706 2663 πάντα
1726 2636 1761 2663 τὰ
1787 2637 1816 2663 ὲν
1834 2637 1919 2666 αὐτοῖς

1129 2683 1267 2718 γεγονότα.
1284 2683 1409 2717 καθάπερ
1430 2691 1456 2709 τι
1472 2682 1588 2716 πέλαγος
1610 2683 1721 2717 ἀχανὲς,
1740 2683 1758 2718 ἠ
1784 2683 1834 2719 τῆς
1850 2682 1920 2711 Θείας

1129 2729 1236 2764 φύσεως
1260 2728 1360 2764 θεωρία
1385 2730 1440 2761 τοῖς
1464 2729 1603 2764 λογισμοῖς
1629 2730 1822 2764 προφανεῖσα,
1847 2728 1918 2755 οὐδὲν
