1954 3079
78 130 126 160 3ῦῦ

664 120 801 150 CONTRA
820 117 1024 151 EUNOMIUM,
1047 118 1110 146 LIB.
1132 118 1152 144 l.

1641 118 1692 145 δυσ

78 189 149 216 δώσει
172 186 280 221 σημεῖον
300 185 343 219 ἐφ’
367 182 464 218 ἑαυτῆς
481 180 662 218 γνωριστικὺν
677 180 762 215 ἀρχῆς
783 186 856 210 τινος

913 185 949 213 vel
964 185 991 212 in
1006 185 1089 212 ullum
1102 184 1241 212 desinens.
1251 183 1279 210 Ei
1298 191 1382 215 cmm,
1397 183 1442 219 qui
1454 183 1547 211 omnia
1570 187 1692 219 tempora

77 233 113 270 τῷ
129 235 166 264 εἰς
187 232 220 259 τὰ
248 231 375 257 ἐπέκεινα
395 228 553 256 διατείνοντι
577 228 626 264 τὴν
650 225 854 261 καταληπτικὴν

78 278 232 316 φαντασίαν·
248 277 317 304 ὥστε
332 277 377 303 τὸν
392 275 669 311 πολυπραγμονοῦντα
683 273 713 300 τὸ
727 272 780 300 τῶν
791 273 854 298 αἰώ-

78 334 125 352 νων
149 322 344 360 πρεσϐύτερον,
363 321 410 348 καὶ
434 321 544 348 ἀνιόντα
566 321 613 347 ἐπὶ
633 320 682 356 τὴν
699 319 751 346 τῶν
771 319 854 345 ὗντων

78 370 172 406 ἀρχὴν,
196 369 226 395 ὲν
249 368 343 404 μηδενὶ
365 367 459 403 στῆναι
480 366 518 402 τῷ
540 365 663 401 λογισμῷ
687 364 853 400 δυνηθῆναι,

77 417 115 444 ἀεὶ
121 415 164 442 τοῦ
175 414 340 450 ζητουμένου
352 412 642 449 ἀπεκπροῡέοντος,καὶ
654 411 788 447 μηδεμίαν
797 411 856 438 στά-

77 470 114 487 σιν
123 462 154 496 τῇ
174 459 424 495 πολυπραγμοσύνῃ
440 458 490 493 τῆς
500 458 620 490 διανοίας
638 458 853 491 ὑποδεικνύντος.

908 237 935 259 et
951 231 1053 263 omnia,
1070 239 1130 266 quae
1144 230 1172 258 iu
1188 230 1244 257 illis
1259 229 1369 257 condita
1390 233 1466 261 sunt,
1493 230 1631 265 percurrit
1652 235 1694 257 at-

908 285 962 313 que
976 277 1136 313 perlustrat,
1151 277 1238 313 ipsius
1257 275 1356 304 divina:
1374 280 1478 304 naturte
1495 276 1694 309 consideratio,

909 328 1037 358 tauquam
1055 323 1219 350 immensum
1246 321 1383 358 quoddam
1411 322 1522 358 pelagus
1539 321 1623 350 tuenti
1647 330 1696 357 ap-

909 369 1023 404 parebit,
1034 369 1194 404 nullumque
1207 371 1395 404 argumentum
1405 367 1602 403 suppeditabit,
1620 367 1694 403 quod

910 415 1031 450 alicujus
1046 415 1116 442 initii
1132 415 1264 442 indicium
1279 414 1314 442 sit
1325 414 1361 446 ei,
1380 415 1427 449 qui
1445 414 1598 442 facultatem
1617 422 1695 442 suam

910 461 1078 496 intelligendi
1096 461 1123 488 in
1139 461 1185 488 illa
1204 460 1334 488 ulteriora
1344 461 1490 488 extendere
1505 461 1595 494 volet;
1615 461 1693 492 adeo,

77 508 156 543 utqui
176 507 250 534 circa
267 511 419 542 temporum
440 505 572 540 majorem
593 505 781 541 antiquitatem
811 512 972 542 occupatur,
992 511 1019 535 et
1040 507 1073 534 ad
1095 507 1214 542 primum
1248 506 1413 542 principium
1443 514 1533 534 rerum
1554 507 1689 538 ascendit,

79 561 204 591 nusquam
223 553 416 589 cogitationem
441 559 519 579 suam
537 552 638 580 sistere
654 555 681 580 et
701 551 782 588 figere
804 554 915 588 poSSit:
941 562 1051 588 semper
1085 553 1158 581 enim
1185 553 1211 581 id
1241 552 1312 588 quod
1341 545 1538 587 investigatur,
1563 553 1697 588 quodam-

78 601 151 628 modo
170 598 343 633 sublertugit,
365 597 524 632 nullumque
549 601 651 625 statum
677 602 705 625 et
721 598 866 626 terminum
883 599 1000 627 curiosa:
1016 599 1185 634 inquisitioni
1201 598 1338 626 concedit.

107 645 195 681 Σατξὴς
220 645 248 671 δὲ
263 645 276 671 ὁ
295 644 373 678 λόγος
395 643 441 670 καὶ
463 643 501 678 τῷ
523 643 640 679 μετρίως
661 644 859 679 ὲπεσκεμμένῳ

943 645 1117 673 Manifestum
1132 649 1174 673 est
1190 652 1272 680 porro
1283 643 1357 671 omni
1376 643 1426 676 illi,
1441 643 1487 679 qui
1500 644 1591 672 sobrie
1604 652 1696 672 rerum

78 691 182 728 τὴντῶν
194 690 279 717 ὄντων
292 689 381 724 φύσιν,
402 689 443 715 ὅτι
455 689 488 724 τῇ
504 688 553 724 μὲν
564 688 626 724 θείᾳ
636 697 665 715 τε
677 688 724 715 καὶ
739 689 860 725 μακαρίᾳ

913 695 1035 719 naturam
1052 691 1229 719 considerare
1243 690 1407 726 ingreditur,
1427 690 1531 717 nullam
1552 697 1607 717 rem
1622 698 1694 722 esse,

78 739 127 774 ζωῇ
141 737 170 764 τδ
186 735 446 772 παραμετρούμενόν
461 736 534 761 ἐστιν
550 735 635 761 οὐδέν.
650 735 687 762 οὺ
701 735 754 770 γὰρ
768 735 858 771 ἐκείνη

913 745 968 773 quae
981 737 1079 765 divina:
1094 737 1134 764 illi
1146 739 1173 764 et
1186 736 1275 764 beatae
1287 736 1348 763 vitae
1366 739 1618 764 commensuretur.
1631 735 1697 762 Nam

77 786 101 810 ὲν
115 783 208 819 χρόνῳ,
227 781 285 809 ἀλλ’
300 780 330 813 ἐξ
347 778 455 815 ἐκείνης
471 780 484 806 ό
497 779 607 815 χρόνος·
623 781 640 815 ἡ
657 780 684 807 δὲ
703 780 790 812 κτίσις
806 781 860 808 ἀπό

913 787 1008 811 natura
1023 783 1115 810 divina
1131 790 1185 810 non
1203 782 1361 810 continetur
1385 786 1518 817 tempOrc,
1542 781 1589 809 sed
1602 781 1637 808 ab
1655 782 1700 808 illa

77 837 140 860 τινος
150 826 367 862 ἁμολογουμένης
382 825 488 856 πάντως,
504 824 590 861 ἀρχῆς
605 826 652 852 ἐπὶ
666 826 711 852 τὸν
724 826 788 852 ἴδιον
803 835 860 854 σκο-

913 833 1019 864 tempus
1033 833 1085 858 est.
1101 827 1234 857 Creatura
1254 835 1317 855 Vero
1344 834 1359 854 a
1374 831 1450 854 certo
1479 830 1506 854 et
1529 831 1594 854 noto
1619 826 1698 855 initio

77 874 120 900 πὸν
133 873 176 899 διὰ
194 873 249 899 τῶν
270 871 403 908 χρονικῶν
418 871 608 907 διαστημάτων
630 872 759 899 ὁδεύουσα
780 873 860 909 φέρε-

77 928 128 952 ται,
141 919 177 950 ὡς
191 918 295 954 ταύτης
309 917 358 954 μὲν
371 918 481 945 δυνατὸν
494 916 572 951 εἶναι,
591 918 682 951 καθώς
697 919 763 954 φησί
780 927 831 946 που
847 920 861 946 ὁ

77 965 203 1000 Σολομὼν,
217 965 316 1000 ἀρχὴν,
331 964 378 991 καὶ
390 964 477 996 τέλος,
493 964 540 991 καὶ
556 964 692 1000 μεσότητα
712 963 861 1000 διασκοπῆ-

78 1020 126 1042 σαι,
144 1010 187 1037 διὰ
211 1010 268 1037 τῶν
287 1010 419 1046 χρονικῶν
446 1010 607 1045 τμημάτων,
631 1010 681 1046 τὴν
702 1010 861 1037 ἀκολουθίαν

77 1056 123 1083 τῶν
137 1056 196 1082 κατ’
215 1056 302 1091 αὐτὴν
320 1054 513 1092 σημειούμενσ..
535 1056 566 1082 'H
584 1056 612 1083 δὲ
629 1055 813 1091 ὑπερκειμένη
831 1064 860 1087 τε

77 1102 117 1129 καὶ
144 1101 267 1137 μακαρία
296 1100 369 1136 ζωὴ,
397 1101 445 1127 ἆτε
475 1099 587 1136 μηδενὸς
611 1101 861 1137 συμπαροδεύοντος

77 1148 137 1183 αὐτῇ
153 1147 349 1182 διαστήματος,
371 1144 401 1173 τὸ
418 1145 580 1182 διαμετροῦν
612 1147 659 1173 καὶ
678 1147 860 1183 διαλαμδάνον

76 1193 119 1220 οὒκ
141 1193 206 1228 ἔχει.
225 1193 267 1218 Τὰ
293 1192 342 1228 μὲν
362 1194 417 1227 γὰρ
435 1191 564 1226 γεγονότα
593 1191 681 1219 πάντα
705 1193 762 1224 τοῖς
787 1193 861 1225 ἰδίοις

77 1239 178 1275 μέτροις
190 1238 473 1274 ὲμπεριγεγραμμένα
487 1237 558 1265 κατὰ
572 1237 603 1265 τὺ
615 1238 716 1274 ἀρέσαν
729 1240 762 1274 τῇ
782 1239 862 1274 σοφίᾳ

75 1285 116 1312 τοῦ
130 1285 289 1316 κτίσαντος,
307 1282 362 1311 οἷόν
375 1293 428 1311 τινι
443 1285 498 1321 ὅρῳ
521 1284 560 1320 τῷ
578 1285 740 1321 προσήκοντι
757 1285 860 1322 μέτρῳ,

75 1331 108 1363 ὡς
123 1330 187 1366 πρὸς
208 1330 260 1365 τὴν
281 1330 328 1356 τοῦ
354 1330 454 1362 παντὸς
477 1329 660 1365 εὐαρμοστίαν
687 1329 862 1366 ἐμπεριείλη-

75 1386 142 1404 πται.
156 1377 205 1404 Διὰ
217 1375 297 1403 τοῦτο
312 1376 362 1404 κᾶν
374 1377 406 1412 τῇ
420 1375 547 1412 ἀσθενείᾳ⁷
562 1376 615 1402 τῶν
630 1376 805 1412 ἀνθρωπίνων
819 1377 862 1403 λο-

75 1422 173 1458 γισμῶν
187 1423 334 1457 ἀνέφικτος
353 1423 369 1458 ἡ
390 1422 444 1449 τῶν
461 1422 489 1449 ὲν
509 1423 542 1457 τῇ
563 1422 649 1449 κτίσει
668 1422 862 1458 θεωρουμένων

75 1468 169 1503 ἔφοδος,
181 1467 240 1495 ἀλλ’
258 1465 305 1495 οὖν
325 1468 353 1494 τδ
370 1467 579 1503 πεπερατῶσθαι
601 1467 636 1494 τὰ
659 1467 746 1495 πάντα
766 1470 797 1504 τῇ
814 1469 861 1496 τοῦ

76 1515 250 1550 πεποιηκότος
267 1514 389 1550 δυνάμει,
408 1515 454 1541 καὶ
478 1514 559 1546 ἐντὸς
576 1512 645 1542 εἶναι
662 1515 716 1543 τῶν
735 1516 784 1552 τῆς
802 1517 861 1544 κτί-

75 1569 136 1592 σεως
151 1561 222 1596 ὅρων
244 1560 294 1586 οὐκ
317 1559 528 1595 ἀμφιϐάλλεται.
548 1560 581 1588 Ἦ
603 1561 631 1587 δὲ
658 1562 785 1598 ποιητικὴ
808 1563 862 1590 τῶν

75 1607 148 1634 ὅντων
164 1606 280 1642 δύναμις
291 1606 340 1643 τὴν
354 1607 408 1634 τῶν
421 1606 570 1641 γεγονότων
585 1607 613 1634 έν
632 1607 714 1644 ἑαυτῇ
732 1616 864 1645 συμπερι-

74 1651 208 1687 γράφουσα
230 1651 323 1685 φύσιν,
348 1651 418 1687 αὑτὴ
442 1651 473 1678 τὸ
500 1652 626 1688 περιέχον
643 1653 694 1680 οὐκ
713 1653 785 1689 ἔχει·
809 1655 862 1681 πᾶν

74 1698 154 1732 νόημα
173 1697 204 1724 τὸ
225 1697 295 1734 πρὸς
315 1697 365 1734 τὴν
388 1697 476 1734 ἀρχὴν
498 1698 548 1733 τῆς
560 1698 635 1731 Θείας
650 1699 724 1735 ζωῆς
742 1699 863 1728 ἀνελθεῖν

73 1745 256 1780 ἐπειγόμενον,
270 1744 344 1777 ἐντὸς
363 1744 463 1780 ἑαυτῆς
482 1743 690 1775 κατακλείουσα,
708 1746 754 1772 καὶ
773 1746 864 1782 πάσης

74 1790 227 1826 περιεργίας
245 1789 291 1817 καὶ
306 1789 565 1826 φιλοπραγμοσύνης
578 1790 628 1825 τῆς
648 1790 715 1826 πρὸς
727 1791 756 1818 τὸ
776 1791 863 1828 πέρας

73 1836 114 1862 τοῦ
126 1835 253 1872 ἀορίστου
269 1835 369 1873 φθάσαι
391 1835 596 1871 φιλονεικούσης
611 1836 861 1872 ὑπερεκπῖπτουσα.

74 1881 178 1908 Ἅπασα
195 1880 251 1918 γὰρ
267 1881 283 1917 ή
300 1881 369 1916 μετὰ
385 1881 448 1913 τοὺς
463 1880 563 1912 αἰῶνας
577 1880 669 1914 ἄνοδος
697 1882 743 1908 καὶ
754 1881 863 1909 διάστα‹

74 1935 111 1959 σις
122 1927 167 1954 τοῦ
183 1927 230 1954 νοῦ
243 1927 368 1954 τοσοῦτον
379 1926 552 1962 ὑψωθήσεται
567 1926 657 1962 μόνον,
670 1926 731 1954 ὅσον
744 1927 863 1954 κατιδεῖν

73 1972 100 1999 τὺ
123 1973 168 2000 τοῦ
196 1972 364 2009 ζητουμένου
384 1971 561 2007 ἀδιεξίτητον,
582 1972 630 1999 καὶ
651 1972 738 2000 ἔοικεν
761 1971 817 2001 οἷόν
836 1982 862 2001 τι

75 2018 182 2054 μέτρον,
203 2018 253 2045 καὶ
280 2018 340 2053 ὅρος
364 2017 415 2053 τῆς
442 2017 496 2044 τῶν
521 2017 698 2054 ἀνθρωπίνων
725 2018 862 2054 λογισμῶν

74 2065 210 2101 κινήσεως,
227 2064 275 2091 καὶ
292 2064 440 2099 ἐνεργείας,
459 2064 473 2090 ό
492 2063 569 2095 αἰὼν,
588 2064 635 2091 καὶ
655 2064 689 2091 τὰ
707 2064 781 2097 ὲντδς
798 2064 860 2091 τού-

73 2119 121 2138 των
133 2110 212 2143 εἶναι,
235 2111 269 2138 τὰ
288 2111 317 2137 δὲ
343 2111 529 2147 ὑπερκείμενα
555 2109 657 2137 τούτων
685 2110 793 2146 ἄληπτα
816 2112 862 2138 καὶ

73 2157 217 2184 ἀνεπίῦατα
240 2157 380 2192 λογισμοῖς
407 2156 494 2192 μένει,
519 2157 619 2189 παντὸς
641 2157 688 2184 τλῦ
712 2157 860 2194 δυναμένου

75 2203 120 2230 ὑπὸ
136 2203 289 2239 κατάληψιν
302 2203 473 2239 ἀνθρωπίνην
495 2202 581 2230 ἐλθεῖν
600 2202 797 2239 καθαρεύοντα.
817 2203 861 2230 Ἑν
877 2200 899 2229 D

73 2247 109 2282 οἷς
124 2249 176 2286 γὰρ
190 2251 242 2277 οὐκ
257 2247 335 2281 εἶδος,
349 2250 379 2276 οὐ
394 2250 485 2282 τόπος,
501 2249 532 2276 οὐ
550 2248 674 2284 μέγεθος,
686 2249 716 2275 οὺ
728 2249 758 2276 τὸ
772 2249 805 2276 ἐκ
817 2249 864 2276 τοῦ

74 2295 162 2330 χρόνου
179 2295 292 2331 μέτρον,
306 2294 366 2321 οὐδὲ
379 2294 443 2321 ἄλλο
456 2303 481 2322 τι
495 2294 549 2321 τῶν
561 2293 743 2329 καταληπτῶν
755 2294 866 2321 ἐπινοεῖ-

74 2349 123 2373 ται,
136 2342 164 2375 EE
180 2341 306 2377 ἀνάγκης
320 2342 365 2368 καὶ
380 2342 396 2377 ἡ
410 2340 601 2377 καταληπτικὴ
624 2340 670 2367 τοῦ
691 2339 736 2366 νοῦ
751 2339 864 2376 δύναμις

74 2387 189 2422 ζητοῦσά
207 2396 281 2419 τινος
298 2386 521 2423 περιδράεασθαι,
539 2388 601 2418 τοὺς
616 2386 726 2419 αἰῶνας,
748 2386 795 2414 καὶ
815 2386 864 2422 τὴν

74 2433 99 2458 ὲν
110 2433 212 2466 τούτοις
225 2433 314 2460 κτίσιν
327 2434 366 2465 εἰς
375 2433 405 2460 τὸ
419 2433 549 2467 συγγενὲς
561 2432 643 2468 ἑαυτῇ
664 2433 710 2459 καὶ
727 2432 862 2468 ὁμόφυλον

74 2477 227 2515 συζητήσει,
242 2479 293 2515 τῆς
307 2477 426 2515 ἀλήπτου
447 2479 555 2513 φύσεως
578 2479 744 2515 πανταχόθεν
766 2479 860 2506 ἀπολις

75 2524 224 2553 σθαίνουσα.

912 875 945 902 ad
962 875 1099 911 prazﬁxam
1111 874 1162 902 sibi
1185 879 1283 901 metam
1303 881 1351 909 per
1367 873 1527 908 temporalia
1555 872 1700 900 intervalla

911 922 1060 950 decurrens
1076 922 1174 953 fertur,
1190 921 1258 948 adeo
1274 926 1303 948 ut
1316 920 1376 955 ejus
1389 919 1702 955 quidem,quemadmo-

911 968 975 995 dum
986 968 1097 1004 sapiens
1111 967 1212 995 alicubi
1222 966 1351 994 Salomon
1364 966 1413 998 ait,
1427 966 1509 994 liceat
1520 965 1700 1001 principium,

912 1013 991 1040 ﬁnem
1004 1018 1031 1041 et
1047 1013 1166 1041 medium
1186 1012 1320 1045 invenire,
1341 1012 1516 1047 temporariis
1535 1011 1700 1047 quibusdam

911 1059 1079 1087 sectionibus
1090 1064 1117 1087 ct
1132 1059 1316 1088 divisionibus
1332 1060 1431 1087 seriem
1452 1066 1560 1091 eorum,
1590 1065 1652 1094 qua:
1673 1057 1701 1085 in

911 1107 969 1142 ipsa
985 1110 1060 1139 sunt,
1085 1106 1268 1143 designantia,
1299 1107 1334 1134 At
1362 1114 1490 1142 suprema
1509 1107 1555 1134 illa
1571 1111 1599 1134 et
1621 1107 1701 1134 beata

911 1156 1022 1185 natura,
1038 1159 1119 1188 quam
1133 1152 1239 1180 nullum
1250 1153 1384 1188 temporis
1397 1153 1518 1188 spatium
1538 1152 1700 1184 comitatur,

911 1198 980 1226 nihil
995 1198 1088 1231 habet,
1103 1205 1160 1233 quo
1174 1203 1350 1226 mensuretur
1361 1202 1388 1226 et
1405 1199 1594 1232 contineatur;
1606 1198 1700 1226 omnia

911 1244 996 1276 enim,
1014 1251 1075 1279 quae
1099 1242 1170 1271 facta
1184 1248 1259 1276 sunt,
1284 1244 1403 1279 propriis
1431 1245 1511 1279 quasi
1534 1244 1700 1280 ambitibus.

911 1289 1011 1317 divinae
1041 1290 1184 1325 sapientiae
1216 1290 1350 1318 arbitratu
1384 1290 1540 1326 descripta,
1569 1293 1700 1325 tanquam

912 1335 1034 1363 terminis
1045 1335 1207 1370 quibusdam
1218 1337 1378 1372 congruenti
1394 1336 1486 1369 modo,
1494 1336 1528 1363 ad
1543 1336 1625 1372 hujus
1640 1336 1703 1363 uni-

912 1381 1050 1410 versitatis
1061 1382 1198 1415 decorem,
1210 1386 1237 1410 et
1249 1383 1412 1410 concinnam
1425 1382 1703 1418 coagmentationem.

912 1428 1195 1463 comprehenduntur;
1225 1429 1355 1464 quocirca
1376 1429 1439 1457 licet
1467 1428 1594 1456 humanm
1614 1428 1700 1456 imbe—

913 1474 1022 1501 cillitati
1045 1473 1116 1502 ratio
1138 1481 1246 1506 eorum.
1268 1482 1329 1510 quae
1353 1475 1380 1502 in
1403 1474 1504 1502 creatis
1517 1474 1600 1502 rebus
1619 1481 1702 1509 appa-

874 1529 896 1560 ο
913 1524 986 1553 rent,
1009 1520 1045 1548 sit
1065 1519 1275 1556 investigabiiis,
1297 1524 1417 1548 attamen
1437 1519 1529 1548 omnia
1545 1519 1702 1547 Conditoris

915 1566 1036 1603 potentia
1049 1567 1122 1594 ﬁnita
1133 1570 1160 1594 et
1171 1567 1255 1595 certis
1264 1567 1397 1594 limitibus
1411 1566 1619 1602 circumscripta
1641 1573 1703 1593 esse

914 1615 942 1640 et
954 1612 1025 1640 intra
1039 1618 1126 1640 metas
1144 1615 1277 1640 creatura:
1295 1612 1441 1645 contineri,
1459 1612 1572 1639 minime
1588 1611 1702 1639 dubiant

913 1662 965 1686 est.
994 1658 1026 1686 At
1043 1666 1107 1685 vero
1128 1657 1170 1686 vis
1194 1657 1313 1687 eiliciens
1344 1666 1446 1689 rerum.
1469 1665 1530 1694 quae
1556 1657 1583 1685 in
1613 1657 1702 1693 seipsa

913 1710 1005 1731 rerum
1023 1708 1177 1731 creatarum
1202 1706 1328 1731 naturam
1351 1702 1563 1735 circumscribit,
1585 1702 1703 1730 termino

913 1748 1158 1776 circumscribente
1169 1748 1256 1782 caret,
1271 1756 1435 1784 omnemque
1450 1746 1618 1783 intelligendi
1635 1746 1702 1779 vim,

913 1802 974 1830 quae
991 1794 1023 1822 ad
1048 1794 1212 1829 principium
1230 1793 1330 1822 divinae
1351 1797 1457 1822 natura:
1479 1793 1623 1830 pervenire
1640 1799 1705 1820 con-

913 1841 1011 1875 tendit,
1029 1842 1100 1868 intra
1115 1841 1232 1876 scipsam
1248 1838 1388 1869 concludit
1404 1843 1431 1868 et
1446 1840 1587 1871 terminat,
1602 1838 1704 1874 quippe

914 1887 1114 1915 transcenderis
1129 1893 1238 1913 omnem
1256 1885 1444 1914 curiositatem
1462 1889 1489 1912 et
1510 1887 1638 1912 conatum
1655 1883 1702 1919 qui

913 1932 947 1961 ad
970 1932 1115 1960 terminum
1139 1931 1210 1966 ejus,
1238 1931 1309 1966 quod
1341 1928 1548 1958 interminatum
1578 1933 1631 1960 est,
1656 1936 1703 1963 pe-

913 1983 1023 2008 netrare
1039 1979 1152 2012 nititur;
1175 1978 1265 2006 omnis
1291 1977 1364 2006 enim
1388 1984 1519 2005 ascensus
1540 1979 1568 2004 et
1602 1974 1703 2002 mentis

911 2025 1054 2053 contentio
1078 2028 1139 2060 post
1163 2023 1295 2059 temporis
1336 2030 1483 2056 rerumque
1512 2019 1702 2057 temporalium

912 2070 1055 2098 intervalla
1094 2072 1200 2096 tantum
1225 2068 1360 2096 duntaxat
1382 2067 1523 2101 eveltetur,
1552 2071 1582 2094 ut
1611 2065 1704 2094 videre

912 2117 998 2151 passit
1018 2115 1089 2151 ejus,
1111 2114 1184 2150 quod
1205 2114 1348 2150 quaeritur,
1373 2112 1639 2149 imperscrutabilcm
1657 2119 1703 2139 ra-

912 2162 1024 2194 tionem,
1041 2161 1078 2188 ita
1100 2165 1129 2188 ut
1149 2160 1283 2189 terminus
1297 2163 1324 2188 et
1345 2160 1443 2188 modus
1457 2160 1639 2187 humanarum
1654 2166 1703 2186 eo-

913 2207 1086 2243 gitationum,
1118 2205 1248 2234 motionis
1274 2210 1302 2234 et
1333 2205 1461 2238 actionis,
1490 2205 1616 2233 videatur
1641 2211 1702 2234 esse

915 2258 1032 2288 tempus,
1055 2256 1082 2280 et
1108 2260 1152 2284 ea,
1170 2259 1231 2288 qua:
1258 2252 1285 2280 in
1300 2252 1422 2287 tempore
1445 2254 1521 2284 sunt,
1535 2258 1594 2286 qua:
1619 2257 1702 2285 supra

915 2297 973 2326 haec
1000 2298 1089 2332 posita
1109 2302 1184 2329 sunt,
1202 2297 1418 2333 cogitationibus
1438 2297 1542 2324 nostris
1557 2296 1705 2331 investiga-

912 2343 990 2376 bilia,
1019 2347 1046 2371 et
1073 2343 1290 2379 impenetrabilia
1321 2344 1443 2375 inauent,
1475 2346 1570 2378 utpote
1608 2340 1704 2377 procul

913 2389 1037 2423 seiuncta
1058 2390 1091 2417 ab
1116 2387 1244 2417 omnibus
1266 2389 1332 2422 illis,
1361 2396 1422 2424 quae
1442 2388 1469 2415 in
1487 2388 1633 2415 humanam
1659 2393 1704 2413 cor

915 2435 1073 2471 gitationem
1091 2435 1189 2463 cadere
1204 2439 1334 2471 possunt.
1353 2434 1390 2462 Ea
1410 2434 1494 2468 enim,
1506 2433 1604 2469 quibus
1617 2439 1704 2467 neque

915 2480 1003 2516 ﬁgura
1018 2484 1069 2512 est,
1094 2489 1182 2517 neque
1204 2481 1293 2513 locus,
1320 2488 1409 2516 neque
1428 2478 1598 2514 magnitudo,
1615 2485 1704 2513 neque

914 2535 1042 2555 mensura
1058 2527 1234 2562 temporaria,
1250 2534 1339 2562 neque
1352 2522 1426 2553 aliud
1438 2525 1576 2561 quidpiam
1598 2532 1629 2552 ex
1648 2523 1701 2553 his.

75 2579 129 2606 quae
144 2573 238 2601 animo
252 2571 520 2608 comprehendimus,
539 2573 561 2600 si
579 2571 755 2607 intelligentia
770 2572 870 2601 mentis
884 2574 993 2608 assequi
1013 2573 1088 2606 velit,
1102 2574 1257 2602 necessario
1292 2577 1427 2608 tempora,
1445 2575 1473 2599 et
1505 2570 1531 2598 in
1575 2570 1619 2598 his
1656 2577 1702 2597 res

76 2623 185 2651 creatas,
221 2619 372 2647 secundum
405 2623 548 2655 cognatam
582 2620 610 2646 et
641 2619 750 2646 insitam
783 2619 835 2646 sibi
865 2621 1092 2648 consuetudinem
1115 2625 1219 2656 quaeret
1241 2625 1269 2648 et
1297 2618 1493 2656 apprehendet,
1529 2616 1564 2643 ab
1596 2616 1702 2644 incom-

75 2665 248 2700 prehensibili
273 2665 321 2692 illa
348 2671 443 2693 natura
468 2666 564 2701 procul
586 2669 613 2693 et
635 2665 757 2701 undique
785 2665 927 2693 abcrrans.

107 2713 188 2739 Παντὶ
202 2712 258 2747 γὰρ
270 2709 348 2747 οἶμαι
369 2712 446 2739 τοῦτο
461 2712 598 2748 γνώριμον
611 2710 680 2739 εἶναι
695 2711 733 2748 τῷ
749 2713 796 2739 καὶ
813 2721 861 2747 με-

53 2758 60 2776 τ
75 2756 150 2790 τρίως
161 2756 363 2792 ὲπεσκεμμένῳ
374 2757 407 2783 τὰ
417 2755 491 2789 ὅντα,
502 2757 542 2783 ὅτι
554 2757 617 2795 τοὺς
630 2757 730 2788 αἰῶνας
748 2756 793 2783 καὶ
817 2757 862 2783 τὸν

76 2801 102 2827 ἒν
116 2801 219 2834 τούτοις
238 2802 324 2829 τόπον
338 2799 392 2828 οἷόν
406 2811 432 2829 τι
454 2801 569 2838 χώρημα
589 2803 711 2831 δεκτικὸν
722 2802 776 2830 τῶν
789 2811 861 2837 γινο-

79 2846 159 2881 μένων
183 2847 474 2883 προκαταὸαλλόμενος
495 2850 509 2875 ὸ
527 2848 581 2876 τῶν
603 2849 670 2877 ὅλων
681 2850 861 2886 Δημιουργὺς,

953 2713 1022 2741 Puto
1040 2714 1112 2741 enim
1138 2713 1235 2746 cuivis,
1263 2714 1308 2749 qui
1337 2713 1379 2741 vel
1404 2713 1492 2740 obiter
1515 2711 1636 2738 animum
1668 2710 1703 2738 ad

917 2756 973 2784 haec
988 2755 1130 2784 advertere
1147 2758 1223 2790 velit,
1237 2757 1411 2784 manifestum
1427 2764 1499 2787 esse.
1514 2755 1637 2783 universi
1649 2755 1702 2782 liu—

914 2802 959 2837 jus
976 2801 1151 2829 Conditorem
1162 2821 1170 2834 ,
1188 2806 1310 2838 tempora
1327 2806 1354 2830 et
1369 2801 1457 2838 spatia
1483 2802 1547 2835 loci.
1564 2801 1638 2830 velut
1658 2800 1702 2828 in-

917 2848 1061 2878 tervallum
1077 2847 1214 2883 quoddam
1229 2855 1285 2884 quo
1302 2856 1346 2877 res
1355 2848 1539 2885 producenda.
1553 2847 1700 2883 reciperen-
