1954 3079
80 89 123 117 ὃἹῦ
254 109 259 114 .
642 95 780 125 CONTRA
797 97 999 133 EUNOMIUM,
1024 102 1087 130 LIB.
1110 102 1128 130 l.

79 141 157 176 αὐτῆς
174 142 243 170 κατὰ
261 143 308 179 τὴν
330 144 430 180 τροφὴν

78 186 199 222 διαφορὰς
214 187 374 216 ἀλλοιοῦται.
389 191 420 217 Et
436 191 465 218 δέ
479 200 521 224 τις
535 194 641 227 καὶτὰς
654 196 753 231 τέχνας,
763 199 858 225 ἀναλο-

78 232 190 265 γισαιτο,
207 233 317 269 εὑρήσει
333 235 380 261 καὶ
403 235 447 263 διὰ
460 237 563 266 τούτων
582 240 611 266 τὸ
626 243 858 278 κατεξητασμένον

78 277 119 304 τοῦ
132 277 274 312 δόγματος
290 280 355 315 μίαν
372 281 426 317 γὰρ
442 283 479 314 ὡς
493 284 538 310 ἐπὶ
555 285 585 311 τὸ
598 286 665 313 πολὺ
680 288 734 314 τῶν
750 277 793 316 διὰ
804 299 859 324 χει-

80 323 119 358 ρός
132 332 156 350 τι
181 325 329 352 ποιούντων
350 327 396 353 ἐπὶ
416 328 506 364 πάσης
530 330 627 367 τέχνης
651 333 759 369 ὁρῶμεν
784 323 858 372 ἐνέρ-

78 377 155 403 γειαν·
172 371 259 406 αὐτὴν
272 371 344 406 λέγω
360 373 409 408 τῆς
425 375 515 410 χειρὸς
535 376 583 411 τὴν
599 378 715 413 κίνησιν·
734 380 802 408 ἀλλὰ
818 383 859 413 τίς

78 416 91 449 ἡ
114 415 237 442 κοινωνία
262 417 316 443 τῶν
339 418 577 454 ἀποτελεσμάτων,
602 424 794 460 σκοπήσωμεν.
826 425 858 452 Τί

77 461 155 488 κοινὸν
176 461 232 496 ἔχει
256 462 323 489 ναοῦ
343 465 497 500 κατασκευὴ
522 467 589 502 πρὸς
623 468 806 505 ίμάτιον,.τῆς
830 471 859 498 ἐν

77 507 189 542 ἐκατέρῳ
207 507 305 544 τέχνης
320 510 428 544 κινήσει¹
443 511 533 546 χειρὸς
548 512 745 549 ἐνεργουμένης
759 523 766 548 ς
786 516 860 542 Κινεῖ

75 552 118 587 τὴν
136 554 212 587 χεῖρα
230 554 279 579 καὶ
293 555 307 580 ὀ
331 555 506 590 τοιχωρύχος,
520 559 590 583 κινεῖ
602 559 648 584 καὶ
661 560 674 585 ὁ
691 561 858 595 φρεωρύχος·

78 598 117 624 καὶ
129 598 162 632 γῆ
178 598 385 633 μεταλλεύεται,
400 601 448 626 καὶ
459 601 599 635 φονεύεται
613 603 764 639 ἄνθρωπος·
781 607 858 641 κινή-

78 651 137 674 σεως
157 644 250 679 χειρὸς
273 644 391 681 ἔργατὰ
411 646 509 673 πάντα.
527 647 561 674 Ὅ
580 657 610 675 τε
625 648 678 684 γὰρ
694 650 860 687 πολεμιστὴς

78 690 116 716 ἐπὶ
128 690 174 724 τῆς
205 690 297 725 μάχης
317 691 360 718 διὰ
373 692 463 727 χειρδς
477 694 644 730 ἐνεργεῖν-τὴν
660 695 715 722 τῶν
731 697 859 723 ἐναντίων

77 736 182 770 σταγήν·
197 736 246 762 καὶ
269 737 283 763 ὁ
304 739 440 770 γεωπόνος
457 738 537 765 πάλιν
551 741 583 774 τῇ
600 741 671 774 χειρὶ
704 741 747 767 διὰ
760 742 808 777 τῆς
820 742 859 768 διν

76 781 162 815 κέλλης
172 782 334 816 ὲπιθρύπτει
346 782 394 818 τὴν
409 783 507 818 βῶλον.
520 783 582 816 Πῶς
593 783 639 811 οὖν
653 786 718 820 ἡμῖν
729 787 743 812 ὁ
758 786 860 821 δογμα-

75 826 157 860 cmi];
170 826 417 861 ἁποφαίνεταιτὰκς
433 829 518 860 αὑτὰς
537 829 677 864 ἐνεργείας
694 831 744 866 τὴν
763 832 858 858 ταυτό-

76 881 135 907 τητα
149 871 200 898 τῶν
213 873 303 908 ἔργων
319 874 460 902 ἀποτελεῖν
472 884 478 909 ;
498 876 560 903 Ἐὰν
575 877 602 903 δὲ
616 877 679 912 δοθῇ
693 886 718 904 τι
734 879 780 905 καὶ
792 879 858 914 ἀλη-

75 918 114 950 θὲς
128 919 195 954 ἔχειν
210 920 244 946 τὰ
257 921 318 957 είρη
323 921 401 956 μένα,
419 923 499 950 πάλιν
512 924 559 950 καὶ
573 924 618 950 διὰ
631 925 724 952 τούτου
739 926 770 952 τὸ
788 926 858 953 κατὰ

75 961 115 996 τὴν
126 962 215 989 οὐσίαν
229 964 329 992 οἰκεῖον
344 966 390 992 τοῦ
401 975 430 993 τε
445 967 509 994 Υίοῦ
523 967 591 1003 πρὸς
604 968 650 996 τὸν
665 970 776 1006 Πατέρα
789 990 796 1003 ,
811 971 858 998 καὶ

75 1007 114 1033 τοῦ
134 1008 291 1044 Πνεύματος
307 1011 375 1046 προς
391 1012 437 1039 τὸν
458 1013 522 1039 Υιῦν
545 1013 626 1041 πλέον
640 1016 805 1043 συνίσταται.
825 1017 857 1044 El

77 1053 117 1087 μὲν
129 1054 180 1089 γὰρ
193 1052 227 1089 ἦν
242 1063 286 1087 τις
299 1056 353 1083 τῶν
366 1058 510 1093 ἐνεργειῶν
525 1060 696 1097 παραλλαγὴ,
713 1062 750 1094 ὡς
767 1062 856 1095 ἄλλως

75 1097 118 1143 μὲν
129 1098 172 1124 τοῦ
189 1100 307 1134 Πατρὸς,
323 1101 423 1137 ἑτέρως
438 1102 471 1129 δὲν
485 1103 532 1130 τοῦ
544 1104 609 1131 Υἰοῦ
621 1106 651 1132 τὸ
662 1106 758 1134 δοκοῦν
773 1108 857 1143 ἐργαο

74 1141 191 1177 ζομένου,
219 1145 314 1177 καλῶς
340 1144 413 1182 εἶχεν
437 1148 468 1174 ὲκ
488 1148 536 1175 τοῦ
559 1141 856 1186 παρηλλαγμένον-τῶν

74 1190 216 1224 ἐνεργειῶν,
232 1192 280 1218 καὶ
295 1192 325 1218 τὺ
338 1193 387 1228 τῆς
403 1194 581 1231 ἐργασοείσης
595 1197 639 1231 ὑφ’
653 1195 782 1234 ἑκατέρου
798 1200 856 1226 τού-

74 1242 118 1260 των
138 1235 226 1267 οὐσίας
249 1238 477 1274 παρηλλαγμένον
497 1242 702 1277 τεκμαίρεσθαι.
730 1243 761 1269 Ei
783 1244 811 1270 δὲ
835 1241 856 1278 ᾧ

73 1280 153 1316 spring
175 1282 314 1317 ἐνεργεῖνὸ
335 1284 439 1320 Πατὴρ,
462 1286 549 1313 πάντα
568 1288 614 1314 καὶ
629 1289 643 1313 ὁ
668 1289 734 1321 Υἱὸς
755 1289 855 1324 ὁμοίως

75 1327 144 1356 ποιεί,
159 1327 227 1353 κατὰ
237 1336 268 1353 τε
283 1328 332 1363 τὴν
344 1329 425 1356 αὑτοῦ
438 1331 485 1357 τοῦ
499 1332 601 1367 Κυρίου
613 1334 714 1369 φωνὴν,
728 1335 774 1361 κού
785 1336 855 1362 κατὰ

74 1371 111 1396 τὸν
122 1372 211 1399 εἰκότα
221 1373 301 1407 λόγον
321 1375 361 1409 (οὐ
380 1375 433 1411 γὰρ
447 1377 460 1402 ὁ
481 1377 531 1411 μὲν
551 1379 703 1413 ἀσωμάτως
714 1399 721 1411 ,
739 1381 752 1406 ὁ
767 1380 795 1406 δὲ
812 1381 855 1408 διὰ

75 1416 184 1451 σώματος
194 1438 200 1450 ,
216 1419 278 1445 οὐδὲ
291 1419 393 1452 ὲκείνοζ
410 1421 460 1456 μὲν
475 1423 507 1448 ὲκ
527 1423 606 1458 τῆσδε
625 1423 700 1458 ὕλης,
717 1425 749 1451 ἐκ
763 1426 791 1452 δὲ
804 1426 853 1460 τῆς

74 1462 156 1497 ἑτέρας
172 1464 195 1489 ὀ,
208 1463 313 1499 ἕτερος,
326 1465 385 1492 οὐδὲ
399 1467 542 1507 ἐν-χρόνῳ,
560 1469 620 1495 οὐδὲ
638 1470 666 1496 ὲν
680 1470 756 1506 τόπῳ
774 1471 853 1503 ἄλλος

74 1507 134 1542 ﬁlo)
147 1508 175 1534 τὸ
196 1509 293 1536 δοκοῦν
313 1511 512 1546 κατεργάζεται
523 1521 530 1528 ·
553 1513 607 1540 οὐδ’
625 1515 716 1542 αὐτῶν
730 1517 852 1551 ὀργάνων

73 1552 184 1590 διαφοραὶ
207 1555 237 1580 τὸ
265 1555 492 1592 παρηλλαγμένον
516 1559 775 1591 κατασκευάζουσιν*
793 1561 851 1588 ἀλλ’

74 1599 142 1632 ἀρκεῖ
151 1599 215 1635 μόνη
224 1600 377 1635 θελήματος
387 1602 504 1637 κίνησις,
517 1603 563 1629 καὶ
575 1605 757 1640 προαιρέσεως
768 1607 850 1642 ὁρμὴ,

74 1644 207 1681 σύνδρομον
223 1647 335 1682 ἔχουσα,
349 1648 396 1674 καὶ
410 1648 646 1676 ἐπακολουθοῦσαν
658 1651 726 1686 πρὸς
737 1652 786 1687 τὴν
798 1653 851 1679 τῶν

73 1691 144 1718 ὁ-ιῖων
160 1693 314 1720 ὑπόστασιν.
324 1694 373 1730 τὴν
389 1695 544 1728 ὑφιστῶσαν
560 1696 594 1722 τὰ
607 1696 697 1723 πάντα
712 1697 851 1733 δύναμιν),

73 1737 112 1762 γιὶ
123 1738 148 1762 ὲν
160 1738 239 1764 πᾶσιν
254 1739 356 1773 ὁμοίως
368 1740 381 1765 ό
399 1739 503 1775 Πατὴρ,
522 1740 551 1773 ἐξ
564 1737 595 1767 οὗ
609 1740 644 1767 τὰ
657 1741 756 1774 πάντα,
774 1743 821 1769 καὶ
837 1743 851 1769 ὁ

76 1781 136 1813 Υἱὸς,
151 1782 181 1808 δι’
199 1779 229 1808 οὗ
245 1783 281 1809 τὰ
304 1783 401 1816 πάντα,
420 1785 480 1811 κατ’
504 1785 571 1812 αὐτὸ
589 1786 638 1821 τῆς
655 1787 793 1822 ἐνεργείας
820 1789 851 1815 τὺ

73 1823 131 1858 εἶδος
152 1828 310 1862 ἐργάζονται
323 1849 330 1859 .
352 1829 410 1861 πῶς
431 1827 508 1862 οὗτος
525 1831 574 1867 τὴν
594 1832 663 1858 κατὰ
684 1833 733 1864 τὰς
758 1834 850 1866 οὐσίας

73 1871 189 1906 διαφορὰν
204 1874 250 1899 ἐπὶ
270 1874 317 1900 τοῦ
335 1874 414 1906 Υίοῦ,
434 1875 481 1902 καὶ
497 1875 544 1902 τοῦ
569 1876 726 1912 Πνεύματος
743 1878 849 1906 ἀποδει-

73 1917 152 1943 κνύειν
160 1918 243 1945 οἴεται
257 1919 301 1946 διὰ
312 1920 358 1946 τοῦ
373 1921 600 1957 παρηλλαγμένον
611 1923 660 1958 τῆς
675 1924 720 1950 τοῦ
732 1925 848 1961 Πατρίις,

73 1962 112 1988 καὶ
125 1963 167 1989 τοῦ
189 1964 250 1991 1⁸ἰοῦ
269 1966 408 2001 ἐνεργείας
428 1967 475 1992 ἀπ’
497 1967 625 2002 ἀλλήλων
643 1969 847 2005 χωριζομένηςς

74 2007 215 2036 Τούναντίον
240 2011 317 2045 γὰρ,
343 2012 433 2043 καθὼς
459 2012 573 2046 ἔφαμεν,
599 2015 847 2049 παρασκευάζεται,

73 2054 152 2089 ἐπειδὴ
175 2056 262 2087 οὐδεὶς
281 2057 383 2092 τρόπος
410 2059 461 2093 τῆς
476 2058 530 2085 τῶν
547 2059 692 2094 ἐνεργειῶν
706 2061 848 2096 παραλλα-

72 2099 115 2133 γῆς
126 2100 152 2125 ὲν
174 2101 258 2136 Ha.th
279 2102 326 2128 καὶ
353 2102 409 2139 Υίῴ
431 2102 580 2138 θεωρεῖται,
594 2105 640 2131 καὶ
660 2105 691 2131 τὸ
714 2106 848 2142 μηδεμίαν

72 2144 95 2170 ἐν
113 2146 166 2177 ταῖς
180 2146 284 2178 οὐσίαις
298 2148 305 2157 ¹
316 2148 362 2174 τοῦ
378 2147 444 2174 Υίοῦ
472 2149 518 2175 καὶ
537 2149 584 2175 τοῦ
601 2150 757 2186 Πνεύματος
777 2150 846 2179 εἶναι

71 2188 210 2223 διάστασιν,
226 2192 256 2218 ἐν
276 2193 310 2228 τῇ
324 2194 466 2229 ταυτότητι
486 2195 534 2229 τῆς
554 2195 783 2232 ὑποστησαμένης
797 2197 849 2224 δυ-

72 2235 166 2270 νάμεως
183 2238 367 2265 ἐπιδείκνυται
378 2259 386 2270 ,
407 2239 498 2271 καθὼς
515 2241 562 2266 καὶ
582 2242 598 2276 ὴ
614 2241 661 2267 τοῦ
679 2242 848 2278 λογογράφου

73 2282 194 2316 μαρτυρία
204 2282 309 2317 βεὸαιοῐ
318 2284 363 2310 τὸν
373 2285 460 2318 λόγον,
473 2285 559 2317 οὕτως
570 2286 615 2312 ἐπὶ
628 2286 726 2319 λέξεως
739 2288 847 2323 ἔχουσα·

72 2324 138 2358 Ἄτα,
154 2329 228 2362 φησι,
246 2327 307 2355 τῶν
320 2329 476 2364 ἐνεργειῶν
486 2330 544 2365 τὴν
554 2332 718 2366 ταυτότητα
731 2333 791 2360 τῶν
801 2333 848 2368 ἔρ-

70 2380 122 2404 γων
141 2373 365 2404 ἀποτελουσῶν.
389 2376 470 2403 Ὥστε
493 2379 517 2404 εί
537 2378 671 2414 ταυτότης
686 2379 846 2407 ἐπιτελεῖται

69 2417 114 2443 τῶν
130 2418 213 2454 ἔργων
229 2421 259 2447 ἐν
276 2422 308 2456 τῇ
324 2421 376 2448 τῶν
389 2422 533 2458 ἐνεργειῶν
549 2424 698 2459 ὁμοιότητι,
724 2425 804 2461 ἔργον
818 2427 847 2453 δὲ

70 2463 119 2487 κατ’
144 2465 239 2496 αὐτοὺς
261 2466 307 2492 τοῦ
330 2468 379 2502 μὲν
401 2468 506 2504 [ἰατρὸς
527 2470 541 2495 ὁ
561 2470 634 2503 Υιὸς,
657 2471 750 2498 τούτου
769 2472 796 2498 δὲ
814 2473 845 2499 τὺ

71 2507 169 2544 Πνεῦμα
184 2511 214 2537 τὸ
233 2511 311 2546 ἅγιον
323 2521 329 2528 ·
354 2514 371 2548 ἡ
389 2515 566 2550 ὁμοιοτροπία
588 2517 637 2551 τῆς
666 2516 713 2543 τοῦ
733 2518 839 2554 Harpe;

70 2554 109 2600 ttat
119 2556 161 2582 τοῦ
177 2557 245 2584 Υίοῦ
267 2559 406 2594 ἐνεργείας
431 2559 479 2595 τὴν
500 2562 652 2597 ταυτότητα
670 2563 778 2596 πάντως
794 2565 842 2600 τῆς

70 2599 282 2639 ἁποτελεσθείσης
299 2605 392 2637 οὐσίας
408 2606 562 2639 ἐνδείξεται.

103 2718 176 2749 Ἀλλὰ
201 2723 363 2759 προστίθησι
393 2726 448 2759 καὶ,
471 2727 729 2762 παρηλλαγμένων
749 2729 843 2763 ἔργων

71 2768 307 2803 παρηλλαγμένας
324 2769 373 2796 καί
390 2770 442 2804 τὰς
458 2771 608 2806 ἐνεργείας
625 2772 839 2807 ἐμφαινόντων.

71 2810 144 2841 Βτὶλιν
157 2813 243 2842 τοίνυν
258 2815 304 2842 καὶ
318 2815 396 2846 τοῦτο
415 2817 604 2853 σκοπήσωμεν,
621 2818 673 2846 τίνι
688 2820 716 2846 τὸ
733 2821 842 2857 ὶοχυρὸν

1639 109 1691 137 574

452 147 590 182 ἐνεργείας
606 150 645 181 εἰς
663 152 711 183 τὰς
724 153 852 185 τοσαύτας

908 159 1032 193 eorporis
1060 162 1265 194 constituenda,
1295 163 1399 192 videbis
1427 167 1453 192 et
1489 164 1545 191 haec
1575 173 1606 191 ex
1638 174 1690 193 una

909 205 1069 232 nutrimenti
1084 208 1243 241 operatione
1260 210 1286 235 in
1302 209 1382 237 talem
1399 213 1425 237 et
1446 213 1550 236 tantam
1575 211 1691 238 diversr-

907 254 990 278 tatem
1004 259 1174 281 excrescore.
1191 253 1218 281 Si
1230 255 1295 290 quis
1312 263 1356 283 res
1374 264 1455 283 manu
1487 260 1514 283 et
1529 262 1587 284 arte
1606 257 1692 284 factas

908 298 1085 333 contemplari
1104 299 1205 333 cupiat,
1234 300 1353 328 inveniet
1382 302 1462 329 etiam
1481 303 1507 329 in
1526 303 1580 335 his,
1610 311 1692 338 quam

910 343 1110 371 inconsiderate
1127 344 1176 372 hoc
1194 345 1266 380 quod
1290 348 1427 374 contraria
1457 349 1592 376 sententia
1622 350 1691 381 vult,

909 393 1044 416 assertum
1061 389 1214 424 sit;,unam
1228 391 1299 418 enim
1315 396 1346 419 ut
1370 392 1515 426 plurimum
1540 394 1567 421 in
1588 394 1621 421 iis
1645 394 1690 429 qui

910 442 991 462 manu
1005 435 1137 469 laborant,
1155 437 1181 464 in
1197 437 1270 464 onmi
1283 441 1341 464 arte
1354 438 1476 466 videmus
1489 440 1690 473 operationem,
1728 440 1735 446 '

910 481 1007 515 ipsam,
1024 482 1146 516 inquam,
1162 489 1260 510 manus
1279 482 1425 510 unctionem
1439 493 1445 510 :
1462 487 1489 510 at
1512 484 1692 519 dispiciamus

910 534 1033 562 qumnam
1052 527 1086 554 sit
1103 527 1254 554 similitudo
1273 527 1430 555 eﬂ‘ectuum.
1456 527 1524 561 Quid
1549 537 1693 557 commune

910 578 937 600 ct
953 573 1041 601 simile
1054 573 1136 600 habet
1153 574 1245 608 templi
1274 574 1424 602 exstructio
1442 582 1503 601 cum
1524 575 1608 603 vestis
1626 583 1692 603 con-

912 620 1040 650 fectione,
1057 624 1115 647 arte
1130 620 1277 655 utrobique
1297 628 1343 655 per
1360 628 1457 648 manus
1469 621 1616 648 motionem
1628 630 1693 657 ope-

910 667 1009 693 rante?
1028 665 1135 694 Manum
1155 669 1255 699 movet,
1284 670 1339 693 tam
1367 666 1414 701 qui
1441 674 1536 693 muros
1563 667 1692 702 perfodit,

910 719 991 747 quam
1004 712 1051 747 qui
1066 714 1176 746 puteum
1192 710 1317 744 fodit;ex
1332 715 1405 739 terra
1418 712 1525 739 eruitur
1541 713 1691 746 metallum,

909 766 965 794 quo
976 759 1060 786 .homo
1074 758 1219 790 occiditur,
1236 762 1263 786 et
1276 758 1367 786 omnia
1382 766 1431 786 sua
1446 759 1552 787 eﬂioere
1572 765 1692 788 conatu!

911 805 991 832 homo
1008 805 1127 832 motione
1143 811 1251 831 manus.
1280 803 1347 831 Nam
1372 805 1450 834 miles
1465 806 1492 833 in
1511 806 1581 834 bello
1612 815 1702 835 manu—

910 851 1009 879 caedem
1024 855 1051 879 et
1065 856 1182 887 stragem
1197 859 1308 879 suorum
1319 851 1435 879 hostium
1445 853 1501 880 edit
1512 872 1519 884 ,
1534 857 1558 880 et
1574 854 1693 888 agricola

910 905 991 925 manu
1011 906 1058 933 per
1073 898 1188 933 ligonem
1216 898 1309 933 glebas
1327 897 1435 932 frangit.
1453 898 1595 931 Quomodo
1612 899 1695 934 igitur

910 944 1053 972 haereticus
1091 944 1142 971 iste
1169 944 1294 977 aliirmat,
1321 944 1476 972 earumdem
1503 945 1709 979 operationum--

908 989 1016 1017 eosdem
1033 997 1094 1017 esse
1112 989 1244 1017 elfeetus?
1263 993 1290 1017 ct
1305 989 1368 1017 licet
1379 989 1591 1017 concederemus
1617 998 1631 1016 a
1647 998 1693 1017 ve-

908 1037 989 1063 ritate
1005 1036 1094 1063 aliena
1118 1043 1173 1063 non
1190 1043 1261 1068 esse,
1296 1044 1356 1071 qua:
1377 1036 1455 1068 dicit,
1476 1040 1567 1064 tamen
1599 1044 1630 1064 ex
1649 1036 1707 1065 bis-

907 1083 988 1110 etiam
1002 1086 1073 1110 recte
1089 1082 1246 1110 confirmari
1262 1086 1354 1117 posset
1373 1082 1435 1110 Filii
1463 1091 1525 1110 cum
1553 1081 1646 1114 Patre,
1666 1088 1694 1111 et

909 1127 1028 1163 Spiritus
1042 1128 1128 1156 sancti
1141 1135 1203 1155 cum
1219 1127 1287 1154 Filio
1313 1128 1503 1155 convenientia
1521 1128 1550 1155 in
1578 1133 1690 1156 natura.

907 1173 973 1200 Nam
993 1174 1016 1201 si
1031 1178 1104 1202 esset
1119 1173 1209 1209 aliqua
1225 1175 1413 1209 operationum
1429 1175 1555 1207 mutatio,
1569 1179 1599 1201 ut
1614 1175 1694 1202 aliter

907 1219 1015 1254 quidem
1035 1218 1124 1251 Pater,
1155 1219 1233 1246 aliter
1250 1224 1340 1247 autem
1374 1219 1461 1247 Filius
1493 1220 1530 1253 id,
1548 1221 1619 1255 quod
1638 1220 1691 1248 sibi

906 1266 1056 1298 videretur,
1070 1271 1173 1301 ageret,
1191 1269 1263 1293 recte
1290 1274 1322 1293 ex
1341 1266 1493 1293 nnttationc
1510 1270 1537 1294 et
1560 1266 1692 1293 varietate

906 1313 1095 1347 operationem
1119 1312 1330 1340 concluderetur
1355 1312 1502 1341 diversitas
1532 1312 1690 1343 elIectumn,

906 1358 952 1393 qui
967 1358 1001 1385 ab
1016 1363 1132 1393 utroque
1147 1357 1274 1393 producti
1289 1362 1393 1386 essent.
1408 1359 1442 1386 At
1459 1359 1481 1386 si
1499 1367 1532 1386 eo
1544 1358 1625 1393 modo
1637 1367 1692 1392 quo
1705 1376 1710 1379 -

906 1403 986 1431 Pater
1006 1408 1136 1438 operatur
1164 1404 1266 1437 omnia,
1288 1403 1374 1432 Filius
1394 1404 1487 1432 itidem
1507 1405 1599 1432 omnia
1615 1404 1690 1436 facit,

906 1454 935 1476 ut
953 1450 1010 1484 ipse
1031 1449 1162 1498 Domipus
1178 1453 1295 1478 testatus
1309 1455 1362 1483 est,
1382 1455 1409 1479 et
1423 1458 1468 1478 res
1485 1451 1542 1486 ipsa
1571 1451 1706 1486 postulati

905 1499 912 1531 (
927 1504 979 1522 non
995 1496 1067 1523 enim
1085 1496 1157 1523 unus
1171 1496 1251 1523 modo
1272 1496 1444 1531 incorporeo,
1462 1497 1532 1524 alter
1547 1504 1690 1532 corporeo,

906 1550 993 1577 nequc
1008 1542 1054 1569 ille
1068 1549 1102 1569 ex-
1118 1541 1168 1569 hac
1182 1542 1305 1573 materia,
1323 1550 1355 1570 ex
1377 1542 1430 1568 alia
1445 1550 1511 1570 vero
1526 1543 1598 1570 alius
1610 1563 1617 1575 ,
1643 1551 1691 1570 ne—

904 1596 957 1623 que
972 1588 1042 1615 alius
1058 1588 1111 1615 alio
1124 1591 1245 1623 tempore
1256 1588 1296 1615 vel
1312 1588 1382 1621 loco,
1395 1596 1476 1622 quam
1491 1588 1562 1616 alius
1573 1588 1599 1615 id
1617 1589 1690 1624 quod

905 1635 961 1662 vult
976 1633 1067 1666 efﬁcit,
1094 1634 1140 1662 sed
1159 1626 1247 1669 neque
1280 1634 1523 1662 instrumentorum
1544 1634 1689 1663 diversitas

905 1681 950 1708 hic
965 1681 1110 1715 reperitur,
1128 1689 1189 1716 qua:
1203 1681 1379 1708 diversitates
1408 1685 1515 1716 arguat.
1534 1682 1599 1716 quia
1616 1681 1690 1708 sulti—

903 1727 941 1753 cit
956 1727 1014 1754 sola
1032 1727 1190 1754 voluntatis
1212 1727 1307 1757 motio.
1326 1731 1353 1754 et
1383 1727 1528 1754 electionis
1559 1728 1689 1762 appetitio

903 1781 963 1808 qua:
979 1772 1153 1807 coniunctam
1168 1773 1261 1806 habet,
1276 1778 1303 1800 et
1319 1773 1398 1809 quasi
1410 1775 1537 1801 comitem
1549 1773 1583 1800 ad
1598 1781 1688 1800 rerum

903 1817 1085 1848 effectionem.
1108 1819 1162 1845 vim
1182 1818 1255 1845 illam
1285 1822 1312 1846 et
1343 1818 1510 1850 facultatem,
1528 1826 1589 1853 qme
1607 1818 1707 1845 rebus.

902 1864 1253 1892 omnibus-subsistenliam
1270 1864 1398 1899 tribuit),
1417 1864 1439 1891 si
1458 1865 1541 1900 igitur
1556 1865 1582 1891 in
1600 1865 1688 1891 omni-

904 1909 957 1936 bus
971 1908 1096 1936 similiter
1112 1908 1202 1940 Pater,
1232 1917 1247 1936 a
1275 1917 1329 1944 quo
1346 1910 1448 1941 omnia,
1476 1914 1504 1937 et
1522 1909 1619 1940 Filius,
1640 1917 1688 1944 per

902 1962 982 1989 quem
1000 1954 1103 1987 omnia,
1120 1953 1213 1981 eadem
1231 1954 1399 1989 operationis
1424 1955 1513 1989 specie
1529 1959 1687 1989 operantur,

902 2000 1039 2034 quomodo
1055 2000 1107 2027 iste
1122 1999 1308 2028 diversitatem
1328 2000 1490 2028 substantiae
1518 2001 1545 2027 in
1562 2000 1641 2027 Patre
1660 2005 1687 2028 et
1701 2017 1704 2021 ι

901 2044 970 2072 Filio
993 2044 1097 2080 colligit
1115 2053 1148 2072 ex
1166 2044 1326 2072 diversitate
1354 2045 1522 2080 operationis
1538 2045 1649 2072 eosdem
1670 2053 1687 2071 a

901 2098 930 2119 se
947 2095 1042 2118 mutuo
1060 2091 1237 2125 separantis?
1263 2090 1437 2118 Contrarium
1457 2090 1541 2120 enim.
1558 2095 1588 2118 ut
1605 2095 1686 2118 antea

901 2137 1030 2169 diximus,
1051 2137 1206 2165 coniicitur.
1229 2136 1297 2164 Cum
1326 2144 1443 2171 namque
1470 2137 1562 2165 nullus
1587 2137 1686 2164 modus

864 2180 887 2209 ο
901 2184 1070 2212 diversarum
1087 2184 1275 2218 operationum
1289 2183 1315 2210 in
1331 2182 1412 2210 Patre
1424 2186 1451 2211 et
1462 2182 1530 2210 Filio
1539 2188 1684 2219 appareat,

901 2230 941 2261 tit,
963 2234 992 2256 ut
1009 2229 1091 2256 etiam
1107 2230 1134 2256 in
1149 2229 1301 2256 substantia
1316 2228 1406 2257 Patris
1421 2233 1448 2257 et
1464 2229 1526 2256 Filii
1557 2231 1632 2257 nulla
1649 2231 1696 2259 sit~

899 2275 1029 2304 discretio
1051 2283 1099 2303 seu
1119 2275 1261 2306 distantia,
1277 2275 1351 2310 quod
1375 2275 1473 2302 attinet
1487 2275 1520 2302 ad
1537 2275 1690 2304 eﬂ'cctricis‘

899 2321 1204 2356 potentiaeidcntitatem
1218 2328 1225 2349 :
1241 2320 1285 2348 cui
1307 2321 1346 2348 rei
1362 2321 1467 2348 accedit
1483 2321 1572 2355 ipsius
1591 2321 1684 2349 decla-

899 2366 1190 2401 niatoris(Eunomii)
1205 2367 1403 2398 testimonium,
1431 2367 1468 2394 ita
1492 2375 1522 2395 se
1549 2367 1685 2395 vm'batim

901 2412 1025 2440 habens:
1040 2411 1133 2438 iisdem
1150 2411 1357 2445 operationibus“
1378 2412 1469 2439 eadem
1483 2421 1585 2447 quoque
1605 2422 1684 2447 opera

897 2459 1078 2493 cﬁicicntibus.
1097 2458 1190 2493 Itaque
1206 2458 1229 2485 si
1244 2458 1338 2485 eadem
1353 2466 1434 2493 opera
1451 2459 1598 2486 ex-iisdem
1619 2467 1684 2494 ope-

898 2503 1050 2531 rationibus
1068 2503 1213 2538 prodeunt.
1241 2511 1310 2538 opus
1339 2512 1404 2531 vero
1438 2504 1537 2538 Patris,
1561 2506 1694 2539 ipsorum.

896 2549 1005 2584 quidem
1021 2549 1136 2583 judicio,
1152 2553 1193 2576 est
1210 2549 1304 2581 Filius,
1318 2549 1399 2584 hujus
1413 2558 1477 2578 vero
1493 2550 1611 2585 Spiritus
1619 2559 1682 2578 san-

896 2599 957 2621 ctus
973 2601 980 2627 ;
998 2593 1150 2620 similitudo
1164 2594 1345 2628 operationis,
1357 2602 1419 2629 qua:
1434 2596 1461 2622 in
1477 2594 1557 2622 Patre
1569 2599 1596 2622 et
1611 2594 1681 2622 Filio

896 2645 948 2673 est,
972 2639 1112 2674 productae
1125 2648 1233 2675 quoque
1247 2641 1408 2669 substantia:
1438 2640 1607 2669 identitatem
1623 2641 1680 2668 evi-

896 2687 993 2715 denter
1011 2686 1128 2714 evincet.

932 2732 1022 2763 Addit,
1043 2732 1148 2759 diuersa
1165 2740 1244 2767 opera
1256 2732 1436 2759 diversitatem
1447 2733 1629 2766 operationum
1641 2733 1679 2760 in-

896 2778 995 2805 dicare.
1013 2777 1083 2812 Ergo
1098 2777 1288 2812 dispiciamus,
1305 2781 1435 2813 quantum
1451 2777 1559 2806 roboris
1580 2778 1608 2806 in
1627 2778 1680 2806 hac

896 2823 1048 2853 assertione
1067 2823 1142 2858 insit,
1163 2823 1280 2860 idquc,si
1296 2824 1394 2860 placet,
1413 2824 1567 2860 perspicuis
1586 2831 1679 2853 exem-
