1957 3079
263 73 317 103 375

885 79 912 106 S.
933 78 1096 107 GREGORII
1119 80 1261 109 NYSSENI

1843 86 1892 113 57ίὶ

265 134 317 169 plis
331 134 553 170 comprobemus.
569 136 609 164 An
627 143 680 164 non
695 145 748 164 una
767 134 809 165 est
830 139 958 175 przccepti
985 147 1049 174 ope-

1103 143 1114 168 ὁ
1133 141 1210 176 λόγος
1225 141 1291 176 ἔχει,
1305 142 1362 170 καὶ.
1380 142 1402 168 εί
1419 141 1502 173 δοκεῖ,
1515 141 1558 168 διὰ
1574 141 1626 168 τῶν
1647 141 1769 176 ἐνἰργῶν
1786 142 1891 168 ὗποδει‹

266 179 338 207 ratio
367 180 438 215 ejus,
471 181 516 216 qui
547 182 705 210 universum
727 184 870 216 mundum.
891 189 917 212 et
946 185 1049 216 omnia,

264 233 326 260 qua:
353 226 426 254 illius
445 227 590 263 complexu
619 229 806 263 continentur,
831 232 888 259 sola
913 232 1053 260 voluntate

264 271 410 299 condidit?
437 270 497 306 Ipse
517 273 587 299 enim
603 273 672 301 dixit
689 280 714 302 et
732 275 804 310 facta
818 283 889 308 sunt,
908 278 962 311 ipse
977 287 1053 305 utau-

264 316 337 344 dauit
356 322 381 344 et
412 323 501 345 creata
530 320 635 348 sunt".
666 321 765 349 Annon
797 323 955 351 mandatum
999 325 1051 352 hoc

261 363 389 391 omnibus
402 365 543 400 aequaliter
567 368 715 395 essentiam
741 369 826 401 dedit,
858 371 972 405 solaque
999 379 1048 398 vo-

263 410 354 437 luntas
371 411 438 438 satis
453 411 515 444 fuit,
540 416 570 439 ut
589 414 615 440 id
639 415 711 449 quod
736 422 790 443 non
814 420 873 443 erat
893 424 1054 452 procreare-

262 456 331 483 tur?
346 456 490 490 Quomodo
508 459 602 494 igitur,
618 467 681 487 cum
694 469 726 489 ex
743 469 795 489 una
821 463 943 490 mandati
971 463 1053 498 hujus

261 502 420 536 operatione
448 507 523 531 tanta
539 512 631 532 rerum
650 505 796 535 diversitas
821 509 968 541 exstiterit.
1001 509 1053 537 iste

262 547 342 582 quasi
358 548 446 577 oculis
461 549 564 578 clausis
579 551 647 578 nihil
664 552 771 586 videns,
793 554 920 587 allirmat,
937 562 1051 589 operum

264 593 422 621 varietatem
450 595 636 624 diversitatem
666 605 775 633 quoque
802 600 970 633 operationis
1002 607 1051 627 ar-

263 647 348 673 guerc
362 640 373 667 ‘P
388 640 408 668 E
426 643 568 671 contrario
583 643 656 671 enim
673 644 825 679 oportebat,
841 646 932 673 omnia
950 654 1010 682 qua:
1025 647 1051 674 iu

262 685 316 712 hoc
333 685 436 714 mundo
453 687 592 722 visuntur,
607 688 730 723 ejusdem
745 691 846 726 speciei
872 699 943 723 esse.
963 692 998 726 si,
1024 698 1052 719 ut

263 731 398 760 sectarius
411 731 464 760 iste
479 733 571 765 tradit,
588 734 747 763 diversitate
773 744 886 772 operum
904 738 987 765 etiam
1010 738 1052 765 di-

264 777 382 806 versitas
395 780 585 814 operationum
603 781 820 810 demonstratur.
841 785 881 811 An
907 792 951 812 res
984 785 1051 812 istas

264 829 361 850 omnes
378 826 408 850 ut
422 824 542 859 aequales
557 825 690 859 intuetur,
705 826 732 854 in
749 828 808 855 SUIO
825 834 914 858 autem
931 829 1008 858 Patre
1024 835 1050 858 ct

264 867 333 896 Filio
351 869 564 905 inaequalitatem
581 872 780 907 deprehendit?

298 912 392 949 Igitur,
404 915 427 944 si
437 924 490 944 non
500 917 586 952 prius.
597 919 691 947 saltem
705 920 759 955 jam
770 920 895 956 inspiciat
906 929 977 956 eam,
991 930 1051 958 qum

264 959 292 986 in
301 960 443 997 elementis
453 962 524 991 inest
532 963 723 997 dilTerentiam,
734 970 761 993 et
769 967 905 1001 quomodo
915 969 1051 1003 quodlibet

262 1013 358 1033 eorum
367 1015 429 1043 quae
437 1007 471 1037 ad
483 1009 576 1037 mundi
590 1011 812 1040 constitutionem
823 1019 1003 1044 concurrunt.
1016 1015 1050 1042 ad

264 1053 417 1081 coatrarias
426 1059 517 1089 partes
525 1059 631 1090 agatur.
639 1055 706 1083 Nam
717 1057 784 1084 levia
797 1066 906 1086 sursum
920 1059 1046 1091 tendunt,

265 1097 357 1132 gravia
374 1098 519 1127 deorsum:
539 1105 565 1128 et
577 1101 628 1128 alia
644 1102 754 1136 quidem
768 1111 874 1139 semper
886 1105 1050 1138 consistunt,

263 1143 316 1170 alia
331 1149 461 1180 perpetuo
477 1151 629 1174 moventur.
647 1148 678 1176 Et
694 1149 764 1176 inter
773 1157 804 1176 ea
815 1158 876 1184 quae
893 1156 1048 1184 moventur,

264 1190 317 1217 alia
336 1191 536 1220 immutabilem
551 1194 700 1222 motionem
717 1195 827 1227 habent.
839 1201 868 1223 ut
897 1197 996 1224 ClDllllll
1017 1203 1044 1225 et

265 1234 388 1269 planetae,
413 1244 531 1272 quorum
547 1245 646 1266 cursus
661 1247 769 1275 semper
782 1241 877 1267 eodem
893 1241 1051 1269 reﬂectitur:

264 1284 291 1307 at
309 1281 366 1314 illa,
380 1289 441 1318 quae
459 1283 676 1320 circumquaque
687 1285 886 1319 dilfunduntur,
904 1295 1011 1322 semper
1024 1292 1053 1315 ut

263 1333 324 1354 sors
335 1327 398 1362 fert,
412 1333 540 1365 aguntur,
557 1334 586 1357 ut
602 1338 660 1363 aer,
671 1339 756 1364 mare,
769 1333 935 1368 etquidquid
950 1333 1051 1368 liquida

264 1377 361 1400 natura
371 1379 489 1402 constat.
500 1375 570 1409 Quid
589 1384 655 1404 vero
663 1378 757 1405 attinet
766 1378 1052 1414 explicare,quomodo

264 1419 383 1447 calidum
408 1420 506 1457 frigido
527 1422 698 1456 adversetur,
716 1427 762 1451 aut
787 1424 900 1451 hunudo
929 1426 1051 1453 siccum:

263 1467 290 1492 et
302 1465 440 1500 quomodo
451 1465 477 1493 id
490 1466 561 1502 quod
574 1475 656 1503 supra
667 1472 721 1500 est,
737 1469 772 1496 ab
786 1476 818 1496 eo
828 1469 900 1504 quod
913 1469 983 1497 infra
999 1474 1050 1502 est,

263 1510 370 1538 distet?
390 1511 514 1544 Quantas
535 1520 618 1547 porro
630 1513 656 1540 in
673 1514 839 1542 animalibus
851 1523 963 1544 cernere
978 1520 1020 1544 est
1037 1524 1051 1544 a

266 1560 363 1588 natura
391 1557 489 1586 insitas
518 1558 781 1587 dissimilitudines?
798 1560 829 1587 Et
853 1569 913 1596 qua:
933 1562 1053 1592 hominis

265 1603 358 1637 lingua
374 1609 518 1631 enumeret
543 1612 641 1632 omnes
661 1605 722 1633 illas
748 1607 931 1640 divvrsitates,
947 1616 1007 1644 quae
1025 1610 1052 1637 in

266 1649 366 1683 plantis
380 1657 441 1677 sese
461 1650 591 1685 oderunt,
615 1652 702 1687 quoad
732 1652 856 1688 ﬁgurato,
886 1656 1052 1690 magnitudi-

266 1702 339 1728 nem,
355 1694 549 1732 fructuumque
565 1701 592 1724 et
604 1698 767 1733 qualitatum
786 1699 981 1729 diversitates?

300 1783 334 1809 At
357 1783 575 1820 sapientissimus
601 1786 652 1813 iste
671 1787 800 1822 magister
823 1788 1000 1816 dissimilium
1025 1795 1052 1818 et

265 1827 438 1857 diversorum
454 1837 566 1865 operum
596 1832 747 1860 dissimiles
765 1841 875 1868 quoque
886 1839 912 1862 et
928 1835 1052 1864 diversas

265 1874 559 1911 statuitoperationes;
584 1877 665 1914 idque
680 1878 721 1906 vel
741 1880 804 1914 quia
819 1879 935 1908 formam
955 1881 1052 1909 divina:

266 1920 433 1954 operationis
450 1922 564 1949 necdum
585 1923 727 1957 intellexit,
742 1925 776 1952 de
792 1933 845 1960 qua
871 1934 948 1954 sacra
974 1927 1050 1955 SI-ri-

266 1969 344 2000 plura
359 1970 485 2000 testatur,
516 1968 594 1996 verbo
616 1969 736 1997 ntandati
757 1971 814 2006 ejus
839 1973 928 2000 antnia
944 1974 1051 2001 undila

263 2019 340 2044 esse;
365 2013 406 2040 vel
434 2013 497 2049 quia
519 2013 551 2041 ad
571 2023 662 2042 rerum
690 2021 843 2044 creatarum
871 2018 1049 2047 differentiam

263 2058 382 2090 executit,
403 2063 429 2086 et
449 2064 538 2088 tamen
564 2061 597 2088 de
628 2061 730 2090 divinis
760 2063 935 2097 dogmatibus
963 2074 1051 2102 usque

263 2099 332 2127 adeo
347 2100 548 2130 inconsiderate
569 2104 648 2131 nobis
671 2105 749 2139 quasi
782 2106 854 2140 leges
884 2099 1048 2142 przescriliit,

1103 188 1215 223 γμάτων
1225 187 1311 214 ταῦτα
1328 188 1549 222 κατανοήσωμεν.
1570 185 1632 223 Ἆρ’
1649 188 1708 222 οὐχὶ
1727 187 1776 221 μία
1789 187 1891 223 ὲστὶνή

1102 234 1150 261 τοῦ
1176 234 1357 269 προστάσσειν
1379 233 1503 269 ἐνέργεια
1524 233 1571 260 τοῦ
1596 233 1685 260 πάντα
1711 234 1757 260 τὸν
1791 234 1892 268 κόσμον

1103 280 1150 306 καὶ
1163 279 1198 306 τὰ
1211 280 1240 306 ὲν
1255 279 1328 313 αὐτῷ
1339 278 1544 314 συστησαμένου
1558 278 1602 305 διὰ
1628 278 1708 313 μόνου
1724 277 1891 313 θελήματος

1103 325 1198 358 Αὐτὸς
1221 324 1276 359 γὰρ
1298 323 1372 357 εἷπε,
1397 324 1447 351 καὶ
1460 323 1658 358 ἐγενήθησαν·
1679 323 1772 356 αὐτὸς
1786 324 1892 350 cretei-

1102 372 1187 402 λατο,
1201 370 1250 397 καί
1263 370 1460 403 ἐκτίσθησαν.
1477 369 1534 395 Οὐκ
1547 369 1594 395 ἐπὶ
1612 368 1721 395 πάντων
1733 368 1835 403 ὁμοίως
1850 368 1892 394 οὖ-

1103 415 1187 451 σιώοη
1202 415 1233 442 τὸ
1248 416 1424 451 πρόσταγμα,
1440 415 1486 441 καὶ
1502 415 1619 450 ἤρκεσεν
1635 415 1652 449 ὴ
1669 414 1798 449 βούλησις
1815 415 1892 449 μόνη.

1102 459 1133 486 τὸ
1150 459 1188 494 μὴ
1198 459 1228 486 ὂν
1244 459 1463 495 ὕποστήσασθαι;
1476 459 1536 490 Πῶς
1547 457 1593 486 οὖν
1601 459 1634 486 ὲκ
1648 459 1713 495 μιᾶς
1723 461 1774 494 τῆς
1788 459 1834 486 διὰ
1848 459 1892 486 τοῦ

1103 506 1283 541 προστάσσειν
1298 506 1453 541 ἐνεργείας,
1467 505 1601 540 τοσαύτης
1615 505 1664 540 τῆς
1674 506 1808 541 διαφορᾶς
1827 505 1892 531 καθα

1103 550 1254 586 ορωμὲνης,
1273 548 1349 582 οὗτος
1370 551 1464 587 ὥσπερ
1477 551 1526 586 οὐχ
1537 551 1608 587 ὁρῶν
1617 551 1653 578 τὰ
1666 552 1828 587 πράγματα.
1846 551 1893 585 τὴν

1103 595 1156 622 τῶν
1169 595 1257 630 ἔργων
1277 595 1453 631 παραλλαγὴν
1467 595 1498 622 τὸ
1513 595 1740 631 παρηλλαγμένον
1753 595 1805 630 τῆς
1818 596 1892 630 ὲνερ-

1103 641 1182 674 γείας
1205 639 1388 668 ἐνδείκνυσθαι
1409 641 1497 674 λέγει.;
1520 641 1681 668 Τοῦναντίον
1698 641 1753 676 γὰρ
1773 641 1827 667 ἔδει
1843 650 1891 676 μο-

1104 685 1191 721 νοειδῆ
1208 686 1296 714 πάντα
1313 685 1348 713 τὰ
1361 687 1390 712 ὲν
1407 686 1447 721 τῷ
1458 686 1553 722 κόσμῳ
1567 685 1648 719 εἶναι,
1665 687 1743 722 εῐπερ
1763 686 1834 713 κατὰ
1848 687 1893 713 τὸν

1103 730 1296 766 δογματιστὴν,
1319 730 1358 766 τῷ
1379 731 1565 758 διαλλάσσοντι
1589 731 1644 758 τῶν
1667 731 1754 766 ἔργων
1791 731 1840 758 καὶ
1863 732 1894 758 το

1104 775 1159 802 τῶν
1170 775 1313 810 ἐνεργειῶν
1328 775 1552 811 παρηλλαγμένον
1571 776 1740 811 ἐμφαίνεται.
1757 777 1792 803 Ἢ
1808 776 1893 803 ταῦτα

1067 820 1087 848 Β
1102 820 1181 855 ὃμοια
1200 820 1290 847 πάντα
1307 820 1410 856 βλέπει,
1431 822 1460 847 ἐν
1477 821 1550 857 μόνῳ
1578 821 1606 848 δὲ
1622 821 1660 856 τῷ
1681 822 1769 857 Πατρὶ
1789 822 1836 848 καὶ
1855 822 1894 857 τῷ

1104 865 1159 901 Υἱῷ
1172 865 1300 901 ὲνθεωρεῖ
1311 866 1341 892 τὸ
1355 866 1495 901 ἀνόμοιον;

1137 911 1241 939 Οὐκοῦν
1254 912 1448 947 ἐπισκεψάσθω
1464 912 1522 944 νῦν,
1536 913 1559 939 εἰ
1572 913 1619 940 καὶ
1635 912 1672 948 μὴ
1690 913 1832 949 πρότερον,
1845 913 1894 948 τὴν

1102 958 1130 984 ἰν
1152 959 1208 989 τοῖς
1225 958 1364 993 στοιχείοις
1385 958 1526 994 διαφορὰν,
1544 959 1591 985 καὶ
1606 959 1644 990 ὡς
1663 959 1777 986 ἕκαστον
1796 959 1850 986 τῶν
1865 961 1895 986 ἐν

1101 1003 1140 1039 τῷ
1155 1004 1250 1039 κόσμῳ
1264 1004 1332 1039 πρὸς
1349 1004 1398 1039 τὴν
1412 1004 1458 1031 τοῦ
1474 1005 1573 1036 παντὸς
1595 1005 1722 1032 σύστασιν
1739 1005 1895 1032 συντελούν-

1101 1059 1167 1082 των,
1182 1050 1250 1086 πρὸς
1265 1049 1296 1076 τὸ
1316 1050 1436 1077 ἐναντίον
1449 1050 1572 1085 ἀπῆκται
1587 1051 1638 1085 τῆς
1657 1051 1774 1085 φύσεως,
1789 1052 1830 1078 Τὰ
1845 1052 1894 1086 μὲν

1102 1096 1155 1132 γὰρ
1168 1096 1257 1130 κοῦφά
1270 1104 1299 1122 τε
1312 1096 1359 1123 καὶ
1373 1096 1501 1132 ἀνωφερῆ
1516 1097 1629 1131 πέψυκε,
1646 1097 1680 1123 τὰ
1693 1097 1722 1123 δὲ
1738 1096 1825 1132 βαρέα
1847 1097 1895 1123 καὶ

1103 1142 1142 1173 εἰς
1156 1141 1186 1168 τὸ
1202 1141 1277 1168 κάτω
1299 1141 1436 1177 βρίθοντα,
1453 1142 1500 1168 καὶ
1515 1141 1549 1168 τὰ
1568 1142 1617 1177 μὲν
1630 1142 1674 1168 ἀεὶ
1687 1142 1803 1175 ἑστῶτα,
1818 1142 1853 1168 τὰ
1866 1142 1895 1168 δὲ

1102 1187 1187 1214 διόλου
1211 1187 1367 1222 κινούμενα.
1390 1187 1445 1214 Καὶ
1467 1188 1496 1214 ὲν
1517 1188 1573 1219 τοῖς
1593 1187 1759 1222 κινουμένοις
1771 1208 1779 1219 ,
1795 1188 1831 1214 τὰ
1845 1188 1895 1223 μὲν

1102 1232 1278 1269 ἀπαράῦατον
1290 1233 1334 1259 ἐπὶ
1345 1233 1375 1259 τὸ
1388 1232 1417 1259 ἓν
1434 1232 1490 1268 ἔχει
1501 1232 1550 1268 τὴν
1565 1232 1682 1268 κίνησιν,
1693 1233 1731 1264 ὡς
1742 1234 1756 1259 ό
1767 1233 1893 1268 οὐρανὸς,

1103 1279 1150 1306 καὶ
1164 1278 1217 1305 τῶν
1231 1278 1352 1314 ἀστέρων
1366 1280 1389 1305 οἰ
1409 1278 1587 1314 πλανώμενοι,
1600 1277 1641 1310 οἷς
1653 1279 1667 1305 ό
1682 1279 1782 1314 δρόμος
1805 1279 1845 1309 είς
1863 1279 1894 1305 τὸ

1103 1326 1221 1362 ἔμπαλιν
1239 1326 1286 1353 τοῦ
1312 1326 1411 1358 παντὸς
1425 1326 1602 1353 ἀνελίσσεται·
1627 1325 1661 1352 τὰ
1680 1326 1708 1352 δὲ
1725 1325 1895 1360 πανταχόθεν

1102 1372 1263 1408 διαχεόμενα
1296 1373 1366 1399 κατᾶ
1388 1372 1418 1398 τὺ
1445 1372 1590 1407 συμϐαῖνον
1610 1372 1653 1398 ἀεὶ
1670 1371 1800 1407 φέρεται,
1825 1371 1864 1402 ὡς
1879 1373 1894 1398 ό

1103 1418 1167 1454 ἀὴρ,
1185 1419 1231 1445 καὶ
1255 1419 1271 1454 ἡ
1293 1418 1429 1449 θάλασσα,
1446 1419 1492 1444 καὶ
1512 1419 1528 1454 ἡ
1545 1419 1620 1444 πᾶσα
1635 1418 1684 1452 τῆς
1697 1418 1785 1453 ὑγρᾶς
1799 1419 1895 1449 οὐσίας

1104 1465 1194 1499 φύσις.
1219 1464 1252 1491 Τί
1273 1464 1295 1490 δ’
1320 1464 1352 1491 ἂν
1373 1464 1444 1490 εἴποι
1463 1472 1505 1495 τις
1524 1463 1573 1499 τὴν
1593 1463 1639 1490 τοῦ
1660 1463 1762 1498 θερμοῦ
1779 1463 1847 1499 πρὸς
1864 1464 1896 1490 τὺ

1103 1510 1205 1546 ψυχρὸν
1222 1510 1390 1540 ἐναντίωσιν,
1411 1509 1428 1544 ἦ
1446 1508 1492 1535 τοῦ
1508 1507 1591 1544 ὑγροῦ
1607 1508 1656 1544 τὴν
1672 1508 1740 1544 πρὸς
1758 1508 1788 1535 τὺ
1812 1508 1896 1544 ξηρὸν

1103 1556 1246 1591 διαφορὰν,
1262 1555 1308 1582 τοῦ
1323 1564 1351 1581 τε
1368 1555 1423 1582 ἀνω
1439 1554 1487 1590 τὴν
1506 1554 1574 1590 πρὸς
1585 1554 1619 1581 τὰ
1640 1555 1715 1581 κάτω
1734 1554 1894 1587 διάστασινς

1103 1603 1162 1630 ὅσαι
1175 1603 1202 1629 δὲ
1214 1603 1268 1629 τῶν
1283 1601 1359 1634 ζώων
1386 1602 1414 1628 αἱ
1429 1601 1499 1628 κατὰ
1519 1601 1567 1636 τὴν
1583 1601 1663 1635 φύσιν
1678 1601 1873 1636 ἀνομοιότητες
1886 1609 1893 1632 ;

1103 1649 1152 1681 τὰς
1167 1649 1195 1676 δὲ
1215 1650 1244 1674 ὲν
1263 1649 1318 1679 τοῖς
1343 1648 1435 1681 φυτοῖς
1452 1647 1521 1673 κατα
1540 1655 1568 1673 τε
1583 1646 1618 1673 τὰ.
1632 1647 1761 1681 σχήματα
1773 1666 1781 1677 .
1799 1647 1845 1672 καὶ
1861 1646 1895 1672 τὰ

1105 1694 1217 1730 μεγέθη,
1231 1693 1338 1724 καὶτὰς
1363 1692 1416 1719 τῶν
1432 1691 1546 1727 καρπῶν
1561 1692 1609 1718 καὶ
1625 1693 1778 1727 ποιοτήτων
1791 1691 1896 1727 παραλο

1103 1740 1187 1774 λαγὰς
1209 1739 1250 1770 τίς
1269 1739 1302 1765 ἂν
1316 1737 1422 1764 ἐπέλθοι
1439 1737 1517 1772 λόγος
1532 1736 1716 1773 ἀνθρώπινος;

1143 1787 1212 1813 Ἀλλ’
1235 1787 1249 1812 ὁ
1274 1786 1353 1820 σοφὸς
1373 1783 1449 1817 οὗτος
1470 1785 1524 1811 τῶν
1547 1784 1784 1820 παρηλλαγμένων
1805 1783 1894 1819 ἔργων

1103 1833 1333 1868 παρηλλαγμένας
1347 1832 1393 1859 καὶ
1405 1832 1455 1863 τὰς
1471 1831 1610 1867 ἐνεργείας
1623 1831 1688 1866 ἡμῖν
1700 1831 1892 1864 ἀποφαίνεται.

1103 1876 1118 1911 ἢ
1132 1876 1163 1902 τὸ
1176 1874 1246 1907 εἶδος
1257 1877 1306 1911 τῆς
1321 1875 1394 1907 θείας
1410 1875 1550 1911 ἐνεργείας
1565 1875 1650 1910 μήπω
1662 1874 1767 1909 μαθὼν,
1783 1875 1797 1900 ὃ
1812 1883 1895 1908 φησιν

1102 1923 1118 1957 ἡ
1133 1922 1237 1957 Γραφὴ,
1254 1922 1294 1948 ὄτι
1313 1921 1354 1953 Τῷ
1366 1922 1445 1956 λόγῳ
1455 1920 1681 1955 προστάγματος
1695 1920 1795 1947 πάντα
1812 1920 1894 1955 γεγέο

1102 1975 1197 2000 νηται,
1210 1967 1227 2002 ἢ
1243 1966 1311 2002 πρὸς
1324 1966 1372 2002 τὴν
1383 1966 1437 1993 τῶν
1447 1965 1596 2000 γεγονότων
1607 1965 1737 2001 διαφορὰν
1749 1966 1895 2000 ἀμϐλυώτ-

1101 2021 1164 2039 των·
1185 2012 1232 2039 καὶ
1251 2012 1336 2043 οὕτως
1365 2012 1430 2047 ἡμῖν
1453 2011 1663 2047 ἀπερισκέπτως
1689 2011 1893 2047 φθεγγόμενος,

1101 2060 1166 2094 περὶ
1192 2059 1271 2086 θείων
1293 2058 1434 2093 δογμάτων
1454 2057 1610 2093 νομοθετεῖ,
1631 2057 1708 2084 οὒπω
1728 2058 1800 2093 τάχα
1822 2059 1894 2090 τινὸς

1101 2103 1242 2138 ἀκηκοὼς,
1262 2103 1302 2130 ὅτι
1327 2103 1380 2129 πᾶν
1402 2102 1433 2128 τὸ
1457 2102 1648 2137 άποφαντικῶς
1671 2101 1832 2138 λεγόμενον,
1846 2104 1893 2130 ἐὰν

263 2153 324 2172 cum
342 2145 411 2174 forte
425 2148 541 2176 necdum
554 2158 585 2177 ex
598 2151 727 2185 quopiam
742 2152 868 2183 audierit,
882 2161 961 2181 omne
973 2155 1048 2186 illud.

1104 2148 1140 2184 μὴ
1155 2148 1280 2179 καθόλου,
1302 2148 1332 2176 τὸ
1348 2148 1453 2183 ἄμαχόν
1475 2156 1505 2174 τε
1527 2148 1574 2174 καὶ
1594 2148 1813 2183 ὁμολογούμενον
1831 2150 1893 2183 περὶ

261 2193 335 2226 quod
353 2195 488 2228 negative,
510 2203 563 2222 non
577 2199 667 2223 tamen
684 2197 832 2224 universim
845 2200 1048 2233 pronuntiatur,

262 2238 446 2266 indubitatum
464 2245 490 2268 et
504 2248 667 2269 concessum
683 2250 755 2276 esse,
771 2248 897 2279 respectu
916 2245 954 2272 rei
970 2247 1049 2279 cujus

263 2283 409 2317 probanda:
422 2286 509 2319 gratia
524 2286 681 2314 adducitur.
700 2287 800 2315 Verum
821 2289 855 2316 de
867 2298 912 2322 eo,
927 2291 970 2317 cui
995 2292 1048 2318 vir-

262 2336 435 2365 i'umspectus
461 2336 488 2358 et
506 2340 562 2359 rem
583 2333 666 2368 probe
689 2335 860 2369 perpendens
877 2344 930 2364 non
951 2345 1048 2365 asseu-

262 2375 358 2406 tiatur,
376 2375 438 2402 novi
457 2376 592 2411 dogmatis
607 2382 712 2410 auctor,
740 2379 874 2407 arbitratu
906 2389 966 2414 suo,
1000 2390 1048 2417 pro

262 2427 311 2446 sua
328 2421 503 2452 auctoritate,
517 2422 651 2456 decernit,
668 2424 739 2459 quod
754 2425 820 2452 nihil
837 2427 945 2460 penitus
955 2427 1048 2456 dichrt

262 2472 276 2491 a
295 2465 410 2493 somniis
434 2467 475 2493 vel
505 2468 624 2496 anilibus
646 2468 762 2502 fabellis,
777 2478 839 2505 quae
862 2471 888 2498 in
906 2478 1047 2507 compota-

262 2511 383 2539 tionibus
398 2518 573 2541 enarrantur.
588 2514 710 2551 Cumque
727 2516 752 2542 in
771 2524 854 2551 supra
875 2517 956 2544 dictis
972 2521 1048 2545 tanta

263 2556 329 2583 insit.
343 2556 563 2585 inconvenientia
576 2563 602 2587 et
623 2560 792 2593 absurditas.
814 2562 852 2593 tlt,
872 2567 900 2589 ut
915 2562 1048 2597 quemad-

262 2601 372 2628 modum
390 2602 439 2633 illi.
457 2603 502 2638 qui
520 2611 567 2637 per
580 2606 667 2632 somni
684 2606 855 2640 phantasiam
885 2606 986 2641 aliquid
1002 2614 1048 2634 c0-

263 2655 323 2674 rum
340 2648 442 2683 quibus
457 2649 603 2685 vlgilantes
615 2659 726 2686 operam
735 2651 880 2682 dederunt,
893 2651 944 2678 sihi
956 2652 1048 2680 videre

263 2692 400 2726 videntur,
422 2695 518 2730 cupide
543 2696 586 2729 iis,
608 2705 668 2732 qum
684 2704 738 2725 non
760 2697 898 2725 exsistunt
916 2697 986 2724 amxi
1004 2697 1046 2725 in-

299 2784 317 2801 “
331 2783 403 2814 Psal.
421 2794 530 2820 num,

1102 2194 1149 2221 τοῦ
1162 2194 1341 2229 προκειμένου
1358 2194 1518 2229 πράγματος
1537 2194 1596 2230 ἔχῃ.
1621 2194 1699 2221 Ἀλλὰ
1714 2195 1779 2230 περὶ
1791 2191 1830 2222 ὧν
1843 2195 1892 2222 οὐκ

1102 2240 1134 2267 ἄν
1145 2249 1188 2272 τις
1199 2240 1252 2266 τῶν
1264 2240 1475 2274 ὲεεσκεμμένων
1491 2240 1621 2273 σύνθοιτο,
1637 2241 1701 2276 περὶ
1714 2241 1818 2267 τούτων
1833 2242 1891 2268 κατ’

1103 2284 1226 2317 ἐξουσίαν
1236 2285 1250 2310 ὁ
1263 2284 1432 2319 δογματίζων
1442 2284 1524 2318 λέγει,
1537 2285 1619 2312 Οὐδὲν
1627 2285 1750 2320 διαφέρει
1758 2285 1814 2312 τῶν
1826 2286 1892 2312 ὀνεί-

1103 2339 1166 2366 ρους
1190 2331 1206 2366 ἢ
1221 2329 1322 2365 μύθους
1336 2329 1410 2366 παρὰ
1427 2330 1506 2356 πότον
1523 2330 1717 2365 διηγουμένων.
1732 2331 1789 2358 Καὶ
1801 2331 1891 2358 τοιαύ-

1102 2385 1151 2412 της
1165 2375 1246 2412 οὔσης
1263 2376 1312 2411 τῆς
1323 2377 1351 2402 ὲν
1364 2377 1420 2407 τοῖς
1428 2376 1581 2412 εἰρημένοις
1598 2376 1794 2411 ἀναρμοστίας.
1811 2377 1890 2403 καθά-

1102 2430 1155 2457 περ
1179 2423 1203 2448 οἰ
1234 2422 1266 2450 δι’
1299 2422 1424 2448 ἐνυπνίου
1463 2422 1611 2456 φαντασίας
1639 2422 1692 2448 τῶν
1724 2422 1785 2448 καθ’
1818 2422 1890 2457 ῦπαρ

1103 2467 1325 2501 σπουδαζομένων
1339 2467 1404 2502 ὀρᾷν
1416 2476 1442 2493 τι
1456 2468 1615 2501 νομίσαντες
1624 2486 1632 2498 .
1648 2467 1798 2502 προθύμως
1815 2469 1889 2502 ἕχον-

1101 2521 1144 2539 ται
1157 2512 1210 2537 τῶν
1220 2511 1413 2548 ἀνυπάρκτων,
1423 2513 1470 2540 καὶ
1481 2512 1530 2547 τῆς
1543 2512 1606 2548 περὶ
1616 2513 1646 2539 τδ
1657 2512 1822 2548 φαινόμενον
1834 2515 1889 2539 επι-

1099 2558 1200 2592 θυμίας
1231 2555 1274 2583 διὰ
1297 2556 1346 2590 τῆς
1379 2558 1557 2590 ἡπατημενης
1579 2560 1665 2590 ceam,-
1689 2557 1889 2593 άναπειῦοὑσης

1100 2603 1171 2638 ἔχειν
1192 2602 1301 2628 οἴονται·
1326 2600 1397 2628 οὕτω
1421 2601 1468 2627 καὶ
1494 2600 1574 2632 αὐτὸς
1594 2600 1638 2627 διὰ
1659 2601 1708 2636 τῆς
1731 2602 1890 2638 ὀνειρὼδους

1100 2648 1201 2683 ταύτης
1222 2647 1276 2674 τῶν
1293 2647 1435 2682 δογμάτων
1461 2646 1660 2676 ἁνατυπώσεως
1687 2647 1792 2682 ἰσχύειν
1816 2648 1889 2684 αὑτῷ

1100 2693 1261 2730 φαντασθεὶς
1275 2693 1309 2720 τὰ
1330 2693 1463 2728 εἰρημένα
1473 2713 1479 2725 ,
1503 2692 1588 2720 ταῦτα
1604 2691 1691 2724 οὕτως
1707 2692 1781 2728 ἔχειν
1800 2693 1888 2721 διαϐε-
