  <div class='ocr_page' id='page_1' title='image "/cluster/home/n/w/nwhite01/storage/ocr_20150623/45/njp.32101077772596/202.png"; bbox 0 0 1957 3079; ppageno 0'>
   <div class='ocr_carea' id='block_1_1' title="bbox 57 107 102 137">
    <p class='ocr_par' dir='ltr' id='par_1_1' title="bbox 57 107 102 137">
     <span class='ocr_line' id='line_1_1' title="bbox 57 107 102 137; baseline -0.067 0"><span class='ocrx_word' id='word_1_1' title='bbox 57 107 102 137; x_wconf 75' lang='lat'><strong>381</strong></span> 
     </span>
    </p>
   </div>
   <div class='ocr_carea' id='block_1_2' title="bbox 631 103 1114 136">
    <p class='ocr_par' dir='ltr' id='par_1_2' title="bbox 631 103 1114 136">
     <span class='ocr_line' id='line_1_2' title="bbox 631 103 1114 136; baseline -0.004 -3"><span class='ocrx_word' id='word_1_2' title='bbox 631 104 770 133; x_wconf 79' lang='lat' dir='ltr'><strong>CONTRA</strong></span> <span class='ocrx_word' id='word_1_3' title='bbox 786 103 981 136; x_wconf 75' lang='lat' dir='ltr'><strong>EUNOMlUM,</strong></span> <span class='ocrx_word' id='word_1_4' title='bbox 1008 103 1071 131; x_wconf 82' lang='lat' dir='ltr'><strong>LIB.</strong></span> <span class='ocrx_word' id='word_1_5' title='bbox 1092 103 1114 131; x_wconf 85' lang='grc'><strong>1.</strong></span> 
     </span>
    </p>
   </div>
   <div class='ocr_carea' id='block_1_3' title="bbox 1632 102 1686 129">
    <p class='ocr_par' dir='ltr' id='par_1_3' title="bbox 1632 102 1686 129">
     <span class='ocr_line' id='line_1_3' title="bbox 1632 102 1686 129; baseline -0.019 0"><span class='ocrx_word' id='word_1_6' title='bbox 1632 102 1686 129; x_wconf 69' lang='lat'><strong>581</strong></span> 
     </span>
    </p>
   </div>
   <div class='ocr_carea' id='block_1_4' title="bbox 58 157 861 197">
    <p class='ocr_par' dir='ltr' id='par_1_4' title="bbox 58 160 846 197">
     <span class='ocr_line' id='line_1_4' title="bbox 58 160 846 197; baseline -0.003 -7"><span class='ocrx_word' id='word_1_7' title='bbox 58 163 130 190; x_wconf 75' lang='grc' dir='ltr'>Θείαν</span> <span class='ocrx_word' id='word_1_8' title='bbox 154 169 187 188; x_wconf 73' lang='grc' dir='ltr'>τι</span> <span class='ocrx_word' id='word_1_9' title='bbox 207 161 256 188; x_wconf 80' lang='grc' dir='ltr'>καὶ</span> <span class='ocrx_word' id='word_1_10' title='bbox 279 160 418 197; x_wconf 73' lang='grc' dir='ltr'><strong>μακαρίαν</strong></span> <span class='ocrx_word' id='word_1_11' title='bbox 436 160 516 195; x_wconf 76' lang='grc' dir='ltr'>φύσιν</span> <span class='ocrx_word' id='word_1_12' title='bbox 535 161 698 197; x_wconf 75' lang='grc' dir='ltr'><strong>καθαρεύειν</strong></span> <span class='ocrx_word' id='word_1_13' title='bbox 723 161 777 189; x_wconf 82' lang='grc' dir='ltr'>ἀπὸ</span> <span class='ocrx_word' id='word_1_14' title='bbox 799 160 846 188; x_wconf 80' lang='grc' dir='ltr'>τοῦ</span> 
     </span>
    </p>
   </div>
   <div class='ocr_carea' id='block_1_5' title="bbox 914 157 1684 197">
    <p class='ocr_par' dir='ltr' id='par_1_5' title="bbox 918 157 1684 187">
     <span class='ocr_line' id='line_1_5' title="bbox 918 157 1684 187; baseline -0.003 0"><span class='ocrx_word' id='word_1_15' title='bbox 918 164 1024 187; x_wconf 86' lang='lat' dir='ltr'><strong>aturam</strong></span> <span class='ocrx_word' id='word_1_16' title='bbox 1040 160 1074 187; x_wconf 84' lang='lat' dir='ltr'><strong>ab</strong></span> <span class='ocrx_word' id='word_1_17' title='bbox 1090 159 1198 186; x_wconf 74' lang='lat' dir='ltr'><strong>invidize</strong></span> <span class='ocrx_word' id='word_1_18' title='bbox 1211 159 1308 187; x_wconf 68' lang='lat' dir='ltr'><strong>atrectu</strong></span> <span class='ocrx_word' id='word_1_19' title='bbox 1325 158 1474 186; x_wconf 85' lang='lat' dir='ltr'><strong>immunem</strong></span> <span class='ocrx_word' id='word_1_20' title='bbox 1485 166 1546 187; x_wconf 88' lang='lat' dir='ltr'><strong>esse</strong></span> <span class='ocrx_word' id='word_1_21' title='bbox 1557 157 1684 186; x_wconf 75' lang='lat' dir='ltr'><strong>allii-met?</strong></span> 
     </span>
    </p>
   </div>
   <div class='ocr_carea' id='block_1_6' title="bbox 58 203 851 239">
    <p class='ocr_par' dir='ltr' id='par_1_6' title="bbox 58 203 851 239">
     <span class='ocr_line' id='line_1_6' title="bbox 58 203 851 239; baseline 0 -7"><span class='ocrx_word' id='word_1_22' title='bbox 58 206 125 232; x_wconf 83' lang='grc' dir='ltr'>κατὰ</span> <span class='ocrx_word' id='word_1_23' title='bbox 135 205 182 232; x_wconf 72' lang='grc' dir='ltr'><strong>τὸν</strong></span> <span class='ocrx_word' id='word_1_24' title='bbox 197 205 295 239; x_wconf 74' lang='grc' dir='ltr'>φθόνον</span> <span class='ocrx_word' id='word_1_25' title='bbox 312 205 413 236; x_wconf 72' lang='grc' dir='ltr'>πάθους</span> <span class='ocrx_word' id='word_1_26' title='bbox 433 204 656 238; x_wconf 69' lang='grc' dir='ltr'>ὑπολογίζεσθαις</span> <span class='ocrx_word' id='word_1_27' title='bbox 668 205 735 231; x_wconf 83' lang='grc' dir='ltr'>Ποία</span> <span class='ocrx_word' id='word_1_28' title='bbox 748 203 794 232; x_wconf 77' lang='grc' dir='ltr'>οὖν</span> <span class='ocrx_word' id='word_1_29' title='bbox 808 205 851 232; x_wconf 82' lang='grc' dir='ltr'><strong>εὑ-</strong></span> 
     </span>
    </p>
   </div>
   <div class='ocr_carea' id='block_1_7' title="bbox 59 249 850 287">
    <p class='ocr_par' dir='ltr' id='par_1_7' title="bbox 59 249 850 287">
     <span class='ocr_line' id='line_1_7' title="bbox 59 249 850 287; baseline 0 -10"><span class='ocrx_word' id='word_1_30' title='bbox 59 249 165 287; x_wconf 73' lang='grc' dir='ltr'>πρεπὴς</span> <span class='ocrx_word' id='word_1_31' title='bbox 179 250 256 277; x_wconf 67' lang='grc' dir='ltr'>αἰτία</span> <span class='ocrx_word' id='word_1_32' title='bbox 277 250 325 277; x_wconf 74' lang='grc' dir='ltr'>τοῦ</span> <span class='ocrx_word' id='word_1_33' title='bbox 345 250 430 277; x_wconf 82' lang='grc' dir='ltr'>ταῦτα</span> <span class='ocrx_word' id='word_1_34' title='bbox 450 249 521 277; x_wconf 73' lang='grc' dir='ltr'>οὕτω</span> <span class='ocrx_word' id='word_1_35' title='bbox 542 249 617 285; x_wconf 78' lang='grc' dir='ltr'>παρὰ</span> <span class='ocrx_word' id='word_1_36' title='bbox 637 250 684 277; x_wconf 82' lang='grc' dir='ltr'>τοῦ</span> <span class='ocrx_word' id='word_1_37' title='bbox 706 250 773 277; x_wconf 78' lang='grc' dir='ltr'>θεοῦ</span> <span class='ocrx_word' id='word_1_38' title='bbox 795 251 850 277; x_wconf 77' lang='grc' dir='ltr'>τῶν</span> 
     </span>
    </p>
   </div>
   <div class='ocr_carea' id='block_1_8' title="bbox 59 296 852 332">
    <p class='ocr_par' dir='ltr' id='par_1_8' title="bbox 59 296 852 332">
     <span class='ocr_line' id='line_1_8' title="bbox 59 296 852 332; baseline 0 -9"><span class='ocrx_word' id='word_1_39' title='bbox 59 299 125 324; x_wconf 77' lang='grc' dir='ltr'>ὅλων</span> <span class='ocrx_word' id='word_1_40' title='bbox 144 297 192 323; x_wconf 72' lang='grc' dir='ltr'><strong>ἐπὶ</strong></span> <span class='ocrx_word' id='word_1_41' title='bbox 208 297 257 324; x_wconf 82' lang='grc' dir='ltr'>τοῦ</span> <span class='ocrx_word' id='word_1_42' title='bbox 273 296 442 331; x_wconf 71' lang='grc' dir='ltr'>Μονογενοῦς</span> <span class='ocrx_word' id='word_1_43' title='bbox 463 297 509 323; x_wconf 73' lang='grc' dir='ltr'>καὶ</span> <span class='ocrx_word' id='word_1_44' title='bbox 523 296 570 323; x_wconf 79' lang='grc' dir='ltr'>τοῦ</span> <span class='ocrx_word' id='word_1_45' title='bbox 588 296 745 332; x_wconf 81' lang='grc' dir='ltr'>Πνεὺματος</span> <span class='ocrx_word' id='word_1_46' title='bbox 766 297 852 324; x_wconf 75' lang='grc' dir='ltr'><strong>διατε⁹</strong></span> 
     </span>
    </p>
   </div>
   <div class='ocr_carea' id='block_1_9' title="bbox 59 340 850 377">
    <p class='ocr_par' dir='ltr' id='par_1_9' title="bbox 59 340 850 377">
     <span class='ocr_line' id='line_1_9' title="bbox 59 340 850 377; baseline -0.001 -8"><span class='ocrx_word' id='word_1_47' title='bbox 59 342 172 377; x_wconf 53' lang='lat' dir='ltr'><strong>mixtim;</strong></span> <span class='ocrx_word' id='word_1_48' title='bbox 194 342 267 368; x_wconf 84' lang='grc' dir='ltr'>Ἀλλ’</span> <span class='ocrx_word' id='word_1_49' title='bbox 282 343 336 368; x_wconf 80' lang='grc' dir='ltr'>οὐκ</span> <span class='ocrx_word' id='word_1_50' title='bbox 348 342 461 369; x_wconf 70' lang='grc' dir='ltr'>ἐκεῖθεν</span> <span class='ocrx_word' id='word_1_51' title='bbox 477 341 567 377; x_wconf 70' lang='grc' dir='ltr'>φησίν.</span> <span class='ocrx_word' id='word_1_52' title='bbox 580 341 665 368; x_wconf 79' lang='grc' dir='ltr'>Πόθεν</span> <span class='ocrx_word' id='word_1_53' title='bbox 675 340 721 369; x_wconf 83' lang='grc' dir='ltr'>οὖν</span> <span class='ocrx_word' id='word_1_54' title='bbox 731 342 850 374; x_wconf 76' lang='grc' dir='ltr'>ἄλλοθεν,</span> 
     </span>
    </p>
   </div>
   <div class='ocr_carea' id='block_1_10' title="bbox 59 386 852 423">
    <p class='ocr_par' dir='ltr' id='par_1_10' title="bbox 59 386 852 423">
     <span class='ocr_line' id='line_1_10' title="bbox 59 386 852 423; baseline 0.001 -10"><span class='ocrx_word' id='word_1_55' title='bbox 59 389 82 413; x_wconf 81' lang='grc' dir='ltr'>εἰ</span> <span class='ocrx_word' id='word_1_56' title='bbox 98 386 134 422; x_wconf 76' lang='grc' dir='ltr'>μὴ</span> <span class='ocrx_word' id='word_1_57' title='bbox 146 386 218 413; x_wconf 77' lang='grc' dir='ltr'>κατὰ</span> <span class='ocrx_word' id='word_1_58' title='bbox 232 386 280 421; x_wconf 84' lang='grc' dir='ltr'><strong>τὴν</strong></span> <span class='ocrx_word' id='word_1_59' title='bbox 294 386 374 421; x_wconf 79' lang='grc' dir='ltr'>φύσιν</span> <span class='ocrx_word' id='word_1_60' title='bbox 384 386 490 418; x_wconf 79' lang='grc' dir='ltr'><strong>οἰκείως</strong></span> <span class='ocrx_word' id='word_1_61' title='bbox 505 386 621 421; x_wconf 77' lang='grc' dir='ltr'>ἔχουσιν,</span> <span class='ocrx_word' id='word_1_62' title='bbox 635 387 651 422; x_wconf 85' lang='grc' dir='ltr'><strong>ή</strong></span> <span class='ocrx_word' id='word_1_63' title='bbox 666 387 790 423; x_wconf 83' lang='grc' dir='ltr'>συμφυὴς</span> <span class='ocrx_word' id='word_1_64' title='bbox 803 387 852 414; x_wconf 80' lang='grc' dir='ltr'>αύ-</span> 
     </span>
    </p>
   </div>
   <div class='ocr_carea' id='block_1_11' title="bbox 58 431 852 468">
    <p class='ocr_par' dir='ltr' id='par_1_11' title="bbox 58 431 852 468">
     <span class='ocr_line' id='line_1_11' title="bbox 58 431 852 468; baseline -0.001 -8"><span class='ocrx_word' id='word_1_65' title='bbox 58 434 112 464; x_wconf 82' lang='grc' dir='ltr'>τοῖς</span> <span class='ocrx_word' id='word_1_66' title='bbox 121 431 200 465; x_wconf 80' lang='grc' dir='ltr'><strong>τάξις</strong></span> <span class='ocrx_word' id='word_1_67' title='bbox 209 432 382 468; x_wconf 77' lang='grc' dir='ltr'>ἑνθεωρεῖται</span> <span class='ocrx_word' id='word_1_68' title='bbox 390 440 397 464; x_wconf 84' lang='grc'>;</span> <span class='ocrx_word' id='word_1_69' title='bbox 406 431 478 459; x_wconf 83' lang='grc' dir='ltr'>Ἀλλ’</span> <span class='ocrx_word' id='word_1_70' title='bbox 490 432 554 463; x_wconf 85' lang='grc' dir='ltr'>ἴσως</span> <span class='ocrx_word' id='word_1_71' title='bbox 560 431 590 458; x_wconf 83' lang='grc' dir='ltr'><strong>τὸ</strong></span> <span class='ocrx_word' id='word_1_72' title='bbox 600 432 743 467; x_wconf 79' lang='grc' dir='ltr'>ὑφειμένον</span> <span class='ocrx_word' id='word_1_73' title='bbox 753 433 801 468; x_wconf 79' lang='grc' dir='ltr'>τῆς</span> <span class='ocrx_word' id='word_1_74' title='bbox 807 433 852 459; x_wconf 74' lang='lat' dir='ltr'><strong>ob-</strong></span> 
     </span>
    </p>
   </div>
   <div class='ocr_carea' id='block_1_12' title="bbox 62 476 852 513">
    <p class='ocr_par' dir='ltr' id='par_1_12' title="bbox 62 476 852 513">
     <span class='ocr_line' id='line_1_12' title="bbox 62 476 852 513; baseline -0.003 -8"><span class='ocrx_word' id='word_1_75' title='bbox 62 478 120 510; x_wconf 86' lang='grc' dir='ltr'>σίας</span> <span class='ocrx_word' id='word_1_76' title='bbox 136 478 185 504; x_wconf 74' lang='grc' dir='ltr'><strong>ἐπὶ</strong></span> <span class='ocrx_word' id='word_1_77' title='bbox 199 477 247 505; x_wconf 76' lang='grc' dir='ltr'>τοῦ</span> <span class='ocrx_word' id='word_1_78' title='bbox 263 477 329 504; x_wconf 86' lang='grc' dir='ltr'><strong>Υῑοῦ</strong></span> <span class='ocrx_word' id='word_1_79' title='bbox 356 478 403 505; x_wconf 58' lang='grc' dir='ltr'><strong>καὶ⁹</strong></span> <span class='ocrx_word' id='word_1_80' title='bbox 420 476 465 503; x_wconf 83' lang='grc' dir='ltr'>τοῦ</span> <span class='ocrx_word' id='word_1_81' title='bbox 481 477 649 513; x_wconf 83' lang='grc' dir='ltr'>Πνεύματος,</span> <span class='ocrx_word' id='word_1_82' title='bbox 662 478 695 504; x_wconf 81' lang='grc' dir='ltr'>τὸ</span> <span class='ocrx_word' id='word_1_83' title='bbox 713 478 852 512; x_wconf 63' lang='grc' dir='ltr'>συμφυὲς</span> 
     </span>
    </p>
   </div>
   <div class='ocr_carea' id='block_1_13' title="bbox 60 521 851 560">
    <p class='ocr_par' dir='ltr' id='par_1_13' title="bbox 60 521 851 560">
     <span class='ocr_line' id='line_1_13' title="bbox 60 521 851 560; baseline -0.001 -10"><span class='ocrx_word' id='word_1_84' title='bbox 60 523 190 560; x_wconf 73' lang='grc' dir='ltr'><strong>ὀνομάζει</strong></span> <span class='ocrx_word' id='word_1_85' title='bbox 206 522 260 556; x_wconf 85' lang='grc' dir='ltr'>τῆς</span> <span class='ocrx_word' id='word_1_86' title='bbox 275 523 396 555; x_wconf 81' lang='grc' dir='ltr'>τάξεως.</span> <span class='ocrx_word' id='word_1_87' title='bbox 425 522 494 549; x_wconf 64' lang='grc' dir='ltr'>’Λλλσ</span> <span class='ocrx_word' id='word_1_88' title='bbox 516 521 571 557; x_wconf 77' lang='grc' dir='ltr'><strong>ἐγὼ</strong></span> <span class='ocrx_word' id='word_1_89' title='bbox 587 523 635 549; x_wconf 73' lang='grc' dir='ltr'>καὶ</span> <span class='ocrx_word' id='word_1_90' title='bbox 652 522 733 549; x_wconf 88' lang='grc' dir='ltr'><strong>αὺτοῦ</strong></span> <span class='ocrx_word' id='word_1_91' title='bbox 756 522 851 549; x_wconf 85' lang='grc' dir='ltr'>τούτου</span> 
     </span>
    </p>
   </div>
   <div class='ocr_carea' id='block_1_14' title="bbox 61 567 852 606">
    <p class='ocr_par' dir='ltr' id='par_1_14' title="bbox 61 567 852 606">
     <span class='ocr_line' id='line_1_14' title="bbox 61 567 852 606; baseline -0.003 -10"><span class='ocrx_word' id='word_1_92' title='bbox 61 570 155 606; x_wconf 76' lang='grc' dir='ltr'>δέομαι</span> <span class='ocrx_word' id='word_1_93' title='bbox 171 569 222 604; x_wconf 83' lang='grc' dir='ltr'>τὴν</span> <span class='ocrx_word' id='word_1_94' title='bbox 237 568 325 596; x_wconf 79' lang='grc' dir='ltr'>αἰτίαν</span> <span class='ocrx_word' id='word_1_95' title='bbox 344 567 449 604; x_wconf 85' lang='grc' dir='ltr'>μαθεῖν.</span> <span class='ocrx_word' id='word_1_96' title='bbox 464 568 497 595; x_wconf 80' lang='grc' dir='ltr'><strong>δι’</strong></span> <span class='ocrx_word' id='word_1_97' title='bbox 511 568 543 604; x_wconf 73' lang='grc' dir='ltr'>ἢν</span> <span class='ocrx_word' id='word_1_98' title='bbox 556 569 570 594; x_wconf 89' lang='lat'><strong>6</strong></span> <span class='ocrx_word' id='word_1_99' title='bbox 582 567 646 599; x_wconf 78' lang='grc' dir='ltr'>Υἱὸς</span> <span class='ocrx_word' id='word_1_100' title='bbox 662 568 732 595; x_wconf 78' lang='grc' dir='ltr'>κατὰ</span> <span class='ocrx_word' id='word_1_101' title='bbox 744 568 793 603; x_wconf 80' lang='grc' dir='ltr'>τὴν</span> <span class='ocrx_word' id='word_1_102' title='bbox 808 569 852 595; x_wconf 85' lang='grc' dir='ltr'><strong>οὐ-</strong></span> 
     </span>
    </p>
   </div>
   <div class='ocr_carea' id='block_1_15' title="bbox 63 614 853 650">
    <p class='ocr_par' dir='ltr' id='par_1_15' title="bbox 63 614 853 650">
     <span class='ocr_line' id='line_1_15' title="bbox 63 614 853 650; baseline -0.003 -7"><span class='ocrx_word' id='word_1_103' title='bbox 63 616 120 643; x_wconf 83' lang='grc' dir='ltr'>σίαν</span> <span class='ocrx_word' id='word_1_104' title='bbox 142 615 313 650; x_wconf 67' lang='grc' dir='ltr'>ἠλάττωται,</span> <span class='ocrx_word' id='word_1_105' title='bbox 335 615 384 649; x_wconf 82' lang='grc' dir='ltr'>τῆς</span> <span class='ocrx_word' id='word_1_106' title='bbox 407 614 501 646; x_wconf 74' lang='grc' dir='ltr'>οὐσίας</span> <span class='ocrx_word' id='word_1_107' title='bbox 517 615 564 642; x_wconf 74' lang='grc' dir='ltr'>καὶ</span> <span class='ocrx_word' id='word_1_108' title='bbox 579 615 717 650; x_wconf 79' lang='grc' dir='ltr'>ἐνεργείας</span> <span class='ocrx_word' id='word_1_109' title='bbox 740 615 768 641; x_wconf 83' lang='grc' dir='ltr'>ὲν</span> <span class='ocrx_word' id='word_1_110' title='bbox 797 615 853 647; x_wconf 79' lang='grc' dir='ltr'>τοῖς</span> 
     </span>
    </p>
   </div>
   <div class='ocr_carea' id='block_1_16' title="bbox 63 658 853 695">
    <p class='ocr_par' dir='ltr' id='par_1_16' title="bbox 63 658 853 695">
     <span class='ocr_line' id='line_1_16' title="bbox 63 658 853 695; baseline 0.003 -10"><span class='ocrx_word' id='word_1_111' title='bbox 63 660 129 691; x_wconf 82' lang='grc' dir='ltr'>ἴσοις</span> <span class='ocrx_word' id='word_1_112' title='bbox 156 660 205 686; x_wconf 76' lang='grc' dir='ltr'>καὶ</span> <span class='ocrx_word' id='word_1_113' title='bbox 221 660 278 690; x_wconf 87' lang='grc' dir='ltr'>τοῖς</span> <span class='ocrx_word' id='word_1_114' title='bbox 299 659 392 690; x_wconf 72' lang='grc' dir='ltr'>αὐτοῖς</span> <span class='ocrx_word' id='word_1_115' title='bbox 408 659 577 695; x_wconf 86' lang='grc' dir='ltr'>γνωρίσμασί</span> <span class='ocrx_word' id='word_1_116' title='bbox 596 669 624 687; x_wconf 82' lang='grc' dir='ltr'><strong>τε</strong></span> <span class='ocrx_word' id='word_1_117' title='bbox 647 659 694 686; x_wconf 75' lang='grc' dir='ltr'>καὶ</span> <span class='ocrx_word' id='word_1_118' title='bbox 712 658 853 694; x_wconf 73' lang='grc' dir='ltr'>ῑδιιίιμασιν</span> 
     </span>
    </p>
   </div>
   <div class='ocr_carea' id='block_1_17' title="bbox 63 705 854 741">
    <p class='ocr_par' dir='ltr' id='par_1_17' title="bbox 63 705 854 741">
     <span class='ocr_line' id='line_1_17' title="bbox 63 705 854 741; baseline 0 -9"><span class='ocrx_word' id='word_1_119' title='bbox 63 706 274 741; x_wconf 72' lang='grc' dir='ltr'>εὑρισκομένων.</span> <span class='ocrx_word' id='word_1_120' title='bbox 298 705 329 732; x_wconf 86' lang='grc' dir='ltr'><strong>Εἰ</strong></span> <span class='ocrx_word' id='word_1_121' title='bbox 351 705 379 733; x_wconf 72' lang='grc' dir='ltr'>δὲ</span> <span class='ocrx_word' id='word_1_122' title='bbox 400 706 449 734; x_wconf 75' lang='grc' dir='ltr'><strong>οὐκ</strong></span> <span class='ocrx_word' id='word_1_123' title='bbox 467 705 548 738; x_wconf 74' lang='grc' dir='ltr'>αὐτὸς</span> <span class='ocrx_word' id='word_1_124' title='bbox 564 706 612 741; x_wconf 81' lang='grc' dir='ltr'>τῆς</span> <span class='ocrx_word' id='word_1_125' title='bbox 635 715 663 734; x_wconf 78' lang='grc' dir='ltr'><strong>τε</strong></span> <span class='ocrx_word' id='word_1_126' title='bbox 681 705 774 738; x_wconf 79' lang='grc' dir='ltr'>οὐσίας</span> <span class='ocrx_word' id='word_1_127' title='bbox 806 706 854 733; x_wconf 70' lang='grc' dir='ltr'>καὶ</span> 
     </span>
    </p>
   </div>
   <div class='ocr_carea' id='block_1_18' title="bbox 62 751 853 788">
    <p class='ocr_par' dir='ltr' id='par_1_18' title="bbox 62 751 853 788">
     <span class='ocr_line' id='line_1_18' title="bbox 62 751 853 788; baseline -0.001 -10"><span class='ocrx_word' id='word_1_128' title='bbox 62 754 110 788; x_wconf 77' lang='grc' dir='ltr'>τῆς</span> <span class='ocrx_word' id='word_1_129' title='bbox 125 752 268 787; x_wconf 76' lang='grc' dir='ltr'>ἐνεργείας</span> <span class='ocrx_word' id='word_1_130' title='bbox 284 753 298 779; x_wconf 87' lang='lat'><strong>6</strong></span> <span class='ocrx_word' id='word_1_131' title='bbox 313 752 405 786; x_wconf 81' lang='grc' dir='ltr'>λόγος,</span> <span class='ocrx_word' id='word_1_132' title='bbox 428 751 496 779; x_wconf 81' lang='grc' dir='ltr'>ἀλλὰ</span> <span class='ocrx_word' id='word_1_133' title='bbox 517 752 642 787; x_wconf 79' lang='grc' dir='ltr'>διάφορον</span> <span class='ocrx_word' id='word_1_134' title='bbox 658 751 700 786; x_wconf 74' lang='grc' dir='ltr'><strong>ἐφ’</strong></span> <span class='ocrx_word' id='word_1_135' title='bbox 723 751 853 787; x_wconf 75' lang='grc' dir='ltr'>ἑκατέρου</span> 
     </span>
    </p>
   </div>
   <div class='ocr_carea' id='block_1_19' title="bbox 62 797 854 833">
    <p class='ocr_par' dir='ltr' id='par_1_19' title="bbox 62 797 854 833">
     <span class='ocr_line' id='line_1_19' title="bbox 62 797 854 833; baseline 0 -9"><span class='ocrx_word' id='word_1_136' title='bbox 62 798 92 825; x_wconf 79' lang='grc' dir='ltr'>τδ</span> <span class='ocrx_word' id='word_1_137' title='bbox 107 797 318 833; x_wconf 75' lang='grc' dir='ltr'>σημαινόμενον,</span> <span class='ocrx_word' id='word_1_138' title='bbox 335 798 393 830; x_wconf 78' lang='grc' dir='ltr'>πῶς</span> <span class='ocrx_word' id='word_1_139' title='bbox 408 797 451 824; x_wconf 76' lang='grc' dir='ltr'><strong>διὰ</strong></span> <span class='ocrx_word' id='word_1_140' title='bbox 468 798 522 825; x_wconf 83' lang='grc' dir='ltr'><strong>τῶν</strong></span> <span class='ocrx_word' id='word_1_141' title='bbox 537 797 620 830; x_wconf 79' lang='grc' dir='ltr'>ξένων</span> <span class='ocrx_word' id='word_1_142' title='bbox 646 798 692 824; x_wconf 71' lang='grc' dir='ltr'><strong>καὶ</strong></span> <span class='ocrx_word' id='word_1_143' title='bbox 707 797 854 833; x_wconf 77' lang='grc' dir='ltr'>ἀλλοτρίων</span> 
     </span>
    </p>
   </div>
   <div class='ocr_carea' id='block_1_20' title="bbox 63 835 892 878">
    <p class='ocr_par' dir='ltr' id='par_1_20' title="bbox 63 835 892 878">
     <span class='ocr_line' id='line_1_20' title="bbox 63 835 892 878; baseline 0 -9"><span class='ocrx_word' id='word_1_144' title='bbox 63 843 90 869; x_wconf 80' lang='grc' dir='ltr'>αἱ</span> <span class='ocrx_word' id='word_1_145' title='bbox 102 842 255 874; x_wconf 75' lang='grc' dir='ltr'>ἀποδείξεις</span> <span class='ocrx_word' id='word_1_146' title='bbox 268 843 324 874; x_wconf 80' lang='grc' dir='ltr'>τοῖς</span> <span class='ocrx_word' id='word_1_147' title='bbox 336 841 511 878; x_wconf 83' lang='grc' dir='ltr'>ζητουμένοις</span> <span class='ocrx_word' id='word_1_148' title='bbox 524 842 671 876; x_wconf 73' lang='grc' dir='ltr'>ἐπάγονται</span> <span class='ocrx_word' id='word_1_149' title='bbox 680 851 692 875; x_wconf 35' lang='lat'><strong>;,</strong></span> <span class='ocrx_word' id='word_1_150' title='bbox 704 842 808 877; x_wconf 83' lang='grc' dir='ltr'>Ὥσπερ</span> <span class='ocrx_word' id='word_1_151' title='bbox 822 842 853 869; x_wconf 87' lang='grc' dir='ltr'>ἂν</span> <span class='ocrx_word' id='word_1_152' title='bbox 871 835 892 862; x_wconf 67' lang='grc' dir='ltr'><strong>Β</strong></span> 
     </span>
    </p>
   </div>
   <div class='ocr_carea' id='block_1_21' title="bbox 64 888 852 925">
    <p class='ocr_par' dir='ltr' id='par_1_21' title="bbox 64 888 852 925">
     <span class='ocr_line' id='line_1_21' title="bbox 64 888 852 925; baseline 0 -11"><span class='ocrx_word' id='word_1_153' title='bbox 64 889 88 915; x_wconf 76' lang='grc' dir='ltr'><strong>εἰ</strong></span> <span class='ocrx_word' id='word_1_154' title='bbox 100 897 153 920; x_wconf 82' lang='grc' dir='ltr'>τις.</span> <span class='ocrx_word' id='word_1_155' title='bbox 170 888 488 924; x_wconf 85' lang='grc' dir='ltr'>πολυπραγμονουμένης</span> <span class='ocrx_word' id='word_1_156' title='bbox 500 889 549 923; x_wconf 80' lang='grc' dir='ltr'><strong>τῆς</strong></span> <span class='ocrx_word' id='word_1_157' title='bbox 562 889 736 925; x_wconf 77' lang='grc' dir='ltr'>ἀνθρωπίνης</span> <span class='ocrx_word' id='word_1_158' title='bbox 749 889 852 920; x_wconf 79' lang='grc' dir='ltr'>οὐσίας,</span> 
     </span>
    </p>
   </div>
   <div class='ocr_carea' id='block_1_22' title="bbox 64 933 854 970">
    <p class='ocr_par' dir='ltr' id='par_1_22' title="bbox 64 933 854 970">
     <span class='ocr_line' id='line_1_22' title="bbox 64 933 854 970; baseline 0 -10"><span class='ocrx_word' id='word_1_159' title='bbox 64 934 109 961; x_wconf 68' lang='grc' dir='ltr'><strong>καὶ</strong></span> <span class='ocrx_word' id='word_1_160' title='bbox 130 934 301 969; x_wconf 76' lang='grc' dir='ltr'>ζητουμένου</span> <span class='ocrx_word' id='word_1_161' title='bbox 325 934 350 960; x_wconf 76' lang='grc' dir='ltr'>ει</span> <span class='ocrx_word' id='word_1_162' title='bbox 371 934 530 968; x_wconf 78' lang='grc' dir='ltr'>γελαστικὸν</span> <span class='ocrx_word' id='word_1_163' title='bbox 547 934 615 966; x_wconf 79' lang='grc' dir='ltr'>ζῶον</span> <span class='ocrx_word' id='word_1_164' title='bbox 631 935 645 961; x_wconf 86' lang='lat'><strong>6</strong></span> <span class='ocrx_word' id='word_1_165' title='bbox 668 934 819 970; x_wconf 76' lang='grc' dir='ltr'>ἄνθρωπος.</span> <span class='ocrx_word' id='word_1_166' title='bbox 837 933 854 969; x_wconf 78' lang='grc' dir='ltr'>ἢ</span> 
     </span>
    </p>
   </div>
   <div class='ocr_carea' id='block_1_23' title="bbox 64 978 856 1016">
    <p class='ocr_par' dir='ltr' id='par_1_23' title="bbox 64 978 856 1016">
     <span class='ocr_line' id='line_1_23' title="bbox 64 978 856 1016; baseline 0 -10"><span class='ocrx_word' id='word_1_167' title='bbox 64 981 263 1015; x_wconf 70' lang='grc' dir='ltr'>γραμματικῆς</span> <span class='ocrx_word' id='word_1_168' title='bbox 273 979 406 1012; x_wconf 63' lang='grc' dir='ltr'>δεκτικὴν,</span> <span class='ocrx_word' id='word_1_169' title='bbox 419 981 458 1013; x_wconf 83' lang='grc' dir='ltr'><strong>είς</strong></span> <span class='ocrx_word' id='word_1_170' title='bbox 472 978 609 1014; x_wconf 73' lang='grc' dir='ltr'>ἀπόῖειξιν</span> <span class='ocrx_word' id='word_1_171' title='bbox 621 980 668 1008; x_wconf 79' lang='grc' dir='ltr'>τοῦ</span> <span class='ocrx_word' id='word_1_172' title='bbox 681 981 856 1016; x_wconf 81' lang='grc' dir='ltr'>προτεθέντος</span> 
     </span>
    </p>
   </div>
   <div class='ocr_carea' id='block_1_24' title="bbox 64 1025 856 1061">
    <p class='ocr_par' dir='ltr' id='par_1_24' title="bbox 64 1025 856 1061">
     <span class='ocr_line' id='line_1_24' title="bbox 64 1025 856 1061; baseline -0.006 -9"><span class='ocrx_word' id='word_1_173' title='bbox 64 1025 276 1060; x_wconf 75' lang='grc' dir='ltr'>παραλαμϐάνοι</span> <span class='ocrx_word' id='word_1_174' title='bbox 299 1025 387 1057; x_wconf 79' lang='grc' dir='ltr'>οἰκίας</span> <span class='ocrx_word' id='word_1_175' title='bbox 425 1026 441 1061; x_wconf 87' lang='grc' dir='ltr'>ἢ</span> <span class='ocrx_word' id='word_1_176' title='bbox 466 1026 557 1052; x_wconf 80' lang='grc' dir='ltr'>πλοίου</span> <span class='ocrx_word' id='word_1_177' title='bbox 581 1026 764 1061; x_wconf 66' lang='grc' dir='ltr'>κατασκευὴν,</span> <span class='ocrx_word' id='word_1_178' title='bbox 787 1026 820 1061; x_wconf 75' lang='grc' dir='ltr'>ἣν</span> <span class='ocrx_word' id='word_1_179' title='bbox 842 1026 856 1052; x_wconf 74' lang='grc' dir='ltr'><strong>ό</strong></span> 
     </span>
    </p>
   </div>
   <div class='ocr_carea' id='block_1_25' title="bbox 63 1071 856 1107">
    <p class='ocr_par' dir='ltr' id='par_1_25' title="bbox 63 1071 856 1107">
     <span class='ocr_line' id='line_1_25' title="bbox 63 1071 856 1107; baseline 0.001 -10"><span class='ocrx_word' id='word_1_180' title='bbox 63 1071 205 1106; x_wconf 77' lang='grc' dir='ltr'>οἰκοδόμος</span> <span class='ocrx_word' id='word_1_181' title='bbox 221 1071 237 1106; x_wconf 74' lang='grc' dir='ltr'><strong>ἢ</strong></span> <span class='ocrx_word' id='word_1_182' title='bbox 259 1072 274 1097; x_wconf 97' lang='lat'><strong>6</strong></span> <span class='ocrx_word' id='word_1_183' title='bbox 290 1071 427 1106; x_wconf 77' lang='grc' dir='ltr'>ναυπηγδς</span> <span class='ocrx_word' id='word_1_184' title='bbox 443 1072 604 1107; x_wconf 73' lang='grc' dir='ltr'>ἐτεκτήνατο</span> <span class='ocrx_word' id='word_1_185' title='bbox 615 1080 621 1088; x_wconf 91' lang='grc'><strong>·</strong></span> <span class='ocrx_word' id='word_1_186' title='bbox 635 1071 729 1098; x_wconf 77' lang='grc' dir='ltr'>ἔπειτα</span> <span class='ocrx_word' id='word_1_187' title='bbox 751 1072 856 1107; x_wconf 77' lang='grc' dir='ltr'>ἰσχυρί-</span> 
     </span>
    </p>
   </div>
   <div class='ocr_carea' id='block_1_26' title="bbox 64 1115 857 1152">
    <p class='ocr_par' dir='ltr' id='par_1_26' title="bbox 64 1115 857 1152">
     <span class='ocr_line' id='line_1_26' title="bbox 64 1115 857 1152; baseline 0 -10"><span class='ocrx_word' id='word_1_188' title='bbox 64 1118 135 1149; x_wconf 82' lang='grc' dir='ltr'>ζοιτο</span> <span class='ocrx_word' id='word_1_189' title='bbox 154 1116 194 1152; x_wconf 80' lang='grc' dir='ltr'>τῷ</span> <span class='ocrx_word' id='word_1_190' title='bbox 212 1115 286 1152; x_wconf 81' lang='grc' dir='ltr'><strong>σοφῷ</strong></span> <span class='ocrx_word' id='word_1_191' title='bbox 304 1116 392 1152; x_wconf 82' lang='grc' dir='ltr'>τούτῳ</span> <span class='ocrx_word' id='word_1_192' title='bbox 409 1116 490 1152; x_wconf 84' lang='grc' dir='ltr'>λόγῳ,</span> <span class='ocrx_word' id='word_1_193' title='bbox 509 1117 549 1143; x_wconf 80' lang='grc' dir='ltr'>ὅτι</span> <span class='ocrx_word' id='word_1_194' title='bbox 570 1118 629 1148; x_wconf 78' lang='grc' dir='ltr'>ταῖς</span> <span class='ocrx_word' id='word_1_195' title='bbox 643 1117 794 1152; x_wconf 70' lang='grc' dir='ltr'>ἐνεργείαις</span> <span class='ocrx_word' id='word_1_196' title='bbox 808 1116 857 1148; x_wconf 72' lang='grc' dir='ltr'><strong>τὰς</strong></span> 
     </span>
    </p>
   </div>
   <div class='ocr_carea' id='block_1_27' title="bbox 63 1162 857 1199">
    <p class='ocr_par' dir='ltr' id='par_1_27' title="bbox 63 1162 857 1199">
     <span class='ocr_line' id='line_1_27' title="bbox 63 1162 857 1199; baseline -0.001 -9"><span class='ocrx_word' id='word_1_197' title='bbox 63 1163 156 1194; x_wconf 70' lang='grc' dir='ltr'>οὐσίας</span> <span class='ocrx_word' id='word_1_198' title='bbox 171 1162 343 1198; x_wconf 76' lang='grc' dir='ltr'>γνωρίζομεν</span> <span class='ocrx_word' id='word_1_199' title='bbox 353 1171 359 1178; x_wconf 92' lang='grc'>·</span> <span class='ocrx_word' id='word_1_200' title='bbox 375 1163 498 1199; x_wconf 80' lang='grc' dir='ltr'>ἐνέργεια</span> <span class='ocrx_word' id='word_1_201' title='bbox 511 1163 538 1189; x_wconf 80' lang='grc' dir='ltr'><strong>δὲ</strong></span> <span class='ocrx_word' id='word_1_202' title='bbox 554 1163 600 1190; x_wconf 71' lang='grc' dir='ltr'>τοῦ</span> <span class='ocrx_word' id='word_1_203' title='bbox 616 1163 770 1199; x_wconf 85' lang='grc' dir='ltr'>ἀνθρώπου,</span> <span class='ocrx_word' id='word_1_204' title='bbox 787 1163 804 1198; x_wconf 88' lang='grc' dir='ltr'><strong>ἡ</strong></span> <span class='ocrx_word' id='word_1_205' title='bbox 818 1164 857 1189; x_wconf 87' lang='grc' dir='ltr'><strong>οἰ-</strong></span> 
     </span>
    </p>
   </div>
   <div class='ocr_carea' id='block_1_28' title="bbox 65 1206 857 1244">
    <p class='ocr_par' dir='ltr' id='par_1_28' title="bbox 65 1206 857 1244">
     <span class='ocr_line' id='line_1_28' title="bbox 65 1206 857 1244; baseline 0 -10"><span class='ocrx_word' id='word_1_206' title='bbox 65 1208 109 1235; x_wconf 85' lang='grc' dir='ltr'><strong>κία</strong></span> <span class='ocrx_word' id='word_1_207' title='bbox 122 1209 170 1234; x_wconf 73' lang='grc' dir='ltr'>καὶ</span> <span class='ocrx_word' id='word_1_208' title='bbox 184 1208 216 1234; x_wconf 73' lang='grc' dir='ltr'><strong>τὸ</strong></span> <span class='ocrx_word' id='word_1_209' title='bbox 231 1207 333 1235; x_wconf 86' lang='grc' dir='ltr'>πλοῖον.</span> <span class='ocrx_word' id='word_1_210' title='bbox 353 1208 400 1234; x_wconf 86' lang='grc' dir='ltr'>Ἐκ</span> <span class='ocrx_word' id='word_1_211' title='bbox 416 1208 517 1235; x_wconf 86' lang='grc' dir='ltr'>τούτων</span> <span class='ocrx_word' id='word_1_212' title='bbox 539 1206 592 1244; x_wconf 80' lang='grc' dir='ltr'><strong>ἄρα</strong></span> <span class='ocrx_word' id='word_1_213' title='bbox 615 1207 857 1243; x_wconf 79' lang='grc' dir='ltr'>καταλαμϐάνομεν</span> 
     </span>
    </p>
   </div>
   <div class='ocr_carea' id='block_1_29' title="bbox 65 1252 856 1290">
    <p class='ocr_par' dir='ltr' id='par_1_29' title="bbox 65 1252 856 1290">
     <span class='ocr_line' id='line_1_29' title="bbox 65 1252 856 1290; baseline -0.001 -9"><span class='ocrx_word' id='word_1_214' title='bbox 65 1254 93 1281; x_wconf 71' lang='grc' dir='ltr'>τὸ</span> <span class='ocrx_word' id='word_1_215' title='bbox 105 1253 302 1289; x_wconf 72' lang='grc' dir='ltr'>πλατυώνυχον</span> <span class='ocrx_word' id='word_1_216' title='bbox 329 1255 376 1281; x_wconf 76' lang='grc' dir='ltr'>καὶ</span> <span class='ocrx_word' id='word_1_217' title='bbox 389 1254 547 1288; x_wconf 72' lang='grc' dir='ltr'>γελαστικὸν</span> <span class='ocrx_word' id='word_1_218' title='bbox 564 1252 633 1281; x_wconf 79' lang='grc' dir='ltr'>εἶναι</span> <span class='ocrx_word' id='word_1_219' title='bbox 645 1254 691 1282; x_wconf 80' lang='grc' dir='ltr'>τὸν</span> <span class='ocrx_word' id='word_1_220' title='bbox 703 1254 856 1290; x_wconf 72' lang='grc' dir='ltr'>ἄνθρωπον,</span> 
     </span>
    </p>
   </div>
   <div class='ocr_carea' id='block_1_30' title="bbox 65 1299 858 1336">
    <p class='ocr_par' dir='ltr' id='par_1_30' title="bbox 65 1299 858 1336">
     <span class='ocr_line' id='line_1_30' title="bbox 65 1299 858 1336; baseline -0.003 -8"><span class='ocrx_word' id='word_1_221' title='bbox 65 1300 237 1328; x_wconf 78' lang='grc' dir='ltr'>ἁπλούστατε</span> <span class='ocrx_word' id='word_1_222' title='bbox 251 1309 259 1334; x_wconf 90' lang='grc'><strong>;</strong></span> <span class='ocrx_word' id='word_1_223' title='bbox 280 1300 349 1327; x_wconf 82' lang='grc' dir='ltr'>Ἀλλ’</span> <span class='ocrx_word' id='word_1_224' title='bbox 365 1301 395 1328; x_wconf 84' lang='grc' dir='ltr'><strong>ού</strong></span> <span class='ocrx_word' id='word_1_225' title='bbox 408 1300 495 1333; x_wconf 80' lang='grc' dir='ltr'>τοῦτο,</span> <span class='ocrx_word' id='word_1_226' title='bbox 511 1301 576 1336; x_wconf 81' lang='grc' dir='ltr'>φαίη</span> <span class='ocrx_word' id='word_1_227' title='bbox 594 1309 636 1332; x_wconf 82' lang='grc' dir='ltr'><strong>τις</strong></span> <span class='ocrx_word' id='word_1_228' title='bbox 650 1300 683 1327; x_wconf 87' lang='grc' dir='ltr'>ἂν</span> <span class='ocrx_word' id='word_1_229' title='bbox 693 1322 700 1334; x_wconf 89' lang='lat'><strong>,</strong></span> <span class='ocrx_word' id='word_1_230' title='bbox 713 1301 742 1328; x_wconf 81' lang='grc' dir='ltr'>τὸ</span> <span class='ocrx_word' id='word_1_231' title='bbox 760 1299 858 1336; x_wconf 78' lang='grc' dir='ltr'>ζητού-</span> 
     </span>
    </p>
   </div>
   <div class='ocr_carea' id='block_1_31' title="bbox 66 1346 856 1382">
    <p class='ocr_par' dir='ltr' id='par_1_31' title="bbox 66 1346 856 1382">
     <span class='ocr_line' id='line_1_31' title="bbox 66 1346 856 1382; baseline -0.001 -9"><span class='ocrx_word' id='word_1_232' title='bbox 66 1348 144 1382; x_wconf 76' lang='grc' dir='ltr'>μενόν</span> <span class='ocrx_word' id='word_1_233' title='bbox 162 1347 251 1377; x_wconf 74' lang='grc' dir='ltr'>ἐστιν,</span> <span class='ocrx_word' id='word_1_234' title='bbox 265 1347 290 1373; x_wconf 80' lang='grc' dir='ltr'>εἴ</span> <span class='ocrx_word' id='word_1_235' title='bbox 303 1356 363 1373; x_wconf 83' lang='grc' dir='ltr'>τινα</span> <span class='ocrx_word' id='word_1_236' title='bbox 377 1346 484 1382; x_wconf 79' lang='grc' dir='ltr'>κίνησιν</span> <span class='ocrx_word' id='word_1_237' title='bbox 508 1346 555 1374; x_wconf 76' lang='grc' dir='ltr'>καὶ</span> <span class='ocrx_word' id='word_1_238' title='bbox 574 1347 713 1381; x_wconf 77' lang='grc' dir='ltr'>ἐνέργειαν</span> <span class='ocrx_word' id='word_1_239' title='bbox 727 1347 741 1373; x_wconf 91' lang='lat'><strong>6</strong></span> <span class='ocrx_word' id='word_1_240' title='bbox 752 1346 856 1382; x_wconf 79' lang='grc' dir='ltr'>ἅνθρω-</span> 
     </span>
    </p>
   </div>
   <div class='ocr_carea' id='block_1_32' title="bbox 65 1391 857 1428">
    <p class='ocr_par' dir='ltr' id='par_1_32' title="bbox 65 1391 857 1428">
     <span class='ocr_line' id='line_1_32' title="bbox 65 1391 857 1428; baseline -0.003 -9"><span class='ocrx_word' id='word_1_241' title='bbox 65 1401 112 1424; x_wconf 85' lang='grc' dir='ltr'><strong>πος</strong></span> <span class='ocrx_word' id='word_1_242' title='bbox 124 1392 195 1428; x_wconf 69' lang='grc' dir='ltr'>ἔχει,</span> <span class='ocrx_word' id='word_1_243' title='bbox 209 1391 267 1419; x_wconf 73' lang='grc' dir='ltr'>ἀλλ’</span> <span class='ocrx_word' id='word_1_244' title='bbox 281 1392 347 1418; x_wconf 73' lang='grc' dir='ltr'>αὐτὸ</span> <span class='ocrx_word' id='word_1_245' title='bbox 357 1393 387 1419; x_wconf 76' lang='grc' dir='ltr'><strong>τὺ</strong></span> <span class='ocrx_word' id='word_1_246' title='bbox 402 1392 529 1428; x_wconf 76' lang='grc' dir='ltr'>ἐνεργοῦν</span> <span class='ocrx_word' id='word_1_247' title='bbox 539 1392 565 1418; x_wconf 83' lang='grc' dir='ltr'><strong>τί</strong></span> <span class='ocrx_word' id='word_1_248' title='bbox 579 1400 644 1418; x_wconf 84' lang='grc' dir='ltr'>ποτε</span> <span class='ocrx_word' id='word_1_249' title='bbox 658 1391 727 1419; x_wconf 78' lang='grc' dir='ltr'>κατὰ</span> <span class='ocrx_word' id='word_1_250' title='bbox 744 1391 792 1427; x_wconf 79' lang='grc' dir='ltr'>τὴν</span> <span class='ocrx_word' id='word_1_251' title='bbox 807 1391 857 1426; x_wconf 71' lang='grc' dir='ltr'>φύ-</span> 
     </span>
    </p>
   </div>
   <div class='ocr_carea' id='block_1_33' title="bbox 66 1437 857 1473">
    <p class='ocr_par' dir='ltr' id='par_1_33' title="bbox 66 1437 857 1473">
     <span class='ocr_line' id='line_1_33' title="bbox 66 1437 857 1473; baseline -0.001 -8"><span class='ocrx_word' id='word_1_252' title='bbox 66 1448 105 1465; x_wconf 75' lang='grc' dir='ltr'><strong>σιν</strong></span> <span class='ocrx_word' id='word_1_253' title='bbox 122 1439 200 1465; x_wconf 78' lang='grc' dir='ltr'>ἐστίν</span> <span class='ocrx_word' id='word_1_254' title='bbox 211 1447 217 1454; x_wconf 92' lang='grc'><strong>·</strong></span> <span class='ocrx_word' id='word_1_255' title='bbox 233 1439 248 1465; x_wconf 81' lang='grc' dir='ltr'><strong>ὃ</strong></span> <span class='ocrx_word' id='word_1_256' title='bbox 262 1438 358 1465; x_wconf 82' lang='grc' dir='ltr'>πολλοῦ</span> <span class='ocrx_word' id='word_1_257' title='bbox 375 1438 428 1464; x_wconf 84' lang='grc' dir='ltr'><strong>δέω</strong></span> <span class='ocrx_word' id='word_1_258' title='bbox 451 1438 545 1473; x_wconf 79' lang='grc' dir='ltr'>μαθεῖν</span> <span class='ocrx_word' id='word_1_259' title='bbox 566 1438 596 1464; x_wconf 81' lang='grc' dir='ltr'>ὲκ</span> <span class='ocrx_word' id='word_1_260' title='bbox 612 1437 659 1472; x_wconf 83' lang='grc' dir='ltr'>τῆς</span> <span class='ocrx_word' id='word_1_261' title='bbox 676 1438 857 1473; x_wconf 76' lang='grc' dir='ltr'>ἀποκρίσεως.</span> 
     </span>
    </p>
   </div>
   <div class='ocr_carea' id='block_1_34' title="bbox 65 1482 859 1520">
    <p class='ocr_par' dir='ltr' id='par_1_34' title="bbox 65 1482 859 1520">
     <span class='ocr_line' id='line_1_34' title="bbox 65 1482 859 1520; baseline -0.003 -9"><span class='ocrx_word' id='word_1_262' title='bbox 65 1486 118 1511; x_wconf 73' lang='grc' dir='ltr'><strong>Καὶ</strong></span> <span class='ocrx_word' id='word_1_263' title='bbox 130 1485 188 1520; x_wconf 77' lang='grc' dir='ltr'><strong>γὰρ</strong></span> <span class='ocrx_word' id='word_1_264' title='bbox 204 1485 229 1511; x_wconf 89' lang='grc' dir='ltr'>εἰ</span> <span class='ocrx_word' id='word_1_265' title='bbox 241 1485 305 1520; x_wconf 70' lang='grc' dir='ltr'>περὶ</span> <span class='ocrx_word' id='word_1_266' title='bbox 324 1484 424 1520; x_wconf 81' lang='grc' dir='ltr'>ἀνέμου</span> <span class='ocrx_word' id='word_1_267' title='bbox 440 1493 466 1511; x_wconf 90' lang='grc' dir='ltr'><strong>τι</strong></span> <span class='ocrx_word' id='word_1_268' title='bbox 481 1483 748 1520; x_wconf 76' lang='grc' dir='ltr'>μαθεῖνέσουλόμην,</span> <span class='ocrx_word' id='word_1_269' title='bbox 762 1483 812 1510; x_wconf 84' lang='grc' dir='ltr'>οὐκ</span> <span class='ocrx_word' id='word_1_270' title='bbox 826 1482 859 1510; x_wconf 86' lang='grc' dir='ltr'>ἂν</span> 
     </span>
    </p>
   </div>
   <div class='ocr_carea' id='block_1_35' title="bbox 65 1529 858 1566">
    <p class='ocr_par' dir='ltr' id='par_1_35' title="bbox 65 1529 858 1566">
     <span class='ocr_line' id='line_1_35' title="bbox 65 1529 858 1566; baseline -0.003 -9"><span class='ocrx_word' id='word_1_271' title='bbox 65 1531 180 1566; x_wconf 69' lang='grc' dir='ltr'>ψάμμου</span> <span class='ocrx_word' id='word_1_272' title='bbox 204 1530 322 1565; x_wconf 81' lang='grc' dir='ltr'>σωρεῐαν</span> <span class='ocrx_word' id='word_1_273' title='bbox 336 1530 365 1562; x_wconf 76' lang='grc' dir='ltr'><strong>ἐξ</strong></span> <span class='ocrx_word' id='word_1_274' title='bbox 380 1531 479 1566; x_wconf 74' lang='grc' dir='ltr'>ἀνέμου</span> <span class='ocrx_word' id='word_1_275' title='bbox 495 1531 631 1557; x_wconf 76' lang='grc' dir='ltr'>συστᾶσαν</span> <span class='ocrx_word' id='word_1_276' title='bbox 641 1550 647 1562; x_wconf 92' lang='lat'><strong>,</strong></span> <span class='ocrx_word' id='word_1_277' title='bbox 666 1530 681 1565; x_wconf 85' lang='grc' dir='ltr'>ἢ</span> <span class='ocrx_word' id='word_1_278' title='bbox 696 1529 796 1565; x_wconf 77' lang='grc' dir='ltr'>ἀκύρου</span> <span class='ocrx_word' id='word_1_279' title='bbox 809 1529 858 1564; x_wconf 77' lang='grc' dir='ltr'><strong>θη-</strong></span> 
     </span>
    </p>
   </div>
   <div class='ocr_carea' id='block_1_36' title="bbox 67 1575 858 1613">
    <p class='ocr_par' dir='ltr' id='par_1_36' title="bbox 67 1575 858 1613">
     <span class='ocr_line' id='line_1_36' title="bbox 67 1575 858 1613; baseline -0.003 -9"><span class='ocrx_word' id='word_1_280' title='bbox 67 1577 154 1612; x_wconf 83' lang='grc' dir='ltr'>μῶνα,</span> <span class='ocrx_word' id='word_1_281' title='bbox 173 1577 191 1613; x_wconf 81' lang='grc' dir='ltr'><strong>ἦ</strong></span> <span class='ocrx_word' id='word_1_282' title='bbox 214 1577 315 1609; x_wconf 80' lang='grc' dir='ltr'>κόνεως</span> <span class='ocrx_word' id='word_1_283' title='bbox 329 1577 449 1612; x_wconf 67' lang='grc' dir='ltr'>διάχυσιν</span> <span class='ocrx_word' id='word_1_284' title='bbox 462 1576 567 1610; x_wconf 76' lang='grc' dir='ltr'>δεῖξας,</span> <span class='ocrx_word' id='word_1_285' title='bbox 586 1576 680 1611; x_wconf 78' lang='grc' dir='ltr'>ἐντελῆ</span> <span class='ocrx_word' id='word_1_286' title='bbox 698 1576 731 1603; x_wconf 79' lang='grc' dir='ltr'>ἂν</span> <span class='ocrx_word' id='word_1_287' title='bbox 747 1575 793 1602; x_wconf 76' lang='grc' dir='ltr'>τοῦ</span> <span class='ocrx_word' id='word_1_288' title='bbox 810 1576 858 1611; x_wconf 78' lang='grc' dir='ltr'>ζη-</span> 
     </span>
    </p>
   </div>
   <div class='ocr_carea' id='block_1_37' title="bbox 65 1620 859 1657">
    <p class='ocr_par' dir='ltr' id='par_1_37' title="bbox 65 1620 859 1657">
     <span class='ocr_line' id='line_1_37' title="bbox 65 1620 859 1657; baseline -0.003 -8"><span class='ocrx_word' id='word_1_289' title='bbox 65 1623 200 1657; x_wconf 82' lang='grc' dir='ltr'>τουμένου</span> <span class='ocrx_word' id='word_1_290' title='bbox 229 1623 276 1649; x_wconf 77' lang='grc' dir='ltr'>τὸν</span> <span class='ocrx_word' id='word_1_291' title='bbox 307 1622 384 1657; x_wconf 79' lang='grc' dir='ltr'>λόγον</span> <span class='ocrx_word' id='word_1_292' title='bbox 411 1622 564 1654; x_wconf 79' lang='grc' dir='ltr'>ἀπέδωκας,</span> <span class='ocrx_word' id='word_1_293' title='bbox 592 1623 705 1657; x_wconf 82' lang='grc' dir='ltr'>’Ἕτερος</span> <span class='ocrx_word' id='word_1_294' title='bbox 733 1622 787 1657; x_wconf 76' lang='grc' dir='ltr'><strong>γὰρ</strong></span> <span class='ocrx_word' id='word_1_295' title='bbox 812 1620 859 1647; x_wconf 77' lang='grc' dir='ltr'>τοῦ</span> 
     </span>
    </p>
   </div>
   <div class='ocr_carea' id='block_1_38' title="bbox 65 1667 860 1704">
    <p class='ocr_par' dir='ltr' id='par_1_38' title="bbox 65 1667 860 1704">
     <span class='ocr_line' id='line_1_38' title="bbox 65 1667 860 1704; baseline -0.001 -10"><span class='ocrx_word' id='word_1_296' title='bbox 65 1668 168 1704; x_wconf 79' lang='grc' dir='ltr'>ἀνέμου</span> <span class='ocrx_word' id='word_1_297' title='bbox 184 1669 200 1695; x_wconf 88' lang='grc' dir='ltr'>ὁ</span> <span class='ocrx_word' id='word_1_298' title='bbox 212 1668 290 1702; x_wconf 82' lang='grc' dir='ltr'>λόγος</span> <span class='ocrx_word' id='word_1_299' title='bbox 302 1676 307 1682; x_wconf 93' lang='grc'>·</span> <span class='ocrx_word' id='word_1_300' title='bbox 323 1669 369 1695; x_wconf 76' lang='grc' dir='ltr'><strong>καὶ</strong></span> <span class='ocrx_word' id='word_1_301' title='bbox 386 1668 452 1695; x_wconf 77' lang='grc' dir='ltr'>ἄλλα</span> <span class='ocrx_word' id='word_1_302' title='bbox 464 1668 550 1695; x_wconf 78' lang='grc' dir='ltr'>ταῦτα</span> <span class='ocrx_word' id='word_1_303' title='bbox 564 1669 623 1695; x_wconf 77' lang='grc' dir='ltr'>ἀντὶ</span> <span class='ocrx_word' id='word_1_304' title='bbox 635 1667 682 1694; x_wconf 76' lang='grc' dir='ltr'>τοῦ</span> <span class='ocrx_word' id='word_1_305' title='bbox 695 1667 860 1702; x_wconf 80' lang='grc' dir='ltr'>ζητουμένου</span> 
     </span>
    </p>
   </div>
   <div class='ocr_carea' id='block_1_39' title="bbox 65 1711 862 1749">
    <p class='ocr_par' dir='ltr' id='par_1_39' title="bbox 65 1711 862 1749">
     <span class='ocr_line' id='line_1_39' title="bbox 65 1711 862 1749; baseline -0.001 -9"><span class='ocrx_word' id='word_1_306' title='bbox 65 1713 243 1749; x_wconf 78' lang='grc' dir='ltr'>δεικνύμενα.</span> <span class='ocrx_word' id='word_1_307' title='bbox 261 1713 324 1745; x_wconf 86' lang='grc' dir='ltr'><strong>Πῶς</strong></span> <span class='ocrx_word' id='word_1_308' title='bbox 344 1711 390 1741; x_wconf 73' lang='grc' dir='ltr'>οὖν</span> <span class='ocrx_word' id='word_1_309' title='bbox 409 1711 485 1745; x_wconf 74' lang='grc' dir='ltr'>οὗτος</span> <span class='ocrx_word' id='word_1_310' title='bbox 504 1715 562 1745; x_wconf 86' lang='grc' dir='ltr'>ταῖς</span> <span class='ocrx_word' id='word_1_311' title='bbox 583 1713 733 1748; x_wconf 77' lang='grc' dir='ltr'>ἐνεργείαις</span> <span class='ocrx_word' id='word_1_312' title='bbox 757 1713 805 1744; x_wconf 77' lang='grc' dir='ltr'><strong>τὰς</strong></span> <span class='ocrx_word' id='word_1_313' title='bbox 818 1714 862 1740; x_wconf 80' lang='grc' dir='ltr'>ού-</span> 
     </span>
    </p>
   </div>
   <div class='ocr_carea' id='block_1_40' title="bbox 68 1757 861 1793">
    <p class='ocr_par' dir='ltr' id='par_1_40' title="bbox 68 1757 861 1793">
     <span class='ocr_line' id='line_1_40' title="bbox 68 1757 861 1793; baseline -0.003 -6"><span class='ocrx_word' id='word_1_314' title='bbox 68 1760 126 1792; x_wconf 80' lang='grc' dir='ltr'>σίας</span> <span class='ocrx_word' id='word_1_315' title='bbox 140 1760 263 1787; x_wconf 84' lang='grc' dir='ltr'>δείκνυσι</span> <span class='ocrx_word' id='word_1_316' title='bbox 273 1780 280 1789; x_wconf 86' lang='grc'><strong>.</strong></span> <span class='ocrx_word' id='word_1_317' title='bbox 295 1760 340 1786; x_wconf 78' lang='grc' dir='ltr'>καὶ</span> <span class='ocrx_word' id='word_1_318' title='bbox 355 1760 400 1786; x_wconf 72' lang='grc' dir='ltr'><strong>τὸν</strong></span> <span class='ocrx_word' id='word_1_319' title='bbox 413 1760 458 1786; x_wconf 81' lang='grc' dir='ltr'>τοῦ</span> <span class='ocrx_word' id='word_1_320' title='bbox 476 1757 545 1786; x_wconf 81' lang='grc' dir='ltr'>εἶναι</span> <span class='ocrx_word' id='word_1_321' title='bbox 560 1759 638 1793; x_wconf 85' lang='grc' dir='ltr'>λόγον</span> <span class='ocrx_word' id='word_1_322' title='bbox 653 1758 734 1786; x_wconf 77' lang='grc' dir='ltr'>αὑτοῦ</span> <span class='ocrx_word' id='word_1_323' title='bbox 754 1758 800 1785; x_wconf 86' lang='grc' dir='ltr'>τοῦ</span> <span class='ocrx_word' id='word_1_324' title='bbox 817 1758 861 1785; x_wconf 80' lang='grc' dir='ltr'><strong>ὅν-</strong></span> 
     </span>
    </p>
   </div>
   <div class='ocr_carea' id='block_1_41' title="bbox 68 1806 859 1842">
    <p class='ocr_par' dir='ltr' id='par_1_41' title="bbox 68 1806 859 1842">
     <span class='ocr_line' id='line_1_41' title="bbox 68 1806 859 1842; baseline -0.003 -9"><span class='ocrx_word' id='word_1_325' title='bbox 68 1815 113 1838; x_wconf 76' lang='grc' dir='ltr'>της</span> <span class='ocrx_word' id='word_1_326' title='bbox 123 1828 130 1839; x_wconf 83' lang='lat'><strong>,</strong></span> <span class='ocrx_word' id='word_1_327' title='bbox 145 1807 178 1832; x_wconf 74' lang='grc' dir='ltr'>ἐκ</span> <span class='ocrx_word' id='word_1_328' title='bbox 197 1806 252 1833; x_wconf 82' lang='grc' dir='ltr'>τῶν</span> <span class='ocrx_word' id='word_1_329' title='bbox 267 1807 419 1841; x_wconf 84' lang='grc' dir='ltr'>γενομένων</span> <span class='ocrx_word' id='word_1_330' title='bbox 434 1806 509 1842; x_wconf 83' lang='grc' dir='ltr'>παρὰ</span> <span class='ocrx_word' id='word_1_331' title='bbox 526 1806 573 1833; x_wconf 81' lang='grc' dir='ltr'>τοῦ</span> <span class='ocrx_word' id='word_1_332' title='bbox 591 1806 667 1837; x_wconf 73' lang='grc' dir='ltr'>ὄντος</span> <span class='ocrx_word' id='word_1_333' title='bbox 682 1806 859 1841; x_wconf 84' lang='grc' dir='ltr'>παρίστησιν;</span> 
     </span>
    </p>
   </div>
   <div class='ocr_carea' id='block_1_42' title="bbox 901 204 1687 240">
    <p class='ocr_par' dir='ltr' id='par_1_42' title="bbox 901 204 1687 240">
     <span class='ocr_line' id='line_1_42' title="bbox 901 204 1687 240; baseline 0 -8"><span class='ocrx_word' id='word_1_334' title='bbox 901 205 966 238; x_wconf 70' lang='lat' dir='ltr'><strong>Quae</strong></span> <span class='ocrx_word' id='word_1_335' title='bbox 981 209 1022 233; x_wconf 87' lang='lat' dir='ltr'><strong>est</strong></span> <span class='ocrx_word' id='word_1_336' title='bbox 1042 204 1124 240; x_wconf 72' lang='lat' dir='ltr'><strong>igitur</strong></span> <span class='ocrx_word' id='word_1_337' title='bbox 1137 205 1292 233; x_wconf 83' lang='lat' dir='ltr'><strong>condeccns</strong></span> <span class='ocrx_word' id='word_1_338' title='bbox 1313 205 1394 236; x_wconf 82' lang='lat' dir='ltr'><strong>ratio,</strong></span> <span class='ocrx_word' id='word_1_339' title='bbox 1420 212 1470 232; x_wconf 92' lang='lat' dir='ltr'><strong>cur</strong></span> <span class='ocrx_word' id='word_1_340' title='bbox 1487 204 1543 232; x_wconf 64' lang='lat' dir='ltr'><strong>haec</strong></span> <span class='ocrx_word' id='word_1_341' title='bbox 1562 204 1634 231; x_wconf 89' lang='lat' dir='ltr'><strong>lnmc</strong></span> <span class='ocrx_word' id='word_1_342' title='bbox 1659 208 1687 232; x_wconf 91' lang='lat' dir='ltr'><strong>in</strong></span> 
     </span>
    </p>
   </div>
   <div class='ocr_carea' id='block_1_43' title="bbox 900 249 1688 285">
    <p class='ocr_par' dir='ltr' id='par_1_43' title="bbox 900 249 1688 285">
     <span class='ocr_line' id='line_1_43' title="bbox 900 249 1688 285; baseline 0 -7"><span class='ocrx_word' id='word_1_343' title='bbox 900 250 1011 278; x_wconf 90' lang='lat' dir='ltr'><strong>modum</strong></span> <span class='ocrx_word' id='word_1_344' title='bbox 1036 258 1051 277; x_wconf 88' lang='lat' dir='ltr'><strong>a</strong></span> <span class='ocrx_word' id='word_1_345' title='bbox 1076 250 1131 277; x_wconf 86' lang='lat' dir='ltr'><strong>Deo</strong></span> <span class='ocrx_word' id='word_1_346' title='bbox 1158 250 1348 277; x_wconf 85' lang='lat' dir='ltr'><strong>universorum</strong></span> <span class='ocrx_word' id='word_1_347' title='bbox 1381 251 1408 277; x_wconf 93' lang='lat' dir='ltr'><strong>in</strong></span> <span class='ocrx_word' id='word_1_348' title='bbox 1433 249 1502 277; x_wconf 84' lang='lat' dir='ltr'><strong>Filio</strong></span> <span class='ocrx_word' id='word_1_349' title='bbox 1528 255 1555 278; x_wconf 90' lang='lat' dir='ltr'><strong>et</strong></span> <span class='ocrx_word' id='word_1_350' title='bbox 1583 249 1688 285; x_wconf 90' lang='lat' dir='ltr'><strong>Spiritu</strong></span> 
     </span>
    </p>
   </div>
   <div class='ocr_carea' id='block_1_44' title="bbox 901 296 1688 332">
    <p class='ocr_par' dir='ltr' id='par_1_44' title="bbox 901 296 1688 332">
     <span class='ocr_line' id='line_1_44' title="bbox 901 296 1688 332; baseline 0 -7"><span class='ocrx_word' id='word_1_351' title='bbox 901 302 998 326; x_wconf 84' lang='lat' dir='ltr'><strong>sancto</strong></span> <span class='ocrx_word' id='word_1_352' title='bbox 1009 298 1135 325; x_wconf 83' lang='lat' dir='ltr'><strong>ordinata</strong></span> <span class='ocrx_word' id='word_1_353' title='bbox 1146 302 1172 325; x_wconf 92' lang='lat' dir='ltr'><strong>et</strong></span> <span class='ocrx_word' id='word_1_354' title='bbox 1188 297 1320 332; x_wconf 88' lang='lat' dir='ltr'><strong>disposita</strong></span> <span class='ocrx_word' id='word_1_355' title='bbox 1333 297 1410 326; x_wconf 85' lang='lat' dir='ltr'><strong>sint?</strong></span> <span class='ocrx_word' id='word_1_356' title='bbox 1426 296 1488 325; x_wconf 86' lang='lat' dir='ltr'><strong>Non</strong></span> <span class='ocrx_word' id='word_1_357' title='bbox 1502 297 1571 329; x_wconf 82' lang='lat' dir='ltr'><strong>inde,</strong></span> <span class='ocrx_word' id='word_1_358' title='bbox 1589 298 1688 332; x_wconf 89' lang='lat' dir='ltr'><strong>inquit.</strong></span> 
     </span>
    </p>
   </div>
   <div class='ocr_carea' id='block_1_45' title="bbox 902 343 1689 378">
    <p class='ocr_par' dir='ltr' id='par_1_45' title="bbox 902 343 1689 378">
     <span class='ocr_line' id='line_1_45' title="bbox 902 343 1689 378; baseline 0 -8"><span class='ocrx_word' id='word_1_359' title='bbox 902 343 980 371; x_wconf 85' lang='lat' dir='ltr'><strong>Unde</strong></span> <span class='ocrx_word' id='word_1_360' title='bbox 994 351 1071 378; x_wconf 74' lang='lat' dir='ltr'><strong>ergo,</strong></span> <span class='ocrx_word' id='word_1_361' title='bbox 1088 351 1110 371; x_wconf 87' lang='lat' dir='ltr'><strong>st</strong></span> <span class='ocrx_word' id='word_1_362' title='bbox 1128 347 1262 378; x_wconf 78' lang='lat' dir='ltr'><strong>cognatus</strong></span> <span class='ocrx_word' id='word_1_363' title='bbox 1278 343 1344 370; x_wconf 86' lang='lat' dir='ltr'><strong>ordo</strong></span> <span class='ocrx_word' id='word_1_364' title='bbox 1360 343 1428 378; x_wconf 85' lang='lat' dir='ltr'><strong>ipsis</strong></span> <span class='ocrx_word' id='word_1_365' title='bbox 1442 351 1496 370; x_wconf 89' lang='lat' dir='ltr'><strong>non</strong></span> <span class='ocrx_word' id='word_1_366' title='bbox 1517 343 1597 374; x_wconf 83' lang='lat' dir='ltr'><strong>inest,</strong></span> <span class='ocrx_word' id='word_1_367' title='bbox 1615 343 1689 377; x_wconf 87' lang='lat' dir='ltr'><strong>quod</strong></span> 
     </span>
    </p>
   </div>
   <div class='ocr_carea' id='block_1_46' title="bbox 902 389 1690 424">
    <p class='ocr_par' dir='ltr' id='par_1_46' title="bbox 902 389 1690 424">
     <span class='ocr_line' id='line_1_46' title="bbox 902 389 1690 424; baseline -0.003 -7"><span class='ocrx_word' id='word_1_368' title='bbox 902 390 930 417; x_wconf 87' lang='lat' dir='ltr'><strong>in</strong></span> <span class='ocrx_word' id='word_1_369' title='bbox 948 394 1046 418; x_wconf 87' lang='lat' dir='ltr'><strong>natura</strong></span> <span class='ocrx_word' id='word_1_370' title='bbox 1062 389 1244 417; x_wconf 80' lang='lat' dir='ltr'><strong>conveniant?</strong></span> <span class='ocrx_word' id='word_1_371' title='bbox 1265 389 1301 416; x_wconf 85' lang='lat' dir='ltr'><strong>At</strong></span> <span class='ocrx_word' id='word_1_372' title='bbox 1323 389 1449 417; x_wconf 84' lang='lat' dir='ltr'><strong>fortassis</strong></span> <span class='ocrx_word' id='word_1_373' title='bbox 1472 389 1510 420; x_wconf 87' lang='lat' dir='ltr'><strong>id,</strong></span> <span class='ocrx_word' id='word_1_374' title='bbox 1531 389 1604 424; x_wconf 89' lang='lat' dir='ltr'><strong>quod</strong></span> <span class='ocrx_word' id='word_1_375' title='bbox 1621 389 1690 416; x_wconf 85' lang='lat' dir='ltr'><strong>infe-</strong></span> 
     </span>
    </p>
   </div>
   <div class='ocr_carea' id='block_1_47' title="bbox 903 435 1691 470">
    <p class='ocr_par' dir='ltr' id='par_1_47' title="bbox 903 435 1691 470">
     <span class='ocr_line' id='line_1_47' title="bbox 903 435 1691 470; baseline -0.001 -7"><span class='ocrx_word' id='word_1_376' title='bbox 903 437 961 465; x_wconf 87' lang='lat' dir='ltr'><strong>rius</strong></span> <span class='ocrx_word' id='word_1_377' title='bbox 984 444 1033 464; x_wconf 87' lang='lat' dir='ltr'><strong>seu</strong></span> <span class='ocrx_word' id='word_1_378' title='bbox 1059 436 1152 463; x_wconf 90' lang='lat' dir='ltr'><strong>minus</strong></span> <span class='ocrx_word' id='word_1_379' title='bbox 1174 441 1217 463; x_wconf 88' lang='lat' dir='ltr'><strong>est</strong></span> <span class='ocrx_word' id='word_1_380' title='bbox 1232 435 1260 462; x_wconf 95' lang='lat' dir='ltr'><strong>in</strong></span> <span class='ocrx_word' id='word_1_381' title='bbox 1293 436 1412 463; x_wconf 85' lang='lat' dir='ltr'><strong>essentia</strong></span> <span class='ocrx_word' id='word_1_382' title='bbox 1434 435 1495 462; x_wconf 84' lang='lat' dir='ltr'><strong>Filii</strong></span> <span class='ocrx_word' id='word_1_383' title='bbox 1523 439 1549 463; x_wconf 91' lang='lat' dir='ltr'><strong>et</strong></span> <span class='ocrx_word' id='word_1_384' title='bbox 1573 435 1691 470; x_wconf 87' lang='lat' dir='ltr'><strong>Spiritus</strong></span> 
     </span>
    </p>
   </div>
   <div class='ocr_carea' id='block_1_48' title="bbox 903 480 1691 517">
    <p class='ocr_par' dir='ltr' id='par_1_48' title="bbox 903 480 1691 517">
     <span class='ocr_line' id='line_1_48' title="bbox 903 480 1691 517; baseline -0.003 -7"><span class='ocrx_word' id='word_1_385' title='bbox 903 482 1002 515; x_wconf 87' lang='lat' dir='ltr'><strong>sancti,</strong></span> <span class='ocrx_word' id='word_1_386' title='bbox 1029 486 1168 517; x_wconf 77' lang='lat' dir='ltr'><strong>cognatum</strong></span> <span class='ocrx_word' id='word_1_387' title='bbox 1188 481 1307 508; x_wconf 77' lang='lat' dir='ltr'><strong>ordinem</strong></span> <span class='ocrx_word' id='word_1_388' title='bbox 1326 481 1454 516; x_wconf 83' lang='lat' dir='ltr'><strong>appellat.</strong></span> <span class='ocrx_word' id='word_1_389' title='bbox 1473 480 1526 509; x_wconf 88' lang='lat' dir='ltr'><strong>Sed</strong></span> <span class='ocrx_word' id='word_1_390' title='bbox 1543 489 1593 516; x_wconf 83' lang='lat' dir='ltr'><strong>ego</strong></span> <span class='ocrx_word' id='word_1_391' title='bbox 1609 481 1691 515; x_wconf 79' lang='lat' dir='ltr'><strong>hujus</strong></span> 
     </span>
    </p>
   </div>
   <div class='ocr_carea' id='block_1_49' title="bbox 904 527 1692 564">
    <p class='ocr_par' dir='ltr' id='par_1_49' title="bbox 904 527 1692 564">
     <span class='ocr_line' id='line_1_49' title="bbox 904 527 1692 564; baseline -0.001 -8"><span class='ocrx_word' id='word_1_392' title='bbox 904 529 992 564; x_wconf 87' lang='lat' dir='ltr'><strong>ipsius</strong></span> <span class='ocrx_word' id='word_1_393' title='bbox 1011 535 1123 555; x_wconf 82' lang='lat' dir='ltr'><strong>causam</strong></span> <span class='ocrx_word' id='word_1_394' title='bbox 1145 534 1311 562; x_wconf 79' lang='lat' dir='ltr'><strong>cognoscere</strong></span> <span class='ocrx_word' id='word_1_395' title='bbox 1335 534 1413 560; x_wconf 81' lang='lat' dir='ltr'><strong>aveo,</strong></span> <span class='ocrx_word' id='word_1_396' title='bbox 1440 535 1486 562; x_wconf 89' lang='lat' dir='ltr'><strong>per</strong></span> <span class='ocrx_word' id='word_1_397' title='bbox 1511 535 1591 562; x_wconf 86' lang='lat' dir='ltr'><strong>quam</strong></span> <span class='ocrx_word' id='word_1_398' title='bbox 1607 527 1692 555; x_wconf 87' lang='lat' dir='ltr'><strong>Filius</strong></span> 
     </span>
    </p>
   </div>
   <div class='ocr_carea' id='block_1_50' title="bbox 903 573 1691 607">
    <p class='ocr_par' dir='ltr' id='par_1_50' title="bbox 903 573 1691 607">
     <span class='ocr_line' id='line_1_50' title="bbox 903 573 1691 607; baseline -0.004 -5"><span class='ocrx_word' id='word_1_399' title='bbox 903 575 931 602; x_wconf 87' lang='lat' dir='ltr'><strong>in</strong></span> <span class='ocrx_word' id='word_1_400' title='bbox 947 574 1069 601; x_wconf 82' lang='lat' dir='ltr'><strong>essentia</strong></span> <span class='ocrx_word' id='word_1_401' title='bbox 1086 581 1135 600; x_wconf 89' lang='lat' dir='ltr'><strong>sua</strong></span> <span class='ocrx_word' id='word_1_402' title='bbox 1161 573 1250 600; x_wconf 87' lang='lat' dir='ltr'><strong>minor</strong></span> <span class='ocrx_word' id='word_1_403' title='bbox 1263 573 1377 601; x_wconf 77' lang='lat' dir='ltr'><strong>effectus</strong></span> <span class='ocrx_word' id='word_1_404' title='bbox 1391 577 1450 600; x_wconf 85' lang='lat' dir='ltr'><strong>est:</strong></span> <span class='ocrx_word' id='word_1_405' title='bbox 1470 573 1691 607; x_wconf 89' lang='lat' dir='ltr'><strong>quandoquidem</strong></span> 
     </span>
    </p>
   </div>
   <div class='ocr_carea' id='block_1_51' title="bbox 903 616 1692 653">
    <p class='ocr_par' dir='ltr' id='par_1_51' title="bbox 903 616 1692 653">
     <span class='ocr_line' id='line_1_51' title="bbox 903 616 1692 653; baseline -0.005 -6"><span class='ocrx_word' id='word_1_406' title='bbox 903 619 1022 648; x_wconf 87' lang='lat' dir='ltr'><strong>essentia</strong></span> <span class='ocrx_word' id='word_1_407' title='bbox 1039 626 1087 646; x_wconf 85' lang='lat' dir='ltr'><strong>seu</strong></span> <span class='ocrx_word' id='word_1_408' title='bbox 1114 618 1269 646; x_wconf 82' lang='lat' dir='ltr'><strong>substantia</strong></span> <span class='ocrx_word' id='word_1_409' title='bbox 1283 623 1309 645; x_wconf 84' lang='lat' dir='ltr'><strong>et</strong></span> <span class='ocrx_word' id='word_1_410' title='bbox 1322 618 1448 653; x_wconf 84' lang='lat' dir='ltr'><strong>operatio</strong></span> <span class='ocrx_word' id='word_1_411' title='bbox 1467 625 1548 652; x_wconf 82' lang='lat' dir='ltr'><strong>pares</strong></span> <span class='ocrx_word' id='word_1_412' title='bbox 1567 616 1692 645; x_wconf 89' lang='lat' dir='ltr'><strong>easdem-</strong></span> 
     </span>
    </p>
   </div>
   <div class='ocr_carea' id='block_1_52' title="bbox 904 662 1693 701">
    <p class='ocr_par' dir='ltr' id='par_1_52' title="bbox 904 662 1693 701">
     <span class='ocr_line' id='line_1_52' title="bbox 904 662 1693 701; baseline -0.005 -8"><span class='ocrx_word' id='word_1_413' title='bbox 904 674 958 701; x_wconf 86' lang='lat' dir='ltr'><strong>que</strong></span> <span class='ocrx_word' id='word_1_414' title='bbox 973 665 1006 693; x_wconf 89' lang='lat' dir='ltr'><strong>ad</strong></span> <span class='ocrx_word' id='word_1_415' title='bbox 1021 665 1188 699; x_wconf 74' lang='lat' dir='ltr'><strong>agnitionem</strong></span> <span class='ocrx_word' id='word_1_416' title='bbox 1205 669 1285 692; x_wconf 89' lang='lat' dir='ltr'><strong>notas</strong></span> <span class='ocrx_word' id='word_1_417' title='bbox 1313 669 1341 692; x_wconf 89' lang='lat' dir='ltr'><strong>et</strong></span> <span class='ocrx_word' id='word_1_418' title='bbox 1355 664 1537 699; x_wconf 83' lang='lat' dir='ltr'><strong>proprietates</strong></span> <span class='ocrx_word' id='word_1_419' title='bbox 1553 662 1693 690; x_wconf 80' lang='lat' dir='ltr'><strong>exhibent.</strong></span> 
     </span>
    </p>
   </div>
   <div class='ocr_carea' id='block_1_53' title="bbox 905 708 1696 744">
    <p class='ocr_par' dir='ltr' id='par_1_53' title="bbox 905 708 1696 744">
     <span class='ocr_line' id='line_1_53' title="bbox 905 708 1696 744; baseline -0.006 -5"><span class='ocrx_word' id='word_1_420' title='bbox 905 712 934 739; x_wconf 86' lang='lat' dir='ltr'><strong>Si</strong></span> <span class='ocrx_word' id='word_1_421' title='bbox 951 719 1017 739; x_wconf 83' lang='lat' dir='ltr'><strong>vero</strong></span> <span class='ocrx_word' id='word_1_422' title='bbox 1031 719 1085 738; x_wconf 94' lang='lat' dir='ltr'><strong>non</strong></span> <span class='ocrx_word' id='word_1_423' title='bbox 1106 715 1149 739; x_wconf 87' lang='lat' dir='ltr'><strong>est</strong></span> <span class='ocrx_word' id='word_1_424' title='bbox 1162 711 1258 739; x_wconf 89' lang='lat' dir='ltr'><strong>eadem</strong></span> <span class='ocrx_word' id='word_1_425' title='bbox 1277 712 1403 738; x_wconf 65' lang='lat' dir='ltr'><strong>essentia!</strong></span> <span class='ocrx_word' id='word_1_426' title='bbox 1423 713 1449 737; x_wconf 89' lang='lat' dir='ltr'><strong>et</strong></span> <span class='ocrx_word' id='word_1_427' title='bbox 1465 708 1634 744; x_wconf 79' lang='lat' dir='ltr'><strong>operationis</strong></span> <span class='ocrx_word' id='word_1_428' title='bbox 1652 715 1696 734; x_wconf 92' lang='lat' dir='ltr'><strong>ra-</strong></span> 
     </span>
    </p>
   </div>
   <div class='ocr_carea' id='block_1_54' title="bbox 905 755 1696 791">
    <p class='ocr_par' dir='ltr' id='par_1_54' title="bbox 905 755 1696 791">
     <span class='ocr_line' id='line_1_54' title="bbox 905 755 1696 791; baseline -0.006 -6"><span class='ocrx_word' id='word_1_429' title='bbox 905 758 953 789; x_wconf 88' lang='lat' dir='ltr'><strong>tio,</strong></span> <span class='ocrx_word' id='word_1_430' title='bbox 977 757 1024 785; x_wconf 89' lang='lat' dir='ltr'><strong>sed</strong></span> <span class='ocrx_word' id='word_1_431' title='bbox 1051 757 1160 784; x_wconf 81' lang='lat' dir='ltr'><strong>diversa</strong></span> <span class='ocrx_word' id='word_1_432' title='bbox 1179 757 1326 791; x_wconf 83' lang='lat' dir='ltr'><strong>utriusque</strong></span> <span class='ocrx_word' id='word_1_433' title='bbox 1352 755 1527 791; x_wconf 71' lang='lat' dir='ltr'><strong>signiﬁcatio,</strong></span> <span class='ocrx_word' id='word_1_434' title='bbox 1559 755 1696 790; x_wconf 88' lang='lat' dir='ltr'><strong>quomodo</strong></span> 
     </span>
    </p>
   </div>
   <div class='ocr_carea' id='block_1_55' title="bbox 907 801 1696 838">
    <p class='ocr_par' dir='ltr' id='par_1_55' title="bbox 907 801 1696 838">
     <span class='ocr_line' id='line_1_55' title="bbox 907 801 1696 838; baseline -0.003 -8"><span class='ocrx_word' id='word_1_435' title='bbox 907 811 954 838; x_wconf 86' lang='lat' dir='ltr'><strong>per</strong></span> <span class='ocrx_word' id='word_1_436' title='bbox 980 803 1125 838; x_wconf 80' lang='lat' dir='ltr'><strong>peregrina</strong></span> <span class='ocrx_word' id='word_1_437' title='bbox 1141 807 1168 830; x_wconf 87' lang='lat' dir='ltr'><strong>et</strong></span> <span class='ocrx_word' id='word_1_438' title='bbox 1193 806 1335 835; x_wconf 79' lang='lat' dir='ltr'><strong>extranea,</strong></span> <span class='ocrx_word' id='word_1_439' title='bbox 1359 810 1391 830; x_wconf 83' lang='lat' dir='ltr'><strong>ea</strong></span> <span class='ocrx_word' id='word_1_440' title='bbox 1412 809 1473 837; x_wconf 49' lang='lat' dir='ltr'><strong>quae.</strong></span> <span class='ocrx_word' id='word_1_441' title='bbox 1498 802 1524 829; x_wconf 93' lang='lat' dir='ltr'><strong>in</strong></span> <span class='ocrx_word' id='word_1_442' title='bbox 1545 801 1696 835; x_wconf 58' lang='lat' dir='ltr'><strong>quastione</strong></span> 
     </span>
    </p>
   </div>
   <div class='ocr_carea' id='block_1_56' title="bbox 908 847 1746 882">
    <p class='ocr_par' dir='ltr' id='par_1_56' title="bbox 908 847 1746 882">
     <span class='ocr_line' id='line_1_56' title="bbox 908 847 1746 882; baseline -0.007 -6"><span class='ocrx_word' id='word_1_443' title='bbox 908 854 1062 882; x_wconf 79' lang='lat' dir='ltr'><strong>versantur,</strong></span> <span class='ocrx_word' id='word_1_444' title='bbox 1081 848 1271 876; x_wconf 77' lang='lat' dir='ltr'><strong>demonstrat?</strong></span> <span class='ocrx_word' id='word_1_445' title='bbox 1295 847 1412 876; x_wconf 85' lang='lat' dir='ltr'><strong>Perinde</strong></span> <span class='ocrx_word' id='word_1_446' title='bbox 1436 847 1511 878; x_wconf 82' lang='lat' dir='ltr'><strong>facit,</strong></span> <span class='ocrx_word' id='word_1_447' title='bbox 1532 854 1563 874; x_wconf 89' lang='lat' dir='ltr'><strong>ac</strong></span> <span class='ocrx_word' id='word_1_448' title='bbox 1581 847 1614 879; x_wconf 85' lang='lat' dir='ltr'><strong>si,</strong></span> <span class='ocrx_word' id='word_1_449' title='bbox 1633 853 1695 874; x_wconf 85' lang='lat' dir='ltr'><strong>cum</strong></span> <span class='ocrx_word' id='word_1_450' title='bbox 1742 867 1746 870; x_wconf 90' lang='lat'>.</span> 
     </span>
    </p>
   </div>
   <div class='ocr_carea' id='block_1_57' title="bbox 907 894 1696 929">
    <p class='ocr_par' dir='ltr' id='par_1_57' title="bbox 907 894 1696 929">
     <span class='ocr_line' id='line_1_57' title="bbox 907 894 1696 929; baseline -0.005 -7"><span class='ocrx_word' id='word_1_451' title='bbox 907 895 942 922; x_wconf 86' lang='lat' dir='ltr'><strong>de</strong></span> <span class='ocrx_word' id='word_1_452' title='bbox 957 895 1066 922; x_wconf 85' lang='lat' dir='ltr'><strong>homine</strong></span> <span class='ocrx_word' id='word_1_453' title='bbox 1091 894 1255 929; x_wconf 84' lang='lat' dir='ltr'><strong>disceptatio</strong></span> <span class='ocrx_word' id='word_1_454' title='bbox 1268 898 1341 922; x_wconf 88' lang='lat' dir='ltr'><strong>esset</strong></span> <span class='ocrx_word' id='word_1_455' title='bbox 1353 898 1458 927; x_wconf 83' lang='lat' dir='ltr'><strong>exorta,</strong></span> <span class='ocrx_word' id='word_1_456' title='bbox 1474 898 1501 920; x_wconf 91' lang='lat' dir='ltr'><strong>et</strong></span> <span class='ocrx_word' id='word_1_457' title='bbox 1516 898 1696 928; x_wconf 69' lang='lat' dir='ltr'><strong>quaereretur,</strong></span> 
     </span>
    </p>
   </div>
   <div class='ocr_carea' id='block_1_58' title="bbox 908 939 1696 975">
    <p class='ocr_par' dir='ltr' id='par_1_58' title="bbox 908 939 1696 975">
     <span class='ocr_line' id='line_1_58' title="bbox 908 939 1696 975; baseline -0.003 -8"><span class='ocrx_word' id='word_1_458' title='bbox 908 948 974 968; x_wconf 90' lang='lat' dir='ltr'><strong>num</strong></span> <span class='ocrx_word' id='word_1_459' title='bbox 999 940 1100 970; x_wconf 85' lang='lat' dir='ltr'><strong>animal</strong></span> <span class='ocrx_word' id='word_1_460' title='bbox 1113 940 1227 972; x_wconf 86' lang='lat' dir='ltr'><strong>risibile,</strong></span> <span class='ocrx_word' id='word_1_461' title='bbox 1248 943 1294 966; x_wconf 91' lang='lat' dir='ltr'><strong>aut</strong></span> <span class='ocrx_word' id='word_1_462' title='bbox 1307 939 1491 975; x_wconf 65' lang='lat' dir='ltr'><strong>grammaticae</strong></span> <span class='ocrx_word' id='word_1_463' title='bbox 1506 947 1592 973; x_wconf 84' lang='lat' dir='ltr'><strong>capax</strong></span> <span class='ocrx_word' id='word_1_464' title='bbox 1606 943 1696 970; x_wconf 76' lang='lat' dir='ltr'><strong>esset,</strong></span> 
     </span>
    </p>
   </div>
   <div class='ocr_carea' id='block_1_59' title="bbox 909 986 1700 1022">
    <p class='ocr_par' dir='ltr' id='par_1_59' title="bbox 909 986 1700 1022">
     <span class='ocr_line' id='line_1_59' title="bbox 909 986 1700 1022; baseline -0.001 -8"><span class='ocrx_word' id='word_1_465' title='bbox 909 987 1008 1022; x_wconf 85' lang='lat' dir='ltr'><strong>aliquis</strong></span> <span class='ocrx_word' id='word_1_466' title='bbox 1024 986 1058 1013; x_wconf 89' lang='lat' dir='ltr'><strong>ad</strong></span> <span class='ocrx_word' id='word_1_467' title='bbox 1073 987 1221 1022; x_wconf 70' lang='lat' dir='ltr'><strong>proposita:</strong></span> <span class='ocrx_word' id='word_1_468' title='bbox 1239 987 1421 1014; x_wconf 82' lang='lat' dir='ltr'><strong>dubitationis</strong></span> <span class='ocrx_word' id='word_1_469' title='bbox 1438 986 1633 1014; x_wconf 83' lang='lat' dir='ltr'><strong>resolutionem</strong></span> <span class='ocrx_word' id='word_1_470' title='bbox 1653 993 1700 1013; x_wconf 85' lang='lat' dir='ltr'><strong>as-</strong></span> 
     </span>
    </p>
   </div>
   <div class='ocr_carea' id='block_1_60' title="bbox 909 1031 1700 1067">
    <p class='ocr_par' dir='ltr' id='par_1_60' title="bbox 909 1031 1700 1067">
     <span class='ocr_line' id='line_1_60' title="bbox 909 1031 1700 1067; baseline -0.003 -7"><span class='ocrx_word' id='word_1_471' title='bbox 909 1038 1029 1061; x_wconf 79' lang='lat' dir='ltr'><strong>sumeret</strong></span> <span class='ocrx_word' id='word_1_472' title='bbox 1041 1033 1139 1060; x_wconf 89' lang='lat' dir='ltr'><strong>domus</strong></span> <span class='ocrx_word' id='word_1_473' title='bbox 1154 1037 1201 1060; x_wconf 89' lang='lat' dir='ltr'><strong>aut</strong></span> <span class='ocrx_word' id='word_1_474' title='bbox 1216 1033 1295 1060; x_wconf 82' lang='lat' dir='ltr'><strong>navis</strong></span> <span class='ocrx_word' id='word_1_475' title='bbox 1308 1036 1487 1065; x_wconf 81' lang='lat' dir='ltr'><strong>structuram,</strong></span> <span class='ocrx_word' id='word_1_476' title='bbox 1510 1040 1591 1067; x_wconf 88' lang='lat' dir='ltr'><strong>quam</strong></span> <span class='ocrx_word' id='word_1_477' title='bbox 1608 1031 1700 1059; x_wconf 88' lang='lat' dir='ltr'><strong>archi-</strong></span> 
     </span>
    </p>
   </div>
   <div class='ocr_carea' id='block_1_61' title="bbox 910 1077 1700 1110">
    <p class='ocr_par' dir='ltr' id='par_1_61' title="bbox 910 1077 1700 1110">
     <span class='ocr_line' id='line_1_61' title="bbox 910 1077 1700 1110; baseline -0.003 -4"><span class='ocrx_word' id='word_1_478' title='bbox 910 1083 1000 1106; x_wconf 87' lang='lat' dir='ltr'><strong>tectus</strong></span> <span class='ocrx_word' id='word_1_479' title='bbox 1015 1083 1063 1106; x_wconf 86' lang='lat' dir='ltr'><strong>aut</strong></span> <span class='ocrx_word' id='word_1_480' title='bbox 1090 1079 1200 1106; x_wconf 80' lang='lat' dir='ltr'><strong>navium</strong></span> <span class='ocrx_word' id='word_1_481' title='bbox 1228 1078 1305 1106; x_wconf 80' lang='lat' dir='ltr'><strong>faber</strong></span> <span class='ocrx_word' id='word_1_482' title='bbox 1323 1079 1475 1110; x_wconf 82' lang='lat' dir='ltr'><strong>exstruxit,</strong></span> <span class='ocrx_word' id='word_1_483' title='bbox 1503 1083 1530 1106; x_wconf 87' lang='lat' dir='ltr'><strong>et</strong></span> <span class='ocrx_word' id='word_1_484' title='bbox 1550 1077 1649 1105; x_wconf 82' lang='lat' dir='ltr'><strong>deinde</strong></span> <span class='ocrx_word' id='word_1_485' title='bbox 1672 1077 1700 1104; x_wconf 88' lang='lat' dir='ltr'><strong>id</strong></span> 
     </span>
    </p>
   </div>
   <div class='ocr_carea' id='block_1_62' title="bbox 909 1124 1700 1160">
    <p class='ocr_par' dir='ltr' id='par_1_62' title="bbox 909 1124 1700 1160">
     <span class='ocr_line' id='line_1_62' title="bbox 909 1124 1700 1160; baseline -0.003 -8"><span class='ocrx_word' id='word_1_486' title='bbox 909 1125 1086 1152; x_wconf 82' lang='lat' dir='ltr'><strong>confirmaret</strong></span> <span class='ocrx_word' id='word_1_487' title='bbox 1100 1125 1220 1160; x_wconf 77' lang='lat' dir='ltr'><strong>eleganti</strong></span> <span class='ocrx_word' id='word_1_488' title='bbox 1238 1129 1354 1158; x_wconf 84' lang='lat' dir='ltr'><strong>asserto,</strong></span> <span class='ocrx_word' id='word_1_489' title='bbox 1370 1133 1403 1153; x_wconf 81' lang='lat' dir='ltr'><strong>ex</strong></span> <span class='ocrx_word' id='word_1_490' title='bbox 1417 1125 1622 1160; x_wconf 89' lang='lat' dir='ltr'><strong>operationibus</strong></span> <span class='ocrx_word' id='word_1_491' title='bbox 1635 1124 1700 1152; x_wconf 88' lang='lat' dir='ltr'><strong>sub-</strong></span> 
     </span>
    </p>
   </div>
   <div class='ocr_carea' id='block_1_63' title="bbox 911 1166 1701 1202">
    <p class='ocr_par' dir='ltr' id='par_1_63' title="bbox 911 1166 1701 1202">
     <span class='ocr_line' id='line_1_63' title="bbox 911 1166 1701 1202; baseline -0.003 -7"><span class='ocrx_word' id='word_1_492' title='bbox 911 1167 1027 1195; x_wconf 81' lang='lat' dir='ltr'><strong>stantias</strong></span> <span class='ocrx_word' id='word_1_493' title='bbox 1037 1167 1168 1202; x_wconf 80' lang='lat' dir='ltr'><strong>cognosci</strong></span> <span class='ocrx_word' id='word_1_494' title='bbox 1182 1175 1189 1200; x_wconf 88' lang='lat'><strong>;</strong></span> <span class='ocrx_word' id='word_1_495' title='bbox 1205 1168 1392 1202; x_wconf 82' lang='lat' dir='ltr'><strong>operationem</strong></span> <span class='ocrx_word' id='word_1_496' title='bbox 1407 1171 1497 1194; x_wconf 88' lang='lat' dir='ltr'><strong>autem</strong></span> <span class='ocrx_word' id='word_1_497' title='bbox 1510 1166 1630 1194; x_wconf 90' lang='lat' dir='ltr'><strong>hominis</strong></span> <span class='ocrx_word' id='word_1_498' title='bbox 1639 1173 1701 1194; x_wconf 87' lang='lat' dir='ltr'><strong>esse</strong></span> 
     </span>
    </p>
   </div>
   <div class='ocr_carea' id='block_1_64' title="bbox 910 1213 1702 1245">
    <p class='ocr_par' dir='ltr' id='par_1_64' title="bbox 910 1213 1702 1245">
     <span class='ocr_line' id='line_1_64' title="bbox 910 1213 1702 1245; baseline -0.003 -4"><span class='ocrx_word' id='word_1_499' title='bbox 910 1218 937 1241; x_wconf 84' lang='lat' dir='ltr'><strong>et</strong></span> <span class='ocrx_word' id='word_1_500' title='bbox 953 1213 1063 1240; x_wconf 90' lang='lat' dir='ltr'><strong>domum</strong></span> <span class='ocrx_word' id='word_1_501' title='bbox 1078 1217 1104 1241; x_wconf 89' lang='lat' dir='ltr'><strong>et</strong></span> <span class='ocrx_word' id='word_1_502' title='bbox 1119 1213 1222 1243; x_wconf 82' lang='lat' dir='ltr'><strong>navim.</strong></span> <span class='ocrx_word' id='word_1_503' title='bbox 1232 1213 1272 1240; x_wconf 88' lang='lat' dir='ltr'><strong>An</strong></span> <span class='ocrx_word' id='word_1_504' title='bbox 1286 1222 1319 1242; x_wconf 80' lang='lat' dir='ltr'><strong>ex</strong></span> <span class='ocrx_word' id='word_1_505' title='bbox 1332 1213 1385 1245; x_wconf 84' lang='lat' dir='ltr'><strong>his,</strong></span> <span class='ocrx_word' id='word_1_506' title='bbox 1402 1221 1417 1241; x_wconf 95' lang='lat' dir='ltr'><strong>o</strong></span> <span class='ocrx_word' id='word_1_507' title='bbox 1431 1213 1622 1243; x_wconf 84' lang='lat' dir='ltr'><strong>stolidissime,</strong></span> <span class='ocrx_word' id='word_1_508' title='bbox 1639 1219 1702 1239; x_wconf 88' lang='lat' dir='ltr'><strong>con-</strong></span> 
     </span>
    </p>
   </div>
   <div class='ocr_carea' id='block_1_65' title="bbox 911 1257 1702 1294">
    <p class='ocr_par' dir='ltr' id='par_1_65' title="bbox 911 1257 1702 1294">
     <span class='ocr_line' id='line_1_65' title="bbox 911 1257 1702 1294; baseline -0.001 -9"><span class='ocrx_word' id='word_1_509' title='bbox 911 1258 1048 1285; x_wconf 84' lang='lat' dir='ltr'><strong>cludimus</strong></span> <span class='ocrx_word' id='word_1_510' title='bbox 1062 1258 1202 1285; x_wconf 82' lang='lat' dir='ltr'><strong>hominem</strong></span> <span class='ocrx_word' id='word_1_511' title='bbox 1225 1259 1288 1286; x_wconf 87' lang='lat' dir='ltr'><strong>latis</strong></span> <span class='ocrx_word' id='word_1_512' title='bbox 1304 1259 1441 1294; x_wconf 79' lang='lat' dir='ltr'><strong>unguibus</strong></span> <span class='ocrx_word' id='word_1_513' title='bbox 1457 1263 1484 1285; x_wconf 91' lang='lat' dir='ltr'><strong>et</strong></span> <span class='ocrx_word' id='word_1_514' title='bbox 1509 1258 1636 1285; x_wconf 81' lang='lat' dir='ltr'><strong>facultate</strong></span> <span class='ocrx_word' id='word_1_515' title='bbox 1664 1257 1702 1284; x_wconf 88' lang='lat' dir='ltr'><strong>ri-</strong></span> 
     </span>
    </p>
   </div>
   <div class='ocr_carea' id='block_1_66' title="bbox 911 1304 1701 1339">
    <p class='ocr_par' dir='ltr' id='par_1_66' title="bbox 911 1304 1701 1339">
     <span class='ocr_line' id='line_1_66' title="bbox 911 1304 1701 1339; baseline -0.003 -7"><span class='ocrx_word' id='word_1_516' title='bbox 911 1304 992 1332; x_wconf 88' lang='lat' dir='ltr'><strong>dendi</strong></span> <span class='ocrx_word' id='word_1_517' title='bbox 1008 1304 1150 1339; x_wconf 66' lang='lat' dir='ltr'><strong>praeditum</strong></span> <span class='ocrx_word' id='word_1_518' title='bbox 1167 1305 1248 1333; x_wconf 81' lang='lat' dir='ltr'><strong>esse?</strong></span> <span class='ocrx_word' id='word_1_519' title='bbox 1264 1305 1299 1331; x_wconf 86' lang='lat' dir='ltr'><strong>At</strong></span> <span class='ocrx_word' id='word_1_520' title='bbox 1313 1305 1385 1331; x_wconf 88' lang='lat' dir='ltr'><strong>dicet</strong></span> <span class='ocrx_word' id='word_1_521' title='bbox 1407 1304 1554 1339; x_wconf 84' lang='lat' dir='ltr'><strong>quispiam,</strong></span> <span class='ocrx_word' id='word_1_522' title='bbox 1574 1304 1626 1331; x_wconf 90' lang='lat' dir='ltr'><strong>hoc</strong></span> <span class='ocrx_word' id='word_1_523' title='bbox 1646 1311 1701 1330; x_wconf 91' lang='lat' dir='ltr'><strong>non</strong></span> 
     </span>
    </p>
   </div>
   <div class='ocr_carea' id='block_1_67' title="bbox 910 1350 1702 1386">
    <p class='ocr_par' dir='ltr' id='par_1_67' title="bbox 910 1350 1702 1386">
     <span class='ocr_line' id='line_1_67' title="bbox 910 1350 1702 1386; baseline -0.001 -8"><span class='ocrx_word' id='word_1_524' title='bbox 910 1358 974 1378; x_wconf 75' lang='lat' dir='ltr'><strong>esse</strong></span> <span class='ocrx_word' id='word_1_525' title='bbox 984 1350 1010 1378; x_wconf 87' lang='lat' dir='ltr'><strong>id</strong></span> <span class='ocrx_word' id='word_1_526' title='bbox 1029 1350 1105 1385; x_wconf 27' lang='lat' dir='ltr'><strong>quod!</strong></span> <span class='ocrx_word' id='word_1_527' title='bbox 1130 1351 1277 1386; x_wconf 65' lang='lat' dir='ltr'><strong>quaeritur,</strong></span> <span class='ocrx_word' id='word_1_528' title='bbox 1304 1358 1368 1377; x_wconf 88' lang='lat' dir='ltr'><strong>num</strong></span> <span class='ocrx_word' id='word_1_529' title='bbox 1387 1350 1468 1378; x_wconf 86' lang='lat' dir='ltr'><strong>homo</strong></span> <span class='ocrx_word' id='word_1_530' title='bbox 1485 1350 1635 1377; x_wconf 88' lang='lat' dir='ltr'><strong>motionem</strong></span> <span class='ocrx_word' id='word_1_531' title='bbox 1651 1350 1702 1377; x_wconf 87' lang='lat' dir='ltr'><strong>ali-</strong></span> 
     </span>
    </p>
   </div>
   <div class='ocr_carea' id='block_1_68' title="bbox 911 1396 1702 1432">
    <p class='ocr_par' dir='ltr' id='par_1_68' title="bbox 911 1396 1702 1432">
     <span class='ocr_line' id='line_1_68' title="bbox 911 1396 1702 1432; baseline -0.003 -8"><span class='ocrx_word' id='word_1_532' title='bbox 911 1404 993 1432; x_wconf 89' lang='lat' dir='ltr'><strong>quam</strong></span> <span class='ocrx_word' id='word_1_533' title='bbox 1009 1401 1038 1424; x_wconf 94' lang='lat' dir='ltr'><strong>et</strong></span> <span class='ocrx_word' id='word_1_534' title='bbox 1051 1397 1239 1431; x_wconf 81' lang='lat' dir='ltr'><strong>operationem</strong></span> <span class='ocrx_word' id='word_1_535' title='bbox 1259 1396 1367 1428; x_wconf 86' lang='lat' dir='ltr'><strong>haheat,</strong></span> <span class='ocrx_word' id='word_1_536' title='bbox 1389 1397 1435 1424; x_wconf 90' lang='lat' dir='ltr'><strong>sed</strong></span> <span class='ocrx_word' id='word_1_537' title='bbox 1455 1397 1587 1431; x_wconf 82' lang='lat' dir='ltr'><strong>quidnam</strong></span> <span class='ocrx_word' id='word_1_538' title='bbox 1602 1403 1702 1423; x_wconf 88' lang='lat' dir='ltr'><strong>secun-</strong></span> 
     </span>
    </p>
   </div>
   <div class='ocr_carea' id='block_1_69' title="bbox 912 1442 1702 1478">
    <p class='ocr_par' dir='ltr' id='par_1_69' title="bbox 912 1442 1702 1478">
     <span class='ocr_line' id='line_1_69' title="bbox 912 1442 1702 1478; baseline -0.001 -9"><span class='ocrx_word' id='word_1_539' title='bbox 912 1443 976 1471; x_wconf 79' lang='lat' dir='ltr'><strong>dum</strong></span> <span class='ocrx_word' id='word_1_540' title='bbox 994 1450 1072 1470; x_wconf 79' lang='lat' dir='ltr'><strong>sitam</strong></span> <span class='ocrx_word' id='word_1_541' title='bbox 1087 1447 1213 1469; x_wconf 88' lang='lat' dir='ltr'><strong>naturam</strong></span> <span class='ocrx_word' id='word_1_542' title='bbox 1230 1442 1266 1470; x_wconf 86' lang='lat' dir='ltr'><strong>sit</strong></span> <span class='ocrx_word' id='word_1_543' title='bbox 1294 1443 1383 1478; x_wconf 85' lang='lat' dir='ltr'><strong>ipsum</strong></span> <span class='ocrx_word' id='word_1_544' title='bbox 1408 1442 1481 1478; x_wconf 89' lang='lat' dir='ltr'><strong>quod</strong></span> <span class='ocrx_word' id='word_1_545' title='bbox 1498 1445 1636 1477; x_wconf 85' lang='lat' dir='ltr'><strong>operatur.</strong></span> <span class='ocrx_word' id='word_1_546' title='bbox 1654 1449 1702 1468; x_wconf 89' lang='lat' dir='ltr'><strong>seu</strong></span> 
     </span>
    </p>
   </div>
   <div class='ocr_carea' id='block_1_70' title="bbox 913 1487 1704 1523">
    <p class='ocr_par' dir='ltr' id='par_1_70' title="bbox 913 1487 1704 1523">
     <span class='ocr_line' id='line_1_70' title="bbox 913 1487 1704 1523; baseline -0.004 -7"><span class='ocrx_word' id='word_1_547' title='bbox 913 1488 971 1523; x_wconf 83' lang='lat' dir='ltr'><strong>ipse</strong></span> <span class='ocrx_word' id='word_1_548' title='bbox 987 1488 1067 1515; x_wconf 91' lang='lat' dir='ltr'><strong>homo</strong></span> <span class='ocrx_word' id='word_1_549' title='bbox 1084 1488 1130 1523; x_wconf 87' lang='lat' dir='ltr'><strong>qui</strong></span> <span class='ocrx_word' id='word_1_550' title='bbox 1162 1490 1234 1523; x_wconf 77' lang='lat' dir='ltr'><strong>agit:</strong></span> <span class='ocrx_word' id='word_1_551' title='bbox 1251 1488 1335 1523; x_wconf 85' lang='lat' dir='ltr'><strong>quod,</strong></span> <span class='ocrx_word' id='word_1_552' title='bbox 1353 1492 1382 1515; x_wconf 92' lang='lat' dir='ltr'><strong>ut</strong></span> <span class='ocrx_word' id='word_1_553' title='bbox 1397 1495 1429 1515; x_wconf 79' lang='lat' dir='ltr'><strong>ex</strong></span> <span class='ocrx_word' id='word_1_554' title='bbox 1448 1489 1508 1514; x_wconf 86' lang='lat' dir='ltr'><strong>data</strong></span> <span class='ocrx_word' id='word_1_555' title='bbox 1525 1487 1704 1522; x_wconf 64' lang='lat' dir='ltr'><strong>responsione</strong></span> 
     </span>
    </p>
   </div>
   <div class='ocr_carea' id='block_1_71' title="bbox 910 1531 1705 1568">
    <p class='ocr_par' dir='ltr' id='par_1_71' title="bbox 910 1531 1705 1568">
     <span class='ocr_line' id='line_1_71' title="bbox 910 1531 1705 1568; baseline -0.003 -8"><span class='ocrx_word' id='word_1_556' title='bbox 910 1541 1085 1568; x_wconf 72' lang='lat' dir='ltr'><strong>cognoscam,</strong></span> <span class='ocrx_word' id='word_1_557' title='bbox 1117 1534 1231 1560; x_wconf 92' lang='lat' dir='ltr'><strong>multum</strong></span> <span class='ocrx_word' id='word_1_558' title='bbox 1270 1538 1344 1561; x_wconf 90' lang='lat' dir='ltr'><strong>certe</strong></span> <span class='ocrx_word' id='word_1_559' title='bbox 1371 1533 1458 1560; x_wconf 85' lang='lat' dir='ltr'><strong>abest.</strong></span> <span class='ocrx_word' id='word_1_560' title='bbox 1488 1531 1594 1560; x_wconf 86' lang='lat' dir='ltr'><strong>Etenim</strong></span> <span class='ocrx_word' id='word_1_561' title='bbox 1620 1532 1643 1558; x_wconf 82' lang='lat' dir='ltr'><strong>si</strong></span> <span class='ocrx_word' id='word_1_562' title='bbox 1671 1532 1705 1559; x_wconf 81' lang='lat' dir='ltr'><strong>de</strong></span> 
     </span>
    </p>
   </div>
   <div class='ocr_carea' id='block_1_72' title="bbox 915 1578 1703 1615">
    <p class='ocr_par' dir='ltr' id='par_1_72' title="bbox 915 1578 1703 1615">
     <span class='ocr_line' id='line_1_72' title="bbox 915 1578 1703 1615; baseline -0.003 -9"><span class='ocrx_word' id='word_1_563' title='bbox 915 1585 996 1607; x_wconf 82' lang='lat' dir='ltr'><strong>vento</strong></span> <span class='ocrx_word' id='word_1_564' title='bbox 1006 1580 1108 1615; x_wconf 83' lang='lat' dir='ltr'><strong>aliquid</strong></span> <span class='ocrx_word' id='word_1_565' title='bbox 1117 1579 1224 1607; x_wconf 88' lang='lat' dir='ltr'><strong>discere</strong></span> <span class='ocrx_word' id='word_1_566' title='bbox 1238 1580 1345 1613; x_wconf 84' lang='lat' dir='ltr'><strong>vellem,</strong></span> <span class='ocrx_word' id='word_1_567' title='bbox 1358 1583 1469 1607; x_wconf 89' lang='lat' dir='ltr'><strong>ostcnso</strong></span> <span class='ocrx_word' id='word_1_568' title='bbox 1480 1586 1570 1606; x_wconf 71' lang='lat' dir='ltr'><strong>arenae</strong></span> <span class='ocrx_word' id='word_1_569' title='bbox 1582 1578 1703 1610; x_wconf 82' lang='lat' dir='ltr'><strong>cumulo,</strong></span> 
     </span>
    </p>
   </div>
   <div class='ocr_carea' id='block_1_73' title="bbox 913 1626 1705 1661">
    <p class='ocr_par' dir='ltr' id='par_1_73' title="bbox 913 1626 1705 1661">
     <span class='ocr_line' id='line_1_73' title="bbox 913 1626 1705 1661; baseline 0.001 -10"><span class='ocrx_word' id='word_1_570' title='bbox 913 1633 994 1660; x_wconf 88' lang='lat' dir='ltr'><strong>quem</strong></span> <span class='ocrx_word' id='word_1_571' title='bbox 1014 1631 1111 1653; x_wconf 90' lang='lat' dir='ltr'><strong>ventus</strong></span> <span class='ocrx_word' id='word_1_572' title='bbox 1132 1626 1282 1661; x_wconf 72' lang='lat' dir='ltr'><strong>congessit,</strong></span> <span class='ocrx_word' id='word_1_573' title='bbox 1307 1631 1353 1654; x_wconf 85' lang='lat' dir='ltr'><strong>aut</strong></span> <span class='ocrx_word' id='word_1_574' title='bbox 1376 1627 1515 1661; x_wconf 81' lang='lat' dir='ltr'><strong>palearum</strong></span> <span class='ocrx_word' id='word_1_575' title='bbox 1532 1633 1640 1658; x_wconf 88' lang='lat' dir='ltr'><strong>acervo,</strong></span> <span class='ocrx_word' id='word_1_576' title='bbox 1659 1629 1705 1652; x_wconf 85' lang='lat' dir='ltr'><strong>aut</strong></span> 
     </span>
    </p>
   </div>
   <div class='ocr_carea' id='block_1_74' title="bbox 914 1670 1704 1706">
    <p class='ocr_par' dir='ltr' id='par_1_74' title="bbox 914 1670 1704 1706">
     <span class='ocr_line' id='line_1_74' title="bbox 914 1670 1704 1706; baseline -0.001 -8"><span class='ocrx_word' id='word_1_577' title='bbox 914 1671 1033 1706; x_wconf 88' lang='lat' dir='ltr'><strong>pulveris</strong></span> <span class='ocrx_word' id='word_1_578' title='bbox 1049 1672 1227 1706; x_wconf 87' lang='lat' dir='ltr'><strong>disjectione,</strong></span> <span class='ocrx_word' id='word_1_579' title='bbox 1246 1672 1318 1699; x_wconf 87' lang='lat' dir='ltr'><strong>haud</strong></span> <span class='ocrx_word' id='word_1_580' title='bbox 1334 1671 1459 1706; x_wconf 81' lang='lat' dir='ltr'><strong>equidem</strong></span> <span class='ocrx_word' id='word_1_581' title='bbox 1476 1670 1621 1706; x_wconf 83' lang='lat' dir='ltr'><strong>perfectam</strong></span> <span class='ocrx_word' id='word_1_582' title='bbox 1633 1670 1704 1704; x_wconf 86' lang='lat' dir='ltr'><strong>ejus,</strong></span> 
     </span>
    </p>
   </div>
   <div class='ocr_carea' id='block_1_75' title="bbox 914 1717 1704 1752">
    <p class='ocr_par' dir='ltr' id='par_1_75' title="bbox 914 1717 1704 1752">
     <span class='ocr_line' id='line_1_75' title="bbox 914 1717 1704 1752; baseline -0.003 -8"><span class='ocrx_word' id='word_1_583' title='bbox 914 1717 948 1745; x_wconf 85' lang='lat' dir='ltr'><strong>de</strong></span> <span class='ocrx_word' id='word_1_584' title='bbox 963 1725 1016 1752; x_wconf 88' lang='lat' dir='ltr'><strong>quo</strong></span> <span class='ocrx_word' id='word_1_585' title='bbox 1031 1719 1147 1752; x_wconf 78' lang='lat' dir='ltr'><strong>quaestio</strong></span> <span class='ocrx_word' id='word_1_586' title='bbox 1158 1722 1227 1750; x_wconf 87' lang='lat' dir='ltr'><strong>erat,</strong></span> <span class='ocrx_word' id='word_1_587' title='bbox 1241 1718 1376 1745; x_wconf 88' lang='lat' dir='ltr'><strong>rationem</strong></span> <span class='ocrx_word' id='word_1_588' title='bbox 1393 1717 1545 1745; x_wconf 89' lang='lat' dir='ltr'><strong>reddidisse</strong></span> <span class='ocrx_word' id='word_1_589' title='bbox 1557 1724 1685 1744; x_wconf 87' lang='lat' dir='ltr'><strong>censcrer</strong></span> <span class='ocrx_word' id='word_1_590' title='bbox 1697 1724 1704 1748; x_wconf 81' lang='lat'><strong>;</strong></span> 
     </span>
    </p>
   </div>
   <div class='ocr_carea' id='block_1_76' title="bbox 916 1762 1704 1796">
    <p class='ocr_par' dir='ltr' id='par_1_76' title="bbox 916 1762 1704 1796">
     <span class='ocr_line' id='line_1_76' title="bbox 916 1762 1704 1796; baseline -0.003 -7"><span class='ocrx_word' id='word_1_591' title='bbox 916 1763 969 1789; x_wconf 88' lang='lat' dir='ltr'><strong>alia</strong></span> <span class='ocrx_word' id='word_1_592' title='bbox 985 1769 1027 1791; x_wconf 88' lang='lat' dir='ltr'><strong>est</strong></span> <span class='ocrx_word' id='word_1_593' title='bbox 1052 1765 1124 1791; x_wconf 89' lang='lat' dir='ltr'><strong>enim</strong></span> <span class='ocrx_word' id='word_1_594' title='bbox 1153 1765 1221 1791; x_wconf 87' lang='lat' dir='ltr'><strong>ratio</strong></span> <span class='ocrx_word' id='word_1_595' title='bbox 1237 1764 1322 1796; x_wconf 86' lang='lat' dir='ltr'><strong>venti,</strong></span> <span class='ocrx_word' id='word_1_596' title='bbox 1338 1767 1368 1790; x_wconf 92' lang='lat' dir='ltr'><strong>ut</strong></span> <span class='ocrx_word' id='word_1_597' title='bbox 1387 1767 1414 1791; x_wconf 85' lang='lat' dir='ltr'><strong>et</strong></span> <span class='ocrx_word' id='word_1_598' title='bbox 1431 1763 1554 1790; x_wconf 91' lang='lat' dir='ltr'><strong>omnium</strong></span> <span class='ocrx_word' id='word_1_599' title='bbox 1579 1762 1704 1793; x_wconf 75' lang='lat' dir='ltr'><strong>alim-um,</strong></span> 
     </span>
    </p>
   </div>
   <div class='ocr_carea' id='block_1_77' title="bbox 915 1810 1705 1846">
    <p class='ocr_par' dir='ltr' id='par_1_77' title="bbox 915 1810 1705 1846">
     <span class='ocr_line' id='line_1_77' title="bbox 915 1810 1705 1846; baseline -0.001 -10"><span class='ocrx_word' id='word_1_600' title='bbox 915 1817 975 1843; x_wconf 70' lang='lat' dir='ltr'><strong>quae</strong></span> <span class='ocrx_word' id='word_1_601' title='bbox 1002 1810 1062 1838; x_wconf 90' lang='lat' dir='ltr'><strong>loco</strong></span> <span class='ocrx_word' id='word_1_602' title='bbox 1087 1811 1158 1846; x_wconf 78' lang='lat' dir='ltr'><strong>eius,</strong></span> <span class='ocrx_word' id='word_1_603' title='bbox 1187 1812 1260 1846; x_wconf 92' lang='lat' dir='ltr'><strong>quod</strong></span> <span class='ocrx_word' id='word_1_604' title='bbox 1285 1810 1471 1845; x_wconf 70' lang='lat' dir='ltr'><strong>qumrebatur.</strong></span> <span class='ocrx_word' id='word_1_605' title='bbox 1495 1813 1604 1836; x_wconf 78' lang='lat' dir='ltr'><strong>ostensa</strong></span> <span class='ocrx_word' id='word_1_606' title='bbox 1630 1813 1705 1836; x_wconf 90' lang='lat' dir='ltr'><strong>sunt.</strong></span> 
     </span>
    </p>
   </div>
   <div class='ocr_carea' id='block_1_78' title="bbox 68 1850 1707 1890">
    <p class='ocr_par' dir='ltr' id='par_1_78' title="bbox 68 1850 1707 1890">
     <span class='ocr_line' id='line_1_78' title="bbox 68 1850 1707 1890; baseline 0.002 -14"><span class='ocrx_word' id='word_1_607' title='bbox 68 1850 216 1884; x_wconf 80' lang='lat' dir='ltr'><strong>Quomodo</strong></span> <span class='ocrx_word' id='word_1_608' title='bbox 238 1851 320 1886; x_wconf 80' lang='lat' dir='ltr'><strong>igitur</strong></span> <span class='ocrx_word' id='word_1_609' title='bbox 337 1850 388 1878; x_wconf 83' lang='lat' dir='ltr'><strong>istc</strong></span> <span class='ocrx_word' id='word_1_610' title='bbox 401 1859 433 1878; x_wconf 78' lang='lat' dir='ltr'><strong>ex</strong></span> <span class='ocrx_word' id='word_1_611' title='bbox 446 1851 651 1885; x_wconf 84' lang='lat' dir='ltr'><strong>operationibus</strong></span> <span class='ocrx_word' id='word_1_612' title='bbox 665 1851 831 1878; x_wconf 81' lang='lat' dir='ltr'><strong>substantias</strong></span> <span class='ocrx_word' id='word_1_613' title='bbox 848 1851 1028 1889; x_wconf 88' lang='lat' dir='ltr'><strong>demonstrat,</strong></span> <span class='ocrx_word' id='word_1_614' title='bbox 1044 1861 1071 1884; x_wconf 89' lang='lat' dir='ltr'><strong>et</strong></span> <span class='ocrx_word' id='word_1_615' title='bbox 1086 1857 1221 1884; x_wconf 87' lang='lat' dir='ltr'><strong>rationem</strong></span> <span class='ocrx_word' id='word_1_616' title='bbox 1238 1855 1346 1883; x_wconf 89' lang='lat' dir='ltr'><strong>essendi</strong></span> <span class='ocrx_word' id='word_1_617' title='bbox 1363 1855 1450 1890; x_wconf 87' lang='lat' dir='ltr'><strong>ipsius</strong></span> <span class='ocrx_word' id='word_1_618' title='bbox 1468 1855 1540 1882; x_wconf 87' lang='lat' dir='ltr'><strong>entis</strong></span> <span class='ocrx_word' id='word_1_619' title='bbox 1554 1862 1588 1881; x_wconf 82' lang='lat' dir='ltr'><strong>ex</strong></span> <span class='ocrx_word' id='word_1_620' title='bbox 1605 1853 1707 1881; x_wconf 81' lang='lat' dir='ltr'><strong>effecti-</strong></span> 
     </span>
    </p>
   </div>
   <div class='ocr_carea' id='block_1_79' title="bbox 69 1898 229 1925">
    <p class='ocr_par' dir='ltr' id='par_1_79' title="bbox 69 1898 229 1925">
     <span class='ocr_line' id='line_1_79' title="bbox 69 1898 229 1925; baseline 0 -1"><span class='ocrx_word' id='word_1_621' title='bbox 69 1898 121 1925; x_wconf 83' lang='lat' dir='ltr'><strong>bus</strong></span> <span class='ocrx_word' id='word_1_622' title='bbox 137 1898 229 1924; x_wconf 85' lang='lat' dir='ltr'><strong>entis?</strong></span> 
     </span>
    </p>
   </div>
   <div class='ocr_carea' id='block_1_80' title="bbox 104 1941 864 1980">
    <p class='ocr_par' dir='ltr' id='par_1_80' title="bbox 104 1941 864 1980">
     <span class='ocr_line' id='line_1_80' title="bbox 104 1941 864 1980; baseline 0 -10"><span class='ocrx_word' id='word_1_623' title='bbox 104 1941 176 1970; x_wconf 72' lang='grc' dir='ltr'>Εἶτα</span> <span class='ocrx_word' id='word_1_624' title='bbox 191 1945 302 1970; x_wconf 71' lang='grc' dir='ltr'>κάκεῖνο</span> <span class='ocrx_word' id='word_1_625' title='bbox 323 1945 518 1979; x_wconf 84' lang='grc' dir='ltr'>σκοπήσωμεν·</span> <span class='ocrx_word' id='word_1_626' title='bbox 535 1944 561 1970; x_wconf 86' lang='grc' dir='ltr'><strong>τί</strong></span> <span class='ocrx_word' id='word_1_627' title='bbox 582 1944 662 1979; x_wconf 77' lang='grc' dir='ltr'>ἔργον</span> <span class='ocrx_word' id='word_1_628' title='bbox 681 1944 727 1970; x_wconf 80' lang='grc' dir='ltr'>τοῦ</span> <span class='ocrx_word' id='word_1_629' title='bbox 747 1944 864 1980; x_wconf 71' lang='grc' dir='ltr'>Πατρὸς,</span> 
     </span>
    </p>
   </div>
   <div class='ocr_carea' id='block_1_81' title="bbox 69 1986 868 2025">
    <p class='ocr_par' dir='ltr' id='par_1_81' title="bbox 69 1986 868 2025">
     <span class='ocr_line' id='line_1_81' title="bbox 69 1986 868 2025; baseline -0.003 -10"><span class='ocrx_word' id='word_1_630' title='bbox 69 1990 103 2016; x_wconf 73' lang='grc' dir='ltr'>δι’</span> <span class='ocrx_word' id='word_1_631' title='bbox 116 1986 148 2015; x_wconf 66' lang='grc' dir='ltr'><strong>οὗ</strong></span> <span class='ocrx_word' id='word_1_632' title='bbox 163 1989 420 2023; x_wconf 74' lang='grc' dir='ltr'>καταλαμϐάνεσθαι</span> <span class='ocrx_word' id='word_1_633' title='bbox 435 1990 509 2023; x_wconf 83' lang='grc' dir='ltr'>λέγει</span> <span class='ocrx_word' id='word_1_634' title='bbox 523 1989 571 2025; x_wconf 78' lang='grc' dir='ltr'>τὴν</span> <span class='ocrx_word' id='word_1_635' title='bbox 587 1990 679 2016; x_wconf 78' lang='grc' dir='ltr'>οὐσίαν</span> <span class='ocrx_word' id='word_1_636' title='bbox 693 1989 739 2016; x_wconf 77' lang='grc' dir='ltr'>τοῦ</span> <span class='ocrx_word' id='word_1_637' title='bbox 755 1990 868 2025; x_wconf 82' lang='grc' dir='ltr'>ἐνεργή-</span> 
     </span>
    </p>
   </div>
   <div class='ocr_carea' id='block_1_82' title="bbox 72 2034 869 2070">
    <p class='ocr_par' dir='ltr' id='par_1_82' title="bbox 72 2034 869 2070">
     <span class='ocr_line' id='line_1_82' title="bbox 72 2034 869 2070; baseline 0 -10"><span class='ocrx_word' id='word_1_638' title='bbox 72 2043 189 2066; x_wconf 51' lang='lat' dir='ltr'><strong>arri-0;;</strong></span> <span class='ocrx_word' id='word_1_639' title='bbox 209 2035 264 2060; x_wconf 80' lang='grc' dir='ltr'><strong>Τὸν</strong></span> <span class='ocrx_word' id='word_1_640' title='bbox 278 2035 342 2061; x_wconf 75' lang='grc' dir='ltr'>Υίὸν</span> <span class='ocrx_word' id='word_1_641' title='bbox 357 2035 427 2067; x_wconf 81' lang='grc' dir='ltr'>λέξει</span> <span class='ocrx_word' id='word_1_642' title='bbox 442 2035 560 2067; x_wconf 79' lang='grc' dir='ltr'>πάντως,</span> <span class='ocrx_word' id='word_1_643' title='bbox 572 2035 651 2070; x_wconf 79' lang='grc' dir='ltr'>εἴπερ</span> <span class='ocrx_word' id='word_1_644' title='bbox 667 2035 700 2061; x_wconf 85' lang='grc' dir='ltr'><strong>τὰ</strong></span> <span class='ocrx_word' id='word_1_645' title='bbox 712 2035 812 2070; x_wconf 83' lang='grc' dir='ltr'>συνήθη</span> <span class='ocrx_word' id='word_1_646' title='bbox 828 2034 869 2060; x_wconf 72' lang='grc' dir='ltr'>λέ-</span> 
     </span>
    </p>
   </div>
   <div class='ocr_carea' id='block_1_83' title="bbox 71 2074 869 2114">
    <p class='ocr_par' dir='ltr' id='par_1_83' title="bbox 71 2074 869 2114">
     <span class='ocr_line' id='line_1_83' title="bbox 71 2074 869 2114; baseline -0.001 -8"><span class='ocrx_word' id='word_1_647' title='bbox 71 2087 126 2113; x_wconf 78' lang='grc' dir='ltr'>γοι.</span> <span class='ocrx_word' id='word_1_648' title='bbox 146 2078 219 2104; x_wconf 81' lang='grc' dir='ltr'>Ἀλλ’</span> <span class='ocrx_word' id='word_1_649' title='bbox 233 2074 320 2110; x_wconf 74' lang='grc' dir='ltr'>οὗτος,</span> <span class='ocrx_word' id='word_1_650' title='bbox 333 2079 355 2105; x_wconf 85' lang='grc' dir='ltr'>ὦ</span> <span class='ocrx_word' id='word_1_651' title='bbox 371 2079 519 2114; x_wconf 77' lang='grc' dir='ltr'>σοφώτατε,</span> <span class='ocrx_word' id='word_1_652' title='bbox 534 2079 604 2107; x_wconf 80' lang='grc' dir='ltr'>κατὰ</span> <span class='ocrx_word' id='word_1_653' title='bbox 616 2079 662 2105; x_wconf 71' lang='grc' dir='ltr'>τὸν</span> <span class='ocrx_word' id='word_1_654' title='bbox 678 2079 722 2106; x_wconf 72' lang='grc' dir='ltr'><strong>σὸν</strong></span> <span class='ocrx_word' id='word_1_655' title='bbox 739 2079 818 2114; x_wconf 76' lang='grc' dir='ltr'>λόγον</span> <span class='ocrx_word' id='word_1_656' title='bbox 836 2080 869 2114; x_wconf 82' lang='grc' dir='ltr'>τῇ</span> 
     </span>
    </p>
   </div>
   <div class='ocr_carea' id='block_1_84' title="bbox 72 2124 871 2161">
    <p class='ocr_par' dir='ltr' id='par_1_84' title="bbox 72 2124 871 2161">
     <span class='ocr_line' id='line_1_84' title="bbox 72 2124 871 2161; baseline 0 -11"><span class='ocrx_word' id='word_1_657' title='bbox 72 2124 258 2160; x_wconf 69' lang='grc' dir='ltr'>ἐργασαμένη</span> <span class='ocrx_word' id='word_1_658' title='bbox 265 2125 347 2151; x_wconf 82' lang='grc' dir='ltr'>αὐτὸν</span> <span class='ocrx_word' id='word_1_659' title='bbox 358 2125 482 2161; x_wconf 72' lang='grc' dir='ltr'>ἐνεργείᾳ</span> <span class='ocrx_word' id='word_1_660' title='bbox 494 2125 751 2161; x_wconf 75' lang='grc' dir='ltr'>περιμετρούμενος,</span> <span class='ocrx_word' id='word_1_661' title='bbox 765 2125 871 2159; x_wconf 75' lang='grc' dir='ltr'>ἐκείνην</span> 
     </span>
    </p>
   </div>
   <div class='ocr_carea' id='block_1_85' title="bbox 71 2161 906 2207">
    <p class='ocr_par' dir='ltr' id='par_1_85' title="bbox 71 2161 906 2207">
     <span class='ocr_line' id='line_1_85' title="bbox 71 2161 906 2207; baseline 0.001 -12"><span class='ocrx_word' id='word_1_662' title='bbox 71 2169 194 2196; x_wconf 70' lang='grc' dir='ltr'>δεικνύει</span> <span class='ocrx_word' id='word_1_663' title='bbox 219 2170 313 2205; x_wconf 84' lang='grc' dir='ltr'>μόνην.</span> <span class='ocrx_word' id='word_1_664' title='bbox 340 2170 376 2196; x_wconf 78' lang='grc' dir='ltr'><strong>Τὸ</strong></span> <span class='ocrx_word' id='word_1_665' title='bbox 392 2170 420 2196; x_wconf 84' lang='grc' dir='ltr'><strong>δὲ</strong></span> <span class='ocrx_word' id='word_1_666' title='bbox 441 2171 606 2205; x_wconf 80' lang='grc' dir='ltr'>ζητούμενον</span> <span class='ocrx_word' id='word_1_667' title='bbox 638 2171 713 2197; x_wconf 69' lang='grc' dir='ltr'>οὐδὲν</span> <span class='ocrx_word' id='word_1_668' title='bbox 734 2167 817 2207; x_wconf 81' lang='grc' dir='ltr'>ἦττον</span> <span class='ocrx_word' id='word_1_669' title='bbox 840 2171 869 2196; x_wconf 78' lang='grc' dir='ltr'>ὲν</span> <span class='ocrx_word' id='word_1_670' title='bbox 887 2161 906 2187; x_wconf 77' lang='lat' dir='ltr'><strong>D</strong></span> 
     </span>
    </p>
   </div>
   <div class='ocr_carea' id='block_1_86' title="bbox 72 2215 869 2254">
    <p class='ocr_par' dir='ltr' id='par_1_86' title="bbox 72 2215 869 2254">
     <span class='ocr_line' id='line_1_86' title="bbox 72 2215 869 2254; baseline 0.001 -12"><span class='ocrx_word' id='word_1_671' title='bbox 72 2215 167 2250; x_wconf 83' lang='grc' dir='ltr'>ἀδήλῳ</span> <span class='ocrx_word' id='word_1_672' title='bbox 182 2216 259 2249; x_wconf 79' lang='grc' dir='ltr'>μένει</span> <span class='ocrx_word' id='word_1_673' title='bbox 271 2224 278 2231; x_wconf 75' lang='grc' dir='ltr'><strong>ο</strong></span> <span class='ocrx_word' id='word_1_674' title='bbox 292 2217 370 2251; x_wconf 79' lang='grc' dir='ltr'>εἴπερ</span> <span class='ocrx_word' id='word_1_675' title='bbox 385 2218 402 2251; x_wconf 83' lang='grc' dir='ltr'>ὴ</span> <span class='ocrx_word' id='word_1_676' title='bbox 416 2217 538 2252; x_wconf 81' lang='grc' dir='ltr'>ένέργεια</span> <span class='ocrx_word' id='word_1_677' title='bbox 549 2216 602 2242; x_wconf 88' lang='grc' dir='ltr'>τῶν</span> <span class='ocrx_word' id='word_1_678' title='bbox 618 2217 816 2254; x_wconf 82' lang='grc' dir='ltr'>παρεπομένων</span> <span class='ocrx_word' id='word_1_679' title='bbox 829 2225 869 2247; x_wconf 80' lang='grc' dir='ltr'><strong>τις</strong></span> 
     </span>
    </p>
   </div>
   <div class='ocr_carea' id='block_1_87' title="bbox 73 2257 868 2298">
    <p class='ocr_par' dir='ltr' id='par_1_87' title="bbox 73 2257 868 2298">
     <span class='ocr_line' id='line_1_87' title="bbox 73 2257 868 2298; baseline 0.004 -13"><span class='ocrx_word' id='word_1_680' title='bbox 73 2257 146 2286; x_wconf 79' lang='grc' dir='ltr'>εἶναι</span> <span class='ocrx_word' id='word_1_681' title='bbox 159 2261 194 2294; x_wconf 81' lang='grc' dir='ltr'>τῇ</span> <span class='ocrx_word' id='word_1_682' title='bbox 209 2260 305 2297; x_wconf 79' lang='grc' dir='ltr'>πρώτῃ</span> <span class='ocrx_word' id='word_1_683' title='bbox 318 2261 408 2297; x_wconf 82' lang='grc' dir='ltr'>οὐσίᾳ,</span> <span class='ocrx_word' id='word_1_684' title='bbox 428 2262 475 2288; x_wconf 76' lang='grc' dir='ltr'>καὶ</span> <span class='ocrx_word' id='word_1_685' title='bbox 494 2261 568 2297; x_wconf 79' lang='grc' dir='ltr'>παρὰ</span> <span class='ocrx_word' id='word_1_686' title='bbox 584 2262 629 2288; x_wconf 76' lang='grc' dir='ltr'>σοῦ</span> <span class='ocrx_word' id='word_1_687' title='bbox 649 2261 868 2298; x_wconf 76' lang='grc' dir='ltr'>μεμαρτύρηται.</span> 
     </span>
    </p>
   </div>
   <div class='ocr_carea' id='block_1_88' title="bbox 72 2307 873 2343">
    <p class='ocr_par' dir='ltr' id='par_1_88' title="bbox 72 2307 873 2343">
     <span class='ocr_line' id='line_1_88' title="bbox 72 2307 873 2343; baseline -0.004 -8"><span class='ocrx_word' id='word_1_688' title='bbox 72 2308 152 2343; x_wconf 73' lang='grc' dir='ltr'>Αὕτη</span> <span class='ocrx_word' id='word_1_689' title='bbox 164 2307 220 2341; x_wconf 84' lang='grc' dir='ltr'><strong>γὰρ</strong></span> <span class='ocrx_word' id='word_1_690' title='bbox 235 2307 271 2342; x_wconf 83' lang='grc' dir='ltr'><strong>τῷ</strong></span> <span class='ocrx_word' id='word_1_691' title='bbox 285 2307 357 2342; x_wconf 76' lang='grc' dir='ltr'>ἔργῳ</span> <span class='ocrx_word' id='word_1_692' title='bbox 366 2307 404 2342; x_wconf 82' lang='grc' dir='ltr'>τῷ</span> <span class='ocrx_word' id='word_1_693' title='bbox 417 2308 480 2342; x_wconf 77' lang='grc' dir='ltr'>παρ’</span> <span class='ocrx_word' id='word_1_694' title='bbox 493 2307 577 2341; x_wconf 85' lang='grc' dir='ltr'>αὐτῆς</span> <span class='ocrx_word' id='word_1_695' title='bbox 588 2307 793 2334; x_wconf 83' lang='grc' dir='ltr'>ἀποτελεσθέντι</span> <span class='ocrx_word' id='word_1_696' title='bbox 808 2316 873 2341; x_wconf 82' lang='grc' dir='ltr'>συμ-</span> 
     </span>
    </p>
   </div>
   <div class='ocr_carea' id='block_1_89' title="bbox 74 2352 872 2389">
    <p class='ocr_par' dir='ltr' id='par_1_89' title="bbox 74 2352 872 2389">
     <span class='ocr_line' id='line_1_89' title="bbox 74 2352 872 2389; baseline -0.001 -9"><span class='ocrx_word' id='word_1_697' title='bbox 74 2353 302 2389; x_wconf 78' lang='grc' dir='ltr'>παρεκτείνεται,</span> <span class='ocrx_word' id='word_1_698' title='bbox 321 2353 410 2385; x_wconf 76' lang='grc' dir='ltr'>καθὼς</span> <span class='ocrx_word' id='word_1_699' title='bbox 432 2354 464 2380; x_wconf 76' lang='grc' dir='ltr'>σὺ</span> <span class='ocrx_word' id='word_1_700' title='bbox 487 2353 585 2387; x_wconf 85' lang='grc' dir='ltr'>λέγεις,</span> <span class='ocrx_word' id='word_1_701' title='bbox 607 2354 654 2380; x_wconf 69' lang='grc' dir='ltr'>καὶ</span> <span class='ocrx_word' id='word_1_702' title='bbox 675 2353 810 2379; x_wconf 85' lang='grc' dir='ltr'>δείκνυται</span> <span class='ocrx_word' id='word_1_703' title='bbox 829 2352 872 2379; x_wconf 79' lang='grc' dir='ltr'>διὰ</span> 
     </span>
    </p>
   </div>
   <div class='ocr_carea' id='block_1_90' title="bbox 73 2399 873 2436">
    <p class='ocr_par' dir='ltr' id='par_1_90' title="bbox 73 2399 873 2436">
     <span class='ocr_line' id='line_1_90' title="bbox 73 2399 873 2436; baseline -0.001 -10"><span class='ocrx_word' id='word_1_704' title='bbox 73 2401 123 2426; x_wconf 77' lang='grc' dir='ltr'>τοῦ</span> <span class='ocrx_word' id='word_1_705' title='bbox 137 2400 371 2434; x_wconf 73' lang='grc' dir='ltr'>ἀποτελέσματος,</span> <span class='ocrx_word' id='word_1_706' title='bbox 385 2401 443 2427; x_wconf 73' lang='grc' dir='ltr'>οὐδὲ</span> <span class='ocrx_word' id='word_1_707' title='bbox 453 2401 520 2436; x_wconf 79' lang='grc' dir='ltr'>αὐτὴ</span> <span class='ocrx_word' id='word_1_708' title='bbox 532 2399 601 2427; x_wconf 78' lang='grc' dir='ltr'>κατὰ</span> <span class='ocrx_word' id='word_1_709' title='bbox 612 2400 660 2435; x_wconf 84' lang='grc' dir='ltr'>τὴν</span> <span class='ocrx_word' id='word_1_710' title='bbox 675 2400 780 2435; x_wconf 84' lang='grc' dir='ltr'>φύσινῆ</span> <span class='ocrx_word' id='word_1_711' title='bbox 797 2399 873 2434; x_wconf 74' lang='grc' dir='ltr'>ἐνέρ-</span> 
     </span>
    </p>
   </div>
   <div class='ocr_carea' id='block_1_91' title="bbox 74 2445 873 2481">
    <p class='ocr_par' dir='ltr' id='par_1_91' title="bbox 74 2445 873 2481">
     <span class='ocr_line' id='line_1_91' title="bbox 74 2445 873 2481; baseline -0.001 -9"><span class='ocrx_word' id='word_1_712' title='bbox 74 2455 142 2480; x_wconf 84' lang='grc' dir='ltr'>γεια</span> <span class='ocrx_word' id='word_1_713' title='bbox 154 2446 217 2480; x_wconf 83' lang='grc' dir='ltr'>ἦτις</span> <span class='ocrx_word' id='word_1_714' title='bbox 236 2445 320 2471; x_wconf 77' lang='grc' dir='ltr'>ἐστίν’</span> <span class='ocrx_word' id='word_1_715' title='bbox 338 2445 406 2472; x_wconf 76' lang='grc' dir='ltr'>ἀλλὰ</span> <span class='ocrx_word' id='word_1_716' title='bbox 420 2446 499 2472; x_wconf 80' lang='grc' dir='ltr'>ποσὸν</span> <span class='ocrx_word' id='word_1_717' title='bbox 514 2446 598 2481; x_wconf 84' lang='grc' dir='ltr'>αὐτῆς</span> <span class='ocrx_word' id='word_1_718' title='bbox 614 2446 692 2481; x_wconf 78' lang='grc' dir='ltr'>μόνον</span> <span class='ocrx_word' id='word_1_719' title='bbox 703 2445 873 2481; x_wconf 84' lang='grc' dir='ltr'>ὲνθεωρείται</span> 
     </span>
    </p>
   </div>
   <div class='ocr_carea' id='block_1_92' title="bbox 75 2490 873 2527">
    <p class='ocr_par' dir='ltr' id='par_1_92' title="bbox 75 2490 873 2527">
     <span class='ocr_line' id='line_1_92' title="bbox 75 2490 873 2527; baseline -0.001 -9"><span class='ocrx_word' id='word_1_720' title='bbox 75 2492 117 2527; x_wconf 79' lang='grc' dir='ltr'>τῷ</span> <span class='ocrx_word' id='word_1_721' title='bbox 130 2491 216 2526; x_wconf 76' lang='grc' dir='ltr'>ἔργῳ.</span> <span class='ocrx_word' id='word_1_722' title='bbox 237 2491 281 2523; x_wconf 81' lang='grc' dir='ltr'>Ὧς</span> <span class='ocrx_word' id='word_1_723' title='bbox 294 2491 349 2527; x_wconf 78' lang='grc' dir='ltr'><strong>γὰρ</strong></span> <span class='ocrx_word' id='word_1_724' title='bbox 357 2492 387 2518; x_wconf 84' lang='grc' dir='ltr'>οὐ</span> <span class='ocrx_word' id='word_1_725' title='bbox 400 2492 474 2518; x_wconf 80' lang='grc' dir='ltr'>πᾶσα</span> <span class='ocrx_word' id='word_1_726' title='bbox 485 2492 501 2526; x_wconf 84' lang='grc' dir='ltr'>ἠ</span> <span class='ocrx_word' id='word_1_727' title='bbox 514 2491 560 2518; x_wconf 81' lang='grc' dir='ltr'>τοῦ</span> <span class='ocrx_word' id='word_1_728' title='bbox 572 2490 749 2527; x_wconf 85' lang='grc' dir='ltr'>χαλκεύοντος</span> <span class='ocrx_word' id='word_1_729' title='bbox 760 2491 873 2526; x_wconf 84' lang='grc' dir='ltr'>δύναμις</span> 
     </span>
    </p>
   </div>
   <div class='ocr_carea' id='block_1_93' title="bbox 77 2537 874 2573">
    <p class='ocr_par' dir='ltr' id='par_1_93' title="bbox 77 2537 874 2573">
     <span class='ocr_line' id='line_1_93' title="bbox 77 2537 874 2573; baseline -0.001 -9"><span class='ocrx_word' id='word_1_730' title='bbox 77 2537 281 2572; x_wconf 81' lang='grc' dir='ltr'>συγκινηϐεῖσα</span> <span class='ocrx_word' id='word_1_731' title='bbox 305 2538 335 2564; x_wconf 72' lang='grc' dir='ltr'>τὸ</span> <span class='ocrx_word' id='word_1_732' title='bbox 357 2537 494 2573; x_wconf 81' lang='grc' dir='ltr'>τρύπανον</span> <span class='ocrx_word' id='word_1_733' title='bbox 521 2537 717 2573; x_wconf 76' lang='grc' dir='ltr'>ἐξειργάσατο,</span> <span class='ocrx_word' id='word_1_734' title='bbox 740 2537 797 2564; x_wconf 85' lang='grc' dir='ltr'>ἀλλ’</span> <span class='ocrx_word' id='word_1_735' title='bbox 813 2537 874 2563; x_wconf 83' lang='grc' dir='ltr'>ὅσον</span> 
     </span>
    </p>
   </div>
   <div class='ocr_carea' id='block_1_94' title="bbox 78 2581 873 2619">
    <p class='ocr_par' dir='ltr' id='par_1_94' title="bbox 78 2581 873 2619">
     <span class='ocr_line' id='line_1_94' title="bbox 78 2581 873 2619; baseline -0.004 -8"><span class='ocrx_word' id='word_1_736' title='bbox 78 2584 243 2619; x_wconf 67' lang='grc' dir='ltr'>σύμμετρον</span> <span class='ocrx_word' id='word_1_737' title='bbox 266 2581 301 2619; x_wconf 79' lang='grc' dir='ltr'>ἦν</span> <span class='ocrx_word' id='word_1_738' title='bbox 329 2584 397 2619; x_wconf 78' lang='grc' dir='ltr'>πρὸς</span> <span class='ocrx_word' id='word_1_739' title='bbox 419 2584 531 2616; x_wconf 84' lang='grc' dir='ltr'>τὴντοῦ</span> <span class='ocrx_word' id='word_1_740' title='bbox 551 2584 664 2615; x_wconf 82' lang='grc' dir='ltr'>σκεύους</span> <span class='ocrx_word' id='word_1_741' title='bbox 690 2584 873 2618; x_wconf 80' lang='grc' dir='ltr'>ἀπεργασίαν,</span> 
     </span>
    </p>
   </div>
   <div class='ocr_carea' id='block_1_95' title="bbox 77 2629 874 2665">
    <p class='ocr_par' dir='ltr' id='par_1_95' title="bbox 77 2629 874 2665">
     <span class='ocr_line' id='line_1_95' title="bbox 77 2629 874 2665; baseline -0.003 -9"><span class='ocrx_word' id='word_1_742' title='bbox 77 2629 210 2657; x_wconf 75' lang='grc' dir='ltr'>τοσοῦτον</span> <span class='ocrx_word' id='word_1_743' title='bbox 226 2631 243 2664; x_wconf 81' lang='grc' dir='ltr'>ὴ</span> <span class='ocrx_word' id='word_1_744' title='bbox 259 2630 340 2665; x_wconf 81' lang='grc' dir='ltr'>τέχνη</span> <span class='ocrx_word' id='word_1_745' title='bbox 363 2630 407 2656; x_wconf 83' lang='grc' dir='ltr'>διὰ</span> <span class='ocrx_word' id='word_1_746' title='bbox 426 2630 472 2656; x_wconf 77' lang='grc' dir='ltr'>τοῦ</span> <span class='ocrx_word' id='word_1_747' title='bbox 488 2629 708 2665; x_wconf 78' lang='grc' dir='ltr'>χειρουργοῦντος</span> <span class='ocrx_word' id='word_1_748' title='bbox 729 2630 874 2664; x_wconf 79' lang='grc' dir='ltr'>ἐνήργησε,</span> 
     </span>
    </p>
   </div>
   <div class='ocr_carea' id='block_1_96' title="bbox 79 2675 874 2711">
    <p class='ocr_par' dir='ltr' id='par_1_96' title="bbox 79 2675 874 2711">
     <span class='ocr_line' id='line_1_96' title="bbox 79 2675 874 2711; baseline -0.001 -10"><span class='ocrx_word' id='word_1_749' title='bbox 79 2675 169 2702; x_wconf 78' lang='grc' dir='ltr'>πολλὰ</span> <span class='ocrx_word' id='word_1_750' title='bbox 181 2676 229 2702; x_wconf 76' lang='grc' dir='ltr'>καὶ</span> <span class='ocrx_word' id='word_1_751' title='bbox 239 2675 399 2702; x_wconf 77' lang='grc' dir='ltr'>παντοδαπὰ</span> <span class='ocrx_word' id='word_1_752' title='bbox 409 2676 629 2711; x_wconf 84' lang='grc' dir='ltr'>κατεργάσασθαι</span> <span class='ocrx_word' id='word_1_753' title='bbox 639 2675 757 2707; x_wconf 84' lang='grc' dir='ltr'>δυνατῶς</span> <span class='ocrx_word' id='word_1_754' title='bbox 765 2675 826 2710; x_wconf 75' lang='grc' dir='ltr'>ἔχου</span> <span class='ocrx_word' id='word_1_755' title='bbox 831 2683 874 2700; x_wconf 78' lang='grc' dir='ltr'>σα·</span> 
     </span>
    </p>
   </div>
   <div class='ocr_carea' id='block_1_97' title="bbox 77 2719 877 2756">
    <p class='ocr_par' dir='ltr' id='par_1_97' title="bbox 77 2719 877 2756">
     <span class='ocr_line' id='line_1_97' title="bbox 77 2719 877 2756; baseline 0 -10"><span class='ocrx_word' id='word_1_756' title='bbox 77 2719 154 2747; x_wconf 70' lang='grc' dir='ltr'>οὕτω</span> <span class='ocrx_word' id='word_1_757' title='bbox 170 2719 201 2746; x_wconf 85' lang='grc' dir='ltr'>τδ</span> <span class='ocrx_word' id='word_1_758' title='bbox 224 2720 324 2756; x_wconf 85' lang='grc' dir='ltr'>μέτρον</span> <span class='ocrx_word' id='word_1_759' title='bbox 340 2721 390 2755; x_wconf 85' lang='grc' dir='ltr'>τῆς</span> <span class='ocrx_word' id='word_1_760' title='bbox 408 2721 545 2755; x_wconf 75' lang='grc' dir='ltr'>ἐνεργείας</span> <span class='ocrx_word' id='word_1_761' title='bbox 565 2721 593 2747; x_wconf 85' lang='grc' dir='ltr'>ὲν</span> <span class='ocrx_word' id='word_1_762' title='bbox 609 2720 698 2756; x_wconf 78' lang='grc' dir='ltr'>ἐαυτῷ</span> <span class='ocrx_word' id='word_1_763' title='bbox 713 2720 847 2747; x_wconf 85' lang='grc' dir='ltr'>δείκνυσιν</span> <span class='ocrx_word' id='word_1_764' title='bbox 863 2721 877 2746; x_wconf 88' lang='lat'><strong>6</strong></span> 
     </span>
    </p>
   </div>
   <div class='ocr_carea' id='block_1_98' title="bbox 78 2764 878 2802">
    <p class='ocr_par' dir='ltr' id='par_1_98' title="bbox 78 2764 878 2802">
     <span class='ocr_line' id='line_1_98' title="bbox 78 2764 878 2802; baseline 0.001 -12"><span class='ocrx_word' id='word_1_765' title='bbox 78 2765 149 2800; x_wconf 65' lang='grc' dir='ltr'>παρ’</span> <span class='ocrx_word' id='word_1_766' title='bbox 164 2764 274 2800; x_wconf 74' lang='grc' dir='ltr'>ἐκείνης</span> <span class='ocrx_word' id='word_1_767' title='bbox 289 2764 443 2800; x_wconf 83' lang='grc' dir='ltr'>γενόμενος.</span> <span class='ocrx_word' id='word_1_768' title='bbox 463 2766 500 2792; x_wconf 81' lang='grc' dir='ltr'><strong>Τὸ</strong></span> <span class='ocrx_word' id='word_1_769' title='bbox 518 2765 546 2792; x_wconf 86' lang='grc' dir='ltr'><strong>δὲ</strong></span> <span class='ocrx_word' id='word_1_770' title='bbox 561 2766 723 2802; x_wconf 79' lang='grc' dir='ltr'>ζητούμενον</span> <span class='ocrx_word' id='word_1_771' title='bbox 751 2765 813 2801; x_wconf 78' lang='grc' dir='ltr'><strong>οὐχὶ</strong></span> <span class='ocrx_word' id='word_1_772' title='bbox 831 2773 878 2792; x_wconf 85' lang='grc' dir='ltr'>πο-</span> 
     </span>
    </p>
   </div>
   <div class='ocr_carea' id='block_1_99' title="bbox 79 2811 877 2848">
    <p class='ocr_par' dir='ltr' id='par_1_99' title="bbox 79 2811 877 2848">
     <span class='ocr_line' id='line_1_99' title="bbox 79 2811 877 2848; baseline 0 -11"><span class='ocrx_word' id='word_1_773' title='bbox 79 2812 132 2839; x_wconf 75' lang='grc' dir='ltr'><strong>σίν</strong></span> <span class='ocrx_word' id='word_1_774' title='bbox 146 2811 207 2838; x_wconf 67' lang='grc' dir='ltr'>ἔστι</span> <span class='ocrx_word' id='word_1_775' title='bbox 219 2812 270 2848; x_wconf 74' lang='grc' dir='ltr'>τῆς</span> <span class='ocrx_word' id='word_1_776' title='bbox 290 2811 442 2847; x_wconf 78' lang='grc' dir='ltr'>ἐνεργείας,</span> <span class='ocrx_word' id='word_1_777' title='bbox 459 2811 516 2838; x_wconf 79' lang='grc' dir='ltr'>ἀλλ’</span> <span class='ocrx_word' id='word_1_778' title='bbox 531 2811 599 2846; x_wconf 78' lang='grc' dir='ltr'>αὐτὴ</span> <span class='ocrx_word' id='word_1_779' title='bbox 619 2812 666 2839; x_wconf 76' lang='grc' dir='ltr'>τοῦ</span> <span class='ocrx_word' id='word_1_780' title='bbox 682 2812 877 2848; x_wconf 75' lang='grc' dir='ltr'>ὲνεργήσαντος</span> 
     </span>
    </p>
   </div>
   <div class='ocr_carea' id='block_1_100' title="bbox 952 1941 1708 1977">
    <p class='ocr_par' dir='ltr' id='par_1_100' title="bbox 952 1941 1708 1977">
     <span class='ocr_line' id='line_1_100' title="bbox 952 1941 1708 1977; baseline -0.004 -6"><span class='ocrx_word' id='word_1_781' title='bbox 952 1943 1053 1973; x_wconf 86' lang='lat' dir='ltr'><strong>Deinde</strong></span> <span class='ocrx_word' id='word_1_782' title='bbox 1066 1944 1133 1971; x_wconf 90' lang='lat' dir='ltr'><strong>illud</strong></span> <span class='ocrx_word' id='word_1_783' title='bbox 1150 1944 1233 1971; x_wconf 90' lang='lat' dir='ltr'><strong>etiam</strong></span> <span class='ocrx_word' id='word_1_784' title='bbox 1246 1943 1456 1970; x_wconf 87' lang='lat' dir='ltr'><strong>consideremus</strong></span> <span class='ocrx_word' id='word_1_785' title='bbox 1475 1950 1482 1968; x_wconf 86' lang='lat'><strong>:</strong></span> <span class='ocrx_word' id='word_1_786' title='bbox 1499 1941 1636 1977; x_wconf 86' lang='lat' dir='ltr'><strong>quodnam</strong></span> <span class='ocrx_word' id='word_1_787' title='bbox 1664 1945 1708 1969; x_wconf 86' lang='lat' dir='ltr'><strong>est</strong></span> 
     </span>
    </p>
   </div>
   <div class='ocr_carea' id='block_1_101' title="bbox 917 1986 1708 2024">
    <p class='ocr_par' dir='ltr' id='par_1_101' title="bbox 917 1986 1708 2024">
     <span class='ocr_line' id='line_1_101' title="bbox 917 1986 1708 2024; baseline -0.005 -7"><span class='ocrx_word' id='word_1_788' title='bbox 917 1990 984 2018; x_wconf 80' lang='lat' dir='ltr'><strong>illud</strong></span> <span class='ocrx_word' id='word_1_789' title='bbox 996 1997 1065 2024; x_wconf 92' lang='lat' dir='ltr'><strong>opus</strong></span> <span class='ocrx_word' id='word_1_790' title='bbox 1081 1989 1181 2022; x_wconf 86' lang='lat' dir='ltr'><strong>Patris,</strong></span> <span class='ocrx_word' id='word_1_791' title='bbox 1194 1995 1243 2023; x_wconf 91' lang='lat' dir='ltr'><strong>per</strong></span> <span class='ocrx_word' id='word_1_792' title='bbox 1255 1988 1329 2023; x_wconf 93' lang='lat' dir='ltr'><strong>quod</strong></span> <span class='ocrx_word' id='word_1_793' title='bbox 1343 1986 1508 2022; x_wconf 87' lang='lat' dir='ltr'><strong>deprehendi</strong></span> <span class='ocrx_word' id='word_1_794' title='bbox 1524 1987 1563 2013; x_wconf 87' lang='lat' dir='ltr'><strong>ait</strong></span> <span class='ocrx_word' id='word_1_795' title='bbox 1579 1986 1708 2014; x_wconf 81' lang='lat' dir='ltr'><strong>substan-</strong></span> 
     </span>
    </p>
   </div>
   <div class='ocr_carea' id='block_1_102' title="bbox 918 2033 1709 2070">
    <p class='ocr_par' dir='ltr' id='par_1_102' title="bbox 918 2033 1709 2070">
     <span class='ocr_line' id='line_1_102' title="bbox 918 2033 1709 2070; baseline -0.006 -7"><span class='ocrx_word' id='word_1_796' title='bbox 918 2037 983 2063; x_wconf 90' lang='lat' dir='ltr'><strong>tiam</strong></span> <span class='ocrx_word' id='word_1_797' title='bbox 1005 2035 1094 2070; x_wconf 88' lang='lat' dir='ltr'><strong>ipsius</strong></span> <span class='ocrx_word' id='word_1_798' title='bbox 1119 2034 1278 2070; x_wconf 87' lang='lat' dir='ltr'><strong>operantis?</strong></span> <span class='ocrx_word' id='word_1_799' title='bbox 1301 2034 1399 2061; x_wconf 90' lang='lat' dir='ltr'><strong>Filium</strong></span> <span class='ocrx_word' id='word_1_800' title='bbox 1426 2033 1478 2060; x_wconf 92' lang='lat' dir='ltr'><strong>hoc</strong></span> <span class='ocrx_word' id='word_1_801' title='bbox 1490 2040 1560 2068; x_wconf 87' lang='lat' dir='ltr'><strong>opus</strong></span> <span class='ocrx_word' id='word_1_802' title='bbox 1574 2040 1636 2060; x_wconf 89' lang='lat' dir='ltr'><strong>esse</strong></span> <span class='ocrx_word' id='word_1_803' title='bbox 1650 2040 1709 2059; x_wconf 85' lang='lat' dir='ltr'><strong>om-</strong></span> 
     </span>
    </p>
   </div>
   <div class='ocr_carea' id='block_1_103' title="bbox 920 2078 1709 2113">
    <p class='ocr_par' dir='ltr' id='par_1_103' title="bbox 920 2078 1709 2113">
     <span class='ocr_line' id='line_1_103' title="bbox 920 2078 1709 2113; baseline -0.005 -5"><span class='ocrx_word' id='word_1_804' title='bbox 920 2082 986 2108; x_wconf 84' lang='lat' dir='ltr'><strong>nino</strong></span> <span class='ocrx_word' id='word_1_805' title='bbox 1005 2080 1090 2113; x_wconf 80' lang='lat' dir='ltr'><strong>dicet,</strong></span> <span class='ocrx_word' id='word_1_806' title='bbox 1115 2080 1139 2107; x_wconf 88' lang='lat' dir='ltr'><strong>si</strong></span> <span class='ocrx_word' id='word_1_807' title='bbox 1165 2084 1294 2107; x_wconf 84' lang='lat' dir='ltr'><strong>constare</strong></span> <span class='ocrx_word' id='word_1_808' title='bbox 1313 2079 1365 2106; x_wconf 86' lang='lat' dir='ltr'><strong>sibi</strong></span> <span class='ocrx_word' id='word_1_809' title='bbox 1389 2079 1464 2106; x_wconf 87' lang='lat' dir='ltr'><strong>velit.</strong></span> <span class='ocrx_word' id='word_1_810' title='bbox 1488 2079 1522 2105; x_wconf 74' lang='lat' dir='ltr'><strong>At</strong></span> <span class='ocrx_word' id='word_1_811' title='bbox 1548 2078 1610 2110; x_wconf 83' lang='lat' dir='ltr'><strong>iste,</strong></span> <span class='ocrx_word' id='word_1_812' title='bbox 1625 2087 1641 2104; x_wconf 89' lang='grc' dir='ltr'><strong>υ</strong></span> <span class='ocrx_word' id='word_1_813' title='bbox 1662 2086 1709 2105; x_wconf 87' lang='lat' dir='ltr'><strong>sa-</strong></span> 
     </span>
    </p>
   </div>
   <div class='ocr_carea' id='block_1_104' title="bbox 922 2123 1710 2160">
    <p class='ocr_par' dir='ltr' id='par_1_104' title="bbox 922 2123 1710 2160">
     <span class='ocr_line' id='line_1_104' title="bbox 922 2123 1710 2160; baseline -0.005 -8"><span class='ocrx_word' id='word_1_814' title='bbox 922 2125 1112 2160; x_wconf 90' lang='lat' dir='ltr'><strong>pientissime,</strong></span> <span class='ocrx_word' id='word_1_815' title='bbox 1139 2124 1300 2159; x_wconf 86' lang='lat' dir='ltr'><strong>operatione</strong></span> <span class='ocrx_word' id='word_1_816' title='bbox 1327 2131 1388 2157; x_wconf 71' lang='lat' dir='ltr'><strong>qua:</strong></span> <span class='ocrx_word' id='word_1_817' title='bbox 1416 2123 1506 2157; x_wconf 82' lang='lat' dir='ltr'><strong>ipsum</strong></span> <span class='ocrx_word' id='word_1_818' title='bbox 1531 2123 1620 2150; x_wconf 71' lang='lat' dir='ltr'><strong>effecit</strong></span> <span class='ocrx_word' id='word_1_819' title='bbox 1654 2123 1710 2149; x_wconf 91' lang='lat' dir='ltr'><strong>cir-</strong></span> 
     </span>
    </p>
   </div>
   <div class='ocr_carea' id='block_1_105' title="bbox 922 2167 1711 2205">
    <p class='ocr_par' dir='ltr' id='par_1_105' title="bbox 922 2167 1711 2205">
     <span class='ocr_line' id='line_1_105' title="bbox 922 2167 1711 2205; baseline -0.004 -8"><span class='ocrx_word' id='word_1_820' title='bbox 922 2169 1117 2205; x_wconf 88' lang='lat' dir='ltr'><strong>cumscriptus,</strong></span> <span class='ocrx_word' id='word_1_821' title='bbox 1147 2169 1220 2196; x_wconf 84' lang='lat' dir='ltr'><strong>illam</strong></span> <span class='ocrx_word' id='word_1_822' title='bbox 1248 2168 1334 2196; x_wconf 83' lang='lat' dir='ltr'><strong>solam</strong></span> <span class='ocrx_word' id='word_1_823' title='bbox 1361 2172 1507 2195; x_wconf 82' lang='lat' dir='ltr'><strong>monstrat.</strong></span> <span class='ocrx_word' id='word_1_824' title='bbox 1524 2167 1654 2205; x_wconf 19' lang='lat' dir='ltr'><strong>ldrvero,</strong></span> <span class='ocrx_word' id='word_1_825' title='bbox 1676 2167 1711 2194; x_wconf 84' lang='lat' dir='ltr'><strong>de</strong></span> 
     </span>
    </p>
   </div>
   <div class='ocr_carea' id='block_1_106' title="bbox 921 2214 1712 2251">
    <p class='ocr_par' dir='ltr' id='par_1_106' title="bbox 921 2214 1712 2251">
     <span class='ocr_line' id='line_1_106' title="bbox 921 2214 1712 2251; baseline -0.003 -9"><span class='ocrx_word' id='word_1_826' title='bbox 921 2224 976 2251; x_wconf 87' lang='lat' dir='ltr'><strong>quo</strong></span> <span class='ocrx_word' id='word_1_827' title='bbox 992 2216 1176 2250; x_wconf 74' lang='lat' dir='ltr'><strong>disceptatur,</strong></span> <span class='ocrx_word' id='word_1_828' title='bbox 1195 2215 1285 2242; x_wconf 90' lang='lat' dir='ltr'><strong>adhuc</strong></span> <span class='ocrx_word' id='word_1_829' title='bbox 1309 2215 1457 2242; x_wconf 82' lang='lat' dir='ltr'><strong>obscurum</strong></span> <span class='ocrx_word' id='word_1_830' title='bbox 1477 2219 1578 2247; x_wconf 86' lang='lat' dir='ltr'><strong>manet,</strong></span> <span class='ocrx_word' id='word_1_831' title='bbox 1593 2214 1615 2241; x_wconf 87' lang='lat' dir='ltr'><strong>si</strong></span> <span class='ocrx_word' id='word_1_832' title='bbox 1637 2218 1712 2241; x_wconf 83' lang='lat' dir='ltr'><strong>recte</strong></span> 
     </span>
    </p>
   </div>
   <div class='ocr_carea' id='block_1_107' title="bbox 922 2259 1712 2295">
    <p class='ocr_par' dir='ltr' id='par_1_107' title="bbox 922 2259 1712 2295">
     <span class='ocr_line' id='line_1_107' title="bbox 922 2259 1712 2295; baseline -0.003 -7"><span class='ocrx_word' id='word_1_833' title='bbox 922 2269 942 2288; x_wconf 19' lang='lat' dir='ltr'><strong>ac</strong></span> <span class='ocrx_word' id='word_1_834' title='bbox 957 2265 983 2288; x_wconf 90' lang='lat' dir='ltr'><strong>te</strong></span> <span class='ocrx_word' id='word_1_835' title='bbox 1003 2265 1140 2288; x_wconf 85' lang='lat' dir='ltr'><strong>assertum</strong></span> <span class='ocrx_word' id='word_1_836' title='bbox 1155 2264 1207 2294; x_wconf 89' lang='lat' dir='ltr'><strong>est,</strong></span> <span class='ocrx_word' id='word_1_837' title='bbox 1223 2261 1258 2288; x_wconf 91' lang='lat' dir='ltr'><strong>iis</strong></span> <span class='ocrx_word' id='word_1_838' title='bbox 1278 2261 1362 2288; x_wconf 87' lang='lat' dir='ltr'><strong>etiam</strong></span> <span class='ocrx_word' id='word_1_839' title='bbox 1377 2268 1438 2295; x_wconf 71' lang='lat' dir='ltr'><strong>qua:</strong></span> <span class='ocrx_word' id='word_1_840' title='bbox 1455 2260 1488 2287; x_wconf 89' lang='lat' dir='ltr'><strong>ad</strong></span> <span class='ocrx_word' id='word_1_841' title='bbox 1507 2261 1621 2294; x_wconf 87' lang='lat' dir='ltr'><strong>primam</strong></span> <span class='ocrx_word' id='word_1_842' title='bbox 1643 2259 1712 2286; x_wconf 85' lang='lat' dir='ltr'><strong>sub-</strong></span> 
     </span>
    </p>
   </div>
   <div class='ocr_carea' id='block_1_108' title="bbox 922 2305 1710 2341">
    <p class='ocr_par' dir='ltr' id='par_1_108' title="bbox 922 2305 1710 2341">
     <span class='ocr_line' id='line_1_108' title="bbox 922 2305 1710 2341; baseline -0.001 -7"><span class='ocrx_word' id='word_1_843' title='bbox 922 2307 1050 2335; x_wconf 84' lang='lat' dir='ltr'><strong>stantiam</strong></span> <span class='ocrx_word' id='word_1_844' title='bbox 1073 2311 1236 2341; x_wconf 84' lang='lat' dir='ltr'><strong>sequuntur,</strong></span> <span class='ocrx_word' id='word_1_845' title='bbox 1263 2307 1382 2341; x_wconf 86' lang='lat' dir='ltr'><strong>aliquam</strong></span> <span class='ocrx_word' id='word_1_846' title='bbox 1399 2306 1584 2341; x_wconf 88' lang='lat' dir='ltr'><strong>operationem</strong></span> <span class='ocrx_word' id='word_1_847' title='bbox 1610 2305 1710 2333; x_wconf 82' lang='lat' dir='ltr'><strong>inesse.</strong></span> 
     </span>
    </p>
   </div>
   <div class='ocr_carea' id='block_1_109' title="bbox 923 2352 1712 2387">
    <p class='ocr_par' dir='ltr' id='par_1_109' title="bbox 923 2352 1712 2387">
     <span class='ocr_line' id='line_1_109' title="bbox 923 2352 1712 2387; baseline -0.005 -6"><span class='ocrx_word' id='word_1_848' title='bbox 923 2353 986 2382; x_wconf 71' lang='lat' dir='ltr'><strong>Haec</strong></span> <span class='ocrx_word' id='word_1_849' title='bbox 1000 2353 1073 2380; x_wconf 92' lang='lat' dir='ltr'><strong>enim</strong></span> <span class='ocrx_word' id='word_1_850' title='bbox 1087 2353 1163 2387; x_wconf 92' lang='lat' dir='ltr'><strong>operi</strong></span> <span class='ocrx_word' id='word_1_851' title='bbox 1176 2353 1209 2380; x_wconf 89' lang='lat' dir='ltr'><strong>ab</strong></span> <span class='ocrx_word' id='word_1_852' title='bbox 1223 2352 1283 2387; x_wconf 84' lang='lat' dir='ltr'><strong>ipso</strong></span> <span class='ocrx_word' id='word_1_853' title='bbox 1295 2352 1392 2379; x_wconf 75' lang='lat' dir='ltr'><strong>effecto</strong></span> <span class='ocrx_word' id='word_1_854' title='bbox 1403 2352 1604 2383; x_wconf 67' lang='lat' dir='ltr'><strong>coeatcnditur,</strong></span> <span class='ocrx_word' id='word_1_855' title='bbox 1616 2359 1712 2386; x_wconf 87' lang='lat' dir='ltr'><strong>quem-</strong></span> 
     </span>
    </p>
   </div>
   <div class='ocr_carea' id='block_1_110' title="bbox 923 2398 1714 2433">
    <p class='ocr_par' dir='ltr' id='par_1_110' title="bbox 923 2398 1714 2433">
     <span class='ocr_line' id='line_1_110' title="bbox 923 2398 1714 2433; baseline -0.003 -7"><span class='ocrx_word' id='word_1_856' title='bbox 923 2398 1070 2426; x_wconf 89' lang='lat' dir='ltr'><strong>admodum</strong></span> <span class='ocrx_word' id='word_1_857' title='bbox 1088 2402 1116 2425; x_wconf 93' lang='lat' dir='ltr'><strong>tu</strong></span> <span class='ocrx_word' id='word_1_858' title='bbox 1130 2398 1211 2430; x_wconf 89' lang='lat' dir='ltr'><strong>dicis,</strong></span> <span class='ocrx_word' id='word_1_859' title='bbox 1231 2401 1258 2425; x_wconf 90' lang='lat' dir='ltr'><strong>et</strong></span> <span class='ocrx_word' id='word_1_860' title='bbox 1276 2406 1324 2433; x_wconf 91' lang='lat' dir='ltr'><strong>per</strong></span> <span class='ocrx_word' id='word_1_861' title='bbox 1340 2398 1480 2430; x_wconf 72' lang='lat' dir='ltr'><strong>effectum,</strong></span> <span class='ocrx_word' id='word_1_862' title='bbox 1497 2406 1552 2425; x_wconf 91' lang='lat' dir='ltr'><strong>non</strong></span> <span class='ocrx_word' id='word_1_863' title='bbox 1570 2398 1665 2433; x_wconf 88' lang='lat' dir='ltr'><strong>ipsain</strong></span> <span class='ocrx_word' id='word_1_864' title='bbox 1683 2404 1714 2424; x_wconf 90' lang='lat' dir='ltr'><strong>se</strong></span> 
     </span>
    </p>
   </div>
   <div class='ocr_carea' id='block_1_111' title="bbox 924 2443 1713 2480">
    <p class='ocr_par' dir='ltr' id='par_1_111' title="bbox 924 2443 1713 2480">
     <span class='ocr_line' id='line_1_111' title="bbox 924 2443 1713 2480; baseline -0.003 -9"><span class='ocrx_word' id='word_1_865' title='bbox 924 2443 1095 2480; x_wconf 85' lang='lat' dir='ltr'><strong>operationis</strong></span> <span class='ocrx_word' id='word_1_866' title='bbox 1123 2447 1224 2471; x_wconf 82' lang='lat' dir='ltr'><strong>natura</strong></span> <span class='ocrx_word' id='word_1_867' title='bbox 1245 2444 1420 2477; x_wconf 90' lang='lat' dir='ltr'><strong>ostenditur;</strong></span> <span class='ocrx_word' id='word_1_868' title='bbox 1445 2444 1494 2471; x_wconf 75' lang='lat' dir='ltr'><strong>sed</strong></span> <span class='ocrx_word' id='word_1_869' title='bbox 1523 2443 1713 2471; x_wconf 87' lang='lat' dir='ltr'><strong>tantummodo</strong></span> 
     </span>
    </p>
   </div>
   <div class='ocr_carea' id='block_1_112' title="bbox 925 2490 1713 2526">
    <p class='ocr_par' dir='ltr' id='par_1_112' title="bbox 925 2490 1713 2526">
     <span class='ocr_line' id='line_1_112' title="bbox 925 2490 1713 2526; baseline -0.005 -8"><span class='ocrx_word' id='word_1_870' title='bbox 925 2494 1028 2526; x_wconf 85' lang='lat' dir='ltr'><strong>quanta</strong></span> <span class='ocrx_word' id='word_1_871' title='bbox 1046 2491 1093 2521; x_wconf 81' lang='lat' dir='ltr'><strong>sit,</strong></span> <span class='ocrx_word' id='word_1_872' title='bbox 1113 2490 1140 2517; x_wconf 91' lang='lat' dir='ltr'><strong>in</strong></span> <span class='ocrx_word' id='word_1_873' title='bbox 1156 2498 1240 2525; x_wconf 85' lang='lat' dir='ltr'><strong>opere</strong></span> <span class='ocrx_word' id='word_1_874' title='bbox 1261 2491 1444 2525; x_wconf 86' lang='lat' dir='ltr'><strong>conspicitur.</strong></span> <span class='ocrx_word' id='word_1_875' title='bbox 1463 2490 1541 2518; x_wconf 89' lang='lat' dir='ltr'><strong>Sicut</strong></span> <span class='ocrx_word' id='word_1_876' title='bbox 1568 2490 1639 2518; x_wconf 87' lang='lat' dir='ltr'><strong>enim</strong></span> <span class='ocrx_word' id='word_1_877' title='bbox 1659 2497 1713 2516; x_wconf 83' lang='lat' dir='ltr'><strong>non</strong></span> 
     </span>
    </p>
   </div>
   <div class='ocr_carea' id='block_1_113' title="bbox 926 2535 1714 2564">
    <p class='ocr_par' dir='ltr' id='par_1_113' title="bbox 926 2535 1714 2564">
     <span class='ocr_line' id='line_1_113' title="bbox 926 2535 1714 2564; baseline -0.003 -1"><span class='ocrx_word' id='word_1_878' title='bbox 926 2540 983 2563; x_wconf 88' lang='lat' dir='ltr'><strong>tota</strong></span> <span class='ocrx_word' id='word_1_879' title='bbox 1000 2535 1117 2564; x_wconf 84' lang='lat' dir='ltr'><strong>facultas</strong></span> <span class='ocrx_word' id='word_1_880' title='bbox 1140 2535 1211 2564; x_wconf 89' lang='lat' dir='ltr'><strong>fabri</strong></span> <span class='ocrx_word' id='word_1_881' title='bbox 1241 2537 1331 2563; x_wconf 62' lang='lat' dir='ltr'><strong>aerarii</strong></span> <span class='ocrx_word' id='word_1_882' title='bbox 1358 2537 1478 2564; x_wconf 87' lang='lat' dir='ltr'><strong>motione</strong></span> <span class='ocrx_word' id='word_1_883' title='bbox 1503 2544 1553 2564; x_wconf 91' lang='lat' dir='ltr'><strong>sua</strong></span> <span class='ocrx_word' id='word_1_884' title='bbox 1576 2536 1714 2562; x_wconf 79' lang='lat' dir='ltr'><strong>terebram</strong></span> 
     </span>
    </p>
   </div>
   <div class='ocr_carea' id='block_1_114' title="bbox 925 2581 1715 2617">
    <p class='ocr_par' dir='ltr' id='par_1_114' title="bbox 925 2581 1715 2617">
     <span class='ocr_line' id='line_1_114' title="bbox 925 2581 1715 2617; baseline -0.004 -8"><span class='ocrx_word' id='word_1_885' title='bbox 925 2582 1026 2614; x_wconf 83' lang='lat' dir='ltr'><strong>ell&#39;ecit,</strong></span> <span class='ocrx_word' id='word_1_886' title='bbox 1044 2581 1092 2609; x_wconf 81' lang='lat' dir='ltr'><strong>sed</strong></span> <span class='ocrx_word' id='word_1_887' title='bbox 1113 2586 1246 2617; x_wconf 84' lang='lat' dir='ltr'><strong>quantum</strong></span> <span class='ocrx_word' id='word_1_888' title='bbox 1264 2583 1297 2610; x_wconf 90' lang='lat' dir='ltr'><strong>ad</strong></span> <span class='ocrx_word' id='word_1_889' title='bbox 1315 2583 1389 2610; x_wconf 86' lang='lat' dir='ltr'><strong>vasis</strong></span> <span class='ocrx_word' id='word_1_890' title='bbox 1413 2582 1583 2609; x_wconf 81' lang='lat' dir='ltr'><strong>eﬂ&#39;cctionem</strong></span> <span class='ocrx_word' id='word_1_891' title='bbox 1600 2587 1715 2615; x_wconf 85' lang='lat' dir='ltr'><strong>propor-</strong></span> 
     </span>
    </p>
   </div>
   <div class='ocr_carea' id='block_1_115' title="bbox 926 2627 1714 2663">
    <p class='ocr_par' dir='ltr' id='par_1_115' title="bbox 926 2627 1714 2663">
     <span class='ocr_line' id='line_1_115' title="bbox 926 2627 1714 2663; baseline -0.005 -7"><span class='ocrx_word' id='word_1_892' title='bbox 926 2629 1001 2656; x_wconf 89' lang='lat' dir='ltr'><strong>tione</strong></span> <span class='ocrx_word' id='word_1_893' title='bbox 1015 2628 1217 2663; x_wconf 85' lang='lat' dir='ltr'><strong>requirebatur,</strong></span> <span class='ocrx_word' id='word_1_894' title='bbox 1231 2633 1337 2656; x_wconf 88' lang='lat' dir='ltr'><strong>tantum</strong></span> <span class='ocrx_word' id='word_1_895' title='bbox 1353 2636 1399 2656; x_wconf 88' lang='lat' dir='ltr'><strong>ars</strong></span> <span class='ocrx_word' id='word_1_896' title='bbox 1415 2635 1462 2663; x_wconf 90' lang='lat' dir='ltr'><strong>per</strong></span> <span class='ocrx_word' id='word_1_897' title='bbox 1475 2627 1590 2654; x_wconf 90' lang='lat' dir='ltr'><strong>artiticis</strong></span> <span class='ocrx_word' id='word_1_898' title='bbox 1603 2633 1714 2653; x_wconf 84' lang='lat' dir='ltr'><strong>manum</strong></span> 
     </span>
    </p>
   </div>
   <div class='ocr_carea' id='block_1_116' title="bbox 927 2671 1715 2710">
    <p class='ocr_par' dir='ltr' id='par_1_116' title="bbox 927 2671 1715 2710">
     <span class='ocr_line' id='line_1_116' title="bbox 927 2671 1715 2710; baseline -0.005 -8"><span class='ocrx_word' id='word_1_899' title='bbox 927 2678 1038 2710; x_wconf 83' lang='lat' dir='ltr'><strong>operata</strong></span> <span class='ocrx_word' id='word_1_900' title='bbox 1055 2678 1108 2708; x_wconf 87' lang='lat' dir='ltr'><strong>est,</strong></span> <span class='ocrx_word' id='word_1_901' title='bbox 1124 2682 1187 2702; x_wconf 90' lang='lat' dir='ltr'><strong>cum</strong></span> <span class='ocrx_word' id='word_1_902' title='bbox 1205 2675 1285 2710; x_wconf 73' lang='lat' dir='ltr'><strong>longe</strong></span> <span class='ocrx_word' id='word_1_903' title='bbox 1309 2675 1388 2710; x_wconf 88' lang='lat' dir='ltr'><strong>plura</strong></span> <span class='ocrx_word' id='word_1_904' title='bbox 1405 2679 1432 2701; x_wconf 92' lang='lat' dir='ltr'><strong>et</strong></span> <span class='ocrx_word' id='word_1_905' title='bbox 1451 2673 1527 2700; x_wconf 88' lang='lat' dir='ltr'><strong>varia</strong></span> <span class='ocrx_word' id='word_1_906' title='bbox 1552 2673 1606 2699; x_wconf 91' lang='lat' dir='ltr'><strong>alia</strong></span> <span class='ocrx_word' id='word_1_907' title='bbox 1624 2671 1715 2699; x_wconf 87' lang='lat' dir='ltr'><strong>adhuc</strong></span> 
     </span>
    </p>
   </div>
   <div class='ocr_carea' id='block_1_117' title="bbox 927 2719 1713 2756">
    <p class='ocr_par' dir='ltr' id='par_1_117' title="bbox 927 2719 1713 2756">
     <span class='ocr_line' id='line_1_117' title="bbox 927 2719 1713 2756; baseline -0.004 -8"><span class='ocrx_word' id='word_1_908' title='bbox 927 2719 1080 2756; x_wconf 88' lang='lat' dir='ltr'><strong>producere</strong></span> <span class='ocrx_word' id='word_1_909' title='bbox 1094 2724 1193 2755; x_wconf 85' lang='lat' dir='ltr'><strong>queat;</strong></span> <span class='ocrx_word' id='word_1_910' title='bbox 1211 2720 1249 2747; x_wconf 88' lang='lat' dir='ltr'><strong>ita</strong></span> <span class='ocrx_word' id='word_1_911' title='bbox 1267 2727 1426 2748; x_wconf 86' lang='lat' dir='ltr'><strong>mensuram</strong></span> <span class='ocrx_word' id='word_1_912' title='bbox 1440 2723 1467 2747; x_wconf 89' lang='lat' dir='ltr'><strong>et</strong></span> <span class='ocrx_word' id='word_1_913' title='bbox 1486 2719 1598 2746; x_wconf 90' lang='lat' dir='ltr'><strong>modum</strong></span> <span class='ocrx_word' id='word_1_914' title='bbox 1613 2725 1713 2754; x_wconf 85' lang='lat' dir='ltr'><strong>opera-</strong></span> 
     </span>
    </p>
   </div>
   <div class='ocr_carea' id='block_1_118' title="bbox 930 2765 1717 2801">
    <p class='ocr_par' dir='ltr' id='par_1_118' title="bbox 930 2765 1717 2801">
     <span class='ocr_line' id='line_1_118' title="bbox 930 2765 1717 2801; baseline -0.003 -9"><span class='ocrx_word' id='word_1_915' title='bbox 930 2766 1012 2794; x_wconf 85' lang='lat' dir='ltr'><strong>tionis</strong></span> <span class='ocrx_word' id='word_1_916' title='bbox 1037 2767 1065 2794; x_wconf 90' lang='lat' dir='ltr'><strong>in</strong></span> <span class='ocrx_word' id='word_1_917' title='bbox 1088 2768 1179 2801; x_wconf 85' lang='lat' dir='ltr'><strong>seipso</strong></span> <span class='ocrx_word' id='word_1_918' title='bbox 1199 2770 1376 2801; x_wconf 59' lang='lat' dir='ltr'><strong>reprasentat</strong></span> <span class='ocrx_word' id='word_1_919' title='bbox 1398 2765 1440 2798; x_wconf 86' lang='lat' dir='ltr'><strong>id,</strong></span> <span class='ocrx_word' id='word_1_920' title='bbox 1466 2765 1541 2800; x_wconf 89' lang='lat' dir='ltr'><strong>quod</strong></span> <span class='ocrx_word' id='word_1_921' title='bbox 1567 2773 1617 2801; x_wconf 86' lang='lat' dir='ltr'><strong>per</strong></span> <span class='ocrx_word' id='word_1_922' title='bbox 1643 2765 1717 2791; x_wconf 85' lang='lat' dir='ltr'><strong>illam</strong></span> 
     </span>
    </p>
   </div>
   <div class='ocr_carea' id='block_1_119' title="bbox 929 2811 1716 2848">
    <p class='ocr_par' dir='ltr' id='par_1_119' title="bbox 929 2811 1716 2848">
     <span class='ocr_line' id='line_1_119' title="bbox 929 2811 1716 2848; baseline -0.004 -8"><span class='ocrx_word' id='word_1_923' title='bbox 929 2811 1043 2841; x_wconf 74' lang='lat' dir='ltr'><strong>exstitit.</strong></span> <span class='ocrx_word' id='word_1_924' title='bbox 1069 2811 1103 2840; x_wconf 80' lang='lat' dir='ltr'><strong>At</strong></span> <span class='ocrx_word' id='word_1_925' title='bbox 1121 2819 1174 2839; x_wconf 92' lang='lat' dir='ltr'><strong>non</strong></span> <span class='ocrx_word' id='word_1_926' title='bbox 1197 2815 1240 2840; x_wconf 87' lang='lat' dir='ltr'><strong>cst</strong></span> <span class='ocrx_word' id='word_1_927' title='bbox 1268 2811 1383 2848; x_wconf 65' lang='lat' dir='ltr'><strong>quaestio</strong></span> <span class='ocrx_word' id='word_1_928' title='bbox 1407 2815 1509 2848; x_wconf 84' lang='lat' dir='ltr'><strong>quanta</strong></span> <span class='ocrx_word' id='word_1_929' title='bbox 1527 2811 1565 2840; x_wconf 82' lang='lat' dir='ltr'><strong>sit</strong></span> <span class='ocrx_word' id='word_1_930' title='bbox 1584 2811 1716 2848; x_wconf 78' lang='lat' dir='ltr'><strong>operatio,</strong></span> 
     </span>
    </p>
   </div>
  </div>
