1957 3079
258 115 311 143 38⁷5

893 118 922 144 S.
944 118 1104 148 GiiEtitHlll
1127 121 1270 151 NYSSl-INI

1838 126 1888 155 554

258 171 306 200 sed
323 179 384 207 qua:
399 171 435 198 sit
459 171 547 206 ipsius
564 171 706 205 operantis
721 173 851 200 essentia.
878 172 939 201 Pari
958 175 1046 205 modo,

1103 179 1118 212 ἡ
1136 180 1224 206 οὑσὲα,
1250 181 1326 208 Κατὰ
1349 182 1394 208 τῖιν
1411 182 1490 209 αὐτὸν
1512 182 1540 208 δὲ
1559 182 1651 217 λόγον,
1669 183 1716 210 καὶ¹
1740 184 1765 210 εἰ
1779 183 1823 210 διὰ
1842 185 1886 211 τοῦ

259 219 282 246 si
307 218 390 248 dicat,
417 224 464 251 per
491 216 624 251 Spiritutn
653 221 780 244 sanctum
807 218 898 252 (quem
924 219 962 246 ait
987 227 1048 247 esse

258 272 328 299 opus
344 263 406 297 ejus
422 263 604 297 operationis,
616 271 676 297 quas
690 272 722 291 ex
737 263 806 292 Filio
820 266 954 301 procedit)
979 266 1046 294 Uni-

258 308 342 344 geniti
356 312 481 334 naturam
498 308 665 342 deprehendi
679 316 711 335 ac
727 310 869 344 cognosci,
886 311 977 337 oratio
987 311 1047 345 ejus

257 353 410 380 subsistere
432 360 486 379 non
510 353 631 386 poterit:
650 361 712 380 naut
735 357 763 381 et
780 354 823 381 hic
843 356 967 389 operatio
987 356 1048 383 etle-

257 399 313 425 ctui
334 398 538 430 coextcnditur,
565 406 655 433 neque
679 405 806 426 naturam
832 408 911 427 suam
925 401 967 428 vel
983 409 1048 437 ope—

258 444 356 477 rantis,
370 451 418 479 per
440 444 467 471 id
483 444 556 479 quod
570 445 734 479 productum
750 449 804 477 est,
821 447 959 481 patefecit.

294 491 328 518 Ut
346 499 410 518 vero
428 495 454 518 ct
476 491 527 519 hoe
553 492 752 524 concedamus,
767 496 840 524 esto,
858 501 892 520 ex
910 494 1047 528 operatio-

257 538 338 565 nibus
355 537 517 565 substantia:
539 544 757 572 cognoscantur.
784 538 870 573 Igitur
889 540 977 574 prima
1001 540 1046 566 illa

257 587 413 615 substantia
432 594 479 620 pcr
500 594 570 621 opus
584 594 665 612 suum
690 591 884 621 cognoscatur,
901 590 928 613 et
950 586 1048 613 simili-

256 637 298 660 ter
312 632 463 659 secundam
481 640 551 666 opus
567 632 638 666 quod
658 633 692 659 ab
708 633 753 659 illa
772 633 955 667 proficiscitur
969 632 1048 660 nobis

258 677 426 705 manifestat.
452 677 553 704 Tertia:
577 678 674 713 igitur.
694 677 750 709 die,
784 686 800 704 ο
827 677 1046 712 sapientissime.

257 724 320 757 quis
333 723 413 750 index
427 723 488 750 erit.
506 731 568 750 cum
590 723 696 749 nullum
715 724 803 750 tertiae
819 723 900 757 hujus
917 723 1048 750 substan-

257 769 302 794 tia:
317 776 385 802 opus
409 767 462 794 tale
483 767 662 794 inveniatur?
680 767 707 794 Si
725 767 798 794 enim
820 776 852 795 ex
877 768 1047 802 operationi-

258 814 320 843 bus.
342 817 369 840 ut
387 818 416 839 tu
435 813 515 844 dicis,
543 813 705 840 substantiae
728 817 942 848 cognoscuntur,
968 821 1047 848 opor-

259 864 296 886 tet
319 864 347 886 ιιι
369 864 494 886 naturam
524 858 644 894 Spiritus
667 859 757 887 sancti
784 859 1044 894 incomprehensam
1061 850 1084 881 Β

257 905 385 935 atlirmos,
407 911 469 930 cum
488 911 543 930 non
567 907 694 938 suppetat
710 904 772 938 ejus
788 912 836 939 per
860 905 1047 932 continuatio-

257 957 318 977 nem
336 949 460 984 operatio
477 949 579 984 aliqua,
605 949 686 984 cujus
708 950 843 977 beneﬂcio
865 950 891 977 in
912 950 1047 985 cognitio—

257 1004 319 1023 nem
341 995 461 1031 Spiritus
481 997 569 1023 sancti
598 997 741 1030 pervenire
765 997 865 1031 possis.
886 997 938 1023 Aut
963 997 1048 1031 igitur

257 1047 382 1070 monstra
395 1042 533 1077 quodnam
550 1043 586 1070 sit
602 1042 751 1070 esscutiale
764 1049 834 1076 opus
851 1043 938 1070 sancti
957 1041 1047 1076 Spiri—

258 1094 314 1121 tus,
332 1093 380 1115 aut
395 1093 451 1115 tota
467 1089 519 1116 ista
535 1095 644 1115 araneae
660 1089 713 1114 tela
730 1092 833 1115 attactu
847 1088 984 1115 orationis
998 1087 1048 1114 dif-

258 1134 334 1161 ﬂnet.
359 1133 424 1160 Nam
444 1134 467 1161 si
493 1142 526 1161 ex
554 1135 716 1162 continuata
734 1135 895 1169 operatione
915 1135 1046 1166 essentia,

257 1180 407 1207 secundum
424 1184 548 1206 nostrqu
570 1179 740 1214 intelligendi
760 1179 883 1209 modum,
901 1179 1048 1214 cognosci—

258 1231 313 1257 tur,
330 1225 486 1253 esscntialis
503 1233 568 1253 vero
582 1225 704 1259 operatio
727 1224 848 1259 Spiritus
869 1225 956 1252 sancti
973 1224 1048 1250 nulla

257 1277 309 1303 est,
324 1271 555 1306 quemadmodum
570 1271 659 1298 Patris
672 1271 782 1306 quidem
795 1269 904 1303 Filium,
920 1270 980 1297 Filii
999 1278 1049 1298 au-

258 1323 311 1346 tem
329 1318 460 1352 Spiritum
478 1321 603 1344 sanctum
620 1317 756 1350 asseritis,
779 1317 905 1352 sequitur
919 1321 1047 1343 naturam

259 1365 378 1399 Spiritus
401 1365 480 1399 plane
498 1363 668 1398 incognitam
692 1368 719 1390 et
740 1363 1047 1397 incomprehensibilem

257 1419 328 1443 esse,
354 1418 416 1437 cum
444 1410 518 1436 nulla
548 1409 608 1443 cjus
636 1409 809 1443 hypostatica
837 1409 973 1443 operatio,
999 1416 1049 1443 per

257 1465 339 1491 quam
357 1457 522 1485 innotescat,
537 1459 637 1482 exstet.
667 1454 694 1481 Si
712 1462 776 1482 vero
794 1454 915 1488 Spiritus
932 1460 1048 1482 sanctus

257 1492 530 1537 comprehensionem
554 1500 660 1536 cli'ugit,
685 1500 823 1535 quomodo
844 1508 892 1535 per
911 1500 949 1533 id,
972 1501 1047 1534 quod

257 1548 454 1583 comprehendi
479 1548 585 1582 nequit,
611 1547 756 1574 sublimior
774 1547 819 1574 illa
847 1553 944 1573 natura
968 1554 1044 1573 com-

259 1593 459 1629 prehenditur?
475 1592 542 1619 Nam
564 1592 586 1620 si
608 1592 782 1626 ignoraretur
798 1592 858 1619 Filii
875 1600 954 1627 opus,
971 1592 1044 1627 quod

257 1644 311 1672 est,
331 1644 360 1666 ut
377 1639 484 1670 dicunt,
505 1644 619 1666 sanctus
644 1638 775 1673 Spiritus,
801 1639 872 1665 haud
889 1638 923 1665 ad
946 1637 1045 1664 Filium

258 1684 479 1720 cognoscendum
505 1684 559 1710 ulla
581 1684 625 1710 via
649 1687 766 1719 pateret,
792 1688 888 1719 utpote
910 1684 984 1711 omni
1000 1691 1047 1711 co-

258 1730 408 1765 gnoscendi
427 1730 529 1756 itnlicio
546 1729 707 1757 destitutttm
728 1740 733 1756 :
750 1735 777 1758 et
800 1731 822 1757 si
842 1729 979 1764 Uuigeuiti
999 1738 1048 1757 na-

260 1781 320 1803 tura
334 1777 386 1803 hoc
406 1776 488 1803 modo
500 1776 646 1809 delitescit,
662 1776 800 1810 quomodo
818 1783 865 1810 per
881 1776 1008 1803 latentem
1021 1780 1048 1803 et

259 1822 449 1849 absconditam
475 1821 698 1848 manifestabitur
721 1829 848 1855 suprema
879 1825 906 1848 et
931 1822 1048 1849 maxime

260 1869 381 1903 propria,
401 1875 462 1894 cum
482 1867 602 1902 Spiritus
614 1867 701 1894 sancti
720 1867 869 1894 occultatio
886 1867 919 1894 ad
940 1866 1046 1894 Patrem

260 1923 307 1950 per
321 1913 420 1941 Filium
439 1914 590 1941 redundet?
603 1918 632 1940 ut
647 1922 680 1940 ex
696 1914 739 1941 his
755 1913 913 1940 necessario
933 1913 1048 1940 convin-

258 1966 348 1991 catur,
366 1961 446 1987 etiam
464 1960 592 1994 ipsorum
617 1960 739 1986 hostium
764 1959 969 1989 testiﬁcatione.
998 1959 1048 1986 i‘a-

260 2008 309 2034 tris
324 2007 506 2033 substantiam
522 2006 645 2040 ignotam
661 2014 733 2033 esse.
749 2005 826 2032 Unde
840 2013 905 2040 ergo
919 2005 970 2032 iste
987 2013 1048 2040 pcr-

259 2052 478 2087 spicacissimus,
499 2052 546 2087 qui
562 2059 623 2086 qua:
638 2059 691 2078 non
717 2056 783 2078 sunt
804 2052 934 2083 intuetur,
956 2058 1046 2077 rerum

260 2105 314 2124 non
340 2097 530 2132 apparentinm
554 2101 581 2124 et
605 2097 896 2131 incomprehensarum
920 2100 1046 2122 naturam

259 2144 354 2178 ctipse
373 2143 455 2174 videt.
475 2147 502 2169 et
519 2150 570 2170 nos
596 2143 731 2175 hortatur,
751 2146 780 2168 ut
804 2150 836 2169 ex
851 2142 981 2176 operibus
1003 2150 1047 2170 es-

259 2190 373 2220 sentias,
392 2194 418 2216 et
430 2197 462 2215 ex
481 2189 523 2216 his
543 2196 626 2224 opera
642 2188 857 2222 iurestigemus?

295 2235 396 2263 Verum
421 2235 528 2270 reliqua
556 2235 738 2261 excutiamus.
758 2233 940 2260 Dubitationes
957 2233 1047 2268 inquit

258 2278 291 2306 de
314 2279 512 2313 operationibus
541 2286 573 2305 ca;
604 2278 760 2305 substantiis
786 2278 953 2305 resolvendus
978 2287 1044 2306 esse.

258 2327 401 2360 Quomodo
414 2327 514 2361 aliquis
529 2326 610 2353 istum
626 2335 641 2353 a
654 2326 810 2353 vanissimis
822 2327 1046 2361 persuasionibus

258 2373 353 2399 saltem
367 2372 400 2398 ad
417 2371 550 2398 humanas
566 2371 747 2406 cogitationes
765 2372 912 2399 traducat?
932 2371 1046 2399 Dubita-

259 2418 347 2444 tioucs
358 2417 391 2443 de
411 2417 616 2451 operationibus
636 2422 747 2444 exortas
763 2418 913 2445 arbitratur
928 2427 960 2446 cx
978 2419 1046 2446 sub-

259 2462 422 2489 stantiarum
439 2462 595 2496 cognitione
613 2462 719 2489 deliniri
737 2471 826 2498 posse.
840 2463 982 2496 Quomodo
997 2472 1046 2499 per

258 2516 289 2534 ca
313 2515 374 2541 qua:
388 2508 546 2542 cognitione
567 2516 621 2535 non
643 2513 708 2536 sunt
732 2510 942 2545 comprehensa,
963 2512 1044 2538 rebus

258 2554 351 2580 dubiis
373 2553 450 2580 ﬁdem
471 2554 647 2581 conciliabit?
671 2554 699 2581 Si
721 2555 793 2582 cnim
817 2557 874 2591 ipsa
889 2557 1043 2584 substantia

259 2600 397 2635 incognita
414 2605 466 2633 est,
484 2600 622 2635 quodnam
647 2609 737 2636 opera:
759 2603 877 2637 pretium
900 2608 941 2631 est
959 2612 1043 2630 oecu-

256 2646 315 2680 pari
328 2647 400 2673 circa
417 2647 616 2681 operationem,
631 2649 710 2682 quasi
727 2649 800 2676 illius
814 2649 899 2676 ductu
923 2649 955 2676 ad
972 2650 1042 2684 cjus,

257 2692 291 2719 de
307 2699 361 2727 quo
377 2692 535 2728 ambigitur,
565 2693 689 2721 notitiam
712 2696 877 2730 provchendi
900 2698 1044 2723 essemus?

257 2736 286 2763 Si
301 2745 364 2764 vero
380 2738 550 2772 operationis
568 2739 710 2775 inquisitio
738 2741 799 2767 ideo
815 2741 971 2768 necessaria
988 2746 1041 2774 cst,

257 2786 287 2809 ut
302 2790 349 2817 per
363 2782 435 2810 illam
452 2784 484 2810 ad
505 2785 676 2816 substantiae,
694 2793 708 2812 a
728 2793 781 2820 qua
803 2786 872 2817 ltuit.
889 2787 1042 2822 intelligen-

256 2829 322 2857 tiam
339 2828 482 2863 ducamur,
499 2838 553 2867 qua
575 2831 680 2859 ratione
699 2839 753 2859 non
774 2832 882 2867 cognita
898 2833 975 2860 nobis
990 2833 1040 2860 du-

1100 226 1350 262 Πνεύματος(ἕργον
1363 228 1489 263 ὀνομάζει
1504 229 1552 263 τῆς
1567 229 1604 264 τῷ
1619 229 1674 264 Υἱῷ
1694 230 1886 265 παρεπομένης

1099 271 1246 307 ἐνεργείας)
1264 273 1454 308 κατειληφέναι
1477 274 1550 309 λέγοι
1575 275 1622 301 τοῦ
1643 275 1813 309 Μονογενοῦς
1840 276 1887 311 τὴν

1099 317 1190 351 φύσιν,
1212 318 1339 354 οὐδεμίαν
1363 319 1492 346 σύστασιν
1515 322 1528 347 ό
1548 320 1626 354 λόγος
1649 321 1718 356 ἔχει,
1739 321 1822 348 πάλιν
1841 323 1887 350 καὶ

1098 363 1214 389 ἐνταῦθα
1235 364 1283 398 τῆς
1305 365 1444 400 ἐνεργείας
1468 366 1516 399 μὲν
1535 366 1574 401 τῷ
1592 367 1795 402 ἀποτελέσματι
1818 376 1887 403 συμ-

1099 410 1363 445 παρεκτεινομένης,
1381 411 1431 444 τὴν
1454 412 1482 438 δὲ
1498 411 1578 446 φύσιν
1598 413 1698 447 ἑαυτῆς
1723 422 1754 439 τε
1778 414 1826 440 καὶ
1842 414 1887 440 τοῦ

1099 455 1281 489 ἐνεργοῦντος,
1297 456 1340 482 διὰ
1353 457 1399 483 τοῦ
1414 457 1644 493 κατεργασθέντος
1657 459 1687 485 οὐ
1700 459 1886 494 δεικνυούσης.

1133 500 1191 527 Ἵνα
1208 501 1236 528 δὲ
1250 502 1295 528 καὶ
1317 502 1396 529 τοῦτο
1415 505 1635 539 συγχωρήσωμεν
1647 524 1654 536 ,
1683 504 1802 531 δεδόσθω
1830 506 1887 536 ταῖς

1097 546 1249 582 ἐνεργείαις
1261 547 1310 579 τὰς
1324 548 1418 580 οὐσίας
1431 549 1622 583 γινώσκεσθαι.
1640 550 1744 577 Οὐκοῦν
1759 552 1777 586 ἡ
1792 551 1887 586 πρώτη

1097 593 1184 624 οὐσία,
1199 593 1242 620 διὰ
1260 593 1306 619 τοῦ
1329 594 1358 627 ἐξ
1377 595 1462 629 αὐτῆς
1479 594 1560 630 ἔργου
1579 595 1759 631 γνωρίζεται,
1777 597 1825 623 καὶ
1841 598 1888 632 τὴν

1097 638 1225 674 δευτέραν
1241 640 1371 672 ὡσαύτως
1390 641 1419 667 τὸ
1439 641 1528 676 ἔργον,
1549 641 1579 668 τὸ
1599 642 1663 677 παρ’
1678 642 1764 678 αὐτῆς
1778 643 1888 678 γινόμε-

1097 692 1152 715 νον,
1171 683 1304 711 δείκνυσι·
1323 685 1372 720 τὴν
1387 686 1481 722 τρίτην
1495 686 1583 713 τοίνυν
1603 687 1672 718 εἰπὲ,
1687 685 1710 714 ὧ
1728 688 1869 722 σοφώτατε
1881 708 1888 720 ,

1097 729 1123 755 τί
1135 729 1166 755 τὸ
1178 730 1298 757 δεικνύον
1314 732 1382 764 ἐστὶ,
1410 732 1522 768 μηδενὸς
1542 733 1624 769 ἔργου
1639 733 1760 760 τοιούτου
1773 735 1824 769 τῆς
1833 734 1888 770 τρί-

1097 784 1147 811 της
1161 776 1254 808 οὐσίας
1270 777 1455 813 Θεωρουμένου
1467 787 1473 811 ;
1487 779 1518 805 Εί
1530 779 1584 816 γὰρ
1599 781 1657 812 ταῖς
1674 780 1837 816 ἐνεργείαις,
1851 781 1888 811 ὡς

1100 821 1131 848 σὺ
1150 822 1219 857 φῂς,
1242 822 1270 849 αἱ
1293 823 1381 850 οὐσίαι
1407 824 1678 860 καταλαμϐάνονται,
1695 826 1887 862 ἀκατάληπτον

1098 864 1165 893 εἶναι
1190 867 1240 903 τὴν
1262 867 1308 894 τοῦ
1332 869 1489 904 Πνεύματος
1516 870 1596 905 φύσιν
1621 871 1813 906 ὁμολογήσεις·
1839 874 1889 899 οὐκ

1096 912 1243 947 ἔχωνκατὰ
1258 912 1287 939 τδ
1303 914 1435 949 προσεχὲς
1448 914 1575 950 τοιαύτην
1591 915 1740 951 ἐνέργειαν,
1755 917 1814 943 καὶ·
1827 917 1886 943 τού-

1096 967 1143 985 του
1161 960 1416 996 παραστησάμενος,
1433 961 1466 987 δι’
1481 961 1589 997 ἐκείνης
1603 962 1653 996 τὴν
1666 962 1710 988 toi
1729 963 1890 998 Πνεὺματος

1098 1005 1178 1040 φύσιν
1198 1005 1419 1040 ἀναλογίσασθαι.
1443 1007 1478 1033 ’Ἡ
1499 1007 1588 1034 τοίνυν
1609 1007 1694 1041 δεῖξον
1712 1009 1738 1035 τί
1760 1009 1887 1040 οὐσιῶδες

1097 1051 1177 1086 ἔργον
1188 1051 1233 1078 τοῦ
1246 1052 1410 1087 Πνεύματος,
1421 1053 1455 1079 δι’
1465 1050 1495 1080 οὗ
1509 1055 1701 1089 κατειληφέναι
1718 1056 1771 1090 φῂς
1784 1056 1834 1090 τὴν
1845 1055 1888 1081 οὐ·

1099 1097 1159 1123 σίαν
1172 1097 1218 1123 τοῦ
1235 1098 1390 1133 Πνεῦματπ
1401 1119 1407 1130 ,
1418 1099 1434 1134 ἣ
1446 1099 1505 1131 ὅλος
1516 1099 1604 1134 ὑμῖθὸ
1617 1101 1687 1131 ίστὸς
1704 1102 1755 1136 τῆς
1767 1101 1888 1136 ἀράχνης

1097 1145 1129 1178 τῇ
1147 1144 1238 1179 ἔπαφῇ
1260 1143 1306 1170 τοῦ
1321 1144 1399 1178 λόγου
1423 1146 1646 1182 περιρρυήσεται,
1663 1148 1694 1173 Εἰ
1717 1147 1773 1182 γὰρ
1794 1148 1827 1174 ἐκ
1841 1148 1888 1182 τῆς

1098 1190 1248 1225 προσεχοῦς
1270 1191 1410 1226 ἐνεργείας
1433 1192 1448 1227 ὴ
1471 1193 1549 1219 οὐσία
1569 1193 1732 1228 γνωρίζεται
1751 1195 1823 1221 κατὰ
1844 1195 1888 1221 τὸν

1098 1235 1230 1272 ἡμέτερον
1243 1236 1331 1271 λόγον,
1345 1237 1468 1272 ἐνέργεια
1481 1237 1510 1264 δέ
1524 1239 1654 1274 οὑσιὼδης
1668 1239 1714 1266 τοῦ
1730 1240 1888 1274 Πνεὺματος

1097 1282 1218 1316 οὐδεμία,
1235 1282 1358 1318 καθάπερ
1371 1282 1417 1309 τοῦ
1433 1283 1539 1319 Πατρδς
1553 1285 1601 1320 μὲν
1615 1285 1660 1312 τὸν
1674 1285 1747 1319 Υίὺν⁹
1762 1285 1810 1311 τοῦ
1826 1285 1887 1311 Tia?)

1098 1328 1125 1354 δὲ
1146 1328 1176 1354 τὸ
1202 1328 1316 1364 Πνεῦμα
1341 1338 1419 1364 φατε,
1445 1330 1645 1364 ἀνεπίγνωστος
1668 1332 1778 1364 πάντως
1801 1334 1817 1368 ἡ
1842 1333 1888 1359 τοῦ

1098 1373 1256 1409 Πνεύματος
1280 1374 1359 1408 φύσις
1383 1375 1429 1401 καὶ
1441 1375 1631 1410 ἀκατάληπτος
1645 1376 1689 1402 διὰ
1703 1376 1808 1403 τούτων
1829 1385 1889 1403 συν-

1098 1420 1286 1455 ωμολόγηται⁸
1317 1421 1452 1456 μηδεμιᾶς
1477 1422 1560 1457 αὐτὴν
1589 1422 1730 1457 ἐνεργείας
1754 1423 1806 1457 τῆς
1830 1424 1888 1450 καθ’

1098 1466 1243 1492 ὑπόστασιν
1260 1468 1637 1504 νοουμένηςπαραδηλούσης.
1653 1470 1682 1496 Εἰ
1700 1470 1726 1496 δὲ
1739 1470 1820 1497 τοῦτο
1832 1471 1889 1497 δια-

1099 1511 1216 1546 πέφευγε
1230 1511 1278 1547 τὴν
1296 1513 1456 1547 κατάληψιν,
1476 1512 1534 1544 πῶς
1550 1513 1596 1540 τοῦ
1617 1513 1654 1548 μὴ
1669 1514 1888 1548 κατειλημμένου

1098 1558 1114 1593 ἡ
1129 1558 1312 1594 ὑπερκειμένη
1319 1558 1396 1585 οὐσία
1407 1559 1660 1595 καταλαμϐάνεται;
1673 1560 1703 1586 Ei
1715 1559 1771 1594 γὰρ
1783 1561 1886 1593 ἀγνοεῖν

1096 1612 1140 1630 ται
1156 1603 1201 1630 τοῦ
1216 1604 1280 1630 Tia-3
1295 1605 1325 1631 τὸ
1338 1605 1426 1641 ἔργον,
1439 1605 1506 1641 ὅπερ
1519 1605 1604 1638 ἐστὶν,
1617 1605 1654 1637 ὥς
1670 1615 1746 1640 φασι,
1762 1607 1792 1632 τὸ
1806 1606 1886 1632 Πνεῦ-

1099 1659 1147 1684 μα,
1163 1650 1216 1676 οὐδ’
1235 1651 1267 1677 ἂν
1282 1651 1383 1683 ἐκεῖνος
1403 1652 1584 1687 ὲπιγνωσθείη
1605 1653 1713 1683 πάντως
1723 1672 1731 1684 ,
1747 1654 1781 1687 τῇ
1794 1653 1885 1688 aequ;

1097 1695 1144 1722 τοῦ
1161 1696 1373 1733 τεκμηριοῦντος
1393 1698 1614 1733 συσκιαζόμενος.
1632 1699 1685 1725 Καὶ
1696 1699 1721 1724 εἰ
1737 1698 1785 1724 τοῦ
1803 1700 1886 1725 Μονο-

1098 1742 1193 1776 γενοῦς
1216 1743 1232 1778 ὴ
1251 1742 1328 1769 οὐσία
1344 1742 1382 1778 τῷ
1404 1744 1497 1779 τρόπῳ
1517 1744 1602 1780 τούτῳ
1623 1744 1812 1776 διαλανθάνοι,
1832 1746 1887 1777 πῶς

1097 1787 1141 1814 διὰ
1171 1788 1221 1823 τῆς
1249 1788 1433 1824 λανθανούσης
1462 1790 1477 1824 ἡ
1503 1791 1634 1817 ἀνωτάτω
1660 1791 1708 1817 καὶ
1733 1792 1888 1826 κυριωτάτη

1099 1833 1336 1869 φανερωθήσεται,
1360 1835 1409 1869 τῆς
1433 1835 1479 1861 τοῦ
1497 1836 1654 1871 Πνεύματος
1683 1836 1795 1871 ἁδηλίας
1819 1838 1888 1863 κατὰ

1099 1878 1226 1905 ἀνάλυσιν
1241 1879 1286 1906 διὰ
1293 1880 1339 1906 τοῦ
1358 1880 1422 1906 Υίοῦ
1441 1881 1508 1916 πρὸς
1522 1881 1567 1908 τὸν
1581 1882 1690 1917 Πατέρα
1704 1883 1887 1919 διαδοθείσης

1098 1924 1135 1956 ὡς
1150 1926 1181 1951 ἐκ
1195 1925 1296 1952 τούτων
1314 1926 1406 1960 σαφῶς
1421 1927 1639 1960 ἀποδείκνυσθαι,
1656 1929 1702 1955 καὶ
1714 1930 1760 1956 διὰ
1772 1931 1822 1966 τῆς
1835 1931 1888 1957 τῶν

1098 1970 1202 2006 ἐχθρῶν
1217 1972 1369 2007 μαρτυρίας
1379 1993 1386 2004 ,
1400 1973 1430 1999 τὸ
1443 1974 1632 2009 ἀκατάληπτον
1646 1974 1715 2003 εἶναι
1731 1978 1820 2013 πάντη
1840 1979 1887 2004 τοῦ

1099 2015 1204 2051 Πατρδς
1225 2017 1274 2051 τὴν
1295 2017 1398 2045 οὐσίαν.
1414 2018 1498 2045 Πόθεν
1517 2018 1563 2046 οὖν
1578 2021 1592 2046 ὁ
1608 2021 1757 2058 ὀξυδερκὴς
1771 2021 1857 2055 οὗτος.
1874 2024 1888 2050 ὁ

1097 2060 1130 2087 τὰ
1148 2061 1309 2097 ὰνύπαρκτα
1324 2062 1440 2098 βλέπων,
1456 2064 1505 2099 τὴν
1522 2065 1575 2091 τῶν
1589 2066 1699 2100 ἀφανῶν
1715 2076 1743 2093 τε
1759 2068 1808 2094 καὶ
1823 2069 1887 2096 ἀκα-

1097 2107 1240 2142 ταλήπτων
1265 2107 1344 2141 φύσιν
1365 2109 1398 2135 δι’
1418 2109 1538 2146 ἀλλήλων
1556 2111 1634 2144 αὑτός
1653 2121 1682 2138 τε
1705 2111 1819 2147 βλέπει,
1843 2115 1887 2140 καὶ

1098 2154 1162 2188 ἡμῖν
1176 2153 1401 2188 ἐγκελεύεται,ἐκ
1422 2155 1475 2181 τῶν
1489 2156 1576 2191 ἔργων
1595 2157 1644 2189 τὰς
1663 2158 1770 2191 οὐσίας,
1793 2161 1840 2187 καὶ
1859 2162 1887 2194 ἐξ

1061 2195 1083 2224 D
1097 2197 1208 2224 ἐκείνων
1219 2198 1252 2224 τὰ
1267 2198 1336 2234 ἔργα
1351 2199 1436 2234 λέγων
1454 2201 1726 2237 καταλαμϐάνεσθαι;

1139 2244 1218 2270 Ἀλλὰ
1238 2245 1284 2271 καὶ
1300 2245 1345 2271 τὴν
1367 2246 1467 2282 ἐφεξῆς
1481 2248 1558 2282 λόγον
1573 2250 1825 2287 ἐπισκοπήσωμεν·
1843 2254 1886 2280 καὶ

1096 2288 1206 2322 τῖινέῖτὶ
1221 2289 1450 2326 ταῖςὲνεργείαις
1468 2293 1548 2328 φησὶν
1559 2294 1738 2329 ἀμφιϐολίαν
1752 2297 1886 2324 διαλύειν

1096 2334 1130 2364 ἐκ
1148 2335 1206 2361 τῶν
1221 2336 1341 2363 οὐσιῶν.
1364 2337 1425 2369 Πῶς
1439 2338 1471 2365 ἄν
1490 2347 1532 2370 τις
1549 2340 1629 2366 αὑτὸν
1645 2342 1677 2367 ἐκ
1690 2342 1746 2369 τῶν
1764 2344 1885 2378 ματαίων

1098 2380 1256 2415 ὑπολήψεων
1264 2382 1422 2417 μεταγάγοι;
1435 2384 1489 2411 Καὶ
1499 2385 1547 2417 τὰς
1555 2387 1600 2413 ἐπὶ
1608 2389 1667 2419 ταῖς
1677 2389 1830 2424 ἐνεργείαις
1837 2391 1882 2425 ἀμ·

1097 2426 1218 2460 φιϐολίας
1239 2428 1323 2455 οἴεται
1332 2430 1442 2456 δυνατὸν
1453 2428 1521 2458 εἶναι
1532 2432 1575 2460 διὰ
1583 2433 1630 2468 τῆς
1642 2436 1823 2471 καταλήψεως
1833 2438 1884 2464 τῶν

1095 2472 1193 2500 οὐσιῶν
1210 2474 1374 2503 διαλύεσθαι.
1391 2477 1451 2508 Πῶς
1464 2477 1507 2504 διὰ
1522 2479 1576 2505 τῶν
1593 2479 1629 2515 μὴ
1657 2481 1883 2518 κατειλημμένων

1094 2517 1124 2544 τὸ
1139 2519 1372 2556 ἁμφιϐαλλόμενον
1391 2523 1430 2554 εἰς
1442 2523 1530 2550 πίστιν
1545 2524 1621 2559 ἄγει;
1638 2525 1668 2552 Εἰ
1683 2527 1732 2561 μὲν
1750 2517 1807 2563 γὰρ
1822 2537 1881 2555 κατ-

1095 2563 1205 2599 είληπτο
1221 2565 1237 2600 ὴ
1259 2566 1348 2598 οὐσία,
1373 2567 1412 2597 τίς
1429 2568 1507 2603 χρεία
1523 2570 1812 2606 πολυπραγμονεῖσθαι
1836 2575 1883 2610 τὴν

1094 2610 1244 2646 ἐνέργειαν,
1261 2611 1297 2643 ὡς
1315 2612 1347 2638 δί’
1362 2613 1467 2648 ἐκείνης
1483 2614 1631 2648 μελλόντων
1649 2617 1727 2651 ἡμῶν
1744 2620 1778 2654 τῇ
1800 2628 1883 2646 κατα-

1094 2655 1172 2690 λήψει
1189 2655 1234 2682 τοῦ
1255 2655 1418 2691 ζητουμένου
1435 2659 1679 2694 προσάγεσθαι;Εἰ
1700 2662 1727 2688 δὲ
1747 2663 1791 2691 διὰ
1809 2664 1884 2690 τοῦτο

1093 2701 1254 2737 ἀναγκαία-ἡ
1269 2703 1318 2737 τῆς
1333 2704 1472 2738 ἐνεργείας
1485 2705 1616 2739 ἐξέτασις,
1630 2708 1668 2739 ὡς
1682 2708 1714 2734 ἂν
1725 2708 1770 2735 διὰ
1785 2711 1882 2744 ταύτης

1093 2747 1161 2782 πρὸς
1175 2747 1222 2783 τὴν
1237 2748 1342 2774 σύνεσιν
1354 2749 1402 2784 τῆς
1414 2751 1576 2786 ἐνεργούσης
1588 2752 1673 2788 αὐτὴν
1682 2754 1777 2787 οὐσίας
1787 2756 1881 2791 ὁδηγη-

1093 2792 1214 2827 θείημεν.
1231 2793 1287 2825 πῶς
1302 2794 1367 2829 ἡμῖν
1382 2795 1396 2830 ἡ
1415 2796 1497 2830 μήπω
1511 2797 1661 2830 γνωσθεῖσα
1676 2799 1758 2833 φύσις
1772 2801 1820 2836 τὴν
1836 2802 1881 2828 ἐπὶ

1093 2841 1150 2872 ταῖς
1163 2840 1311 2872 ἐπιμελείαις
1323 2841 1485 2876 ἀμφιϐολίαν
1498 2843 1622 2871 διαλῦσαι
1635 2844 1781 2879 δυνήσεται
1793 2858 1801 2880 ς
1815 2848 1880 2875 Παν-
