1957 3079
267 136 320 165 537

871 129 899 157 S.
915 125 1076 156 GREGORII
1094 125 1236 154 NYSSENI

1829 123 1880 151 568

268 192 371 220 Suﬂicit
394 190 466 219 enim
482 193 509 217 et
535 189 704 217 voluntatum
719 187 865 216 diversitas
879 187 912 215 ad
929 188 980 215 hoc
991 206 998 218 ,
1016 189 1045 212 ut

1108 185 1237 221 Αὐτάρκης
1247 185 1300 220 γὰρ
1322 184 1398 220 καὶὴ
1415 184 1467 210 τῶν
1489 182 1671 218 προαιρέσεων
1692 180 1809 216 διαφορὰ
1833 179 1883 216 τὴν

267 242 371 266 natura:
385 236 567 263 diversitatem
582 234 712 261 noliﬁcet.
726 233 897 269 Quapropter
911 241 972 261 eum
986 239 1046 260 0m-

268 285 355 314 nium,
367 281 446 309 etiam
462 280 691 312 adversariorum,
706 280 890 311 conlessiorie,
905 280 992 314 prima
1007 285 1048 305 es-

268 327 355 355 sentia
375 326 488 360 simplex
511 326 564 357 sit,
586 325 772 352 necessarium
798 331 910 359 prorsus
934 327 992 356 est,
1018 326 1047 349 ut

266 373 392 397 naturam
409 369 535 396 voluntas
557 373 584 396 et
605 369 702 395 electio
721 369 884 401 comitetur;
904 375 966 394 cum
982 373 1048 394 vero

267 416 337 443 bona
354 415 479 442 voluntas
497 422 543 450 per
560 415 758 450 providentiam
775 414 992 446 demonstretur,
1010 413 1048 440 si~

268 463 323 489 mul
344 462 428 489 etiam
449 461 652 488 demonstratur
672 460 770 488 bonam
787 467 848 487 esse
865 464 1010 490 naturam,
1032 465 1046 485 a

267 515 320 542 qua
336 512 377 535 est
394 507 531 533 voluntas.
549 506 617 533 Cum
635 513 701 533 vero
715 505 790 533 solus
804 505 883 532 Pater
899 504 970 531 bona
984 511 1048 538 ope-

269 558 354 584 retur,
377 550 463 579 Filius
487 555 576 578 autem
597 551 690 578 eadem
707 558 760 577 non
781 550 861 577 vellet
882 549 1000 584 (loquor
1015 555 1048 574 ex

269 598 410 634 liypotliesi
427 597 644 624 adversariorum
659 595 769 631 gratia),
779 594 891 622 evidens
903 598 977 621 esset
993 593 1048 620 dil-

267 644 381 670 lerrntia
407 642 434 670 in
449 647 544 668 natura
556 662 563 673 ,
590 646 682 676 utpote
701 641 859 668 diversitate
879 639 1048 667 voluntatum

268 693 376 716 testata.
396 688 430 714 At
452 688 475 715 si
498 688 576 715 Pater
599 687 796 723 providentiam
816 686 940 714 omnium
962 685 1048 720 gerit,

268 735 405 769 similique
417 734 497 761 modo
510 733 594 761 Filius
609 734 738 761 omnibus
755 732 878 768 providet
895 731 966 766 (quae
976 731 1049 758 enim

268 780 341 808 videt
354 780 460 807 Patrem
477 779 638 811 facientem,
656 779 783 806 similiter
798 783 824 805 et
839 777 926 805 Filius
943 777 1008 804 facit
1020 776 1029 811 >
1043 784 1051 804 '.

1096 229 1145 262 τῆς
1157 229 1264 263 φύσεως
1281 227 1426 263 ἑτερότητα
1442 227 1612 263 φανερῶσαι·
1629 227 1695 253 ιιὺτι
1711 225 1800 260 ἁπλῆς
1813 223 1882 251 εἶναι

1098 273 1368 309 συνομολογηθείσης,
1388 273 1434 300 καὶ
1447 272 1522 309 παρὰ
1535 273 1588 299 τῶν
1598 272 1736 302 ἐναντίων,
1748 271 1798 306 τῆς
1812 270 1883 306 πρώ-

1097 326 1146 354 της
1169 319 1272 351 οὐσίας.
1290 319 1442 353 ἐπάναγκές
1457 319 1514 345 ἐστι
1533 320 1566 353 τῇ
1581 318 1660 352 φύσει
1682 317 1830 352 σύνδρομον
1841 317 1884 343 ἑν-

1098 365 1167 391 νοεῖν
1180 363 1229 399 τὴν
1250 364 1407 399 προαίρεσιν
1424 371 1430 377 ⁸
1449 363 1497 399 τῆς
1517 363 1546 389 δὲ
1569 363 1753 398 προαιρέσεως
1781 361 1885 396 ἀγαθῆς

1097 409 1140 436 διὰ
1151 410 1199 445 τῆς
1218 410 1344 445 προνοίας
1354 409 1558 445 ἀποδειχθείσης
1569 430 1575 441 ,
1583 409 1671 444 ἀγαθὴ
1688 407 1884 443 συναπεδείχθη

1099 456 1146 482 καὶ
1161 456 1176 490 ἡ
1192 455 1282 490 φύσις,
1299 456 1345 490 ἀφ’
1359 454 1421 492 ἦςὴ
1441 455 1612 492 προαίρεσις·
1628 455 1708 490 μόνου
1723 455 1750 481 δὲ
1767 454 1815 480 τοῦ
1831 454 1886 480 Πα-

1098 501 1162 536 τρὺς
1174 501 1209 528 τὰ
1223 501 1313 536 ἀγαθὰ
1330 502 1512 538 ἐνεργοῦντος,
1526 502 1572 528 τοῦ
1587 501 1615 528 δὲ
1629 500 1693 527 Υίοῦ
1709 501 1745 535 μὴ
1760 499 1794 526 τὰ
1819 499 1888 526 αὐτὰ

1100 549 1315 583 προαιρουμένου
1331 549 1340 583 (
1352 548 1422 582 λέγω
1436 548 1463 574 δὲ
1477 548 1535 581 καθ’
1552 547 1679 574 ὑπόθεσιν
1691 547 1744 573 τῶν
1758 545 1887 572 ἐναντίων

1100 594 1207 629 ἕνεκεν)
1217 613 1224 626 ,
1236 595 1368 630 πρόδηλος
1381 595 1414 622 ἂν
1424 592 1458 630 ἦν
1471 595 1487 630 ὴ
1503 593 1572 621 κατὰ
1585 593 1633 630 τὴν
1648 593 1741 620 οὐσίαν
1759 590 1886 627 διαφορέι,

1100 639 1139 674 τῷ
1159 640 1378 676 παρηλλαγμένῳ
1394 641 1446 667 τῶν
1463 641 1648 676 προαιρέσεων
1665 640 1886 676 μαρτυρουμένη.

1102 685 1133 711 Εἰ
1147 685 1173 711 δὲ
1188 687 1294 721 προνοεῖ
1315 686 1364 721 μὲν
1383 687 1397 713 ὀ
1413 686 1505 722 Πατὴρ
1521 687 1574 713 τῶν
1587 687 1725 721 ἁπάντωνε
1739 682 1851 721 προνοεῖ
1861 684 1888 711 δὲ

1101 731 1230 764 ὡσαύτως
1255 733 1301 758 καὶ
1323 733 1338 759 ὁ
1367 733 1428 764 Υἱὸς
1453 733 1486 767 (ἃ
1509 733 1564 767 γὰρ
1587 733 1680 767 βλέπει
1706 732 1751 758 τὸν
1779 731 1889 766 Πατέρα

1102 776 1239 808 ποιοῦντα,
1246 777 1293 804 καὶ
1300 778 1314 804 ὁ
1324 778 1386 809 Υἱὸς
1396 778 1495 812 ὁμοίιος
1504 779 1591 812 ποιεῖ)
1602 785 1608 792 ³
1617 779 1633 813 ὴ
1643 777 1696 803 τῶν
1703 777 1889 812 προαιρέσεων

270 826 397 854 identitas
411 826 558 853 voluntatis
568 846 576 858 ,
588 825 744 852 earumdem
762 825 855 852 eadem
875 830 989 859 prorsus
1001 829 1050 850 vo-

1108 822 1232 857 ταυτότης
1249 822 1278 848 τὸ
1293 822 1380 849 κοινὸν
1396 823 1446 857 τῆς
1465 823 1572 857 φύσεως
1591 822 1646 849 τῶν
1660 822 1693 848 τὰ
1708 822 1778 848 αὐτὰ
1795 830 1890 856 προαι-

268 873 399 904 lentium,
424 872 642 898 communionem
670 871 697 898 in
723 875 820 897 natura
841 869 970 897 ostendit.
996 869 1051 896 Cur

267 917 352 954 igitur
369 917 492 952 rejicitur
506 924 596 944 sermo
617 917 651 944 de
669 916 858 951 providentia,
880 915 959 950 quasi
983 913 1051 941 nihil

267 964 328 999 opis
341 963 375 990 ad
397 962 564 998 propositam
588 962 765 997 quaestionem
789 961 934 989 conferat?
958 959 1051 993 Quan-

268 1016 350 1044 quam
364 1008 451 1035 multa
465 1008 547 1036 etiam
563 1015 595 1035 ex
611 1007 748 1035 communi
764 1007 816 1034 hac
828 1007 882 1033 vita
893 1007 1051 1041 desumpta,

232 1080 236 1083 ι
269 1054 446 1089 disputationi
471 1059 572 1081 nostrae
595 1052 792 1088 sutIragantur,
817 1052 939 1087 intelligo
961 1055 1052 1078 autem

269 1100 398 1128 omnibus
427 1103 490 1126 nota
519 1099 652 1133 exempla.
681 1098 733 1131 Qui
758 1097 829 1133 ignis
853 1097 941 1125 lucem
969 1097 1052 1130 vidit,

269 1149 297 1172 et
321 1143 501 1172 calefactricis
527 1143 655 1178 potentia:
679 1143 896 1177 experimentum
922 1143 1007 1177 cepit.
1029 1141 1053 1170 si

271 1189 298 1216 in
328 1189 407 1216 aliam
437 1189 592 1224 hujusmodi
621 1188 709 1215 lucem
733 1193 760 1216 et
783 1188 902 1216 calorem
928 1189 1053 1215 incidat:

269 1236 407 1263 enimvero
421 1235 448 1262 in
466 1234 590 1262 notitiam
606 1235 676 1270 ignis
699 1234 850 1262 deducetur
874 1241 907 1262 ex
925 1234 1055 1262 similitu-

269 1281 333 1308 dine
346 1288 522 1316 eorum,quae
535 1288 617 1308 sensu
644 1281 776 1316 percepit,
801 1280 834 1308 ad
864 1281 1055 1316 cognationem

270 1331 297 1354 et
309 1326 523 1354 convenientiam
541 1331 653 1357 natura.
679 1334 727 1361 per
757 1333 839 1361 quam
863 1325 958 1353 etl‘ecta
979 1329 1054 1357 sunt,

272 1375 436 1406 provectus;
462 1378 517 1398 non
541 1371 614 1398 enim
641 1370 745 1405 aliquid
774 1370 876 1401 omnia.
900 1377 961 1405 quas
985 1370 1057 1406 ignis

271 1420 346 1449 Sunt,
359 1419 460 1451 ageret,
486 1415 508 1443 si
525 1415 596 1451 ignis
611 1423 665 1442 non
681 1419 766 1443 esset.
779 1415 825 1442 Sic
839 1415 863 1442 si
885 1415 913 1442 in
939 1413 1019 1443 Patre
1031 1419 1058 1443 et

272 1462 341 1489 Filio
352 1462 467 1490 similem
483 1469 597 1496 prorsus
618 1466 645 1488 et
665 1461 796 1496 aequalem
811 1461 990 1496 providentiae
1015 1468 1059 1488 ra-

1103 868 1241 904 pouptwov
1259 869 1366 900 πάντως
1382 868 1558 895 ἐνδείκνυται.
1569 867 1617 894 Διὰ
1630 868 1655 894 τί
1668 866 1714 894 οὗ)
1726 867 1890 903 ἀτιμάζεται

1101 916 1116 942 ό
1128 915 1177 950 τῆς
1193 915 1318 950 προνοίας
1334 914 1421 949 λόγος,
1438 915 1476 946 ὡς
1490 914 1617 950 οὖόεμίαν
1637 914 1763 950 παρέχων
1779 914 1849 949 πρὸς
1862 913 1891 939 τὸ

1102 961 1268 996 ζητούμενον
1288 961 1338 997 τὴν
1363 961 1505 996 συνεργίαν
1521 969 1528 993 ;
1547 959 1639 987 Καίτοι
1659 960 1743 987 πολλὰ
1765 960 1812 986 καὶ
1838 959 1891 986 τῶν

1103 1006 1173 1034 κατὰ
1187 1007 1231 1033 τὸν
1244 1006 1299 1042 βίον
1319 1006 1525 1042 ὑποδειγμάτων
1599 1007 1724 1042 ἡμετέρῳ
1743 1006 1815 1040 λόγῳ
1832 1013 1893 1031 συν-

1103 1052 1274 1086 αγωνίζεται,
1282 1052 1352 1086 λέγω
1363 1052 1393 1078 δὲ
1403 1052 1457 1079 ἀπὸ
1472 1051 1525 1078 τῶν
1538 1053 1604 1079 πᾶσι
1618 1051 1763 1087 γνωρίμων
1780 1051 1814 1077 τὰ
1827 1051 1893 1077 ὑπο.

1103 1097 1245 1133 δείγματα.
1267 1097 1296 1124 '0
1310 1097 1358 1124 τοῦ
1376 1097 1461 1133 πυρὸς
1474 1097 1506 1124 τὸ
1520 1097 1578 1133 φῶς
1593 1097 1765 1132 τεθεαμένος,
1781 1098 1829 1123 καὶ
1845 1095 1894 1130 τῆς

1105 1142 1289 1178 θερμαντικῆς
1305 1142 1385 1169 αὒτοῦ
1414 1143 1554 1179 δυνάμεως
1578 1144 1619 1174 είς
1645 1144 1741 1178 πεῖραν
1757 1141 1855 1173 ἐλθὼν,
1870 1142 1893 1167 εἰ

1104 1188 1176 1224 ἄλλῳ
1186 1189 1298 1224 τοιούτῳ
1314 1189 1393 1223 φωτὶ,
1406 1189 1452 1215 καὶ
1467 1189 1612 1225 θερμότητι
1629 1189 1740 1225 τοιαύτῃ
1756 1188 1894 1219 πελάσειε.

1104 1234 1224 1270 δηλονότι
1243 1234 1311 1270 πρὸς
1328 1235 1377 1270 τὴν
1394 1234 1440 1262 τοῦ
1464 1234 1549 1270 πυρὸς
1573 1234 1676 1262 ἔννοιαν
1695 1234 1894 1270 ἁπαχθήσεται,

1105 1279 1138 1306 tu
1161 1279 1211 1314 τῆς
1227 1280 1383 1315 ὁμοιότητος
1408 1280 1462 1306 τῶν
1487 1279 1624 1315 φανέντων
1645 1278 1729 1314 αὐτῷ.
1752 1278 1822 1314 πρὸς
1845 1277 1895 1313 τὴν

1107 1324 1266 1359 συγγένειαν
1280 1326 1329 1360 τῆς
1345 1325 1575 1362 ἀπεργασαμένης
1593 1324 1663 1351 αὐτὰ
1678 1324 1786 1358 φύσεως
1801 1323 1896 1358 ἐναγό-

1109 1379 1188 1406 μενος
1198 1378 1205 1385 '
1226 1371 1256 1397 οὺ
1272 1371 1327 1406 γὰρ
1342 1371 1375 1398 ἄν
1391 1379 1417 1398 τι
1430 1371 1499 1398 κατὰ
1510 1371 1598 1399 πάντα
1614 1370 1648 1398 τὰ
1660 1370 1707 1397 τοῦ
1721 1370 1807 1406 πυρὸς
1821 1371 1897 1406 ὲνερο

1108 1418 1200 1452 γήσιιε
1217 1417 1254 1452 μιὴ
1273 1416 1328 1453 πῦρ
1338 1417 1368 1443 ὗν
1379 1426 1385 1433 '
1402 1417 1489 1449 οὕτως
1505 1417 1584 1453 αἵπερ
1602 1417 1693 1452 ὅμοιον
1713 1416 1761 1444 καὶ
1775 1414 1834 1442 ἴσον
1852 1415 1897 1442 τὸν

1109 1464 1190 1491 αὐτὸν
1206 1463 1255 1499 τῆς
1275 1463 1403 1500 προνοίας
1415 1463 1494 1497 λόγον
1513 1462 1552 1498 τῷ
1566 1471 1596 1489 τε
1613 1462 1702 1498 Πατρὶ
1723 1462 1770 1489 καὶ
1782 1460 1822 1496 τῷ
1841 1461 1898 1496 rte

273 1509 373 1535 tionem
400 1507 586 1541 agnoscimus;
614 1510 678 1533 tunc
695 1510 722 1533 et
742 1514 789 1541 per
800 1514 860 1538 res.
876 1514 936 1542 qua:
959 1507 986 1534 in
1007 1513 1053 1534 no-

1111 1508 1282 1545 καθορῶμεν,
1293 1508 1337 1535 διὰ
1350 1508 1403 1535 τῶν
1414 1509 1454 1540 εἰς
1461 1508 1511 1544 τὴν
1521 1507 1657 1543 ἡμετέραν
1671 1507 1771 1542 γνῶσιν
1787 1506 1899 1541 φθανόν-

273 1557 357 1581 stram
374 1552 579 1587 intelligentiam
599 1551 708 1583 cadunt,
725 1556 752 1579 et
764 1559 812 1586 per
823 1552 895 1585 illas,
907 1559 968 1587 quae
983 1560 1060 1580 eam-

273 1597 334 1625 dem
354 1601 492 1632 superant,
510 1597 675 1632 colligimus.
700 1596 727 1624 in
754 1597 788 1625 iis
813 1597 913 1632 quibus
940 1598 1060 1633 aequales

274 1651 387 1679 prorsus
401 1647 428 1671 el
443 1643 545 1671 similes
557 1648 621 1671 sunt
646 1643 780 1674 actiones,
803 1643 871 1670 nillil
890 1643 1061 1671 diversitatis

275 1690 303 1716 in
326 1693 422 1716 natura
444 1689 568 1724 reperiri.
593 1688 698 1716 Etenim
721 1689 950 1724 quemadmodum
967 1693 1061 1716 mutuo

276 1742 338 1762 sese
352 1734 452 1762 habent
468 1738 580 1762 externa
590 1734 724 1770 cujusque
734 1734 836 1761 iudicia
853 1743 859 1760 :
881 1734 922 1762 sic
937 1742 1063 1762 necessa-

277 1780 318 1807 rio
329 1780 410 1807 etiam
426 1787 487 1807 sese
501 1779 639 1807 habebunt
650 1787 681 1807 ea
693 1787 754 1815 quae
780 1780 918 1808 substrata
936 1785 1000 1808 sunt
1016 1784 1062 1814 ;et

277 1825 301 1853 si
315 1825 412 1853 iudicia
424 1824 475 1852 sibi
491 1825 627 1853 contraria
640 1830 713 1859 sunt,
725 1827 848 1860 sequitur
864 1833 895 1853 ea
909 1826 991 1853 etiam
1002 1834 1063 1861 qua!

277 1871 321 1899 liis
348 1871 421 1899 notis
444 1874 471 1898 et
494 1871 626 1906 symbolis
653 1871 796 1906 pateﬁunt.
817 1872 957 1899 contraria
986 1879 1059 1900 esse.

277 1917 353 1952 Quod
369 1918 392 1945 si
414 1917 471 1944 hate
487 1917 613 1944 similiter
628 1925 688 1945 sese
702 1917 814 1949 habent,
831 1925 919 1952 neque
936 1917 981 1944 illa
1004 1917 1062 1945 dis-

278 1962 405 1990 similiter
432 1969 493 1989 sese
512 1961 663 1990 habebunt.
696 1961 729 1989 Et
755 1963 984 1997 quemadmodum
1014 1970 1064 1997 per

277 2008 390 2043 enigma
404 2006 535 2035 Dominus
548 2008 597 2039 ait.
627 2007 733 2036 fruetus
759 2015 823 2036 esse
843 2009 920 2044 signa
947 2013 1062 2041 naturai,

278 2062 332 2089 qua
346 2053 456 2081 arbores
476 2058 613 2086 constant,
633 2054 712 2089 quasi
737 2055 795 2082 haec
815 2055 879 2082 talia
904 2059 1002 2090 praeter
1015 2063 1065 2082 na-

279 2103 367 2126 turam
380 2106 433 2126 non
448 2099 635 2132 immutentur,
651 2107 712 2128 cum
727 2108 814 2136 neque
827 2101 906 2128 malis
919 2101 1064 2129 arboribus

279 2143 342 2171 boni
356 2143 472 2175 fructus,
485 2151 574 2179 neque
584 2144 643 2172 vice
657 2152 736 2172 versa
749 2145 830 2173 bonis
844 2145 989 2174 arbaribus
1000 2147 1063 2174 mall

1110 1563 1174 1586 των,
1194 1553 1242 1581 καὶ
1264 1553 1318 1580 τῶν
1339 1553 1563 1589 ὕπερπιπτύντων
1585 1551 1635 1588 τὴν
1651 1551 1803 1586 κατάληψιν
1820 1551 1896 1586 ἡμῶν

1112 1599 1305 1635 στοχαζόμεθα,
1325 1599 1362 1632 ὡς
1377 1600 1427 1627 οὐχ
1440 1598 1473 1626 ἂν
1493 1598 1540 1625 τοῦ
1563 1598 1735 1634 ἑπρογενοῦς
1756 1598 1826 1624 κατὰ
1850 1597 1896 1632 τὴν

1112 1643 1191 1679 φύσιν
1203 1645 1259 1676 τοῖς
1271 1644 1337 1675 [σοις
1357 1644 1403 1671 καὶ
1416 1643 1520 1679 ὁμοίοις
1529 1643 1697 1679 ὲνεργήμασι
1714 1642 1898 1678 καταληφθένο

1111 1697 1166 1720 τος,
1183 1688 1234 1716 Καὶ
1250 1689 1304 1724 γὰρ
1317 1689 1391 1721 ὅπως
1410 1689 1442 1716 ἂν
1455 1689 1503 1725 ἔχῃ
1515 1689 1584 1725 πρὸς
1598 1689 1701 1725 ἄλληλα
1716 1688 1750 1715 τὰ
1766 1690 1898 1725 ἐπιφαινό-

1114 1743 1181 1770 μενα
1195 1735 1302 1770 ἑκάστῳ
1320 1735 1508 1770 γνωρίσματα,
1520 1735 1606 1767 οὕτως
1617 1735 1646 1769 ὲξ
1657 1735 1790 1770 ἀνάγκης,
1804 1736 1850 1762 καὶ
1865 1736 1896 1762 sit

1113 1780 1279 1816 ὑποκείμενα
1293 1780 1357 1813 ἕξει.
1368 1781 1422 1807 Καὶ
1434 1782 1456 1807 εί
1475 1781 1524 1817 μὲν
1535 1781 1664 1815 ἐναντίως
1678 1781 1734 1817 ἔχει
1750 1781 1783 1808 τὰ
1803 1781 1897 1816 γνωρί-

1114 1833 1214 1861 σματα,
1232 1826 1339 1853 ἐναντία
1358 1826 1410 1862 χρὴ
1426 1827 1535 1858 πάντως
1558 1826 1711 1860 λογίζεσθαι
1738 1827 1786 1853 καὶ
1801 1826 1836 1853 τὰ
1857 1826 1898 1853 διὰ

1112 1870 1213 1898 τούτων
1226 1871 1386 1906 δηλούμενα.
1400 1872 1432 1898 Et
1446 1871 1569 1898 δὲταῦτα
1579 1871 1721 1903 ὡσαύτως,
1734 1871 1795 1898 οὐδὲ
1810 1871 1899 1899 ἐκεῖνα

1113 1916 1224 1953 ἑτέρως.
1238 1917 1292 1944 Καὶ
1305 1917 1340 1944 δι’
1354 1917 1524 1952 αἰνίγματος,
1540 1917 1590 1953 τῆς
1599 1917 1654 1943 τῶν
1669 1917 1784 1953 δένδρων
1795 1917 1900 1951 φύσεως

1113 1964 1176 1995 τοὺς
1187 1965 1308 1999 καρποὺς
1318 1965 1332 1991 6
1345 1963 1446 1999 Κύριος
1461 1963 1530 1991 εἶναι
1546 1971 1611 2000 φησι
1625 1963 1660 1990 τὰ
1673 1965 1783 1999 σημεῖα,
1800 1963 1838 1995 ὡς
1851 1964 1901 1991 οὐκ

1114 2011 1354 2046 ἑπαλλασσομένων
1370 2012 1444 2047 παρὰ
1455 2011 1536 2047 φύσιν
1549 2011 1603 2038 τῶν
1619 2010 1757 2042 τοιούτων,
1768 2011 1829 2038 οὐδὲ
1846 2012 1902 2043 τοῖς

1114 2059 1208 2089 κακοῖς
1226 2055 1280 2084 τῶν
1291 2057 1411 2092 ἀγαθῶν,
1419 2057 1480 2084 οὐδὶ
1498 2056 1528 2083 τδ
1541 2056 1658 2092 ἔμπαλιν
1671 2058 1726 2088 τοῖς
1741 2057 1835 2089 καλοῖς
1848 2056 1902 2083 τῶν

1114 2102 1242 2129 ὶναντίων
1253 2101 1475 2137 ἐφαρμοζόντων⁸
1486 2101 1537 2129 Ἐκ
1548 2101 1601 2137 γὰρ
1612 2101 1672 2128 τῶν
1682 2101 1815 2136 καρπῶν,
1823 2102 1901 2137 φησὶ,

1115 2148 1152 2174 τὰ
1172 2146 1282 2181 δένδρα
1307 2146 1488 2182 γνωρίζεται·
1504 2146 1575 2174 οὕτω
1595 2147 1641 2173 καὶ
1658 2146 1704 2174 τοῦ
1723 2147 1832 2183 καρποῦ
1855 2147 1904 2182 τῆς

279 2189 386 2217 fructus
413 2193 584 2224 congruant;
619 2197 681 2217 nam
710 2197 743 2216 ex
780 2191 927 2225 fructibus,
958 2191 1053 2227 lnqull'

1118 2193 1244 2228 προνοίας
1258 2192 1384 2227 οὐδεμίαν
1406 2191 1513 2226 ἔχοντος
1526 2187 1679 2228 διαφορὰν,
1705 2192 1769 2228 μίαν
1796 2193 1904 2228 δρῶμεν

279 2235 386 2262 arbores
410 2239 603 2269 cognoscuntur
624 2235 647 2251 ³⁸
664 2242 673 2262 '.
701 2237 744 2264 sic
766 2244 828 2264 cum
845 2237 872 2264 in
888 2238 1056 2272 providentia

1117 2239 1164 2266 καὶ
1176 2239 1226 2274 τὴν
1239 2239 1302 2270 τοὺς
1318 2239 1439 2274 καρποὺς
1450 2238 1560 2270 τούτους
1570 2239 1794 2275 ὲκσλαστήσασαν
1807 2240 1904 2275 φύσιν

279 2279 369 2307 fructu
383 2280 455 2307 nulla
467 2281 574 2315 penitus
583 2280 736 2309 diﬂerentia
750 2287 891 2317 appareat.
906 2284 968 2318 jure
980 2292 1056 2312 unam

1117 2285 1169 2312 κᾶν
1182 2286 1214 2312 ἐκ
1229 2279 1384 2321 atatispr
1394 2283 1498 2320 καρπὸς
1515 2284 1568 2310 τῶν
1578 2283 1691 2319 δένδρων
1707 2285 1905 2320 προϐάλληται.

281 2333 390 2361 quoque
413 2330 548 2358 naturam,
568 2326 617 2354 hos
635 2326 740 2355 fructus
754 2327 936 2363 prolerentem
952 2330 1065 2358 conﬁte—

282 2380 344 2399 mur
360 2381 367 2398 :
382 2371 487 2399 etiamsi
510 2379 540 2398 cx
564 2371 703 2400 distinctis
722 2381 838 2401 numero
853 2374 996 2403 arboribus
1009 2375 1068 2403 fru—

282 2421 343 2444 ctus
356 2421 578 2451 progenerentur.
592 2416 674 2452 Igitur
687 2425 735 2452 per
750 2425 781 2445 ea
792 2425 852 2453 quae
865 2420 944 2447 nobis
959 2421 1068 2456 cognita

283 2466 347 2488 sunt
364 2461 480 2496 (cognita
505 2465 594 2488 autem
617 2463 696 2490 nobis
721 2468 764 2491 est
786 2465 964 2499 providentia:
985 2468 1068 2500 ratio,

284 2506 408 2533 similiter
425 2505 497 2533 Patri
510 2511 536 2534 et
550 2505 620 2533 Filio
632 2509 813 2544 competens).
829 2515 906 2538 extra
918 2511 1068 2539 dubitatio-

285 2557 345 2578 nem
379 2550 543 2585 relinquitur
569 2558 678 2586 quoque
711 2558 814 2582 naturae
841 2555 1011 2589 similitudo,
1039 2561 1066 2585 et

282 2595 438 2623 communio
456 2594 594 2630 Unigeniti
619 2605 680 2624 cum
695 2597 784 2632 Patre,
799 2604 892 2635 utpote
911 2609 944 2628 ex
968 2602 1064 2630 iisdem

283 2641 458 2677 providentiae
473 2641 606 2671 fructibus
618 2644 802 2673 manifestata.

316 2685 428 2718 Verum,
442 2693 476 2714 ne
495 2687 547 2714 hoc
561 2688 701 2724 cogitetur,
718 2691 839 2718 occurrit
859 2691 1007 2720 Eunomius
1021 2693 1065 2720 di-

282 2731 392 2764 ctitans,
408 2739 438 2760 se
453 2733 613 2762 necessitate
628 2735 745 2770 quadam
761 2741 884 2765 coactum
898 2738 1064 2768 abstinuisse

318 2824 340 2841 ³³
360 2825 453 2854 Matth.
482 2834 529 2858 vn,
553 2826 594 2853 l8.

1119 2330 1224 2358 Οὐκοῦν
1248 2331 1292 2358 διὰ
1314 2330 1368 2357 τῶν
1381 2331 1413 2366 τῇ
1442 2331 1564 2367 ἡμετέρᾳ
1588 2331 1739 2366 κατα).ήψει
1760 2331 1906 2366 γνωρίμων

1119 2377 1129 2413 (
1139 2377 1275 2412 γνώριμος
1288 2376 1316 2403 δὲ
1329 2377 1394 2412 ἡμῖν
1409 2377 1468 2403 ἐστι
1483 2377 1531 2412 τῆς
1543 2377 1669 2412 προνοίας
1682 2377 1696 2402 ὁ
1712 2377 1800 2411 λόγος,
1817 2377 1906 2404 ὡσαύ-

1117 2431 1171 2454 τως
1192 2423 1238 2449 ἐπὶ
1254 2423 1361 2458 Πατρός
1377 2431 1406 2449 τε
1422 2423 1468 2449 καὶ
1483 2422 1547 2449 Υίοῦ
1570 2422 1777 2458 θεωρούμενος)
1788 2424 1907 2458 ἀναμςί-

1118 2467 1194 2500 δολος
1218 2469 1332 2503 γίνεται,
1349 2469 1425 2504 καὶὴ
1441 2469 1511 2496 κατὰ
1532 2467 1582 2504 τὴν
1600 2469 1680 2503 φύσιν
1704 2468 1843 2504 ὁμοιότης,
1862 2469 1906 2496 καὶ

1118 2512 1243 2539 κοινωνία
1267 2512 1314 2539 τοῦ
1342 2512 1514 2546 Μονογενοῦς
1538 2513 1607 2547 πρὶς
1634 2512 1680 2539 τὸν
1708 2512 1821 2549 Πατέρα
1835 2533 1843 2545 ,
1866 2514 1907 2540 5-.‘1

1118 2558 1168 2593 τῆς
1190 2558 1353 2594 ταυτόητος
1372 2558 1426 2585 τῶν
1441 2559 1553 2594 καρπῶν
1571 2558 1620 2594 τῆς
1631 2559 1761 2594 προνοίας
1776 2558 1906 2595 γνωριζο-

1120 2604 1186 2640 μένη
1191 2623 1197 2630 .

1160 2693 1230 2720 Ἀλλ’
1252 2693 1295 2720 ἴνα
1317 2694 1355 2730 μὴ
1377 2693 1455 2722 τοῦτο
1478 2693 1572 2730 νοηθῇ,
1587 2694 1625 2726 ὡς
1647 2694 1677 2726 ἐξ
1698 2693 1825 2728 ἀνάγκης
1839 2694 1907 2725 τινος

1119 2738 1250 2774 βιασθεὶς,
1264 2739 1415 2774 ἀποστῆναι
1435 2739 1484 2775 μὲν
1499 2739 1571 2774 λέγει
1588 2738 1641 2766 τῶν
1661 2738 1712 2775 τῆς
1724 2738 1853 2776 προνοίας
1865 2738 1907 2773 ἔρ-
