1957 3079
64 135 114 164 589

664 128 802 158 CONTRA
817 127 1010 162 EUNOMIUM,
1027 127 1089 155 LIB.
1106 126 1126 154 l.

1638 125 1691 154 390

64 204 132 230 γων,
151 191 305 228 ἀναχθῆναι
322 191 350 218 δὲ
367 192 414 218 ἐπὶ
430 190 475 217 τὸν
501 191 550 225 τῆς
576 190 725 224 γεννήσεως
737 190 856 224 ⁴¹τρόπον,

922 207 924 215 ι
942 185 1118 223 providentia:
1147 184 1288 220 operibus,
1305 183 1338 211 ad
1361 181 1545 219 generationis
1556 190 1621 217 vero
1632 191 1692 212 mo-

66 241 115 267 διὰ
127 239 160 267 τὸ
174 237 363 269 ἀκολουθεῖν,
375 237 451 271 φησὶ,
461 235 500 269 τῷ
515 235 570 270 τῆς
583 234 751 270 γεννήσεως
762 235 859 268 τρόπῳ

65 286 119 314 τὸν
146 286 259 320 τρόπον
273 283 329 318 τῆς
353 284 534 317 ὁμοιότητος.
556 282 588 308 Ὢ
605 281 655 316 τῆς
669 281 791 316 ἀνάγκης
804 281 858 307 τῶν

67 331 250 364 ἀποδείξεωνῑ
270 329 314 361 Ὡς
335 329 427 364 βιαίως
446 329 518 363 ἡμᾶς
533 328 549 362 ή
566 327 708 362 περιουσία
720 327 768 362 τῆς
779 327 808 353 ὲν
820 326 859 361 τῷ

68 378 158 411 λέγειν
173 377 272 412 τέχνης
296 373 495 408 καταναγκάξει
511 375 568 405 τοῖς
587 373 740 409 εἰρημένοις
770 372 859 399 συντί-

69 423 164 450 θεσθαι
181 423 190 450 i
208 421 375 449 Ἀκολουθείν
392 421 465 454 λέγει
483 419 520 455 τῷ
536 419 628 455 τρόπῳ
640 419 688 454 τῆς
708 419 859 454 γεννήσεως

71 470 114 497 τὸν
134 470 235 505 τρόπον
260 469 310 504 τῆς
331 467 497 503 ὁμοιότητος.
520 466 601 492 Ὅσον
623 465 653 492 τὺ
674 465 795 500 τεχνικὸν
814 464 861 490 καὶ

70 514 308 551 περιεσκεμμένον
322 513 371 548 τῆς
395 511 574 547 ἀποφάσεωςί
595 511 699 538 Οὐκοῦν
712 510 745 537 ἂν
760 518 860 545 γνωρι-

74 563 151 598 σθείη
174 562 274 597 τρόπος
291 560 459 595 γεννήσεως,
475 558 668 593 συναπεδείχοη
685 556 771 592 τούτῳ
787 557 834 583 καὶ
848 557 862 582 ό

73 609 173 644 τρόπος
188 608 237 642 τῆς
252 605 421 642 ὁμοιότητος.
442 604 550 639 Ἐπειδὴ
564 603 653 630 τοίνυν
671 602 725 630 τῶν
739 602 785 629 διὰ
800 610 864 637 σαρ-

74 655 119 685 xli;
134 652 302 688 τικτομένων
315 651 392 683 ζώων
405 651 522 681 πάντων,
537 650 554 685 ἢ
566 649 620 676 τῶν
635 649 778 679 πλείστων,
789 649 804 674 ό
814 648 864 674 αὐ-

74 700 117 731 τός
142 700 201 724 ἐστι
222 698 271 732 τῆς
296 696 448 731 γεννήσεως
468 694 584 730 τρόπος,
599 693 739 720 ἀκολουθεῖ
758 692 786 719 δὲ
803 691 862 719 κατ’

76 746 174 777 αὐτοὺς
185 743 224 779 τῷ
239 743 332 778 τρόπῳ
344 743 392 777 τῆς
402 742 553 776 γεννήσεως
566 741 579 766 ό
594 740 693 776 τρόπος
708 739 757 774 τῆς
772 737 863 773 ὁμοιό-

75 799 167 826 τητος,
181 790 270 816 πάντα
282 788 316 814 τὰ
331 788 401 814 κατὰ
423 787 468 813 τὸν
488 786 568 814 αὑτὸν
589 786 690 821 τρόπον
706 784 863 818 τικτόμενα,

76 837 176 872 ὁμοίως
189 835 245 868 ἕξει
265 835 373 866 πάντως
392 833 460 869 πρὸς
474 833 508 859 τὰ
524 832 624 868 ὁμοίως
650 830 815 866 γεννώμενα.
832 829 863 856 Et

77 881 122 910 οὖν
139 882 153 908 ό
175 881 224 916 τῆς
249 880 401 915 γεννήσεως
426 878 526 914 τρόπος
542 899 549 910 ,
568 877 658 908 καθώς
682 884 763 912 φησιν
778 875 793 901 ό
817 875 865 910 τῆς

79 928 211 964 αἱρέσεως
224 927 313 961 λόγος,
327 925 418 961 ἑαυτῷ
443 925 474 951 τὸ
496 924 655 959 τικτόμενον
671 923 774 958 ὁμοιοῖ·
790 919 867 952 οὗτος

77 975 105 1002 δὲ
117 974 178 1000 κατ’
196 973 272 1000 οὐδὲν
289 973 318 999 ὲν
331 973 389 1004 ταῖς
407 971 541 1002 ποικίλαις
561 970 614 997 τῶν
633 969 710 1001 ζώων
728 968 867 1003 διαφοραῖς

79 1018 249 1051 ἀλλοιοῦται,
271 1017 329 1045 ἀλλ’
350 1018 365 1044 ό
380 1017 460 1047 αὐτὸς
481 1016 527 1043 επὶ
541 1015 594 1043 τῶν
619 1015 752 1042 πλείστων
775 1013 866 1041 ἐστίν’

79 1068 257 1103 εὑρεθήσεται
268 1068 285 1102 ἡ
297 1065 411 1093 καθόλου
423 1065 471 1092 καὶ
481 1065 542 1099 δίχα
554 1064 626 1096 τινὸς
639 1061 781 1099 διορισμοῦ
792 1070 868 1096 γενο-

83 1113 149 1148 μένη
165 1112 304 1146 ἀπόφασις
316 1131 324 1143 ,
339 1111 428 1138 πάντα
449 1110 574 1145 ἀλλήλοις
598 1110 679 1146 ὅμοια
697 1107 869 1136 κατασκευά-

82 1159 164 1190 ζουσα
177 1157 223 1184 διὰ
237 1157 267 1184 τδ
280 1158 329 1192 τῆς
344 1157 496 1192 γεννήσεως
508 1156 610 1191 ὅμοιον⁷
625 1154 776 1190 ἄνθρωπον,
789 1154 868 1186 κύνα,

83 1205 216 1240 κάμηλον,
227 1204 289 1240 μῦν,
298 1203 440 1237 ἐλέφαντα,
452 1201 593 1237 πάρδαλιν,
601 1202 648 1227 καὶ
655 1200 689 1227 τὰ
696 1200 762 1228 ἄλλα
770 1200 868 1232 πάντα,

83 1252 131 1277 ὅσα.
149 1250 220 1276 κατὰ
246 1249 292 1276 τὸν
318 1249 409 1284 ὅμοιον
424 1247 523 1283 τρόπον
546 1246 684 1273 τίκτεσθαι
708 1244 868 1279 πέφυχεν·ἢ

83 1297 132 1323 οὐκ
143 1295 269 1330 ἀλλήλοις
279 1294 362 1330 φησὶν
374 1294 453 1329 ὅμοια
463 1293 498 1319 τὰ
510 1292 705 1327 παραπλησίως
711 1291 868 1326 τικτόμενα,

85 1342 141 1369 ἀλλ’
156 1341 273 1367 ἕκαστον
289 1339 386 1373 ἐκείνῳ
402 1338 484 1373 μόνῳ,
505 1335 605 1373 παρ’οὗ
618 1337 667 1372 τὴν
683 1336 789 1371 γένεσιν
802 1335 872 1371 lxii;

92 1387 160 1413 Ἀλλ’
178 1387 204 1412 εί
222 1385 302 1412 τοῦτο
327 1384 416 1418 λέγειν
430 1383 570 1415 ἐϐούλετο,
587 1383 626 1418 τῷ
645 1383 762 1410 τίκτοντι
780 1383 871 1417 ὅμοιον

86 1434 138 1459 ἔδει
155 1432 186 1459 τὸ
205 1431 364 1466 τικτόμενον
381 1429 580 1465 ἀποφήνασθαι,
592 1429 652 1464 οὐχὶ
665 1429 758 1464 τρόπῳ
775 1428 870 1462 γεννή-

88 1487 154 1510 σεως
169 1477 329 1513 ὁμοιότητος
341 1476 451 1512 τρόπον.
473 1475 543 1502 Ἀλλ’
562 1474 576 1501 ὃ
593 1474 642 1510 μὲν
656 1474 728 1506 εἰκός
741 1474 810 1505 ἐστι,
824 1473 871 1499 καὶ

909 233 973 260 dum
986 233 1112 260 adactum
1121 238 1192 262 esse,
1205 230 1316 265 quod,nt
1330 229 1376 260 ait,
1392 228 1426 256 ad
1441 229 1617 265 generationis
1634 238 1693 257 mo-

909 279 971 306 dum
991 282 1115 313 sequatur
1136 276 1227 303 modus
1243 275 1434 303 similitudinis.
1448 275 1471 302 0
1490 275 1692 303 ineluctabile!“

909 323 1172 351 dcmonstrationum
1185 322 1373 349 necessitatem
1385 321 1392 348 !
1402 320 1488 354 Quam
1501 321 1632 348 violenter
1643 328 1694 348 nos

910 368 1017 396 dicendi
1036 367 1130 404 propin
1147 366 1230 401 cogit,
1247 370 1276 392 ut
1295 365 1339 396 iis,
1357 373 1417 400 quae
1439 365 1567 397 asseruit,
1591 365 1693 400 astipu-

910 414 999 442 Iemur
1014 415 1019 440 l
1037 413 1173 447 Consequi
1194 412 1230 438 ait
1242 411 1275 438 ad
1293 411 1474 446 generationis
1494 411 1616 443 modum,
1635 419 1695 438 mo-

911 459 974 487 dum
991 466 1101 494 quoque
1126 457 1325 486 similitudinis.
1344 457 1480 490 Quantum
1507 458 1574 485 actis
1600 462 1627 485 et
1643 458 1697 485 cir-

911 505 1124 540 cumspectionis
1138 504 1166 530 in
1196 503 1248 530 hac
1271 503 1422 530 assertione
1440 503 1531 530 inestl
1562 503 1645 538 Igitur
1672 504 1696 531 si

911 550 1087 586 cognoscitur
1102 550 1199 577 modus
1221 548 1415 584 generationis,
1437 547 1518 575 simul
1542 548 1622 576 etiam
1650 549 1698 576 de-

912 601 1082 625 monstralus
1107 596 1158 623 erit
1179 595 1275 622 modus
1307 593 1505 622 similitudinis.
1535 594 1602 621 Cum
1634 603 1698 630 ergo

912 649 1009 670 eorum
1022 649 1083 677 qua
1108 648 1156 676 per
1179 647 1288 667 carnem
1309 643 1485 674 generantur,
1505 640 1625 666 omnium
1642 640 1700 666 ani-

913 688 1035 719 malium,
1051 687 1092 714 vel
1108 691 1181 713 certe
1201 685 1392 720 plurimorum,
1408 685 1478 712 idem
1495 685 1531 712 sit
1550 686 1701 719 generatio-

914 734 957 761 nis
974 733 1080 764 modns,
1098 731 1218 767 ipsorum
1234 734 1323 757 autem
1341 729 1444 765 judicio
1466 730 1498 757 ad
1516 731 1699 766 generationis

914 778 1023 806 modum
1043 781 1172 812 sequatur
1198 775 1296 803 modus
1318 775 1514 808 similitudinis,
1540 780 1656 810 oportet,
1671 780 1700 803 ut

914 824 1014 856 omnia,
1030 831 1090 858 qua:
1103 822 1197 850 eodem
1218 821 1299 849 modo
1313 826 1490 856 progenerata
1510 826 1586 854 sunt,
1606 822 1701 850 eodem

917 872 998 899 modo
1020 871 1052 897 ad
1078 870 1204 897 similiter
1235 869 1375 904 progenita
1396 877 1456 896 sese
1483 869 1621 902 habeant;
1643 876 1703 903 qua:

917 918 989 946 enim
1005 917 1091 945 eidem
1107 915 1206 943 similia
1229 919 1303 946 sunt,
1322 915 1392 942 inter
1422 923 1451 942 se
1469 922 1579 950 quoque
1604 915 1703 942 similia

918 967 991 991 sunt.
1014 963 1041 990 Si
1058 962 1139 997 igitur
1159 961 1256 988 modus
1280 961 1482 996 generationis,
1499 965 1529 988 ut
1558 960 1703 988 hareticus

918 1009 1070 1040 contendit,
1084 1008 1135 1036 sibi
1148 1007 1174 1034 id
1190 1006 1262 1042 quod
1275 1010 1430 1041 generatur.
1442 1006 1531 1033 simile
1546 1006 1643 1039 reddit,
1660 1005 1704 1032 hic

919 1060 1008 1083 autem
1024 1054 1120 1081 modus
1147 1054 1175 1080 in
1201 1053 1285 1080 variis
1312 1052 1476 1079 animalibus
1503 1059 1616 1087 prorsus
1636 1051 1704 1079 nihil

919 1103 1049 1130 mutatur,
1068 1098 1115 1126 sed
1132 1098 1201 1125 idem
1214 1105 1327 1132 prorsus
1352 1097 1380 1124 in
1395 1097 1584 1132 compluribus
1598 1096 1706 1123 inveni-

919 1149 1106 1172 turznecesse
1118 1145 1172 1174 est.
1200 1147 1229 1170 ut
1254 1150 1286 1169 ex
1314 1142 1461 1169 universali
1478 1146 1504 1169 et
1527 1142 1629 1177 absque
1650 1141 1705 1168 ulla

919 1191 1106 1222 distinctione,
1122 1190 1227 1225 prolata
1254 1190 1444 1217 enuntiatione
1467 1194 1579 1224 propter
1596 1197 1708 1224 genera-

919 1237 1003 1265 tionis
1014 1235 1223 1264 similitudinem
1242 1235 1340 1262 similia
1354 1235 1419 1262 liant
1442 1234 1534 1267 homo,
1557 1234 1644 1267 canis,
1660 1241 1707 1261 ca-

919 1283 1016 1312 melus.
1032 1289 1102 1314 mus.
1119 1281 1239 1316 elephas,
1257 1281 1386 1315 parilalis.
1407 1285 1434 1307 et
1456 1280 1509 1306 alia
1528 1280 1631 1312 omnia,
1646 1287 1707 1314 qiue

920 1327 1002 1355 simili
1027 1327 1107 1354 modo
1135 1327 1308 1362 progenerari
1337 1329 1550 1353 consueverunt.
1577 1326 1619 1352 An
1648 1326 1707 1352 vult

921 1373 972 1401 sibi
993 1378 1087 1400 mutuo
1101 1380 1156 1400 non
1167 1379 1227 1400 esse
1250 1371 1361 1404 similia,
1374 1379 1434 1406 qua:
1450 1371 1573 1399 similiter
1589 1371 1707 1406 gignun-

921 1423 975 1450 tur,
990 1418 1038 1446 sed
1055 1418 1197 1453 quodlibet
1211 1417 1250 1444 illi
1267 1418 1328 1449 soli,
1339 1425 1353 1443 a
1367 1425 1422 1452 quo
1433 1417 1616 1453 generationis
1632 1418 1708 1452 prin-

921 1465 1021 1499 cipium
1039 1464 1136 1491 ducit?
1150 1464 1186 1490 At
1203 1463 1226 1490 si
1255 1463 1305 1489 hoc
1332 1463 1450 1495 volebat,
1471 1463 1615 1490 dicendum
1638 1467 1707 1496 erat,

86 1509 157 1558 ὲντῇ
178 1509 259 1557 etiam
277 1509 430 1557 θεωρεῖται,
445 1521 475 1548 τδ
493 1521 647 1556 όμοιογενὲς
667 1518 734 1546 εἶναι
750 1518 788 1554 τῷ
810 1527 871 1553 γεν-

922 1511 1062 1546 generanli
1077 1513 1233 1545 generatum
1250 1516 1312 1536 esse
1322 1509 1410 1536 simile
1429 1518 1436 1535 :
1455 1517 1509 1536 non
1525 1513 1614 1536 autem
1629 1509 1709 1536 modo

86 1568 166 1594 νῶντι
191 1567 223 1594 τὸ
240 1566 419 1602 γεννώμενον,
434 1565 513 1592 τοῦτο
536 1566 566 1591 οὑ
582 1565 704 1600 δέχεται,
725 1564 763 1595 ὼς
785 1564 817 1590 ἂν
836 1563 872 1599 μὴ

85 1612 242 1639 τούναντίον
265 1612 340 1647 αὐτῷ
357 1610 538 1647 περιτραπείη
553 1611 584 1636 τὸ
601 1609 824 1644 κατασκεύασμα.
844 1610 873 1635 Εἰ

87 1659 141 1693 γὰρ
156 1657 196 1693 τῷ
210 1657 340 1692 γεννῶντι
355 1656 386 1683 es
402 1656 559 1691 τικτόμενον
571 1656 661 1690 ὅμοιον
674 1654 759 1688 ἔλεγε,
773 1654 875 1690 φροῦδα

87 1703 176 1731 πάντα
188 1723 196 1734 ,
225 1703 274 1730 καὶ
288 1702 459 1729 ἀνυπόστατα
475 1700 509 1727 τὰ
530 1700 680 1735 φιλοπόνως
694 1699 768 1734 αὐτῷ
782 1707 875 1725 συντε-

87 1750 169 1777 θέντα
184 1748 250 1784 περὶ
274 1749 325 1780 τῆς
349 1747 538 1784 ἀνομοιότητος
561 1746 614 1773 τῶν
633 1745 730 1773 οὐσιῶν
752 1745 875 1781 ἀπηλέγ-

87 1804 159 1833 χετο.

124 1919 192 1945 Νυνὶ
216 1917 246 1944 δὲ
273 1917 367 1952 τρόπῳ
390 1916 541 1952 γεννήσεως
564 1914 664 1950 τρόπον
688 1914 770 1949 φησὶν
792 1913 878 1949 ὁμοιό-

89 1973 168 2000 τητος
184 1963 300 1990 ἔπεσθαι
310 1970 317 1978 '
335 1962 414 1990 τοῦτο
435 1962 463 1989 δὲ
477 1963 533 1994 τοῖς
556 1961 676 1997 ἀκριϐῶς
688 1961 878 1996 ἐπισταμένοις

89 2010 228 2044 ἐξετάζειν
244 2009 348 2040 ἐννοίας
361 2008 450 2042 λόγον,
467 2007 623 2043 ἀδίανόητον
645 2006 784 2039 παντελῶς
801 2007 878 2043 εὑρε-

90 2057 215 2091 θήσεται.
230 2055 263 2082 Τί
280 2055 335 2090 γὰρ
351 2054 391 2081 δεῖ
410 2053 504 2090 νοῆσαι
520 2054 671 2090 γεννήσεως
687 2053 785 2089 τρόπον
798 2053 881 2080 ἀκού-

91 2110 198 2133 σαντες,
216 2101 288 2127 πάνυ
303 2099 356 2127 τῶν
376 2099 485 2135 ἀπόρων
499 2099 565 2126 ἐστί.
592 2099 629 2125 Τὸ
645 2099 735 2134 σχῆμα
757 2097 804 2125 τοῦ
817 2099 881 2125 ἀπο-

90 2148 229 2178 τίκτοντος
256 2145 341 2180 λέγει,
360 2145 377 2181 ἢ
399 2145 452 2179 ’τὴν
480 2144 584 2180 ὁρμὴν,
599 2144 615 2180 ἢ
632 2144 681 2180 τὴν
708 2144 837 2175 διάθεσιν,
861 2143 878 2178 ἢ

923 1555 1107 1591 generationis
1133 1554 1243 1581 modum
1271 1553 1469 1581 similitudinis.
1492 1554 1545 1582 Sed
1571 1562 1659 1589 neque
1682 1554 1709 1581 id

923 1601 1044 1636 quidem,
1061 1600 1134 1635 quod
1158 1600 1308 1628 verisimile
1327 1603 1379 1632 est,
1399 1604 1426 1627 et
1443 1600 1470 1627 in
1494 1608 1584 1627 rerum
1611 1604 1710 1628 natura

923 1646 1070 1681 reperitur,
1086 1645 1226 1681 generanti
1244 1645 1334 1672 simile
1347 1653 1407 1673 esse
1421 1647 1541 1680 genitum
1554 1665 1562 1677 ,
1578 1646 1614 1673 ita
1634 1655 1712 1681 com-

924 1693 1067 1728 probatur.
1085 1695 1114 1718 ut
1130 1692 1299 1719 contrarium
1321 1692 1479 1727 contingere
1501 1697 1626 1727 nequeat.
1643 1692 1709 1720 Nam

924 1739 947 1766 si
963 1738 1112 1773 generatim
1124 1738 1162 1771 id,
1180 1738 1250 1773 quod
1266 1742 1424 1773 generatum
1440 1742 1494 1769 est.
1519 1740 1659 1773 generanti
1678 1740 1712 1767 si-

926 1784 992 1812 mile
1004 1784 1174 1819 perhibetur,
1192 1783 1338 1812 concidant
1358 1787 1462 1819 oportet
1476 1785 1567 1812 omnia
1584 1785 1640 1817 illa,
1652 1793 1712 1820 qure

926 1835 981 1857 tam
1001 1830 1122 1858 studiose
1136 1829 1170 1858 de
1183 1829 1396 1858 substantiarum
1413 1829 1635 1859 dissimilitudine
1656 1831 1714 1859 dis-

927 1876 1023 1903 seruit.

961 1919 1041 1947 Nune
1067 1923 1157 1947 autem
1180 1919 1215 1947 ad
1231 1919 1414 1955 generationis
1440 1918 1549 1946 modum
1571 1923 1609 1946 ait
1635 1927 1712 1956 sequi

927 1966 1039 1993 modum
1054 1965 1250 1993 similitudinis.
1263 1965 1304 1992 An
1329 1972 1384 1992 non
1408 1964 1460 1992 hoc
1473 1965 1507 1992 iis
1525 1965 1571 2000 qui
1586 1971 1713 1994 accurate

928 2018 1019 2038 rerum
1030 2010 1151 2037 rationes
1175 2009 1294 2037 scrutari
1313 2008 1478 2040 didicerunt,
1503 2009 1593 2044 primo
1619 2011 1711 2038 statim

929 2056 1028 2084 intuitu
1039 2054 1173 2091 ejusmodi
1199 2054 1349 2090 apparebit,
1363 2055 1437 2089 quod
1462 2055 1571 2088 penitus
1598 2055 1712 2091 intelligi

929 2102 1063 2137 nequeat?
1073 2101 1140 2128 Nam
1153 2100 1220 2136 quid
1231 2094 1503 2135 concipiendum'sit.
1517 2101 1540 2128 si
1558 2102 1711 2136 generatio-

930 2148 974 2176 nis
987 2145 1096 2175 modum
1113 2146 1219 2178 audias,
1237 2146 1382 2173 admodum
1399 2150 1473 2174 eerte
1488 2147 1644 2181 perplexum
1659 2152 1712 2176 est.

89 2194 181 2224 τόπον,
195 2192 212 2228 ἢ
226 2191 322 2227 χρόνον
332 2211 339 2223 ,
352 2191 369 2227 ἢ
387 2190 416 2217 τὸ
432 2190 475 2217 διὰ
497 2190 652 2226 συλλήψεως
668 2189 834 2217 τελειοῦσθαι
848 2189 871 2215 τί

929 2193 999 2220 Num
1020 2193 1069 2220 hac
1095 2193 1231 2220 locutione
1259 2192 1372 2226 ﬁguram
1392 2193 1549 2226 generantis
1576 2193 1712 2228 intelligit,

91 2238 224 2273 ἓμόρυον,
239 2237 256 2272 ἦ
267 2236 357 2263 αὐτῶν
373 2235 426 2262 τῶν
443 2235 608 2271 γεννητικῶν
623 2235 758 2271 μέμνηται
773 2235 864 2262 τόπων
870 2243 880 2267 ;

91 2283 210 2318 ᾖταῦτα
231 2282 281 2317 μὲν
297 2281 366 2316 οὐχὶ,
383 2281 475 2318 ἕτερον
490 2281 518 2308 δὲ
533 2281 587 2308 τῶν
601 2281 671 2308 κατὰ
689 2281 738 2316 τὴν
757 2281 880 2316 γέννησιν

92 2327 292 2364 θεωρουμένων
309 2327 382 2361 λέγει
400 2336 407 2361 ;
425 2327 472 2354 καὶ
492 2327 551 2359 πῶς
569 2328 602 2354 ἂν
621 2327 750 2363 μάθωμεν
762 2327 792 2354 το
806 2327 881 2361 λεγό-

94 2383 189 2408 μενον;
203 2373 241 2399 Τὸ
257 2372 430 2409 γὰρ.ἇκυρον
450 2373 497 2400 καὶ
518 2374 671 2409 ἀσήμαντον
690 2373 739 2408 τῆς
755 2372 800 2399 τοῦ
813 2372 880 2406 τρό-

93 2427 153 2446 που
169 2418 286 2450 λέξεως,
304 2417 487 2450 ὲπιδιστάζειν
503 2419 576 2454 ἡμᾶς
599 2419 653 2450 τοῖς
674 2417 882 2454 σημαινομένοις

93 2464 313 2499 παρασκευάζει,
328 2464 426 2500 ἐπίσης
451 2465 558 2491 πάντων
579 2465 638 2496 ταῖς
660 2463 797 2495 ὑπονοίαις
817 2463 882 2490 ὑπο-

93 2510 261 2542 πιπτόντων,
275 2510 323 2536 καὶ
350 2510 410 2536 κατ’
431 2508 489 2536 ἴσον
506 2509 620 2536 ἑκάστου
645 2509 675 2536 τὸ
699 2509 882 2544 ἁσυνάρτητον

93 2556 161 2591 πρὸς
178 2556 209 2582 τὸ
223 2556 405 2591 προκείμενον
418 2555 546 2591 ἑχόντων·
557 2555 685 2586 ὡσαύτως
701 2555 728 2582 δὲ
746 2555 792 2582 καὶ
804 2555 818 2581 ὃ
831 2564 883 2590 φη-

93 2608 142 2632 σιν,
151 2600 330 2634 ὁμοιότητος
338 2601 459 2634 τρόπου,
466 2600 566 2627 οὑτωσὶ
576 2598 732 2634 λεγόμενον,
746 2598 882 2633 ἀλλότριον

93 2647 184 2680 πάσης
196 2644 318 2676 διανοίας
329 2644 493 2678 ὑπονοοῦμεν
505 2644 573 2680 πρὸς
587 2643 621 2671 τὰ
634 2643 819 2679 ὑποδείγματα
829 2644 882 2671 τῶν

92 2692 133 2718 διὰ
145 2691 197 2726 τῆς
214 2689 361 2725 συνηθείας
378 2689 521 2725 γνωρίμων
538 2689 764 2720 ἀποσκοποῦντες.
776 2689 812 2716 Οὐ
828 2689 882 2724 γὰρ

93 2737 121 2763 τὸ
140 2736 236 2772 εἶδοςῆ
256 2736 304 2762 τὸν
322 2735 423 2771 τρόπον
445 2734 491 2761 τοῦ
507 2735 597 2765 τόκου,
616 2735 662 2762 καὶ
674 2735 703 2761 τὺ
717 2734 882 2770 γεννώμενον

93 2782 278 2816 ὁμοιοῦται-ὁ
300 2781 351 2816 μὲν
382 2781 436 2816 γὰρ
459 2781 537 2812 τόκος
566 2781 611 2806 ἐπὶ
636 2781 685 2815 τῆς
709 2780 752 2807 διὰ
783 2779 882 2814 σαρκὸς

95 2831 246 2865 γεννήτεως
260 2849 267 2861 ,
285 2826 412 2862 σώματός
438 2827 494 2852 ἐστι
517 2826 641 2862 διαστολὴ
656 2847 663 2859 ,
683 2827 712 2853 τὺ
742 2825 881 2852 τελειωθὲν

930 2246 995 2266 num
1019 2238 1160 2273 impetum.
1186 2245 1250 2264 num
1275 2236 1494 2271 dispositionem,
1526 2245 1589 2264 num
1614 2238 1714 2269 locum,

930 2291 995 2312 num
1026 2283 1154 2318 tempus?
1178 2283 1220 2309 An
1251 2282 1407 2318 embryonis
1436 2290 1483 2317 per
1512 2284 1715 2318 conceptionem

932 2330 1173 2365 complementum.
1189 2336 1223 2356 an
1250 2328 1308 2363 ipsa
1326 2328 1496 2362 generationi
1517 2329 1653 2356 destinata
1670 2336 1714 2357 re-

931 2375 1081 2410 ceptacula,
1106 2382 1141 2402 an
1165 2374 1261 2401 horum
1287 2373 1365 2406 nihil,
1385 2374 1459 2401 aliud
1487 2382 1551 2401 vero
1576 2375 1716 2409 quidpiam

932 2427 1039 2450 eorum,
1054 2427 1114 2454 qua;
1133 2426 1195 2446 cum
1211 2420 1386 2454 generatione
1399 2427 1522 2447 connexa
1549 2424 1624 2453 sunt,
1648 2420 1717 2448 insi-

931 2465 1020 2493 nuat?
1036 2464 1095 2497 Qua
1119 2465 1225 2492 ratione
1240 2464 1273 2491 ad
1296 2471 1387 2491 veram
1414 2464 1637 2499 signiﬁcationem
1657 2473 1718 2500 per-

932 2510 1092 2538 veniemus?
1128 2509 1195 2537 Nam
1232 2510 1409 2545 improprium
1445 2510 1568 2545 nihilque
1601 2510 1718 2545 signin-

932 2564 998 2584 cans
1018 2556 1090 2583 modi
1117 2555 1280 2583 vocabulum
1313 2555 1389 2588 facit,
1406 2560 1436 2583 ut
1464 2555 1498 2583 de
1519 2555 1717 2591 significatione

932 2602 1095 2634 haereamus,
1129 2609 1191 2629 cum
1214 2610 1247 2629 ex
1272 2610 1351 2637 aequo
1379 2609 1475 2630 omnes
1504 2601 1715 2637 signiﬁcationes

931 2651 1049 2675 mentem
1064 2649 1191 2679 subeant,
1209 2652 1235 2675 et
1253 2648 1379 2683 quaelibet
1392 2656 1423 2674 ex
1438 2655 1515 2681 aequo
1526 2647 1630 2674 nullam
1652 2654 1715 2674 cum

932 2700 961 2720 re
975 2694 1112 2728 proposita
1127 2694 1326 2721 connexionem
1345 2693 1451 2720 habeat.
1469 2691 1515 2720 Sic
1539 2691 1650 2727 etquod
1664 2693 1714 2726 ait,

932 2738 1114 2766 similitudinis
1128 2734 1296 2772 modum,’ita
1315 2739 1423 2774 quidem
1437 2739 1582 2774 prolatum,
1599 2739 1634 2767 ab
1641 2738 1715 2768 omni

932 2791 1046 2818 prorsus
1069 2784 1245 2820 intelligentia
1274 2790 1408 2812 remotum
1429 2791 1491 2811 esse
1518 2784 1671 2818 discimus,
1690 2787 1712 2813 si

932 2828 1056 2863 exempla
1083 2836 1144 2863 qum
1169 2827 1306 2856 communi
1330 2826 1529 2855 consuetudine
1549 2831 1613 2856 nota
1641 2834 1710 2860 sum,
