1957 3079
241 137 295 167 30!

244 196 398 221 intueamur
418 202 424 216 ε

245 245 338 276 partus
350 239 524 268 assimilatur.
536 237 561 264 id
591 237 662 271 quod
678 237 869 271 pariturzuam
885 241 980 271 partus
998 238 1024 263 in

245 287 278 312 iis
289 292 403 320 quorum
417 283 555 319 generatio
573 290 655 310 carne
677 283 827 317 perficitur,
839 289 881 310 cst
901 283 1026 318 corporis

243 331 350 359 divisio.
369 329 486 364 perfecte
503 328 558 362 jam
577 328 704 354 omnibus
725 328 853 355 membris
877 327 1024 355 formatum

245 377 341 402 animal
360 376 385 401 in
401 375 487 401 lucem
502 375 648 406 emittens;
676 373 701 400 id
718 381 781 400 vero
792 373 864 407 quod
882 377 1027 408 generatur

244 425 323 447 homo
340 424 392 450 est.
409 423 455 446 aut
484 427 581 453 equus,
600 423 647 445 aut
668 419 727 450 bos,
752 419 791 445 vel
809 419 881 445 aliud
905 418 1022 452 quidvis,

243 467 313 500 quod
325 473 372 500 per
389 466 591 499 gent-rationem
607 465 682 491 nasci
696 464 774 491 solet.
788 463 929 496 Quomodo
942 463 1024 497 igitur

243 512 428 540 similitmlinis
439 512 465 538 in
480 519 522 542 eo,
538 511 608 546 quod
622 514 778 545 generatum
802 515 853 541 est,
869 509 966 536 modus
982 516 1025 536 se-

242 563 342 593 quatur
357 558 465 584 modum
484 557 678 592 generationis,
694 555 809 590 explicet
831 555 909 582 nobis
924 555 963 581 vel
981 555 1025 580 ille

244 606 310 639 ipse,
327 604 367 630 vel
383 604 453 630 alius
472 601 666 629 obstetricandi
687 604 772 626 artem
790 601 824 626 al)
840 600 886 626 illo
901 600 1024 627 edoctus.

860 133 887 160 S.
905 133 948 160 CR
955 128 1067 161 EGOllll
1088 130 1232 161 NYSSENI

464 199 516 219 non
545 191 616 219 enim
644 190 676 217 ad
706 191 822 225 speciem
851 193 891 218 vel
915 191 1023 218 modum

1081 191 1144 223 ζῶον
1169 192 1198 217 ὲν
1212 191 1244 225 τῇ
1268 189 1408 216 summ
1432 188 1485 215 τῶν
1509 187 1669 224 σπλάγχνων
1694 190 1741 217 ἐπὶ
1766 191 1796 217 τὸ
1811 192 1865 223 ἔξω

1811 134 1864 162 392

1075 237 1241 272 προάγουσα.
1269 236 1306 262 Τὸ
1333 235 1360 262 δὲ
1387 234 1554 269 γεννώμενον
1579 236 1723 270 ἄνθρωπός
1753 237 1864 272 ἐστινὴ

1075 283 1166 314 ἵππος,
1179 283 1194 316 ἢ
1217 281 1289 315 βοῦς,
1304 282 1320 316 ἢ
1333 281 1347 307 ὅ
1357 290 1382 307 τι
1395 281 1427 307 ἂν
1442 280 1510 316 τύχῃ
1523 281 1566 308 διὰ
1583 283 1734 317 γεννήσεως
1753 284 1866 316 ὑφιστά-

1075 337 1164 363 μενον.
1180 327 1242 359 Πῶς
1254 328 1343 353 τοίνυν
1360 327 1373 353 ὸ
1387 326 1437 359 τῆς
1457 327 1614 362 ὁμοιότητος
1635 327 1681 354 τοῦ
1701 328 1864 362 τικτομένου

1074 373 1173 408 τρόπος
1203 372 1298 398 ἕπεται
1326 371 1365 407 τῷ
1386 372 1479 407 τρόπῳ
1504 373 1553 407 τῆς
1576 373 1745 408 γεννήσεως,
1763 373 1866 400 εἰπάτω

1077 416 1156 448 αὐτὸς
1172 414 1282 451 οὖτος,ἧ
1295 415 1367 447 εττις
1385 416 1430 442 ὑπ’
1443 416 1524 442 αὐτοῦ
1546 417 1705 451 μαιεύτοιαν
1717 417 1865 453 ἐπαιδεύθη

1076 461 1181 497 τέχνην.
1193 461 1274 487 Ἀλλο
1289 461 1343 497 γὰρ
1357 462 1371 487 ὁ
1382 461 1468 493 τόκος,
1479 462 1524 488 καὶ
1538 462 1568 488 τὸ
1584 463 1615 488 ἐκ
1633 463 1680 488 τοῑ
1694 464 1777 489 τόκου
1792 462 1864 494 ἄλλο,

1078 507 1125 533 καὶ
1146 507 1272 542 διάφορος
1289 507 1418 542 ἑκατέρου
1429 508 1442 533 ὁ
1453 507 1539 540 λόγος.
1554 509 1614 534 Ὅτι
1628 509 1676 543 μὲν
1692 507 1740 535 οὖν
1754 509 1801 535 ἐπὶ
1814 509 1866 536 τῶν

1078 553 1121 579 διὰ
1138 553 1237 589 σαρκὸς
1248 553 1413 587 τικτομένων
1427 553 1523 588 ψεῦδός
1537 554 1594 580 ἐστι
1606 554 1634 580 τὸ
1651 556 1810 590 λεγόμενον,
1821 555 1866 581 οὺ-

1078 599 1133 630 651;
1149 598 1182 624 ἂν
1198 598 1319 625 ἀντείποι
1336 599 1390 625 τῶν
1409 600 1470 626 νοῦν
1490 600 1614 634 ἑχόντων.

242 651 320 677 Aliud
336 654 378 677 est
400 650 472 677 enim
493 652 596 683 partus,
619 651 645 674 et
659 646 730 673 aliud
746 645 818 681 quod
839 650 880 673 est
903 653 936 673 ex
961 649 1054 680 partu,
1082 649 1108 672 ct
1123 644 1230 671 diversa
1250 649 1292 670 cst
1307 645 1450 680 utriusque
1479 647 1557 673 ratio.
1575 646 1659 682 Igitur
1684 648 1865 674 assertionem

243 698 302 731 ejus
329 696 423 722 falsam
439 701 498 721 esse
513 693 539 719 in
555 693 664 727 iis.qua:
678 699 725 726 per
740 698 849 717 carnem
863 695 1038 726 generantur,
1059 696 1139 716 nemo
1159 696 1233 717 sane:
1243 690 1341 717 mentis
1356 690 1492 718 abnuerit.

279 775 307 801 Si
321 783 383 802 vero
407 773 506 808 aliquid
522 773 629 800 elliccre
645 778 672 800 et
690 776 851 800 construere
872 777 950 799 vocat
965 778 1025 798 mo~

243 821 306 848 dum
323 828 400 855 gener
413 819 513 852 'tiouis,
535 819 566 845 ad
584 827 663 854 quem
680 819 706 845 in
724 819 814 853 genito
822 822 952 852 sequatur
967 824 1024 844 mo.

1115 770 1146 797 Εἰ
1155 770 1183 796 δὲ
1200 770 1229 796 τὸ
1240 771 1326 796 ποιεῖν
1339 770 1385 797 καὶ
1397 770 1427 796 τὸ
1448 770 1674 803 κατασκευάζειν,
1686 771 1790 807 τρόπον
1805 781 1867 806 γεν‹

1078 816 1182 851 νήσεως
1207 815 1345 850 ὀνομάζει,
1367 813 1389 850 ᾧ
1414 815 1527 842 ἕπεσθαι
1559 817 1605 842 τὸν
1623 817 1721 851 τρόπον
1743 817 1793 852 τῆς
1820 818 1867 844 τοῦ

244 868 295 895 dus
311 866 508 896 similitudinis.
534 874 566 892 ne
589 865 629 893 sic
654 865 764 899 quidem
785 864 873 891 oratio
884 863 1022 898 ejusveri-

1081 864 1218 898 γινομένου
1253 864 1335 900 φησιν
1373 865 1548 900 ὁμοιότητος·
1565 865 1612 892 καὶ
1628 865 1714 897 οὕτως
1739 867 1754 892 ὁ
1789 866 1870 898 λόγος

244 913 449 942 similitudinem
477 912 568 943 liabet,
592 911 664 946 quod
686 910 817 945 exemplis
831 910 942 945 planum
970 909 1024 935 lict.

244 959 358 987 Ferrum
373 967 386 985 a
406 958 483 985 fabro
501 958 601 985 ictibus
625 956 765 988 tunditur,
783 961 812 983 ut
828 955 890 982 inde
904 954 968 990 quid
987 954 1027 980 vi-

244 1010 277 1032 ta!
290 1006 384 1032 usibus
397 1004 462 1031 mile
477 1003 638 1030 conficiatur
659 1007 685 1029 et
700 1001 866 1029 elTormetur.
884 1000 1027 1034 Quomodo

245 1051 326 1085 igitur
336 1050 444 1076 schema
458 1047 653 1083 percussionis,
665 1047 687 1074 si
703 1047 738 1073 ita
752 1054 812 1074 sors
825 1045 903 1078 ferat,
919 1045 1028 1073 assimi-

246 1096 315 1123 letur
331 1094 423 1122 manui
451 1094 574 1122 artiﬁcis.
602 1093 645 1119 vel
674 1092 754 1119 modo
780 1091 942 1122 etl‘eetionis,
963 1096 1026 1125 puta

247 1140 406 1175 forcipibus,
418 1139 520 1170 incudi,
538 1138 658 1169 follibus,
669 1136 953 1171 carbonibus,quibus
968 1143 1026 1163 rem

245 1185 398 1213 ell'ormavit
424 1189 450 1211 et
474 1183 610 1218 procudit,
640 1190 720 1209 nemo
737 1181 815 1209 facile
840 1181 1026 1216 explicavcril.

245 1230 322 1263 Quod
338 1230 371 1257 de
387 1237 441 1256 uno
453 1229 576 1262 exemplo
596 1227 698 1255 dictum
711 1231 763 1258 est,
774 1227 799 1253 id
816 1227 953 1257 omnibus,
968 1233 1028 1260 quae

246 1277 353 1304 actione
368 1275 456 1309 aliqua
479 1274 645 1304 efﬁciuntur,
672 1272 810 1307 competit,
827 1279 923 1306 nempe
948 1272 1028 1299 modo

246 1321 438 1357 generationis,
457 1319 493 1350 id,
510 1318 582 1354 quod
600 1322 759 1353 generatum
776 1321 828 1349 est.
855 1325 1026 1352 nequaquam

247 1367 334 1394 simile
355 1365 440 1393 reddi.
464 1365 533 1397 Quid
556 1365 628 1391 enim
662 1363 747 1391 forma
769 1363 852 1391 vestis
884 1370 1029 1390 commune

248 1413 326 1440 habet
343 1419 404 1439 cum
424 1410 550 1441 stamine,
572 1418 632 1436 cum
656 1410 767 1444 regulis,
790 1416 851 1435 cum
870 1408 986 1443 pectine,
1001 1412 1028 1434 et

247 1466 308 1485 cum
329 1462 386 1484 toto
410 1457 456 1484 illo
477 1458 592 1483 textoris
620 1455 773 1489 apparatu?
795 1453 866 1487 Quid
886 1461 1026 1482 scamnum

247 1512 308 1530 cum
338 1503 452 1533 actione.
483 1508 543 1536 qua:
564 1503 687 1527 versatur
707 1500 780 1526 circa
800 1500 882 1534 ligna,
901 1500 942 1526 vel
959 1499 1028 1526 alius

1076 908 1123 934 τοῦ
1143 909 1246 940 είκότος
1270 908 1434 944 κεχώρισται
1453 916 1460 923 ·
1476 909 1576 935 οὑτωσὶ
1603 909 1631 935 δὲ
1649 909 1693 936 διὰ
1723 910 1778 935 τῶν
1804 909 1869 935 ὑπο-

1076 953 1227 988 δειγμάτων
1242 954 1422 989 σκοπήσωμεν
1437 962 1443 970 ·
1462 954 1583 989 Πληγατς
1598 953 1730 980 τυποῦται
1745 954 1865 990 σίδηρος,

1077 999 1145 1034 πρός
1157 1007 1183 1024 τι
1193 999 1246 1025 τῶν
1258 998 1287 1024 ὲν
1300 999 1339 1034 τῷ
1355 999 1405 1034 βίῳ
1419 999 1561 1035 χρησίμων
1580 999 1655 1035 παρὰ
1674 999 1721 1026 τοῦ
1737 999 1869 1035 δημιουρ.

1080 1044 1192 1077 γοῦντος
1215 1045 1456 1080 σχηματιζόμενος.
1476 1046 1512 1072 Τὸ
1524 1043 1570 1072 οὖν
1585 1047 1676 1080 σχῆμα
1693 1046 1743 1080 τῆς
1763 1046 1868 1081 ἀκμῆς,

1081 1091 1114 1118 ἂν
1129 1090 1201 1118 οὕτω
1213 1091 1292 1127 τύχῃ,
1312 1092 1370 1122 πῶς
1386 1091 1525 1126 ὁμοιοῦται
1540 1093 1573 1127 τῇ
1587 1092 1658 1127 χειρὶ
1672 1091 1719 1118 τοῦ
1731 1093 1868 1126 τεχνίτου,

1077 1136 1094 1172 ἢ
1111 1136 1149 1171 τῷ
1164 1137 1259 1172 τρόπῳ
1275 1137 1323 1171 τῆς
1336 1137 1519 1171 κατασκευῆς,
1531 1135 1585 1163 οἷον
1608 1137 1735 1173 σφύραις,
1753 1138 1801 1164 καὶ
1821 1138 1868 1165 ἄνη

1078 1182 1166 1218 Οραξι,
1186 1183 1232 1209 καὶ
1256 1180 1363 1216 φῦσαις,
1391 1183 1438 1209 καὶ
1459 1183 1567 1217 ἄκμονι,
1584 1182 1617 1208 δι’
1636 1179 1673 1208 ὧν
1691 1183 1778 1217 αὐτὴν
1791 1184 1805 1209 ὁ
1824 1183 1870 1217 δη-

1079 1227 1205 1262 μιουργὸς
1232 1226 1433 1258 ἀνετυπὼσατο,
1449 1227 1498 1253 οὐκ
1524 1227 1556 1252 ειν
1580 1235 1622 1258 τις
1645 1227 1731 1252 εἰπεῖν
1751 1227 1826 1262 ἔχοι-
1840 1227 1870 1253 τὸ

1078 1273 1106 1299 δὲ
1136 1273 1182 1299 ἐπὶ
1207 1272 1254 1299 τοῦ
1282 1273 1341 1304 ἐνὸς
1374 1272 1570 1306 ὑποδείγματος
1599 1273 1745 1307 εἰρημένον
1761 1292 1768 1305 ,
1788 1274 1869 1300 πᾶσιν

1079 1311 1227 1352 ἐφαρμόζει
1243 1319 1298 1349 τοῖς
1310 1317 1354 1344 διά
1366 1326 1436 1348 τινος
1449 1317 1622 1352 κατασκευῆς
1638 1318 1852 1352 ἁπεργασθεῖσιν
1861 1337 1868 1349 ,

1078 1364 1118 1390 ὅτι
1130 1363 1169 1398 τῷ
1196 1364 1288 1398 τρόπῳ
1300 1363 1350 1398 τῆς
1370 1364 1522 1398 γεννήσεως
1541 1363 1571 1390 τὸ
1586 1364 1728 1398 γινόμενον
1743 1365 1870 1400 οὐδαμῶς

1078 1409 1226 1444 ὁμοιοῦται.
1247 1409 1279 1435 Τί
1295 1409 1348 1444 γὰρ
1366 1409 1454 1436 κοινὸν
1480 1409 1535 1443 ἔχει
1561 1409 1591 1436 τὸ
1607 1407 1676 1441 εἶδος
1693 1409 1741 1436 τοῦ
1763 1411 1870 1445 ἱματίου

1079 1453 1146 1488 πρὸς
1162 1454 1192 1479 τὸ
1211 1453 1322 1488 πηνίον,
1337 1454 1354 1488 ἢ
1377 1455 1439 1485 τοὺς
1458 1454 1588 1485 κανόνας,
1603 1454 1620 1489 ἢ
1636 1454 1685 1489 τὴν
1712 1456 1836 1491 κερκίδα,
1852 1456 1870 1490 ἢ

1079 1497 1146 1529 ὅλως
1160 1498 1227 1533 πρὸς
1246 1498 1290 1523 τὸν
1304 1499 1403 1534 τρόπον
1416 1499 1464 1533 τῆς
1478 1498 1525 1524 τοῦ
1541 1499 1658 1533 ὑφάντου
1675 1501 1870 1535 κατασκευῆτς

248 1549 382 1583 quispiam
394 1547 505 1574 ell'ectus
525 1553 586 1572 cum
602 1545 686 1572 forma
702 1545 831 1572 artificis?
855 1544 925 1579 Ergo
944 1545 971 1571 in
988 1551 1028 1571 re-

1081 1543 1147 1570 τίδὲ
1171 1543 1201 1570 τὸ
1219 1543 1317 1579 βὰορον
1338 1543 1405 1579 πρὸς
1423 1544 1472 1579 τὴν
1494 1544 1549 1570 τῶν
1572 1544 1657 1576 ξύλων
1683 1547 1869 1580 ἀπεργασίαν,

248 1595 299 1622 bus
326 1593 502 1621 sensibilibus
531 1597 557 1619 et
585 1591 726 1625 corporeis
751 1590 891 1618 averitate
909 1590 1026 1617 alienum

248 1648 319 1668 esse.
340 1639 411 1674 quod
446 1638 554 1670 asserit,
582 1637 656 1673 ipsos
683 1636 855 1664 advbrsarios
878 1636 955 1663 fateri
973 1635 1030 1663 exi-

249 1687 343 1713 stimo.

285 1794 428 1828 tieliquum
446 1797 498 1824 est,
516 1797 545 1819 ut
564 1791 751 1826 dispiciamus,
765 1789 894 1824 quidnam
920 1789 1031 1816 conciri-

250 1840 345 1868 nandae
357 1846 412 1866 suae
426 1838 598 1873 blasphemia:
616 1836 732 1864 ulterius
753 1836 857 1863 afferat.
879 1834 948 1868 Quid
966 1842 1031 1870 ergo

249 1890 308 1912 erat
320 1884 392 1920 quod
408 1884 432 1911 in
458 1883 608 1918 quaestione
624 1881 803 1909 versabatur?
818 1880 875 1908 Hoc
895 1881 1029 1912 videlicet,

250 1931 326 1958 fateri
343 1933 477 1965 oportere,
492 1928 589 1956 Filium
607 1927 634 1955 in
652 1935 702 1955 sua
726 1927 877 1955 substantia
901 1926 974 1953 Patri
995 1926 1033 1953 si-

249 1977 351 2008 milem,
367 1975 409 2002 vel
421 1974 578 2002 dissimilem
592 1980 673 2000 esse:
695 1972 768 2007 quod
790 1979 863 2004 cum,
881 1975 911 1998 ut
937 1971 982 2002 ait.
998 1978 1031 1998 ex

250 2022 425 2059 providentiae
439 2020 548 2047 ratione
562 2019 669 2046 discere
694 2018 857 2053 nequiverit,
881 2017 1032 2044 recurrisse

250 2076 280 2096 se
293 2068 359 2094 dicit
376 2066 408 2093 ad
420 2065 603 2101 generationis
620 2064 740 2095 modum,
758 2068 788 2090 ut
803 2064 882 2090 istius
896 2063 1032 2090 interven-

249 2119 278 2141 tu
296 2114 484 2148 cognosceret,
503 2118 556 2137 non
572 2115 664 2136 utrum
689 2109 795 2145 genitus
817 2109 931 2143 genitori
947 2108 1030 2135 dissi-

251 2158 322 2185 milis
333 2158 380 2189 sit,
395 2156 442 2184 sed
458 2163 522 2182 uuln
546 2154 645 2182 habeat
667 2154 775 2181 modum
794 2153 937 2189 quemdam
953 2152 1031 2180 siliti-

250 2203 382 2234 litudinis,
399 2206 425 2229 et
438 2201 501 2236 quia
513 2199 609 2227 modus
628 2200 679 2227 iste
700 2200 791 2227 multis
815 2200 923 2235 ignotus
940 2199 986 2229 sit,
1000 2205 1031 2224 ea

1080 1589 1172 1625 ἢᾶλλο
1189 1598 1215 1615 τι
1232 1589 1286 1615 τῶν
1307 1589 1456 1623 γινομένων
1475 1590 1541 1624 πρὸς
1558 1589 1588 1615 τὸ
1601 1589 1693 1625 σχῆμα
1708 1592 1756 1617 τοῦ
1774 1599 1872 1626 κατερ-

1081 1633 1252 1669 γασαμένους
1275 1633 1343 1659 ’Δὶ-λ’
1357 1634 1385 1660 ἐν
1400 1633 1449 1668 μὲν
1465 1635 1521 1664 τοῖς
1534 1634 1671 1669 αἰσθητοῖς
1686 1635 1733 1661 καὶ
1749 1644 1872 1670 σωματιο

1080 1678 1137 1708 κοῖς
1148 1678 1241 1712 ἀργεῖν
1258 1677 1302 1702 τὸν
1321 1677 1399 1711 λόγον
1416 1677 1518 1710 τοῦτον,
1536 1679 1582 1704 καὶ
1601 1679 1700 1711 αὐτοὺς
1713 1678 1795 1713 οἶμαι
1810 1683 1871 1714 τοὺς

1081 1723 1218 1754 ἐναντίους
1234 1722 1415 1750 συντίθεσθαι.

1121 1790 1282 1817 ’Υπόλοιπον
1299 1790 1320 1817 δ’
1333 1791 1365 1818 ἂν
1382 1791 1424 1827 εἴη
1453 1794 1560 1820 σκοπεῖν
1577 1793 1604 1819 ετ
1621 1802 1680 1821 τινα
1709 1797 1870 1825 συντέλειαν

1081 1834 1148 1869 πρὸς
1157 1835 1206 1870 τὴν
1216 1835 1265 1870 τῆς
1280 1835 1453 1872 βλασφημίας
1467 1838 1638 1874 κατασκευὴν
1649 1840 1870 1876 συνεισφέρεται.

1081 1880 1113 1905 Τί
1126 1877 1172 1906 οὖν
1188 1879 1218 1906 τὸ
1238 1879 1403 1916 ζητούμενον
1424 1879 1474 1917 ἦν;
1492 1882 1528 1908 Τὸ
1541 1882 1595 1910 δεῖν
1609 1885 1678 1911 κατὰ
1702 1885 1754 1920 τὴν
1776 1886 1871 1913 οὐσίαν

1080 1927 1180 1963 ὁμοίως
1199 1928 1215 1964 ἢ
1233 1929 1365 1964 ἀνομοίως
1387 1929 1458 1964 ἔχειν
1472 1929 1510 1965 τῷ
1523 1931 1610 1966 Πατρὶ
1631 1931 1675 1958 τὸν
1692 1932 1758 1959 Υἱὸν
1773 1934 1870 1968 ὁμολο-

1081 1972 1196 2006 γεῖσθαι.
1213 1973 1299 2009 Ὅπερ
1307 1973 1387 2000 διὰτὸ
1404 1974 1440 2010 μὴ
1456 1973 1592 2006 δύνασθαι,
1603 1977 1694 2012 φησὶν,
1705 1977 1737 2002 ἐκ
1752 1978 1807 2004 τῶν
1821 1978 1871 2013 τῆς

1081 2017 1209 2052 προνοίας
1217 2017 1304 2052 λόγων
1316 2018 1475 2053 μαθεῖν,ὲπ“ι
1489 2019 1533 2046 τὸν
1543 2020 1592 2055 τῆς
1609 2021 1761 2056 γεννήσεως
1774 2023 1871 2058 ἀνελη-

1081 2062 1188 2089 λυθέναι
1206 2063 1305 2098 τρόπον
1316 2071 1322 2078 ·
1336 2062 1374 2095 ὡς
1390 2063 1432 2090 διὰ
1448 2064 1542 2092 τούτου
1557 2066 1656 2100 γνῶναι
1671 2067 1730 2102 οὐχ).
1746 2068 1794 2095 τὸν
1810 2077 1867 2102 γεν-

1081 2108 1206 2143 νηθέντα,
1221 2109 1244 2135 εί
1262 2109 1362 2144 ὁμοίως
1383 2110 1438 2145 ἔχει
1457 2111 1525 2146 πρὸς
1543 2111 1588 2138 τὸν
1602 2113 1785 2148 γεννήσαντα,
1803 2114 1873 2141 ἁλλᾶ

1081 2163 1141 2181 τινα
1151 2155 1307 2191 ὁμοιότητος
1317 2156 1426 2192 τρόπον,
1434 2158 1479 2183 καὶ
1491 2157 1535 2184 διὰ
1549 2158 1578 2184 τὸ
1591 2160 1647 2190 τοῖς
1660 2160 1768 2192 πολλοῖς
1781 2161 1871 2194 ἄγνω-

1084 2207 1144 2225 στον
1160 2198 1229 2226 εἴναι
1253 2201 1356 2233 τοῦτον,
1372 2202 1415 2228 διὰ
1434 2202 1512 2229 τοῦτο
1524 2203 1572 2239 τὴν
1587 2206 1755 2240 γεννήσασιν
1776 2207 1873 2233 οὐσίαν

250 2249 284 2276 de
297 2256 380 2276 causa
408 2255 437 2275 se
463 2247 496 2274 de
515 2246 677 2277 substantia,
696 2254 756 2281 qum
784 2245 888 2280 genuit,
907 2245 1028 2279 pluribus

1086 2246 1321 2281 περιεργάζεσθαι.
1346 2244 1419 2282 ⁷Δριπι
1446 2246 1492 2276 οὖν
1518 2238 1690 2285 ἐπιλέλησται
1719 2252 1774 2278 τῶν
1800 2253 1872 2279 ἰδίων

250 2294 424 2322 disseruisse.
452 2291 522 2319 Num
551 2293 632 2328 igitur
655 2293 771 2327 proprize
790 2299 846 2319 sua:
872 2290 1032 2318 asscrtionis

250 2340 351 2367 oblitus
373 2343 425 2370 est,
450 2338 559 2373 quando
585 2338 662 2372 dixit,
688 2346 720 2364 ex
745 2338 864 2372 operibus
880 2337 1032 2371 investigari

250 2386 341 2412 debere
368 2384 553 2412 substantias?
572 2392 633 2412 cum
655 2392 719 2419 ergo
735 2383 851 2411 necdum
877 2383 931 2410 ullo
952 2383 1033 2411 modo

250 2435 366 2464 constet,
384 2429 520 2465 quomodo
537 2430 691 2457 substantia
715 2433 853 2463 generata,
867 2436 947 2463 quam
968 2437 1032 2463 opus

251 2483 379 2509 suprema:
394 2475 520 2510 appellat,
536 2482 596 2502 sese
612 2474 710 2500 habeat
728 2473 876 2500 secundum
895 2477 1031 2508 naturam;

250 2529 303 2555 qua
318 2522 422 2548 ratione
434 2521 460 2548 id
477 2520 549 2555 quod
573 2519 686 2546 inferius
703 2522 755 2551 est,
775 2522 803 2545 ut
820 2519 877 2552 ipse
901 2518 1030 2553 loquitur,

249 2572 276 2593 et
295 2566 355 2593 ideo
380 2567 413 2593 ad
442 2564 660 2601 cognoscendum
687 2563 833 2599 proclivius
861 2567 887 2591 et
913 2564 1030 2596 facilius,

251 2613 417 2644 transiliens,
432 2612 553 2638 maxime
563 2610 678 2645 propria:
689 2615 713 2637 ct
728 2617 860 2644 supremm
873 2610 1031 2637 substantia:

249 2657 421 2690 adhaerescit,
433 2661 534 2684 etcum
551 2656 579 2682 in
595 2663 676 2689 opere
702 2662 751 2682 suo
762 2655 846 2682 videri
862 2656 933 2689 velit,
954 2656 1030 2691 quasi

249 2702 401 2729 divinorum
414 2701 586 2728 oraculorum
608 2700 753 2735 admodum
774 2708 875 2736 gnarus
890 2701 934 2733 sit,
958 2709 1030 2728 llllllc

249 2755 280 2775 ea
295 2749 369 2782 parvi
383 2747 486 2782 pendit,
503 2746 613 2781 perinde
631 2753 663 2773 ac
689 2746 711 2774 si
733 2746 861 2779 nesciret,
882 2747 916 2774 ad
940 2745 1030 2774 Patris

249 2793 442 2828 Cognitioncm,
461 2800 514 2820 non
533 2793 583 2820 nisi
607 2801 655 2829 per
680 2791 776 2821 Filium
798 2800 940 2821 acccssttm
959 2796 1031 2828 pate-

1081 2291 1238 2326 διορισμῶν,
1252 2293 1281 2318 ἐν
1294 2290 1333 2323 οἷς
1350 2302 1441 2328 φησιν,
1456 2294 1490 2321 ἐκ
1504 2294 1661 2330 τῶν-ἕρπων
1677 2296 1741 2324 δεῖν
1751 2298 1805 2330 τὰς
1823 2301 1872 2326 σὺ-

1081 2337 1151 2369 σίας
1163 2337 1451 2372 καταλαμϐάνεσθαι;
1459 2340 1514 2376 Τῆς
1523 2338 1569 2367 οὖν
1581 2343 1755 2378 γεννηθείσης
1766 2344 1871 2376 οὐσίας,

1082 2383 1114 2417 ἢν
1122 2383 1210 2417 ἔργον
1218 2383 1344 2418 ὀνομάζει
1354 2384 1405 2418 τῆς
1422 2387 1646 2421 ὑπερκειμένης,
1660 2388 1776 2423 μηδέπω
1790 2399 1873 2424 φανε-

1084 2429 1225 2464 ρωϋείσης,
1239 2429 1297 2461 πῶς
1312 2430 1367 2464 ἔχει
1381 2431 1450 2457 κατὰ
1463 2432 1511 2468 τὴν
1526 2433 1615 2467 φύσιν,
1626 2433 1683 2465 πῶς
1692 2434 1818 2470 ὑπερὸὰς
1834 2436 1873 2467 τὸ,

1083 2473 1121 2505 ὡς
1137 2473 1215 2506 αὐτὸς
1239 2474 1323 2508 λέγει,
1341 2476 1504 2512 κατώτερον,
1517 2479 1563 2505 καὶ
1577 2479 1620 2505 διὰ
1641 2479 1721 2506 τοῦτο
1740 2483 1773 2516 τῇ
1790 2490 1875 2508 κατα-

1083 2519 1163 2554 λήψει
1178 2519 1232 2546 τῶν
1246 2519 1396 2555 ζητούντων
1414 2524 1643 2560 προσεχέστερον,
1660 2527 1693 2560 τῇ
1713 2528 1873 2563 κυριωτάτῃ

1084 2566 1130 2592 καὶ
1141 2566 1265 2601 ἀνωτὰτῃ
1283 2567 1464 2602 προσφύεται·
1477 2570 1563 2595 καὶτὸ
1574 2570 1695 2606 ἀκριϐῶς
1707 2572 1810 2599 εἰδέναι
1827 2574 1875 2605 τὰς

1083 2611 1157 2642 θείας
1174 2611 1273 2645 φωνὰς,
1284 2613 1311 2638 ὲν
1324 2612 1362 2648 τῷ
1378 2614 1438 2640 κατ’
1451 2615 1530 2641 αὐτὸν
1549 2615 1629 2650 λόγῳ,
1647 2619 1873 2651 κατασκευάζων,

1083 2657 1131 2683 νῦν
1151 2657 1282 2685 κάκείνων
1299 2659 1388 2693 ὀλίγον
1405 2661 1517 2687 ποιεῖται
1539 2661 1584 2688 τὸν
1598 2661 1685 2696 λόγον,
1704 2662 1802 2699 ὥσπερ
1823 2665 1873 2699 ἁγ-

1084 2702 1152 2729 νοῶν
1166 2703 1204 2729 ’ὁτι
1218 2703 1267 2729 οὐκ
1286 2704 1342 2731 ἔστι
1359 2706 1391 2740 τῇ
1408 2706 1505 2740 γνώσει
1522 2707 1567 2734 τοῦ
1589 2709 1694 2743 Πατρὶς
1710 2711 1872 2746 προσϐῆναι,

1085 2747 1122 2783 μὴ
1138 2747 1180 2774 διὰ
1192 2748 1238 2774 τοῦ
1252 2749 1316 2776 Υἱοῦ
1331 2752 1562 2787 προσεγγίσαντιις
1578 2753 1683 2788 Οὐδεὶς
1697 2755 1764 2791 γὰρ,
1779 2758 1871 2792 φησὶν,

1083 2793 1160 2829 ἔγνω
1180 2794 1233 2822 τὸν
1243 2796 1367 2832 Πατέρα,
1377 2798 1403 2825 εὶ
1415 2798 1458 2834 μὴ
1471 2800 1487 2826 d
1508 2800 1581 2835 Υἱὸς,
1594 2800 1643 2828 καὶ
1655 2797 1680 2835 ᾧ
1689 2801 1746 2830 ἐὰν
1758 2802 1872 2837 suam
