1957 3079
50 114 92 141 393

634 113 773 141 CONTRA
790 113 984 145 EUNOMIUM,
1006 113 1069 140 LIB.
1087 112 1105 139 ι.

1608 115 1658 143 591

49 175 87 193 ται
103 167 118 192 δ
151 166 217 198 Υιὸς
245 167 448 201 ἀποκαλύψαι.
471 168 538 195 Ἀλλ’
562 166 647 202 οὗτος,
665 171 693 196 ἐν
708 169 748 202 οἷς
776 171 825 206 μὲν

883 169 935 196 lieri
956 171 967 196 ?
985 169 1080 195 Nullus
1104 168 1183 200 enim,
1208 168 1305 203 inquit,
1323 167 1393 194 novit
1421 167 1527 194 Patrem
1551 168 1603 195 nisi
1619 168 1663 194 ("iv

49 212 75 238 ἂν
91 211 172 247 μέλλῃ
184 211 360 247 καθυϐρίζειν
384 213 432 244 τὰς
447 214 568 246 εὐσεϐεῖς
595 216 642 242 καὶ
660 217 693 250 τῇ
719 215 825 251 θεότητι

50 258 195 292 πρεπούσας
205 258 253 284 τοῦ
265 259 431 292 Μονογενοῦς
443 260 599 295 ὑπολήψεις,
615 261 741 288 ἐλάττονα
756 260 824 290 εἶναι

49 303 120 335 λέγει.
137 304 228 338 γυμνῇ
240 305 272 338 τῇ
289 305 362 338 φωνῇ
374 312 382 319 ·
394 306 423 331 ὲν
433 302 461 331 δὲ
475 307 508 340 τῇ
521 305 625 341 ἐπινοίᾳ
639 306 688 340 τῆς
699 306 825 340 γνώσεως

49 349 92 373 tim
105 348 185 374 θείων
194 368 202 379 ,
223 349 347 376 λανθάνει
362 349 391 375 τὸ
406 350 497 384 μεῖζον
511 351 553 377 ἐπ’
563 351 646 378 αὐτοῦ
659 352 826 378 κατασκευά-

49 395 92 423 ζων
112 400 117 406 ’
134 394 214 428 εἰπερ
233 395 281 429 τὴν
303 394 350 420 τοῦ
373 395 478 430 Πατρὸς
500 396 604 429 οὐσίαν,
624 397 661 429 ὡς
688 398 825 433 ἑτοιμοτέ-

50 448 89 472 ραν
116 439 157 470 εἰς
182 439 346 474 κατανόησιν
380 441 558 472 καταλαϐὼν,
578 442 618 468 δι’
646 442 753 478 ἐκείνης
779 443 825 469 ἁν-

49 483 154 517 ιίνεᾶειν
174 484 302 519 πειρᾶται
328 484 374 512 καὶ
400 487 601 521 συλλογίζεσθαι
626 488 672 514 τοῦ
695 484 759 515 1⁸ἰοῦ
775 489 824 525 τήν

49 538 128 562 cum.

79 576 180 601 ’Ᾱνεισι
200 575 264 609 γοῦν
283 576 328 603 ἐπὶ
345 577 393 612 τὴν
416 579 585 614 γεννήσασαν
601 580 710 612 οὐσίαν,
725 581 771 607 καὶ
791 579 822 607 δι’

48 622 145 656 ὲκείνης
156 622 204 656 τὴν
217 623 391 656 γεννηθεῖσαν
401 624 554 657 ἐπισκοπεῖ,
567 625 610 652 διὰ
621 626 649 652 τὸ
663 627 695 661 τῇ
711 628 823 663 φυσικῇ,

49 665 117 700 erat,
134 665 180 692 τοῦ
197 668 378 702 γεννήσαντος
391 667 454 704 ἀξίᾳ
466 669 618 696 δείκνυσθαι
633 670 678 697 τὺν
695 672 743 707 τῆς
763 681 824 706 γενο

48 713 142 745 νῆσεως
160 712 269 746 τρόπον.
286 713 369 739 Πάλιν
389 713 467 740 τοῦτο
489 715 581 747 ἁπλῶς
602 716 648 742 καὶ
667 717 824 752 ἀδιορίστως

49 756 232 793 παραρῤιιρὲν,
258 759 303 785 ἐπὶ
333 759 421 786 πάντα
455 762 652 796 παραπλησίως
675 763 824 798 διαχεῖσθαι

50 803 246 837 πιρσσκευάζει
271 803 318 830 τοῦ
343 804 485 839 ζητοῦντος
502 806 550 841 τὴν
569 807 682 834 ἔννοιαν.
707 809 824 836 Τοιαῦτα

883 215 944 247 lius,
962 219 986 241 et
1003 215 1045 240 cui
1060 213 1168 240 voluerit
1187 212 1274 240 Filius
1291 214 1404 240 revelare
1421 213 1453 240 “.
1472 212 1524 240 Sed
1537 214 1588 241 iste
1601 222 1662 242 cum

878 260 996 287 debitam
1011 259 1248 291 existimationem,
1279 266 1360 293 quam
1378 258 1412 286 de
1433 257 1571 293 Unigeniti
1591 259 1661 286 divi-

878 305 964 331 nitate
979 304 1121 336 habemus,
1152 304 1312 330 imminuere
1340 307 1367 330 et
1388 304 1512 331 deterere
1541 305 1662 338 molitur,

878 351 1011 378 minorem
1027 349 1126 376 Filium
1140 349 1213 376 nuda
1236 357 1303 376 vace
1328 350 1436 382 astruit,
1454 343 1533 384 quem
1553 351 1664 386 ignarus

878 396 941 423 licet
953 395 1081 430 majorem
1101 394 1175 427 facit,
1186 395 1212 421 in
1221 402 1312 422 rerum
1335 395 1487 422 divinarum
1508 403 1666 431 comparan-

877 441 912 468 da
929 440 1099 475 cognitione:
1117 441 1140 468 si
1164 439 1273 474 quidem
1297 439 1386 467 Patris
1407 441 1600 473 substantiam,
1619 449 1664 468 ve-

878 487 919 513 lut
936 486 1045 521 cognitu
1064 485 1258 520 expeditiorem
1285 484 1432 519 accipiens,
1456 493 1503 518 per
1525 486 1598 512 illam
1622 486 1666 513 in-

878 533 978 568 dagare
992 537 1018 560 et
1033 533 1160 568 colligere
1183 532 1279 558 nititur
1295 535 1420 558 naturam
1435 531 1508 558 Filii.

913 578 1044 606 Ascendit
1066 578 1149 612 igitur
1173 577 1207 605 ad
1232 579 1358 604 naturam
1384 585 1446 612 qua:
1469 578 1619 612 generavit,
1638 583 1665 605 et

877 631 926 658 per
937 624 1021 656 illam,
1033 623 1365 658 consideratgeneratam,
1379 630 1411 650 eo
1428 623 1500 658 quod
1521 631 1570 658 per
1584 628 1664 650 natu-

877 670 961 696 ralem
989 669 1146 704 gcnerantis
1171 668 1333 704 dignitatem
1365 669 1462 696 modus
1484 669 1666 703 generationis

876 715 1092 742 demonstretur.
1114 712 1172 747 Qua
1191 721 1240 740 sua
1268 714 1421 741 assertione
1448 715 1483 741 ita
1506 715 1666 749 simpliciter

877 766 903 788 et
918 760 1056 788 indeﬁnite
1067 760 1180 795 prolata,
1189 757 1223 786 ad
1234 760 1325 786 omnia
1340 760 1482 795 aequaliter
1490 761 1601 788 lectoris
1609 761 1665 788 ani-

877 813 950 832 mum
962 803 1113 832 diﬂ‘undere
1128 809 1155 833 et
1168 805 1303 833 abducere
1316 809 1411 833 tentat.
1421 805 1496 833 Talia
1509 807 1582 833 enim
1591 811 1664 839 sunt,

49 848 94 882 γάρ
110 849 168 874 ἐστι
181 848 332 881 καθολικῶς
347 849 380 876 τὰ
397 851 665 887 δογματιζόμενα,ὼς
679 854 724 880 ἐπὶ
736 855 824 881 πάντα

884 859 935 885 [uie
945 851 1092 878 universim
1105 851 1285 883 afﬁrmantur,
1299 855 1327 878 ut
1339 851 1527 886 cogitationem
1535 852 1568 878 ad
1575 852 1664 879 omnia

50 893 171 927 φέρεσθαι
197 894 256 925 ταῖς
281 894 491 929 ὑπονοίαις,καὶ
516 898 598 932 μηδὲν
623 899 824 934 ὑπεξαιρεῖσοαι

48 939 89 972 τῆς
106 940 308 976 περιληπτικῆς
323 942 494 976 ἀποτάσεως.
518 944 548 970 Εἰ
572 943 617 971 οὖν
634 945 763 977 πάντωςό
777 946 825 981 τῆς

51 984 195 1018 γεννήσεως
220 985 319 1020 τρόπος
345 988 377 1022 τῇ
402 990 502 1023 φυσικῇ
521 989 567 1015 τοῦ
591 990 738 1023 γεννῶντος
762 991 825 1027 ἀξίᾳ

49 1030 215 1064 γνωρίζεται,
241 1032 336 1058 πολλαὶ
355 1032 383 1059 δὲ
404 1034 459 1060 τῶν
477 1035 622 1062 τικτόντων
638 1038 665 1062 αί
686 1037 756 1063 κατὰ
778 1037 826 1069 τὰς

28 1073 118 1106 ,ἀξίας
147 1075 285 1112 διαφοραὶ,
314 1078 361 1104 καὶ
381 1080 451 1106 κατὰ
475 1080 574 1111 πολλὰς
602 1082 722 1113 ἐπινοίας
744 1091 828 1109 κατα-

48 1119 226 1154 λαμϐάνονται
241 1123 388 1156 (γεννᾶται
405 1125 458 1160 γὰρ
487 1125 619 1157 Ἰουδαῖος.
635 1127 743 1162 Ἕλλην,
762 1127 827 1163 βάρ-

48 1165 143 1200 ϐαρος,
167 1167 290 1203 Σκύθης,
313 1169 403 1201 δοῦλος
416 1189 424 1202 ,
445 1170 604 1207 ἐλεύθερος),
623 1172 648 1198 τί
673 1173 704 1198 ἐκ
727 1172 828 1199 τούτων

49 1212 276 1243 κατασκευὰζεται
287 1222 294 1245 ;
307 1214 366 1240 ’Ὁτι
378 1215 438 1241 ὅσαι
453 1216 506 1242 εἰσὶ
518 1217 571 1242 τῶν
585 1217 740 1250 γεννώντων
758 1218 828 1245 κατὰ

49 1257 89 1287 ri;
102 1258 221 1290 φυσικὰς
234 1259 310 1292 ἀξίας
323 1259 584 1296 διαφοραὶ,τοσοῦτοι
597 1263 643 1289 καὶ
660 1264 755 1298 τρόποι
768 1273 829 1298 γεν-

49 1302 147 1336 νήσεως
163 1304 233 1330 κατὰ
250 1305 280 1330 τὸ
294 1305 366 1337 εἰκὸς
381 1307 570 1342 εὑρεθήσονται
580 1317 586 1324 σ
596 1308 632 1341 ὡς
649 1309 686 1344 μὴ
701 1310 768 1337 κατὰ
784 1311 829 1336 τον

49 1348 125 1374 αὐτὴν
152 1350 252 1384 τρόπον
276 1351 443 1387 πληροῦσθαι
466 1355 532 1380 πᾶσι
552 1355 600 1389 τὴν
621 1355 744 1389 γένεσιν·
762 1357 829 1383 ἀλλὰ

49 1395 102 1425 ταῖς
117 1395 172 1420 τῶν
188 1396 343 1429 γεννώντων
367 1399 454 1432 ἀξίαις
467 1400 516 1431 τὰς
529 1401 622 1434 φύσεις
638 1402 829 1436 συμμεταϐάλ-

49 1439 147 1471 λεσοαι,
163 1441 209 1467 καὶ
230 1441 285 1468 δεῖν
303 1443 410 1479 ἑκάστῳ
424 1445 477 1470 τῶν
500 1446 681 1480 τικτομένων,
697 1447 767 1473 κατὰ
781 1447 830 1481 τὴν

50 1486 98 1510 τῶν
116 1486 282 1521 ἀξιωμάτων
304 1488 443 1524 διαφορὰν,
460 1488 591 1522 ἰδιάζοντα
607 1500 665 1517 τινα
680 1492 829 1527 γεννήσεως

877 897 1034 929 traducaut,
1061 895 1182 931 nihilque
1212 900 1289 924 extra
1316 904 1396 924 suutn
1429 897 1559 924 ambitum
1580 897 1663 924 relin-

876 946 974 976 quant.
988 941 1015 968 Si
1028 942 1110 976 igitur
1117 942 1229 969 omnino
1246 943 1341 970 modus
1350 943 1534 978 generationis
1545 950 1577 970 ex
1590 947 1663 969 natu-

876 986 926 1012 rali
945 986 1101 1020 generantis
1121 986 1252 1021 dignitate
1270 987 1454 1020 cognoscitur,
1476 988 1663 1022 generantium

877 1039 940 1058 vero
952 1031 1245 1062 varirc,etdiversarum
1259 1033 1399 1059 nationum
1412 1033 1562 1060 secundum
1575 1034 1664 1068 digni—

878 1080 959 1104 tatem
975 1077 1134 1104 dill'erentire
1148 1078 1347 1112 reperiuntur:
1376 1082 1490 1113 generat
1512 1080 1585 1106 enim
1612 1078 1661 1106 Ju—

878 1121 1087 1154 daeus,Grtecus,
1099 1122 1245 1156 Barbarus,
1256 1123 1367 1159 Scytha,
1378 1132 1484 1156 servus,
1500 1122 1581 1152 liber:
1600 1125 1664 1159 quid

879 1171 911 1194 ex
929 1168 972 1194 his
991 1168 1237 1195 concluditur?An
1258 1173 1325 1204 quot
1339 1174 1403 1196 sunt
1419 1169 1607 1204 generantium
1622 1177 1664 1196 se-

879 1213 999 1240 cundum
1016 1214 1170 1241 naturalem
1183 1213 1342 1248 dignitatem
1372 1218 1488 1245 naturae,
1515 1219 1555 1241 tot
1583 1215 1665 1241 etiam

879 1259 951 1285 modi
963 1259 1158 1293 generationis,
1173 1263 1202 1286 ut
1219 1259 1307 1292 decet,
1323 1260 1475 1292 exsistant,
1490 1260 1526 1286 ita
1538 1265 1568 1286 ut
1578 1259 1665 1286 haud—

880 1311 1016 1338 quaquam
1041 1304 1135 1331 eodem
1155 1304 1236 1331 modo
1251 1305 1390 1339 generatio
1418 1305 1596 1339 perﬁciatur;
1617 1305 1664 1332 sed

882 1349 911 1376 ut
931 1353 1036 1376 natura!
1049 1357 1102 1376 una
1119 1357 1181 1376 cum
1201 1350 1390 1384 generantium
1408 1350 1590 1385 dignitatibus
1609 1358 1667 1376 mu-

879 1398 981 1426 tentur,
1000 1393 1132 1428 adeoque,
1149 1398 1179 1420 ut
1201 1394 1312 1421 cuilibet
1328 1401 1434 1425 eorum,
1460 1402 1520 1429 qua:
1537 1401 1667 1429 generan-

880 1442 934 1470 tur,
957 1439 1106 1466 secundum
1133 1438 1297 1473 dignitatum
1327 1439 1508 1466 differentiam
1537 1440 1666 1474 proprius

880 1484 989 1519 quidam
1003 1484 1188 1519 generationis
1205 1483 1302 1510 modus
1315 1484 1497 1518 assignandus
1510 1484 1565 1511 sit?
1577 1484 1667 1511 Omni-

52 1531 147 1564 τρόπον
162 1534 390 1567 καινοτομεῐσῡαι.
409 1535 478 1561 Πᾶσι
494 1536 547 1570 γὰρ
564 1539 693 1571 συμφυεῖς
705 1538 777 1570 ἀξίαι
793 1547 830 1564 τι-

884 1530 935 1556 bus
948 1529 1019 1556 enim
1032 1536 1046 1555 a
1066 1534 1162 1556 natura
1176 1529 1266 1556 insitaa
1287 1529 1435 1564 dignitates
1452 1534 1478 1556 et
1499 1529 1667 1557 excellentiae

50 1577 90 1607 νές
105 1578 159 1603 εἱσι
184 1579 294 1610 πάντως
312 1580 541 1616 ὲπιΟεωρούμεναι
563 1584 618 1613 τοῖς
630 1582 690 1609 καθ’
710 1583 831 1615 ἕκαστον,

49 1622 221 1658 δαφέρουσσιι
245 1625 272 1650 δὲ
287 1625 407 1660 ἀλλήλων
434 1627 501 1661 πρὸς
524 1627 554 1653 τὸ
571 1629 690 1662 κρεῖττον
709 1627 725 1663 ἢ
750 1637 833 1655 κατα-

49 1668 184 1703 δεέστερον
197 1678 204 1684 σ
213 1669 288 1700 ὅπως
302 1670 333 1696 ἂν
351 1668 456 1705 ἑκάστῳ
469 1672 603 1707 συμπέσῃ,
616 1672 702 1705 γένος,
716 1673 833 1708 ἀξίωμα,

50 1713 190 1747 ίιρησκεία,
207 1715 308 1749 πατρὶς
319 1735 325 1745 ,
341 1715 482 1742 δυναστεία
492 1738 499 1749 ,
515 1717 630 1749 δουλεία,
645 1718 768 1750 πλοῦτος.
784 1728 834 1745 πε-

49 1757 104 1787 νία,
119 1758 150 1784 τὸ
179 1759 362 1792 αὐτεξούσιον,
383 1760 412 1787 τὸ
434 1761 596 1797 ὑποχείριον.
615 1763 703 1790 πάντα
721 1764 771 1790 ὅσα
785 1763 834 1794 τὰς

50 1803 118 1829 κατὰ
133 1804 180 1830 τὶν
200 1804 258 1838 βίον
270 1805 398 1840 διαφορὰς
413 1807 440 1832 ὲν
455 1808 513 1838 ταῖς
534 1807 621 1840 ἀξίαις
633 1809 787 1843 ἐργάζεται.
804 1810 834 1835 El

48 1847 91 1874 ὧν
106 1851 138 1883 τῇ
158 1851 262 1884 φυσικῇ
287 1850 333 1876 τοῦ
357 1852 502 1884 γεννῶντος
519 1852 591 1888 ἀξίᾳ,
615 1853 703 1884 καθώς
720 1862 801 1888 φησιν
820 1856 835 1881 ὀ

50 1893 189 1928 Εὑνόμως,
203 1895 217 1920 ὁ
231 1895 281 1929 τῆς
294 1896 444 1930 γεννήσεως
458 1896 590 1923 δείκνυται
603 1897 701 1932 τρᾶπος
720 1899 834 1934 (πολλαὶ

49 1937 73 1963 δὲ
85 1939 113 1964 αἱ
131 1939 204 1965 κατὰ
218 1938 268 1970 τὰς
283 1939 360 1972 ἀξίας
374 1940 520 1975 διαφοραὶ),
531 1941 621 1967 πολλοὶ
632 1942 739 1974 πάντως
753 1944 798 1969 καὶ
809 1943 834 1969 oi

49 1982 95 2016 τῆς
115 1985 272 2018 γεννήσεως
292 1984 394 2019 τρόποι,
413 1986 482 2012 κατὰ
501 1986 545 2012 τὺν
564 1987 744 2022 δογματιστὴν
759 1988 835 2022 εὑρε-

50 2026 79 2061 θῆ
86 2036 186 2057 σονται,
201 2028 252 2062 τῆς
268 2029 338 2054 κατὰ
349 2029 396 2060 τὰς
408 2029 483 2061 ἀξίας
498 2030 628 2065 διαφορᾶς
641 2030 836 2065 νομοῦετούσης

49 2074 81 2107 τῇ
94 2073 173 2106 φύσει
188 2074 234 2099 τον
246 2075 332 2101 τόκον.

83 2208 113 2232 Εἰ
128 2207 157 2233 δὲ
176 2207 214 2242 μὴ
229 2207 331 2241 δέχοιτο
343 2207 457 2241 φυσικὰς
465 2206 532 2235 εἶναι
545 2209 593 2240 τὰς
607 2209 733 2241 τοιαύτας
745 2211 832 2243 ἀξίας,

48 2253 83 2282 ὡς
102 2253 158 2286 ἔξω
180 2253 232 2287 τῆς
252 2253 356 2286 φύσεως
374 2254 568 2288 θεωρουμένας,
587 2255 646 2280 οὐδὲ
662 2257 742 2290 ἡμεῖς
763 2257 836 2282 ἀντι-

50 2297 165 2332 λέγομεν
176 2307 184 2313 ο
202 2299 298 2332 ὲκείνῳ
313 2299 402 2333 μέντοι
424 2300 530 2331 πάντως
548 2301 716 2336 συνθήσεται,
733 2302 773 2328 ὅτι
787 2311 836 2335 φυ-

50 2345 109 2378 σικῇ
131 2352 188 2369 τινι
202 2344 309 2374 πάντως
322 2344 384 2379 ἀξίᾳ
397 2346 444 2379 τῆς
457 2345 552 2380 ἀλόγου
567 2345 638 2381 ζωῆς
650 2348 665 2381 ἡ
680 2347 835 2382 ἀνθρωπίνη

48 2389 228 2424 κεχώρισται.
252 2388 320 2414 Ἀλλ’
343 2391 357 2415 ὁ
371 2390 418 2416 τοῦ
438 2391 516 2416 τόκου
535 2392 634 2427 τρόπος
665 2392 791 2426 οὐδεμίαν
807 2393 836 2418 ὲν

46 2436 77 2469 τῇ
90 2435 165 2460 κατὰ
178 2435 229 2469 τὴν
241 2435 358 2469 φυσικὴν
376 2436 452 2468 ἀξίαν
467 2436 582 2472 διαφορᾷ
598 2438 646 2472 τὴν
660 2437 837 2473 παραλλαγὴν

46 2480 114 2512 ἔχει.
133 2479 324 2514 ὁμοιοτρόπως
338 2480 385 2514 τῆς
403 2480 509 2514 φύσεως
530 2482 564 2508 τά
584 2490 612 2507 τε
633 2481 728 2515 λογικὰ
743 2482 790 2508 καὶ¹
804 2481 839 2508 τὰ

47 2523 133 2556 ἄλογα
148 2523 196 2549 διὰ
208 2524 258 2557 τῆς
273 2525 424 2559 γεννήσεως
438 2526 477 2556 είς
493 2526 541 2560 τὴν
562 2525 633 2561 ζωὴν
653 2526 836 2562 παραγούσης.

49 2568 78 2594 Εἰ
92 2569 122 2594 δὲ
140 2569 191 2595 ἐπὶ
209 2569 293 2604 μόνης
315 2570 421 2605 ἐκείνης
443 2571 492 2605 τῆς
513 2571 605 2603 οὐσίας
624 2572 682 2607 τῆς,
704 2571 740 2603 ὡς
759 2572 839 2603 αὐτὸς

47 2614 180 2649 ὀνομάζει
188 2634 196 2645 ,
212 2614 392 2648 κυριωτάτης
404 2617 450 2645 καὶ
457 2617 653 2651 ἀνωτάτης-,τὸ
659 2625 690 2643 συ
695 2615 780 2652 μφυὲς
787 2616 842 2649 ἀξί-

51 2669 116 2695 ωμα
134 2658 326 2694 καταλμῦάνει
335 2679 342 2691 ,
356 2659 454 2695 ἴδωμεν
462 2660 475 2685 ὂ
486 2669 511 2686 τι
541 2661 586 2687 καὶ
593 2661 660 2687 νοῶν
668 2660 744 2687 τοῦτο
751 2660 837 2694 λέγει.

54 2704 94 2734 'u;
111 2704 165 2738 μὲν
177 2703 253 2737 γὰρὸ
263 2703 396 2738 ἡμέτερος
414 2703 501 2739 λόγος,
514 2706 634 2741 συμφυές
647 2706 718 2733 ἐστιν
731 2705 838 2740 ἀξίωμα

85 2778 109 2792 ³⁸
133 2777 232 2804 Matth.
250 2785 290 2807 XI,
305 2777 350 2804 27.

220 2837 350 2865 Parum.
379 2836 437 2864 (in.
453 2835 547 2864 ΧῙΝ.

884 1579 957 1606 sunt,
972 1582 1039 1609 quas
1053 1575 1081 1601 in
1108 1574 1224 1609 singulis
1243 1575 1365 1602 invenire
1390 1575 1464 1606 licet,
1479 1574 1666 1610 discrepantes

885 1619 1008 1646 nonnihil
1021 1627 1035 1645 a
1051 1624 1080 1646 ee
1098 1623 1204 1652 mutuo,
1221 1619 1374 1647 secundum
1390 1619 1479 1654 majus
1502 1624 1529 1647 et
1554 1620 1666 1648 minus:

885 1665 919 1692 ita
937 1668 966 1691 ut
981 1664 1121 1699 quodlibet
1135 1669 1241 1697 eorum,
1257 1672 1317 1699 qum
1333 1669 1508 1699 generantur,
1523 1672 1574 1700 pro
1583 1665 1671 1700 digni-
1692 1688 1702 1698 ,

884 1714 969 1736 tatum
984 1710 1171 1744 proportione,
1184 1711 1352 1738 comitentur
1367 1710 1516 1744 peculiaria
1531 1711 1666 1745 quatiam,

885 1761 912 1781 ut
923 1763 1020 1790 genus,
1031 1755 1160 1790 dignitas,
1177 1755 1283 1790 religio,
1298 1755 1398 1790 patria,
1420 1756 1553 1790 potentia,
1584 1756 1668 1783 servi-

884 1805 939 1832 tus,
956 1801 1067 1832 divitia,
1084 1805 1241 1835 paupertas,
1256 1801 1366 1828 libertas
1383 1801 1500 1830 arbitrii.
1517 1801 1665 1835 subjectio.

884 1849 911 1872 et
926 1845 1017 1871 omnia
1032 1845 1096 1878 alia,
1108 1853 1168 1880 qua:
1179 1846 1205 1872 iu
1218 1845 1270 1871 hac
1284 1845 1339 1872 vita
1355 1844 1535 1871 dilferentiam
1548 1846 1666 1879 aliquam

884 1891 1065 1918 constituunt.
1086 1890 1114 1916 Si
1131 1890 1214 1925 igitur
1226 1889 1344 1916 naturali
1360 1890 1517 1924 generantis
1538 1889 1667 1924 dignitate

885 1936 983 1963 modus
1001 1935 1188 1971 generationis
1204 1935 1368 1967 ostenditur,
1387 1939 1416 1962 ut
1430 1934 1666 1964 dicitEunomius.

884 1982 967 2008 variae
982 1985 1071 2008 autem
1085 1984 1149 2007 sunt
1161 1980 1310 2008 secundum
1324 1980 1481 2015 dignitatem
1495 1979 1667 2010 din‘erentite.

885 2028 965 2062 plane
980 2027 1104 2062 sequitur
1116 2027 1199 2053 etiam
1212 2026 1304 2052 varios
1319 2033 1391 2056 esse,
1406 2033 1439 2052 cx
1462 2026 1601 2052 novatoris
1617 2026 1665 2051 hu~

883 2073 1084 2108 jussententia,
1109 2071 1293 2106 generationis
1323 2071 1429 2103 modos,
1450 2075 1476 2098 et
1507 2072 1559 2098 alia
1590 2071 1668 2098 aliter

885 2118 983 2151 nasci;
999 2125 1061 2145 cum
1077 2125 1138 2152 quae
1154 2116 1305 2144 secundum
1318 2116 1466 2150 dignitates
1481 2120 1523 2143 est
1540 2116 1666 2143 diﬂ'eren-

885 2164 932 2196 tia,
949 2168 1074 2191 naturam
1094 2163 1121 2190 in
1133 2165 1211 2196 partu
1225 2161 1302 2196 quasi
1322 2161 1427 2194 legibus
1444 2161 1664 2188 circumscribat.

923 2208 999 2242 Quod
1016 2209 1039 2236 si
1055 2208 1116 2242 quis
1133 2215 1187 2234 non
1203 2206 1336 2238 admittat,
1352 2205 1506 2240 hujusmodi
1522 2205 1669 2241 dignitates

888 2264 948 2284 esse
964 2255 1112 2285 naturales,
1143 2261 1205 2280 cum
1236 2257 1312 2279 extra
1343 2256 1449 2279 natura:
1465 2252 1539 2286 leges
1563 2253 1667 2280 versari

888 2301 1040 2331 videantur,
1057 2307 1119 2326 cum
1136 2299 1187 2325 hoc
1201 2297 1482 2332 nondigladiabimur.
1493 2297 1561 2324 Illud
1578 2303 1669 2325 tamen

888 2345 999 2372 omnino
1015 2343 1216 2370 concedendum
1233 2342 1295 2374 erit,
1311 2342 1427 2368 naturali
1443 2342 1558 2376 quadam
1582 2342 1669 2378 digni-

889 2396 944 2419 tate
960 2395 987 2419 et
1000 2389 1179 2425 praecellentia
1203 2389 1348 2415 humanam
1366 2389 1448 2415 vitam
1472 2389 1506 2416 ab
1528 2390 1585 2422 illa,
1611 2397 1670 2424 qua‘

887 2437 993 2463 ratione
1007 2440 1091 2467 caret,
1102 2433 1317 2461 discriminatam
1331 2441 1408 2466 esse;
1424 2437 1451 2459 at
1464 2439 1558 2468 partus
1574 2434 1669 2461 modus

888 2483 988 2509 nullam
1002 2481 1110 2516 penitus
1125 2480 1152 2507 in
1178 2479 1330 2506 dill‘erentia
1352 2480 1502 2507 secundum
1519 2480 1668 2507 naturalem

888 2526 1057 2561 dignitatem,
1072 2525 1248 2551 variationem
1264 2524 1355 2555 habet,
1375 2524 1438 2559 quia
1455 2528 1550 2551 natura
1573 2517 1668 2551 eodem

888 2571 969 2598 modo
988 2575 1042 2597 tam
1062 2569 1175 2596 rationis
1189 2569 1309 2603 capacia.
1325 2577 1405 2603 quam
1424 2569 1538 2596 rationis
1548 2567 1668 2602 expertia

889 2615 1148 2651 perfgenerationcm
1158 2614 1183 2640 in
1192 2614 1261 2640 hanc
1271 2613 1356 2640 lucem
1372 2613 1436 2640 edit.
1454 2612 1482 2639 Si
1497 2619 1560 2639 vero
1571 2612 1597 2637 in
1611 2611 1668 2637 sola

889 2661 935 2688 illa
955 2663 1064 2691 natura,
1079 2666 1160 2693 quam
1177 2658 1234 2692 ipse
1252 2658 1461 2692 propriissimam
1476 2661 1500 2682 et
1518 2662 1666 2689 supremam

891 2706 1023 2738 nominat,
1036 2704 1146 2732 insitam
1168 2703 1325 2738 dignitatem
1356 2700 1509 2732 constituit,
1530 2699 1668 2726 videanus

1469 2823 1507 2854 13
