1957 3079
278 127 336 155 395

897 123 925 151 ὃ.
946 123 1109 152 GREGORII
1139 123 1284 152 NYSSENI

1851 124 1900 152 596

281 182 349 217 quid
362 181 469 211 tandem
489 179 552 207 talia
570 178 674 212 dicens,
702 186 717 206 a
734 179 814 208 nobis
835 179 950 215 intelligi
976 180 1058 208 velit:

1113 180 1149 215 τῲ
1164 179 1233 215 ego,
1246 180 1313 215 αὐτὴ
1327 180 1344 216 ἡ
1357 179 1450 216 οεότης
1461 201 1467 213 ,
1481 181 1497 216 ἡ
1515 179 1603 213 σοφία,
1620 181 1636 215 ἡ
1653 180 1777 215 δύναμις,
1792 179 1824 206 τὸ
1836 180 1898 214 ἀγα-

282 235 358 262 nam,
374 231 403 254 ut
418 233 468 254 nos
484 225 594 261 quidem
609 225 785 258 arbitramur,
799 225 852 253 Deo
863 229 978 261 cognata
988 229 1063 258 sunt,

282 275 340 309 ipsa
374 272 512 304 divinitas,
541 271 685 306 sapientia,
708 271 838 305 potentia,
855 271 974 304 bonitas,
991 270 1064 306 judi-

280 319 364 350 cium,
376 318 490 352 justitia,
507 316 648 350 fortitudo,
659 316 863 352 longanimitas,
876 317 987 348 veritas,
1002 324 1063 345 esse

281 367 442 396 creatorem,
455 362 654 390 dominatorem
666 383 673 396 ,
697 362 872 394 invisibilem,
901 361 1062 390 intermina-

279 413 349 441 tum,
366 412 394 437 et
411 409 434 437 si
445 407 511 444 quid
525 408 598 436 aliud
617 408 699 444 hujus
715 409 823 444 generis
839 409 873 436 ad
889 408 1003 444 gloriam
1016 408 1062 436 Dei

279 453 510 488 amplificandam,
527 453 659 481 divinitus
675 453 809 488 inspirata
835 453 978 488 Scriptura
1001 460 1063 488 pro-

280 499 360 532 didit,
376 506 437 534 quaz
452 499 542 526 omnia
557 499 639 526 etiam
657 499 799 534 unigenito
813 498 883 526 Filio
904 499 1014 534 proprie
1036 504 1062 526 et

282 553 298 571 a
316 549 412 572 natura
426 544 517 572 inesse
532 545 692 578 asserimus,
714 545 856 579 solumque
873 544 900 572 in
924 551 957 572 eo
989 544 1061 580 quod

281 594 322 617 est
341 589 468 625 principii
486 593 622 625 expertem
650 597 722 623 esse,
742 589 921 617 diil'erentiam
950 590 1063 617 conﬁte-

280 643 342 662 mur
356 644 364 669 ;
382 642 470 670 neque
487 639 577 662 tamen
590 635 716 671 principii
729 640 868 671 expertem
880 643 941 663 esse
954 635 1062 671 penitus

280 688 295 708 a
309 679 378 707 Filio
394 680 554 709 abdicamus
581 682 684 714 (nemo
698 681 850 708 orationem
876 685 998 709 nostram
1015 688 1062 708 ca-

280 726 414 754 lumniose
429 726 548 758 vellicet,
565 727 643 762 quasi
658 726 846 754 demonstrare
862 727 976 754 velimus
987 734 1059 758 eum.

274 774 326 807 qui
347 780 409 801 vere
428 772 513 801 Filius
527 777 581 806 est,
599 781 659 801 esse
673 773 820 809 ingenitum
832 781 839 804 ;
853 781 907 801 non
924 773 995 801 enim
1008 774 1060 801 mi-

280 827 332 845 nus
356 818 503 853 impietatis
530 818 692 846 damnamus
713 819 767 846 tale
782 818 847 853 quid
872 818 1011 853 docentes,
1030 826 1060 846 ac

276 864 350 896 illos,
374 864 421 898 qui
452 864 662 899 inmqualitatem
690 864 905 899 introducunt);
933 866 980 893 sed
1000 873 1061 893 cum

275 909 440 937 vocabulum
457 910 581 944 principii
598 911 682 938 variis
702 910 865 945 signiﬁcatis
893 914 1011 944 constet,
1037 915 1064 939 et

279 956 400 984 animum
417 956 451 984 ad
473 956 552 991 plura
567 956 669 989 ducat,
685 956 803 984 dicimus
824 964 886 984 esse
905 957 986 984 ctiam
1011 957 1062 984 ali-

278 1001 357 1037 quid,
372 1001 522 1029 secundum
547 1001 621 1037 quod
654 1002 789 1037 principio
806 1009 900 1029 carere
927 1007 1064 1037 competat

279 1048 372 1075 itidem
387 1047 464 1075 Filio.
489 1047 604 1081 Quando
626 1047 699 1074 enim
720 1047 770 1074 hac
784 1054 850 1074 voce
876 1043 1062 1084 sigriiﬁcamus

278 1092 305 1120 id
325 1093 396 1127 quod
411 1100 443 1120 ex
459 1092 535 1119 nullo
549 1092 656 1127 penitus
673 1092 810 1128 principio
821 1101 898 1121 suam
912 1093 1062 1122 subsisten-

278 1137 344 1164 tiam
362 1137 454 1170 habet,
470 1141 527 1165 tum
545 1137 672 1172 principii
685 1141 822 1172 expertem
839 1145 910 1170 esse,
932 1142 1061 1174 tanquam

277 1182 365 1210 solius
383 1183 473 1211 Patris
490 1183 603 1218 ingeniti
619 1182 759 1218 proprium
774 1179 949 1211 conﬁtemur.
964 1183 1059 1216 Quan-

277 1227 313 1255 do
330 1235 395 1255 vcro
412 1228 446 1255 de
466 1228 578 1263 reliquis
598 1228 725 1264 principii
751 1229 913 1264 signiﬁcatis
930 1229 1061 1265 disquisi-

277 1275 316 1301 tio
328 1275 491 1306 instituitur,
509 1282 571 1301 cum
584 1279 611 1302 ct
630 1278 763 1302 creatura:
776 1275 812 1302 sit
831 1275 1009 1311 principium,
1034 1280 1061 1303 et

274 1321 419 1356 temporis,
434 1325 462 1348 et
475 1320 590 1354 ordinis,
604 1320 686 1348 etiam
702 1321 730 1348 in
749 1321 793 1350 his
815 1321 987 1357 unigenitum
1014 1322 1060 1349 Fi-

277 1366 342 1393 lium
359 1366 434 1393 omni
452 1366 586 1401 principio
603 1367 771 1401 superiorem
784 1374 844 1394 esse
859 1367 990 1395 docemus
1003 1376 1009 1394 :
1024 1368 1060 1394 ita

276 1417 307 1439 ut
325 1420 397 1444 eum,
418 1420 468 1447 per
484 1419 564 1446 quem
581 1411 653 1439 iacta
669 1416 733 1440 sunt
756 1412 859 1444 omnia,
882 1420 964 1447 supra
981 1420 1062 1440 omne

277 1461 410 1484 creaturae
424 1455 600 1491 principium,
626 1459 653 1482 et
675 1455 807 1490 temporis
824 1454 970 1488 rationem,
990 1455 1061 1482 ordi-

1115 225 1159 252 θὸν
1181 224 1265 258 εἶναι,
1286 225 1397 261 κριτὴν,
1414 225 1533 258 δίκαιον,
1553 225 1677 261 ἰσχυρὸν,
1705 225 1898 260 μακρόθυμον,

1115 270 1248 304 ἀληθινὸν,
1266 270 1387 305 κτίστην,
1409 269 1593 305 ὲξουσιαστὴν,
1611 269 1737 304 ἀόρατον,
1758 269 1900 304 ἀτελεύτη-

1113 324 1169 348 τον,
1184 316 1230 342 καὶ
1245 315 1272 342 εἴ
1284 324 1310 342 τι
1325 316 1387 342 ἄλλο
1403 315 1456 342 τῶν
1469 316 1508 347 είς
1522 315 1674 349 δοξολογίαν
1687 314 1763 350 παρὰ
1777 314 1828 348 τῆς
1844 314 1900 341 οεο-

1114 360 1245 387 πνεύστου
1261 361 1370 396 Γραφῆς
1384 361 1535 396 εἰρημένων
1548 361 1620 387 ἐστίν
1630 369 1636 375 ·
1653 360 1724 395 ἅπερ
1741 359 1831 386 πάντα
1855 361 1900 386 καὶ

1112 407 1151 443 τῷ
1165 410 1301 442 μονογενεῖ
1314 408 1370 443 Υἱῷ
1383 409 1483 443 κυρίως
1497 408 1543 435 καὶ
1564 408 1695 442 συμφνῶς
1706 408 1897 444 ὲνθεωρείσθαί

1113 462 1217 488 φαμεν·
1235 454 1263 480 ὲν
1281 453 1348 490 μόνῃ
1367 455 1399 489 τῇ
1413 454 1483 480 κατὰ
1497 453 1526 480 τὸ
1546 454 1660 489 ἄναρχον
1680 454 1769 489 ἐννοίᾳ.
1782 454 1831 489 τὴν
1845 454 1898 480 δια-

1113 499 1198 534 φορὰν
1213 498 1399 534 ἐπιστάμενοι,
1418 499 1464 525 καὶ
1482 498 1584 534 ταύτην
1594 499 1624 525 οὺ
1640 499 1710 526 κατὰ
1726 500 1817 526 πᾶσαν
1834 499 1897 525 ὑπό-

1113 553 1186 571 νοιαν
1209 545 1254 571 τοῦ
1269 544 1438 579 Μονογενοῦς
1453 544 1641 580 ἀποτέμνομεν
1658 553 1665 561 ’
1683 545 1778 581 μηδεὶς
1793 545 1822 572 δὲ
1843 545 1899 571 δια-

1113 591 1292 625 σπαρασσέτω
1309 590 1353 617 διὰ
1378 591 1559 624 συκοφαντίας
1575 591 1619 618 τὸν
1629 591 1706 625 λόγον
1715 613 1721 624 ,
1734 592 1772 622 ὼς
1786 591 1899 627 ἀγέννη-

1111 644 1157 661 τον
1176 634 1252 670 ἡμῶν
1265 634 1395 661 δεικνύειν
1409 635 1618 671 ἐπιχειρούντων
1632 636 1677 662 τὸν
1697 635 1806 672 ἀληθῶς
1820 637 1883 663 Υἱόν
1892 645 1898 651 ⁸

1111 679 1186 706 οὐδὲν
1203 680 1257 716 γὰρ
1272 680 1381 706 ἔλαττον
1396 680 1503 707 ἁσεὸεἴν
1523 682 1585 712 τοὺς
1601 681 1634 708 τὰ
1646 682 1757 709 τοιαῦτα
1773 682 1899 716 λέγοντας

1111 726 1164 752 τῶν
1183 727 1212 752 τι)
1237 727 1359 762 ἀνόμοιον
1378 727 1594 761 δογματιζόντων
1618 727 1800 763 διοριζόμεθα.
1828 728 1897 754 Ἀλλ’

1111 771 1203 807 ἐπειδὴ
1219 772 1372 808 πολύσημος
1387 773 1401 799 ὁ
1415 772 1463 807 τῆς
1485 772 1578 808 ἀρχῆς
1592 773 1678 808 λόγος.
1699 774 1746 800 καὶ
1758 775 1799 805 είς
1816 774 1900 800 πολλᾶ

1112 819 1171 850 ταῖς
1186 818 1322 849 ὑπονοίαις
1337 819 1500 854 φερόμενος·
1515 818 1587 844 ἐστιν
1602 819 1630 845 ἐν
1646 816 1687 851 οἷς
1699 828 1789 854 φαμεν
1805 820 1852 845 καὶ
1864 819 1902 854 τῷ

1119 865 1257 898 μονογενεῖ
1284 864 1340 899 Υίῷ
1363 864 1399 899 μὴ
1428 863 1610 898 ἀπεμφαίνειν
1635 865 1684 899 τὴν
1711 863 1758 890 τοῦ
1783 865 1902 899 ἀνάρχου

1115 909 1308 944 προσηγορίαν.
1326 909 1410 936 Ὅταν
1434 910 1482 944 μὲν
1497 910 1551 945 γὰρ
1570 910 1600 936 τὸ
1621 910 1657 944 μὴ
1681 909 1711 941 ἐξ
1726 910 1813 936 αἰτίου
1832 910 1904 942 τινος

1113 955 1161 990 τὴν
1176 955 1323 982 ὑπόστασιν
1337 955 1408 990 ἔχειν
1422 955 1454 982 ὲκ
1468 955 1517 991 τῆς
1531 955 1622 991 φωνῆς
1641 955 1687 981 τοῦ
1701 955 1823 990 ἀνάρχου
1840 956 1903 990 νοῆ-

1113 1009 1166 1034 ται,
1182 1001 1260 1027 τοῦτο
1275 1001 1355 1036 μόνον
1365 1001 1411 1028 τοῦ
1431 1001 1536 1036 Πατρὸς
1550 1001 1614 1027 ίδιον
1627 1001 1813 1036 ὁμολογοῦμεν
1824 1009 1829 1015 ·
1840 1002 1902 1028 ὅταν

1112 1046 1141 1073 δὲ
1157 1047 1227 1074 κατὰ
1248 1047 1281 1073 τὰ
1297 1047 1376 1073 λοιπὰ
1391 1047 1445 1073 τῶν
1459 1047 1506 1073 ἐπὶ
1529 1047 1577 1082 τῆς
1594 1046 1680 1082 ἀρχῆς
1694 1047 1902 1082 σημαινομένων

1112 1093 1128 1126 ἡ
1143 1092 1264 1124 ἐξέτασις
1285 1091 1321 1129 ᾖ,
1339 1092 1432 1128 ἐπειδὴ
1454 1093 1501 1119 καὶ
1529 1092 1643 1123 κτίσεώς
1660 1101 1731 1124 τινος
1756 1093 1903 1119 ἐπινοεῖται

1112 1137 1193 1173 ἀρχὴ,
1207 1139 1253 1164 καὶ
1278 1138 1373 1173 χρόνου
1386 1158 1393 1171 ,
1415 1137 1461 1165 καὶ
1483 1137 1596 1171 τάξεως,
1614 1139 1665 1164 κὰν
1676 1137 1784 1169 τούτοις
1803 1139 1852 1164 καὶ
1867 1138 1903 1172 τῷ

1112 1185 1258 1218 Μονογενεῖ
1280 1184 1543 1220 προσμαρτυροῦμεν
1569 1185 1598 1211 τὸ
1625 1184 1793 1220 ὑψηλότερον
1807 1185 1904 1220 ’ἀρχῆς

1112 1227 1191 1261 εἶναι,
1205 1229 1242 1261 ὡς
1255 1230 1324 1265 ὑπὲρ
1338 1230 1426 1256 πᾶσαν
1438 1229 1553 1261 κτίσεως
1566 1230 1664 1265 ἀρχὴν,
1683 1231 1730 1257 καὶ
1750 1231 1849 1265 χρόνου
1865 1231 1904 1256 ἕν-

1112 1283 1205 1307 νοιαν,
1230 1276 1276 1302 καὶ
1303 1275 1404 1307 τάξεως
1428 1275 1588 1302 ἀκολουθίαν
1614 1273 1682 1302 εἶναι
1709 1276 1851 1302 πιστεύειν
1877 1277 1905 1302 το

1111 1320 1144 1346 δι’
1161 1316 1191 1346 οὗ
1204 1320 1237 1346 τὰ
1251 1320 1338 1347 πάντα
1354 1320 1462 1354 ἐγένετο
1472 1327 1478 1334 ·
1494 1319 1564 1347 ὣστε
1580 1320 1625 1347 τὸν
1639 1320 1677 1356 τῷ
1689 1321 1761 1355 λόγῳ
1772 1321 1824 1356 τῆς
1838 1321 1903 1347 ὐπο-

1113 1366 1234 1397 στάσεως
1263 1366 1300 1401 μὴ
1319 1365 1446 1401 ἄναρχον,
1462 1367 1490 1392 ὲν
1506 1367 1563 1398 τοῖς
1590 1366 1679 1398 ἄλλοις
1704 1367 1787 1393 πᾶσιν
1806 1367 1904 1401 ὁμολο-

1111 1412 1242 1447 γούμενον
1269 1412 1341 1447 ἔχειν
1363 1412 1392 1438 τὺ
1417 1412 1550 1448 ἄναρχον⁴
1568 1412 1614 1438 καὶ
1637 1412 1681 1438 τον
1708 1412 1758 1447 μὲν
1776 1413 1900 1448 Πατέρα,

1112 1459 1159 1485 καὶ
1180 1459 1306 1493 ἄναρχον,
1324 1458 1370 1484 καὶ
1394 1457 1539 1493 ἀγέννητον
1554 1466 1562 1474 ⁸
1578 1458 1622 1484 τὸν
1645 1457 1674 1485 δὲ
1698 1458 1761 1484 Υίδν
1786 1459 1905 1492 ἄναρχον

277 1501 376 1536 nisque
387 1501 608 1528 consecutionem
619 1503 645 1527 et
652 1500 750 1527 seriem
763 1504 887 1527 evectum
899 1501 1057 1534 credamus;

1113 1504 1161 1540 μὲν
1183 1503 1255 1530 κατὰ
1269 1504 1313 1530 τὸν
1336 1503 1480 1539 εἰρημένον
1499 1503 1598 1539 τρόπον
1614 1523 1622 1536 ,
1636 1504 1665 1530 οὺ
1681 1503 1734 1539 μὴν
1763 1504 1812 1530 καὶ
1825 1504 1905 1537 ἀγέν-

277 1548 371 1581 ιὶῑιιίιιιο
386 1553 466 1582 quem
481 1546 508 1573 in
521 1545 661 1581 hypostasi
683 1545 809 1580 principii
839 1550 978 1580 expertem
1001 1553 1062 1576 esse

1115 1557 1205 1584 νητον.

279 1600 420 1627 negamus,
435 1599 498 1620 eum
511 1592 539 1618 in
553 1592 614 1619 aliis
635 1591 762 1619 omnibus
777 1591 904 1627 principii
921 1598 1059 1628 expertem
1079 1597 1245 1629 statuimus;
1277 1599 1305 1623 et
1336 1595 1445 1623 Patrem
1463 1595 1575 1631 quidem
1605 1595 1733 1630 principii
1764 1599 1906 1629 expertem

277 1643 306 1665 et
320 1637 517 1670 innascibilem,
537 1637 635 1664 Filium
654 1641 745 1665 autem
772 1638 805 1665 ad
840 1638 1000 1674 praedictum
1026 1642 1136 1670 modum
1169 1642 1298 1678 principii
1321 1646 1472 1678 expertem,
1493 1649 1549 1669 non
1582 1646 1673 1668 tamen
1705 1640 1902 1668 iunascibileﬂl

275 1692 338 1712 esse
354 1685 494 1712 docemus.

313 1732 342 1758 ln
358 1738 438 1765 quam
452 1730 534 1765 igitur
553 1734 697 1764 cognatam
715 1728 804 1756 Patris
828 1730 986 1766 dignitatem
1017 1732 1060 1759 in-

277 1782 368 1807 tuens,
383 1783 432 1810 per
452 1775 525 1802 illam
542 1774 723 1810 generationis
742 1775 852 1802 modum
877 1776 1005 1812 colligit?
1032 1776 1060 1804 In

280 1822 532 1852 innascibilitatem,
552 1820 748 1855 respondebit,
775 1821 882 1855 opinor.
918 1820 1005 1856 Igitur
1037 1822 1061 1850 si

277 1868 370 1896 omnia
385 1867 437 1894 alia
449 1867 570 1899 nomina,
591 1874 651 1901 quae
668 1866 701 1893 ad
718 1866 833 1902 gloriam
857 1867 905 1894 Dei
919 1868 1062 1896 celebran-

277 1914 340 1942 dam
355 1914 520 1949 accepimus,
535 1912 626 1940 inania
640 1916 667 1940 et
682 1912 834 1948 signiﬁcatu
850 1912 981 1942 destituta
998 1923 1062 1943 cen-

279 1968 334 1993 ses,
357 1952 495 1994 supertlua
517 1959 570 1986 erit
593 1959 689 1986 talium
705 1966 803 1987 vocum
824 1961 1006 1994 enumeratio,
1032 1961 1060 1988 iu

279 2006 338 2034 solo
353 2009 380 2033 et
392 2005 464 2032 nudo
475 2005 600 2040 catalogo
613 2005 701 2040 posita
718 2014 725 2032 :
740 2005 876 2040 siquidem
891 2006 965 2033 nulla
985 2011 1061 2034 caete-

277 2059 371 2079 rarum
394 2051 608 2087 appellationum
640 2051 793 2079 naturalem
813 2051 884 2086 ejus,
902 2053 948 2087 qui
977 2060 1061 2087 supra

278 2098 370 2125 omnia
396 2101 449 2131 est,
474 2096 636 2132 dignitatem
657 2098 741 2124 menti
762 2097 866 2131 objicit.
892 2098 927 2124 At
954 2105 1018 2126 vero
1037 2099 1061 2126 si

276 2141 397 2177 singulis
411 2142 553 2168 vocabulis
567 2149 628 2176 qua:
642 2142 925 2175 rccensuimus,notio
940 2145 1060 2178 propria,

1147 1731 1195 1763 Εἰς
1210 1732 1283 1758 ποῖον
1296 1729 1343 1758 οὖν
1356 1730 1476 1767 συμφυὲς
1485 1730 1592 1766 ἀξίωμα
1605 1730 1651 1757 τοῦ
1667 1730 1776 1765 Πατρδς
1788 1731 1905 1765 βλέπων,

1112 1779 1145 1805 δι’
1161 1778 1262 1805 ἐκείνου
1275 1778 1320 1804 τὸν
1333 1778 1382 1813 τῆς
1400 1778 1552 1813 γεννήσεως
1570 1778 1670 1813 τρόπον
1692 1778 1906 1812 ἀναλογίζεται;

1114 1825 1161 1855 Εἰς
1183 1823 1232 1858 τὴν
1261 1823 1436 1858 ἀγεννησίαν,
1451 1823 1560 1854 πάντως
1579 1824 1646 1858 ὲρεῖ.
1675 1823 1781 1850 Οὐκοῦν
1806 1825 1832 1850 εί
1860 1826 1908 1860 μὲν

1114 1868 1202 1894 πάντα
1215 1868 1249 1893 τὰ
1266 1867 1393 1901 ὀνόματα,
1408 1867 1457 1893 ὅσα
1474 1867 1512 1899 εἰς
1528 1867 1677 1901 δοξολογίαν
1697 1867 1746 1894 τοῦ
1762 1868 1833 1895 Θεοῦ
1856 1870 1909 1896 τῶν

1113 1913 1182 1940 ὅλων
1209 1913 1364 1948 ἐμάθομεν,
1387 1913 1459 1950 ἀργά
1480 1922 1520 1939 σοι
1542 1913 1587 1940 καὶ
1609 1914 1755 1949 ἀσήμαντα
1779 1908 1907 1951 λέγομεν,

1115 1959 1226 1993 περιττή
1246 1959 1289 1990 τις
1313 1959 1371 1985 ἐστι
1391 1958 1438 1985 καὶ
1463 1959 1636 1994 παρέλκουσα
1660 1960 1676 1994 ὴ
1695 1959 1751 1987 τῶν
1777 1961 1909 1988 τοιούτων

1112 2004 1207 2038 φωνῶν
1222 2004 1410 2040 ἀπαρίθμησις
1421 2005 1449 2031 ἐν
1464 2004 1533 2039 ψιλῷ
1547 2004 1586 2039 τῷ
1602 2005 1746 2040 καταλόγῳ
1765 2015 1909 2042 προφερο-

1113 2050 1191 2086 μένη,
1207 2051 1285 2085 εἴπερ
1309 2050 1421 2085 οὐδεμία
1447 2049 1500 2076 τῶν
1522 2050 1622 2077 λοιπῶν
1646 2052 1846 2087 προσηγοριῶν
1861 2053 1909 2087 τὴν

1111 2096 1227 2130 φυσικὴν
1242 2095 1319 2128 ἀξίαν
1346 2095 1393 2122 τοῦ
1421 2095 1467 2121 ἐπὶ
1492 2095 1599 2122 πάντων
1624 2097 1813 2132 παρίστησιν·
1831 2098 1857 2123 εί
1882 2099 1908 2124 δὲ

1111 2140 1226 2168 ἑκάστου
1248 2139 1302 2167 τῶν
1325 2140 1478 2175 λεγομένων
1504 2140 1641 2172 ἰδιάζουσὰ
1664 2150 1707 2172 τις
1732 2142 1843 2174 ἔννοια,
1861 2143 1909 2169 καῖ,

276 2191 306 2214 et
320 2186 515 2213 existimationi
536 2185 635 2212 divinae
653 2190 838 2214 consentanea
854 2188 1058 2215 substernitur:

1113 2186 1253 2221 πρέπουσα
1267 2188 1300 2223 τῇ
1317 2186 1381 2221 περὶ
1397 2185 1465 2212 Θεοῦ
1483 2185 1614 2220 ὑπολήψει
1640 2189 1917 2224 γνωρίζεται-δηλον-

275 2232 418 2260 enimvero
431 2236 489 2258 tum
513 2232 594 2258 etiam
622 2237 754 2266 cognatas
774 2232 819 2260 Dei
845 2233 992 2268 dignitates
1012 2241 1061 2262 se—

1113 2233 1154 2260 ότι
1174 2232 1243 2259 κατὰ
1261 2231 1307 2257 τὸν
1341 2230 1456 2266 ἀριθμὸν
1483 2230 1537 2257 τῶν
1556 2231 1693 2265 ὀνομάτων
1718 2231 1768 2257 καὶ
1786 2232 1816 2257 αι
1838 2239 1908 2265 συμ-

279 2276 402 2304 cundum
430 2276 686 2311 multiplicationem
715 2277 857 2304 nominum
886 2278 1061 2313 multiplicari

1113 2277 1190 2310 φυεῖς
1206 2275 1279 2308 ἀξίαι
1303 2275 1350 2302 τοῦ
1365 2275 1432 2302 Θεοῦ
1446 2275 1626 2311 Οεωροῦνται·
1648 2276 1695 2302 καὶ
1711 2275 1756 2302 διὰ
1771 2276 1880 2302 τούτων
1894 2277 1909 2310 ἠ

281 2325 397 2357 oportet,
413 2328 460 2356 per
473 2329 541 2356 quas
556 2321 707 2349 similitudo
736 2325 840 2349 natura:
869 2326 944 2350 recte
960 2323 1061 2358 colligi-|

1113 2321 1166 2347 τῶν
1200 2321 1298 2347 οὐσιῶν
1326 2321 1451 2356 ὁμοιότης
1478 2317 1714 2352 κατασκευάζεται
1733 2329 1741 2335 ·
1763 2321 1849 2356 είπερ
1876 2321 1909 2346 τὰ

282 2371 347 2395 tur:
365 2367 389 2394 si
402 2371 524 2402 cognata:
539 2367 702 2395 substantiis
726 2367 872 2402 dignitates
890 2373 917 2396 et
939 2369 1063 2403 praecuti-

281 2412 381 2441 nentia:
395 2412 582 2447 subjectarum
596 2420 687 2440 rerum
702 2412 803 2440 indicia
821 2416 896 2441 sunt.
913 2414 980 2442 Cum
997 2423 1063 2443 vero

282 2458 310 2485 in
327 2461 445 2493 utroque
461 2457 563 2485 eaedem
576 2457 723 2493 dignitates
739 2461 766 2485 et
789 2459 956 2486 excellentiae
981 2466 1064 2494 appa-

281 2506 372 2536 reant,‘
391 2502 534 2537 perspicue
555 2510 668 2538 prorsus
696 2503 824 2530 identitas
853 2504 1014 2532 substantia:
1035 2505 1064 2532 in

282 2548 375 2581 rebus,
393 2555 455 2583 quae
473 2548 516 2576 his
539 2548 717 2584 dignitatibus
739 2548 868 2582 subsunt,
897 2550 1061 2577 ostenditur.

283 2593 312 2622 Si
327 2594 399 2622 enim
416 2594 497 2622 unius
509 2594 632 2622 vocabuli
648 2594 763 2622 mutatio
781 2594 918 2622 diversam
935 2595 1064 2623 substan-

281 2639 348 2666 tiam
361 2638 540 2672 demonstrat,
556 2644 659 2675 quanto
674 2640 765 2676 magis
776 2641 861 2668 multa
885 2640 971 2668 millia
993 2641 1065 2676 ejus-

282 2683 344 2711 dem
362 2684 477 2712 rationis
487 2685 617 2714 vocabula
632 2686 853 2713 communionem
868 2690 974 2714 naturae
994 2687 1063 2714 indi-

283 2729 406 2756 cabunt?
423 2729 488 2763 Quae
497 2730 579 2767 igitur
592 2738 675 2759 causa
691 2735 744 2763 est,
761 2738 812 2758 cur
829 2731 937 2766 reliqua
952 2733 1063 2759 nomina

283 2775 463 2810 negligantur,
482 2784 591 2812 unoque
609 2777 668 2804 solo
693 2776 833 2810 generatio
862 2776 1064 2812 investigetur?

278 2820 338 2849 Cur
358 2821 432 2850 Patri
452 2823 538 2851 solam
566 2822 816 2855 innascibilitatem,
848 2830 897 2850 ceu
920 2828 1063 2859 cognatam

1115 2366 1225 2401 συμφυῆ
1241 2367 1302 2397 ταῖς
1316 2366 1420 2397 οὐσίαις
1431 2366 1573 2401 ἀξιώματα
1591 2366 1763 2401 γνωριστικὰ
1778 2366 1837 2393 τῶν
1849 2367 1911 2393 ὑπο-

1114 2411 1246 2446 κειμένων
1261 2412 1328 2438 ὲστί.
1348 2411 1408 2438 Τῶν
1419 2412 1447 2438 δὲ
1462 2411 1624 2446 ἀξιωμάτων
1641 2411 1684 2446 ἐφ’
1701 2411 1841 2447 ἐκατέρου
1858 2412 1910 2438 τῶν

1113 2458 1201 2484 αὐτῶν
1210 2457 1388 2493 φαινομένων,
1405 2459 1422 2493 ὴ
1437 2458 1507 2485 κατὰ
1523 2458 1572 2493 τὴν
1585 2458 1678 2484 οὐσίαν
1696 2459 1836 2493 ταυτότης
1857 2459 1911 2485 τῶν

1113 2504 1172 2534 ταῖς
1185 2503 1279 2534 αὑταῖς
1296 2502 1384 2534 ἀξίαις
1407 2501 1595 2538 ὑποκειμένων
1611 2502 1789 2537 πραγμάτων
1814 2502 1912 2538 σαφῶς

1113 2548 1306 2575 ἐπιδείκνυται.
1326 2548 1358 2574 Εἰ
1375 2547 1429 2582 γὰρ
1445 2547 1522 2582 ίκανὴ
1547 2546 1685 2582 νομίζεται
1699 2546 1760 2577 ἑνὸς
1774 2546 1913 2582 ὀνόματος

1114 2593 1275 2629 παραλλαγὴ
1301 2593 1331 2620 τὸ
1348 2593 1422 2626 ξένον
1437 2593 1488 2628 τῆς
1512 2592 1606 2624 οὐσίας
1632 2591 1818 2624 ἐνδείξασθαι,
1837 2593 1913 2626 πόσῳ

1116 2638 1215 2673 μᾶλλον
1227 2637 1331 2673 ἰσχύσει
1346 2638 1363 2672 ὴ
1381 2637 1435 2664 τῶν
1451 2638 1555 2673 μυρίων
1566 2637 1706 2672 ὀνομάτων
1722 2637 1865 2672 ταυτὰττλς
1885 2638 1914 2664 το

1114 2684 1201 2711 κοινὸν
1229 2684 1403 2719 παραστῆσαι
1428 2683 1478 2718 τῆς
1505 2683 1630 2718 φύσεως;
1656 2682 1704 2714 Τίς
1722 2680 1771 2709 οὖν
1789 2684 1806 2718 ἡ
1826 2683 1912 2711 αἰτία,

1113 2731 1147 2758 δι’
1159 2731 1192 2767 ἢν
1206 2731 1241 2759 τὰ
1257 2731 1306 2767 μὲν
1319 2731 1400 2758 λοιπὰ
1415 2731 1469 2758 τῶν
1485 2731 1624 2766 ὀνομάτων
1640 2731 1821 2766 περιορᾶται,
1840 2732 1914 2766 μόνῳ

1114 2778 1143 2804 δὲ
1159 2777 1197 2812 τῷ
1212 2778 1251 2805 ἑνὶ
1265 2777 1460 2813 τεκμηριοῦται
1472 2779 1488 2812 ἡ
1501 2777 1643 2812 γέννησις;
1657 2776 1714 2802 Καὶ
1728 2776 1775 2803 διὰ
1786 2776 1814 2803 τί
1831 2776 1914 2812 μόνον

1116 2823 1235 2858 συμφυὲς
1246 2823 1353 2858 ἀξίωμα
1366 2823 1415 2860 τὴν
1429 2823 1591 2858 ἁγεννησίαν
1604 2822 1651 2848 ἐπὶ
1670 2821 1718 2848 τοῦ
1736 2822 1851 2854 [ἰατρὸς
1874 2822 1914 2848 δο·
