1957 3079
87 91 127 116 ιοι
676 96 814 124 CONTRA
835 95 1028 130 EUNOMIUM,
1044 95 1108 123 LIB.
1126 96 1146 123 l.

1645 94 1697 124 402

87 146 219 181 φιστικῶς,
234 147 289 174 εἴτε
311 148 381 175 κατά
400 157 461 176 τινα
480 150 594 186 δύναμιν
615 152 804 188 ἁποδεικτικὴν
815 153 863 188 τὴν

916 161 947 180 ex
966 153 1010 184 iis,
1021 160 1081 188 quae
1095 152 1283 184 concedimus,
1300 151 1403 188 aliquid
1419 151 1589 188 protulisset,
1605 158 1699 187 postea

88 192 202 226 τοιαύτην
223 194 420 227 συκοφαντίαν·
438 193 509 231 εἶχεν
535 197 599 229 ἴσως
620 198 714 233 καιρὸν
738 199 784 225 ἐπὶ
805 199 863 226 δια-

88 236 143 270 ϐολῇ
160 236 206 262 τοῦ
218 236 352 271 δόγματος
368 239 401 265 τὰ
419 240 530 267 τοιαῦτα
544 243 700 278 προφέρειν.
713 243 744 269 Εἰ
760 243 788 269 δὲ
802 242 863 270 οὔτε

88 283 160 314 ἐστὶν,
173 282 233 308 οὔτε
251 283 288 318 μὴ
308 285 418 320 γένηται
433 285 510 320 λόγος
526 288 554 313 ἐν
575 287 721 324 Ἐκκλησία
734 289 863 321 τοιοῦτος,

89 327 142 354 οὔτε
151 329 164 354 ό
174 329 257 355 εἰπὼν
270 329 420 365 ἐλέγχεται,
431 331 492 359 οὔτε
506 333 520 359 ὁ
532 333 656 369 ἀκηκοὼς
669 334 862 367 ἐπιδείκνυται,

87 373 141 400 οὔτε
154 374 258 411 ἀνάγκη
279 384 320 408 τις
335 377 499 412 εὑρίσκεται,
514 379 558 406 διά
574 388 645 412 τινος
660 379 806 407 ἀκολούθου
818 380 866 416 τὴν

89 419 192 446 ἀτοπίαν
212 421 314 456 ταύτην
331 425 580 456 κατασκευάζουσα,
601 425 627 452 τί
646 425 769 460 βούλεται
793 425 868 460 αὐτῷ

89 467 102 500 ἠ
115 467 270 501 σκιαμαχία,
281 469 311 494 οὺ
328 469 440 504 συνορῶ.
459 471 562 506 Ὥσπερ
576 471 608 498 ἂν
619 472 697 503 εἴτις
712 472 763 498 ὑπὸ
780 471 868 507 φρενί-

88 511 150 542 τιδος
166 513 342 547 παραπαίων,
364 515 568 550 συμπεπλέχθαι
581 516 684 551 νομίζοι
706 517 769 549 τινὶ,
788 516 868 552 μηδε-

89 558 126 589 νὸς
140 559 376 593 προσπαλαίοντος,
389 559 447 587 εἷτα
464 562 534 588 κατὰ
546 562 662 598 σπουδὴν
676 562 772 589 ἑαυτὸν»
782 571 864 589 κατα-

89 602 177 634 ϐαλὼν,
191 603 236 630 τὸν
248 606 474 641 προσμαχόμενον
484 607 578 633 οἴοιτο·
591 608 710 635 τοιοῦτόν
721 617 747 634 τι
764 608 863 634 πέπονμ

89 649 127 675 θεν
145 650 158 675 ό
177 650 257 684 σοφὸς
276 651 454 687 λογογράφος,
474 654 653 681 ἁναπλάσσων
675 654 810 686 ὑπονοίας,
830 654 863 686 ἃς

89 696 158 730 ἡμεῖς
169 696 198 722 οὑ
213 696 396 733 γινώσκομεν,
411 700 458 726 καὶ
476 702 565 732 σκιαῖς
583 701 818 737 προσμαχόμενος,
830 701 863 733 ἃς

88 739 125 766 διὰ
136 741 184 767 τῶν
198 742 338 778 λογισμῶν
356 745 427 772 ὶδὶων
441 747 643 774 ἀνετυπώσατο.

917 207 950 226 ex
967 200 1027 230 hoc,
1046 200 1103 226 sive
1123 199 1281 234 sophistica,
1305 199 1363 227 sive
1378 199 1622 226 demonstrationis
1637 198 1698 226 elﬁ-

917 243 1032 271 caeitate
1049 244 1257 279 sycophantiam
1278 244 1340 272 inde
1357 235 1551 276 conclusisset,
1572 243 1699 271 fortassis

916 289 1088 316 occasionem
1103 289 1243 316 habuisset
1260 290 1312 317 tale
1325 290 1388 324 quid
1412 290 1444 317 de
1463 289 1590 324 dogmate
1603 293 1699 316 nostro

917 342 965 370 per
980 335 1143 361 calumuituu
1158 334 1322 369 proferendi.
1342 334 1372 362 Si
1388 343 1452 362 vero
1468 343 1556 370 neque
1577 340 1629 366 est,
1648 342 1698 361 ne—

915 389 968 416 que
984 389 1102 415 unquam
1124 381 1176 408 erit
1199 381 1226 407 in
1240 380 1362 407 Ecclesia
1385 381 1449 408 talis
1470 381 1609 414 doctrina,
1625 385 1652 408 et
1675 380 1698 408 si

915 435 1002 461 neque
1022 431 1117 453 auctor
1143 425 1363 460 reprehenditur,
1391 434 1481 461 neque
1498 427 1544 461 qui
1564 427 1617 454 tale
1633 426 1698 461 quid

915 472 1060 503 audiverit,
1081 472 1296 503 demonstratur,
1314 478 1400 506 neque
1415 472 1469 498 ulla
1485 472 1565 499 etiam
1581 473 1699 500 necessi-

914 522 958 545 tas
975 521 1096 552 apparet,
1126 525 1185 552 ιιιιιιε
1206 517 1363 551 hujustnodi
1385 517 1578 545 absurditatem
1601 526 1700 546 conse-

916 564 1025 591 eutioue
1040 563 1156 597 quadam
1173 562 1296 590 evincat.
1322 570 1375 589 non
1399 563 1477 590 video
1491 571 1620 598 quorsum
1637 572 1699 591 cum

917 615 966 635 sua
981 607 1119 634 umbratili
1138 607 1332 641 digladiatione
1346 607 1440 639 tendat
1454 608 1698 641 :quemadunodum

916 653 938 680 si
962 653 1024 688 quis
1049 654 1076 680 in
1105 652 1232 687 phrenesi
1249 653 1380 685 delirans,
1400 661 1442 686 se,
1462 653 1571 680 netuine
1586 660 1700 687 congre-

915 699 1016 731 diente,
1041 707 1103 726 cum
1128 699 1219 733 aliquo
1235 706 1414 734 congressum
1439 699 1588 730 existimet,
1603 698 1700 725 deinde

916 744 943 770 iu
962 744 1081 777 seipsuut
1106 744 1206 770 acriter
1223 743 1323 777 impetu
1348 743 1421 778 dato,
1450 744 1572 779 seipsum
1592 751 1700 778 quoque

89 787 263 814 alversarium
278 790 417 818 existimet
432 801 439 818 :
457 793 512 819 tale
524 793 591 827 quid
605 793 780 821 declamatori
797 793 861 820 huic
879 789 990 821 accidit,
1010 789 1123 824 ﬁngenti
1161 796 1252 822 sensa,
1277 796 1336 823 quae
1352 796 1401 816 uos
1435 797 1487 816 non
1515 789 1699 824 agnoscimus,

89 839 110 862 et
124 843 180 863 cum
198 837 308 865 umbris
321 838 476 872 dimicanti,
495 847 563 875 quas
578 848 610 868 ex
627 841 738 876 proprio
751 840 867 868 cerebro
885 837 1049 871 exsculpsit.

77 916 80 919 Δ
117 881 220 908 Ειπάτω
235 882 302 916 γὰρ,
328 883 369 914 τίς
386 884 518 920 ἠάνάγκη
538 885 584 912 τὸν
598 886 779 921 ὁμολογοῦντα
799 885 863 912 Υἱὸν

949 880 1027 908 Dicat
1044 881 1127 913 enim,
1144 888 1267 915 quaenam
1280 881 1432 909 necessitas
1446 888 1519 912 eum,
1539 880 1584 916 qui
1601 880 1699 908 Filium

89 927 114 952 ἐκ
125 927 223 963 Πατρός
230 928 422 963 γεγεννῆσθαι,
438 931 477 962 εἰς
487 930 532 957 δύο
549 931 702 967 ἀγεννήτων
715 931 863 967 ὑπολήψεις

88 971 237 1008 ἐκφέρεσθαι
248 982 255 1006 ;
270 974 308 1000 “Η
320 975 392 1005 τίνος
406 976 504 1009 μᾶλλόν
517 978 575 1002 ἐστι
591 977 637 1004 δύο
650 977 861 1009 κατασκευάζειν

87 1017 219 1053 ἀγέννητα;
235 1019 285 1045 τοῦ
302 1020 346 1046 τὸν
363 1020 427 1047 Υιὺν
442 1021 623 1057 ψευδωνύμως
638 1023 762 1057 λέγεσθαι
777 1031 861 1049 κατα-

89 1062 253 1095 σκευάζοντος
263 1085 272 1096 ,
290 1064 306 1100 ἣ
322 1064 369 1090 τοῦ
381 1065 618 1101 διαὸεϐαιουμένου
638 1067 671 1102 τῇ
692 1066 862 1102 προσηγορίᾳ

87 1107 128 1143 τὴν
140 1108 230 1143 κλῆσιν
244 1110 463 1145 ἐπαληθεύεσθαι
474 1120 481 1144 ;
503 1112 530 1138 '0
543 1112 597 1147 γὰρ
607 1112 655 1147 τὴν
670 1112 756 1147 ἀληθῆ
769 1112 862 1147 γέννη-

88 1162 123 1180 σιν
131 1154 175 1180 τοῦ
192 1154 257 1180 Υἱοῦ
278 1155 316 1190 μὴ
336 1155 490 1190 δεξάμενος,
508 1154 577 1183 εἶναι
588 1157 616 1183 δὲ
630 1157 698 1188 ὅλως
713 1156 861 1192 ὁμολογῶν,

86 1199 236 1235 οἰκειότερον
249 1199 286 1226 ἂν
298 1200 458 1236 ὑπονοηθείη
470 1201 615 1236 ἀγέννητον
627 1201 726 1236 λέγειν,
741 1202 786 1228 τὸν
800 1202 863 1229 ὄντα

89 1245 140 1279 μὲν,
155 1245 189 1280 μὴ
204 1245 248 1272 διὰ
271 1246 425 1281 γεννήσεως
441 1246 469 1272 δὲ
482 1246 512 1273 τδ
535 1244 605 1274 εἶναι
623 1247 728 1283 ἔχοντα.
749 1248 778 1274 Ὀ
792 1248 820 1274 δὲ
832 1249 867 1274 τὸ

88 1291 252 1325 γνωριστικὺν
276 1292 402 1327 ὁμοίωμα
425 1293 474 1327 τῆς
491 1292 539 1319 τοῦ
561 1293 729 1327 Μονογενοῦς
745 1293 862 1320 ὑποστά-

89 1345 156 1368 σεως,
170 1337 234 1363 αὐτὸ
250 1337 283 1363 τὸ
298 1338 434 1372 γεννητῶς
457 1339 539 1365 αὑτὸν
559 1339 592 1365 ἐκ
607 1339 653 1365 τοῦ
670 1339 775 1374 [ἰατρὸς
795 1340 862 1366 ὑπο-

89 1382 172 1416 στῆναι
184 1383 379 1419 διοριζόμενος,
393 1383 452 1415 πῶς
467 1383 499 1410 ἂν
515 1385 554 1416 εις
572 1384 602 1411 τὸ
617 1385 763 1420 ἀγέννητον
783 1386 863 1412 αὑτὸν

87 1427 177 1455 οἴεσθαι
192 1428 391 1464 παρενεχθείη;
409 1429 496 1455 καίτοι
515 1429 575 1456 καθ’
589 1430 661 1465 ὑμᾶς
674 1430 737 1462 τοὺς
753 1430 861 1465 σοφοὺς,

88 1474 132 1505 ἕως
145 1473 175 1500 ἂν
196 1476 299 1510 κρατῇ,
317 1474 346 1500 τὸ
361 1474 397 1510 μὴ
414 1475 576 1511 γεννηθῆναι
591 1475 667 1510 παρὰ
687 1475 733 1502 τοῦ
757 1477 863 1511 Πατρὺς

88 1519 126 1545 τὸν
139 1519 207 1552 Υιὸν,
222 1519 264 1547 ἐνί
286 1528 339 1546 τινι
351 1520 442 1555 τρόπῳ
456 1520 510 1546 τῶν
528 1520 580 1547 ὑπὸ
592 1520 638 1547 τοῦ
655 1521 800 1556 ἀγεννήτου
815 1529 863 1556 σηο

915 935 946 954 ex
967 926 1047 954 Patre
1073 930 1166 953 natum
1193 926 1282 959 docet,
1299 926 1334 953 ad
1352 927 1406 953 duo
1430 926 1549 961 ingenita
1567 926 1700 961 principia

915 973 1061 1001 statuenda
1089 973 1201 1007 adigat?
1230 972 1297 1005 Quis
1328 973 1421 1007 potius
1447 973 1500 999 duo
1527 972 1700 999 iunascibilia

914 1019 1048 1054 principia
1074 1019 1224 1046 introducit
1240 1018 1353 1051 ‘tillene,
1379 1019 1425 1053 qui
1449 1019 1566 1053 probare
1591 1019 1699 1049 nititur,

915 1064 1011 1091 Filittm
1037 1064 1107 1092 falso
1119 1064 1180 1091 Filii
1205 1072 1301 1092 nomen
1318 1069 1422 1097 tenere,
1449 1072 1484 1092 an
1500 1065 1556 1096 ille,
1574 1065 1620 1100 qui
1638 1072 1700 1091 cum

915 1109 966 1136 hae
992 1110 1172 1144 appellatione
1200 1115 1325 1138 naturam
1352 1118 1463 1146 quoque
1482 1110 1628 1138 concinere
1643 1109 1697 1136 ait?

915 1163 977 1183 natu
1001 1156 1047 1190 qui
1065 1163 1156 1183 veram
1180 1155 1240 1182 Filii
1263 1157 1467 1191 generationem
1495 1164 1552 1185 non
1569 1155 1699 1188 admittit,

914 1201 1003 1235 ipsum
1022 1204 1112 1227 tamen
1137 1201 1272 1229 exsistere
1299 1201 1456 1234 conﬁtetur,
1482 1201 1585 1236 justius
1606 1201 1699 1228 existi-

913 1251 1012 1279 matur,
1030 1248 1102 1282 quod
1119 1246 1217 1274 Filium
1231 1248 1425 1275 innascibilem
1440 1247 1533 1279 faciat,
1551 1255 1611 1274 cum
1627 1246 1700 1274 exsi-

913 1296 977 1324 stat,
1004 1299 1093 1326 neque
1118 1296 1207 1320 tamen
1234 1300 1280 1327 per
1297 1292 1499 1327 generationem
1534 1299 1596 1319 esse
1619 1298 1698 1318 suum

913 1338 1019 1366 habeat.
1047 1337 1093 1365 llle
1119 1345 1184 1365 vero
1209 1338 1255 1373 qui
1279 1338 1400 1364 afﬁrmat
1430 1339 1610 1373 hypostaseos
1633 1336 1700 1364 Uni-

913 1384 995 1418 geuiti
1015 1383 1202 1410 characterem
1226 1387 1253 1410 et
1271 1388 1363 1410 notam
1390 1391 1462 1414 esse,
1479 1391 1527 1419 per
1544 1383 1699 1417 generatio-

913 1435 975 1455 nem
1000 1435 1034 1454 ex
1065 1427 1144 1455 Patre
1168 1435 1241 1459 esse,
1261 1427 1397 1463 quomodo
1422 1427 1522 1455 Filium
1549 1427 1698 1462 ingenitum

914 1473 1095 1507 pronuntiat?
1118 1472 1280 1508 Quanquam
1309 1481 1340 1500 ex
1366 1473 1465 1508 placito
1483 1478 1587 1504 vestro,
1613 1480 1629 1499 ο
1653 1480 1698 1499 sa-

915 1519 1032 1553 pientes.
1047 1518 1167 1553 quandiu
1183 1518 1282 1545 Filium
1303 1526 1318 1544 a
1331 1518 1414 1545 Patre
1431 1526 1478 1552 per
1494 1518 1698 1552 generationem

90 1566 257 1600 μαινομένων,
274 1566 322 1593 καὶ
334 1566 415 1598 αὐτὸς
427 1566 573 1602 ἀγέννητος
585 1567 688 1602 κυρίως
710 1566 863 1602 ὀνομασθή-

915 1572 973 1592 esse
988 1564 1106 1599 negatis,
1131 1572 1184 1590 una
1198 1563 1314 1599 quadam
1328 1563 1527 1598 signiﬁcatione
1542 1571 1574 1590 ex
1589 1563 1623 1589 lis
1639 1569 1700 1596 qum

90 1619 163 1638 σεται.
183 1611 294 1647 Ἐπειδὴ
316 1611 369 1647 γὰρ
382 1612 416 1639 τὰ
434 1612 483 1647 μὲν
504 1612 660 1647 τικτόμενα,
674 1612 708 1639 τὰ
727 1612 755 1639 δὲ
777 1621 863 1639 καταο

90 1658 262 1693 σκευαζόμενα
280 1658 394 1692 γίνεται.
412 1659 442 1685 τὸ
458 1659 494 1694 μὴ
507 1658 551 1685 διὰ
562 1660 713 1693 γεννήσεως
728 1657 863 1692 ὑφεστὼς,

89 1703 155 1730 οὐδὲν
168 1703 265 1730 κωλύει
283 1705 439 1739 ἁγεννήτως
452 1702 599 1738 ὑφεστάναι
619 1703 719 1737 λέγειν,
733 1703 802 1729 κατὰ
815 1703 864 1738 μό-

89 1755 127 1772 νον
139 1747 166 1773 τὸ
180 1748 228 1782 τῆς
239 1748 394 1782 γεννήσεως
408 1747 616 1782 σημαινόμενον.
631 1746 716 1773 Τοῦτο
730 1746 757 1772 δὲ
771 1747 786 1773 ό
797 1746 864 1781 ὑμέ-

89 1800 158 1827 τερος
171 1793 232 1828 περὶ
248 1792 298 1819 τοῦ
311 1792 410 1828 Κυρίου
425 1791 623 1824 κατασκευάζει
636 1791 723 1825 λόγος,
737 1792 751 1817 ό
761 1791 864 1826 κτίσμα

89 1835 147 1864 εἶναι
160 1838 351 1872 διοριζόμενος.
370 1837 473 1864 Οὐκοῦν
488 1837 548 1864 καθ’
565 1837 647 1872 ὑμᾶς,
663 1834 686 1863 ὧ
701 1837 860 1870 σοφώτατοι,

89 1882 222 1918 ἀγέννητος
239 1884 253 1909 ό
271 1882 424 1918 Μονογενὴς
441 1884 473 1909 ὲκ
489 1884 538 1918 τῆς
557 1883 684 1918 τοιαύτης
705 1883 863 1915 ἀκολουθίας

89 1928 303 1964 ὸνομασθήσεται,
321 1930 351 1955 οὺ
368 1928 438 1955 κατὰ
446 1928 477 1958 τὸ
491 1929 622 1964 ἡμέτερον
639 1928 739 1964 δόγμα·
755 1929 801 1955 καὶ
816 1930 862 1955 εὐ-

91 1973 202 2008 ρίσκεται
216 1975 280 2009 ὑμῖν
295 1975 312 2009 ἡ
325 1973 397 2009 δίκη,
410 1974 506 2009 ἥντινα
527 1974 574 2000 καὶ
597 1974 684 2008 λέγεις
703 1974 791 2009 δίκην,
807 1975 864 2005 τοῖς

91 2020 220 2056 ὑμετέροις
233 2020 293 2047 καθ’
310 2019 388 2055 ἡμῶν
401 2019 609 2054 ὲπιψηφίζουσα.

119 2155 247 2191 Εὔκαιρον
265 2154 319 2190 γὰρ
335 2155 367 2180 ἐκ
380 2153 427 2180 τοῦ
444 2153 572 2189 βορϐόρου
589 2153 642 2180 τῶν
660 2154 762 2180 ἐκεῖθεν
778 2153 864 2188 λόγων

90 2201 250 2236 προσπτύσαι
265 2202 297 2235 τῇ
319 2200 442 2235 βδελυρίᾳ
455 2200 502 2226 τοῦ
515 2200 648 2235 δόγματος
658 2208 664 2215 ·
682 2200 727 2226 καὶ
748 2201 802 2234 γὰρ
818 2200 864 2226 καὶ

89 2247 116 2272 τὸ
126 2247 213 2282 ἕτερον
224 2246 306 2281 μέρος
316 2245 368 2271 τῶν
383 2245 454 2272 κατὰ
466 2245 495 2272 τὸ
506 2245 563 2281 δίλη
569 2255 629 2281 μμα
641 2245 769 2272 τεθέντων
779 2245 863 2280 αὐτῷ,

90 2292 132 2326 τῆς
148 2291 206 2327 ἴσης
229 2292 319 2326 ἔχεται
342 2290 542 2326 παραπληξίας.
567 2292 605 2318 Ἦ
615 2291 697 2326 μίαν,
717 2291 792 2326 φησὶ,
814 2290 863 2318 καὶ

89 2338 176 2371 μόνην
193 2336 326 2370 ἄναρχον
347 2336 562 2370 ὁμολογοῦντες
581 2336 690 2362 οὐσίαν
700 2356 708 2368 ,
722 2334 786 2362 εἶτα
800 2336 864 2362 ταύ-

90 2391 140 2416 την
155 2383 197 2415 εὶς
211 2381 328 2414 Πατέρα
353 2380 400 2407 καὶ
420 2381 488 2407 Υἱὸν
516 2380 553 2414 τῇ
573 2380 713 2414 γεννήσει
730 2379 864 2415 περιγρά-

90 2436 197 2461 por-req,
212 2427 310 2461 αὐτὴν
324 2427 390 2460 παρ’
401 2426 509 2460 ἑαυτῆς
520 2425 717 2461 γεγεννῆσθαι
726 2426 866 2461 τὴν-ἀγέν-

89 2481 174 2506 νητον
195 2473 304 2499 οὐσίαν
326 2471 448 2505 φήσετε.
472 2472 519 2503 Τίς
543 2471 612 2505 αὕτη
639 2471 718 2498 πάλιν
742 2472 759 2506 ἡ
787 2470 866 2505 καινὴ

91 2517 273 2553 τερατολογία;
294 2517 350 2548 πῶς
373 2516 453 2547 αὐτός
476 2525 518 2547 τις
542 2516 586 2550 ὑφ’
606 2516 701 2542 ἑαυτοῦ
728 2517 864 2550 γεννᾶται,

91 2564 176 2590 ἑαυτὸν
190 2563 300 2598 Πατέρα
317 2563 397 2598 ἔχων,
411 2562 458 2589 καὶ
473 2562 534 2594 Υἱὸς
549 2562 644 2589 ἑαυτοῦ
660 2562 740 2589 πάλιν
757 2563 865 2598 γινόμε-

92 2617 146 2640 veg;
165 2609 211 2640 Τίς
237 2609 254 2643 ή
276 2608 389 2640 ναυτία.;
406 2608 453 2638 Τίς
471 2608 487 2642 ὴ
514 2607 676 2642 παραφορά;
699 2607 865 2642 Στρέφεσθαι

93 2654 188 2685 ἑαυτοῖς
202 2654 248 2680 ἐπὶ
260 2653 291 2680 τὸ
304 2654 378 2680 κάτω
391 2653 436 2679 τὸν
448 2652 554 2687 ὄροφον,
568 2653 614 2679 καὶ
627 2653 697 2688 ὑπὲρ
707 2653 825 2687 κεφαλῆς
836 2654 865 2679 τὸ

93 2697 180 2733 ἔδαφος
193 2699 282 2734 ἔχειν;
301 2699 333 2725 ’Ὁ
349 2699 373 2724 οἱ
389 2698 441 2724 ὑπὸ
456 2697 540 2733 μέθης
555 2697 773 2733 καρηὸαροῦντες
791 2698 865 2733 νομί-

94 2741 177 2776 ζουσι,
191 2745 237 2770 καὶ
252 2743 344 2778 βοῶσι,
361 2743 407 2770 καὶ
419 2742 674 2778 διατείνονται,μήτε
689 2744 737 2777 τὴν
751 2743 802 2778 γῆν
817 2744 862 2770 αὑ-

94 2790 143 2821 τοῖς
157 2790 320 2826 πεπηγέναι,
340 2790 449 2825 φεύγειν
464 2799 491 2816 τε
507 2790 552 2816 καὶ
567 2790 628 2821 τοὺς
643 2789 762 2824 τοίχους,
777 2790 821 2816 καὶ
837 2791 864 2815 ἐν

914 1609 1071 1637 innascibili
1090 1609 1288 1643 subjiciuntur,
1312 1609 1370 1643 ipse
1386 1608 1468 1635 etiam
1482 1607 1569 1635 Filius
1588 1607 1698 1642 proprie

914 1656 1086 1684 iunascibilis
1107 1654 1305 1682 nominabitur.
1321 1654 1389 1680 Cum
1408 1653 1480 1680 enim
1499 1653 1553 1679 alia
1574 1652 1698 1686 quaedam

914 1705 1089 1736 generentur,
1105 1701 1159 1727 alia
1178 1700 1212 1728 ab
1227 1704 1285 1726 arte
1301 1698 1494 1729 conﬁciantur,
1515 1697 1581 1724 nihil
1597 1697 1698 1727 obstat,

913 1746 1061 1781 quominus
1086 1745 1123 1779 id,
1148 1745 1221 1780 quod
1244 1752 1292 1779 per
1312 1744 1517 1779 generationem
1539 1750 1591 1769 non
1610 1742 1696 1769 subsi-

914 1793 971 1824 stit,
985 1791 1104 1827 iugenite
1121 1790 1273 1818 subsistere
1287 1790 1421 1820 dicamus,
1438 1789 1496 1816 sola
1515 1787 1700 1823 generationis

914 1836 1115 1872 signiﬁcatione
1128 1835 1312 1862 considerata.
1327 1833 1385 1860 Huc
1398 1840 1462 1860 vero
1476 1836 1564 1859 vestra
1576 1831 1698 1860 doctrina

914 1882 1054 1913 collineat,
1072 1884 1166 1916 utpote
1183 1887 1244 1915 qua:
1257 1879 1404 1906 Dominum
1421 1876 1556 1905 creaturis
1567 1883 1699 1906 annume-

914 1933 965 1955 ret.
986 1928 1071 1962 Igitur
1085 1926 1238 1954 secundum
1254 1932 1314 1955 vos.
1332 1931 1348 1951 ο
1363 1922 1574 1958 sapientissimi,
1596 1921 1698 1955 Unige-

915 1974 989 2002 nitus
1005 1972 1145 2007 ingenitus
1166 1979 1199 1999 ex
1220 1970 1268 1997 tali
1287 1969 1482 1997 consecutione
1503 1967 1698 1998 nominabitur,

914 2027 970 2047 non
993 2026 1026 2046 ex
1042 2018 1169 2053 dogmate
1190 2020 1285 2044 nostro
1303 2025 1309 2042 :
1325 2018 1353 2042 et
1372 2015 1412 2042 sic
1424 2013 1533 2049 justitia
1553 2020 1602 2040 seu
1634 2012 1698 2042 Dice

915 2065 968 2100 (sic
982 2063 1055 2092 enim
1069 2061 1224 2098 appellatis)
1252 2064 1352 2090 contra
1368 2067 1419 2087 nos
1431 2067 1463 2087 ex
1476 2058 1576 2086 vestris
1593 2061 1700 2085 senten-

916 2111 980 2137 tiam
997 2110 1110 2145 prol‘ert.

949 2155 1136 2190 Opportunum
1150 2153 1205 2188 jam
1222 2156 1328 2187 tempus
1345 2155 1396 2184 est,
1406 2154 1436 2177 ut
1450 2158 1482 2178 ex
1496 2149 1624 2178 sordibus
1639 2156 1698 2176 ora-

916 2202 998 2229 tionis
1004 2197 1408 2233 eluctati,conspuamusipsum
1417 2196 1698 2231 essecrabiledogma:

916 2255 978 2274 nam
993 2250 1021 2274 et
1035 2246 1120 2272 altera
1136 2252 1200 2279 pars
1226 2251 1331 2276 eorum,
1354 2250 1415 2278 quae
1431 2250 1479 2277 per
1493 2242 1620 2275 dilemma
1636 2248 1699 2276 pro-

913 2292 987 2323 tulit,
1001 2290 1209 2319 similivesania
1221 2294 1340 2317 tenetur.
1358 2289 1401 2315 Ait
1415 2289 1501 2321 enim,
1529 2289 1568 2314 vel
1583 2295 1663 2313 unum
1675 2291 1700 2314 et

913 2337 999 2364 solum.
1035 2336 1158 2370 principii
1183 2339 1314 2370 expertem
1344 2333 1519 2361 substantiam
1546 2337 1698 2364 statuentes,

913 2387 1114 2418 eantquapostea
1132 2381 1211 2408 Patre
1227 2385 1251 2408 et
1269 2380 1338 2407 Filio
1351 2379 1606 2411 circumscribemes,
1616 2379 1700 2413 ipsam

913 2428 1095 2458 innascibt’lem
1110 2427 1286 2454 substantiam
1307 2435 1323 2453 a
1343 2427 1429 2460 seipsa
1456 2430 1614 2454 uatamcssc
1626 2433 1699 2452 asse-

912 2475 981 2502 ritis.
1000 2475 1065 2507 Quae
1079 2478 1120 2501 est
1134 2474 1185 2502 ista
1203 2474 1300 2500 iterum
1314 2473 1382 2499 adeo
1401 2479 1471 2500 nova
1482 2476 1508 2499 et
1526 2477 1699 2499 monstruosa

917 2521 1024 2548 oratio?
1045 2519 1186 2552 Quomodo
1211 2519 1310 2554 aliquis
1338 2527 1353 2546 a
1381 2519 1472 2554 seipso
1502 2519 1632 2549 nascitur,
1657 2517 1699 2544 sui

918 2566 1005 2601 ipsius
1031 2565 1108 2593 Pater
1127 2565 1227 2597 factus,
1245 2571 1270 2592 et
1297 2573 1393 2593 rursus
1422 2565 1463 2592 sui
1495 2564 1580 2599 ipsius
1595 2561 1700 2590 Filius?

919 2612 985 2645 Quae
1001 2615 1042 2638 est
1061 2611 1118 2637 bare
1133 2610 1252 2637 nausea?
1268 2618 1328 2644 qure
1338 2609 1475 2636 amentia?
1495 2612 1593 2635 tectum
1612 2607 1699 2637 humi,

915 2662 941 2685 et
956 2657 1139 2692 pavimentum
1155 2663 1239 2690 supra
1254 2660 1335 2690 caput
1364 2655 1509 2685 collocare,
1535 2653 1607 2687 quod
1629 2652 1698 2689 ebrii

915 2702 1004 2737 capite
1017 2701 1121 2736 gravati
1135 2701 1186 2728 sibi
1201 2700 1342 2735 obtingere
1360 2702 1513 2729 autumant,
1527 2699 1573 2732 qui
1599 2697 1699 2724 vocife-

914 2749 1009 2773 rantur
1027 2751 1054 2773 et
1082 2746 1254 2781 portendunt,
1283 2751 1370 2779 neque
1396 2747 1494 2769 terram
1517 2743 1567 2769 sibi
1589 2743 1699 2774 ,ﬁrntam

915 2790 1193 2827 consistere,parictcs
1208 2790 1310 2826 fugere,
1331 2791 1356 2816 in
1371 2788 1463 2816 orbem
1473 2789 1566 2816 omnia
1579 2788 1698 2817 circurn-
