1957 3079
236 117 289 145 403

863 115 892 143 s.
914 94 1077 141 caesoria
1097 111 1243 156 NYsSENI

1812 104 1867 132 LM

238 176 293 211 agi,
320 183 370 204 nec
399 183 459 210 quae
476 177 608 210 apparent
624 174 715 208 quiete
733 174 785 200 ulla
797 173 924 200 stabiliri.
943 172 1023 200 Forte

1088 170 1165 205 ίύκλῳ
1187 167 1382 204 περιδινεῖσθαι
1400 168 1433 193 τὰ
1454 166 1552 196 πάντα,
1577 164 1623 192 καὶ
1642 162 1776 199 μηδεμίαν
1792 161 1867 196 ἔχειν

239 222 286 248 tali
317 226 385 250 astu
423 221 576 249 concitatus
614 219 724 255 scripsit
760 220 926 247 declamator
963 226 1023 254 qua:

239 267 358 302 scripsit,
376 267 423 302 qui
439 266 628 294 misericordia
641 268 727 301 magis
748 273 829 301 quam
845 266 1024 293 detestatione

239 312 337 347 dignus
350 317 402 339 est.
411 311 477 344 Quis
488 312 560 339 enim
570 319 656 347 usque
667 312 733 339 adeo
747 311 901 339 divinorum
912 311 1023 346 dogma-

240 361 296 384 turn
305 357 381 384 rudis
390 361 442 390 est,
454 358 516 392 quis
525 358 558 385 ab
567 357 694 385 Ecclesiae
707 357 830 384 doctrina
844 362 897 384 tam
907 356 1023 388 alienus,

240 406 270 429 ut
295 403 452 438 hujusmodi
483 403 544 430 lldei
576 403 718 432 adversam
735 403 965 436 existimationem
995 402 1023 430 in

240 448 361 476 animum
379 457 458 477 suum
480 450 620 478 admittat?
647 451 701 478 imo
714 451 805 486 potius
837 449 907 477 forte
928 449 1023 476 dicen-

241 494 304 521 dum
317 494 379 527 erit,
397 495 532 524 neminem
553 500 688 530 repertum
704 496 748 528 iri,
761 495 805 523 cui
822 495 864 522 vel
893 494 959 522 levis
980 501 1024 521 sn-

241 539 328 574 spicio
343 540 377 568 de
393 540 439 568 tali
462 541 630 569 absurditate
644 542 786 569 oboriatur
801 550 808 568 :
840 549 902 568 nam
921 539 983 575 quis
997 540 1024 567 in

241 589 338 612 natura
354 586 482 619 humana,
497 587 539 615 vel
551 587 603 615 alia
614 588 740 622 quapiam
752 595 782 614 re
801 586 879 614 nobis
894 593 1025 615 sensuum

242 631 394 659 ministerio
409 636 483 665 nota,
501 640 563 660 cum
587 637 690 660 natura:
705 633 924 661 communionem
938 631 1025 664 audit,

243 677 370 712 principii
384 678 505 712 expertia
518 679 609 706 omnia
621 678 664 706 illa
679 678 775 711 credit,
796 686 856 714 qum
867 677 1028 705 substantiae

244 722 348 751 ambitu
362 724 543 756 continentur,
572 729 619 752 aut
636 725 736 759 aliquid
753 732 784 751 ex
817 725 907 758 seipso
929 723 1026 752 nasci:

244 773 271 796 et
284 777 413 809 generare
426 770 506 797 simul
524 770 653 804 seipsum,
667 774 693 797 et
710 778 724 797 a
742 770 832 805 seipso
844 770 966 805 generari
988 776 1030 796 as—

245 815 312 844 serit
319 817 330 843 ?

281 862 390 890 Primus
414 863 505 894 homo,
534 866 561 888 ct
575 862 621 896 qui
640 869 671 888 ex
691 861 737 889 illo
750 860 858 895 genitus
882 863 924 888 est
940 859 1028 895 (Abel)

246 907 429 937 dirersimode
446 915 525 935 suum
550 914 612 934 esse
630 906 719 941 adepti
741 910 815 938 sunt,
837 906 905 932 alter
920 905 1029 940 quidem

245 959 279 980 ex
306 952 498 987 conjunctione
509 956 665 987 parentum,
680 952 748 979 alter
778 958 842 978 vero
868 959 900 978 ex
931 950 1030 978 fortna-

246 997 321 1025 tione
348 1002 437 1030 terrm,
452 1001 478 1025 et
507 1002 596 1024 tamen
623 997 678 1024 duo
693 1005 754 1025 esse
776 1001 933 1029 censentur,
951 1004 982 1024 ac
1004 996 1030 1022 in

247 1044 353 1072 ratione
369 1049 397 1072 et
415 1044 526 1071 notione
541 1044 703 1073 substantiae
717 1047 812 1070 mutuo
827 1051 881 1070 non
899 1050 1029 1078 separan-

248 1094 303 1124 tur,
321 1098 409 1125 neque
433 1090 502 1118 duas
514 1090 682 1118 substantias
697 1089 824 1124 principii
839 1093 964 1123 expertes
979 1089 1030 1116 sibi

237 1136 371 1171 opposite
391 1136 535 1171 productas
567 1136 748 1170 appellamus.
781 1143 870 1170 neque
886 1143 948 1162 cum
983 1135 1029 1170 qui

248 1186 300 1214 est,
329 1182 364 1210 ab
394 1182 441 1209 illo
469 1183 514 1217 qui
543 1185 603 1212 est,
633 1182 755 1217 generari
785 1181 913 1214 dicimus,
945 1189 1033 1216 neque

248 1236 332 1256 unum
359 1236 409 1266 pro
425 1229 533 1257 duobus
547 1229 692 1261 habemus,
713 1228 941 1263 quemadmodum
971 1235 1032 1263 por-

248 1275 489 1309 tentiloquusisle
520 1274 595 1306 facit,
623 1278 652 1301 ut
673 1274 715 1301 sui
743 1275 830 1308 ipsius
862 1279 979 1309 p-itrem,
1006 1277 1033 1301 et

248 1327 345 1349 rursus
374 1321 415 1348 sui
433 1320 519 1356 ipsius
550 1321 636 1348 lilium
668 1324 814 1356 utrumque
840 1320 1032 1347 aestimemus:

252 1367 375 1396 homines
390 1366 462 1394 enim
476 1369 551 1399 sunt,
563 1371 590 1393 et
600 1365 654 1398 hic,
671 1370 698 1394 et
713 1366 767 1398 ille,
781 1370 808 1392 et
822 1365 891 1392 ratio
906 1365 1034 1393 substan-

250 1413 294 1440 tiae
314 1412 446 1440 ambobus
460 1411 614 1440 communis
630 1415 682 1440 est.
702 1410 823 1440 Mortalis
844 1415 969 1445 uterque,
989 1417 1034 1437 ra-

250 1459 323 1485 tione
338 1458 468 1493 praeditus
484 1457 637 1492 aequaliter,
654 1457 754 1484 mentis
772 1460 799 1483 et
812 1456 934 1483 scientize
949 1463 1034 1491 capax

1045 827 1068 854 Β

1074 216 1107 242 τὶ
1122 215 1271 250 φαινόμενα
1293 213 1397 241 στάσιν.
1414 213 1489 247 Τάχα
1507 211 1595 239 τοίνυν
1613 211 1641 236 ὲν
1654 208 1768 242 τοιούτῳ
1791 206 1867 241 σάλῳ

1073 261 1122 297 τὴν
1135 261 1224 295 ψυχὴν
1238 259 1306 295 ἔχων
1317 259 1331 286 ὁ
1343 258 1520 293 λογογράφος,
1536 255 1687 291 συνέγραφε
1697 262 1703 268 ·
1721 254 1769 280 καὶ
1780 253 1867 279 ἐλεεῖν

1075 307 1207 342 προσήκει
1228 305 1328 341 μᾶλλον
1354 305 1401 330 ἐπὶ
1424 304 1480 334 τοῖς
1501 301 1703 337 γεγραμμένοις
1731 297 1830 330 αὑτὸν,
1849 297 1867 331 ἢ

1076 351 1272 388 βδελύττεσθαι.
1295 351 1343 382 Τίς
1366 350 1419 385 γὰρ
1443 348 1514 376 οὕτω
1539 347 1593 374 τῶν
1619 346 1699 373 θείων
1720 343 1867 379 δογμάτων

1078 399 1211 434 ἀνήκοος;
1228 398 1277 430 Τίς
1291 396 1363 424 οὕτω
1379 396 1474 431 πόρρω
1486 394 1539 422 τῶν
1553 393 1602 428 τῆς
1628 390 1791 426 Ἐκκλησιας
1814 398 1868 434 μν-

1079 433 1198 479 στηρίων
1220 443 1310 475 ἐστὶν,
1327 442 1364 473 ὼς
1379 441 1428 475 τὴν
1450 439 1576 474 τοιαύτην
1601 438 1702 464 ἔννοιαν
1724 434 1796 462 κατὰ
1817 433 1868 479 τῆς

1079 478 1195 520 πίστεως
1208 488 1348 521 δέξασθαις
1369 486 1476 514 Μᾶλλον
1492 485 1521 511 δὲ
1539 483 1634 519 μικρὸν
1651 483 1716 513 ἴσως
1732 481 1764 507 τὶ
1780 478 1868 506 τοιοῦ-

1077 543 1124 561 τον
1137 534 1235 568 λέγειν,
1251 533 1281 560 τὸ
1297 532 1398 568 μηδένα
1410 530 1479 558 κατὰ
1491 530 1540 565 τῆς
1557 529 1674 558 πίστεως
1686 527 1736 562 τὴν
1751 525 1868 552 ἀτοπίαν

1078 579 1180 615 ταύτην
1205 578 1369 613 ὑπονοῆσαι·
1395 576 1462 605 ἀλλὰ
1485 576 1526 606 τις
1550 575 1596 601 ἐπὶ
1619 575 1668 608 τῆς
1693 570 1868 607 ἀνθρωπίνης

1081 624 1197 658 φύσεως,
1214 624 1230 659 ἥ
1247 623 1326 651 ἄλλον
1342 623 1412 653 τινος
1428 621 1482 648 τῶν
1499 620 1533 646 δι’
1550 619 1701 654 αἰσθήσεως
1724 615 1868 650 καταλαμ-

1081 669 1250 705 ϐανομένων,
1267 669 1375 696 ἐπειδὰν
1389 668 1420 696 τὸ
1433 667 1520 697 κοινὸν
1537 667 1585 702 τῆς
1604 665 1697 696 οὐσίας
1713 662 1834 697 ἀκούσῃ.
1849 660 1868 695 ἢ

1081 715 1184 750 ἀναρχα
1197 715 1304 742 ὑπονοεί
1317 715 1404 742 πάντα
1417 714 1467 740 ὅσα
1479 713 1517 748 τῷ
1530 713 1600 746 λόγῳ
1613 711 1662 746 τῆς
1678 710 1773 740 οὐσίας
1785 707 1868 741 ἀλλή-

1081 761 1137 792 λοις
1155 761 1333 796 συμφέρεται,
1347 759 1364 795 ἢ
1377 759 1442 786 αὐτό
1453 767 1478 785 τι
1492 759 1520 791 ἐξ
1534 757 1631 785 ἑαυτοῦ
1646 755 1768 790 γίνεσθαι
1781 753 1868 786 λέγει,

1083 807 1127 834 καὶ
1150 806 1252 833 τίκτειν
1267 806 1324 841 ἅμα
1345 805 1424 832 ἑαυτὸ
1449 805 1495 831 καὶ
1520 804 1563 837 ὑφ’
1585 802 1680 829 ἑαυτοῦ
1701 799 1868 835 γεννᾶσθαι;

1124 853 1151 879 '0
1168 852 1275 887 πρῶτος
1291 851 1442 886 ἄνθρωπος,
1463 850 1509 877 καὶ
1531 851 1545 876 ὁ
1563 848 1592 881 ἐξ
1612 847 1715 876 ἐκείνου
1737 844 1868 879 γεγονὼς,

1080 897 1214 932 διαφόρως
1238 897 1362 933 ἑκάτεροι
1378 895 1409 923 τὸ
1429 893 1497 922 εἶναι
1520 894 1635 929 ἔχοντες,
1650 894 1664 919 ὁ
1680 891 1728 927 μὲν
1749 892 1782 917 ὲκ
1807 897 1869 915 συν-

1080 943 1200 978 δυασμοῦ
1217 943 1270 970 τῶν
1284 943 1400 977 γονέων,
1418 943 1432 969 ὀ
1445 942 1473 969 δὲ
1494 943 1526 968 ἐκ
1545 941 1596 975 τῆς
1609 939 1658 966 τοῦ
1671 936 1789 974 Χριστοῦ
1805 936 1870 962 διιι-

1082 989 1216 1020 πλάσεως,
1232 988 1279 1015 καὶ
1291 988 1338 1015 δύο
1347 986 1416 1014 εἶναι
1432 986 1615 1017 πιστεύονται,
1630 985 1677 1011 καὶ
1687 983 1725 1018 τῷ
1737 982 1811 1016 λόγῳ
1822 980 1870 1014 τῆς

1081 1034 1174 1066 οὐσίας
1185 1033 1232 1061 ἀπ’
1243 1033 1363 1069 ἀλλήλων
1375 1033 1405 1059 οὺ
1418 1031 1612 1067 διασχίζονται·
1626 1030 1672 1056 καὶ
1683 1028 1744 1056 οὔτε
1757 1027 1871 1061 ἄναρχοι

1082 1081 1128 1107 διο
1141 1080 1230 1106 οὐσίαι
1243 1079 1371 1115 ἀλλήλαις
1383 1075 1645 1113 ἁντιπαρεξάγεσθαι
1659 1075 1795 1109 λέγονται,
1809 1072 1871 1099 οὔτε

1083 1123 1123 1157 εἷς
1139 1126 1163 1152 οἱ
1179 1125 1224 1152 δύο
1239 1125 1303 1151 ποτὲ
1316 1124 1464 1159 ὲνοήθησαν
1480 1124 1507 1150 ὲν
1523 1124 1556 1157 τῇ
1571 1120 1681 1155 τοιαύτῃ
1693 1117 1872 1155 τερατολογίᾳ

1083 1172 1129 1199 τοῦ
1150 1172 1247 1206 λόγου,
1271 1171 1308 1202 ὡς
1330 1169 1425 1196 ἑαυτοῦ
1462 1169 1566 1203 πατέρα
1597 1166 1645 1194 καὶ
1669 1165 1764 1193 ἑαυτοῦ
1791 1165 1872 1191 πάλιν

1084 1219 1141 1246 υἱὸν
1162 1217 1332 1252 ἀμφοτέρους
1347 1213 1503 1250 νομίζεσθαι
1515 1222 1522 1230 ·
1539 1213 1680 1249 ἄνθρωπος
1694 1212 1750 1247 γὰρ
1765 1211 1813 1239 καὶ
1829 1208 1874 1238 οἶ·-

1084 1263 1288 1294 τος·’κὰκεῖνο,
1305 1262 1351 1288 καὶ
1367 1261 1382 1289 ὁ
1409 1260 1487 1295 λόγος
1507 1259 1556 1294 τῆς
1578 1259 1671 1290 οὐσίας
1687 1258 1733 1284 ἐπὶ
1757 1257 1811 1285 τῶν
1827 1256 1874 1282 δύο

1084 1309 1186 1341 κοινὸς,
1206 1308 1301 1342 Ονητδς
1327 1307 1473 1342 ἑκάτερος,
1490 1305 1597 1340 λογικὸς
1617 1304 1734 1339 ὁμοίως,
1759 1302 1806 1328 νοῦ
1828 1301 1875 1328 καὶ

1086 1356 1240 1390 ἐπιστήμης
1254 1354 1375 1385 δεκτικὸς
1393 1352 1531 1383 ὡσαύτως.
1552 1352 1582 1378 Εἰ
1600 1349 1645 1377 οὖν
1666 1351 1680 1376 ό
1695 1350 1746 1384 τῆς
1765 1347 1872 1383 ἀνθρω-

1086 1401 1200 1434 πότητος
1225 1399 1302 1433 λόγος
1326 1399 1372 1424 ἐπὶ
1396 1397 1443 1425 τοῦ
1470 1397 1555 1431 Ἀδὰμ
1584 1396 1631 1423 καὶ
1656 1394 1702 1421 τοῦ
1725 1393 1810 1420 ’Ἅϐελ
1834 1392 1874 1427 τῷ

1089 1445 1309 1482 παρηλλαγμένφ
1334 1445 1382 1479 τῆς
1411 1443 1565 1478 γεννήσεως
1591 1442 1641 1477 οὐχ
1673 1440 1874 1468 ὑπαλλάσσεται

249 1502 390 1534 similiter,
404 1502 431 1529 Si
447 1502 530 1537 igitur
543 1501 614 1528 ratio
629 1505 734 1528 natura:
755 1501 881 1528 humanae
894 1501 921 1528 in
933 1501 1035 1528 Adamo

1089 1492 1225 1528 (οὐδεμίαν
1249 1491 1309 1517 οὔτε
1333 1490 1381 1525 τῆς
1408 1490 1520 1523 τάξεως,
1539 1488 1599 1515 οὔτε
1625 1486 1671 1514 τοῦ
1697 1486 1800 1521 τρόπου
1827 1486 1874 1518 τῆς

251 1549 278 1572 et
295 1546 387 1577 Abele,
403 1545 440 1572 oh
455 1546 559 1572 varium
587 1546 770 1580 generationis
786 1545 906 1577 modum,
922 1553 975 1572 non
990 1554 1037 1573 va-

253 1592 350 1623 riatur,
366 1591 466 1619 nullam
476 1598 562 1626 neque
572 1590 669 1618 ordine
680 1599 768 1625 neque
780 1591 860 1618 modo
871 1591 1038 1619 cxsistentim

253 1637 431 1664 mutationem
446 1641 551 1664 naturze
575 1636 724 1664 inferentc:
738 1636 785 1664 sed
803 1636 929 1664 similiter
946 1637 1038 1666 omnia

221 1700 225 1704 -
253 1690 315 1710 sese
329 1682 441 1715 habent,
459 1683 598 1710 communi
625 1681 746 1709 omnium
770 1689 875 1715 eorum,
892 1682 938 1717 qui
954 1683 1038 1710 sobrii

254 1732 330 1760 sunt.
350 1728 479 1764 suﬂ'ragio
488 1732 515 1756 et
532 1735 644 1756 assensu
665 1737 671 1754 :
702 1735 791 1762 neque
806 1728 888 1759 ullus,
918 1729 963 1763 qui
984 1736 1038 1756 non

253 1773 429 1803 vehementer
440 1773 578 1801 hellebore
594 1778 681 1809 egeat,
698 1777 829 1808 repugnet
843 1781 850 1800 :
867 1781 929 1808 qua:
944 1781 1039 1802 neces-

255 1821 323 1848 sitas
336 1820 404 1848 istos
420 1821 501 1856 cogit,
517 1825 547 1848 ut
570 1820 596 1847 in
623 1825 718 1848 natura
734 1820 836 1853 divina,
853 1820 1039 1855 prodigiosum

255 1867 327 1894 istud
345 1872 526 1894 commentum
541 1866 772 1894 architectentur?
784 1865 891 1893 Patrem
903 1871 929 1894 et
942 1865 1040 1893 Filium

255 1912 380 1940 veritatis
397 1919 464 1941 voce
490 1919 552 1940 cum
578 1911 716 1942 audimus,
742 1911 770 1938 in
785 1911 891 1939 duabus
907 1911 1041 1946 subjectis

257 1958 381 1993 personis
396 1958 529 1985 unitatem
545 1960 648 1984 naturae
662 1957 751 1984 edocti
767 1964 873 1988 sumus.
891 1965 906 1984 a
922 1958 1039 1985 vocabu-

255 2004 290 2031 lis
309 2004 469 2031 naturalitcr
497 2007 607 2038 propter
632 2007 756 2030 mutuum
772 2003 806 2030 ad
819 2011 853 2030 se
877 2008 1042 2037 respectum,

257 2049 447 2084 signiﬁcatam,
478 2053 505 2076 et
531 2047 565 2074 ab
581 2048 641 2082 ipso
654 2047 762 2075 Domini
782 2048 949 2075 testimonio.
976 2047 1042 2075 Nam

256 2094 304 2129 qui
319 2093 387 2121 dixit
404 2103 410 2120 :
424 2092 478 2128 Ego
498 2097 522 2121 et
536 2093 615 2119 Pater
633 2101 714 2119 unum
726 2093 848 2120 sumus”
859 2113 866 2125 ,
886 2093 952 2128 quid
971 2093 1043 2121 aliud

258 2138 370 2169 indicat,
386 2137 439 2164 nisi
466 2145 495 2165 se
512 2137 601 2164 Patris
626 2137 762 2163 mentione
790 2136 871 2168 facta,
903 2137 1033 2172 principii

257 2189 394 2219 expertem
409 2190 462 2210 non
482 2189 552 2214 8559.,
579 2189 662 2216 seque
681 2189 741 2208 cum
761 2182 856 2210 (30de
871 2191 1043 2210 communem

257 2233 385 2257 naturam
401 2228 512 2259 habere,
535 2231 646 2262 propter
662 2229 789 2256 Imionem
805 2236 866 2256 cum
895 2229 994 2256 Patre?
1011 2228 1046 2256 Ut

259 2275 412 2304 existimem
423 2274 559 2310 praedictis
572 2272 671 2301 Christi
683 2274 773 2302 verbis
782 2275 816 2301 ab
827 2275 999 2302 exerratione
1013 2275 1046 2302 ad

259 2325 407 2355 utrumque
423 2323 587 2352 extremum,
606 2327 699 2346 sanam
722 2319 875 2348 doctrinam
898 2320 924 2346 in
939 2327 988 2347 sua
1002 2327 1049 2354 pu-

259 2367 342 2394 ritate
355 2365 522 2398 conservari,
539 2369 569 2393 ut
579 2373 666 2401 neque
680 2366 790 2394 Sabellii
820 2373 899 2393 error
915 2373 1046 2400 persona-

261 2421 322 2440 rum
339 2411 542 2441 distinctionem
558 2416 584 2440 et
600 2413 791 2447 proprietatem
805 2420 820 2439 e
838 2412 1046 2446 mediotollens,

260 2460 351 2487 locum
376 2458 507 2492 inveniat,
525 2466 587 2486 cum
603 2459 766 2493 Unigenitus
783 2463 875 2492 aperte
889 2466 948 2486 sese
963 2467 977 2486 a
994 2459 1046 2486 Pa—

262 2510 304 2533 tre
319 2503 500 2535 discriminet.
524 2504 588 2532 dum
605 2504 641 2530 ait
659 2503 731 2538 :Ego
757 2507 782 2530 et
800 2502 880 2530 Pater
902 2512 983 2531 unum
1001 2513 1047 2532 su-

262 2557 320 2576 mus
338 2556 348 2576 :
365 2557 453 2584 neque
467 2550 559 2576 etiam'
573 2548 631 2575 Arii
655 2547 777 2582 perﬁdia,
796 2548 911 2575 alienam
929 2553 956 2576 et
971 2557 1048 2585 pere-

263 2595 368 2630 grinam
385 2601 509 2623 naturam
534 2594 718 2626 introducens,
739 2594 960 2628 approbationem
991 2603 1047 2622 me-

266 2645 365 2673 reatur,
383 2640 599 2675 uniuscujusque
623 2638 728 2665 unitate
757 2638 857 2666 nullam
891 2640 999 2674 penitus
1020 2640 1046 2666 in

265 2691 361 2717 natura
376 2677 538 2714 divisionem
554 2684 721 2712 admittente.
749 2684 819 2712 Nihil
834 2686 906 2713 cnim
932 2686 1004 2713 aliud
1021 2687 1047 2713 in

265 2733 316 2765 hac
329 2733 453 2761 oratione
466 2740 513 2766 per
527 2731 658 2758 unitatem
675 2731 762 2759 Patris
782 2736 807 2759 ct
823 2731 884 2760 Filii
913 2732 1048 2767 signiﬁca-

303 2819 324 2836 "
338 2820 415 2851 Joan.
432 2827 458 2853 κ,
479 2819 512 2846 50

1060 2171 1081 2197 Ι)

1089 1537 1233 1573 ὑπάρξεως
1250 1539 1284 1573 τῇ
1304 1536 1383 1571 φύσει
1402 1535 1452 1570 τὴν
1470 1533 1646 1570 παραλλαγὴν
1665 1532 1874 1568 ἐμποιούντων),

1088 1584 1145 1612 ἀλλ’
1163 1583 1293 1614 ὡσαύτως
1310 1583 1380 1618 ἔχειν
1399 1584 1432 1618 τῇ
1450 1582 1525 1616 κοινῇ
1542 1581 1596 1607 τῶν
1613 1578 1752 1615 νηφόντων
1773 1585 1875 1611 συγκα-

1088 1630 1196 1657 ταθέσει
1210 1629 1407 1664 διωμολόγηται
1424 1627 1486 1662 (καὶ
1498 1627 1584 1658 οὐδεὶς
1595 1626 1715 1653 ἀντείποι
1725 1624 1825 1659 τούτῳ,
1841 1623 1877 1658 μὴ

1090 1676 1193 1712 σφόδρα
1207 1675 1254 1702 τοῦ
1268 1675 1410 1710 ἑλλεωρον
1427 1674 1552 1709 δεόμενος
1562 1672 1570 1708 )
1580 1681 1587 1689 ·
1600 1672 1640 1703 τίς
1655 1671 1672 1706 ἡ
1684 1671 1795 1704 ἀνάγκη
1809 1669 1877 1696 κατὰ

1088 1722 1137 1756 τῆς
1162 1720 1235 1752 θείας
1256 1719 1362 1755 φύσεως
1383 1718 1413 1745 τὸ
1436 1718 1589 1755 παράλογον
1615 1716 1694 1742 τοῦτο
1707 1717 1758 1750 τῆς
1776 1714 1877 1745 ἑννοίας

1090 1765 1357 1798 κατασκευάζεσθαις
1388 1765 1498 1800 Πατέρα
1538 1764 1585 1790 καὶ
1615 1762 1686 1789 ιΥιδν
1716 1761 1794 1795 παρὰ
1829 1759 1877 1793 τῆς

1090 1812 1216 1848 ἀληθείας
1232 1811 1395 1843 ἀκούσαντες
1408 1830 1415 1842 ,
1434 1812 1463 1837 ὲν
1481 1810 1527 1836 δύο
1543 1810 1598 1841 τοῖς
1614 1807 1808 1842 ὑποκειμένοις
1830 1806 1877 1839 τὴν

1092 1860 1203 1894 ἑνότητα
1216 1859 1266 1893 τῆς
1277 1857 1382 1892 φύσεως
1398 1856 1585 1892 ἐδιδάχθημεν,
1599 1855 1650 1882 ὑπό
1665 1863 1695 1880 τε
1710 1853 1766 1880 τῶν
1782 1852 1879 1887 ὀνομά-

1091 1913 1144 1933 των
1158 1903 1278 1938 φυσικῶς
1289 1903 1332 1930 διὰ
1347 1903 1396 1938 τῆς
1414 1902 1482 1938 πρὸς
1502 1901 1603 1936 ἄλληλα
1617 1900 1735 1936 σχέσεως
1749 1907 1879 1934 σημαινο-

1095 1950 1187 1985 μένης.
1204 1950 1250 1976 καὶ
1269 1950 1314 1976 ὑπ’
1336 1949 1420 1983 αὐτῆς
1436 1948 1515 1974 πάλιν
1532 1948 1582 1981 τῆς
1596 1945 1642 1972 τοῦ
1658 1945 1763 1980 Κυρίου
1779 1945 1878 1979 φωνῆς.

1099 1995 1128 2019 Ὀ
1141 1994 1194 2029 γὰρ
1208 1993 1302 2024 εἰπὼν,
1320 1992 1394 2026 Ἐγὼ
1405 1991 1453 2018 καὶ
1465 1993 1481 2018 ὀ
1492 1990 1593 2023 Πατὴρ
1606 1990 1641 2016 ἓν
1652 1989 1756 2023 ἐσμεν,
1766 1989 1792 2015 τί
1809 1988 1881 2019 ἄλλο,

1093 2039 1110 2074 ἦ
1126 2039 1156 2065 τό
1171 2047 1199 2064 τε
1219 2038 1255 2073 μὴ
1271 2039 1386 2073 ἄναρχον
1402 2035 1498 2063 ἑαυτοῦ
1515 2034 1558 2061 διὰ
1573 2034 1623 2069 τῆς
1638 2034 1684 2060 τοῦ
1700 2033 1809 2068 Πατρὺς
1821 2032 1882 2066 ὁμο-

1094 2084 1187 2118 λογίας
1198 2083 1375 2119 παρίστησιν,
1388 2082 1436 2108 καὶ
1447 2082 1477 2107 τὺ
1492 2079 1579 2107 κοινὸν
1592 2080 1642 2114 τῆς
1657 2079 1765 2113 φύσεως
1779 2078 1826 2104 διὰ
1837 2077 1882 2111 τῆς

1095 2129 1162 2164 πρὸς
1177 2129 1224 2155 τὸν
1242 2127 1350 2162 Πατέρα
1369 2127 1503 2161 ὲνότητος,
1522 2125 1559 2156 ὡς
1575 2124 1607 2151 ἂν
1618 2121 1759 2158 algentia
1772 2122 1828 2148 τῶν
1849 2123 1884 2148 εἱ-

1098 2176 1221 2210 ρημένων
1233 2174 1283 2209 τῆς
1297 2174 1338 2209 ἐφ’
1351 2172 1468 2207 ἑκατέρᾳ
1484 2171 1538 2198 τῶν
1549 2170 1678 2206 αἱρέσεων
1706 2167 1886 2204 παρατροπῆς

1097 2222 1111 2248 ό
1126 2221 1175 2256 τῆς
1189 2221 1305 2252 πίστεως
1323 2218 1462 2253 καθαρεύῃ
1478 2217 1565 2251 λόγος·
1586 2216 1652 2251 μήτε
1670 2215 1717 2241 τοῦ
1738 2213 1884 2240 Σαϐελλίσδ

1098 2267 1189 2302 χώραν
1200 2266 1305 2301 ἔχοντος
1330 2266 1370 2297 εἰς
1390 2265 1520 2299 σύγχυσιν
1542 2263 1618 2297 ἄγειν
1635 2261 1683 2296 τὴν
1697 2259 1753 2286 τῶν
1768 2258 1886 2286 ὑποστὰ‹

1099 2320 1168 2339 σεων
1185 2312 1301 2347 ἰδιότητα
1311 2332 1318 2344 ,
1339 2309 1462 2345 φανερῶς
1478 2309 1524 2336 τοῦ
1539 2305 1706 2342 Μονογενοῦς
1722 2305 1821 2332 ἑαυτὸν
1836 2304 1886 2331 ἀπὺ

1098 2358 1145 2384 τοῦ
1159 2357 1263 2393 Πατρδς
1275 2356 1470 2391 διακρίνοιντος¹
1491 2356 1520 2381 ὲν
1536 2354 1574 2389 τῷ
1590 2353 1692 2379 εἰπεῖν’
1715 2351 1791 2386 Ἐγὼ
1806 2350 1855 2376 καὶ
1870 2351 1885 2376 ὀ

1100 2405 1216 2438 Πατήρ·
1232 2404 1299 2439 μήτε
1312 2403 1359 2430 τοῦ
1382 2401 1485 2437 Ἀρείου
1495 2402 1526 2427 τὸ
1542 2400 1613 2433 ξένον
1626 2398 1676 2433 τῆς
1686 2398 1796 2432 φύσεως
1811 2404 1886 2423 κατα-

1102 2449 1245 2482 σκευάζειν
1273 2448 1419 2484 ίσχύοντος,
1437 2447 1468 2474 οὐ
1486 2445 1668 2481 προσιεμένης
1682 2443 1732 2478 τὴν
1748 2442 1820 2469 κατὰ
1836 2441 1884 2476 φύ-

1101 2505 1142 2522 σιν
1165 2495 1305 2531 διαίρεσιν.
1325 2495 1408 2521 Οὐδὲν
1425 2493 1478 2528 γὰρ
1492 2492 1555 2519 ἄλλο
1570 2491 1597 2518 τί
1612 2492 1684 2516 ἐστιν
1706 2490 1734 2514 ἐν
1758 2487 1798 2522 τῷ
1818 2487 1886 2522 λόγῳ

1100 2542 1204 2577 τούτῳ,
1220 2542 1250 2568 τὸ
1271 2541 1315 2567 διὰ
1339 2541 1388 2575 τῆς
1410 2539 1534 2573 ὲνὸτητος
1554 2537 1598 2563 ἐπὶ
1622 2535 1729 2570 Ila-cpit;
1755 2534 1804 2560 καὶ
1825 2531 1886 2559 Υἱοῦ

1102 2587 1308 2623 σημαινόμενον,
1325 2586 1394 2621 πλὴν
1410 2585 1482 2611 κατὰ
1494 2584 1542 2619 τὴν
1560 2582 1652 2609 οὐσίαν
1665 2580 1769 2615 αὒτήνσ
1785 2578 1820 2605 τὰ
1837 2577 1885 2611 γὰρ

1101 2633 1182 2660 λοιπὰ
1198 2633 1251 2659 τῶν
1273 2632 1382 2666 ἀγαθῶν
1398 2632 1449 2658 ὅσα
1467 2630 1654 2665 ἑπιθεωρείται
1669 2628 1702 2662 τῇ
1718 2625 1800 2660 φύσει
1816 2622 1887 2650 κοινά

1102 2679 1260 2714 προκεῖσθαι
1276 2679 1358 2705 πᾶσιν
1372 2677 1456 2705 εἰπών
1468 2686 1519 2708 τις,
1536 2676 1582 2702 καὶ
1595 2675 1650 2706 τοῖς
1662 2672 1704 2699 διὰ
1718 2672 1836 2701 κτίσεως
1850 2675 1887 2702 γε·

1102 2730 1271 2765 γενημὲνοις,
1288 2729 1336 2764 οὐχ
1357 2726 1552 2762 ἁμαρτήσεται.
1577 2721 1639 2750 Οἷον
1662 2721 1824 2755 οἰκτίρμων
1842 2715 1887 2745 καί
