1957 3079
62 115 107 143 ωδ

615 124 753 153 CONTRA
771 127 967 164 EUNOMIUM,
988 132 1051 160 LIB.
1069 133 1090 161 1.

1599 141 1686 172 ’ωε

63 174 189 238 geriem:
216 176 231 202 έ
259 177 356 212 Κύριος
382 181 458 216 παρά
484 182 530 208 τοῦ
555 181 694 220 Προφήτου
721 184 828 221 λέγεται

82 220 142 238 ηπ...
182 221 288 238 ωηεν-ι
308 223 389 238 -m...
406 225 418 238 ,ι
438 226 539 238 πλιηη
563 229 605 238 ,,,,\
628 231 635 238 .
669 231 682 238 ς
744 231 750 238 ,
800 232 811 238 ..

879 215 880 218 η
895 193 951 217 ιιιιιι
967 196 1019 224 est,
1036 193 1087 221 nisi
1103 196 1234 223 essentia!
1248 204 1297 224 seu
1313 202 1418 226 natm'ae
1434 203 1524 228 unitas
1543 210 1552 228 τ
1565 201 1684 238 reliquas

61 220 142 246 Ταῦτα
165 220 290 255 βούλεται
308 223 389 252 πάλιν
405 225 419 251 ὁ
437 226 539 260 Κύριος
562 229 608 255 καὶ
623 231 697 265 ἡμᾶς
722 220 842 265 γίνεσθαι

61 266 101 292 καὶ
117 265 296 301 ὀνομάζεσθαι
309 277 315 283 ·
341 270 467 298 Γίνεσθε
489 273 543 309 γὰρ
564 275 762 310 οἰκτίρμονες,
783 279 840 311 καὶ,

61 311 193 358 μακάριοι
208 315 238 340 οι
257 314 428 350 ἐλεήμονες,
446 318 492 345 καὶ
508 319 558 347 ὅσα
572 322 692 348 τοιαῦτα.
706 320 769 358 Ἆρ’
783 322 840 356 οὖν,

60 355 129 387 εἴτις
142 355 185 382 διὰ
204 358 344 403 προσοχῆς
363 361 410 387 καὶ
431 362 587 398 ἐπιμελείας
606 365 644 400 τῷ
665 366 730 401 θείῳ
745 355 842 403 βουλήέ

61 410 117 448 uas:
141 402 239 448 ἑαυτὸν
267 404 423 440 ὁμοιώσας,
448 409 549 443 ἀγαθὸς
574 410 590 446 ἦ
619 412 768 448 οἰκτίρμων
794 402 841 442 καὶ

59 447 170 494 ἐλεημων
185 447 309 483 ἐγένετο,
329 450 345 486 ἦ
361 453 447 487 πρᾷος
466 454 512 480 καὶ
533 456 659 488 ταπεινὸς
677 458 709 493 τῇ
731 458 838 494 καρδίᾳ,

59 492 138 524 καθὼς
151 495 378 531 μεμαρτύρηνται
390 498 482 525 πολλοὶ
497 500 550 527 τῶν
565 501 649 535 ἁγίων
662 503 691 528 ὲν
705 504 760 534 τοῖς
769 492 839 538 γπρο-

58 539 180 573 τερήμασι
193 540 299 572 τούτοις
313 543 461 578 γενόμενοιε
478 546 552 581 παρὰ
565 547 643 574 τοῦτο
657 547 686 575 ἓν
698 549 751 575 εἱσι
768 549 836 584 πρὸς

58 583 95 610 τὸν
109 583 181 614 Θεὸν,
198 584 214 619 ἢ
240 585 285 612 διά
307 595 379 620 τινος
395 589 496 617 τούτων
519 592 586 626 πρὸς
603 593 682 620 αὑτὸν
703 583 837 621 συναπτό-

59 637 140 673 μιενοις
158 631 216 657 Οὐκ
235 631 303 660 ἔστι.
328 634 365 660 Τὸ
385 635 438 671 γὰρ
466 637 503 672 μὴ
532 638 561 664 ἐν
587 639 653 665 πᾶσι
672 639 780 673 ταύτὸν,
808 640 837 666 ἒν

58 672 193 711 εἶναιπρὸς
202 677 250 704 τὸν
264 680 297 714 τῇ
314 679 392 713 φύσει
401 681 596 717 διηλλαγμένον
607 684 636 710 οὐ
650 672 776 712 δύναταιξ
787 686 837 712 Διὰ

57 721 123 746 τοῦτο
137 721 280 756 ἄνθρωπος
300 724 368 760 πρὸς
382 725 523 762 ἄνθρωπον
539 728 568 755 ἓν
580 728 693 763 γίνεται,
710 730 774 756 ὅταν
791 730 834 757 διὰ

57 767 239 802 προαιρέσεως,
255 771 345 803 καθὼς
356 770 431 800 εἶπεν
444 773 458 799 ὁ
469 774 570 809 Κύριος
579 796 586 807 ,
599 775 776 803 τελειωθῶσιν
792 777 832 808 εἰς

57 812 81 838 τὸ
97 812 132 844 ἓν,
155 814 203 850 τῆς
218 818 338 853 φυσικῆς
355 820 498 854 συναφείας
518 820 567 856 τὴν
588 821 656 848 κατὰ
675 821 832 857 προαίρεσιν

57 859 155 899 {verum
168 862 390 900 προσλαϐούσης.
402 866 457 892 Καὶ
471 867 487 894 ὁ
510 866 605 902 Πατὴρ
627 866 674 893 καὶ
691 867 706 893 ὁ
728 867 790 899 Υἱὸς
804 868 834 895 ἓν
851 866 870 893 Β

57 905 116 937 εἱσι,
139 908 187 942 τῆς
205 909 279 936 κατὰ
296 910 345 946 τὴν
363 911 443 945 φύσιν
459 912 503 938 καὶ
526 911 574 947 τὴν
595 913 753 948 προαίρεσιν
776 923 832 940 κοι-

56 951 138 983 νωνίας
153 954 191 985 εὶς
216 954 248 981 τὸ
264 956 294 982 ἒν
311 958 525 994 συνδραμούσης.
550 961 580 987 Et
595 960 623 987 δὲ
640 961 679 996 τῷ
701 961 832 997 θελήματι

57 997 118 1031 μόνῳ
137 1001 361 1035 συνηρμοσμένος
380 1003 450 1030 κατὰ
467 1005 515 1040 τὴν
537 1006 618 1039 φύσιν
632 1006 752 1042 διῄρητο,
775 1007 833 1039 πῶς

55 1042 188 1078 ἐμαρτύρει
210 1046 300 1081 ἑαυτῷ
317 1048 365 1082 τὴν
385 1049 453 1084 πρὸς
471 1051 517 1077 τὸν
540 1052 649 1087 Πατέρα
667 1052 779 1087 ἑνότητα
793 1053 832 1088 τῷ

55 1090 197 1124 κυριωτάτῳ
213 1091 418 1127 Btsa’xtcjtévoc;

894 237 967 264 enim
987 245 1084 267 omnes
1099 240 1265 274 affectiones.
1282 251 1343 278 rma:
1356 245 1386 272 in
1397 249 1496 274 natura
1514 247 1606 276 inesse
1617 237 1681 276 cer-

894 288 1005 317 nuntur,
1018 285 1042 312 si
1055 286 1117 320 quis
1134 287 1215 314 etiam
1232 289 1313 317 rebus
1326 291 1426 319 creatis
1443 298 1605 321 communes
1622 302 1684 322 esse

892 327 975 361 dicat,
994 338 1048 357 non
1062 331 1211 360 aberrabit.
1230 332 1310 362 Verbi
1327 337 1424 370 gratia,
1443 337 1578 366 Dominus
1589 340 1685 375 appei-

893 373 964 400 latur
971 382 986 401 a
995 375 1128 411 Propheta
1135 378 1157 393 ³⁸
1174 379 1312 407 miseratur
1320 386 1344 407 et
1354 382 1513 411 misericors.
1526 385 1558 412 At
1571 373 1638 416 haec.
1653 391 1687 414 ιιι

891 418 1051 455 eiliciamur,
1067 427 1092 449 et
1109 423 1286 458 appellemur,
1317 426 1447 456 Dominus
1470 432 1609 466 praecepit;
1626 432 1684 464 33-,

891 469 954 499 Iole,
966 467 1062 502 inquit,
1074 469 1290 503 misericordes",
1300 475 1326 499 et
1333 478 1340 495 τ
1347 469 1422 498 Beati
1431 474 1644 512 misericordes",
1654 483 1682 506 et

891 511 916 538 id
928 519 1014 546 genus
1040 514 1103 541 alia.
1121 515 1150 542 Si
1176 515 1259 551 igitur
1279 517 1382 553 aliquis
1409 521 1543 549 Industria
1571 529 1597 551 et
1615 533 1680 552 cura

892 565 954 585 cum
970 558 1061 587 divina
1073 561 1211 590 voluntate
1225 570 1255 591 se
1272 564 1460 598 conforrnans.
1473 568 1561 596 bonus
1573 575 1619 597 aut
1632 572 1680 598 mi-

889 607 1003 637 serator,
1018 610 1064 633 aut
1081 606 1239 637 misericors
1254 610 1351 643 evasit,
1381 615 1428 638 aut
1457 614 1542 645 mitis,
1566 621 1612 642 aut
1629 616 1680 643 hu-

887 649 961 678 milis
985 651 1079 685 corde,
1098 658 1181 688 prout
1195 655 1272 682 multi
1290 663 1321 684 ex
1344 661 1502 685 sanctorum
1521 668 1636 689 numero
1651 662 1678 689 in

887 695 929 724 bis
950 691 1060 726 dotibus
1077 700 1242 729 excellentes
1268 707 1416 738 testantur,
1430 713 1495 732 num
1515 706 1575 734 ideo
1593 716 1677 735 unum

889 746 1024 770 suntcum
1041 743 1103 778 Deo,
1117 749 1164 773 aut
1173 754 1222 782 per
1233 748 1352 784 aliquam
1368 758 1402 778 er
1418 751 1464 778 his
1490 751 1600 781 dotibus
1615 761 1676 781 cum

888 788 948 823 ipso
963 789 1104 824 copulati?
1131 791 1216 820 Secus
1232 801 1262 822 se
1280 802 1324 823 res
1339 795 1429 824 habet.
1446 796 1512 824 Nam
1533 798 1606 833 quod
1621 807 1677 827 non

887 834 912 860 in
924 834 1052 863 omnibus
1067 844 1150 864 unum
1166 843 1217 871 est,
1236 839 1307 867 haud
1321 845 1506 875 potestunum
1537 851 1599 871 esse
1613 834 1676 871 cum

884 880 970 907 altero
987 885 1085 909 natura
1101 890 1116 910 a
1129 891 1158 911 se
1173 884 1312 913 distincto.
1330 886 1503 923 Quapropter
1516 888 1598 916 homo
1612 897 1674 918 cum

882 924 993 953 homine
1009 934 1093 954 unum
1116 927 1155 961 (it,
1178 930 1289 964 quando
1306 939 1353 966 per
1377 932 1556 966 voluntatem,
1576 940 1604 962 ut
1621 935 1675 963 Do-

881 971 972 1000 minus
984 973 1033 1006 ait,
1054 973 1082 1000 in
1100 983 1184 1002 unum
1201 982 1439 1011 consummantur,
1460 983 1487 1006 et
1504 981 1672 1011 coalescunt.

882 1018 999 1045 naturali
1014 1018 1208 1053 conjunctione
1224 1022 1367 1055 unitatem,
1379 1031 1439 1058 quae
1449 1031 1496 1058 per
1507 1025 1672 1053 voluntatem

881 1067 932 1093 est.
948 1065 1136 1092 antecedente.
1148 1065 1182 1092 At
1197 1065 1276 1094 Pater
1290 1073 1316 1095 et
1329 1067 1417 1096 Filius
1430 1077 1519 1096 unum
1533 1075 1612 1102 sunt,
1629 1079 1671 1103 ea,

883 1115 944 1142 qua:
963 1109 1113 1136 secundum
1138 1114 1275 1145 naturam,
1291 1117 1317 1139 et
1335 1120 1367 1140 ea
1385 1121 1445 1148 quae
1461 1115 1611 1142 secundum
1626 1123 1671 1142 vo-

892 1136 899 1142 _
1293 1136 1317 1139 --
1337 1136 1367 1140 -..
1386 1136 1445 1148 νη
1461 1136 1611 1142 “wn”...
1630 1136 1658 1142 ,ν

54 1136 168 1163 luntalem
185 1142 228 1165 est
246 1141 440 1169 communione
456 1141 482 1169 in
496 1143 568 1171 idem
587 1153 779 1179 concurrente.
797 1151 825 1179 Si
846 1160 912 1181 vero
927 1154 985 1182 sola
1001 1156 1140 1184 voluntate
1154 1158 1258 1190 unitus,
1276 1162 1374 1186 natura
1403 1167 1418 1187 a
1433 1159 1514 1188 Patre
1542 1160 1670 1189 diversus

53 1189 95 1215 est,
122 1187 260 1220 quomodo
277 1189 402 1216 attribuit
419 1191 471 1218 sibi
498 1192 629 1221 unitatem
657 1204 717 1224 cum
732 1198 822 1233 Patre,
844 1201 986 1236 sejunctas
1002 1204 1030 1231 in
1046 1212 1079 1232 eo
1108 1206 1181 1240 quod
1197 1207 1316 1234 maxime
1332 1208 1471 1242 proprium
1484 1213 1523 1236 est
1534 1209 1547 1234 ν

85 1233 258 1267 Ἀκούσαντες
286 1236 386 1270 τοίνυν,
410 1238 450 1264 ὅτι
472 1239 545 1274 Ἐγὼ
570 1242 618 1268 καὶ
639 1245 656 1270 cl
678 1246 780 1281 Πατὴρ
794 1248 828 1274 ἓν

53 1280 140 1313 ἐσμεν,
157 1281 186 1306 τό
203 1290 231 1307 τε
246 1281 278 1314 ἐξ
291 1283 378 1310 αἰτίου
401 1284 446 1310 τὸν
463 1285 565 1321 Κύριον
582 1288 630 1314 καὶ
650 1290 681 1316 τὸ
700 1293 770 1319 κατὰ
781 1294 829 1328 τὴν

53 1325 118 1359 φύσιν
130 1327 340 1362 ἀπαράλλακτον
355 1329 401 1356 τοῦ
418 1331 483 1357 Υἱοῦ
506 1332 553 1358 καὶ
567 1334 614 1360 τοῦ
633 1336 738 1372 Πατρὺς
753 1339 830 1366 ἐπαι-

52 1371 168 1407 δεὺθημεν
182 1375 214 1400 ὲκ
232 1374 286 1409 τῆς
301 1375 406 1411 φωνῆς,
423 1377 472 1403 οὐκ
483 1378 523 1409 εἰς
541 1378 605 1411 μίαν
622 1371 828 1420 ὑπόστασιντὴν

52 1419 104 1453 περὶ
113 1419 198 1445 αὐτῶν
215 1420 322 1447 ἔννοιαν
337 1422 549 1457 συναλείφοντες,
565 1425 631 1452 ἀλλὰ
647 1418 828 1463 φυλάσσοντες

53 1463 92 1497 μὲν
104 1464 268 1500 διῃρημένην
296 1467 346 1501 τὴν
371 1467 425 1494 τῶν
451 1469 628 1497 ὑποστάσεων
647 1472 775 1508 ἰδιότητα,
796 1476 826 1502 οὐ

52 1510 250 1547 ωνδιαιροῦντες
268 1512 296 1538 δὲ
309 1514 363 1544 τοῖς
376 1514 532 1549 προσώποις
542 1516 591 1551 τὴν
601 1518 649 1552 τῆς
665 1519 759 1552 οὐσίας
769 1521 825 1548 ἐνό-

51 1562 116 1589 squ,
133 1555 169 1587 ὠς
179 1556 210 1582 ἂν
229 1557 268 1592 μὴ
284 1557 330 1584 δύο
352 1559 494 1596 ἑτερογενῆ
512 1562 662 1596 πράγματα
680 1565 708 1590 ἐν
722 1565 761 1600 τῷ
775 1566 825 1602 τῆς

51 1601 122 1636 ἀρχῆς
137 1602 206 1638 λόγῳ
227 1604 455 1639 ὑπολαμϐάνοιτο,
477 1608 523 1633 καὶ
543 1607 587 1634 διὰ
605 1609 684 1636 τοῦτο
709 1611 825 1647 πάροδον

51 1646 112 1673 λάϐοι
121 1648 171 1674 τῶν
191 1648 350 1684 Μανιχαίων
364 1651 394 1677 τὸ
409 1649 497 1687 δόγμα
510 1662 516 1668 ·
531 1653 561 1680 τὸ
574 1654 628 1690 γὰρ
642 1646 760 1690 κτιστὸνν,
778 1660 826 1685 καὶ

50 1693 73 1718 τὸ
86 1693 214 1727 ἆκ-ιιστον,
234 1696 270 1722 ὲκ
289 1695 432 1732 διαμέτρου
450 1699 517 1734 πρὸς
535 1699 636 1735 ἄλληλα
649 1702 698 1738 τὴν
712 1704 782 1730 κατὰ
796 1705 826 1730 τὸ

51 1740 231 1775 οημαινόμενον
260 1743 418 1770 ἐναντίωσιν
443 1744 509 1780 ἔχει.
535 1746 566 1772 Εἰ
591 1745 637 1774 οὖν
659 1749 692 1774 τὰ
702 1749 748 1775 δύο
766 1751 825 1781 ταῖς

49 1785 131 1819 ἀρχαῖς
145 1786 269 1822 ταχθείη,
281 1787 351 1814 κατὰ
363 1789 392 1815 τὺ
406 1789 515 1824 λεληθὸς
533 1791 598 1826 ἡμῖν
611 1793 624 1818 ὁ
637 1792 825 1829 Μανιχαῖαμὸς

49 1831 80 1861 είς
93 1831 137 1866 τὴν
162 1832 328 1868 Ἐκκλησίαν
346 1834 392 1860 τοῦ
416 1835 483 1861 Θεοῦ
507 1837 731 1872 εἰσφθαρήσεται.
747 1840 825 1874 Λέγω

48 1875 70 1901 δὲ
83 1876 172 1908 ταῦτα,
192 1877 270 1913 ζήλῳ
288 1878 343 1905 τῶν
358 1880 486 1907 ἐναντίων
503 1882 712 1918 περιεργότερον
728 1883 824 1915 κατεξ-

49 1922 137 1953 ετάζων
151 1923 195 1949 τὸν
216 1924 309 1958 λόγον.
324 1925 379 1951 Καὶ
404 1925 490 1958 οὐδεὶς
508 1927 540 1953 ἂν
560 1928 625 1959 ἴσως
635 1928 766 1960 ἀντείποι,
787 1929 824 1963 μὴ

49 1968 118 2000 ἐγγὺς
129 1969 173 1995 τοῦ
183 1970 290 2001 εἰκότος
302 1970 351 2005 τὴν
365 1970 480 2005 θεωρίαν
495 1973 680 2007 προάγεσθαι·
695 1974 735 2000 ὅτι
749 1975 825 2001 δυνα-

49 2013 87 2039 τοῦ
96 2014 164 2046 ὖντος
179 2015 226 2041 -τοῦ
243 2016 354 2042 κτιστοῦ
365 2017 435 2043 κατὰ
445 2018 475 2044 τὺ
487 2015 545 2044 ἴσον
556 2018 594 2053 τῷ
605 2019 734 2055 ἁκτίστῳ,
749 2021 824 2046 ἀντι-

51 2061 159 2096 στήσεταί
172 2070 230 2093 πως
242 2062 273 2088 τὸ
287 2063 479 2099 ἑτερογενὲςτῇ
496 2064 575 2098 φύσει
589 2064 626 2100 τῷ
642 2065 679 2100 μὴ
694 2066 823 2098 ὡσαύτως

49 2106 131 2141 εχοντι.
142 2108 195 2134 Καὶ
205 2108 260 2139 ἓως
276 2108 309 2135 ἂν
326 2109 467 2145 μηθετέρῳ
481 2110 571 2137 αὐτῶν
586 2111 698 2148 ἐπιλίπῃ
715 2113 730 2148 ἠ
742 2112 823 2139 δύνα-

50 2162 96 2188 μις,
118 2156 155 2187 εἱς
178 2156 344 2191 ἀσύμφωνόν
356 2165 416 2183 τινα
429 2157 522 2184 στάσιν
543 2159 610 2193 πρὸς
621 2159 723 2194 ἄλληλα
734 2159 768 2186 τὰ
778 2159 824 2186 δύο

48 2199 242 2237 διενεχθήσεται.
267 2202 347 2228 Πᾶσα
363 2202 417 2237 γὰρ
433 2203 538 2238 ἀνάγκη
556 2204 722 2239 κατάλληλον
741 2202 822 2237 εἴναι,

49 2247 86 2272 καὶ
97 2248 194 2274 οἰκείαν
207 2248 349 2283 ὁμολογεῖν
364 2250 397 2283 τῇ
414 2249 492 2282 φύσει
514 2251 562 2276 καὶ
582 2250 629 2285 τὴν
647 2251 820 2286 προαίρεσιν·
838 2274 861 2301 D

49 2293 86 2318 iul.
101 2294 123 2319 εἰ
136 2293 270 2328 ἀνομοίως
279 2293 364 2328 ἔχοιεν
373 2294 443 2320 κατὰ
451 2295 500 2330 τὴν
509 2295 599 2329 φύσιν,
614 2295 727 2331 ἀνόμοια
749 2294 819 2323 εἶναι

49 2339 123 2365 καὶτὰ
133 2338 274 2376 θελήματα
283 2350 289 2356 ·
301 2340 351 2374 τῆς
367 2341 394 2367 δὲ
406 2341 546 2376 δυνάμεως
559 2343 601 2376 ἐφ’
614 2343 751 2378 ἑκατέρων
761 2344 821 2369 ἱκα-

47 2384 89 2415 νῶς
103 2384 225 2420 ἐχούσης,
250 2386 391 2420 οὐδέτερον
412 2387 537 2421 ἀτονήσει
562 2388 630 2422 πρὸς
652 2388 701 2423 τὴν
716 2389 818 2424 ἐκπλή-

47 2439 117 2465 ρωσιν
131 2432 175 2458 τοῦ
188 2432 253 2458 ἰδίου
268 2432 331 2467 θελή
337 2441 433 2467 ματος·
455 2434 501 2459 καὶ
515 2435 539 2460 εί
551 2433 675 2460 τοσοῦτον
692 2435 820 2469 ἑκάτερον

46 2475 138 2503 δύναιτο
153 2478 213 2503 ὅσον
226 2479 273 2504 καὶ
288 2477 423 2513 βούλεται,
439 2479 478 2510 είς
493 2479 663 2514 ἀμφήριστον
680 2479 819 2515 ἑκατέροις

47 2520 60 2554 ἡ
72 2521 134 2556 ἁρχὴ
146 2523 359 2557 καταστήσεται,
370 2523 409 2558 τῷ
425 2523 543 2550 ἀνενδεεῖ
555 2524 604 2558 ’τῆς
618 2524 760 2558 δυνάμεως
778 2525 818 2556 εἰς

47 2565 72 2591 τὺ
84 2567 220 2594 ἀντίπαλον
234 2569 378 2603 προϊοῦσα.
394 2569 449 2595 Καὶ
465 2569 535 2595 οὕτω
549 2570 579 2596 τὸ
593 2570 646 2597 τῶν
660 2571 818 2606 Μανιχαίων

48 2611 121 2646 δόγμα
136 2614 356 2649 παρεισδύσςται,
377 2614 423 2641 δύο
444 2615 524 2641 τινῶν
546 2616 674 2642 ἐναντίων
695 2616 817 2651 ἀλλήλοις

49 2656 72 2681 ἐν
85 2656 197 2693 τῷλόγῳ
205 2660 255 2693 τῆς
265 2659 353 2694 ἀρχῆς
365 2660 570 2694 ἁντιφοινὲντων,
582 2660 620 2695 τῷ
632 2661 817 2688 διαλλάσσοντι

50 2701 89 2735 τῆς
99 2702 197 2736 φύσεως
215 2705 263 2730 καὶ
278 2705 327 2739 τῆς
338 2705 521 2745 προαςρέσεως
538 2706 605 2740 πρὸς
621 2706 650 2733 τὸ
660 2707 816 2742 ἀντικείμε-

50 2756 85 2773 νπν
105 2748 303 2785 διατμηθέντων
315 2759 321 2766 '
339 2752 384 2778 καὶ
395 2752 498 2785 γίνεται
513 2752 602 2784 αὐτοῖς
615 2754 630 2788 ὴ
643 2753 691 2788 τῆς
701 2753 816 2780 ἐλαττὼ-

839 1604 860 1633 C

94 2835 113 2851 ³⁵
133 2836 201 2865 Psal.
215 2846 263 2871 cn,
279 2839 304 2866 8.
345 2839 366 2855 ³⁷
379 2839 492 2873 Luc.v1,
506 2840 549 2867 56.
589 2841 611 2857 ³⁸
631 2840 726 2868 Matth.
743 2849 770 2875 γ,
785 2841 810 2868 7.

916 1250 983 1277 Cum
1001 1251 1082 1287 igitur
1103 1253 1230 1281 audimus
1253 1254 1335 1281 illud:
1362 1254 1419 1289 Ego
1443 1261 1467 1281 et
1484 1255 1566 1282 Pater
1590 1264 1670 1283 unum

880 1304 988 1324 sumus:
1020 1302 1045 1324 ct
1069 1297 1167 1325 Filium
1192 1306 1206 1326 a
1227 1300 1363 1334 principio
1387 1308 1458 1333 esse.
1487 1305 1514 1329 et
1534 1301 1623 1329 Patris
1643 1306 1670 1329 et

880 1341 941 1369 Filii
957 1342 1146 1371 invariabilem
1166 1345 1193 1371 in
1208 1349 1306 1372 natura
1318 1345 1449 1373 unitatem
1463 1348 1668 1381 cognoscimus,

879 1395 934 1415 non
949 1388 1022 1423 quod
1043 1389 1071 1415 in
1094 1397 1176 1416 uuam
1197 1390 1357 1425 bypostasin
1372 1391 1434 1418 illos
1458 1392 1668 1424 contrahamus.

881 1433 929 1460 sed
953 1433 1018 1468 quia
1038 1440 1145 1462 servata
1173 1434 1261 1462 divisa
1285 1442 1465 1470 personarum
1491 1438 1668 1473 proprietate,

880 1485 942 1505 cum
969 1479 1093 1513 personis
1117 1480 1250 1508 unitatem
1275 1482 1403 1509 essentize
1428 1490 1482 1510 non
1509 1483 1668 1518 dividimus,

879 1531 913 1550 ne
927 1524 990 1558 quis
1004 1525 1104 1553 diversi
1120 1527 1228 1561 generis
1241 1527 1311 1555 duas
1327 1536 1371 1556 res
1390 1536 1439 1563 pro
1454 1529 1595 1564 principiis
1607 1537 1668 1557 con-

879 1571 986 1605 stituat,
1004 1575 1030 1599 et
1044 1573 1082 1599 ita
1104 1572 1318 1601 Manichmorum
1335 1578 1416 1602 sertae
1441 1575 1588 1602 fenestram
1606 1583 1668 1610 ape-

876 1615 949 1644 riat:
983 1625 1046 1644 nam
1065 1622 1186 1645 creatum
1211 1623 1237 1645 et
1252 1619 1404 1646 increatum
1420 1627 1453 1646 ex
1473 1619 1608 1647 diametro
1623 1628 1668 1647 se-

876 1662 998 1689 cundum
1026 1663 1254 1698 signiﬁcationem
1283 1664 1334 1692 sibi
1360 1665 1476 1692 invicem
1504 1670 1666 1701 repugnant.

875 1707 903 1734 Si
928 1708 1010 1743 igitur
1025 1708 1081 1735 duo
1099 1708 1126 1735 in
1143 1709 1286 1744 principiis
1311 1714 1499 1744 numerentur,
1522 1712 1623 1739 sensim
1639 1715 1667 1739 et

873 1754 957 1781 tacite
973 1753 1197 1782 Manichaaismus
1212 1756 1239 1782 in
1252 1755 1402 1783 Ecclesiam
1415 1756 1525 1790 irrepet.
1544 1756 1599 1783 Ista
1618 1764 1666 1783 au-

875 1803 928 1826 tem
954 1799 1027 1832 dico,
1047 1805 1074 1827 et
1102 1801 1259 1827 accuratius
1288 1800 1418 1828 doctrinae
1452 1800 1534 1835 hujus
1566 1808 1666 1829 arcana

874 1845 1003 1878 discutio,
1030 1845 1107 1880 justo
1136 1846 1163 1872 in
1186 1846 1361 1874 adversarios
1387 1847 1446 1874 zelo
1470 1847 1616 1882 impulsus.
1632 1847 1667 1875 Et

875 1890 945 1917 forte
964 1891 1026 1925 quis
1042 1891 1115 1918 haud
1132 1895 1244 1925 gravate
1258 1891 1389 1919 fatebitur
1413 1892 1664 1930 considerationem

874 1939 997 1962 nostram
1024 1936 1264 1964 verisimilitudine
1287 1937 1359 1964 haud
1375 1944 1485 1964 carere:
1514 1937 1579 1972 quia
1600 1944 1663 1963 cum

873 1985 995 2009 creatum
1025 1982 1146 2015 potentia
1174 1982 1274 2014 valeat,
1303 1982 1389 2016 aequis
1412 1981 1518 2010 viribus
1543 1982 1664 2009 increato

873 2023 1063 2059 reluctabitur,
1094 2030 1224 2061 tanquam
1248 2027 1387 2054 diversum
1403 2030 1513 2058 natura,
1538 2026 1573 2057 ei,
1590 2026 1662 2061 quod

873 2079 967 2099 secum
979 2072 1007 2099 in
1022 2075 1120 2099 natura
1138 2079 1193 2099 non
1206 2072 1345 2104 convenit,
1355 2076 1379 2099 et
1394 2079 1538 2107 quousque
1553 2072 1663 2107 utrique

873 2116 981 2144 illorum
996 2118 1069 2144 vires
1085 2121 1245 2152 suppetunt,
1266 2117 1293 2144 in
1315 2117 1544 2145 irreconciliabile
1559 2117 1661 2144 bellum

873 2163 928 2189 duo
954 2163 1008 2190 ista
1028 2162 1161 2190 incident.
1187 2162 1348 2190 Necessario
1367 2163 1439 2190 enim
1460 2163 1599 2191 fatendum
1621 2168 1663 2192 est

873 2208 1041 2235 voluntatem
1071 2213 1283 2239 consentaneam
1309 2213 1337 2236 et
1359 2208 1527 2237 conformem
1556 2212 1663 2237 naturae

873 2261 948 2281 esse:
967 2258 994 2281 et
1007 2255 1030 2281 si
1044 2262 1105 2289 quae
1119 2254 1146 2281 in
1163 2259 1261 2281 natura
1274 2261 1327 2281 non
1340 2255 1514 2286 conveniant,
1529 2255 1556 2282 in
1569 2255 1664 2282 volun‘

874 2300 974 2328 tatibus
997 2300 1076 2328 etiam
1095 2301 1267 2335 discrepare:
1295 2307 1356 2327 cum
1375 2306 1466 2328 autem
1490 2300 1519 2327 in
1546 2305 1662 2335 utroque

869 2353 902 2372 ex
920 2345 980 2373 istis
995 2350 1037 2373 sat
1062 2346 1098 2373 sit
1116 2347 1242 2381 potentia:
1261 2349 1288 2373 et
1305 2346 1455 2377 facultatis,
1480 2350 1607 2374 neutrum
1625 2347 1660 2373 ad

870 2390 987 2425 propria:
1001 2390 1152 2418 voluntatis
1167 2391 1370 2418 exsecutionem
1383 2391 1569 2424 cunctabitur,
1595 2394 1621 2418 et
1638 2391 1660 2418 si

869 2435 1012 2469 quodlibet
1026 2439 1133 2462 tantum
1150 2440 1250 2471 potest,
1267 2440 1399 2471 quantum
1419 2437 1486 2467 vult,
1502 2437 1596 2471 utique
1609 2437 1658 2464 do-

869 2481 984 2508 minatio
996 2489 1098 2516 anceps
1111 2482 1166 2515 iict,
1180 2487 1296 2517 utroque
1310 2483 1469 2510 inexhausta
1481 2482 1591 2509 virtutis
1603 2489 1660 2508 sua:

870 2528 990 2562 potentia
1009 2528 1037 2555 in
1051 2527 1239 2557 adversarium
1249 2536 1357 2563 semper
1370 2528 1503 2555 irruente.
1523 2528 1562 2554 Ita
1577 2526 1659 2554 Mani-

870 2573 1007 2600 chaeorum
1023 2573 1119 2608 dogma
1137 2573 1391 2611 introducitur,‘t1ui
1403 2573 1457 2600 duo
1472 2572 1593 2608 quadam
1606 2572 1657 2599 sibi

869 2618 986 2646 invicem
1003 2619 1150 2651 contraria,
1162 2625 1189 2646 et
1201 2623 1257 2646 tam
1275 2623 1388 2652 naturae,
1408 2623 1489 2653 quam
1505 2617 1656 2645 voluntatis

870 2663 1031 2691 diversitate
1043 2663 1079 2691 ad
1092 2664 1219 2700 opposita
1233 2664 1382 2699 vergentia,
1394 2662 1529 2698 principia
1540 2661 1655 2691 cudunt,

870 2709 954 2745 (itque
978 2711 1032 2738 illis
1050 2711 1095 2738 illa
1117 2711 1310 2746 inatqualitatis
1329 2715 1355 2737 ct
1370 2708 1568 2736 imminutionis
1582 2715 1655 2734 asse.

870 2757 984 2790 veratio,
1004 2757 1167 2793 nrincipium
1199 2757 1232 2784 ad
1259 2755 1468 2783 Manichaeorum
1501 2753 1655 2789 prodigiosa
