1957 3079
268 133 321 162 4(ὶῖ

877 129 906 158 S.
927 129 1091 158 GREGORII
1103 124 1257 157 NYSSENI

1842 127 1894 153 40’}

269 190 387 226 placita:
411 197 473 216 nam
496 187 593 222 dogma
611 187 769 222 (Eunomii)
788 191 893 216 natura:
908 189 1051 216 diversita-

1122 197 1173 220 εως
1196 188 1351 221 κατασκευὴ
1377 186 1430 212 τῶν
1456 186 1633 221 Μανιχαῖκῶν
1653 185 1799 220 δογμάτων
1813 186 1893 220 ἀρχή.

270 241 323 263 tem
339 235 365 262 in
382 235 436 261 duo
460 233 590 268 principia
605 234 688 260 creati
711 237 738 261 et
760 234 874 261 increati
901 234 1054 262 rationibus

270 281 398 309 distincta
413 279 518 313 dividit,
535 283 617 315 prout
630 279 689 315 jam
699 279 916 308 demonstratum
931 285 983 308 est.

306 369 339 395 At
359 368 428 395 forte
443 367 521 395 multi
537 372 628 400 erunt,
646 368 693 402 qui
713 369 795 403 hujus
809 369 942 397 doctrinae
958 370 1055 398 absur-

271 414 381 440 ditatem
407 413 489 441 nimis
504 414 636 442 violenter
650 414 714 441 hinc
725 414 866 442 collectam
874 419 901 441 et
911 414 1055 442 deductam

268 451 431 491 causentur,
447 462 595 494 optentque
610 459 666 487 bzec
682 459 790 494 penitus
805 460 832 486 in
849 460 955 488 litteras
970 460 1056 487 relata

273 513 326 531 non
341 512 411 532 esse.
430 503 463 531 At
481 505 517 535 sit
532 504 579 537 ita,
596 513 684 540 neque
697 513 747 533 nos
762 505 993 534 contradicimus:
1009 513 1058 533 ne-

272 557 325 584 que
335 550 407 576 enim
420 550 530 585 proprio
541 550 670 584 impulsu,
691 551 737 577 scd
750 555 860 585 propter
873 551 1056 583 adversarios,

274 595 306 620 ad
325 595 394 621 lianc
417 595 612 630 digressionem
633 596 829 625 instituendam
845 597 933 625 adacti
949 605 1055 625 sumus.

273 641 350 673 Quod
365 641 387 667 si
405 640 462 668 haec
473 641 565 668 dicere
579 649 632 670 non
649 646 766 676 oportet,
782 642 868 670 multo
885 643 971 678 magis
984 643 1059 670 dece-

275 687 332 718 bat,
359 690 388 713 ut
411 687 562 715 adversarii
578 687 703 718 silerent.
730 688 775 722 qui
793 688 840 714 tali
858 689 982 715 oratione
1009 696 1059 716 sua

275 732 431 766 liujusmodi
444 732 602 759 refutationi
620 733 791 760 occasionem
810 735 941 768 praebent.
968 734 1060 769 Neque

275 778 348 804 enim
363 777 442 804 aliter
461 778 495 810 is,
513 779 559 812 qui
585 778 724 813 improbos
745 778 854 811 refellit,
871 779 990 806 cohiberi
1014 787 1061 814 po-

277 827 340 856 test,
371 830 452 858 quam
483 824 505 850 si
535 825 647 850 materia
673 824 846 852 refutationis
873 825 1059 854 subtrahatur.

277 869 410 896 Cancrum
426 869 542 897 libenter
560 870 603 903 iis,
635 870 682 905 qui
706 870 743 897 ita
768 870 856 898 allecti
873 875 948 902 sunt,
965 872 1063 899 suade-
1078 863 1099 890 Β

278 923 346 946 rem,
371 919 400 941 ut
425 916 564 950 paululum
582 920 660 943 extra
682 918 867 945 contentionis
893 918 979 945 aleam
1003 925 1064 946 sese

278 961 452 994 collocarent,
483 969 571 996 neque
597 961 744 990 admodum
771 963 899 991 ardenter
924 971 973 998 pro
1003 964 1064 991 suis

279 1007 397 1041 propriis
413 1007 650 1042 persuasionibus,
680 1008 779 1042 quibus
803 1009 858 1043 jam
883 1010 1063 1044 praaocmipati

280 1058 355 1085 sunt,
383 1054 616 1089 digladiarentur:
644 1062 731 1090 neque
749 1054 932 1090 undequaque
947 1057 1065 1083 admini-

283 1099 352 1126 rutis
366 1100 528 1134 corrogatis,
556 1100 582 1126 id
607 1108 691 1128 unum
715 1101 865 1133 studerent,
894 1107 924 1128 ut
946 1102 1065 1136 potiores

280 1154 387 1180 semper
400 1150 491 1180 partes
504 1153 559 1180 pra:
578 1146 636 1173 suis
654 1146 820 1178 adversariis
837 1147 977 1174 obtineant
991 1155 996 1172 ε
1019 1148 1065 1174 sed

282 1194 321 1222 nt,
337 1191 414 1225 quasi
439 1198 489 1225 pro
505 1191 596 1218 anima
611 1200 709 1219 cursus
726 1192 773 1223 sit,
800 1193 850 1220 soli
877 1193 915 1219 illi
931 1193 1002 1228 quod
1019 1201 1066 1221 ex-

281 1236 364 1270 pedit,
381 1240 408 1264 et
423 1236 531 1264 veritati
546 1237 690 1264 victoriam
707 1237 870 1264 concedant.
894 1237 922 1264 Si
938 1239 1000 1272 quis
1017 1239 1066 1273 igi-

281 1287 326 1309 tur
341 1283 443 1310 omissa
459 1282 607 1310 altercandi
626 1284 776 1318 prurigine,
805 1285 891 1319 ipsam
908 1285 1065 1320 (Eunomii)

281 1329 432 1357 orationem
445 1330 557 1364 propius
568 1330 680 1363 intueri,
695 1334 722 1358 et
734 1332 890 1358 accuratius
901 1331 1067 1366 perpendere

281 1375 365 1406 velit.
382 1375 461 1403 facile
477 1375 672 1404 absurditalem
688 1383 721 1403 ex
751 1378 801 1403 hac
817 1376 941 1404 doctrina
965 1377 1067 1412 promi-

282 1423 389 1446 cantem
407 1419 601 1456 deprehendet.

318 1466 514 1500 Supponamus
539 1465 612 1493 enim
644 1466 882 1494 innascibililatem
911 1475 973 1496 esse
1001 1468 1067 1495 sub~

1105 233 1141 260 Τὸ
1163 233 1216 268 γὰρ
1235 232 1285 266 τῆς
1312 232 1404 263 οὐσίας
1417 231 1578 267 ἀσύμφωνον
1597 234 1636 264 εἰς
1649 232 1696 258 δύο
1716 230 1805 266 ἀρχὰς
1820 239 1894 265 περι-

1106 279 1195 313 ίστησι
1209 278 1238 305 τὸ
1247 277 1334 312 δόγμα
1347 298 1353 309 ,
1369 277 1459 309 καθὼς
1472 279 1487 303 ὸ
1501 278 1578 312 λόγος
1592 276 1713 310 ὑπέδειξε
1725 299 1732 310 ,
1744 277 1783 311 τῷ
1795 276 1896 311 κτιοτῷ

1105 323 1153 350 καὶ
1167 323 1205 358 τῷ
1219 323 1338 358 ἀκτίοτῳ
1352 323 1530 359 διῃρημένας.

1147 369 1227 395 Ἀλλά
1240 368 1326 394 ταῦτα
1341 369 1389 403 μὲν
1404 369 1468 400 ίσως
1484 368 1665 404 βεϐιασμένην
1677 368 1775 403 ἔχοντα
1785 368 1836 404 τὴν
1851 369 1897 394 τοῦ

1106 415 1206 442 ἀτόπου
1229 415 1410 449 κατασκευὴν,
1427 416 1451 441 οι
1470 414 1562 441 πολλοὶ
1580 415 1761 447 αἰτιάσονται,
1778 415 1827 440 καὶ
1839 415 1898 441 οὐδὲ

1107 460 1259 495 γεγράφθαι
1274 460 1304 486 τὸ
1316 461 1445 495 παράπαν
1461 460 1529 495 μετὰ
1544 460 1597 487 τῶν
1611 460 1711 486 λοιπῶν
1724 459 1897 493 ἀξιώσουσιν.

1109 507 1200 534 Ἔστω
1232 506 1334 533 ταῦτα·
1355 506 1415 533 οὐδὲ
1436 507 1516 541 ἡμεῖς
1542 507 1739 541 ἀντιλέγομεν·
1763 506 1824 532 οὐδὲ
1846 507 1898 541 γὰρ

1107 550 1167 578 κατ’
1189 550 1291 577 οἰκείαν
1321 551 1419 586 ὁρμὴν,
1441 550 1508 577 ἀλλὰ
1527 551 1571 578 διὰ
1586 551 1648 582 τοὺς
1665 551 1899 586 ἀντιμαχομένους

1108 596 1148 628 εἰς
1167 596 1216 632 τὴν
1241 596 1367 630 τοιαύτην
1394 597 1553 632 περιεργίαν
1572 597 1697 623 ἐκϐαλεῖν
1714 598 1760 624 τὸν
1776 597 1853 629 λέγον
1869 597 1899 622 ἐγ

1109 641 1157 676 τῆς
1167 641 1325 673 ἀκολουθίας
1348 641 1535 677 προήχθημεν.
1555 643 1586 669 Εἰ
1603 642 1632 669 δὲ
1648 643 1679 668 ού
1691 643 1744 678 χρὴ
1758 642 1846 669 ταῦτα
1859 642 1912 680 λέη

1109 695 1179 720 γειν,
1203 687 1269 713 πολὺ
1289 687 1421 722 πρότερον
1435 687 1588 714 σιωπᾶσθαι
1610 689 1744 724 προσήκει
1759 688 1815 714 τῶν
1827 689 1901 714 ἐναν-

1109 731 1174 758 τίων
1188 732 1232 757 τὸν
1248 731 1338 766 λόγον,
1354 731 1400 758 τὸν
1421 733 1470 767 τῆς
1493 733 1619 769 τοιαύτης
1643 734 1830 769 ἀντιρρήσεως
1853 742 1900 764 τας

1111 777 1236 812 ἀψορμὰς
1253 777 1447 812 παρεχόμενον.
1463 778 1500 804 Οὐ
1511 778 1565 814 γὰρ
1578 779 1652 805 ἔστιν
1665 779 1766 815 ἑτέρως
1781 780 1902 814 ἐπισχεῖν

1112 823 1157 848 τὸν
1172 824 1227 854 τοῖς
1247 825 1374 858 πονηροῖς
1395 823 1579 858 ἀντιλέγοντα,
1599 824 1636 859 μὴ
1655 825 1704 860 τὴν
1717 825 1846 851 ὑπόθεσιν
1863 825 1901 857 ὲξ-

1114 868 1206 896 ελόντα
1218 869 1267 903 τῆς
1281 869 1476 906 ἀντιρρήσεως.
1498 870 1570 905 Πλὴν
1587 870 1670 906 ἡδέως
1686 871 1718 897 ἂν
1735 871 1902 906 συμϐουλεύ-

1115 923 1193 950 σαιμι
1214 916 1270 946 τοῖς
1285 915 1356 942 οὕτω
1371 915 1551 950 διακειμένοις
1567 917 1664 952 μικρόν
1677 925 1703 943 τι
1720 917 1768 952 τῆς
1789 917 1903 951 φιλονει-

1115 961 1176 992 κίας
1186 961 1238 993 ἔξω
1248 961 1374 994 γενέσθαι
1385 982 1392 992 ,
1412 961 1459 987 καὶ
1474 961 1512 996 μὴ
1523 961 1582 987 λίαν
1595 961 1720 996 ἐκθύμω,
1731 962 1786 989 τῶν
1799 963 1903 989 οἰκεέων

1115 1006 1283 1040 ὑπερμαχεῖν
1297 1006 1456 1041 ὑπολήψεων
1469 1026 1475 1037 ,
1494 1003 1537 1038 αἶς
1550 1007 1598 1041 ήδη
1618 1007 1833 1042 προειλημμένοι
1843 1016 1903 1040 τυγ-

1115 1050 1245 1084 χάνουσι·
1265 1051 1332 1085 μηδὲ
1360 1051 1527 1086 πανταχόθεν
1554 1051 1707 1086 ἀναζητεῖν,
1730 1053 1806 1084 ὅπως
1822 1052 1855 1079 ἂν
1878 1053 1905 1078 τὸ

1116 1095 1207 1121 πλεῖον
1227 1095 1312 1130 ἔχοιεν
1332 1096 1386 1122 τῶν
1413 1097 1649 1131 ἀντιτεταγμένων
1662 1106 1668 1112 ι
1687 1098 1744 1124 ἀλλ’
1768 1098 1807 1128 ὡς
1837 1099 1905 1132 ὑπὲρ

1115 1141 1204 1175 ψυχῆς
1221 1141 1296 1173 ὄντος
1323 1142 1368 1168 τοῦ
1391 1143 1502 1177 δρόμου,
1521 1142 1594 1178 μόνῳ
1616 1143 1655 1177 τῷ
1680 1144 1850 1178 συμφέροντι
1867 1145 1905 1170 τί-

1117 1188 1219 1220 θεσθαι,
1232 1189 1277 1215 καὶ
1297 1190 1329 1224 τῇ
1352 1190 1463 1224 ἀληθείᾳ
1475 1189 1574 1215 διδόναι
1589 1191 1752 1226 νικητήρια.
1773 1191 1805 1217 El
1819 1191 1907 1216 τοίνυν

1117 1235 1278 1269 φιλονεικεῖν
1294 1244 1335 1266 τις
1349 1236 1481 1267 ἀποστὰς,
1499 1236 1580 1263 αὑτὸν
1595 1237 1637 1270 ἐφ’
1655 1236 1753 1262 ἑαυτοῦ
1768 1237 1907 1263 διασκοποί

1116 1281 1161 1308 τὸν
1186 1281 1272 1314 λόγον,
1300 1281 1329 1306 οὐ
1356 1281 1480 1316 χαλεπῶς
1500 1282 1612 1317 εὑρήσει
1632 1282 1680 1317 τὴν
1706 1283 1909 1318 ὲμιραινομένην

1117 1327 1230 1353 ἀτοπίαν
1244 1326 1282 1361 τῷ
1292 1326 1421 1361 δόγματι.

1159 1463 1338 1498 ’Υποθώμεθα
1349 1463 1402 1499 γὰρ
1415 1464 1613 1499 συγχωρεῖσθαι
1624 1464 1694 1490 κατὰ
1705 1465 1750 1490 τὸν
1764 1465 1844 1497 λόγον
1861 1465 1911 1490 ain

284 1511 423 1543 stantiam,
449 1514 478 1538 ut
504 1511 652 1538 adversarii
678 1512 789 1539 volunt:
820 1517 846 1539 et
866 1520 962 1540 rursus
980 1513 1065 1548 ipsam

1120 1509 1294 1541 ὑπεναντίων,
1311 1509 1357 1535 καὶ
1375 1510 1537 1544 ἀγεννησίαν
1556 1510 1650 1536 οὐσίαν
1668 1508 1740 1540 εἶναι
1751 1519 1758 1525 ⁸
1775 1511 1822 1537 καὶ
1833 1511 1912 1536 πάλιν

283 1565 392 1592 quoque
422 1558 624 1592 generationem
666 1558 828 1586 substantiis
865 1559 1066 1586 accensemlam

283 1610 355 1630 csse.
382 1602 465 1637 [gitur
497 1603 521 1630 si
552 1604 614 1638 quis
643 1604 799 1631 accuratius
829 1612 872 1637 ea,
903 1613 964 1640 qua:
995 1606 1066 1632 dicta

285 1652 359 1678 sunt,
390 1647 554 1682 perpendere
580 1653 607 1675 et
639 1649 731 1675 rimari
746 1650 819 1682 velit,
855 1650 1066 1678 Manichaeorum

285 1693 381 1728 dogma
397 1701 443 1727 per
461 1701 509 1720 eos
526 1693 576 1721 hac
597 1695 701 1722 ratione
719 1696 842 1722 renovari
861 1696 1010 1731 intelliget:
1031 1697 1068 1724 si-

285 1738 394 1772 quidem
410 1737 550 1766 Manichaai
567 1740 666 1766 malum
686 1740 768 1772 bono,
787 1741 875 1768 lucem
893 1742 1022 1772 tenebris.
1041 1747 1068 1768 et

287 1784 376 1809 omnia
393 1783 475 1818 hujus
493 1784 600 1818 generis
615 1785 672 1819 ipsa
689 1789 792 1812 natura:
807 1786 1001 1812 contrarietate
1017 1786 1068 1813 sibi

288 1832 381 1859 mutuo
392 1828 491 1862 opponi
509 1828 631 1854 tradunt.
653 1828 720 1861 ραι»
735 1837 797 1856 vere
813 1836 827 1854 a
840 1836 883 1856 me
898 1828 964 1861 dici,
980 1829 1068 1862 facile,

288 1879 317 1900 ut
335 1876 441 1908 opinor,
458 1879 570 1905 annuet,
602 1875 648 1908 qui
679 1882 732 1900 non
763 1874 883 1908 segniter
917 1875 1069 1904 orationem

289 1919 497 1954 printer-volabit.
515 1919 554 1946 lta
569 1927 634 1946 vero
649 1919 869 1954 disquisitionem
883 1920 1073 1948 instituamus:

288 1965 432 1998 Quodlibrt
444 1973 475 1992 ex
492 1965 623 1999 subjectis
640 1973 689 1992 sua
707 1965 787 1992 habet
802 1970 918 2000 cognata
940 1971 967 1994 et
989 1967 1070 1994 insita

289 2012 366 2046 signa
383 2015 410 2038 et
426 2015 507 2041 notas
522 2011 623 2046 quibus
639 2011 785 2038 substrata
799 2016 904 2039 natura:
920 2013 1071 2047 proprieta-

288 2061 330 2084 tes
344 2061 554 2091 cognoscantur,
568 2056 626 2083 sive
649 2056 683 2082 ad
709 2056 849 2088 animalia,
877 2057 935 2083 sive
953 2058 985 2084 ad
1005 2058 1070 2087 alia.

287 2108 454 2136 quocunque
486 2101 607 2131 animum
633 2104 660 2126 et
685 2100 880 2135 cogitationem
907 2106 1070 2128 convertas:

288 2154 343 2174 non
359 2147 430 2177 enim
454 2146 550 2173 iisdem
569 2145 643 2173 notis
659 2149 686 2172 et
707 2145 794 2180 signis
825 2145 1012 2180 insigniuntur
1039 2146 1072 2172 li-

286 2200 371 2228 gnum
386 2196 413 2220 et
429 2192 540 2224 animal;
558 2198 648 2226 neque
671 2190 838 2231 animalibus
865 2191 1009 2225 participat
1026 2199 1074 2218 na—
1090 2189 1111 2216 D

288 2242 349 2265 tura
363 2238 478 2266 rationis
494 2244 592 2271 expers
613 2242 644 2263 ea
661 2235 739 2271 signa
753 2240 781 2263 et
810 2235 922 2268 indicia.
939 2244 1000 2272 quae
1024 2237 1073 2263 ho~

289 2283 373 2310 minis
389 2287 462 2311 sunt.
488 2281 582 2316 Neque
601 2289 699 2309 rursus
718 2281 818 2308 eadem
838 2286 909 2308 nota:
926 2281 1074 2309 ostendunt

288 2329 372 2356 vitam
384 2333 411 2356 et
423 2334 549 2358 mortem,
569 2327 618 2354 sed
634 2326 661 2355 in
680 2326 810 2354 omnibus
826 2326 996 2362 simpliciter,
1019 2328 1073 2355 sic—

289 2375 329 2402 uti
343 2375 411 2406 dixi,
435 2378 478 2402 est
495 2373 677 2408 impermista,
695 2377 724 2400 et
744 2373 1016 2401 incommunicabilis
1031 2381 1073 2402 re-

289 2426 351 2446 rum
369 2418 555 2453 subiectarum
573 2418 724 2450 distinctio,
743 2425 831 2453 neque
855 2418 910 2445 ullo
927 2418 1009 2446 modo
1026 2426 1074 2454 per

291 2465 431 2500 signorum
445 2468 473 2490 et
493 2468 619 2495 notarum
635 2463 873 2499 participationem
889 2465 1017 2493 confusa.
1032 2465 1073 2492 Ad

292 2511 363 2537 hanc
393 2510 476 2545 igitur
508 2517 631 2536 normam
662 2509 831 2544 expendatur
855 2509 1074 2538 adversariorum

292 2555 419 2584 assertio.
436 2554 677 2582 lnnascibilitatem
699 2554 774 2581 aiunt
793 2561 856 2582 esse
880 2554 1074 2585 substantiam.

291 2600 494 2636 generationem
509 2607 618 2635 quoque
635 2599 668 2627 ad
689 2599 869 2628 substantiam
893 2599 1024 2627 referunt.
1043 2600 1076 2627 At

291 2646 521 2682 quemadmodum
539 2645 657 2673 hominis
672 2649 699 2673 et
713 2645 812 2680 lapidis
823 2645 876 2672 alia
894 2649 959 2672 sunt
973 2645 1074 2672 indicia

293 2696 402 2729 (neque
431 2693 503 2721 cnim
517 2693 641 2721 eamdem
669 2692 855 2720 deﬁnitionem
887 2690 1032 2721 attuleris,
1052 2690 1074 2717 si

294 2740 441 2767 animatum
469 2743 497 2768 et
511 2740 690 2767 inanimatam
711 2738 867 2766 describere
876 2737 1073 2773 aggrediaris).

295 2787 332 2814 ita
349 2794 404 2814 non
418 2791 528 2822 gravate
542 2786 706 2817 concedant.
724 2784 886 2811 innascibile
912 2784 974 2810 aliis
989 2783 1075 2818 signis

295 2837 322 2865 et
337 2832 409 2861 uotis
423 2833 603 2866 innotescere,
627 2832 688 2859 aliis
703 2831 783 2858 etiam
800 2830 825 2857 id
841 2831 912 2865 quod
929 2834 968 2857 cst
985 2830 1074 2858 nasci-

1118 1555 1249 1586 ὡσαύτως
1263 1555 1312 1591 τὴν
1327 1555 1452 1590 γέννησιν
1474 1556 1513 1586 είς
1538 1555 1630 1582 οὐσίαν
1661 1557 1909 1591 ἀναλαμϐάνεσθαι.

1118 1601 1222 1627 Οὐκοῦν
1233 1602 1259 1628 εἴ
1269 1610 1310 1633 τις
1322 1602 1443 1636 ἀκριϐῶς
1451 1603 1483 1636 τῇ
1495 1601 1598 1636 διανοίᾳ
1612 1602 1665 1629 τῶν
1675 1602 1834 1637 λεγομένων
1852 1603 1912 1629 ἀκο-

1118 1647 1268 1680 λουθήσειε,
1286 1647 1317 1673 τὺ
1329 1648 1499 1682 Μανιχαῖκὸν
1516 1648 1607 1679 αὐτοῖς
1619 1647 1707 1682 δόγμα
1724 1647 1771 1674 διὰ
1791 1647 1842 1682 τῆς
1856 1647 1913 1674 ὀδῇῖ

1119 1693 1221 1729 ταύτης
1241 1694 1489 1729 ἀναπλασθήσεται,
1503 1694 1581 1729 εῐπερ
1605 1693 1690 1720 κακοῦ
1709 1694 1776 1730 πρὸς
1801 1693 1912 1727 ἀγαθὸν,

1120 1739 1167 1765 καὶ
1182 1739 1270 1772 φωτὸς
1284 1739 1351 1774 πρὸς
1379 1740 1483 1771 σκότος,
1511 1739 1558 1766 καὶ
1589 1739 1697 1766 πάντων
1713 1739 1769 1766 τῶν
1781 1739 1913 1765 τοιούτων

1120 1784 1190 1811 κατὰ
1202 1785 1231 1811 τὸ
1242 1785 1360 1811 ἐναντίον
1376 1785 1427 1820 τῆς
1438 1785 1554 1819 φύσεως,
1566 1785 1615 1820 τὴν
1628 1784 1767 1812 ἀντίθεσιν
1783 1785 1913 1819 δογμςιτί⁹

1121 1830 1177 1862 ζειν
1187 1832 1242 1862 τοῖς
1255 1831 1414 1866 Μανιχαίοις
1425 1831 1505 1858 δοκεῖ,
1520 1831 1574 1857 Καὶ
1585 1831 1625 1856 ὃτι
1635 1830 1722 1857 ταῦτα
1733 1830 1825 1865 ἁληθῆ
1834 1831 1914 1864 λέγω,

1121 1876 1220 1912 ῥᾳδίως
1249 1874 1325 1911 οἶμαι
1359 1876 1538 1911 συνθήσεσθαι
1559 1876 1605 1902 τὸν
1622 1876 1658 1911 μὴ
1673 1875 1808 1911 ῥᾳθύμως
1825 1885 1914 1910 παρα-

1121 1921 1257 1956 δραμόντα
1271 1921 1316 1946 τὸν
1331 1921 1422 1954 λόγον·
1441 1922 1540 1947 οὑτωσὶ
1555 1921 1581 1947 EE
1589 1920 1800 1955 διασκεψώμεθα
1815 1928 1821 1935 ·
1839 1921 1915 1948 Ἐκά-

1123 1974 1177 2001 στῳ
1191 1966 1244 1992 τῶν
1261 1966 1448 1999 ὑποκειμένων
1464 1966 1590 2000 προσφυῆ
1605 1973 1665 1991 τινα
1678 1965 1789 1996 πάντως
1800 1964 1914 1990 ἐπιθεω-

1124 2013 1210 2047 ρεῐται
1225 2012 1415 2047 γνωρίσματα,
1432 2011 1466 2037 δι’
1487 2009 1524 2038 ὧν
1538 2010 1568 2038 τὸ
1586 2011 1685 2042 ἰδιάζον
1700 2010 1751 2045 τῆς
1768 2011 1917 2044 ὑποκειμέ-

1123 2067 1170 2091 νης
1183 2057 1392 2091 ἐπιγινώσκεται
1418 2057 1542 2090 φύσεως,
1562 2057 1616 2082 εἴτε
1633 2056 1678 2082 ἐπὶ
1699 2055 1750 2090 τῆς
1766 2056 1824 2082 τῶν
1841 2056 1914 2087 ζώων

1123 2103 1251 2137 διαφορᾶς
1274 2102 1412 2134 ἐξετάζοις
1437 2102 1482 2128 τὸν
1499 2101 1587 2135 λόγον,
1609 2102 1664 2132 εἴτε
1684 2101 1730 2126 ἐπὶ
1752 2100 1810 2126 τῶν
1830 2101 1915 2127 ἄλλων

1125 2148 1261 2175 ἁπάντων.
1287 2149 1324 2174 Οὐ
1348 2147 1403 2183 γὰρ
1421 2148 1476 2178 τοῖς
1487 2147 1578 2178 αὐτοῖς
1597 2146 1627 2172 τὸ
1643 2146 1720 2178 ξύλον
1738 2147 1788 2172 καὶ
1804 2147 1835 2172 τὸ
1851 2145 1915 2177 ζῶον

1126 2194 1355 2230 χαρακτηρίζεται
1366 2202 1374 2210 ⁰
1384 2195 1454 2222 οὐδὲ⁶
1464 2195 1521 2225 τοῖς
1536 2193 1616 2226 ζώοις
1629 2194 1805 2219 ἐπικοινωνεῖ
1822 2193 1856 2219 τὰ
1872 2192 1914 2218 τοῦ

1126 2240 1269 2276 ἀνθρώπου
1281 2239 1447 2274 γνωριστικά
1462 2240 1561 2274 σημεῖα
1571 2238 1637 2274 πρὸς
1648 2239 1696 2273 τὴν
1710 2238 1811 2271 ἄλογον
1827 2238 1914 2272 φύσιν.

1127 2286 1187 2312 Οὐδ’
1203 2283 1236 2312 αὖ
1249 2285 1330 2312 πάλιν
1343 2284 1378 2311 τὰ
1391 2285 1460 2311 αὐτὰ
1479 2284 1597 2311 δείκνυσι
1611 2285 1660 2319 τήν
1671 2291 1707 2310 ’τε
1724 2283 1800 2318 ζωὴν
1813 2284 1862 2310 καὶ
1876 2283 1915 2308 τᾶν

1127 2332 1257 2359 θάνατον·
1274 2330 1331 2357 ἀλλ’
1351 2330 1396 2356 ἐπὶ
1414 2330 1523 2356 πάντων
1540 2329 1717 2361 ἁπαξαπλῶς,
1733 2329 1830 2360 καθὼς
1846 2330 1915 2363 εἷρηη

1127 2386 1182 2409 ται,
1198 2376 1314 2411 ἄμικτός
1333 2375 1375 2407 τίς
1395 2376 1451 2401 ἐστι
1472 2375 1519 2401 καὶ
1544 2374 1724 2409 ἀκοινώνητος
1741 2375 1759 2409 ἡ
1780 2375 1837 2401 τῶν
1854 2375 1914 2401 {im—

1127 2422 1261 2457 κειμένων
1275 2421 1409 2456 διάκρισις
1421 2440 1428 2452 ,
1445 2421 1519 2447 οὐδὲν
1531 2421 1586 2451 τοῖς
1603 2420 1656 2446 τῶν
1670 2419 1914 2455 ὲτιιθεωρονμένων

1127 2467 1298 2502 γνωρίσμασι
1317 2466 1361 2493 διά
1384 2475 1455 2498 τινος
1474 2465 1615 2496 κοινωνίας
1639 2466 1825 2501 συγχεομένη.
1843 2466 1915 2492 Κατᾶ

1128 2513 1214 2540 τοίνυν
1229 2514 1278 2549 τὴν
1297 2512 1457 2540 ἀκολουθίαν
1476 2513 1578 2547 ταύτην
1595 2512 1768 2547 ὲξετασθήτω
1786 2512 1844 2538 τῶν
1870 2513 1915 2537 ὺπ-

1128 2559 1256 2590 εναντίων
1278 2559 1292 2584 ὁ
1315 2559 1404 2593 λόγος.
1431 2558 1486 2593 Τὴν
1511 2557 1684 2593 ἀγεννησίαν,
1715 2557 1813 2584 οὐσίαν
1836 2557 1912 2591 qui"

1128 2605 1176 2631 καὶ
1202 2604 1250 2638 τὴν
1272 2599 1398 2639 γέννησιν
1417 2603 1547 2635 ὡσαύτως
1571 2604 1611 2634 εἰς
1636 2603 1731 2630 οὐσίαν
1757 2603 1912 2635 ἀνὰγουσιν.

1135 2649 1203 2675 Ἀλλ’
1212 2649 1306 2684 ὥσπερ
1319 2649 1472 2684 ἀνθρώπου,
1501 2648 1548 2674 καὶ
1570 2647 1644 2673 λίθου
1667 2647 1760 2682 ἕτερα.
1778 2648 1826 2673 καὶ
1842 2647 1873 2673 οὐ
1885 2645 1913 2671 τὰ

1128 2695 1196 2722 αὐτὰ
1207 2695 1398 2730 γνωρίσματα·
1424 2695 1454 2720 οὺ
1475 2694 1529 2729 γὰρ
1557 2693 1589 2720 ἂν
1605 2693 1649 2720 τὸν
1672 2693 1755 2719 αὐτὸν
1784 2692 1912 2727 ἑκατέρω

1129 2737 1255 2772 ἀποδοίης
1278 2736 1355 2770 λόγον
1381 2736 1499 2771 ἔμψυχόν
1516 2744 1544 2762 τε
1559 2735 1604 2762 καὶ
1620 2735 1733 2769 ἄψυχον,
1755 2734 1788 2760 τὸ
1802 2734 1830 2760 τί
1847 2735 1931 2760 ἐστιν-

1128 2783 1284 2818 ὀριζόμενος
1297 2791 1302 2797 ο
1319 2782 1388 2808 οὕτω
1398 2782 1504 2813 πάντως
1519 2782 1608 2813 ἄλλοις
1620 2781 1669 2816 μὲν
1682 2780 1868 2815 γνωρίζεσθαι
1874 2778 1912 2804 τὸν

1130 2828 1275 2864 ἀγέννητον
1289 2828 1412 2863 σημείοις
1434 2827 1574 2860 δώσουσιν,
1593 2827 1696 2862 ἑτέροις
1711 2827 1739 2852 δὲ
1757 2826 1801 2852 τὸν
1817 2833 1910 2859 γεννη-
