1957 3079
98 120 148 147 ιοῡ

674 117 811 146 CONTRA
831 117 1024 152 EUNOMIUM,
1043 119 1106 146 LIB.
1123 119 1144 146 Ι.

1669 121 1719 148 ΗΟ

96 178 150 204 τήν.
167 175 275 203 Οὐκοῦν
290 175 471 212 θεωρήσωμεν
483 175 517 202 τὰ
533 176 666 207 ἰδιάζοντα
678 177 725 203 τοῦ
734 177 880 212 ἀγεννήτου

935 177 996 204 bile.
1013 177 1161 204 Videamus
1177 177 1260 211 igitur
1273 177 1398 211 proprias
1417 181 1495 204 notas
1533 181 1560 204 et
1584 178 1719 204 conditio-
1735 182 1738 185 '

97 224 172 252 Θεοῦ,
186 224 239 249 ὅσα
251 223 368 254 εὑσεδῶς
379 222 468 256 λέγειν
478 231 507 249 τε
522 222 567 249 καὶ
579 224 647 250 νοεῖν
657 223 732 258 παρὰ
745 223 794 258 τῆς
805 225 884 258 ἁγίας

97 269 207 304 Γραςῆς
224 269 287 304 περὶ
301 268 383 294 αὑτοῦ
400 268 609 303 μεμαθήκαμεν.
689 303 694 307 ξ

131 315 196 340 Τίνα
213 313 262 341 οὖν
275 315 332 340 ἐστι
348 313 562 344 ταῦτα;οὑδένα
584 313 660 349 οἶμαι
682 315 736 340 τῶν
755 315 884 350 Χριστια-

98 361 147 386 νῶν
166 361 287 393 ἀγνοεῖν,
301 361 341 386 ὃτι
355 359 465 393 ἀγαθὸς,
481 360 522 385 ὅτι
537 360 653 394 χρηστὺς
663 380 669 389 ,
686 361 726 386 ὅτι
746 360 831 394 ἅγιος,
846 361 884 387 δὶ-

98 405 171 436 καιος
181 414 212 431 τε
229 405 276 431 καὶ
289 405 370 436 ὅσιος,
385 404 497 439 ἀόρατός
511 414 541 430 τε
560 405 606 431 καὶ
621 405 762 437 ἀθάνατος,
782 407 884 441 φθορᾶς

97 460 124 477 τε
141 451 188 477 καὶ
202 450 308 485 τροπῆς
324 451 370 476 καὶ
385 450 550 481 ἀλλοιώσεως
565 451 749 482 ἀνεπίδεκτος,
763 452 882 483 δυνατὸς,

99 497 186 530 σοφὸς,
200 496 360 531 εὐεργέτης,
372 495 482 530 Κύριος,
493 495 598 530 κριτὴς,
614 496 701 523 πάντα
716 497 748 522 τὰ
762 497 881 524 τοιαῦτα.

99 542 128 568 Τί
155 541 210 575 γὰρ
228 541 269 567 δεῖ
290 540 511 576 ὁμολογουμένοις
539 541 734 576 ἐνδιατρίόοντα
756 542 884 576 παρατεί-

99 597 150 614 νειν
165 587 211 614 τὸν
225 587 324 621 λόγον;
339 587 370 614 Εἰ
382 585 428 614 οὖν
444 587 530 614 ταῦτα
549 588 577 613 ὲν
599 589 630 622 τῇ
646 588 785 622 ἀγεννήτῳ
805 589 883 622 φύσει

99 632 356 667 καταλαμϐάνομεν,
373 632 402 658 τὸ
415 631 443 658 δὲ
461 631 620 666 γεννηθῆναι
641 631 679 664 τῷ
699 633 735 666 μὴ
753 633 884 668 γεννηθῆ-

99 685 139 706 ναι
153 677 322 708 ὑπεναντίως
334 677 390 711 ἔχει
405 676 474 703 κατὰ
487 676 535 711 τὴν
551 676 654 702 ἔννοιαν
666 685 671 691 ·
691 677 796 712 ἀνάγκη
809 678 883 704 πᾶσα

100 722 242 748 συνθέσθαι
267 723 330 753 τοὺς
353 722 401 758 τὴν
422 722 583 757 ἀγεννησίαν
610 723 656 748 καὶ
684 723 733 756 τὴν
758 723 884 758 γέννησιν

99 768 188 795 οὐσίαν
203 765 275 794 εἶναι
292 768 465 804 ὁριζομένους
481 768 549 794 κατὰ
566 767 643 802 λόγον
669 768 717 803 τῆς
728 768 773 794 τοῦ
787 776 884 803 γεννηη

98 813 141 841 τοῦ
154 814 223 848 πρὸς
233 814 264 840 τὸ
275 815 420 849 ἀγέννητον
433 813 603 844 ἀντιθέσεως·
617 814 663 840 καὶ
672 813 707 840 τὰ
718 814 883 848 γνωριστικὰ

99 860 196 894 σημεῖα
213 859 265 894 τῆς
286 859 416 895 γεννητῆς
431 859 541 891 οὐσίας,
559 857 724 890 ὑπεναντίως
745 858 816 894 ἔχειν
829 860 883 890 τοῖς

99 904 340 940 ὲπιθεωρουμὲνοις
354 905 386 939 τῇ
401 905 539 939 ἀγεννήτῳ
554 903 641 938 φύσει.
655 904 685 930 El
702 904 756 938 γὰρ
767 904 802 930 τὰ
815 904 883 931 αὐτὰ

99 951 208 984 λέγοιεν,
224 951 319 977 οὐκέτι
333 951 364 977 τὸ
379 951 494 986 ἑτεροῖον
506 950 556 985 τῆς
567 949 620 976 τῶν
635 950 820 985 ὑποκειμένων
832 950 883 984 φύ-

100 1004 163 1026 σεως
174 995 218 1021 διὰ
229 996 279 1030 τῆς
289 996 450 1029 ταυτότητος
464 995 517 1021 τῶν
529 994 770 1029 ἐπιθεωρουμὲνων
788 996 883 1030 συστή-

99 1050 180 1068 σεται.
193 1041 255 1067 Τῶν
267 1041 321 1076 γὰρ
337 1041 461 1076 ἐτεροίως
473 1041 598 1076 ἐχόντων.
610 1041 691 1076 ἕτερα
708 1041 761 1076 χρὴ
776 1042 883 1073 πάντως

100 1085 163 1113 εἶναι
183 1087 231 1113 καὶ
251 1087 286 1113 τὰ
305 1087 482 1122 γνωρίσματα
500 1086 613 1113 οἴεσθαι·
637 1087 686 1112 ὅσα
705 1087 733 1113 δὲ
755 1086 883 1117 ὡσαύτως

100 1132 165 1158 κατὰ
183 1132 228 1159 τὸν
248 1133 326 1165 λόγον
339 1132 386 1166 τῆς
398 1132 490 1163 οὐςίας
507 1132 579 1166 ἔχει,
602 1133 657 1162 τοῖς
679 1133 769 1163 αὐτοῖς
785 1132 883 1168 δηλαδὴ

102 1178 218 1213 σημείοις
236 1178 479 1213 χαρακτηρίζεται.
495 1178 526 1204 Ei‘
537 1179 586 1212 μὲν
596 1175 642 1204 οὖν
653 1178 688 1204 τὰ
702 1178 770 1205 αὑτὰ
782 1179 828 1205 καὶ
845 1178 883 1213 τῷ

100 1224 242 1257 Μονογενεί
258 1222 524 1259 προσμαρτυροῦςιν,
541 1223 678 1258 οὐδεμίαν,
698 1223 789 1255 καθὼς
807 1224 882 1258 εἴρη-

99 1278 150 1301 ται,
165 1269 228 1304 περὶ
251 1269 285 1295 τὸ
303 1270 480 1303 ὑποκείμενον
495 1269 626 1304 διαψορὰν
645 1269 790 1295 ἐννοοῦσιν.
810 1270 840 1296 Εἰ
854 1269 882 1296 δὲ

100 1316 151 1346 τοῖς
172 1315 344 1349 βλασφήμοις
359 1315 509 1349 ἐπιμένοιεν
523 1315 619 1349 λόγοις,
633 1315 679 1341 καὶ
698 1314 727 1340 τὸ
744 1314 882 1349 παρηλλα-

101 1361 193 1395 γμένον
207 1361 254 1396 τῆς
271 1361 378 1394 φύσεως
392 1362 421 1386 ὲν
440 1362 473 1395 τῇ
494 1360 607 1396 διαφορᾷ
631 1360 676 1386 τοῦ
695 1360 823 1395 γεννητοῦ
838 1361 882 1387 καὶ

101 1406 142 1432 τοῦ
152 1406 302 1440 ἀγεννήτου
319 1405 554 1437 κατασκευάζοιεν,
567 1405 675 1431 εὔκολον
688 1405 801 1431 συνιδεῖν
816 1405 879 1431 πάν-

101 1460 148 1483 τως
163 1452 192 1477 τὺ
205 1452 238 1478 ἐκ
253 1451 305 1486 τῆς
322 1451 478 1482 ἀκολουθίας
495 1451 706 1486 ἀναφαινόμενον
719 1457 727 1465 ·
746 1451 787 1478 ὅτι
813 1451 883 1477 κατά

936 230 985 249 nes
1000 223 1170 250 innascibilis
1184 222 1241 254 Dei,
1257 230 1326 257 quas
1342 222 1385 257 pie
1411 223 1444 250 de
1458 223 1513 250 Deo
1535 223 1588 251 dici
1605 228 1632 250 et
1649 225 1720 259 cogi-

935 269 987 295 tari
999 276 1030 295 ex
1048 269 1135 295 sacris
1149 268 1248 295 litteris
1259 268 1414 295 didicimus.

970 311 1035 345 Quae
1056 317 1119 339 sunt
1142 313 1202 340 ista:
1223 313 1315 339 noue?
1333 313 1474 340 Neminem
1496 313 1717 342 Christianorum

936 359 1062 394 ignorare
1084 359 1204 386 arbitror
1228 358 1385 392 bujusmodi
1402 364 1481 387 notas
1501 361 1605 387 censeri
1632 361 1717 388 istas:

935 403 1002 431 Esse
1014 403 1125 433 bonum.
1143 403 1241 435 lenem,
1259 407 1394 435 sanctum,
1409 404 1525 438 justum,
1541 405 1718 438 invisibilcnt,

936 449 1130 480 immortalem,
1155 449 1359 483 corruptionis,
1390 450 1550 478 mutationis
1574 457 1601 478 et
1621 452 1720 479 altera-

935 496 1017 522 tionis
1032 495 1200 529 incapacem,
1217 499 1365 529 potentem,
1383 496 1544 530 sapientem,
1560 498 1719 525 benefacto-

935 549 1004 572 I‘em.
1023 541 1179 573 Dominum,
1201 541 1334 575 judicent,
1352 546 1379 568 et
1395 543 1485 568 omnia
1500 543 1582 577 hujus
1599 545 1716 578 generis.

935 587 1006 620 Quid
1023 587 1094 614 enim
1112 587 1194 614 rebus
1210 587 1299 622 planis
1315 591 1341 614 et
1355 588 1506 622 exploratis
1517 589 1718 623 immorantem,

934 631 1016 657 verba
1030 631 1212 664 multiplicare
1225 631 1340 658 attinet?
1353 638 1365 650 α
1375 632 1402 658 Si
1414 632 1590 666 igiturislain
1601 635 1720 661 innasci-

934 675 982 701 bili
1002 676 1092 702 inesse
1109 675 1351 710 deprehendimus,
1372 676 1397 703 id
1415 684 1479 703 vero
1493 679 1564 712 quod
1588 679 1720 706 naseibile

934 724 986 751 est,
1009 721 1034 747 ei
1058 721 1130 755 quod
1150 726 1191 748 est.
1217 722 1387 753 innascibileI
1411 722 1562 749 secundum
1586 716 1718 751 rationem

934 767 1094 801 opponitur,
1110 768 1254 801 perspicue
1269 768 1394 802 sequitur
1411 775 1468 798 eos.
1486 769 1532 803 qui
1555 769 1720 796 innascibili-

935 817 1017 839 tatem
1045 817 1071 839 et
1088 813 1296 840 nascibilitatem
1310 814 1384 840 aiunt
1398 822 1458 841 esse
1473 815 1666 847 substantiam,
1685 816 1720 842 fa-

935 859 985 885 teri
1001 859 1109 889 debere,
1126 867 1174 893 pro
1195 860 1367 894 oppositione
1389 860 1560 888 innascibilis
1577 862 1609 888 ad
1627 863 1719 889 nasci-

934 904 998 937 bile,
1016 909 1094 931 notas
1110 912 1217 938 quoque
1229 909 1256 931 ct
1268 905 1439 933 conditiones
1453 907 1485 933 ad
1497 909 1718 942 cognoscendum

934 956 1012 986 aptas
1024 952 1183 978 substantim
1193 953 1334 980 nascibilis
1346 954 1497 981 contrarias
1512 962 1572 980 esse
1588 955 1650 986 iliis,
1660 964 1720 988 qnzn

935 997 962 1023 in
978 1001 1076 1024 natura
1104 998 1257 1024 innascibili
1281 1003 1421 1033 apparent.
1442 998 1469 1025 Si
1484 1000 1555 1026 enim
1575 1001 1719 1035 utrobique

934 1043 1043 1069 easdem
1060 1047 1138 1070 notas
1156 1048 1267 1078 ponant,
1284 1044 1356 1070 haud
1375 1045 1490 1078 amplius
1511 1045 1655 1072 diversitas
1671 1054 1719 1072 na-

935 1092 1001 1114 tura:
1016 1095 1106 1114 rcrutn
1129 1089 1324 1122 subjectarum,
1350 1097 1396 1123 per
1412 1090 1520 1116 easdem
1544 1095 1622 1117 notas
1641 1091 1718 1118 uoltis

935 1134 1184 1167 reprarscntabitnr.
1210 1134 1276 1160 Nam
1304 1143 1346 1165 ea,
1369 1143 1429 1169 qua:
1452 1136 1530 1162 aliter
1546 1140 1643 1163 natura
1659 1145 1719 1163 sese

934 1178 1045 1211 habent,
1069 1179 1224 1206 necessario
1244 1179 1410 1206 comitantur
1423 1181 1475 1206 alia
1490 1181 1600 1213 ibidem,
1619 1183 1718 1216 quibus

933 1228 1149 1257 cognoscantur,
1168 1223 1284 1250 indicia:
1311 1232 1371 1258 qua:
1384 1231 1472 1251 autem
1493 1226 1641 1252 secundum
1655 1227 1718 1252 sult-

934 1269 1042 1296 stantia:
1060 1270 1190 1297 rationem
1213 1270 1340 1297 similiter
1357 1279 1418 1298 sese
1438 1271 1547 1303 habent,
1566 1280 1596 1298 ca
1621 1273 1716 1298 iisdem

937 1316 1019 1342 etiam
1042 1316 1113 1342 notis
1135 1321 1161 1342 et
1179 1317 1310 1351 symbolis
1334 1317 1485 1351 signantur.
1510 1317 1536 1343 Si
1554 1319 1637 1351 igitur
1656 1320 1717 1345 ιιιιὶ⁴

933 1362 1026 1396 genito
1042 1361 1111 1388 Filio
1124 1362 1232 1388 easdem
1256 1370 1366 1396 quoque
1387 1367 1464 1390 notas
1488 1364 1637 1395 ascribunt,
1656 1366 1717 1390 nul-

934 1408 997 1439 latn,
1014 1407 1170 1442 proutdixi,
1187 1408 1213 1434 in
1230 1408 1383 1435 substantia
1394 1408 1578 1436 diversitatem
1594 1415 1715 1437 statuere

933 1453 974 1479 vel
997 1460 1163 1486 cognoscere
1188 1457 1300 1487 queunt.
1331 1453 1360 1480 Si
1377 1462 1442 1480 vero
1460 1455 1486 1481 in
1503 1462 1551 1481 sua
1580 1456 1718 1490 impietate

102 1497 146 1531 τὴν
167 1497 221 1522 τῶν
242 1497 382 1531 ὀνομάτων
404 1496 549 1527 ἀντίθεσιν,
568 1497 613 1522 καὶ
625 1496 674 1530 τῆς
698 1495 804 1530 ῳὺσεως
829 1495 882 1522 τῶν

935 1498 1092 1532 persistant.
1113 1501 1140 1524 et
1154 1497 1339 1524 diversitatem
1360 1502 1463 1525 natura:
1479 1507 1526 1533 per
1540 1501 1679 1527 nascibilis
1690 1506 1718 1528 et

102 1542 149 1568 ὑπὸ
167 1541 220 1568 τῶν
242 1542 382 1576 ὀνομάτων
407 1541 613 1576 σημαινομένων
632 1541 797 1572 ὑπεναντίως
812 1540 882 1575 ἐχειν

102 1588 164 1622 πρὸς
178 1587 279 1622 ἑαυτὴν
294 1587 467 1622 νομισθείσης
479 1607 487 1617 .
505 1587 610 1622 ἀνάγκη
625 1588 700 1613 πᾶσα
718 1587 764 1614 καὶ
780 1587 813 1614 τὰ
825 1589 884 1614 ὲπι-

102 1632 272 1668 θεωρούμενα
286 1633 423 1668 ἑκατέροις
446 1635 512 1668 πρὸς
527 1634 556 1660 τὸ
573 1634 691 1660 ἐναντίον
704 1633 881 1668 διενεχθῆναι·

102 1676 166 1703 ὥστε
181 1677 237 1704 τῶν
253 1679 300 1704 ἐπὶ
311 1678 357 1704 τοῦ
372 1678 475 1714 ίΙατρὺς
487 1678 649 1713 λεγομένων,
661 1678 695 1704 τὰ
708 1678 883 1712 ἀντικείμενα

102 1721 136 1755 τῷ
153 1723 300 1756 Μονογενεῖ
322 1723 523 1758 ὲφαρμόζεσθαι
537 1743 544 1755 ,
566 1723 700 1758 θεότητος,
724 1723 862 1758 κάγιασμοῦ
874 1743 881 1755 ,

102 1768 279 1803 ἀγαθότητος,
294 1769 461 1803 ἀφθαρσίας,
479 1769 644 1803 ἀϊδιότητος,
670 1769 717 1795 καὶ
734 1768 761 1794 εἴ
775 1778 801 1795 τι
819 1769 883 1795 ἄλλο

103 1813 143 1838 τὸν
159 1813 203 1839 ἐπὶ
223 1813 332 1840 πάντων
347 1814 412 1840 Θεὸν
426 1814 470 1841 διὰ.
491 1814 544 1841 τῶν
559 1813 677 1840 εὐσεϐῶν
699 1814 764 1848 ἡμῖν
780 1814 882 1849 νοημά-

103 1867 151 1885 των
176 1860 352 1894 παρίστησιν·
367 1859 436 1886 ὥστε
463 1860 552 1887 πάντα
565 1860 598 1886 τὰ
609 1860 822 1895 ἁπεμφαίνοντα,
837 1860 884 1886 καὶ

104 1905 203 1940 ἑκάστῳ
213 1906 269 1932 τῶν
286 1906 354 1941 πρὸς
365 1905 394 1932 τὸ
408 1907 529 1941 κρεῖττον
545 1906 754 1941 ὑπειλημμένων
765 1906 883 1932 ἀντιδια-

104 1950 273 1984 στελλόμενα,
287 1951 334 1985 τῆς
346 1951 478 1986 γεννητῆς
493 1951 545 1977 ἴδια
555 1950 674 1986 νομίζειν
687 1951 780 1982 οὐσίας
799 1949 879 1978 εἶναι.

104 1993 180 2021 Deum
211 1995 402 2022 universorum
432 2003 479 2030 per
511 1995 570 2030 pias
599 1995 778 2030 cogitationes
805 1996 885 2023 nobis

936 1543 1105 1570 innascibilis
1121 1542 1299 1570 differentiam
1316 1543 1458 1575 fabricent,
1471 1545 1548 1571 facile
1559 1549 1600 1572 est
1615 1545 1716 1577 ridere,

935 1596 1058 1622 quamam
1074 1589 1139 1615 inde
1154 1589 1259 1615 oriatur
1272 1591 1448 1615 consecutio:
1473 1598 1570 1624 nempe
1582 1591 1604 1616 si
1621 1599 1717 1617 secun-

934 1634 998 1660 dum
1023 1633 1164 1660 nominum
1191 1634 1389 1668 oppositionem
1416 1635 1480 1669 ipsa!
1507 1636 1588 1662 etiam
1616 1640 1718 1664 natura:

934 1686 1039 1710 eorum,
1065 1679 1110 1712 qui
1142 1685 1190 1713 per
1216 1679 1325 1705 nomina
1351 1679 1549 1713 significantur,
1582 1681 1718 1707 contrarie

935 1730 995 1749 sese
1023 1721 1138 1748 invicem
1168 1721 1278 1753 habent,
1309 1722 1501 1750 inevitabiliter
1525 1725 1658 1758 sequitur,
1686 1733 1716 1751 ea

935 1768 1028 1799 etiam,
1053 1775 1114 1802 qua:
1140 1768 1195 1794 illis
1222 1768 1313 1794 inesse
1336 1768 1556 1800 considerantur,
1581 1771 1718 1796 contrarie

934 1822 994 1841 sese
1008 1813 1122 1840 habere:
1141 1818 1169 1840 ut
1184 1813 1297 1848 proinde
1311 1812 1454 1848 Unigcnito
1466 1822 1580 1848 prorsus
1594 1815 1716 1849 opposita

935 1859 979 1890 iis,
996 1867 1056 1894 qua:
1068 1859 1101 1886 de
1116 1858 1197 1886 Patre
1210 1856 1388 1890 affirman'tnr,
1406 1860 1635 1886 accommodanda
1650 1861 1715 1891 sint,

934 1905 1070 1939 opposita,
1098 1905 1220 1938 inquam,
1241 1903 1387 1936 divinitati,
1413 1905 1564 1936 sanctitati,
1591 1904 1715 1934 bonitati.

935 1949 1312 1984 incorruptioni,mternilati,
1339 1953 1366 1976 et
1394 1949 1421 1976 id
1444 1957 1530 1983 genus
1557 1950 1627 1979 aliis.
1657 1959 1717 1984 qua:

906 1999 1111 2030 repraesentant.
1138 1994 1228 2027 Quare
1258 1999 1373 2029 oportet,
1399 1999 1429 2021 ut
1462 2003 1556 2022 omnes
1582 2001 1662 2027 notae,
1689 2001 1716 2023 ct

105 2041 188 2067 omnia
219 2045 325 2068 natura:
352 2041 450 2068 indicia
472 2041 630 2068 melioribus
653 2041 707 2068 illis
734 2042 884 2073 contraria,
902 2045 1005 2068 natura:
1021 2040 1117 2075 genitae
1128 2041 1236 2074 propria
1251 2040 1399 2067 existimari
1415 2041 1540 2068 debeant.

134 2088 283 2123 Σαφηνείας
290 2087 318 2113 δὲ
330 2087 419 2123 χάριν,
431 2087 672 2122 προσδιατριπτέον
683 2087 741 2113 ἐστὶ
751 2086 789 2122 τῷ
797 2087 882 2122 τόπῳ.

971 2087 1005 2112 At
1024 2086 1157 2113 claritatis
1174 2093 1256 2112 causa
1274 2086 1317 2113 isti
1347 2086 1406 2112 loco
1429 2087 1551 2113 nonnihil
1577 2087 1714 2115 immorari

104 2135 200 2170 Ὠσπερ
214 2134 254 2169 τῷ
267 2133 359 2169 θερμῷ
372 2133 418 2161 καὶ
431 2133 469 2168 τῷ
480 2133 587 2169 ψυχρῷ,
598 2134 727 2164 ἐναντίοις
742 2131 801 2160 οὑσι
814 2133 883 2160 κατὰ

935 2131 1019 2158 Iubet.
1043 2131 1277 2163 Quemadmodum
1305 2131 1423 2158 calidum
1448 2136 1475 2158 et
1510 2132 1634 2167 frigidum
1662 2134 1714 2161 sibi

102 2180 145 2214 τὴν
160 2178 420 2214 φύσιν-(ὑποκείσθω
433 2180 462 2206 δὲ
482 2179 520 2214 τῷ
543 2180 613 2215 λόγῳ
634 2180 688 2214 πῦρ
703 2189 732 2206 τε
754 2180 800 2207 καὶ
817 2181 882 2215 κρύ-

104 2225 219 2257 σταλλος.
243 2225 346 2252 Ἐκεῖνο
360 2226 486 2261 ἑκάτερον
502 2225 542 2258 ὃν,
558 2226 626 2262 ὅπερ
640 2226 689 2252 οὐκ
706 2225 762 2251 ἐστι
776 2225 806 2251 τὸ
825 2225 883 2251 ἓτε-

104 2279 154 2305 ρον.
176 2271 230 2297 Καὶ
254 2271 288 2298 τὰ
303 2272 376 2302 ἰδίως
401 2271 522 2306 ἑκατέρῳ
541 2271 643 2298 τούτων
668 2271 880 2307 ἐπιφαινόμενα,

103 2315 330 2351 παρηλλαγμένως
344 2316 399 2351 ἔχει
415 2317 522 2347 πάντως
537 2311 604 2351 πρὸς
620 2316 730 2351 ἄλληλα·
750 2317 814 2343 ῐδιον
829 2316 882 2351 γὰρ

103 2360 145 2386 τοῦ
162 2361 209 2395 μὲν
226 2361 393 2396 κρυστάλλου
409 2362 425 2396 ὴ
443 2361 531 2396 ψύξις·
547 2361 594 2388 τοῦ
617 2361 645 2387 δὲ
667 2361 766 2397 πυρὸς,
785 2362 801 2396 ἡ
818 2360 881 2395 θερ-

106 2405 298 2441 μότηςδ)οὑτως
313 2407 390 2441 εἴπερ
403 2406 473 2432 κατὰ
485 2405 533 2442 τὴν
549 2407 578 2433 ὲν
595 2408 651 2438 τοῖς
665 2407 793 2442 ὀνόμασιν
807 2407 884 2433 ἐναν-

104 2451 190 2477 τίωσιν
209 2453 255 2478 ἐπὶ.
276 2452 323 2478 τοῦ
341 2452 488 2486 ἀγεννήτου
511 2452 557 2478 καὶ
580 2451 719 2486 γεννητοῦ,
745 2451 791 2478 καὶ
806 2453 822 2486 ἡ
839 2451 883 2478 διὰ

104 2498 151 2524 τῶν
162 2499 302 2534 ὀνομάτων
317 2498 467 2533 δηλουμένη
482 2497 562 2532 φύσις
579 2498 646 2532 πρὸς
658 2498 689 2524 τὸ
698 2497 883 2532 ἀντικείμενον

103 2543 230 2579 ἃιασταίη,
247 2545 297 2570 οὐκ
312 2544 446 2579 ἐνδέχεται
467 2543 515 2575 τὰς
530 2543 658 2578 δυνάμεις
672 2542 726 2569 τῶν
747 2542 817 2569 κατὰ
834 2542 884 2576 φύ-

105 2595 142 2614 σιν
155 2588 331 2620 ὑπεναντίων,
345 2589 440 2623 ὁμοίας
455 2588 582 2623 ἀλλήλαις
604 2585 683 2614 εἶναι·
699 2587 736 2618 ὡς
750 2588 799 2614 οὐκ
811 2587 883 2614 ἐνδέ-

106 2641 184 2666 χεται,
200 2633 262 2660 οὔτε
285 2634 315 2659 ὲν
330 2633 397 2669 πυρὶ
410 2633 458 2668 τὴν
479 2632 569 2667 ψύξιν,
593 2632 654 2659 οὗτε
669 2635 699 2660 ὲν
725 2633 904 2674 κρυστάλλῳί,

105 2678 222 2711 γενέσθαι
238 2679 288 2714 τὴν
302 2678 435 2714 πύρωσιν.
453 2679 484 2705 Εἰ
500 2676 546 2705 οὖν
563 2680 591 2704 ἐν
606 2679 638 2712 τῇ
655 2678 795 2713 ἀγεννήτῳ
807 2678 888 2712 οὑσίᾳι

106 2723 120 2756 ἡ
133 2723 266 2758 ἀγαθότης
276 2725 387 2754 νοεῖται,
398 2723 521 2758 διέστηκε
531 2723 570 2755 δὲ,
581 2722 673 2753 καθὼς
684 2723 781 2749 ἐκεῖνοί
792 2731 882 2756 φασιν,

106 2768 131 2795 ἐν
145 2768 181 2803 τῷ
195 2769 266 2804 λόγῳ
279 2769 328 2805 τῆς
345 2769 449 2803 φύσεως
461 2769 528 2804 πρὸς
538 2769 586 2804 τὴν
600 2768 729 2803 γεννητὴν
742 2769 758 2803 ἡ
769 2768 868 2802 ἀγέννη
877 2783 883 2788 -

935 2181 1030 2204 mutuo
1060 2177 1270 2204 adversantibus
1294 2177 1399 2203 naturis
1425 2182 1554 2204 constant
1573 2178 1715 2212 (accipia-

934 2231 996 2250 mus
1017 2222 1134 2256 exempli
1153 2222 1238 2256 gratia
1257 2222 1345 2256 ignem
1366 2226 1392 2250 et
1420 2223 1545 2257 glaciem.
1571 2223 1715 2256 Quodlibet

933 2271 975 2294 est
990 2267 1068 2298 illud,
1084 2267 1158 2300 quod
1175 2274 1229 2293 non
1258 2271 1300 2293 est
1327 2267 1454 2298 alterunt,
1476 2271 1502 2293 et
1518 2276 1577 2301 qua:
1605 2269 1715 2295 cuilibet

933 2311 1030 2337 horum
1047 2310 1156 2345 proprie
1169 2311 1346 2342 conveniunt,
1363 2319 1476 2345 prorsus
1489 2312 1560 2339 inter
1571 2321 1599 2340 se
1612 2313 1715 2340 discre-

933 2359 1017 2390 pant:
1034 2364 1095 2382 nam
1113 2356 1208 2390 glaciei
1224 2357 1363 2390 proprium
1379 2361 1421 2384 est
1444 2357 1614 2392 refrigerare,
1645 2359 1715 2394 ignis

932 2401 1105 2435 calefacere),
1119 2401 1166 2432 ita,
1183 2401 1204 2428 si
1225 2405 1254 2427 ut
1264 2401 1374 2428 nomina
1388 2402 1415 2428 in
1425 2402 1575 2430 innascibili
1589 2409 1616 2430 et
1630 2405 1715 2431 nasci-

933 2446 979 2473 bili
994 2446 1046 2473 sibi
1063 2446 1201 2473 contraria
1219 2451 1294 2478 sunt,
1306 2447 1346 2473 sic
1365 2448 1445 2474 etiam
1476 2453 1571 2475 natura
1600 2450 1716 2475 nomini-

933 2494 984 2520 bus
998 2492 1150 2527 significata
1164 2493 1363 2528 oppositionem
1375 2494 1466 2526 habet,
1481 2495 1536 2522 fieri
1549 2503 1601 2522 non
1616 2500 1713 2530 potest,

933 2542 962 2565 ut
975 2538 1102 2573 potentiae
1119 2546 1213 2566 eortttn
1226 2547 1287 2574 qum
1301 2539 1451 2567 secundum
1466 2545 1589 2567 naturam
1607 2547 1715 2567 contra-

934 2585 974 2611 ria
991 2589 1066 2616 sunt,
1087 2585 1141 2613 sint
1159 2585 1231 2612 inter
1245 2593 1275 2613 se
1290 2585 1404 2616 similes,
1421 2590 1500 2619 prout
1518 2586 1574 2612 ﬁeri
1596 2594 1649 2612 non
1668 2594 1715 2620 po-

933 2635 996 2662 test,
1024 2635 1052 2657 ttt
1080 2631 1107 2657 in
1130 2630 1192 2665 igne
1219 2631 1374 2658 inveniatur
1402 2631 1504 2666 frigus,
1527 2635 1554 2658 et
1582 2632 1607 2656 in
1630 2631 1715 2665 glacie

933 2677 1018 2704 calor.
1047 2675 1075 2703 Si
1101 2676 1182 2711 igitur
1213 2676 1240 2703 in
1259 2680 1355 2703 natura
1376 2677 1531 2703 innascibili
1547 2676 1655 2703 bonitas
1677 2677 1714 2703 in-

933 2727 987 2754 cst.
1003 2723 1141 2757 discrepat
1161 2727 1263 2754 autem,
1291 2722 1361 2756 quod
1389 2722 1426 2748 illi
1449 2721 1593 2753 affirmant,
1623 2721 1650 2748 in
1675 2723 1713 2747 ra-

935 2769 1011 2796 tione
1028 2773 1133 2797 naturae
1148 2768 1320 2796 innascibilis
1337 2775 1352 2794 a
1371 2766 1505 2800 nascibili,
1524 2775 1636 2795 necesse
1661 2775 1717 2794 otn~

906 2656 927 2677 χ

139 2841 152 2856 ι
170 2834 316 2870 liueusqnc
331 2836 430 2869 Apogr.
449 2835 519 2869 Liv.;
534 2835 676 2870 sequentia
693 2843 724 2862 cx
744 2835 802 2862 solo
825 2834 874 2862 cod
901 2834 964 2862 Bav.
