1957 3079
219 120 271 146 M’l

847 111 875 139 S.
889 110 1052 139 GREGORII
1080 110 1228 139 NYSSENI

1800 112 1863 138 “2’

221 176 286 203 nino
299 179 349 206 est,
368 178 396 200 ut
422 172 460 206 id,
488 172 560 206 quod
588 175 629 198 est
655 169 795 205 proprium
827 169 1008 201 innascibilis,

1066 178 1116 201 cog.
1133 170 1353 204 συνδιαστήσεται
1376 170 1484 202 πάντως
1503 171 1549 197 καὶ
1563 170 1610 196 τοῦ
1631 169 1801 204 ἀγγεννήτου
1823 167 1854 194 τὸ

222 221 359 256 discrepet
372 226 480 254 quoque
497 218 531 245 ah
541 217 598 248 illo.
612 216 685 251 quod
698 220 740 243 est
751 216 891 251 proprium
917 215 1008 243 nasci-

223 267 295 294 hilis.
312 266 402 299 Itaque
415 264 438 290 si
451 263 478 290 in
497 263 542 290 illa
562 267 661 290 natura
684 262 755 289 inest
770 262 889 294 bonitas,
919 262 944 288 in
957 261 1008 288 hac

223 311 260 339 il.
276 309 347 345 quod
372 309 443 336 bono
469 307 629 342 opponitur,
657 307 869 342 concipiendum
891 306 953 333 erit.
969 306 1007 332 Ita

222 362 304 389 opera
317 353 465 388 insignium
481 352 596 380 istorum
612 352 838 387 dogmatistarum
865 351 1008 379 reviviscet

223 400 315 427 Manes
339 399 402 426 mali
421 402 547 426 naturam
571 406 713 433 opponens
732 398 815 429 bono,
835 401 863 424 et
883 396 1010 424 substan-

221 446 320 470 tiarum
346 443 531 471 diversitatem
559 443 587 470 in
617 443 685 477 ipsis
707 450 816 477 quoque
838 442 968 476 potentiis
983 446 1010 468 et

223 488 370 523 virtutibus
391 493 530 516 astruens.

258 534 287 561 Si
313 538 404 562 autem
425 534 493 561 nihil
512 533 622 569 penitus
641 533 873 560 dissimulandum
891 537 944 566 est,
962 533 1009 561 sed

222 580 316 607 omnia
338 580 424 607 libere
435 579 551 607 dicenda
566 588 572 605 ι
590 577 683 606 Manes
696 579 793 605 merito
806 578 881 605 venia
903 577 1010 613 dignior

222 626 375 654 existimari
395 629 496 660 potest,
522 631 604 659 quam
622 624 664 651 isti
678 631 775 659 :quem
796 624 874 651 aiunt
892 625 1009 659 primum

224 672 320 704 fuisse,
345 672 393 706 qui
415 670 563 698 Manichtea
588 670 715 704 dogmata
732 670 833 698 cudere
857 670 1009 705 ingressus,

223 723 326 745 sectam
349 717 383 744 de
404 723 454 743 suo
469 716 580 743 nomine
597 716 786 750 appellaverit.
805 715 867 742 Haec
882 715 1010 748 dixerim,

225 765 304 800 quasi
327 765 350 791 si
374 764 436 799 quis
456 771 488 790 ex
508 764 600 798 vipera
617 767 644 790 et
666 764 760 798 aspide
780 763 965 798 benigniorem
985 767 1012 790 et

224 811 362 838 mitiorem
385 810 478 844 eligat,
498 816 560 836 eum
583 809 666 836 etiam
694 809 765 836 inter
787 809 846 844 ipsa
865 809 944 836 bruta
957 809 1012 835 ani-

224 858 328 883 mantia
345 856 381 884 Sil
405 855 554 882 discrimen
572 854 720 889 quoddam.
744 854 840 882 Nonne
863 855 924 882 illos
947 854 1014 890 (Ma-

224 903 357 937 niclneos)
374 902 419 930 his
437 901 638 937 (Eunomianis)
667 901 866 928 tolerabiliores
885 901 1011 936 dogmata

224 950 257 976 al
282 956 396 976 examen
417 952 512 975 vocata
537 947 708 975 ostendunt?
735 947 781 974 llle
805 947 878 974 enim
896 946 1012 981 (Manes)

224 996 358 1022 bonorum
370 994 473 1022 auctori
491 998 518 1021 ct
533 994 669 1029 principio
688 1001 717 1021 se
734 992 898 1028 patrocinari
914 992 1012 1020 existi-

217 1041 326 1077 Imabat,
342 1044 474 1075 tanquam
492 1040 566 1067 nulla
579 1039 641 1066 mali
666 1047 750 1066 causa
763 1039 798 1065 ab
817 1039 863 1066 illo
879 1039 1012 1073 originem

224 1085 305 1113 ducat
330 1095 336 1112 :
364 1090 510 1120 propterea
532 1085 564 1112 ad
590 1084 665 1112 aliud
690 1085 853 1119 principium
869 1085 1012 1120 proprium

224 1131 347 1158 omnium
358 1139 465 1163 eorum,
481 1139 541 1166 quae
560 1131 587 1158 in
600 1130 679 1158 malis
695 1135 886 1162 numerantur,
901 1137 1012 1157 causam

225 1178 328 1209 retulit,
338 1177 416 1212 quasi
426 1185 474 1211 pro
483 1177 537 1204 Deo
547 1176 737 1203 universorum
747 1176 908 1202 advocatum
918 1183 1012 1210 agens:

225 1223 338 1257 perinde
364 1230 396 1250 ac
424 1223 447 1250 si
474 1222 612 1258 piaculum
634 1226 708 1249 esset
734 1222 868 1249 honorum
891 1222 1012 1249 omnium

225 1268 338 1299 fontem,
363 1275 470 1298 eorum,
487 1275 546 1301 qua:
569 1271 666 1301 praeter
688 1267 822 1294 rationem
839 1267 1014 1294 committun-

225 1316 280 1343 tur,
300 1319 432 1338 accusare
453 1320 459 1338 :
488 1319 541 1338 non
564 1311 730 1346 intelligi-ns.
750 1319 804 1346 pra:
828 1311 912 1338 animi
928 1319 1014 1346 angu-

225 1356 296 1388 stiis,
319 1356 376 1384 ﬁeri
402 1363 493 1391 posse,
511 1360 540 1382 ut
562 1364 651 1391 neque
678 1356 750 1383 Deus
772 1356 905 1383 malorum
919 1361 1015 1383 auctor

226 1402 368 1435 habeatur,
388 1410 476 1436 neque
493 1402 545 1429 alia
563 1402 705 1437 qumpiam'
718 1410 802 1430 causa
825 1402 951 1436 principii
967 1410 1016 1429 ex-

226 1455 288 1482 pers
309 1448 512 1475 introducatur.
544 1448 581 1475 De
605 1456 660 1482 quo
681 1448 759 1482 longa
784 1453 827 1475 est
851 1447 1014 1482 disputatio,

225 1502 313 1529 neque
341 1494 484 1530 praesentis
508 1494 650 1528 temporis.
677 1494 777 1525 Causa,
803 1501 852 1520 cur
876 1493 928 1520 hoc
955 1493 1015 1520 loco

227 1541 323 1566 horum
342 1540 509 1567 mentionem
532 1539 689 1571 fecerimus,
706 1539 756 1566 ista
772 1543 824 1570 est,
840 1539 904 1574 quia
924 1538 1016 1566 Manes

226 1586 414 1612 arbitrabatur
429 1592 442 1611 a
460 1585 514 1612 Deo
530 1585 722 1612 universorum
738 1585 814 1611 ouini
843 1585 924 1611 modo
941 1585 1016 1619 prin-

225 1631 326 1666 cipium
343 1631 405 1657 mali
424 1631 559 1657 relnoveri
576 1631 685 1657 debere.
710 1631 744 1657 At
768 1631 812 1657 isti
829 1631 1016 1666 (Eunomiani)

227 1677 306 1711 longe
327 1676 481 1713 graviorem
501 1683 581 1711 quam
602 1677 650 1706 illi.
672 1681 698 1703 et
714 1676 903 1703 absurdiorem
918 1681 1014 1703 contra

226 1723 325 1749 Filium
338 1722 534 1757 blasphemiam
550 1722 664 1749 cudunt.
682 1721 812 1749 Naturam
831 1723 966 1749 malorum
983 1723 1017 1749 si-

227 1769 327 1796 militer
345 1773 374 1795 ut
396 1769 445 1801 illi,
461 1769 634 1803 oppositione
656 1769 807 1796 secundum
832 1769 1014 1796 substantiam

227 1814 387 1846 metiuntur,
415 1818 552 1848 quaternis
572 1821 637 1840 vero
664 1814 694 1840 iIr
719 1814 770 1840 hoc
796 1822 847 1840 suo
877 1814 1015 1848 ﬁgmento,

228 1860 416 1887 universorum
434 1860 514 1886 Deum
533 1863 652 1886 statuunt
672 1860 850 1891 conditorem,
873 1867 886 1886 a
903 1867 967 1894 quo,
988 1865 1017 1887 ut

227 1906 313 1936 ..iunt,
335 1905 509 1940 generatione
526 1905 680 1932 substantia
700 1905 833 1939 producta
852 1905 950 1931 alienm
969 1913 1016 1931 na-

226 1958 292 1977 ιιιινιι³
313 1950 350 1977 sit
370 1958 384 1977 a
411 1955 509 1985 natura
530 1950 572 1978 sui
598 1950 715 1985 opiﬁcis,
734 1954 848 1977 cateruis
877 1950 1017 1984 impietate

226 1996 390 2023 Manichzeos
413 1997 491 2031 longe
516 2000 647 2030 superant
673 2005 678 2023 ε
698 1996 762 2030 quia
792 2003 844 2022 non
869 1996 957 2023 solum
979 1997 1015 2028 ei,

226 2040 297 2073 quod
321 2040 472 2067 secundum
499 2047 576 2066 suam
598 2043 726 2066 naturam
752 2039 825 2067 bono
844 2040 1016 2072 adversatur,

226 2086 383 2121 hypostasin
395 2086 529 2118 tribuunt,
547 2086 594 2114 sed
608 2087 670 2120 quia
686 2086 788 2113 bonum
808 2085 890 2113 Deum
904 2086 1017 2114 alterius

227 2131 274 2158 Dei
299 2135 397 2158 natura
422 2139 536 2167 prorsus
555 2131 657 2158 diversi
680 2132 880 2166 progenitorem
901 2131 1015 2166 faciunt,

227 2174 331 2205 tantum
356 2186 410 2204 non
440 2177 584 2204 manifeste
616 2177 668 2203 hac
690 2185 739 2204 sua
762 2177 887 2205 doctrina
914 2179 1016 2206 vocife-

225 2228 329 2256 rantes,
347 2223 450 2258 aliquid
471 2230 533 2250 esse
550 2227 654 2249 naturae
671 2223 733 2250 boni
749 2224 928 2256 contrarium,
943 2224 1014 2259 quod

225 2270 260 2296 ab
273 2269 332 2303 ipso
345 2269 416 2295 hono
433 2267 595 2303 hypostasin
610 2269 756 2302 acceperit.
771 2268 837 2295 Nam
851 2271 912 2295 c'um
925 2269 1015 2296 Patris

225 2315 380 2341 substantia
405 2314 475 2341 bona
499 2313 534 2341 sit
553 2313 667 2346 credita,
687 2314 840 2342 substantia
859 2322 922 2342 vero
939 2315 1012 2347 Filii,

225 2368 258 2387 eo
276 2360 350 2395 quod
366 2367 420 2386 non
439 2359 533 2386 eodem
558 2359 638 2387 modo
661 2367 690 2387 se
717 2360 815 2387 haheat
842 2367 904 2386 cum
934 2360 1013 2388 Patre

226 2404 377 2433 secundum
402 2409 506 2431 natura?
539 2407 684 2438 rationem,
712 2410 794 2439 prout
820 2405 1011 2433 haereticorum

225 2456 268 2478 est
285 2451 389 2485 opinio,
414 2450 441 2477 in
469 2451 671 2478 contrariorum
694 2451 789 2478 ordine
806 2459 838 2477 ex
855 2453 1009 2479 necessaria

225 2496 421 2523 consecutione
433 2497 561 2524 collocari
577 2497 686 2528 debeat,
700 2496 764 2530 quid
777 2496 840 2523 hinc
851 2497 1012 2525 coniicitur?

198 2564 200 2567 .
226 2541 282 2568 lloc
309 2541 445 2574 nimirum,
463 2542 615 2569 subsistere
633 2541 735 2576 aliquid
754 2541 826 2568 hono
841 2543 1009 2577 oppositum,

224 2592 251 2614 et
273 2595 307 2614 ex
328 2587 387 2621 ipso
407 2588 478 2614 hono
499 2587 536 2620 id,
561 2587 634 2622 quod
662 2590 759 2613 natura
775 2588 941 2615 contrarium
959 2593 1010 2624 est,

226 2634 324 2668 pietate
345 2633 506 2660 horribilius
527 2640 598 2660 esse.

261 2679 289 2707 Si
310 2687 374 2706 vero
390 2679 479 2706 verbis
500 2677 654 2705 intleientur
669 2677 878 2713 blasphemiam,
896 2687 956 2714 qure
975 2687 1006 2707 ex

224 2732 318 2752 eorum
341 2725 465 2752 doctrina
480 2723 623 2758 perspicue
640 2723 756 2750 deducta
784 2727 835 2757 est,
848 2725 1009 2759 dicamque,

227 2770 401 2805 Uuigenitum
425 2769 494 2796 bona
517 2768 607 2796 Patris
637 2769 822 2802 hatreditassc,
858 2778 911 2797 non
937 2771 1010 2805 quod

224 2826 288 2846 vere
306 2817 342 2844 sit
365 2815 459 2849 Filius,
488 2818 516 2842 ut
532 2814 607 2850 impii
625 2815 771 2849 opinantur
788 2825 794 2848 ;
814 2816 860 2843 sed
879 2816 941 2851 quia
964 2824 1011 2851 per

1063 217 1127 244 ἴδιον
1144 217 1196 243 ἀπὸ
1211 216 1256 243 τοῦ
1281 217 1351 243 κατὰ
1372 216 1402 243 τὸ
1415 217 1541 252 γεννητὸν
1556 215 1710 248 ἰδιάζοντος.
1731 216 1814 241 Ὥστε
1829 215 1852 241 εἰ

1062 264 1090 290 ἐν
1106 263 1202 298 ἐκεινῳ
1215 263 1245 289 τὸ
1263 262 1375 297 ἀγαθὸν,
1387 263 1416 289 ὲν
1431 263 1518 296 τούτῳ
1533 262 1650 289 νοεῖσθαι
1659 262 1690 288 τὸ
1704 261 1742 296 τῷ
1757 260 1854 295 ἀγαθῷ

1062 309 1257 343 ἀντικείμενον.
1275 308 1330 335 Καὶ
1341 307 1427 340 οὕτως
1439 308 1504 343 ἡμῖν
1514 307 1559 334 διὰ
1573 307 1627 334 τῶν
1643 306 1733 341 σοφῶν
1750 305 1854 333 τούτων

1062 353 1259 387 δογματιστῶν,
1281 353 1362 379 πάλιν
1376 354 1391 380 ό
1409 352 1506 388 Μάνης
1529 351 1710 379 ἀναϐιώσεται
1731 351 1781 387 τὴν
1804 351 1854 385 τῆς

1062 398 1161 430 κακίας
1178 398 1257 432 φύσιν
1271 398 1495 433 ἀντιπαρεξάγων
1508 397 1547 432 τῷ
1563 397 1667 432 ἀγαθῷ,
1683 397 1731 423 καὶ
1751 398 1786 431 τῇ
1800 396 1854 422 τῶν

1062 444 1161 470 οὐσιῶν
1177 445 1314 479 ἑτερότητι
1333 442 1503 479 δογματίζων
1518 443 1549 470 τὸ
1570 444 1599 470 ὲν
1622 444 1682 474 ταῖς
1704 442 1854 477 δυνάμεσιν

1063 490 1153 517 αὐτῶν
1167 489 1365 523 ἀντικείμενον.
1546 505 1560 518 ,-

1099 535 1131 562 Εἰ
1145 535 1173 562 δὲ
1188 535 1241 571 χρὴ
1259 534 1341 572 μηδὲν
1358 535 1586 570 ὑποστειλάμενον
1607 535 1676 570 μετὰ
1695 534 1854 570 παρρησίας

1064 583 1161 614 εἰπεῖν,
1179 581 1413 617 συγγνωστότερος
1428 581 1530 608 τούτων
1550 583 1564 608 ὁ
1581 581 1674 616 Μάνης
1694 581 1808 611 εἰκότως
1822 580 1855 606 ἂν

1064 626 1133 654 εἶναι
1147 627 1298 663 νομίζοιτο·
1313 627 1342 654 ὃν
1357 627 1462 662 πρῶτόν
1479 635 1545 662 φασι
1564 628 1620 659 τοῖς
1634 626 1751 662 δόγμασι
1769 625 1854 655 Μανι-

1065 673 1149 708 χιιίων
1171 673 1399 709 ὲπιτολμήσαντα,
1422 673 1467 708 ἀφ’
1487 673 1583 700 ἑαυτοῦ
1605 672 1788 708 κατονομάσαι
1806 671 1855 706 τὴν

1065 719 1179 754 αἵρεσιν.
1205 718 1285 752 Λέγω
1305 718 1333 744 δὲ
1360 718 1455 750 ταῦτα,
1474 719 1512 751 ὡς
1534 720 1567 746 ἂν
1582 719 1662 750 εἴτις
1686 718 1795 753 ἐχίδνης
1810 718 1857 744 καὶ

1065 766 1177 797 ἀσπίδος
1200 765 1249 801 τὴν
1265 765 1523 801 φιλανθρωποτέραν
1535 764 1691 799 ὲκλέγοιτο·
1709 764 1780 799 πλὴν
1797 764 1855 790 ἀλλ’

1066 811 1158 846 ἐπειδή
1174 812 1232 837 ἐστι
1247 811 1294 837 καὶ
1310 811 1339 837 ἐν
1355 810 1458 846 θηρίοις
1476 810 1576 846 κρίσις,
1595 810 1656 845 οὐχὶ
1667 810 1771 836 τούτων
1785 809 1856 835 ὲκεί-

1031 854 1051 881 Β
1066 866 1125 888 νους
1141 857 1333 892 ἀνεκτοτέρους
1360 854 1427 883 εἶναι
1448 857 1648 892 δοκιμαζόμενα
1669 856 1704 882 τὰ
1731 855 1857 890 δόγματα

1063 903 1215 936 δείκνυσιν;
1234 903 1262 929 '0
1281 903 1336 938 μὲνι
1348 903 1402 937 γὰρ
1429 902 1619 937 συναγορεύειν
1641 902 1709 937 ῷετο
1725 900 1765 936 τῷ
1780 900 1856 935 αὑτῷ

1065 948 1174 982 ἀγαθῶν
1195 948 1273 984 αἰτίῳ
1286 956 1293 963 ·
1313 949 1351 980 ὡς
1366 949 1493 983 οὐδεμιᾶς
1507 948 1597 975 κακῶν
1610 947 1698 979 αἰτίας
1718 947 1766 974 ἀπ’
1782 946 1857 972 ὲκεί-

1064 1003 1109 1021 νου
1126 995 1175 1030 τὴν
1198 995 1285 1030 ἀρχὴν
1307 994 1449 1029 λαϐούσης.
1465 994 1520 1020 Καὶ
1539 994 1583 1021 διὰ
1601 994 1679 1021 τοῦτο
1700 994 1740 1024 εἰς
1769 993 1857 1028 ἀρχὴν

1064 1040 1160 1075 ἑτέραν
1193 1040 1354 1072 ἰδιάζουσαν,
1380 1040 1434 1066 τῶν
1460 1041 1529 1075 πρὸς
1551 1040 1582 1067 τὸ
1610 1041 1700 1075 χεῖρον
1724 1039 1857 1074 ἀριθμου⁴

1066 1085 1155 1120 μένων
1188 1087 1296 1113 πάντων
1328 1086 1377 1122 τὴν
1409 1087 1498 1113 αἰτίαν
1523 1086 1642 1121 ἀνῆψεν·
1676 1084 1731 1112 οἷον
1759 1085 1858 1111 ἀπολο-

1065 1131 1198 1167 γούμενος
1224 1133 1294 1167 ὑπὲρ
1317 1132 1363 1158 τοῦ
1380 1132 1446 1159 Θεοῦ
1463 1132 1518 1159 τῶν
1543 1132 1620 1163 ὅλων,
1637 1131 1675 1163 ὡς
1694 1132 1744 1158 οὐκ
1759 1131 1857 1164 εὖαγὲς

1065 1178 1104 1209 ὃν,
1125 1178 1174 1213 τὴν
1190 1178 1243 1205 τῶν
1272 1179 1382 1212 ἀγαθῶν
1409 1178 1500 1214 πηγὴν
1523 1179 1568 1205 xatl.
1591 1178 1644 1204 τῶν
1676 1177 1752 1213 παρᾶ
1778 1177 1858 1210 λόγον

1065 1225 1317 1260 πλημμελουμένων
1343 1225 1536 1252 ἐπαιτιᾶσοαι’
1559 1225 1589 1251 οὐ
1612 1225 1714 1256 συνιεὶς
1739 1223 1793 1250 ὑπὸ
1815 1232 1858 1258 μι-

1065 1269 1224 1304 κροψυχίας.
1241 1271 1281 1296 ὅτι
1303 1269 1413 1296 δυνατὸν
1429 1268 1472 1305 ἦν,
1492 1269 1558 1305 μηδὲ
1579 1270 1670 1296 κακῶν
1691 1268 1858 1304 δημιουργὸν

1065 1314 1110 1340 τὸν
1129 1314 1194 1340 Θεὸν
1219 1314 1334 1346 οἴεσθαι,
1352 1315 1420 1350 μήτε
1437 1314 1502 1340 ἄλλο
1527 1323 1553 1340 τι
1574 1315 1689 1350 ἄναρχον
1713 1314 1789 1349 παρὰ
1813 1313 1860 1340 τὸν

1066 1359 1132 1386 Θεὸν
1146 1360 1341 1395 φαντασθῆναι.
1355 1360 1422 1394 Περὶ
1435 1357 1472 1386 ὦν
1483 1360 1565 1391 πολὺς
1578 1361 1592 1386 ὸ
1602 1360 1689 1394 λόγος.
1705 1361 1751 1386 καὶ
1766 1360 1796 1386 οὔ
1811 1359 1858 1386 τοῦ

1066 1406 1198 1440 παρόντος
1209 1406 1241 1432 ἂν
1256 1406 1297 1440 εἴη
1316 1405 1422 1441 καιροῦ.
1434 1405 1488 1432 Καὶ
1499 1403 1529 1433 οὗ
1541 1406 1620 1442 χάριν
1638 1406 1692 1433 τῶν
1705 1407 1861 1441 εἰρημένων

1067 1451 1256 1486 ὲμνήσθημεν;
1267 1452 1328 1478 ’Ὁτι
1340 1452 1442 1483 ἐκεῖνος
1454 1451 1504 1485 μὲν
1517 1452 1632 1487 ἀφιστᾷν
1646 1452 1714 1487 ᾤετο
1726 1452 1782 1478 δεῖν
1795 1453 1860 1487 περὶ

1066 1496 1113 1522 τοῦ
1132 1496 1199 1523 Θεοῦ
1214 1496 1268 1522 τῶν
1283 1497 1351 1523 ὅλων
1374 1499 1423 1532 τῆς
1441 1497 1540 1529 κακίας
1559 1498 1662 1533 ἀρχὴν·
1679 1495 1752 1524 οὗτοι
1765 1498 1794 1524 δὲ
1807 1498 1857 1524 κὰ-

1068 1543 1165 1569 κείνων
1194 1543 1384 1578 χαλεπωτέραν
1410 1544 1643 1576 κατασκευάζουσι
1669 1544 1718 1579 τὴν
1742 1544 1859 1570 ἔκτοπον

1065 1590 1166 1625 ταύτην
1182 1590 1251 1616 κατὰ
1265 1589 1310 1615 τοῦ
1322 1590 1387 1616 Θεοῦ
1399 1589 1582 1625 βλασφημίαν.
1599 1590 1658 1616 Τῶν
1671 1591 1720 1625 μὲν
1737 1590 1792 1625 γὰρ
1807 1599 1859 1616 κα-

1066 1635 1122 1661 κῶν
1149 1636 1197 1670 τὴν
1218 1636 1298 1670 φύσιν
1314 1635 1511 1671 παραπλησίως
1526 1636 1638 1668 ἐκείνοις
1661 1636 1705 1662 διὰ
1720 1636 1770 1670 τῆς
1787 1636 1860 1663 κατά

1065 1679 1113 1713 τὴν
1127 1680 1220 1706 οὐσίαν
1238 1681 1423 1714 ἐναντιότητος
1446 1680 1666 1716 δογματίζονσιψ
1681 1682 1710 1707 ὲν
1724 1678 1747 1715 ᾧ
1760 1682 1788 1708 δὲ
1805 1683 1858 1708 πά-

1066 1725 1106 1751 λιν
1130 1725 1177 1751 τοῦ
1197 1726 1317 1752 τοιουτου
1345 1726 1501 1761 πλάσματος
1515 1727 1558 1752 τόν
1575 1726 1639 1753 Θεὸν
1655 1727 1709 1753 τῶν
1725 1727 1795 1754 ὅλων
1811 1728 1858 1763 δη-

1068 1772 1196 1806 μιουργὸν
1215 1772 1418 1806 ἀποψαίνονται,
1449 1773 1514 1807 παρ’
1529 1769 1558 1798 οὗ
1575 1782 1639 1807 φασι
1663 1774 1710 1808 τὴν
1729 1774 1857 1809 γέννησιν

1067 1816 1247 1854 ἐργασοείσαν
1263 1818 1356 1844 οὐσίαν
1372 1818 1518 1853 ἀλλοτρίως
1534 1818 1604 1853 ἔχειν
1618 1820 1687 1845 κατά
1709 1819 1759 1855 τὴν
1778 1820 1859 1854 φύσιν

1067 1861 1135 1896 πρὸς
1149 1861 1193 1887 τὸν
1208 1863 1366 1896 ποιήσαντα,
1382 1863 1410 1888 ἐν
1425 1862 1510 1898 τούτῳ
1523 1863 1553 1888 τὸ
1571 1863 1661 1890 πλεῖον
1678 1865 1716 1895 εἰς
1729 1865 1857 1891 ἀσέϐειαν

1068 1907 1142 1942 παρὰ
1157 1908 1219 1938 τοὺς
1246 1909 1480 1942 μνημονευοέντας
1509 1909 1631 1944 ἔχουσιν·
1659 1911 1700 1936 ὅτι
1719 1911 1750 1936 οὐ
1774 1911 1857 1946 μόνον

1068 1952 1214 1978 ὑπόστασιν
1227 1953 1327 1979 διδόασι
1340 1954 1378 1989 τῷ
1390 1954 1516 1986 ἐναντίως
1534 1956 1600 1990 πρὶς
1622 1956 1651 1981 τὸ
1665 1957 1767 1990 ἀγαθὸν
1786 1958 1858 1984 κατὰ

1066 1998 1115 2033 τὴν
1139 1999 1218 2033 φύσιν
1247 1999 1345 2034 ἔχοντι,
1375 2000 1432 2026 ἀλλ’
1447 2001 1486 2027 ὅτι
1502 2001 1547 2028 τὸν
1565 2003 1666 2036 ἀγαθὸν
1681 2003 1758 2034 Θεὸν.
1777 2004 1869 2031 ἄλλοι),

1067 2044 1134 2070 Θεοῦ
1155 2045 1202 2071 τοῦ
1227 2046 1297 2072 κατὰ
1323 2046 1372 2081 τὴν
1399 2047 1478 2081 φύσιν
1506 2048 1701 2084 διηλλαγμένου
1731 2050 1860 2085 λέγουσιν

1068 2092 1153 2117 αἴτιον
1185 2089 1271 2124 εἶναι,
1296 2093 1436 2128 μονονουχὶ
1465 2094 1588 2129 φανερῶς
1617 2095 1731 2130 βοῶντες
1765 2098 1795 2123 ἑν
1821 2099 1859 2133 τῷ

1067 2137 1196 2172 δόγματι,
1212 2138 1251 2164 ὅτι
1265 2138 1356 2165 ἔστιτι
1368 2139 1525 2166 ὑπεναντίον
1540 2142 1572 2175 τῇ
1584 2140 1630 2167 τοῦ
1648 2142 1751 2175 ἀγαοοῦ
1766 2143 1858 2177 φύσει,

1069 2183 1133 2218 παρ’
1144 2184 1225 2210 αὐτοῦ
1236 2184 1296 2219 ἔχον
1308 2184 1354 2211 τοῦ
1370 2185 1470 2219 ἀγαθοῦ
1484 2186 1533 2222 τὴν
1551 2187 1708 2215 ὑπόστασιν.
1733 2189 1791 2224 Τῆς
1805 2190 1859 2225 γὰρ

1068 2228 1114 2255 τοῦ
1129 2230 1234 2265 Harpe;
1246 2230 1338 2262 οὐσίας
1354 2231 1459 2266 ἀγαθῆς
1475 2230 1543 2260 εἶναι
1559 2234 1780 2269 πεπιστευμένης
1791 2255 1798 2266 .
1810 2235 1859 2269 τῆς

1064 2274 1092 2300 δὲ
1107 2275 1153 2301 τοῦ
1166 2275 1231 2302 Υἱοῦ
1241 2276 1284 2303 διὰ
1298 2277 1327 2302 τὸ
1341 2277 1377 2313 μὴ
1393 2278 1521 2309 ὡσαύτως
1533 2278 1604 2314 ἔχειν
1621 2278 1660 2314 τῷ
1676 2280 1774 2315 Πατρὶ,
1787 2281 1859 2307 κατὰ

1064 2319 1109 2346 τὸν
1122 2321 1171 2355 τῆς
1196 2321 1303 2355 φύσεως
1331 2322 1420 2357 λόγον,
1437 2323 1528 2356 καθὼς
1549 2324 1622 2351 δοκεῖ
1642 2326 1675 2360 τῇ
1693 2326 1813 2361 αἱρέσει,
1831 2328 1858 2352 ἐν

1063 2367 1117 2397 τοῖς
1136 2367 1264 2398 ἐναντίοις
1281 2368 1351 2394 κατά
1373 2369 1403 2395 τὸ
1426 2369 1571 2396 ἀκόλουθον
1594 2370 1807 2406 εὑρισκομένης,
1833 2373 1858 2398 τί

1063 2410 1107 2437 διὰ
1122 2411 1222 2439 τούτων
1249 2414 1502 2448 κατασκευάζεταις
1533 2416 1569 2442 Τὸ
1587 2417 1634 2443 καὶ
1658 2417 1810 2451 ὑφεστάναι
1830 2419 1858 2444 τὸ

1064 2455 1103 2490 τῷ
1127 2456 1221 2491 ἀγαθῴ
1249 2458 1446 2494 ἀντικείμενον,
1463 2461 1509 2487 καὶ
1532 2461 1561 2494 ἐξ
1581 2461 1662 2488 αὑτοῦ
1681 2463 1729 2488 τοῦ
1753 2463 1857 2497 ἀγαθοῦ

1065 2502 1160 2537 στῆναι
1173 2503 1203 2529 τὺ
1217 2503 1374 2532 ὑπεναντίον
1392 2507 1424 2541 τῇ
1438 2507 1526 2540 φύσει.
1541 2507 1626 2534 Τοῦτό
1649 2517 1721 2543 φημι
1738 2509 1786 2535 καὶ
1808 2509 1858 2544 τῆς

1065 2547 1119 2573 τῶν
1133 2549 1289 2584 Μανιχαίων
1306 2552 1420 2583 ἀτοπίας
1432 2550 1500 2579 εἶναι
1514 2554 1700 2589 φρικτότερον.

1031 2593 1166 2628 originem
1186 2595 1294 2624 dueere.
1316 2596 1372 2624 Hoc
1388 2597 1450 2625 dico
1467 2599 1525 2634 ipsa
1557 2599 1771 2628 Manichaeorum
1794 2602 1858 2628 .im-

1099 2673 1130 2699 Εἰ
1142 2673 1170 2699 δὲ
1180 2674 1324 2709 ἀρνοῦνται
1339 2675 1376 2711 τῷ
1387 2675 1458 2711 λόγῳ
1468 2676 1498 2703 τὸ
1504 2677 1671 2713 βλάσφημον,
1679 2680 1747 2716 ὅπερ
1761 2682 1776 2715 ἡ
1791 2682 1854 2708 ἁκο-

1064 2719 1157 2746 λουοία
1166 2721 1213 2747 τοῦ
1232 2722 1366 2757 δόγματος
1384 2723 1518 2755 δείκνυσι,
1534 2726 1599 2758 φασὶ
1615 2725 1643 2751 δὲ
1666 2726 1721 2752 τῶν
1747 2727 1856 2761 ἀγαθῶν

1065 2767 1112 2793 τοῦ
1130 2767 1235 2802 Πατρός
1246 2768 1290 2794 τὸν
1304 2769 1442 2804 Μονογενῆ
1450 2770 1728 2806 κεκληρονομηκέναι,
1744 2773 1782 2808 μὴ
1797 2773 1855 2800 Υἱὸν

1066 2813 1172 2849 ἀληθῶς
1184 2814 1258 2847 ἥντα,
1272 2815 1341 2842 κατὰ
1357 2816 1406 2849 τὴν
1425 2815 1479 2843 τῶν
1495 2817 1599 2844 ἀσεϐῶν
1615 2818 1693 2851 δόξαν
1707 2838 1714 2851 ,
1730 2819 1799 2847 ἀλλὰ
1813 2819 1856 2848 διὰ
