1957 3079
79 110 124 138 H5

648 107 786 135 CONTRA
802 106 993 139 EUNUMIUM,
1013 106 1077 134 ΜΒ,
1098 107 1118 133 Ι.

1639 112 1691 140 414

77 166 185 196 κτίσεως
210 164 258 198 τὴν
287 163 433 190 ὑπόστασιν
459 163 568 197 ἔχοντα·
597 163 644 189 καὶ
670 163 749 189 τοῦτο
776 163 848 189 πάλιι

906 163 1069 189 creationem
1085 163 1290 190 sulisisteutiatu
1307 165 1443 199 acceperit
1458 175 1465 192 :
1481 165 1506 193 id
1523 166 1579 201 jam
1599 167 1691 195 discu-

78 210 303 244 κατεξετάσωμεν,
324 210 349 235 εἰ
371 209 482 236 δυνατόν
503 210 559 235 ἐστι
582 209 711 244 συστῆναι
729 209 797 235 κατὰ
809 209 853 235 τὴν

78 257 161 284 εἰκότα
185 257 262 290 λόγον
281 256 331 290 τὴν
355 254 482 290 τοιαύτην
498 255 634 282 ὑπόνοιαν.
659 255 721 281 Ἐὰν
741 256 795 290 γὰρ
810 255 848 281 δα.

78 304 130 338 θείη
142 301 212 328 κατὰ
225 301 270 327 τὸν
285 301 362 334 λόγον
377 300 475 331 αὐτῶν,
492 299 529 335 μὴ
542 299 647 334 ἀληθῶς
660 300 723 326 Υἰὸν
733 300 796 326 ὄντα
810 308 855 326 κε-

78 346 301 382 κληρονομηκέναι
316 345 362 371 τὸν
378 345 485 372 πάντων
497 344 607 380 Κύριον,
620 344 688 371 ἀλλὰ
700 345 853 376 κτισθέντα,

78 394 118 420 καὶ
132 391 275 426 ποιηθέντα.
289 390 342 417 τῶν
356 390 494 426 ὁμογενῶν
512 391 615 426 ἄρχειν,
642 391 699 422 πῶς
713 391 854 423 καταδέξε-

78 447 124 469 ται,
138 438 182 464 καὶ
195 437 227 463 οὐ
253 437 428 463 συστασιάσει
449 437 466 471 ἡ
488 436 568 471 λοιπὴ
586 437 674 468 κτίσις
686 438 717 464 ὲκ
730 437 778 464 τοῦ
790 438 854 472 ὁμο-

78 483 151 516 φύλου
165 483 231 518 πρὸς
244 483 274 509 τὸ
291 483 444 518 ὑποχείριον
463 482 630 514 ἀπωσθεῑσα,
646 485 670 510 εἰ
684 483 765 518 μηδὲν
785 483 855 509 κατὰ

77 530 119 564 τὴν
145 529 225 563 φύσιν
251 528 361 556 ἔλαττον
384 528 494 564 (ἔχουσα
512 529 607 564 κτιστὴ
630 529 684 564 γὰρ
703 530 750 557 καὶ
772 530 852 564 αὕτη,

77 575 161 610 ὥσπερ
190 575 348 609 κάκεῖνος),
373 574 467 601 ἔπειτα
482 575 610 610 ὁμοφύλῳ
634 575 782 608 δουλεύειν,
807 577 852 603 καὶ

78 619 232 646 ὑποκύπειν
260 619 482 654 καταδικάζοιτο;
503 621 645 655 Τυραννίδι
679 621 733 657 γὰρ
762 622 852 657 ὅμοιον

76 667 101 693 τὸ
112 666 238 698 τοιοῦτον,
251 666 289 701 μὴ
303 667 336 702 τῇ
351 666 401 702 τῆς
414 667 507 698 οὐσίας
522 667 640 702 ὑπεροχῇ
654 667 684 694 τὺ
696 668 794 702 κράτος
810 668 853 695 νέ-

77 721 139 747 μειν,
163 711 230 738 ἀλλὰ
256 712 390 747 μενούσης
408 713 438 739 ὲν
461 712 500 748 τῷ
527 714 650 749 ὁμοτίμῳ
668 714 718 748 τῆς
733 714 850 748 φύσεως,

78 757 227 793 μερισθῆναι
242 758 293 793 τὴν
311 758 399 785 κτίσιν
425 759 464 790 εἰς
480 758 600 786 δουλείαν
626 759 674 785 καὶ
687 759 833 794 κυριότητα
843 767 851 774 ν

76 803 135 828 ὥστε
153 804 180 828 ἐν
194 802 264 837 αὐτῇ
285 802 314 829 τὸ
338 802 388 837 μέν
411 811 435 829 τι
458 802 562 837 ἄρχειν,
590 803 620 829 τὸ
647 802 675 829 δὲ
699 803 851 838 ὑποχείριον

874 243 886 259 V

907 209 1014 240 tiamus,
1034 216 1098 235 num
1121 209 1269 236 secundum
1288 214 1390 237 rectam
1416 211 1550 238 rationem
1565 217 1691 241 constare

905 257 996 288 queat.
1019 253 1047 280 Si
1068 254 1139 281 enim
1160 255 1337 288 concedatur,
1362 261 1392 283 ut
1417 257 1468 292 ipsi
1495 258 1598 290 volunt.
1627 266 1689 286 eum

906 299 1081 335 luet'editasse
1119 300 1310 328 universorum
1336 302 1491 336 Dominum,
1519 311 1580 331 cum
1611 312 1690 332 verus

905 345 991 374 Filius
1007 354 1061 374 non
1076 347 1122 381 sit,
1140 347 1187 374 sed
1202 351 1312 375 creatus
1328 347 1470 384 factusque
1493 350 1620 377 omnibus
1639 350 1691 377 im—

906 398 993 429 peret,
1011 395 1151 428 quomodo
1167 393 1271 428 reliqua
1284 398 1408 422 creatura
1424 403 1486 423 eum
1499 396 1622 430 recipiet,
1638 404 1690 424 nec

905 438 965 466 sine
979 439 1095 465 tumultu
1108 443 1133 465 et
1147 438 1283 465 seditione
1296 439 1408 473 rejicict,
1421 440 1454 466 ab
1466 447 1497 466 eo
1508 441 1553 474 qui
1567 440 1688 474 ejusdem

906 484 988 510 sortis
1004 487 1031 510 ct
1045 483 1144 510 classis
1155 486 1208 516 est,
1231 483 1258 509 in
1273 484 1429 510 servitutem
1444 484 1564 515 redacta,
1581 485 1604 512 si
1628 492 1690 519 spe-

907 532 981 556 ctata
997 534 1093 556 natura
1111 537 1164 556 non
1180 529 1282 561 minus,
1299 537 1379 564 quam
1397 530 1455 564 ipse
1469 530 1580 557 haheat:
1595 535 1688 558 creata

906 574 979 601 enim
998 579 1050 606 est,
1067 574 1148 601 sicuti
1171 579 1198 601 et
1212 575 1258 602 ille
1274 585 1279 601 :
1297 580 1324 602 et
1339 579 1434 609 postea
1453 574 1597 602 damnetur
1611 580 1639 602 ut
1653 576 1689 607 ei,

905 619 951 653 qui
968 619 1090 653 ejusdem
1111 620 1220 655 generis
1235 623 1262 647 et
1285 620 1456 655 cognationis
1471 623 1523 653 est,
1542 621 1642 648 Serviat
1662 625 1689 647 et

905 659 1200 700 subjaceaUSpeciem
1231 666 1302 692 enim
1325 665 1478 700 tyrannidis
1503 673 1558 700 prae
1579 673 1609 693 se
1628 665 1689 698 fert,

901 718 956 738 non
970 710 1007 743 ci,
1023 711 1069 746 qui
1079 715 1177 742 natura
1187 712 1365 746 praestantior
1377 715 1429 745 est,
1442 712 1586 746 imperium
1599 712 1688 739 defer-

901 764 941 788 rc,
961 756 1010 784 sed
1027 761 1152 784 manente
1168 756 1281 784 honoris
1296 761 1323 784 et
1341 758 1506 792 prmstautize
1521 758 1687 792 aequalitate.

901 805 1066 834 creaturam,
1091 802 1117 828 in
1140 809 1200 828 eam
1228 809 1289 836 quae
1311 803 1406 833 servit,
1429 806 1455 829 ct
1483 802 1510 829 in
1538 801 1609 832 eam,
1629 810 1691 837 qum

75 847 144 879 εἶναι,
155 849 283 884 καθάπερ
302 849 330 881 ἐξ
340 849 559 884 ἀποκληρώσεως
571 848 618 875 τοῦ
629 848 710 875 αὐτοῦ
728 848 848 883 ἀξιώμα-

901 847 1068 879 dominatur,
1092 847 1269 879 distribuere,
1294 851 1324 874 ut
1342 848 1369 875 in
1388 848 1445 882 ipsa
1464 848 1498 875 sit
1526 852 1580 874 tam
1602 849 1690 874 domi-

75 903 112 925 τος
125 894 290 929 συντυχικῶς
320 893 537 928 προσγενομένου
551 893 592 927 τῷ
612 893 682 927 μετὰ
695 893 739 918 τὸν
751 891 852 927 κλῆρον

74 939 170 966 λαϐόντι
193 939 243 974 τὴν
259 939 315 966 τῶν
336 939 437 974 ὁμοίων
456 939 631 974 προτίμησιν.
648 938 715 964 Οὐδὲ
737 937 791 973 γὰρ
807 938 853 965 ἄν·

75 986 169 1019 Βρωπος
181 985 322 1020 ὁμοτίμως
350 984 420 1020 ἔχων
440 984 508 1020 πρὸς
522 984 571 1019 τὴν
591 983 748 1019 ὑποχείριον
759 983 850 1018 φύσιν,

74 1030 115 1064 τὴν
129 1029 196 1057 κατὰ
211 1030 267 1057 τῶν
279 1029 383 1063 ἀλόγων
396 1030 482 1064 ἀρχὴν
497 1027 671 1064 ἐκληρώσατο
683 1037 690 1043 ·
707 1028 774 1055 ἀλλὰ
786 1037 851 1063 προ-

74 1077 178 1112 τερεύων
190 1076 228 1112 τῷ
261 1075 333 1112 λόγῳ
360 1075 480 1111 κυριεύει
500 1075 553 1102 τῶν
568 1075 665 1106 ἄλλων,
688 1074 726 1110 τῷ
742 1074 809 1109 πρὸς
821 1075 850 1100 τὺ

74 1124 182 1158 κρεῖττον
198 1121 275 1158 αὐτῷ
288 1122 477 1158 παρηλλάχθαι
493 1121 541 1157 τὴν
561 1121 650 1156 φύσιν,
667 1120 850 1155 προτεταγμέ-

74 1177 119 1200 νος.
136 1169 166 1194 Αἱ
181 1167 209 1194 δὲ
234 1167 405 1202 ἀνθρώπιναι
420 1167 574 1194 δυναστεῖαι
596 1168 691 1194 τούτου
706 1166 784 1200 χάριν
799 1165 851 1199 ἅγ-

73 1215 218 1250 χιπρόφους
235 1214 329 1249 ἔχουσι
343 1214 392 1245 τὰς
416 1212 576 1249 μταῦολὰς,
592 1212 633 1239 ὅτι
654 1213 683 1238 οὺ
701 1212 808 1247 δέχεται
819 1210 850 1237 τὸ

75 1261 133 1287 κατὰ
143 1261 283 1296 τὴνφύσιν
293 1261 432 1295 ὁμότιμον,
453 1259 490 1295 μὴ
504 1254 650 1294 ἰσομοιρεῖν
665 1259 693 1284 ὲν
705 1257 744 1292 τῷ
759 1257 850 1292 κρείτ-

73 1315 130 1333 τονι·
149 1307 213 1333 ἀλλά
229 1315 273 1338 τις
283 1297 403 1340 ἔγκειται
418 1305 519 1340 φυσικὴ
537 1306 618 1332 πᾶσιν
634 1303 766 1338 ἐπιθυμία
781 1302 849 1338 πρὸς

73 1353 98 1380 τὸ
110 1353 271 1388 ὲπικρατοῦν
286 1352 465 1385 ἐξισάζεσθαι,
480 1352 543 1378 ὅταν
558 1350 693 1386 ὁμόφυλον

74 1399 140 1426 alteri
157 1406 208 1426 non
224 1403 351 1434 aequetur
376 1406 384 1424 :

75 1452 154 1472 secum
172 1445 271 1472 classis
297 1451 376 1479 pares
396 1443 559 1471 efficiantur.

902 893 988 924 natio,
1001 901 1083 927 quam
1104 893 1248 927 subjectio,
1267 893 1381 928 perinde
1389 900 1420 920 ac
1435 893 1457 920 si
1482 898 1554 920 sorte
1571 893 1689 927 quadam

901 938 1019 974 dignitas
1047 938 1105 965 hmo
1131 938 1245 965 fortuito
1262 938 1408 966 accidisset
1423 939 1472 970 illi,
1487 939 1532 973 qui
1549 943 1611 974 post
1628 947 1689 966 sor-

888 982 1023 1011 titionem
1044 984 1150 1012 ceteris
1181 984 1357 1019 anteponitur
1376 993 1383 1011 :
1406 992 1493 1018 neque
1511 985 1583 1011 enim
1606 985 1688 1012 homo

900 1031 979 1066 quasi
1005 1030 1127 1065 ejusdem
1149 1030 1314 1065 praestantia
1340 1037 1402 1057 cum
1427 1030 1478 1057 sibi
1497 1031 1621 1065 subjecta
1637 1038 1686 1057 na-

901 1079 961 1101 tura
972 1074 1132 1110 ,imperiutu
1149 1076 1176 1102 in
1194 1076 1274 1103 bruta
1289 1076 1404 1111 adeptus
1423 1082 1475 1108 est,
1492 1076 1539 1104 sed
1566 1084 1628 1103 cum
1644 1084 1687 1103 ra-

900 1120 975 1148 tione
999 1121 1128 1149 omnibus
1144 1122 1206 1149 aliis
1230 1122 1408 1156 praecelleret,
1427 1122 1523 1149 iisdem
1541 1122 1622 1149 etiam
1636 1122 1686 1149 do.

901 1166 1031 1199 minatur,
1046 1168 1211 1202 prmpositus
1223 1168 1285 1195 aliis
1301 1167 1336 1194 ob
1349 1171 1453 1194 naturae
1470 1175 1527 1194 sua;
1544 1168 1570 1194 in
1591 1167 1688 1195 melius

901 1211 1024 1239 formatae
1043 1212 1249 1239 sublimitatem.
1271 1211 1396 1239 Humana
1416 1220 1481 1240 vero
1502 1212 1688 1246 imperiaideo

902 1258 1060 1292 repentinas
1083 1258 1249 1286 mutationes
1261 1259 1389 1290 subeunt,
1406 1258 1470 1292 quia
1500 1266 1554 1285 non
1574 1258 1686 1292 patitur,

902 1303 948 1338 qui
968 1303 1119 1330 secundum
1140 1308 1266 1330 naturam
1282 1303 1405 1337 ejusdem
1421 1302 1561 1337 dignitatis
1577 1306 1604 1329 et
1620 1311 1687 1337 pra:-

901 1349 1007 1376 stantiae
1019 1354 1070 1381 est,
1089 1354 1118 1376 ut
1136 1349 1163 1376 in
1178 1357 1221 1382 eo,
1233 1349 1306 1384 quod
1322 1349 1548 1376 honorificentius
1561 1354 1685 1383 apparet,

405 1398 453 1425 sed
475 1398 547 1424 inest
571 1397 698 1424 omnibus
723 1395 857 1422 naturalis
894 1395 1020 1429 quaedam
1045 1394 1193 1430 cupiditas,
1222 1398 1250 1421 ut
1270 1395 1296 1421 in
1327 1393 1445 1429 imperio
1477 1393 1539 1421 aliis
1563 1394 1686 1428 ejusdem

104 1492 158 1523 Πῶς
171 1491 197 1518 δὲ
217 1491 318 1526 ἀληθὲς
331 1491 406 1517 ἔσται
430 1490 461 1516 τὸ
475 1489 564 1516 πάντα
586 1489 619 1515 δι’
633 1487 715 1514 αὖτοῦ
739 1485 848 1521 γεγενῆ-

935 1483 1021 1511 Porro
1042 1490 1096 1517 qua
1112 1483 1218 1510 ratione
1237 1490 1330 1510 verum
1347 1482 1410 1513 erit,
1425 1481 1516 1509 omnia
1533 1489 1580 1516 per
1596 1481 1686 1515 ipsum

76 1538 136 1570 σθαι,
152 1538 197 1565 ἐὰν
207 1537 309 1572 ἀληθὲς
360 1537 390 1563 τὸ
412 1537 458 1563 καὶ
473 1535 553 1562 αὑτὸν
567 1535 611 1561 τὸν
619 1534 682 1560 Υἰὸν
700 1533 729 1559 ἓν
749 1541 775 1558 τι
795 1531 849 1558 τῶν

75 1584 208 1618 γεγονότων
236 1581 327 1615 eti/at;
349 1583 408 1617 ἦτοι
432 1581 486 1617 γὰρ
508 1581 554 1608 καὶ
579 1581 674 1607 ἑαυτὸν
692 1577 849 1613 πεποιηκὼς

76 1630 149 1661 ἕσται,
163 1630 205 1657 ἵνα
221 1630 259 1665 μὴ
272 1629 370 1664 ψεῦδος
383 1629 414 1655 τὸ
429 1627 621 1663 γεγραμμένον
637 1625 665 1662 ᾖ,
684 1626 725 1652 ὅτι
748 1623 849 1651 Πάντα

75 1676 200 1703 Nai/tm";
219 1675 338 1710 ἐγένετο
348 1683 354 1691 ·
370 1675 417 1701 καὶ
433 1674 502 1700 οὕτω
521 1673 580 1700 κατ’
600 1672 690 1699 αὐτῶν
703 1671 805 1706 ἰσχύσει
819 1670 849 1696 τὸ

75 1723 170 1754 ἄτοπον,
192 1723 206 1749 ὃ
226 1723 298 1750 κατὰ
323 1722 370 1748 τοῦ
386 1721 518 1756 δόγματος
534 1719 611 1755 ἡμῶν
627 1718 786 1752 ἐσοφίσαντο
798 1737 805 1749 ,
818 1716 848 1742 τὺ

73 1767 153 1793 αὐτὸν
174 1769 224 1803 ὑφ’
237 1768 346 1796 ἑαυτοῦ
370 1766 508 1801 γενέσθαι
523 1765 612 1799 λέγειν
622 1764 654 1799 ’ἢ
670 1763 749 1798 εἴπερ
769 1761 848 1788 τοῦτο

75 1815 224 1850 παράλογον,
245 1814 295 1841 καὶ
312 1813 393 1848 φύσιν
413 1813 461 1839 οὐκ
485 1812 554 1847 ἕχον,
571 1810 721 1837 ἀσύστατον
740 1808 848 1838 πάντως

74 1861 150 1886 ἐκεῖνο
171 1860 354 1896 δειχθήσεται,
379 1859 409 1885 τὸ
431 1857 480 1894 τὴν
505 1857 594 1883 κτίσιν
617 1856 706 1882 πᾶσαν
719 1852 847 1880 διἀὐτοῦ

75 1906 220 1941 γεγενῆσθαι
237 1904 462 1941 διισχυρίζεσθαι.
491 1903 523 1929 Ἦ
540 1902 594 1937 γὰρ
610 1901 656 1928 τοῦ
669 1901 726 1930 ἑνὸς
739 1898 848 1930 ὑπεξαί-

75 1960 148 1986 ρεσις,
160 1952 242 1986 ψευδῆ
255 1951 303 1978 τὸν
328 1951 392 1986 περὶ
406 1949 515 1976 πάντων
536 1947 735 1978 κατασκευάζει
758 1945 845 1979 λόγον.

75 1997 144 2023 Ὥστε
156 1998 186 2023 ἐκ
201 1997 249 2032 μὲν
272 1996 319 2023 τοῦ
345 1995 452 2022 κτιστὸν
462 1992 531 2020 εἴναι
543 1994 588 2019 τὸν
603 1991 741 2026 Μονογενῆ
763 1989 847 2024 διορί-

75 2043 165 2075 ζεσθαι,
181 2043 228 2069 δύο
249 2041 375 2078 πονηρῶν
396 2042 444 2067 καὶ
464 2040 572 2067 ἀτόπων
611 2038 641 2064 τὸ
665 2038 757 2073 ἓτερον
779 2036 847 2062 πάν-

75 2096 119 2118 τως
130 2088 228 2122 ὀλόγος
245 2088 276 2115 οὐ
300 2086 471 2121 διαφεύξεται
483 2094 489 2100 ’
508 2085 523 2120 ἢ
538 2085 568 2111 τὸ
590 2084 627 2120 μὴ
645 2082 714 2110 εἶναι
739 2083 846 2108 πάντων

74 2131 143 2162 αὑτὸν
169 2133 222 2159 τῶν
243 2133 395 2167 γεγονότων
424 2133 518 2165 αἴτιον,
543 2132 621 2166 εἴπερ
648 2130 728 2161 αὐτὸς
744 2130 846 2159 ἐκεῖνος

74 2177 231 2213 ύπεξαιροῖτο
256 2179 310 2204 τῶν
325 2178 444 2211 πάντων,
461 2178 489 2204 ὃν
503 2177 532 2204 ἒν
545 2177 599 2203 τῶν
613 2176 701 2212 ἔργων
718 2174 845 2209 διισχυρί-

73 2221 166 2254 ζονται·
182 2224 239 2258 ﬁco
252 2224 299 2250 καὶ
313 2223 409 2250 ἑαυτοῦ
434 2223 547 2259 ποιητὴν
570 2220 789 2251 ἀποδείκνυσθαι,
805 2220 844 2245 εἵ-

73 2277 117 2303 περ
129 2270 163 2304 μὴ
176 2269 305 2304 ψεύδεται
316 2271 330 2296 ὁ
345 2270 426 2304 μηδὲν
443 2269 496 2295 τῶν
510 2268 658 2303 γεγονότων
671 2267 754 2302 χωρὶς
774 2265 846 2292 ὲκεί-

73 2321 111 2339 νου
126 2315 286 2350 γεγενῆσθαι
301 2314 430 2350 κηρύξας.
454 2313 494 2340 Τὰ
521 2313 570 2348 μὲν
589 2311 636 2340 οὖν
655 2313 719 2347 παρ’
733 2311 844 2337 ἐκείνων

71 2367 178 2386 τοιαυτα.
453 2369 455 2372 ’

101 2449 126 2476 Εἰ
137 2450 164 2476 δέ
180 2459 221 2481 τις
236 2450 393 2485 ὑγιαινούσῃ
407 2449 564 2484 διδασκαλίᾳ
578 2449 728 2483 προσέχων,
745 2449 778 2475 ὲκ
793 2448 844 2482 τῆς

71 2493 135 2526 θείας
160 2504 190 2522 τε
213 2496 261 2522 καὶ
289 2497 428 2531 ἀκηράτου
456 2495 561 2529 φύσεως
576 2496 622 2521 τὸν
638 2495 702 2521 rem
715 2493 783 2521 εἶναι
799 2503 844 2521 m-

72 2539 156 2572 στεύοι,
181 2541 270 2567 πάντα
294 2540 398 2575 συνῳδὰ
418 2540 457 2575 τῷ
469 2540 519 2575 τῆς
537 2539 678 2571 εὐσεϐείας
703 2539 842 2574 ἀναφανή-

71 2593 133 2624 σεται
148 2585 281 2620 δόγματι,
301 2586 332 2613 τὸ
360 2586 472 2622 ποιητὴν
501 2585 570 2613 εἶναι
597 2586 650 2612 τῶν
674 2586 782 2612 πάντων
796 2586 841 2612 τὸν

71 2630 158 2665 Κύριον
168 2642 174 2647 ·
186 2632 217 2658 τὸ
238 2632 390 2667 βασιλεύειν
402 2633 455 2660 τῶν
476 2633 570 2666 ὄντων,
587 2633 617 2658 οὐ
634 2632 702 2659 κατὰ
718 2632 841 2667 ἀποκλή-

72 2678 178 2714 ρωσιν,ἢ
192 2680 264 2705 κατὰ
279 2681 441 2715 τυραννικήν
453 2688 513 2706 τινα
532 2679 688 2705 δυναστείαν
705 2679 759 2705 τῶν
777 2679 842 2713 ὁμο-

70 2722 147 2756 φύλων
164 2720 467 2760 προτεταγμένον,ἆ).λὰ
481 2728 512 2761 τῇ
527 2727 574 2761 τῆς
592 2726 697 2760 φύσεως
710 2725 838 2760 ὑπεροχῇ,

69 2767 94 2793 εδ
101 2768 165 2795 κατά
174 2771 284 2798 πάντων
297 2772 393 2807 ἔχοντα
407 2772 515 2807 κράτος.
530 2773 582 2799 Καὶ
593 2773 633 2798 ἔτι
645 2772 712 2806 πρὸς
723 2771 838 2802 τούτοις,

69 2812 94 2839 τὸ
107 2814 141 2851 μὴ
151 2817 188 2848 εἰς
201 2818 346 2853 διαφόρους
364 2818 449 2853 ἀρχὰς
467 2820 498 2854 τῇ
515 2819 652 2854 ἑτερότητι
667 2819 715 2853 τῆς
735 2819 841 2853 φύσεως

900 1528 973 1556 facta
994 1536 1067 1560 esse,
1093 1528 1116 1556 si
1143 1535 1236 1555 verum
1256 1533 1308 1560 est,
1335 1528 1425 1562 ipsum
1457 1535 1566 1563 quoque
1589 1527 1687 1554 Filium

899 1583 961 1602 esse
992 1575 1094 1610 aliquid
1125 1582 1159 1602 ex
1183 1575 1226 1602 his
1257 1582 1317 1609 quae
1337 1573 1407 1602 facta
1435 1575 1518 1601 sunt?
1546 1577 1621 1601 certe
1645 1582 1687 1601 se-

899 1619 988 1653 ipsum
1003 1627 1112 1654 quoque
1127 1618 1226 1646 fecisse
1242 1626 1357 1646 necesse
1376 1618 1437 1648 erit.
1459 1618 1482 1646 si
1502 1619 1607 1646 veritati
1622 1626 1688 1645 cou-

899 1670 987 1697 sonet,
1015 1665 1087 1701 quod
1115 1666 1249 1701 scriptum
1273 1669 1325 1698 est,
1343 1666 1433 1692 omnia
1448 1673 1492 1699 per
1511 1666 1596 1700 ipsum
1614 1665 1686 1700 facta

898 1720 953 1738 eam
971 1720 980 1738 :
998 1719 1053 1746 quo
1074 1711 1101 1739 fit
1114 1716 1143 1738 ut
1163 1712 1188 1738 in
1215 1711 1278 1739 illos
1294 1712 1399 1739 recidat
1422 1711 1589 1745 absurditas,
1605 1719 1686 1746 quam

899 1756 1031 1785 adversus
1045 1757 1196 1784 doctrinam
1214 1762 1333 1784 nostram
1347 1757 1493 1784 commenti
1514 1761 1578 1785 sunt
1594 1767 1599 1784 :
1614 1765 1687 1783 eum-

898 1803 957 1830 dem
982 1812 998 1829 a
1022 1803 1105 1837 reipso
1120 1803 1234 1838 genitum
1253 1806 1386 1834 esse;aut
1408 1803 1430 1830 si
1456 1803 1508 1830 hoc
1530 1807 1573 1830 est
1590 1809 1687 1837 praeter

898 1849 1043 1880 rationem.
1059 1852 1086 1875 et
1098 1854 1204 1875 natura:
1220 1848 1328 1882 penitus
1347 1848 1504 1880 adversum,
1519 1849 1601 1875 etiam
1618 1849 1684 1876 illud

898 1901 952 1920 nou
975 1893 1073 1927 poterit
1103 1893 1264 1924 subsistere,
1281 1900 1380 1927 nempe
1399 1901 1508 1920 omnem
1530 1898 1682 1922 creaturam

897 1947 946 1975 per
965 1940 1052 1973 ipsum
1082 1938 1178 1966 factam
1203 1946 1274 1966 esse.
1293 1937 1359 1964 Nam
1384 1938 1425 1965 vel
1450 1939 1533 1965 unius
1564 1941 1686 1972 exceptio

897 1983 1115 2012 enuntiationem
1134 1983 1316 2010 universalcm
1337 1982 1370 2010 de
1387 1983 1515 2010 omnibus
1538 1983 1633 2010 falsam
1649 1984 1685 2011 ef-

898 2027 963 2054 ficit.
980 2026 1076 2062 Itaque
1091 2027 1114 2054 si
1129 2027 1191 2062 quis
1204 2026 1378 2061 Uuigenitum
1391 2032 1513 2054 creatum
1526 2035 1588 2055 esse
1601 2028 1683 2062 dicat,

898 2076 1013 2102 alterum
1035 2082 1066 2102 ex
1093 2074 1203 2102 duobus
1230 2073 1342 2101 nefariis
1364 2079 1391 2101 et
1422 2072 1549 2101 absurdis
1577 2074 1683 2101 nonet"-

898 2120 992 2155 fugiet,
1006 2124 1053 2146 aut
1066 2119 1141 2146 illum
1155 2127 1209 2146 uon
1223 2126 1284 2146 esse
1299 2119 1433 2151 omnium,
1450 2127 1512 2154 quae
1524 2124 1593 2146 tacta
1607 2125 1682 2152 sunt.

862 2158 885 2187 D
897 2173 1020 2198 causam,
1033 2165 1054 2193 si
1068 2165 1112 2193 ille
1123 2173 1157 2193 ex
1172 2165 1295 2192 omnium
1319 2172 1432 2192 numero
1443 2165 1588 2198 eximatur,
1603 2174 1682 2201 quem
1694 2175 1704 2184 ο

897 2211 1067 2239 contendunt
1088 2219 1173 2238 unum
1199 2217 1260 2237 esse
1283 2217 1316 2237 cx
1341 2210 1407 2241 illis,
1428 2218 1489 2244 quae
1512 2211 1582 2238 facta
1607 2215 1681 2239 sunt:

896 2257 938 2284 vel
954 2257 1031 2284 illum
1052 2257 1095 2284 sui
1110 2256 1196 2291 ipsius
1212 2255 1368 2283 effectorem
1394 2257 1545 2289 exstitisse.
1570 2258 1593 2284 si
1618 2265 1684 2285 vera

896 2303 1027 2337 loquitur,
1054 2303 1099 2336 qui
1126 2302 1218 2329 omnia
1246 2310 1293 2336 per
1310 2302 1400 2336 ipsum
1420 2302 1490 2330 facta
1521 2311 1582 2331 esse
1605 2304 1681 2332 dicit.

896 2349 934 2376 Ea
957 2349 1052 2384 igitur,
1073 2357 1134 2383 qua:
1155 2349 1190 2376 ab
1212 2349 1279 2384 ipsis
1297 2349 1485 2385 (adversariis)
1500 2350 1683 2385 proficiscun-

894 2399 939 2422 tur
959 2395 1024 2422 talia
1050 2398 1126 2423 sunt.

929 2452 957 2480 Si
976 2452 1038 2487 quis
1051 2459 1116 2480 vero
1129 2459 1203 2479 sanae
1223 2451 1356 2479 doctrinae
1371 2451 1524 2484 attendens,
1540 2459 1570 2479 cx
1589 2452 1682 2479 divina

891 2502 918 2526 et
933 2498 1036 2525 illibata
1052 2502 1147 2525 natura
1163 2497 1261 2524 Filium
1286 2504 1348 2525 esse
1362 2497 1465 2529 credat,
1480 2497 1570 2523 omnia
1594 2498 1681 2531 pieta-

872 2552 879 2559 ”
891 2545 928 2572 tis
942 2543 1080 2571 traditioni
1095 2548 1122 2571 et
1138 2543 1456 2571 institutioniconciuent
1469 2552 1475 2570 :
1491 2542 1616 2569 videlicet
1630 2543 1681 2568 Do~

894 2589 998 2616 minum
1019 2595 1081 2616 esse
1103 2596 1193 2616 rerum
1210 2588 1331 2616 omnium
1357 2588 1519 2620 effectorem,
1546 2587 1680 2620 imperare

894 2635 985 2667 rebus,
1004 2643 1057 2662 non
1087 2642 1121 2662 ex
1145 2639 1219 2661 sorte
1243 2637 1291 2660 aut
1316 2634 1459 2668 tyrannide
1486 2632 1628 2666 imperium
1651 2633 1678 2659 in

891 2682 1009 2716 aequales
1027 2681 1165 2716 adeptum,
1184 2680 1232 2708 sed
1260 2684 1364 2707 natura:
1384 2686 1440 2706 suae
1463 2677 1633 2709 excellentia,
1650 2679 1677 2705 in

893 2727 984 2753 omnia
995 2727 1211 2754 dominationem
1233 2726 1357 2753 obtinere
1373 2734 1379 2750 :
1396 2725 1508 2758 insuper
1526 2730 1579 2749 non
1597 2723 1624 2749 in
1638 2723 1679 2751 di~

892 2779 969 2799 versa
986 2772 1111 2807 imperia,
1127 2775 1152 2798 ct
1165 2771 1349 2798 diversitatem
1365 2772 1477 2800 natunc,
1491 2767 1678 2795 monarchiam

895 2818 966 2845 illam
986 2818 1134 2853 dispertiri,
1153 2817 1199 2844 scd
1217 2825 1278 2845 esse
1294 2824 1374 2844 unam
1396 2814 1577 2847 divinitatem,
1594 2822 1678 2841 unum
