1957 3079
251 113 302 140 “5

845 107 872 134 5.
891 106 946 134 (Ilii
959 104 1052 133 CORII
1073 104 1215 132 NYSSENI

1815 103 1875 130 “6‘,

251 172 404 207 imperium,
417 176 443 198 et
463 178 543 198 unam
561 168 682 197 omnium
702 173 863 204 potestatein
881 177 887 194 :
904 168 941 194 ita
957 171 986 193 ut
1003 167 1029 193 in

1091 166 1256 201 ῑιῃρημένας,
1267 165 1296 191 τὸ
1311 165 1359 199 τῆς
1371 164 1514 200 μοναρχίας
1528 163 1614 198 δόγμα
1622 161 1863 197 καταμερίζεσοαι,

250 217 379 245 similium
407 216 587 244 consensione
614 215 742 243 divinitas
769 218 916 249 specletur,
933 217 959 240 et
985 219 1032 247 per

251 263 339 290 simile
354 261 387 289 ad
404 262 493 289 simile
508 266 626 288 mentem
642 261 724 287 ducat
738 269 743 287 :
758 265 787 287 ut
804 260 925 286 omnium
942 265 1032 285 rerum

254 307 424 342 principium,
440 307 513 341 quod
533 310 575 333 est
595 305 734 335 Dominus.
753 313 799 340 per
814 304 943 339 Spiritum
968 311 1032 330 san-

252 356 324 379 ctum
339 353 437 379 animis
458 352 561 380 nostris
581 352 709 378 illuccat:
730 352 786 378 lieri
800 351 872 378 enim
894 357 947 376 non
973 353 1033 383 pot-

252 403 303 429 est,
324 401 353 424 ut
365 397 427 432 quis
444 397 537 425 Jcsum
555 397 680 432 aspiciat,
699 397 751 423 nisi
769 397 795 423 in
808 396 909 430 Spiritu
927 398 1033 425 sancto,

254 447 333 477 prout
359 446 474 470 testatur
499 443 668 478 Apostolus:
692 449 738 476 per
762 441 858 468 Filium
882 448 956 471 vero,
987 439 1033 474 qui

253 493 293 515 rst
324 488 486 522 principium
516 488 650 519 omnium,
684 487 834 521 reperimus
866 486 958 518 illum,
988 486 1034 519 qui

251 536 292 559 est
312 540 394 567 supra
420 540 499 559 omne
527 533 700 567 principium,
723 540 821 566 nempe
845 531 1032 558 universorum

253 578 335 605 lieuni
346 587 352 604 ;
364 585 451 612 neque
465 578 537 604 enim
547 578 604 605 fieri
619 582 717 612 potest,
729 582 756 604 ut
766 576 953 612 primigenium
968 575 1034 602 illud

253 624 354 650 bonum
370 626 562 657 cognoscatur,
581 623 604 650 si
627 630 680 649 non
702 623 728 649 in
752 622 870 657 imagine
890 621 1035 648 invisibilis

254 670 383 696 relucent.
418 669 535 697 Perinde
566 677 632 697 vero
654 678 685 696 ac
717 671 743 696 in
772 670 912 704 reciproco
941 676 1034 701 cursu,

255 714 424 742 rellcrtvntes
449 720 510 749 post
525 714 623 742 divina,-
638 714 801 750 cognitionis
825 718 918 749 caput.
936 715 1035 748 ipsum,

256 760 376 794 inquam,
392 761 579 786 universorum
601 760 696 790 Deum,
717 765 743 787 et
757 768 803 794 per
816 768 857 792 ea,
879 768 937 794 qua:
953 761 1035 787 menti

255 809 370 837 cognata
385 810 409 830 et
423 804 568 830 familiaria
582 809 656 836 sunt,
669 805 857 837 decurrentes,
870 813 884 830 a
899 804 978 831 Patre
990 812 1038 839 per

258 849 353 874 l":liuiu
382 850 412 876 ad
432 850 561 884 Spiritum
589 855 713 878 sanctum
735 851 892 878 accedimus
906 860 912 877 :
928 859 988 877 nam
1009 851 1034 877 in
1053 843 1072 870 Β

255 895 476 922 ronsideratione
493 896 604 930 ingeniti
630 895 742 923 luminis
769 897 922 928 constituti,
946 897 1036 924 lumen

255 941 331 971 illud,
346 940 418 974 quod
437 949 468 968 ex
486 941 545 975 ipso
560 942 689 968 continue
711 943 833 976 procedit
847 943 1036 977 cognovimus,

255 986 380 1013 videlicet
403 991 532 1021 tanquam
555 987 661 1014 radium
677 996 738 1014 cuin
761 990 819 1015 sole
843 990 944 1023 pariter
971 990 1038 1016 sul)—

255 1033 498 1067 hihlt'llielll,CUjuB
521 1041 583 1060 esse
616 1041 728 1060 causam
753 1041 767 1060 a
792 1035 848 1061 sole
871 1035 962 1066 habet,
991 1035 1037 1062 sed

255 1078 414 1104 exsistrntia
441 1078 522 1105 simul
548 1082 590 1105 est
617 1086 679 1105 cum
708 1079 776 1110 sole,
803 1086 857 1105 non
886 1079 1039 1113 posteriore

255 1123 363 1150 demum
387 1129 516 1158 tempore,
544 1123 660 1158 adjecta,
680 1132 772 1150 verum
790 1124 869 1151 simul
887 1132 918 1150 ac
933 1124 972 1152 sol
990 1132 1039 1159 ap-

256 1169 356 1202 paruit,
378 1169 436 1203 ipse
460 1170 541 1196 etiam
565 1169 658 1196 radius
675 1170 739 1196 inde
756 1169 927 1204 resplenduit
941 1189 948 1196 .
966 1169 1038 1202 Quin

257 1213 347 1246 potius
370 1214 434 1247 (non
453 1213 525 1240 enim
548 1221 659 1240 necesse
675 1218 727 1246 est,
745 1219 773 1241 ut
786 1215 833 1249 qui
855 1214 968 1249 imagini
982 1223 1041 1242 ser-

255 1257 343 1289 viunt,
364 1258 620 1290 calumniatoribus,
641 1259 716 1285 allati
733 1259 848 1294 exempli
872 1260 964 1287 minus
979 1265 1040 1295 apta

256 1303 518 1336 accommodatione,
541 1305 606 1331 deut
621 1304 831 1331 contradicendi
856 1306 1040 1340 occasionem)

257 1357 312 1375 non
331 1349 436 1376 radium
461 1357 492 1377 ex
516 1351 584 1383 sole,
615 1351 662 1378 sed
690 1358 723 1377 ex
742 1351 865 1385 ingenito
882 1352 938 1378 sole
959 1352 1041 1378 alium

256 1395 342 1422 solem
367 1399 457 1422 mente
479 1403 511 1422 ac
533 1396 699 1430 cogitatione
726 1397 972 1430 apprehendemus,
995 1398 1042 1431 qui

257 1441 336 1467 simul
348 1448 409 1467 cum
419 1441 507 1475 primo
517 1449 565 1476 per
575 1445 779 1476 generationem
793 1441 938 1473 exstiterit,
948 1442 975 1469 in
986 1450 1042 1470 om-

257 1486 338 1512 nibus
352 1486 438 1520 prinio
447 1486 570 1520 aequalis,
582 1487 794 1521 pulchritudine,
808 1488 938 1522 potentia,
953 1489 1041 1522 splen-

257 1532 332 1562 dore,
346 1531 541 1565 magnitudine,
554 1531 674 1567 fulgore;
686 1533 816 1564 breviter,
831 1534 959 1561 omnibus
970 1534 1041 1567 aliis,

257 1584 318 1610 qua:
329 1576 355 1602 in
371 1576 529 1603 soleinsuut
538 1584 543 1601 ε
553 1580 580 1603 et
590 1584 686 1604 rursus
696 1577 769 1603 aliud
780 1577 832 1604 tale
841 1578 931 1604 lumen
941 1577 973 1604 ad
981 1586 1045 1613 pra:-

258 1621 361 1646 ilictum
376 1622 484 1648 modum
497 1622 706 1654 constituemus,
719 1623 794 1649 nullo
805 1624 947 1658 temporali
964 1623 1045 1650 inter-

261 1666 330 1692 vallo
342 1673 354 1691 a
366 1666 466 1693 lumine
477 1667 567 1701 genito
579 1667 731 1694 abscissum
741 1677 747 1694 :
756 1668 803 1694 sed
816 1675 863 1703 per
873 1668 961 1703 ipsum
972 1669 1044 1703 equi-

260 1710 320 1737 dem
331 1709 471 1745 ell‘ulgens,
482 1711 644 1746 principium
652 1719 716 1738 vero
723 1719 778 1739 sua:
785 1712 962 1747 bypostaseos
970 1720 983 1738 a
993 1713 1045 1747 pri-

260 1764 344 1782 nitcvo
359 1757 459 1783 lumine
482 1757 618 1791 accipiens
647 1767 653 1784 :
677 1758 766 1784 lumen
778 1758 887 1793 quidem
913 1762 940 1785 et
954 1759 1042 1793 ipsum

262 1806 300 1828 "st
319 1801 351 1827 ad
376 1802 581 1828 similitmlinein
607 1803 784 1837 praeeuncepti
815 1803 925 1830 luminis
950 1804 1043 1831 lucens

270 1851 286 1872 -t
318 1847 482 1878 illuminans,
500 1851 526 1874 et
545 1849 635 1874 omnia
655 1849 719 1880 alia,
736 1856 796 1882 qua
816 1849 868 1875 luci
884 1853 1042 1884 competunt

270 1892 377 1919 :llieiens
399 1901 405 1918 :
430 1900 517 1927 neque
543 1893 614 1920 enim
635 1894 661 1920 ili
680 1893 731 1921 lioe
749 1895 808 1928 ipso
829 1900 871 1921 est
895 1895 1005 1921 luminis
1027 1903 1041 1921 a

261 1939 361 1964 lumine
373 1938 461 1972 aliqua
472 1939 610 1965 distinctio
627 1947 674 1966 seu
690 1939 814 1971 variatio,
828 1939 936 1974 quando
946 1941 972 1966 in
985 1941 1043 1967 illu-

261 1982 381 2008 iuinandi
409 1980 494 2016 gratia
506 1987 533 2009 et
551 1983 649 2010 virtute
673 1984 763 2010 nullus
782 1985 860 2018 plane
876 1985 952 2011 adest
966 1984 1041 2011 defe-

261 2033 332 2059 ctus,
350 2032 442 2062 utpote
453 2029 525 2055 omni
541 2028 705 2062 per-lectione
717 2038 779 2056 cum
797 2029 876 2057 Patre
886 2035 911 2056 et
929 2029 996 2057 Filio
1007 2030 1040 2057 ad

261 2080 416 2106 supremum
440 2081 526 2108 usque
542 2079 675 2105 evectum,
693 2075 820 2109 quodque
843 2083 903 2102 cum
920 2075 999 2103 Patre
1015 2080 1041 2103 et

262 2117 329 2144 Filio
346 2119 483 2145 numerari
499 2123 522 2145 et
538 2120 682 2150 nominari,
696 2125 722 2146 et
737 2128 783 2153 per
805 2121 923 2155 seipsum
946 2122 978 2148 ad
998 2122 1039 2148 lu-

243 2169 246 2172 '
261 2171 333 2195 men,
349 2164 420 2198 quod
440 2164 465 2189 in
481 2163 561 2190 Patre
574 2169 600 2190 et
618 2163 685 2190 Filio
702 2165 791 2191 inesse
809 2165 975 2200 intelligitur,
994 2167 1041 2193 ad-

1083 211 1149 237 ἁλλὰ
1178 211 1241 246 μίαν
1268 210 1391 244 θεότητα,
1409 209 1472 244 μίαν
1491 208 1586 243 ἀρχὴν,
1603 208 1666 242 μίαν
1680 207 1735 234 τῶν
1758 207 1865 233 πάντων

1083 257 1205 289 ἐξουσίαν
1226 255 1294 282 εἶναι
1307 255 1442 282 πιστεύειν
1455 264 1460 269 ·
1477 255 1506 282 ὲν
1520 256 1552 290 τῇ
1569 254 1622 280 τῶν
1633 253 1734 288 ὁμοίων
1753 261 1866 287 συμφω-

1084 303 1127 338 νίᾳ
1140 303 1187 337 τῆς
1208 302 1332 337 θεότητος
1359 301 1566 336 θεωρουμένης,
1584 300 1629 326 καὶ
1647 299 1690 325 διὰ
1709 298 1757 324 τοῦ
1775 298 1866 332 ὁμοίου

1085 349 1151 384 πρὸς
1162 348 1193 374 τὸ
1205 349 1295 383 ὅμοιον
1307 347 1355 383 τὴν
1376 348 1493 374 διάνοιαν
1508 345 1635 380 ἀγούσης,
1648 345 1684 376 ὡς
1697 345 1747 379 τῆς
1759 344 1866 370 πάντων

1086 395 1134 429 μὲν
1147 394 1243 429 ἀρχῆς,
1262 395 1322 428 ἥτις
1337 393 1409 419 ἐστὶν
1422 393 1436 418 ό
1450 392 1560 427 Κύριος,
1575 391 1619 418 διὰ
1628 391 1675 417 τοῦ
1694 391 1772 424 ἁγίου
1788 390 1867 416 Ilva-3-

1087 447 1169 474 ματος
1200 440 1258 470 ταῖς
1283 438 1380 473 ψυχαῖς
1406 437 1604 472 ὲλλαμπούσης.
1637 436 1790 470 Ἀμήχανον
1814 435 1867 470 γὰρ

1084 485 1190 519 ἀληθῶς
1200 483 1370 519 θεωρηθῆναι
1386 484 1413 509 ὲν
1427 482 1565 517 Πνεύματι
1579 482 1657 516 ἁγίῳ,
1677 479 1770 511 καθώς
1787 487 1867 514 φησιν

1085 533 1099 557 ὁ
1116 530 1284 562 Ἀπόστολος,
1301 530 1344 556 διὰ
1358 529 1386 556 δὲ
1399 529 1444 555 τοῦ
1464 529 1577 564 Κυρίου,
1590 529 1619 559 ὅς
1635 528 1708 554 ἐστιν
1727 527 1744 562 ἡ
1760 526 1868 552 πάντων

1085 577 1170 613 ἀρχὴ,
1187 578 1238 612 τῆς
1256 577 1384 603 ἐπέκεινα
1406 576 1496 610 πάσης
1513 575 1599 610 ἀρχῆς
1621 574 1686 608 ἡμῖν
1708 572 1870 608 εὑρισκομέ-

1085 632 1144 659 νης,
1159 624 1219 658 ἥτις
1237 624 1310 649 ἐστὶν
1324 623 1338 649 ὁ
1355 622 1401 648 ἐπὶ
1417 621 1524 648 πάντων
1537 620 1602 651 Θεός
1614 627 1620 633 ·
1636 619 1695 645 οὐδὲ
1715 618 1769 653 γὰρ
1788 618 1869 643 δυνα-

1086 669 1130 695 τόν
1142 670 1213 694 ἐστιν
1231 667 1326 698 ἄλλως,
1337 667 1367 693 τὸ
1380 666 1529 702 ἀρχέτυπον
1540 664 1640 698 ἀγαθὸν
1656 661 1869 697 ἐπιγνωσθῆναι,

1089 714 1125 750 μὴ
1141 715 1168 739 ἐν
1178 715 1210 749 τῇ
1232 713 1315 739 εἰκόνι
1335 713 1450 746 ἀοράτου
1466 710 1634 745 φαινόμενον.
1645 709 1750 743 ’Ὠσπερ
1766 708 1795 733 δέ
1810 715 1870 733 τινα

1086 760 1192 786 δίαυλον
1211 759 1433 793 ἀνακάμπτοντες
1446 755 1514 791 μετὰ
1529 755 1559 782 τὸ
1571 754 1716 788 κεφάλαιον
1739 752 1790 787 τῆς
1809 751 1870 778 Oeo—

1088 806 1213 840 γνωσίας,
1232 805 1311 831 αὐτὸν
1325 804 1395 838 λέγω
1419 804 1463 829 τὸν
1477 803 1523 828 ἐπὶ
1541 801 1648 827 πάντων
1669 799 1798 830 Θεὸν,διᾶ.
1815 797 1869 824 τῶν

1087 851 1228 888 προσεχῶν
1240 860 1268 877 τε
1281 850 1440 877 καὶοὶκείων
1453 850 1484 884 τῇ
1496 848 1598 882 διανοίᾳ
1612 846 1764 881 τρέχοντες,
1775 845 1812 870 -ὲκ
1823 843 1868 870 τοῦ

1087 897 1191 931 Πατρὸς
1203 896 1246 922 διὰ
1260 895 1307 921 τοῦ
1324 894 1387 920 Υἰοῦ
1405 893 1471 928 πρὸς
1490 893 1520 918 το
1535 892 1643 926 Πνεῦμα
1665 891 1869 924 ἀναχωροῡμεν.

1093 945 1137 972 Ἐν
1154 942 1275 978 περινοίᾳ
1288 941 1342 976 γὰρ
1359 939 1405 966 τοῦ
1418 938 1563 973 ἀγεννήτου
1574 937 1660 970 φωτὸς
1675 934 1870 964 καταστάντες,

1088 990 1191 1016 ἐκεῖθεν
1211 988 1290 1014 πάλιν
1305 987 1335 1012 τὸ
1358 986 1386 1018 ἐξ
1404 984 1485 1012 αὐτοῦ
1503 982 1570 1018 φῶς,
1587 981 1654 1008 κατὰ
1682 981 1713 1006 τὺ
1739 979 1871 1015 προσεχὲς

1088 1036 1247 1070 ὲνοήπαμεν,
1262 1031 1316 1060 οἷον
1338 1031 1433 1058 ἀκτῖνα
1446 1038 1506 1056 τινα
1521 1029 1559 1064 τῷ
1579 1028 1648 1063 ἡλίῳ
1670 1024 1871 1060 συνυφισταμέ-

1088 1069 1156 1115 νην)
1171 1079 1204 1116 ἧς
1217 1081 1234 1115 ἠ
1256 1079 1303 1114 μὲν
1328 1077 1400 1104 αἰτία
1417 1076 1463 1102 τοῦ
1480 1073 1564 1108 εἷναι,
1579 1075 1610 1100 ὲκ
1635 1072 1682 1099 τοῦ
1701 1072 1794 1107 ἡλίου·
1810 1071 1826 1105 ἡ
1845 1069 1872 1096 δὲ

1090 1126 1214 1161 ὒπαρξις,
1227 1124 1293 1160 ὁμοῦ
1310 1123 1348 1158 τῷ
1371 1123 1448 1158 ἡλίῳ,
1464 1122 1494 1148 οὑ
1509 1121 1612 1156 χρόνοις
1629 1118 1742 1152 ὕστερον
1755 1123 1873 1166 προσγεῖ

1089 1173 1187 1207 νομένη
1198 1180 1204 1186 ”
1220 1171 1276 1197 ἀλλ’
1290 1169 1357 1205 ὁμοῦ
1379 1169 1417 1203 τῷ
1444 1168 1556 1202 ὀφθῆναι
1581 1166 1626 1192 τὸν
1645 1164 1731 1199 ἥλιον,
1746 1162 1777 1195 ἐξ
1792 1162 1874 1207 eum?

1090 1205 1299 1250 ἀνάοαὶνομένη.
1317 1212 1423 1256 Μᾶλλον
1445 1212 1474 1237 δὲ
1497 1211 1538 1244 (οὐ
1557 1209 1611 1244 γὰρ
1625 1209 1731 1241 ἀνάγκη
1758 1206 1825 1256 «is;
1840 1205 1874 1254 τῇ

1090 1262 1173 1289 εἰκόνι
1190 1260 1361 1290 δουλεύοντας
1372 1251 1462 1284 δοῦναι
1474 1257 1529 1287 τοῖς
1547 1255 1727 1289 συκοφάνταις
1746 1251 1817 1278 κατὰ
1828 1259 1874 1276 τον

1090 1307 1169 1341 λόγου
1188 1305 1271 1340 λαϐὴν
1290 1305 1318 1330 ὲν
1332 1305 1364 1339 τῇ
1391 1302 1437 1329 τοῦ
1467 1301 1663 1335 ὕποδείγματος
1688 1297 1796 1332 ἀτονία)
1817 1297 1882 1331 οὐχὶ,

1091 1355 1187 1380 ἀκτῖνα
1212 1351 1240 1383 ἐξ
1260 1351 1335 1386 ἡλίου
1356 1351 1496 1385 νοήσομεν,
1515 1348 1571 1374 ἀλλ’
1584 1347 1614 1379 ἐξ
1634 1346 1784 1381 ἀγεννήτου
1801 1345 1877 1379 ἡλίου

1091 1399 1168 1426 ἄλλον
1187 1398 1272 1433 ἥλιον,
1287 1396 1352 1431 ὁμοῦ
1369 1397 1401 1430 τῇ
1415 1395 1461 1421 τοῦ
1484 1394 1590 1429 πρώτου
1608 1392 1713 1427 ἐπινοίᾳ
1738 1389 1876 1425 γεννητῶς

1092 1443 1165 1478 αὐτῷ
1195 1442 1435 1476 συνεκλάμποντα,
1453 1440 1500 1466 καὶ
1528 1439 1597 1466 κατά
1627 1438 1715 1464 πάντα
1746 1436 1876 1466 ὡσαύτως

1093 1489 1303 1525 ἑχοντα,καλλει,
1319 1487 1441 1522 δυνάμει,
1456 1485 1617 1520 λαμπηδόνι,
1630 1483 1750 1518 μεγέθει,
1767 1482 1876 1525 φαιδρόρ

1093 1545 1164 1571 τητι,
1179 1535 1225 1561 καὶ
1237 1535 1318 1560 πᾶσιν
1334 1532 1406 1564 ἂπαξ
1422 1533 1476 1563 τοῖς
1488 1531 1551 1566 περὶ
1570 1531 1615 1556 τὸν
1630 1530 1703 1565 ἣλιον
1723 1528 1878 1563 θεωρουμέ-

1094 1589 1158 1612 νοις.
1175 1580 1229 1606 Καὶ
1242 1571 1321 1606 πάλιν
1332 1579 1424 1613 ἕτερον
1441 1577 1559 1603 τοιοῦτον
1574 1576 1641 1610 φῶς,
1657 1575 1728 1601 κατα
1739 1575 1786 1601 τὸν
1799 1573 1877 1599 αὑτὸν

1093 1627 1203 1662 τρόπον,
1217 1626 1246 1651 οὗ
1277 1624 1392 1660 χρονικῴ
1410 1632 1462 1650 τινι
1486 1622 1648 1657 διαστήματι
1677 1619 1724 1646 τοῦ
1748 1617 1877 1653 γεννητοῦ

1094 1672 1181 1706 φωτὸς
1193 1670 1419 1705 ἀποτεμνόμενον,
1438 1668 1504 1695 ἀλλὰ
1516 1668 1548 1694 δι’
1565 1666 1646 1693 αὐτοῦ
1657 1666 1706 1700 μὲν
1726 1665 1877 1700 ἐκλάμπον

1092 1718 1142 1752 τὴν
1151 1717 1179 1742 δὲ
1195 1717 1244 1751 τῆς
1256 1716 1429 1746 ὑποστάσεως
1441 1714 1530 1740 αἰτίαν
1550 1713 1610 1747 ἔχον
1631 1713 1662 1738 ὲκ
1676 1711 1722 1737 τοῦ
1740 1710 1878 1745 πρωτοτύ-

1094 1771 1144 1788 που
1158 1762 1245 1796 φωτός
1256 1769 1262 1774 ·
1282 1761 1337 1795 φῶς
1353 1760 1444 1795 μέντοι
1455 1759 1502 1786 καὶ
1517 1758 1582 1785 αὐτὸ
1595 1757 1655 1784 καθ’
1669 1757 1820 1791 ὁμοιότητα
1832 1755 1877 1782 τοῦ

1094 1806 1332 1842 προεπινοηθέντος
1348 1805 1463 1840 λάμπον,
1482 1803 1529 1830 καὶ
1544 1803 1669 1838 φωτίζον,
1691 1802 1739 1828 καὶ
1754 1802 1789 1827 τὲ
1813 1801 1880 1827 ἄλλα

1094 1853 1181 1879 πάντα
1201 1852 1234 1878 τὰ
1254 1851 1301 1877 τοῦ
1331 1851 1417 1885 φωτὸς
1442 1850 1633 1885 ἐργαζόμενον.
1651 1848 1718 1876 Οὐδὲ
1738 1848 1795 1882 γὰρ
1823 1847 1880 1873 ἔστι

1093 1898 1162 1931 φωτὶ
1177 1897 1243 1932 πρὸς
1258 1897 1348 1931 ἕτερον
1365 1896 1421 1930 φῶς
1440 1896 1499 1922 κατ’
1516 1895 1580 1921 αὐτὸ
1601 1893 1679 1920 τοῦτο
1699 1892 1877 1928 παραλλαγή·

1092 1944 1155 1969 ὅταν
1167 1944 1226 1969 κατ’
1236 1942 1310 1969 οὐδὲν
1320 1942 1368 1976 τῆς
1379 1942 1542 1976 φωτιττικῆς
1554 1941 1662 1977 χάριτος
1671 1939 1771 1969 ἐνδέον,
1779 1938 1796 1973 ἢ
1807 1939 1879 1964 ὑστε-

1093 1989 1221 2023 ρούμενον
1241 1989 1389 2023 φαίνηται,
1402 1986 1470 2014 ἀλλὰ
1494 1987 1567 2022 πάσῃ
1591 1986 1739 2020 τελειότητι
1761 1984 1831 2019 πρὸς
1850 1984 1879 2009 τὸ

1091 2033 1240 2068 ἀκρότατον
1259 2032 1426 2067 ἐπηρμένον,
1449 2033 1517 2067 μετὰ
1534 2032 1639 2066 Πατρὸς
1654 2032 1701 2057 καὶ
1720 2030 1787 2057 Υἱοῦ
1811 2030 1878 2055 θεω-

1093 2078 1171 2113 ρῆται
1185 2096 1192 2109 ,
1221 2077 1288 2112 μετὰ
1312 2077 1421 2112 Πατέρα
1441 2077 1486 2103 καὶ
1509 2076 1572 2102 Υἱὸν
1590 2076 1758 2111 ἀριομῆται,
1776 2074 1824 2100 καὶ
1847 2071 1878 2100 δι’

1091 2123 1187 2150 ἑαυτοῦ
1208 2122 1256 2158 τὴν
1280 2122 1461 2157 προσαγωγὴν
1476 2123 1543 2157 πρὸς
1562 2123 1592 2149 τὸ
1604 2124 1796 2158 ἐπινοούμενον
1811 2125 1878 2158 φῶς,

1093 2167 1123 2194 τὸ
1143 2169 1171 2193 ὲν
1195 2167 1282 2202 Πατρὶ
1299 2167 1345 2194 καὶ
1367 2167 1442 2201 Υὶῷ,
1459 2169 1525 2194 πᾶσι
1552 2169 1608 2199 τοῖς
1630 2171 1776 2203 μετασχεῖν
1801 2170 1878 2196 δυναυ

262 2211 361 2236 duccre
379 2217 474 2236 omnes
499 2210 545 2243 qui
569 2209 641 2236 illius
664 2210 808 2244 participes
837 2211 894 2238 ﬁeri
917 2219 1040 2246 possunt,

1097 2210 1186 2245 μένοις
1211 2211 1365 2246 χαρίζηται,
1385 2212 1464 2239 Ἀλλὰ
1479 2212 1565 2239 ταῦτα
1585 2213 1633 2247 μὲν
1647 2213 1686 2242 εἰς
1704 2213 1845 2241 τοσοῦτον.

264 2255 416 2282 cmisuevil.
437 2255 488 2281 Sed
508 2255 564 2280 haec
580 2255 721 2282 hactenus.

299 2301 433 2328 (lintei-um
453 2307 515 2326 cum
539 2299 711 2336 (Eunomius)
728 2302 829 2330 multus
846 2303 892 2336 sit,
918 2307 944 2330 et
965 2306 1043 2339 quasi

265 2345 367 2371 dillluat
379 2344 513 2379 jactandis
535 2345 667 2372 conviciis
685 2351 711 2373 et
730 2355 778 2381 pro
792 2348 866 2375 omni
887 2348 1043 2383 disputandi

266 2389 377 2416 exordio
387 2390 577 2416 contumeliam
590 2391 754 2425 substernat,
766 2400 870 2427 proque
881 2395 954 2421 omni
969 2395 1040 2429 ejus,

266 2435 339 2469 quod
363 2434 391 2461 in
418 2436 603 2462 contr0versia
630 2441 774 2470 versatur.
801 2438 1046 2474 demonstratione,

267 2481 366 2515 probra
381 2484 406 2507 et
417 2481 568 2508 calumnias
588 2481 693 2514 aderat,
712 2483 827 2518 agedum
844 2485 939 2518 paucis
958 2487 1049 2514 videa-

270 2533 340 2558 mus,
352 2533 419 2560 quas
431 2526 464 2553 de
476 2527 587 2561 ingeniti
605 2535 652 2555 seu
671 2528 842 2556 innascibilis
862 2531 994 2558 vocabulo
1007 2540 1049 2568 sy-

269 2571 428 2605 cophantice
438 2571 464 2598 in
477 2571 615 2600 doctorem
628 2577 750 2600 nostrum
761 2573 910 2610 (Basilium)
922 2576 1048 2612 etinejus

269 2617 484 2644 dissertationem
491 2617 693 2644 criminationes
702 2619 995 2650 evomueriLRecitavit
1004 2631 1048 2650 au-

269 2667 323 2688 tem
331 2661 387 2694 ipsa
398 2662 518 2696 magistri
528 2661 614 2689 nostri
624 2662 715 2694 verba,
728 2671 787 2697 qua:
795 2664 831 2690 ita
842 2672 871 2692 se
879 2666 1048 2702 habentzlfgo

269 2714 327 2733 vero
346 2707 425 2732 etiam
440 2706 557 2740 ingeniti.
575 2707 627 2733 sive
649 2707 813 2736 innascibilis
835 2711 1047 2744 appellationem,

269 2752 386 2785 quamvis
397 2759 558 2785 summopere
573 2753 773 2786 cogitationibus
788 2755 885 2781 nostris
903 2763 1027 2791 congruat
1040 2766 1048 2784 .-

270 2800 356 2824 (anien
365 2804 486 2830 quoniam
497 2795 569 2823 nullo
580 2796 636 2824 loco
643 2797 667 2824 in
678 2798 813 2832 Scriptura
821 2800 902 2830 ipsum
910 2801 1018 2830 inrcnio.
1026 2809 1048 2828 rt

1136 2302 1210 2328 Ἐπεὶ
1220 2302 1247 2328 δὲ
1259 2302 1341 2334 πολύς
1360 2304 1433 2329 ἐστιν
1451 2304 1568 2338 εῡρροῶν
1587 2305 1646 2335 τοὶς
1663 2304 1821 2340 λοιδορίαις,
1835 2307 1885 2332 καὶ-

1094 2349 1183 2383 πάσης
1199 2349 1247 2383 μὲν
1269 2349 1356 2384 ἀρχῆς
1378 2349 1547 2384 κατασκευὴν
1571 2350 1620 2385 τὴν
1644 2349 1722 2384 ὕϐριν
1751 2351 1879 2385 ποιούμε-

1094 2394 1218 2425 vo;,&vtl
1239 2394 1266 2420 δὲ
1289 2394 1379 2428 πάσης
1404 2395 1566 2427 ἀποδείξεως
1586 2397 1640 2423 τῶν
1659 2397 1880 2431 ἀμφισϐητουμέ-

1096 2448 1148 2466 νων
1175 2439 1223 2473 τὴν
1259 2439 1390 2474 λοιδορίαν
1418 2442 1528 2475 ἐπάγων
1545 2451 1552 2458 ·
1576 2442 1641 2478 φέρε
1672 2444 1719 2470 καὶ
1741 2445 1792 2471 ὅσα
1819 2446 1881 2480 περὶ

1096 2484 1144 2518 τῆς
1172 2484 1217 2510 τοῦ
1242 2484 1388 2519 ἀγεννήτου
1414 2485 1505 2520 φωνῆς
1532 2487 1707 2521 συκοφαντῶν
1736 2487 1784 2514 τόν
1810 2488 1881 2515 διδά-

1097 2529 1194 2554 σκαλον
1216 2529 1311 2563 ἡμῶν,
1328 2529 1374 2556 καὶ
1401 2531 1441 2560 εὶς
1465 2530 1546 2556 αὐτὸν
1573 2531 1676 2557 ἐκεῖνον
1702 2532 1749 2559 καὶ
1771 2533 1811 2561 είς
1838 2532 1881 2558 τὸν

1096 2573 1172 2607 λόγον
1193 2573 1331 2609 ἑξύὸρισε,
1351 2575 1453 2609 βραχέα
1470 2575 1661 2611 διαλεχθῶμεν,
1682 2577 1822 2611 Παρέθετο
1836 2578 1880 2604 τοῦ

1096 2619 1256 2646 διδασκάλου
1273 2620 1335 2655 περὶ
1354 2620 1454 2647 τούτων
1468 2620 1538 2653 λέξιν
1558 2622 1671 2656 ἔχουσαν
1684 2622 1772 2655 οὕτως
1787 2631 1794 2638 ·
1811 2623 1881 2658 Ἐγὼ

1096 2665 1130 2691 δὲ
1144 2665 1192 2691 καὶ
1210 2665 1265 2698 τὴν
1290 2666 1342 2693 τοῦ
1358 2666 1522 2700 ἀγεννήτου
1542 2668 1755 2702 προσηγορίαν,
1773 2668 1831 2696 κᾶν
1848 2669 1880 2694 τὰ

1095 2711 1227 2745 μάλιστα
1249 2711 1323 2744 δοκῇ
1347 2711 1411 2744 ταῖς
1428 2712 1556 2745 ἐννοίαις
1579 2713 1660 2745 ἡμῶν
1685 2715 1878 2744 συμϐαίνειν.

1097 2757 1165 2782 ἀλλ’
1180 2754 1236 2783 οὖν
1251 2757 1290 2789 ὡς
1311 2757 1441 2791 οὐδαμοῦ
1458 2758 1513 2791 τῆς
1527 2758 1649 2792 Γιναφῆς
1661 2760 1815 2794 κειμένην,
1836 2761 1879 2787 καί

1099 2801 1214 2834 πρῶτον
1229 2802 1376 2836 στοιχεῖον
1389 2803 1484 2830 οὖσαν
1497 2803 1551 2838 τῆς
1564 2805 1764 2840 ,βλασφημίας
1778 2807 1880 2837 αὐτοῦ.
