1957 3079
108 142 165 171 ΚΠ

686 142 822 171 CONTRA
842 141 1033 174 ΕυΝονιυΜ,
1057 142 1121 169 LIB.
1141 143 1161 169 1.

1685 135 1733 167 H8

110 201 285 230 σιωπᾶσθαι
300 203 338 229 ἂν
351 202 470 236 δικαίως
491 202 580 234 ἀξίαν
595 200 672 229 εἶναι
692 202 818 237 φήσαιμι
828 210 834 217 ·
850 199 900 234 τῆς

954 209 1076 236 quamam
1090 201 1203 234 primum
1214 207 1252 229 est
1266 203 1420 229 elementum
1435 199 1600 235 blasphemia:
1611 199 1735 229 istorum,

115 249 232 283 Πατρός
260 249 363 283 φωνῆς
390 249 459 276 ἴσον
490 249 658 284 δυναμένης
686 248 725 281 τῷ
753 248 905 284 ἀγεννήτῳ

115 294 204 330 [πρὸς
219 294 260 326 τῷ
277 295 325 321 καὶ
340 294 395 328 τὴν
409 294 475 327 περὶ
489 295 542 321 τοῦ
563 294 630 321 Υίοῦ
649 295 769 321 ἔννοιαν
788 301 904 328 συνημ-

112 339 210 372 μένως
227 339 320 373 ἑαυτῇ
342 340 390 366 διὰ
407 339 461 374 τῆς
480 339 613 374 σχέσεως
637 339 830 374 σι’νεισάγειν
841 338 904 375 ’0

115 385 170 419 γὰρ
195 385 288 418 ὄντως
312 386 422 419 Πατὴρ,
444 386 492 412 καί
511 385 614 420 μόνος,
628 385 662 416 ἐξ
678 385 801 417 οὐδενός
821 385 904 411 ἐστιν

114 430 219 463 ἐτέρου
229 438 236 444 '
252 430 286 456 τὸ
302 430 336 456 δὲ
352 430 386 462 ἐξ
402 429 540 462 οὐδενὸς,
556 430 664 456 ταύτόν
681 430 745 456 ἐστι
763 429 804 462 τῷ
818 429 904 463 ἀγεν-

113 474 205 507 νήτῳ.
220 475 288 501 Τίνα
301 472 346 501 οὖν
360 475 457 508 ἐπάγει
471 476 527 506 τοῖς
540 474 694 510 εἰρημένοις
709 474 844 507 ἀπόδειξιν
857 474 904 500 τοῦ

112 521 211 552 κακῶς
227 520 353 556 εἰρῆσθαι
375 521 420 547 τὸν
437 521 515 554 λόγον
531 521 634 552 τοῦτον,
655 519 826 554 ἀκούσωμεν·
845 519 905 553 Τὴν

113 565 172 598 μὲν
188 563 247 592 οὖν
257 566 431 600 ἀνωμαλίαν
440 566 500 592 τῶν
508 567 607 600 λόγων
618 566 651 592 ἐκ
663 566 839 600 προπετείας
848 567 904 599 οὐχ

115 608 208 645 ἧττον
225 611 243 644 ἦ
263 612 407 645 πονηρίας
421 612 564 644 ἀναιδοῦς
580 612 641 644 τοῖς
656 611 764 638 ἑαυτοῦ
782 611 904 646 καταμί-

116 663 229 691 γνυσιν
243 657 436 691 ἐγχειρήμασι
446 677 453 688 ,
466 657 506 689 τῷ
523 657 578 690 τῆς
594 657 710 691 γνώμης
725 658 903 691 ἀστηρίκτῳ,

115 698 165 725 καὶ
189 698 228 732 τῇ
251 698 311 725 τῶν
331 699 478 734 λογισμῶν
504 700 642 733 ἀσθενείᾳ
665 702 902 735 περιφερόμενος.

121 744 220 778 Ὁρᾶτε
244 744 274 770 τὸ
295 744 419 779 εὔστοχον
441 745 490 779 τῆς
512 746 699 780 ἀπαντήσεως,
719 746 758 777 ὡς
775 745 905 781 τεχνικῶς

113 789 189 816 κατὰ
211 790 262 824 τὴν
277 790 387 825 λογικὴν
403 790 485 816 αὐτοῦ
500 791 654 825 ὲντρέχειαν
669 791 786 826 ἐκείνην,
803 791 904 817 διαλύει

116 836 166 870 μὲν
186 835 242 861 τῶν
256 836 407 871 εἰρημένων
423 837 472 871 τὴν
494 835 607 871 δύναμιν
619 857 625 865 .
646 835 799 870 ἀντεισάγει
813 837 841 863 δὲ
855 837 903 872 τὴν

115 880 313 915 εὐσεϐεστέραν
332 881 465 917 ὑπόληψιν
484 881 605 917 γνώμην.
626 882 798 916 Ἂνώμειλος,
826 883 902 917 φησὶ,

115 926 169 951 τὸν
189 927 294 960 λόγον,
311 927 461 961 προπετὴς
477 928 531 961 οὑχ
545 925 636 961 ἧττον
663 927 682 961 ἢ
705 927 834 961 πονηρὸς
847 927 903 961 τὴν

112 970 254 1004 γνώμην,
273 972 463 1006 ἀστήρικτος,
472 972 508 1006 τῇ
518 972 581 998 ’τῶν
595 972 748 1007 λογισμῶν
763 973 903 1006 ἀσθενείᾳ

115 1017 358 1051 περιφερόμενος.
380 1018 464 1044 Πόθεν
479 1018 563 1044 ταῦτα
574 1038 581 1050 ,
599 1019 645 1044 καὶ
663 1019 696 1044 ὲκ
717 1018 794 1050 ποίας
813 1019 902 1050 αἰτίας

114 1060 297 1094 παροξυνθεὶς
317 1062 331 1088 ὁ
353 1062 402 1097 τὴν
421 1061 533 1097 γνώμην
550 1063 759 1097 ὲστηριγμένος,
780 1063 827 1089 καὶ
846 1063 902 1094 τοῖς

115 1105 259 1141 λογισμοῖς
279 1107 405 1140 ὑγιαίνων
421 1108 505 1143 φησί;
526 1108 601 1140 Τίνος
618 1109 733 1144 μάλιστα
751 1110 901 1144 καταγνοὺς

108 1151 170 1176 τῶν
187 1152 357 1187 εἰρημένωνς
375 1153 435 1179 Ὀτι
454 1154 502 1188 τὴν
517 1153 618 1180 ἔννοιαν
636 1154 740 1189 δέχεται
753 1154 799 1181 τοῦ
815 1155 900 1189 ἀγεν-

113 1197 221 1231 νήτου,
237 1197 286 1232 τὴν
301 1198 330 1224 δὲ
343 1198 442 1234 φωνὴν,
464 1198 501 1230 ὡς
523 1200 616 1232 κακῶς
631 1200 808 1236 ὲκληφθεῖσαν
824 1201 900 1236 παρὰ

114 1242 170 1268 τῶν
185 1242 399 1278 διαστρεφόντων
409 1263 417 1274 ,
434 1244 537 1279 σιωπῆς
555 1244 632 1277 ἀξίαν
651 1246 716 1280 φησί
728 1250 735 1274 ;
749 1245 775 1271 τί
795 1245 848 1281 γὰρ
863 1245 899 1281 μὴ

116 1288 144 1313 ὲν
165 1288 270 1322 ῥήμασι
291 1289 336 1314 καὶ
358 1289 482 1323 προφορᾷ
496 1288 526 1314 τὸ
548 1289 666 1323 ἀσφαλὲς
684 1289 834 1316 κινδυνεύει
849 1290 900 1324 τῆς

115 1333 251 1365 πίστεως,
267 1334 316 1368 τῆς
336 1333 363 1359 δὲ
379 1333 450 1360 κατά
463 1334 511 1369 τὴν
528 1334 644 1361 διάνοιαν
663 1335 804 1370 ἀκριϐείας
822 1335 899 1369 λόγος

114 1379 219 1410 οὐδείς
236 1380 270 1405 Ἦ
285 1379 343 1414 οὐχὶ
357 1380 566 1415 προηγουμένως
580 1381 612 1415 τῇ
630 1380 726 1416 καρδίᾳ
740 1381 899 1414 καθαρεύειν

114 1423 169 1450 ἀπὸ
186 1424 240 1450 τῶν
254 1425 380 1460 πονηρῶν
393 1425 564 1462 ἐννοημάτων
577 1426 590 1452 ὁ
603 1426 652 1460 τῆς
667 1426 794 1460 ἀληθείας
809 1435 898 1462 παρα-

116 1470 277 1502 σκευάζεται
295 1470 384 1505 λόγος·
405 1471 507 1506 ῥήμασι
526 1471 554 1498 δὲ
570 1471 718 1506 κεχρῆσθαι
734 1472 801 1507 πρὸς
815 1472 899 1507 δήλωο

114 1523 159 1541 σιν
176 1515 230 1542 τῶν
242 1516 291 1551 τῆς
306 1515 395 1550 ψυχῆς
413 1517 578 1551 κινημάτων,
601 1517 634 1542 δι’
648 1513 687 1543 ὧν
707 1517 739 1543 ἂν
788 1517 898 1544 δυνατὴν

111 1561 284 1594 ἐνδείξασθαι
303 1561 350 1587 τοῦ
370 1562 415 1588 νοῦ
441 1562 471 1588 τὺ
488 1562 641 1598 ἀπόρρητον
653 1582 661 1594 ,
677 1562 752 1589 οὐδὲν
771 1563 833 1598 περὶ
855 1563 900 1590 τὸν

111 1607 217 1633 ’τοιόνδε
228 1608 278 1641 τῆς
294 1608 384 1642 φωνῆς
399 1606 464 1642 ἦχον
479 1607 736 1643 μικρολογούμενον;
753 1609 789 1634 Οὐ
806 1609 859 1644 γὰρ
871 1609 901 1635 τὸ

114 1652 212 1684 οὕτως,
227 1652 243 1686 ἢ
254 1652 291 1684 ὼς
300 1653 400 1688 ἑτέρως
413 1654 499 1679 εἰπεῖν
510 1652 595 1679 αἴτιον
608 1653 657 1688 τῆς
666 1654 695 1679 ὲν
707 1654 772 1688 ἡμῖν
783 1653 900 1685 διανοίας

116 1697 277 1724 καθίσταται
288 1706 295 1713 ·
305 1698 373 1725 ἀλλὰ
386 1698 416 1725 τὸ
426 1699 545 1733 κρυπτὸν
557 1698 606 1733 τῆς
620 1698 731 1732 καρδίας
745 1699 832 1734 νόημα
846 1698 899 1726 τῶν

116 1742 225 1769 τοιῶνδε
246 1743 331 1777 λόγων
353 1743 401 1778 τὴν
422 1744 510 1771 αἰτίαν
529 1743 681 1770 ἐνδίδωσιν·
710 1744 761 1770 Ἐκ
777 1744 830 1779 γὰρ
847 1744 900 1771 τοῦ

115 1789 364 1823 περισσεύματος,
375 1789 450 1823 φησὶ,
462 1789 515 1822 τῆς
527 1789 687 1823 καρδίας-τὸ
698 1790 793 1823 στόμα
802 1789 897 1816 λαλεῖ.

152 1833 205 1860 Καὶ
220 1833 273 1860 τῶν
289 1834 437 1869 νοηθέντων
453 1834 572 1870 ἑρμηνέα
588 1835 632 1861 τὸν
647 1835 724 1869 λόγον
742 1835 898 1870 ποιούμεθα,

111 1878 147 1904 ὀὐ
169 1877 198 1904 τὺ
220 1878 336 1913 ἔμπαλιν
363 1879 412 1914 τὴν
433 1879 551 1905 διάνοιαν
574 1879 619 1913 ἀφ’
641 1875 678 1906 ὧν
705 1878 818 1914 λέγομεν
840 1888 900 1906 συν-

115 1923 272 1959 αγείρομεν,
282 1923 332 1950 κᾶν
342 1923 391 1959 μὲν
405 1924 546 1959 ἀμφότερα
559 1924 703 1960 συμϐαίνῃ,
715 1925 762 1951 καὶ
775 1926 843 1950 νοεῖν
859 1925 900 1950 δε-

117 1969 192 2002 ξιῶς,
207 1969 252 1996 καὶ
268 1968 427 2004 ἑρμηνεύειν
438 1989 445 2001 ,
460 1970 550 2005 ἄρτιος
562 1969 595 1996 δι’
609 1969 745 2005 ἑκατέρων
760 1970 775 1996 ὁ
795 1970 899 2005 ἄνθρω-

116 2023 168 2047 πος
179 2024 186 2030 ·
201 2016 224 2041 εἰ
238 2015 266 2041 δὲ
279 2015 310 2041 τὸ
324 2015 416 2050 ἕτερον
427 2015 509 2047 λίποι,
524 2015 600 2051 ὀλίγη
614 2015 651 2051 τῷ
666 2015 757 2052 ἰδιώτῃ
771 2016 842 2042 κατὰ
855 2015 900 2042 τὸν

116 2059 194 2093 λόγον
213 2058 344 2094 ἡζημία,
366 2060 416 2094 τῆς
436 2059 505 2086 κατὰ
519 2059 607 2094 ψυχὴν
631 2059 756 2093 γνώσεως
778 2060 845 2094 πρὸς
869 2060 899 2086 τὸ

117 2103 218 2136 ἀγαθὸν
237 2102 464 2138 κατηρτισμὲνης.
486 2104 517 2129 'O
533 2103 618 2136 λαὸς,
631 2104 722 2139 φησὶν,
738 2101 826 2136 οὗτος
839 2103 896 2136 τοῖς

116 2148 234 2182 χείλεσι
246 2156 284 2182 με
296 2147 373 2182 τιμᾷ·
385 2149 404 2182 ἠ
416 2147 450 2174 δὲ
463 2148 568 2182 καρδία
579 2147 676 2175 αὐτῶν
688 2149 785 2183 πόρῤω
796 2149 899 2183 ἀπέχει

912 1530 933 1558 C

954 246 1058 272 silentio
1070 246 1225 273 tradendam
1241 249 1333 274 merito
1355 247 1476 274 duxerim
1492 253 1502 273 :
1515 246 1661 280 prmsertim
1675 253 1734 271 cum

955 289 1045 316 Patris
1058 298 1106 316 vox
1119 295 1143 317 et
1155 291 1181 317 id
1194 292 1277 325 possit
1299 291 1366 326 quod
1381 292 1496 326 ingeniti,
1511 297 1533 317 et
1551 289 1584 316 ad
1598 290 1625 316 id
1642 290 1732 320 etiam,

954 343 1058 372 propter
1069 338 1220 365 relationem
1233 338 1397 372 conjunctam
1419 338 1469 364 sibi
1487 337 1562 368 Filii,
1596 336 1734 370 cogitati?»

954 391 1012 410 nem
1029 383 1146 410 adducat
1165 404 1171 410 .
1185 384 1237 417 Qui
1256 385 1324 411 enim
1338 392 1395 410 vere
1413 383 1492 410 Pater
1515 388 1538 409 et
1565 382 1635 409 solus
1654 380 1733 406 l’atcr

954 433 1002 459 est,
1018 436 1033 454 α
1047 428 1119 455 nullo
1133 432 1171 455 est
1183 436 1192 454 :
1208 429 1252 463 qui
1267 433 1353 455 autem
1368 437 1383 454 ο
1396 427 1467 454 nullo
1480 432 1527 456 est.
1538 427 1666 461 ingenitus
1681 429 1730 451 est.

955 473 1102 500 Audiamus
1116 481 1179 508 ergo
1203 474 1337 508 quomodo
1361 473 1526 500 demonstret
1549 472 1605 498 haec
1635 478 1730 504 perpo-

954 525 1010 545 ram
1026 518 1097 545 dicta
1117 526 1187 546 esse.
1209 518 1457 545 Dissimilitudinem
1485 522 1510 544 et
1527 516 1731 550 interlunlitatcm

954 571 1005 590 non
1024 564 1120 595 minus,
1137 572 1214 598 quam
1231 563 1405 597 impudentem
1433 562 1625 596 improbitatem
1647 569 1678 587 ca:
1693 565 1730 586 tc-

954 609 1073 635 meritate
1099 609 1155 635 suis
1178 609 1261 635 verbis
1287 608 1424 640 admiscet,
1452 607 1621 634 instabililate
1638 605 1731 631 mentis

953 659 978 681 et
1002 655 1190 689 cogitationum
1220 654 1401 681 imbecillitate
1432 654 1617 679 circumactus.
1638 650 1732 676 Videte

954 707 1034 734 quam
1049 700 1218 727 considerate
1236 700 1390 727 adversario
1407 701 1542 726 occurrat.
1564 696 1649 729 Quam
1665 696 1732 722 arti-

954 744 1046 772 ﬁciose
1061 753 1092 772 ex
1109 745 1194 780 logica
1211 752 1258 771 sua
1276 745 1371 779 peritia
1385 744 1456 770 \‘ires
1467 750 1560 770 eorum
1574 749 1633 776 quae
1662 741 1732 767 dicta

955 787 1170 821 sunt,'enervat,
1195 790 1348 816 introducta
1366 790 1458 823 pietati
1486 788 1571 822 magis
1585 791 1731 814 consenta-

955 843 1005 862 nea
1024 835 1233 862 existimatione.
1255 835 1397 861 Dissimilis
1413 838 1463 866 est,
1485 833 1582 867 inquit,
1604 839 1731 861 sermone,

954 889 1006 907 non
1020 881 1107 907 minus
1121 889 1235 915 pra'ccps
1252 886 1274 908 et
1291 881 1444 907 temerarius
1472 887 1549 914 quam
1563 877 1711 904 malitiosos
1723 884 1732 902 :

953 926 1040 953 animo
1071 926 1215 957 instabilis,
1243 926 1430 960 cogitationum
1455 933 1563 951 suarum
1579 923 1733 957 inﬁrmitate

952 971 1141 998 circumactus.
1165 970 1251 1004 Unde,
1282 976 1309 998 et
1339 978 1392 1005 qua
1419 977 1500 997 causa
1525 969 1665 1003 impulsus,
1685 967 1731 1001 qui

955 1021 1044 1044 mente
1060 1017 1127 1044 adeo
1141 1017 1274 1044 solidatus
1287 1020 1337 1046 est,
1348 1021 1375 1043 et
1392 1015 1555 1051 cogitatione
1565 1014 1631 1040 adeo
1648 1021 1731 1041 sanus

951 1065 978 1088 et
995 1061 1132 1094 sincerus,
1150 1062 1212 1088 talia
1230 1061 1484 1094 elTutit?Quidnam
1500 1068 1533 1087 ex
1562 1059 1644 1086 dictis
1671 1066 1731 1084 ma-

951 1109 1022 1135 xime
1037 1109 1172 1143 improbat
1183 1110 1203 1138 ?.
1216 1109 1255 1135 An
1284 1109 1348 1143 quia
1365 1108 1520 1142 (Basilius)
1547 1113 1656 1134 sensum
1684 1104 1730 1138 qui

949 1152 1082 1179 vocabqu
1106 1153 1269 1179 innascibilis
1289 1153 1449 1190 subjicitur,
1477 1152 1598 1186 recepit,
1635 1157 1728 1177 vocem

951 1205 1014 1224 vero
1030 1198 1128 1232 ipsum.
1145 1201 1271 1232 tauquam
1286 1205 1301 1224 a
1324 1198 1546 1232 depravatoribus
1570 1196 1638 1222 male
1655 1203 1731 1222 accc-

951 1247 1042 1277 ptam,
1064 1243 1174 1270 silentio
1201 1243 1374 1277 premendam
1397 1242 1522 1276 judit-at?
1540 1241 1608 1274 Quid
1637 1240 1730 1267 cuitu?

949 1287 990 1314 An
1007 1288 1034 1314 in
1054 1288 1143 1315 verbis
1160 1292 1186 1315 et
1201 1288 1352 1322 prolatione
1384 1288 1516 1315 securitas
1533 1291 1559 1313 et
1586 1287 1728 1313 sinceritas

950 1333 1012 1360 ﬁdei
1038 1333 1231 1368 periclitatur?
1262 1333 1303 1359 An
1333 1333 1405 1359 nulla
1425 1333 1494 1359 ratio
1519 1332 1640 1359 habentia
1670 1331 1729 1364 ejus

949 1386 1008 1413 qua:
1023 1385 1055 1405 ex
1072 1386 1153 1406 sensu
1178 1382 1229 1411 est,
1251 1378 1458 1406 accurationis?
1486 1377 1583 1404 Annon
1600 1376 1729 1412 primario

949 1428 976 1451 et
994 1428 1056 1451 ante
1069 1425 1160 1451 omnia
1175 1424 1201 1452 id
1217 1424 1340 1451 veritatis
1366 1424 1436 1450 ratio
1464 1423 1563 1453 studet,
1592 1429 1620 1448 ut
1636 1430 1683 1448 cor
1713 1429 1727 1446 a

949 1470 1086 1504 perversis
1110 1469 1287 1504 opinionibus
1310 1473 1484 1503 expurgetur,
1505 1468 1594 1495 verbis
1616 1475 1679 1493 vero
1695 1467 1728 1493 ad

951 1516 1090 1542 notionum
1110 1515 1208 1542 anima:
1227 1515 1474 1542 manifestatiouem
1498 1518 1600 1545 utatur,
1629 1513 1728 1548 quibus

951 1568 1050 1587 arcana
1074 1561 1172 1587 mentis
1188 1560 1326 1595 pateﬁant,
1356 1559 1474 1594 seposita
1500 1559 1533 1586 de
1558 1559 1632 1585 vocis
1662 1565 1729 1585 sono

950 1606 1031 1632 anxia
1046 1605 1250 1632 sollicitudine?
1264 1605 1323 1632 Non
1338 1606 1409 1633 enim
1421 1610 1510 1632 utrum
1531 1604 1582 1630 hoc
1596 1604 1635 1630 vel
1652 1603 1728 1636 illud,

950 1650 1003 1678 isto
1021 1651 1063 1678 vel
1080 1651 1133 1678 isto
1147 1651 1229 1678 modo
1242 1651 1406 1686 proferatur,
1428 1654 1606 1685 conceptuum
1623 1655 1729 1676 nostro-

951 1704 1009 1723 rum
1026 1704 1109 1723 causa
1126 1701 1179 1728 est.
1197 1697 1243 1724 sed
1269 1696 1445 1724 absconditus
1467 1695 1549 1722 animi
1571 1703 1668 1722 sensus
1688 1694 1729 1721 his

950 1741 992 1769 vel
1010 1741 1064 1769 illis
1073 1742 1163 1769 verbis
1177 1749 1287 1769 causam
1301 1742 1490 1769 subministrat
1504 1751 1510 1768 :
1526 1749 1587 1768 nam
1600 1749 1631 1767 ex
1646 1740 1730 1767 abun—

949 1787 1043 1814 dantia
1058 1788 1144 1814 cordis
1161 1796 1189 1814 os
1204 1787 1318 1822 loquitur
1334 1787 1366 1814 ".

986 1831 1017 1859 Et
1030 1832 1163 1867 interpres
1188 1839 1282 1859 eorum
1297 1839 1357 1866 qua),
1372 1835 1462 1858 mente
1477 1831 1655 1865 concipimus,
1671 1839 1729 1858 ser-

950 1885 994 1904 mo
1010 1881 1071 1905 est:
1092 1885 1145 1904 non
1160 1885 1175 1905 e
1191 1877 1328 1904 contrario
1346 1884 1456 1904 sensum
1479 1884 1512 1903 ex
1530 1876 1582 1908 iis,
1604 1884 1664 1910 quae
1686 1875 1728 1901 di-

950 1928 1064 1955 cuntur,
1076 1923 1230 1957 colligimus
1244 1932 1249 1948 :
1273 1922 1397 1956 quamvis
1412 1925 1557 1956 utrumque
1571 1922 1728 1955 contingere

949 1972 1040 2002 queat,
1055 1972 1082 1995 et
1098 1967 1191 1995 dextre
1203 1967 1362 2002 intelligere,
1377 1970 1404 1993 et
1420 1966 1514 1993 dextro
1531 1966 1676 2000 explicare,
1693 1967 1726 1992 ad

950 2017 1096 2047 utrumque
1113 2016 1203 2040 autem
1219 2012 1299 2038 homo
1318 2012 1432 2038 idoneus
1448 2017 1474 2038 ct
1488 2011 1623 2045 perfectus
1637 2015 1688 2041 est,
1701 2016 1726 2037 et

949 2058 974 2085 si
988 2057 1105 2084 alterum
1139 2057 1219 2089 absit,
1242 2057 1338 2091 exigua
1359 2055 1448 2082 idiota:
1474 2060 1499 2083 et
1528 2056 1651 2090 imperito
1665 2057 1727 2081 huic

949 2103 1196 2137 imminetjactura,
1214 2102 1312 2136 quippe
1327 2101 1405 2134 cujus
1419 2101 1537 2135 cognitio
1550 2101 1583 2127 ad
1601 2100 1637 2131 id.
1653 2102 1723 2135 quod

950 2147 1049 2174 bonum
1071 2151 1123 2178 est,
1142 2147 1304 2173 concinnata
1318 2151 1345 2173 et
1364 2146 1515 2180 composita
1547 2146 1593 2173 sit.
1611 2146 1726 2180 Populus

115 2191 166 2218 ἀπ’
188 2191 276 2226 ἐμοῦ·
301 2193 327 2218 τί
349 2193 426 2218 τοῦτο
449 2193 607 2227 σημαίνων;
630 2193 692 2219 ’Ὁτι
718 2193 899 2229 προτιμοτέρα

952 2193 999 2219 iste
1018 2191 1094 2218 labiis
1120 2200 1160 2218 me
1185 2191 1306 2224 honorat,
1332 2191 1427 2226 inquit,
1459 2199 1502 2217 cor
1528 2196 1612 2218 autem
1640 2200 1727 2218 eorum

116 2237 192 2271 παρὰ
219 2237 278 2271 Θεῷ
307 2239 397 2273 κριτῇ,
426 2238 465 2273 τῷ
492 2238 545 2264 τῶν
572 2238 711 2273 ἀλαλήτων
740 2238 899 2273 στεναγμῶν

116 2283 246 2315 ἐπαῖοντι,
259 2283 275 2318 ή
288 2283 336 2318 τῆς
349 2283 437 2318 ψυχῆς
452 2283 519 2318 πρὸς
533 2282 581 2318 τὴν
593 2283 720 2318 ἀλήθειαν
734 2283 834 2318 σχέσις,
849 2283 899 2318 τῆς

115 2327 144 2352 ὲν
165 2328 284 2362 ῥήμασιν
300 2327 464 2362 εὐπρεπείας
481 2327 527 2353 τοῦ
546 2327 636 2361 λόγου.
652 2327 762 2358 Τούτοις
778 2327 827 2362 μὲν
845 2327 898 2363 γὰρ

114 2371 234 2398 ἐστικαὶ
254 2372 321 2408 πρὸς
336 2373 366 2399 τὸ
385 2373 503 2399 ἐναντίον
527 2373 747 2408 συγχρήσασθαι,
766 2373 835 2399 κατὰ
849 2373 898 2409 τὴν

115 2418 238 2451 ἐξουσίαν
256 2418 302 2444 τοῦ
321 2419 515 2453 φθεγγομένου,
535 2419 602 2454 πρὸς
622 2419 652 2445 τὸ
672 2419 765 2445 δοκοῦν
780 2419 897 2451 εὐκόλως

116 2463 304 2500 ὑπηρετούσης
317 2464 364 2498 τῆς
378 2464 500 2499 γλώσσης
513 2472 519 2478 “
535 2466 551 2499 ἠ
565 2465 592 2491 δὲ
604 2465 653 2499 τῆς
668 2464 755 2499 ψυχῆς
769 2465 896 2497 διάθεσις,

115 2510 189 2541 ὃπως
203 2509 236 2537 ἂν
255 2509 354 2544 ἔχουσα
369 2509 460 2544 τύχοι,
474 2509 559 2541 οὕτως
571 2510 666 2545 ὁρᾶται
681 2509 720 2544 τῷ
734 2510 773 2540 είς
785 2510 819 2535 τὰ
833 2509 898 2544 κρύ-

116 2565 164 2591 φια
187 2556 324 2592 βλέποντι.
342 2556 417 2588 Τίνος
436 2554 482 2583 οὖν
500 2556 578 2592 χάριν
594 2555 749 2591 ἀνώμαλος,
767 2556 813 2582 καὶ
832 2564 897 2591 προ-

115 2603 199 2638 πετὴς
211 2603 262 2637 οὐχ
278 2599 358 2637 ἦττον
373 2602 389 2637 ἢ
406 2602 531 2637 πονηρὸς,
547 2602 562 2628 ὁ
580 2601 609 2628 τὸ
625 2602 672 2637 μὲν
689 2601 806 2632 εὐσεϐῶς
824 2601 899 2627 νοού-

114 2655 193 2682 μενον
210 2648 243 2673 ἐκ
257 2646 308 2681 τῆς
328 2646 374 2672 τοῦ
390 2646 554 2681 ἁγεννήτου
574 2646 676 2680 φωνῆς,
693 2645 739 2672 καὶ
757 2645 835 2676 νοῶν,
853 2647 899 2672 καὶ

112 2693 267 2729 δεχόμενος,
283 2692 313 2718 τὸ
331 2692 359 2718 δὲ
377 2692 437 2719 ὅσον
449 2692 568 2719 συντελεῖ
581 2691 649 2727 πρὸς
662 2691 786 2718 ἀσέϐειαν
798 2692 853 2723 τοῖς
865 2692 899 2718 τὰ

111 2739 232 2771 δόγματα
245 2738 445 2773 παρανομοῦσι,
461 2738 538 2764 τοῦτο
555 2736 704 2764 σιωπᾶσθαι
721 2736 852 2768 κελεύων;
866 2737 898 2763 Et

144 2829 167 2845 ³⁵
182 2826 285 2855 Matth.
300 2833 350 2856 xu,
367 2826 410 2853 54.
448 2826 469 2841 ⁴⁰
490 2826 540 2852 lsa.
555 2834 628 2857 xxix,
648 2826 694 2859 l5;
713 2824 806 2852 Matth.
825 2832 879 2857 xvt,
898 2823 924 2851 8.

950 2237 1024 2272 longe
1039 2241 1076 2264 cst
1088 2246 1104 2264 α
1116 2245 1155 2263 me
1167 2237 1200 2262 ⁸ο.
1214 2236 1283 2269 Quid
1298 2237 1349 2263 hoc
1366 2236 1439 2263 dicto
1456 2236 1609 2271 signiﬁcare
1622 2237 1706 2263 voluit
1717 2239 1728 2263 ’ί

950 2282 1095 2316 Potiorem,
1116 2282 1187 2317 apud
1205 2281 1287 2308 Deum
1302 2281 1433 2315 judicem,
1455 2282 1573 2316 gemitus
1588 2289 1651 2308 voce
1673 2290 1726 2308 non

950 2337 1095 2363 expressos
1120 2328 1285 2360 audientem,
1316 2335 1377 2355 esse
1407 2328 1506 2355 mentis
1524 2327 1557 2354 ad
1587 2328 1727 2354 veritatem

951 2374 1129 2406 aﬂcctiouem,
1143 2381 1223 2408 quam
1238 2373 1382 2400 verborum
1406 2377 1530 2399 ornatum
1551 2377 1578 2400 et
1599 2373 1727 2407 eloquen-

951 2419 1026 2445 tiam.
1043 2418 1110 2444 Nam
1129 2419 1170 2445 bis
1182 2418 1261 2445 etiam
1280 2418 1305 2444 in
1325 2417 1491 2444 contrarium
1509 2417 1548 2444 uti
1577 2417 1649 2447 licet,
1679 2425 1728 2451 pro

950 2462 1010 2497 ejus
1037 2463 1081 2497 qui
1098 2463 1216 2497 loquitur
1243 2462 1382 2494 facultate,
1399 2462 1490 2497 lingua
1510 2469 1564 2489 non
1586 2462 1728 2489 dilﬁcullcr

951 2508 984 2534 ad
999 2507 1025 2534 id
1041 2508 1112 2542 quod
1128 2508 1216 2534 visum
1234 2511 1276 2534 cst.
1304 2508 1501 2535 subserviente.
1519 2507 1553 2534 At
1581 2516 1646 2534 vero
1667 2508 1726 2534 ιιιιί-

950 2561 1000 2580 mae
1014 2553 1132 2584 affectio,
1151 2553 1350 2587 qualiscunque
1368 2560 1399 2579 ea
1411 2553 1456 2584 sit,
1475 2552 1536 2579 talis
1551 2553 1631 2579 etiam
1645 2561 1726 2586 appa—

949 2603 990 2626 ret
1004 2599 1029 2626 ei
1056 2599 1102 2634 qui
1117 2599 1223 2626 occulta
1243 2599 1374 2626 intuetur.
1399 2597 1488 2631 Quare
1512 2598 1594 2632 igitur
1612 2601 1726 2625 temera-

949 2645 1008 2672 rius
1024 2649 1078 2677 est,
1093 2648 1120 2672 et
1139 2652 1193 2671 non
1210 2644 1301 2671 minus
1322 2641 1472 2679 improbus,
1495 2643 1541 2677 qui
1556 2642 1627 2677 quod
1649 2643 1726 2669 inna-

950 2690 1048 2717 scibilis
1066 2698 1113 2718 seu
1127 2690 1236 2725 ξηειεηὶιὶ
1253 2690 1384 2717 vocabulo
1411 2689 1454 2723 pie
1477 2687 1657 2723 signiﬁcatur,
1683 2695 1725 2714 rea

950 2736 1016 2772 cipit
1031 2740 1058 2764 et
1075 2737 1217 2771 approbat,
1239 2736 1306 2763 illud
1331 2742 1395 2763 vero
1418 2734 1489 2770 quod
1520 2734 1611 2770 impiis
1632 2734 1725 2769 impie-
