1957 3079
234 133 285 160 419

233 190 299 217 tatis
315 189 451 217 struendae
467 196 561 216 ansam
580 189 693 223 prmhct,
710 190 783 217 sileri
797 191 892 225 jubet?
908 192 973 218 Nam
990 192 1013 218 si
1029 195 1051 222 A

233 235 349 262 dixisset
372 242 426 261 non
442 238 503 261 esse
521 233 707 268 usurpandum
722 235 885 263 innascibilis
901 237 1019 264 vocabu-

235 281 300 311 lum,
328 279 469 306 habuisset
487 278 556 306 forte
580 279 683 314 justam
714 279 771 306 haec
795 285 822 307 et
852 281 940 308 adhuc
957 289 1020 316 gra-

234 326 308 352 viora
335 325 469 352 advcrsus
496 325 572 351 illum
598 325 719 359 jactandi
741 326 864 353 convicia
893 327 1015 354 occasio-

235 378 307 397 nem.
332 369 360 396 Si
377 376 441 396 vero
460 377 494 397 ex
524 370 662 397 communi
686 370 792 404 piorum
818 370 1020 398 existimatione

235 418 285 444 hoc
306 416 464 448 conﬁtetur,
490 421 516 442 et
533 415 611 449 quasi
643 415 805 442 sententiam
831 415 964 450 magistro
978 415 1020 442 di-

233 470 312 496 gnam
327 461 431 496 profert
453 468 482 488 se.
496 461 665 488 abstinuisse
680 461 715 488 ab
730 461 780 488 hac
794 468 868 492 voce,
884 466 1019 495 quatenus

235 514 362 542 perversa
377 506 567 534 litereticorum
587 506 712 533 doctrina
730 506 795 533 hinc
815 506 948 541 originem
963 509 1019 532 tra-

204 566 207 568 »
234 554 283 585 xit,
299 561 412 588 remque
428 553 516 588 ipsam
531 551 721 586 signiﬁcatam,
738 551 823 578 Deum
839 551 942 578 scilicet
958 558 1019 579 esse

235 598 430 629 innascibilem,
447 597 533 625 teneri
545 597 634 632 jubet,
651 597 722 623 haud
734 597 880 631 quidquam
898 596 1017 627 admisit,

234 644 269 672 ob
289 644 360 679 quod
387 643 471 671 tantis
499 643 632 670 conviciis
662 643 838 670 laceraretur.
856 642 954 668 Annon
983 641 1018 668 ab

237 691 295 725 ipsa
324 690 444 718 Veritate
474 690 562 717 edocti
592 697 688 717 sumus
718 688 782 715 talia
814 687 912 720 facere,
932 695 1018 722 neque

233 738 315 763 etiam
329 737 406 764 valde
437 736 520 763 claris
535 736 683 767 adhaerere,
714 735 737 762 si
763 733 828 769 quid
857 733 953 760 horum
983 732 1017 759 ad

235 782 335 808 malum
352 781 454 808 ducat?
475 780 531 808 lmo
548 782 629 808 etiam
642 780 767 807 dextrum
783 778 903 809 oculum,
919 777 1016 812 pedem

234 831 261 854 et
282 834 390 853 manum
405 826 532 853 similiter
551 826 686 860 amputari
701 825 833 860 praecipit,
853 825 876 852 si
898 823 964 858 quid
983 831 1015 850 ex

235 872 294 899 istis
310 880 359 898 nos
376 871 540 898 scandalizet
554 871 622 897 ἰι-δ’.
638 871 708 904 Quid
723 871 796 897 aliud
809 870 860 897 hoc
874 869 1017 904 aenigmate
1032 863 1053 890 Β

235 917 387 944 faciendum
404 917 493 944 innuit
521 925 602 952 quam
616 917 697 943 etiam
718 917 774 948 illa,
794 923 855 951 qua:
869 915 932 943 boni
956 922 1017 949 spe-

234 963 302 990 ciem
335 963 447 995 habent,
479 963 502 990 si
532 963 669 990 hominem
703 970 736 990 ex
769 961 1017 990 ineonsideratione

235 1009 367 1035 utentium
384 1009 417 1035 ad
449 1009 550 1035 malum
579 1008 725 1040 abducant,
753 1007 919 1042 repudianda
946 1014 1016 1038 esse,

233 1055 305 1088 quod
319 1054 517 1082 conducibilius
537 1054 573 1081 sit
586 1054 619 1081 iis
635 1061 694 1088 quae
714 1055 816 1088 peccati
841 1053 1017 1081 occasionem

234 1100 365 1135 praebent,
380 1100 538 1134 amputatis,
556 1100 666 1131 salvari,
679 1107 760 1134 quam
778 1099 820 1127 his
836 1099 976 1126 addictum
990 1101 1018 1125 et

234 1146 402 1180 implicatum
414 1145 524 1172 interire
536 1145 548 1171 ?

270 1211 340 1244 Quid
355 1215 445 1238 autem
459 1211 561 1239 Christi
574 1211 695 1239 imitator
711 1212 812 1240 Paulus
826 1213 837 1239 '.’
853 1213 914 1248 Ipse
935 1214 1016 1241 etiam

201 1267 204 1270 ·
235 1257 263 1283 in
277 1256 414 1291 profundo
429 1257 653 1292 sapientiatidem
669 1257 758 1285 docet.
783 1257 851 1284 Nam
873 1259 920 1293 qui
950 1259 1018 1286 dixit

234 1301 326 1328 omnia
338 1309 398 1329 esse
414 1301 495 1334 bona,
515 1307 542 1329 et
555 1302 624 1329 nihil
640 1302 834 1337 abjiciendum,
852 1304 925 1338 qttod
956 1311 1018 1331 eum

237 1348 387 1383 gratiarum
413 1348 521 1375 actione
544 1348 705 1383 percipitur,
735 1348 781 1376 ille
808 1349 878 1376 idem
908 1354 1018 1385 propter

235 1392 432 1419 conscientiam
449 1391 631 1425 inﬁrmorum,
658 1392 764 1427 respuit
786 1393 932 1428 aliquando
952 1402 1019 1421 non-

236 1438 310 1465 nulla
323 1445 355 1464 ex
375 1438 418 1468 iis,
439 1445 499 1472 qua:
517 1441 657 1472 receperat
672 1442 699 1464 et
712 1439 884 1472 probaverat,
901 1445 927 1467 et
942 1439 1019 1473 jubet

235 1490 344 1517 quoque
359 1482 461 1516 respui.
476 1481 506 1509 Si
533 1482 601 1508 enim
618 1489 664 1516 per
691 1483 790 1516 cibum,
809 1484 908 1519 inquit,
935 1485 1019 1519 frater

235 1537 307 1555 meus
325 1528 510 1561 contristatur,
527 1535 579 1554 non
595 1527 760 1554 manducabo
783 1536 875 1556 carnes
892 1530 919 1556 in
941 1535 1016 1556 tuer-
1030 1527 1051 1556 C

235 1581 297 1600 1mm
306 1573 337 1599 ⁵³.
348 1572 420 1600 ldem
433 1571 498 1600 facit
513 1579 622 1606 quoque
637 1572 760 1599 imitator
775 1571 852 1600 Pauli
864 1572 1016 1608 (Basilius)

235 1619 282 1653 qui
301 1617 519 1645 animadvertetis
534 1617 606 1644 malo
622 1617 812 1645 hatreticorum
834 1625 884 1645 usu
915 1625 962 1653 per
977 1619 1016 1645 in-

182 1692 189 1698 ,
235 1664 370 1692 nascibilis
389 1664 551 1691 vocabulutu
567 1671 688 1691 errorem
701 1671 796 1691 eorum
810 1664 855 1699 qui
876 1664 1016 1700 inatquali-

235 1715 319 1738 tatem
338 1710 365 1736 in
379 1709 434 1737 Deo
453 1710 710 1741 comminiscuntur,
725 1710 892 1743 conﬁrmari,
909 1711 1017 1744 suadet,

237 1761 266 1783 ut
282 1763 345 1794 vera
360 1761 385 1783 et
401 1757 445 1791 pia
461 1756 596 1783 sententia
614 1756 648 1783 de
675 1756 829 1783 ἰηηακίιιὶιί
855 1756 953 1784 animis
972 1757 1017 1784 ﬁr-

236 1802 316 1829 miter
331 1802 488 1835 retineatur,
509 1802 561 1836 ipsi
574 1810 638 1829 vero
652 1803 765 1834 voculae,
782 1806 912 1838 tanquam
926 1803 1016 1838 perdi-

238 1848 274 1874 tis
292 1846 465 1874 occasionem
481 1846 676 1881 suppeditanli,
688 1854 743 1873 non
757 1847 870 1874 nimium
886 1847 1018 1875 inhaerea-

237 1897 298 1919 tur:
327 1899 389 1920 nam
403 1892 492 1919 Patris
519 1892 738 1927 appellationem,
769 1893 922 1928 signiﬁcato
951 1902 1014 1926 suo,

236 1937 318 1965 etiam
349 1937 521 1965 innaseibilis
545 1937 770 1972 signiﬁcationem
796 1938 863 1966 satis
882 1947 1018 1974 superque

236 1983 394 2018 cogitationi
414 1982 566 2017 subjicere;
580 1990 642 2010 cum
658 1983 732 2010 enim
755 1982 862 2011 Patrem
880 1984 1016 2018 audimus,

236 2027 328 2054 statim
342 2035 415 2058 eum,
431 2027 475 2062 qui
492 2027 619 2054 onmibus
634 2027 695 2054 aliis
710 2027 873 2062 principium
890 2033 918 2056 et
935 2037 1017 2056 causa

235 2072 385 2100 exsistendi
400 2076 451 2105 est,
467 2065 647 2106 concipimus,
665 2072 711 2106 qui
733 2073 756 2101 si
776 2073 855 2100 aliam
871 2075 1016 2109 quamdam

235 2125 265 2144 se
279 2117 449 2152 superiorem
468 2117 650 2144 substantiam
668 2117 790 2150 haberet,
822 2127 875 2146 non
894 2119 1018 2146 nomina-

235 2166 311 2190 retur
325 2162 434 2198 proprie
448 2161 536 2195 Pater,
560 2163 623 2197 quia
641 2163 749 2198 propria
764 2164 853 2192 Patris
871 2165 1016 2200 appellatio

236 2207 374 2243 superiori
389 2207 428 2233 illi
446 2207 606 2234 substantia:
621 2213 795 2243 competeret.
811 2209 839 2236 Si
851 2214 941 2237 autem
960 2210 1016 2244 ipse

235 2257 277 2281 est
289 2253 410 2280 omnium
424 2252 587 2287 principium
605 2257 632 2280 et
644 2261 738 2287 causa,
751 2258 778 2282 et
793 2254 815 2282 si
831 2262 863 2282 ex
881 2255 939 2290 ipso
952 2259 1016 2282 sunt

235 2297 336 2330 omnia,
355 2303 383 2324 ut
395 2301 511 2324 testatur
526 2297 684 2332 Apostolus,
702 2300 830 2326 nimirum
856 2300 921 2326 nihil
939 2301 1015 2336 prius

235 2343 394 2370 exsistenlia
415 2343 474 2377 ejus
488 2344 594 2378 coricipi
610 2348 699 2379 potest
715 2354 721 2372 :
740 2349 766 2372 et.
791 2345 842 2373 hoc
868 2350 910 2373 cst
926 2347 1015 2374 omnis

234 2393 312 2415 ortus
328 2392 355 2415 et
368 2388 496 2423 principii
511 2393 649 2424 expertem
664 2398 736 2418 esse.

272 2465 325 2493 Sed
341 2465 398 2493 haac
412 2472 484 2494 recte
499 2474 528 2494 se
545 2467 645 2495 habere
660 2467 731 2494 haud
744 2468 840 2495 annuit
857 2468 901 2496 ille
925 2470 971 2505 qui
987 2478 1016 2499 se

237 2512 322 2546 magis
349 2520 429 2547 quant
450 2513 536 2547 ipsam
551 2513 706 2540 -Veritatem
725 2513 777 2540 ﬁde
794 2514 905 2549 dignum
920 2516 1017 2544 existi-

235 2557 304 2584 mari
320 2558 404 2593 cupit,
429 2558 476 2585 sed
496 2562 591 2586 contra
615 2558 721 2589 nititur,
750 2559 916 2595 obloquitur,
931 2567 957 2589 et
983 2570 1014 2589 ea

235 2603 422 2637 quazdicimus
435 2603 597 2642 subsannat.
625 2602 658 2629 At
679 2603 702 2630 si
731 2603 814 2636 lubet,
845 2605 1015 2634 inevitabiles

235 2648 298 2676 illos
314 2649 498 2684 syllogismos,
514 2653 541 2676 et
567 2648 658 2675 varias
688 2649 883 2683 sophistuatum
914 2652 1015 2679 sutelas

235 2697 263 2722 et
274 2695 475 2725 contorsiones.
496 2693 596 2727 quibus
612 2698 705 2721 nostra
725 2695 836 2723 refutari
853 2701 940 2731 putat,
957 2697 1014 2724 dis—

234 2739 379 2768 cutiamus.
393 2739 446 2767 Sed
459 2743 550 2767 metuo
564 2747 597 2767 ne
612 2740 720 2768 exilitas
734 2745 763 2768 et
778 2741 893 2770 t‘utilitas
906 2750 1012 2773 eorum,

269 2827 330 2844 διιυ
346 2826 439 2853 Matth.
459 2834 534 2860 xvnt,
551 2827 586 2859 6;
617 2827 698 2856 Marc.
717 2836 753 2861 ix,
773 2829 817 2855 Μ.

867 133 895 160 S.
914 132 1075 161 GREGORII
1095 132 1242 160 NYSSENI

1805 131 1856 157 42’]

1068 191 1116 226 μὲν
1131 191 1184 226 γὰρ
1203 191 1304 224 ἔλεγεν,
1321 190 1358 225 μὴ
1373 191 1426 216 δεῖν
1447 189 1612 224 ἀγέννητον
1633 191 1702 216 νοεῖν
1718 189 1764 215 τὸν
1780 189 1857 219 Θεὸν,

1070 235 1140 270 εἶχεν
1158 235 1223 266 ἴσως
1237 235 1331 270 καιρὸν
1348 234 1458 266 ταύταις
1471 233 1517 260 καὶ
1532 235 1571 260 ἐτι
1583 234 1684 260 τούτων
1700 233 1858 268 χαλεπωτέ-

1071 289 1130 316 ραις
1145 280 1204 308 κατ’
1217 280 1299 307 αὐτοῦ
1313 280 1462 315 κεχρῆσθαι
1478 281 1536 312 ταῖς
1547 279 1861 316 λοιδορίαις.ΕΞδετοῦτο

1071 327 1119 361 μὲν
1135 326 1259 362 ὁμολογεῖ
1272 326 1341 353 κατὰ
1356 326 1403 361 τὴν
1420 326 1510 360 κοινὴν
1525 324 1778 352 τῶνοεὺσεϐοὑντων
1791 323 1857 350 ὑπό-

1069 370 1149 405 ληψιν
1159 378 1166 385 °
1184 371 1264 397 οἱονεὶ
1278 371 1306 397 δὲ
1320 371 1432 406 γνώμην
1446 370 1536 397 δίδωσι
1550 370 1724 405 διδασκαλικῇ
1740 368 1859 395 διαθέσει

1071 417 1237 452 πρέπουσαν,
1246 418 1285 444 ὅτι
1294 417 1406 452 Ἀπέχου
1421 418 1470 451 τῆς
1483 416 1573 451 φωνῆς
1589 416 1700 450 ταύτης,
1715 417 1756 447 εἰς
1768 415 1802 450 ἣν
1816 416 1859 441 ἐν-

1069 462 1163 488 τεῦθεν
1177 463 1194 497 ἡ
1210 461 1260 496 τῆς
1278 462 1466 497 καταστρονρῆς
1482 461 1608 492 ὑπόθεσις
1621 460 1669 495 τὴν
1682 460 1769 496 ἀρχὴν
1781 459 1837 494 ἔχει
1849 468 1856 475 “

1069 507 1117 542 τὴν
1134 507 1162 534 δὲ
1177 507 1280 534 ἔννοιαν
1300 507 1371 542 ἔχειν
1398 507 1461 542 περὶ
1479 506 1525 533 τοῦ
1543 506 1708 541 ἀγέννητον
1726 504 1796 532 εἶναι
1813 505 1858 532 τὸν

1069 553 1152 585 θεὸν,
1174 553 1221 579 καὶ
1245 552 1277 579 δι’
1297 552 1396 588 ἑτέρων
1423 552 1561 587 ὀνομάτων
1582 551 1696 582 κελεύει,
1721 551 1798 577 οὐδὲν
1815 550 1858 577 διὰ

1068 599 1153 625 ταῦτα
1167 599 1220 625 τῶν
1232 599 1369 633 λοιδοριῶν
1382 598 1482 625 τούτων
1495 597 1579 629 ἄξιος.
1599 598 1633 623 Ἢ
1648 597 1709 631 οὐχὶ
1724 596 1771 622 καὶ
1784 596 1859 630 παρὰ

1067 646 1116 680 τῆς
1133 644 1260 679 ἀληθείας
1279 643 1364 670 ταῦτα
1389 645 1475 670 ποιεῖν
1498 642 1688 678 ἐδιδάχθημεν,
1714 642 1783 676 μήτε
1804 642 1857 667 τῶν

1069 692 1170 726 σφόδρα
1198 691 1296 726 τιμίων
1323 689 1493 725 ἀντέχεσθαι,
1518 689 1565 716 ὲὰν
1584 689 1637 724 [τέ]
1655 697 1682 714 τι
1698 688 1802 714 τούτων
1819 688 1858 718 εἰς

1068 738 1151 765 κακὸν
1168 738 1291 772 συντελῇ,
1303 736 1440 772 ὀφθαλμὸν
1450 736 1546 769 δεξιὸν,
1561 736 1607 762 καὶ
1618 735 1695 766 πόδα,
1708 734 1756 761 καὶ
1767 735 1856 769 χεῖρα,

1067 783 1195 814 ὡσαύτως
1220 783 1382 817 ἀποτέμνειν
1403 781 1536 813 κελεύων,
1561 782 1624 808 ὅταν
1646 780 1813 815 σκανδαλίζῃ
1832 788 1857 805 τι

1066 829 1186 860 τούτων;
1203 828 1234 854 Τί
1252 828 1315 855 ἄλλο
1331 828 1374 854 διὰ
1400 827 1446 853 τοῦ
1467 827 1625 861 αἰνίγματος
1647 826 1743 851 τούτου
1771 826 1857 850 ποιεῖν

1069 874 1237 906 ὑποτίθεται;
1255 874 1271 908 ἢ
1291 873 1350 907 οὐχὶ
1368 873 1414 899 καὶ
1432 873 1466 899 τὰ
1480 872 1609 899 δοκοῦντα
1627 871 1716 901 καλῶς
1733 870 1816 905 ἔχειν,
1831 871 1856 895 εί

1068 919 1136 956 πρός
1149 928 1176 946 τι
1194 919 1278 946 κακὸν
1290 918 1319 951 ἐξ
1335 918 1460 950 ἀϐουλίας
1475 918 1529 944 τῶν
1540 917 1686 953 χρωμένων
1696 917 1801 950 ἀπάγει
1814 916 1858 942 τὸν

1067 965 1219 1000 ἄνθρωπον,
1235 965 1308 1000 ἀργὰ
1318 984 1324 995 ,
1347 964 1394 990 καὶ
1407 964 1535 999 ἄπρακτα
1552 965 1624 989 ποιεῖ
1636 961 1716 995 εἶναι,
1731 963 1769 992 ὡς
1784 962 1857 987 λυσι-

1067 1010 1223 1046 τελέστερον
1236 1010 1265 1036 ὂν
1281 1011 1335 1036 τῶν
1360 1009 1428 1045 πρὸς
1453 1009 1589 1044 ἁμαρτίαν
1616 1007 1857 1043 χειραγωγούντων

1068 1056 1344 1092 ἀκρωτηριασθέντων
1361 1055 1488 1090 σωθῆναι,
1509 1055 1525 1081 ἦ
1543 1054 1644 1080 τούτων
1661 1053 1856 1089 περιεχόμενον

1068 1102 1101 1128 δι’
1114 1102 1201 1128 αὐτῶν
1217 1100 1363 1128 ἀπολέσθαι
1372 1109 1380 1133 ;

1104 1211 1136 1237 Τί
1149 1211 1177 1238 δὲ
1195 1213 1209 1238 ό
1225 1211 1344 1246 μιμητὴς
1360 1210 1406 1237 τοῦ
1427 1211 1543 1246 Χριστοῦ
1564 1210 1682 1242 [Ia-310;;
1705 1209 1761 1236 Καὶ
1776 1209 1858 1239 αὐτὸς

1069 1259 1097 1285 ἐν
1115 1258 1154 1293 τῷ
1168 1258 1242 1293 βάθει
1256 1258 1304 1291 τῆς
1321 1258 1415 1292 σοφίας
1433 1258 1467 1284 τὰ
1485 1258 1554 1284 αὐτὰ
1567 1257 1734 1292 δογματίζει.
1755 1257 1787 1282 '0
1804 1255 1859 1291 γὰρ

1070 1306 1157 1333 πάντα
1174 1305 1244 1332 καλὰ
1259 1303 1423 1339 προσειπὼν,
1436 1303 1484 1330 καὶ
1498 1303 1578 1337 μηδὲν
1593 1302 1746 1336 ἀπόϐλητον
1757 1302 1782 1327 εἰ
1800 1301 1857 1335 μετ’

1070 1351 1243 1386 εὐχαριστίας
1273 1349 1527 1385 μετα).αμ6ἀνεται,
1556 1349 1629 1375 ἔστιν
1660 1348 1704 1374 ὅτε
1732 1347 1779 1374 διὰ
1808 1347 1860 1381 τὴν

1064 1388 1220 1431 ’συνείδησιν
1236 1396 1281 1422 τοῦ
1297 1395 1470 1426 ἀσθενοῦντος
1486 1395 1576 1421 ἀθετεῖ
1594 1403 1654 1421 τινα
1673 1393 1754 1420 πάλιν
1771 1393 1801 1426 ἐξ
1821 1390 1858 1418 ὧν

1069 1442 1225 1474 ἀπεδέξατο,
1237 1441 1284 1468 καὶ
1291 1441 1481 1476 παραιτεῖσθαι
1495 1440 1610 1467 κελεύει.
1617 1441 1639 1466 E
1643 1441 1652 1466 ι
1662 1441 1716 1474 γὰρ
1727 1440 1776 1466 διὰ
1784 1439 1858 1474 ,ϐρώ-

1067 1497 1137 1523 μης,
1153 1487 1245 1523 φησὶν,
1259 1488 1276 1514 ό
1288 1487 1419 1521 ἀδελφός
1430 1495 1489 1521 μου
1501 1485 1647 1517 λυπεῖται,
1661 1487 1696 1512 οὐ
1711 1485 1754 1520 μὴ
1774 1485 1858 1520 φάγω

1067 1534 1139 1568 κρέα
1147 1535 1190 1566 εὶς
1200 1534 1252 1560 τὸν
1262 1533 1364 1560 αἰῶνα.
1376 1533 1460 1559 Τοῦτο
1473 1533 1563 1559 τοίνυν
1574 1533 1620 1559 καὶ
1630 1533 1643 1558 ὁ
1655 1532 1778 1567 μιμητὴς
1789 1531 1858 1558 Παύ-

1069 1579 1114 1606 λου
1135 1581 1214 1606 ποιεῖ¹
1229 1580 1257 1611 ὃς
1270 1581 1303 1615 τῇ
1319 1579 1425 1614 πονηρᾷ
1438 1579 1485 1613 τῆς
1501 1578 1631 1613 αἱρέσεως
1643 1579 1739 1612 χρήσει
1749 1577 1794 1604 διὰ
1809 1578 1856 1611 τῆς

1067 1624 1114 1650 τοῦ
1140 1623 1305 1659 ἀγεννήτων
1328 1623 1426 1655 λέξεως
1445 1622 1704 1658 ἰσχυροποιουμένην
1724 1621 1788 1647 ἰδὼν
1809 1621 1856 1655 τὴν

1068 1671 1175 1706 ἀπάτην
1203 1670 1256 1697 τῶν
1284 1670 1328 1696 διὰ.
1347 1669 1394 1695 τοῦ
1413 1670 1534 1704 ῥήματος
1557 1668 1650 1694 τούτου
1673 1667 1704 1693 τὸ
1730 1668 1856 1702 ἀνόμοιον

1067 1717 1299 1752 δογματιξόντων,
1321 1715 1494 1743 συνεϐούλευε
1518 1715 1565 1749 τὴν
1590 1714 1639 1749 μὲν
1665 1713 1765 1747 εὐσεϐῆ
1795 1713 1856 1747 περὶ

1068 1762 1113 1789 τοῦ
1139 1762 1304 1797 ἀγεννήτου
1329 1761 1445 1788 διάνοιαν
1475 1762 1534 1791 ταῖς
1559 1759 1657 1794 ψυχαῖς
1690 1757 1854 1789 διασώζειν

1068 1809 1116 1844 τὴν
1125 1808 1153 1834 δὲ
1168 1807 1250 1840 λέξιν,
1263 1807 1300 1839 ὡς
1319 1807 1454 1842 ἁμαρτίας
1471 1806 1617 1841 γενομένην
1630 1806 1685 1836 τοῖς
1701 1803 1852 1838 ἀπολλυμέ-

1067 1863 1122 1885 νοις
1149 1854 1262 1888 ἑφόδιον,
1289 1853 1325 1888 μὴ
1347 1853 1411 1884 λίαν¹
1425 1851 1636 1883 σπουδάζεσθαι¹
1656 1851 1704 1886 τὴν
1729 1850 1785 1884 γὰρ
1805 1849 1852 1875 τοῦ

1068 1899 1173 1934 Πατρὺς
1191 1898 1374 1934 προσηγορίαν
1387 1897 1457 1924 κατὰ
1471 1897 1502 1923 τδ
1520 1896 1727 1931 σημαινόμενον,
1745 1895 1793 1921 καὶ
1804 1894 1852 1929 τὴν

1066 1945 1113 1971 τοῦ
1127 1945 1273 1980 ἀγεννήτου
1290 1943 1426 1979 σημασίαν
1443 1942 1540 1974 ἱκανῶς
1559 1943 1624 1977 ἡμῖν
1644 1942 1779 1976 ἐμποιεῖν.
1796 1941 1854 1966 Πα-

1068 1991 1132 2025 τέρα
1149 1990 1202 2025 γάρ
1218 1989 1392 2020 ἀκούσαντες,
1412 1988 1457 2015 τὸν
1475 1988 1560 2015 αἴτιον
1575 1987 1622 2013 τοῦ
1643 1985 1785 2017 εἶναιτοῖς
1803 1986 1856 2011 τεᾶ-

1068 2045 1111 2063 σιν
1126 2035 1204 2067 εὐθὺς
1217 2035 1366 2070 ἐνοήσαμεν
1376 2043 1383 2050 '
1393 2034 1423 2066 ὃς
1435 2034 1513 2069 εἴπερ
1526 2033 1607 2068 ἀλλην
1617 2032 1678 2058 τινὰ
1689 2031 1856 2067 ὑπερκειμέο

1067 2091 1115 2116 νην
1129 2081 1217 2107 αἰτίαν
1238 2078 1321 2115 εἶχεν,
1340 2080 1389 2106 οὐκ
1409 2079 1442 2106 ἂν
1462 2079 1563 2114 κυρίως
1584 2077 1678 2113 Πατὴρ
1693 2076 1852 2111 ὠνομάσθη,

1067 2125 1112 2152 ἐπὶ
1130 2126 1177 2161 τὴν
1193 2125 1387 2161 προνοηθεῖσαν
1400 2125 1487 2151 αἰτίαν
1506 2124 1555 2159 τῆς
1571 2123 1667 2158 κυρίας
1685 2123 1733 2149 τοῦ
1748 2123 1855 2157 Πατρὺς

1068 2171 1189 2207 κλήσεως
1205 2170 1375 2205 ἐπανιούσης.
1392 2169 1423 2196 Εἰ
1436 2170 1464 2196 δὲ
1483 2169 1563 2200 αὐτὸς
1576 2169 1683 2195 πάντων
1697 2169 1793 2200 αἴτιος,
1809 2168 1857 2194 καὶ

1069 2215 1098 2248 ἐξ
1111 2215 1192 2242 αὐτοῦ
1210 2215 1243 2242 τὰ
1256 2216 1360 2247 πάντα,
1376 2214 1465 2246 καθώς
1482 2222 1563 2249 φησιν
1578 2215 1592 2241 ὁ
1617 2213 1791 2246 Ἀπόστολος,
1807 2214 1855 2248 δη-

1068 2260 1154 2287 λονότι
1170 2260 1218 2296 τῆς
1238 2260 1342 2286 ἐκείνου
1366 2258 1508 2294 ὑπάρξεως
1525 2258 1600 2285 οὐδὲν
1625 2258 1857 2294 προεπινοηθῆναι

1068 2305 1194 2332 δύναται·
1212 2305 1289 2332 τοῦτο
1308 2304 1335 2330 δέ
1355 2305 1412 2330 ἐστι
1436 2304 1466 2330 τὸ
1480 2304 1632 2339 ἀγεννήτως
1647 2301 1716 2330 εἶναι
1731 2303 1857 2330 πιστεύε-

1070 2351 1141 2378 σθαι.

1111 2472 1180 2498 Ἀλλ’
1193 2472 1223 2498 οὗ
1239 2472 1373 2506 συγχωρεῖ
1385 2470 1472 2497 ταῦτα
1486 2470 1575 2501 καλῶς
1589 2470 1670 2505 ἔχειν,
1685 2471 1699 2497 ὁ
1716 2472 1786 2506 μηδὲ
1806 2472 1856 2507 τὴν

1069 2518 1196 2553 ἀλήθειαν
1220 2517 1315 2544 ἑαυτοῦ
1337 2515 1521 2552 πιθανωτέραν
1546 2515 1614 2542 εἶναι
1639 2516 1727 2542 δοκεῖν
1753 2518 1855 2550 ἀξιῶν.

1069 2563 1126 2590 ἀλλ’
1155 2562 1363 2597 ἀντινομοθετεϊ,
1391 2561 1439 2587 καὶ
1466 2560 1692 2595 ἀντιφθέγγεται,
1722 2561 1770 2588 καὶ
1795 2562 1855 2588 δια⁴

1070 2608 1193 2644 χλευάζει
1216 2608 1261 2634 τὸν
1284 2606 1379 2640 λόγον·
1397 2607 1422 2632 εί
1446 2606 1548 2640 βούλει,
1568 2607 1614 2632 καὶ
1636 2607 1699 2638 τοὺς
1716 2607 1856 2641 ἀφύκτους

1071 2654 1272 2689 συλλογισμοὺς,
1301 2653 1346 2679 καὶ
1369 2652 1417 2684 τὰς
1446 2652 1569 2683 ποικίλας
1598 2652 1652 2678 τῶν
1680 2654 1855 2687 σοφισμάτων

1068 2699 1258 2734 ἅντιστροφὰς,
1275 2698 1307 2724 δι’
1328 2695 1365 2725 ὧν
1386 2698 1504 2733 ἐλέγχειν
1520 2697 1603 2724 οἴεται
1619 2698 1665 2724 τὸν
1680 2697 1776 2732 λόγον,
1793 2699 1855 2724 ἑπι-

1069 2744 1240 2779 σκεψὼμεθα.
1273 2743 1350 2771 Ἀλλά
1375 2744 1481 2771 δέδοικα
1505 2744 1542 2780 μὴ
1557 2743 1588 2770 τὸ
1612 2744 1800 2780 μικροπρεπὲς
1824 2752 1853 2770 τε

857 2830 879 2845 ⁸³
900 2828 984 2857 lCor.
1002 2838 1060 2864 \‘lll,
1077 2831 1119 2859 l5.
