1957 3079
101 141 144 168 ιρι

100 198 143 224 καὶ
162 196 285 230 γλίσχρον
308 194 360 221 τῶν
384 194 545 230 εἰρημένων,
567 195 666 229 τρόπον
685 195 743 221 τινὰ
769 195 873 221 συνδια-

100 243 162 277 “in
176 242 221 268 καὶ
236 241 280 267 τὸν
295 240 438 267 εὐθύνοντα
451 240 538 274 λόγον,
555 241 591 266 To
604 241 657 276 γὰρ
674 241 824 276 μειρακῐοις
838 243 877 273 εἰς

101 288 206 323 tanta»
247 286 475 321 προκαλουμένοις
514 286 734 320 συμπλέκεσθαι,
768 286 877 312 πλείονα

100 333 173 368 ψόγον
187 333 218 358 ὲκ
231 331 278 358 τοῦ
293 331 524 366 πρωφιλονεικεῖν
539 333 594 362 τοῖς
608 331 748 363 τοιούτοις,
761 332 832 367 ἥπερ
847 333 876 358 ἐκ

100 377 140 404 τοῦ
157 377 324 412 νενικηκέναι
340 377 427 403 δοκεῖν
444 377 519 412 φέρει
535 378 589 408 τοῖς
604 377 715 412 ἀνδράσι
731 377 776 403 τὸν
800 377 877 404 ἐπαι-

101 432 147 450 νον.
162 423 232 458 Πλὴν
248 423 314 449 ἀλλὰ
331 423 434 449 τοιοῦτο
455 423 485 449 τὸ
508 423 651 458 εἰρημένον
670 423 737 450 ἐστί.
761 424 801 450 Τὰ
824 423 877 459 γὰρ

101 469 138 503 ἐφ’
151 469 223 504 ὕϐρει
247 468 373 503 ρηθέντα,
393 468 460 503 μετὰ
478 469 527 503 τῆς
546 469 676 504 συνήθους
695 469 877 503 καλλιφωνίας

101 514 247 548 ὲκείνης,ὡς
261 513 334 548 αὑτῷ
350 523 379 539 τε
393 514 481 548 λέγειν
498 515 678 551 προσήκοντα,
696 516 742 541 καὶ
758 516 821 550 ἡμῖν
838 517 877 548 εἰς

101 558 237 593 γυμνάσιον
258 559 448 594 μακροθυμίας
473 561 655 595 προκείμενα,
687 562 789 595 σιωπῆς
814 562 877 594 ἄξια

100 605 140 630 καὶ
161 604 242 639 λήθης
267 605 425 640 ποιούμεθα.
448 606 484 632 Οὐ
508 606 562 642 γὰρ
582 607 718 642 εὐπρεπὲς
743 605 819 642 οἶμαι
842 608 876 635 τὰ

100 649 279 683 καταγέλαστα
301 650 355 677 τῶν
370 652 520 687 εἰρημένων
542 652 616 687 αὑτῷ
635 654 690 684 τοῖς
710 655 774 688 παρ’
797 654 875 688 ἡμῶν

102 695 318 730 σπουδαζομένοις
340 697 542 733 ἐνσπείροντας,
567 699 606 730 εἰς
627 698 764 734 ἀκόσμους
779 707 807 725 τε
830 700 876 726 καὶ

99 740 221 775 δημώδεις
240 741 363 775 γέλωτας
387 742 435 778 τὴν
456 742 527 778 ὑπὲρ
545 743 595 778 τῆς
613 743 741 778 ἀληθείας
757 744 875 771 διαλύειν

98 786 214 821 σπουδήν.
229 786 297 812 Οὐδὲ
313 787 365 823 γὰρ
381 787 454 814 ἔστιν
468 788 496 814 ἐν
510 789 541 823 τῇ
557 789 686 823 ἀκροάσει
702 789 803 816 τούτων
819 790 876 816 δια-

101 833 180 867 μεῖναι
203 832 371 866 ἀγέλαστον,
391 833 438 859 ἐὰν
455 833 614 869 ἀκούσωμεν
635 834 758 869 λέγοντος
779 835 810 861 ἐκ
825 836 874 870 τῆς

99 878 192 913 ὑψηλῆς
208 878 316 914 ἐκείνης
346 879 392 906 καὶ
414 879 600 914 μεγαλοφυοῦς
623 880 797 914 εὐγλωττίας.
825 878 874 907 Ὧν

96 924 145 958 γὰρ
166 924 182 958 ἡ
207 923 350 959 προσθήκη
376 925 430 950 τῶν
452 924 538 958 λόγων
561 926 600 957 εἰς
620 920 778 961 προσθήκην
803 926 875 951 τελεῖ

99 969 272 1003 βλασφημίας,
287 969 432 1007 τούτωνῠτὺ
445 970 522 1005 σιγᾷν
535 970 628 1004 ἡμίσει
643 970 718 1006 μέρει
728 970 774 996 τοῦ
786 971 875 997 λαλεῖν

99 1015 150 1040 ἐστι
175 1015 348 1050 κουφότερον,
379 1015 458 1042 Ἀλλὰ
479 1016 565 1043 ταῦτα
590 1017 640 1051 μὲν
653 1016 776 1050 γελάσθω
801 1017 874 1053 παρὰ

96 1061 143 1086 τὼν
160 1060 359 1095 ἐπισταμένων,
375 1062 389 1088 ὅ
409 1071 435 1088 τι
457 1062 505 1097 μὲν
535 1062 669 1098 ἀποδοχῆς
692 1064 764 1089 ἐστιν
789 1063 873 1095 ἀξιον,

96 1106 145 1132 ὅτι
173 1106 199 1132 δὲ
224 1106 353 1139 γέλωτος.
374 1107 467 1142 Ἡμεῖς
489 1107 517 1133 δὲ
545 1108 575 1134 τὸ
598 1108 679 1143 δριμὺ
707 1108 759 1134 τῶν
782 1109 874 1135 συλλο-

96 1152 204 1187 γισμῶν,
216 1150 257 1184 οἷς
269 1153 316 1179 τὸν
330 1153 462 1188 ἡμέτερον
477 1153 617 1188 περισύρει
631 1153 718 1187 λόγον,
735 1154 875 1188 σκοπήσω-

98 1206 149 1232 μεν.

124 1244 153 1270 El
164 1243 218 1278 γὰρ
227 1245 244 1270 ὁ
255 1245 368 1279 Πατὴρ,
378 1245 457 1279 φησι,
470 1244 509 1277 τῷ
519 1244 671 1279 (ig-armith
678 1244 787 1272 ταύτὸν
800 1245 875 1271 κατὰ

95 1289 146 1323 τὴν
163 1289 301 1325 δύναμιν,
318 1290 354 1317 τὰ
373 1290 405 1316 δὲ
422 1291 478 1324 τὴν
500 1290 596 1324 αὐτὴν
616 1290 724 1324 ἔχοντα
748 1290 875 1324 δύναμιν

97 1334 147 1361 τῶν
171 1335 341 1370 ὀνομάτων,
367 1337 478 1363 ταύτὸν
500 1336 618 1368 πάντως
644 1336 692 1363 καὶ
715 1338 875 1371 σημαίνειν

97 1381 214 1415 πέφυκ’
236 1382 377 1416 σημαίνει
394 1382 428 1408 δὲ
447 1382 479 1409 τὸ
501 1379 667 1416 ἀγέννητον
682 1383 744 1409 κατ’
763 1383 875 1415 αὐτοὺς

96 1425 125 1452 τὸ
134 1426 165 1457 ἐξ
180 1426 306 1459 οὐδενὸς
318 1425 391 1453 εἶναι
410 1427 464 1454 τὸν
478 1427 566 1453 Θεόν·
583 1427 617 1459 ἐξ
630 1426 764 1461 ἀνάγκης
779 1426 827 1453 καὶ
843 1427 874 1453 τὸ

96 1471 187 1506 Πατὴρ
203 1473 347 1506 σημαίνει
365 1473 398 1499 τὸ
415 1472 449 1504 ἐξ
474 1472 597 1505 οὐδενὸς
616 1473 691 1499 εἶναι
710 1473 763 1499 τὸν
784 1473 873 1499 Θεόγ-

97 1518 156 1551 οῠχὶ
169 1517 201 1544 δὲ
210 1517 243 1544 τὸ
255 1518 466 1552 γεγεννηκέναι
479 1518 532 1544 τὸν
544 1518 620 1545 Υίόν.
631 1518 679 1544 Διὰ
691 1520 740 1553 τῆς
756 1519 801 1545 τοῦ
817 1521 874 1545 Πα-

98 1563 155 1596 τρός
173 1564 261 1599 φωνῆς
281 1564 373 1590 οὐκέτι
391 1564 568 1599 σημαίνεται,
591 1563 638 1590 ἐὰν
663 1565 679 1599 ἡ
702 1565 770 1600 αὑτὴ
792 1574 874 1600 προσ-

95 1608 184 1643 ηγορία
205 1609 252 1635 καὶ
269 1609 303 1635 τὸ
317 1609 432 1644 ἄναρχον
451 1610 516 1644 ἡμῖν
531 1609 577 1635 τοῦ
596 1610 704 1645 Πατρὸς
728 1610 760 1637 δι’
776 1611 873 1646 ἑαυτῆς

97 1655 259 1691 παραστήσῃ.
283 1655 316 1681 El
335 1655 384 1690 μὲν
404 1654 458 1690 γὰρ
474 1655 644 1691 ἀναιρετικὸν
663 1654 696 1691 ἦν
714 1655 760 1682 τοῦ
780 1656 872 1691 ἑτέρου

95 1699 123 1726 τὸ
137 1700 235 1735 ἕτερον,
253 1700 326 1726 κατά
340 1700 389 1736 τὴν
402 1700 456 1726 τῶν
474 1701 666 1735 ἀντικειμένων
688 1701 776 1735 φύσιν,
791 1701 874 1735 ἀναγ-

97 1745 172 1777 καίως
193 1747 209 1781 ἠ
230 1745 277 1772 τοῦ
303 1746 361 1777 ἑνὸς
379 1746 452 1777 θέσις
479 1746 526 1782 τὴν
551 1747 689 1782 ἀναίρεσιν
710 1747 755 1773 τοῦ
780 1747 873 1774 λοιποῦ

98 1790 299 1823 κατεσκεύαζεν.
318 1792 349 1817 Εἰ
364 1792 391 1818 δὲ
408 1792 439 1818 τὸ
458 1792 559 1819 κωλύον
578 1793 651 1819 ἐστὶν
669 1793 744 1819 οὐδὲν
759 1793 805 1820 τὸν
826 1795 874 1820 αὺ-

96 1836 136 1862 τὸν
154 1837 198 1862 καὶ
220 1837 331 1871 Πατέρα
358 1834 426 1864 εἶναι
446 1838 492 1864 καὶ
514 1838 670 1873 ἀγέννητον,
688 1839 735 1866 ἐὰν
754 1840 798 1866 διὰ
824 1840 873 1874 τῆς

98 1881 137 1908 τοῦ
158 1882 269 1916 Πατρὸς
299 1883 430 1918 κλήσεως,
452 1884 522 1911 κατά
544 1893 603 1911 τινα
626 1885 758 1917 διάνοιαν,
776 1886 822 1913 καὶ
843 1887 873 1912 τὸ

96 1927 231 1962 ἀγέννητον
255 1929 437 1964 ἐννοήσωμεν,
457 1930 497 1961 τίς
518 1930 655 1966 ἡάνάγκη
676 1932 724 1967 τὴν
740 1932 808 1967 πρὸς
829 1933 873 1959 τὸν

97 1972 153 1999 Υὶὸν
167 1973 257 2008 σχέσιν
271 1974 317 2000 διὰ
331 1973 380 2008 τῆς
396 1974 440 2000 τοῦ
456 1975 570 2009 Πατρός
585 1977 676 2011 φωνῆς
689 1977 786 2012 μηκέτι
804 1986 873 2012 γνω-

99 2017 226 2052 ρίζεσθαι;
248 2019 317 2045 Οὐδὲ
342 2020 395 2055 γὰρ
419 2020 453 2046 τὰ
477 2021 557 2048 λοιπά
580 2022 632 2048 τῶν
654 2022 802 2057 ὀνομάτων,
824 2024 873 2050 ὅσα

96 2065 139 2099 την
149 2064 215 2099 πρὸς
228 2064 331 2100 ἄλληλα
344 2066 484 2094 κοινωνίαν
499 2066 565 2101 ἔχει,
580 2069 626 2094 καὶ
640 2067 685 2094 διὰ
695 2069 802 2096 πάντων
814 2071 874 2101 ταῖς

95 2107 202 2141 ἐννοίαις
224 2110 410 2146 συμφέρεται·
446 2111 508 2138 ἐπεὶ
541 2113 588 2140 καὶ
615 2114 803 2150 αὐτοκράτορα
828 2115 874 2142 καὶ

95 2154 231 2182 ἀδέσποτον
257 2157 304 2183 τὸν
331 2157 440 2192 βασιλέα
464 2158 615 2194 καλοῦμεν,
642 2161 689 2186 καὶ
719 2160 765 2187 τὸν
793 2161 874 2188 αὐτὸν

96 2200 144 2226 τῶν
161 2202 322 2237 ὑποχειρίων
345 2203 510 2238 ἡγούμενον·
535 2205 581 2231 καὶ
607 2205 669 2232 οὔτε
692 2206 788 2241 ψεῦδός
815 2208 873 2234 ἐστι

95 2246 153 2281 περὶ
171 2247 252 2274 αὑτοῦ
274 2248 364 2282 λέγειν
378 2268 385 2280 ,
406 2250 447 2276 ὅτι
471 2250 486 2285 ἡ
510 2250 556 2277 τοῦ
574 2250 704 2286 βασιλέως
725 2252 800 2288 φωνὴ
827 2262 874 2289 ση-

97 2292 178 2327 μαίνει
196 2295 243 2320 καὶ
259 2294 291 2321 τὸ
305 2295 449 2322 ἀδέσποτον
460 2304 466 2311 ·
479 2295 540 2322 οὔτε
563 2296 715 2331 ἐπάναγκες
732 2295 800 2324 εἷναί
821 2306 874 2332 φα-

96 2346 151 2372 μεν,
172 2340 195 2366 εἰ
215 2340 246 2367 τὸ
271 2341 438 2375 αὐτοκρατές
454 2350 483 2368 τε
503 2343 549 2368 καὶ
570 2342 686 2377 ἄναρχον
710 2343 753 2369 διὰ
773 2343 874 2378 ταύτης

95 2387 139 2421 τῆς
152 2387 242 2422 φωνῆς
260 2387 411 2422 σημανθείη
421 2407 428 2418 ,
444 2388 540 2423 μηκέτι
552 2388 581 2414 τὸ
595 2388 665 2415 κατὰ
678 2389 732 2415 τῶν
749 2389 874 2425 ὑπηκόων

96 2431 187 2466 κράτος
208 2432 253 2459 διὰ
273 2433 322 2468 τῆς
340 2432 477 2466 βασιλείας
502 2433 696 2468 σημαίνεσθαι·
722 2434 801 2469 μέσον
820 2434 873 2469 γὰρ

97 2476 225 2512 ἑκατέρων
236 2477 292 2504 τῶν
311 2477 469 2512 ὑπολήψεων
482 2477 511 2504 ὃν
525 2478 573 2513 τῆς
591 2478 728 2513 βασιλείας
738 2478 768 2505 τὸ
779 2478 872 2514 ὄνομα,

96 2523 130 2556 πῇ
143 2522 190 2556 μὲν
202 2522 232 2549 τὸ
251 2522 407 2555 ἀδέσποτον,
425 2522 463 2557 πῆ
483 2522 510 2549 δὲ
526 2523 555 2548 τὸ
577 2523 689 2558 ἀρχικὸν
702 2523 756 2549 τῶν
777 2524 872 2549 ὑποτε-

96 2568 230 2601 ταγμένων
252 2567 427 2594 ἐνδείκνυται.
453 2568 508 2594 Καὶ
529 2568 644 2594 ἐνταῦθα
663 2568 761 2601 τοίνυν,
784 2569 808 2595 εἰ
826 2569 874 2603 μὲν

96 2611 147 2639 ἔστι
162 2622 202 2646 τις
214 2613 263 2640 τοῦ
281 2613 386 2649 [ἰατρὸς
403 2613 450 2640 τοῦ
473 2613 573 2650 Κυρίου
591 2613 685 2650 Πατὴρ
701 2615 875 2650 προεπινοού-

98 2665 170 2692 μενος
185 2658 289 2694 ἔτερος,
308 2659 471 2692 δειξάτωσαν
488 2660 512 2686 οἱ
528 2660 577 2696 τὴν
593 2660 747 2695 ἀπόρρητον
761 2660 875 2695 αὐχοῦν-

96 2711 135 2735 τες
154 2704 262 2739 σοφίαν·
284 2705 330 2732 καὶ
343 2705 403 2731 τότε
418 2705 613 2740 συνθησόμεῦα,
631 2705 668 2741 μὴ
684 2705 812 2732 δύνασθαι
827 2705 873 2732 τοῦ

96 2748 254 2784 ἀγεννήτων
268 2750 318 2786 τὴν
340 2750 442 2777 ἔννοιαν
472 2751 524 2777 ὑπὸ
540 2751 588 2785 τῆς
605 2751 652 2777 τοῦ
666 2751 781 2784 Πατρὺς
792 2759 874 2786 προσ-

96 2794 202 2830 ηγορίας
218 2796 411 2831 παρίστασθαι.
427 2797 458 2823 Εἰ
473 2796 501 2822 δὲ
513 2797 527 2822 ὁ
542 2796 647 2832 πρῶτος
663 2797 757 2832 Πατὴρ
786 2796 874 2823 αἰτίαν

97 2838 142 2875 ἰῆς
156 2841 236 2868 αὑτοῦ
256 2842 407 2873 συστάσεως
421 2842 621 2878 ὑπερκειμένην
640 2842 689 2868 οὐκ
706 2842 761 2877 ἔχει
772 2851 778 2857 ⁸
793 2841 831 2877 τῷ
846 2842 873 2868 δὲ

663 137 801 165 CONTRA
822 137 1014 170 EUNOMIUM,
1034 138 1097 165 LIB.
1115 138 1133 165 Ι.

888 1543 908 1571 C

1658 140 1709 167 ΗΞ

892 198 913 225 Α
931 202 990 229 qua:
1006 195 1093 226 atlert,
1110 195 1200 230 aliquo
1219 195 1297 223 modo
1314 195 1364 230 ipsi
1389 196 1470 222 etiam
1488 195 1594 222 veritati
1621 193 1709 222 fraudi

929 241 962 267 sit
979 244 1005 267 et
1020 241 1182 267 calumniam
1199 241 1295 275 pariat.
1313 241 1380 268 Nam
1396 249 1457 268 cum
1472 242 1566 276 pueris
1592 242 1626 269 ad
1655 250 1711 277 pu—

927 293 1007 320 gnam
1029 286 1239 319 provocantibns
1270 293 1366 313 manus
1393 280 1549 320 conserere,
1580 287 1710 322 majorem

928 331 1154 364 vituperationem
1167 339 1199 358 ex
1215 339 1363 366 congressu
1391 340 1452 359 eum
1481 333 1593 364 talibus,
1627 341 1708 368 quam

927 382 958 401 ex
972 374 1091 402 victoria:
1108 375 1234 410 opinione
1263 376 1369 403 laudem
1396 376 1482 404 atl‘ert.
1501 378 1634 405 Cancrum
1651 378 1709 405 haec

928 420 966 447 sic
981 420 1052 447 dicta
1071 425 1171 454 sunto;
1190 429 1251 447 nam
1280 429 1340 456 quae
1352 423 1547 451 contumeliose
1572 427 1704 451 consueta

927 467 977 492 sibi
993 467 1066 492 vocis
1083 467 1267 494 concinnitate
1282 466 1407 498 ell'utivit,
1420 475 1462 500 ea,
1476 473 1505 494 ut
1517 469 1551 496 ab
1566 470 1624 503 ipso
1648 477 1707 504 pro-

928 511 990 537 ferri
1006 511 1096 546 digna,
1116 512 1196 539 nobis
1210 520 1284 544 vero,
1306 519 1355 539 ceu
1372 513 1403 539 ad
1420 514 1642 542 exercitationem
1662 523 1707 550 pa-

927 557 1028 583 tientiae
1047 558 1196 592 proposita,
1213 557 1323 585 silentio
1343 562 1369 585 et
1391 558 1520 585 oblivioni
1537 561 1706 588 transmitte-

927 610 998 628 mus.
1020 602 1078 629 Non
1097 604 1169 630 enim
1185 604 1283 631 decere
1301 604 1429 636 arbitror,
1459 608 1487 631 ut
1512 606 1625 632 ridicula
1651 607 1705 639 illa,

926 656 986 683 qum
1002 650 1146 683 eructavit,
1167 651 1247 678 seriis
1276 651 1377 678 nostris
1408 651 1638 685 disputationilms
1667 653 1707 679 in-

926 703 1095 730 spergamus,
1108 700 1135 723 et
1151 697 1276 724 veritatis
1294 698 1539 733 propugnationem
1566 698 1593 724 in
1614 698 1708 724 incon-

926 741 997 768 ditos
1013 749 1044 768 ac
1060 743 1178 776 plebeios
1193 743 1266 771 risus
1282 742 1407 771 desinere
1432 743 1564 771 faciamus
1582 753 1588 770 :
1621 751 1706 778 neque

926 787 996 814 enim
1012 787 1068 814 ﬁeri
1085 793 1174 822 potest
1188 789 1289 823 utquis
1312 789 1413 817 talibus
1429 789 1530 816 auditis
1554 789 1638 816 risum
1669 794 1710 815 lci

926 834 1157 867 neat.praaserlim
1173 835 1195 861 si
1208 835 1281 861 illum
1298 838 1329 862 ex
1349 836 1512 863 sublimiilla
1527 839 1554 863 et
1567 835 1708 870 magniﬁca

892 875 1078 913 Beloquentia
1107 884 1277 913 perorantem
1312 881 1464 908 audiamus.
1494 881 1560 908 Nam
1592 889 1707 916 quorum

925 925 1069 951 verborum
1087 925 1209 952 recitatio
1224 925 1256 953 ad
1273 927 1449 961 blasphemiae
1461 932 1634 961 augmentum
1647 934 1709 953 con-

925 969 986 1002 fert,
1005 978 1034 997 ea
1049 969 1129 998 silere
1149 971 1261 998 dimidia
1292 980 1323 998 ex
1354 972 1554 1007 parte~faeilius
1570 976 1706 1006 estquam

924 1014 1023 1048 eloqui.
1048 1015 1145 1042 Verum
1168 1016 1225 1042 lnec
1240 1017 1379 1044 rideantur
1395 1018 1427 1044 ab
1446 1017 1509 1047 illis.
1533 1017 1578 1052 qui
1597 1021 1707 1046 norunt,

925 1067 1048 1093 qtnetiam
1084 1061 1138 1088 sint
1168 1062 1363 1096 approbauda,
1395 1071 1454 1097 quae
1488 1070 1551 1089 vero
1585 1062 1707 1090 ridenda.

925 1104 979 1133 Nos
1011 1114 1073 1133 vero
1113 1107 1299 1135 formidabiles
1333 1108 1394 1136 illos
1433 1109 1621 1144 syllogismos,
1650 1109 1709 1142 qui-

926 1151 976 1178 bus
993 1156 1116 1180 nostrum
1135 1154 1255 1180 lratlucit
1271 1162 1442 1186 sermonem,
1461 1155 1514 1189 jam
1543 1155 1707 1189 contemple-

900 1227 906 1234 μ
925 1206 996 1225 mur.

960 1243 990 1270 Si
1007 1243 1097 1277 Pater,
1111 1245 1210 1280 inquit.
1224 1251 1248 1272 el
1260 1246 1424 1272 innascibilis
1443 1246 1537 1272 virtute
1554 1245 1621 1272 idem
1636 1250 1707 1275 siml,

924 1297 955 1316 ea
969 1298 1029 1316 vero
1045 1291 1161 1320 nomina.
1178 1299 1236 1325 qua:
1248 1291 1338 1318 cadent
1354 1292 1378 1318 vi
1395 1291 1503 1325 pollent,
1524 1291 1590 1317 idem
1609 1299 1709 1326 quoque

925 1335 1030 1362 omnino
1048 1336 1197 1370 signiﬁcant
1209 1345 1217 1363 :
1231 1345 1263 1363 ex
1275 1337 1392 1370 ipsorum.
1410 1342 1496 1363 autem
1515 1337 1642 1363 sententia
1664 1334 1708 1362 ἵη-

925 1380 1051 1407 nascibt'le
1064 1381 1132 1408 idem
1150 1386 1199 1412 est,
1223 1382 1292 1416 quod
1311 1382 1392 1409 Deum
1423 1390 1454 1409 ex
1485 1382 1557 1408 nulla
1579 1383 1707 1417 principio

924 1434 998 1453 esse:
1019 1428 1166 1454 necessario
1181 1428 1261 1454 etiam
1283 1428 1439 1454 vocabulum
1457 1427 1546 1454 Patris
1563 1428 1706 1462 signiﬁcat,

927 1471 1009 1498 Deum
1020 1480 1051 1499 ea;
1069 1473 1142 1499 nullo
1158 1474 1287 1508 principio
1304 1482 1370 1503 esse.
1382 1482 1433 1500 non
1451 1478 1549 1504 autem,
1570 1473 1639 1507 quod
1660 1473 1708 1499 Fi-

927 1517 991 1544 lium
1000 1519 1128 1553 genuerit.
1146 1519 1203 1552 Qua
1215 1519 1376 1547 necessitate
1388 1520 1545 1554 Compulsus
1555 1520 1601 1549 ait.
1619 1519 1708 1546 Patris

926 1563 1058 1591 vocabulo
1073 1571 1126 1591 non
1141 1564 1297 1599 signiﬁcari,
1316 1564 1388 1599 quod
1414 1564 1511 1591 Filium
1535 1564 1669 1599 genuerit,
1686 1565 1708 1591 si

925 1608 976 1635 ista
992 1608 1050 1642 ipsa
1067 1609 1212 1644 appellatio
1226 1609 1304 1637 nobis
1317 1617 1426 1645 quoque
1447 1609 1554 1636 Patrem
1575 1609 1708 1645 principio

926 1662 1020 1682 carere
1035 1656 1253 1682 commonstrat?
1270 1654 1298 1682 Si
1317 1656 1388 1682 enim
1415 1656 1531 1682 alterum
1566 1656 1708 1683 tolleretur

924 1700 958 1727 ab
974 1700 1071 1730 altero.
1093 1705 1174 1735 prout
1191 1701 1242 1728 fert
1255 1705 1351 1728 natura
1366 1704 1566 1736 oppositurum,
1585 1709 1709 1729 necessa-
1746 1711 1748 1713 ν

925 1746 966 1773 rio
980 1747 1080 1781 positio
1099 1748 1179 1774 unitts
1202 1752 1274 1775 esset
1292 1748 1467 1782 interemptio
1492 1748 1615 1775 alterius.
1637 1747 1668 1774 At
1685 1748 1707 1774 si

925 1793 991 1820 nihil
1006 1794 1115 1828 penitus
1132 1793 1232 1826 obstat,
1250 1793 1375 1820 eumdem
1390 1797 1417 1820 et
1432 1793 1539 1819 Patrem
1557 1798 1583 1820 ct
1606 1793 1709 1828 ingeni-

924 1843 980 1865 tum
996 1846 1067 1869 esse.
1085 1838 1107 1865 si
1119 1838 1209 1865 Patris
1223 1838 1413 1873 appellatione,
1427 1838 1576 1865 secundum
1589 1838 1707 1872 aliquam

924 1883 1164 1918 signiﬁcationem,
1174 1884 1255 1910 etiam
1269 1883 1418 1916 ingenitum
1434 1883 1632 1916 concipiamus,
1649 1890 1708 1916 quae

924 1929 1077 1956 necessitas
1103 1928 1192 1958 edicit,
1209 1933 1237 1954 ut
1262 1927 1393 1954 habitudo
1407 1931 1434 1954 et
1449 1928 1545 1954 relatio
1561 1927 1594 1954 ad
1612 1926 1707 1954 Filium

923 1981 972 2008 per
1000 1974 1091 2001 Patris
1116 1973 1280 2000 vocabulum
1311 1972 1429 2007 amplius
1455 1981 1508 1999 non
1531 1971 1707 2000 innotescat?

924 2019 1016 2054 Neque
1029 2019 1100 2046 enim
1114 2019 1165 2046 alia
1181 2018 1301 2048 nomina,
1317 2025 1377 2053 quae
1395 2022 1515 2044 mutilam
1537 2018 1708 2045 communio-

925 2074 986 2093 nem
1017 2066 1132 2097 habent,
1150 2072 1197 2099 per
1214 2064 1304 2091 omnia
1334 2063 1492 2091 notionibus
1522 2065 1705 2092 conveniunt:

925 2119 986 2139 nam
1006 2115 1032 2138 et
1050 2111 1240 2145 imperatorem
1265 2110 1308 2137 Sui
1325 2110 1413 2144 ipsius
1437 2109 1588 2141 dominum,
1604 2114 1631 2137 et
1661 2111 1708 2138 do-

896 2154 901 2159 ’
925 2157 990 2184 mini
1011 2161 1158 2191 expertem,
1172 2159 1198 2183 et
1212 2154 1293 2182 simul
1315 2155 1396 2182 etiam
1422 2155 1539 2182 subditis
1559 2156 1707 2190 przesiilcn-

890 2211 911 2237 ι)
927 2208 979 2230 tem
995 2209 1169 2229 nominamus
1191 2210 1198 2228 :
1223 2209 1311 2236 neque
1328 2201 1425 2229 falstnn
1443 2206 1484 2228 est
1504 2201 1604 2232 dicere,
1629 2210 1709 2230 voca-

924 2248 990 2275 bulo
1005 2246 1178 2282 imperatoris
1199 2246 1348 2281 significari
1373 2247 1399 2273 id
1431 2246 1501 2280 quod
1529 2252 1571 2274 est
1598 2247 1710 2275 domino

925 2300 1029 2324 carere,
1049 2299 1136 2326 neque
1151 2292 1335 2319 necessarium
1353 2291 1525 2322 arbitramur,
1541 2291 1562 2318 si
1581 2291 1632 2318 isto
1650 2292 1709 2326 ipso

925 2339 1057 2366 vocabulo
1081 2337 1250 2372 signiﬁcatur
1277 2337 1302 2364 id
1322 2337 1393 2371 quod
1416 2340 1468 2367 est,
1490 2337 1530 2364 sui
1550 2337 1635 2371 ipsius
1658 2337 1710 2364 do-

926 2385 1028 2411 minum
1044 2391 1115 2415 esse,
1130 2386 1157 2410 et
1174 2382 1274 2409 nullius
1303 2382 1418 2416 imperio
1436 2381 1544 2416 subjici,
1572 2390 1625 2409 non
1652 2390 1710 2409 am-

926 2431 999 2465 plius
1018 2437 1067 2464 per
1081 2429 1187 2464 imperii
1204 2428 1366 2454 vocabulum
1396 2427 1566 2462 signiﬁcetur
1588 2431 1709 2462 potestas

927 2479 954 2502 et
968 2475 1119 2502 dominium
1139 2474 1166 2500 in
1184 2473 1327 2501 subditos:
1345 2480 1406 2500 cum
1437 2473 1510 2500 enim
1536 2473 1640 2508 imperii
1658 2481 1709 2500 no-

932 2529 992 2548 men
1004 2521 1074 2548 inter
1089 2510 1232 2554 utramque
1253 2518 1390 2546 notionem
1418 2519 1536 2545 medium
1565 2519 1708 2549 consistat,

927 2566 1023 2601 partim
1042 2565 1079 2598 id,
1093 2565 1165 2600 quod
1179 2569 1220 2592 est
1232 2564 1343 2591 domino
1359 2571 1462 2595 carere,
1477 2565 1575 2599 partim
1588 2563 1709 2591 domina-

927 2613 1028 2639 tionem
1044 2611 1070 2638 in
1086 2611 1210 2638 subditos
1229 2610 1328 2637 innuit.
1351 2609 1384 2637 Et
1412 2609 1456 2636 hic
1481 2609 1589 2643 quidem
1616 2615 1708 2636 osten-

926 2657 1003 2688 dant,
1021 2657 1067 2691 qui
1082 2656 1231 2684 recondita:
1244 2656 1384 2690 sapientiae
1397 2655 1475 2682 titulo
1489 2655 1635 2681 insolenter
1649 2662 1708 2682 sese

926 2702 1054 2734 elferunt,
1068 2709 1132 2729 num
1149 2702 1185 2729 sit
1199 2701 1272 2728 alius
1289 2701 1368 2727 Pater
1385 2700 1459 2735 prior
1476 2699 1554 2726 Patre
1574 2705 1667 2727 nostro
1681 2704 1708 2727 et

928 2748 1053 2781 Domino,
1070 2752 1097 2776 et
1115 2753 1179 2775 tunc
1199 2747 1345 2775 fatebimur
1371 2746 1507 2772 notionem
1525 2745 1637 2780 ingeniti
1655 2753 1707 2771 non

928 2803 1008 2830 posse
1024 2802 1038 2821 a
1055 2794 1145 2821 Patris
1166 2792 1347 2827 appellatione
1362 2791 1564 2826 repraesentari.
1584 2790 1612 2818 Si
1645 2798 1708 2817 vero

931 2841 1035 2876 primus
1058 2839 1102 2866 ille
1127 2838 1205 2865 Pater
1221 2845 1275 2865 sua:
1293 2836 1475 2864 subsistcnlim
1496 2844 1605 2864 causam
1628 2843 1708 2870 supe-
