1957 3079
79 125 129 153 ﬂii

652 133 787 161 CONTRA
808 132 1001 166 EUNOMlllM,
1022 134 1084 161 LIB.
1104 134 1125 161 f.

1639 131 1691 159 426

77 188 157 222 φωνὴ
173 187 251 223 αὔτη
272 190 466 225 παρίστησιν.
489 192 557 218 Ἀλλ’
582 191 709 227 εὔκαιρον
725 193 789 224 ἴσως
811 191 857 227 τὴν

912 192 1044 226 gniﬁcavi,
1061 192 1130 228 quod
1149 191 1228 219 Pater
1248 192 1365 227 genuerit
1385 191 1493 218 Filium.
1521 191 1573 220 Sed
1595 193 1696 224 fortas—

77 233 176 268 σεμνὴν
199 234 308 270 ἐκείνην
330 236 377 262 τοῦ
391 237 477 263 κώλου
493 237 615 274 περίοδον
637 238 684 264 καὶ
707 238 769 274 παρ’
784 237 862 272 ἡμῶν

77 279 227 314 ἐπαχθῆναι
249 281 287 316 τῷ
303 282 451 319 λεγομένῳ.
475 284 577 319 Πρέπει
593 284 648 319 γὰρ
662 285 718 316 τοῖς
732 283 863 315 τοιούτοις

77 325 183 357 παντως
199 327 313 354 τοιαῦτα
325 335 332 343 ·
351 329 392 355 ὅτι
410 330 490 356 πλέον
506 330 538 356 ἂν
552 330 630 365 ἔσχεν
648 329 715 365 πρὸς
729 329 759 356 τὸ
775 329 862 356 δοκεῖν

76 373 240 406 σωφρονεῖν,
267 374 292 400 εἰ
321 375 447 401 παντελεῖ
471 376 559 411 σιωπῇ
585 375 685 410 ταύτην
711 375 792 410 ὥρισε
814 374 862 409 τὴν

75 416 234 450 ἀσφάλειαν.
247 415 282 454 ⁷ῼ
296 419 348 456 γὰρ
365 421 381 454 ἡ
399 420 541 456 προσθήκη
553 420 607 447 τῶν
621 420 707 455 λόγων
723 421 762 452 εἰς
780 428 863 455 προσ-

75 460 162 497 θήκην
184 463 258 489 τελεῖ
284 463 474 500 βλασφημίας,
500 466 598 501 μᾶλλον
619 466 647 492 δὲ
667 466 718 501 τῆς
745 466 862 500 ἐσχάτης

76 507 165 538 ἀνοίας
174 528 182 540 ,
205 508 293 544 τούτῳ
316 510 345 536 τὸ
359 511 448 546 σιγᾷν,
461 511 509 546 οὐχ
523 512 616 546 ἡμίσει
634 511 727 547 μέρει,
742 511 809 537 ἀλλὰ
823 510 862 545 τῷ

76 552 154 578 παντὶ
169 553 216 580 τοῦ
234 554 323 581 λαλεῖν
337 555 394 581 ἐστι
409 556 581 591 κουφότερον.

108 640 185 674 Τάχα
196 641 228 667 ἄν
241 650 282 673 τις
297 642 394 677 μᾶλλον
410 643 443 670 ἐκ
454 643 506 670 τῶν
519 644 579 671 καθ’
591 644 686 670 ἑαυτὸν
699 643 861 679 προσάγοιτο

77 686 140 721 πρδς
156 686 207 721 τὴν
221 686 275 713 τῶν
297 688 450 723 λεγομένων
466 689 604 724 ἀλήθειαν.
627 689 682 716 Καὶ
697 690 729 725 δὴ
750 690 861 716 καταλι-

77 731 170 763 παντες
193 732 224 758 τὸ
253 734 497 769 κατηγκυλωμένον
525 735 574 770 τῆς
602 735 655 762 τῶν
686 735 860 770 σοφισμάτων

77 779 194 813 πλοκῆς,
222 779 426 816 ίδιωτικώτερόν
446 789 476 807 τε
499 781 546 807 καὶ
559 781 711 816 κοινότερον
735 781 860 817 περὶτοῦ

75 825 255 860 προκειμένου
279 825 473 861 διαλεξώμεθα.
502 826 530 853 ’0
562 826 607 858 σὸς
628 826 737 863 Πατὴρ,
754 824 777 853 ὧ
805 826 859 853 Εὑ-

915 234 953 261 sis
969 234 1039 261 haud
1054 234 1272 269 intempestivum
1291 236 1382 269 fuerit,
1413 245 1524 271 gravem
1543 238 1616 265 illam
1643 241 1695 267 coli

913 280 1052 314 periodum
1080 280 1107 307 in
1129 280 1218 315 ipsius
1238 281 1360 309 auctoris
1376 287 1457 316 caput
1475 290 1489 309 a
1505 283 1586 310 nobis
1608 288 1696 312 retor—

912 326 1000 360 queri.
1014 325 1089 352 Talia
1113 326 1186 353 cnim
1202 327 1270 354 tales
1290 327 1402 355 omnino
1417 328 1524 360 decent,
1551 329 1613 364 quia
1634 330 1696 364 plus

912 370 1063 405 adjnmcnti
1078 371 1111 398 ad
1128 372 1213 399 sobrii
1231 372 1350 400 hominis
1374 373 1604 402 existimationem
1623 382 1696 402 com-

912 416 1062 451 parandam
1078 417 1230 449 habuissct,
1246 418 1269 445 si
1289 418 1370 452 pleno
1379 419 1489 446 silentio
1507 420 1560 447 sibi
1583 421 1695 448 consul-

912 466 970 489 tum
983 462 1086 490 ivisset.
1100 462 1151 490 Cui
1177 464 1249 490 enim
1262 464 1406 490 verborum
1423 464 1524 492 additio
1541 466 1648 494 confert
1660 467 1693 494 ad

912 507 1147 542 blasphemiamvel
1169 509 1260 543 potius
1276 509 1310 536 ad
1329 513 1459 537 extremae
1481 510 1627 539 dementia)
1642 512 1692 539 ad-

912 553 1052 585 ditionem,
1067 553 1129 580 huic
1149 561 1203 581 non
1218 554 1305 581 solum
1327 554 1410 582 silere
1426 555 1525 588 media,
1554 557 1601 584 sed
1617 558 1691 584 omni

911 605 943 624 ex
962 602 1038 631 parte
1050 601 1092 624 est
1110 596 1228 630 facilius,
1245 606 1327 633 quam
1344 599 1430 633 loqui.

947 642 1028 670 Forte
1045 642 1181 677 quispiam
1200 643 1287 679 magis
1301 643 1336 671 ab
1352 644 1412 679 ipso
1436 643 1568 672 Eunomio
1588 646 1695 674 desum-

911 688 965 722 ptis
976 689 1108 722 exemplis
1124 688 1158 715 ad
1175 689 1316 717 veritatem
1338 690 1556 724 amplectendam
1585 699 1694 726 promo-

911 734 1026 761 vebitur.
1043 734 1136 769 Itaque
1153 735 1255 763 relictis
1273 736 1386 763 tumidis
1415 739 1442 763 et
1460 738 1592 764 tortuosis
1608 738 1694 773 syllo-

911 780 1057 815 gismorum
1073 781 1198 813 nexibus,
1214 781 1350 817 pinguiori
1364 781 1495 815 Minerva,
1511 790 1544 809 ex
1554 784 1693 810 communi

911 832 1004 856 sensu.
1020 825 1053 853 de
1071 827 1213 861 proposito
1229 830 1390 862 argumento
1408 827 1588 855 disseramus.
1613 828 1694 855 Pater

76 871 160 905 νόμιε,
180 871 288 902 πάντως
301 871 442 906 ἄνθρωπος
453 869 486 907 ἦν
496 879 504 887 ⁸
520 872 577 899 ἀλλ’
597 873 611 898 δ
627 871 707 903 αὐτὸς
721 869 797 903 οὗτος
813 872 857 899 καὶ

911 875 985 904 tuus,
1001 870 1128 904 Eunomi,
1143 873 1255 900 omnino
1269 872 1352 900 homo
1365 876 1443 907 erat;
1459 876 1487 900 at
1501 874 1547 902 ille
1567 874 1628 909 ipse
1643 874 1693 901 tibi

75 917 114 941 σοὶ
131 915 180 942 τοῦ
207 913 277 943 εἶναι
300 917 410 950 γέγονεν
429 917 524 948 αἴτιος.
550 915 612 952 *Δρ*
629 914 676 944 οὖν
697 917 806 952 ἐχρήσω
821 916 859 952 τῷ

76 961 147 996 σοφῷ
162 961 268 996 τούτῳ,
291 962 338 988 καὶ
357 962 400 989 ἐπ’
417 962 531 995 ἐκείνου,
547 961 615 989 ὥστε
632 962 677 988 τὸν
692 961 798 996 πατέρα
812 961 860 988 τὸν

75 1007 133 1039 σὺν,
149 1009 174 1035 εί
193 1009 239 1035 τὸν
254 1009 303 1044 τῆς
322 1009 429 1044 φύσεως
444 1009 556 1045 ὁρισμὸν
571 1009 688 1044 δέχοιτο,
707 1009 752 1036 διὰ
764 1009 795 1036 τὸ
812 1009 859 1036 ἇν-

74 1054 182 1089 θρωπος
194 1053 279 1088 εἶναι,
299 1056 397 1090 μηκέτι
420 1056 549 1083 δύνασθαι
565 1056 614 1091 τὴν
638 1055 704 1091 πρὸς
721 1055 751 1082 σὲ
767 1055 858 1090 σχέσιν

72 1101 273 1136 ἀποσημαίνειν
283 1110 290 1134 ;
300 1103 405 1137 Χρῆναι
416 1102 470 1138 γὰρ
481 1103 588 1134 πάντως
596 1102 649 1129 τῶν
660 1102 706 1129 δύο
717 1102 746 1129 τὸ
754 1101 857 1137 ἕτερον,

71 1147 87 1181 ἦ
102 1145 246 1182 ἄνθρωπον
259 1145 338 1180 εἶναι,
358 1148 374 1184 ἢ
392 1148 523 1183 Εὑνομίου
536 1148 651 1184 πατέρα.
668 1146 734 1174 Εἶτα
753 1148 793 1173 σοι
810 1147 858 1182 μὲν

71 1193 121 1218 οὐκ
133 1193 223 1225 ἔξεστι
242 1193 279 1229 μὴ
297 1194 366 1221 κατὰ.
388 1194 418 1221 τὸ
440 1195 538 1221 οἰκεῖον
553 1194 602 1230 τῆς
622 1193 758 1229 σημασίας
775 1201 859 1228 προσ-

72 1238 202 1274 φέρεσθαι
219 1238 253 1265 τὰ
264 1239 319 1265 τῶν
330 1239 437 1266 οἰκείων
449 1239 578 1274 ὀνόματα.
597 1238 676 1265 Ἀλλὰ
690 1237 741 1265 κᾶν
754 1237 858 1272 ὕϐρεως

71 1284 190 1319 γράῷαιό
215 1292 275 1310 τινα
294 1285 338 1311 τὸν
359 1285 540 1320 χλευαστικῶς
557 1286 596 1316 εἰς
619 1285 664 1316 σὲ,
679 1285 727 1311 διὰ.
738 1283 788 1319 τῆς
803 1283 858 1310 τῶν

70 1331 211 1365 ὀνομάτων
227 1331 395 1365 ὑπαλλαγῆς,
413 1331 596 1362 διαπαίζοντα.
611 1331 641 1357 οὐ
664 1331 794 1366 φρίττεις·
811 1330 858 1356 καὶ

70 1377 202 1410 διαγελῶν
218 1377 252 1403 τὰ
267 1377 387 1412 δόγματα
403 1377 455 1403 τῶν
470 1377 635 1412 μυστηρίων.
651 1375 798 1406 ἀκινδύνως
811 1384 858 1410 γε·

70 1419 136 1454 λᾷς;
160 1420 204 1452 Ὠς
216 1421 269 1455 γὰρ
280 1421 293 1447 ὁ
306 1421 350 1452 σὸς
361 1420 465 1456 πατὴρ,
479 1421 526 1447 καὶ
543 1421 592 1456 τὴν
601 1420 667 1456 πρὸς
680 1421 709 1447 σὲ
723 1420 857 1447 δείκνυσιν

69 1465 233 1500 οἰκειότητα,
248 1466 294 1492 καὶ
313 1466 343 1491 τὸ
362 1465 501 1501 ἄνθρωπος
520 1463 590 1492 εἶναι
607 1466 682 1492 οὐδὲν
703 1465 748 1492 διὰ
762 1465 857 1492 τούτου

71 1508 224 1535 κωλύεται·
248 1509 293 1536 καὶ
317 1510 367 1536 οὐκ
390 1509 421 1536 ἄν
441 1519 482 1542 τις
500 1510 722 1545 σωφρονούντων,
736 1510 796 1536 ἀντὶ
810 1509 856 1536 τοῦ

71 1554 179 1590 πατέρα
193 1563 240 1581 σου
255 1556 412 1590 προσειπεῖν
426 1555 472 1583 τὸν
485 1557 663 1591 γεννήσαντα,
678 1557 692 1582 ὁ
708 1555 736 1582 δὲ
750 1555 796 1582 τοῦ
809 1556 857 1582 ἀν-

71 1599 181 1634 θρώπου
205 1599 251 1626 τὸν
275 1600 387 1636 ὁρισμὸν
412 1601 543 1637 ἀποδοίη·
576 1601 592 1637 ἢ
619 1601 699 1627 πάλιν
723 1601 786 1636 περὶ
810 1600 856 1626 τοῦ

71 1645 166 1678 γένους
191 1646 348 1681 ἐρωτηθεὶς,
371 1647 416 1673 καὶ
431 1647 598 1683 ὁμολογήσας
614 1647 644 1674 τὸ
661 1646 730 1674 εἶναι
752 1647 856 1682 ἄνθρω-

70 1699 128 1723 πον,
147 1691 301 1718 κωλύεσθαι
321 1691 404 1726 λέγοι,
418 1692 461 1719 διὰ
475 1692 524 1727 τῆς
541 1693 684 1728 ὁμολογίας
703 1692 813 1727 ταύτης,
829 1693 858 1719 τὸ

70 1738 116 1764 καὶ.
131 1737 180 1764 σοῦ
195 1737 275 1765 αὐτὸν
286 1736 355 1765 εἶναι
369 1738 474 1774 πατέρα
483 1746 489 1752 ·
505 1738 591 1770 οὕτως
601 1739 647 1765 ἐπὶ
665 1738 710 1764 τοῦ
725 1738 791 1764 Θεοῦ
804 1737 858 1764 τῶν

69 1784 153 1817 ὅλων,
174 1785 188 1811 ὁ
205 1785 255 1820 μὲν
275 1785 399 1820 εὐσεὸὴς,
419 1785 507 1811 καὶτὸ
525 1785 679 1820 ἀγεννήτως
693 1784 773 1811 αὐτὸν
788 1781 858 1810 εἶναι

70 1830 263 1866 σημαίνεσθαι,
283 1830 328 1857 διὰ
349 1830 398 1865 τῆς
414 1830 600 1866 προσηγορίας
613 1830 659 1856 τοῦ
678 1829 786 1864 Πατρὺς
808 1830 859 1856 οὐκ

69 1877 236 1912 ἀρνήσεται,
253 1877 300 1903 καὶ
321 1876 370 1912 τὴν
392 1876 460 1912 πρὸς
477 1876 523 1902 τδν
540 1876 603 1902 Υίὸν
626 1876 777 1910 οίκειότητα
797 1875 857 1902 καθ’

69 1924 164 1959 ἕτερον
178 1923 361 1950 ἐνδείκνυσθαι
381 1923 588 1958 σημαινόμενον.
610 1922 639 1949 '0
657 1922 685 1948 δὲ
700 1921 857 1955 καταγελῶν

69 1969 117 2004 τῆς
139 1969 284 2004 ἀληθείας,
297 1969 387 1996 οὐκέτι
404 1969 434 1996 τὸ
456 1969 649 2004 γεγεννηκέναι
664 1969 709 1995 τὸν
729 1969 792 1994 Υίὸν
809 1967 857 2002 τὴν

70 2015 115 2042 τοῦ
129 2015 238 2050 Πατρὸς
254 2015 440 2051 προσηγορίαν
453 2015 525 2049 λέγει
539 2015 690 2050 σημαίνειν,
705 2015 751 2041 ἐὰν
764 2014 810 2040 καὶ
828 2013 858 2039 τὸ

69 2058 218 2094 ἀγέννητον
237 2056 306 2085 εἶναι
320 2059 364 2085 διὰ
375 2059 424 2093 τῆς
434 2059 517 2094 αὐτῆς
532 2059 623 2094 φωνῆς
632 2057 820 2093 διδασκόμεθα.

911 922 940 944 ut
955 925 1041 951 esses,
1055 925 1139 946 causa
1151 918 1269 946 exstitit.
1281 918 1351 946 Num
1373 923 1400 947 et
1416 919 1449 947 de
1471 920 1519 948 illo
1537 925 1647 948 acutum
1662 921 1695 948 il—

910 962 955 990 iud
975 967 1051 990 tuum
1084 963 1226 991 inventum
1253 964 1414 999 usurpasti?
1436 969 1541 1000 patrem
1566 966 1694 993 videlicet

909 1013 996 1040 tuum.
1022 1009 1044 1037 si
1060 1017 1109 1044 per
1121 1009 1184 1041 hoc,
1207 1009 1281 1045 quod
1300 1010 1383 1038 homo
1397 1014 1450 1044 est,
1481 1018 1496 1038 a
1511 1015 1609 1038 natura
1635 1012 1694 1039 suis

909 1054 988 1088 quasi
998 1054 1130 1082 limitibus
1146 1055 1394 1088 circumscribitur,
1411 1063 1465 1084 non
1477 1063 1559 1092 posse
1575 1057 1691 1091 amplius

909 1099 1096 1127 habitudinem
1121 1101 1155 1128 ad
1177 1105 1204 1128 te
1221 1101 1396 1137 signiﬁcare?
1423 1102 1546 1129 Alterum
1567 1103 1639 1129 enim
1658 1111 1693 1130 cx

909 1145 1016 1173 duobus
1029 1146 1108 1181 plane
1124 1151 1165 1174 est
1181 1147 1385 1180 necessarium,
1402 1153 1449 1175 aut
1466 1148 1604 1176 hominem
1618 1156 1690 1180 esse.

909 1195 956 1218 aut
969 1191 1094 1219 Eunomii
1111 1197 1227 1228 patrem.
1243 1193 1336 1229 Neque
1351 1194 1400 1221 tibi
1417 1194 1458 1222 fas
1473 1198 1526 1226 est,
1537 1199 1568 1222 ut
1582 1195 1692 1229 proprio

909 1237 1063 1272 signiﬁcatu
1080 1246 1134 1266 non
1149 1238 1272 1274 proferas
1288 1247 1319 1267 ea
1333 1241 1445 1267 nomina
1466 1249 1527 1275 qua:
1550 1242 1691 1276 proprium

909 1283 1094 1319 signiﬁcatum
1108 1285 1218 1313 habent.
1240 1285 1339 1313 Verum
1358 1287 1420 1314 licet
1434 1287 1541 1321 injuria;
1554 1287 1692 1314 actionem

909 1330 1034 1358 intendas
1056 1331 1123 1362 illis.
1152 1332 1198 1366 qui
1221 1336 1332 1366 propter
1347 1331 1488 1358 nominum
1513 1333 1692 1360 mutationem

908 1376 958 1403 tibi
973 1376 1169 1404 subsannando
1185 1376 1313 1409 illudunt,
1335 1384 1387 1404 non
1404 1378 1585 1409 cohorresvis,
1607 1382 1634 1405 et
1649 1377 1692 1404 di-

908 1420 1031 1447 vinorum
1049 1419 1202 1455 dogmatum
1227 1421 1358 1456 mysteria
1378 1421 1507 1453 irridens,
1524 1422 1634 1456 impune
1653 1421 1693 1448 ri-

908 1464 976 1492 des?
996 1464 1232 1497 Quemadmodum
1256 1465 1329 1492 enim
1359 1469 1423 1493 tuus
1445 1471 1522 1501 pater
1550 1467 1692 1502 cognalio-

909 1518 980 1542 nem,
997 1517 1080 1543 quam
1105 1514 1194 1537 tecum
1211 1510 1302 1543 habct,
1330 1511 1461 1543 ostendit,
1490 1516 1517 1539 et
1544 1512 1690 1546 quominus

909 1554 991 1582 homo
1008 1555 1053 1588 sit,
1068 1562 1116 1590 per
1127 1555 1177 1582 hoc
1192 1555 1258 1582 nihil
1272 1555 1381 1589 penitus
1396 1555 1552 1590 impeditur,
1578 1556 1688 1584 nullus-

908 1607 962 1635 que
978 1600 1038 1627 sani
1059 1600 1168 1635 capitis,
1193 1601 1216 1628 si
1245 1601 1307 1635 quis
1332 1600 1461 1635 jubcatur
1479 1601 1621 1628 nominare
1646 1609 1692 1636 pa-

908 1648 988 1676 trem,
1000 1645 1046 1679 qui
1062 1649 1087 1672 te
1098 1645 1201 1680 genuit.
1218 1645 1264 1672 ille
1279 1652 1343 1672 vero
1358 1644 1545 1672 deﬁnitionem
1572 1644 1693 1672 hominis

909 1690 1038 1725 assignct,
1053 1690 1095 1717 vel
1120 1691 1304 1725 interrogatus
1328 1689 1362 1717 de
1384 1697 1494 1725 genere,
1525 1691 1689 1724 respondeat

909 1743 970 1762 esse
994 1735 1143 1767 hominem,
1163 1735 1263 1762 dixerit
1295 1735 1451 1769 hujusmodi
1480 1735 1687 1770 responsionum

909 1780 1030 1812 obstare,
1050 1781 1196 1815 quominus
1215 1785 1292 1816 pater
1311 1784 1375 1809 tuus
1390 1782 1425 1808 sit
1440 1789 1447 1808 :
1461 1781 1497 1807 ita
1512 1788 1620 1816 quoque
1632 1788 1692 1808 sese

909 1834 954 1855 res
983 1827 1065 1854 habet
1087 1835 1149 1854 cum
1175 1827 1365 1854 universorum
1388 1826 1454 1858 Deo,
1476 1834 1555 1860 quem
1582 1827 1692 1861 pictatis

910 1873 1002 1899 cultor
1030 1872 1179 1908 ingenitum
1206 1879 1278 1904 esse,
1295 1872 1376 1906 idque
1397 1871 1485 1899 Patris
1513 1873 1693 1906 appellatione

908 1919 1069 1954 signiﬁcari.
1090 1923 1117 1945 et
1143 1922 1263 1953 utroque
1286 1918 1442 1953 signiﬁcatu
1460 1918 1647 1945 habitudinem
1665 1923 1691 1944 ιιι

908 1964 1096 1999 cognationem
1114 1964 1148 1990 ad
1162 1962 1262 1990 Filium
1276 1963 1411 1990 declarari
1436 1963 1553 1989 libenter
1574 1962 1690 1988 conﬁtc-

909 2014 964 2036 tur.
982 2009 1149 2036 Atveritatis
1177 2008 1275 2035 irrisor
1298 2007 1438 2035 contendit
1461 2006 1550 2034 Patris
1571 2007 1691 2041 appella—

909 2055 981 2082 lione
997 2062 1051 2081 non
1061 2055 1178 2088 amplius
1194 2053 1355 2089 signiﬁcari,
1369 2052 1443 2088 quod
1460 2052 1546 2079 Filius
1561 2060 1594 2080 ex
1610 2060 1643 2080 co
1656 2053 1691 2079 sit

907 2101 1025 2135 genitus,
1043 2099 1066 2127 si
1083 2099 1177 2127 eadem
1191 2098 1373 2134 appellatione
1388 2099 1500 2134 ingeniti
1511 2105 1621 2133 quoque
1638 2105 1688 2124 no-

908 2145 947 2171 tio
960 2145 1095 2171 mentibus
1108 2145 1298 2179 ingeneretur.

103 2191 166 2217 Ἔτι
180 2190 209 2216 δὲ
227 2191 274 2217 καὶ
285 2190 363 2217 τοῦτο
375 2190 442 2225 πρὸς
464 2191 573 2226 ἔλεγχον
589 2191 638 2226 τῆς
651 2191 705 2217 τῶν
720 2190 856 2229 ῥηθέντων

943 2189 1077 2217 Praeterea
1091 2189 1125 2217 ad
1138 2189 1316 2217 absurditatis
1335 2189 1528 2217 refutationem
1546 2190 1630 2216 etiam
1642 2190 1693 2217 hoc

68 2237 183 2268 ἀτοπίας
203 2237 461 2272 συμπαραλάῆωμεν
474 2245 480 2251 ’
496 2237 563 2272 ὅπερ
581 2236 675 2262 οὐδένα
691 2235 761 2270 φημὶ
774 2255 781 2266 ,
796 2235 856 2261 οὐδὲ

68 2278 120 2309 τῶν
137 2283 238 2318 κομιδῇ
252 2282 357 2317 νηπίων
369 2282 421 2309 ὑπὸ
431 2283 624 2318 γραμματιστῇ
633 2283 680 2308 καὶ
691 2280 856 2315 παιδαγωγῷ

68 2327 135 2362 πρὸς
173 2328 225 2363 τὴν
259 2327 440 2362 ὀνομαστικὴν
470 2327 642 2362 τεχνολογίαν
676 2326 855 2360 ὲναγόμενον,

67 2374 187 2407 ἀγνοεῖν.
210 2372 258 2404 Τίς
273 2372 327 2408 γὰρ
339 2373 389 2399 οὐκ
399 2371 469 2400 οἶδεν
484 2373 524 2400 ὅτι
538 2372 591 2400 τῶν
601 2372 741 2408 ὀνομάτων
757 2372 791 2398 τὰ
807 2371 855 2406 μὲν

67 2419 192 2445 ἀπόλυτά
203 2427 233 2444 τε
246 2418 294 2444 καὶ
309 2417 425 2453 ἄσχετα,
442 2417 476 2444 τὰ
489 2418 518 2444 δὲ
531 2417 598 2453 πρός
610 2426 671 2444 τινα
685 2417 777 2452 σχέσιν
792 2417 856 2442 (evo-

69 2464 195 2498 μασμένα
207 2463 298 2496 ἑστίη
315 2463 409 2489 Αὐτῶν
419 2463 446 2490 δὲ
460 2463 559 2489 τούτων
576 2462 656 2489 πάλιν
667 2462 741 2488 ἐστιν
754 2462 772 2488 ὃ.
787 2461 857 2488 κατὰ

67 2511 114 2546 τὴν
129 2510 186 2537 τῶν
203 2509 353 2545 χρωμένων
367 2508 492 2544 βούλησιν
507 2508 663 2544 ἐπιῤῥεπῶς
680 2508 747 2543 πρὸς
762 2507 856 2534 ἑκάτε-

69 2566 114 2592 ρον
135 2558 213 2593 ἔχει’
237 2556 256 2583 ἃ
280 2557 323 2590 ἐφ’
350 2556 453 2583 ἑαυτῶν
476 2556 525 2591 μὲν
544 2556 676 2590 λεγόμενα
692 2555 740 2589 τὴν
768 2555 856 2589 ἁπλῆν

68 2604 237 2630 ἐνδείκνυται
253 2602 379 2637 δύναμιν,
401 2602 597 2638 μετατιθέμενα
613 2602 642 2628 δὲ
659 2601 788 2633 πολλάκις
803 2601 856 2628 τῶν

69 2648 136 2683 πρός
152 2657 179 2674 τι
198 2648 315 2682 γίνεται.
333 2648 387 2674 Καὶ
403 2647 445 2674 ἵνα
457 2645 493 2683 μή
506 2656 533 2674 τι
564 2647 658 2683 πύρῤω
675 2646 728 2673 τῶν
748 2655 857 2682 προκει-

70 2693 157 2728 μένων
172 2694 358 2729 ὑποδείγμασι
371 2694 510 2729 χρώμενος
529 2694 690 2729 ὲπιμηκύνω
707 2693 751 2719 τὸν
766 2693 855 2726 λόγον⁹

69 2737 98 2771 ἐξ
118 2739 211 2765 αὐτῶν
227 2738 282 2765 τῶν
299 2738 451 2773 δογμάτων,
476 2738 490 2765 ὃ
506 2738 588 2772 λέγω,
614 2737 853 2774 σαφηνισθήσετιι.

111 2829 142 2856 ὐ
158 2829 235 2861 Θεὸς.
252 2829 301 2856 καὶ
323 2829 417 2865 Πατὴρ
428 2849 434 2860 ,
458 2831 504 2856 καὶ
526 2829 649 2865 βασιλεὺς
663 2829 769 2863 λέγεται
783 2849 788 2861 ,
810 2829 856 2855 καὶ

174 2878 315 2909 Parnm.
341 2877 397 2906 Gn.
418 2878 506 2908 XLV.

909 2234 1109 2266 adsciscamus,
1126 2233 1198 2268 quod
1217 2233 1365 2266 neminem,
1379 2241 1413 2260 ne
1428 2232 1506 2260 valde
1525 2232 1636 2267 quidem
1652 2232 1692 2259 in-

906 2279 1021 2313 fantem,
1034 2280 1080 2315 qui
1096 2279 1184 2307 adhuc
1198 2287 1213 2307 a
1233 2279 1420 2314 grammaticis
1443 2284 1470 2306 et
1489 2278 1645 2314 paedagogis
1663 2279 1692 2305 in

908 2325 1049 2352 nominum
1076 2324 1273 2352 discendorum
1300 2328 1358 2352 arte
1385 2327 1542 2356 exercetur,
1564 2324 1693 2358 ignorare

907 2370 1042 2397 existimo.
1054 2369 1122 2402 Quis
1133 2370 1205 2396 enim
1222 2369 1311 2397 nescit
1328 2368 1468 2395 nominum
1489 2367 1614 2403 quaedam
1631 2375 1694 2395 esse

911 2415 1047 2447 absoluta,
1071 2418 1099 2442 et
1126 2415 1216 2442 omnis
1248 2417 1392 2449 respectus
1413 2413 1547 2448 expertia,
1568 2413 1707 2448 quaedam'

910 2469 976 2489 vero
989 2460 1023 2487 ad
1037 2460 1110 2487 aliud
1128 2460 1268 2495 quidpiam
1283 2463 1439 2494 respectum
1457 2459 1576 2486 habere?
1595 2458 1634 2485 Ex
1648 2458 1691 2485 his

910 2515 1008 2535 rursus
1025 2506 1156 2534 nonnulla
1171 2506 1357 2539 inveniuntur,
1373 2513 1434 2540 qua
1449 2512 1483 2532 ex
1496 2505 1630 2532 utentium
1648 2511 1694 2531 ar-

911 2553 995 2580 bitrio
1021 2553 1055 2580 ad
1082 2552 1242 2580 utrumlibet
1263 2555 1326 2587 apta
1347 2555 1422 2584 sunt,
1449 2559 1510 2586 quae
1529 2550 1694 2585 simpliciter

910 2599 1014 2633 prolata
1035 2598 1061 2625 vi
1082 2605 1192 2633 quoque
1215 2597 1336 2632 simplici
1354 2601 1500 2628 constant,.
1521 2595 1692 2629 transposita

909 2650 975 2671 vero
990 2643 1090 2678 saepius
1105 2643 1218 2670 relativa
1239 2642 1318 2670 ﬁunt.
1345 2642 1377 2669 Et
1397 2649 1432 2669 ne
1447 2640 1568 2672 aliunde,
1595 2639 1692 2682 procul

909 2690 943 2717 ab
960 2690 1085 2717 instituto
1102 2692 1207 2720 nostro,
1229 2688 1362 2723 exemplis
1377 2687 1518 2715 accersitis
1531 2686 1619 2712 oratio
1631 2685 1692 2711 lon-

909 2735 968 2769 gior
982 2735 1091 2766 evadat,
1108 2742 1141 2762 ex
1155 2734 1222 2770 ipsis
1238 2733 1421 2769 dogmatibus,
1433 2732 1467 2760 de
1481 2732 1581 2767 quibus
1595 2730 1691 2765 dispu-

911 2781 976 2808 latio
990 2785 1117 2816 suscepta
1133 2784 1184 2812 est,
1201 2780 1226 2807 id
1247 2779 1318 2815 quod
1333 2785 1436 2810 assero,
1449 2779 1560 2814 planum
1583 2777 1691 2804 faciam.

947 2829 1018 2856 Deus
1037 2831 1090 2854 tam
1107 2826 1186 2854 Pater
1201 2833 1281 2862 quam
1298 2833 1345 2854 rex
1361 2825 1523 2860 appellatur,
1539 2829 1566 2852 et
1579 2829 1692 2852 sexcen<
