1957 3079
213 121 266 150 427

846 124 873 152 S.
887 124 1048 153 GREGORII
1063 124 1210 153 NYSSENI

1786 122 1836 152 ΩΒ

217 182 251 210 tis
270 185 332 212 aliis
349 184 506 211 nominibus
520 191 534 210 a
554 191 633 211 saera
651 183 793 218 Scriptura
809 185 935 213 aﬁicitur.
961 185 998 212 Ex

1069 186 1158 221 ,υρίοις
1174 185 1301 220 ὀνόμασιν
1314 184 1402 216 ἄλλοις
1418 183 1491 220 παρὰ
1508 183 1557 218 τῆς
1570 183 1650 218 ἀγίας
1658 181 1773 218 Γραφῆς
1785 181 1839 209 ὀνο-

217 230 260 257 his
275 231 356 266 igitur
368 229 534 261 nominibus,
549 230 674 265 quaedam
687 231 812 258 absolute
828 235 855 258 et
867 231 928 259 sine
942 231 999 258 ullo

218 277 252 303 ad
273 277 346 303 aliud
362 279 498 310 respectu,
512 276 637 304 solitarie
660 280 687 304 et
710 284 757 312 per
768 285 800 304 se
818 285 951 311 usurpare
968 277 1001 304 li-

218 327 271 352 cet.
279 321 368 356 qualia
385 327 448 349 sunt
458 322 664 356 incorrttptibilis
677 322 709 355 “,
720 327 833 349 a’ternua
843 323 876 355 ",
890 323 1001 349 immor-

220 367 280 392 talis
290 366 322 398 “,
348 370 374 393 et
393 367 415 394 si
440 375 501 401 quas
524 368 576 394 alia
601 372 665 395 sunt
695 368 778 402 hujus
805 368 902 396 classis
922 378 928 396 ε
945 369 1002 396 hate

219 413 302 444 enim,
319 411 380 439 licet
394 412 462 439 nihil
480 413 553 439 aliud
578 413 770 447 subaudiatur,
791 414 942 448 perfectum
969 414 1003 441 de

220 457 274 484 Deo
293 462 454 492 conceptqu
472 458 644 493 ingeneraut.
673 459 732 486 Alia
757 467 822 486 vero
837 460 948 486 nomina
976 459 1002 486 id

221 503 319 536 solum,
336 504 409 538 quod
425 503 458 530 ad
483 505 587 539 aliquid
615 505 681 531 utile
697 509 750 538 est,
777 505 943 540 signiﬁcant,
975 510 1002 532 ut

220 552 263 575 est
288 549 439 581 adiutor",
466 555 645 583 propugnator
655 550 688 582 “,
708 555 844 584 susceptor
854 550 887 582 ",
913 554 940 577 et
954 558 1006 577 cte—

221 597 279 619 tera
292 592 375 627 hujus
399 594 516 627 generis.
544 592 620 621 Tolle
641 594 712 621 enim
729 602 802 626 eum,
829 595 875 629 qui
903 595 1006 622 auxilio

222 643 318 672 egeat,
344 638 399 673 jam
421 639 510 666 otiosa
533 640 586 666 erit
613 639 656 666 his
685 640 826 667 vocabulis
855 640 1006 675 signiﬁcata

225 683 324 710 virtus.
339 684 409 710 Sunt
428 688 518 711 autem
544 685 666 719 quaedam
694 685 843 717 vocabula,
873 689 901 712 ut
927 689 1007 713 antea

224 728 330 759 dixi,et
350 728 473 756 absolute
486 733 513 756 et
531 729 617 756 relate
641 730 768 764 usurpari
798 731 891 762 solita,
917 736 945 758 ut
966 735 1007 758 est

225 773 307 804 Deus,
325 773 406 800 bonus
415 773 448 804 '°,
478 777 505 800 et
518 773 615 800 similia
629 782 635 806 ;
652 781 704 801 non
720 774 793 801 enim
809 783 918 810 semper
938 780 965 802 et
979 776 1008 802 in

225 819 353 846 munibus
373 826 449 845 tuens
468 819 495 845 in
514 819 640 847 absoluto
656 824 748 847 manet
770 829 776 847 :
796 828 857 847 nam
881 821 927 856 qui
948 822 1010 848 uni-

1053 233 1177 268 μάζεται.
1198 232 1275 258 Ἐστι
1297 231 1385 258 τοίνυν
1401 231 1433 257 ὲκ
1447 230 1500 257 τῶν
1516 230 1656 265 ὀνομάτων
1675 229 1791 261 τούτων,
1808 229 1838 255 τὸ

1053 278 1102 312 μὲν
1115 276 1207 308 ἁπλῶς
1224 276 1308 308 οὕτως
1329 277 1370 310 ἐφ’
1382 275 1479 302 ἑαυτοῦ
1495 275 1680 311 μεμνημένον,
1696 273 1839 304 ἀπολύτως

1052 324 1146 356 εἰπεῖν,
1168 321 1234 354 οἷον,
1253 322 1412 357 ἄφθαρτος,
1429 321 1556 354 αἰώνιος,
1573 320 1735 353 ἀθάνατος,
1754 319 1803 346 καὶ
1817 319 1843 345 εῐ

1052 378 1077 395 τι
1090 369 1154 396 ἄλλο
1168 368 1296 396 τοιοῦτον.
1314 367 1404 394 Ταῦτα
1418 367 1471 403 γὰρ
1483 387 1491 399 ,
1507 366 1558 394 κᾶν
1572 366 1653 402 μηδὲν
1669 366 1763 401 ἕτερον
1781 373 1843 392 συν-

1054 415 1222 449 υπακούηται
1245 415 1353 449 νόημα,
1381 412 1590 448 ἀπηρτισμένην
1611 412 1672 439 τινὰ
1693 411 1760 446 περὶ
1776 411 1842 437 Θεοῦ

1054 459 1102 494 τὴν
1118 459 1235 485 διάνοιαν
1251 459 1279 485 έν
1294 459 1399 490 ἑαυτοῖς
1423 458 1598 493 περιγράφει.
1614 458 1719 492 Ἕτερα.
1742 456 1773 483 δὲ
1788 455 1844 482 τῶν

1054 504 1192 540 ὀνομάτων
1213 505 1244 531 τὸ
1267 505 1335 540 πρός
1351 513 1377 530 τι
1394 504 1528 539 χρήσιμον
1544 503 1730 538 ἀποσημαίνει
1753 502 1846 536 μόνον,

1055 548 1092 580 ὡς
1105 548 1230 582 βοηθὸς,
1249 549 1295 575 κα¹ι
1314 547 1552 582 ὑπερασπιστὴς,
1575 547 1621 574 καὶ
1643 545 1846 580 ἁντιλήπτωρ,

1057 594 1103 620 καὶ
1117 594 1166 619 ὅσα
1181 593 1229 628 τῆς
1252 593 1379 627 τοιαύτης
1394 592 1530 627 σημασίας
1553 592 1708 626 εὑρίσκεται
1723 598 1728 606 ·
1746 588 1785 618 ὧν
1800 590 1849 616 ἐὰν

1057 640 1158 675 ὑφέλῃς
1171 639 1201 665 τὸ
1216 640 1265 674 τῆς
1281 638 1405 673 βοηθείας
1421 638 1556 673 δεόμενον,
1570 638 1691 672 ἣργησεν
1706 637 1722 672 ἡ
1738 636 1845 671 ἐμφαι-

1058 685 1157 720 νομένη
1174 684 1213 720 τῷ
1236 685 1347 719 ὀνόματι
1371 683 1495 718 δύναμις.
1511 683 1588 710 Ἐστι
1610 682 1638 708 δέ
1654 691 1716 709 τινα
1731 703 1738 715 ,
1754 680 1849 713 καθὼς

1059 730 1237 766 προείρηται,
1253 730 1299 756 καὶ
1315 730 1357 763 ἐφ’
1371 728 1474 755 ἑαυτῶν
1495 729 1541 755 καὶ
1563 727 1632 764 μετά
1654 727 1709 754 τῶν
1730 727 1801 762 πρός
1823 735 1850 752 τι

1059 774 1202 807 λεγόμενα,
1224 771 1279 799 οἷον
1295 773 1335 804 τὸ,
1359 772 1432 805 Θεὸς
1443 793 1449 805 ,
1467 773 1513 799 καὶ
1528 772 1575 804 τὸ,
1590 772 1711 807 ἀγαθὸς,
1727 773 1776 799 καὶ
1800 772 1851 798 ὃσα

1059 818 1179 845 τοιαῦτα.
1195 819 1232 845 Οὐ
1245 818 1300 854 γὰρ
1317 817 1396 853 μέχρι
1409 817 1508 849 παντὸς
1517 819 1545 844 ὲν
1557 817 1596 852 τῷ
1608 817 1735 852 ἀπολύτῳ
1746 816 1852 843 τούτων

226 871 367 890 versorum
383 863 453 891 Deus
468 868 519 896 est,
539 872 610 899 δεῖρε
631 866 757 900 proprius
777 865 848 900 ejus,
868 866 915 901 qui
934 867 1009 893 invo-

1069 864 1183 898 ῑιαμένει
1208 864 1224 899 ἡ
1249 863 1347 890 ἔννοια.
1373 863 1401 890 '0
1418 863 1472 898 γὰρ
1489 863 1603 889 καθόλου
1619 862 1703 896 Θεὸς,
1722 862 1788 894 ἴδιος
1803 862 1852 888 τοῦ

226 914 281 940 cat,
293 908 507 944 etﬁcitur,prout
523 910 612 937 sancti
626 917 677 938 nos
694 911 803 942 decent,
817 911 864 946 qui
883 917 1009 939 naturam

227 954 329 981 nullius
352 954 474 981 dominio
499 955 649 990 subjectam
668 955 766 982 crebro
795 956 846 984 sibi
867 957 1007 991 propriam

228 999 484 1028 facianl:Sanctus
510 999 640 1028 Dominus
669 1001 747 1028 Deus.
775 1001 837 1028 llaac
869 1003 1011 1036 hucusque

228 1046 355 1073 absoluta
369 1050 450 1079 sunt;
469 1046 516 1074 sed
528 1047 575 1082 qui
591 1047 726 1082 adjungit,
744 1052 841 1080 noster,
860 1048 905 1075 ille
927 1055 1011 1075 causa

228 1097 281 1126 est,
306 1099 356 1120 cur
380 1093 431 1120 hoc
454 1100 553 1119 nomen
569 1099 624 1119 non
648 1093 734 1127 possit
752 1093 870 1128 amplius
887 1093 1013 1120 absolute

229 1142 256 1166 et
281 1139 341 1166 sine
361 1138 495 1166 relatione
516 1138 620 1173 accipi;
647 1139 711 1173 quia
740 1138 900 1165 habitudine
925 1137 959 1165 ad
983 1145 1014 1165 se

230 1186 412 1220 signiﬁcatum
431 1185 483 1213 sibi
500 1186 639 1220 proprium
655 1185 783 1213 reddidit.
810 1185 911 1212 lterum
931 1184 1014 1219 Spiri-

231 1234 301 1260 ritus
316 1233 417 1259 clamat
434 1242 440 1259 :
456 1231 531 1259 Abba
543 1230 620 1259 Pater
632 1233 666 1259 υ.
692 1231 754 1259 llaec
770 1239 821 1259 vox
839 1231 930 1258 Patria
952 1238 1015 1266 par-

230 1278 339 1306 ticulari
359 1278 449 1313 aliqua
466 1277 626 1306 habitudine
643 1282 727 1304 caret.
741 1277 794 1304 Sed
811 1284 872 1304 cum
893 1281 1013 1304 nostrum

230 1325 277 1360 qui
295 1328 336 1351 est
361 1324 388 1350 in
415 1324 504 1356 caelis,
529 1324 694 1358 compellare
709 1323 882 1358 jubemur",
914 1330 1012 1350 rursus

232 1369 397 1405 signiﬁcatio
432 1368 620 1396 habitudinem
650 1369 749 1397 induit.
776 1368 1014 1402 Quemadmodum

232 1416 326 1451 igitur,
342 1415 387 1450 qui
405 1415 598 1442 universorum
620 1414 703 1441 Deum
727 1415 778 1442 sibi
800 1415 940 1450 proprium
960 1413 1017 1442 eﬁi-

232 1463 280 1494 eit,
306 1461 375 1488 nihil
397 1461 506 1496 penitus
524 1461 557 1487 de
579 1460 638 1494 ejus
660 1461 686 1487 iu
705 1468 749 1488 res
771 1468 867 1488 omnes
883 1464 1018 1496 potestate

233 1507 351 1534 detrahit
369 1515 375 1532 :
392 1506 431 1534 sic
449 1506 517 1533 nihil
538 1505 641 1536 obstat,
657 1505 775 1537 Patrem,
788 1511 815 1533 et
830 1514 892 1532 cum
911 1507 958 1540 qui
974 1510 1016 1533 est

234 1561 266 1580 ex
281 1554 353 1588 ipso,
367 1552 458 1579 omnis
473 1552 603 1578 nimirum
626 1555 762 1578 creatura:
794 1551 1015 1586 primogenitum,

235 1602 431 1633 reprzesentare
451 1597 540 1624 Patris
562 1597 756 1632 appellatione,
784 1597 866 1623 etiam
896 1595 955 1623 Filii
984 1604 1017 1624 ex

235 1646 296 1680 ipso
313 1643 518 1679 generationem
546 1642 729 1677 signiﬁcante,
758 1645 785 1669 et
809 1641 875 1668 illud
906 1641 1019 1676 insuper

235 1690 331 1717 eadem
353 1696 419 1716 voce
430 1688 576 1720 declarari,
606 1686 716 1714 Patrem
733 1695 747 1713 a
775 1687 850 1713 nulla
875 1687 1020 1722 superiore

235 1743 319 1763 causa
334 1741 407 1762 esse.
437 1733 505 1761 Nam
524 1733 570 1768 qui
588 1733 705 1767 primum
726 1731 833 1759 Patrem
845 1734 978 1764 nominat,
997 1733 1020 1760 is

236 1788 298 1807 eum
315 1782 363 1815 qui
379 1783 442 1806 ante
460 1779 554 1807 omnia
570 1779 707 1813 cogitatur
726 1782 754 1805 et
771 1778 944 1813 intelligitur,
968 1787 1019 1805 no-

238 1826 333 1858 minat,
350 1826 419 1852 ultra
435 1832 515 1859 quem
529 1823 602 1858 quod
619 1829 669 1855 est,
685 1823 730 1850 ille
748 1824 807 1858 ipse
823 1828 875 1855 cst,
899 1832 953 1851 non
971 1824 1020 1851 ha-

241 1874 307 1899 bens
322 1872 395 1907 quod
416 1876 480 1899 ante
496 1878 526 1898 se
545 1870 647 1902 videat,
670 1870 715 1897 cui
736 1870 828 1898 nullus
846 1874 907 1905 post
922 1879 951 1898 se
964 1875 1020 1898 ter—

240 1919 340 1950 minus.
354 1918 380 1944 in
397 1925 476 1952 quem
491 1917 610 1948 desinat,
626 1916 673 1944 sed
684 1917 864 1952 undequaque
879 1917 1021 1952 aequaliter

1060 909 1275 944 ἐπικαλουμένου
1296 908 1426 940 πολλάκις
1451 908 1555 943 γίνεται
1569 930 1577 942 ,
1600 909 1694 941 καθὼς
1715 908 1775 935 ἐστι
1796 908 1853 934 τῶν

1060 956 1146 990 ἁγίων
1161 955 1279 987 ἀκούειν,
1298 955 1515 990 ίδιοποιουμένων
1526 955 1575 991 τὴν
1588 955 1737 982 ἀδέσποτον
1750 954 1833 989 φύσιν
1843 963 1850 968 ·

1063 1001 1163 1035 Ἄγιος
1178 1001 1285 1034 Κύριος
1307 1001 1324 1028 ό
1347 1001 1429 1034 Θεός.
1447 1001 1519 1032 Ἕως
1531 1001 1625 1027 τούτου
1641 1000 1756 1035 ἄσχετον
1770 1008 1777 1014 ·
1795 999 1853 1026 ἀλλ’

1061 1047 1076 1073 ὁ
1100 1046 1228 1081 προσθεὶς
1254 1047 1294 1078 τὸ,
1314 1046 1408 1082 ἡμῶν,
1433 1047 1524 1073 οὐκέτι
1551 1046 1651 1073 ἔδωκεν
1679 1046 1722 1081 ἐφ’
1752 1045 1854 1072 ἑαυτοῦ

1063 1092 1179 1119 νοεῖσθαι
1195 1092 1225 1119 τὸ
1238 1092 1333 1128 ὄνομα,
1350 1094 1382 1128 τῇ
1404 1093 1472 1128 πρὸς
1487 1092 1582 1119 ἑαυτὸν
1598 1092 1688 1127 σχέσει
1707 1091 1739 1118 τὸ
1753 1100 1855 1126 σημαι-

1063 1137 1173 1172 νόμενον
1188 1137 1328 1169 οἰκειὼσας
1338 1147 1344 1153 ι
1355 1137 1444 1171 πάλιν,
1453 1137 1541 1165 Ἀϐϐᾶ
1552 1139 1568 1164 ὁ
1579 1137 1690 1172 Πατὴρ,
1698 1137 1729 1163 τδ
1739 1136 1857 1171 Πνεῦμα

1065 1183 1131 1218 βοᾷ·
1158 1183 1227 1219 αὓτη
1253 1184 1269 1219 ἡ
1295 1184 1345 1218 τῆς
1373 1185 1488 1219 μερικῆς
1511 1183 1630 1218 σχέσεως
1654 1182 1852 1217 ἀπολελυμένη

1065 1230 1150 1265 φωνή.
1174 1229 1253 1256 Ἀλλά
1268 1230 1315 1256 καὶ
1329 1229 1438 1266 Πατέρα
1452 1229 1537 1264 ἡμῶν
1555 1229 1600 1255 τὸν
1622 1228 1734 1264 Πατέρα
1754 1228 1802 1254 τὸν
1827 1228 1856 1254 ὲν

1063 1277 1119 1307 τοῖς
1133 1276 1257 1310 οὐρανοῖς
1277 1275 1367 1302 καλεῖν
1397 1275 1620 1311 προσετάχθημεν
1630 1283 1636 1290 ·
1652 1275 1721 1309 αὕτη
1741 1274 1823 1302 πάλιν
1839 1275 1855 1309 ή

1066 1320 1175 1356 σχετικὴ
1194 1321 1323 1356 σημασία.
1353 1320 1457 1354 ’Ὠσπερ
1477 1320 1565 1346 τοίνυν
1582 1320 1626 1346 τὸν
1649 1319 1766 1346 καθόλου
1789 1319 1857 1345 Θεὸν

1065 1368 1160 1395 ἑαυτοῦ
1172 1377 1214 1400 τις
1231 1368 1422 1403 ποιησάμενος,
1436 1367 1511 1394 οὐδὲν
1523 1367 1571 1402 τὴν
1587 1367 1632 1393 ἐπὶ
1648 1366 1758 1393 πάντων
1775 1365 1855 1398 ἀξίαν

1066 1415 1244 1452 ἠμαύρωσεν·
1259 1415 1344 1447 οὕτως
1357 1415 1431 1441 οὐδέν
1449 1415 1508 1440 ὲστι
1525 1413 1649 1448 κώλυμα,
1667 1413 1712 1440 τον
1731 1412 1854 1447 Πατέρα,

1066 1462 1113 1488 καὶ
1133 1462 1178 1488 τὸν
1193 1461 1222 1494 ἐξ
1244 1461 1336 1494 αὐτοῦ,
1367 1461 1411 1487 τὸν
1431 1461 1521 1495 πάσης
1545 1460 1660 1491 κτίσεως
1682 1458 1857 1494 πρωτότοκον

1069 1508 1256 1540 ἀναδείξαντα,
1274 1507 1341 1544 ὁμοῦ
1355 1507 1394 1543 τῷ
1409 1506 1600 1542 γεγεννηκέναι
1610 1506 1655 1532 τὸν
1672 1505 1738 1532 Υἱδν
1750 1505 1796 1531 διά
1810 1504 1858 1539 τῆς

1069 1554 1114 1581 τοῦ
1134 1554 1240 1589 Πατρδς
1269 1553 1452 1589 προσηγορίας
1480 1552 1631 1587 σημαίνειν,
1653 1551 1700 1578 καὶ
1724 1550 1755 1577 τὸ
1775 1550 1813 1585 μὴ
1830 1550 1859 1581 ἐξ

1069 1601 1157 1632 αἰτίας
1172 1600 1371 1636 ὑπερκειμένης
1383 1598 1451 1626 εἶναι
1467 1599 1510 1626 διὰ
1530 1599 1580 1634 τῆς
1594 1599 1625 1625 αὖ
1632 1597 1679 1632 τῆς
1693 1595 1858 1632 ἑρμηνεύειν

1070 1646 1171 1681 φωνῆς.
1195 1646 1223 1672 '0
1245 1646 1299 1681 γὰρ
1314 1646 1359 1672 τὸν
1381 1645 1488 1680 πρῶτον
1504 1645 1613 1680 Πατέρα
1634 1643 1730 1674 εἰπὼν,
1751 1643 1799 1669 τὸν
1812 1641 1857 1668 τοῦ

1072 1693 1171 1724 παντὸς
1189 1692 1430 1728 προεπινοούμενον
1446 1690 1603 1723 ἐνεδείξατο.
1621 1687 1703 1720 Οὗτος
1719 1688 1858 1718 ἐπέκεινα,

1072 1734 1148 1769 οὗτος
1164 1738 1265 1769 ἐκεῖνός
1288 1739 1370 1770 ἐστιν,
1389 1738 1438 1764 οὐκ
1457 1737 1524 1772 έχων
1541 1737 1555 1762 ὅ
1570 1745 1595 1762 τι
1613 1735 1665 1770 πρὸ
1688 1734 1786 1761 ἑαυτοῦ
1805 1734 1858 1769 ῐδῃ,

1073 1783 1133 1809 οὐδὲ
1159 1784 1200 1814 εἰς
1219 1784 1233 1810 ὃ
1251 1792 1277 1810 τι
1303 1783 1389 1818 πέρας
1412 1782 1471 1818 μεθ’
1489 1782 1583 1809 ἑαυτὸν
1605 1780 1762 1816 καταλήξῃ·
1792 1779 1859 1806 ἀλλά

1075 1829 1243 1863 πανταχόθεν
1257 1829 1355 1864 ἐπίσης
1367 1828 1411 1855 ἀεὶ
1424 1828 1471 1859 ὢν,
1495 1828 1542 1854 καὶ
1555 1827 1648 1858 τέλους
1658 1827 1732 1862 ὅρον,
1745 1826 1793 1852 καὶ
1809 1825 1859 1860 ἀρ-

1074 1873 1124 1908 χῆς
1148 1873 1251 1900 ἔννοιαν
1267 1874 1298 1908 τῇ
1317 1873 1428 1909 ἀπειρίᾳ
1443 1873 1491 1909 τῆς
1509 1873 1580 1907 ζωῆς
1602 1872 1760 1902 διαῆαίνων,
1786 1870 1859 1904 πάσῃ

1075 1919 1242 1955 προσηγορίᾳ
1257 1920 1506 1955 συνυπακουόμενον
1520 1919 1574 1954 ἔχει
1586 1918 1632 1945 καὶ
1643 1918 1673 1944 τὸ
1685 1917 1779 1944 ἀΐδιον.

239 1973 345 2000 semper
357 1970 408 1998 est,
427 1972 534 1992 omnem
551 1964 613 1992 ﬁnis
628 1967 727 1991 metam
744 1967 771 1991 et
786 1964 855 1991 initii
874 1965 1066 1999 cogitationem
1083 1966 1219 1994 inﬁnitate
1236 1974 1285 1994 sua
1306 1967 1515 1999 transcenderis,
1527 1970 1620 2001 utpote
1633 1965 1680 2000 qui
1696 1970 1860 2000 quocunque

239 2014 351 2042 nomine
366 2013 530 2048 appelletur,
547 2020 654 2047 semper
668 2012 849 2040 mternitatem
865 2013 946 2039 tacite
961 2013 1091 2041 includat.

275 2059 328 2087 Sed
347 2059 416 2086 hanc
439 2060 574 2094 vulgatam
589 2058 742 2085 doctrinam
764 2065 818 2085 non
835 2058 908 2092 capit
930 2058 1024 2085 Euno-

241 2107 323 2137 mius,
352 2105 398 2139 qui
414 2113 443 2132 se
458 2104 572 2131 multum
595 2104 913 2138 incomprehensibilium
931 2111 1023 2131 rerum

241 2153 471 2188 contemplatione
482 2155 608 2186 occupat,
640 2158 690 2177 nec
718 2149 861 2184 cognoscit
888 2149 1023 2183 geminam

242 2201 269 2226 in
298 2199 387 2226 Patris
423 2197 606 2232 appellatione
632 2195 873 2231 signiﬁcationem,
908 2202 1024 2229 quarum

243 2246 327 2272 altera
344 2248 396 2275 cst,
407 2243 497 2270 omnia
512 2250 543 2270 ex
561 2242 620 2276 ipso
635 2249 708 2273 esse,
739 2246 764 2268 et
791 2245 854 2267 ante
871 2241 963 2267 omnia
980 2239 1025 2266 Fi-

243 2292 308 2318 lium
324 2290 503 2324 unigenitum,
523 2296 571 2323 per
586 2295 665 2322 quem
689 2287 760 2314 facta
778 2291 842 2314 sunt
863 2288 971 2319 omnia;
988 2286 1027 2312 al-

245 2342 303 2363 tera
315 2340 368 2368 est,
395 2334 503 2362 Patrem
526 2334 629 2360 nullam
659 2341 689 2361 se
713 2333 882 2368 superiorem
912 2338 1025 2359 causam

245 2382 355 2409 habere.
373 2381 406 2407 At
427 2380 490 2407 licet
517 2380 575 2415 ipsc
600 2379 671 2407 hanc
695 2379 849 2407 doctrinam
878 2381 1025 2412 conspuat,

247 2433 307 2457 nos,
323 2429 480 2459 contempto
494 2424 553 2458 ejus
568 2424 625 2451 risu
643 2424 799 2458 spretisque
818 2422 946 2449 omnibus
965 2429 1029 2449 san-

247 2472 300 2502 uls,
318 2470 431 2498 ﬁdenter
445 2470 482 2501 id,
503 2469 574 2505 quod
587 2469 644 2503 jam
660 2477 675 2496 a
695 2469 772 2496 nobis
789 2468 892 2494 dictant
906 2472 958 2499 est,
979 2475 1023 2494 rc-

248 2516 413 2552 spondemus
431 2525 437 2543 ε
455 2523 561 2548 nempe,
597 2515 702 2542 Patrem
741 2519 767 2541 et
787 2514 935 2548 ingenitum
958 2513 1029 2540 idem

248 2571 319 2596 esse,
336 2566 363 2590 et
386 2562 457 2597 quod
474 2561 572 2589 Filium
589 2561 724 2597 genuerit,
754 2559 882 2594 quodque
897 2567 929 2586 ex
953 2559 1028 2586 nullo

249 2610 285 2636 sit
299 2609 463 2644 signiﬁcare.
635 2600 656 2612 \

285 2655 382 2683 Verum
412 2655 467 2685 ille,
494 2653 642 2680 certamine
670 2651 783 2686 repetito
803 2654 829 2678 et
856 2650 979 2678 oratione
1003 2651 1029 2677 in

247 2701 414 2727 contrarium
434 2706 575 2730 conversa,
592 2698 630 2724 ita
643 2696 718 2723 inﬁt:
733 2696 761 2723 Si
777 2695 854 2728 Deus,
872 2697 915 2731 qui
932 2695 1031 2722 Filium

249 2746 355 2779 genuit,
378 2744 454 2771 Pater
487 2747 535 2775 est,
559 2747 583 2769 et
605 2749 637 2769 ea:
665 2741 753 2769 eodem
777 2741 856 2768 etiam
882 2741 1031 2775 signiﬁcato

285 2804 307 2818 δ”
327 2802 404 2828 Rom.
430 2809 451 2830 ι,
469 2800 514 2828 25.
553 2800 576 2815 ”
596 2799 674 2826 Rom.
702 2807 745 2824 ut
760 2820 767 2833 ,
785 2797 830 2825 26.
847 2798 869 2814 ’⁸³
888 2799 898 2825 ι
918 2798 986 2824 Tim.

1073 2798 1098 2825 '1.
1116 2798 1139 2833 ξ’
1160 2797 1231 2824 Psal.
1256 2805 1292 2833 is,
1307 2796 1352 2825 ‘20.
1390 2795 1475 2825 "lsa.
1498 2801 1575 2829 unt,
1595 2795 1621 2821 l.

1118 2060 1186 2086 Ἀλλ’
1200 2060 1229 2086 οὺ
1244 2060 1351 2095 δέχεται
1368 2060 1413 2087 τὸν
1431 2060 1583 2094 ίδιωτισμὺν
1597 2059 1690 2086 τοῦτον
1703 2059 1716 2084 ὁ
1733 2057 1815 2089 πολὺς
1833 2058 1860 2083 ἐν

1076 2107 1135 2137 ταῖς
1151 2106 1204 2132 τῶν
1221 2106 1349 2141 ἀλήπτων
1365 2105 1491 2141 θεωρίαις
1513 2106 1658 2139 Εὐνόμιος·
1675 2104 1736 2130 οὐδὲ
1750 2101 1860 2130 διπλοῦν

1077 2154 1122 2180 ἐπὶ
1139 2153 1186 2180 τοῦ
1208 2153 1313 2188 Πατρὸς
1329 2150 1397 2179 εἶναι
1419 2152 1449 2178 τὸ
1473 2151 1671 2186 σημαινόμενον
1691 2149 1795 2176 τίθεται
1809 2156 1816 2164 ·
1834 2148 1861 2173 ἒν

1079 2199 1128 2233 μὲν
1143 2198 1173 2224 τὸ
1185 2218 1191 2230 ,
1208 2198 1236 2230 ἐξ
1253 2198 1357 2224 ἐκείνου
1372 2197 1406 2223 τὰ
1428 2196 1517 2223 πάντα
1528 2216 1535 2227 ,
1556 2195 1602 2221 καὶ
1616 2194 1668 2229 πρὸ
1694 2194 1803 2220 πάντων
1818 2192 1862 2219 τὸν

1079 2243 1142 2270 Υίὸν
1165 2243 1312 2278 μονογενῆ,
1328 2242 1360 2268 δι’
1380 2238 1410 2268 οὗ
1427 2242 1461 2268 τὰ
1478 2241 1576 2273 πάντα,
1596 2238 1791 2274 σημαίνεσθαι¹
1805 2238 1863 2263 ἓτε-

1081 2298 1125 2323 ρον
1142 2289 1169 2316 δέ
1182 2289 1212 2315 τὸ
1228 2288 1359 2324 μηδεμίαν
1373 2287 1453 2314 αὑτὸν
1464 2286 1662 2322 ὑπερκειμένην
1677 2284 1767 2311 αἰτίαν
1781 2283 1861 2318 ἔχειν.

1085 2335 1164 2362 ’Λλλά
1184 2335 1234 2361 κᾶν
1257 2336 1358 2366 ἐκεῖνος
1380 2333 1502 2360 διαπτύει
1524 2332 1568 2358 τὴν
1590 2331 1678 2365 λόγον,
1698 2331 1777 2365 ἡμεῖς
1798 2329 1862 2363 παρ’

1079 2382 1153 2408 οὐδὲν
1173 2381 1217 2407 τὸν
1230 2380 1335 2414 γέλωτα
1350 2379 1394 2405 τὸν
1408 2377 1581 2414 χλευαστικὸν
1598 2376 1787 2411 ποιησάμενοι,
1800 2374 1863 2409 θαρ-

1081 2427 1189 2462 ροὖντες
1204 2424 1431 2462 ἀποκρινούμεθα,
1442 2424 1509 2459 ὅπερ
1527 2422 1676 2457 εἰρήκαμεν
1688 2421 1751 2456 ἤδη,
1766 2421 1807 2446 ὅτι
1819 2419 1864 2445 καὶ

1080 2471 1176 2498 ταύτόν
1203 2472 1276 2497 ἐστιν
1292 2472 1305 2497 ὁ
1320 2470 1412 2505 Πατὴρ
1433 2469 1472 2504 τῷ
1491 2469 1639 2503 ἀγεννήτῳ,
1660 2466 1707 2493 καὶ
1723 2466 1753 2491 τὸ
1770 2473 1864 2499 γεγεν-

1081 2518 1191 2552 νηκέναι
1217 2517 1261 2544 τὸν
1282 2517 1341 2543 Υίὺν
1366 2516 1503 2551 σημαίνει,
1519 2514 1565 2541 καὶ
1580 2514 1610 2540 τὸ
1627 2512 1656 2544 ἐξ
1670 2511 1778 2543 οὐδενὸς
1798 2509 1865 2537 εἶναι

1083 2564 1256 2598 παρίστησιν.

1125 2650 1153 2675 '0
1166 2649 1194 2675 δὲ
1207 2649 1252 2675 καὶ
1265 2647 1459 2682 ἐπαγωνίζεται
1474 2647 1529 2678 τοῖς
1542 2645 1707 2681 εἰρημένοις,
1729 2644 1778 2670 καί
1791 2652 1865 2679 φησι,

1085 2696 1131 2722 καὶ
1149 2695 1237 2730 μέντοι
1254 2695 1300 2722 καὶ
1316 2694 1383 2729 πρὸς
1400 2692 1552 2720 τούναντίον
1566 2689 1738 2725 ἀντιστρέφει
1756 2689 1836 2716 πάλιν
1854 2689 1867 2716 ὁ

1085 2739 1175 2773 λόγος’
1190 2739 1222 2765 Ei
1233 2738 1286 2773 γὰρ
1299 2737 1346 2764 διὰ
1357 2737 1388 2764 τὸ
1404 2735 1612 2772 γεγεννηκέναι
1625 2734 1678 2762 τὸν
1693 2733 1760 2761 Υιόν
1774 2735 1790 2760 ὁ
1799 2733 1868 2763 Bede

1659 2793 1680 2809 "
1702 2792 1775 2821 Psal.
1790 2800 1830 2825 tn,
1841 2791 1868 2820 Ι..

249 2837 379 2864 ⁸¹¹Μιιιιιμ
399 2843 456 2868 xrx,
477 2836 528 2869 t6;
550 2834 616 2863 Mar.
634 2834 678 2869 10,
699 2833 742 2863 15.
760 2831 764 2833 Ὗ
780 2834 801 2850 ⁸³
817 2833 895 2862 ﬁetu.
912 2841 970 2868 γιιι,
987 2833 1015 2862 ίὲ

1069 2834 1083 2848 ¹²
1101 2831 1195 2861 Matth.
1213 2839 1249 2867 vt,
1266 2832 1293 2860 9.
