1957 3079
91 133 138 161 439

91 193 147 220 ἐστι
160 192 267 226 Πατὴρ,
283 191 333 220 καὶ
352 193 462 220 ταύτὸν
473 193 508 220 δὲ
526 197 748 231 σημαινόμενον
762 198 861 233 Πατήρ
875 201 899 230 Α

91 238 167 265 ἐστιν
184 237 232 264 καί
255 238 429 272 ἀτέννητος,
453 239 503 266 διὰ
521 240 554 267 τὸ
579 243 788 276 γεγεννηκέναι
811 244 864 270 τὸν

91 283 157 315 Πὸν,
176 284 192 310 ό
209 284 281 316 Θεός
295 283 380 310 ἐστιν
395 285 568 320 ἀγένητος.
584 287 697 323 Ἴδωμεν
711 288 800 316 τοίνυν
817 289 864 316 καὶ

91 327 130 352 τὸν
140 326 187 361 τῆς
201 326 372 363 ἀναστροφῆς
387 327 469 354 αὐτοῦ
487 329 574 363 λόγον,
595 331 653 362 πῶς
670 331 738 367 πρὸς
754 333 864 359 τούναν-

91 372 139 399 τίον
148 371 267 398 ἀναλύων
281 373 331 409 τὴν
343 373 390 399 τοῦ
406 375 536 410 προτέρου
549 376 715 412 σοφίσματος
729 378 862 412 σύνθεσιν,

92 418 162 444 πάλιν
177 419 248 453 ἡμᾶς
264 420 310 445 καὶ
329 419 373 446 διὰ
394 420 490 448 τούτου
505 423 564 454 ταῖς
585 423 714 457 ἀφύκτοις
731 426 864 460 ἀνάγκαις

92 463 319 498 περιστοιχίζεται.
340 464 369 490 '0
381 465 511 500 πρότερος
525 464 580 502 εἶχε
595 468 771 505 συλλογισμὸς
786 471 865 497 τοῦτο

92 508 117 534 τὸ
131 508 224 534 ἄτοπον
235 516 243 523 θ
261 511 296 536 El
314 511 331 536 ὀ
352 511 454 544 Πατὴρ
470 513 610 546 σημαίνει
634 514 668 541 τὸ
690 515 725 547 ἐξ
741 516 865 549 οὐδενὸς

91 552 157 580 εἶναι
171 553 223 580 τὸν
234 555 318 586 Θεὸν,
340 555 374 588 ἐξ
393 556 525 591 ἀνάγκης
539 559 571 585 τὸ
593 560 799 594 γεγεννηκέναι
812 562 866 588 ’τὸν

91 600 149 625 l‘iér
161 598 257 626 οὐκέτι
277 600 448 633 ἐνδείξεται.
465 599 565 636 Οὗτος,
585 604 629 631 διὰ
642 605 692 640 τῆς
703 606 770 640 πρὸς
789 607 865 633 τούν.

92 644 168 670 αντέον
187 645 361 681 ἀναστροφῆς
371 667 378 679 ,
393 648 490 683 ἑτέραν
505 650 570 684 ἡμῖν
585 651 700 677 ἀτοπίαν
723 652 794 679 κατὰ
816 653 864 679 τοῦ

93 691 216 726 ἡμετέρου
226 691 362 727 δόγματος
374 695 579 729 ἐπαγγέλλεται.
601 697 648 728 Τίς
662 694 707 724 οὖν
720 698 736 733 ὴ
750 697 796 724 τοῦ
808 699 866 725 ἐκεῖ

91 735 226 771 δειχθέντος
242 737 386 771 ἀνάλυσις;
400 739 433 766 El
447 740 495 767 διὰ
505 741 538 767 τὸ
550 742 770 776 γεγεννηκέναι,
786 745 863 779 φησὶ,

90 782 135 808 τὸν
148 782 221 814 Υἱὸν,
233 784 250 809 ὁ
264 785 334 816 Θεός
346 784 409 811 ἐστι
421 785 529 820 Πατήρ.
541 787 625 814 Τοῦτο
638 788 699 823 ἡμῖν
710 789 724 815 ὁ
736 789 865 825 πρότερος

91 827 256 862 συλλογισμὸς
270 829 300 855 οὐ
315 830 496 866 παρέστησεν,
514 831 581 858 ἀλλὰ
599 833 637 868 τῷ
653 833 711 868 μὲν,
725 834 863 868 δύνασθαι,

650 136 789 166 CONTRA
809 138 1002 173 EUNOMIUM,
1024 139 1087 167 LIB.
1108 140 1127 168 Ι.

1648 143 1700 172 450

914 198 994 225 Pater
1017 199 1146 234 ingenitus
1163 204 1212 231 est,
1240 200 1355 236 sequitur
1372 200 1453 228 Deum
1469 209 1523 228 esse
1545 201 1699 236 ingenitum,

913 245 975 279 quia
999 243 1100 271 Filium
1116 246 1204 280 genuit
1221 253 1230 272 .'
1249 247 1323 280 prius
1341 247 1432 281 igitur,
1447 255 1525 282 quam
1542 245 1644 273 Filium
1659 255 1703 282 ge-

915 294 1028 321 neraret,
1046 298 1096 317 non
1110 295 1167 318 erat
1182 291 1323 326 ingenitus.
1338 291 1525 320 Discutiamus
1538 293 1620 328 igitur
1632 293 1702 320 hanc

914 335 974 370 ejus
995 335 1022 362 in
1039 336 1206 363 contrarium
1220 338 1438 370 conversionem,
1459 343 1486 366 et
1501 338 1637 373 quomodo
1655 347 1702 374 per

915 382 1014 416 prioris
1029 381 1180 417 syllogismi
1198 383 1393 410 resolutionem
1420 384 1640 412 ineluctabilihus
1655 392 1702 412 no-

914 427 956 454 dis
971 434 1020 454 nos
1035 427 1217 462 constringat,
1232 427 1420 462 dispiciamus.
1437 428 1515 455 Prior
1527 429 1701 465 syllogismus

914 472 986 500 hanc
1004 473 1084 500 nobis
1098 473 1295 500 absurditatem
1313 474 1477 508 objiciehat:
1495 474 1526 502 Si
1545 476 1701 502 vocabulum

914 518 1008 546 Patris
1033 519 1175 553 signiﬁcat,
1203 518 1287 546 Deum
1308 527 1341 546 e1:
1356 520 1430 546 nulla
1455 521 1508 546 alia
1522 529 1604 548 causa
1630 530 1698 552 esse.

915 564 1061 591 necessario
1075 565 1202 599 sequitur,
1220 565 1266 592 illo
1279 565 1405 592 vocabulo
1422 574 1473 592 non
1488 566 1602 600 amplius
1619 567 1701 601 signi-

914 609 1001 642 ﬁcari,
1019 609 1087 644 quod
1111 608 1213 636 Filium
1233 611 1360 644 genuerit.
1384 610 1418 637 At
1441 611 1493 638 iste
1517 611 1700 646 syllogismus,

916 653 958 680 via
981 654 1008 680 in
1035 655 1205 681 contrarium
1222 662 1312 688 versa,
1338 655 1419 682 aliam
1445 656 1577 682 doctrinm
1602 660 1701 683 nostra:

915 699 1111 727 altsurditatem
1135 700 1259 735 imponit.
1279 700 1345 734 Quae
1368 701 1452 736 igitur
1470 705 1511 729 est
1535 701 1586 728 ista
1603 701 1701 736 prioris

916 745 1067 780 syllogismi
1084 746 1240 773 resolutio?
1265 746 1305 778 Si,
1335 746 1433 781 inquit,
1454 747 1523 774 Deus
1548 753 1587 774 est
1609 746 1700 778 Pater.

915 791 978 825 quia
996 790 1097 818 Filium
1112 792 1211 826 genuit.
1222 791 1279 819 Hoc
1291 792 1365 827 prior
1380 793 1557 829 syllogismus
1570 800 1622 820 non
1637 801 1702 820 con-

917 836 1031 868 tinebat,
1043 837 1089 864 sed
1107 836 1180 864 istud
1204 836 1262 863 ﬁcri
1276 845 1330 864 non
1346 845 1437 872 posse,
1451 842 1480 865 ut
1501 838 1524 864 si
1538 838 1701 865 vocabulum

90 873 110 898 εἰ
122 872 148 898 τὸ
158 873 302 908 ἀγέννητον
316 874 362 901 τοῦ
374 875 479 911 [ἰατρὸς
494 884 525 912 οη
531 877 654 913 μανθείη,
671 879 717 905 καὶ
733 880 781 915 τὴν
795 881 862 916 πρὸς

916 881 1006 908 Patris
1038 881 1172 915 signiticet
1199 881 1305 908 Patrem
1339 869 1489 917 ingenitum
1519 889 1596 913 esse,
1621 882 1702 910 simul

91 919 128 944 τὸν
145 918 204 945 Υίὺν
229 920 322 954 σχέσιν
342 921 484 956 σημαίνειν
505 923 522 958 ἡ
539 923 682 950 ἀκολουθία
707 925 752 952 τοῦ
771 926 863 953 συλλο-

90 963 178 998 γισμοῦ
199 964 280 998 δῆθεν
298 965 442 994 ἐδείκνυεν.
467 967 503 993 Τὸ
519 968 547 994 δὲ
569 968 614 995 διὰ
637 969 715 996 τοῦτο
731 971 776 997 τὸν
797 971 863 998 Θεὸν

90 1007 149 1035 εἶναι
164 1009 281 1046 Πατέρα,
297 1010 364 1038 διότι
376 1012 522 1048 γεγέννηκε
542 1013 588 1041 τὸν
606 1015 678 1047 Υἱὺν,
695 1016 770 1042 οὐδὲν
785 1018 801 1052 ή
816 1017 862 1044 τοῦ

89 1055 208 1090 προτέρου
227 1056 393 1092 σοφίσματος
417 1060 572 1095 κατασκευὴ
593 1061 746 1096 διωρίσατο.
764 1060 796 1089 Τί
816 1062 864 1090 οὖν

90 1102 139 1128 ἔστι
153 1102 181 1128 τὸ
193 1102 428 1138 ἀναστρεφόμενον
446 1105 500 1131 ὑπὸ
516 1106 566 1140 τῆς
587 1106 756 1143 διαλεκτικῆς
775 1117 804 1134 τε
818 1109 864 1135 καὶ

89 1147 202 1182 τεχνικῆς
214 1148 363 1182 ἀγχινοίας,
376 1148 451 1175 οὔπω
468 1150 588 1185 συνίημι.

118 1192 184 1228 Πλὴν
195 1193 264 1220 ἀλλὰ
285 1195 468 1231 σκοπήσωμεν
492 1195 541 1231 τὴν
558 1196 613 1223 τῶν
636 1197 790 1233 εἰρημένων
805 1199 863 1227 διά-

89 1247 167 1265 νοιαν·
185 1239 218 1265 El
236 1239 286 1266 διὰ
308 1240 341 1267 τὸ
359 1242 569 1276 γεγεννηκέναι
590 1243 643 1270 τὸν
665 1243 734 1271 Υιὸν
755 1247 772 1272 ὁ
793 1247 865 1279 Θεός

87 1285 162 1312 ἐστιν
176 1286 351 1320 ἁγέννητος,
369 1288 439 1321 πρὶν
462 1288 605 1323 γεννῆσαι
622 1290 738 1323 τοῦτον,
759 1293 814 1319 οὐκ
827 1290 866 1327 ἥν

88 1331 247 1366 ἀτέντητος.
274 1332 360 1359 Πάλιν
380 1333 488 1369 ἕτοιμος
510 1335 577 1369 πρὸς
597 1336 627 1362 τὸ
646 1336 799 1372 εἰρημένον,
817 1339 865 1364 καὶ

88 1376 177 1408 ἁπλοῦς
193 1378 242 1412 τῆς
257 1378 388 1413 ἀληθείας
402 1380 415 1406 ὁ
434 1379 521 1413 λόγος·
540 1380 580 1406 ὃτι
600 1381 688 1407 καὶτὸ
703 1383 866 1418 γεγεννηκέ-

89 1430 125 1448 ναι
138 1422 179 1449 τὸν
195 1423 259 1449 Υἱὺν
275 1424 294 1458 ἡ
316 1423 362 1450 τοῦ
379 1424 486 1459 Πατρὺς
506 1425 671 1452 ἐνδείκνυται
687 1426 784 1462 κλῆσις
794 1447 801 1459 ,
817 1436 866 1454 κα-

90 1466 134 1498 θὼς
144 1468 207 1502 ἡμῖν
220 1468 248 1494 ὲν
263 1469 321 1499 τοῖς
336 1469 540 1504 προειρημένοις
552 1471 802 1506 προαποδέδεικται,
818 1474 866 1500 καὶ

89 1511 114 1537 τὸ
125 1512 159 1546 μὴ
169 1512 196 1545 ἐξ
212 1513 305 1544 αἰτίας
319 1514 437 1540 νοεῖσθαι
458 1523 532 1546 τινος
553 1515 598 1542 τὸν
618 1517 798 1551 γεννήσανταο
819 1519 866 1545 ἐὰν

91 1557 132 1590 μὲν
143 1557 193 1592 γὰρ
206 1558 274 1594 πρὸς
290 1559 321 1585 τὸ
334 1558 364 1591 ἐξ
377 1559 457 1586 αὑτοῦ
476 1560 587 1596 βλέπῃς,
604 1562 620 1596 ὴ
637 1561 683 1588 τοῦ
698 1563 866 1598 Μονογενοῦς

90 1603 222 1635 ὑπόστασις
238 1604 284 1631 διὰ
308 1605 357 1641 τῆς
373 1605 419 1632 τοῦ
437 1606 541 1641 Πατρὸς
564 1608 748 1644 προσηγορίας
768 1610 866 1645 γνωρί-

89 1649 162 1680 ζεται.
185 1650 247 1676 Ἐὰν
258 1650 288 1677 δὲ
301 1651 330 1677 τὸ
344 1650 396 1686 πρὸ
413 1651 494 1678 αὑτοῦ
507 1652 648 1688 ἐξετάζῃς,
664 1655 680 1688 ἡ
698 1654 744 1680 τοῦ
757 1655 864 1690 Πατρὺς

90 1694 171 1729 κλῆσις
191 1696 220 1721 τὺ
238 1696 356 1731 ἄναρχον
373 1696 419 1722 τοῦ
436 1697 481 1723 τὸν
498 1697 561 1724 Υίὺν
573 1699 766 1734 γεγεννηκότος
783 1700 866 1728 ἐνδεί-

89 1748 182 1766 κνυται·
206 1741 236 1767 τὸ
261 1741 291 1767 δὲ
318 1741 417 1775 λέγειν,
442 1743 483 1768 ὅτι
505 1743 569 1778 πρὶν
584 1744 712 1778 γεννῆσαι
735 1745 780 1772 τὸν
802 1745 866 1772 Υἱὺν

89 1785 132 1810 οὐκ
143 1783 174 1820 ἦν
190 1787 337 1822 ἁγέννητος
351 1788 365 1814 ὁ
381 1787 456 1819 Θεὸς,
475 1788 570 1824 διπλῆν
587 1790 663 1824 φέρει
684 1790 733 1824 τὴν
749 1798 866 1825 κατηγο-

91 1831 143 1866 ρίαν
154 1832 190 1867 τῷ
201 1833 364 1868 λογογράφῳ
377 1842 383 1849 ·
401 1835 450 1869 τῆς
464 1843 492 1861 τε
506 1834 566 1861 καθ’
577 1836 592 1870 ἡ
598 1834 656 1870 μῶν
673 1836 865 1870 συκοφαντίας,

90 1877 130 1902 καὶ
143 1877 188 1911 τῆς
204 1878 276 1904 κατὰ
293 1878 338 1904 τοῦ
353 1879 484 1914 δόγματος
499 1879 614 1914 ὕϐρεως
633 1881 663 1907 τό
682 1889 711 1907 τε
727 1881 782 1916 γὰρ
798 1883 865 1917 μήτε

91 1921 155 1956 παρὰ
166 1922 210 1948 τοῦ
225 1922 386 1949 διδασκάλου
398 1923 489 1959 ῥηθὲν,
506 1925 573 1959 μήτε
588 1924 636 1951 νῦν
652 1925 714 1960 παρ’
729 1925 816 1960 ἡμῶν,
828 1925 865 1957 ὡς

89 1966 290 2003 ὁμολογούμενον
308 1968 440 2004 διασύρειο
458 1970 503 1996 καὶ
517 1970 563 1997 τὸν
577 1970 642 1996 Θεόν
656 1979 736 2006 φησιν
752 1971 864 2006 ὕστερόν

92 2020 148 2038 ποτε
170 2014 340 2049 γεγενῆσθαι
362 2015 483 2050 Πατέρα.
505 2015 569 2042 ἄλλο
592 2024 618 2041 τι
640 2016 703 2042 ὄντα
723 2017 864 2052 πρότερον,

92 2058 132 2083 καὶ
144 2058 173 2084 οὐ
190 2059 310 2094 Πατέρα.
333 2060 371 2085 Δι’
393 2056 430 2087 ὧν
444 2060 498 2095 γὰρ
513 2060 542 2086 τὸ
557 2061 656 2087 ἄτοπον
670 2061 716 2087 τοῦ
734 2062 864 2097 ἡμετέρου

90 2103 159 2138 λόγου
180 2106 390 2141 καταχλευάζει,
407 2107 456 2142 τὴν
473 2108 567 2134 ἑαυτοῦ
583 2110 646 2144 περὶ
661 2109 691 2136 τὺ
708 2109 794 2145 δόγμα
814 2118 866 2137 πα-

92 2150 210 2185 ρανομίαν
227 2151 287 2186 βοᾷ.
309 2152 353 2183 Ὠς
364 2152 417 2187 γὰρ
427 2153 638 2188 ὁμολογούμενον
652 2154 730 2191 ἔχων,
747 2156 786 2182 ὅτι
801 2155 864 2190 πρό-

89 2201 158 2229 τερον
170 2196 232 2222 ἄλλο
243 2206 270 2223 τι
281 2196 330 2228 ὢν,
347 2198 414 2232 μετὰ
426 2197 511 2224 ταῦτα
523 2198 592 2225 κατὰ
604 2200 744 2235 προκοπὴν
758 2201 864 2235 ἐγένετό
883 2211 901 2237 ο

89 2247 114 2265 τε
125 2241 168 2267 καὶ
180 2242 326 2278 ὠνομάσθη
342 2243 443 2279 Πατήρ·
458 2245 536 2271 τοῦτό
549 2254 628 2280 φησιν
639 2265 646 2277 ,
659 2246 699 2272 ὅτι
714 2247 786 2280 Πρὶν
802 2256 867 2281 γεν-

89 2284 171 2319 νῆσαι
191 2288 245 2314 τόν
263 2288 344 2319 Υἱὸν,
361 2289 408 2315 καὶ
424 2289 471 2316 διὰ
486 2290 572 2317 τοῦτο
592 2291 738 2325 κληθῆναι
752 2293 865 2326 Πατὴρ,

89 2330 151 2357 οὐδὲ
161 2331 324 2366 ἀγέννητοι·
334 2331 382 2367 ἦν,
397 2334 479 2368 εἴπερ
494 2336 512 2369 ή
523 2336 687 2370 ἀγεννησιά
699 2337 736 2371 τῇ
745 2338 797 2365 τοῦ
808 2340 865 2364 Πα-

90 2375 149 2408 τρὸς
158 2377 259 2411 ἐννοίᾳ
270 2379 446 2413 ⁴γινίιδρίζετιῑιι.
461 2380 545 2407 Τοῦτο
557 2382 622 2416 ὅσην
633 2382 688 2417 ἔχει
698 2383 747 2416 τὴν
763 2383 864 2414 ἄνοιαν,

89 2421 154 2448 οὐδὲν
167 2421 242 2458 οἶμαι
260 2424 318 2450 δεῖν
335 2424 381 2451 τοῦ
401 2426 564 2460 ἐλέγχοντος·
583 2428 683 2459 ἱκανῶς
701 2428 755 2464 γὰρ
770 2429 816 2456 καὶ
831 2429 866 2456 δι’

90 2465 175 2510 ἑαυτοῦ
192 2469 342 2504 παρίστησι
355 2471 410 2501 τοῖς
427 2478 457 2504 γε
475 2471 537 2498 νοῦν
553 2465 667 2507 ἔχουσιν.
685 2473 716 2500 Ei
732 2474 786 2510 γὰρ
804 2474 866 2502 ἄλλο

89 2519 111 2536 τι
124 2509 154 2547 ἧν
168 2513 182 2538 6
193 2513 259 2545 Θεὸς
285 2514 339 2548 πρὸ
351 2514 398 2540 τοῦ
412 2515 537 2548 γενέσθαι
561 2517 664 2552 Πατὴρ,
681 2517 706 2544 τί
721 2518 826 2553 ἐροῦσιν
840 2520 865 2545 οι

90 2557 228 2590 προστάται
249 2559 296 2584 τοῦ
315 2558 465 2593 δόγματος;
490 2560 533 2586 Ἐν
545 2561 608 2596 ποίᾳ
620 2563 784 2589 καταστάσει
800 2563 866 2590 θεω-

91 2601 182 2636 ρεῖσθαι
197 2604 334 2637 φήσουσι;
356 2603 388 2629 Τί
403 2603 487 2639 ὄνομα
505 2606 537 2639 τῇ
561 2606 619 2631 τότε
634 2605 754 2642 διαγωγῇ
768 2627 775 2638 ,
792 2609 864 2640 παῖς,

89 2647 184 2680 νήπιον,
211 2648 321 2684 βρέφος,
343 2649 500 2684 μειράκιον;
521 2650 556 2676 Ἦ
569 2650 669 2677 τούτων
693 2651 741 2686 μὲν
759 2652 867 2687 ἐροῦσιν

89 2691 165 2725 οὐδὲν,
177 2693 207 2720 τὸ
227 2695 377 2730 περιφανὲς
399 2694 463 2726 iam;
474 2695 524 2730 τῆς
540 2696 653 2727 ἀτοπίας
669 2696 846 2732 ἑρυθριῶντες
857 2717 864 2729 ,

89 2737 179 2764 τέλειον
200 2739 228 2765 δὲ
244 2740 327 2765 αὑτὸν
348 2740 378 2772 ἐξ
392 2741 478 2776 ἀρχῆς
493 2740 560 2767 εἶναι
579 2742 628 2767 οὐκ
647 2742 864 2777 ὰπαρνήσονται;

89 2779 141 2808 εἷτα
155 2783 211 2815 πῶς
225 2783 327 2815 τέλειος
345 2785 427 2819 μήπω
442 2786 531 2821 πατὴρ
548 2784 616 2812 εἶναι
629 2787 791 2822 δυνάμενος;
809 2788 824 2822 ἥ
837 2787 866 2813 τὸ

92 2827 135 2861 μὲν
150 2829 248 2864 ἰσχύειν
271 2831 322 2857 οὐκ
340 2831 546 2866 ἀφαιρήσονται·
563 2833 678 2868 φήσουσι
695 2832 721 2859 δὲ
742 2832 778 2868 μὴ
800 2834 866 2868 πρέ-

913 926 995 954 etiam
1015 926 1104 953 Patris
1125 926 1159 953 ad
1181 926 1280 954 Filium
1306 927 1466 955 relationem
1485 927 1631 963 signiticet,
1649 928 1701 955 hoc

913 971 1018 999 scilicet
1028 971 1202 1006 syllogismus
1216 971 1261 998 ille
1278 971 1494 999 demonstrabat.
1515 974 1549 999 At
1566 973 1592 999 in
1609 973 1701 1007 priore

914 1018 1082 1053 sophismata
1103 1026 1158 1044 non
1179 1017 1353 1045 asserebatur
1377 1018 1459 1045 Deum
1481 1017 1541 1046 ideo
1568 1026 1630 1046 esse
1649 1019 1701 1046 Pa-

914 1068 994 1097 trem,
1017 1064 1090 1098 quod
1109 1062 1208 1090 Filium
1227 1064 1361 1098 genuerit.
1380 1063 1512 1096 Quaanam
1536 1064 1619 1099 igitur
1644 1064 1702 1092 haec

914 1108 951 1134 sit
971 1107 1112 1142 reciproca
1136 1107 1281 1134 conversio
1294 1114 1327 1134 ex
1346 1107 1488 1135 dialectica
1506 1111 1534 1136 et
1552 1108 1701 1136 artiﬁciosa

915 1152 1027 1180 solertia
1048 1151 1181 1186 proiecta,
1205 1159 1254 1186 ego
1275 1159 1328 1178 non
1354 1151 1443 1179 video.

949 1197 1133 1224 Nihilominus
1150 1197 1336 1232 expendamus
1359 1205 1391 1224 ea
1424 1205 1484 1232 qua:
1506 1198 1583 1225 dicit:
1597 1197 1627 1225 Si
1640 1206 1702 1232 ρνοι

915 1246 1004 1276 pterea
1022 1241 1090 1268 Deus
1112 1246 1149 1268 est
1165 1241 1307 1276 ingenitus,
1332 1241 1394 1276 quia
1408 1241 1510 1268 Filium
1526 1242 1625 1276 genuit,
1639 1251 1700 1277 ergo

916 1288 1071 1322 priusquam
1096 1291 1242 1322 generaret,
1270 1287 1400 1321 ingenitus
1422 1295 1474 1314 non
1498 1291 1565 1314 erat.
1595 1287 1701 1316 Rursus

917 1333 1007 1360 facilis
1032 1337 1059 1360 et
1074 1332 1201 1367 expedita
1216 1332 1325 1359 veritati
1351 1333 1494 1367 responsio
1509 1336 1639 1367 suppetit,
1659 1333 1702 1360 ni-

917 1379 1015 1406 mirum
1027 1377 1116 1405 Patris
1130 1378 1309 1413 appellatione
1319 1378 1477 1413 signiiicari,
1496 1387 1558 1406 eum
1573 1379 1702 1414 genuisse

917 1423 1026 1456 Filium,
1039 1428 1120 1459 prout
1135 1427 1213 1450 antea
1229 1424 1446 1451 demonstratum
1461 1428 1513 1455 cst,
1539 1432 1656 1459 euiuque
1667 1433 1701 1452 ex

918 1469 991 1495 nulla
1003 1468 1056 1495 alia
1066 1475 1149 1496 causa
1161 1476 1241 1496 esse:
1257 1476 1319 1495 nam
1336 1469 1359 1495 si
1377 1469 1509 1504 respicias
1534 1469 1567 1496 ad
1583 1469 1609 1496 id
1628 1471 1702 1505 quod

918 1518 959 1541 est
975 1521 1008 1541 ex
1027 1514 1096 1548 ipso,
1115 1513 1250 1549 Uuigeniti
1264 1513 1420 1548 hypostasis
1436 1521 1482 1549 per
1495 1514 1583 1542 Patris
1601 1523 1701 1543 nomen

918 1551 1074 1586 innotescit.
1103 1558 1131 1586 Si
1152 1567 1216 1586 vero
1238 1559 1302 1595 quid
1323 1561 1400 1594 prius
1425 1560 1484 1595 ipso
1509 1561 1555 1592 sit,
1579 1561 1702 1596 indages.

916 1603 1007 1632 Patris
1031 1605 1237 1632 nomenelatura
1258 1613 1272 1631 a
1294 1604 1374 1632 Patre
1391 1606 1518 1640 principii
1533 1610 1643 1641 experte
1657 1605 1704 1633 Fi--
1729 1633 1732 1636 ,

917 1650 982 1677 lium
993 1650 1114 1684 genitum
1128 1657 1190 1677 esse
1204 1650 1333 1678 ostendit.
1351 1649 1486 1678 Caeterum
1514 1651 1605 1679 dicere
1617 1651 1702 1679 Deum

917 1695 994 1730 prius
1016 1702 1070 1722 non
1094 1695 1181 1723 fuisse
1205 1696 1367 1730 ingenitum,
1389 1704 1469 1730 quam
1494 1695 1590 1723 Filium
1621 1704 1703 1731 gene-

918 1744 1001 1772 raret,
1021 1740 1123 1775 duplici
1139 1740 1351 1775 reprehensione
1363 1741 1574 1768 declamatorem
1591 1742 1703 1777 dignum

917 1793 978 1814 esse
998 1787 1087 1822 arguit
1105 1795 1112 1812 ε
1132 1791 1189 1813 tum
1213 1787 1247 1814 ob
1269 1787 1476 1822 sycophantiam
1502 1787 1633 1815 adversus
1653 1796 1704 1815 nos

917 1836 1062 1864 structam,
1084 1836 1140 1858 tum
1158 1832 1193 1859 ob
1208 1833 1400 1860 contumeliam
1425 1833 1475 1867 ipsi
1500 1833 1705 1859 doctrinmilla-

918 1881 983 1904 tam.
1006 1876 1074 1903 Nam
1098 1878 1172 1912 quod
1195 1886 1283 1913 neque
1302 1885 1317 1904 a
1340 1879 1470 1913 magistro
1501 1882 1597 1905 nostro
1614 1886 1704 1913 neque

917 1928 933 1947 a
955 1922 1035 1949 nobis
1049 1921 1154 1949 dictum
1169 1927 1221 1955 est,
1240 1922 1306 1949 illud
1321 1927 1450 1957 tanquam
1470 1930 1632 1950 concessum
1646 1927 1704 1950 tra-

917 1967 1002 2000 ducit,
1024 1967 1116 2002 aitque
1139 1968 1223 1995 Dcum
1252 1969 1369 2003 posteris
1393 1968 1502 1996 tandem
1534 1969 1704 2004 temporibus

917 2010 1019 2039 factum
1041 2020 1103 2039 esse
1132 2011 1252 2045 Patrem,
1275 2020 1337 2040 cum
1365 2014 1441 2048 prius
1471 2013 1545 2040 aliud
1572 2013 1703 2048 quiddam

916 2062 997 2090 esset,
1012 2062 1039 2085 et
1053 2066 1107 2085 non
1124 2057 1214 2086 Pater.
1236 2058 1303 2086 Nam
1321 2059 1416 2087 iisdem
1438 2061 1617 2095 argumentis,
1640 2061 1702 2096 qui.

917 2104 968 2131 bus
984 2104 1081 2139 dogma
1096 2108 1218 2132 nostrum
1232 2109 1362 2140 tanquam
1377 2106 1525 2133 absurdum
1539 2106 1702 2139 suhsannat,

918 2150 1120 2185 improbitatem
1148 2159 1226 2178 suam
1246 2152 1320 2178 circa
1344 2151 1411 2179 illud
1431 2153 1519 2187 ipsum
1541 2153 1638 2188 dogma
1656 2160 1703 2188 pa-

918 2195 1019 2223 tefacit.
1034 2195 1124 2222 Sumit
1138 2197 1209 2223 enim
1222 2197 1292 2224 velut
1304 2197 1359 2231 jam
1376 2197 1519 2232 probatum
1546 2202 1573 2225 et
1589 2205 1704 2225 conces-

916 2249 987 2274 sum,
1007 2240 1091 2269 Deum
1116 2242 1192 2276 prius
1220 2242 1322 2277 aliquid
1348 2243 1422 2270 aliud
1451 2243 1545 2276 fuisse,
1567 2248 1703 2279 ctpostca

915 2294 963 2320 per
983 2287 1146 2321 profectum,
1162 2287 1269 2315 Patrem
1285 2288 1385 2316 factum
1401 2292 1427 2316 ct
1444 2290 1607 2324 appellatum
1622 2298 1699 2318 esse:

917 2331 976 2358 ideo
992 2332 1039 2364 ait,
1055 2333 1207 2367 priusquam
1222 2339 1354 2369 generaret
1370 2333 1478 2366 Filium,
1494 2340 1517 2362 et
1531 2335 1591 2363 inde
1608 2335 1699 2364 Patris

917 2385 1009 2404 nanten
1035 2379 1171 2413 acciperet,
1203 2388 1233 2406 ne
1259 2380 1400 2414 ingenitum
1431 2381 1537 2415 quidem
1559 2381 1652 2416 fuisse,
1677 2383 1701 2409 si

916 2421 1111 2449 innascibililas
1136 2422 1226 2449 Patris
1251 2423 1491 2452 notioniadhwrct.
1507 2424 1701 2453 Demonstrare

916 2471 1047 2502 quantum
1074 2468 1131 2495 [nec
1155 2469 1278 2496 stultitia
1303 2470 1532 2504 complectantur,
1550 2479 1605 2499 non
1628 2471 1701 2498 arbi-

917 2519 975 2540 tror
992 2514 1047 2540 ullo
1070 2514 1164 2542 labore
1184 2522 1253 2550 opus
1271 2522 1342 2542 esse.
1359 2515 1432 2543 Satis
1454 2516 1526 2543 enim
1544 2524 1592 2551 per
1609 2517 1699 2551 seipsa

917 2561 1063 2587 amentiam
1088 2568 1165 2587 suam
1204 2560 1323 2596 produnt
1350 2562 1420 2596 apud
1449 2562 1511 2590 illos
1535 2563 1581 2597 qui
1609 2567 1700 2589 mente

917 2614 971 2632 non
998 2611 1100 2633 carent.
1126 2607 1193 2633 Nam
1231 2607 1253 2634 si
1285 2607 1359 2634 aliud
1385 2608 1513 2642 quiddam
1540 2611 1599 2634 erat
1628 2607 1699 2635 Deus

917 2652 1076 2687 priusquam
1099 2652 1199 2680 Filium
1225 2657 1375 2689 generaret,
1397 2653 1463 2687 quid
1489 2653 1580 2679 dicent
1603 2652 1699 2687 impie-

918 2699 981 2725 tatis
997 2697 1078 2732 hujus
1097 2698 1285 2733 anlcsignani?
1305 2697 1332 2724 In
1351 2705 1407 2732 quo
1429 2701 1500 2724 statu
1518 2705 1579 2724 eum
1595 2698 1700 2724 consti-

917 2744 1010 2771 tuent?
1031 2743 1172 2776 Quodnam
1194 2751 1290 2771 nomen
1311 2743 1335 2770 ei
1356 2743 1383 2770 in
1407 2743 1454 2768 tali
1472 2742 1577 2769 vivendi
1595 2743 1701 2769 rationm

917 2790 1067 2817 constituto
1093 2789 1250 2824 imponent?
1274 2788 1343 2815 Num
1377 2788 1551 2823 appellabunt
1568 2788 1700 2823 puerum?

919 2835 986 2862 Num
1014 2835 1141 2862 infantem
1162 2835 1308 2862 tenellam?
1327 2835 1367 2862 An
1383 2834 1452 2861 nihil
1478 2834 1575 2862 horum
1598 2834 1700 2865 dicent,
