1957 3079
235 141 284 168 ZSI

854 145 882 173 S.
896 145 1059 175 CREGORII
1075 148 1222 177 NYSSENI

1805 154 1857 183 £52

232 199 406 227 manifestam
422 199 618 227 absurditatem
635 202 753 233 reveriti,
769 203 974 240 perfectumque
986 206 1017 233 ab

1071 216 1130 234 πειν
1144 208 1210 243 ὁμοῦ
1227 207 1265 243 τῷ
1278 206 1346 234 εἶναι
1361 208 1442 236 αὐτὸν
1465 209 1511 236 καὶ⁵
1534 209 1641 245 Πατέρα
1663 207 1752 243 εἶναι,
1769 212 1818 238 καὶ
1833 211 1858 239 εῑ

235 246 313 273 initio
333 246 470 273 exstitisse
487 254 540 272 non
563 246 775 276 inliciabuntur‘!
800 249 852 278 Sed
880 252 1018 286 quomodo

235 291 381 325 perfectus.
411 292 457 326 qui
483 292 597 319 necdum
624 297 701 328 pater
724 301 785 322 e5se
815 297 954 330 potuerit?
976 298 1016 324 An

233 337 357 371 potuisse
379 344 431 364 non
451 337 601 373 negabunt,
627 340 674 367 sed
694 348 751 368 non
768 341 892 370 decuisse
913 343 1016 374 dicent.

234 386 262 409 ut
284 382 400 409 sinmlac
414 387 496 415 esset,
519 383 601 410 etiam
618 389 696 419 pater
719 386 809 413 esset?
831 386 864 412 At
889 387 910 413 si
929 395 1017 421 neque

230 427 386 460 pulchrum,
411 436 500 462 neque
523 429 651 457 decormn
678 430 702 457 ei
727 434 769 458 est
790 431 824 458 ab
841 431 919 458 initio
932 432 1016 460 fuisse

232 472 339 499 Patrem
361 474 424 501 talis
440 473 511 506 Filii,
534 475 670 510 quomodo
687 483 816 504 successu
831 477 974 512 temporis,
989 478 1014 504 id

232 517 303 551 quod
327 518 471 551 pulchrum
493 526 547 545 non
561 523 630 552 erat,
652 520 814 554 acquisivit?
830 521 864 548 At
885 530 959 549 nunc
975 526 1016 550 est

230 564 377 598 pulchrum
393 568 419 591 et
436 565 647 599 magnificentiae
666 566 764 594 divinae
779 575 930 603 congruum
954 569 1015 597 talis

228 608 292 637 Filii
322 610 380 637 ﬁeri
403 615 552 645 parentant.
578 611 662 647 Igitur
685 612 768 640 Deum
793 612 827 639 ab
848 613 926 640 initio
956 614 1014 647 ejus

231 655 304 689 quod
328 655 476 690 pulchrum
504 662 556 690 est,
583 661 719 685 exsortem
754 657 839 685 fuisse
856 658 933 685 aiunt
955 666 962 685 :
991 665 1017 687 et

1073 253 1110 288 μὴ
1135 253 1225 284 καλὸν,
1250 254 1317 288 μήτε
1345 254 1449 289 πρέπον
1470 255 1560 290 αὐτῷ,
1584 255 1613 282 τὸ
1632 256 1661 289 ἐξ
1683 256 1771 292 ἀρχῆς
1788 255 1857 285 εἶναι

1071 299 1181 334 Πατέρα
1202 299 1321 325 τοιούτου
1337 300 1450 332 Παιδὸς,
1467 301 1525 333 πῶς
1543 302 1645 337 προῖὼν
1666 301 1697 328 τὸ
1721 303 1758 338 μὴ
1777 303 1858 330 καλὸν

1070 343 1257 378 ἐπεκτήσατο;
1279 344 1359 371 Ἀλλὰ
1369 345 1449 371 καλόν
1465 346 1522 372 ἐστι
1534 346 1590 378 νῦν,
1605 347 1651 373 καὶ
1667 349 1699 382 τῇ
1718 348 1859 383 μεγαλειό-

1069 397 1131 424 τητι
1144 389 1190 415 τοῦ
1202 389 1268 416 Θεοῦ
1285 390 1388 425 πρέπον
1403 391 1432 417 τὸ
1446 391 1566 418 τοιούτου
1587 392 1713 425 γενέσθαι
1738 393 1856 427 Πατέρα.

1070 434 1172 461 Οὐκοῦν
1185 435 1317 470 ἀμέτοχον
1330 435 1411 463 αὐτὸν
1427 436 1474 462 τοῦ
1490 437 1572 463 καλοῦ
1587 437 1616 464 τὸ
1632 438 1774 473 καταρχὰς
1788 436 1858 464 εἶναι

1069 480 1314 512 κατασκευάζουσι·
1330 482 1377 508 καὶ
1397 482 1450 514 ἕως
1466 483 1515 509 οὐκ
1534 481 1589 518 εἶχε
1607 483 1651 510 τὸν
1673 484 1737 510 Υἱὸν
1759 485 1773 510 ὸ
1793 483 1859 515 Θεὸς

1069 525 1160 559 (ἵλεως
1181 525 1208 552 δὲ
1231 526 1272 562 εἴη
1291 526 1329 562 τῷ
1345 527 1415 562 λόγῳ
1429 528 1443 554 ὁ
1467 527 1558 563 Θεὸς),
1577 529 1644 564 μήτε
1668 529 1763 563 σοφίαν
1786 529 1859 564 ἔχειν

1068 570 1148 597 αὑτὸν
1159 571 1259 606 ἐροῦσι,
1275 573 1342 608 μήτε
1357 572 1481 608 δύναμιν,
1498 574 1566 609 μήτε
1581 574 1718 608 ἀλήθειαν,
1739 576 1807 610 μήτε
1824 575 1860 601 τὰ

1068 615 1135 642 ἄλλα
1150 616 1246 648 πάντα,
1264 617 1314 643 ὅσα
1333 618 1404 644 κατὰ
1417 619 1560 654 διαφόρους
1577 619 1697 651 ἐπινοίας
1710 619 1725 645 ὁ
1746 629 1860 655 μονογε-

1070 659 1117 696 νὴς
1129 661 1191 693 Υἱὸς
1207 662 1265 688 ἐστι
1277 671 1306 689 τε
1321 663 1368 689 καὶ
1381 663 1552 698 ὀνομάζεται.

232 704 355 738 quandiu
378 703 449 731 Deus
467 703 565 731 Filium
581 711 636 732 non
656 705 772 733 habebat
799 706 944 741 (ignoscat
964 706 1035 735 Deus
1054 709 1171 736 orationi
1194 711 1294 745 meae),
1315 719 1405 745 neque
1431 712 1592 747 sapientiam
1617 712 1693 741 illum
1727 713 1860 742 habuisse

232 750 336 782 dicent,
356 757 445 784 neque
468 750 629 786 potentiam,
652 759 740 786 neque
764 752 904 784 virtutem,
927 761 1015 788 neque
1032 755 1084 782 alia
1112 756 1214 789 omnia,
1227 764 1288 793 qua:
1307 758 1457 785 secundum
1478 758 1602 786 diversas
1636 760 1757 788 rationes
1795 761 1858 788 uni-

231 796 341 831 genitus
352 793 438 822 Filius
459 799 486 823 et
500 801 542 823 est
551 800 578 823 et
589 796 748 831 appellatur.

268 838 367 868 Verum
396 841 453 868 hac
477 841 504 868 in
529 841 617 876 capita
647 845 787 868 auctorum
813 845 1017 870 convertantur.
1035 838 1057 866 Β

233 885 317 914 Nobis
340 887 436 913 iterum
454 886 660 922 regrediendum
675 891 728 919 est,
744 887 814 914 unde
836 888 953 922 digressi
968 896 1015 915 su-

233 939 304 959 mus.
318 931 357 963 Si,
376 931 474 966 inquit,
489 931 556 958 Deus
566 936 605 959 est
617 931 709 964 Pater,
727 933 791 967 quia
801 933 888 967 genuit
901 932 1015 965 Filium,

234 977 325 1004 Patris
354 985 412 1003 vero
437 976 591 1004 vocabulum
611 977 755 1012 ingenitum
778 979 923 1013 signiﬁcat,
944 983 1017 1006 ante—

232 1030 312 1057 quam
341 1023 421 1049 istum
452 1027 587 1057 generaret
621 1031 673 1050 non
700 1028 757 1050 erat
785 1024 924 1058 ingenitus.
955 1024 1017 1052 llaec

234 1067 305 1094 forte
319 1067 429 1094 tolerari
446 1072 567 1102 possent.
584 1067 607 1095 si
625 1067 659 1095 de
682 1075 726 1100 eo,
740 1068 812 1103 quod
832 1069 904 1104 apud
928 1069 1017 1096 homi-

234 1120 283 1140 nes
293 1113 449 1148 contingere
460 1113 539 1146 solet,
560 1117 760 1143 assererentur,
779 1114 850 1148 apud
868 1121 938 1149 quos
959 1115 1016 1143 ﬁcii

236 1157 348 1191 nequit,
376 1160 406 1183 ut
440 1157 609 1184 diversorum
637 1157 793 1184 studiorum
823 1157 933 1186 habitus
959 1158 1019 1185 sine

233 1201 366 1236 temporis
388 1201 565 1229 successione
588 1202 793 1237 ingenerentur,
817 1202 882 1229 dum
905 1204 1019 1238 quilibet

233 1251 295 1280 post
308 1245 391 1273 alium
406 1246 568 1280 acquiritur.
583 1246 611 1273 Si
625 1247 683 1281 pari
698 1247 778 1274 modo
791 1248 824 1275 de
840 1248 894 1275 Deo
907 1249 1018 1275 ratioci-

231 1289 352 1316 nandum
369 1294 451 1322 esset,
461 1290 540 1325 quasi
563 1298 636 1318 nunc
649 1290 757 1326 quidem
777 1291 1018 1319 innaseibilitalem

234 1335 368 1366 habuerit,
381 1338 472 1369 postea
489 1343 553 1362 vero
566 1335 680 1371 adeptus
695 1337 730 1363 sit
742 1338 902 1372 potentiam,
921 1338 1019 1365 deinde

234 1380 478 1414 incorruptionem.
493 1385 554 1415 post
572 1381 628 1408 hac
644 1383 829 1416 prudentiam,
843 1388 868 1411 et
888 1385 1019 1418 temporis

233 1433 363 1454 successu
385 1427 595 1461 paternitatem,
618 1427 716 1456 deinde
737 1429 884 1463 justitiam.
909 1429 1017 1456 tandem

232 1472 422 1504 aeternitatem,
440 1476 524 1507 utque
556 1473 620 1505 alia,
639 1482 700 1508 quae
721 1473 774 1501 Deo
799 1475 902 1507 insunt,
923 1475 1020 1503 ordine

232 1517 350 1551 quodam
367 1525 399 1544 ac
420 1519 492 1546 serie
518 1518 700 1554 acquisierit:
721 1519 845 1548 fortassis
867 1521 1016 1548 absurdum
1031 1529 1051 1555 ρ

233 1570 288 1590 non
304 1567 377 1591 esset
392 1564 562 1596 existimare,
581 1565 736 1598 nominum,
750 1573 810 1600 quae
826 1566 858 1593 de
875 1566 928 1594 Deo
951 1575 1017 1601 pra:-

234 1609 373 1640 dicantur.
394 1610 481 1636 altera
502 1610 598 1638 alteris
621 1612 713 1646 priora
736 1620 807 1645 esse,
822 1616 849 1640 et
867 1613 942 1647 prius
955 1613 1017 1648 qui-

233 1654 295 1682 dem
318 1662 379 1683 esse
403 1655 566 1690 ingenitum,
579 1661 675 1691 postea
697 1657 805 1686 Patrem
827 1659 959 1686 evasisse.
984 1659 1018 1686 At

234 1708 299 1728 vero
311 1702 374 1736 quis
389 1701 457 1729 adeo
477 1702 590 1736 abjectaa
606 1703 704 1731 mentis
720 1708 772 1737 est,
797 1707 824 1731 ct
841 1704 940 1731 divina:
961 1712 1018 1731 ma-

233 1746 343 1781 jestatis
358 1747 425 1774 adeo
440 1748 650 1784 imperitus,qui
665 1756 775 1777 causam
791 1750 912 1777 omnium
928 1758 1017 1777 rerum

235 1795 324 1818 mente
338 1792 507 1827 concipiens,
522 1801 574 1820 non
589 1794 681 1821 omnia
697 1802 758 1829 qum
772 1794 806 1822 de
821 1794 876 1822 Deo
888 1795 930 1830 pie
948 1795 1018 1822 :cﬂir-

236 1842 356 1870 tuantur,
376 1839 456 1866 simul
479 1844 506 1866 et
532 1839 610 1874 quasi
637 1846 692 1867 uno
715 1840 868 1875 complexu,
885 1840 976 1867 animo
992 1844 1019 1868 et

233 1884 398 1918 cogitatione
407 1885 602 1919 apprehendat,
612 1885 657 1912 sed
667 1885 740 1913 aliud
752 1886 860 1921 quidem
870 1886 1016 1921 posterius,

235 1927 307 1955 aliud
323 1928 357 1955 ab
370 1927 456 1959 initio.
471 1929 546 1956 aliud
568 1929 595 1956 in
616 1930 706 1957 medio
725 1930 803 1965 quasi
820 1937 868 1965 per
883 1938 1019 1958 consecu-

235 1975 317 2001 tionis
340 1974 467 2002 ordinem‘
487 1974 540 2005 Deo
563 1975 706 2004 advenisse
737 1977 835 2011 putet?
860 1976 917 2003 Non
944 1976 1017 2004 enim

234 2020 291 2048 ﬁeri
308 2024 408 2055 potest.
422 2025 452 2047 ut
466 2021 499 2053 is,
517 2022 574 2055 qui,
587 2029 649 2056 qua:
661 2022 695 2050 dc
710 2021 765 2049 Deo
779 2023 822 2057 pie
835 2022 1017 2054 aﬂirmanlur,

234 2064 292 2092 obit
307 2068 333 2091 et
349 2064 508 2099 perlustrat,
524 2065 626 2092 incidat
643 2066 670 2093 in
686 2066 766 2092 aliam
785 2066 825 2093 vel
841 2074 896 2094 rem
913 2067 954 2093 vel
969 2074 1018 2093 no-

236 2110 347 2142 tionem,
374 2118 434 2144 quze
456 2110 649 2145 antiquitatem
675 2111 741 2138 dicti
765 2110 811 2138 Dei
832 2111 1016 2142 transcendat.

235 2154 282 2183 sed
298 2163 378 2182 omne
398 2163 495 2183 nomen
516 2155 610 2190 pietati
636 2159 862 2189 consentaneum,
883 2160 910 2184 et
929 2157 1018 2185 omnis

234 2200 290 2228 Deo
306 2206 462 2236 competens
484 2202 626 2236 cogitatio,
640 2201 785 2236 omnisque
806 2202 898 2237 lingua
916 2206 942 2229 et
961 2202 1018 2229 exi-
1036 2195 1057 2222 υ

234 2247 367 2279 stimatio,
390 2255 450 2281 quae
470 2248 629 2275 nationibus
649 2248 681 2275 de
709 2247 763 2275 Deo
789 2249 927 2280 convenit,
952 2255 1018 2275 con-

234 2299 304 2319 nexa
325 2296 352 2319 et
369 2292 446 2319 unita
463 2295 505 2319 est
526 2299 587 2319 cum
609 2292 703 2323 altera,
726 2300 875 2328 omnesque
888 2293 1016 2327 junctim,

235 2338 339 2373 absque
364 2338 579 2371 interruptione,
601 2342 628 2365 ct
656 2338 733 2373 quasi
760 2338 787 2365 in
811 2346 894 2365 unum
923 2342 1018 2366 mutuo

232 2387 382 2418 congestae,
409 2383 436 2409 in
463 2382 517 2410 Deo
544 2383 747 2418 concipiuntur.
770 2387 799 2410 ut
824 2383 1016 2416 mansuetudo,

237 2428 446 2460 innascibilitas,
461 2428 590 2462 potentia,
607 2428 785 2463 incorruptio.
803 2429 923 2461 bonitas,
941 2433 1018 2463 pute-

235 2479 303 2504 stas,
317 2477 344 2500 et
356 2473 446 2500 omnia
464 2473 527 2500 alia.
544 2472 602 2501 Non
624 2474 696 2502 enim
711 2473 820 2508 aliquod
834 2481 867 2501 ex
881 2474 923 2502 his
939 2475 1017 2502 attri-

238 2518 310 2546 butis
338 2518 394 2551 Dei,
427 2519 535 2547 divisim
563 2519 641 2554 quasi
669 2520 702 2546 ab
731 2520 791 2547 aliis
819 2526 965 2552 resectum,
991 2525 1018 2548 et

236 2564 362 2596 seorsim,
378 2565 526 2592 secundum
544 2565 690 2600 temporale
704 2565 812 2600 aliquod
832 2565 1015 2598 intervallum.

237 2618 364 2646 tanquam
390 2612 476 2640 altero
493 2612 569 2646 prius
594 2611 635 2638 vel
650 2611 787 2646 posterius
807 2615 956 2647 spectatur,
969 2612 1017 2639 sed

235 2657 427 2692 quodcumque
441 2665 540 2684 nomen
551 2657 651 2684 divinae
664 2657 871 2692 magniﬁcentia:
884 2662 911 2684 et
924 2658 1016 2691 pietati

235 2710 390 2739 congruens
416 2703 562 2738 repereris,
585 2702 651 2730 illud
676 2703 823 2730 aeternitati
835 2702 882 2730 Dei
904 2711 1018 2738 respon-

237 2748 293 2774 det.
311 2747 546 2780 Qucmadmodum
561 2746 644 2782 igitur
657 2755 795 2782 nunquam
808 2747 941 2775 aﬂirmare
955 2748 1018 2775 licet

236 2792 321 2820 Deum
338 2800 394 2819 non
406 2800 467 2820 esse
481 2793 593 2824 bonum,
607 2800 661 2820 non
673 2793 792 2828 potentia
806 2793 962 2828 praeditum.
976 2794 1017 2820 vel

234 2838 438 2872 incorruptum,
465 2838 506 2865 vel
531 2838 711 2867 immortalem
727 2839 804 2874 :pari
831 2838 911 2866 modo
931 2838 1016 2873 pietas

1111 833 1190 860 Ἀλλὰ
1201 833 1287 861 ταῦτα
1301 835 1350 869 μὲν
1366 835 1405 866 εἰς
1417 835 1536 870 κεφαλὴν
1549 835 1603 862 τῶν
1614 837 1709 863 αἰτίων
1721 838 1856 873 τραπείη.

1072 877 1151 912 Ἡμῖν
1167 878 1195 904 δὲ
1210 878 1290 905 πάλιν
1304 879 1453 913 ἐπανιτέον,
1467 880 1528 907 ὅθεν
1543 881 1686 916 ἐξέϐημεν.
1705 883 1740 909 Et
1757 882 1809 909 διὰ
1827 883 1859 910 τὸ

1067 923 1285 958 γεγεννηκέναι,
1299 925 1390 960 φησὶν,
1406 926 1423 952 ὀ
1437 926 1508 959 Θεός
1521 926 1586 954 ἐστι
1599 927 1709 962 Πατήρ
1725 929 1742 954 ὀ
1752 927 1789 954 δὲ
1803 931 1859 955 Πα-

1066 968 1121 1002 τὴρ
1148 969 1181 995 τὸ
1213 969 1378 1004 ἀγέννητον
1409 971 1566 1005 σημαίνει,
1604 973 1675 1006 πρὶν·
1706 973 1856 1008 γεννῆσαι

1069 1014 1184 1046 τοῦτον,
1210 1015 1266 1042 οὐκ
1287 1013 1327 1050 ἦν
1342 1015 1516 1050 ἀγέννητος.
1547 1016 1638 1044 Ταῦτα
1658 1018 1683 1044 ει
1709 1017 1758 1053 μὲν
1788 1018 1859 1044 κατὰ

1067 1059 1115 1094 τὴν
1141 1061 1183 1086 ἐπ’
1210 1060 1361 1096 ἀνθρώπων
1379 1061 1451 1096 λέγοι
1479 1062 1634 1097 συνήθειαν,
1657 1064 1699 1098 ἐφ’
1727 1060 1765 1090 ὧν
1789 1064 1859 1099 ἀμή-

1067 1105 1149 1139 χανόν
1169 1106 1226 1132 ἐστι
1242 1106 1371 1133 πλειόνων
1385 1107 1608 1143 ἐπιτηδευμάτων
1623 1108 1679 1140 ’ἐξιν
1701 1109 1772 1136 κατὰ
1794 1109 1860 1136 ταὺ-

1066 1150 1112 1176 τδν
1129 1151 1279 1186 κτήσασθαί
1293 1160 1362 1185 τινα,
1381 1152 1418 1188 μὴ
1433 1154 1503 1180 κατά
1521 1162 1581 1181 τινα
1598 1155 1694 1190 χρόνου
1718 1155 1797 1188 τάξιν
1812 1155 1860 1182 καὶ

1068 1195 1226 1224 ἀκολουθίαν
1245 1197 1359 1224 ἕκαστον
1384 1198 1439 1224 τῶν
1460 1199 1684 1235 σπουδαζομένων
1699 1201 1860 1236 ἀναλαμϐά-

1068 1250 1155 1268 νοντα.
1174 1242 1204 1269 El
1227 1242 1298 1269 οὕτω
1313 1243 1359 1269 καὶ
1379 1244 1424 1271 ἐπὶ
1444 1244 1491 1271 τοῦ
1507 1245 1574 1272 Θεοῦ
1591 1245 1644 1272 τῶν
1659 1246 1728 1272 ὅλων
1743 1246 1798 1272 ἔδει
1817 1246 1860 1272 λο-

1067 1287 1201 1321 γίζεσθαι,
1227 1289 1263 1320 ὡς
1279 1289 1327 1315 νῦν
1349 1290 1397 1324 μὲν
1421 1289 1470 1326 τὴν
1490 1291 1653 1326 ἀγεννησίαν
1678 1291 1761 1326 ἔχειν,
1790 1291 1859 1327 μετὰ

1067 1336 1154 1362 ταῦτα
1182 1336 1209 1363 δὲ
1236 1337 1452 1372 πφσλαμὸάνειν
1488 1338 1535 1372 τὴν
1564 1337 1690 1372 δύναμιν,
1719 1336 1779 1363 εἶτα
1807 1338 1858 1371 τὴν

1068 1382 1233 1418 ἀφθαρσίαν,
1248 1381 1306 1408 εἶτα
1320 1384 1368 1418 τὴν
1384 1383 1523 1419 φρόνησιν,
1535 1384 1582 1410 καὶ
1599 1383 1728 1418 προϊόντα
1746 1383 1859 1418 Πατέρα

1068 1427 1200 1462 γίνεσθαι,
1216 1427 1263 1454 καὶ
1283 1427 1364 1454 πάλιν
1375 1428 1493 1466 ίδίκαιον,
1514 1428 1560 1454 καὶ
1581 1427 1680 1462 ἐφεξῆς
1693 1428 1791 1460 ἀΐδιον,
1814 1429 1860 1454 καὶ

1070 1473 1156 1500 πάντα
1169 1474 1218 1500 ὅσα
1233 1474 1296 1510 περὶ
1308 1474 1387 1501 αὐτὸν
1402 1474 1543 1508 θεωρεῖται
1554 1474 1598 1500 διά
1610 1483 1681 1506 τινος
1696 1474 1859 1505 ἀκολουθίας

1069 1521 1263 1556 προσκτᾶσθαι·
1283 1521 1313 1547 οὐ
1333 1521 1432 1556 σφόδρα
1452 1518 1486 1556 ἦν
1505 1521 1603 1548 ἄτοπον
1620 1521 1685 1552 ἴσως
1701 1521 1798 1555 ἓτερον
1811 1519 1858 1546 τοῦ

1069 1567 1161 1603 ἐτέρου
1185 1567 1359 1603 πρπερεὺειν
1388 1566 1442 1593 τῶν
1468 1567 1532 1602 περὶ
1559 1567 1604 1593 τὸν
1627 1566 1693 1593 Θεὸν
1716 1566 1858 1600 ὁνομάτι-ιν

1068 1612 1170 1639 οἴεσθαι
1186 1632 1192 1643 ,
1208 1612 1254 1638 καὶ
1268 1612 1398 1647 προτερον
1415 1610 1464 1646 μὲν
1477 1611 1632 1646 ἀγέννητον,
1646 1611 1715 1646 μετὰ
1730 1611 1758 1637 δὲ
1772 1610 1858 1636 ταῦτα

1069 1657 1178 1692 Πατέρα
1202 1657 1363 1692 γεγενῆσθαι
1383 1657 1482 1691 λέγειν.
1497 1657 1565 1684 Νυνὶ
1579 1657 1607 1684 δὲ
1625 1657 1666 1688 τις
1679 1656 1751 1683 οὓτω
1764 1665 1859 1683 ταπει-

1069 1703 1111 1734 νὸς
1128 1703 1175 1738 τὴν
1188 1703 1314 1734 διάνοιαν,
1329 1703 1376 1729 καὶ
1391 1702 1440 1738 τῆς
1453 1702 1506 1728 τῶν
1523 1702 1601 1729 θείων
1615 1702 1759 1736 δογμάτων
1775 1711 1859 1737 μεγασ

1068 1749 1179 1783 ).ο;,ςυ“ἰας
1202 1748 1341 1784 ἀμύητος,
1365 1748 1435 1774 ὥστε
1456 1747 1505 1782 τὴν
1530 1748 1618 1774 αἰτίαν
1635 1747 1688 1773 τῶν
1705 1747 1792 1773 ὄντων
1820 1749 1859 1778 εἰς

1069 1794 1130 1821 νοῦν
1142 1793 1242 1827 λαὸὼν,
1266 1793 1303 1829 μὴ
1334 1793 1442 1820 πάντων
1467 1792 1537 1820 κατὰ
1559 1792 1655 1819 ταύτὸν
1679 1792 1783 1826 ἀθρόαν
1813 1793 1859 1818 καὶ

1070 1840 1324 1875 συγκεκροτημένην
1343 1839 1397 1866 τῶν
1414 1839 1477 1874 περὶ
1496 1838 1540 1865 τὸν
1556 1838 1621 1864 Θεὸν
1639 1837 1760 1868 εὐσεὸὧς
1783 1846 1859 1863 νοου-

1071 1887 1158 1921 μένων
1172 1885 1314 1912 ἀναλαϐεῖν
1329 1885 1377 1920 τὴν
1393 1885 1522 1912 διάνοιανο
1537 1884 1604 1911 ἀλλὰ
1616 1884 1646 1909 τὸ
1664 1883 1713 1918 μὲν
1731 1882 1857 1917 ὕστερον,

1068 1932 1098 1958 τὸ
1116 1932 1145 1958 δὲ
1160 1932 1219 1958 κατ’
1234 1930 1331 1966 ἀρχὰς,
1347 1931 1439 1965 ἓτερον
1455 1929 1482 1956 δέ
1498 1938 1525 1956 τι
1545 1930 1589 1956 διὰ
1613 1929 1695 1964 μέσου
1711 1928 1782 1954 κατά
1798 1936 1858 1954 τινα

1068 1977 1170 2010 τάξεως
1197 1976 1356 2003 ἀκολουθίαν
1391 1975 1625 2011 προσγεγενῆσθαι
1659 1973 1796 2009 νομίζειν;
1826 1974 1856 1999 οὺ

1069 2021 1123 2056 γὰρ
1138 2021 1222 2053 ἔστιν,
1238 2021 1267 2047 ’ἐν
1284 2029 1309 2047 τι
1329 2020 1368 2055 τῷ
1383 2020 1506 2055 λογισμῷ
1522 2019 1650 2046 διαϐάντα
1665 2019 1720 2046 τῶν
1732 2019 1796 2053 περὶ
1811 2018 1857 2044 τὸν

1069 2067 1135 2093 Θεὸν
1157 2066 1275 2098 εὐσεϐῶς
1289 2066 1452 2102 λεγομένων,
1472 2067 1591 2100 ἐντυχεῖν
1605 2065 1690 2100 ἑτέρῳ
1712 2065 1859 2100 πράγματι

1069 2111 1085 2147 ἦ
1100 2111 1214 2146 νοήματι
1230 2111 1244 2137 ὃ
1259 2111 1307 2146 τῆς
1322 2111 1368 2137 τοῦ
1393 2111 1520 2146 ῥηθέντος
1540 2110 1718 2145 ἀρχαιότητος
1734 2109 1857 2143 ὑπεραρ-

1069 2156 1148 2190 θῆναι
1175 2155 1326 2190 δυνήσεται.
1357 2155 1435 2181 Ἀλλὰ
1458 2155 1511 2181 πᾶν
1535 2154 1619 2189 ὕνομα
1636 2154 1716 2185 θεῖον,
1738 2153 1785 2179 καὶ
1801 2154 1857 2178 πᾶν

1071 2200 1275 2236 μεγαλοπρεπὲς
1288 2201 1376 2236 νόημα
1387 2220 1394 2232 ,
1411 2200 1455 2226 καὶ
1473 2201 1546 2226 πᾶσα
1560 2199 1678 2234 γλῶσσα,
1692 2199 1740 2225 καὶ
1756 2197 1858 2233 sum.

1070 2247 1126 2282 ψις,
1138 2249 1197 2279 ταῖς
1211 2248 1274 2281 περὶ
1289 2246 1356 2273 Θεοῦ
1372 2247 1485 2277 ἐννοίαις
1506 2245 1671 2281 ἁρμόζουσα,
1690 2245 1855 2279 συνήρτηται

1071 2293 1138 2328 πρὸς
1160 2293 1208 2328 τὴν
1224 2293 1318 2328 ἑτέραν
1330 2293 1375 2319 καὶ
1387 2293 1498 2327 ἥνωται·
1514 2293 1561 2318 καὶ
1574 2292 1657 2317 πᾶσαι
1673 2290 1744 2317 κατὰ
1757 2290 1787 2316 τὸ
1798 2298 1857 2316 συν-

1071 2339 1130 2373 εχὲς
1157 2338 1253 2374 ἀθρόαι
1275 2338 1321 2364 καὶ
1341 2336 1591 2373 συγκεκρυτημέναι
1615 2337 1673 2372 μετ’
1689 2335 1814 2370 ἀλλήλων
1829 2336 1856 2361 αἱ

1071 2383 1191 2420 περὶτοῦ
1209 2383 1276 2410 Θεοῦ
1294 2383 1438 2419 ὑπολήψεις
1453 2381 1717 2418 καταλαμὸἀνονται.
1728 2382 1744 2415 ὴ
1758 2380 1857 2415 πατρό-

1070 2439 1129 2466 της,
1137 2431 1162 2467 ,ἡ
1180 2429 1334 2465 ἀγεννησία,
1361 2430 1377 2464 ὴ
1393 2428 1522 2464 δύναμις,
1545 2429 1562 2463 ἡ
1575 2426 1732 2462 ἀφθαρσία,
1748 2427 1765 2461 ἢ
1782 2423 1857 2459 ’ἁγα-

1071 2476 1166 2510 θότης,
1181 2475 1197 2510 ἡ
1217 2473 1342 2508 ἐξουσία,
1363 2474 1397 2500 τὰ
1409 2474 1475 2501 ἄλλα
1489 2474 1586 2500 πάντα·
1602 2473 1632 2499 οὐ
1654 2473 1709 2508 γὰρ
1725 2471 1857 2509 διῃρημέ-

1072 2529 1122 2551 νως
1134 2519 1235 2547 τούτων
1252 2519 1375 2551 ἕκαστον.
1388 2519 1442 2546 τῶν
1456 2519 1555 2546 λοιπῶν
1572 2518 1799 2553 ἀποτετμημένον
1813 2519 1856 2552 ἐφ’

1071 2565 1166 2592 ἑαυτοῦ
1182 2565 1251 2592 κατά
1264 2574 1289 2591 τι
1300 2565 1423 2600 χρονικὸν
1433 2565 1569 2600 διάστημα
1582 2566 1681 2591 νοεῖται
1692 2583 1699 2595 ,
1712 2564 1751 2596 ὡς
1763 2572 1858 2599 προτεο

1072 2610 1149 2646 ρεῦον
1169 2610 1273 2645 ἐτέρου,
1291 2611 1307 2645 ἢ
1326 2610 1500 2645 ἐφεπόμενον·
1525 2610 1580 2637 ἀλλ’
1606 2611 1675 2644 ὅπερ
1694 2609 1728 2637 ἂν
1755 2609 1856 2644 εὑρεθῇ

1072 2656 1278 2691 μεγαλοπρεπές
1297 2665 1327 2683 τε
1348 2656 1396 2683 καὶ
1412 2656 1523 2688 εὐσεϐὲς
1542 2656 1638 2691 ὕνομα,
1663 2657 1696 2690 τῇ
1724 2655 1857 2691 ἀῑδιότητι

1069 2702 1115 2729 τοῦ
1138 2702 1204 2729 Θεοῦ
1223 2703 1443 2738 συνεμφαίνεται.
1469 2703 1513 2734 Ὡς
1528 2700 1573 2730 οὖν
1587 2703 1637 2730 οὐκ
1659 2702 1734 2729 ἔστιν
1756 2703 1856 2732 εἰπεῖν,

1071 2747 1108 2782 μὴ
1125 2745 1193 2774 εἷναί
1208 2756 1272 2775 ποτε
1285 2749 1332 2774 τὸν
1347 2748 1413 2775 Θεὸν
1425 2748 1535 2782 ἀγαθὸν,
1549 2748 1565 2784 ἢ
1580 2747 1701 2781 δυνατὸν,
1715 2748 1732 2783 ἢ
1750 2747 1859 2784 ἄφθαρ-

1069 2801 1124 2826 τον,
1137 2793 1154 2828 ἢ
1172 2793 1314 2820 ἀθάνατον·
1336 2794 1406 2821 κατὰ
1421 2794 1467 2821 τὸν
1480 2794 1560 2821 αὑτὸν
1574 2794 1672 2829 τρόπον
1686 2793 1785 2824 ἀσεϐές
1798 2793 1859 2819 ἐστι

1071 2838 1108 2874 μὴ
1133 2839 1176 2866 ἀεὶ
1194 2839 1267 2874 αὐτῴ
1287 2841 1505 2877 προσμαρτυρεῖν
1530 2840 1579 2876 τὴν
1603 2839 1771 2875 πατρότητα·
1796 2837 1858 2865 ἀλλ’
