1957 3079
99 110 151 137 ιῦδ

669 111 806 139 CONTRA
827 111 1023 146 EUNOMIUM,
1041 114 1103 142 LIB.
1126 115 1145 142 Ι.

1667 119 1718 147 ιὸὅ

100 169 212 203 ὓστερον
228 169 457 203 προογεγενῆσθαι
473 168 572 202 λέγειν.
593 169 621 196 ὐ
636 170 688 205 γὰρ
708 171 813 205 ἀληθῶς
826 172 873 198 Πα·

933 172 1027 207 exigit,
1052 177 1081 200 ut
1107 172 1162 201 Deo
1189 181 1297 209 semper
1324 175 1514 210 paternitatem
1538 174 1718 207 ascribamus,

99 215 158 248 τὴρ,
174 213 218 238 ἀεὶ
229 213 331 248 Πατήρ·
345 214 370 239 εί
379 213 408 239 δὲ
423 213 460 249 μὴ
473 214 585 249 προσείη
599 214 629 239 τὸ
640 214 682 240 ἀεὶ
695 215 728 249 τῇ
743 215 880 251 ὁμολογίᾳ,

99 258 164 286 ἀλλά
189 267 232 290 τις
251 258 340 285 ἔννοια
368 259 438 285 κατὰ
461 259 491 285 τὸ
516 259 628 294 μάταιον
651 261 880 297 προεπινοουμένη

100 304 238 340 ἀποτέμοι,
250 305 297 331 καὶ
310 304 485 331 κολοδώσειεν
495 306 542 332 ἐπὶ
553 305 582 332 τὸ
592 305 648 333 ἄνω
656 307 705 342 τὴν
716 306 762 332 τοῦ
775 306 881 341 Harpe;

100 351 210 380 Ewouv,
225 351 316 376 οὐκέτι
333 350 364 376 τὸ
383 350 490 386 ἀληθῶς
509 351 604 386 Πατὴρ
618 348 688 378 εἶναι
704 351 803 387 κυρίως
818 352 882 386 ὁμο-

99 395 287 430 λογηθήσεται,
309 395 359 430 τῆς
374 395 477 427 ἑννοίας
489 396 595 431 ἐκείνης
607 397 657 432 τῆς
670 396 716 423 τοῦ
733 396 796 423 Υίοῦ
815 405 882 432 προ-

99 440 300 476 επινοουμένης,
310 441 560 477 παραγραφομένης
573 442 603 468 τὸ
614 441 696 468 ἀΐδιον
707 442 753 469 καὶ
760 442 882 477 διηνεκὲς

98 490 143 523 τῆς
157 489 336 523 πατράτητος.
359 488 421 520 Πῶς
445 489 499 523 γὰρ
519 488 630 515 δυνατὸν
654 489 682 515 τὸ
706 489 774 524 μετὰ
796 489 881 516 ταῦτὰ

99 542 158 559 ποτε
171 533 317 568 γενόμενον
330 533 447 561 νοεῖσθαι
463 533 478 560 ὃ
492 533 538 560 νῦν
554 533 678 567 λέγεται;
695 535 726 560 Εἰ
739 532 785 561 οὖν
806 534 881 570 πρῶ-

98 588 138 606 τον
151 580 299 614 ἁγέννητος
315 580 351 606 ὢν
366 581 435 615 μετὰ
446 580 531 607 ταῦτα
544 581 661 615 ἐγένετο,
678 581 722 608 καὶ
735 581 879 618 ὠνομάσθη

97 625 198 660 Πατὴρ,
213 626 265 652 οὐκ
286 627 329 653 ἀεὶ
349 624 383 662 ἦν
407 627 514 658 πάντως
531 627 545 654 ὃ
569 627 615 654 νῦν
630 629 801 664 ὀνομάζεται-
819 630 832 655 ό
851 629 880 656 δὲ

97 671 157 702 θεὸς
169 671 184 697 ὃ
195 671 243 698 νῦν
254 673 322 703 ἐστι,
338 673 384 699 καὶ
395 672 438 698 ἀεί
454 673 537 705 ἐστιν,
555 672 616 699 οὔτε
628 673 738 708 χείρων,
749 673 810 700 οὔτε
824 673 879 709 βελ.

95 716 156 742 τίων
173 717 205 742 ὲκ
225 717 383 752 προσθήκης
398 718 551 753 γενόμενος,
568 718 629 745 οὔτε
643 728 668 746 τι
683 719 746 747 ἄλλο
758 720 787 753 ἐξ
799 721 878 747 ἄλλον

97 762 368 797 μταλαμόάνωνοκαὶ
383 764 570 800 ἀλλοιούμενος
580 786 587 799 ,
602 765 659 793 ἀλλ’
674 767 688 792 ὁ
707 767 788 798 αὑτός
807 767 879 794 ἐστιν

95 808 178 843 ἑαυτῷ
194 809 248 835 ἀεί.
266 809 296 836 Εἰ
311 809 359 844 μὲν
371 807 417 836 οὖν
435 811 484 836 οὐκ
498 809 532 846 ἦν
545 811 575 843 ἐξ
591 812 677 847 ἀρχῆς
693 813 803 848 Πατὴρ,
816 813 877 840 οὔτε

934 225 1022 252 tneque
1037 226 1096 245 eam
1112 220 1248 254 posterius
1263 221 1372 251 tandem
1389 221 1477 249 eidem
1492 221 1639 249 advenisse
1655 228 1719 249 sen-

934 263 1046 292 tiamus.
1062 265 1128 292 Nam
1142 266 1187 300 qui
1200 273 1262 293 vere
1277 266 1356 294 Pater
1369 273 1422 299 est,
1436 275 1544 302 semper
1557 267 1640 295 Pater
1651 271 1695 296 est
1709 277 1716 295 :

934 313 960 336 et
976 309 1028 336 nisi
1052 309 1125 336 istud
1149 318 1248 345 semper
1269 311 1301 338 ad
1323 311 1521 340 confessionem
1543 311 1717 347 adiungatur,

935 353 982 381 sed
992 361 1060 381 vana
1071 354 1192 389 quasdam
1206 356 1335 390 cogitatio
1350 357 1486 385 notionem
1498 357 1587 385 Patris
1601 365 1719 393 superne

934 400 1012 434 quasi
1024 404 1146 435 amputet
1159 407 1186 429 et
1206 402 1322 435 mutilet,
1344 410 1398 430 non
1413 403 1513 438 poterit
1527 404 1644 438 amplius
1657 411 1718 438 pro-

934 447 991 481 prie
1003 445 1085 474 Pate-r
1097 448 1199 480 vocari,
1217 449 1394 484 conceptione
1406 449 1462 479 illa,
1474 457 1534 484 qum
1549 450 1625 484 prius
1635 457 1715 485 quam

934 491 1018 520 Filius
1037 493 1154 524 exsistit,
1173 494 1290 527 elicitur,
1308 494 1550 522 circumscribente
1567 495 1716 530 paternita-

934 537 969 565 tis
1007 538 1184 566 aeternitatem
1208 542 1235 566 ct
1259 546 1393 574 nusquam
1419 540 1572 567 intercisum
1595 541 1716 568 duratio—

933 590 1005 611 nm.
1022 583 1165 616 Quomodo
1186 584 1258 611 enim
1285 584 1341 612 ﬁeri
1360 588 1460 619 potest,
1480 590 1509 611 ut
1527 585 1601 619 quod
1622 591 1715 620 postea

932 629 1032 657 factum
1049 633 1103 662 est,
1127 629 1154 656 id
1169 629 1247 664 prius
1269 637 1330 657 esse
1350 629 1527 664 intelligatur,
1549 630 1621 664 quod
1643 638 1716 658 nunc

931 675 1052 703 dicitur?
1065 675 1092 702 Si
1109 675 1191 710 igitur
1202 675 1290 710 primo
1301 682 1363 702 cum
1377 679 1450 703 esset
1463 676 1611 711 ingenitus,
1624 680 1715 711 postea

932 721 1019 748 factus
1035 725 1064 749 et
1079 721 1229 756 appellatus
1246 725 1288 749 est
1304 720 1395 754 Pater,
1411 721 1523 748 omnino
1537 728 1590 748 non
1609 729 1716 756 semper

931 771 990 795 erat
1006 767 1048 800 id,
1061 767 1133 802 quod
1148 775 1221 795 nunc
1234 767 1391 795 nominatur
1407 777 1414 795 :
1429 771 1456 794 at
1472 767 1558 798 Deus,
1573 767 1644 802 quod
1661 767 1715 800 iam

931 817 983 844 est,
1004 820 1113 848 semper
1127 818 1180 846 est,
1201 818 1228 840 et
1247 821 1336 848 neque
1358 813 1488 846 deterior,
1509 820 1598 848 neque
1619 811 1715 840 melior

97 853 159 888 μετὰ
172 853 260 880 ταῦτα
276 854 392 888 ἐγένετο.
408 855 440 881 Εἰ
457 855 485 882 δὲ
497 856 668 891 ὁμολογεῖται
682 857 751 883 εἶναι
767 858 873 893 Πατήρ·

928 859 981 885 ulla
995 859 1133 886 additione
1144 860 1241 892 evasit,
1259 867 1346 895 neque
1361 859 1434 886 aliud
1450 859 1485 886 ab
1496 859 1549 886 alio
1565 859 1713 893 accipiens,

95 899 169 924 πάλιν
183 899 228 925 τὸν
245 899 326 926 αὐτὸν
339 899 416 933 λόγον
427 901 644 937 ἐπαναλήψομαυ
659 903 699 928 ὅτι
712 903 736 928 εἰ
749 903 795 930 νῦν
808 904 875 936 ἐστι,

95 945 138 970 καὶ
151 944 192 970 ἀεὶ
205 943 240 980 ἦν
250 954 258 960 '
275 945 321 972 καὶ
336 947 360 972 εί
375 947 418 973 ἀεὶ.
434 944 478 982 ἦν,
502 948 548 974 καὶ
564 948 648 974 eleae!
665 948 752 974 ἔσται.
771 948 876 976 Οὐκοῦν

93 991 135 1017 ἀεὶ
152 991 246 1025 Πατὴρ
268 992 283 1017 ὁ
300 991 403 1026 Πατὴρ,
425 992 463 1026 τῷ
478 992 506 1019 δὲ
524 993 612 1028 Harp!
635 994 875 1028 συνεπινοουμένου

94 1037 195 1068 πάντως
207 1037 256 1064 καὶ
269 1037 315 1064 τοῦ
330 1038 404 1064 Υίοῦ·
419 1039 480 1064 οὐδὲ
488 1039 542 1073 γάρ
555 1039 612 1066 ἐστι
631 1039 742 1066 δυνατδν
761 1039 876 1074 βεϐαιω-

94 1082 164 1117 θῆναι
188 1082 235 1108 τοῦ
263 1083 368 1118 Πατρδς
388 1083 438 1118 τὴν
462 1083 568 1118 κλῆσιν,
589 1084 626 1119 μὴ
644 1083 708 1110 Υίοῦ
730 1084 778 1120 τὴν
793 1093 873 1120 προσ-

93 1125 197 1160 ηγορίαν
208 1126 434 1161 ἐπαληθεύοντας,
447 1127 492 1154 καὶ
506 1127 539 1154 τὰ
554 1128 592 1162 τῷ
606 1128 693 1163 Harp!
703 1128 875 1164 θεωρούμενα

93 1173 173 1197 πάντα
181 1172 227 1198 καὶ
238 1173 286 1198 ἐπὶ
293 1172 339 1199 τοῦ
352 1173 417 1199 Υἰοῦ
428 1173 586 1208 καθορᾶται.
597 1173 687 1201 Πάντα
699 1174 753 1209 γὰρ
762 1175 812 1200 ὃσα
819 1174 874 1209 ἔχει

91 1217 209 1252 Libri“),
220 1218 270 1244 τοῦ
282 1218 346 1244 Υἱοῦ
361 1219 428 1245 ἐστι·
446 1219 492 1245 καὶ
502 1219 535 1244 τὰ
549 1218 596 1245 τοῦ
611 1219 676 1245 Υἱοῦ
692 1220 780 1246 πάντα
791 1220 805 1246 ὁ
819 1220 874 1246 Πα-

91 1265 137 1298 τὴρ
158 1264 224 1299 ἔχει.
247 1265 278 1291 ’0
303 1264 397 1300 Πατὴρ
419 1262 488 1297 εἶπε,
513 1266 547 1292 τὰ
569 1265 615 1292 τοῦ
640 1265 715 1298 Υἱοῦ,
735 1266 772 1298 ὼς
787 1266 820 1292 ἂν
837 1266 874 1301 μὴ

91 1310 156 1344 ἐξείη
180 1310 218 1346 τῷ
242 1311 401 1348 συκοφάντῃ
421 1311 689 1348 συμπεριλαμϐάνειν
711 1312 874 1346 ὲπηρεαστι-

92 1356 141 1388 χώς
155 1365 211 1388 πως
233 1358 313 1388 πᾶσι,
328 1358 375 1383 καὶ
391 1357 421 1383 τὸ
444 1358 481 1392 μὴ
500 1357 678 1393 γεγεννῆσθαι
693 1357 739 1383 τὸν
755 1357 828 1389 Υἱδν,
843 1357 873 1384 ὲν

91 1401 125 1436 τῷ
141 1402 239 1436 λέγειν,
256 1402 358 1430 Πάντα
377 1402 412 1429 τὰ
437 1403 483 1429 τοῦ
496 1403 600 1439 Πατρδς
612 1403 657 1429 τὸν
680 1403 742 1429 Υίδν
758 1402 839 1438 ἔχειν,
855 1403 871 1438 ἢ

93 1447 164 1474 πάλιν
176 1447 222 1474 τὸν
241 1448 371 1483 γεννητὸν
391 1446 461 1474 εἶναι
476 1449 523 1474 καὶ
542 1448 588 1474 τὸν
602 1448 722 1484 Πατέρα.
739 1449 767 1475 ὲν
781 1448 819 1483 τῷ
838 1449 872 1475 τὰ

91 1493 132 1518 τοῦ
147 1493 208 1519 Υἱοῦ
225 1493 316 1520 πάντα
330 1495 359 1520 ὲν
375 1494 413 1529 τῷ
425 1494 511 1529 Harp!
527 1493 702 1529 καθορᾶσθαι.
717 1494 808 1520 Πάντα
818 1493 871 1528 γὰρ

93 1537 122 1563 τὰ
133 1537 176 1563 τοῦ
192 1538 301 1573 Harpe;
316 1538 372 1573 ἔχει
391 1539 404 1565 ὁ
420 1538 496 1570 Υἱὸς,
505 1538 566 1573 οὐχὶ
579 1539 672 1573 Πατήρ
688 1539 762 1571 ἔστη
783 1538 829 1564 καὶ
843 1538 873 1564 τὸ

92 1583 210 1616 ἔμπαλιν,
225 1583 262 1609 τὰ
276 1584 323 1609 τοῦ
339 1583 403 1610 Υἱοῦ
417 1583 505 1611 πάντα
521 1584 549 1610 ὲν
562 1583 601 1619 τῷ
614 1585 702 1620 Harp!
721 1584 871 1621 θεωρεῖται,

91 1628 145 1663 οὐχὶ
161 1629 224 1660 Υἱός
239 1629 314 1656 ἐστιν
327 1641 334 1664 ;

885 1519 907 1548 C

927 912 1014 939 neque
1035 905 1213 932 mutationem
1231 905 1355 938 subiens,
1368 912 1475 939 semper
1491 905 1561 932 idem
1580 905 1633 932 sibi
1657 905 1716 940 ipse

926 954 978 977 est.
996 949 1024 977 Si
1041 950 1124 985 igitur
1138 957 1193 977 non
1205 954 1265 978 erat
1279 951 1313 978 ab
1325 951 1403 978 initio
1417 951 1510 983 Pater,
1521 958 1609 986 neque
1621 953 1714 985 postea

926 994 1006 1022 Pater
1029 994 1117 1022 laetus
1136 999 1187 1022 est.
1211 995 1241 1022 Si
1265 999 1355 1022 autem
1379 995 1408 1022 in
1426 994 1553 1022 confesso
1574 998 1626 1028 est,
1650 1002 1713 1022 cum

926 1046 998 1066 nunc
1023 1046 1085 1066 esse
1107 1037 1214 1067 Patrem
1231 1047 1238 1066 ι
1257 1039 1328 1067 idem
1350 1046 1483 1074 namque,
1500 1039 1573 1074 quod
1590 1044 1652 1066 ante
1673 1038 1714 1066 di-

927 1089 1001 1110 ctum
1013 1087 1066 1115 est,
1079 1088 1199 1119 repetam
1214 1094 1221 1110 :
1236 1084 1360 1119 sequitur
1373 1091 1482 1119 semper
1495 1084 1579 1112 fuisse
1594 1083 1713 1117 Patrem,

925 1133 952 1156 ct
975 1128 997 1156 si
1019 1136 1125 1164 semper
1151 1127 1233 1156 Pater
1262 1133 1331 1161 erat,
1355 1136 1464 1163 semper
1484 1129 1566 1156 etiam
1594 1129 1714 1164 posteris

923 1175 1033 1202 saeculis
1049 1175 1112 1202 erit.
1130 1174 1244 1209 Semper
1257 1175 1337 1211 igitur
1352 1175 1433 1203 Pater
1443 1179 1497 1208 est,
1515 1180 1541 1203 et
1556 1176 1606 1202 l'uit
1619 1175 1711 1208 Pater,

924 1228 1089 1256 semperque
1113 1228 1176 1248 eum
1193 1220 1274 1248 Patre
1297 1220 1384 1248 Filius
1401 1221 1560 1249 indivisibili
1577 1229 1650 1249 nexu
1670 1229 1713 1248 co-

922 1266 1034 1300 pulatus
1066 1268 1147 1293 erat:
1164 1272 1252 1301 neque
1274 1265 1347 1292 enim
1368 1265 1458 1294 Patris
1478 1265 1624 1301 appellatio
1643 1273 1711 1293 con-

924 1311 1039 1338 stabiliri
1064 1315 1165 1345 potest,
1189 1311 1243 1339 nisi
1264 1310 1350 1338 Filios
1365 1318 1425 1338 eam
1446 1318 1538 1339 veram
1563 1311 1656 1339 faciat.
1680 1311 1712 1339 Et

923 1355 1024 1387 (turnia,
1043 1363 1103 1390 qua:
1116 1355 1189 1383 Patri
1207 1357 1313 1390 insunt,
1329 1357 1411 1385 etiam
1426 1356 1496 1385 Filio
1514 1358 1608 1386 insunt
1626 1367 1633 1385 :
1653 1365 1711 1385 om-

923 1401 968 1428 nia
986 1401 1060 1429 enim
1081 1409 1142 1436 qua}
1159 1401 1239 1430 Pater
1261 1402 1352 1436 habet,
1366 1401 1428 1429 Filii
1449 1406 1514 1431 sunt
1531 1411 1537 1429 :
1554 1406 1581 1430 et
1606 1404 1710 1435 omnia,

922 1454 983 1480 qua:
997 1450 1063 1473 sunt
1081 1445 1154 1479 Filii,
1171 1446 1252 1475 Pater
1268 1447 1358 1475 habet.
1373 1447 1480 1482 Omnia,
1494 1448 1565 1475 dixit
1581 1448 1709 1480 Filius“,

923 1500 957 1519 ne
981 1492 1044 1526 quis
1072 1493 1257 1520 calumniator
1284 1493 1411 1522 omnist
1440 1494 1559 1530 illudens
1587 1500 1710 1530 oggerat,

926 1538 1009 1565 etiam
1038 1538 1182 1572 ingenitum
1207 1546 1268 1566 esse
1291 1544 1447 1574 competere
1473 1539 1559 1573 Filio,
1584 1548 1617 1568 eo
1637 1541 1711 1575 quod

923 1583 1034 1615 dixerit,
1050 1584 1139 1611 omnia
1152 1583 1241 1612 Patris
1253 1584 1352 1612 habere
1368 1583 1475 1618 Filium,
1495 1585 1538 1613 vel
1559 1593 1574 1613 e
1596 1591 1711 1613 contra-

924 1628 965 1656 rio
993 1629 1109 1663 genitum
1134 1637 1196 1657 esse
1219 1630 1368 1658 convenire
1390 1629 1477 1664 Patri,
1502 1632 1576 1667 quod
1608 1632 1710 1660 dixerit

91 1675 173 1701 (nimia
188 1675 248 1702 Filii
273 1676 301 1702 in
320 1675 399 1703 Patre
422 1675 534 1703 inesse:
551 1684 613 1703 nam
637 1675 660 1703 si
683 1676 775 1703 omnia
796 1683 857 1710 quae
874 1674 961 1702 Patris
984 1678 1066 1708 sunt,
1086 1673 1172 1702 Filius
1188 1675 1281 1708 habet,
1304 1682 1396 1703 nonne
1410 1675 1493 1704 Pater
1512 1677 1584 1704 erit?
1619 1678 1650 1706 Et
1684 1678 1710 1707 si

91 1723 172 1749 omnia
187 1730 248 1758 quae
261 1729 327 1751 sunt
343 1723 414 1756 Filii,
435 1724 462 1750 in
481 1723 562 1750 Patre
580 1724 768 1756 inveniuntur,
784 1730 876 1750 nonne
895 1721 981 1749 Filius
994 1722 1063 1749 erit?

122 1769 150 1795 Εἰ
162 1767 205 1796 οὖν
219 1771 247 1796 ὲν
257 1769 298 1804 τῷ
308 1771 452 1803 Μονογενεῖ
461 1770 494 1796 τὰ
504 1769 550 1795 τοῦ
567 1770 670 1806 Πατρὺς
683 1770 780 1801 πάντα,
795 1766 870 1799 οὗτος

91 1814 156 1842 δὲέν
174 1815 210 1850 τῷ
229 1816 327 1851 Πατρὶ,
349 1816 366 1850 ἡ
385 1815 414 1842 δὲ
435 1815 571 1851 πατρότης
591 1816 639 1851 τῆς
656 1814 815 1850 ἁγεννησίας
839 1815 869 1841 οὒ

91 1861 272 1896 διιτέτμηται,
300 1861 326 1888 τί
351 1861 404 1896 πρὸ
423 1862 471 1897 τῆς
485 1861 532 1887 τοῦ
549 1861 614 1888 Υἱοῦ
633 1861 736 1893 ἐννοίας
753 1868 869 1895 κεχωρι-

92 1906 187 1940 σμένως
202 1908 243 1941 ἐφ’
256 1906 354 1933 ἑαυτοῦ
364 1907 435 1934 κατά
444 1916 470 1933 τι
485 1907 621 1942 διάστημα
632 1906 695 1942 περὶ
706 1906 751 1933 τδν
763 1906 870 1941 Πατέρα

91 1953 200 1980 νοεῖσθαι
216 1953 343 1984 δύναται,
359 1952 414 1987 ἐγὼ
436 1953 484 1988 μὲν
499 1953 530 1979 οὐ
551 1953 666 1988 συνορῶ.
686 1953 790 1980 Οὐκοῦν
802 1953 870 1987 ἀφό-

91 1998 140 2029 ῦως
160 1997 233 2025 ἐστιν
254 1998 492 2034 ἐπιθαρσήσαντας
513 2000 570 2030 τοῖς
592 1999 805 2034 προφερομένοις
826 1998 870 2025 διὰ

91 2042 133 2068 τοῦ
156 2043 321 2078 σοφίσματος
345 2044 411 2078 ἡμῖν
445 2043 527 2078 ὁμόσε
550 2045 690 2079 χωρῆσαι,
717 2044 763 2070 καὶ
788 2043 870 2079 μηδὲν

92 2088 248 2122 πτοηθέντας
267 2089 315 2115 τοῦ
337 2089 513 2124 συλλογισμοῦ
539 2089 589 2124 τὴν
611 2089 729 2124 γοργόνα
752 2089 800 2124 τὴν
823 2089 870 2116 ἐπὶ

92 2134 248 2169 καταπλήξει
262 2134 316 2161 τῶν
333 2134 434 2161 παίδων
450 2134 658 2169 σεσοφισμένην,
679 2135 779 2167 εἰπεῖν,
795 2135 834 2161 ὅτι
856 2136 871 2161 ὸ

91 2179 158 2212 Θεὸς,
171 2181 217 2206 καὶ
231 2180 310 2214 ἆγιος
320 2200 328 2212 ,
341 2180 387 2206 καὶ
399 2180 541 2211 ἀθάνατος,
554 2181 601 2206 καὶ
615 2180 721 2216 Πατὴρ,
738 2181 869 2214 καὶάγέν-
884 2189 905 2216 ῃ

91 2233 172 2260 νητος,
183 2225 230 2252 καὶ.
240 2226 335 2259 ἀΐδιος,
353 2226 399 2252 καὶ
410 2225 477 2260 ὁμοῦ
492 2225 527 2252 τὰ
543 2225 632 2252 πάντα
644 2225 711 2251 ἑστί-
728 2224 779 2251 κᾶν
796 2225 827 2251 ἓν
842 2233 868 2251 τι

91 2271 138 2297 τῶν
151 2271 270 2303 εὐσεϐῶς
293 2272 356 2306 περὶ
379 2271 461 2298 αὑτοῦ
482 2271 634 2306 λεγομένων
655 2269 716 2297 καθ’
739 2270 868 2296 ὑπόθεσιν

92 2315 125 2350 μὴ
135 2313 201 2342 εἶναι
212 2316 276 2351 δῷς,
290 2316 324 2343 τὰ
337 2316 424 2343 πάντα
435 2316 473 2351 τῷ
493 2316 534 2342 ἐν).
550 2315 743 2352 συνανῄρηται.
757 2316 794 2342 Οὐ
813 2315 867 2351 γάρ

91 2363 272 2395 ὲςτιδυνατδν,
285 2363 332 2390 ἐὰν
349 2362 386 2398 μὴ
398 2362 530 2393 ἀθάνατος
545 2359 573 2399 ᾖ,
594 2361 628 2388 τὰ
637 2361 718 2388 λοιπὰ
736 2359 815 2388 εἶναι.
835 2361 867 2388 "0

93 2406 117 2433 δὲ
129 2407 173 2434 ἐπὶ
182 2407 280 2443 μέρους
291 2407 407 2443 εἴρηται,
416 2406 530 2433 καθόλου
545 2406 666 2434 νοείσθω.
678 2406 782 2434 Οὐκοῦν
792 2405 867 2432 οὐδὲν

92 2453 149 2487 περὶ
170 2454 249 2480 αὑτὸν
272 2453 334 2480 οὒτε
359 2454 579 2489 προγενέστερον,
606 2452 667 2479 οὕτε
689 2452 830 2488 νεώτερον,
849 2451 866 2486 ἢ

91 2497 166 2530 οὕτως
185 2498 218 2525 av
232 2498 409 2534 εὑρεθήσεται
419 2498 604 2534 πρεσϐύτερος
617 2497 698 2528 αὐτὸς
711 2497 808 2524 ἑαυτοῦ
822 2497 869 2523 καὶ

91 2543 220 2579 νεώτερος.
239 2545 270 2570 Ei
282 2544 335 2580 γὰρ
359 2545 396 2579 μὴ
415 2544 529 2571 πάντοτε
550 2543 637 2570 πάντα
657 2542 728 2568 ἐστὶν
750 2543 764 2568 ὁ
784 2541 867 2574 Θεὸς,

91 2587 151 2615 ἀλλὰ
165 2589 233 2616 κατά
243 2598 304 2616 τινα
316 2589 392 2621 τάξιν
409 2590 456 2616 καὶ
468 2588 638 2620 ἀκολουθίαν,
653 2587 683 2614 τὸ
698 2589 747 2622 μέν
761 2595 786 2614 τι
798 2587 868 2619 ἔστι,

91 2632 118 2659 τὸ
132 2634 157 2659 δὲ
172 2635 291 2668 γίνεται,
311 2635 433 2666 σύνθεσις
446 2634 475 2661 δὲ
495 2634 560 2669 περὶ
573 2633 652 2660 αὐτὸν
670 2632 790 2667 οὐδεμία*
808 2631 865 2658 ἀλλ’

93 2678 155 2714 ἄτερ
169 2680 201 2706 ἂν
213 2679 246 2717 ᾗ,
263 2680 323 2712 ὅλος
335 2680 408 2707 ἐστὶ·
424 2680 492 2707 κατὰ
506 2680 534 2706 δὲ
554 2679 599 2706 τὸν
614 2680 662 2714 τῆς
678 2679 809 2714 αἱρέσεως
823 2678 865 2704 λύ-

93 2732 143 2758 γιιν,
161 2727 288 2762 πρότερον
299 2727 443 2761 ἀγέννητος
455 2726 492 2753 ὢν
509 2725 577 2762 μετὰ
587 2725 672 2753 ταῦτα
690 2725 792 2760 γίνεται
808 2725 865 2752 Πα-

123 2816 144 2830 ⁸³
155 2814 231 2844 Juan.
246 2824 312 2848 xvu,
332 2816 372 2844 10.

959 1767 987 1794 Si
1009 1767 1092 1802 igitur
1116 1767 1208 1794 omnia
1232 1766 1322 1794 Patris
1344 1770 1408 1795 sunt
1432 1767 1460 1794 in
1481 1766 1640 1804 Unigcnito,
1664 1770 1709 1798 hic

923 1819 988 1840 vero
1002 1818 1045 1840 est
1064 1813 1092 1840 in
1117 1812 1208 1844 Patre,
1223 1813 1377 1848 paternitas
1391 1820 1458 1841 vero
1480 1813 1515 1841 ab
1537 1814 1709 1842 innascibili-

923 1862 977 1886 tate
995 1867 1048 1886 non
1068 1859 1232 1894 sejungitur,
1250 1858 1379 1893 quidnam
1396 1863 1461 1886 ante
1474 1858 1536 1886 Filii
1557 1861 1707 1893 notionem,

923 1903 1081 1938 separatim,
1095 1911 1144 1938 per
1158 1911 1199 1936 se,
1217 1908 1243 1931 et
1258 1903 1410 1931 secundum
1421 1903 1558 1938 quoddam
1577 1905 1707 1932 interval-

923 1948 990 1980 lum,
1006 1947 1152 1982 coneipere
1168 1947 1231 1982 quis
1250 1948 1348 1982 possit,
1362 1955 1412 1982 ego
1428 1955 1483 1975 non
1499 1947 1634 1983 intelligo.
1653 1948 1707 1984 lgi-

921 1999 967 2021 tur
981 1993 1117 2028 intrepide
1135 1998 1161 2021 et
1175 1994 1289 2021 ﬁdenter
1299 2001 1333 2021 ea
1344 2001 1405 2028 qua:
1420 1993 1448 2020 in
1463 1993 1632 2028 sophismate
1653 1995 1706 2022 isto

920 2039 1002 2066 nobis
1026 2039 1205 2074 objiciuntur,
1228 2039 1428 2074 aggredientes,
1453 2039 1578 2074 nihilque
1594 2040 1706 2076 syllogi-

920 2084 972 2112 smi
990 2084 1072 2121 hujus
1086 2085 1313 2112 terriculamento
1334 2085 1427 2120 pueris
1443 2084 1704 2120 perterrefaeiendls

921 2130 1086 2165 excogitato,
1109 2129 1254 2161 retardati,
1281 2129 1458 2162 aliirmamus,
1482 2128 1565 2157 Deum
1590 2122 1618 2157 et
1641 2138 1704 2157 san-

921 2179 1006 2208 ctum,
1020 2180 1048 2202 et
1066 2174 1258 2207 immortalem,
1273 2178 1301 2202 et
1315 2173 1435 2206 Patrem,
1452 2179 1480 2201 et
1500 2174 1660 2209 ingenitum,
1676 2178 1705 2203 et

919 2225 1064 2254 aeternum,
1081 2225 1107 2248 et
1121 2220 1203 2248 simul
1216 2221 1308 2248 omnia
1328 2227 1390 2247 esse
1407 2229 1414 2248 :
1430 2226 1457 2248 et
1471 2220 1494 2248 si
1512 2221 1600 2255 posita
1616 2220 1705 2256 hypo-

919 2266 1107 2301 thesi,aliquid
1124 2273 1231 2299 eorum,
1246 2274 1307 2302 quae
1319 2266 1353 2294 de
1370 2265 1426 2293 Deo
1436 2266 1589 2294 orthodoxe
1605 2266 1704 2294 dicun-

918 2317 975 2344 tur,
989 2312 1149 2344 sustuleris,
1167 2311 1260 2339 omnia
1272 2311 1325 2338 alia
1342 2311 1423 2338 simul
1444 2319 1508 2338 cum
1528 2311 1582 2339 isto
1598 2312 1706 2339 sublata

917 2362 991 2386 sunt.
1009 2357 1067 2385 Non
1086 2358 1159 2385 enim
1176 2346 1366 2392 ﬁeri'poterat.
1385 2360 1415 2384 ut
1429 2356 1453 2384 si
1472 2356 1634 2384 immortalis
1649 2364 1704 2384 non

917 2409 1001 2437 esset,
1021 2404 1125 2438 reliqua
1139 2407 1222 2431 esset.
1246 2403 1279 2430 Et
1291 2403 1365 2438 quod
1382 2403 1416 2430 de
1433 2410 1487 2430 uno
1503 2402 1530 2429 in
1546 2402 1705 2437 particulari

918 2449 1020 2476 dictum
1034 2453 1087 2480 est,
1103 2448 1137 2476 de
1147 2447 1275 2475 omnibus
1290 2448 1438 2475 universim
1459 2447 1635 2482 intelligatur.
1652 2447 1705 2474 lta-

918 2503 971 2530 que
989 2494 1056 2522 nihil
1072 2495 1099 2521 in
1117 2494 1163 2522 illo
1183 2493 1335 2529 antiquius,
1353 2493 1421 2520 nihil
1442 2493 1579 2522 recentius
1592 2497 1644 2525 est,
1661 2493 1704 2520 ni-

920 2541 957 2568 hil
976 2541 1051 2575 prius
1066 2544 1110 2567 aut
1127 2540 1274 2576 posterius,
1292 2543 1368 2567 utne
1382 2539 1423 2567 sic
1436 2539 1546 2574 quidem
1560 2539 1651 2574 seipse
1667 2539 1703 2567 sit

919 2587 1012 2614 senior
1032 2590 1057 2614 et
1077 2586 1181 2621 juuior.
1212 2586 1241 2613 Si
1262 2585 1335 2613 enim
1360 2585 1432 2614 Deus
1456 2593 1511 2612 non
1533 2589 1640 2620 semper
1661 2589 1704 2612 est

918 2633 1027 2664 omnia,
1051 2633 1097 2660 sed
1121 2631 1218 2659 ordine
1243 2632 1361 2667 quodam
1384 2636 1412 2659 et
1439 2630 1625 2662 successione,
1652 2630 1704 2656 hoc

919 2679 1028 2714 quidem
1040 2682 1094 2710 est,
1108 2676 1174 2704 illud
1192 2676 1232 2710 lit,
1247 2677 1274 2704 in
1287 2677 1334 2704 illo
1344 2681 1433 2704 autent
1452 2675 1524 2704 nulla
1539 2674 1703 2710 compositio

921 2726 1010 2752 locum
1027 2723 1117 2756 habet,
1133 2723 1179 2752 sed
1193 2729 1371 2758 quacumque
1385 2726 1438 2755 est,
1456 2729 1488 2749 ea
1506 2725 1579 2748 totus
1595 2724 1649 2754 est,
1674 2723 1703 2746 ut
