1957 3079
227 119 280 147 855

836 118 865 145 S.
877 117 1039 147 GREGORII
1055 119 1201 148 NYSSENI

1799 120 1851 149 456

234 181 297 201 vero
311 173 435 201 haeretica
454 173 576 201 doctrina
593 174 683 207 habet,
699 175 775 210 prius
794 175 844 203 luit
864 177 1010 212 ingenitus.

1075 179 1125 215 εὴρ,
1150 179 1275 214 οὐδεμιᾶς
1300 179 1416 214 σωρείας
1438 179 1660 215 ἐπιτηδευμάτων
1685 180 1749 214 περὶ
1772 180 1854 207 αὐτὸν

234 221 328 252 postea
343 217 431 249 Pater,
448 218 522 245 nulla
540 219 732 247 attributorum
745 220 906 249 collectione
917 222 944 249 in
956 223 1015 257 ipso

234 267 356 298 spectata
379 272 385 290 z
401 263 467 290 nihil
484 263 557 290 aliud
575 264 709 298 sequitur,
725 273 806 300 quam
827 267 915 301 ipsum
931 271 1016 294 totum

234 309 326 343 seipso
355 312 412 334 toto
436 307 553 342 priorem
576 312 603 335 et
619 309 798 344 posteriorem
817 318 889 343 esse,
915 315 943 338 et
957 311 1019 346 qui-

233 353 294 380 dem
310 353 459 380 secundum
474 354 714 382 innascibilitatem
732 355 823 391 seipso
838 356 969 391 priorem,
991 361 1019 384 at

233 398 383 425 secundum
397 397 486 427 Patris
502 399 638 426 notionem
652 400 742 435 seipso
753 401 930 435 posteriorem
945 409 1016 429 esse.

233 443 366 471 (Ireterum
382 444 417 476 si,
434 449 464 471 ut
476 443 612 480 Propheta
625 445 702 479 dicit,
718 446 786 473 idem
798 447 852 481 ipse
868 450 918 479 est,
932 454 1018 475 vanus

233 493 284 523 est,
311 490 438 525 quisquis
460 491 568 524 asserit,
589 499 663 524 eum,
687 492 848 528 priusquam
872 493 1018 528 generarit,

233 543 288 562 non
313 535 398 564 fuisse
421 537 583 572 ingenitum,
600 537 664 572 quia
687 543 814 566 neutrum
836 539 934 566 horum
960 539 1020 567 sine

234 582 320 610 altero
336 583 484 617 reperitur,
503 591 590 618 neque
609 583 698 611 Patris
711 592 819 616 nomen,
842 592 929 620 neque
942 585 1018 620 inge—

235 629 295 661 niti,
313 629 361 657 sed
384 629 466 656 simul
487 629 537 656 ista
563 629 617 657 duo
634 633 661 658 et
687 631 856 665 conjunctim
880 631 1018 658 mentibus

234 677 308 701 recte
322 673 356 701 de
370 673 425 701 Deo
440 674 615 702 sentientium
635 675 828 710 ingenerantur
843 685 849 702 :
866 682 929 702 nam
945 679 971 702 et
985 675 1019 702 ab

234 722 338 746 :uterno
353 718 424 747 Deus
442 724 484 747 est
497 720 588 753 Pater,
606 725 633 748 et
647 720 728 748 Pater
743 725 873 752 internus,
887 724 913 748 et
927 722 1018 748 omnia

234 763 300 794 alia.
319 772 379 800 qua:
394 765 520 800 religiose
533 766 566 793 de
578 765 633 793 Deo
647 766 841 801 praedicantur,
857 766 936 793 simul
952 774 1019 801 prae-

236 809 374 842 dicantur,
391 810 511 843 secluso,
525 815 555 838 ut
569 810 699 843 diximus,
715 811 789 838 omni
806 811 937 845 temporis
957 820 1018 845 spa-

236 854 276 882 tio
288 855 322 882 ab
333 855 379 882 illa
399 860 507 888 natura,
528 863 588 890 qua
601 857 691 883 omnia
709 856 807 884 saecula
823 856 969 884 antecedit.

273 898 417 928 Videamus
444 905 471 928 et
495 901 599 935 reliqua
623 901 780 928 dialectices
809 901 936 928 acumina
961 908 1021 935 qum

235 947 294 980 ipse
312 945 425 972 ridicula
441 951 465 973 et
486 946 634 974 miseranda
652 954 712 974 esse
726 947 774 974 ait.
794 946 864 975 Vere
885 946 1020 982 proiecto.

235 991 340 1019 Revera
363 992 435 1019 enim
457 1000 488 1020 ea
517 1000 578 1028 quae
602 993 654 1020 iste
680 994 796 1026 asserit,
815 994 954 1028 copiosam
986 992 1023 1019 ri-

235 1037 317 1065 vlcndi
335 1039 476 1066 materiam
495 1040 654 1072 continent,
670 1040 712 1068 vel
733 1040 824 1075 potius
847 1047 958 1067 causam
980 1041 1023 1066 lu-

234 1083 316 1117 gendi
329 1103 336 1116 ,
351 1084 386 1111 ob
404 1084 516 1119 impium
533 1093 653 1113 errorem
664 1105 672 1118 ,
687 1087 732 1121 qui
751 1087 858 1114 animos
876 1086 979 1113 detinet
995 1089 1023 1113 et

234 1134 362 1165 occupat.
379 1130 446 1158 Cum
462 1131 534 1158 enim
551 1131 643 1163 Pater,
662 1131 813 1159 secundum
827 1132 965 1167 quoddam
985 1132 1023 1159 si-

234 1175 395 1209 gniﬁcatum
407 1196 414 1209 ,
429 1176 510 1204 etiam
529 1176 642 1211 ingeniti
658 1176 798 1204 notionem
814 1177 1022 1211 complectatur,

236 1224 266 1246 nt
277 1225 369 1248 nostra
382 1219 435 1247 lert
448 1221 598 1254 sententia,
611 1221 674 1253 iste,
688 1225 797 1256 arrepta
811 1221 919 1256 propria
933 1220 1022 1247 Patris

236 1265 450 1300 significatione,
472 1266 508 1293 ita
535 1271 630 1293 contra
658 1266 803 1301 ingenitum
827 1267 972 1301 disputat:
993 1265 1024 1293 Si

235 1312 306 1338 enim
322 1311 390 1339 idem
405 1317 444 1339 est
459 1313 590 1348 ingenitus
606 1317 631 1340 et
649 1312 742 1345 Pater,
761 1312 848 1339 licebit
872 1313 946 1339 nobis
957 1332 965 1344 ,
983 1309 1024 1339 re;

235 1357 298 1384 licio
315 1355 405 1384 Patris
421 1357 564 1389 vocabulo,
582 1361 606 1384 et
622 1362 758 1392 assumpto
772 1357 882 1392 ingeniti
901 1358 1023 1390 nomine,

236 1401 342 1428 dicere:
360 1401 496 1437 Iugenilus
514 1402 580 1429 Filii
595 1406 633 1429 est
650 1403 790 1436 ingenitus.
811 1402 885 1429 Sicut
900 1402 969 1428 enim
987 1402 1024 1428 in-

236 1448 338 1482 genitus
354 1453 393 1474 est
409 1448 476 1475 Filii
492 1448 586 1480 Pater,
602 1449 641 1475 ita
662 1449 777 1476 vicissim
800 1447 866 1475 Filii
889 1449 1022 1484 ingenitus

237 1498 275 1520 Cal
292 1493 382 1521 Pater.
396 1493 475 1522 Subit
490 1494 620 1521 admirari
636 1493 800 1521 Eunnmium
816 1494 850 1521 ob
866 1494 1004 1521 solertiam
1016 1514 1023 1526 ,

237 1539 317 1573 cujus
334 1539 441 1574 copiam
457 1543 484 1566 et
498 1539 657 1567 varietatem
675 1540 749 1567 circa
772 1539 927 1574 dogmatum
951 1538 1024 1574 peri-
1039 1531 1061 1563 ο

238 1585 316 1618 tiam,
334 1585 480 1612 multorum
497 1585 655 1612 facultatem
673 1592 803 1620 superare
826 1585 955 1612 arbitror.
971 1585 1026 1612 Ma-

238 1630 325 1664 gister
348 1634 442 1657 noster
463 1630 558 1664 paucis
579 1630 700 1657 verbulis
719 1630 839 1657 breviter
861 1630 940 1663 dixit,
967 1630 1026 1657 ﬁeri

238 1682 337 1710 posse,
354 1679 384 1702 ut
398 1674 479 1702 etiam
496 1683 544 1710 per
565 1675 655 1703 Patris
675 1675 885 1710 appellationem
906 1677 1025 1704 innasci-

240 1720 330 1747 bilitas
346 1720 535 1755 signiﬁcetur:
551 1721 603 1748 iste
627 1725 667 1748 tot
693 1724 720 1748 et
745 1725 820 1748 tanta
846 1723 969 1757 oggerit,
995 1727 1024 1750 ut

238 1766 386 1794 nmltitndo
394 1766 449 1801 jam
461 1773 514 1794 non
530 1766 566 1794 sit
577 1766 693 1802 amplius
710 1767 736 1794 in
748 1774 878 1794 sensuum
893 1767 1021 1796 dilferen-

238 1813 293 1845 tia,
306 1812 353 1840 sed
366 1813 393 1839 in
408 1812 524 1839 circuitu
538 1817 565 1840 et
579 1813 741 1847 repetitione
753 1813 910 1840 eorumdem
924 1814 1022 1841 verbo-

239 1865 310 1885 rum.
336 1858 570 1891 Quemadmodum
587 1859 659 1887 enim
678 1859 716 1886 illi
736 1859 784 1894 qui
808 1859 906 1887 velatis
933 1861 1022 1888 oculis

240 1903 312 1930 circa
333 1903 432 1931 molam
450 1903 623 1938 discursant,
642 1904 728 1931 multo
752 1905 844 1932 labore
865 1906 1020 1938 exantlato,

239 1949 267 1975 in
290 1948 385 1976 eodem
405 1949 467 1980 loco
490 1954 601 1977 manent
617 1959 623 1976 :
645 1949 682 1976 ita
696 1949 749 1977 iste
766 1957 874 1984 semper
888 1950 962 1977 circa
977 1958 1023 1979 ea-

239 1993 300 2020 dem
317 1993 441 2026 vertitur,
457 1998 484 2021 et
502 1994 536 2022 ab
552 1994 650 2022 iisdem
665 2002 719 2022 non
732 1995 853 2022 absistit.

1037 851 1055 876 ll

1069 225 1224 260 νοουμένης,
1238 224 1314 251 οὐδὲν
1327 225 1400 257 ἄλλο,
1414 225 1430 259 ἣ
1441 225 1501 257 ὅλος
1513 225 1594 257 αὐτὸς
1607 225 1703 252 ἑαυτοῦ
1715 225 1776 252 ὅλου
1790 235 1856 260 πρε-

1069 270 1198 306 σϐύτερός
1207 279 1237 296 τε
1252 271 1298 297 καὶ
1312 271 1538 307 μεταγενέστερος
1548 271 1660 306 γίνεται·
1675 271 1747 298 κατὰ
1765 272 1814 306 μὲν
1826 272 1856 299 τὺ

1068 316 1225 351 ἀγέννητον,
1238 316 1333 342 ἑαυτοῦ
1349 317 1529 352 προτερεύων,
1545 317 1615 344 κατὰ
1630 317 1659 343 δὲ
1671 317 1721 352 τὴν
1734 317 1780 343 τοῦ
1799 317 1855 343 Πα-

1068 362 1133 396 τρὸς
1147 361 1260 393 ἔννοιαν,
1272 361 1369 388 ἑαυτοῦ
1381 363 1524 397 γενόμενος
1539 362 1673 398 δεύτερος·
1688 364 1712 388 εἰ
1728 363 1756 389 δὲ
1766 363 1856 394 καθὼς

1069 414 1135 441 φησι
1150 407 1214 442 περὶ
1229 407 1276 434 τοῦ
1290 407 1357 434 Θεοῦ
1371 409 1384 434 ὁ
1400 408 1552 444 Προφήτης,
1569 409 1609 435 ὅτι
1627 408 1654 434 ’0
1671 409 1762 440 αὑτός
1776 409 1854 435 ἐστι·

1071 453 1182 488 μάταιος
1197 454 1211 479 ὁ
1223 453 1319 488 λέγων,
1330 454 1370 480 ὅτι
1385 455 1448 490 πρὶν
1461 455 1601 488 γεννῆσαι,
1620 455 1669 481 οὐκ
1688 453 1722 490 ἦν
1741 455 1857 490 ἀγέννη-

1069 507 1123 530 τος·
1139 499 1178 525 ὅτι
1195 499 1332 534 οὐδέτερον
1347 499 1448 526 τούτων
1469 500 1552 536 χωρὶς
1565 500 1610 527 τοῦ
1626 500 1720 535 ἑτέρου
1733 500 1858 536 εὑρίσκε-

1069 553 1124 576 ται,
1139 544 1199 571 οὔτε
1211 545 1257 571 τοῦ
1278 545 1383 581 Πατρὺς
1399 545 1429 572 τὸ
1442 545 1527 580 ὄνομα
1538 566 1545 577 ,
1562 545 1622 572 οὔτε
1639 545 1685 572 τοῦ
1699 546 1857 580 ἀγεννήτου.

1075 590 1145 617 Ἀλλ’
1156 591 1223 626 ὁμοῦ
1239 591 1273 618 τὰ
1293 591 1350 623 δύο,
1372 592 1417 618 καὶ
1437 593 1494 627 μετ’
1515 591 1636 626 ἀλλήλων
1652 593 1711 622 ταῖς
1728 591 1857 622 διανοίαις

1069 636 1123 663 τῶν
1137 636 1256 668 εὐσεϐῶς
1268 636 1451 671 λογιζομένων
1463 637 1600 670 ἐγγίνεται
1611 637 1645 663 τὰ
1659 637 1792 672 νοήματα.
1805 637 1859 662 Καὶ

1069 681 1123 716 γὰρ
1136 681 1164 714 ἐξ
1181 682 1265 707 ἁῖδῐου
1289 682 1384 717 Πατὴρ
1407 683 1421 708 ό
1437 681 1516 713 Θεὸς,
1528 682 1574 708 καὶ
1592 682 1686 717 Πατὴρ
1699 682 1795 713 ἀΐδιος,
1812 681 1859 707 καὶ

1070 728 1158 754 ’πάντα
1171 728 1220 754 ὅσα
1230 727 1347 759 εὐσεϐῶς
1358 727 1476 762 λέγεται,
1489 728 1559 755 κατὰ
1573 728 1670 755 ταύτὸν
1683 728 1859 763 ὀνομάζεται,

1069 773 1118 808 τῆς
1133 775 1259 810 χρονικῆς
1273 773 1385 809 ταύτης,
1403 774 1493 806 καθὼς
1507 774 1621 809 ἔφαμεν,
1633 773 1796 805 ἀκολουθίας
1815 774 1861 800 καὶ

1070 819 1171 851 τάξεως
1184 819 1229 844 ἐπὶ
1244 818 1293 854 τῆς
1312 819 1473 854 προαιωνίου
1486 819 1591 854 φύσεως
1605 819 1754 855 ἁργούσης.

1110 898 1221 933 Ἴδωμεν
1234 898 1262 924 δὲ
1278 899 1324 925 καὶ
1340 898 1374 924 τὰ
1391 898 1470 925 λοιπὰ
1486 899 1534 934 τῆς
1556 898 1727 933 διαλεκτικῆς
1751 899 1862 932 εὐστρο-

1074 945 1148 979 φίας,
1169 945 1187 972 ἃ
1215 945 1262 972 καὶ
1284 945 1363 977 αὐτὸς
1391 945 1490 980 γελοῖά
1512 954 1543 972 τε
1565 945 1643 980 ἅμα,
1668 946 1716 972 καὶ
1744 943 1862 971 ἐλεεινὰ

1073 999 1155 1025 φησιν
1178 989 1254 1019 εἶναι.
1278 991 1376 1023 Καλῶς
1400 991 1479 1018 τοῦτο
1503 991 1599 1026 λέγων.
1625 991 1732 1023 mm;
1755 991 1811 1026 γὰρ
1826 990 1862 1022 ὡς

1074 1036 1180 1071 ἀληθῶς
1193 1037 1221 1063 ὲν
1234 1038 1288 1068 τοῖς
1302 1037 1456 1072 εἰρημένοις
1470 1039 1483 1064 ὀ
1497 1037 1594 1071 γέλως⁷
1618 1037 1717 1073 μᾶλλον
1730 1037 1758 1064 δὲ
1781 1037 1862 1068 πολὺς

1072 1082 1087 1108 ὁ
1103 1082 1199 1118 ορῆνος
1211 1083 1257 1109 ἐπὶ
1270 1084 1301 1118 τῇ
1318 1083 1467 1119 κατεχούσῃ
1479 1083 1528 1119 τὴν
1542 1083 1629 1119 ψυχὴν
1642 1084 1735 1120 ἀπάτῃ
1744 1092 1751 1098 ·
1769 1083 1862 1118 ἐπειδὴ

1074 1127 1128 1162 γὰρ
1153 1128 1223 1154 κατὰ
1248 1137 1274 1154 τι
1302 1129 1500 1164 σημαινόμενον
1521 1130 1536 1156 ὀ
1563 1129 1656 1164 Πατὴρ
1675 1128 1723 1155 καὶ
1746 1128 1797 1163 τὴν
1816 1127 1864 1154 τοῦ

1074 1174 1220 1208 ἀγεννήτου
1234 1175 1408 1210 περιείληφεν
1423 1175 1536 1206 ἔννοιαν,
1547 1175 1585 1206 ὠς
1600 1175 1613 1201 ὁ
1627 1175 1762 1210 ἡμέτερος
1774 1174 1863 1208 λόγος,

1076 1219 1234 1255 μεταϐαλὼν
1247 1220 1295 1254 τὴν
1310 1221 1408 1253 κυρίαν
1429 1220 1476 1246 τοῦ
1498 1220 1610 1254 [Iarde
1627 1221 1765 1255 σημασίαν
1779 1220 1819 1251 εἰς
1834 1219 1865 1245 τὸ

1074 1266 1247 1301 ἀγέννητον,
1265 1266 1327 1293 τάδε
1349 1267 1446 1301 φησιν·
1467 1268 1501 1294 El
1525 1267 1579 1302 γὰρ
1593 1267 1702 1293 ταύτόν
1725 1267 1812 1293 ἐστιν
1826 1267 1865 1293 ει-

1075 1313 1152 1345 πεῖν,
1178 1313 1351 1348 ἀγέννητος,
1375 1313 1394 1347 ἢ
1411 1313 1523 1348 Πατῖυ),
1542 1313 1661 1345 ἐξέσται
1686 1312 1760 1346 ἡμῖν
1776 1321 1865 1339 κατα-

1074 1358 1199 1386 λιποῦσι
1215 1358 1271 1392 τὴν
1287 1358 1339 1384 τοῦ
1352 1358 1466 1392 Πατρὸς
1475 1357 1589 1392 φωνὴν,
1604 1356 1810 1391 μεταλαϐοῦσι
1832 1355 1866 1382 δέ

1074 1405 1107 1432 τὸ
1126 1405 1300 1439 ἀγέννητον,
1315 1404 1421 1431 εἰπεῖν·
1443 1405 1469 1430 '0
1493 1404 1654 1438 ἀγέννητος
1690 1403 1760 1430 ΥΙοῦ
1781 1402 1867 1429 ἐστιν

1076 1451 1249 1486 ἁγέννητος.
1268 1451 1382 1484 Ὠσπερ
1399 1451 1455 1484 γὰρ
1476 1451 1639 1485 ἀγέννητοι·
1659 1449 1728 1476 Υιοῦ
1750 1448 1865 1482 Πατὴρ.

1076 1497 1170 1530 οὕτως
1184 1496 1313 1531 ἔμπαλιν
1332 1496 1398 1523 Υιοῦ
1415 1495 1578 1531 ἁγέννητος
1592 1497 1608 1522 ὀ
1622 1495 1732 1528 Πατήρ.
1756 1495 1789 1520 Ἐ
1796 1494 1866 1520 remi

1077 1551 1122 1578 μοι
1137 1543 1228 1569 λοιπὸν
1241 1542 1391 1578 θαυμάζειν
1406 1542 1450 1569 τὸν
1466 1542 1550 1577 ἄνδρα
1564 1541 1613 1576 τῆς
1629 1540 1810 1576 εὐμηχανίας,
1820 1540 1866 1566 καὶ

1077 1589 1243 1623 πολύτροπον
1259 1588 1352 1619 αὑτοῦ,
1367 1587 1414 1615 καὶ
1433 1587 1553 1614 ποικίλον
1571 1587 1620 1622 τῆς
1635 1587 1674 1618 είς
1689 1587 1725 1613 τὰ
1741 1586 1865 1621 δόγματα

1077 1635 1210 1669 παιδείας,
1235 1635 1304 1670 ὑπὲρ
1324 1634 1371 1670 τὴν
1390 1633 1444 1661 τῶν
1459 1633 1564 1660 πολλῶν
1580 1631 1649 1659 εἶναι
1669 1632 1785 1667 δύναμιν
1809 1631 1864 1658 οἴε-

1077 1682 1148 1709 σθαι.
1167 1681 1203 1707 Τὸ
1220 1681 1268 1716 μὲν
1282 1680 1424 1716 εἰρημένον
1440 1679 1516 1715 παρὰ
1536 1679 1583 1706 τοῦ
1599 1679 1760 1705 διδασκάλου
1776 1677 1864 1712 ἡμῶν,

1077 1724 1118 1758 εἷς
1131 1726 1209 1760 λόγος
1223 1727 1251 1752 ἐν
1269 1725 1364 1761 βραχεῖ
1377 1725 1425 1761 τὴν
1449 1725 1621 1761 περιγραφὴν
1639 1725 1707 1759 ἔχων
1718 1745 1725 1756 ,
1741 1724 1772 1751 τὸ
1791 1724 1866 1750 δυνα-

1075 1772 1120 1798 τὸν
1140 1769 1209 1798 εἷναι
1227 1772 1273 1798 καὶ
1285 1771 1329 1798 διὰ
1344 1772 1393 1807 τῆς
1413 1771 1459 1798 τοῦ
1475 1771 1588 1805 Πατρός
1608 1771 1795 1806 προσηγορίας
1817 1770 1866 1805 τὴν

1075 1817 1260 1852 ἀγεννησιαν
1285 1816 1464 1851 σημαίνεσθαι
1478 1824 1484 1830 ·
1513 1816 1547 1842 τὰ
1571 1816 1600 1842 δὲ
1617 1816 1692 1851 παρὰ
1707 1816 1803 1842 τούτου
1820 1824 1867 1842 το-

1075 1862 1171 1895 σαῦτα,
1185 1859 1222 1889 ὧν
1233 1861 1264 1888 τὸ
1277 1862 1376 1897 πλῆθος
1387 1862 1436 1888 οὐκ
1450 1863 1478 1888 ὲν
1493 1863 1525 1897 τῇ
1541 1861 1656 1897 διαφορᾷ
1669 1860 1723 1888 τῶν
1736 1861 1867 1896 νενοημέ-

1075 1916 1128 1934 νων
1143 1907 1225 1939 ἐστὶν,
1251 1907 1306 1933 ἀλλ’
1322 1907 1350 1933 ἐν
1369 1907 1401 1942 τῇ
1418 1906 1531 1942 περιόδῳ
1562 1906 1608 1932 καὶ
1634 1906 1792 1941 ᾁναστροφῇ
1813 1905 1867 1931 τῶν

1075 1951 1174 1986 ὁμοίων
1189 1950 1329 1986 ῥημάτων.
1347 1948 1480 1988 Καθάττερ
1495 1950 1549 1986 γὰρ
1564 1951 1588 1977 οι
1604 1950 1652 1985 τὴν
1677 1950 1765 1985 μύλην
1783 1958 1868 1976 κεκα-

1075 1997 1221 2032 λυμμένοις
1235 1998 1290 2028 τοῖς
1312 1995 1460 2031 ὀφθαλμοῖς
1477 1995 1660 2031 περιθέοντες,
1677 1996 1706 2022 ὲν
1729 1996 1815 2031 πολλῇ
1833 1997 1866 2030 τῇ

238 2039 374 2075 ὁδοιπορίᾳ
395 2039 464 2066 κατὰ
478 2039 523 2066 τὸν
536 2039 617 2066 αὑτὸν
633 2039 743 2074 μένουσι
762 2039 858 2066 τόπον·
895 2040 980 2072 οὕτως
1015 2041 1059 2069 ἀεὶ
1077 2041 1188 2077 περὶτὰ
1211 2041 1282 2068 αὐτὰ
1305 2041 1458 2076 στρέφεται,
1489 2041 1535 2067 καὶ
1555 2040 1609 2067 τῶν
1631 2040 1719 2068 αὐτῶν
1741 2040 1791 2067 οὐκ
1815 2041 1868 2075 ἀφ-

240 2086 354 2114 [σταται.

274 2132 383 2159 Dixerat
400 2132 483 2160 semel
502 2131 677 2159 subsannans
692 2139 760 2165 nos,
779 2131 885 2161 Patrem
908 2141 960 2160 non
983 2134 1021 2160 si-

1110 2130 1194 2159 Εἶπεν
1204 2132 1276 2164 ἅπαξ
1289 2131 1481 2166 ἐπιχλευάζων,
1490 2131 1531 2159 ὅτι
1543 2132 1585 2158 οὺ
1599 2131 1632 2158 τὸ
1647 2130 1792 2165 γεννῆσαι
1808 2139 1865 2166 ση-

239 2179 365 2214 gui/icare
380 2178 407 2204 id
421 2177 490 2212 quod
504 2182 542 2204 est
559 2186 699 2212 generare,
714 2178 758 2206 sed
783 2179 810 2205 id
832 2179 901 2214 quod
928 2183 966 2206 est
991 2187 1022 2205 ex

1075 2179 1171 2214 μαΙνει
1193 2179 1209 2205 ό
1223 2177 1333 2211 Πατὴρ,
1345 2177 1424 2205 ἀλλὰ
1437 2177 1470 2204 τὸ
1486 2177 1520 2209 ἐξ
1535 2176 1660 2210 οὐδενὸς
1675 2175 1764 2204 εἶναι.
1781 2178 1867 2205 Πάλιν

239 2223 313 2251 nullo
328 2230 402 2255 esse;
419 2230 480 2250 mox
496 2223 590 2251 eadem
605 2223 741 2251 cantilena
756 2224 865 2256 iterata,
886 2224 917 2252 Si
934 2224 1025 2256 Pater,

239 2270 338 2306 inquit,
348 2269 479 2305 signiﬁcat
495 2269 649 2304 ingenitum,
659 2274 799 2304 antequam
816 2274 961 2304 generaret,
975 2279 1026 2297 non

239 2322 295 2344 erat
313 2316 455 2351 ingenitus.
471 2314 573 2343 Deinde
587 2316 668 2343 tertio
693 2316 725 2342 ad
753 2315 847 2343 eadem
864 2323 1025 2349 recurrens,

239 2363 357 2394 Licebit,
381 2361 486 2396 inquit,
511 2366 615 2395 accepto
637 2362 752 2396 ingenito
777 2361 873 2394 dicere,
890 2360 1026 2396 Iugenitus

240 2410 308 2437 Filii
319 2414 357 2436 est
370 2409 500 2444 ingenitus
514 2417 521 2435 :
537 2403 590 2436 ct'e
605 2409 721 2443 vestigio
735 2408 851 2442 repetit,
866 2407 939 2442 quod
955 2416 1027 2443 smpe

238 2457 295 2491 jam
312 2459 490 2483 evomuerat:
510 2454 612 2485 Sicuti.
630 2455 733 2489 inquit,
751 2455 884 2489 ingenitus
902 2460 942 2481 est
959 2454 1026 2481 Filii

240 2501 332 2534 Pater,
345 2501 382 2528 sic
398 2501 451 2528 vice
466 2509 540 2527 versa
559 2499 623 2527 Filii
639 2500 768 2534 ingenitus
783 2504 821 2526 est
844 2499 933 2527 Pater.
949 2499 1025 2533 Quo-

240 2549 292 2575 ties
306 2547 337 2574 ad
353 2547 479 2574 eumdem
492 2547 624 2574 vomitum
639 2546 790 2572 relabitur?
803 2545 916 2578 Quoties
930 2547 1025 2573 eadem

242 2593 360 2628 repetit?
381 2593 495 2626 Quoties
517 2592 611 2619 eadem
633 2591 766 2618 eructat?
784 2592 824 2618 Au
852 2599 905 2618 non
926 2597 953 2618 et
974 2599 1025 2618 nos

241 2639 348 2667 molesti
367 2639 503 2674 plerisque
519 2637 623 2664 erimus
634 2656 640 2667 ,
659 2637 682 2663 si
699 2641 792 2664 nostra
809 2637 934 2664 oratione
948 2637 1025 2664 vani-

240 2689 324 2712 tatem
344 2692 439 2712 eorum
465 2690 527 2718 quae
541 2683 593 2710 iste
609 2681 736 2713 adducit,
751 2682 888 2710 discutere
901 2687 927 2709 et
944 2681 1024 2709 refel-

241 2730 297 2758 lere
313 2729 447 2757 velimus?
461 2729 494 2755 Et
507 2728 576 2756 forte
591 2726 623 2754 ad
638 2727 691 2755 ista
707 2727 787 2755 silere
804 2727 948 2755 decentius
965 2727 1024 2755 fue-

240 2776 288 2804 rit.
302 2776 335 2803 At
350 2784 383 2803 ne
395 2776 457 2810 quis
472 2773 499 2801 id
513 2781 546 2802 ex
560 2773 736 2802 imbecilitate
750 2775 883 2802 orationis
897 2780 923 2802 et
936 2782 1023 2809 penu-

240 2822 281 2852 ria
296 2824 515 2858 argumentorum
526 2819 647 2849 accidere
661 2820 816 2855 arbitretur,
831 2820 879 2848 ista
892 2826 1023 2856 responsa

1077 2224 1107 2251 τὸ
1120 2224 1211 2260 ὅμοιον
1225 2223 1332 2255 ἕπλεξεν
1344 2230 1350 2236 ·
1368 2224 1403 2250 Et
1415 2223 1515 2256 Πατὴρ
1526 2223 1559 2249 τὸ
1572 2223 1739 2257 ἀγέννητον
1755 2224 1868 2258 σημαί-

1076 2279 1131 2302 νει,
1146 2270 1217 2304 πρὶν
1233 2268 1378 2303 γεννῆσαι
1402 2270 1456 2296 οὐκ
1478 2267 1517 2302 ἦν
1540 2268 1714 2303 ἀγέννητος.
1741 2267 1810 2295 Εἶτα
1834 2271 1868 2296 ἐκ

1076 2315 1166 2352 τρίτου
1190 2315 1236 2341 ἐπὶ
1261 2315 1295 2341 τὰ
1323 2313 1391 2341 αὐτὰ
1419 2314 1608 2349 ἐπανέρχεται.
1644 2314 1768 2346 Ἔξεστι
1800 2315 1866 2350 γὰρ,

1077 2362 1152 2396 φησὶ,
1167 2360 1366 2396 μεταλαϐοῦσι
1381 2360 1413 2386 τὸ
1430 2359 1596 2395 ἀγέννητον
1611 2360 1721 2386 εἰπεῖν·
1741 2361 1768 2386 Ὁ
1780 2361 1870 2395 ἀτέκν-

1075 2415 1165 2441 vnter;
1192 2406 1260 2433 Υιοῦ
1273 2406 1357 2432 ἐστιν
1375 2405 1555 2440 ἁγέννητος·
1576 2406 1621 2432 καὶ
1637 2406 1717 2438 εὐθὺς
1731 2407 1868 2433 ἐπανέλα-

1076 2452 1122 2478 ϐεν
1143 2452 1157 2479 ὃ
1172 2452 1301 2484 πολλάκις
1314 2451 1441 2488 ὲξήμεσε,
1455 2452 1502 2478 καί
1524 2460 1605 2487 φησιν
1618 2460 1624 2466 ·
1640 2452 1756 2486 ’Ὠσπερ
1775 2453 1829 2488 γὰρ
1849 2455 1869 2480 ό

1075 2498 1238 2533 ἀγέννητος
1265 2499 1331 2525 Υίοῡ
1363 2497 1471 2532 Πατὴρ,
1508 2498 1601 2530 οὕτως
1635 2497 1766 2532 ἔμπαλιν
1796 2499 1868 2525 Υἱοῡ

1075 2544 1237 2578 ἀγέννητος
1253 2546 1268 2571 o'
1291 2544 1401 2578 Πατήρ.
1431 2544 1462 2570 Ὢ
1484 2544 1599 2575 ποσάκις
1626 2544 1671 2570 ἐπὶ
1695 2545 1741 2570 τὸν
1767 2545 1868 2571 ἑαυτοῦ

1075 2590 1170 2625 ἔμετον
1195 2590 1380 2626 ὲπανὲδρειμεί
1404 2590 1518 2621 ποσάκις
1546 2589 1715 2616 ὲπανέλαϐεί
1749 2591 1868 2622 ποσάκις

1075 2635 1234 2666 ἐξέϐλυσενέ
1255 2632 1317 2670 Ἆρ’
1343 2632 1389 2661 οὖν
1402 2635 1451 2661 οὐκ
1474 2633 1601 2669 ἐπαχθεῖς
1633 2634 1678 2660 καὶ
1703 2635 1786 2669 ἡμεῖς
1810 2637 1867 2667 τοῖς

1076 2680 1181 2712 πολλοῖς
1195 2680 1376 2716 γενησόμεθα,
1391 2682 1424 2716 τῇ
1446 2680 1606 2715 ματαιότητι
1619 2679 1674 2706 τῶν
1690 2681 1755 2716 παρ’
1781 2681 1865 2708 αὑτοῦ

1075 2726 1294 2762 προφερομένων,
1319 2726 1365 2753 καὶ
1388 2726 1433 2753 τὸν
1449 2726 1583 2762 ἡμέτερον
1600 2726 1678 2760 λόγον
1695 2731 1869 2763 συμπερισύ-

1077 2780 1184 2808 ροντες;
1200 2772 1254 2798 Καὶ
1272 2772 1336 2804 ἴσως
1350 2772 1380 2798 τὸ
1397 2773 1501 2808 σιωπᾷν
1517 2773 1546 2798 ὲν
1561 2773 1615 2803 τοῖς
1631 2772 1763 2804 τοιούτοις
1779 2774 1867 2809 ἁρμο-

1074 2819 1209 2855 διώτερον.
1234 2817 1303 2846 Ἀλλ’
1317 2819 1359 2846 ἵνα
1374 2819 1410 2854 μή
1428 2828 1468 2852 τις
1482 2820 1514 2855 τῇ
1537 2819 1600 2855 περὶ
1616 2818 1663 2846 τοῦ
1677 2818 1767 2854 λέγειν
1781 2820 1864 2848 ἁσθι.
