1957 3079
86 123 137 151 457

660 129 798 157 CONTRA
818 129 1015 163 EUNOMIUM,
1031 129 1095 157 LIB.
1116 129 1135 157 1.

1658 123 1708 148 vii-5‘

87 181 144 216 νιίᾳ
159 181 322 218 καθυφιέναι
341 185 439 222 νομίσῃ
454 186 498 213 τὸν
515 187 602 221 λόγον,
620 189 704 216 ταῦτα
728 191 784 221 τοῖς
797 190 871 225 εἰρη-

924 189 1021 217 damus
1036 198 1042 216 :
1059 188 1118 216 Non
1140 188 1203 216 licet
1219 188 1268 216 tibi
1285 188 1376 216 dicere
1396 186 1457 214 Filii
1479 185 1628 222 ingenitum
1651 192 1709 212 esse

87 227 179 261 μένοις
198 229 437 266 ἀποκρινούμεθα·
454 233 511 260 Οὐχ
532 233 618 266 ἔξεστί
638 243 678 261 σοι
695 235 793 269 λέγειν,
808 235 872 262 Υἱοῦ

84 272 234 308 ἀγέννητον
246 275 294 302 τὸν
309 277 429 313 Πατέρα,
446 278 497 304 κᾶν
514 279 530 314 ὴ
543 279 590 305 τοῦ
605 280 710 316 Πατρδς
722 281 827 315 κλῆσις,
844 281 873 307 τὸ

87 318 123 354 μὴ
140 318 170 350 ἐξ
183 320 274 352 αἰτίας
287 320 356 349 εἶναι
371 323 416 349 τὸν
427 325 608 360 γεγεννηκότα
626 327 755 362 σημαίνῃ.
769 328 873 362 Ὥσπερ

85 364 137 399 γὰρ
154 365 226 392 κατὰ
245 366 276 393 τὸ
297 367 379 403 ῥηθὲν
401 370 467 404 ἡμῖν
488 370 650 406 ὑπόδειγμα,
664 372 713 407 τὴν
728 371 775 398 τοῦ
796 372 874 407 βασι-

85 410 150 442 λέως
170 411 250 444 ἀξίαν
267 413 442 448 ἀκούσαντες,
469 416 515 443 δύο
532 417 563 443 ὲκ
582 417 629 444 τοῦ
647 417 777 452 ὀνόματος
796 418 873 453 ἐνοή-

87 464 171 491 σαμεν
182 478 190 490 ,
207 458 238 484 τό
253 467 284 485 τε
304 459 483 496 ὑποτετάχθαι
506 463 599 497 μηδενὶ
613 463 659 490 τὸν
675 463 734 490 κατ’
750 463 872 496 ἐξουσίαν

86 502 253 537 προέχοντα,
275 505 323 532 καὶ
344 505 375 532 τὸ
397 507 451 533 τῶν
475 507 638 543 ὑποχειρίων
659 510 786 544 κρατεῖνσ
802 509 873 536 οὕτω

86 548 130 574 καὶ
153 549 177 584 ὴ·
188 550 236 577 τοῦ
258 551 365 586 Πατρὸς
379 554 549 589 προσηγορία
575 555 670 590 διπλῆν
685 555 750 590 ἡμῖν
765 556 811 582 ἐπὶ
826 556 871 582 τοῦ

85 593 149 620 Θεοῦ
173 594 224 630 τὴν
253 597 391 632 σημασίαν
417 599 582 634 παρέχεται’
610 601 659 635 τήν
683 609 713 627 τε
736 601 804 636 πρὸς
825 601 873 627 τὸν

86 639 146 666 Υίδν
173 641 337 677 νοουμένην,
365 643 411 670 καὶ
434 645 463 671 τὸ
491 645 626 680 μηδεμιᾶς
652 645 732 672 αὑτὸν
756 645 872 681 ὲξῆφθαι

84 687 333 723 προεπινοουμένης
349 689 448 721 αἰτίας.
475 690 580 726 Ὥσπερ
602 689 648 719 οὖν
667 692 717 718 οὐκ
737 691 810 717 ἔστιν
826 692 872 718 ἐπὶ

83 730 128 756 τοῦ
153 730 286 765 βασιλέως
302 735 398 766 εἰπεῖν,
423 735 464 763 ὄτι
489 736 514 762 εἰ
533 737 566 763 τὰ
584 736 630 763 δύο
649 737 693 765 διὰ
713 737 763 772 τῆς
787 737 871 772 αὐτῆς

83 778 271 813 προσηγορίας
285 780 456 814 σημαίνεται,
471 781 501 808 τό
519 790 549 808 τε
565 784 676 818 κρατεῖν
690 783 744 809 τῶν
760 783 871 818 ὑποχειο

84 820 158 856 ρίων,
173 824 220 850 καὶ
233 824 263 850 τὸ
281 825 318 860 μὴ
339 825 411 860 ἔχειν
426 827 471 854 τὸν
487 828 702 864 προηγούμενον,
720 829 807 862 ἔξεστι
834 829 871 864 μὴ

924 235 1040 266 Patrem,
1055 234 1162 262 etiamsi
1175 233 1265 261 Patris
1279 234 1425 269 appellatio
1439 231 1576 267 signiticet
1588 238 1649 258 eum
1664 231 1709 265 qui

924 280 1033 316 genuit,
1049 287 1081 307 ex
1098 279 1173 306 nulla
1186 285 1269 308 causa
1289 287 1361 306 esse.
1377 278 1463 306 Siculi
1483 278 1556 305 enim
1568 276 1646 311 juxta
1662 276 1710 301 ad-

923 325 1037 353 ductum
1053 332 1068 352 a
1084 325 1164 352 nobis
1184 324 1354 359 exemplum,
1378 323 1552 358 imperatoris
1576 321 1710 356 dignitate

923 371 1015 399 audita
1026 391 1034 404 ,
1047 371 1102 398 duo
1116 371 1170 398 isto
1185 370 1294 398 nomine
1308 369 1491 404 concipimus,
1506 375 1605 402 nempe
1630 374 1691 394 eum
1702 385 1710 396 .

923 417 970 452 qui
999 420 1135 452 potestate
1157 416 1287 444 omnibus
1311 415 1484 450 praeeminet,
1504 414 1571 440 nulli
1597 412 1710 440 subesse

923 467 950 489 et
973 461 1092 489 subditis
1114 461 1270 495 imperare:
1288 460 1324 486 ita
1341 463 1369 486 et
1384 458 1475 485 Patris
1493 457 1639 493 appellatio
1658 457 1711 483 du-

923 507 1020 542 plicem
1043 507 1123 534 nobis
1147 507 1180 534 de
1204 506 1259 534 Deo
1283 505 1512 541 signiﬁcationem
1534 502 1709 537 suppeditat:

923 553 1036 579 alteram
1050 573 1057 585 ,
1075 560 1136 588 quae
1157 556 1199 580 est
1220 559 1282 579 cum
1306 553 1433 586 respectu
1455 554 1482 577 et
1502 548 1662 576 habitudine
1678 547 1710 574 ad

923 598 1022 626 Filium
1035 619 1042 632 ,
1058 599 1170 626 alteram
1182 618 1189 629 .
1207 597 1280 633 quod
1297 605 1311 624 a
1329 597 1404 624 nulla
1420 596 1511 630 priore
1526 599 1552 622 et
1567 594 1712 629 superiore

923 651 1005 671 causa
1021 644 1183 679 dependeat.
1202 641 1439 676 Quemadmodum
1455 647 1520 675 ergo
1536 640 1570 667 de
1593 639 1710 673 impera-

923 693 981 717 tore
994 697 1047 716 uou
1062 690 1126 716 licet
1139 689 1241 720 dicere,
1265 689 1287 716 si
1311 688 1365 716 duo
1379 686 1510 722 praedicta
1523 693 1573 721 per
1587 684 1709 712 eamdem

922 733 1133 768 appellationem
1149 733 1350 768 signiﬁcentur,
1375 731 1524 762 nimirum,
1549 729 1622 765 quod
1646 729 1711 756 sul;-

922 778 989 806 ditis
1005 779 1138 814 imperet,
1162 787 1251 814 neque
1274 779 1358 805 alimn
1375 784 1411 805 'se
1435 776 1605 812 superiorem
1627 782 1710 809 agno-

923 827 999 856 scat,
1016 823 1058 852 fas
1074 823 1148 856 fore,
1171 831 1226 851 non
1249 831 1340 859 regem
1363 823 1473 858 populi,
1498 821 1545 849 sed
1565 821 1641 855 regni
1663 828 1709 846 ex-

83 866 203 902 ἆρχοντα
226 868 274 896 τοῦ
291 869 393 904 ἔθνους,
418 872 475 898 ἀλλ’
501 872 676 901 ἀϐασίλευτον
698 873 752 900 τῶν
777 874 871 901 ὑποτε-

924 873 1046 903 pertem,
1071 869 1171 896 intuitu
1190 868 1363 896 subditorum
1375 890 1382 902 ,
1400 868 1557 903 appellare:
1582 873 1670 900 neque
1686 865 1708 893 si

82 912 228 946 ταγμένων
268 916 495 951 προσαγορεύεινι
535 919 595 946 οὐδὲ
627 919 802 952 συντιθέντας
839 921 870 947 τὸ

82 958 186 985 τοιοῦτο
199 959 306 994 λέγειν·
323 961 364 988 ὅτι
384 962 478 999 ὥσπερ
495 964 621 999 βασιλεὺς
635 965 728 997 ἔθνους
751 966 868 1000 λέγεται,

83 1003 154 1032 οὕτω
171 1007 217 1032 καὶ
232 1007 404 1041 ἀϐασίλευτος
423 1010 469 1037 τοῦ
482 1010 573 1043 ἔθνους
586 1011 810 1048 ὀνομασθήσεται,
826 1014 871 1040 τὸν

83 1050 165 1077 αὐτὸν
189 1053 290 1086 τρόπον
307 1055 354 1081 καὶ
377 1055 426 1090 τῆς
447 1056 493 1082 τοῦ
519 1056 624 1092 Πατρὸς
647 1057 749 1093 φωνῆς,
774 1058 819 1085 τόν
840 1066 870 1084 τε

83 1094 147 1122 Υὶὸν
164 1097 380 1135 ἐνδεικνυμένης,
403 1099 451 1127 καὶ
469 1100 518 1136 τὴν
534 1101 580 1128 τοῦ
603 1102 750 1137 άγεννήτου
768 1102 870 1130 ἔννοιαν

81 1143 336 1179 παριστώσης,ὀύκ
350 1145 437 1178 ἔξεστι
463 1147 658 1182 μετατιθέντας
674 1148 749 1183 παρὰ
765 1148 795 1175 τὸ
812 1149 870 1176 δέον

79 1188 130 1222 τὴν
144 1189 294 1223 σημασίαν,
311 1192 342 1226 τῇ
359 1191 426 1227 πρὸς
440 1192 484 1218 τδν
506 1192 568 1219 Υῑδν
593 1193 739 1229 οἰκειότητι
760 1195 871 1228 γελοίως

80 1235 252 1271 προσκολλᾷν
263 1236 309 1263 τοῦ
321 1237 468 1274 άγεννήτου
483 1239 531 1275 τὴν
545 1239 658 1272 ἔννοιαν,
674 1241 702 1266 ἐν
718 1240 756 1276 τῷ
769 1241 868 1274 λέγειν’

81 1280 146 1306 1⁸ίοῦ
165 1281 321 1317 ἀγέννητος.

120 1326 185 1353 Ἐπὶ
208 1328 339 1360 τοιούτοις
352 1329 380 1355 δὲ
397 1330 453 1361 τοῖς
472 1330 636 1366 εἰρημένοις,
653 1331 690 1363 ὡς
704 1331 801 1364 ἐπιϐὰς
821 1333 870 1368 τῆς

80 1371 222 1407 ἀληθείας,
239 1373 286 1399 καὶ
301 1373 437 1408 διελέγξας
448 1375 502 1401 τῶν
515 1376 748 1412 ἀντιτεταγμένων
763 1377 792 1403 τὸ
810 1378 870 1405 ἆτο-

81 1426 142 1450 πον,
159 1415 204 1445 οἷα
220 1418 473 1455 μεγαλαυχούμενος
493 1420 656 1456 φθέγγεται·
678 1422 734 1450 Kal
757 1423 802 1456 τίς
816 1423 871 1449 πώ-

79 1470 153 1490 ποτε
165 1464 329 1498 σωφρονῶν
338 1465 507 1493 σιωπᾶσθαι
526 1466 583 1501 τὴν
599 1467 736 1501 φυσικὴν
750 1468 871 1495 ἔννοιαν

79 1509 249 1544 ἐδικαίωσε,
264 1510 322 1545 τὴν
343 1511 377 1538 δὲ
391 1512 557 1546 παράνοιαν
576 1513 737 1548 ὲτίμησεν;
765 1514 868 1548 Οὐδεὶς,

79 1548 102 1577 ὧ
121 1551 273 1585 σοφώτατε,
291 1553 388 1580 οὐκοῦν
402 1553 461 1580 οὐδὲ
474 1555 488 1580 ὁ
503 1554 635 1589 ἡμέτερος
655 1555 741 1589 λόγος,
759 1556 772 1582 ὁ
787 1547 871 1583 εἰπὼν

78 1591 129 1626 τὴν
154 1592 200 1619 τοῦ
217 1594 363 1630 ἀγεννήτου
386 1597 569 1631 προσηγορίαν
585 1599 646 1629 ταῖς
663 1597 778 1630 ἐννοίαις
802 1606 870 1633 συμ-

79 1638 195 1672 ϐαίνειν,
221 1640 268 1666 καὶ
293 1640 348 1667 δεῖν
372 1641 472 1677 ταύτην
504 1642 576 1677 ἔχειν
606 1644 634 1669 ἐν
661 1645 721 1676 ταῖς
747 1644 871 1679 καρδίαις

79 1684 229 1719 ἀκίνητον·
256 1686 316 1712 ἀντί
341 1686 368 1713 δὲ
393 1687 443 1722 τῆς
465 1687 676 1724 διαστραφείσης
699 1691 764 1725 παρ’
794 1690 871 1725 ἡμῶν

79 1730 175 1765 φωνῆς
198 1730 247 1766 τὴν
272 1731 319 1758 τοῦ
340 1734 453 1767 Πατρὲς
470 1735 654 1770 προσηγορίαν
677 1735 770 1770 ἱκανὴν
791 1734 870 1768 εἶναι,

80 1775 127 1801 καὶ
144 1776 215 1811 πρὸς
229 1777 339 1812 ἐκείνην
362 1777 438 1813 ἄγειν
459 1779 508 1814 τὴν
525 1779 638 1807 ἔννοιαν.
660 1781 802 1816 Μνήσϐητι
819 1781 872 1816 γὰρ

78 1817 115 1847 ὧν
145 1821 228 1854 αὐτὸς
253 1823 374 1858 παρέθου
401 1825 546 1860 ῥημάτων,
565 1826 606 1852 ὅτι
632 1826 693 1861 οὐχὶ
718 1827 872 1854 σιωπᾶσθαι

77 1867 128 1902 τὴν
158 1868 276 1904 φυσικὴν
294 1869 397 1897 ἔννοιαν
410 1870 550 1898 ἐδικαίωσε
560 1891 567 1903 ,
588 1871 636 1908 τὴν
652 1872 679 1898 δὲ
693 1872 871 1907 παράνοιαν,

77 1912 210 1946 ὡςαὺτδς
226 1915 377 1950 ὀνομάζεις,
388 1917 516 1952 ἐτίμησεν
525 1925 532 1933 ·
541 1917 610 1943 ἀλλὰ
622 1917 672 1953 τὴν
687 1919 872 1954 προσηγορίαν

81 1960 168 1996 μόνην
183 1960 231 1986 τοῦ
247 1961 422 1996 ἁγεννήτου,
438 1963 508 1990 τοῦτ’
516 1963 583 1996 ἐστι,
599 1964 647 1999 τὴν
662 1964 691 1992 ἐν
706 1966 765 1996 ταῖς
777 1965 872 1992 συλλα-

79 2006 143 2038 ϐαῖς
163 2007 317 2042 προφορὰν,
333 2007 371 2040 ὡς
393 2009 485 2041 κακῶς
507 2010 714 2046 ὲξειλημμένην,
742 2012 789 2038 καὶ
816 2011 873 2047 ἃμα

80 2052 153 2086 μήτε
164 2052 242 2087 παρὰ
251 2053 301 2088 τῆς
315 2053 425 2089 Γραφῆς
441 2055 589 2090 εἰρημένην
603 2055 753 2088 ἀκινδύνως
770 2057 874 2092 σιωπᾷν

79 2097 280 2132 συμϐουλεύει·
297 2099 328 2125 τὸ
345 2099 374 2125 δὲ
394 2101 602 2136 σημαινόμενον,
620 2101 667 2128 καὶ
684 2101 800 2137 μάλιστα
814 2103 874 2134 ταῖς

78 2143 199 2176 ἐννοίαις
211 2144 292 2180 ἡμῶν
310 2145 468 2180 συμϐαίνειν
483 2147 575 2182 φησίν.

119 2233 204 2261 Ἀλλὰ
219 2234 255 2261 τὰ
269 2234 318 2269 μὲν
340 2236 406 2271 παρ’
425 2236 504 2271 ἡμῶν
528 2236 656 2263 τοιαῦται
671 2237 685 2263 ὀ
698 2236 725 2263 δὲ
739 2236 800 2268 τοὺς
821 2237 874 2263 Σο-

77 2280 192 2314 φιστὰς
215 2279 376 2313 διαϐάλλων,
395 2282 442 2308 καὶ
462 2283 495 2318 τῇ
513 2282 628 2318 ἀληθείᾳ
644 2281 815 2314 καθοπλίξων
828 2282 874 2309 τὸν

76 2325 168 2360 λόγον,
194 2326 242 2352 καὶ
264 2326 319 2352 τῶν
333 2327 476 2363 ἡμετέρων
492 2328 736 2364 πλημμελημάτων
757 2337 874 2365 ηατηγο-

77 2371 145 2406 ρῶν,
163 2371 217 2398 οὐκ
231 2372 347 2407 ἐρυθριᾷ
362 2374 390 2399 ὲν
413 2375 469 2405 τοῖς
484 2374 547 2409 περὶ
561 2374 615 2400 τῶν
632 2374 774 2409 δογμάτων
784 2374 874 2409 λόγοις

76 2417 120 2444 διὰ
137 2418 319 2453 σοφισμάτων
339 2419 538 2454 ἀστεῖζύμενος,
555 2421 603 2447 καὶ
627 2419 794 2455 μιμούμενος
811 2421 874 2452 τοὺς

76 2464 106 2490 ὲν
127 2463 296 2500 συμποσίοις
313 2464 357 2491 διὰ
387 2465 588 2500 κομψευμάτων
614 2465 694 2492 τινῶν
722 2465 872 2500 ἐφελκομέ-

76 2519 140 2542 νους
156 2510 206 2537 τὸν
226 2510 341 2545 γέλωτα.
359 2511 462 2538 Θεᾶσθε
478 2512 532 2547 γὰρ
554 2512 584 2538 τὺ
607 2512 736 2548 ἐμϐριθὲς
763 2513 811 2540 καὶ.
827 2513 873 2539 λε-

75 2555 242 2591 λογισμένον
257 2557 308 2590 τῆς
321 2556 367 2583 τοῦ
385 2557 563 2593 συλλογισμοῦ
580 2558 682 2593 πλοκῆς
692 2566 700 2574 ’
714 2558 769 2585 τῶν
783 2558 873 2586 αὐτῶν

76 2601 130 2637 γὰρ
149 2601 234 2629 πάλιν
256 2603 504 2639 ἐπιμνησθήσομαι.
521 2603 555 2630 El
581 2603 634 2638 γὰρ
656 2605 767 2632 ταύτόν
787 2604 872 2632 ἐστιν

75 2648 175 2675 εἰπεῖν
199 2647 382 2682 Ὰτέννητος,
397 2649 416 2683 ἢ
431 2649 542 2684 Πατὴρ,
561 2649 681 2682 ἐξέσται
696 2650 768 2685 ἡμῖν
783 2659 871 2677 κατα-

75 2694 206 2721 λιποῦσι
220 2694 280 2729 τὴν
294 2695 348 2721 τοῦ
364 2696 478 2729 Πατρός
492 2695 606 2730 φωνὴν,
619 2697 822 2730 μεταλαϐοῦσι
838 2695 871 2723 δὲ

74 2740 108 2767 τὸ
124 2740 296 2775 ἀγέννητον
318 2741 428 2768 εἰπεῖν·
444 2742 475 2768 '0
499 2741 663 2776 ἀγέννητος
692 2742 760 2769 ΥΙοῦ
788 2742 872 2770 ἐστιν

75 2785 255 2820 ἀγόν-γητος.
273 2786 388 2821 ’Ὥσπερ
401 2787 454 2822 γὰρ
466 2789 482 2814 ό
496 2787 659 2822 ἀγέννητος
675 2787 743 2815 Υὶοῦ
759 2788 870 2822 Πατὴρ,

76 2832 174 2866 οὕτως
188 2833 321 2868 ἔμπαλιν
339 2834 406 2862 Fiat?
421 2834 584 2870 ἀγέννητος
599 2835 615 2861 ὁ
635 2834 745 2869 Πατήρ.
771 2835 871 2870 Παρα-

925 914 977 941 hoc
1001 916 1202 948 concedamus,
1222 914 1283 942 ideo
1306 915 1441 949 integrum
1464 912 1519 940 erit
1539 918 1708 942 asseverare,

925 964 954 987 ut
974 969 1020 988 rex
1038 961 1128 996 populi
1151 969 1197 989 rex
1219 965 1403 995 nuncupatur,
1420 960 1460 987 sic
1476 959 1558 986 etiam
1575 958 1651 993 regni
1666 965 1710 983 ex-

925 1012 1026 1041 pertem
1039 1028 1046 1040 ,
1064 1011 1190 1042 respectu
1215 1007 1325 1042 populi,
1344 1006 1398 1033 diei
1422 1012 1524 1040 posse:
1543 1004 1601 1038 pari
1629 1001 1709 1030 modo

924 1059 986 1079 cum
1002 1051 1093 1080 Patris
1107 1053 1270 1080 vocabulum
1295 1055 1322 1080 et
1338 1050 1436 1078 Filium
1460 1052 1594 1077 monstret
1617 1052 1643 1076 et
1667 1047 1710 1074 iu-

923 1097 1009 1133 gcniti
1028 1098 1167 1125 notionem
1187 1100 1386 1133 repraesentet,
1403 1104 1459 1123 non
1478 1095 1540 1123 licet
1558 1094 1710 1124 translata,

923 1147 1021 1178 praeter
1043 1144 1245 1176 necessitatem.
1264 1143 1476 1179 signiﬁcatione.
1503 1140 1657 1169 habitudini
1676 1140 1708 1166 ad

924 1188 1023 1216 Filium
1042 1188 1156 1216 ridicule
1172 1188 1301 1223 attingere
1316 1192 1343 1215 et
1360 1188 1501 1223 imponere
1525 1186 1639 1222 ingeniti
1659 1193 1710 1212 no-

923 1234 1037 1266 tionem,
1055 1233 1173 1261 dicendo
1190 1241 1252 1261 eum
1277 1233 1325 1269 qui
1352 1237 1393 1261 est
1412 1233 1567 1269 ingenitus,
1586 1231 1648 1258 Filii
1665 1232 1707 1258 in-

924 1278 1042 1313 genitum
1058 1286 1129 1306 esse.

959 1324 1007 1352 llis
1023 1325 1094 1352 hunc
1110 1325 1137 1352 in
1162 1325 1270 1352 modum
1286 1324 1460 1360 pertractatis
1472 1345 1480 1357 ,
1509 1325 1586 1359 quasi
1605 1324 1709 1352 verita-

923 1374 977 1397 tem
997 1378 1048 1398 aeu
1067 1371 1199 1406 tetigisset
1216 1375 1243 1398 et
1258 1371 1479 1399 adversariorum
1512 1370 1711 1398 absurditatem

924 1413 1045 1440 omnium
1066 1414 1153 1442 oculis
1175 1414 1360 1449 exposuisset,
1390 1415 1417 1441 in
1443 1414 1499 1442 haec
1528 1413 1712 1448 iactabundus

924 1461 1043 1496 erumpit
1059 1461 1149 1488 ‘verba
1171 1469 1177 1487 :
1198 1460 1230 1487 Et
1253 1461 1311 1496 quis
1340 1469 1454 1496 unquam
1481 1460 1574 1488 sobriae
1594 1465 1618 1487 et
1641 1467 1713 1486 sana:

925 1507 1030 1538 mentis,
1045 1511 1072 1532 ιιι
1086 1506 1219 1534 naturalis
1234 1507 1408 1542 intelligentia
1423 1507 1527 1534 silentio
1540 1511 1712 1540 premerelur,

885 1550 906 1579 C
923 1556 1012 1578 ratum
1039 1551 1141 1584 habuit,
1166 1557 1190 1578 et
1217 1552 1350 1578 vesaniam
1374 1551 1536 1579 honoravit?
1563 1550 1667 1584 Nullus,
1696 1559 1714 1578 0

925 1597 1140 1631 sapientissime,
1162 1605 1250 1632 neque
1267 1605 1317 1624 nos
1341 1597 1435 1633 igitur,
1456 1598 1503 1633 qui
1521 1597 1642 1634 diximus
1670 1597 1713 1623 in-

922 1643 1004 1678 geniti
1022 1643 1229 1678 appellationem
1242 1643 1401 1671 notionibus
1424 1650 1587 1678 competere,
1600 1651 1715 1679 eamque

923 1689 951 1716 in
970 1689 1099 1716 cordibus
1114 1689 1292 1716 immobiliter
1310 1689 1423 1717 retineri
1443 1689 1544 1717 debere
1560 1699 1566 1717 :
1587 1690 1648 1717 loco
1661 1698 1710 1717 au—

923 1738 976 1761 tem
998 1733 1125 1761 vocabuli
1141 1741 1155 1760 ιι
1176 1733 1257 1762 nobis
1272 1734 1414 1769 depravati
1434 1739 1461 1762 et
1480 1735 1601 1768 distorti,
1621 1735 1714 1762 Patris

923 1779 1133 1814 appellationem
1150 1787 1233 1814 posse
1248 1779 1281 1807 ad
1298 1779 1421 1808 eamdem
1446 1781 1584 1808 notionem
1602 1782 1714 1816 ingene-

923 1824 1037 1852 randam
1065 1824 1198 1852 sufﬁcere.
1223 1824 1380 1852 Memineris
1402 1825 1474 1852 enim
1495 1825 1640 1852 verborum
1653 1833 1714 1860 qua:

924 1871 982 1906 ipse
1007 1871 1156 1906 protulisti,
1174 1870 1247 1905 quod
1273 1878 1362 1906 neque
1391 1871 1544 1898 naturalem
1563 1871 1714 1906 intelligcn.

925 1918 989 1944 tiam
999 1918 1107 1945 silentio
1118 1917 1283 1944 dissimulari
1292 1917 1458 1952 probaverit,
1467 1925 1556 1953 neque
1567 1918 1711 1950 vesaniam,

925 1967 954 1990 ut
971 1967 999 1990 tu
1025 1963 1162 1996 nominas,
1189 1963 1376 1995 honoraverit.
1409 1963 1456 1991 sed
1485 1963 1571 1990 solam
1605 1964 1711 1999 ingenui

925 2009 1144 2044 appellationem,
1175 2008 1227 2035 hoc
1253 2012 1305 2040 est,
1333 2008 1513 2043 prolationem
1546 2008 1573 2035 in
1601 2008 1713 2044 syllabis

925 2055 1017 2086 sitam,
1030 2061 1079 2081 ceu
1100 2053 1173 2081 male
1189 2057 1329 2089 acceptam
1342 2057 1370 2081 et
1383 2053 1560 2085 intellectam,
1577 2054 1714 2088 simulque

925 2107 940 2126 a
959 2099 1111 2134 Scripluris
1133 2107 1188 2126 non
1209 2099 1349 2132 traditam,
1376 2099 1450 2127 sileri
1472 2107 1554 2135 posse
1573 2101 1711 2128 suaserit:

925 2149 952 2172 at
966 2153 1022 2173 rein
1037 2145 1219 2180 signiﬁcatam
1241 2145 1455 2180 cogitationibus
1478 2147 1580 2174 nostris
1597 2147 1715 2174 maxime

887 2195 909 2223 1)
924 2199 1075 2226 congruere
1089 2191 1137 2220 ait.

961 2236 1014 2264 Sed
1040 2237 1096 2264 haec
1117 2237 1253 2272 quideme
1273 2237 1352 2265 nobis
1367 2238 1510 2266 hactenus.
1534 2239 1567 2265 At
1597 2238 1648 2266 iste
1666 2239 1712 2273 qui

924 2290 975 2310 nos
999 2282 1137 2317 Sopltistas
1161 2290 1223 2310 esse
1250 2280 1443 2316 caluni’uiatur,
1470 2290 1604 2317 suamque
1620 2282 1714 2317 dispu-

924 2329 1054 2357 tationem
1097 2329 1212 2357 veritate
1251 2329 1401 2360 instruens,
1429 2332 1523 2356 nostra
1549 2333 1640 2356 errata
1670 2337 1713 2356 rc-

924 2374 1078 2409 preheudit,
1117 2381 1171 2401 non
1197 2374 1336 2401 erubescit
1364 2374 1555 2401 tractationem
1589 2374 1622 2402 de
1650 2374 1713 2401 tidei

923 2420 1070 2455 capitibus,
1095 2419 1270 2455 sophismatis
1291 2419 1379 2454 lepide
1394 2427 1539 2452 exornare,
1558 2420 1620 2448 illos
1650 2420 1712 2447 ἰιιιὶι-

923 2470 1007 2498 tatus,
1034 2468 1080 2501 qui
1107 2466 1133 2493 in
1156 2466 1305 2501 symposiis
1323 2465 1444 2500 jucunde
1470 2470 1498 2493 et
1517 2466 1613 2493 festive
1631 2466 1712 2493 dictis

923 2512 1010 2540 risum
1032 2512 1106 2540 ciere
1130 2512 1229 2540 solent.
1251 2511 1346 2540 Videte
1370 2512 1443 2539 cnim
1482 2519 1563 2546 quam
1582 2511 1712 2539 formida-

923 2558 986 2585 bilis
1009 2563 1035 2586 ct
1059 2558 1197 2585 elaborata
1226 2558 1263 2585 sit
1285 2558 1342 2585 lizec
1361 2558 1512 2593 syllogismi
1538 2558 1708 2592 complexio:

923 2603 1016 2630 eadem
1034 2603 1106 2630 enim
1131 2603 1221 2630 denuo
1239 2610 1379 2637 reponam.
1414 2602 1443 2629 Si
1466 2602 1533 2629 idem
1548 2608 1586 2628 est
1612 2602 1711 2636 ingeni-

924 2655 965 2676 tus
983 2653 1007 2676 et
1029 2649 1119 2681 Pater,
1144 2649 1230 2676 licebit
1250 2648 1334 2680 nobis,
1350 2649 1447 2674 ontisso
1466 2648 1555 2674 Patris
1572 2647 1708 2679 vocabulo,

923 2700 1027 2730 accepto
1058 2699 1145 2722 autem
1172 2695 1281 2730 ingenitl
1304 2695 1417 2726 nomine,
1443 2693 1529 2720 dicere
1565 2694 1709 2727 ingenitum

924 2740 988 2767 Filii
1010 2749 1065 2768 esse
1079 2741 1233 2776 ingenitum.
1267 2739 1341 2767 Sicut
1361 2739 1430 2765 enim
1450 2738 1579 2772 ingenitus
1589 2743 1628 2764 es!
1644 2737 1709 2764 Filii

922 2787 1015 2820 Pater,
1034 2787 1072 2814 sic
1090 2787 1142 2814 eice
1157 2795 1241 2819 versa,
1262 2785 1326 2812 Filii
1340 2785 1469 2820 ingenitus
1486 2788 1524 2811 est
1539 2783 1630 2811 Pater.
1655 2785 1708 2811 As-

923 2834 1012 2862 simile
1037 2841 1150 2869 prorsus
1173 2833 1223 2860 hoc
1252 2832 1326 2867 huic,
1355 2830 1378 2858 si
1404 2830 1464 2866 quis
1486 2831 1558 2858 bono
1589 2834 1615 2858 et
1640 2837 1707 2858 sano
