1957 3079
257 119 310 148 453

875 122 903 149 5.
920 121 1084 150 ςηεῦοιιιι
1099 122 1239 151 αγεεεκι

1822 122 1872 150 MO

251 179 390 207 intellectu
399 179 513 210 diceret,
525 178 591 206 nihil
605 179 750 213 interesse,
762 180 819 208 sive
826 181 891 215 quis
902 181 1035 208 Adamum

1093 183 1203 217 πλὴσιον
1217 184 1270 218 γὰρ
1283 183 1361 209 τοῦτο
1384 183 1496 218 ἐκείνῳ·
1522 183 1617 218 ὥσπερ
1637 183 1691 218 γὰρ
1713 182 1741 208 εἴ
1763 191 1808 213 τις
1830 182 1873 209 τὴν

250 227 355 256 patrem
381 223 521 255 amntium,
543 224 603 251 sive
627 225 745 259 primum
770 233 785 251 a
809 225 864 253 Deo
886 225 1034 253 formatum

251 266 389 293 hominem
413 267 545 301 nominet,
571 267 642 296 idem
664 269 738 297 enim
763 274 879 305 utroque
900 270 1035 297 vocabulo

251 311 413 345 signiﬁcari;
426 311 524 340 deinde
534 313 638 349 aliquis
649 322 683 342 ex
695 314 873 344 Eunomiame
887 316 1035 344 dialectica:

251 357 345 384 schola
364 358 520 392 prosiliens,
541 359 656 398 ejusque
676 365 779 388 textum
794 365 821 389 et
838 369 937 389 nexum
952 369 1035 397 argu-

251 402 390 429 mentandi
414 403 525 432 imitans
539 405 692 432 occlamet:
710 405 738 432 Si
759 405 831 434 idem
847 409 890 434 est
907 406 1032 434 eumdem

251 454 267 473 a
286 445 341 474 Deo
361 447 478 482 primum
498 453 620 477 creatum
643 458 715 483 esse,
738 456 766 478 et
789 454 894 486 patrem
911 451 1032 478 omnium

252 496 424 526 posterorum
450 501 522 526 esse,
542 494 652 526 licebit,
676 496 773 523 relicto
793 495 879 531 patris
901 495 1035 523 vocabulo

251 541 277 564 et
291 543 402 572 accepto
419 540 577 574 protoplasti
593 541 714 573 nomine,
734 540 971 568 diceremdamus
984 549 1036 568 non

251 587 290 610 est
310 583 398 610 Abelis
425 590 514 618 pater,
535 586 579 612 sed
597 586 797 620 protaplastiu:
809 586 1036 621 quemadmodum

251 629 436 664 protoplastus
470 635 512 658 est
546 631 593 658 lilii
614 636 706 667 pater,
728 631 768 659 ita
797 633 855 660 vice
881 639 960 659 versa
987 631 1035 658 lilii

253 675 438 710 protoplastus
459 681 501 703 est
523 680 609 711 pater.
633 676 662 704 Si
686 677 750 704 talia
773 676 801 704 in
825 684 950 713 caupona
975 683 1037 712 per—

253 724 442 753 censerentur,
468 725 600 756 quantum
624 722 739 757 plausus
761 727 788 750 et
807 723 879 750 risus
894 730 909 749 a
924 729 1036 757 compo-

254 766 362 793 toribus
384 770 565 801 reportarem,
592 770 646 793 tam
676 766 773 794 festive
794 767 911 794 inventis
926 767 1037 794 admur-

1092 228 1176 262 Ἀδὰμ
1198 228 1270 263 ὀρθῷ
1295 229 1342 255 καὶ
1369 228 1514 262 ὑγιαίνοντι
1531 229 1602 263 λόγῳ
1626 228 1663 263 μὴ
1682 228 1822 261 διαφέρειν
1833 227 1875 253 λέ-

1085 281 1147 306 γοι,
1173 273 1190 308 ἢ
1219 272 1324 308 πατέρα
1346 273 1454 300 πάντων
1477 273 1646 308 ἀνθρώπων,
1666 273 1683 307 ἢ
1709 272 1874 307 πρῶτονάν-

1087 318 1203 353 θρώπων
1245 319 1298 345 ὑπὸ
1323 319 1369 345 τοῦ
1393 319 1461 346 Θεοῦ
1484 318 1638 346 πεπλάσθαι
1663 318 1770 351 λέγειν·
1810 318 1874 344 ταῦ-

1085 364 1130 390 τὸν
1152 364 1207 399 γὰρ
1229 365 1262 390 δι’
1287 365 1424 400 ἑκατέρων
1440 365 1636 400 σημαίνεσθαιο
1667 363 1730 391 είτά
1754 372 1797 395 τις
1822 363 1875 390 τῶν

1088 409 1148 436 κατ’
1169 409 1250 436 αὑτὸν
1269 409 1444 436 διαλεκτικῶν
1472 410 1652 445 ἐφαλλόμενος
1677 411 1734 440 τοῖς
1761 409 1874 444 εἰρημέ-

1086 463 1142 486 νοις
1167 457 1275 490 μιμοῖτο
1298 456 1348 490 τὴν
1374 455 1501 491 τοιαύτην
1519 455 1633 491 πλοκὴν.
1662 455 1703 481 ὅτι
1726 455 1751 481 εί
1777 454 1875 480 ταύτὸν

1085 501 1169 533 ἐστιν,
1196 501 1213 535 ῆ
1243 501 1350 536 πρῶτον
1373 501 1453 527 αὑτὸν
1475 500 1526 527 ὑπὸ
1559 500 1606 526 τοῦ
1628 499 1696 526 Θεοῦ
1720 499 1875 526 πεπλάσθαι

1085 547 1183 581 λέγειν,
1211 547 1228 581 ἢ
1256 547 1361 582 πατέρα
1382 546 1436 573 τῶν
1468 546 1538 581 μετὰ
1566 545 1663 578 ταῦτα,
1686 546 1794 578 ἐξέσται
1823 553 1874 571 xa-

1085 590 1226 618 ταλιποῦσι
1245 590 1294 626 τὴν
1311 591 1358 617 τοῦ
1384 590 1490 626 Πατρὶς
1513 591 1615 625 φωνὴν,
1644 590 1826 624 μεταλαϐοῦσι
1848 589 1876 615 ἃ

1085 636 1117 663 τὸ
1141 635 1350 672 πρωτόπλαστον
1388 637 1484 663 εἰπεῖν’
1515 635 1546 662 Ὀ
1583 635 1673 669 Ἀδὰμ
1708 635 1761 662 τοῦ
1788 635 1877 661 Ἅϐελ

1086 682 1154 716 οὐχί
1181 681 1278 716 πατήρ
1298 682 1394 714 ἐστιν,
1408 681 1489 709 ἀλλὰ
1511 681 1754 715 κρωτόπλαστσς.
1770 680 1877 715 Ὠσπερ

1086 727 1141 762 γὰρ
1165 728 1179 753 ὁ
1205 727 1414 762 πρωτόπλαστος
1442 727 1500 754 υἱοῦ
1533 727 1640 762 πατήρ·
1672 725 1742 752 οὓτω
1775 725 1806 752 τὸ
1829 725 1878 760 ἑμρ

1087 773 1168 799 παλιν
1191 771 1249 798 υίοῦ
1276 773 1486 806 πρωτόπλαστος
1507 772 1524 798 ὸ
1550 772 1651 806 πατήρ.
1678 771 1708 797 Ei
1731 770 1820 797 ταῦτα
1849 771 1878 796 ὲν

255 811 428 839 murantibus
444 815 470 838 et
487 811 724 846 adstrepentibus!
741 811 854 840 Talibus
869 811 1036 848 argumentis

1093 817 1231 853 καπηλείῳ
1247 817 1362 851 λέγοιτο,
1382 817 1464 844 πόσον
1485 817 1519 844 ἂν
1538 817 1581 852 ιῐη
1597 816 1692 851 κρότον
1706 816 1754 843 καὶ
1769 815 1878 849 γέλωτα

254 862 393 893 oppugnat
416 861 509 886 nostra
541 858 629 886 solers
657 858 710 886 iste
735 858 1038 899 theologushindigens

1093 851 1165 899 παρά
1191 851 1244 890 «by
1269 863 1541 898 διακωθωνιζομὲνων
1571 851 1698 899 ῥαγῆναι,
1722 863 1876 896 ἑπικαγχα-

254 903 403 938 padagogo
422 903 464 930 vel
480 903 571 938 potius
588 903 686 932 baculo
705 908 735 931 ut
750 904 848 937 discat,
866 911 920 931 non
945 903 1036 930 omnia

255 954 314 982 qua:
333 947 366 975 de
383 947 475 983 aliquo
494 948 691 984 praedicantur,
714 948 747 976 ad
773 948 844 975 idem
868 948 980 975 omnino
1000 947 1038 974 si-

254 993 411 1029 gniﬁcatum
423 994 571 1029 respicere,
582 993 813 1029 quemadmodum
825 1001 873 1029 per
883 993 1037 1028 exemplum

253 1039 289 1066 de
320 1039 423 1067 Adamo
445 1043 473 1067 et
496 1039 580 1068 Abele
605 1040 718 1067 allatum
736 1039 955 1067 demonstratum
985 1042 1036 1065 est.

255 1083 323 1111 Nam
350 1084 483 1112 Adamum
500 1085 625 1113 eumdem
647 1088 675 1112 et
704 1089 810 1121 patrem
824 1085 918 1112 Abelis
931 1088 958 1112 et
970 1091 1039 1119 opus

256 1129 303 1156 Dei
324 1137 385 1157 esse
398 1137 491 1157 verum
505 1134 557 1158 est.
572 1130 631 1157 Non
643 1131 726 1166 igitur
742 1137 803 1158 cum
820 1131 878 1165 ipse
893 1135 1040 1165 utrumque

256 1174 303 1205 sit.
317 1175 400 1202 etiam
421 1175 448 1202 in
466 1175 549 1203 Abele
569 1179 715 1211 utrumque
732 1181 783 1203 est.
806 1175 852 1203 Sic
870 1175 897 1202 in
915 1176 968 1203 Deo
990 1175 1041 1202 Pa~

256 1221 308 1248 tris
322 1221 465 1256 appellatio
479 1221 634 1250 manifestat
647 1221 756 1257 quidem
767 1222 794 1250 id
802 1221 874 1257 quod
885 1221 994 1257 proprie
1007 1222 1041 1249 ab

257 1266 308 1292 hoc
319 1266 452 1294 vocabulo
465 1267 645 1302 significatur,
661 1275 758 1302 nempe
768 1275 915 1303 generasse
930 1266 1041 1299 Filium,

256 1312 359 1340 indicat
378 1319 442 1340 vero
460 1317 487 1341 et
500 1313 574 1341 istud
595 1314 698 1341 nullam
718 1322 830 1342 causam
849 1314 1041 1346 antecessisse,

257 1358 338 1386 istum
349 1366 412 1387 vere
423 1360 587 1394 appellatum
601 1359 720 1388 Patrem.
738 1361 798 1388 Non
815 1361 900 1396 igitur
910 1367 1038 1388 necessa-

257 1403 326 1431 rium
335 1408 376 1431 est
387 1405 541 1440 ut,quando
549 1405 610 1433 Filii
619 1407 785 1434 mentionem
797 1406 924 1438 iacimus,
934 1413 986 1433 non
994 1405 1045 1432 Pa-

258 1452 336 1481 trem,
349 1450 396 1478 sed
407 1450 549 1486 ingenitum
565 1450 632 1478 Filii
645 1452 818 1479 nominemus
831 1459 937 1486 :neque
949 1459 1045 1478 rursus

258 1502 371 1524 necesse
393 1501 434 1524 est
455 1502 500 1530 ut,
523 1498 546 1526 si
575 1498 610 1525 ad
630 1497 693 1525 Filii
713 1498 900 1526 habitudinem
921 1499 949 1525 id
971 1498 1043 1533 quod

257 1546 299 1569 est
321 1542 450 1577 principii
477 1551 585 1578 expers,
610 1544 769 1576 reticeatur,
791 1551 825 1570 ex
843 1548 932 1572 mente
946 1548 1040 1571 nostra
1057 1528 1078 1557 θ

258 1585 412 1619 ingenitum,
427 1584 502 1613 Patri
519 1591 688 1622 competens,
705 1587 858 1621 ejiciamus.
876 1587 928 1615 Sed
943 1588 1041 1622 hujus-

260 1629 331 1656 modi
354 1630 494 1657 nominum
510 1639 590 1658 usum
604 1631 729 1666 repudiat
742 1632 804 1664 iste,
816 1636 843 1660 et
862 1640 937 1659 more
947 1641 1042 1660 eorum

259 1674 306 1708 qui
326 1675 399 1703 risus
419 1677 577 1704 concitandi
595 1678 715 1705 artiﬁces
733 1682 808 1710 sunt.
827 1678 978 1706 subsannat
998 1687 1042 1707 re—

259 1720 423 1753 sponsiones
442 1726 565 1754 nostras,
594 1723 791 1758 sopliismatum
810 1724 977 1752 absurditate
994 1732 1042 1752 ca-

260 1763 376 1792 chinnos
398 1765 532 1794 excitans.

1089 908 1188 941 ζόντων
1207 910 1239 944 τῇ
1259 908 1378 944 κομψεία
1394 908 1440 935 τοῦ
1459 908 1686 944 παρευρέματοςί
1707 907 1847 938 Τοιούτοις
1864 908 1878 934 ὸ

1090 954 1170 988 copo;
1191 954 1313 987 θεολόγος
1338 954 1503 990 ἰσχυρίζεται
1528 955 1588 981 καθ’
1603 954 1681 989 ἡμῶν
1704 955 1758 985 τοῖς
1779 953 1877 987 λόγοις,

1091 1001 1138 1027 καὶ
1151 1001 1313 1036 κατατρέχει
1331 1000 1378 1027 τοῦ
1391 1000 1524 1035 δόγματος
1534 1021 1541 1031 ,
1559 999 1731 1034 παιδαγωγοῦ
1747 1007 1820 1030 τινος
1835 998 1879 1024 ὗν-

1090 1054 1144 1078 τως
1169 1046 1215 1072 καὶ
1235 1045 1384 1081 βακτηρίας
1408 1045 1551 1080 δεόμενος,
1574 1045 1613 1076 ὡς
1628 1044 1661 1071 ἂν
1681 1043 1820 1078 διδαχθείη
1839 1043 1879 1070 ὅτι

1091 1092 1122 1118 οὗ
1145 1091 1235 1118 πάντα
1255 1091 1305 1117 ὅσα
1333 1090 1404 1117 κατά
1427 1098 1500 1122 τινος
1525 1091 1726 1125 κατηγορεῖται,
1756 1089 1826 1124 πρὸς
1852 1087 1880 1114 ιν

1092 1137 1200 1168 πάντως
1214 1137 1244 1163 τὸ
1259 1136 1457 1172 σημαινόμενον
1475 1135 1582 1170 βλέπειι
1602 1136 1639 1166 ὡς
1653 1134 1696 1162 διὰ
1712 1134 1760 1160 τοῦ
1780 1134 1877 1169 ρηθέν-

1092 1190 1137 1213 τος
1150 1183 1216 1217 ἡμῖν
1230 1182 1300 1208 κατὰ
1313 1182 1358 1208 τὸν
1375 1181 1458 1208 ’Δὸελ
1473 1181 1520 1208 καὶ
1545 1181 1591 1207 τὸν
1613 1180 1698 1214 ’Δδὰμ
1717 1179 1881 1214 ὑποδείγμα-

1093 1235 1139 1257 τος
1162 1226 1307 1253 δείκνυται.
1334 1227 1386 1253 Τδν
1401 1226 1456 1262 γὰρ
1478 1226 1573 1260 Ἀδὰμ,
1591 1226 1636 1252 τὸν
1659 1225 1740 1252 αὐτὸν
1758 1226 1808 1251 καὶ
1833 1233 1881 1251 πα-

1094 1273 1161 1307 τέρα
1175 1271 1220 1298 τοῦ
1242 1272 1334 1304 Ἀϐελ,
1359 1273 1404 1299 καὶ
1420 1272 1500 1307 ἔργον
1516 1271 1562 1298 τοῦ
1580 1271 1646 1298 Θεοῦ
1661 1271 1762 1305 λέγειν,
1785 1270 1882 1304 ἀληθές

1095 1319 1168 1344 ἔστιν
1180 1326 1186 1332 '
1201 1318 1232 1344 οὐ
1251 1318 1303 1353 μὴν
1317 1318 1409 1352 ἐπειδὴ
1426 1317 1506 1349 αὐτὸς
1520 1317 1659 1353 ἀμιρότερα
1673 1317 1721 1342 ἐπὶ
1739 1316 1789 1342 τοῦ
1803 1315 1883 1342 ’Λὸελ

1096 1363 1129 1390 τὰ
1141 1363 1187 1390 δύο
1196 1371 1203 1378 ⁸
1221 1363 1292 1390 οὕτω
1306 1364 1352 1390 καὶ
1365 1364 1411 1390 ἐπὶ
1425 1363 1471 1390 τοῦ
1485 1363 1552 1390 Θεοῦ
1571 1363 1623 1389 τῶν
1642 1363 1712 1389 ὅλων
1725 1363 1741 1397 ἡ
1764 1361 1814 1388 τοῦ
1830 1362 1883 1387 Πα-

1096 1409 1159 1444 τρὸς
1175 1408 1343 1444 προσηγορία
1369 1408 1444 1443 δηλοῖ
1460 1408 1509 1442 μὲν
1525 1408 1572 1434 καὶ
1589 1407 1620 1433 τὸ
1639 1407 1711 1438 ἰδίως
1726 1407 1783 1433 ὑπὸ
1793 1406 1884 1432 τοιαύ-

1097 1462 1146 1488 της
1160 1454 1250 1488 φωνῆς
1265 1453 1462 1488 σημαινόμενον
1476 1453 1506 1478 τὺ
1527 1452 1720 1486 γεγεννηκέναι
1735 1451 1782 1477 τὸν
1805 1451 1882 1477 Υἱὸν·

1099 1499 1262 1525 ἐνδείκνυται
1278 1499 1306 1525 δὲ
1330 1499 1376 1524 καὶ
1393 1498 1423 1524 τὸ
1449 1497 1583 1533 μηδεμίαν
1605 1497 1694 1523 αἰτίαν
1715 1496 1884 1531 προεπινοεῖ-

1097 1543 1160 1571 σθαι
1185 1543 1231 1570 τοῦ
1257 1544 1364 1579 ἀληθῶς
1387 1543 1507 1579 Πατρός’
1522 1543 1552 1569 οὗ
1570 1542 1622 1578 μὴν
1643 1542 1800 1576 ἐπάναγκες
1823 1542 1884 1568 ὅταν

1095 1589 1142 1616 τοῦ
1161 1589 1224 1616 Υίοῦ
1243 1590 1416 1625 μνησθῶμεν,
1433 1589 1470 1624 μὴ
1485 1589 1593 1624 Πατέρα
1607 1589 1705 1622 λέγειν,
1722 1588 1782 1615 ἀλλ’
1805 1587 1885 1620 ἀγέν-

1097 1643 1190 1669 νητον
1211 1635 1278 1662 Υἰοῦ
1298 1635 1526 1669 προσαγορεύειν·
1552 1634 1606 1661 οὐδ’
1624 1632 1657 1660 αὗ
1672 1633 1754 1661 πάλιν
1778 1633 1804 1659 εἰ
1818 1632 1885 1667 πρὸς

1094 1680 1144 1715 τὴν
1162 1679 1209 1706 τοῦ
1228 1679 1290 1706 Υἱοῦ
1315 1680 1408 1715 σχέσιν
1424 1681 1454 1706 τὸ
1468 1680 1584 1715 ἄναρχον
1608 1679 1770 1714 σιωπηθείη,
1790 1678 1885 1704 ἐκϐάλ-

1095 1725 1150 1752 λειν
1172 1725 1221 1760 τῆς
1239 1725 1356 1756 διανοίας
1377 1725 1454 1760 ἡμῶν
1478 1725 1532 1752 ἀπὸ
1557 1724 1604 1751 τοῦ
1629 1724 1696 1751 Θεοῦ
1715 1723 1746 1750 τὸ
1763 1723 1887 1758 ἀγέννη-

1091 1780 1154 1798 τον.
1181 1771 1249 1797 Ἀλλ’
1266 1770 1416 1798 ἀπωθεῖται
1437 1770 1486 1805 τὴν
1509 1769 1637 1804 τοιαύτην
1661 1770 1760 1804 χρῆσιν
1786 1768 1885 1803 ὀνομα-

259 1818 324 1841 των.
338 1811 467 1838 καὶκατὰ
480 1812 542 1844 τοὺς
556 1812 656 1848 μίμους
672 1813 726 1839 τῶν
757 1813 880 1847 γελοίων,
911 1815 1081 1851 διαχλευάζει
1100 1818 1145 1844 τὸν
1169 1816 1248 1850 λόγον
1274 1816 1314 1851 τῷ
1338 1816 1473 1851 ἀλλοκότῳ
1493 1816 1547 1843 τῶν
1573 1815 1748 1851 σοφισμάτων
1772 1815 1886 1849 γελωτο-

259 1856 344 1884 ποιῶν
358 1858 387 1885 ὲν
401 1859 456 1890 τοῖς
467 1858 592 1894 δόγμασι.

295 1905 400 1934 Rursus
419 1907 490 1934 enim
507 1915 538 1936 ea
559 1915 620 1943 qua:
633 1907 751 1936 effutivit
762 1915 900 1936 resumam
913 1919 918 1936 :
932 1908 962 1936 Si
976 1908 1044 1937 idem

259 1951 392 1979 estdicere
414 1953 542 1988 ingenitus
565 1954 602 1981 vel
619 1953 712 1986 Pater,
732 1953 820 1981 licebit
840 1955 926 1987 nobis,
941 1955 1045 1983 deserto

261 1997 351 2024 Patris
389 1999 514 2026 vocabulo
546 2004 571 2026 et
601 2004 738 2034 assuntpto
766 2000 894 2035 ingenito,
925 2001 1010 2028 dicere
1033 2009 1043 2028 :

260 2042 395 2078 lugenilua
410 2043 477 2071 Filii
498 2049 536 2072 ut
557 2045 698 2080 ingenitus.
718 2045 803 2073 Siculi
824 2046 894 2073 enim
913 2047 1042 2082 ingenitus

259 2094 297 2116 est
313 2088 378 2116 Filii
393 2089 483 2122 Pater,
495 2089 534 2117 ita
544 2091 659 2117 vicissim
671 2090 738 2118 Filii
749 2091 880 2127 ingenitus
896 2097 935 2120 est
951 2092 1042 2120 Pater.

260 2134 372 2168 Verum,
392 2139 422 2162 ut
449 2141 476 2163 et
499 2143 550 2163 nos
575 2136 683 2164 ridendi
713 2137 854 2164 materiam
881 2137 1041 2169 habeamus,

260 2183 284 2208 si
301 2182 422 2213 videtur,
443 2182 471 2209 in
486 2182 656 2209 contrarium
671 2182 808 2217 sophisma
823 2187 1041 2217 retorqueamus.
1061 2166 1083 2194 Β

262 2227 292 2254 Si
316 2234 370 2254 non
384 2232 426 2255 est
436 2227 507 2254 idem
527 2226 608 2254 Pater
626 2235 690 2254 cum
706 2228 837 2263 ingenito,
856 2228 945 2256 Patris
959 2228 1044 2256 Filius

262 2280 315 2300 nou
335 2272 388 2300 erit
406 2272 519 2308 ingeniti
544 2272 629 2300 Filius
645 2283 651 2300 :
674 2281 736 2300 nam
754 2281 816 2301 cum
842 2273 877 2300 ad
893 2274 980 2301 solum
997 2274 1045 2300 Pa-

261 2322 330 2344 trem
357 2317 543 2345 habitudinem
568 2318 674 2351 haheat,
698 2324 844 2346 extraneus
861 2318 973 2345 omnino
993 2318 1045 2344 erit

262 2367 360 2390 natura
377 2369 427 2390 sua
443 2362 477 2389 ab
490 2363 537 2390 illo
554 2363 600 2398 qui
621 2363 694 2391 aliud
707 2363 837 2399 quiddam
849 2367 902 2396 est,
916 2367 943 2391 et
955 2362 1045 2391 Patris

264 2407 367 2435 notioni
380 2415 552 2444 nequaquam
565 2409 715 2437 coniorme.
731 2409 824 2444 Itaque
843 2409 865 2436 si
879 2409 952 2436 aliud
967 2409 1046 2444 quid-

263 2454 324 2479 dam
342 2457 383 2480 est
403 2452 482 2481 Pater
494 2454 528 2482 ab
541 2455 673 2491 ingenito,
692 2462 780 2490 neque
792 2453 881 2481 Patris
900 2454 1046 2490 appellatio

264 2499 379 2533 ingenili
392 2499 575 2534 signiﬁcatum
595 2501 795 2536 complectitur,
815 2508 869 2527 non
884 2500 983 2535 poterit
999 2501 1046 2536 qui

264 2550 307 2572 est
324 2546 436 2578 unus,in
451 2546 520 2574 duas
541 2554 632 2575 rerum
649 2546 825 2574 habitudines
848 2547 944 2578 dividi,
960 2547 1047 2574 idem-

267 2598 321 2625 que
341 2598 401 2619 esse
416 2595 443 2619 et
456 2591 546 2620 Patris
561 2596 587 2619 et
602 2592 716 2626 ingeniti
731 2591 824 2620 Filius.
853 2591 887 2619 Et
903 2596 932 2619 ut
950 2592 1048 2620 absur-

267 2638 332 2664 dum.
356 2643 487 2666 censetur
502 2637 654 2672 ingenitum
667 2637 750 2665 Deum
766 2638 867 2669 dicere,
883 2638 920 2664 ita
935 2637 1048 2665 omnino

267 2683 294 2710 in
325 2683 500 2711 conversione
523 2690 572 2716 par
591 2683 747 2711 alisurditas
770 2683 934 2715 invenietur,
959 2683 1049 2710 nomi-

267 2729 356 2756 nando
371 2727 546 2764 Uuigeuitum
562 2727 660 2756 Filium
680 2729 790 2764 ingeniti
812 2739 818 2756 :
837 2734 866 2757 ut
887 2737 919 2756 ex
941 2729 1049 2757 duobus

268 2774 382 2800 alterum
398 2772 494 2801 conﬁci
516 2776 649 2807 oporteat,
664 2773 704 2800 vel
726 2774 795 2801 idem
812 2781 874 2802 esse
897 2773 1048 2808 ingenitum

270 2822 296 2846 et
315 2817 432 2851 Patrem,
453 2822 482 2844 ut
505 2817 595 2846 Patris
619 2817 703 2846 Filius
728 2819 807 2846 etiam
831 2818 944 2853 ingeniti
964 2818 1049 2846 Filius

1135 1907 1220 1935 Πάλιν
1235 1906 1288 1941 γὰρ
1300 1904 1355 1932 τῶν
1377 1905 1442 1940 παρ’
1462 1904 1544 1932 αὑτοῦ
1559 1904 1696 1940 ῥηθέντων
1717 1903 1887 1939 ἐπιμνησθή-

1099 1961 1195 1988 σομαι·
1212 1953 1246 1979 El
1259 1951 1368 1978 ταύτόν
1382 1950 1468 1977 ἐστιν
1488 1949 1778 1984 ειπεῗγ,Ἀγ-ἐννητος
1795 1950 1815 1983 ἢ
1833 1951 1887 1976 Πα-

1097 1997 1163 2032 τὴρ,
1178 1996 1298 2028 ἐξέσται
1315 1995 1387 2030 ἡμῖν
1402 1995 1602 2022 καταλιποῦσι
1619 1995 1677 2028 τὴν
1694 1994 1747 2021 τοῦ
1767 1995 1887 2028 Πατρός

1096 2043 1212 2078 φωνὴν,
1225 2041 1427 2076 μεταλαϐοῦσι
1443 2040 1477 2067 δὲ
1491 2040 1525 2067 τὸ
1542 2039 1716 2075 ἀγέννητον,
1731 2040 1843 2068 εἰπεῖν·
1860 2041 1886 2066 '0

1096 2088 1268 2124 ἀγέννητος,
1291 2087 1361 2114 Υιοῦ
1379 2087 1465 2114 ἐστιν
1480 2087 1652 2122 ἀγέννητος.
1670 2086 1788 2120 Ὠσπερ
1803 2087 1858 2120 γὰρ
1870 2087 1887 2112 ό

1096 2135 1260 2169 ἀγέννητοι,-
1293 2132 1361 2159 Υὶοῦ
1388 2132 1506 2167 Πατὴρ.
1529 2132 1623 2165 οὕτως
1647 2132 1780 2166 ἔμπαλιν
1818 2131 1887 2158 Υὶοῦ

1097 2180 1261 2215 ἀγέννητοι·
1278 2179 1294 2205 o'
1311 2178 1421 2212 Πατήρ.
1438 2177 1506 2204 Ἀλλ’
1518 2177 1747 2212 ἁντιγελάσωμεν.
1765 2178 1790 2203 εἰ
1803 2177 1886 2209 δοκεῖ,

1099 2225 1146 2252 καὶ
1169 2225 1259 2259 ἡμεῖς,
1279 2224 1319 2254 εἰς
1341 2223 1494 2250 τούναντίον
1517 2222 1592 2258 αὐτῷ
1614 2222 1834 2258 περιαγαγόντες
1856 2222 1888 2248 τὸ

1094 2271 1213 2305 σόφισμα
1222 2277 1229 2284 °
1244 2269 1275 2296 Et
1295 2268 1345 2295 οὒκ
1359 2268 1417 2295 ἐστι
1431 2268 1528 2296 ταύτὸν
1542 2269 1556 2295 ὸ
1570 2268 1664 2304 Πατὴρ
1676 2269 1716 2304 τῷ
1733 2269 1886 2304 ἀγεννήτῳ,

1092 2317 1106 2342 ὁ
1121 2315 1166 2342 τοῦ
1188 2315 1294 2351 Πατρδς
1313 2314 1376 2346 Υἱὸς
1390 2313 1440 2341 οὐκ
1459 2314 1535 2341 ἔσται
1556 2313 1602 2341 τοῦ
1628 2314 1778 2350 ἀγεννήτου
1803 2314 1886 2345 Υἱὸς’

1094 2361 1161 2396 πρὸς
1177 2354 1230 2396 γὰρ
1252 2360 1297 2386 τὸν
1315 2359 1424 2394 Πατέρα
1444 2359 1522 2394 μόνον
1536 2359 1585 2394 τὴν
1603 2359 1696 2393 σχέσιν
1710 2358 1792 2394 ἔχων,
1809 2359 1887 2386 ἀλλο-

1094 2407 1175 2442 τρίως
1192 2406 1299 2437 πάντως
1312 2405 1366 2438 ἕξει
1381 2404 1453 2432 κατὰ
1467 2404 1515 2439 τὴν
1536 2405 1616 2439 φύσιν
1636 2404 1704 2440 πρὸς
1718 2404 1765 2431 τὸν
1778 2405 1844 2432 ἄλλο
1856 2413 1884 2431 τι

1096 2451 1160 2478 ὄντα
1184 2452 1230 2478 καὶ
1251 2452 1284 2486 τῇ
1309 2451 1400 2486 ἐννοίᾳ.
1423 2449 1469 2477 τοῦ
1497 2450 1603 2486 Πατρὸς
1622 2449 1659 2486 μὴ
1682 2450 1886 2486 συμβαίνοντα·

1096 2498 1165 2525 ὥστε
1179 2498 1203 2523 εί
1219 2497 1282 2524 ἄλλο
1295 2505 1321 2523 τι
1339 2496 1412 2531 παρὰ
1433 2496 1478 2523 τὸν
1493 2496 1638 2531 ἁγέννητόν
1654 2497 1728 2523 ἐστιν
1749 2496 1764 2521 ό
1781 2496 1886 2531 Πατὴρ,

1097 2542 1144 2569 καὶ
1159 2542 1189 2568 οὐ
1205 2541 1402 2577 περιλαμϐάνει
1415 2539 1461 2566 τοῦ
1479 2539 1594 2573 Πατρὸς
1607 2541 1623 2575 ἡ
1643 2541 1824 2576 προσηγορία,
1841 2541 1889 2567 καὶ

1097 2586 1144 2614 τοῦ
1156 2587 1319 2621 ἁγεννήτου
1331 2586 1362 2612 τὸ
1377 2585 1573 2621 σημαινόμενον
1581 2593 1588 2600 ι
1598 2585 1628 2611 οὺ
1640 2585 1750 2612 δύναται
1762 2586 1780 2612 ὁ
1791 2583 1830 2617 εἷς
1839 2585 1887 2617 ὢν,

1098 2634 1138 2664 εἰς
1160 2633 1207 2660 δύο
1220 2631 1388 2667 πραγμάτων
1406 2631 1510 2666 σχέσεις
1527 2630 1779 2665 καταμερίζεσθαι,
1804 2631 1852 2657 καὶ
1872 2632 1888 2657 ὁ

1097 2679 1178 2710 αὐτὸς
1204 2677 1272 2705 εἶναι
1288 2677 1335 2704 τοῦ
1349 2685 1378 2704 τε
1394 2676 1498 2712 [ἰατρὸς
1513 2676 1559 2703 καὶ
1574 2675 1620 2702 τοῦ
1635 2677 1783 2711 ἀγεννήτου
1805 2677 1867 2709 Υίός
1878 2685 1887 2691 ·

1099 2724 1146 2750 καὶ
1166 2724 1203 2755 ὡς
1225 2723 1324 2750 ἄτοπον
1341 2722 1470 2757 ἐνομίσθη
1491 2721 1556 2748 Υἱοῦ
1581 2721 1730 2757 ἀγέννητον
1753 2722 1799 2749 τὸν
1820 2721 1890 2749 Θεὸν

1099 2770 1196 2804 λέγειν,
1219 2768 1288 2795 οὕτω
1311 2768 1417 2799 πάντως
1438 2768 1468 2794 ἐν
1491 2767 1530 2802 τῷ
1551 2767 1755 2803 ἁντιστρέφοντι
1777 2767 1807 2794 τὸ
1830 2765 1889 2794 ἴσον

1100 2816 1199 2843 ἄτοπον
1223 2814 1400 2850 εὑρεθήσεται
1422 2814 1468 2841 τοῦ
1490 2814 1636 2850 ἀγεννήτου
1662 2813 1727 2842 Υίὺν
1753 2813 1888 2850 μονογενῆ
