1957 3079
84 94 126 122 Ml
630 91 770 120 CONTRA
787 89 985 123 EUNOMIUH,
1004 91 1070 118 LIB.
1090 91 1111 118 l.

1643 90 1696 118 ω

84 155 165 188 λέγειν
175 159 182 167 ⁸
206 151 274 179 ὥστε
289 152 342 180 τῶν
354 151 401 179 δύο
417 152 447 179 τὸ
461 152 564 188 ἕτερον,
581 152 597 188 ἢ
621 153 718 179 ταύτόν
738 153 797 178 ἐστι
821 151 861 186 τῷ

913 151 958 182 sit.
990 155 1018 178 ut
1043 141 1144 178 frustra
1170 159 1221 180 nos
1248 152 1423 181 adversarius
1442 151 1583 185 traduxit,
1603 151 1645 180 vel
1672 152 1696 179 si

85 199 211 235 ἀγεννήτῳ
231 199 245 225 6
261 198 365 234 Πατὴρ,
381 199 425 226 ἵνα
437 199 452 225 ό
467 198 512 226 τοῦ
528 199 634 233 Πατρδς
653 198 728 230 Υἱὸς,
749 198 796 225 καὶ
809 197 857 224 τοῦ

84 244 218 278 ἁγεννήτου
238 242 301 274 Υἱὸς
318 241 355 280 ᾖ,
377 244 423 270 καὶ
446 243 534 278 μάτην
548 243 629 278 ἡμῶν
649 242 822 277 διεχλευάσθη
844 243 858 269 6

85 289 170 323 λόγος·
186 289 203 324 ἢ
227 289 250 314 εί
273 288 366 323 ἔτερόν
388 297 414 315 τι
441 288 516 324 παρὰ
533 288 564 315 τὸ
588 288 734 324 ἁγέννητόν
752 289 825 314 ἐστιν
843 287 859 313 6

86 334 178 369 Πατὴρ,
193 334 207 360 ό
220 333 266 360 τοῦ
283 333 389 369 [ἰατρὸς
412 333 477 365 Υἱὸς
492 334 542 369 τῆς
568 335 637 370 πρὸς
662 333 692 360 τὸ
712 333 859 368 ἀγέννητον

85 379 191 414 σχέσεως
204 379 388 414 ἠλλοτρίωται.
418 378 472 405 Καὶ
493 379 540 405 ἐὰν
560 379 638 405 τοῦτο
664 379 798 414 κρατήσῃ,
821 377 858 413 μὴ

85 426 112 450 ὲκ
133 423 176 449 τοῦ
205 423 354 458 ἀγεννὴτου
382 421 452 451 εἶναι
478 424 524 450 τὸν
552 424 702 459 Μονογενῆ,
732 423 860 458 γεννητὸν

85 468 148 503 αὐτῷ
162 468 268 500 πάντως
279 470 295 503 ή
318 469 463 496 ἀκολουθία
473 469 520 496 τοῦ
533 470 612 504 λόγου
631 471 676 497 τὸν
694 470 802 505 Πατέρα
815 470 860 496 ἐν·

85 515 202 547 δείξετον
217 516 246 542 τὸ
259 515 313 551 γὰρ
327 516 356 542 ὃν
373 516 431 551 μὲν,
447 518 485 552 μὴ
499 517 652 552 ἀγεννήτως
668 517 697 543 δὲ
712 517 751 549 6v,
769 525 861 552 γεννη-

84 560 125 594 τὴν
142 560 246 591 πάντως
270 561 417 587 ὑπόστασιν
436 561 501 596 ἔχει.
519 562 550 588 Εἰ
565 559 612 588 οὖν
632 562 759 596 γεννητὸς
777 563 791 588 ό
804 563 860 588 Πα-

85 607 129 640 τὴρ
143 607 200 633 κατ’
215 606 348 638 ἐκείνους,
363 607 427 634 ἄλλο
448 615 474 633 τι
495 606 533 634 ὢν
548 607 623 643 παρὰ
638 609 683 634 τὸν
702 608 858 642 ἀγέννητον,

86 651 128 678 ποῦ
151 652 166 686 ἡ
189 651 401 687 πολυθρύλλητος
425 653 592 688 ἂγε-γνησία
622 653 733 688 ἐκείνη;
761 654 814 680 Ποῦ
839 654 856 689 ἡ

86 697 173 732 κρηπὶς
185 697 231 724 καὶ
248 698 265 732 ἠ
279 697 420 733 ὑποδάθρα
430 700 481 734 τῆς
495 699 636 734 αἱρετικῆς
657 699 855 735 πυργοποιίας;

85 744 180 778 Οῗχεται
192 744 237 770 καί
248 744 394 778 ἠφάνισται
404 743 447 770 διὰ
460 744 505 770 τοῦ
522 745 650 780 γλίσχρον
658 745 710 771 τῶν
726 745 860 780 σοφισμά-

85 797 138 820 των,
160 788 191 814 ἐκ
205 788 259 814 τῶν
280 788 405 823 κατέχειν
425 788 492 820 τέως
519 789 666 816 δοκούντων
689 789 859 826 διολισθῆσαν

909 197 1048 224 diversum
1075 197 1204 232 quiddam
1227 198 1261 226 ab
1285 199 1407 234 ingenito
1429 197 1510 225 Pater
1531 202 1584 231 est,
1611 197 1697 225 Filius

909 242 944 269 ab
971 242 1136 270 habitudine
1161 243 1195 270 ad
1219 243 1369 279 ingenitum
1382 252 1496 279 prorsus
1520 244 1555 271 sit
1579 245 1696 271 alienus.

909 287 987 320 Quod
1016 288 1040 316 si
1061 289 1217 316 obtineatur
1242 288 1416 324 Unigenitum
1437 297 1491 316 non
1508 297 1570 317 esse
1593 290 1626 316 ab
1654 289 1693 316 in-

910 334 1010 368 genito,
1027 341 1198 368 consequens
1214 334 1325 361 omnino
1342 339 1385 362 est
1404 339 1434 361 ut
1451 334 1559 362 Patrem
1576 335 1695 369 genitum

910 379 1055 407 faciamus.
1076 379 1142 407 Nam
1161 380 1233 415 quod
1248 385 1300 411 est.
1319 387 1369 407 nec
1387 384 1477 406 tamen
1495 380 1615 415 ingenite
1637 384 1692 410 est.

910 426 1023 453 omnino
1040 427 1160 461 genitam
1180 425 1384 453 subsistentiam
1400 425 1491 452 habet.
1505 425 1533 452 Si
1547 426 1632 460 igitur
1649 433 1696 453 se-

910 472 1029 500 cundum
1045 472 1107 499 illos
1122 471 1202 499 Pater
1220 475 1262 499 est
1281 472 1399 506 genitus,
1423 471 1495 498 aliud
1518 471 1582 506 quid
1600 472 1633 498 ab
1655 472 1695 498 in-

910 519 1001 554 genito
1016 518 1163 548 exsistens,
1185 517 1231 544 ubi
1248 517 1392 544 decantata
1415 517 1459 543 illa
1473 516 1692 544 inuasribilitas?

912 563 962 591 Ubi
981 563 1081 590 fundus
1101 568 1126 590 et
1140 562 1347 590 fumlamcnlum
1364 561 1496 588 haeretica;
1514 562 1696 589 substructio-

910 607 974 635 nis?
993 607 1067 635 Abiit
1090 612 1116 635 et
1140 607 1250 634 evanuit
1268 614 1315 641 per
1330 606 1423 641 jejuna
1441 606 1492 633 ista
1516 607 1694 640 sophismata.

910 655 948 682 Ei
972 654 1080 689 quibus,
1104 661 1167 680 eum
1192 660 1226 681 eo
1251 660 1337 687 usque
1353 651 1502 687 prmvalida
1527 651 1695 684 viderentur,

909 700 1009 728 amissa
1037 708 1104 727 ansa
1133 700 1275 734 delapsum
1302 703 1344 726 est
1372 699 1528 733 ingenitum.
1559 702 1585 725 et
1607 698 1697 725 omnis

910 746 1102 781 iuaaqualitatis
1129 745 1265 777 machina,
1287 745 1360 772 velut
1386 744 1535 776 somnium,
1560 743 1696 776 difﬂuens,

910 791 1132 818 orationisictum
1143 789 1244 824 etl‘ugit,
1258 790 1338 817 simul
1357 797 1419 816 cum
1437 789 1557 824 ingenito
1574 789 1696 815 avolans.

84 835 126 869 τῆς
140 834 221 869 λαϐῆς
242 835 271 861 τὸ
285 834 450 870 ἀγέννητον
462 844 468 850 '
490 837 538 863 καὶ
559 837 576 871 ἡ
602 836 650 862 τοῦ
669 824 859 871 ἀνομοίουγκα-

913 836 949 863 Ita
969 836 1079 871 quando
1098 835 1269 863 mendacium
1298 835 1402 862 veritati
1430 835 1615 870 anteponitur,
1636 834 1698 861 licet

83 879 199 914 τασκευὴ,
222 879 349 914 καθάπερ
371 880 443 912 τινὸς
455 880 531 916 ὁναρ,
546 881 701 916 διαρρυεῖσα
715 881 762 907 τοῦ
779 881 857 915 λόγου

83 926 125 960 τὴν
137 925 240 960 ἐπαφὴν
256 925 420 960 διαπέφευγε
442 926 480 961 τῷ
495 927 635 962 ἁγεννήτῳ
656 929 857 955 συναποπτᾶσα.

85 971 166 1002 Οῢτως
188 972 252 998 ὅταν
272 981 297 998 τι
315 972 412 1006 ψεῦδος
458 973 509 1008 πρὸ
527 973 577 1007 τῆς
598 973 724 1008 ἀληθείας
737 973 859 1009 τιμώμε-

84 1025 130 1048 νον,
144 1015 193 1042 κᾶν
216 1016 286 1051 πρὸς
306 1016 395 1050 ὀλίγον
411 1017 454 1044 διὰ
476 1017 525 1052 τῆς
541 1017 648 1052 ἀπάτης
671 1018 791 1054 ἀνθήσοι,
811 1027 858 1044 τα-

83 1062 142 1096 χέως
158 1062 224 1094 προς
248 1062 329 1088 ἑαυτὸ
355 1063 496 1098 καταρρεῖ,
524 1063 572 1089 καὶ
596 1064 655 1094 ταῖς
674 1063 751 1095 ἰδίαις
775 1072 858 1090 κατα-

84 1108 180 1138 σκευαῖς
195 1107 343 1134 διαλύεται.
368 1106 447 1133 ’Δλλὰ
462 1107 548 1134 ταῦτα
568 1108 617 1142 μὲν
634 1108 695 1134 ὅσον
710 1108 860 1143 ἐπιμειδιά-

912 882 1019 908 modico
1053 886 1175 915 tempore
1204 889 1252 916 per
1276 888 1396 908 errorem
1425 881 1514 915 vigeat
1541 885 1568 907 et
1592 880 1696 912 ﬂoreat,

910 931 1006 961 postea
1029 931 1119 954 tamen
1142 927 1234 961 seipse
1248 927 1379 956 concidit,
1397 930 1423 953 et
1446 926 1564 960 propriis
1588 925 1695 952 machi-

911 973 1046 1000 namentis
1078 973 1247 1000 dissolvitur.
1270 972 1369 1000 Verum
1394 973 1451 999 luet:
1476 972 1584 1007 quidem
1612 971 1696 998 animi

911 1019 999 1054 gratia
1024 1019 1051 1045 in
1071 1019 1318 1046 remunerationem
1344 1018 1447 1046 festivae
1460 1018 1540 1045 istius
1558 1017 1698 1051 iuzequali-

911 1065 978 1092 tatis
1000 1072 1015 1092 a
1038 1065 1118 1092 nobis
1133 1065 1206 1092 dicta
1232 1065 1297 1092 sint.
1316 1064 1436 1100 Tempus
1455 1065 1536 1092 fuerit
1559 1069 1588 1091 ut
1610 1064 1698 1090 oratio

917 1111 950 1137 ad
973 1112 1144 1145 propositum
1163 1112 1215 1138 iter
1238 1116 1400 1139 revertatur.

84 1161 122 1179 σαι
132 1154 161 1188 τῇ
181 1153 300 1188 κομψείᾳ
324 1153 373 1188 τῆς
392 1152 438 1179 τοῦ
455 1153 580 1188 ἀνομοίου
593 1154 802 1188 ἀνταποδόσεως,
821 1156 868 1182 καὶ
885 1158 949 1192 παρ’
977 1157 1055 1193 ἡμῶν
1079 1158 1284 1194 προενήνεκται.
1314 1157 1416 1193 Καιρδς
1438 1158 1461 1184 δ’
1486 1158 1519 1184 ἂν
1553 1157 1595 1191 εἴη
1619 1156 1699 1182 πάλιν

84 1199 253 1232 ἐπαναγαγεῖν
267 1199 313 1225 ὲπ).
327 1198 378 1233 τὴν
390 1199 549 1225 ἀκολουθίαν
563 1199 609 1226 τὸν
625 1199 712 1233 λόγον.

113 1245 146 1270 Οὐ
161 1244 286 1278 βούλεται
302 1245 316 1271 6
331 1245 464 1280 Εὐνόμιος
479 1246 530 1272 ὑπὸ
547 1245 595 1280 τῆς
608 1246 654 1272 τοῦ
679 1246 784 1281 Πατρδς
805 1255 858 1280 φω-

84 1289 133 1324 νῆς,
148 1290 192 1316 καὶ
207 1289 255 1316 τοῦ
275 1291 423 1325 ἁγεννήτου
438 1290 487 1326 τὴν
504 1291 640 1326 σημασίαν
659 1292 857 1327 παρίστασθαι’

84 1335 120 1360 ἴνα
142 1335 170 1361 τὸ
192 1335 257 1361 ποτὲ
280 1335 316 1370 μὴ
338 1332 407 1362 εἶναι
430 1335 475 1362 τὸν
490 1337 629 1372 Μονογενῆ
655 1337 857 1372 κατασκευάσῃ.

84 1380 192 1416 Καὶγαρ
206 1381 254 1408 καὶ
271 1381 337 1408 πυλὺ
360 1381 438 1408 τοῦτο
464 1383 538 1418 παρὰ
557 1383 611 1409 τῶν
634 1383 760 1418 μαθητῶν
776 1383 857 1410 αὐτοῦ

84 1424 109 1450 τὸ
121 1424 245 1460 ἐρώτημα
256 1445 263 1458 ,
287 1426 327 1452 ὃτι
354 1426 384 1452 '0
401 1425 444 1452 ὦν
468 1426 530 1460 πῶς
547 1427 704 1461 ferratae;
719 1428 808 1454 Αἴτιον
830 1427 858 1454 δὲ

83 1456 168 1496 τούτου
188 1456 278 1505 οίμαι,
302 1471 332 1496 τὸ
355 1471 391 1506 μὴ
414 1456 585 1507 ἐθέλειντὴς
604 1456 774 1508 ἀνθρωττίνης
794 1475 860 1509 χρή-
873 1456 895 1486 C

85 1524 144 1547 σεως
160 1515 214 1542 τῶν
229 1516 372 1551 ὀνομάτων
389 1517 435 1543 καὶ
450 1518 497 1544 ἐπὶ
511 1517 565 1544 τῶν
583 1517 661 1545 θείων
674 1518 861 1553 διανοημάτων

85 1561 247 1596 ἀφίστασθαι.
273 1562 428 1598 ’Λλλ’ὴμεῖς
444 1563 572 1595 εὐνοϊκῶς
588 1563 654 1590 αὐτὸ
667 1563 696 1590 τὸ
708 1563 862 1600 πεπλασμέ-

85 1615 122 1634 νον
134 1608 180 1643 τῆς
192 1608 320 1639 ὑπονοίας
335 1609 374 1640 εἰς
382 1609 411 1635 τὸ
422 1608 499 1641 εὒθὲς
516 1609 729 1644 προαγάγωμεν,
739 1610 861 1642 εἰπόντες

85 1653 99 1680 ὃ.
112 1654 170 1689 περὶ
183 1653 279 1681 τούτου
296 1654 475 1689 γινώσκομεν.

115 1699 194 1726 ’Δλλα
215 1699 343 1735 σημαίνει
366 1700 432 1735 παρ’
456 1701 530 1735 ἡμῖν,
554 1698 577 1727 ὦ
601 1701 728 1736 Εὐνόμιε,
746 1701 780 1727 τὰ
803 1700 861 1728 ὀνό-

86 1753 158 1778 ματι,
177 1745 225 1772 καὶ
250 1745 346 1781 ἑτέραν
368 1745 414 1772 ἐπὶ
439 1745 488 1780 τῆς
508 1746 708 1781 ὑπερκειμένης
724 1746 861 1781 δυνάμεως

84 1791 127 1826 τὴν
142 1792 278 1827 σημασίαν
293 1791 450 1826 παρέχεται.
472 1791 527 1818 Καὶ
551 1791 605 1825 γὰρ
625 1792 671 1818 καὶ
687 1793 716 1818 εν
737 1792 791 1822 τοῖς
810 1790 863 1817 λοι-

85 1838 137 1867 ποῖς
158 1839 222 1863 πᾶσι
247 1837 337 1872 πολλῷ
360 1836 397 1872 τῷ
423 1837 497 1872 μέσῳ
519 1837 536 1872 ἡ
557 1836 615 1863 θεία
634 1836 714 1870 φύσις
739 1835 793 1862 ἀπὸ
813 1836 862 1871 τῆς

84 1882 247 1918 ἀνθρωπίνης
261 1882 484 1917 διατετείχισται’
501 1882 547 1909 καὶ
558 1881 633 1908 οὐδὲν
646 1881 762 1908 ἐνταῦθα
776 1881 863 1908 τοιοῦ-

83 1937 123 1954 rev
144 1929 160 1964 ή
183 1931 265 1965 πεῖρα
288 1929 432 1962 δείκνυσιν,
450 1930 511 1956 ὅσον
535 1929 562 1955 ὲν
583 1929 674 1965 ἐκείνῃ
699 1929 862 1964 στοχασμοϊς

84 1981 132 2000 τισι
145 1974 191 2000 καὶ
209 1975 350 2006 ὑπονοίαις
369 1974 517 2007 εἰκάζεται.
536 1974 587 2001 Τὸν
606 1974 686 2001 αὑτὸν
702 1974 800 2010 τρόπον
815 1973 862 2001 καὶ

84 2019 109 2044 ὲν
120 2021 171 2052 τοῖς
189 2020 243 2046 ὑπὸ
259 2020 313 2046 τῶν
330 2019 468 2055 ὀνομάτων
493 2019 716 2055 σημαινομένοις,
741 2019 792 2046 κᾶν
814 2019 862 2054 όμ-

84 2065 179 2100 ωνυμία
192 2073 235 2097 τις
285 2065 338 2091 τῶν
357 2065 534 2101 ἀνθρωπίνων
558 2065 626 2100 πρὸς
640 2065 670 2091 τὸ
685 2064 780 2095 ἀῖδιον,
795 2063 862 2091 ἀλλὰ

946 1246 1034 1280 Negat
1055 1245 1208 1272 Eunomius
1221 1244 1312 1272 Patris
1329 1245 1511 1279 appellatione
1530 1245 1611 1271 etiam
1627 1245 1699 1280 inge—

912 1291 962 1319 niti
977 1291 1204 1326 signiﬁcationem
1222 1290 1423 1325 repraesentari,
1445 1294 1475 1316 ut
1496 1290 1559 1317 inde
1573 1290 1700 1317 conﬁciat

914 1338 1089 1373 Unigeuitum
1110 1337 1260 1371 aliquando
1279 1344 1333 1363 non
1356 1335 1452 1362 fuisse.
1471 1334 1610 1370 Frequens
1626 1335 1698 1362 enim

911 1389 951 1412 est
967 1384 1038 1419 apud
1050 1383 1200 1418 discipulos
1218 1381 1278 1416 ejus
1293 1383 1350 1408 haec
1366 1381 1479 1415 qurestio
1492 1391 1498 1407 :
1512 1381 1646 1412 Quomodo
1657 1389 1699 1415 ge-

912 1435 1021 1457 neratur
1043 1429 1087 1464 qui
1109 1429 1167 1456 est?
1184 1428 1300 1454 Causam
1318 1427 1400 1460 hujus
1415 1426 1454 1453 rei
1476 1426 1603 1456 arbitror.
1625 1425 1698 1460 quod

911 1476 997 1503 nolint
1019 1475 1053 1501 ah
1080 1475 1200 1501 humano
1214 1473 1409 1500 vocahulorum
1429 1480 1491 1504 usu,
1506 1477 1571 1498 tunc
1588 1479 1699 1506 quoque

911 1530 973 1550 cum
993 1521 1087 1549 divina
1112 1524 1241 1552 tractant,
1260 1519 1404 1546 absistere.
1420 1518 1474 1545 Sed
1501 1526 1552 1545 nos
1569 1518 1641 1545 hunc
1656 1525 1700 1545 er-

916 1575 1006 1595 rorem
1017 1572 1044 1594 ct
1056 1567 1156 1594 mentis
1171 1565 1360 1601 tlcceptioncm
1372 1564 1503 1592 benevole
1513 1564 1700 1597 emcudcmus,

911 1613 1003 1641 allatis
1026 1613 1060 1640 iis
1084 1621 1144 1648 qua:
1169 1612 1203 1639 de
1229 1611 1281 1638 hoc
1305 1610 1463 1638 didicimus.

947 1702 1022 1730 Alias
1038 1701 1266 1737 signiﬁcationes,
1292 1699 1420 1731 Eunomi,
1437 1698 1547 1726 nomina
1562 1697 1635 1734 apud
1650 1705 1700 1726 nos

911 1747 1023 1779 habent,
1048 1751 1074 1774 et
1099 1747 1152 1774 alia
1172 1747 1205 1773 de
1227 1753 1354 1780 suprema
1381 1745 1426 1771 illa
1452 1745 1573 1779 potentia
1590 1745 1701 1779 ingene-

912 1797 983 1821 rant.
1009 1793 1076 1820 Nam
1088 1797 1115 1820 et
1136 1793 1162 1819 in
1176 1791 1288 1826 reliquis
1300 1791 1428 1818 omnibus
1452 1791 1531 1825 longe
1544 1791 1604 1824 plus
1619 1799 1700 1824 quam

912 1839 1053 1867 dimidiata
1074 1847 1107 1866 ex
1129 1843 1205 1873 parte
1230 1844 1326 1865 natura
1354 1837 1446 1864 divina
1470 1837 1504 1863 ab
1520 1832 1638 1863 huniana
1657 1844 1700 1864 se-

910 1885 1035 1920 jungitur
1053 1894 1058 1910 :
1081 1889 1106 1911 et
1128 1883 1294 1918 experientia
1316 1882 1360 1909 hic
1379 1882 1448 1908 nihil
1469 1881 1558 1909 simile
1580 1881 1700 1914 exhibet,

912 1931 993 1965 quale
1015 1928 1181 1963 coniecturis
1199 1927 1364 1962 quibusdam
1388 1931 1415 1954 et
1440 1926 1645 1961 suspicionibus
1673 1927 1701 1953 in

912 1975 959 2003 illa
981 1974 1148 2001 clTortuatur.
1172 1972 1274 2000 Eodem
1297 1972 1378 1999 modo
1405 1979 1434 1999 se
1459 1979 1502 1999 res
1530 1971 1612 1998 habet
1637 1980 1700 1998 cum

912 2021 996 2048 rebus
1022 2027 1070 2054 per
1095 2018 1205 2046 nomina
1235 2017 1418 2055 significatis:
1437 2017 1544 2045 etiamsi
1558 2017 1699 2044 nominum

912 2065 1029 2101 quadam
1051 2065 1227 2092 similitudine
1252 2063 1378 2091 humana:
1399 2071 1461 2091 cum
1476 2063 1577 2091 divinis
1600 2071 1701 2090 come»

84 2110 146 2136 κατὰ
160 2110 188 2137 τὸ
205 2111 305 2147 μέτρον
320 2111 369 2146 τῆς
382 2110 435 2137 τῶν
449 2110 555 2145 φύσεων
568 2109 753 2140 ἀποστάσεως,
768 2109 814 2136 καὶ
827 2109 861 2136 τὰ

914 2113 1000 2144 niant,
1014 2111 1192 2138 nihilominus
1203 2117 1251 2145 pro
1266 2110 1452 2144 proportione,
1463 2117 1516 2144 qua
1527 2114 1630 2137 natura:
1643 2110 1702 2136 ista;

84 2156 264 2190 σημαινόμενα
281 2155 326 2182 διὰ
348 2156 400 2183 τῶν
426 2156 565 2191 ὀνομάτων
587 2154 762 2191 κεχώρισται.
788 2152 859 2187 Οἷον,

83 2201 267 2237 οἰκοδεσπότην
283 2201 424 2237 ἄνθρωπον
444 2201 489 2228 διὰ
503 2203 552 2237 τῆς
567 2201 723 2237 παραϐολῆς
741 2201 786 2228 τὸν
795 2200 861 2227 Θεὸν

83 2245 202 2281 ὀνομάζει
217 2248 231 2273 6
243 2246 359 2282 Κύριος·
369 2248 437 2274 ἀλλὰ
447 2247 513 2274 πολὺ
526 2247 604 2274 τοῦτο
618 2247 666 2274 καὶ
678 2248 706 2274 ὲν
719 2247 758 2283 τῷ
771 2247 820 2282 βίῳ
831 2247 862 2273 τὸ

83 2290 168 2325 ὄνομα.
184 2289 249 2328 ’Λρ’
262 2290 308 2318 οὖν
321 2293 336 2318 ὁ
346 2293 426 2324 αὐτὸς
440 2293 518 2327 λόγος
534 2293 579 2319 τοῦ
595 2293 654 2319 καθ’
670 2293 742 2328 ἡμᾶς
759 2291 862 2327 ἀνθρώ-

84 2344 139 2368 που,
152 2338 256 2364 καὶτοῦ
270 2338 410 2374 ἀνθρώπου
421 2339 525 2365 ἐκείνου
535 2347 541 2353 ·
553 2339 599 2366 καὶ
611 2339 730 2370 τοιοῦτος
740 2340 753 2365 6
762 2338 862 2374 ήμέτε-
875 2373 878 2376 .

84 2391 125 2417 ρος
137 2381 221 2415 οἶκος,
237 2384 281 2410 οἴα
293 2384 309 2418 ἡ
329 2384 433 2419 μεγάλη
451 2384 524 2411 οἰκία
536 2383 637 2418 ἐκείνη,
655 2383 746 2415 καθώς
758 2392 839 2418 φησιν
848 2385 862 2411 6

88 2429 256 2462 Ἀπόστολος,
265 2431 294 2456 ὲν
309 2427 366 2466 ᾔτὰ
377 2430 459 2465 σκεύη
472 2431 506 2457 τὰ
514 2431 611 2465 χρυσᾶ,
624 2429 671 2456 καὶ
687 2430 805 2465 ἀργυρᾶ,
815 2431 862 2456 καὶ

82 2477 127 2503 ὅσα
140 2478 187 2513 τῆς
202 2477 301 2514 λοιπῆς
316 2478 382 2513 ὕλης
395 2478 542 2513 ὴρίθμηται
553 2486 560 2493 ·
577 2478 593 2513 ἢ
609 2477 675 2505 ἄλλα
698 2478 747 2512 μὲν
762 2478 863 2510 ἐκεῖνα,

82 2522 98 2548 ἃ
115 2523 165 2549 οὺδ⁴
183 2524 216 2550 ἂν
239 2524 363 2558 ὲπιγνοίη
388 2532 430 2555 τις
454 2523 580 2555 εὐκόλως.
605 2525 634 2550 ἐν
660 2523 797 2558 ἀφθαρσίᾳ
818 2523 865 2549 καὶ

84 2569 262 2605 μακαριότητι
277 2568 460 2604 θεωρούμενα,
473 2568 540 2595 ἄλλα
558 2568 587 2595 δὲ
600 2568 634 2594 τὰ
653 2569 717 2604 παρ’
732 2569 811 2604 ἡμῶν
832 2570 865 2596 ἐκ

83 2614 129 2648 γῆς
140 2614 214 2647 ὄντα,
228 2615 277 2642 καὶ
292 2616 331 2646 εἰς
345 2615 395 2650 γῆν
408 2614 606 2650 καταρρέοντας
625 2613 760 2645 Ὡσαύτως
775 2613 803 2639 δὲ
818 2614 865 2640 καὶ

83 2659 109 2684 ὲν
121 2661 173 2692 τοῖς
187 2660 291 2692 λοιποῖς
309 2657 375 2686 πᾶσι
391 2659 481 2695 σχεδὸν
503 2659 644 2695 ὁμωνυμία
667 2659 707 2690 τίς
722 2660 779 2686 ἐστι
795 2659 864 2694 πρὸς

83 2704 113 2730 τὰ
127 2705 183 2732 θεῖα
201 2705 258 2732 τῶν
272 2704 413 2741 ἡμετέρων
431 2703 608 2740 πραγμάτων,
625 2703 653 2730 ὲν
669 2704 702 2739 τῇ
719 2703 863 2739 ταυτότητι

115 2792 137 2807 ⁸⁵
150 2791 249 2820 Matth.
268 2799 328 2826 xm,
341 2791 388 2824 21.
410 2792 455 2820 ΒΞ.
520 2791 543 2808 ³³
557 2791 577 2819 11
591 2791 661 2819 Tim.
676 2799 706 2826 ιι,
725 2792 771 2820 20.

912 2158 983 2185 inter
1006 2165 1036 2184 se
1056 2157 1174 2189 distant,
1202 2156 1284 2184 etiam
1313 2164 1362 2187 ea.
1392 2164 1451 2190 qua:
1475 2156 1517 2184 his
1544 2156 1702 2184 nominil'us

912 2202 1112 2238 signiﬁcantur,
1137 2207 1260 2236 separata
1279 2204 1354 2229 sunt.
1385 2200 1508 2236 Exempli
1534 2209 1629 2234 causa,
1651 2201 1703 2228 Do—

912 2249 1002 2276 minus
1024 2248 1049 2274 in
1076 2248 1230 2283 evangelica
1248 2247 1378 2282 parabola
1404 2252 1483 2274 vocat
1502 2247 1585 2274 Deum
1613 2247 1703 2274 homi-

912 2295 1012 2322 minem
1036 2293 1260 2329 patremfamilias
1272 2293 1305 2326 ⁵⁸,
1328 2301 1391 2328 quas
1426 2293 1571 2328 appellatio
1593 2293 1620 2320 in
1648 2293 1702 2320 vita

912 2347 1021 2375 quoque
1048 2339 1168 2366 humana
1184 2339 1329 2367 admodum
1346 2338 1547 2373 frequentatur.
1564 2342 1605 2365 An
1619 2338 1703 2373 igitur

912 2385 1006 2413 eadem
1030 2388 1073 2412 est
1096 2385 1166 2412 ratio
1187 2384 1273 2412 nostri
1290 2384 1408 2418 alicujus
1423 2383 1542 2411 hominis
1554 2387 1581 2411 ct
1608 2383 1701 2411 illius:

913 2429 1028 2464 talisque
1053 2434 1145 2456 nostra
1169 2434 1210 2457 est
1236 2429 1336 2456 domus
1358 2428 1448 2463 qualis
1470 2435 1567 2462 magna
1587 2427 1634 2454 illa
1656 2427 1704 2454 do-

915 2483 987 2507 mus,
1013 2481 1042 2502 ut
1065 2476 1186 2510 loquitur
1209 2475 1357 2510 Apostolus
1375 2475 1408 2506 ",
1434 2474 1461 2501 in
1483 2481 1535 2509 qua
1554 2478 1619 2500 sunt
1639 2480 1702 2500 vasa

915 2529 999 2549 aurea
1020 2526 1047 2549 et
1071 2525 1210 2557 argentea,
1235 2525 1262 2548 et
1286 2520 1340 2548 alia
1366 2529 1399 2548 ex
1422 2520 1483 2548 aliis
1501 2519 1623 2546 materiis
1638 2526 1703 2545 conv

916 2567 1027 2600 stantia,
1060 2575 1120 2602 qua:
1140 2567 1239 2594 ibidem
1270 2566 1418 2602 Apostolus
1443 2564 1608 2600 percenset?
1632 2562 1701 2589 Num

916 2613 968 2640 alia
995 2613 1104 2647 quidem
1125 2613 1170 2639 illa
1196 2613 1306 2647 cognitu
1335 2620 1389 2639 non
1410 2619 1507 2646 prona,
1533 2617 1594 2644 qua:
1610 2609 1637 2635 in
1657 2608 1703 2635 illa

917 2658 1123 2694 incorruptione
1143 2663 1171 2686 et
1190 2658 1359 2687 beatitudine
1371 2660 1539 2692 spectantur,
1556 2654 1610 2682 alia
1627 2661 1701 2684 vero.

918 2712 979 2740 qua:
996 2705 1066 2740 apud
1084 2712 1133 2733 nos
1156 2708 1279 2736 exstant,
1298 2712 1329 2732 ex
1357 2707 1430 2731 terra
1459 2705 1598 2736 procreata
1624 2703 1650 2728 ct
1675 2698 1702 2725 iu
