1957 3079
259 131 312 160 445

896 127 924 154 S.
941 126 1105 154 CREGORII
1124 126 1270 155 NYSSENI

1831 123 1884 151 μθ

262 193 363 216 terram
392 186 557 215 dilabentia?
590 184 721 212 Similiter
748 185 775 212 in
804 184 932 212 omnibus
963 184 1047 211 ferme

1104 184 1151 211 τῶν
1165 185 1314 220 ὀνομάτων,
1338 184 1404 212 πολὺ
1419 185 1449 212 τὸ
1463 184 1590 220 διάφορον
1602 183 1654 211 τῶν
1675 181 1882 218 σημαινομένων

258 234 323 261 aliis
350 232 539 260 convenientia
563 237 605 258 est
626 231 765 258 nominum
792 230 946 257 divinorum
963 233 990 257 et
1003 237 1046 257 re-

261 287 322 307 rum
344 286 405 306 cnm
432 278 571 305 humanis.
595 278 629 304 At
649 277 676 304 in
705 276 844 304 nominum
856 275 1046 303 convenientia

262 324 363 359 grande
376 327 417 350 est
433 322 580 350 discrimen
603 330 693 350 rerum
714 322 927 358 signiﬁcatarum
949 331 954 348 :
983 328 1046 356 pro-

261 373 354 404 pter-ea
382 373 409 396 et
425 369 610 396 membrorum
635 372 662 396 et
678 376 808 396 sensuum
840 367 951 394 nomina
968 370 1046 394 utro-

261 415 344 450 bique
370 415 496 442 similiter
509 414 629 449 reperire
642 415 713 442 licet.
727 413 812 441 Sicuti
823 414 896 441 enim
914 414 940 440 in
956 413 1046 445 nobis,

262 463 299 489 ita
322 463 348 489 in
373 462 462 489 divina
479 462 524 489 illa
541 463 594 489 vita
622 470 704 496 quam
722 468 829 488 onmem
846 468 956 488 sensum
974 467 1049 487 exce-

261 508 326 535 dere
346 516 442 535 omnes
457 508 585 535 mortales
603 509 778 539 conﬁtentur,
798 511 862 534 sunt
883 506 971 541 digiti,
985 506 1050 533 bra-

261 554 365 586 chium,
395 561 505 587 manus,
533 554 642 586 oculus,
666 553 809 588 palpebrae,
839 552 960 583 auditus,
989 559 1065 583 ροι-Ἰ

262 601 353 635 pedes,
366 600 560 631 calceamenta,
576 599 651 634 equi,
665 598 813 633 equitatus,
829 606 937 630 currus,
949 601 976 625 et
989 597 1050 624 inﬁ-

262 646 320 673 nita
343 646 406 677 alia,
428 653 488 680 qua:
507 653 539 672 ex
564 645 689 672 humana:
712 645 774 672 vitm
798 644 996 672 consuetudine
1015 644 1048 671 ad

262 691 414 719 cmlestium
429 691 677 718 manifestationem
691 698 739 725 per
754 691 923 717 involucrum
936 698 950 717 a
963 690 1050 718 sacris

263 737 372 765 Litteris
384 737 513 764 translata
526 742 599 764 sunt.
612 736 846 769 Quemadmodum
857 736 1051 771 igiturquodli-

263 784 309 812 bet
320 784 417 811 horum
428 784 566 810 nominum
578 788 604 810 et
612 783 760 810 humanum
773 787 799 810 et
809 789 892 817 supra
903 783 1048 809 humanum

262 829 432 865 signiﬁcandi
446 829 555 855 modum
567 829 647 856 habet
665 838 670 855 :
686 829 725 856 sic
741 832 767 856 et
777 828 861 862 patris
875 835 972 854 nomen
988 827 1050 854 licet

1096 230 1286 266 ὲνδεικνυμένη
1297 239 1303 246 ·
1318 231 1359 257 διὸ
1373 231 1419 258 καὶ
1433 231 1466 257 τὰ
1480 231 1533 258 τῶν
1548 231 1634 266 μελῶν
1653 230 1702 256 καὶ
1718 229 1753 255 τὰ
1767 228 1822 254 τῶν
1844 229 1882 254 αἱ-

1097 276 1249 312 σθητηρίων
1258 277 1376 312 ὀνόματα
1387 277 1582 314 παραπλησίως
1594 276 1666 303 ἐστιν
1679 275 1782 310 εὑρεῖν,
1791 274 1864 300 ὥσπε
1868 283 1883 309 ρ

1096 323 1138 356 ἐφ’
1157 324 1232 358 ἡμῖν,
1248 323 1318 349 οὕτω
1340 323 1388 349 καὶ
1409 323 1454 349 ἐπὶ
1468 323 1518 357 τῆς
1531 323 1605 354 θείας
1621 321 1778 356 τεταγμένα
1801 319 1882 353 ζωῆς,

1096 369 1129 402 ἢν
1145 369 1214 404 ὑπὲρ
1237 369 1362 404 αἴσθησιν
1377 366 1446 396 εἶναι
1468 369 1567 400 πάντες
1587 367 1764 402 ὁμολογοῦσιν
1782 365 1884 400 ἂνθρω-

1098 422 1153 446 ποι,
1170 414 1306 446 δάκτυλοι,
1328 414 1375 440 καὶ
1399 413 1527 449 βραχίων,
1544 413 1590 440 καὶ
1609 413 1679 448 χεὶρ,
1701 411 1841 446 ὀφθαλμός
1855 419 1882 436 τε

1098 462 1145 485 καὶ
1161 459 1291 495 βλέφαρα,
1307 460 1354 486 καὶ
1372 460 1451 495 ἀκοὴ,
1473 460 1519 486 καὶ
1536 459 1642 493 καρδία,
1665 459 1712 484 καὶ
1733 457 1825 489 πόδες,
1840 456 1884 482 καὶ

1099 505 1267 540 ὑποδήματα,
1294 506 1339 533 καὶ
1362 506 1450 537 ἵπποι,
1480 506 1526 532 καὶ
1547 505 1673 536 ίππασία,
1693 504 1740 531 καὶ
1763 504 1882 538 ἅρματα,

1099 549 1146 575 καὶ
1161 549 1245 583 μυρία
1258 549 1368 576 τοιαῦτα
1387 551 1418 576 ὲκ
1431 549 1478 576 τοῦ
1493 549 1664 584 ἀνθρωπίνου
1685 548 1743 583 βίου
1758 548 1828 583 πρὸς
1838 547 1884 582 τὴν

1098 593 1153 619 τῶν
1168 593 1247 619 θείων
1269 593 1383 628 δήλωσιν
1400 594 1434 620 δι’
1455 594 1614 629 αίνίγματος
1637 593 1689 620 ὑπὸ
1707 593 1757 627 τῆς
1775 592 1885 628 Γραφῆς

1101 638 1304 673 μετενήνεκται.
1327 639 1431 674 Ὥσπερ
1456 639 1544 665 τοίνυν
1569 639 1684 666 ἕκαστον
1707 637 1811 664 τούτων
1832 637 1885 663 τῶν

1099 683 1250 718 ὀνομάτων,
1266 683 1313 710 καὶ
1326 683 1501 719 ἀνθρωπίνως
1515 684 1633 718 λέγεται,
1649 684 1696 711 καὶ
1710 684 1761 710 οὐκ
1783 683 1886 718 ἀνθρω-

1100 729 1184 760 πίνως
1197 730 1358 765 σημαίνεται
1369 738 1375 744 ·
1393 729 1464 756 οὕτω
1487 730 1576 757 καὶτὸ
1600 730 1646 757 τοῦ
1664 729 1774 764 πατρὸς
1789 729 1884 764 ὄνομα,

1101 774 1152 801 κᾶν
1175 774 1304 806 ὡσαύτως
1332 775 1378 801 ὲπί
1398 784 1427 802 τε
1452 776 1501 811 τῆς
1526 776 1663 812 ἡμετέρας
1687 777 1735 802 καὶ
1760 776 1807 802 ἐπὶ
1837 775 1885 810 τῆς

1101 817 1176 849 Θείας
1198 818 1310 854 λέγηται
1333 819 1453 853 φύσεως,
1477 819 1545 846 ἀλλά
1567 820 1637 847 κατά
1660 821 1690 846 τὸ
1715 821 1815 855 μέτρον
1836 820 1886 854 τῆς

262 863 364 910 pariter
378 879 404 902 et
424 875 457 902 dc
476 880 569 902 nostra
586 878 612 902 et
625 874 658 901 de
675 874 766 901 divina
779 878 875 900 natura
891 877 1046 907 usurpetur,

1104 863 1230 898 διαφορᾶς
1247 864 1300 891 τῶν
1315 865 1344 890 ὲν
1368 866 1422 896 τοῖς
1436 865 1564 900 ὀνόμασιν
1579 865 1776 900 ὑποκειμένων,
1794 865 1842 891 καὶ
1854 865 1887 891 τὰ

263 925 382 949 attamen
398 929 447 956 pro
461 921 636 956 proportione
652 919 812 948 diﬁ'erentia:
825 927 916 946 rerum
932 919 1048 946 nomini-

262 967 314 995 bus
335 967 549 998 substratarmn,
578 967 660 994 etiam
682 973 727 993 res
753 966 867 993 vocibus
891 965 1048 1000 sigrtilicata‘

263 1012 335 1039 inter
362 1020 392 1039 se
422 1011 653 1038 discriminantur
670 1019 677 1037 :
694 1011 775 1037 aliter
798 1011 871 1038 enim
901 1010 1047 1038 humanam

263 1057 468 1093 generationem
487 1057 758 1091 concipimus,aliter
774 1055 808 1083 de
823 1056 915 1082 divina
933 1063 1047 1090 genera-

263 1103 337 1130 tione
352 1102 550 1136 conjectamus.
568 1100 654 1127 llomo
669 1101 696 1127 in
711 1104 832 1134 tempore
849 1104 1005 1134 generatur,
1022 1104 1049 1126 et

265 1149 365 1183 aliquis
381 1148 493 1175 omnino
507 1147 585 1174 locus
604 1147 686 1174 vitam
705 1146 765 1181 ejus
784 1146 894 1180 excipit,
912 1146 971 1173 sine
989 1147 1047 1181 qui-

267 1195 320 1222 bus
341 1198 437 1220 natura
453 1201 508 1220 non
521 1192 709 1221 constituitur.
734 1191 872 1224 Quocirca
891 1192 1049 1220 necessario

268 1241 295 1268 in
312 1239 433 1266 hominis
453 1239 508 1266 vita
526 1238 664 1266 sectiones
679 1238 802 1273 quadarn
824 1238 994 1273 temporaria:
1008 1238 1050 1265 in-

263 1286 421 1318 veniuntur,
447 1285 614 1320 praeteritum
632 1285 746 1317 scilicet,
779 1292 900 1319 praesens
918 1287 943 1311 et
972 1284 1048 1311 intu-

263 1339 335 1359 rum.
352 1330 422 1359 Vere
437 1331 511 1358 enim
532 1330 566 1358 de
580 1331 673 1366 aliquo
684 1331 730 1366 qui
750 1335 911 1366 generatur,
935 1330 1047 1363 dicitur,

262 1386 324 1405 eum
340 1377 487 1412 aliquando
503 1384 557 1404 non
572 1376 669 1408 fuisse,
693 1384 766 1403 nunc
785 1384 858 1408 esse,
883 1381 909 1403 et
938 1376 1048 1404 tandem

263 1430 372 1458 quoque
389 1431 442 1450 non
468 1423 587 1458 amplius
615 1422 683 1450 fore.
704 1422 840 1449 Caeterum
868 1429 931 1449 cum
949 1426 1050 1449 eterna

264 1469 322 1501 illa,
341 1474 367 1497 et
387 1477 446 1504 quae
460 1473 558 1496 cuncta
583 1469 683 1496 sarcula
708 1469 905 1504 antegreditur,
937 1477 1051 1504 genera-

265 1514 342 1542 tione
371 1514 544 1549 temporaria:
561 1515 619 1542 istae
646 1514 772 1542 notiones
788 1521 843 1541 non
871 1518 1049 1546 concurrunt,

265 1564 360 1594 utpote
379 1567 440 1594 qua‘.
453 1560 557 1586 nullam
574 1559 765 1595 cognationem
791 1559 909 1586 habeant
931 1567 992 1586 cum
1008 1559 1050 1586 di-

265 1606 327 1633 vina
345 1611 452 1638 natura,
467 1605 588 1632 omnium
600 1613 695 1632 eorum
710 1605 813 1640 judicio
840 1605 886 1639 qui
904 1605 995 1632 sobrie
1019 1604 1054 1632 de

266 1651 309 1679 his
334 1651 542 1678 ratiocinantur.
573 1650 638 1677 Nam
667 1651 712 1682 id,
742 1650 813 1685 quod
835 1650 979 1684 aliquando
1003 1657 1053 1677 vo—

266 1700 355 1728 catur,
366 1697 496 1730 posterius
512 1696 648 1727 itidem,et
663 1696 748 1730 prius,
767 1699 793 1722 et
809 1695 901 1722 omnia
919 1695 1052 1730 alia,quaa

267 1743 442 1776 temporalem
459 1742 644 1769 extensionem
659 1740 824 1776 signiﬁcant,
841 1741 1052 1773 transeendcns,

267 1787 313 1821 qui
342 1787 464 1814 divinam
493 1787 576 1814 vitam
595 1787 806 1821 contemplatur,
827 1786 981 1814 sublimiter
1001 1793 1049 1813 su-

1100 909 1143 935 διὰ
1164 909 1218 936 τῶν
1232 910 1328 944 φωνῶν
1348 911 1532 946 σημαινόμενα
1551 911 1602 946 τὴν
1615 910 1792 946 παραλλαγὴν
1811 910 1884 946 ἔχει·

1101 954 1188 987 ἄλλως
1206 956 1259 991 γὰρ
1276 956 1388 991 νοοῦμεν
1406 955 1454 992 τὴν
1467 956 1592 991 γέννησιν
1608 956 1651 983 ἐπ’
1664 956 1826 992 ἀνθρώπων,
1842 957 1887 982 καὶ

1101 1001 1188 1033 ἄλλως
1213 1002 1276 1037 περὶ
1299 1002 1348 1037 τῆς
1365 1002 1440 1034 θείας
1463 1003 1615 1038 γεννήσεως
1638 1002 1836 1038 στοχαζόμεθα.
1859 1003 1887 1030 '0

1102 1049 1242 1084 ἄνθρωπος
1258 1051 1287 1075 ἑν
1312 1049 1400 1084 χρόνῳ
1423 1049 1558 1082 τίκτεται,
1584 1049 1630 1076 καὶ
1646 1049 1727 1081 τόπος
1749 1057 1792 1080 τις
1814 1048 1886 1083 αύτῷ

1102 1095 1211 1127 πάντως
1232 1095 1282 1131 τὴν
1311 1094 1382 1130 ζωὴν
1407 1095 1580 1131 ὑποδέχεταιν
1606 1091 1643 1121 ὧν
1666 1095 1730 1122 ἀνευ
1757 1095 1887 1130 συστῆναι

1103 1141 1182 1175 φύσιν
1204 1141 1253 1168 οὐκ
1267 1141 1332 1176 ἔχει,
1358 1141 1407 1167 Διὰ
1421 1141 1500 1168 τοῦτο
1515 1142 1604 1168 τοίνυν
1625 1141 1738 1176 χρονικὰ
1757 1142 1888 1176 τμήματα

1103 1187 1167 1223 περ)⁸
1179 1187 1227 1223 τὴν
1239 1187 1285 1214 τοῦ
1300 1187 1443 1223 ἀνθρώπου
1459 1187 1529 1224 ζωὴν
1546 1188 1700 1222 ἀναγκαίως
1713 1188 1870 1223 εὑρίσκεται
1879 1195 1886 1202 ·

1102 1233 1132 1259 τὸ
1149 1233 1202 1269 πρὸ
1218 1233 1299 1260 αὐτοῦ
1313 1233 1394 1268 λέγω,
1419 1234 1465 1260 καὶ
1486 1234 1516 1260 τὸ
1532 1234 1592 1260 κατ’
1606 1234 1696 1267 αὐτὸν,
1712 1234 1760 1261 καὶ
1774 1234 1805 1260 τὸ
1821 1233 1888 1268 μετὰ

1102 1278 1191 1306 τοῦτο.
1218 1279 1328 1314 ’Δληθὲς
1350 1280 1404 1315 γάρ
1420 1280 1493 1306 ἐστιν
1510 1281 1596 1306 εἰπεῖν
1613 1280 1676 1314 περί
1689 1288 1762 1311 τινος
1774 1280 1829 1306 τῶν
1849 1288 1891 1313 γει

1103 1325 1286 1360 γεννημένων,
1304 1326 1345 1352 ὅτι
1367 1326 1403 1361 μή
1425 1334 1488 1352 ποτε
1510 1325 1547 1352 ὢν
1568 1325 1614 1352 νῦν
1635 1326 1702 1359 ἐστι,
1725 1325 1773 1352 καὶ
1799 1326 1889 1360 μέντοι

1104 1371 1150 1397 καί
1174 1379 1239 1397 ποτε
1269 1371 1348 1397 πάλιν
1371 1371 1417 1397 τοῦ
1442 1368 1510 1397 εἶναι
1536 1370 1684 1397 παύσεται·
1712 1372 1758 1397 ἐπὶ
1787 1370 1816 1397 δὲ
1842 1370 1889 1405 τῆς

1104 1417 1264 1452 προαιωνίου
1289 1417 1440 1452 γεννήσεως
1456 1416 1490 1443 τὰ
1510 1417 1622 1452 χρονικὰ
1642 1416 1729 1443 ταῦτα
1753 1417 1888 1452 νοήματα.

1105 1463 1152 1489 ἇτε
1173 1463 1254 1498 μηδὲν
1274 1463 1369 1498 ἔχοντα
1389 1463 1519 1497 συγγενὲς
1540 1463 1607 1498 πρὸς
1623 1463 1729 1498 ἐκείνην
1743 1463 1793 1499 τὴν
1812 1462 1890 1498 φύσιν

1104 1509 1158 1540 τοῖς
1178 1508 1315 1543 νηφόντως
1338 1507 1531 1543 λογιζομένοις,
1558 1509 1588 1536 οὗ
1611 1508 1825 1544 συνεισέρχεται.
1855 1509 1890 1534 Τὸ

1106 1555 1160 1590 γὰρ
1191 1555 1273 1585 ποτὲ,
1288 1554 1376 1580 καὶτὸ
1390 1554 1527 1588 ὕστερον,
1551 1554 1597 1581 καὶ
1617 1554 1648 1581 τὸ
1671 1555 1827 1589 πρότερον,
1845 1555 1890 1581 καὶ

1104 1599 1153 1626 ὅσα
1182 1599 1231 1635 τὴν
1254 1599 1381 1634 χρονικὴν
1405 1599 1506 1635 ταύτην
1531 1600 1684 1635 παράτασιν
1707 1601 1890 1635 ἀποσημαίνει

1104 1645 1208 1677 διαὸὰς,
1231 1646 1245 1671 ό
1268 1645 1316 1681 τὴν
1339 1645 1412 1672 θείαν
1437 1645 1510 1680 ζωὴν
1532 1646 1715 1682 λογιζόμενος,
1733 1647 1844 1683 ὑψηλῶς
1858 1647 1892 1673 τὰ

1105 1692 1195 1727 ὑψηλὰ
1207 1688 1421 1727 κατασκέψεται,
1447 1693 1492 1719 καὶ
1508 1693 1556 1727 οὐχ
1574 1693 1625 1719 ὅσα
1640 1693 1704 1729 περὶ
1717 1694 1768 1728 τὴν
1788 1694 1892 1729 ἀνθρω-

1105 1739 1186 1774 πίνην
1201 1739 1326 1773 γέννησιν
1343 1738 1444 1773 βλέπει,
1458 1738 1564 1771 τούτοις
1575 1739 1680 1774 νομίσει
1693 1739 1832 1767 δουλεύειν
1847 1740 1892 1766 καὶ

1103 1785 1152 1820 τὴν
1169 1785 1325 1811 ἀδέσποτον.

266 1835 360 1862 hlimia
377 1835 560 1863 considerabit
584 1839 612 1862 et
631 1835 819 1870 perlustrahit,
835 1843 922 1870 neque
941 1835 1082 1867 omnibus,
1101 1842 1160 1869 qua:
1178 1834 1250 1861 circa
1275 1834 1420 1862 humanam
1440 1835 1640 1871 generationem
1663 1835 1790 1863 accidere
1812 1834 1892 1869 ridet,

268 1878 389 1910 divinam
404 1884 476 1911 illam
494 1888 521 1910 et
536 1883 731 1910 dominationis
745 1887 882 1917 expertem
899 1883 1042 1910 obnoxiam
1061 1882 1247 1910 arbitrabitur.

304 1930 456 1958 Humanam
476 1929 702 1965 compositionem
722 1929 858 1956 antecedit
882 1930 1006 1962 nudatio,
1026 1934 1053 1956 et

267 1984 404 2012 corporea-
433 1975 555 2010 quaedam
592 1974 712 2001 materia:
736 1981 768 2001 ae
791 1973 985 2009 dispositiones
1019 1973 1053 2000 ad

268 2023 397 2050 animalis
424 2021 614 2048 formationem
641 2020 855 2047 substernuntur
877 2023 926 2046 :ct
960 2019 1054 2046 subest

268 2069 359 2096 divino
379 2071 446 2094 nutu
467 2070 575 2096 natura,
594 2073 653 2100 qua:
673 2065 730 2093 lnec
745 2065 835 2092 ornnia
861 2064 974 2091 miriﬁce
996 2064 1053 2091 elli-

269 2116 317 2146 cit,
342 2113 524 2148 nndequaquc
545 2112 573 2138 id
596 2112 668 2146 quod
686 2111 718 2138 ad
747 2111 828 2138 fretus
858 2111 1053 2145 perfectionem

269 2167 420 2195 congruum
436 2162 478 2186 est
493 2164 520 2185 et
537 2158 677 2184 conformo
693 2164 852 2192 corrogatis,
874 2157 908 2184 ab
931 2157 1053 2185 elemen-

269 2206 306 2233 tis
323 2205 432 2240 quidem
450 2202 556 2234 rnundi,
573 2207 704 2237 quantum
721 2209 735 2228 a
750 2202 872 2236 quolibet
895 2202 1004 2232 suﬁicit,
1028 2205 1055 2229 et

272 2260 286 2278 a
311 2257 432 2285 tempore
449 2255 605 2276 mensuram
633 2248 889 2280 consummationis,
915 2251 941 2275 et
957 2256 989 2275 ex
1008 2256 1055 2274 nu-

271 2299 401 2324 trimento
425 2302 533 2326 eorum,
551 2301 610 2328 quae
632 2293 725 2320 fmtum
745 2294 848 2329 lingunt
874 2298 900 2321 et
925 2294 1054 2326 formant,

271 2348 403 2378 quantum
419 2341 455 2373 ei,
471 2340 544 2375 quod
559 2339 692 2366 formatur
714 2340 889 2366 commodum
908 2343 968 2372 est;
984 2343 1010 2366 et
1028 2344 1057 2366 ut

272 2396 330 2416 rem
353 2388 380 2414 in
395 2394 480 2422 pauca
499 2385 649 2418 conferam,
669 2389 768 2412 natura
782 2386 874 2412 omnia
894 2385 1056 2420 pervadens,

272 2434 373 2469 quibus
387 2432 549 2460 constitutio
567 2431 686 2458 humana
708 2431 859 2466 perﬁcitur,
878 2431 915 2457 ita
931 2431 963 2457 ad
978 2439 1059 2466 gene-

272 2480 405 2508 rationem
418 2479 455 2510 id,
469 2478 540 2513 quod
557 2485 612 2504 non
630 2481 700 2508 erat.
717 2477 839 2509 adducit,
865 2480 892 2503 et
913 2481 1058 2511 propterea

273 2527 311 2559 id,
326 2525 398 2561 quod
414 2533 467 2552 non
483 2528 552 2556 erat,
567 2524 643 2551 nasci
660 2524 793 2554 dicimus,
807 2523 869 2556 quia
887 2522 960 2558 quod
968 2523 1059 2558 aliquo

274 2576 394 2605 tempore
408 2578 461 2597 non
481 2572 549 2600 erat,
563 2573 658 2603 postea
673 2569 765 2602 aliquo
790 2571 912 2602 tempore
938 2576 999 2595 esse
1017 2569 1059 2595 in-

274 2617 350 2652 cipit.
363 2616 396 2642 At
411 2617 438 2643 in
456 2616 548 2642 divina
564 2615 739 2650 generatione
758 2622 846 2649 neque
862 2615 1060 2641 naturmmiui-

274 2662 368 2695 sterio,
390 2669 477 2696 neque
498 2660 629 2695 temporis
648 2659 820 2686 revolutione
839 2659 871 2686 ad
890 2659 960 2693 ejus,
987 2659 1060 2694 quod

276 2712 433 2743 generatur,
449 2707 692 2741 complementum,
708 2712 795 2738 neque
807 2705 880 2737 aliis,
895 2713 955 2740 qua:
966 2705 992 2731 in
1008 2710 1061 2732 ter-

276 2754 354 2781 restri
375 2752 552 2788 generatione
575 2754 739 2782 cernuntur,
757 2757 827 2785 opus
845 2754 897 2783 est,
918 2759 1005 2785 neque
1033 2751 1060 2778 in

276 2801 349 2827 ullas
365 2799 482 2826 humiles
491 2797 666 2832 abjectasquc
677 2796 854 2831 cogitationes
866 2796 972 2829 incidit,
984 2797 1061 2831 quis-

278 2845 341 2881 quis
355 2843 429 2872 omni
439 2850 522 2870 sensu
535 2842 637 2870 carnali
652 2847 761 2877 exutus,
773 2841 807 2870 ad
821 2841 976 2871 divinorum
993 2851 1044 2871 con

1141 1929 1223 1955 Φύσιν
1236 1927 1351 1955 ἐνταῦθα
1381 1929 1466 1961 πάθος
1479 1930 1638 1965 προηγεῖται
1655 1929 1705 1963 τῆς
1720 1929 1892 1965 ἀνθρωπίνης

1107 1975 1272 2007 συστάσεως,
1289 1976 1336 2001 καὶ
1352 1975 1505 2010 σωματικαί
1525 1983 1597 2006 τινες
1612 1975 1744 2009 ἀφορμαὶ,
1763 1975 1832 2010 πρὸς
1846 1974 1892 2010 τὴν

1106 2021 1153 2047 τοῦ
1167 2020 1235 2053 ζὼου
1253 2021 1424 2056 κατασκευὴν
1447 2021 1669 2053 καταϐάλλονται,
1687 2021 1735 2048 καὶ
1753 2022 1891 2048 ὑπόκειται

1108 2067 1178 2094 κατὰ
1191 2068 1220 2094 τὸ
1234 2067 1303 2094 θεῖον
1317 2067 1440 2102 βούλημα
1453 2068 1469 2102 ή
1483 2067 1518 2093 τὰ
1533 2067 1643 2094 τοιαῦτα
1658 2066 1893 2102 θαυματοποιοῦσα

1109 2113 1198 2147 φύσις,
1217 2113 1382 2148 πανταχόθεν
1394 2113 1424 2139 τὸ
1443 2114 1540 2140 οἰκεῖόν
1559 2122 1589 2139 τε
1611 2113 1657 2140 καὶ
1674 2113 1844 2148 κατάλληλον
1857 2113 1892 2143 εἰς

1106 2158 1155 2193 τὴν
1169 2158 1215 2184 τοῦ
1232 2160 1372 2193 γινομένου
1391 2159 1530 2186 τελείωσιν
1544 2159 1720 2195 ὲρανίζουσςν
1736 2158 1793 2185 τῶν
1807 2168 1841 2185 τε
1850 2158 1892 2185 τοῦ

1107 2204 1209 2238 κόσμου
1227 2204 1374 2238 στοιχείων,
1391 2205 1451 2231 ὅσον
1467 2204 1558 2231 ἰκανὸν
1580 2204 1626 2238 ἀφ’
1641 2204 1768 2236 ἑκάστου,
1788 2204 1836 2231 καὶ
1850 2204 1893 2238 τῆς

1107 2249 1160 2275 ὑπὸ
1171 2249 1216 2275 τοῦ
1232 2249 1326 2284 χξοόνου
1341 2250 1483 2285 συνεργίας
1499 2249 1528 2276 τὸ
1542 2250 1638 2286 μέτρον
1648 2257 1654 2264 ·
1673 2250 1720 2276 καὶ
1735 2251 1768 2276 ἐκ
1781 2250 1830 2285 τῆς
1845 2249 1893 2275 τῶν

1106 2295 1324 2321 διαπλασσόντων
1348 2295 1378 2322 τὸ
1399 2295 1555 2330 τικτόμενον
1577 2296 1690 2331 τροφῆς,
1713 2296 1777 2322 ὅσον
1800 2297 1892 2322 οἰκεῖον

1107 2340 1146 2376 τῷ
1170 2341 1348 2376 πλασσομένῳ
1370 2340 1472 2375 γίνεται
1487 2350 1493 2356 ·
1520 2342 1566 2368 καὶ
1581 2342 1718 2368 συνελόντι
1741 2342 1838 2376 φάναι,
1855 2342 1892 2368 διὰ

1109 2387 1217 2414 πάντων
1232 2387 1358 2422 χωροῦσα
1378 2389 1394 2422 ἡ
1420 2388 1513 2423 φύσις,
1531 2388 1564 2415 δι’
1581 2385 1618 2415 ὧν
1634 2390 1650 2424 ἡ
1668 2389 1829 2425 ἀνθρωπίνη
1843 2389 1892 2424 ζωὴ

1108 2432 1156 2467 τὴν
1174 2433 1343 2468 κατασκευὴν
1365 2433 1432 2469 ἔχει,
1452 2434 1538 2466 οὕτως
1561 2435 1600 2466 εἰς
1616 2435 1741 2470 γέννησιν
1759 2436 1790 2463 τὸ
1809 2436 1847 2471 μὴ
1868 2435 1892 2462 ὃν

1108 2477 1180 2511 ἄγει,
1199 2478 1244 2504 καὶ
1258 2478 1300 2504 διὰ
1313 2479 1392 2505 τοῦτο
1411 2479 1447 2514 μὴ
1463 2479 1493 2506 ὃν
1513 2480 1634 2514 γίνεσθαι
1649 2481 1767 2516 λέγομεν
1785 2489 1791 2497 ·
1815 2482 1854 2507 ὅτι
1868 2481 1892 2507 ἓν

1109 2529 1160 2547 τινι
1177 2522 1264 2565 χρόνιξ)
1283 2522 1319 2558 μὴ
1333 2522 1372 2554 ὃν,
1386 2523 1413 2549 ἐν
1429 2524 1500 2559 ἄλλῳ
1516 2525 1603 2560 χρόνῳ
1616 2526 1662 2552 τοῦ
1680 2524 1750 2553 εἶναι
1767 2527 1891 2562 ἄρχεται·

1110 2565 1155 2592 ἐπὶ
1170 2565 1197 2592 δὲ
1212 2566 1261 2600 τῆς
1277 2566 1351 2598 θείας
1365 2569 1517 2603 γεννήσεως
1532 2569 1548 2604 ή
1572 2569 1660 2596 ἔννοια
1677 2571 1726 2605 τήν
1741 2579 1771 2597 τε
1785 2571 1835 2606 τῆς
1847 2570 1891 2604 φύ-

1111 2620 1178 2643 σεως
1195 2612 1356 2648 ὑπηρεσίαν,
1379 2613 1424 2639 καὶ
1443 2613 1490 2649 τὴν
1504 2614 1550 2640 τοῦ
1564 2615 1658 2650 χρόνου
1674 2615 1814 2643 τελείωσιν
1831 2616 1891 2652 πρὸς

1109 2657 1157 2692 τὴν
1173 2657 1219 2684 τοῦ
1236 2658 1377 2693 γινομένου
1398 2660 1586 2695 συνεισφορὰν,
1604 2661 1650 2687 καὶ
1667 2660 1757 2688 πάντα
1771 2662 1821 2688 ὅσα
1835 2661 1891 2695 περὶ

1109 2704 1158 2738 τὴν
1170 2703 1243 2729 κάτω
1258 2703 1383 2739 γέννησιν
1399 2705 1412 2731 ό
1428 2705 1506 2739 λόγος
1521 2705 1683 2742 ἐθεώρησεν,
1698 2707 1729 2733 οὐ
1747 2708 1890 2742 προσίεται,

1111 2749 1157 2776 καὶ
1174 2749 1260 2776 οὐδενὶ
1276 2749 1329 2775 τῶν
1347 2751 1484 2777 ταπεινῶν
1499 2751 1640 2786 νοημάτων
1661 2750 1888 2786 συνεμπεσεῖταιδ

1113 2795 1150 2831 μὴ
1165 2797 1306 2830 σαρκικαῐς
1319 2796 1448 2829 διανοίαις
1468 2797 1523 2823 τῶν
1538 2797 1616 2824 θείων
1629 2797 1814 2824 ἐπιϐατεύων·
1831 2796 1888 2824 ἀλλὰ

1113 2841 1187 2877 ζητεῖ
1211 2849 1270 2868 τινα
1292 2841 1408 2869 διάνοιαν
1428 2842 1466 2878 τῷ
1483 2843 1616 2878 μεγαλείῳ
1637 2843 1682 2870 τοῦ
1700 2842 1888 2879 σημαινομένην
