1957 3079
75 99 116 128 “5

597 96 735 125 CONTRA
754 95 949 129 EUNOMIUM,
972 96 1036 123 LIB.
1053 96 1074 123 ῐ.

1613 95 1665 123 “6

76 155 217 190 πρέπουσαν·
230 151 291 179 οὔτε
308 152 362 189 γὰρ
378 152 462 184 πάθος
478 151 542 188 περὶ
560 152 603 180 τὸν
618 153 709 188 ἀπαθῆ
723 154 830 188 νοήσει·

889 152 1086 187 ;emplationem
1103 152 1222 184 accedit,
1236 152 1283 180 sed
1300 152 1399 193 quterit
1423 152 1542 188 aliquam
1568 152 1668 180 intelliA

75 201 122 227 οὗτε
136 197 267 234 συνεργίας
283 200 400 234 φυσικῆς
416 199 461 225 τὸν
483 198 647 235 δημιουργὸν
669 200 758 234 πάσης
779 199 830 233 φύ-

77 253 130 276 σεως
141 243 277 269 ἐπιδεῖσθαι
294 243 429 276 λογίσεται
439 251 446 258 '
461 243 522 270 οὔτε
536 243 664 279 χρονικὴν
679 244 832 279 παράτασιν

76 291 112 316 ἐπὶ
130 290 170 324 τῆς
192 288 298 315 αἰωνίου
321 288 394 323 ζωῆς
419 288 603 324 περιδέξεται·
632 289 700 316 ἀλλὰ
725 290 832 316 πάντων

77 336 156 363 τούτων
165 334 361 369 καθαρεύουσαν
376 334 421 370 τὴν
434 334 506 360 θείαν
518 335 642 369 γέννησιν
652 335 832 370 κατανοήσας,

77 382 138 418 μόνον
157 380 184 406 τὺ
208 379 243 414 μὴ
267 379 392 414 ἀνάρχως
415 377 484 405 εἶναι
508 379 552 406 διὰ
574 380 623 414 τῆς
646 379 694 406 τοῦ
718 380 831 414 Πατρός

77 425 188 461 σημασίας
210 424 254 450 τὸν
275 424 414 458 Μονογενῆ
437 424 582 458 δηλοῦσθαι
607 425 832 460 συνθήσεται,ὼς

76 473 112 508 τήν
123 472 200 498 αἰτίαν
215 471 264 505 μὲν
276 470 378 496 ἐκεῖθεν
392 470 462 505 ἔχειν
483 470 530 496 τοῦ
545 468 625 502 εἶναι,
640 472 726 506 ἀρχὴν
741 472 769 498 δὲ
783 471 833 506 τῆς

76 517 221 546 ὑποστάσεως
246 515 283 551 μὴ
306 516 479 550 λογίζεσθαι·
504 516 548 542 διὰ
564 516 593 542 τὸ
615 517 651 551 μὴ
666 516 793 543 δύνασθαί
806 525 833 543 τι

76 564 165 598 σημεῖον
186 561 229 587 τοῦ
247 561 411 596 ζητουμένου
429 562 602 596 κατανοῆσαι.
628 562 680 588 Τοῦ
696 562 750 597 γὰρ
766 570 833 597 προ-

76 607 219 643 γενεστέρου,
230 607 277 632 καὶ
290 607 335 633 τοῦ
346 607 487 642 νεωτέρου,
500 608 547 633 καὶ
563 608 672 634 πάντων
685 608 738 634 τῶν
748 607 834 634 τοιού-

75 662 116 680 των
127 652 258 688 νοημάτων
281 653 310 679 ὲν
334 654 390 684 τοῖς
410 654 544 687 χρονικοῖς
566 652 745 688 διαστήμασιν
759 653 833 688 εὑρι-

76 700 199 735 σκομένων,
222 699 269 725 ἐὰν
286 698 386 733 ὑφέλῃς
405 699 444 733 τῷ
465 697 536 732 λόγῳ
559 698 604 724 τὸν
620 699 722 734 χρόνον,
745 700 833 726 πάντα

76 745 235 780 σννυφῄρηται
251 744 286 771 τὰ
305 744 416 771 τοιαῦτα
435 747 543 780 σημεῖα,
558 745 605 771 καὶ
623 745 831 781 συνυπεσπάσθη

75 790 130 826 μετὰ
142 790 183 817 τοῦ
201 789 306 825 χρόνον.

845 829 867 856 Β

105 926 169 952 Ἐπεὶ
179 923 222 952 οὗν
236 925 268 952 τὸ
288 925 359 952 ποτὲ
373 926 402 952 οὐ
419 926 558 961 προσίεται
572 928 586 953 ὁ
597 926 648 962 πρὸ
660 927 715 954 τῶν
730 927 834 954 αἰώνων

73 972 127 998 κατὰ
140 972 180 997 τόν
195 972 333 1006 ἄφραστον
347 971 424 1005 λόγον
438 972 476 1007 τῷ
489 973 574 1008 Πατρὶ
592 972 687 1006 συνὼν,
701 973 835 1008 γεννητῶς

74 1018 112 1052 μὲν
126 1017 200 1048 ἐστιν,
214 1017 243 1042 οὺ
263 1018 315 1052 μήν
336 1026 400 1044 ποτε
412 1017 459 1043 τοῦ
473 1015 542 1044 εἶναι
555 1019 667 1053 ἄρχεται
682 1028 688 1034 ·
710 1018 771 1045 οὕτε
782 1019 835 1054 γὰρ

72 1064 94 1088 ὲν
101 1063 186 1098 χρόνῳ,
198 1062 260 1088 οὔτε
272 1063 301 1088 ὲν
313 1062 387 1097 τόπῳ
397 1063 446 1097 τὴν
458 1063 528 1098 ζωὴν
539 1063 603 1099 ἔχει,
618 1064 798 1099 ἐξαιρεθέντος
808 1064 836 1090 δὲ

73 1108 199 1139 miratam,
213 1108 260 1134 ml
268 1107 375 1142 χρόνου,
389 1108 436 1134 καὶ
447 1109 544 1140 παντὸς
558 1108 677 1136 τοιούτου
691 1109 837 1144 διανοήμα-

71 1162 113 1184 τος.
121 1154 160 1180 ἐπὶ
166 1154 210 1189 τῆς
218 1154 264 1179 τοῦ
274 1154 423 1188 Μονογενοῦ
428 1164 440 1186 ς
448 1155 462 1180 ὁ
467 1164 499 1180 πο
503 1155 631 1186 στάσεως,
639 1155 668 1181 τὸ
675 1155 727 1191 πρὸ
733 1156 777 1181 ὲκε
782 1155 836 1181 ίνου

72 1199 202 1234 νοοῆμενον,
216 1201 230 1226 6
244 1201 339 1235 Πατήρ
356 1202 413 1227 ἐστι
433 1200 521 1235 μόνος.
545 1200 613 1226 Ἀλλ’
627 1201 656 1226 ὲν
666 1200 752 1235 τούτῳ
767 1201 813 1227 καὶ
824 1201 838 1227 6

72 1245 203 1280 Μονογενής
211 1245 258 1277 ὢν,
269 1246 361 1277 καθὼς
371 1245 450 1277 αὐτὸς
462 1245 563 1276 ἐκεῖνός
576 1254 611 1281 φη
616 1254 651 1278 σι,
660 1246 709 1281 τήν
717 1246 763 1273 τοῦ
774 1254 838 1272 ποτε

73 1291 101 1325 μὴ
110 1289 169 1316 εἶναι
181 1291 306 1317 ὑπόνοιαν
316 1291 440 1323 δέξασθαι
451 1291 530 1325 φύσιν
541 1292 590 1318 οὐχ
602 1291 668 1326 ἔχει.
681 1292 712 1317 Et
726 1292 774 1327 μὲν
785 1292 838 1327 γάρ

71 1344 122 1362 ποτε
135 1337 180 1362 οὐκ
189 1334 220 1372 ἦν
229 1339 276 1363 καὶ
292 1338 396 1372 Πατὴρ,
404 1337 559 1371 ἀναγκαίως
570 1339 603 1373 τῇ
619 1339 665 1365 τοῦ
680 1339 785 1373 Πατρὸς
793 1339 840 1365 ἅν-

71 1381 170 1417 υπαρξίςι
180 1383 247 1418 καὶὴ
263 1382 310 1409 τοῦ
323 1383 388 1410 Υεοῢ
399 1384 517 1420 ἀῐδιότης
530 1385 575 1411 ἐπὶ
586 1385 614 1411 τὸ
625 1384 680 1411 ἄνω
692 1384 840 1411 συναπεκο-

72 1435 146 1454 πτετο.
164 1428 194 1455 Εἰ
206 1428 234 1454 δὲ
249 1429 294 1455 ἀεί
307 1429 380 1455 ἐστιν
392 1430 406 1456 ὁ
420 1430 523 1464 Πατὴρ,
540 1429 598 1461 πῶς
611 1431 624 1456 6
635 1430 698 1461 Υἱός
712 1438 777 1456 ποτε
791 1430 841 1457 οὐκ

71 1474 129 1500 ἔστιν
142 1475 154 1501 6
170 1475 205 1509 μὴ
228 1474 377 1509 δυνάμενος
402 1476 443 1509 ἐφ’
457 1475 553 1502 ἑαυτοῦ
577 1476 660 1511 χωρὶς
674 1475 719 1502 τοῦ
735 1476 840 1511 Πατρδς

71 1520 194 1556 νοηθῆναι,
221 1520 290 1547 ἀλλὰ
314 1521 385 1547 κατὰ
398 1521 428 1548 τὸ
449 1522 624 1556 σιωπώμενον
641 1522 684 1548 ἀεὶ
699 1521 737 1556 τῷ
754 1522 840 1557 Πατρὶ

72 1565 296 1600 τδνονομαζόμενος
309 1574 316 1598 ',
335 1567 366 1593 Ἠ
381 1567 434 1602 γὰρ
446 1567 493 1593 τοῦ
507 1568 620 1601 Πᾳτρὸς
631 1567 726 1602 κλῆσις
742 1568 839 1602 ἐπίσης

71 1607 113 1633 τῶν
125 1609 166 1636 δύο
186 1611 340 1645 προσώπων
354 1612 401 1646 τὴν
419 1612 553 1647 σημασίαν
573 1612 629 1646 ἔχει
646 1621 653 1628 ⁶
678 1613 839 1648 αὐτομάτως

68 1654 109 1688 τῆς
123 1656 180 1690 πρ).
192 1656 239 1682 τοῦ
255 1656 320 1682 Υἱοῦ
335 1657 447 1689 ἑννοίας,
458 1659 489 1692 τῇ
503 1658 577 1692 φωνῇ
592 1657 676 1693 ταύτῃ
693 1658 841 1684 συνεισιοὺ-

70 1708 117 1735 σης.
134 1701 196 1728 Πότε
210 1702 260 1729 οὐκ
276 1700 311 1737 ἦν
327 1702 340 1728 6
355 1703 434 1736 Υἱός;
454 1704 498 1730 Ἐν
508 1704 561 1729 τίνι
573 1704 602 1729 τὸ
612 1704 655 1737 μὴ
669 1702 744 1730 εἷναι
757 1704 839 1731 αὑτοῦ

68 1747 221 1783 κατελήφθη;
246 1749 291 1775 Ἐν
314 1748 406 1784 τόπῳ;
434 1749 520 1780 Τόπος
545 1750 595 1775 οὐκ
614 1747 710 1784 ἦν.Ἐν
733 1750 839 1785 χρόνῳ;

68 1791 114 1826 Πρδ
127 1793 225 1827 χρόνων
243 1795 258 1820 ὁ
280 1794 391 1830 Κύριος.
417 1795 448 1821 Et
466 1792 512 1822 οὖν
527 1795 580 1830 πρὸ
596 1795 698 1822 τούτων
714 1793 757 1831 ἦν,
774 1797 839 1823 πότε

66 1838 108 1863 οὐκ
119 1836 165 1874 ἦν;
181 1840 235 1866 Καὶ
247 1840 273 1866 ει
290 1841 318 1866 ἐν
331 1840 371 1875 τῷ
383 1841 468 1876 Πατρὶ
479 1839 523 1876 ἧν,
538 1842 566 1867 ὲν
582 1841 634 1867 τίνι
646 1842 694 1868 οὐκ
706 1839 750 1877 ἦν,
766 1841 841 1868 εἴπα-

67 1890 91 1907 τε
106 1883 127 1908 οἱ
140 1883 171 1909 τὰ
183 1884 286 1911 ἀθέατα
309 1885 468 1920 βλέποντες;
483 1886 514 1911 Ti
526 1885 569 1912 διὰ
584 1886 665 1920 μέσου
682 1887 696 1912 6
714 1886 841 1922 λογισμὸς

67 1928 131 1962 ὑμῶν
143 1930 353 1964 ἀνετυπώσατο;
369 1931 401 1958 Τί
420 1931 496 1958 κενὸν
514 1931 559 1958 τοῦ
579 1932 745 1965 Μονογενοῦς
762 1933 841 1967 ἐνοή-

67 1975 154 2011 σατε,ῆ
168 1977 294 2012 πρᾶγμα,
312 1976 328 2011 ἢ
344 1977 442 2011 νόημα,
457 1977 471 2003 6
486 1977 525 2012 τῷ
540 1978 625 2012 [lupi
640 1987 840 2014 συμπαρεκτει-

65 2021 161 2056 νόμενον
183 2022 380 2058 περισσοτέραν
405 2022 487 2049 αὑτοῦ
512 2023 560 2058 τὴν
582 2023 654 2058 ζωὴν
677 2023 723 2050 τοῦ
755 2025 841 2050 Move.

65 2067 146 2099 γενοῦς
158 2068 333 2094 ἀποδείκνυσι
344 2077 351 2100 ;
367 2068 418 2094 Καὶ
432 2068 458 2094 τί
472 2067 550 2094 τοῦτο
561 2068 631 2102 λέγω
643 2076 650 2099 ;
660 2069 718 2095 οὐδὲ
731 2068 785 2104 γὰρ
796 2070 841 2096 ἐπὶ

64 2113 109 2139 τῶν
122 2114 271 2150 ἀνθρώπων
286 2115 387 2150 κυρίως
408 2114 480 2141 ἔστιν
501 2116 597 2147 εἰπεῖν,
622 2115 663 2142 ὅτι
685 2116 734 2142 οὐκ
747 2115 785 2142 ὢν
800 2124 841 2147 τις

882 197 1164 232 gentiatn,majestati
1186 197 1224 224 rei
1248 198 1408 232 signiﬁcatita
1431 201 1665 230 consentaneant;

884 249 970 276 neque
997 241 1069 268 enim
1098 242 1277 269 mutationem
1303 242 1424 277 aliquam
1452 243 1480 269 in
1504 242 1666 277 impassibili

883 286 1076 322 apprehendet,
1095 295 1184 322 neque
1198 288 1327 322 cogitabit
1344 296 1418 320 eum,
1439 289 1486 323 qui
1508 289 1598 315 omnis
1621 296 1667 315 na-

883 339 950 362 tura:
964 334 1090 362 conditor
1100 340 1152 367 est,
1170 335 1291 370 indigere
1305 337 1424 363 naturali
1441 343 1492 370 ope
1507 340 1534 363 et
1549 336 1663 366 auxrlio,

882 390 971 417 neque
997 381 1190 416 temporariam
1216 381 1398 409 intensionem
1429 383 1457 409 in
1483 386 1585 409 a'terna
1611 383 1666 408 vita

883 428 1022 458 admittet;
1041 427 1088 454 sed
1106 427 1140 453 ab
1154 427 1282 454 omnibus
1299 427 1360 454 istis
1381 427 1495 454 liheram
1514 435 1668 462 puramque

883 473 1003 500 divinam
1030 472 1234 507 generationem
1260 472 1426 506 intelligens,
1445 472 1532 499 solum
1555 473 1668 499 conﬁte-

882 519 957 546 bitur
970 518 1060 546 Patris
1077 518 1260 552 appellatione
1277 518 1328 544 hoc
1355 517 1486 544 duntaxat
1507 518 1666 552 signiﬁcari,

884 564 1055 598 unigenitum
1088 563 1186 590 Filium
1205 571 1259 590 non
1283 571 1344 591 esse
1365 563 1492 597 principii
1515 569 1667 598 expertem,

883 609 983 644 quippe
1008 609 1054 642 qui
1074 615 1089 634 a
1112 607 1192 634 Patre
1221 607 1407 634 subsistentia:
1435 615 1490 634 suae
1510 611 1598 634 ortum
1621 609 1667 635 ha-

883 654 956 686 beat,
986 654 1059 680 omni
1077 657 1167 680 autem
1192 654 1270 680 initio
1280 658 1383 685 careat,
1405 647 1447 680 eo‘
1462 652 1534 687 quod
1566 653 1668 680 nullum

883 699 953 726 initii
972 699 1078 734 signum
1097 699 1124 725 in
1138 706 1181 730 eo,
1200 699 1271 734 quod
1285 699 1426 733 quaeritur,
1446 703 1585 734 appareat.
1602 698 1668 725 Nam

883 746 959 781 prius
975 749 1000 772 et
1012 745 1148 779 posterius
1162 748 1188 772 et
1206 745 1265 771 aliae
1277 745 1477 776 successiones,
1494 753 1554 779 quae
1565 744 1590 771 in
1604 749 1670 771 tem-

883 791 1000 826 porariis
1013 791 1163 818 intervallis
1178 790 1366 823 inveniuntur,
1392 791 1414 817 si
1443 794 1550 825 tempus
1580 791 1669 822 tollas,

886 837 988 871 pariter
1005 837 1146 866 tolluntur,
1167 844 1275 870 unaque
1289 843 1350 862 cum
1366 841 1488 870 tempore
1510 836 1602 863 omnia
1617 836 1670 862 alia

886 882 969 916 hujus
989 882 1098 917 generis
1111 882 1187 916 signa
1205 886 1382 909 evanescunt.

921 927 988 955 Cum
1011 927 1094 962 igitur
1114 926 1181 953 illud
1208 926 1351 961 aliquando
1379 934 1433 953 non
1458 927 1593 959 admittat,
1625 927 1671 961 qui

886 977 949 1001 ante
967 973 1077 1005 stecula,
1104 972 1234 999 ineﬂ‘abili
1261 972 1343 999 modo
1372 971 1446 998 Patri
1472 980 1591 1006 prazsens
1618 976 1671 1003 est.

887 1027 918 1046 ex
936 1018 1110 1054 generatione
1123 1018 1295 1053 quidemest,
1328 1017 1376 1045 sed
1405 1025 1546 1052 nunquam
1578 1018 1673 1053 incipit

887 1073 962 1098 esse;
979 1072 1067 1099 neque
1085 1064 1156 1091 enim
1171 1065 1197 1090 in
1213 1067 1347 1098 tempore,
1373 1070 1462 1097 neque
1479 1064 1504 1089 in
1520 1064 1579 1090 loco
1590 1063 1672 1090 vitam

889 1111 984 1144 habet;
1002 1110 1110 1137 sublato
1127 1110 1208 1144 igitur
1221 1114 1247 1137 et
1263 1110 1331 1142 loco,
1352 1115 1378 1136 et
1400 1114 1533 1144 tetnpore,
1557 1115 1584 1136 et
1599 1109 1673 1136 omni

889 1155 1044 1190 huiusmodi
1066 1155 1228 1190 cogitatione
1248 1155 1341 1190 procul
1357 1155 1392 1182 ab
1412 1155 1551 1190 hypostasi
1574 1155 1674 1195 Uni-ge—

890 1201 939 1227 niti
957 1202 1115 1233 amandata,
1129 1200 1202 1235 quod
1220 1204 1282 1228 ante
1299 1201 1375 1227 illum
1400 1201 1549 1236 cogitatur.
1576 1209 1674 1228 unicus

891 1247 971 1274 Pater
986 1251 1035 1274 est.
1059 1246 1111 1274 Sed
1129 1254 1191 1273 cum
1216 1247 1243 1273 in
1263 1246 1314 1273 hoc
1329 1246 1386 1281 ipse
1401 1247 1482 1273 etiam
1512 1247 1673 1281 Unigenittts

891 1291 937 1323 sit,
948 1294 1028 1326 prout
1053 1290 1111 1325 ipse
1130 1294 1257 1322 testatur,
1283 1291 1358 1317 nulla
1375 1292 1444 1317 ratio
1468 1291 1612 1325 permittit,
1645 1297 1674 1318 ιιι

891 1343 953 1364 eum
974 1336 1121 1369 aliquando
1135 1343 1192 1362 non
1220 1335 1305 1362 fuisse
1331 1335 1522 1371 suspicentur;
1558 1344 1619 1363 nam
1650 1338 1674 1364 si

893 1381 1108 1417 aliquandoipse
1120 1381 1202 1408 etiam
1221 1381 1301 1408 Pater
1329 1389 1384 1408 non
1412 1385 1481 1413 erat,
1513 1383 1674 1410 necessario

893 1435 941 1462 per
956 1427 1045 1454 Patris
1062 1427 1317 1454 non-exsistentiam
1332 1428 1472 1455 aeternitas
1488 1427 1550 1455 Filii
1565 1436 1674 1456 sursum

893 1480 990 1500 versus
1003 1473 1222 1507 interrumpitur.
1251 1471 1279 1499 Si
1296 1480 1360 1500 vero
1376 1472 1456 1501 Pater
1480 1482 1589 1509 semper
1619 1479 1673 1507 est,

890 1519 1027 1553 quomodo
1042 1517 1128 1545 Filius
1141 1518 1288 1554 aliquando
1302 1527 1356 1545 non
1370 1524 1421 1551 est,
1455 1520 1500 1554 qui
1518 1528 1570 1547 non
1589 1525 1676 1555 potest

891 1564 1036 1599 separatim
1053 1572 1100 1599 per
1115 1571 1154 1595 se,
1173 1564 1277 1598 absque
1294 1569 1420 1598 respectu
1430 1565 1463 1592 ad
1479 1564 1586 1593 Patrem
1603 1566 1676 1592 intel-

892 1610 950 1644 ligi,
977 1610 1024 1637 sed
1057 1610 1138 1637 tacite
1168 1616 1275 1643 semper
1304 1617 1366 1636 cum
1394 1610 1475 1638 Patre
1500 1611 1677 1638 nominatur?

890 1655 958 1682 Nam
977 1655 1067 1684 Patris
1089 1655 1234 1691 appellatio
1257 1663 1289 1682 ex
1307 1663 1384 1690 sequo
1404 1656 1473 1684 duas
1493 1665 1625 1692 personas
1640 1658 1676 1685 si—

891 1702 1015 1736 gniﬁcat,
1041 1707 1139 1736 sponte
1162 1710 1211 1729 sua
1228 1702 1288 1729 Filii
1305 1703 1416 1729 notione
1435 1702 1468 1729 ad
1487 1702 1575 1730 Patris
1594 1711 1677 1730 voca—

891 1747 985 1774 bulum
1013 1747 1211 1781 subsequente.
1234 1746 1349 1780 Quando
1365 1754 1419 1773 non
1443 1752 1502 1774 erat
1521 1747 1626 1775 Filius?
1648 1747 1677 1775 In

891 1800 946 1827 quo
959 1801 1010 1819 non
1024 1800 1080 1820 esse
1096 1793 1169 1820 illius
1180 1793 1382 1827 deprehensum
1399 1797 1440 1820 est
1452 1793 1462 1819 ?
1474 1792 1544 1820 Num
1563 1794 1590 1820 in
1604 1794 1678 1821 loco?

891 1839 926 1864 At
946 1838 1023 1865 locus
1041 1845 1094 1865 non
1116 1843 1185 1865 erat.
1199 1838 1269 1865 Num
1285 1839 1313 1865 in
1332 1839 1473 1873 tempore?
1486 1840 1519 1866 At
1534 1843 1596 1867 ante
1614 1844 1678 1867 tent-

891 1892 956 1920 pora
975 1883 1105 1911 Dominus
1127 1888 1177 1912 est.
1204 1884 1233 1911 Si
1259 1885 1342 1919 igitur
1370 1889 1433 1912 ante
1459 1889 1581 1920 tempora
1604 1891 1675 1918 erat,

892 1928 1001 1963 quando
1016 1936 1070 1955 non
1085 1929 1165 1956 erat?
1197 1928 1229 1955 Et
1244 1929 1266 1956 si
1282 1929 1308 1956 in
1328 1928 1409 1956 Patre
1426 1933 1493 1960 erat,
1511 1931 1537 1957 in
1556 1938 1608 1966 quo
1622 1939 1677 1958 non

891 1978 959 2003 erat.
982 1974 1075 2007 dicite,
1097 1982 1207 2009 quaeso,
1227 1982 1276 2002 vos
1299 1975 1346 2010 qui
1362 1975 1566 2009 inaspectabilia
1589 1977 1678 2003 cerui-

892 2020 945 2047 tis?
959 2019 1029 2052 Quid
1052 2019 1205 2046 intermedii
1225 2020 1352 2054 cogitatio
1367 2023 1458 2047 vestra
1471 2018 1590 2048 eﬁinxit‘?
1600 2021 1677 2054 Quod

892 2073 1007 2093 vacumn
1024 2066 1096 2093 circa
1116 2064 1291 2100 Unigenitum
1303 2065 1546 2101 reperislis?Num
1559 2075 1625 2100 rem,
1642 2074 1677 2094 an

892 2113 1108 2146 conceptionem,
1124 2118 1184 2145 quae
1197 2119 1258 2138 cum
1273 2110 1353 2138 Patre
1375 2116 1488 2139 extensa
1509 2112 1591 2140 vitam
1616 2113 1677 2147 ejus

65 2158 191 2194 ἐγεννήθη.
219 2160 288 2187 Λευῖ
310 2159 362 2196 γὰρ
384 2161 436 2196 πρὸ
462 2160 566 2187 πολλῶν
583 2161 682 2195 γενεῶν
705 2162 753 2196 τῆς
769 2162 837 2188 κατὰ

893 2157 1097 2192 productiorem
1109 2155 1202 2189 faciat,
1215 2163 1296 2191 quam
1309 2156 1390 2183 vitam
1401 2155 1558 2192 Unigeniti?
1571 2158 1601 2184 Et
1612 2158 1678 2192 quid

67 2203 143 2238 σάρκα
158 2205 256 2231 ἑαυτοῦ
272 2205 425 2240 γεννήσεως
445 2206 496 2232 ὑπὸ
517 2206 564 2233 τοῦ
581 2206 745 2241 Μελχισεδὲκ
768 2207 840 2233 δεδε-

66 2249 172 2275 κάτωται
188 2258 194 2265 ·
218 2250 292 2277 οὕτω
308 2251 362 2286 γάρ
376 2260 457 2286 φησιν
472 2253 486 2278 ὁ
506 2252 673 2284 Ἀπὸστολος,
689 2253 730 2278 ὅτι
745 2252 809 2279 Λευῖ
826 2254 839 2279 6

65 2294 105 2326 τὰς
118 2294 231 2327 δεκάτας
244 2296 392 2331 λαμῦάνων
406 2296 593 2328 δεδεκάτωται,
609 2298 656 2324 καὶ
672 2298 719 2333 τὴν
732 2298 840 2324 ἀπόδει-

65 2339 99 2371 ξιν
111 2342 162 2372 τοῖς
175 2341 334 2376 λεγομένοις
351 2342 490 2376 ἐπήγαγεν
507 2351 513 2358 ·
540 2343 580 2369 ὅτι
597 2344 626 2369 ὲν
646 2345 679 2378 τῇ
697 2343 777 2378 ὀσφύϊ
791 2343 839 2370 τοῦ

68 2385 159 2421 πατρὸς
171 2386 256 2413 αὑτοῦ
271 2384 315 2422 ἦν,
328 2387 371 2413 ὅτε
386 2387 509 2422 Ἀϐραὰμ
524 2387 562 2421 τῷ
576 2388 642 2423 ἱερεῖ
653 2388 700 2414 τοῦ
715 2388 839 2422 Ὑψίστου

65 2431 228 2465 συνήντησεν.
247 2431 279 2456 Εἰ
297 2428 342 2457 οὖν
356 2430 496 2466 ἄνθρωπος
511 2431 609 2466 τρόπον
623 2432 682 2458 τινὰ
696 2431 735 2458 ὢν
747 2433 841 2467 γεννᾶ-

64 2481 112 2506 ται,
128 2475 195 2501 κατὰ
211 2475 261 2510 τὴν
278 2475 455 2511 ἀποστολικὴν
474 2477 635 2512 μαρτυρίαν,
659 2477 701 2504 διὰ
718 2478 763 2504 τοῦ
784 2487 842 2505 κοι-

63 2519 102 2545 νοῦ
115 2521 160 2555 τῆς
173 2521 270 2552 οὐσίας
285 2521 313 2547 ὲν
323 2519 362 2556 τῷ
375 2521 548 2556 γεγεννηκότι
559 2522 638 2549 αὐτὴν
654 2523 840 2558 προῦφεστὼς,

65 2566 114 2597 πῶς
135 2567 182 2593 ἐπὶ
198 2567 249 2602 τῆς
265 2567 341 2598 θείας
357 2567 461 2601 φύσεως
483 2568 532 2603 τὴν
553 2568 643 2604 φωνὴν
666 2569 766 2605 ταύτην
784 2570 843 2596 τολ-

65 2611 126 2643 μῶσι
139 2612 290 2647 προψέρειν
299 2632 306 2644 ,
323 2612 363 2638 ὅτι
373 2612 421 2639 οὐκ
435 2613 472 2639 ὢν
486 2614 617 2649 ἐγεννήθη
633 2615 647 2640 ό
664 2616 692 2641 ὲν
706 2615 744 2650 τῷ
757 2616 842 2650 Πατρὶ

63 2654 104 2686 ὢν,
121 2657 207 2689 καθώς
224 2665 308 2692 φησιν
324 2658 338 2683 ὁ
353 2657 453 2694 Κύριος
464 2668 471 2675 ·
493 2659 563 2694 Ὲγιὼ
579 2661 613 2687 ἐν
627 2660 665 2693 τῷ
676 2662 778 2695 Πατρὶ,
794 2661 843 2688 καὶ

63 2702 77 2728 δ
89 2703 184 2738 Πατὴρ
199 2704 236 2730 ἐν
248 2703 317 2738 ἐμοί
325 2711 334 2736 ;
351 2704 418 2730 Κατ’
435 2705 517 2742 ἄλλην
532 2706 630 2743 δηλαδὴ
645 2708 690 2734 καὶ
706 2707 788 2744 ἄλλην
802 2708 843 2736 ἓν·

91 2789 112 2805 ⁸⁸
132 2792 231 2820 Cenes.
242 2801 301 2826 MV,
315 2794 345 2821 18
361 2802 419 2830 sqq.

892 2205 919 2231 itt
933 2204 976 2231 his
988 2204 1129 2236 immoror,
1150 2211 1212 2230 cum
1233 2211 1321 2238 neque
1341 2203 1545 2240 dehominibus
1567 2205 1678 2239 proprie

891 2250 1028 2277 afﬁrmare
1046 2249 1134 2280 liceat,
1149 2256 1221 2281 eum,
1240 2250 1285 2284 qui
1300 2256 1352 2275 non
1367 2253 1419 2280 est,
1433 2253 1591 2284 generatum
1606 2253 1681 2279 esse?

893 2294 959 2321 Nam
977 2294 1041 2321 Leri
1058 2295 1151 2321 mttltis
1165 2293 1389 2329 generationibus
1405 2299 1468 2321 ante
1483 2302 1560 2322 suam
1582 2303 1679 2323 secun-

894 2340 958 2366 dum
975 2347 1085 2366 carnem
1101 2339 1269 2366 nativitatem
1284 2346 1298 2365 a
1312 2339 1510 2367 Melchisedech
1526 2340 1678 2369 decimatus

893 2391 934 2413 est
949 2396 954 2413 :
973 2386 1009 2413 ita
1022 2387 1093 2413 enim
1107 2386 1145 2412 ait
1159 2385 1316 2420 Apostolus,
1330 2384 1392 2412 Levi
1408 2387 1454 2420 qui
1470 2386 1590 2414 decimas
1606 2388 1679 2414 acci-

893 2433 994 2466 piehat.
1023 2433 1186 2459 decimatum
1214 2438 1294 2459 esse:
1322 2435 1348 2457 et
1373 2431 1448 2457 addit
1477 2432 1676 2466 probationem,

893 2478 955 2512 quia
973 2478 999 2504 in
1016 2477 1115 2504 lumbis
1141 2477 1225 2512 patris
1243 2476 1284 2503 sui
1315 2480 1383 2506 erat,
1412 2477 1522 2511 quando
1541 2477 1677 2505 Abraham

894 2524 1030 2552 sacerdoti
1043 2524 1177 2550 Altissimi
1194 2523 1316 2550 occurrit
1331 2523 1364 2550 ".
1385 2522 1412 2549 Si
1431 2523 1512 2557 igitur
1529 2523 1609 2550 homo
1625 2524 1676 2550 ali-

894 2578 949 2606 quo
985 2569 1066 2596 tnodo
1090 2570 1226 2596 exsistens
1255 2573 1417 2604 generatur,
1441 2572 1510 2595 teste
1536 2569 1675 2603 Apostolo,

896 2620 1030 2651 quatenus
1043 2622 1090 2649 per
1106 2614 1325 2642 communionem
1342 2613 1467 2641 essentire
1483 2613 1509 2639 in
1527 2617 1675 2648 generante

896 2662 1077 2696 praeexsistit:
1109 2660 1246 2696 quomodo
1275 2659 1309 2687 de
1333 2659 1423 2686 divina
1448 2662 1545 2684 natura
1581 2665 1675 2686 vocent

897 2708 967 2736 hanc
981 2708 1105 2735 emittere
1131 2707 1250 2741 audent,
1271 2713 1369 2741 nempe
1384 2712 1446 2734 eum
1471 2711 1526 2732 non
1540 2704 1676 2733 exsisteu-
