1957 3079
280 123 330 151 447

885 116 913 145 S.
934 116 1097 145 GIIEGORII
1123 115 1266 144 NYSSENI

1850 114 1902 143 448

281 195 335 218 tem
350 190 470 225 genitum
488 195 558 220 esse,
576 194 638 214 cum
652 187 680 213 iu
697 185 777 212 Patre
798 185 844 217 sit,
862 190 942 220 prout
957 185 1070 220 ipsemet

1128 184 1204 208 unav,
1218 176 1346 211 ἑκάτερος
1358 175 1388 201 ὲν
1401 174 1439 210 τῷ
1452 174 1537 209 ἑτέρῳ
1551 172 1619 200 εἶναι
1633 172 1788 207 λεγόμενος.
1807 171 1838 198 '0
1855 171 1902 206 μὲν

280 235 340 262 ait:
356 233 410 268 Ego
423 234 450 260 in
467 232 559 264 Patre,
574 237 599 258 et
618 231 701 258 Pater
716 232 744 258 ἰιι
771 239 811 258 me
829 236 867 258 ut
881 231 924 257 '7?
939 230 1066 258 nimirum

281 280 430 307 secundum
461 278 542 305 aliam
566 281 593 304 et
609 277 690 304 aliam
717 276 903 312 intelligentia
930 276 1069 303 notionem

281 325 349 352 alter
364 325 391 351 in
405 324 494 351 altero
509 331 570 351 esse
582 323 694 350 dicitur.
711 322 797 350 Filius
814 323 923 358 quidem
940 322 967 348 in
978 321 1068 352 Patre.

281 369 511 406 quemadmodum
529 369 659 403 imaginis
674 367 850 403 pulchritudo
864 371 906 394 est
919 367 945 393 in
961 366 1070 401 elegan-

281 416 318 443 tia
332 415 466 450 prototypi
484 424 490 442 :
510 418 537 441 at
553 413 634 441 Pater
649 415 675 441 in
700 413 769 440 Filio
786 417 829 440 est
852 413 925 440 sicut
953 413 980 439 in
1006 413 1070 439 ima-

281 461 343 495 gine
362 460 445 487 decor
472 462 500 486 et
519 463 650 485 venustas
682 457 771 493 ipsius
800 456 956 493 primigenii
981 463 1071 483 exem-

282 506 375 540 plaris.
390 505 418 532 ln
439 504 607 540 imaginibus
626 503 793 531 tnanut‘actis
813 507 921 537 tempus
947 502 1070 535 interpo-

282 552 364 579 situm
379 551 499 586 speciem
520 555 659 585 acceptam
677 557 691 576 a
708 553 852 584 prototypo
885 547 995 582 penitus
1024 553 1070 573 sc-

280 597 382 632 jungit.
403 596 455 623 llic
468 603 533 623 vero
548 596 662 622 alterum
675 595 710 622 ab
723 594 812 621 altero
827 593 948 627 separari
965 592 1070 626 nequit,

284 643 362 669 utait
377 642 540 677 Apostolus,
562 649 651 676 neque
669 640 825 676 hyposlasis
853 646 900 666 seu
918 637 1071 665 substantia

283 695 299 714 a
314 688 494 715 charactere:
515 695 604 722 neque
625 694 639 713 a
658 686 749 713 divina
762 685 848 719 gloria
863 683 1003 719 splendor,
1021 689 1070 710 ne-

284 741 337 768 que
351 741 365 759 a
382 733 504 760 bonitate
527 732 619 767 imago
648 732 727 759 avelli
742 734 841 766 potest,
862 730 909 758 sed
938 727 1072 764 quidquid

285 780 381 806 borum
398 779 492 806 animo
506 777 677 812 conceperis,
704 775 886 811 conjunction,
911 774 985 810 quod
1009 780 1071 800 cum

286 826 333 852 illo
348 825 519 859 intelligitur,
547 827 664 851 mentem
682 831 714 850 ac
738 822 932 857 cogitationem
956 819 1070 848 subibit.

286 870 337 903 Qui
355 878 413 896 cum
428 870 474 900 sit,
491 868 591 903 inquit,
606 867 726 902 splendor
736 867 825 902 gloriw
833 865 856 882 ⁸⁸
867 874 876 893 ;
888 873 945 892 cum
956 865 1000 896 sit,
1013 871 1068 900 non
1086 874 1107 902 Β

287 914 332 949 qui
353 914 437 940 factus
456 915 505 939 est.
541 912 628 945 Quam
643 912 786 946 perspicue
797 911 857 937 istis
879 909 997 937 duarum
1010 908 1069 942 opi-

286 959 429 985 nationum
448 958 615 992 impietatem
632 956 743 987 refellit,
768 960 797 982 ut
814 962 902 989 neque
919 954 1071 990 ingenitum

285 1004 474 1031 existimemus
491 1001 678 1037 Unigcnitum,
701 1001 766 1035 quia
782 1004 863 1027 voeat
881 999 956 1026 illum
987 997 1073 1031 splen-

285 1050 375 1076 dorem
395 1049 488 1084 gloriw
508 1055 596 1076 :nam
616 1055 647 1074 ex
674 1046 760 1081 gloria
777 1045 906 1080 splendor
932 1047 993 1076 est,
1020 1050 1074 1069 non

288 1096 348 1122 vice
364 1103 453 1127 rcrsa,
466 1102 480 1120 a
495 1093 641 1129 splendore
655 1092 755 1127 gloria:
773 1088 940 1125 nequequod
949 1089 1076 1124 aliquan-

1119 223 1183 254 Υιδς
1197 224 1226 249 ἐν
1245 222 1285 256 τῷ
1299 222 1395 257 Πατρὶ,
1410 221 1447 253 ὡς
1457 221 1488 247 τὸ
1508 220 1554 246 ἐπὶ
1566 220 1615 254 τῆς
1629 219 1732 250 εἰκόνος
1753 217 1849 249 κάλλος
1875 218 1902 244 ὲν

1118 270 1150 304 τῇ
1169 267 1313 304 ἀρχετύπῳ
1329 267 1418 302 μορφῇ
1430 273 1437 280 ·
1457 267 1471 292 ὁ
1488 265 1517 292 δὲ
1535 264 1628 299 Πατὴρ
1644 264 1673 289 ὲν
1690 262 1729 298 τῷ
1744 261 1811 298 Υίῷ,
1826 262 1863 294 ὼς
1876 263 1903 288 ἐν

1119 315 1151 349 τῇ
1165 314 1248 340 εἰκόνι
1261 311 1356 339 ἑαυτοῦ
1371 311 1401 338 τὺ
1415 311 1590 347 πρωτότυπον
1601 309 1714 341 κάλλος·
1728 307 1785 335 ἀλλ’
1798 307 1845 334 ἐπὶ
1856 307 1903 342 μὲν

1119 360 1173 391 τῶν
1187 359 1373 395 χειροκμήτων
1402 357 1513 384 εἰκόνων
1532 357 1546 382 ὁ
1571 354 1615 381 διὰ
1639 355 1721 390 μέσον
1743 352 1838 388 χρόνος
1857 352 1905 387 τὴν

1122 403 1338 440 μεταληφθεϊσαν
1357 401 1462 438 μορφὴν
1476 401 1531 428 ἀπὸ
1547 401 1592 427 τοῦ
1606 398 1784 435 πρωτοτύπου
1800 398 1906 428 πάντως

1120 451 1261 485 διίστησιν.
1287 450 1360 476 Ἐκεῖ
1378 449 1406 475 δὲ
1421 449 1471 474 οὑκ
1488 447 1544 473 ἐστι
1567 445 1682 481 χωρίσαι
1705 443 1752 470 τοῦ
1769 443 1861 478 ἑτέρου
1876 443 1905 468 τὸ

1120 498 1221 532 ἕτερον,
1238 495 1329 527 καθώς
1349 503 1431 530 φησιν
1453 495 1467 520 ὁ
1487 491 1646 522 Ἀπὸστολος
1663 499 1670 506 ·
1697 490 1761 516 οὔτε
1778 490 1826 524 τῆς
1841 489 1904 515 ὑπο-

1121 542 1242 573 στάσεως
1261 541 1306 568 τὸν
1327 539 1505 576 χαρακτῆρα,
1527 537 1589 564 οὗτε
1611 536 1660 572 τῆς
1682 535 1757 566 θείας
1778 534 1857 569 δόξης
1878 535 1907 559 τὸ

1121 588 1301 622 ἀπαύγασμα,
1323 586 1385 613 οὗτε
1405 587 1453 620 τῆς
1476 584 1641 618 ἁγαθότητος
1655 582 1703 617 τὴν
1719 581 1809 608 εἰκόνα
1824 589 1831 595 ο

1121 636 1135 661 ὁ
1148 634 1250 661 τούτων
1267 642 1293 659 τι
1305 631 1465 667 διανοηθεὶς,
1482 629 1663 664 συνημμένως
1675 628 1722 654 καὶ
1739 627 1770 654 τὸ
1787 626 1845 662 μετ’
1862 627 1907 652 αὖ-

1120 680 1168 707 τοῦ
1183 679 1325 714 νοούμενον
1336 679 1375 714 ,τῇ
1392 676 1494 712 διανοίᾳ
1517 674 1748 710 συμπαρεδέξατο.
1771 673 1824 700 Ὧν
1844 671 1907 706 γὰρ,

1122 725 1213 761 φησὶν,
1225 724 1406 758 ἀπαύγασμα
1417 721 1471 756 τῆς
1490 721 1582 754 δόξης
1593 729 1600 735 ”
1614 719 1666 753 ὢν,
1678 719 1740 754 οὐχὶ
1754 718 1906 752 γενόμενος,

1121 771 1159 802 ὼς
1174 769 1266 804 σαφῶς
1276 769 1319 795 διὰ
1335 768 1429 795 τούτου
1443 767 1473 794 τὸ
1487 767 1528 802 ἐφ’
1547 766 1665 801 ἑκατέρᾳ
1676 765 1730 791 τῶν
1748 764 1909 798 ὑπολήψεων

1122 815 1217 846 dar-26%;
1233 813 1457 849 ἀποπέμπεσθαι·
1482 812 1529 838 καὶ
1546 812 1613 846 μήτε
1626 811 1774 844 ἀγέννητον
1786 809 1908 843 οἰηθῆναι

1121 858 1165 884 τὸν
1187 857 1345 892 Μονογενῆ,
1372 857 1415 883 διὰ
1437 855 1483 882 τοῦ
1508 856 1612 887 εἰπεῖν,
1646 854 1831 888 ἀπαύγασμα
1856 853 1907 886 τῆς

1123 904 1214 937 δόξης
1229 903 1272 939 (ὲκ
1287 903 1341 939 γὰρ
1360 903 1408 937 τῆς
1428 901 1505 936 δόξης
1522 901 1580 927 ἐστὶ
1601 900 1632 926 τὸ
1648 900 1819 934 ἀπαύγασμα
1834 907 1841 913 ⁸
1866 900 1909 925 καὶ

1123 951 1154 977 οὐ
1169 951 1200 977 τδ
1212 949 1328 985 ἔμπαλιν
1338 949 1392 976 ἀπο
1403 947 1498 974 τούτου
1513 948 1529 983 ἡ
1542 946 1628 983 δόξα),
1646 947 1713 981 μήτε
1728 947 1769 972 ὅτι
1788 945 1853 972 ποτε
1865 945 1908 971 τοῦ

1126 995 1194 1023 εἶναι
1217 994 1327 1030 ἧρξατο.
1348 995 1380 1020 Ἠ
1397 993 1451 1029 γὰρ
1467 993 1514 1019 τοῦ
1531 992 1573 1019 ὢν
1596 991 1732 1027 μαρτυρία
1745 992 1777 1017 τὸ
1792 991 1909 1024 διηνεκὲς

1126 1041 1173 1068 τοῦ
1188 1040 1264 1071 Υίοῦ,
1281 1040 1327 1066 καὶ
1343 1039 1438 1069 ἀΐδιον,
1456 1038 1503 1064 καὶ
1522 1037 1552 1064 τὺ
1570 1037 1659 1072 πάσης
1680 1036 1811 1072 χρονικῆς
1824 1044 1909 1070 σημα-

1129 1087 1188 1118 σίας
1203 1085 1397 1121 ὑπερκείμενον
1409 1082 1565 1119 ἑρμηνεύει.

286 1142 321 1168 do
341 1127 518 1168 cxsistentize
531 1139 639 1166 initium
656 1137 804 1172 acceperit.
823 1136 890 1164 Nam
905 1135 983 1168 illud,
998 1143 1057 1162 cum
1076 1135 1123 1167 sit,
1138 1133 1347 1169 perpetuitatem
1363 1134 1390 1158 et
1408 1130 1589 1158 aaternitatem
1613 1127 1676 1155 Filii
1692 1127 1767 1155 omni
1792 1131 1911 1160 tempore

287 1189 457 1223 superiorem
469 1188 589 1214 denotat.

326 1237 419 1270 Itaque
436 1235 591 1270 importuna
604 1240 718 1269 prorsus
732 1236 773 1260 est
784 1236 811 1259 et
826 1231 914 1259 futilis
936 1231 981 1258 illa
1001 1235 1074 1264 qua:-

287 1282 339 1309 stio
357 1281 391 1308 ab
403 1280 568 1307 adversariis
585 1280 618 1306 ad
636 1279 699 1306 lidei
726 1277 898 1306 eversionem
925 1281 953 1303 et
971 1274 1075 1311 proprii

287 1326 390 1354 erroris
417 1326 646 1356 stabilimentum,
663 1328 793 1359 tanquam
821 1322 954 1349 invictum
975 1321 1073 1351 telum.

287 1371 372 1405 objii-i
390 1370 472 1398 solita
496 1378 503 1397 ί
522 1369 596 1396 Num
613 1370 657 1404 qui
673 1369 888 1404 est,genciatur?
903 1367 1009 1400 Quibus
1037 1366 1076 1393 in-

288 1415 393 1450 trepide
408 1414 629 1450 respoudendutn
656 1417 714 1445 est,
736 1420 797 1440 eum
824 1412 871 1446 qui
896 1411 924 1438 in
950 1409 1072 1444 ingenito

288 1466 358 1495 erat,
374 1468 406 1488 ex
422 1461 483 1496 ipso
496 1461 617 1495 genitura
630 1466 702 1490 esse,
713 1464 739 1485 et
750 1458 913 1493 principium
923 1456 1074 1484 exsistendi

1161 1226 1242 1251 Ὥστε
1266 1224 1327 1251 τίνα
1350 1223 1446 1258 καιρὸν
1462 1222 1518 1257 εχει
1541 1222 1591 1257 τὴν
1616 1221 1792 1257 μικροπρεπῆ
1815 1220 1911 1254 ταύτην

1126 1271 1258 1307 ἐρώτησιν
1281 1270 1326 1297 ἐπὶ
1341 1269 1413 1305 λύμῃ
1442 1268 1492 1303 τῆς
1506 1267 1645 1299 εὐσεϐείας
1668 1267 1744 1302 παρὰ
1764 1266 1820 1292 τῶν
1839 1267 1910 1292 ἐναν-

1126 1317 1191 1344 τίων
1208 1315 1409 1352 προφέρεσθαι,
1428 1315 1462 1350 ἣν
1481 1314 1519 1345 ὡς
1545 1314 1650 1348 ἄμαχον
1673 1313 1738 1348 ἡμῖν
1766 1313 1806 1343 εἰς
1832 1321 1912 1338 κατα-

1127 1363 1227 1398 σκευὴν
1241 1361 1288 1389 τοῦ
1310 1361 1410 1388 οἰκείου
1433 1359 1629 1395 προϐάλλονται
1645 1359 1797 1394 δόγματος,
1823 1358 1912 1393 διερον

1126 1409 1239 1440 τῶντες,
1256 1409 1291 1434 El
1309 1409 1325 1435 ὁ
1343 1407 1385 1434 ὦν
1399 1406 1554 1442 Terre—ttat;
1579 1405 1650 1440 Πρὸς
1665 1405 1712 1436 οὓς
1729 1404 1804 1430 ἐστιν
1820 1404 1912 1438 εὐθαρ-

1129 1455 1183 1486 σῶς
1206 1453 1424 1488 ἀποκρίνασθαι,
1449 1453 1490 1479 ὃτι
1513 1452 1528 1478 ὀ
1550 1452 1579 1478 ὲν
1601 1450 1639 1486 τῷ
1654 1451 1795 1485 ἀγεννήτῳ
1819 1449 1868 1481 ὢν,
1889 1450 1914 1481 ἐξ

289 1506 352 1533 inde
368 1506 490 1538 ducere;
506 1505 594 1540 inquit
611 1504 714 1532 enim”
728 1513 734 1531 :
753 1503 807 1538 Ego
825 1504 880 1530 vico
894 1506 1000 1537 propter
1017 1501 1073 1528 Pa-

1128 1500 1211 1528 αὑτοῦ
1234 1499 1365 1535 ἐγεννήθη
1378 1523 1387 1536 ,
1418 1499 1467 1534 τὴν
1483 1499 1532 1534 μὲν
1547 1498 1634 1525 αἰτίαν
1648 1497 1696 1523 τοῦ
1725 1496 1795 1523 εἶναι
1813 1496 1914 1523 ἐκεῖθεν

289 1557 355 1578 (rem
369 1560 377 1578 :
392 1557 420 1578 at
445 1551 566 1584 initium,
584 1550 693 1585 quando
712 1549 775 1576 inde
805 1549 982 1584 processerit,
1003 1547 1074 1574 baud

288 1601 331 1624 cst
344 1597 448 1627 dicere,
464 1604 526 1623 cum
539 1603 592 1622 non
613 1595 798 1630 iutcrjieiatur
814 1599 861 1621 aut
875 1601 929 1626 res,
942 1597 989 1620 aut
1002 1592 1073 1628 cogi-

290 1642 369 1673 tatio,
387 1646 433 1668 aut
449 1641 580 1675 temporis
598 1641 782 1672 intervallum,
797 1648 850 1675 quo
866 1647 929 1668 esse
953 1639 1014 1666 Filii
1039 1638 1074 1665 ab

289 1695 352 1714 esse
375 1687 463 1714 Patris
480 1691 640 1714 secernatur
650 1691 677 1714 et
688 1686 843 1718 divellatur,
861 1693 948 1720 neque
962 1685 1077 1712 exsistat

289 1733 397 1767 signum
415 1740 461 1759 seu
483 1732 613 1760 indicium
628 1732 749 1767 aliquod,
764 1740 797 1760 ex
813 1739 867 1766 quo
883 1730 1044 1766 Unigcnitus
1061 1737 1077 1757 a

291 1779 346 1804 vita
361 1777 450 1805 Patris
461 1783 605 1813 separatus
622 1778 761 1813 proprium
773 1776 945 1805 subsistendi
969 1776 1077 1803 initium

290 1823 404 1858 crperit.
421 1822 448 1850 Si
464 1824 546 1859 igitur
561 1824 665 1851 nullum
679 1823 753 1851 aliud
764 1827 806 1851 est
819 1822 992 1857 principium,
1005 1821 1078 1856 quod

293 1867 354 1895 Filii
383 1869 466 1895 vitam
495 1869 710 1904 antegrediatur,
729 1876 847 1902 eumque
866 1867 976 1902 pietatis
1007 1868 1078 1893 ratio

291 1914 443 1942 cttradilio
465 1915 554 1942 solum
581 1914 689 1942 Patrem
716 1914 906 1942 indubitanter
930 1917 993 1940 ante
1019 1911 1079 1939 Filii

293 1960 454 1995 ltypostasiu
472 1961 678 1995 praeconcipiat,
698 1959 780 1988 Pater
805 1967 870 1987 vero
890 1958 1016 1994 principii
1031 1966 1080 1985 ex-

292 2014 355 2040 pers
370 2006 406 2035 sit
420 2009 447 2033 et
469 2006 616 2041 ingenitus,
637 2005 704 2041 ipsis
727 2005 893 2033 adversariis
910 2005 936 2032 id
951 2004 1081 2032 conﬁten-

292 2051 383 2077 tibus:
403 2051 542 2085 quomodo
571 2051 681 2078 initiutn
707 2051 817 2079 esscndi
844 2051 935 2082 habet,
953 2058 1034 2085 quem
1052 2050 1080 2077 in

293 2096 418 2130 principii
437 2101 548 2130 experte
559 2096 692 2123 exsistere
711 2095 911 2131 intelligimus?

329 2142 399 2174 Quid
417 2149 480 2169 vero
499 2141 654 2169 detrimenti
674 2149 737 2168 vera
749 2146 777 2169 et
794 2149 860 2169 sana
875 2142 999 2169 doctrina
1018 2149 1081 2170 sus-

293 2188 401 2221 lincbit,
428 2188 451 2215 si
478 2187 541 2222 quis
574 2187 702 2213 admittat
741 2195 822 2214 voces
848 2188 1077 2220 adversariorum,
1096 2177 1117 2204 ί)

295 2243 363 2269 quas
380 2239 408 2261 ut
427 2234 561 2261 absurdus
588 2233 742 2268 proferunt,
769 2234 978 2267 sciscitantium,
1007 2234 1080 2261 Num

294 2281 338 2314 qui
353 2284 554 2315 est,generatus
570 2279 627 2306 sit?
651 2287 738 2313 neque
753 2279 826 2306 cuitu
852 2279 989 2310 volumus.
1006 2286 1079 2310 eum,

294 2325 341 2359 qui
358 2325 493 2352 exsistens
513 2325 620 2359 genitus
636 2329 689 2357 est,
710 2325 831 2360 genitum
854 2332 916 2352 esse
930 2332 963 2351 eo
987 2324 1080 2355 modo,

295 2378 376 2405 quem
390 2370 442 2397 sibi
465 2378 559 2398 crassa
587 2371 705 2405 quadam
729 2371 894 2405 cogitatione
916 2369 1082 2397 Nicodemus

298 2415 412 2442 Domino
428 2416 587 2450 colloquens
603 2417 816 2452 imaginabatur,
839 2421 916 2444 ratus
944 2423 1017 2448 cum,
1034 2415 1079 2450 qui

295 2462 350 2496 jam
366 2465 445 2489 natus
461 2466 542 2493 esset,
560 2470 613 2490 non
626 2471 706 2498 posse
718 2463 808 2491 denuo
821 2462 897 2489 nasci
906 2462 940 2494 ⁶⁰;
956 2461 1003 2489 sed
1019 2461 1081 2496 quia

297 2514 406 2541 semper
423 2507 456 2533 ab
468 2514 511 2538 eo,
527 2509 572 2542 qui
589 2508 724 2543 principio
742 2512 829 2538 caret,
843 2515 923 2534 suum
939 2515 1001 2534 esse
1019 2507 1080 2534 uni-

296 2558 338 2578 ter
360 2556 452 2587 aptum
469 2557 495 2579 ct
511 2560 663 2580 connexum
683 2554 774 2585 habet,
793 2554 896 2588 quique
907 2553 983 2586 prius
1000 2552 1082 2587 quid-

297 2598 359 2625 dam
378 2606 426 2626 seu
442 2599 582 2634 antiquius
605 2600 778 2633 indagantem
800 2606 906 2634 semper
922 2599 1080 2631 contitatur,

280 2640 324 2671 ~ct
339 2645 526 2672 curiositatem
548 2645 646 2671 mentis
672 2644 864 2671 ascendentem
890 2645 917 2671 in
939 2645 1080 2679 superiora

297 2691 453 2722 antevertit,
471 2690 600 2718 omnibus
616 2689 703 2716 Patris
715 2689 873 2718 notionibus
890 2690 967 2725 quasi
989 2690 1077 2717 admi—

298 2740 369 2768 stus,
383 2743 471 2770 neque
481 2743 543 2763 esse
558 2735 664 2770 incipit,
682 2743 770 2770 neque
794 2736 932 2770 ingenitus
957 2741 1008 2767 cst,
1033 2736 1079 2763 sed

336 2825 357 2841 ⁵⁷
370 2824 448 2852 Joan.
469 2832 495 2858 Χ,
510 2824 552 2851 Η.
591 2825 613 2840 ⁸³
634 2824 716 2853 llcbr.
731 2833 750 2858 ι,
765 2825 789 2852 3.
829 2824 942 2852 "Joan.
960 2833 996 2858 γι,
1013 2825 1055 2853 5‘3.

1127 1547 1195 1582 ἔχων
1205 1555 1212 1562 ·
1236 1545 1309 1581 Ἐγὼ
1321 1545 1386 1581 γὰρ,
1401 1545 1479 1580 φησὶ,
1496 1543 1532 1575 ζῶ
1545 1544 1594 1571 διὰ
1608 1543 1661 1570 τὸν
1681 1543 1797 1577 Πατέρα
1807 1551 1814 1558 ·
1831 1543 1881 1577 τὴν
1895 1543 1912 1568 δ’

1126 1590 1212 1626 ἀρχὴν
1224 1589 1275 1616 οὐκ
1287 1589 1361 1616 ἔστιν
1375 1590 1462 1616 εἰπεῖν
1473 1596 1480 1604 '
1501 1590 1545 1616 ὅτε
1562 1589 1599 1624 μὴ
1613 1588 1666 1624 γὰρ
1683 1588 1758 1619 ὄντος
1774 1587 1825 1613 τοῦ
1845 1596 1914 1622 μεσι-

1126 1635 1249 1666 τεύοντος
1280 1634 1460 1670 πράγματος,
1488 1633 1505 1669 ἢ
1526 1633 1723 1668 διανοήματος,
1750 1632 1767 1666 ἢ
1793 1631 1916 1667 χρονικοῦ

1127 1681 1325 1715 διαστήματος,
1349 1677 1371 1713 ᾧ
1393 1680 1577 1715 διακρίνεται,
1602 1679 1649 1705 καὶ
1670 1679 1867 1714 διαχωρίζεται
1891 1678 1916 1703 ct

1128 1724 1197 1754 εἶναι
1217 1727 1266 1753 τοῦ
1292 1725 1357 1752 Υίοῦ
1384 1726 1437 1752 ἀπὸ
1459 1725 1504 1752 τοῦ
1530 1725 1636 1761 Πατρός
1653 1733 1660 1740 ·
1687 1724 1748 1751 οὐδὲ
1771 1724 1915 1751 ἐπινοεῖται

1129 1775 1252 1809 σημεῖον,
1278 1773 1323 1807 ἀφ’
1343 1769 1372 1799 οὗ
1396 1774 1410 1799 ὸ
1431 1771 1586 1806 Μονογενὴς
1599 1771 1648 1805 τῆς
1663 1769 1709 1797 τοῦ
1727 1770 1839 1806 [ἰατρὸς
1852 1770 1916 1804 ζωῆς

1128 1819 1297 1854 διαζευχθεὶς
1315 1818 1348 1845 ἐκ
1361 1826 1432 1850 τινος
1448 1817 1602 1853 ἰδιαζούσης
1619 1817 1707 1852 ἀρχῆς
1728 1817 1915 1849 ἀναφαίνεται.

1129 1867 1160 1892 Εἰ
1173 1865 1220 1893 οὖν
1236 1865 1347 1900 οὐδεμία
1359 1865 1432 1891 ἐστὶν
1447 1863 1513 1899 ἄλλη
1529 1863 1610 1898 ἀρχὴ,
1625 1863 1685 1898 ἣτις
1703 1862 1752 1889 τοῦ
1788 1862 1856 1889 Υἱοῦ
1874 1863 1916 1896 τῆς

1130 1912 1202 1947 ζωῆς
1217 1910 1394 1947 ἡγεμονεύει,
1419 1909 1487 1936 ἀλλά
1502 1909 1580 1944 μόνον
1595 1908 1640 1935 τὸν
1654 1908 1765 1943 Πατέρα
1781 1910 1795 1934 ὁ
1811 1908 1917 1942 εὐσεϐὴς

1130 1957 1207 1990 λόγος
1220 1957 1268 1992 τῆς
1283 1955 1456 1987 ὑποστάσεως
1471 1954 1518 1981 τοῦ
1540 1953 1606 1980 Υίοῦ
1622 1954 1776 1989 προθεωρεῖ
1792 1953 1917 1980 ἀδιαστά-

1131 2011 1194 2034 τως.
1210 2003 1224 2028 ὁ
1240 2002 1334 2037 Πατὴρ
1346 2001 1375 2028 δὲ
1392 2002 1509 2036 ἄναρχος
1526 2001 1571 2027 καὶ
1590 2000 1748 2035 ἁγέννητος,
1767 2000 1863 2032 καθὼς
1879 2000 1918 2027 καὶ

1131 2049 1148 2083 ή
1161 2047 1214 2074 τῶν
1230 2048 1397 2074 ὑπεναντίων
1411 2048 1586 2082 συνομολογεῖ
1601 2046 1748 2082 μαρτυρία,
1763 2047 1825 2078 πῶς
1838 2046 1917 2081 ἀρχὴν

1131 2092 1177 2118 τοῦ
1193 2090 1261 2119 εἶναι
1275 2092 1407 2127 λαμϐάνει
1423 2093 1436 2118 ὁ
1450 2092 1489 2128 τῷ
1509 2092 1617 2128 ἀνάρχῳ
1631 2091 1870 2128 ὲνθεωρούμενος;

1168 2138 1200 2164 Τί
1212 2138 1240 2164 δὲ
1252 2138 1399 2173 βλάπτεται
1413 2138 1463 2173 τῆς
1476 2138 1614 2169 εὐσεϐείας
1627 2139 1642 2164 ό
1653 2137 1732 2172 λόγος
1746 2137 1780 2163 ἐκ
1794 2137 1845 2163 τοῦ
1862 2145 1916 2162 mv-

1131 2183 1251 2211 τίθεσθαι
1272 2185 1331 2216 ταῖς
1345 2183 1398 2210 τῶν
1416 2184 1544 2210 ἐναντίων
1558 2185 1670 2218 φωναῖς,
1687 2183 1721 2215 ἃς
1743 2183 1784 2215 ὠς
1805 2183 1917 2213 ἀτόπους

1132 2230 1317 2266 προτείνονται
1328 2229 1462 2264 λέγοντες,
1483 2230 1517 2256 El
1526 2231 1542 2256 ό
1553 2230 1592 2255 ὢν
1604 2228 1750 2264 ἐγεννήθη
1764 2237 1774 2260 ;
1789 2229 1852 2255 οὐδὲ
1871 2228 1917 2262 γὰρ

1131 2276 1209 2302 τοῦτό
1226 2284 1325 2311 φαμεν,
1342 2276 1382 2302 ὅτι
1398 2275 1467 2303 κατὰ
1489 2275 1538 2311 τὴν
1553 2275 1678 2311 ῥυπαρὰν
1698 2274 1745 2301 τοῦ
1767 2275 1917 2308 Νικοδήμου

1133 2322 1201 2357 πρὸς
1213 2322 1259 2348 τὸν
1275 2322 1375 2357 Κύριον
1393 2321 1573 2357 ὲπαπόρησιν,
1589 2320 1650 2348 καθ’
1664 2320 1697 2355 ἢν
1711 2319 1782 2355 ᾤετο
1800 2320 1842 2355 μὴ
1859 2318 1918 2345 εἶναι

1132 2368 1244 2395 δυνατὸν
1260 2368 1362 2398 ἐκεῖνος
1385 2368 1425 2399 εἰς
1446 2367 1576 2402 δευτέραν
1590 2366 1717 2401 γέννησιν
1735 2366 1782 2393 τὸν
1799 2366 1866 2392 ὄντα
1881 2366 1917 2391 ὲ).-

1133 2415 1199 2447 οεῐν,
1216 2414 1302 2446 οὕτως
1322 2415 1336 2440 ὁ
1355 2414 1392 2441 ὢν
1409 2414 1456 2450 τὴν
1477 2415 1600 2450 γέννησιν
1613 2414 1737 2449 δέχεται·
1754 2413 1813 2440 ἀλλ’
1829 2415 1868 2440 ὅτι
1880 2411 1917 2438 τοῦ

1133 2461 1186 2493 ἀεὶ,
1207 2461 1254 2487 καὶ
1272 2461 1397 2496 ἀνάρχως
1419 2461 1494 2492 ὄντος
1511 2460 1662 2496 ἐξημμένον
1683 2460 1783 2486 ἑαυτοῦ
1803 2459 1835 2486 τδ
1858 2457 1917 2485 εἶναι

1133 2505 1222 2540 ἔχων,
1249 2505 1297 2532 καὶ
1321 2505 1359 2541 τῷ
1385 2505 1418 2532 τὰ
1448 2505 1619 2541 πρεσῦύτερα
1652 2503 1918 2540 πολυπραγμονοῦντι

1135 2550 1280 2583 συνανιὼν,
1308 2552 1354 2578 καὶ
1379 2552 1418 2583 εἰς
1441 2551 1472 2578 τὸ
1493 2551 1687 2587 ὑπερκείμενον
1711 2551 1763 2585 τῆς
1785 2551 1917 2585 πολυπρα-

1135 2597 1272 2632 γμοσύνης
1298 2597 1343 2624 τοῦ
1366 2597 1412 2625 νοῦ
1436 2597 1648 2633 προλαμὸάνων,
1674 2597 1722 2624 καὶ
1747 2597 1853 2628 πάσαις
1868 2597 1918 2625 ταῖς

1136 2644 1200 2679 περὶ
1219 2644 1266 2670 τοῦ
1285 2645 1391 2678 Πατρὺς
1410 2644 1525 2676 ἐννοίαις
1542 2644 1776 2680 συγκεκραμένος,
1797 2644 1861 2670 οὔτε
1879 2641 1918 2669 τοῦ

1134 2689 1203 2716 εἶναι
1222 2690 1345 2724 ἄρχεται,
1361 2690 1421 2716 οὔτε
1435 2690 1580 2725 ἁγέννητός
1599 2691 1682 2721 ἐστιν,
1701 2689 1771 2716 ἀλλὰ
1791 2690 1838 2717 καὶ
1851 2690 1916 2722 ἐγεν-

1135 2736 1217 2771 νήθη,
1240 2736 1286 2762 καὶ
1300 2733 1334 2771 ἦν
1351 2744 1359 2752 ·
1385 2735 1424 2771 τῷ
1439 2737 1488 2772 μὲν
1502 2737 1550 2772 τῆς
1571 2736 1658 2768 αἰτίας
1672 2736 1744 2771 λόγῳ
1761 2736 1813 2771 τὴν
1827 2736 1858 2762 ὲκ
1878 2731 1916 2759 τοῦ

1096 2826 1116 2841 ⁵ο
1137 2825 1215 2853 .Ioan.
1230 2832 1271 2859 in,
1288 2824 1305 2851 2
1319 2832 1378 2860 sqq.
