1957 3079
260 156 308 185 ὂὸι

861 151 890 179 S.
904 150 1069 179 GREGORII
1083 150 1230 179 NYSSENI

1837 149 1890 178 ‘5‘2

262 215 355 246 tradit,
368 211 585 249 praeintelligitur
601 210 681 244 Filio,
699 211 841 238 nominum
856 218 967 247 quoque
976 211 1051 238 ordi-

1116 211 1157 247 ’ὰρ
1173 212 1214 238 ὅτι
1238 209 1439 246 προεπινοεῖται
1455 207 1501 234 τοῦ
1526 207 1591 234 Υἱοῦ
1612 208 1625 234 ό
1642 208 1738 244 Πατὴρ
1761 207 1832 235 κατά
1845 209 1889 234 τὸν

262 268 323 288 nem
337 267 369 287 ex
390 258 575 293 subjectarum
593 264 771 292 personarum
795 256 936 291 dignitate,
957 258 984 283 et
1003 263 1049 282 or-

262 308 326 334 dine
343 306 530 338 instituemus,
547 304 594 332 sed
607 304 717 331 nomina
732 312 779 338 per
790 311 819 331 se
831 303 1049 334 considerentur,

262 353 397 388 quodnam
419 351 494 379 alteri
513 359 561 386 per
589 351 722 378 rationem
739 354 911 385 praeponatur
933 349 1050 384 (iterum
1069 350 1072 352 '

262 400 324 427 dico
351 405 467 430 nomen,
498 406 552 425 non
576 405 632 424 rem
657 397 768 424 nomine
800 396 1051 431 signiﬁcatam),et

263 446 399 482 quodnam
417 453 449 472 ex
464 445 556 476 dictis,
583 444 704 470 notionis
729 443 844 477 alicujus
867 443 1051 477 positionem:

264 497 290 519 et
307 491 442 526 quodnam
478 489 572 525 posita:
600 488 719 515 notionis
744 488 906 514 ablationem
939 485 1051 513 indicet.

265 537 432 572 Dispicialut‘
444 535 560 570 exeinpli
578 534 664 569 gratia
679 543 686 565 ;
707 534 826 560 arbitror
841 533 913 560 enim
942 531 1054 559 consul-

265 588 323 610 tum
354 583 421 612 fore,
450 585 479 608 ut
505 589 548 609 res
575 580 704 608 similium
725 579 856 614 exemplis
890 578 1052 605 declaretur.

267 629 387 657 Srientia
408 632 435 656 et
461 627 581 659 inscitia,
613 627 705 661 passio
735 629 762 652 et
792 623 1010 660 itnpassibilitas,
1028 627 1055 650 et

267 676 351 711 hujus
369 675 476 710 generis
492 674 555 705 alia,
571 673 680 699 nomina
695 671 818 706 quaedam
834 675 908 697 sunt.
925 669 1054 702 Quaenam

266 722 344 756 prius
359 720 419 746 aliis
446 718 696 754 praeconcipiuntur
710 721 737 745 et
764 716 962 751 intelliguntur,
990 721 1054 741 num

268 768 324 798 illa,
341 773 401 801 qua:
421 772 476 792 rem
503 764 618 799 positam
651 763 759 793 tollunt,
787 769 822 788 an
851 769 911 796 quae
928 769 984 788 rem
1012 767 1057 795 po-

268 811 357 839 nunt?
383 809 439 845 Ego
463 810 498 847 ita
519 808 618 840 sentio,
651 809 728 842 prius
758 806 872 842 intelligi
902 806 1054 837 scientiam,

269 859 348 889 iram,
363 861 389 883 et
405 856 570 891 passionem,
585 853 756 889 postmodum
769 861 811 885 ea,
826 861 886 888 quae
899 852 1058 880 exstinctio—

270 912 330 932 nem
347 908 374 930 ct
395 901 632 936 iutcrcmptionem
658 899 824 934 signiﬁcant.
853 898 891 926 lta
915 897 1003 934 cogita
1024 898 1057 926 de

269 948 444 984 generatione
459 945 720 974 etinnascibilitate.
748 943 841 979 Neque
868 943 940 971 ullus
967 944 1057 970 studio

271 994 386 1030 propria).
402 992 542 1027 religionis
560 991 690 1018 incensus
708 990 901 1023 calumnietur,
919 989 997 1024 quasi
1014 988 1058 1016 Fi-

272 1042 336 1068 littm
355 1040 494 1076 generanti
510 1038 740 1074 praeposuerimus
757 1047 763 1064 :
782 1045 836 1064 non
859 1037 930 1064 enim
952 1037 978 1063 id
1001 1044 1059 1064 mo-

272 1089 364 1118 limur,
385 1091 415 1113 ut
429 1086 516 1113 Filius
531 1085 605 1112 Patri
623 1089 796 1120 prmponatur
823 1087 850 1110 et
866 1082 1060 1118 praeconeipia-

273 1139 328 1166 tur,
345 1141 407 1160 cum
423 1133 456 1160 de
469 1132 549 1167 geniti
562 1136 589 1158 et
601 1131 714 1166 iugoniti
735 1129 936 1165 signiﬁcatione
947 1128 1059 1156 disseri-

275 1188 336 1207 mus
353 1183 443 1206 :ccrte
458 1177 597 1213 generatio
620 1176 736 1211 alicujus
752 1176 788 1203 rei
813 1175 855 1202 vel
876 1175 996 1202 notinnis
1013 1181 1061 1208 po-

274 1227 403 1253 sitionum
419 1225 565 1259 signiﬁcat.
579 1229 605 1251 at
618 1231 680 1250 vero
692 1222 885 1249 immsribilitas
903 1221 973 1255 ejus,
988 1220 1061 1256 quod

275 1272 392 1308 positum
409 1275 461 1302 est,
477 1269 672 1299 sublationem.
690 1271 773 1302 prout
794 1271 872 1294 antea
887 1266 1002 1297 dictum,
1032 1270 1062 1292 ut

275 1318 390 1354 proinde
403 1315 589 1344 necessarium
603 1314 646 1348 sit,
668 1314 741 1341 omni
758 1313 839 1340 modo
853 1313 930 1348 prius
948 1311 1061 1346 intelligi

276 1372 374 1392 nomen
390 1361 584 1398 generationis,
602 1368 682 1395 quam
711 1368 811 1387 nomen
835 1358 1061 1386 innascibilitatis.

276 1409 332 1436 Cur
347 1408 429 1443 igitur
460 1406 582 1434 ordinem
609 1404 770 1435 secundum,
787 1403 832 1438 qui
854 1403 882 1430 in
909 1403 1064 1430 nominibus

279 1454 387 1482 visitur,
407 1451 479 1478 Patri
497 1451 628 1477 violenter
651 1453 744 1483 aptare
760 1448 938 1481 contendunt,
954 1451 1063 1482 putant-

280 1508 332 1535 que
349 1499 487 1526 notionem
506 1497 544 1524 rei
558 1496 675 1530 alicujus
691 1494 876 1529 privatrirem.
906 1501 987 1528 posse
1015 1493 1063 1520 de-

1101 257 1187 292 ἀληθῆ
1209 256 1287 291 λόγον
1312 255 1362 290 τῆς
1386 255 1521 287 πίστεως,
1544 254 1587 281 διὰ
1610 254 1687 281 τοῦτο
1709 254 1756 281 καὶ
1772 255 1822 290 τὴν
1837 255 1890 282 τῶν

1102 302 1240 338 ὀνομάτων
1263 301 1340 335 τάξιν
1364 300 1480 334 ἀξιούτω
1504 309 1546 332 τις
1571 300 1604 335 τῇ
1628 300 1682 326 τῶν
1703 300 1890 335 ὑποκειμένων

1102 349 1194 380 αὐτοῖς
1219 347 1372 384 προσώπων
1394 346 1457 382 ἀξίᾳ
1480 346 1527 373 καὶ
1559 345 1634 378 τάξει
1663 346 1889 372 συνδιατίθεσθαι.

1109 393 1189 420 Ἀλλὰ
1202 392 1288 420 ταῦτα
1304 393 1438 419 σκοπείτω
1453 392 1494 426 ὲιρ*
1508 392 1610 419 ἑαυτῶν
1622 392 1655 419 τὰ
1672 392 1803 427 ὀνόματα,
1815 393 1891 418 ποῖον

1103 442 1149 468 τοῦ
1167 440 1260 475 ἐτέρου
1281 439 1404 475 τῷλόγῳ
1423 439 1471 472 τῆς
1490 438 1608 470 ἐπινοίας
1628 439 1812 473 προτέτακται
1829 446 1836 454 ο
1861 439 1892 464 τὸ

1103 486 1187 520 ὄνομα
1201 485 1281 512 πάλιν
1295 484 1408 520 φημὶ,οὺ
1424 484 1454 510 τὸ
1469 484 1584 519 πρᾶγμα
1598 483 1626 510 τὸ
1644 483 1687 510 διὰ
1699 483 1746 510 τοῦ
1762 483 1892 518 ὀνόματος

1105 532 1304 568 σημαινόμενον
1319 539 1326 546 ·
1353 531 1427 557 ποῖον
1449 530 1504 556 τῶν
1526 529 1694 565 εἰρημένων,
1720 529 1796 556 θέσιν
1821 529 1893 558 cavo;

1104 580 1250 614 νοήματος,
1265 578 1311 604 καὶ
1334 578 1408 604 ποῖον
1423 576 1471 611 τὴν
1488 575 1535 602 τοῦ
1552 575 1675 606 τεθέντος
1695 575 1837 610 ἀναίρεσιν
1852 576 1891 601 ἐν·

1105 625 1251 652 δείκνυται.
1264 622 1340 651 Οἷον·
1355 622 1502 657 σαφηνείας
1511 621 1564 656 γὰρ
1571 621 1663 648 ἕνεκεν
1673 621 1716 648 διὰ
1729 621 1783 648 τῶν
1794 621 1895 656 ὁμοίων

1105 669 1182 706 οἶμαι
1199 671 1296 706 χρῆναι
1311 669 1485 704 παραστῆσαι
1499 668 1545 695 τὺν
1561 667 1639 702 λόγον
1649 677 1657 684 ·
1678 668 1820 699 παίδευσις
1849 668 1895 693 καὶ

1105 716 1279 747 ἀπαιδευσία,
1295 714 1380 747 πάθος
1409 715 1456 742 καὶ
1470 715 1598 746 ἀπάθεια,
1617 714 1664 740 καὶ
1678 714 1728 740 ὅσα
1745 713 1793 740 τοῦ
1808 713 1894 739 τοιού-

1106 771 1153 788 του
1168 762 1254 793 εἴδους
1269 761 1336 793 ἐστὶ,
1357 762 1419 787 ποῖα
1438 760 1540 787 τούτων
1560 760 1589 786 τὸ
1607 759 1827 796 προεπινοεῖσοαι
1842 758 1896 785 τῶν

1107 807 1194 835 ἄλλων
1208 807 1281 842 ἔχεις
1301 807 1371 834 Ὅσα
1387 806 1436 842 τὴν
1449 806 1587 841 ἀναίρεσιν
1599 805 1647 831 τοῦ
1667 805 1801 836 τεθέντος,
1814 804 1831 839 ἢ
1846 804 1896 830 ὅσα

1107 855 1156 890 τὴν
1176 854 1250 881 θέσιν
1272 853 1319 880 τοῦ
1339 853 1518 888 ὑποκειμένου
1540 852 1721 887 “napis-rnatu
1750 850 1822 885 Ἐγὼ
1847 851 1897 886 μὲν

1107 902 1186 928 τοῦτό
1201 910 1281 936 φημι.
1301 900 1437 936 Πρότερον
1458 899 1512 934 γὰρ
1528 900 1629 925 νοεῖται
1650 898 1826 933 ὴπαῐδευσις
1852 897 1898 922 καὶ

1107 949 1124 983 η
1140 947 1219 983 ὀργὴ,
1242 947 1290 973 καὶ
1304 947 1334 973 τὸ
1353 945 1448 977 πάθος,
1469 946 1516 972 καὶ
1544 944 1605 971 τότε
1641 945 1658 979 ἡ
1674 944 1729 970 τῶν
1745 942 1897 979 νοηθέντιυν

1107 994 1246 1029 ἀναίρεσις
1257 1001 1264 1007 ·
1289 992 1361 1019 οὕτω
1375 993 1421 1019 καὶ
1436 992 1453 1027 ή
1469 992 1604 1026 γέννησις,
1626 991 1673 1017 καὶ
1688 991 1704 1025 ἡ
1725 989 1875 1024 ἀγεννησία
1891 996 1898 1003 ·

1109 1037 1267 1074 καῖ’μηδεὶς
1286 1039 1330 1065 διὰ
1348 1038 1398 1073 τῆς
1419 1036 1644 1072 ὲϐελοορησκείας
1664 1035 1832 1063 διαϐαλλέτω
1853 1035 1898 1061 τὸν

1108 1087 1196 1120 λόγον,
1215 1087 1252 1117 ὡς
1270 1085 1432 1122 προτιθέντα
1448 1085 1493 1111 τὸν
1509 1085 1571 1111 Υἰδν
1588 1083 1634 1110 τοῦ
1646 1085 1837 1119 γεννήσαντος.
1862 1083 1898 1109 Οὐ

1109 1131 1163 1167 γὰρ
1180 1132 1224 1159 τὸν
1241 1131 1304 1158 Υίὸν
1323 1130 1504 1166 προτετάχθαι
1523 1130 1569 1156 τοῦ
1591 1130 1708 1165 Πατρδς,
1723 1130 1770 1155 καὶ
1785 1137 1900 1164 προεπι-

1110 1178 1227 1205 νοεῖσῡαι
1243 1177 1495 1212 κατασκευάζομεν,
1513 1177 1537 1202 εί
1552 1176 1616 1212 περὶ
1632 1176 1681 1211 τῆς
1696 1175 1743 1202 τοῦ
1756 1174 1889 1210 γεννητοῦ

1112 1225 1159 1251 καὶ
1173 1225 1317 1258 ἁγεννήτου
1329 1223 1465 1260 σημασίας
1476 1222 1652 1258 διαλαμϐάνει
1663 1222 1677 1248 δ
1689 1222 1779 1256 λόγος.
1797 1221 1902 1248 Οὗκοῦν

1112 1271 1129 1305 ἡ
1149 1270 1198 1305 μὲν
1219 1269 1345 1303 γέννησίς
1367 1277 1438 1300 τινος
1454 1268 1615 1304 πράγματος
1633 1267 1650 1302 ἢ
1670 1268 1806 1301 νοήματος
1831 1267 1902 1293 θέσιν

1114 1317 1316 1351 ἀποσημαίνει·
1339 1317 1356 1352 ἡ
1378 1316 1406 1343 δὲ
1438 1314 1604 1348 ἀτεννησιιι
1628 1314 1677 1349 τὴν
1699 1314 1747 1340 τοῦ
1768 1313 1902 1345 τεθέντος,

1114 1362 1205 1394 καθὼς
1221 1361 1308 1393 εἷπον,
1325 1362 1463 1397 ἀναίρεσιν
1474 1369 1480 1377 ·
1505 1360 1574 1387 ὥστε
1591 1360 1671 1387 παντὶ
1683 1361 1777 1396 τρόπῳ
1791 1367 1905 1395 προεπι-

1114 1408 1231 1435 νοεῖσθαι
1245 1408 1291 1434 τοῦ
1304 1410 1354 1443 τῆς
1384 1407 1567 1442 ἀγεννησίας
1582 1407 1723 1442 ὀνόματος,
1736 1406 1766 1432 τὸ
1778 1406 1830 1441 τῆς
1845 1415 1905 1440 γεν-

1115 1454 1217 1489 νήσεως
1229 1453 1322 1488 ὄνομα.
1337 1452 1370 1479 Τί
1383 1450 1430 1479 οὖν
1446 1453 1474 1479 ὲν
1483 1453 1589 1483 τούτοις
1603 1453 1701 1478 οἰκεῖον
1714 1451 1753 1487 τῷ
1764 1452 1865 1486 Πατρὶ.
1877 1451 1904 1477 τὸ

1115 1501 1147 1535 τῇ
1162 1499 1237 1532 τάξει
1252 1499 1376 1534 δεύτερον
1394 1499 1422 1525 ὲν
1443 1500 1499 1530 τοῖς
1518 1498 1647 1533 ὀνόμασιν
1663 1498 1834 1533 ἐφαρμόζειν
1851 1498 1906 1532 βια-

281 1550 433 1573 monslrare
450 1548 476 1570 et
490 1541 635 1576 complecti
650 1540 768 1568 nominis
783 1540 954 1567 essentiam?
968 1543 995 1567 et
1023 1544 1064 1566 ta-

1116 1546 1219 1578 ζονται,
1231 1546 1278 1571 καὶ
1294 1546 1395 1572 οἵονται
1413 1544 1443 1572 τό
1462 1553 1533 1576 τινος
1551 1544 1726 1580 ὰφαιρετικὺν
1745 1544 1838 1579 νόημα
1856 1544 1907 1570 δει-

278 1599 340 1619 men
358 1590 391 1618 iis
407 1590 452 1624 qui
468 1588 619 1615 fatuitatem
635 1591 662 1613 et
677 1586 858 1613 insulsitatem
877 1592 984 1616 eorum,
1005 1593 1064 1620 quae

280 1639 407 1664 asserunt
426 1633 563 1664 refellunt,
585 1631 730 1659 admodum
749 1634 922 1662 succensent,
937 1633 964 1657 et
980 1630 1006 1657 in
1018 1637 1065 1658 eos

280 1682 464 1709 concitantur.

315 1726 383 1753 Vide
393 1725 464 1752 enim
481 1731 562 1758 quam
581 1722 700 1749 insaniat
720 1721 746 1747 in
764 1721 850 1752 illum,
863 1720 908 1755 qui
927 1719 1066 1747 inﬁrmita-

282 1774 334 1796 tem
350 1773 376 1795 ct
392 1767 544 1794 lutilitatem
560 1770 783 1800 argumentorum
797 1765 857 1799 ejus
879 1764 1020 1799 patefacit,
1040 1767 1068 1791 et

282 1822 375 1850 quant,
394 1817 423 1840 ut
439 1816 537 1848 potest,
557 1812 591 1838 ab
615 1812 661 1838 illo
678 1811 826 1838 vindictam
853 1812 943 1846 exigat
958 1821 964 1839 :
979 1814 1068 1845 potest

282 1864 371 1887 autent
386 1859 451 1886 solis
464 1858 596 1885 conviciis
613 1858 750 1892 illatisque
762 1857 888 1891 injuriis:
909 1856 988 1891 cujus
1009 1864 1070 1891 pru-

281 1906 356 1933 fecto
383 1912 456 1939 gaza:
479 1904 688 1938 copiosissimus
709 1904 733 1930 ei
744 1903 816 1930 domi
841 1907 989 1938 proventus
1015 1908 1067 1931 est.

283 1949 514 1984 Quemadmodum
526 1950 598 1976 enitn
607 1949 670 1980 illis,
678 1949 724 1984 qui
737 1949 820 1976 libros
831 1949 977 1984 eleganter,
988 1957 1068 1975 mun-

283 1998 316 2024 de
327 2002 353 2024 et
370 1996 454 2023 nitide
470 1996 640 2027 describunt,
654 2003 741 2024 nexus
754 1995 865 2029 quidam
877 1999 903 2022 et
919 1996 998 2030 quasi
1010 1995 1070 2022 vin—

285 2046 346 2073 cula
363 2049 436 2077 sunt,
471 2044 572 2078 quibus
597 2049 684 2068 vacua
713 2040 801 2075 spatia
820 2040 942 2074 explent,
967 2045 994 2067 et
1020 2040 1069 2068 toti

287 2091 426 2126 scriptioui
452 2092 623 2117 venustatem
657 2091 683 2114 et
707 2086 871 2120 elegantiam
901 2085 1068 2113 conciliant:

286 2139 321 2164 ita
352 2137 404 2164 iste
422 2136 552 2171 pleraque
576 2132 709 2159 conviciis
734 2135 860 2162 exornat,
883 2131 1069 2158 calumniandi

286 2183 386 2209 eximia
402 2181 530 2208 facultate
556 2178 686 2213 praeclaro
711 2176 867 2211 insignitus.
884 2175 982 2204 lterum
997 2177 1069 2203 enim

1119 1591 1228 1622 κτικὸν,
1253 1591 1300 1617 καὶ
1320 1590 1516 1626 περιληπτικόν
1535 1589 1604 1616 εἶναι
1629 1589 1677 1625 τῆς
1699 1589 1746 1616 τοῦ
1777 1589 1907 1624 ὀνόματος

1116 1635 1234 1667 οὑσίας;
1259 1636 1306 1662 καὶ
1330 1635 1399 1670 πρὸς
1420 1635 1483 1666 τοὺς
1504 1634 1662 1669 ἐλέγχοντας
1680 1634 1730 1669 τὴν
1753 1634 1907 1670 σαθρὸτητα

1116 1681 1170 1708 τῶν
1184 1681 1271 1715 λόγων
1288 1679 1472 1715 ἀγανακτοῦσι
1499 1681 1545 1706 καὶ
1557 1680 1764 1715 παροξύνονται.

1160 1727 1224 1753 Ἰδοὺ
1240 1726 1294 1762 γὰρ
1314 1726 1371 1757 πῶς
1390 1726 1552 1761 μνησικακεῖ
1571 1725 1611 1759 τῷ
1631 1726 1662 1752 τὸ
1690 1725 1790 1760 σαθρὸν
1825 1725 1904 1753 αὑτοῦ

1118 1772 1165 1799 καὶ
1179 1771 1290 1802 ἀσθενὲς
1315 1772 1364 1806 τῆς
1396 1771 1562 1807 κακουργίας
1594 1771 1768 1806 φωράσαντι·
1803 1771 1853 1797 καὶ
1876 1770 1908 1802 ὡς

1119 1818 1248 1853 ἀμύνεται
1267 1817 1358 1850 αὑτὸν,
1375 1818 1407 1844 δι’
1422 1814 1459 1844 ὦν
1477 1818 1603 1844 δύναται·
1621 1817 1731 1844 δύναται
1746 1817 1776 1843 δὲ
1798 1817 1845 1844 διὰ
1858 1818 1909 1843 λοι-

1119 1864 1209 1900 δορίας
1236 1863 1319 1899 μόνης
1355 1865 1402 1890 καὶ
1431 1863 1551 1899 ὕϐρεως·
1579 1864 1625 1890 καὶ
1652 1863 1754 1898 σφόδρα
1779 1871 1811 1897 γε
1839 1864 1909 1898 αὑτῷ

1120 1909 1272 1945 περιττεύει
1286 1910 1316 1936 τὸ
1334 1910 1425 1944 κτῆμα
1443 1910 1492 1945 τῆς
1510 1910 1637 1945 τοιαύτης
1652 1909 1804 1945 δυνάμεως.
1822 1910 1910 1937 Καθςὶυ

1121 1964 1174 1991 περ
1195 1956 1249 1991 γὰρ
1266 1956 1312 1982 ἐπὶ
1328 1956 1382 1982 τῶν
1401 1956 1655 1992 κα).λιγραφοὺντων
1676 1956 1722 1982 τὸν
1743 1956 1835 1990 λόγον.
1854 1957 1910 1983 σύν-

1120 2001 1213 2036 δεσμοι
1232 2010 1302 2033 τινες
1328 2001 1374 2028 τοῦ
1399 2001 1500 2037 ῥυθμοῦ
1519 2002 1550 2028 τὺ
1573 2001 1661 2028 ἐνδέον
1682 2002 1909 2038 παραπληροῦσι’

1121 2047 1151 2074 τὸ
1169 2047 1264 2082 εῦηχόν
1280 2055 1309 2073 τε
1326 2047 1373 2074 καὶ
1390 2047 1546 2082 ἐναρμόνιον
1560 2047 1594 2073 δι’
1607 2047 1697 2073 αὐτῶν
1713 2046 1866 2078 ὲντιΘὲντες
1880 2047 1909 2082 τῇ

1124 2093 1230 2125 συνάξει
1243 2092 1292 2127 τῆς
1302 2092 1413 2124 λέξεως·
1427 2092 1511 2123 οὕτως
1523 2093 1552 2118 ὲν
1563 2094 1618 2124 τοῖς
1633 2092 1769 2123 πλείστοις
1782 2089 1821 2119 ὧν
1830 2092 1910 2126 λέγει,

1123 2139 1151 2166 ὲν
1167 2140 1225 2170 ταῖς
1240 2138 1382 2174 λοιδορίαις
1397 2138 1598 2164 καταποικίλλει
1615 2138 1663 2173 τὴν
1678 2138 1855 2173 συγγραφὴν,
1867 2138 1910 2165 ὡς·

1124 2193 1176 2220 περ
1201 2183 1434 2218 καλλωπιζόμενος
1451 2184 1482 2219 τῇ
1502 2183 1647 2219 ¹ιιειεριουιιίᾳ
1663 2183 1712 2218 τῆς
1727 2183 1776 2210 τοῦ
1795 2183 1910 2219 ὑϐρίζειν

287 2234 338 2255 nos
364 2227 505 2262 appellitat
531 2233 622 2255 ranos,
653 2223 698 2258 qui
715 2231 730 2249 ε
747 2223 830 2250 rectis
857 2223 1064 2258 cogitationibus

1124 2230 1273 2264 δυνάμεως.
1301 2229 1385 2256 Πάλιν
1407 2229 1461 2264 γὰρ
1491 2229 1569 2264 ἡμεῖς
1591 2229 1725 2264 μάταιοι·
1751 2229 1837 2256 πάλιν
1865 2229 1910 2256 τῶν

288 2275 458 2303 aberremus,
481 2278 569 2305 neque
587 2270 656 2297 satis
676 2269 776 2296 idoneo
791 2275 922 2304 apparatu
939 2268 972 2296 ad
986 2275 1073 2298 cerLa-

288 2324 350 2347 men
365 2318 574 2347 accesserimus,
588 2323 676 2350 neque
690 2315 771 2342 etiam
783 2316 836 2342 vim
845 2319 871 2343 et
886 2319 1004 2342 mentem
1017 2315 1074 2342 dis-

292 2365 416 2401 putantis
446 2363 556 2397 assequi
573 2362 723 2390 valeamus.
755 2361 817 2389 llaec
832 2362 905 2389 enim
919 2361 1022 2394 omnia,
1049 2365 1076 2388 et

291 2413 368 2447 plura
382 2410 445 2437 talia
461 2417 476 2436 a
494 2409 617 2436 modesto
634 2411 698 2441 isto,
720 2412 747 2435 et
763 2409 832 2436 bene
845 2408 999 2442 composito
1026 2415 1075 2435 ore

291 2459 318 2484 in
334 2456 493 2491 magistratu
510 2458 635 2482 nostrum
653 2454 805 2489 (Basilium)
821 2453 1020 2491 conjiciuntur.
1043 2452 1076 2479 Et

292 2502 383 2529 forsan
400 2500 474 2535 justa
493 2500 540 2527 irae
558 2507 641 2527 causa
661 2499 795 2534 suppetit,
815 2499 968 2533 meritoque
983 2498 1075 2526 decla-

292 2551 381 2574 mator
395 2546 558 2574 eﬂ‘ervescit.
574 2545 645 2579 Quid
661 2545 734 2571 enim
746 2552 858 2571 necesse
868 2549 936 2576 erat,
947 2550 976 2572 ut
987 2545 1074 2580 ipsum

292 2592 479 2624 contristaret,
504 2591 720 2619 demonstrando
738 2590 953 2617 imbecillitatem
969 2599 1074 2623 eorum,

292 2647 352 2674 quae
365 2639 425 2673 ipse
437 2637 579 2667 disseruit,
593 2635 793 2662 manifestando
809 2635 930 2671 insuper,
943 2638 1077 2664 omnium-

293 2692 346 2719 que
372 2683 459 2711 oculis
484 2680 646 2715 exponendo
666 2680 863 2714 blasphemiam
888 2682 1077 2709 verisimilitu-

292 2730 355 2756 dine
372 2728 570 2763 sophismatutn
591 2725 773 2753 tectam?Cur
790 2734 843 2753 non
862 2727 952 2762 potius
968 2729 1076 2757 silentio

293 2775 467 2809 fragilitatem
495 2771 630 2806 dogmatis
648 2771 731 2806 hujus
760 2773 845 2805 tegit?
863 2772 919 2801 Cur
943 2774 1075 2802 miserum

293 2822 393 2855 ubique
409 2819 571 2850 traducit,et
587 2818 620 2845 ad
637 2818 776 2853 publicum
791 2821 869 2854 quasi
885 2822 1075 2854 spectaculum

293 2864 413 2900 exponit,
432 2871 493 2891 cum
510 2864 583 2898 illius
607 2865 693 2900 magis
713 2865 847 2899 misereri,
871 2871 896 2895 et
915 2866 1070 2902 disputatio-

1125 2275 1211 2310 ὀρθῶν
1228 2274 1365 2309 λογισμῶν
1385 2274 1596 2309 ἁμαρτάνοντες,
1609 2275 1655 2301 καὶ
1672 2275 1701 2300 οὐ
1720 2275 1791 2310 μετὰ
1804 2275 1855 2310 τῆς
1869 2276 1910 2310 ἁρ-

1125 2321 1225 2355 ιιούσης
1239 2322 1270 2356 τῇ
1285 2320 1363 2355 χρεία
1378 2321 1553 2356 παρασκευῆς
1567 2322 1623 2352 τοῖς
1639 2320 1730 2355 λόγοις
1745 2320 1910 2356 ἐπιχειροῦν-

1125 2375 1179 2397 τες,
1201 2365 1246 2391 καὶ
1267 2366 1317 2400 τῆς
1339 2365 1386 2392 τοῦ
1408 2365 1530 2399 λέγοντος
1551 2365 1668 2397 διανοίας
1691 2365 1910 2400 ἀπολειπόμενοι.

1125 2411 1217 2438 Ταῦτα
1236 2412 1290 2447 γὰρ
1308 2411 1405 2443 πάντα,
1431 2413 1477 2438 καὶ
1501 2411 1539 2437 ἔτι
1563 2411 1648 2438 πλείω
1664 2411 1766 2438 τούτων
1783 2412 1860 2447 παρὰ
1872 2411 1911 2438 τοῦ

1125 2456 1317 2488 εὐσταθοῦντος
1332 2457 1463 2492 στόματος
1484 2457 1499 2483 ό
1520 2456 1678 2488 διδάσκαλος
1691 2457 1773 2492 ἡμῶν
1787 2457 1911 2492 ὀνομάζε-

1126 2511 1183 2530 ται’
1202 2503 1248 2529 καὶ⁸
1265 2503 1328 2534 ῐσως
1345 2503 1394 2529 οὐκ
1410 2503 1505 2536 ἄλογος
1523 2503 1573 2537 τῆς
1591 2503 1676 2538 ὀργῆς
1697 2504 1713 2538 ἡ
1738 2503 1833 2535 αἰτία,
1854 2503 1911 2530 em

1126 2548 1236 2580 δικαίως
1248 2550 1261 2574 ὁ
1276 2548 1441 2583 λογογράεος
1457 2547 1642 2583 παρώξυνται·
1658 2547 1684 2573 τί
1696 2547 1750 2584 γὰρ
1768 2549 1852 2575 αὐτὸν
1867 2548 1911 2574 ἔδει

1126 2595 1220 2621 λυπεῖν
1241 2594 1414 2630 ἐξελέγχοντα
1430 2594 1478 2630 τὴν
1499 2594 1653 2629 ἀρρωστίαν
1669 2594 1715 2620 τοῦ
1733 2594 1817 2629 λόγου
1834 2594 1911 2622 τοῦδε.

1126 2639 1319 2675 παραγυμνοῦν
1334 2648 1363 2665 τε
1379 2639 1426 2665 καὶ
1447 2638 1561 2674 φανερὸν
1576 2639 1661 2665 ποιεῖν
1674 2640 1731 2670 τοῖς
1748 2638 1911 2674 εὺκεραιοτέ-

1127 2693 1183 2720 ροις
1205 2685 1234 2711 τὸ
1256 2685 1423 2720 βλάσφημον.
1440 2685 1473 2720 τῇ
1492 2683 1647 2719 πιθανότητι
1667 2683 1722 2711 τῶν
1744 2684 1911 2719 σοφισμάτων

1127 2730 1397 2765 συγκαλυπτόμενον;
1420 2730 1465 2757 διὰ
1492 2731 1518 2756 τί
1543 2730 1571 2756 δὲ
1598 2731 1647 2757 οὐκ
1676 2730 1859 2757 ἐπικαλύπτει
1884 2730 1911 2764 τῇ

1128 2777 1214 2810 σιωπῇ
1230 2775 1263 2802 τὰ
1280 2776 1368 2812 σαθρὰ
1386 2776 1433 2803 τοῦ
1455 2777 1598 2812 δόγματος,
1618 2776 1686 2803 ἀλλὰ
1707 2777 1863 2812 στηλιτεύει
1876 2775 1911 2801 τὸν

1126 2823 1257 2849 δείλαιον·
1275 2823 1332 2849 δέον
1353 2823 1436 2849 ἐλεεῖν
1458 2823 1504 2850 καὶ
1528 2823 1723 2850 ἐπικαλύπτειν
1744 2823 1791 2850 διὰ
1810 2822 1913 2858 ἡσυχίας

1127 2869 1176 2904 τὴν
1195 2869 1385 2905 ἀσχημοσύνην
1404 2869 1450 2896 τοῦ
1464 2869 1560 2905 λόγου;
1582 2871 1610 2897 '0
1627 2869 1653 2897 δὲ
1670 2870 1780 2905 ἐλέγχει
1803 2870 1845 2897 καὶ
1860 2869 1914 2900 θει-
