1957 3079
38 121 78 148 455
612 116 750 143 CONTRA
771 114 965 147 EUNOMIUM,
981 114 1046 141 Llll.
1067 113 1086 140 l.

1610 110 1662 139 4524

36 175 111 211 τρίζει
132 174 178 201 τὸν
203 175 328 202 ὁπωσοῦν
350 174 424 210 παρὰ
445 175 501 206 τοῖς
524 175 598 206 ἰδίοις
619 175 753 210 μαθηταῖς
773 175 819 201 ὲπὶ

882 174 913 200 tis
928 172 1123 207 turpitudinem
1143 171 1224 199 tacite
1235 170 1345 206 operire
1369 169 1484 197 deccat?
1504 169 1537 196 At
1557 168 1607 196 istc
1620 175 1664 195 re-

38 219 106 255 σοφίᾳ
133 220 181 246 καὶ
195 219 322 256 ἀγχινοίᾳ
337 219 500 255 τιμώμενον.
526 217 593 246 Εἶπέ
614 229 664 246 που
686 219 740 246 τῶν
757 221 821 246 ἑαυ-

35 266 73 292 τοῦ
85 266 172 299 λόγων
186 267 202 292 ὁ
216 267 348 302 Εὐνόμιος
359 274 365 281 ·
383 267 524 293 "Ense/Mt
547 265 586 298 τῷ
608 265 668 298 Θεῷ
689 266 722 292 τὸ
735 266 821 302 ἀγέν-

36 319 136 345 νητον·
153 312 257 347 ἐπέστη
276 312 315 347 τῷ
335 313 436 348 ῥήματι
452 313 466 338 ὁ
486 312 641 344 διδάσκαλος
655 313 735 348 ἡμῶν
756 321 763 328 '
783 314 822 340 ὅτι

35 359 58 384 τὺ
70 357 212 392 ἑπόμενον,
226 359 280 385 τῶν
295 358 391 390 ἔξωθεν
407 358 646 394 ἐπιθεωρουμένων
660 358 732 385 ἐστίν
744 366 749 372 ·
765 359 780 393 ἡ
794 359 822 386 δὲ

36 403 105 429 οὐσία
125 403 155 430 οὐ
178 403 232 430 τῶν
256 404 354 437 ἔξωθέν
377 413 459 436 τινος,
481 404 538 430 ἀλλ’
564 404 644 431 αὑτοῦ
670 404 717 431 τοῦ
742 403 822 438 εἶναι,

37 448 94 474 καθὸ
110 449 179 481 ἔστι,
194 449 243 484 τὴν
261 450 395 485 σημασίαν
410 449 585 477 ἐνδείκνυται.
600 450 648 476 Διὰ
663 450 740 476 τοῦτο
754 451 823 484 ἀγα-

37 496 123 521 νακτεῖ
145 496 160 521 ὁ
180 497 304 530 ἐπιεικής
324 505 352 522 τε
377 496 422 523 καὶ
443 496 560 532 ἄμαχος·
581 497 626 523 καὶ
649 497 732 528 πολύς
751 498 824 523 ἐστιν

37 540 130 574 εὑροῶν
155 541 212 571 τοῖς
233 541 362 566 ὀνείδεσι·
386 541 452 567 διότι
473 541 592 573 ἀκούσας
615 541 662 568 τοῦ
686 542 822 576 ῥηθέντος,

37 586 74 612 καὶ
90 586 139 621 τῆς
151 586 270 617 διανοίας
285 585 426 621 ἐπῄσοετο.
448 587 479 613 Τί
504 584 550 613 οὖν
564 587 697 622 ἥμαρτεν,
718 587 742 613 εἰ
763 588 823 613 ἐπι-

37 632 164 663 αατικῶς
178 634 211 668 τῇ
227 632 331 667 διανοίᾳ
354 632 408 658 τῶν
424 633 623 668 γεγραμμένων
640 632 825 668 ἐπηκολούθη-

38 684 89 708 σεν;
107 677 138 703 Ei
154 676 203 711 μὲν
218 676 272 712 γὰρ
286 677 317 703 οὑ
334 676 405 704 κατὰ
420 676 498 711 λόγον
516 677 570 704 τῶν
592 677 742 713 εἰρημένων
765 677 825 703 ἐλά-

37 722 100 752 ϐετο,
115 721 206 753 καλῶς
219 721 275 756 ἔχει
297 727 339 748 σσι
360 721 395 749 τὰ
415 722 555 758 εἰρημένα,
572 723 618 749 καὶ
634 724 714 758 ἡμεῖς
727 723 826 758 ἀγνοή-

38 776 122 802 σομεν.
137 767 170 793 Εἰ
191 768 219 793 δὲ
243 767 371 802 ἐρυθριᾷς
394 767 462 803 πρὸς
478 768 521 793 τὸν
545 767 664 803 ἔλεγχον,
679 767 705 794 τί
719 768 768 794 οὑκ
783 768 826 800 ἐξ-

36 813 150 846 αλείφεις
175 813 206 839 ὲκ
220 812 272 839 τῶν
293 813 508 848 γεγραμμένων,
535 813 603 839 ἀλλὰ
629 813 757 848 λοιδορεῖς
779 814 825 840 τὸν

871 217 942 245 futat
970 221 996 244 ct
1008 217 1080 244 velut
1103 217 1130 243 in
1148 217 1285 243 theatrmn
1307 216 1376 251 rapit
1403 216 1491 247 illum,
1508 215 1554 250 qui
1573 222 1588 241 ο
1605 216 1664 242 suis

872 263 1015 297 discipulis
1029 266 1140 297 propter
1155 262 1296 297 sapientiae
1309 265 1335 288 et
1347 262 1481 289 acuminis
1494 261 1662 295 opinionem,

873 309 957 335 nullis
982 316 1036 334 non
1059 307 1211 335 honoribus
1230 306 1356 334 aﬂicitur.
1384 307 1494 334 Dixerat
1514 307 1613 334 alicubi
1634 306 1661 332 in

874 354 932 382 suis
956 353 1200 380 dissertationibus
1234 352 1395 384 Eunomius,
1415 353 1564 388 Ingenuum
1587 353 1661 388 sequi

873 401 967 428 Deum.
988 399 1095 434 Objecit
1113 399 1210 427 doctor
1234 404 1326 427 noster
1342 400 1414 426 dicto
1435 400 1498 426 huic
1514 400 1662 427 insistens:

874 446 901 473 id
919 446 990 480 quod
1005 446 1140 480 sequitur,
1156 453 1218 472 esse
1233 453 1264 473 ex
1281 453 1376 472 eorum
1399 453 1523 478 numero,
1540 454 1601 481 quae
1616 454 1664 473 ex-

876 493 1014 519 trinsecus
1032 491 1192 522 adveniunt.
1212 496 1238 518 at
1260 491 1406 518 essentiam
1424 498 1476 518 non
1489 499 1587 519 esseex
1599 492 1662 523 illis,

875 546 935 573 qua:
952 538 1124 566 extrinsecus
1142 538 1301 569 adveniunt,
1317 537 1363 563 5th
1379 538 1464 572 ipsius
1480 545 1554 568 esse,
1567 545 1664 564 secun.

875 584 940 611 (Ιυιιι
958 584 1030 618 quod
1049 588 1101 614 est,
1130 584 1360 619 signiﬁcationem
1389 583 1540 610 continere.
1563 583 1611 610 llic
1624 583 1664 610 ira

876 629 1060 657 inﬂammatur
1081 630 1221 656 modestus
1250 629 1294 655 ille
1323 634 1349 656 ct
1366 629 1495 660 invictus,
1525 632 1552 655 et
1581 629 1664 655 multa

876 676 974 710 probra
1001 679 1117 706 eructat,
1134 675 1197 709 quia
1212 674 1285 700 dicto
1300 677 1436 708 percepto,
1452 673 1540 708 ipsum
1558 681 1667 708 quoque

876 728 987 748 sensum
1005 721 1135 756 percepit.
1153 719 1222 753 Quid
1237 719 1321 753 igitur
1336 720 1469 753 peccavit,
1492 719 1515 746 si
1534 723 1668 746 constan~

876 770 919 794 ter
938 766 1101 794 sententiam
1129 766 1273 793 verborum
1302 769 1413 793 secutus
1432 765 1497 792 est?
1523 764 1551 792 Si
1567 765 1639 792 enim
1651 772 1667 791 a

877 813 1010 840 sententia
1026 813 1191 844 aberrasset,
1205 817 1277 839 recte
1294 819 1336 843 ea,
1359 819 1419 846 quae
1432 811 1586 844 ellutivisti,
1607 819 1622 838 a
1642 815 1667 839 te

36 859 202 894 προφέροντα
217 867 223 890 ;
239 858 305 890 Ναὶ,
322 858 413 893 φησὶν,
429 858 497 885 ἀλλ’
512 859 548 884 οὐ
562 858 679 893 συνῆκε
706 858 758 885 τοῦ
778 859 828 886 λό-

882 859 985 893 prolata
1017 866 1090 890 esse,
1111 866 1162 886 nos
1190 865 1299 892 quoque
1329 858 1529 885 conﬁteremur.
1556 857 1585 884 Si
1604 865 1668 884 vero

36 912 83 936 του
106 902 139 929 τὸ
162 903 315 937 βούλημα.
334 903 366 929 Τί
392 901 437 929 οὖν
463 903 620 938 ἀδικοῦμεν,
641 905 665 930 εἰ
690 904 828 940 ἅνθρωποι

35 949 104 980 ὄντες
121 949 154 974 ὲκ
170 949 224 974 τῶν
239 949 390 984 εἰρημένων
404 948 454 983 τῆς
470 949 588 981 διανοίας
608 950 828 985 ὲστοχασάμεθα,

35 994 82 1021 τῶν
111 995 139 1020 ὲν
167 994 281 1029 κρυπτῷ
309 995 357 1029 τῆς
386 994 499 1029 καρδίας
523 995 649 1030 οὐδεμίαν
676 996 827 1030 κατάληψιν

35 1041 156 1074 ἕχοντες;
173 1040 233 1075 Θεῷ
249 1041 366 1076 μὲνγὰρ
387 1041 504 1076 ὑπάρχει
527 1042 573 1068 καὶ
594 1042 628 1068 τὰ
643 1042 745 1069 ἀθέατα
766 1042 826 1078 βλέ-

36 1095 102 1118 πειν,
120 1087 169 1112 καὶ
183 1086 238 1112 τῶν
255 1086 348 1120 μηδενὶ
363 1087 455 1122 τρόπῳ
470 1087 751 1123 καταλαμϐανομένων
764 1088 827 1119 τοὺς

36 1133 210 1168 χαρακτῆρας
234 1133 402 1165 ἐπισκοπεῖν,
429 1133 475 1160 καὶ
499 1132 548 1168 τὴν
574 1134 751 1168 ἀνομοιότητα
772 1134 826 1160 τῶν

36 1178 156 1213 ἀοράτων
188 1177 394 1212 ἐπιγινώσκειν·
425 1180 506 1214 ἡμεῖς
541 1179 569 1205 δὲ
605 1179 702 1212 μόνον,
732 1180 766 1206 δι’
789 1176 826 1206 ὧν

36 1223 180 1258 ἀκούομεν,
196 1224 333 1260 κρίνομεν.

36 1270 251 1304 prelienduntur,
278 1274 357 1297 notas
377 1270 476 1298 intueri
501 1275 527 1298 et
542 1271 758 1306 inaequalitatem
781 1271 1018 1307 inaspectabilium
1051 1282 1226 1310 cognoscere.

37 1317 167 1344 dicamus.

68 1364 182 1399 Εἴρηται
196 1364 295 1394 τοίνυν,
317 1364 502 1398 Παρέπεσθαι
516 1365 555 1398 τῷ
568 1366 626 1400 Θεῷ
640 1369 648 1378 ”
658 1367 827 1403 παρακολου-

37 1409 161 1441 Θούντων,
177 1410 226 1445 τὴν
239 1410 425 1444 ἁγεννησίαν
436 1411 517 1439 αὑτὸν
531 1411 617 1445 λέγειν
629 1414 824 1448 ὺπενοήσαμεν.

37 1456 117 1482 Πάλιν
134 1456 252 1491 εἴρηται,
266 1455 391 1483 Μᾶλλον
416 1456 450 1483 δὲ
471 1458 545 1484 αὐτό
569 1458 654 1485 ἐστιν
680 1459 770 1486 οὐσία
792 1460 826 1486 τὸ

37 1502 210 1535 ἀγέννητον.
226 1502 322 1528 Οὐκέτι
342 1502 436 1529 τούτου
458 1505 575 1530 συνεῖναι
596 1504 646 1540 τὴν
668 1505 826 1532 ἀκολουθίαν

39 1548 195 1583 ἰσχύσαμεν,
214 1548 280 1574 πολὺ
302 1548 332 1574 τὸ
358 1549 604 1584 ἀπεμιραινόμενον,
632 1550 678 1576 καὶ
698 1550 728 1576 τὸ
749 1550 826 1577 ἀλλό-

38 1602 112 1619 κοτον
128 1594 157 1619 ἐν
173 1595 230 1624 τοῖς
253 1593 462 1628 σημαινομένοις
485 1595 711 1630 κατανοήσαντες.
727 1597 757 1622 Εἰ
774 1596 827 1632 γὰρ

39 1636 195 1671 παρέπεται
217 1637 257 1670 τῷ
272 1637 332 1670 Θεῷ
349 1638 381 1665 τὸ
399 1639 574 1674 ἀγέννητον,
592 1640 621 1666 τὸ
638 1640 665 1666 δὲ
682 1641 828 1676 ἀγέννητον

37 1683 113 1709 οὖσία
135 1684 206 1713 ἐστὶ.
232 1683 279 1709 δύο
303 1685 410 1716 πάντως
437 1685 535 1711 οὐσιῶν
558 1685 661 1712 ἔννοιαν
687 1687 715 1713 ἐν
738 1687 828 1722 ταύτῷ

39 1731 238 1761 κατασκευάζει
252 1732 266 1757 ὁ
283 1731 374 1765 λόγος·
396 1732 432 1763 ὡς
456 1730 524 1758 εἶναι
546 1733 594 1767 μὲν
615 1732 660 1759 τὸν
675 1733 740 1759 Θεὸν
759 1734 829 1760 κατὰ

37 1774 141 1803 ταύτὸν.
160 1775 197 1807 ὡς
215 1774 283 1802 εἶναι
300 1777 375 1807 ποτε,
393 1778 439 1803 καὶ
458 1775 527 1804 εἶναι
547 1778 742 1804 πεπίστευται·
756 1778 829 1814 ἔχειν

37 1821 64 1847 δὲ
83 1822 280 1857 παρεπομένην
305 1822 378 1858 αὐτῷ
400 1823 491 1850 οὐσίαν
508 1824 600 1859 ἄλλην,
616 1824 648 1859 ἦν
670 1825 830 1860 ἀγεννησίαν

38 1868 295 1902 προσαγορεύουσιν,
311 1868 403 1904 ἕτερον
417 1879 442 1896 τι
458 1867 549 1901 οὖσαν,
564 1870 638 1906 παρὰ
652 1870 696 1897 τὸν
710 1867 740 1897 οὗ
757 1871 830 1897 ἐστιν

38 1913 259 1948 ἐπακολούθημα,
284 1914 373 1946 καθώς
395 1924 477 1951 φησιν
500 1917 514 1942 ὁ
536 1916 709 1948 διδάσκαλος·
735 1918 781 1944 καὶ
806 1919 831 1944 εἰ

37 1958 107 1984 οὕτω
122 1959 209 1985 uitat
234 1960 340 1986 κελεύει
366 1962 446 1992 νοεῖν.
470 1961 617 1995 συγγνώτω
636 1963 692 1995 τοῖς
713 1963 831 1995 ἰδιώταις

39 2004 113 2037 ἡμῖν,
129 2003 166 2039 μὴ
189 2003 349 2039 δυναμένοις
365 2006 399 2040 τῇ
425 2004 568 2041 λεπτότητι
593 2005 678 2041 ταύτῃ
698 2005 752 2032 τῶν
767 2006 833 2032 Θεω-

41 2056 72 2082 ρη
78 2047 170 2082 μάτων
188 2048 361 2082 ἐφίστασθαι.

74 2147 140 2174 Εἰδὲ
152 2147 298 2173 ἀποϐάλλει
308 2147 400 2174 τοῦτον
408 2147 452 2174 τὸν
463 2147 551 2182 λόγον,
564 2147 610 2174 καὶ
619 2147 649 2174 οὒ
661 2156 727 2183 φησι
737 2147 833 2182 διπλῆν

40 2191 129 2218 οὐσίαν
144 2193 209 2227 περὶ
218 2193 264 2218 τὸν
279 2192 344 2219 Θεὸν
359 2192 515 2228 λέγει’),την
529 2193 576 2227 μὲν
590 2193 622 2219 ὲκ
633 2193 681 2227 τῆς
696 2192 832 2228 Θεότητος,
851 2213 872 2241 D

40 2237 87 2271 τὴν
97 2238 125 2264 δὲ
138 2239 171 2264 ὲκ
191 2238 242 2272 τῆς
256 2237 418 2271 ἁγεννησίας
435 2234 647 2273 γνωριζομένην,
661 2237 749 2272 ἑαυτῷ
768 2246 835 2272 συμ-

41 2282 213 2310 ϐουλευσάτω
233 2283 248 2309 ὁ
262 2283 330 2318 μήτε
345 2283 481 2319 προπετὴς
495 2283 542 2309 καὶ
554 2282 700 2318 ἀπόνηρος,
716 2282 753 2318 μὴ
767 2283 833 2309 πολὺ

40 2330 131 2365 νέμειν
140 2331 201 2361 ταῖς
214 2329 367 2364 λοιδορίαις,
378 2330 406 2355 ὲν
419 2331 474 2361 τοῖς
484 2329 552 2364 ὑπὲρ
563 2329 611 2364 τῆς
619 2329 746 2364 ἀληθείας
763 2329 836 2362 ἀγῶ-

41 2385 81 2402 σιν
90 2384 96 2391 ·
110 2375 179 2402 ἀλλὰ
189 2375 332 2408 διασαφεῖν
344 2376 397 2406 τοῖς
410 2373 579 2405 ἀπαιδεύτοις
591 2375 666 2409 ἡμῖν,
679 2373 736 2405 πῶς
747 2373 777 2400 τὸ
787 2375 834 2399 ἑπ-

40 2420 214 2452 ακολοοοοῦν,
240 2420 287 2446 καὶ
308 2419 339 2446 τὸ
361 2419 563 2455 προηγούμενον
590 2419 640 2446 οὐκ
659 2419 722 2446 ἄλλο
744 2428 769 2446 τι
789 2420 836 2445 καὶ

40 2466 103 2492 ἄλλο
117 2467 202 2497 ἐστὶν,
216 2465 273 2492 ἀλλ’
285 2465 314 2492 ἕν
334 2465 475 2500 ἀμφότερα
487 2465 590 2500 γίνεται
601 2473 607 2479 ’
620 2465 667 2491 καὶ
684 2464 738 2499 γὰρ
751 2465 779 2491 ἐν
795 2463 835 2496 οἷς

41 2513 231 2548 ὑπερμάχεται
254 2512 302 2538 νῦν
329 2511 479 2546 τοῦλόγου,
506 2511 580 2546 μένει
598 2510 794 2545 παραπλησίως
806 2509 836 2537 τὺ

40 2559 141 2585 ἄτοπον
157 2559 204 2584 καὶ
219 2558 308 2590 οὐδὲν,
324 2557 412 2588 καθὼς
428 2558 508 2589 αὑτός
524 2566 616 2592 φησιν,
632 2557 648 2592 ἡ
664 2556 718 2584 τῶν
742 2557 834 2592 εὐαρι-

41 2603 152 2638 θμήτων
178 2604 292 2630 ἐκείνων
318 2603 460 2639 προσθήκη
482 2603 611 2638 ῥημάτων
630 2602 781 2638 διορθοῦται
806 2602 836 2628 τὸ

41 2649 93 2675 τῶν
107 2649 264 2686 εἰρημένων
275 2649 448 2684 ἀσύμφωνον.
462 2649 527 2676 Τίνα
541 2650 595 2684 γὰρ
609 2649 637 2676 ὲν
649 2648 751 2680 τούτοις
764 2648 836 2675 ἔστιν

41 2695 130 2730 εὑρεῖν
152 2694 339 2727 διδασκαλίαν,
357 2694 433 2721 οῠπω
457 2695 575 2721 κατιδεῖν
592 2695 736 2730 ἠδυνήθην.
756 2695 838 2730 Εἰρή-

42 2749 115 2768 σεται
136 2741 165 2768 se
184 2741 258 2768 αὐτὰ
278 2741 314 2768 τὰ
330 2741 509 2776 γεγραμμένα
535 2742 598 2776 παρ’
618 2740 699 2767 αὐτοῦ
727 2741 773 2767 ὲπί
793 2741 837 2767 λέ-

41 2786 114 2819 ξεως.
128 2788 275 2822 Ειπομεν,
291 2787 369 2822 φησὶ,
381 2786 505 2815 Μᾶλλον
516 2786 550 2813 δὲ
568 2787 642 2813 um
657 2786 743 2813 ἐστιν
756 2785 838 2821 ἀγέν-

40 2840 132 2868 νητον
142 2855 150 2869 ,
167 2835 225 2864 οὐκ
237 2834 283 2867 εὶς
305 2832 339 2860 τὸ
355 2830 430 2860 εἶναι
445 2833 662 2868 συναιροῦντες
675 2831 707 2859 τὸ
721 2832 840 2866 δειχθέν

880 905 913 931 ad
928 905 1119 932 refutationem
1144 904 1296 937 erubescis,
1312 911 1361 931 cur
1373 911 1426 930 non
1440 904 1583 939 cxpungis,
1607 911 1668 938 quae

880 951 1038 986 scripsisti?
1055 959 1104 979 cur
1122 959 1183 978 eum
1200 951 1376 978 contumeliis
1406 950 1539 977 incessis?
1563 949 1667 985 Utique,

884 997 986 1032 inquit,
1005 997 1050 1024 sed
1064 1006 1116 1024 non
1131 997 1272 1028 intellexit,
1287 1004 1413 1032 quorsum
1437 995 1550 1022 tenderet
1570 995 1667 1027 oratio.

881 1042 968 1076 Quam
985 1043 1068 1078 igitur
1083 1043 1210 1077 injuriam
1225 1043 1389 1076 irrogamus,
1404 1041 1426 1068 si
1441 1049 1501 1068 cum
1519 1041 1606 1068 simus
1619 1041 1668 1068 lio-

879 1089 982 1121 mines,
1001 1097 1033 1116 ex
1052 1090 1143 1117 verbis
1156 1089 1190 1116 de
1208 1093 1298 1116 mente
1321 1089 1511 1123 conjecturam
1539 1088 1668 1120 facimus,

875 1142 937 1161 cum
953 1135 1058 1161 nullum
1075 1135 1149 1162 aliud
1165 1141 1342 1169 eorum,qu:e
1354 1135 1380 1161 in
1400 1134 1481 1161 corde
1493 1134 1668 1165 delitescunt.

876 1181 1006 1208 indicium
1024 1182 1176 1216 suppetat?
1204 1181 1258 1208 Deo
1275 1181 1348 1208 enim
1377 1187 1492 1215 pronum
1524 1184 1566 1207 cst
1586 1179 1668 1206 etiam

876 1226 1024 1254 invisibilia
1056 1227 1161 1260 videre,
1174 1232 1200 1254 et
1214 1235 1320 1260 eorum,
1334 1234 1394 1261 qum
1409 1226 1486 1253 nullo
1499 1225 1578 1252 modo
1593 1233 1669 1252 cotu—

1267 1274 1323 1302 Nos
1356 1282 1420 1302 vero
1438 1282 1472 1301 ex
1497 1274 1598 1301 auditis
1626 1273 1670 1308 ju-

916 1366 988 1393 Dixit
1014 1367 1096 1402 igitur
1115 1377 1121 1395 :
1138 1367 1287 1403 Ingenitum
1303 1368 1375 1403 sequi
1400 1367 1493 1395 Deum.
1517 1367 1566 1395 His
1579 1367 1671 1396 verbis

879 1412 988 1440 adducti
1002 1413 1167 1441 credidimus
1188 1421 1250 1441 eum
1276 1414 1420 1446 atlirmare,
1437 1415 1670 1442 innascibilitatem

879 1466 941 1486 esse
963 1467 995 1486 ex
1015 1467 1109 1486 eorum
1137 1468 1262 1492 numero,
1294 1468 1355 1496 quae
1383 1461 1556 1488 extrinsecus
1585 1460 1670 1488 Deum

879 1506 1054 1532 comitantur.
1072 1506 1106 1532 At
1117 1514 1178 1532 cum
1195 1514 1291 1534 rursus
1308 1506 1377 1534 dixit
1396 1515 1402 1533 :
1419 1506 1505 1541 Magis
1526 1515 1586 1533 vero
1608 1507 1672 1533 sub-

879 1552 980 1578 stantia
1004 1556 1043 1578 est
1066 1552 1211 1587 ingenitum
1228 1560 1236 1579 :
1252 1561 1307 1580 non
1329 1553 1448 1588 amplius
1473 1553 1670 1580 connexionem

878 1598 1032 1632 intelligere
1050 1599 1200 1632 potuimus.
1213 1598 1315 1634 quippe
1337 1598 1363 1625 in
1380 1598 1545 1634 signiﬁcatis
1562 1598 1671 1625 diversa

879 1641 1026 1669 admodum
1043 1647 1070 1670 ct
1086 1643 1200 1670 adversa
1214 1643 1344 1670 varietate
1359 1643 1539 1677 deprehensa.
1551 1642 1579 1669 Si
1595 1642 1668 1669 enim

876 1690 1017 1725 ingenitum
1054 1689 1173 1723 sequitur
1200 1687 1310 1714 Deum:
1336 1688 1486 1723 ingenitum
1514 1691 1604 1715 autem
1630 1691 1673 1715 est

880 1734 1049 1765 substantia,
1076 1735 1192 1761 diversa:
1221 1735 1383 1761 substantia:
1404 1735 1430 1761 in
1454 1734 1547 1761 eodem
1569 1734 1672 1761 consti-

880 1784 992 1807 tuantur
1006 1784 1133 1815 oportet;
1165 1784 1193 1807 ut
1220 1780 1330 1815 quidem
1363 1779 1433 1807 Deus
1461 1780 1495 1806 sit
1521 1779 1671 1807 secundum

881 1826 962 1858 idem,
978 1827 1049 1853 sicut
1069 1826 1133 1853 olim
1149 1831 1218 1859 erat,
1235 1831 1262 1852 et
1282 1834 1344 1853 esse
1359 1826 1483 1853 creditus
1495 1829 1546 1857 est,
1571 1826 1672 1852 habent

880 1879 945 1899 vero
972 1872 1183 1905 subsequentem
1209 1879 1239 1898 se
1265 1869 1447 1898 substantiam
1470 1870 1562 1902 aliam,
1590 1877 1671 1905 quam

881 1916 1127 1944 innascibilitatem
1145 1915 1296 1948 nominant,
1319 1922 1380 1950 qum
1399 1915 1471 1942 aliud
1490 1914 1620 1949 quiddam
1637 1915 1674 1943 sit

882 1963 989 1994 abillo,
1020 1962 1100 1995 cujus
1125 1962 1234 1996 scquela
1263 1966 1314 1993 cst,
1341 1966 1421 1996 prout
1443 1962 1538 1988 doctor
1567 1961 1671 1996 objicit.

882 2009 959 2042 Quod
976 2009 997 2036 si
1016 2009 1087 2036 hunc
1114 2003 1140 2035 in
1160 2008 1269 2035 modum
1288 2008 1471 2043 haeintelligi
1495 2009 1580 2042 cupit,
1596 2008 1674 2042 igno-

886 2058 946 2082 scat
973 2054 1052 2081 nobis
1084 2053 1214 2085 indoctis,
1237 2053 1282 2088 qui
1312 2054 1489 2081 subtilitatem
1518 2054 1674 2089 hujusmodi

883 2100 1102 2134 speculationum
1114 2106 1210 2134 capere
1227 2098 1383 2132 nequimus.

918 2145 1051 2173 Caeterum
1067 2146 1090 2173 si
1105 2145 1157 2172 hoc
1170 2152 1252 2172 sensu
1268 2144 1413 2179 repudiato
1429 2148 1544 2177 asserat,
1569 2152 1599 2172 se
1616 2152 1670 2171 non

885 2195 1006 2219 statuere
1025 2191 1050 2218 in
1068 2190 1122 2218 Deo
1136 2189 1273 2224 duplicem
1285 2190 1446 2222 essentiam,
1459 2190 1570 2217 alteram
1581 2189 1615 2217 de
1633 2189 1675 2217 di-

887 2236 1011 2267 vinitate,
1031 2235 1142 2262 alterunt
1159 2235 1192 2262 de
1211 2235 1435 2266 inuascibilitate.
1469 2234 1592 2262 obtineat
1619 2242 1633 2261 a
1647 2243 1676 2262 se

889 2281 978 2313 homo,
1001 2289 1088 2316 neque
1102 2288 1233 2316 prmceps,
1258 2287 1347 2314 neque
1359 2280 1523 2311 malitiosus,
1538 2284 1568 2306 ut
1581 2280 1607 2307 in
1619 2288 1677 2308 cer—

889 2327 1037 2354 taminibus
1065 2333 1114 2361 pro
1128 2326 1253 2357 veritate,
1278 2325 1410 2353 conviciis
1425 2333 1478 2352 non
1501 2327 1616 2353 multum
1632 2326 1675 2354 in-

888 2373 1015 2408 dulgeat;
1034 2372 1080 2399 sed
1094 2371 1212 2399 dilucide
1235 2375 1354 2406 exponat
1371 2371 1462 2405 nobis,
1483 2372 1621 2406 quomodo
1636 2373 1674 2405 id,

889 2419 960 2454 quod
976 2418 1109 2453 sequitur,
1125 2422 1152 2445 et
1166 2418 1203 2449 id.
1218 2419 1291 2453 quod
1312 2418 1510 2453 antegreditur,
1521 2419 1576 2446 sint
1589 2427 1673 2447 unum

888 2469 914 2491 et
928 2464 1009 2495 idem,
1026 2472 1078 2490 non
1095 2464 1167 2491 aliud
1183 2467 1265 2498 atque
1277 2464 1367 2496 aliud;
1391 2472 1453 2491 nam
1470 2472 1544 2491 nunc
1565 2465 1676 2499 quidem

888 2510 933 2543 iis,
949 2518 1008 2545 quae
1023 2510 1064 2537 sui
1082 2509 1175 2537 tuendi
1192 2517 1274 2537 causa
1291 2510 1406 2544 profert,
1428 2510 1495 2537 nihil
1508 2510 1599 2543 edicit,
1626 2510 1676 2538 ab-

889 2555 1023 2584 surditate
1047 2563 1124 2590 atque
1148 2563 1180 2582 ac
1197 2559 1277 2582 antea
1294 2559 1500 2590 perseverante,
1520 2563 1619 2590 neque,
1647 2559 1677 2581 ut

890 2603 1006 2638 ipsemet
1023 2603 1071 2634 ait,
1089 2602 1224 2629 orationis
1246 2601 1322 2629 illius
1337 2607 1391 2629 tam
1417 2601 1559 2629 concinnat
1581 2605 1677 2628 rotun-

890 2648 962 2675 ditas
978 2655 1010 2674 ac
1023 2651 1174 2674 concentus
1206 2647 1365 2673 inconsonae
1388 2646 1521 2674 doctrina:
1542 2645 1675 2672 medetur.

891 2693 977 2726 Quam
995 2693 1067 2720 enim
1083 2692 1263 2720 eruditionem
1281 2691 1310 2718 in
1332 2692 1375 2718 his
1391 2692 1512 2726 reperire
1526 2691 1677 2726 liceat,ego

892 2739 1009 2767 necdum
1035 2739 1189 2774 perspicere
1216 2738 1303 2773 potui.
1329 2736 1382 2764 Sed
1397 2736 1531 2764 verbatim
1557 2737 1600 2765 hic
1615 2737 1678 2765 red-

892 2785 990 2813 damus
1003 2792 1048 2818 ea,
1077 2792 1138 2819 quae
1156 2784 1278 2819 scripsit.
1310 2782 1443 2814 Diximus.
1469 2782 1568 2818 inquit,
1593 2783 1678 2818 Magis

893 2833 978 2866 ipsum
1006 2831 1149 2866 ingenitum
1168 2835 1206 2859 est
1227 2829 1386 2864 substantia,
1417 2836 1468 2856 non
1484 2829 1518 2855 ad
1551 2830 1679 2857 exsistat-
