1957 3079
270 125 325 155 455

901 122 930 150 S.
953 120 1121 150 GREGORH
1143 119 1291 148 NYSSENI

1858 119 1912 147 ‘56

270 187 334 212 tiam
350 183 528 218 pcrducentes,
547 181 614 217 quod
630 183 702 217 sequi
716 182 928 209 demonstratum
945 187 994 214 est,
1010 181 1052 209 sed

1107 181 1295 208 ἀκολουθεῖν.
1318 178 1411 206 ’Λλλὰ
1436 180 1468 206 τι)
1491 179 1550 213 μὲν
1575 178 1738 206 ἀκολουθεῖ
1754 178 1792 213 τῇ
1815 187 1910 214 πρισ-

268 231 316 257 hac
330 228 433 264 quidem
448 228 566 262 sequitur
581 228 764 262 appellationi,
790 228 817 255 id
835 236 893 255 vero
909 227 977 262 quod
1006 231 1056 258 est,

266 275 388 303 essentitv
403 273 639 300 accommodantes.
653 273 718 306 Qua:
745 273 836 300 omnia
869 273 892 300 si
919 273 946 299 in
973 279 1057 299 unum

268 322 394 356 colligas.
418 320 470 347 huc
487 323 544 346 tota
559 320 648 346 oratio
670 319 774 346 recidet
788 327 794 346 :
813 318 890 354 sequi
906 318 1056 351 ingenitum

272 373 393 392 nomen:
410 363 629 403 qqandoquidem
647 364 734 398 ipsum
759 366 800 390 est
824 363 882 397 ipse
908 361 1056 396 ingenitus.

267 412 352 445 Quem
372 412 467 437 horum
485 411 631 437 verborum
650 410 827 444 interpretem
844 407 1058 435 advocabimus?

269 458 330 484 Non
346 457 381 483 ad
396 457 591 486 exsistentiam.
608 455 708 490 inquit,
731 455 910 489 perducentur,
928 453 997 488 quod
1015 461 1056 480 se-

267 504 315 538 qui
345 503 554 530 demonstratum
586 506 635 528 est.
665 501 732 527 Illud
755 498 944 535 συναιροῦντες
958 498 1058 526 dixerit

267 550 336 577 forte
349 550 449 584 aliquis
468 556 632 576 arcanorum
660 547 810 582 expositor,
837 554 899 574 eum
921 552 1057 580 usurpare

267 596 327 622 loco
345 595 469 623 vorabuli
483 595 866 627 crwa'tmovzs;,connectentes.
878 591 1055 627 Reliquorum

266 646 368 673 autem,
383 650 436 676 qlia
452 642 562 668 tandem
589 641 696 668 ratione
714 639 814 674 aliquis
837 638 1055 672 intelligentiam,

265 693 292 715 et
308 688 506 715 connexionem
533 686 721 721 assequuntur?
743 685 820 718 Quod
844 689 935 712 ortmn
961 688 1003 711 est
1022 691 1054 711 ex

266 735 388 768 sequela,
408 741 462 760 non
478 733 511 759 ad
530 733 690 764 essentiam,
720 732 767 759 sed
783 732 815 759 ad
835 731 1054 766 appellationem,

268 779 458 814 cognationem
475 782 501 805 et
522 778 708 805 habitudinem
731 778 821 804 habet.
850 777 921 810 Quid
940 784 1013 808 vero,
1039 783 1056 802 ο

266 825 478 860 sapientissime,
495 824 661 859 appellatio?
673 823 742 850 Num
762 823 886 850 dissonat
910 823 944 849 ab
961 830 1055 850 essen-

1111 226 1226 261 ηγορίᾳ,
1240 226 1273 252 τὸ
1289 225 1323 252 δὲ
1333 225 1410 257 ἐστὶ,
1431 224 1468 259 τῇ
1492 225 1582 259 οὐσίᾳ
1600 224 1910 260 συναρμόζοντες-,Ὧν

1113 271 1303 304 συντεθέντων,
1316 271 1420 305 γένοιτο
1445 271 1478 297 ἂν
1502 271 1556 302 πᾶς
1581 271 1595 297 ὁ
1618 270 1695 305 λόγος
1717 271 1853 303 τοιοῦτος’
1869 274 1909 299 ὅτι

1111 318 1254 345 ἀκολουθεί
1267 317 1297 344 τὸ
1311 317 1456 352 ἀγέννητον
1479 317 1581 353 ὄνομα·
1608 318 1723 353 ἐπείπερ
1743 318 1810 344 αὑτό
1836 319 1909 346 ἔστιν

1111 364 1267 400 ἀγέννητος.
1277 364 1343 390 Τίνα
1354 364 1444 391 τοίνυν
1457 364 1579 399 ἑρμηνέα
1589 363 1642 390 τῶν
1655 364 1810 399 εἰρημένων
1824 373 1910 400 παρα-

1112 409 1283 445 στησόμεθα;
1301 411 1362 436 Οὐκ
1379 410 1421 442 εἰς
1438 409 1471 435 τὸ
1492 407 1577 441 εἶναι,
1596 409 1672 444 φησὶ,
1692 409 1910 443 avra/pains;-

1110 455 1144 482 τὸ
1153 455 1272 489 δειχθέν
1279 455 1467 483 ἀκολουθεῖν.
1482 454 1562 481 Ἀλλὰ
1575 454 1605 481 τὸ
1619 455 1669 490 μὲν
1680 455 1907 489 συναιροῖψτες,

1112 501 1176 532 ῐσως
1199 501 1232 528 ἄν
1254 509 1326 532 τινες
1346 500 1400 527 τῶν
1421 501 1633 536 αἱνιγματιστῶν
1658 501 1760 527 εἴποιεν
1780 501 1840 527 ἀντὶ
1863 501 1908 528 τοῦ

1110 546 1327 580 συνάπτοντες,
1345 546 1420 581 αὐτῷ
1436 546 1588 581 νενοῆσθαι.
1613 546 1673 573 Τῶν
1689 546 1717 572 δὲ
1735 546 1839 572 λοιπῶν
1852 547 1908 578 πῶς

1109 592 1142 618 ἂν
1154 601 1195 624 τις
1211 592 1333 628 ὲπιγνοίη
1350 592 1380 619 τὺ
1395 592 1503 618 συνετὸν
1527 592 1574 618 καὶ
1591 591 1750 625 ἀκόλουθονς
1762 590 1801 617 Τδ
1814 592 1909 626 φανὲν,

1111 637 1202 673 φησὶν,
1219 639 1251 665 ὲχ
1266 638 1313 674 τῆς
1329 637 1498 670 ἀκολουθίας,
1515 638 1545 664 οὺ
1568 637 1636 672 πρὸς
1653 637 1702 672 τὴν
1717 637 1824 670 οὐσίαν,
1842 638 1909 665 ἀλλὰ

1110 682 1177 718 πρὸς
1191 683 1241 718 τὴν
1257 683 1442 719 προσηγορίαν
1458 682 1566 714 οἰκείως
1584 682 1651 717 ἔχει.
1673 683 1704 709 Ἦ
1720 683 1748 709 δὲ
1770 691 1909 718 προςηγοο

1110 727 1165 762 pia,
1179 725 1201 755 ὦ
1216 728 1365 763 σοφώτατε.
1383 728 1426 760 τίς
1449 728 1566 763 Πότερον
1582 728 1679 763 ἀπᾴδει
1697 728 1748 763 τῆς
1770 728 1876 759 οὐσίας,
1889 728 1906 762 ἢ

1110 773 1258 810 σύνδρομός
1273 775 1330 801 ἐστι
1359 774 1429 801 κατὰ
1449 774 1498 810 τὴν
1514 774 1632 807 ἕννοιαν;
1646 775 1670 801 εἰ
1689 775 1739 810 μὲν
1758 775 1814 810 γὰρ
1834 776 1907 802 ἀνοι-

1109 821 1191 851 κείως
1210 820 1267 856 ἔχει
1290 820 1357 856 πρὸς
1375 820 1426 856 τὴν
1447 821 1539 847 οὐσίαν
1555 820 1586 846 τὸ
1603 819 1698 855 ὄνομα,
1716 821 1776 852 πῶς
1791 821 1843 847 ﬁne
1859 822 1908 856 τῆς

266 871 313 901 tia,
330 879 362 897 an
379 871 402 897 ei
417 870 567 897 secundum
588 869 727 896 notionem
745 867 899 896 consonat?
929 867 958 894 Si
981 867 1052 894 cnim

1107 867 1154 894 τοῦ
1170 867 1317 902 ἀγεννήτου
1337 867 1521 902 προσηγορίας
1536 867 1552 902 ἡ
1566 867 1643 894 οὐσία
1659 867 1905 903 χαρακτηρίζεταις

264 916 411 952 appellatio
435 923 497 942 eum
526 915 647 943 essentia
667 915 769 942 nullam
797 921 911 949 prorsus
932 921 1056 941 commu-

265 962 374 989 nionem
389 962 512 992 haberet,
539 961 678 996 quomodo
695 960 729 987 ab
743 961 854 995 ingeniti
876 959 1058 995 appellatione

264 1007 385 1035 essentia
413 1006 526 1041 proprio
547 1013 599 1033 suo
622 1005 783 1032 charactere
813 1004 1008 1040 insigniretur?
1028 1002 1056 1030 Si

265 1052 361 1087 igitur,
391 1057 470 1087 prout
490 1052 549 1086 ipse
578 1058 673 1084 vocas,
694 1054 810 1086 cognato
838 1054 865 1078 et
894 1050 1057 1077 naturaliter

264 1098 384 1125 essentia
400 1097 433 1124 ab
455 1096 671 1124 innascibilitate
699 1095 867 1127 continetur,
897 1102 952 1130 quo
977 1098 1056 1129 pacto

263 1144 308 1171 hic
329 1143 507 1178 sejungitur?
531 1142 636 1170 Nomen
668 1143 789 1169 essentia:
818 1149 863 1168 seu
888 1141 1054 1173 substantitc,

265 1189 365 1223 inquit,
379 1187 414 1215 ad
427 1187 502 1214 aliud
519 1188 654 1223 sequitur;
670 1191 698 1214 et
716 1195 812 1214 rursus
834 1195 840 1212 :
861 1187 918 1220 ipsa
936 1186 1053 1213 essentia

264 1235 298 1261 ad
315 1234 398 1260 aliud.
415 1234 480 1266 Quae
501 1241 566 1260 vero
579 1233 662 1260 totius
680 1233 761 1267 hujus
769 1233 902 1259 orationis
916 1235 1054 1259 structura

263 1281 323 1309 est?
348 1280 490 1315 Sequitur,
517 1279 616 1314 inquit,
644 1278 740 1310 Deum,
768 1279 918 1312 ingenitum
943 1285 1053 1308 nmnen,

263 1326 483 1362 quandoquidem
502 1330 543 1353 est
557 1326 615 1360 ipse
632 1325 782 1359 ingenitus.
805 1324 901 1357 Deum,
918 1324 964 1358 qui
979 1323 1052 1350 aliud

263 1374 393 1409 quiddam
420 1377 473 1405 est,
497 1381 579 1408 quam
609 1372 775 1407 ingenitum,
794 1370 926 1405 subsequi
946 1370 984 1397 ait
1003 1370 1054 1396 hoc

263 1427 373 1447 nomen.
390 1419 534 1452 Quomodo
547 1418 720 1445 divinitatem
744 1417 965 1444 innascibililate
990 1415 1055 1443 deﬁ-

263 1465 322 1492 nit?
345 1465 379 1492 At
406 1465 505 1491 iterum
531 1463 646 1498 oggerit,
666 1461 762 1493 Deum,
786 1462 833 1497 qui
855 1461 974 1496 ingenite
1001 1465 1052 1494 est,

263 1510 392 1544 subseqai
409 1510 584 1545 ingenitum?
598 1508 667 1542 Quis
685 1508 766 1535 nobis
782 1508 987 1535 reconditorum
1004 1508 1054 1534 hu-

261 1555 383 1590 jusmodi
420 1555 579 1589 dogmatmn
611 1553 699 1581 nodos
724 1552 875 1580 dissolvet?
906 1552 975 1579 Ecce
1002 1552 1052 1579 tibi

262 1602 408 1635 ingenitum
422 1599 589 1630 antecedens,
607 1603 634 1626 et
668 1599 815 1632 ingenitum
831 1597 988 1633 subsequens
1001 1605 1010 1629 ,'
1025 1601 1052 1625 et

262 1647 472 1682 appellationem
486 1645 657 1676 substantiae,
678 1651 751 1671 Imuc
765 1644 875 1678 quidem
890 1644 1053 1671 naturaliter

262 1697 472 1728 computantem,
495 1699 569 1718 nunc
584 1699 634 1718 ceu
658 1691 754 1718 alienae
770 1691 854 1718 sortis
875 1691 1052 1725 subsequen-

261 1745 326 1767 tem.
347 1739 414 1772 Quis
431 1739 475 1765 hic
497 1741 589 1765 tantus
607 1741 648 1764 cst
674 1744 739 1772 erga
761 1736 980 1763 innasribilitati:
1002 1744 1050 1763 no-

261 1793 322 1812 men
340 1792 425 1819 pavor
448 1789 476 1812 et
494 1783 710 1818 obstupefactio,
732 1787 761 1809 ut
780 1782 818 1810 illi
839 1786 922 1809 totam
946 1782 1047 1809 divini-

261 1832 326 1859 tatis
345 1836 469 1858 naturam
487 1829 636 1860 adscribat,
649 1828 811 1862 dictitando,
827 1829 850 1856 si
865 1829 917 1855 ltoc
933 1829 1044 1856 nomine

262 1877 333 1904 licus
353 1877 498 1907 adiciatur,
520 1875 612 1902 omnia
628 1875 736 1909 pietatis
750 1874 813 1908 jura
840 1874 943 1908 integra
973 1875 1048 1908 fore;

1108 913 1140 939 Εἰ
1159 913 1187 939 δὲ
1213 913 1369 949 προσφυῶς,
1396 912 1488 944 καθὼς
1513 913 1593 945 αὐτὸς
1617 913 1772 948 ὀνομάζεις,
1790 914 1843 940 ὑπὸ
1858 915 1906 949 τῆς

1107 958 1270 994 ἁγεννησίας
1292 959 1309 994 ἡ
1335 958 1414 985 οὐσία
1442 958 1686 995 περιλαμὸάνεται,
1706 959 1765 991 πῶς
1789 960 1906 987 ἐνταῦὕα

1107 1003 1320 1039 καταμερίζεται
1333 1013 1339 1037 ;
1357 1004 1409 1031 Kal
1425 1005 1522 1038 τὸμὲν
1531 1004 1626 1039 ὄνομα
1635 1004 1802 1038 τῆςοὺσίας
1815 1005 1906 1040 item:

1106 1051 1274 1083 ἀκολουθεῖ,
1287 1051 1364 1084 αὐτὴ
1374 1051 1403 1077 δὲ
1419 1051 1501 1078 πάλιν
1511 1051 1530 1085 ἠ
1549 1052 1640 1084 οὐσία
1651 1051 1750 1086 ἑτέρῳ.
1775 1052 1825 1083 Τίς
1843 1053 1870 1079 δὲ
1888 1053 1904 1088 ἡ

1107 1097 1231 1129 σύνθεσις
1255 1097 1303 1123 τοῦ
1326 1097 1425 1129 παντὸς
1449 1097 1547 1132 λόγους
1569 1097 1734 1131 Ἀκολουθεῖ,
1758 1099 1837 1133 φησὶ,
1867 1098 1904 1133 τῷ

1106 1141 1165 1176 θεῷ
1193 1141 1224 1168 τὸ
1253 1142 1401 1178 ἀγέννητον
1436 1143 1538 1177 ὕνομα,
1568 1144 1684 1180 ἐπείπερ
1716 1144 1799 1175 αὐτὸς
1830 1145 1904 1170 ἐστιν

1106 1187 1263 1222 ἀγέννητος.
1297 1188 1378 1215 Ἀλλο
1400 1197 1426 1215 τι
1451 1188 1507 1215 ὄντι
1528 1189 1566 1224 τῷ
1580 1189 1638 1225 Θεῷ
1654 1189 1729 1224 παρὰ
1747 1190 1778 1216 τὺ
1791 1190 1904 1226 ἀγέννη-

1105 1242 1150 1260 τον
1165 1233 1320 1261 ἀκολουθεῖν
1340 1233 1418 1260 τοῦτο
1435 1234 1508 1268 λέγει
1528 1234 1558 1261 τὸ
1577 1234 1679 1270 ὃνομα;
1696 1235 1751 1261 Καὶ
1773 1235 1832 1267 πῶς
1855 1237 1904 1271 τὴν

1105 1279 1220 1314 θεότητα
1244 1280 1273 1306 ὲν
1297 1281 1328 1315 τῇ
1354 1280 1501 1316 ἁγεννησίᾳ
1524 1281 1661 1316 ὁρίζεται;
1678 1281 1904 1316 ἀλλ’ἀγεννήτως

1105 1325 1161 1352 ὄντι
1175 1326 1213 1361 τῷ
1229 1326 1289 1361 Θεῷ
1307 1326 1420 1353 ἔπεσθαι
1437 1326 1518 1354 πάλιν
1534 1327 1600 1362 φησὶ
1624 1327 1654 1353 τὸ
1667 1327 1833 1363 ἀγέννητονς
1849 1329 1904 1355 Καὶ

1105 1372 1145 1404 τίς
1158 1373 1224 1407 ἡμῖν
1235 1373 1289 1399 τῶν
1302 1373 1470 1408 αἰνιγμάτων
1486 1373 1586 1400 τούτων
1597 1373 1716 1401 διαλύσει
1729 1374 1775 1400 τὸν
1788 1374 1902 1409 γρίφηνς

1111 1418 1285 1452 Ὰτέννητον
1310 1420 1552 1454 προηγούμενον,
1587 1421 1633 1447 καὶ
1661 1419 1830 1455 ἀξέννητον
1851 1421 1902 1455 ἑρ-

1104 1465 1263 1499 επόμενον,
1282 1465 1328 1491 καὶ
1346 1466 1532 1502 προσηγορίαν
1552 1466 1656 1498 οὐσίας,
1681 1467 1729 1493 νῦν
1746 1467 1795 1502 μὲν
1818 1475 1904 1503 προσ-

1105 1510 1180 1544 φυῶς
1202 1511 1426 1546 ὲφηρμοσμένην,
1453 1512 1533 1538 πάλιν
1556 1512 1584 1538 δὲ
1607 1513 1646 1544 ὡς
1667 1513 1812 1548 ἀλλοτρίαν
1835 1523 1903 1549 παρ-

1106 1555 1253 1591 επομένην.
1267 1556 1314 1588 Ti;
1330 1556 1358 1583 δὲ
1371 1557 1446 1592 αὐτῷ
1477 1558 1523 1584 καὶ
1547 1558 1564 1593 ἡ
1587 1558 1702 1594 τοσαύτη
1721 1559 1786 1594 περὶ
1801 1559 1832 1586 τὸ
1854 1561 1904 1594 τῆς

1105 1601 1288 1635 ἀγεννησίας
1316 1602 1400 1637 δνομα
1428 1603 1557 1637 πτόησις·
1590 1603 1660 1630 ὥστε
1687 1604 1783 1639 ἐκείνῳ
1813 1606 1903 1631 πᾶσαν

1104 1646 1260 1674 ἀνατιθέναι
1281 1646 1329 1682 τὴν
1351 1647 1399 1682 τῆς
1420 1647 1545 1684 θεότητος
1570 1649 1664 1684 φύσιν·
1682 1650 1729 1676 καὶ
1746 1651 1770 1677 ει
1792 1651 1841 1685 μὲν
1856 1651 1902 1677 οὖ-

1103 1701 1157 1724 τως
1170 1693 1344 1728 ὀνομασθείη,
1364 1694 1447 1728 μηδὲν
1472 1694 1522 1729 τῆς
1544 1695 1683 1727 εὐσεϐείας
1704 1696 1806 1722 ἐνδεῖν·
1829 1697 1852 1722 εἰ
1874 1697 1902 1722 δὲ

1105 1737 1153 1773 μὴ,
1169 1738 1214 1764 τὸν
1227 1738 1317 1764 πάντα
1327 1738 1377 1773 τῆς
1392 1739 1510 1771 πίστεως
1521 1741 1721 1768 κινδυνεύεσθαι
1737 1742 1817 1776 λόγον
1828 1749 1836 1773 ;
1847 1742 1902 1768 Καὶ

1102 1784 1179 1819 εἰμὴ
1197 1785 1322 1820 περιττόν
1343 1793 1385 1816 τις
1416 1786 1462 1812 καὶ
1481 1786 1615 1822 παρέλκον
1635 1788 1757 1822 οἰήσεται
1781 1788 1812 1814 τὸ
1838 1790 1902 1823 περὶ

1101 1830 1204 1857 τούτων
1218 1831 1320 1867 βραχέα
1335 1831 1480 1865 διαλαϐεῖν,
1498 1833 1596 1860 οὑτωσὶ
1617 1833 1661 1860 τὸν
1678 1834 1756 1868 λόγον
1770 1834 1865 1869 διαλης
1873 1835 1901 1860 ὁ-

1106 1875 1186 1910 μεθα.

260 1924 281 1949 si
299 1923 401 1953 mimis,
420 1925 504 1948 totam
528 1920 589 1947 ﬁdei
615 1927 751 1947 summam
777 1920 803 1946 in
827 1919 978 1954 periculum
1001 1921 1109 1949 vocari?
1125 1921 1159 1947 At
1178 1921 1231 1948 nisi
1266 1922 1331 1956 quis
1364 1922 1514 1950 arbitretur
1551 1931 1787 1960 supervacaneum
1822 1934 1900 1961 pror-

261 1977 308 1996 sus
325 1974 351 1996 et
375 1965 578 1995 infructuosum
608 1966 676 1998 fore,
701 1965 735 1993 de
751 1966 793 1993 his
818 1966 936 1993 breviter
957 1966 1113 2000 disserere,
1132 1968 1172 1995 sic
1185 1967 1400 2002 disputationem
1419 1969 1607 1997 instituemus.

295 2015 446 2042 [Eternitas
461 2015 562 2041 divina:
582 2013 655 2045 vine,
682 2013 704 2040 si
721 2021 780 2040 cam
797 2010 872 2040 velut
894 2012 1051 2040 deﬁnitione

260 2062 377 2096 quadam
394 2060 549 2088 describere
566 2060 644 2090 velis.
659 2059 792 2094 ejusmodi
807 2063 860 2090 est,
878 2066 986 2094 semper
997 2063 1049 2092 est,

261 2115 311 2134 nec
329 2107 448 2133 admittit
469 2106 617 2140 aliquando
646 2113 699 2132 non
730 2104 824 2138 fuisse,
850 2109 876 2132 et
904 2104 1051 2139 aliquando

262 2162 316 2180 non
334 2153 466 2179 futurum.
485 2152 538 2179 Sed
554 2151 785 2186 quemadmodum
804 2151 850 2185 qui
871 2159 904 2178 ex
923 2150 1049 2178 circulari

1140 2015 1177 2040 Τδ
1190 2015 1274 2042 ἀΐδιον
1289 2017 1339 2051 τῆς
1354 2016 1429 2048 θείας
1452 2017 1534 2052 ζωῆς,
1553 2017 1590 2047 ὡς
1604 2017 1635 2044 ἄν
1651 2026 1691 2049 τις
1708 2018 1763 2053 ὅρῳ
1778 2018 1832 2044 τινὶ
1847 2027 1898 2044 πε-

1105 2061 1223 2096 ριλαόὼν
1237 2062 1402 2098 ὑπογράψειε
1411 2084 1419 2095 ,
1435 2063 1554 2090 τοιοῦτόν
1567 2064 1642 2090 ἐστιν
1651 2072 1658 2079 °
1680 2064 1723 2090 ἀεὶ
1749 2065 1799 2099 μὲν
1812 2066 1840 2092 ὲν
1858 2066 1899 2101 τῷ

1104 2105 1173 2134 εῖναι
1193 2107 1449 2143 καταλαμϐάνεται’
1478 2109 1524 2136 τοῦ
1541 2109 1567 2136 δὲ
1591 2109 1655 2136 ποτὲ
1677 2110 1713 2145 μὴ
1740 2108 1828 2143 εἶναι,
1850 2112 1897 2138 καὶ

1105 2153 1170 2179 ποτὲ
1197 2154 1234 2188 μὴ
1259 2153 1367 2181 ἕπεσθαι
1387 2154 1433 2181 τὸν
1459 2155 1537 2190 λόγον
1562 2156 1611 2182 οὐκ
1636 2156 1799 2191 ἐπιδέχεται.
1828 2158 1896 2183 Ἀλλ·

262 2200 348 2234 ﬁgura
367 2199 477 2234 planum
503 2199 693 2229 dimetiuntur,
712 2197 854 2233 aequaliter
870 2206 884 2224 ει
905 2201 1001 2224 centro
1019 2197 1052 2224 ad

1106 2198 1198 2235 ὥσπερ
1213 2200 1258 2226 ἐπὶ
1271 2200 1318 2226 τοῦ
1335 2200 1514 2236 κυκλοτεροῦς
1531 2202 1678 2236 σχήματος,
1694 2203 1718 2229 οξ
1732 2203 1766 2229 τὰ
1779 2203 1897 2230 ἐπίπεδα

262 2246 420 2272 distantiam
437 2245 516 2272 linea:
527 2245 555 2271 in
574 2251 602 2272 se
613 2244 776 2275 convolutaz,
793 2243 962 2270 indeﬁnitum
976 2243 1052 2279 prin-

262 2291 363 2326 cipium
381 2290 475 2325 ﬁgurae
497 2298 559 2318 esse
575 2290 663 2321 aiunt,
691 2290 762 2317 linea
779 2297 867 2324 neque
883 2289 908 2315 in
925 2292 1051 2323 apertum

263 2338 343 2364 ﬁnem
370 2337 524 2368 desinente,
553 2344 642 2371 neque
667 2337 747 2363 etiam
767 2343 782 2362 a
805 2335 951 2363 manifesto
974 2335 1052 2363 initio

262 2383 462 2418 progrediente,
483 2383 530 2410 sed
547 2383 727 2418 undequaque
744 2381 802 2417 pari
821 2383 910 2417 spatio
924 2389 938 2408 a
955 2386 1051 2409 centro

262 2427 424 2462 sibimetipsi
441 2429 579 2463 copulata,
598 2432 625 2455 et
639 2428 774 2463 principio
786 2431 812 2455 et
829 2428 882 2454 ﬁne
899 2434 995 2454 carere
1008 2427 1052 2453 vi-

262 2473 358 2501 detur:
390 2474 485 2508 procul
513 2474 585 2501 absit
608 2474 801 2505 calumniator,
830 2472 902 2508 quod
928 2473 1050 2500 circnm-

262 2513 371 2554 scriptre
382 2525 408 2547 et
418 2519 535 2548 deﬁnita:
552 2520 654 2556 ﬁgurae,
670 2520 906 2554 circumscriptam
923 2524 1049 2547 naturam

262 2567 494 2601 comparaverim:
512 2574 564 2594 non
579 2567 650 2593 enim
664 2567 696 2594 ad
709 2566 804 2593 circuli
819 2565 1052 2601 circumscriptio~

261 2619 332 2645 nem,
352 2612 397 2639 sed
415 2612 448 2638 ad
468 2611 673 2640 similitudinem
695 2612 755 2646 ejus
779 2612 841 2638 vitae
858 2619 905 2638 seu
933 2615 1048 2642 natura,

261 2666 323 2693 qua)
349 2659 531 2693 undequaque
555 2657 842 2692 incomprehensibilis
866 2661 918 2690 est,
946 2657 1048 2688 intuiti,

261 2703 428 2730 aﬁirmamus
443 2703 514 2729 hanc
527 2702 688 2729 aeternitatis
704 2703 843 2729 notionem
859 2710 931 2730 esse.
947 2704 968 2729 A
982 2710 1050 2737 prte-

261 2750 331 2777 svmi
348 2749 419 2776 enim
438 2752 585 2781 momento,
612 2749 685 2776 velut
702 2757 717 2776 a
733 2753 827 2776 centro
846 2753 872 2776 et
886 2749 965 2783 signo
979 2756 1049 2783 quo-

261 2794 334 2825 dam,
353 2799 470 2821 mentem
483 2795 514 2821 ad
530 2794 690 2822 inﬁnitatem
707 2795 769 2821 vitm
781 2794 856 2821 illius
870 2794 1050 2821 extendentes

261 2843 287 2867 et
301 2840 530 2874 circumagentes,
551 2841 693 2870 maualiter
704 2846 730 2868 et
746 2840 872 2868 similiter
886 2840 921 2868 ab
934 2840 1048 2867 immen-

1102 2246 1333 2282 γεωμετροῦντες,
1349 2247 1441 2283 ὲξίσης
1454 2249 1507 2274 ἀπὸ
1520 2249 1566 2275 τοῦ
1580 2249 1692 2284 κέντρου
1708 2249 1776 2284 πρὸς
1790 2249 1821 2276 τὸ
1839 2251 1897 2277 διάη

1104 2299 1194 2326 στημα
1216 2291 1266 2326 τῆς
1290 2293 1421 2328 γραμμῆς
1441 2293 1508 2329 πρὸς
1525 2294 1623 2329 ἑαυτὴν
1637 2294 1800 2330 ὲλιχθείσης,
1817 2295 1895 2330 ἀόρι-

1103 2345 1165 2363 στον
1179 2335 1247 2363 εἶναι
1258 2337 1307 2373 τὴν
1318 2339 1404 2374 ἀρχὴν
1414 2339 1460 2366 τοῦ
1474 2340 1613 2375 σχήματος
1626 2340 1735 2374 λέγουσι
1747 2350 1753 2355 ·
1772 2342 1842 2376 μήτε
1854 2342 1896 2373 εἰς

1101 2383 1177 2414 τέλος
1192 2383 1420 2419 ὁμολογούμενον,
1446 2386 1514 2421 μήτε
1536 2386 1576 2417 εἰς
1594 2386 1681 2421 ἀρχὴν
1704 2387 1825 2422 φανερὰν
1845 2388 1897 2423 τῆς

1100 2429 1231 2465 γραμμῆς
1256 2430 1458 2467 διασπωμένης,
1478 2431 1536 2458 ἀλλ’
1560 2433 1592 2459 ὲκ
1614 2432 1668 2458 τῶν
1687 2432 1751 2459 ἴσων
1776 2433 1894 2467 διαστη-

1102 2474 1195 2509 μάτων
1212 2476 1381 2510 πανταχόθεν
1390 2477 1423 2503 ὲκ
1438 2476 1483 2503 τοῦ
1497 2477 1610 2512 κέντρου
1623 2477 1691 2512 πρὸς
1704 2478 1806 2513 ἑαυτὴν
1822 2478 1896 2511 ἡνω-

1102 2519 1196 2556 μένης,
1215 2521 1342 2556 ἐκφυγεῖν
1366 2522 1396 2549 τὺ
1413 2523 1500 2558 ἀρχήν
1517 2532 1576 2550 τινα
1616 2523 1660 2550 καὶ
1677 2523 1807 2559 τελευτὴν
1831 2526 1892 2552 ἐπι-

1100 2565 1254 2598 δείξασθαι·
1272 2567 1342 2594 οὕτω
1364 2567 1411 2594 καὶ
1427 2568 1521 2603 μηδεὶς
1538 2568 1740 2602 συκοφαντείτω
1755 2569 1802 2596 τὸν
1815 2569 1895 2603 λόγον

1099 2609 1138 2642 ὡς
1161 2611 1411 2647 περιγεγραμμένῳ
1436 2613 1555 2647 σχήματι
1583 2613 1632 2648 τὴν
1659 2613 1787 2648 ἀόριστον
1812 2614 1894 2648 φύσιν

1100 2657 1336 2692 προσεικαζόντων
1347 2665 1353 2672 ·
1369 2658 1400 2683 οὐ
1421 2657 1475 2693 γὰρ
1491 2658 1560 2694 πρὸς
1579 2658 1628 2694 τὴν
1652 2660 1830 2695 περιγραφὴν
1846 2659 1894 2685 τοῦ

1099 2701 1199 2728 κύκλου
1214 2701 1371 2736 βλέποντες,
1390 2702 1457 2729 ἀλλὰ
1478 2703 1546 2738 πρὸς
1561 2703 1592 2729 τὸ
1605 2704 1698 2739 ὅμοιον
1716 2703 1765 2730 τοῦ
1791 2713 1895 2732 tau-ra.-

1099 2747 1177 2781 κόθεν
1201 2747 1321 2782 ἀλήπτου
1341 2747 1392 2782 τῆς
1417 2747 1490 2783 ζωῆς
1521 2749 1695 2785 ἀφορῶντες,
1726 2750 1820 2785 φαμὲν
1845 2750 1893 2776 τοῦ

1099 2792 1183 2818 ἀῖδίου
1202 2793 1250 2827 τὴν
1274 2793 1378 2819 ἔννοιαν
1401 2794 1502 2828 ταύτην
1523 2792 1602 2821 εἶναι.
1625 2795 1764 2830 Ἀπὸγὰρ
1779 2795 1828 2822 τοῦ
1844 2795 1893 2822 νῦν

1099 2837 1262 2871 ἐνεστῶτος,
1278 2837 1372 2865 ὥσπερ
1395 2839 1450 2867 ἀπὸ
1473 2840 1595 2877 κέντρου.
1617 2841 1664 2869 καὶ
1684 2842 1801 2878 σημείου
1820 2841 1895 2874 τινὸς
