1957 3079
265 144 316 173 459

889 153 917 181 S.
939 154 1101 182 GREGOIHI
1119 153 1265 183 NYSSENI

1833 156 1884 184 ιω

264 211 290 232 et
306 205 431 232 sublimia
448 205 480 232 de
496 204 586 232 divina
602 210 698 234 natura
715 215 795 235 sensa
811 210 976 245 concipiant.
999 216 1045 238 aut

1107 213 1271 248 τιμιώτερον·
1297 214 1343 240 καὶ
1368 213 1453 249 τούτῳ
1476 214 1521 240 τοῦ
1542 212 1608 240 Θεοῦ
1630 213 1678 249 τὴν
1694 213 1790 240 οὐσίαν
1808 221 1884 248 περι-

266 252 288 276 si
309 251 426 276 lmmano
440 250 520 276 modo
531 250 590 278 inme
606 251 671 279 talia
688 254 823 281 testitnare
835 255 927 287 rclmtI
938 261 1048 290 praeter-

267 296 305 321 ito
324 295 469 329 praal'craut
495 296 627 331 l'uturtnu,
653 305 740 333 coqtte
764 299 882 326 divinam
899 302 1047 328 essentiam

267 341 510 371 circumscribunt:
534 344 752 379 quandoquidem
768 346 901 381 quidquid
918 349 1049 382 temporis

266 387 407 422 praeteriit,
436 387 496 423 ipso
520 389 635 416 transitu
652 393 807 418 evanescit:
837 396 864 418 at
881 401 944 420 vero
970 393 1046 426 illud,

267 434 338 468 quod
353 439 537 470 exspectatur,
561 436 618 470 ipsa
635 443 682 470 spe
695 436 830 464 subsistit.

301 480 435 507 Caeterum
448 480 504 508 bare
519 487 646 516 tauquam
659 482 772 509 ridicula
786 483 945 517 etpueritia,
959 483 1050 517 pueris

267 526 295 553 in
318 526 377 553 foro
393 527 585 556 scssitantibus
609 533 634 555 et
653 527 831 556 lusitantibus
850 529 1049 561 convenientia,

267 573 377 607 profero
394 583 399 600 :
417 581 505 608 neqtte
518 574 589 600 enim
603 575 710 601 evenire
725 578 829 609 pottst,
852 574 998 609 quominus
1023 574 1049 600 in

267 619 356 646 lusum
386 620 547 651 resolvatur,
575 619 700 654 quisquis
727 620 838 654 propius
864 625 944 646 sectte
969 619 1050 653 hujus

267 665 409 694 vilitatem.
427 670 453 692 et
467 665 500 692 ad
519 666 629 693 humilia
645 666 825 700 abjcctioncm
846 667 1050 701 introspexerit.

268 710 335 738 Illud
355 711 455 738 addere
472 720 524 738 non
544 713 591 740 abs
607 720 636 739 re
652 713 709 740 l‘ore
724 714 810 741 risum
828 717 880 744 est,
897 720 959 739 cum
975 716 1050 739 acter-

268 756 362 782 nitatis
379 757 453 784 notio
468 757 589 792 utrisque
606 766 637 785 ex
653 759 818 793 supradictis
833 758 1003 790 conﬁciatur,
1018 765 1051 785 ex

267 802 410 837 negatione
435 803 539 830 scilicet
566 804 691 839 principii
712 809 739 832 et
755 804 835 832 ﬁnis:
856 804 879 831 si
903 803 1049 831 essrntiam

268 846 314 874 Dei
330 854 383 874 uno
397 847 635 881 eircutnscribant,
652 849 842 884 semiperfecta
858 849 909 876 erit
927 849 1052 875 essentia:

1100 259 1288 292 γραφέτωσαν.
1329 260 1436 295 Ἐπειδὴ
1463 260 1517 286 πᾶν
1542 259 1572 286 τὸ
1598 259 1731 294 παρελθὸν
1761 259 1813 294 ἤδη
1839 259 1884 284 τοῦ

1100 303 1195 338 χρόνου
1209 306 1241 340 τῇ
1261 305 1370 340 παρόδῳ
1390 306 1616 340 συναφανίζεται·
1636 305 1666 331 τὸ
1680 305 1709 331 δέ
1731 303 1886 340 προσδοκὼ-

1101 357 1180 383 μενον
1192 349 1235 376 διὰ
1249 351 1297 385 τῆς
1309 351 1416 383 ἐλπίδος
1432 351 1480 378 τίην
1497 351 1644 378 ὑπόστασιν
1659 350 1724 385 ἔχει.

1141 480 1221 506 Ἀλλὰ
1241 481 1326 507 ταῦτα
1343 482 1408 516 μὲν,
1425 482 1462 513 ὡς
1485 481 1600 513 παιδίοις
1617 482 1672 513 τοῖς
1696 481 1725 507 ἐν
1741 482 1774 516 τῇ
1801 481 1887 516 ἀγορᾷ

1101 525 1264 561 καθημένοις
1287 527 1332 553 καὶ
1358 527 1481 558 παίζουσι
1508 527 1614 561 γελοῖα,
1641 527 1688 553 καὶ
1717 526 1885 562 παιδαριώδη

1101 572 1245 606 προφέρω·
1265 572 1325 598 οὐδὲ
1354 572 1409 608 γὰρ
1431 572 1488 598 ἔστι
1515 572 1545 598 τὸ
1577 573 1760 608 χαμαιρριφές
1788 581 1818 598 τε
1844 573 1888 598 καὶ

1101 619 1190 652 γήϊνον
1208 617 1262 644 τῶν
1275 618 1323 653 τῆς
1337 618 1468 653 αἱρέσεως
1486 618 1627 653 δογμάτων
1641 617 1886 652 ἐπισκεπτόμενον,

1103 663 1139 698 μὴ
1158 663 1218 698 οὐχὶ
1243 664 1349 695 πάντως
1366 665 1405 695 είς
1426 663 1593 700 μειρακιώδη
1612 664 1668 690 τινὰ
1687 663 1797 690 παιδιὰν
1824 664 1889 689 ὐπο-

1101 708 1241 744 φέρεσθαι.
1269 710 1371 737 Ἐκεῖνο
1392 709 1421 736 δὲ
1448 709 1603 745 προσθεῖναι
1629 709 1667 744 τῷ
1694 709 1768 744 λόγῳ
1797 709 1887 740 καλῶς

1102 755 1172 790 ἔχειν
1190 756 1260 791 φημί
1272 765 1279 772 ·
1294 756 1334 782 ὅτι
1355 757 1404 792 τῆς
1429 757 1474 783 τοῦ
1489 757 1572 783 ἀϊδίου
1594 757 1731 792 σημασίας
1749 757 1782 783 δι’
1801 757 1889 792 ἀμφο-

1101 802 1203 836 τέρων,
1224 802 1295 829 κατὰ
1311 802 1355 829 τὸν
1382 803 1497 838 ρηθέντα
1521 803 1597 837 λόγον
1621 803 1887 838 συμπληρουμένης,

1102 847 1133 874 ἐκ
1157 857 1185 874 τε
1208 849 1258 883 τῆς
1279 849 1380 884 ἀρχῆς,
1404 850 1451 876 καὶ
1477 851 1509 875 ἐκ
1529 849 1578 884 τῆς
1592 850 1638 876 τοῦ
1656 850 1748 880 τέλους
1766 849 1890 885 ἀλλοτρι-

269 892 349 924 ratio,
367 893 465 928 quippe
477 895 502 920 in
521 894 577 921 sola
590 894 717 929 principii
733 895 875 929 negatione
887 894 1050 924 consistens,

1107 892 1208 924 inm;-
1227 894 1250 919 εί
1270 894 1320 928 μὲν
1336 895 1363 920 ἐν
1379 894 1418 929 τῷ
1434 894 1473 920 ἑνὶ
1489 894 1537 930 τὴν
1553 894 1646 920 οὐσίαν
1664 894 1710 920 τοῦ
1727 893 1795 920 Θεοῦ
1813 902 1890 929 ’περι⁴

268 939 380 966 excluso
394 939 426 966 ab
436 941 555 967 essentia
571 940 756 967 interminato.
772 940 800 966 Si
812 945 902 966 autent
919 938 1052 965 ambobus

268 984 423 1018 conjunctis
436 985 561 1012 essentia:
581 986 713 1012 rationem
730 994 762 1013 ex
784 989 899 1020 utroque
922 983 1051 1015 couﬂcnl,

269 1038 366 1058 rursus
380 1030 568 1064 dispiciamus,
578 1038 702 1066 quantam
715 1030 872 1059 absurditas
882 1030 951 1056 hanc
965 1036 1052 1056 asser-

269 1078 370 1103 tionem
382 1080 579 1110 consequatur:
597 1075 747 1102 videbimus
758 1074 830 1102 euim
845 1075 916 1107 illos,
933 1074 1051 1108 nnujam

268 1122 356 1149 solum
365 1129 426 1149 cum
439 1121 576 1156 unigenito
585 1120 663 1152 Filio,
672 1120 719 1148 sed
727 1121 806 1147 ctiam
818 1128 909 1147 secum
924 1127 1052 1154 pugnare,

268 1167 340 1202 quod
371 1167 482 1202 planum
504 1171 683 1202 apertumque
701 1170 753 1197 est,
782 1174 868 1200 neque
888 1166 972 1192 multa
992 1173 1053 1200 pro~

269 1213 377 1240 batioue
402 1220 494 1248 egens.
519 1212 584 1239 Nam
615 1213 684 1240 ratio
707 1213 834 1247 ptiucipii
858 1217 882 1239 et
912 1213 973 1239 linis
1000 1211 1051 1239 sibi

269 1264 363 1286 unttuo
375 1263 560 1294 opponuntur,
575 1263 601 1286 et
615 1259 751 1286 diversum
763 1264 804 1286 cst
817 1258 960 1293 utriusque
972 1258 1053 1293 signi-

270 1306 390 1338 ﬁcatum,
417 1305 646 1339 quemadmodum
669 1305 750 1332 etiam
774 1305 800 1331 in
823 1306 894 1336 aliis,
921 1312 981 1339 qua
1006 1312 1053 1339 per

269 1353 431 1378 diametrum
448 1351 499 1378 sibi
517 1357 678 1386 repugnant.
694 1351 763 1377 inter
777 1358 837 1385 «line
851 1350 970 1376 medium
993 1350 1054 1376 nul-

270 1399 325 1426 lum
353 1398 507 1426 intercedit.
525 1397 548 1424 Is
572 1397 644 1424 enim
669 1404 684 1423 a
708 1405 761 1431 qtto
783 1397 909 1432 principii
932 1397 1054 1423 deﬁnitio

266 1444 398 1480 exigitur,
417 1451 470 1470 non
487 1443 581 1478 utique
603 1443 665 1469 ﬁnis
681 1443 865 1470 deﬁnitionem
892 1443 1053 1477 assignabit,

270 1491 317 1518 sed
331 1489 495 1517 contrariam
511 1489 622 1516 omnino
643 1489 774 1515 rationem
793 1489 928 1523 principio
943 1496 1054 1523 compe-

271 1541 384 1568 tentem,
409 1539 435 1562 et
458 1535 502 1561 ﬁni
527 1534 677 1570 oppositam
704 1533 831 1569 proferet.
847 1533 931 1568 igitur
953 1539 979 1560 et
995 1541 1054 1568 quae

270 1583 382 1611 cuilibet
400 1583 496 1609 horum
514 1583 639 1616 opposita
657 1585 731 1613 sunt,
749 1588 797 1615 pro
811 1581 890 1607 modo
907 1581 1054 1615 oppositio-

270 1631 314 1658 nis
331 1637 346 1657 a
363 1637 392 1657 se
409 1629 524 1656 invicem
544 1628 703 1656 distabunt:
731 1632 758 1654 et
775 1627 847 1654 aliud
862 1627 913 1654 erit
930 1627 1055 1662 principii

271 1682 408 1711 expertem
424 1683 495 1707 esse,
510 1675 664 1710 oppositum
681 1674 730 1705 illi,
749 1673 821 1709 quod
842 1673 976 1709 principio
992 1675 1057 1701 stib-

270 1722 362 1756 jacct:
383 1720 457 1748 aliud
473 1728 536 1747 vero
550 1720 765 1752 interminatum,
786 1719 858 1754 quod
884 1720 1055 1754 negationem

272 1766 334 1794 linis
356 1764 499 1800 signiﬁcat.
519 1763 547 1791 Si
573 1764 656 1799 igitur
674 1764 730 1791 duo
753 1764 816 1796 ista,
842 1764 982 1799 principii.
1016 1764 1057 1791 in-

271 1818 365 1847 quam,
387 1815 523 1845 expertem
537 1817 608 1840 esse.
624 1811 652 1836 et
667 1808 784 1836 termino
804 1815 907 1842 carere,
931 1808 1058 1835 essentia:

272 1857 370 1885 divina:
386 1855 556 1887 Adscribant,
571 1855 655 1882 Deum
670 1862 704 1882 ex
717 1853 824 1881 duobus
839 1854 1057 1889 repugnantibus

272 1908 299 1931 et
314 1903 365 1931 sibi
389 1901 511 1930 dissonis
533 1901 616 1928 rebus
637 1901 883 1935 coagmentaliunt:
910 1907 972 1927 nam
996 1899 1058 1927 ﬁnis

272 1954 298 1977 et
315 1948 443 1984 principii
458 1939 665 1983 repugnantiam
679 1947 738 1981 ipsa
750 1946 948 1981 notio‘utrique
960 1946 1057 1973 borum

274 1995 356 2021 'rusita
369 2001 416 2029 per
431 2001 461 2021 se
476 1992 650 2020 manifestat:
666 1999 727 2027 quae
740 1991 813 2019 enim
829 1991 962 2026 oppositis
974 1998 1058 2026 oppo-

274 2041 326 2068 sita
345 2043 419 2071 sunt,
437 2039 519 2067 etiam
537 2038 608 2065 inter
622 2045 652 2065 se
665 2038 790 2072 opposita
810 2041 884 2065 sunt.
902 2035 1001 2063 Verum
1017 2040 1059 2063 est

274 2089 363 2112 autem
379 2085 463 2112 illud:
487 2085 588 2115 omnia,
603 2090 663 2118 quat
681 2083 831 2110 Secundum
856 2086 983 2109 naturam
1006 2081 1058 2109 sibi

275 2136 369 2158 mutuo
390 2129 598 2157 adversantibus
624 2129 815 2160 adversantur.
846 2134 889 2156 ea’
901 2128 982 2156 etiam
1006 2128 1059 2155 sibi

275 2182 370 2204 mutuo
381 2175 529 2206 adversari,
544 2179 572 2201 ut
583 2174 768 2209 exemplorum
783 2175 952 2209 inspectione
964 2175 1058 2210 liquet.

276 2221 332 2257 lgni
350 2229 421 2256 aqua
436 2220 607 2248 adversatur.
629 2219 714 2255 Igitur
731 2221 812 2248 etiam
828 2219 981 2254 facultates,
998 2221 1059 2256 qui-

276 2268 326 2294 bus
335 2275 364 2295 se
373 2267 488 2294 invicem
501 2266 671 2298 interimunt,
688 2267 830 2294 contrariae
843 2267 913 2294 inter
921 2275 951 2295 se
963 2272 1058 2295 erunt:

275 2321 339 2340 nam
356 2313 378 2340 si
404 2313 493 2347 ignem
518 2312 667 2347 exstinguit
682 2312 797 2346 ,bumor,
812 2320 910 2347 aquam
934 2317 1024 2340 autem
1045 2321 1060 2340 e

277 2358 367 2386 medio
384 2358 451 2384 tollit
468 2356 591 2390 siccitas,
607 2358 813 2393 repugnantiam
824 2366 901 2392 aqua:
916 2366 978 2385 cum
987 2359 1058 2393 igne,

278 2405 368 2432 insita:
381 2403 476 2431 itidem
493 2403 638 2439 qualitates
655 2405 682 2431 in
703 2405 802 2440 seipsis
818 2406 947 2437 retinent,
969 2410 998 2432 ut
1015 2413 1061 2432 ne-

278 2454 356 2477 cesse
373 2450 407 2477 sit
423 2450 548 2477 conﬁteri
562 2451 677 2478 siccitati
696 2451 886 2478 humiditatem
907 2451 1059 2478 adversari.

278 2496 317 2523 Ita
333 2503 398 2530 ergo
413 2503 474 2524 cum
488 2497 651 2532 principiqu
671 2502 698 2525 et
714 2498 775 2524 ﬁuis
788 2501 971 2532 opponantur,
982 2505 1062 2532 opor-

279 2545 318 2569 tet
339 2546 368 2569 ut
383 2546 409 2569 et
426 2543 537 2569 nomina
552 2543 700 2570 secundum
717 2550 830 2570 sensum
847 2543 897 2570 sibi
914 2545 1062 2571 adversen-

279 2593 334 2621 tur,
351 2589 487 2624 principii,
503 2589 625 2623 inquam,
652 2593 679 2615 et
702 2588 764 2615 ﬁnis
780 2589 898 2623 negatio.
922 2588 951 2616 Si
980 2589 1063 2624 igitur

280 2634 396 2661 alterum
423 2635 520 2661 borum
545 2634 677 2660 duntaxat
704 2634 850 2661 essentiam
875 2634 1064 2663 demonstrare

280 2682 458 2712 contendunt,
476 2685 614 2706 resumam
637 2678 719 2711 eniml
750 2679 820 2713 quod
852 2683 931 2706 antea
960 2680 1063 2707 dictum

280 2730 332 2757 est,
349 2724 522 2752 dimidiatum
536 2723 672 2758 quoddam
684 2731 746 2751 esse
760 2724 814 2751 Deo
828 2725 990 2755 attribuent.
1003 2727 1063 2753 sola

281 2769 409 2803 principii
429 2768 573 2803 negatione
590 2769 738 2796 essentiam
758 2770 818 2805 ejus
833 2771 1065 2798 circumscriben—

280 2819 336 2846 tcs,
351 2817 384 2840 ad
398 2814 459 2842 ilnis
473 2818 563 2842 autem
591 2815 763 2850 negationem
783 2824 954 2851 nequaquam
971 2822 1066 2845 cxten-

280 2859 396 2894 dentes;
413 2860 434 2887 si
452 2867 515 2887 vero
532 2865 677 2896 utrumque
694 2861 726 2888 ad
744 2861 877 2890 rati‘onciu
902 2862 999 2890 divinte
1020 2871 1064 2892 cs-

1103 937 1232 972 γράφοιεν
1242 959 1249 971 ,
1266 938 1396 974 ἡμιτελὴς
1411 939 1503 971 αὑτοῖς
1513 959 1520 972 ,
1538 940 1584 966 καὶ
1603 941 1737 975 ἡμίτομος
1749 940 1762 966 ὁ
1779 942 1830 976 τῆς
1845 941 1890 966 οὑ-

1105 983 1164 1014 σίας
1179 983 1255 1018 λόγος
1278 985 1493 1020 ἀναφανήσεται,
1509 986 1537 1011 ἐν
1553 986 1625 1020 μόνῳ
1638 985 1677 1020 τῷ
1691 986 1802 1021 ἁνάρχῳ
1816 985 1891 1013 νοού-

1105 1037 1197 1062 μενοςδ
1219 1029 1250 1055 τὸ
1264 1029 1291 1056 δέ
1317 1030 1492 1066 ἀτελεύτητον
1508 1032 1537 1056 ἐν
1553 1030 1642 1066 ἐαυτῷ
1656 1031 1715 1057 κατ’
1733 1031 1830 1058 οὐσίαν
1855 1031 1891 1066 μὴ

1106 1075 1282 1110 κεκτημένος.
1296 1076 1327 1102 Εἰ
1340 1076 1367 1102 δὲ
1378 1077 1519 1112 ἀμφότερα
1532 1075 1671 1108 συνθέντες
1682 1078 1727 1103 τὸν
1737 1077 1787 1112 τῆς
1798 1077 1891 1108 οὑσεας

1103 1121 1181 1155 λόγον
1200 1122 1233 1148 δι’
1258 1122 1395 1158 ἑκατέρων
1419 1122 1664 1158 συναπαρτίσουσι,
1683 1123 1764 1149 πάλιν
1789 1125 1892 1158 σκοπή-

1105 1175 1195 1202 σωμεν
1218 1167 1267 1203 τὴν
1294 1166 1571 1204 συναναδεικνυμένην
1597 1169 1710 1196 ἀτοπίαν
1737 1168 1776 1203 τῷ
1802 1168 1891 1203 Mm)-

1103 1212 1280 1249 εὑρεθήσεται
1303 1214 1357 1249 γὰρ
1384 1215 1474 1246 αὐτοῖς
1496 1214 1589 1241 οὐκέτι
1604 1214 1670 1250 πρὸς
1685 1214 1730 1240 τὸν
1751 1214 1893 1249 Μονογενῆ

1105 1259 1194 1294 μόνον,
1211 1260 1279 1286 ἀλλὰ
1295 1261 1342 1287 καὶ
1354 1261 1421 1296 πρὸς
1437 1261 1532 1287 ἑαυτὸν
1545 1260 1692 1296 ἀλλοτρίως
1702 1260 1772 1296 ἔχων
1783 1269 1790 1276 ’
1806 1260 1894 1296 σαφὴς

1104 1305 1131 1331 δὲ
1147 1306 1162 1331 ὁ
1171 1305 1256 1339 λόγος,
1271 1305 1318 1332 καὶ
1333 1305 1393 1332 οὐδὲ
1406 1305 1506 1339 πολλῆς
1519 1305 1568 1340 τῆς
1580 1305 1741 1337 ἐπιστασίας
1753 1305 1893 1340 δεόμενος.

1109 1351 1139 1378 ’0
1153 1352 1207 1387 γὰρ
1222 1353 1270 1386 τῆς
1281 1351 1378 1387 ἀρχῆς.
1394 1351 1441 1378 καὶ
1453 1352 1466 1378 ὁ
1477 1351 1523 1378 τοῦ
1536 1352 1628 1384 τέλους
1650 1351 1728 1386 λόγος
1738 1372 1745 1384 ,
1764 1352 1895 1383 ἐναντίως

1102 1397 1232 1432 ⁶ἑκάτερος
1243 1397 1310 1432 πρὸς
1326 1397 1370 1424 τὸν
1383 1397 1475 1433 ἕτερον
1491 1396 1561 1432 ἔχει·
1577 1398 1624 1424 καὶ
1639 1397 1768 1434 διάφορον
1779 1397 1823 1423 ἐπ’
1839 1398 1892 1432 ἁμ-

1105 1443 1224 1478 φοτέρων
1241 1442 1271 1469 τὸ
1288 1443 1499 1478 σημαινόμενον·
1520 1442 1614 1478 ὥσπερ
1639 1443 1686 1470 καὶ
1701 1443 1748 1470 ἐπὶ
1766 1443 1822 1470 τῶν
1841 1443 1897 1469 λοι-

1105 1489 1164 1515 πῶν
1189 1489 1241 1515 τῶν
1266 1489 1335 1516 κατὰ
1359 1489 1504 1524 διάμετρον
1528 1489 1652 1522 ἀλλήλοις
1678 1489 1894 1524 ἀντικειμένωνδ

1105 1531 1145 1566 οἷς
1167 1535 1242 1561 οὐδὲν
1256 1535 1352 1561 ὕπεστι
1373 1536 1464 1570 μέσον.
1494 1534 1524 1562 Ὀ
1539 1534 1593 1571 γὰρ
1606 1535 1756 1570 ἐρωτηθεὶς
1769 1535 1816 1561 τὸν
1831 1536 1898 1570 περὶ

1105 1581 1155 1616 τῆς
1181 1582 1268 1616 ἀρχῆς
1287 1581 1381 1615 λόγον,
1402 1582 1434 1608 οὑ
1454 1580 1499 1607 τὸν
1516 1581 1596 1607 αὑτὸν
1615 1581 1750 1607 ἀποδώσει
1774 1580 1816 1616 τῷ
1833 1582 1898 1615 περὶ

1105 1626 1152 1652 τοῦ
1167 1626 1258 1657 τέλους
1273 1626 1328 1661 ὅρῳ
1338 1635 1345 1642 '
1361 1625 1417 1652 ἀλλ’
1435 1625 1482 1652 ἐπὶ
1495 1618 1658 1652 ἰδ-ἐναντίον
1670 1625 1769 1660 ἐκείνῳ
1783 1625 1898 1660 προάξει

1105 1672 1150 1698 τὸν
1163 1671 1315 1706 ὡρισμένον
1330 1672 1377 1706 τῆς
1392 1671 1477 1706 ἀρχῆς
1492 1670 1579 1704 λόγον.
1598 1669 1701 1697 Οὑκοῦν
1722 1671 1771 1696 καὶ
1785 1670 1820 1696 τὰ
1834 1670 1900 1696 ἐκα-

1106 1717 1178 1753 τέρῳ
1193 1717 1294 1744 τούτων
1313 1717 1502 1752 ἀντικείμενα,
1519 1715 1589 1743 κατὰ
1605 1715 1635 1742 τὸ
1648 1713 1705 1742 ἴσον
1728 1715 1830 1750 μέτρον
1847 1715 1898 1750 τῆς

1107 1763 1283 1795 ἀντιθέσεως,
1308 1763 1355 1790 καὶ
1378 1763 1424 1789 ἀπ’
1453 1762 1574 1798 ἀλλήλων
1598 1762 1818 1798 διενεχθῆσεται·
1851 1762 1900 1788 καὶ

1107 1808 1171 1835 ἄλλο
1188 1817 1214 1834 τι
1229 1808 1458 1843 ὁμολογηῦήσεται
1481 1804 1550 1834 εἶναι
1570 1808 1599 1834 τὸ
1617 1807 1745 1842 ἄναρχον,
1765 1807 1836 1842 ὅπερ
1851 1808 1900 1833 ἁν-

1107 1855 1221 1881 τίκειται
1234 1854 1272 1889 τῷ
1289 1854 1341 1880 ὑπὸ
1355 1854 1403 1889 τῆς
1416 1854 1501 1890 ἀρχῆς
1515 1854 1669 1888 δηλουμένῳ
1682 1861 1688 1868 ·
1705 1853 1770 1880 ἄλλο
1784 1853 1814 1879 δέ
1828 1861 1854 1878 τι
1871 1853 1901 1879 τὸ

1107 1899 1294 1935 ἀτελεύτητον,
1309 1899 1377 1935 ὅπερ
1396 1899 1566 1934 ἀναιρετικὸν
1583 1898 1630 1925 τοῦ
1646 1897 1739 1928 τέλους
1756 1897 1842 1924 ἐστίν.
1868 1897 1901 1923 Εἰ

1108 1943 1153 1972 οὖν
1167 1944 1252 1971 ταῦτα
1269 1944 1302 1971 τὰ
1319 1944 1364 1970 δύο
1384 1945 1423 1975 εἰς
1441 1943 1490 1979 τὴν
1507 1943 1599 1970 οὐσίαν
1614 1942 1660 1969 τοῦ
1677 1942 1745 1969 Θεοῦ
1768 1943 1900 1977 φέροντες

1108 1991 1289 2026 ἀναθήσουσι,
1306 1990 1335 2016 τὸ
1351 1989 1527 2024 ἀτελεύτητόν
1555 1998 1624 2024 φημι
1643 1989 1689 2015 καὶ
1711 1988 1741 2014 τὺ
1762 1988 1899 2023 ἄναρχον,

1108 2036 1154 2063 δύο
1172 2036 1251 2063 τινῶν
1275 2036 1404 2063 ἐναντίων
1431 2036 1477 2062 καὶ
1491 2035 1664 2071 ἀσυμφώνων
1679 2035 1835 2070 συνδρομὴν
1852 2035 1900 2060 τὸν

1109 2083 1174 2109 Θεὸν
1188 2082 1290 2109 ἑαυτῶν
1308 2082 1487 2115 ἀποδείξουσι.
1511 2082 1565 2118 Τὴν
1582 2082 1636 2117 γὰρ
1651 2081 1696 2108 τοῦ
1717 2083 1808 2114 τέλους
1832 2082 1903 2118 πρὶς

1109 2129 1158 2164 τὴν
1175 2128 1262 2164 ἀρχὴν
1278 2128 1448 2160 ἐναντίωσιν,
1468 2129 1485 2163 ἡ
1510 2128 1633 2163 ἐκατέρῳ
1653 2127 1758 2154 τούτων
1778 2128 1901 2154 ἀντικει-

1111 2176 1178 2211 μένη
1203 2175 1306 2202 διάνοια
1324 2176 1371 2202 καὶ
1393 2175 1435 2210 ἐφ’
1453 2174 1552 2209 ἐαυτῆς
1567 2174 1758 2201 ἐπιδείκνυται.
1788 2174 1830 2200 Τὰ
1846 2174 1902 2210 γὰρ

1110 2223 1166 2253 τοῖς
1192 2222 1388 2257 ἀντικειμένοις
1413 2221 1539 2255 ἐναντία,
1570 2222 1615 2247 καὶ
1638 2220 1762 2255 ἀλλήλοις
1790 2221 1903 2247 ἐναντία

1113 2268 1219 2300 πάντως
1231 2269 1313 2294 ἐστίν.
1323 2267 1436 2303 Ἀληθὴς
1452 2267 1480 2294 δὲ
1492 2269 1505 2294 ὸ
1517 2267 1604 2302 λόγος,
1614 2268 1657 2294 ὅτι
1669 2268 1768 2299 πάντα,
1781 2268 1831 2294 ὅσα
1844 2270 1903 2298 τοῖς

1111 2314 1238 2346 ἐναντίως
1262 2314 1352 2349 έχουσι
1380 2314 1450 2341 κατὰ
1474 2313 1522 2350 τὴν
1556 2314 1636 2348 φύσιν
1658 2315 1903 2342 ἀντικαθίστατκ.

1111 2360 1196 2386 ταῦτα
1213 2361 1260 2387 καὶ
1275 2360 1342 2396 πρὸς
1355 2360 1456 2395 ἄλληλα
1471 2361 1501 2387 τὸ
1513 2360 1633 2386 ἐναντίον
1647 2361 1717 2396 ἔχει·
1733 2361 1772 2392 ὡς
1787 2361 1834 2387 ἐπὶ
1847 2361 1904 2387 τῶν

1112 2405 1317 2441 ὑποδειγμάτων
1344 2405 1417 2432 ἐστιν
1442 2406 1514 2432 ίδεῖν.
1538 2406 1582 2441 Τῷ
1603 2406 1669 2442 πυρὶ
1685 2406 1715 2432 τὸ
1729 2406 1803 2441 ὕδωρ
1823 2407 1906 2433 ἀνθέ-

1113 2459 1221 2485 στηκεν.
1236 2449 1339 2477 Οὐκοῦν
1353 2451 1400 2477 καὶ
1417 2451 1445 2476 αἱ
1460 2451 1628 2486 ἀναιρετικαὶ
1643 2450 1744 2477 τούτων
1761 2451 1904 2486 δυνάμεις,

1113 2495 1240 2531 ἀλλήλαις
1255 2495 1468 2523 ἐναντιώσονται.
1491 2497 1522 2523 Εἰ
1537 2496 1590 2532 γὰρ
1608 2496 1737 2532 σϐεστικὴ
1753 2496 1801 2523 τοῦ
1818 2497 1907 2532 πυρός

1114 2543 1186 2568 ἐστιν
1209 2542 1225 2577 ἠ
1245 2542 1378 2577 ὑγρότης·
1398 2542 1554 2577 ἀναιρετικὴ
1570 2542 1606 2577 δε,
1621 2542 1666 2569 τοῦ
1684 2542 1781 2574 ὕδατός
1800 2544 1875 2570 ἐστιν
1890 2544 1907 2577 ή

1115 2590 1245 2626 ξηρότης,
1260 2590 1308 2626 τὴν
1323 2589 1370 2616 τοῦ
1392 2590 1487 2622 ὓδατος
1510 2590 1578 2625 πρὸς
1601 2590 1632 2617 τὸ
1653 2589 1710 2626 πῦρ
1726 2591 1908 2622 ἐναντίωσιν,

1115 2636 1162 2662 καὶ
1176 2637 1204 2662 αί
1223 2636 1406 2671 ἁντικείμεναι
1425 2636 1529 2668 τούτοις
1552 2637 1707 2671 ποιότητες,
1722 2637 1771 2663 καὶ
1785 2637 1828 2671 ἐφ’
1845 2637 1911 2663 ἐαυ-

1114 2682 1168 2708 τῶν
1180 2682 1358 2714 διεσώσαντο,
1374 2682 1410 2714 ὡς
1431 2682 1559 2714 ἐναντίως
1576 2683 1646 2717 ἔχειν
1661 2683 1855 2717 ὁμολογεῖσθαι
1871 2682 1911 2715 τῷ

1116 2728 1189 2764 ξηρῴ
1208 2728 1256 2763 τὴν
1273 2729 1419 2763 ὑγρότητα.
1437 2729 1530 2761 Οὕτως
1547 2727 1592 2755 οὖν
1608 2729 1654 2756 καὶ
1671 2730 1720 2765 τῆς
1737 2730 1844 2765 ἀρχῆς,
1861 2730 1911 2756 καὶ

1115 2773 1161 2799 τοῦ
1177 2773 1268 2804 τέλους
1290 2773 1455 2805 ὑπεναντίως
1470 2773 1657 2809 διακειμένων,
1677 2774 1711 2801 τὰ
1729 2775 1912 2810 ἀντικείμεθια

1115 2817 1219 2849 τούτοις
1232 2818 1350 2853 ὀνόματα
1364 2820 1410 2845 καὶ
1426 2819 1550 2854 αλλήλοις
1575 2819 1690 2855 μάχεται
1707 2820 1780 2847 κατὰ
1804 2820 1851 2856 τὴν
1865 2820 1912 2846 ἐν-

1116 2872 1206 2896 νοιαν,
1230 2863 1260 2890 τὸ
1288 2863 1404 2898 ἄναρχον
1431 2863 1502 2898 λέγω
1525 2864 1570 2890 καὶ
1597 2865 1627 2890 τὺ
1653 2864 1843 2901 ἀτελεύτητον.
1878 2865 1911 2890 Ei
