1957 3079
69 166 111 195 461

601 167 739 195 CONTRA
759 166 955 198 EUNUMIUM,
982 166 1045 193 Lit}.
1064 167 1084 192 l.

1633 164 1685 192 462

71 226 151 254 τοίνυν
164 226 193 253 τὸ
205 225 297 261 ἕτερον
313 226 412 253 τούτων
429 226 507 261 μόνον
520 227 568 262 τῆς
579 228 672 258 οὐσίας
687 226 849 254 ἐνδεικτικὸν

921 225 996 252 ειιιίςε
1011 224 1139 256 referant,
1158 225 1223 252 nihil
1241 224 1315 252 aliud
1332 224 1457 257 efficient,
1485 227 1565 258 Quam
1581 227 1608 251 ut
1624 231 1683 250 eam

42 286 47 293 ι
72 270 135 298 εἶναι
155 271 306 304 ὁρίζονταιθ
325 272 405 300 πάλιν
420 272 474 306 γὰρ
488 272 533 299 τὸν
551 272 630 299 αὐτὸν
645 272 850 307 ἐπαναλήψομαι

71 315 155 350 λόγον·
170 315 201 348 ἐξ
211 317 339 351 ἡμισείας
355 320 644 352 προσμαρτυρὴσουσιν
657 316 728 343 οὕτω
740 316 778 352 τῷ
791 317 850 351 Θεῷ

72 360 98 386 τὺ
110 358 185 392 εἶναι,
199 361 226 387 ὲν
239 361 311 396 μόνῳ
327 361 364 396 τῷ
378 362 487 396 ἀνάρχῳ
500 362 717 397 περιγράτεσθαι
728 361 850 395 λέγοντες

72 406 146 433 αὑτοῦ
168 406 218 438 τὴν
235 407 328 433 οὐσίαν
344 427 351 438 ,
369 407 436 441 πρὸς
460 407 487 433 δὲ
508 406 537 433 τὸ
553 407 728 441 ἀτελεύτητον
761 406 850 432 οὐκέτι

72 452 241 483 ἐκτείνοντες.
256 453 286 478 Εἰ
301 452 329 478 δὲ
342 452 484 487 ἀμφότερα
494 453 533 483 εἰς
549 452 593 478 τὸν
607 452 656 486 τῆς
669 452 761 483 οὐσίας
773 451 850 483 λόγον

72 497 193 532 φέροντες
217 498 508 533 καταθήσουσιν,οὺδὲν
520 498 613 533 ἕτερον
623 517 630 528 ,
648 498 664 532 ἢ
678 498 706 530 ἐξ
724 497 850 524 ἐναντίων

901 279 933 298 ex
957 271 1170 306 repugnantibus
1192 271 1275 298 modo
1292 278 1374 306 supra
1389 270 1512 305 exposito
1541 269 1681 299 coalitam,

901 321 928 343 et
948 317 983 343 ob
998 318 1217 352 repugnantiam,
1229 325 1289 352 qua:
1302 322 1344 344 est
1356 317 1425 344 inter
1443 315 1569 351 principii
1588 315 1683 342 etfinis

903 364 1088 398 negationem,
1104 366 1165 399 ipso
1180 365 1355 392 interminato
1370 369 1397 391 et
1418 363 1543 398 principii
1560 366 1684 397 experte,

902 409 1052 435 secundum
1085 410 1276 444 substantiam,
1309 409 1451 436 discissam
1478 416 1550 441 esse,
1584 408 1688 443 patefa~

901 453 986 480 ciant.
999 454 1058 487 Quo
1073 455 1101 481 fit
1112 459 1140 482 ut
1153 455 1224 483 Deus
1245 455 1353 482 illorum
1370 455 1406 482 sit
1419 462 1462 482 res
1476 454 1599 489 quaedam
1613 455 1687 481 varia

901 503 927 526 et
941 507 974 526 ex
991 501 1175 536 pugnantibus
1189 502 1271 528 rebus
1289 500 1451 534 composita.

71 543 150 578 αυτὴν
163 544 322 577 συγκεῖσθαι
363 543 565 578 ἀποφανοῦνται
592 544 662 571 κατὰ
676 544 720 570 τὸν
736 544 852 579 ρηθέντα
870 543 983 578 τρόπον,
1009 549 1041 583 τῇ
1064 548 1134 574 κατὰ
1151 548 1180 574 τὸ
1205 548 1296 579 τέλος,
1323 546 1389 582 πρὸς
1412 545 1461 580 τὴν
1493 545 1578 580 ἀργὴν
1612 546 1688 571 ἐναν-

72 600 158 617 τιωσει
172 600 211 625 τῳ
230 591 408 626 ἀτελευτήτῳ,
422 591 469 617 καὶ
483 592 592 627 ἀνάρχῳ
607 591 667 618 κατ’
686 591 779 617 οὐσίαν
795 590 1010 628 διασχιζομένην.
1029 596 1083 621 Καὶ
1094 595 1180 626 οὕτως
1193 573 1351 630 εὑρίσκεταί
1376 593 1464 620 αὐτῶν
1490 593 1503 618 ὁ
1535 592 1599 623 Θεὸς
1630 601 1688 618 ποι-

72 639 139 665 κίλον
151 648 177 664 τι
190 639 282 674 χρῆμα
297 639 343 664 καὶ
357 639 491 670 σύνθετον,
503 639 532 670 ἐξ
544 639 738 674 ἀντικειμένων
750 638 828 665 τινῶν
849 643 1111 677 συγκεκροτημένος.

110 685 176 711 Ἀλλ’
192 684 356 714 οὖτείνέστιν.
376 685 436 711 οὔτε
452 685 488 719 μὴ
505 685 616 720 γένηται
632 685 718 720 δόγμα
734 684 852 710 τοιοῦτον

72 731 99 756 ὲν
119 730 264 765 Ἐκκλησία
277 730 343 756 Θεοῦ
354 739 360 745 ·
374 730 440 756 ὥστε
467 730 512 757 τὸν
528 731 639 762 ἁπλοῦν,
652 731 698 756 καὶ
711 729 853 756 ἀσύνθετον

75 775 109 810 μὴ
123 775 201 810 μόνον
221 776 359 810 πολυειδῆ.
375 776 421 802 καὶ
439 776 568 807 ποικίλον,
583 776 650 802 ἀλλὰ
669 776 716 802 καὶ
733 775 762 808 ἐξ
777 776 852 801 ἐναν-

73 821 134 847 τίων
147 821 325 856 συγκείμενον
337 821 545 855 ἀποφαίνεσθαι.
563 822 594 848 Ἦ
608 822 659 856 γὰρ
672 821 790 855 ἁπλότης
802 821 855 847 τῶν

74 867 120 912 τῆς
135 866 262 912 ἀληθείας
284 867 436 901 δογμάτων,
455 867 500 893 τὸν
525 867 590 893 Θεὸν
611 868 677 902 ὅπερ
698 867 771 893 ἐστὶν
789 867 854 892 ὑπο·
873 886 893 912 Β

74 911 191 937 τίθεται’
209 911 270 938 οὔτε
298 913 418 946 ὀνόματι.
441 912 502 939 οὔτε
526 913 696 948 διανοήματι,
720 912 781 938 οὔτε
805 911 882 938 τινὶῖ

74 956 138 991 ἄλλῃ
151 957 339 992 καταληπτικῇ
359 959 464 993 ἐπινοίᾳ
478 958 677 993 περιληφθῆναι
692 958 840 993 δυνάμενον
851 965 857 972 ’

75 1002 103 1028 οὗ
116 1004 194 1037 μόνον
208 1002 392 1038 ἀνθρωπίνης,
406 1003 474 1029 ἀλλὰ
484 1003 530 1030 καὶ
544 1003 701 1039 ἀγγελικῆς,
712 1004 758 1030 καὶ
771 1003 859 1038 πάσης

77 1049 258 1083 ὑπερκοσμίου
273 1048 449 1083 καταλήψεως
460 1049 625 1084 ὑψηλότερον
637 1049 760 1084 μένοντα,
773 1048 861 1084 ἄφρα-

77 1094 137 1120 στόν
152 1102 181 1120 τε
201 1094 249 1119 καὶ
264 1093 462 1129 ἀνεκψώνητον,
477 1095 524 1121 καὶ
542 1095 631 1129 πάσης
653 1095 702 1129 τῆς
718 1095 761 1121 διὰ
775 1094 860 1129 λόγων

78 1140 213 1175 σημασίας
236 1139 380 1174 ἀνώτερον,
397 1140 426 1166 ἓν
450 1140 534 1176 ὄνομα
553 1141 702 1175 γνωττικὸν
722 1143 771 1176 τῆς
795 1141 861 1173 ἰδίας

77 1186 172 1220 ἔχοντα
185 1185 302 1219 φύσεως,
313 1186 343 1211 τὸ
358 1186 435 1220 μόνον
448 1186 528 1212 αὑτὸν
542 1186 611 1220 ὑπὲρ
623 1186 676 1212 πᾶν
687 1183 755 1212 εἶναι
766 1186 859 1220 ὄνομα·

78 1232 92 1258 ὃ
104 1231 136 1266 δὴ
151 1232 198 1258 καὶ
209 1230 248 1265 τῷ
264 1231 411 1265 Μονογενεῖ
427 1231 595 1266 κεχάρισται,
612 1231 655 1257 διὰ
669 1231 698 1257 τὸ
712 1232 799 1257 πάντα
814 1231 862 1257 ὅσα

79 1276 134 1311 ἔχει
151 1278 164 1303 ὁ
180 1277 286 1312 Πατὴρ,
302 1276 348 1303 καὶ
362 1277 409 1302 τοῦ
423 1276 488 1302 Υίοῦ
505 1275 572 1303 εἶναι
583 1285 590 1291 ·
607 1278 656 1312 τῆς
674 1278 700 1304 δὲ
717 1277 863 1312 ἀῖδιότητος

80 1321 173 1352 αὐτοῦ,
192 1322 251 1356 οὐχὶ
271 1321 321 1355 τῆς
338 1322 430 1354 οὐσίας
450 1322 613 1353 ὲνδεικτικὰς
627 1321 695 1350 εἶναι
710 1323 758 1354 τὰς
775 1322 863 1357 φωνὰς

80 1368 179 1398 ταύτας
190 1368 315 1402 ὁμολογεῖ
325 1369 374 1402 τῆς
384 1368 523 1399 εὐσεϐείας
533 1370 546 1395 ὁ
560 1368 637 1403 λόγος
647 1377 653 1383 ⁸
665 1369 713 1403 τήν
726 1377 755 1394 τε
779 1367 865 1402 ἀγέν-

80 1413 171 1446 νητόν
192 1422 262 1448 φημι
284 1413 330 1440 καὶ
355 1413 403 1449 τὴν
431 1413 637 1447 ἀτελεύτητον.
672 1413 717 1444 Ὠς
742 1412 788 1438 τοῦ
816 1412 865 1448 μὲν

80 1459 239 1493 ἀγεννήτου,
248 1459 278 1484 τὸ
290 1459 423 1494 μηδεμίαν
437 1458 517 1485 αὐτοῦ
530 1459 704 1493 ὑπερκεῖσθαι
717 1459 866 1494 ἀρχὴν,καὶ

81 1504 170 1530 αἰτίαν
184 1503 403 1539 ἐνδεικνυμένου·
418 1503 465 1530 τοῦ
479 1504 507 1530 δὲ
519 1503 697 1539 ἀτελευτήτου
713 1503 743 1530 τὺ
758 1505 798 1535 είς
814 1513 865 1539 μη-

938 687 972 713 Λι
997 697 1084 723 neque
1101 693 1157 721 est,
1180 696 1267 724 neque
1287 688 1426 715 exoriatur
1443 687 1470 713 in
1491 685 1612 713 Ecclesia
1643 685 1689 711 Dei

906 733 968 773 talis
981 734 1104 760 doctrina
1115 755 1122 766 ,
1141 739 1169 761 ut
1183 734 1306 761 dicamus
1316 754 1322 765 ,
1341 732 1493 767 simplicem
1503 751 1510 762 ,
1526 735 1553 758 et
1568 731 1602 757 ab
1617 731 1690 760 omni

906 780 1104 813 compositione
1129 780 1291 812 immunem,
1314 786 1367 805 non
1393 777 1473 804 modo
1497 776 1690 805 multiformem

906 829 933 851 et
949 825 1069 856 varium,
1089 825 1136 852 sed
1157 825 1237 852 etiam
1256 832 1287 851 ex
1311 824 1393 850 rebus
1417 822 1604 858 pugnantibus
1625 828 1693 847 con-

908 869 1001 896 flatum
1015 877 1075 897 esse
1088 879 1094 896 :
1110 877 1171 897 nam
1187 870 1284 897 divinre
1300 869 1420 896 veritatis
1433 867 1594 902 simplicitas
1608 865 1691 892 Deum

910 916 951 948 id,
969 917 1042 951 quod
1056 920 1116 948 est,
1133 924 1193 944 esse
1208 916 1288 943 docet
1303 925 1309 942 :
1325 922 1387 942 eum
1403 913 1524 943 scilicet,
1541 911 1587 947 qui
1605 918 1692 944 neque

910 962 1039 994 nomine,
1068 969 1156 996 neque
1181 961 1364 996 cogitatione,
1395 966 1484 993 neque
1509 957 1561 988 alia
1580 954 1694 982 ratione

911 1007 1103 1042 comprehendi
1126 1007 1235 1038 valeat,
1260 1013 1313 1032 non
1336 1005 1424 1032 solum
1449 1003 1583 1032 humana,
1603 1000 1650 1028 sed
1668 1004 1694 1027 et

912 1053 1032 1088 angelica
1043 1073 1049 1085 ,
1066 1056 1122 1080 tota
1148 1053 1194 1079 illa
1210 1058 1294 1086 supra
1309 1050 1440 1078 mundum
1457 1052 1549 1076 evecta
1566 1047 1694 1074 facultate

911 1099 1134 1131 eminentiorem,
1152 1094 1340 1130 ineffabilem,
1363 1100 1390 1123 et
1415 1093 1642 1124 inenarrabilem,
1667 1095 1694 1116 rt

912 1144 1002 1177 omni,
1021 1151 1081 1178 quae
1104 1143 1194 1171 verbis
1217 1142 1356 1178 perficitur
1378 1139 1580 1176 signiﬁcatione
1605 1137 1696 1165 excel-

913 1191 1034 1218 siorem:
1058 1191 1104 1224 qui
1127 1197 1211 1216 unum
1236 1195 1353 1218 nomen.
1379 1194 1429 1214 ceu
1453 1185 1570 1220 propria:
1592 1186 1697 1210 natura.

913 1241 1004 1263 notam
1021 1242 1052 1262 ac
1069 1235 1200 1261 indicium
1216 1234 1314 1266 habet,
1330 1231 1403 1267 quod
1422 1231 1479 1265 ipse
1496 1229 1602 1257 scilicet
1621 1227 1697 1255 solus

913 1281 949 1309 sit
972 1287 1053 1315 super
1081 1286 1162 1306 omne
1187 1286 1304 1310 nomen,
1336 1276 1408 1312 quod
1440 1275 1521 1302 etiam
1549 1272 1697 1308 Unigenito

914 1331 1074 1352 concessum
1095 1328 1154 1355 est,
1170 1323 1235 1358 quia
1257 1321 1349 1349 omnia
1369 1327 1429 1355 qua:
1445 1322 1507 1347 sunt
1526 1317 1616 1344 Patris
1633 1320 1698 1344 sunt.

915 1371 996 1398 etiam
1013 1369 1074 1396 Filii
1089 1369 1133 1396 ⁵⁸⁸.
1146 1367 1199 1395 llas
1216 1374 1297 1402 porro
1313 1372 1394 1392 voces
1410 1364 1553 1399 ingenitum
1570 1365 1597 1389 et
1610 1361 1697 1388 inter-

916 1416 1044 1442 minatum
1061 1413 1237 1445 aeternitatis,
1254 1419 1309 1439 non
1331 1415 1420 1438 autem
1445 1409 1572 1436 essentiae
1594 1407 1699 1434 indices

916 1468 992 1492 esse,
1007 1468 1071 1486 vrra
1088 1463 1114 1486 et
1130 1459 1173 1494 pia
1197 1458 1323 1485 doctrina
1347 1455 1452 1483 tradit:
1479 1455 1517 1481 ita
1541 1458 1570 1481 ut
1594 1452 1700 1488 ingeni-

919 1511 974 1533 tum
993 1506 1097 1532 nullum
1120 1506 1180 1539 ipso
1201 1504 1324 1531 anterius
1339 1502 1521 1538 principium,
1545 1499 1700 1533 nullamque

81 1549 125 1575 δὲν
144 1549 231 1584 πέρας
246 1548 392 1584 στήσεσθαι
409 1548 491 1575 αὑτοῦ
507 1549 556 1584 τὴν
575 1549 710 1584 βασιλείαν
723 1550 867 1584 σημαίνον-

921 1551 1040 1587 prioretn
1069 1557 1180 1578 causam
1207 1554 1316 1577 exstare
1343 1547 1465 1575 indicet:
1492 1545 1700 1573 interminatum

81 1602 136 1625 τος.
153 1594 195 1620 Σὺ
206 1594 269 1630 γὰρ,
282 1595 372 1629 φησὶν,
389 1596 405 1621 d
417 1594 507 1627 αὐτὸς
520 1594 556 1627 εἷ,
568 1594 617 1621 καὶ
629 1595 665 1621 τὰ
677 1595 728 1628 ἐτη
740 1602 798 1622 σου
815 1596 871 1622 οὐκ

82 1641 271 1674 ὲκλείψουσι.
285 1640 334 1667 Διὰ
351 1640 399 1675 μὲν
413 1640 460 1667 τοῦ
477 1638 546 1667 εἶναι
559 1641 588 1667 τὺ
601 1641 638 1676 μὴ
655 1641 685 1673 ἐξ
695 1641 784 1673 αἰτίας
799 1641 871 1672 τινὸς

83 1686 234 1720 ὑποστῆναι
259 1686 414 1721 σημαίνων·
434 1685 478 1712 διὰ
497 1686 525 1712 δὲ
546 1685 593 1712 τοῦ
615 1687 712 1721 ἐφεξῆς
727 1687 774 1721 τὴν
786 1687 871 1714 ἄπαυ-

85 1732 147 1758 πόν
162 1740 193 1758 τε
208 1732 254 1758 καὶ
278 1731 456 1767 ἀτελεύτητον
472 1732 658 1768 μακαριότητα
677 1733 727 1767 τῆς
744 1732 814 1768 ζωῆς
831 1733 873 1759 ὲν-

84 1776 268 1812 δεικνύμενος.

128 1863 198 1890 Ἀλλ’
219 1864 284 1895 ἴσως
304 1865 361 1899 ἐρεῖ
376 1873 416 1895 τις
433 1865 480 1891 καὶ
505 1864 559 1891 τῶν
584 1865 795 1900 εὐλαϐεστέρων,
815 1865 874 1899 ἐφι-

87 1908 153 1940 στὰς
173 1910 230 1940 τοῖς
253 1909 379 1944 περὶτοῦ
405 1909 490 1935 ἀϊδίου
515 1910 579 1944 ἡμῖν
602 1909 808 1944 ὲξητασμὲνοις·
835 1909 875 1935 ὅτι

86 1954 206 1990 χαλεπόν
221 1955 278 1980 ἐστι
294 1954 338 1980 τὸν
351 1955 413 1989 περὶ
428 1954 474 1980 τοῦ
491 1954 659 1988 Μονογενοῦς
674 1954 752 1988 λόγον
769 1954 812 1980 διὰ
821 1953 875 1980 τῶν

87 2000 241 2034 εἰρημένων
266 1999 408 2034 παρελθεῖν
433 2001 623 2034 ἀπροσκόπως.
642 1999 692 2026 Δύο
714 1999 768 2035 γὰρ
784 1999 875 2034 ἀπεμ-

88 2045 239 2079 φαινόντων
253 2045 404 2080 δογμάτων,
425 2045 464 2071 ἐνὶ
479 2045 586 2076 πάντως
604 2045 842 2080 συνενεχθήσεται·
857 2045 873 2079 ἢ

89 2091 144 2124 γὰρ
160 2091 307 2125 ἀγέννητον
323 2089 393 2117 εἶναι
421 2091 467 2117 καὶ
484 2091 529 2117 τὸν
543 2091 605 2117 Υίὸν
626 2091 875 2126 κατασκευάσομεν,

88 2137 158 2170 ὅπερ
171 2136 281 2167 ἄτοπον,
299 2136 314 2170 ἢ
338 2136 398 2162 οὐδὲ
415 2136 445 2162 τὸ
458 2136 541 2163 ἀΐδιον
562 2137 634 2172 αὐτῷ
650 2137 875 2172 συγχωρήσομεν,

88 2182 159 2216 ὅπερ
187 2180 251 2208 ἴδιον
276 2181 330 2207 τῶν
355 2182 583 2217 βλασφημούντων
606 2182 689 2210 ἐστίν.
711 2183 740 2208 Εἰ
760 2182 814 2217 γὰρ
838 2181 877 2218 τῷ

89 2227 214 2262 ἀνάρχῳ,
243 2228 290 2253 καὶ
319 2227 486 2263 ἀτελευτήτῳ
509 2229 525 2263 ἠ
553 2228 671 2262 ἁῖδιότης
696 2228 875 2263 γνωρίζεται,

90 2273 199 2307 ἀνάγκη
215 2273 300 2304 πᾶσα,
320 2272 337 2307 ἢ
354 2273 462 2299 ἀσεϐεῖν
477 2272 514 2308 μὴ
536 2272 730 2307 ὁμολογοῦντας
746 2273 793 2299 τοῦ
812 2273 877 2299 Υἱοῦ

89 2317 120 2343 τὸ
140 2317 266 2352 atatem?)
288 2318 355 2352 πρὸς
372 2318 420 2353 τὴν
444 2320 493 2354 τῆς
515 2319 676 2353 ἀγεννησίας
700 2319 834 2353 ὑπόληψιν
850 2320 878 2345 ὲν

90 2362 152 2393 ταῖς
164 2362 228 2396 περὶ
242 2361 288 2388 τοῦ
301 2363 467 2396 Μονογενοῦς
484 2363 621 2395 ὑπονοίαις
634 2363 772 2398 φέρεσθαι.
790 2364 822 2390 Τί
832 2362 879 2391 οὖν

90 2408 174 2443 ἡμεῖς
184 2412 196 2441 ;‘
209 2408 240 2434 Εἰ
259 2407 308 2442 μέν
319 2417 378 2435 τινα
389 2408 516 2444 χρονικὴν
532 2409 650 2444 ἔμφασιν
665 2409 817 2444 ὺπερετὶθει
830 2411 879 2445 τῆς

89 2453 139 2480 τοῦ
157 2453 325 2487 Μονογενοῦς
340 2454 512 2486 ὑποστάσεως
545 2456 560 2481 ὁ
575 2455 620 2481 τὸν
631 2455 739 2490 Πατέρα
752 2455 798 2482 τοῦ
814 2456 879 2483 Υἱοῦ

92 2499 168 2535 μόνῳ
184 2499 234 2534 τῆς
248 2499 336 2529 αἰτίας
351 2499 423 2534 λόγῳ
437 2501 611 2535 προοεωρῶν,
632 2501 743 2532 εἰκότως
759 2501 792 2528 ἃν
804 2502 818 2527 ὁ
831 2501 880 2536 τῆς

90 2545 245 2579 ἀῖδιότητος
264 2546 330 2580 ἡμῖν
350 2537 414 2580 mihi.
432 2545 479 2571 τοῦ
499 2545 663 2577 Υἰοῦ,”Υίοῦ
678 2546 753 2580 λόγος
776 2546 880 2573 ἐκινδυ-

91 2590 196 2619 νεύετο.
210 2590 278 2617 Νυνὶ
290 2591 328 2622 δὲ,
343 2591 373 2617 τὸ
390 2591 453 2617 ποτὲ
468 2591 504 2626 μὴ
516 2591 624 2617 ἔσεσθαι
640 2591 685 2617 ἐπὶ
699 2592 749 2625 τῆς
762 2601 881 2627 προαιω-

91 2637 150 2662 νίου
162 2636 271 2670 φύσεως
284 2636 359 2668 ἴσως,
374 2637 419 2662 καὶ
432 2635 530 2670 ὁμοίως
547 2636 593 2662 ἐπί
612 2645 641 2662 τε
653 2637 702 2672 τῆς
716 2637 762 2664 τοῧ
778 2638 882 2673 Πατρὸς

91 2682 178 2718 ζωῆς,
193 2682 242 2709 καὶ
254 2682 305 2716 τῆς
311 2681 358 2708 τοῦ
367 2681 543 2715 Μονογενοῦς,
559 2681 625 2709 ἀλλὰ
633 2683 679 2709 καὶ
691 2683 739 2718 τῆς
748 2683 794 2709 τοῦ
806 2684 882 2718 ἁγίου

90 2729 254 2764 Πνεῦματος
273 2728 419 2763 ὁμολογίας
433 2728 462 2754 οὐ
482 2729 597 2764 δέχεται.
619 2729 701 2756 Ἔνθα
715 2730 768 2765 γὰρ
789 2731 883 2766 χρόνος

88 2775 142 2802 οὐκ
155 2775 226 2806 ἔστι,
245 2775 336 2802 καὶτὸ
353 2774 426 2801 ποτὲ
441 2775 629 2811 συνανῄρηται.
650 2777 679 2802 Et
701 2777 728 2802 δὲ
745 2777 787 2803 ἀεὶ
803 2779 831 2804 ἐν
845 2778 885 2804 τῶ

126 2862 162 2878 ⁵³*
182 2861 304 2897 Philipp.
325 2868 356 2892 tt,
374 2861 413 2887 l5.
470 2861 489 2876 ⁵¹
511 2859 582 2887 Psal.
598 2868 634 2893 cr,
655 2864 678 2888 ι.

922 1605 997 1629 vero,
1021 1603 1134 1632 regnum
1149 1595 1208 1630 ejus
1223 1595 1297 1622 nullo
1315 1593 1366 1621 fine
1380 1593 1504 1621 clausum
1519 1591 1551 1618 iri
1566 1589 1703 1617 ostendat.

925 1646 961 1672 Tu
977 1645 1060 1677 enim,
1074 1643 1178 1678 inquit,
1198 1642 1267 1669 idem
1282 1641 1336 1675 ipse
1350 1649 1394 1671 es,
1416 1644 1440 1666 et
1457 1638 1520 1665 anni
1536 1637 1574 1663 tui
1594 1643 1645 1662 non
1661 1634 1706 1661 de-

923 1692 1011 1726 ﬁcient
1026 1691 1048 1706 θ’
1063 1699 1069 1717 :
1086 1697 1133 1725 per
1150 1696 1211 1717 esse
1227 1695 1289 1715 eum
1307 1694 1339 1714 ex
1356 1685 1433 1713 nullo
1449 1683 1584 1719 principio
1597 1681 1707 1716 prodire

923 1725 1060 1766 innuens,
1078 1734 1257 1768 sequentibus
1274 1736 1364 1758 autem
1383 1729 1474 1757 verbis
1486 1749 1494 1758 .
1513 1727 1648 1754 infinitam
1673 1725 1707 1751 il-

923 1779 991 1812 lam,
1008 1783 1035 1806 et
1051 1777 1134 1805 nullis
1158 1776 1293 1803 limitibus
1315 1774 1526 1807 circumseptam
1549 1772 1611 1799 vitae
1634 1770 1708 1797 illius

925 1823 1119 1851 beatitudinem
1132 1822 1283 1850 delineans.

960 1870 994 1896 At
1008 1869 1077 1896 forte
1090 1867 1201 1902 ohjiciat
1213 1866 1274 1901 quis
1287 1865 1368 1892 etiam
1380 1871 1412 1891 ex
1424 1862 1623 1897 religiosiorum
1636 1863 1709 1887 cmtu

925 1915 1070 1944 occasione
1085 1921 1194 1945 eorum,
1212 1919 1273 1947 qua:
1289 1911 1322 1938 de
1336 1910 1489 1938 aeternitate
1505 1907 1686 1936 disseruimus
1701 1915 1708 1932 :
1754 1908 1764 1917 ‘

926 1961 1033 1988 diflicile
1045 1968 1106 1988 esse
1124 1958 1258 1993 unigeniti
1273 1956 1334 1984 Filii
1350 1956 1481 1983 honorem
1495 1954 1602 1982 salvum
1617 1957 1644 1980 et
1657 1951 1711 1978 illi-

926 2007 1019 2033 batum
1034 2007 1178 2040 prmstare,
1190 2003 1214 2030 si
1226 2010 1286 2037 quae
1299 2002 1372 2029 dicta
1385 2005 1450 2028 sunt
1462 1999 1613 2028 subsistant
1626 2006 1633 2024 :
1647 2003 1710 2023 cum

927 2054 998 2081 enim
1014 2052 1074 2080 dua:
1089 2051 1143 2079 sint
1155 2050 1311 2085 dogmatum
1327 2048 1459 2078 rationes,
1472 2045 1586 2072 alterum
1601 2042 1710 2069 illormn

927 2099 996 2126 Filio
1011 2097 1156 2126 convenire
1167 2098 1274 2130 oportet
1289 2103 1295 2120 :
1312 2094 1353 2121 vel
1365 2093 1436 2120 enim
1447 2092 1534 2126 ipsum
1545 2095 1653 2124 quoque
1666 2086 1712 2113 Fi-

928 2144 991 2171 lium
1005 2143 1154 2177 ingenitum
1172 2147 1233 2168 esse
1246 2138 1422 2174 probabimus
1433 2156 1439 2168 ,
1457 2139 1484 2163 et
1498 2135 1548 2161 hoc
1562 2137 1603 2160 est
1617 2132 1713 2159 absur-

929 2190 992 2217 dum
1004 2210 1011 2221 ,
1023 2188 1065 2215 vel
1077 2188 1255 2214 aeternitatem
1267 2185 1291 2212 ei
1303 2184 1455 2211 adimemus
1466 2201 1473 2213 ,
1488 2179 1558 2215 quod
1575 2178 1714 2213 proprium

931 2239 973 2264 est
989 2234 1245 2269 blasphemantium.
1264 2231 1293 2257 Si
1316 2230 1387 2257 enim
1412 2236 1443 2256 ex
1460 2226 1585 2262 principii
1610 2229 1635 2251 et
1653 2224 1715 2251 ﬁnis

932 2281 1075 2317 negatione
1088 2279 1225 2307 mternitas
1238 2275 1423 2312 cognoscitur,
1437 2274 1517 2308 plane
1529 2270 1655 2306 sequitur
1669 2274 1716 2296 aut

933 2314 983 2356 nos
999 2326 1144 2361 impietatis
1157 2324 1243 2351 labem
1257 2321 1420 2349 contrahere
1436 2339 1443 2352 ,
1461 2321 1554 2352 utpote
1565 2337 1572 2348 ,
1591 2316 1637 2351 qui
1655 2314 1716 2341 Filii

933 2373 1112 2402 aeternitatem
1138 2377 1192 2397 non
1215 2368 1406 2398 confiteamur,
1433 2369 1479 2391 aut
1505 2361 1716 2396 intelligentiam

934 2423 1073 2451 nostram,
1086 2416 1196 2452 quando
1208 2415 1242 2442 de
1254 2413 1401 2448 Unigenito
1415 2411 1578 2445 cogitamus,
1595 2408 1628 2435 ad
1642 2409 1718 2434 inna-

935 2465 1108 2493 seibilitatem
1124 2469 1232 2498 quoque
1246 2460 1399 2489 deﬂectere.
1414 2456 1485 2491 Quid
1504 2455 1587 2490 igitur
1607 2453 1679 2480 nos?
1693 2453 1716 2480 si

935 2510 1110 2546 temporalem
1140 2507 1284 2543 quamdam
1315 2502 1544 2537 intercapedinem
1577 2498 1717 2534 bypostasi

935 2566 982 2585 seu
992 2543 1181 2584 subsistentia).
1194 2552 1254 2579 Filii
1268 2554 1459 2585 anteponeret,
1472 2547 1518 2582 qui
1538 2545 1643 2572 Patrem
1660 2543 1718 2570 sola

937 2600 1062 2636 principii
1080 2598 1185 2625 ratione
1202 2597 1277 2631 prius
1294 2594 1363 2621 Filio
1377 2591 1514 2625 concipit,
1531 2589 1592 2623 jure
1610 2586 1716 2614 censeri

937 2632 1035 2680 posset
1045 2642 1169 2670 doctrina
1184 2641 1217 2668 de
1231 2639 1291 2666 Filii
1306 2638 1455 2666 aeternitate
1467 2635 1494 2662 in
1505 2632 1655 2680 periculum
1671 2637 1718 2680 vo-

936 2671 1006 2713 cata.
1032 2684 1108 2712 Nunc
1123 2683 1180 2718 pari
1196 2689 1310 2723 prorsus
1326 2679 1406 2706 modo
1417 2697 1424 2710 ,
1442 2674 1587 2710 aliquando
1604 2680 1659 2699 non
1675 2671 1719 2698 fu-

937 2737 1028 2759 turum
1056 2717 1131 2761 esse,
1158 2737 1172 2755 a
1194 2718 1274 2754 Patre
1292 2731 1318 2753 et
1335 2725 1419 2755 Filio,
1437 2723 1502 2758 quin
1526 2724 1552 2748 et
1577 2727 1591 2746 ο
1614 2717 1719 2753 Spiritu
1749 2744 1754 2752 _

936 2778 1057 2811 exsulat,
1079 2784 1140 2804 nam
1162 2775 1207 2802 ubi
1232 2773 1334 2800 nullum
1358 2775 1482 2804 tempus,
1504 2767 1540 2794 ibi
1560 2765 1640 2794 etiam
1666 2763 1719 2791 ali-
