1957 3079
226 84 276 115 667

843 86 871 112 S.
884 85 1044 114 GREGOIHI
1061 86 1204 114 NYSSENI

1781 90 1835 121 468

226 141 345 169 hominis
361 141 540 170 similitudine
558 141 647 170 factus
659 146 816 178 naturaeque
830 150 928 173 nostra:
941 153 1003 180 par-

1057 147 1099 173 K11
1116 146 1256 182 μετασχὼν
1278 145 1325 180 τῆς
1348 145 1452 180 φύσεως
1467 146 1543 181 ἡμῶν
1567 146 1635 174 κατὰ
1663 148 1754 175 πάντα
1772 149 1834 176 καθ’

225 188 312 221 ticeps
330 195 377 222 per
393 188 483 214 omnia
500 187 650 217 secundum
672 189 877 216 similitudinem
900 191 1002 226 absque

227 236 348 267 peccato.
378 232 532 260 Secundum
559 237 648 260 autem
676 235 905 268 similitudinem,
937 239 1001 272 quia

225 286 287 305 cum
303 278 393 305 anima
407 282 436 306 et
449 286 561 313 corpore
576 283 660 307 totum
675 279 811 308 hominem
828 283 976 316 assumpsit
995 292 1001 308 :

226 323 263 350 ita
279 327 308 350 ut
325 330 373 358 per
388 329 532 358 utrumque
548 325 626 352 nobis
642 324 732 353 factus
750 326 786 352 sit
803 327 890 353 salus.
909 326 958 354 Hic
975 327 1001 354 in

225 369 306 396 terris
321 369 396 396 visus
413 374 471 401 est,
487 374 514 397 et
538 378 600 397 cum
626 370 780 398 hominibus
805 376 1001 404 conversatus,

226 417 256 440 ut
270 421 324 440 non
340 414 458 448 amplius
472 414 596 442 homines
611 422 660 450 pro
678 416 762 442 animi
781 417 823 443 sui
848 418 981 444 sententia
994 436 1001 449 ,

226 459 260 486 de
272 466 305 486 eo
319 459 390 494 quod
403 463 444 487 est
458 480 464 492 ,
480 460 635 493 opinentur,
648 468 695 487 eas
708 461 875 495 suspiciones
892 462 932 488 vel
946 462 1002 497 opi-

226 504 322 531 niones
338 512 407 539 quas
422 512 455 532 ex
471 505 575 532 levibus
591 505 755 540 quibusdam
772 506 941 540 conjecturis
958 514 1002 534 as—

226 554 389 585 sequuntur,
407 558 456 585 pro
472 552 542 578 veris
565 555 592 578 et
616 551 702 578 ﬁrmis
723 551 840 580 decretis
859 552 1002 580 habentes.

225 595 279 623 Sed
296 597 420 631 persuasi
442 597 514 631 quod
536 604 598 624 vere
619 596 688 624 Deus
708 596 734 624 in
755 604 837 624 carne
858 597 1002 631 apparuit,

226 639 291 666 illud
309 639 396 666 solum
413 647 505 667 verum
526 640 634 674 pietatis
655 641 813 675 mysterium
834 649 895 668 esse
909 641 1003 668 creda-

225 693 304 718 mus,
320 686 392 720 quod
408 693 454 720 per
469 685 557 720 ipsum
577 685 695 712 Verbum
718 690 744 713 et
770 685 853 713 Deum
879 691 1002 714 nostrum

224 732 357 759 traditum
380 737 437 763 est,
462 732 506 766 qui
530 739 578 766 per
599 732 717 766 seipsum
743 732 875 763 apostolis
895 733 1003 761 locutus

225 782 278 804 est.
294 777 359 804 Eam
374 785 438 804 vero
453 785 512 812 quae
528 781 583 804 tum
605 785 637 804 ex
656 775 744 804 Veteri
762 776 905 811 Scriptura
916 798 923 810 ,
945 782 1002 804 tum

225 831 259 849 ex
275 822 333 857 lege
347 827 373 850 et
387 823 535 858 prophetiis
550 827 576 849 et
592 822 754 857 proverbiali
770 823 916 858 disciplina
932 823 1001 850 facta
1018 817 1038 843 Β

226 872 269 895 est
286 868 318 896 de
335 869 553 903 supereminente
572 873 669 894 natura
685 867 837 895 doctrinam
849 888 856 899 ,
875 876 924 902 per
941 876 1003 903 spe-

226 914 316 941 culum
331 913 467 948 quoddam
483 917 510 940 et
522 914 634 948 aenigma
647 933 653 945 ,
669 918 798 947 tanquam
812 914 941 941 revelatze
953 922 1002 942 no-

225 959 268 986 bis
293 959 418 986 verilatis
443 959 630 986 testimonium
651 958 855 992 amplectamur,
877 958 922 993 pie
943 967 1004 986 sen-

226 1003 340 1030 tentiam
357 1011 451 1030 eorum
468 1011 527 1038 quae
541 1003 671 1030 dicuntur
685 1003 862 1037 accipientes.
879 1003 917 1030 Ita
933 1007 963 1030 ut
977 1004 1003 1030 in

227 1047 281 1075 ﬁde
295 1055 355 1082 qua:
370 1055 385 1074 a
401 1047 517 1075 Domino
533 1048 724 1075 universorum
748 1048 871 1082 exposita
893 1052 934 1075 est
957 1055 1004 1075 ac-

228 1093 421 1128 quiescamus:
441 1101 521 1128 quam
540 1094 566 1120 in
582 1093 702 1120 dictione
717 1100 813 1127 puram
830 1093 1006 1120 intentatam-

227 1146 291 1173 que,
306 1139 377 1166 sicut
391 1139 556 1173 accepimus,
569 1138 738 1166 custodimus
753 1147 759 1164 :
772 1143 854 1172 atque
866 1139 1005 1173 inexiguo

226 1184 371 1211 verborum
386 1184 548 1211 traditorum
561 1184 761 1219 perversionem
784 1187 812 1211 et
832 1184 1006 1218 depravatio-

227 1237 287 1256 nem
299 1248 307 1261 ,
321 1232 469 1268 extremam
480 1229 638 1264 iudicamus
660 1229 854 1264 blasphemiam
872 1235 897 1256 et
910 1229 1006 1263 impie—

226 1279 321 1302 tatem.
337 1274 480 1301 Credimus
496 1274 579 1308 igitur
593 1274 822 1308 quemadmodum
843 1275 899 1301 suis
922 1274 1006 1302 disci-

227 1320 298 1354 pulis
315 1319 447 1347 Dominus
461 1319 542 1346 ﬁdem
557 1319 684 1353 exposuit
696 1319 738 1347 sic
754 1319 862 1346 locutus
877 1328 883 1346 :
908 1318 1005 1346 Eumes

226 1365 314 1392 docete
341 1373 428 1392 anmes
455 1370 561 1398 gemes,
589 1363 749 1398 baptizantes
778 1371 821 1390 eos
852 1364 879 1389 in
903 1365 1004 1390 nomine

227 1410 317 1437 Patris
329 1430 336 1442 ,
354 1416 377 1437 et
394 1410 459 1436 Filii
474 1414 498 1436 et
513 1409 628 1442 Spiritus
653 1409 748 1435 sancti.
777 1409 825 1436 llic
850 1415 892 1436 est
916 1417 1006 1436 sermo

227 1454 368 1490 mysterii,
386 1455 413 1480 in
427 1461 482 1488 quo
498 1461 545 1487 per
559 1460 704 1487 supernam
725 1453 929 1486 generationem
953 1461 1004 1480 no-

226 1503 284 1526 stra
299 1503 395 1526 natura
411 1499 437 1525 in
458 1498 554 1524 melius
571 1498 793 1529 transl‘ormatur,
819 1498 883 1524 dum
907 1506 921 1524 a
942 1506 1004 1526 cor-
1018 1485 1039 1513 α

228 1545 350 1580 ruptibili
364 1544 398 1570 ad
412 1543 628 1577 incorruptibile,
643 1551 675 1570 ex
690 1547 779 1570 vetere
795 1543 905 1570 homine
922 1552 1004 1571 reno-

227 1596 318 1621 vatur.
342 1589 491 1617 secundum
515 1589 661 1623 imaginem
676 1588 736 1622 ejus
750 1589 796 1622 qui
816 1589 842 1616 in
867 1590 1004 1624 principio

228 1636 348 1662 divinam
364 1634 569 1662 similitudinem
583 1632 693 1659 creavit.
718 1632 803 1667 llujus
817 1633 906 1667 itaque
921 1641 934 1660 a
952 1634 1006 1661 Deo

229 1679 358 1715 apostolis
381 1678 487 1706 tradita
503 1678 562 1706 ﬁdei
581 1686 669 1713 neque
683 1679 896 1706 subtractionem
919 1687 1006 1713 neque

229 1725 446 1752 immutationem
478 1724 536 1751 sive
564 1725 785 1758 perversionem,
811 1732 901 1759 neque
931 1725 1007 1752 addi-

227 1771 330 1798 tionem
346 1770 479 1797 facimus:
504 1773 597 1804 aperte
622 1770 741 1797 scientes
767 1777 828 1796 eum
853 1770 898 1804 qui
927 1771 1009 1797 audet

228 1823 321 1843 vocem
336 1815 454 1842 divinam
476 1814 612 1841 calumnia
634 1814 750 1849 quadam
765 1818 792 1841 et
808 1815 945 1842 malitiosa
969 1815 1009 1842 in-

228 1861 423 1896 terpretatione
445 1865 614 1895 pervertere,
639 1867 669 1887 ex
695 1864 771 1894 patre
793 1860 902 1887 diabolo
928 1868 1008 1888 esse:

229 1909 324 1940 utpote
337 1906 383 1940 qui
399 1905 510 1944 Omissis
523 1904 646 1931 veritatis
660 1903 750 1930 verbis
761 1924 768 1936 ,
782 1911 813 1930 ex
832 1905 950 1939 propriis
966 1905 1007 1932 lo-

228 1952 332 1988 quitur,
344 1955 419 1986 pater
432 1950 565 1977 mendacii
578 1949 676 1977 factus.
690 1949 757 1976 Nam
769 1949 900 1984 quidquid
911 1955 1008 1984 praeter

1053 191 1197 225 ὁμοιότητα
1221 189 1302 224 χωρὶς
1328 189 1472 225 ἁμαρτίας.
1498 190 1564 216 Καθ’
1580 191 1726 226 ὁμοιότητα
1748 192 1777 218 δὲ
1796 193 1834 228 τῷ

1055 236 1122 270 μετὰ
1136 235 1224 270 ψυχῆς
1239 235 1285 261 καὶ
1299 234 1423 269 σώματος
1441 235 1582 261 ἀναλαϐεῖν
1597 235 1656 261 ὅλον
1669 237 1713 263 τὸν
1728 237 1834 272 dvorum

1053 287 1117 306 πον
1135 279 1205 306 ὥστε
1221 280 1253 306 δι’
1267 280 1427 314 ἀμφοτέρων
1449 281 1513 314 ἡμῖν
1536 280 1659 314 γενέσθαι
1681 281 1731 316 τὴν
1746 290 1835 317 σωνεηο

1056 325 1125 360 ρεαν.
1150 321 1233 356 Οὗτος
1245 324 1290 351 ἐπὶ
1304 325 1350 360 τῆς
1375 325 1426 358 γῆς
1439 324 1528 360 ὤφθη,
1548 326 1594 351 καὶ
1612 327 1666 357 τοῖς
1681 326 1835 362 ἀνθρώποις

1056 370 1274 404 συνανεστράφηο
1297 369 1339 395 ἵνα
1364 369 1460 404 μηκέτι
1481 370 1505 395 οἱ
1532 370 1669 405 ἄνθρωποι
1693 371 1765 398 κατά
1786 371 1835 402 τὰς

1055 414 1158 440 ἑαυτῶν
1171 414 1282 449 γνώμας
1298 415 1361 449 περὶ
1382 414 1428 440 τοῦ
1443 414 1518 445 liv-.0;
1537 415 1665 448 δοξάζωσι
1678 425 1685 432 ·
1701 416 1750 447 τὰς
1764 424 1835 449 γινο-

1057 460 1139 495 μένας
1155 461 1244 492 αὐτοῖς
1267 460 1320 486 ἀπὸ
1337 461 1495 495 ποχασμῶν
1508 469 1587 487 τινων
1602 462 1727 493 ὑπονοίας
1747 462 1835 498 δόγμα

1056 505 1218 540 ποιούμενοι.
1240 505 1317 532 Ἀλλὰ
1342 506 1496 536 πεισθέντες
1514 506 1554 532 ὅτι
1567 506 1672 541 ἀληθῶς
1687 507 1752 538 Θεὸς
1769 508 1836 541 ὲφα-

1055 550 1158 585 νερώθη
1181 552 1209 577 ὲν
1233 551 1324 585 σαρκὶ,
1339 551 1426 577 ἐκεῖνο
1445 551 1523 585 μόνον
1547 551 1670 585 ἀληθινὸν
1693 553 1743 586 τῆς
1757 553 1835 578 εὐσε-

1056 595 1131 627 ϐείας
1149 597 1295 631 μυστήριον
1308 595 1375 623 ε’ίναι
1387 596 1583 632 πιστεύσωμεν,
1598 597 1612 622 ὃ
1623 597 1656 623 δι’
1671 597 1753 624 αὐτοῦ
1770 598 1836 633 ἡμῖν

1055 641 1102 668 τοῦ
1122 642 1207 675 Λόγου
1222 642 1268 668 καὶ
1293 642 1359 668 Θεοῦ
1377 642 1522 677 παρεδόθη,
1546 641 1592 668 τοῦ
1615 642 1648 668 δι’
1670 641 1766 668 ἑαυτοῦ
1780 643 1835 673 τοῖς

1056 686 1211 717 ἀποστόλοις
1233 686 1405 721 λαλήσαντος.
1421 687 1475 722 Τὴν
1501 687 1528 712 δὲ
1548 687 1580 713 ὲκ
1593 687 1641 721 τῆς
1656 687 1836 724 ἀρχαιοτέρας

1057 731 1175 766 Γραφῆς,
1199 731 1229 756 ἐκ
1246 731 1327 766 νόμου
1347 740 1375 757 τε
1392 731 1438 758 καὶ
1462 731 1635 766 προφητείας,
1655 732 1701 757 καὶ
1721 732 1770 766 τῆς
1785 740 1837 757 πα-

1059 776 1214 811 ροιμιώδους
1231 776 1400 807 διδασκαλίας
1414 776 1557 811 γινομένην
1571 776 1633 811 περὶ
1650 775 1699 810 τῆς
1710 776 1837 811 ὑπερκει-

1055 822 1137 857 μένης
1163 821 1268 856 φὺσεως
1282 822 1463 854 διδασκαλίαν,
1490 821 1523 848 δι’
1545 822 1674 856 ἐσόπτρου
1694 821 1766 852 τινὸς
1790 821 1837 847 καὶ

1052 867 1208 902 αἰνίγματος
1223 867 1260 898 ὡς
1277 867 1427 903 μαρτυρίαν
1447 867 1497 902 τῆς
1518 866 1754 901 ἀποκαλυφθείσης
1772 866 1837 900 ἡμῖν

1052 913 1179 948 ἀληθείας
1202 913 1352 948 δεχώμεθα,
1370 913 1487 945 εὐσεϐῶς
1507 912 1555 948 τὴν
1577 913 1695 939 διάνοιαν
1715 912 1770 938 τῶν
1788 914 1837 947 ρη-

1052 957 1106 984 τῶν
1127 957 1340 992 ὲκλαμῦἀνοντες
1351 965 1358 972 ⁶
1373 957 1409 988 ὡς
1421 958 1571 993 συμφωνεῖν
1585 958 1618 992 τῇ
1641 957 1715 992 παρὰ
1728 956 1774 982 τοῦ
1788 958 1836 982 Δε-

1053 1003 1151 1029 σπότου
1169 1002 1222 1028 τῶν
1247 1002 1314 1029 ὅλων
1338 1001 1478 1037 ὲκτεθείοῃ
1500 1001 1604 1027 πίστει·
1619 1002 1651 1037 ἧν
1672 1002 1718 1027 ἐπὶ
1740 1001 1839 1033 λέξεως

1054 1048 1177 1083 καθαρὰν
1188 1049 1235 1074 καὶ
1249 1047 1480 1084 ἀπαρεγχείρητον
1497 1047 1677 1082 φυλάσσομεν,
1698 1047 1736 1078 ὡς
1766 1055 1838 1081 παρ-

1055 1094 1198 1128 ελάϐομεν·
1207 1093 1252 1120 καὶ
1265 1093 1313 1128 τὴν
1328 1095 1356 1119 ὲν
1367 1092 1447 1127 ὀλίγῳ
1462 1093 1637 1128 παρατροπὴν
1648 1092 1701 1118 τῶν
1719 1092 1838 1127 παραδο-

1055 1139 1153 1167 θέντων
1179 1139 1307 1174 ῥημάτων
1328 1139 1444 1173 ὲσχάτην
1460 1138 1596 1172 κρίνοντες
1619 1138 1793 1172 βλασφημίαν
1809 1145 1839 1163 τε

1054 1185 1100 1211 καὶ
1113 1184 1248 1211 ἀσέϐειαν.
1263 1183 1428 1218 Πιστεύομεν
1439 1181 1485 1209 οὖν
1499 1182 1589 1214 καθὼς
1604 1183 1708 1214 ἐξέθετο
1717 1183 1774 1213 τοῖς
1792 1190 1841 1216 μα-

1054 1230 1147 1265 θηταῖς
1163 1230 1210 1265 τὴν
1239 1229 1327 1255 πίστιν
1351 1229 1365 1255 ὁ
1381 1228 1482 1263 Κύριος
1504 1229 1518 1254 6
1547 1228 1642 1260 εἰπὼν,
1665 1228 1705 1253 δτι
1727 1229 1839 1260 Ποίευ-

1055 1276 1156 1308 θέντες
1179 1275 1384 1309 μαθητεύσατε
1406 1274 1502 1301 πάντα
1523 1274 1558 1301 τὰ
1580 1274 1665 1306 ἔθνη.
1680 1272 1841 1305 ,βαπτίζω--

1055 1330 1104 1354 τες
1113 1320 1222 1353 αὐτοὺς
1234 1322 1277 1353 είς
1287 1320 1318 1346 τὸ
1336 1320 1426 1354 Brulla
1442 1319 1494 1346 τοῦ
1511 1320 1623 1353 Πατρὸς
1638 1319 1684 1345 καὶ
1702 1319 1755 1344 τοῦ
1771 1318 1839 1344 Ποῦ

1055 1366 1103 1392 καὶ
1118 1365 1169 1392 τοῦ
1184 1365 1269 1399 ἁγίου
1284 1365 1462 1398 Πνεύματος.
1482 1361 1565 1395 Οὗτός
1581 1365 1653 1389 ἐστιν
1669 1364 1683 1389 6
1698 1363 1777 1396 λόγος
1793 1362 1841 1389 τοῦ

1057 1411 1214 1446 μυστηρίου,
1241 1411 1269 1436 ἐν
1284 1407 1305 1444 ᾦ
1324 1410 1367 1436 διὰ
1387 1410 1436 1443 τῆς
1457 1409 1557 1436 ἄνωθεν
1582 1409 1735 1443 γεννήσεως
1761 1417 1842 1442 μετα-

1057 1457 1214 1488 σκευὰζεται
1244 1455 1320 1490 ἡμῶν
1347 1455 1364 1490 ἡ
1382 1455 1460 1489 φύσις
1479 1454 1531 1480 ἀπὸ
1555 1453 1601 1480 τοῦ
1624 1454 1743 1488 φθαρτοῦ
1775 1453 1842 1487 πρὸς

1057 1501 1086 1527 τὸ
1109 1500 1255 1534 ἄφθαρτον·
1286 1502 1317 1526 ἐκ
1342 1500 1387 1526 τοῦ
1415 1500 1528 1526 παλαιοῦ
1555 1499 1698 1534 ἀνθρώπου
1728 1500 1843 1525 ἀνακαι-

1057 1545 1184 1580 νιζομένη
1200 1546 1258 1571 κατ’
1273 1545 1361 1571 εἰκόνα
1372 1545 1418 1570 τοῦ
1431 1546 1570 1573 κτίσαντος
1587 1545 1614 1571 ἐν
1628 1546 1697 1579 ἀρχῇ
1715 1544 1745 1569 τὸ
1763 1543 1844 1570 θεοει-

1057 1591 1100 1621 δὲς
1116 1591 1249 1625 ὁμοίωμα.
1264 1590 1371 1625 Ταύτης
1395 1588 1441 1617 οὖν
1456 1590 1529 1626 παρὰ
1549 1590 1595 1616 τοῦ
1612 1590 1678 1616 Θεοῦ
1698 1592 1755 1620 τοῖς
1777 1590 1844 1616 ἁπο-

1058 1637 1159 1667 στόλοις
1176 1635 1372 1671 παραδοθείσης
1394 1636 1442 1670 τῆς
1460 1637 1586 1668 πίστεως,
1604 1635 1664 1661 οὔτε
1685 1635 1842 1670 ὖφαὶρεσιν,

1057 1682 1119 1707 οὔτε
1133 1682 1317 1717 παραλλαγὴν,
1331 1681 1391 1708 οὔτε
1407 1682 1562 1717 προσθήκην
1572 1681 1735 1715 ποιούμεθα’
1749 1681 1843 1715 σαφῶς

1056 1728 1155 1758 εἰδότες
1170 1727 1209 1753 ὅτι
1222 1728 1236 1754 6
1249 1727 1354 1762 τολμῶν
1365 1728 1413 1761 τὴν
1428 1727 1501 1754 θείαν
1516 1727 1606 1761 φωνὴν
1618 1726 1660 1752 διὰ
1677 1727 1844 1761 κακουργίας

1057 1772 1214 1806 σοφιστικῆς
1237 1773 1432 1808 παρατρέπειν,
1458 1768 1535 1803 οὗτος
1550 1772 1581 1798 ἐκ
1602 1771 1648 1797 τοῦ
1674 1772 1777 1806 πατρὸς
1797 1772 1843 1798 τοῦ

1056 1817 1177 1844 διαϐόλου
1195 1819 1282 1844 ἐστίν’
1302 1818 1332 1849 ὃς
1348 1818 1426 1852 ἀφεὶς
1445 1818 1493 1852 τῆς
1517 1817 1643 1851 ἀληθείας
1669 1817 1704 1843 τὰ
1723 1817 1842 1851 ῥήματα,

1057 1865 1089 1890 ὲκ
1103 1864 1156 1890 τῶν
1177 1864 1246 1900 ἰδίων
1266 1864 1351 1895 λαλεῖ,
1369 1863 1458 1898 πατὴρ
1477 1862 1590 1896 ψεύδους
1611 1862 1762 1896 γινόμενος,
1786 1862 1843 1887 Πᾶν

1059 1908 1112 1943 γὰρ
1133 1908 1164 1934 τὸ
1185 1908 1260 1943 παρὰ
1274 1908 1323 1943 τὴν
1345 1908 1471 1942 ἀλήθειαν
1493 1907 1646 1942 λεγόμενον,
1663 1904 1759 1940 ψεῦδός
1786 1906 1843 1932 ἐστι

1062 1952 1169 1983 πάντως
1184 1953 1230 1980 καὶ
1244 1953 1293 1979 οὐκ
1311 1952 1418 1987 ἀληθές.

228 2000 368 2028 veritatem
401 1998 511 2029 dicitur,
545 2005 649 2024 merum
682 2000 724 2024 est
760 2005 873 2032 prorsus
895 1998 1084 2032 mendacium,
1101 2005 1196 2027 etnon
1213 2001 1325 2027 veritas.

263 2047 398 2080 Quoniam
419 2046 501 2080 igitur
524 2045 576 2071 hoc
592 2045 732 2072 decretum
755 2044 789 2071 ab
807 2044 866 2079 ipsa
890 2045 1007 2073 Veritate

229 2092 375 2128 exponitur
389 2099 396 2118 :
412 2091 435 2118 si
450 2089 514 2125 quid
532 2096 672 2124 perperam
695 2088 775 2122 hujus
794 2089 871 2115 vocis
884 2094 1006 2116 contem-

1101 2048 1176 2073 Ἐπεὶ
1189 2045 1234 2074 οὖν
1250 2047 1279 2073 τὸ
1303 2047 1388 2082 δόγμα
1412 2046 1490 2072 τοῦτο
1513 2045 1580 2080 παρ’
1598 2045 1682 2079 αὐτῆς
1706 2044 1843 2071 ἐκτίθεται

1059 2095 1108 2129 τῆς
1124 2093 1266 2128 ἀληθείας·
1284 2093 1310 2119 εἴ
1324 2101 1349 2118 τι
1365 2090 1572 2128 παρεπινοοῦσιν
1587 2091 1633 2116 ἐπὶ
1651 2088 1778 2124 ἀθετήσει
1793 2090 1843 2124 τῆς

230 2143 276 2173 plu
291 2136 537 2165 comminiscuntur
558 2134 735 2168 maliguarum
754 2134 888 2162 hatresum
913 2136 1005 2163 inven-

1060 2139 1133 2169 θείας
1146 2138 1247 2173 ταύτης
1260 2138 1349 2172 φωνῆς
1376 2138 1401 2163 οί
1413 2137 1465 2162 τῶν
1481 2135 1604 2170 πονηρῶν
1619 2135 1748 2170 αἱρέσεων
1761 2136 1842 2169 εὗρε-

229 2190 315 2216 wres,
329 2184 367 2210 ita
378 2187 408 2210 ut
423 2183 484 2209 loco
498 2181 587 2208 Patris
604 2184 754 2208 creatorem
766 2185 792 2207 et
804 2180 927 2214 opiﬁcem
945 2179 1007 2207 Filii

230 2228 373 2255 nominent
387 2236 394 2254 :
411 2232 491 2260 atque
512 2225 570 2251 Filii
586 2225 646 2252 loco
661 2224 797 2259 opiﬁcium
814 2229 840 2251 et
856 2228 1009 2251 creaturam

230 2275 257 2297 et
270 2270 335 2305 quid
353 2269 487 2296 factitium
505 2268 608 2303 ﬁngant
622 2277 628 2295 :
644 2276 694 2303 pro
707 2272 803 2295 sancto
820 2268 921 2303 Spiritu
936 2276 1012 2296 crea-

231 2320 322 2343 turam
339 2318 482 2345 creaturae.
496 2318 524 2341 et
538 2321 607 2349 opus
617 2314 720 2349 operis,
733 2317 760 2341 et
770 2321 939 2348 quacunque
956 2313 1011 2340 Deo

233 2360 380 2387 rebellibus
401 2366 431 2385 ac
455 2358 662 2385 contumacibus
686 2358 720 2385 de
744 2359 804 2392 ipso
824 2358 909 2395 placet
929 2361 1011 2385 autu-

232 2412 327 2432 mare:
347 2404 405 2431 haec
425 2403 516 2430 omnia
543 2411 603 2438 qua
621 2408 685 2431 sunt
713 2402 857 2437 ejusmodi,
886 2403 1011 2430 revelata:

233 2450 313 2476 nobis
337 2449 363 2476 in
380 2449 431 2476 hoc
454 2449 579 2484 dogmate
590 2448 743 2475 divinitatis
759 2448 962 2482 abnegationem
984 2453 1009 2474 et

233 2495 481 2530 transgressionem
495 2495 678 2521 nominamus.
691 2493 778 2520 Semel
790 2493 860 2520 enim
871 2501 885 2519 a
896 2493 1009 2519 Domino

232 2540 389 2576 didicimus,
411 2541 444 2567 ad
459 2540 530 2575 quod
547 2547 596 2566 nos
615 2539 777 2572 cogitatione
798 2543 824 2565 et
845 2542 932 2565 mente
949 2545 1010 2572 per-

233 2586 339 2621 spicere
350 2590 456 2620 oportet
470 2593 476 2610 :
496 2592 543 2619 per
559 2584 631 2618 quod
647 2592 662 2610 a
681 2584 786 2611 mortali
805 2585 836 2610 ad
858 2583 1009 2611 immortale

233 2636 335 2659 nostra:
348 2635 450 2658 natura:
460 2630 489 2656 ﬁt
506 2628 719 2659 transformatio,
735 2629 786 2655 hoc
802 2633 890 2656 autem
903 2633 944 2655 est
957 2627 1009 2654 Pa-

232 2682 282 2706 ter,
301 2675 399 2707 Filius,
422 2679 448 2701 et
466 2673 585 2708 Spiritus
605 2678 725 2701 sanctus.
746 2674 926 2706 Quamobrem
944 2673 1027 2708 hor-ﬂ

233 2722 312 2748 ribilc
328 2726 354 2747 et
370 2720 479 2747 exitiale
493 2727 552 2747 esse
571 2727 762 2747 asseveramus
778 2727 837 2746 rum
855 2720 904 2745 has
924 2726 1005 2745 voces

232 2766 338 2793 divinas
355 2764 469 2799 maligne
484 2769 511 2792 et
528 2773 669 2801 perperam
682 2769 849 2800 perverter
869 2768 924 2789 lum
939 2763 1005 2790 alias

1062 2179 1106 2207 ταί
1118 2188 1124 2195 ·
1144 2179 1181 2211 ὡς
1192 2179 1252 2205 ἀντὶ
1267 2179 1316 2214 μὲν
1328 2178 1374 2205 τοῦ
1390 2178 1494 2213 Πατρδς
1509 2178 1619 2213 κτίστην
1636 2179 1716 2205 αὑτὸν
1737 2180 1784 2204 καὶ
1798 2179 1842 2214 δη-

1064 2223 1190 2258 μιουργὸν
1205 2222 1251 2248 τοῦ
1264 2222 1329 2248 Υίοῦ
1341 2221 1482 2257 ὀνομάζειν
1494 2230 1500 2236 '
1512 2222 1572 2248 div-ri.
1580 2222 1607 2248 δὲ
1622 2222 1667 2249 τοῦ
1684 2223 1748 2248 Υίοῧ
1760 2223 1840 2259 ἔργον

1061 2268 1108 2295 καὶ
1124 2268 1225 2303 κτίσμα
1240 2267 1287 2293 καὶ
1304 2267 1424 2302 ποίημα”
1439 2267 1498 2293 ἀντὶ
1512 2267 1540 2293 δὲ
1551 2267 1597 2292 τοῦ
1613 2267 1690 2301 ἁγίου
1713 2268 1841 2302 Πνεύμα-

1061 2321 1115 2344 τος,
1130 2312 1231 2347 κτίσμα
1247 2312 1401 2346 κτίσματος,
1415 2312 1462 2337 καὶ¹
1477 2311 1557 2346 ἔργον
1572 2311 1652 2347 ἔργου
1665 2317 1672 2324 ·
1686 2312 1733 2338 καὶ
1751 2313 1841 2338 πάντα

1061 2357 1110 2383 ὅσα
1125 2358 1180 2388 τοῖς
1195 2356 1337 2391 θεομάχοις
1351 2355 1415 2390 περὶ
1426 2355 1508 2382 αὑτοῦ
1520 2355 1684 2389 λέγεινδοκεϊ
1695 2356 1795 2382 ’πάντα
1808 2357 1842 2383 τὰ

1060 2402 1170 2428 τοιαῦτα
1197 2402 1308 2436 ἄρνησιν
1326 2401 1375 2436 τῆς
1401 2401 1635 2436 ἁποκαλυφθείσης
1662 2403 1725 2436 ἡμῖν
1751 2403 1780 2428 ὲν
1802 2403 1842 2437 τῷ

1060 2447 1172 2481 δόγματι
1189 2446 1274 2481 τούτῳ
1290 2446 1424 2479 θεότητος,
1437 2447 1482 2472 καὶ
1496 2446 1649 2481 παράϐασιν
1659 2447 1840 2481 ὀνομάζομεν.

1059 2492 1150 2524 “Arrcti
1168 2491 1221 2526 γὰρ
1240 2491 1436 2526 μεμαθήκαμεν
1450 2490 1523 2526 παρά
1543 2492 1589 2518 τοῦ
1609 2491 1721 2526 Κυρίου,
1743 2493 1814 2526 πρὸς
1828 2492 1843 2518 ὃ

1061 2537 1168 2572 βλέπειν
1188 2536 1240 2572 χρὴ
1260 2538 1292 2572 τῇ
1315 2536 1435 2572 διανοίᾳ·
1459 2536 1492 2563 δι’
1515 2533 1544 2563 οὗ
1567 2536 1669 2570 γίνεται
1686 2537 1703 2571 ἡ
1725 2536 1779 2562 ἀπὸ
1794 2535 1841 2562 τοῦ

1061 2583 1157 2617 θνητοῦ
1181 2583 1249 2618 πρὸς
1270 2583 1300 2609 τὸ
1314 2583 1445 2609 ἀθάνατον
1461 2583 1512 2617 τῆς
1532 2582 1638 2616 φύσεως
1650 2583 1728 2617 ἡμῶν
1760 2592 1843 2618 μετα-

1061 2629 1226 2664 στοιχείωσις
1236 2638 1242 2644 ·
1261 2629 1340 2655 τοῦτο
1354 2629 1382 2654 δέ
1394 2629 1466 2654 ἐστιν
1485 2629 1500 2654 6
1515 2628 1608 2662 Πατὴρ
1623 2627 1670 2653 κα)⁸
1685 2628 1699 2653 ὁ
1711 2627 1776 2657 Υἱὸς
1795 2627 1842 2653 καὶ

1059 2673 1088 2700 τὺ
1101 2674 1177 2707 ἅγιον
1192 2672 1319 2707 Πνεῦμα⁶
1337 2673 1452 2707 φοϐερὸν
1472 2670 1518 2698 οὖν
1534 2670 1602 2698 εἷναί
1618 2680 1706 2706 φαμεν
1721 2673 1769 2698 καὶ
1782 2671 1840 2697 ὀλέ-

1060 2719 1134 2753 θριον
1147 2717 1382 2752 παραλογίσασθαι
1397 2717 1445 2751 μὲν
1458 2717 1507 2748 τὰς
1523 2717 1599 2747 θείας
1614 2716 1715 2747 ταύτας
1729 2715 1822 2750 φωνάς
1832 2723 1838 2730 ·

1059 2763 1224 2789 ἀντεπινοεῖν
1243 2762 1269 2788 δὲ
1284 2762 1331 2793 τὰς
1344 2762 1389 2787 ἐπὶ
1402 2762 1528 2796 ἀθετήσει
1543 2762 1642 2788 τούτων
1657 2769 1839 2797 παρευρισκο-
