1957 3079
85 87 138 116 ωε,
181 96 191 99 ,

660 88 797 116 CONTRA
818 89 1013 125 EUNOMIUM,
1032 92 1095 120 LIB.
1116 72 1149 119 ll;

1660 94 1711 121 470

88 146 172 181 μένας
186 154 192 160 ·
213 145 309 181 ὥσπερ
326 145 564 182 ἐπιδιοροουμένας
580 146 627 173 τὸν
645 147 711 174 Θεὸν
720 147 815 181 Λόγον,
827 149 870 175 τὸν

924 149 978 177 illis
992 152 1103 178 omnino
1115 151 1268 179 contra-ias
1286 152 1457 188 excogitare,
1474 160 1534 187 qua:
1551 152 1584 180 ad
1602 160 1648 180 eas
1667 153 1711 180 iu—

86 190 307 225 νομοθετήσαντα
329 191 429 222 ταύτας
441 191 490 222 τὰς
512 191 603 225 φωνὰς
619 193 684 226 ἡμῖν
702 192 748 218 ἐπὶ
767 193 816 227 τῆς
830 193 874 218 πί-

87 245 173 268 στεως
186 236 268 272 ἔχειν.
290 237 408 271 Ἐκάστη
428 237 481 272 γὰρ
502 237 555 264 τῶν
574 238 695 273 κλήσεων
710 238 811 265 τούτων
830 239 873 265 διὰ

86 282 137 317 τῆς
155 282 310 317 προσφυοῦς
326 283 464 318 σημασίας
480 284 621 318 νοουμένη,
635 284 724 311 κανὼν
735 285 872 320 ἀληθείας,

88 327 134 354 καὶ
147 327 228 362 νόμος
239 328 380 360 εὐσεϐείας
390 331 446 360 τοῖς
456 329 626 365 Χριστιανοίς
639 329 751 364 γίνεται.
765 331 873 358 Πολλῶν

87 373 141 408 γὰρ
154 372 239 400 ὄντων
257 374 305 400 καὶ
325 373 411 401 ἄλλων
427 374 576 409 ὀνομάτων,
593 373 634 407 οἷς
653 375 682 402 τὸ
690 376 768 403 Θεϊον
779 377 874 413 διαση-

88 419 225 453 μαίνεται,
250 419 279 446 ὲν
303 419 409 455 ίστορίᾳ
423 429 452 446 τε
470 420 516 447 καὶ
535 421 696 456 προφητείᾳ,
713 421 759 447 καὶ
782 421 872 457 νόμῳ·

88 465 178 492 πάντα
195 464 350 492 καταλιπὼν
362 466 377 492 6
391 465 528 501 Δεσπότης
543 464 669 501 Χριστὸς,
683 466 756 501 ἡμᾶς
771 467 874 502 προσά-

87 510 182 546 τεσθαι
199 511 347 546 δυνάμενος
366 511 399 546 τῇ
415 511 478 546 περὶ
498 510 545 537 τοῦ
566 511 641 542 ὄντος
659 511 759 543 πίστει,
773 512 874 544 ταύτας

86 557 136 588 τὰς
147 557 240 591 φωνὰς
252 556 432 592 παρατίθεται
441 566 447 571 ·
463 557 556 592 ἀρκεῖν
571 556 778 592 ἀποφηνάμενος
791 566 874 593 παρα-

87 603 180 638 μένειν
195 603 269 638 ἡμᾶς
278 604 311 638 τῇ
322 602 368 629 τοῦ
385 602 491 637 Πατρός
509 610 539 627 τε
556 602 601 628 καὶ
615 602 662 628 τοῦ
676 602 751 634 Υἱοῢ,
767 603 814 628 καὶ
827 603 873 629 τοῦ

86 648 165 682 ἁγίου
181 648 339 683 Πνεύματος
358 648 462 683 κλήσει,
485 648 523 679 εἰς
545 648 707 683 κατανόησιν
725 647 771 674 τοῦ
790 648 874 680 ὅντως

85 694 177 725 ὄντος·
196 694 266 729 ὅπερ
283 693 329 719 καὶ
345 693 374 719 ἓν
400 693 458 719 ἐστι
475 693 522 718 καὶ
545 692 595 727 οὐχ
622 692 661 720 ἓν.
689 691 734 727 Τῷ
756 692 805 727 μὲν
821 692 874 727 γὰρ

86 740 157 775 λόγῳ
172 740 223 773 τῆς
242 739 335 771 οὐσίας
352 739 381 765 ἓν
398 739 455 765 ἐστι
468 747 474 753 ·
491 738 530 765 διὸ
551 739 598 765 καὶ
614 739 654 769 είς
670 738 699 765 ἒν
715 738 800 772 ὄνομα
814 737 874 772 βλέ-

86 793 147 811 πειν
163 784 178 810 6
194 783 332 817 Δεσπότης
355 782 547 817 ἐνομοθέτησε·
566 783 622 814 τοῖς
636 782 665 808 δὲ
686 783 873 817 γνωριστικοῖς

85 830 140 856 τῶν
153 829 329 856 ὑποστάσεων
350 827 499 863 ἰδιώμασιν,
519 828 558 859 εἰς
574 828 678 863 Πατρός
694 836 723 854 τε
744 829 790 854 καὶ
805 828 869 854 Υίοῦ
886 822 908 849 Β

85 876 132 902 καὶ
143 875 222 909 ἁγίου
233 874 389 909 Πνεῦματος
398 873 489 900 πίστιν
505 873 644 909 διῄρηται·
660 873 827 905 ἀδιαστάτως
843 882 872 900 τε

82 921 263 957 μεριζόμενον
270 921 318 947 καὶ
323 919 481 955 ἀσυγχύτως
486 919 545 946 ὲνού
550 920 726 954 μενον.”ὐταν
733 921 787 955 γὰρ
795 920 874 946 ἁκού-

86 975 177 1002 σωμεν
194 966 314 1001 Πατέρα,
326 966 427 1001 ταύτην
441 965 665 1001 ἀναλαμϐάνομεν
680 965 730 1001 τὴν
742 965 871 997 διάνοιαν,

83 1014 124 1039 ὅτι
134 1013 166 1039 τὸ
175 1013 260 1048 δνομα
270 1012 360 1042 τοῦτο,
371 1012 418 1039 οὐκ
428 1012 470 1045 ἐφ’
482 1010 577 1038 ἑαυτοῦ
588 1012 688 1037 νοεῖται
704 1011 792 1046 μόνον,
804 1011 872 1038 ἀλλὰ

84 1059 130 1086 καὶ
147 1059 197 1094 τὴν
209 1058 276 1094 πρὸς
286 1058 331 1084 τὸν
349 1057 411 1084 Υιδν
427 1058 517 1092 σχέσιν
533 1057 576 1083 διὰ
587 1057 636 1092 τῆς
647 1057 714 1088 ιδίας
728 1057 872 1091 ἐμφάσεως

83 1104 277 1140 ἀποσημαίνει.
303 1104 341 1130 Οὐ
363 1103 417 1138 γὰρ
432 1103 465 1129 ἂν
491 1102 586 1137 Πατὴρ
607 1102 808 1137 κεχωρισμένος
828 1102 870 1137 ἐφ’

83 1150 182 1177 ἑαυτοῦ
207 1149 328 1185 νοηθείη,
348 1148 385 1184 μὴ
409 1147 475 1175 Υίοῦ
495 1146 667 1182 συνημμένου
687 1146 730 1173 διὰ
750 1147 800 1182 τῆς
823 1147 871 1173 τοῦ

84 1196 191 1232 Ila-.96;
206 1196 397 1231 ἑκφωνήσεως.
412 1194 520 1228 Πατέρα
535 1191 581 1220 οὖν
597 1192 737 1228 μαθόντες,
758 1194 792 1228 τῇ
803 1193 870 1228 αὐτῇ

84 1243 160 1276 φωνῇ
178 1241 226 1268 καὶ
249 1241 298 1276 τὴν
312 1241 352 1272 εἰς
376 1241 421 1267 τὸν
438 1240 501 1266 Υίὸν
525 1239 615 1266 πίστιν
635 1238 870 1274 συνεδιδάχθημεν.

89 1288 199 1324 Ἐπειδὴ
212 1287 301 1315 τοίνυν
311 1286 424 1315 τὸΘεῖον
431 1287 464 1321 τῇ
473 1285 551 1320 φύσει
561 1286 628 1321 ὅπερ
641 1285 699 1312 ἐστὶ
718 1285 785 1312 καθό
798 1286 872 1312 ἐστιν

83 1334 127 1361 ἀεὶ
141 1333 272 1364 ὡσαύτως
291 1332 347 1367 ἔχει
361 1340 368 1347 ·
386 1331 446 1358 οὔτε
463 1331 527 1358 ποτέ
544 1341 569 1358 τι
592 1331 629 1367 μὴ
644 1331 674 1358 ὃν
689 1332 703 1358 ὃ
722 1331 768 1359 νῦν
785 1333 869 1363 ἐστιν.

83 1379 145 1406 οὔτε
164 1380 230 1406 ποτέ
246 1388 273 1405 τι
295 1378 432 1414 ἐσόμενον,
447 1377 461 1404 ὃ
481 1377 528 1404 νῦν
549 1378 598 1404 οὐκ
623 1377 695 1404 ἐστι’
724 1377 820 1413 Πατὴρ
843 1377 871 1404 δὲ

83 1425 231 1460 ὠνομάσθη
248 1424 322 1459 παρὰ
338 1423 384 1450 τοῦ
400 1424 485 1458 Λόγου
496 1425 510 1450 6
524 1423 650 1458 ἀληθινὸς
667 1423 761 1459 Πατήρ
771 1432 777 1438 '
792 1423 831 1458 τῷ
844 1423 872 1450 δὲ

84 1470 172 1505 Πατρὶ
184 1470 231 1496 καὶ
244 1470 258 1495 ὁ
270 1469 333 1500 Υἱὸς
347 1469 555 1504 συνεμφαίνεται
565 1476 571 1482 ·
583 1469 737 1503 ἀναγκαίως
750 1469 872 1495 mutatio-

86 1525 147 1551 μεν,
163 1516 204 1542 ὅτι
221 1516 235 1541 ὁ
249 1515 383 1550 μηδεμίαν
398 1513 499 1550 τροπὴν
515 1514 532 1550 ἦ
546 1513 687 1540 ἀλλοίωσιν
699 1515 727 1540 ὲν
740 1515 772 1550 τῇ
791 1514 870 1548 φύσει

83 1562 312 1597 παραδεχόμενος,
329 1560 344 1586 ὃ
367 1561 414 1587 νῦν
430 1561 499 1592 ἐστι,
523 1560 568 1586 καὶ
592 1559 634 1586 ἀεὶ
651 1560 759 1591 πάντως
782 1558 815 1595 ἦν
828 1569 834 1575 ι
853 1560 869 1595 ἦ

83 1605 186 1632 εἴποτέ
195 1613 222 1631 τι
233 1606 283 1631 οὐκ
299 1603 343 1641 ἦν,
363 1606 424 1633 οὐδὲ
443 1604 491 1631 νῦν
506 1605 612 1637 πάντως
630 1606 712 1633 ὲστίν,
735 1607 810 1633 Ἐπεὶ
824 1605 870 1633 οὖν

84 1650 180 1686 Πατὴρ
194 1650 246 1677 ὑπὸ
257 1651 303 1677 τοῦ
319 1650 446 1686 ἀληθινοῦ
459 1651 546 1685 Λόγου
566 1652 788 1687 κατονομάζεται,
803 1653 871 1679 πάνυ

82 1704 144 1723 τοτε
158 1696 269 1728 πάντως
284 1697 330 1723 καὶ
344 1695 377 1732 ἦν
400 1697 494 1732 Πατὴρ
516 1698 561 1724 καὶ
579 1697 652 1730 ἐστι,
667 1699 713 1724 καὶ
744 1698 818 1725 ἔσται
834 1699 871 1730 ὡς

83 1739 127 1777 ἦν.
145 1742 183 1768 Οὺ
202 1741 256 1777 γὰρ
269 1741 301 1777 δὴ
321 1741 397 1777 θέμις
411 1743 457 1769 ἐπὶ
473 1743 522 1778 τῆς
542 1743 617 1775 θείας
632 1752 660 1769 τε
674 1744 720 1770 καὶ
733 1744 870 1779 ἀκηράτου

84 1796 202 1822 φυσεως,
225 1787 262 1823 μὴ
281 1788 395 1814 πάντοτε
413 1788 444 1814 τὺ
459 1788 540 1815 καλὸν
554 1789 618 1824 περὶ
638 1789 722 1825 αὐτὴν
737 1789 808 1816 εἶναι
825 1789 870 1816 λέ-

83 1841 143 1868 γειν
153 1841 159 1848 ·
176 1833 202 1859 εἰ
217 1833 270 1868 γὰρ
284 1833 321 1868 μὴ
335 1833 378 1859 ἀεὶ
386 1831 420 1869 ἦν
447 1833 461 1859 ὂ
477 1833 524 1860 νῦν
536 1834 619 1866 ἐστιν,
637 1834 743 1869 ἐτράπη
763 1834 871 1866 πάντως

83 1879 100 1914 ῆ
115 1879 185 1915 πρὸς
197 1879 227 1905 τὸ
240 1881 330 1914 χεῖρον
342 1879 395 1906 ἀπὸ
405 1879 450 1905 τοῦ
464 1879 626 1914 κρείττονος,
639 1879 654 1915 ἢ
668 1880 735 1915 πρὸς
746 1880 775 1906 τὸ
787 1881 872 1916 κρεῖτ-

81 1933 127 1951 τον
141 1925 195 1951 ἀπὺ
211 1924 258 1951 τοῦ
275 1924 408 1959 χείρονος·
430 1925 529 1951 τούτων
543 1925 571 1951 δὲ
590 1923 647 1951 ἶσόν
666 1926 723 1951 ἐστι
745 1925 776 1952 τὸ
808 1926 871 1952 ἀσε-

83 1967 128 1999 ϐὲς
145 1967 207 1994 καθ’
222 1968 368 2003 ἑκάτερον·
386 1968 514 2004 ὁπότερον
532 1969 564 1995 ἂν
581 1969 626 1996 ἐπὶ
637 1969 687 2004 τῆς
704 1969 778 2002 θείας
792 1970 872 2006 λέγη-

80 2022 125 2040 ται
154 2013 273 2048 φύσεως.
297 2013 377 2040 Ἀλλὰ
402 2014 454 2050 μὴν
480 2014 654 2042 ἀνεπίδεκτόν
670 2016 728 2042 ἐστι
753 2015 783 2041 τὸ
793 2017 870 2043 Θεῖον

80 2059 185 2094 τροπῆς
201 2068 231 2085 τε
257 2060 304 2086 καὶ
322 2054 498 2092 ἀλλοιώσεωςῖ
516 2061 586 2096 Ἄρα
610 2061 664 2087 πᾶν
696 2061 790 2097 ὄτιπὲρ
814 2063 872 2088 ἐστι

80 2105 163 2132 καλὸν
179 2106 226 2132 καὶ
241 2106 352 2140 ἀγαθὸν,
371 2107 414 2133 ἀεὶ
430 2106 494 2142 περὶ
509 2107 559 2148 τῂν
571 2106 616 2133 τοῦ
632 2107 717 2133 καλοῦ
730 2107 870 2141 θεωρεῖται

925 195 1072 224 ﬁrmandas
1087 202 1114 224 et
1129 197 1276 225 eludendas
1297 199 1482 230 inveniuntur,
1500 206 1532 226 ac
1554 200 1576 226 si
1591 199 1710 227 Verbum

925 241 972 268 Dei
987 243 1086 269 vellent
1101 244 1246 270 emendare
1263 250 1290 271 et
1302 246 1449 280 corrigere,
1463 245 1536 280 quod
1555 245 1635 272 nobis
1653 245 1712 280 lege

924 286 1010 313 edixit
1024 287 1073 315 has
1095 295 1175 315 voces
1193 288 1219 314 in
1238 289 1290 316 iide
1309 294 1466 317 constanter
1481 295 1583 317 tenere.
1609 290 1709 316 [larum

924 331 1058 366 siquidem
1075 333 1286 367 appellationum
1305 343 1473 370 unaquaeque
1488 335 1551 362 dum
1571 335 1598 362 in
1616 335 1709 362 nativa

927 379 1128 413 signiﬁcatione
1153 384 1245 408 mente
1262 381 1423 416 percipitur,
1453 383 1547 416 regula
1567 383 1709 414 veritatis,

923 429 1006 459 atque
1029 425 1137 459 pietatis
1161 433 1256 452 norma
1279 429 1306 453 et
1330 427 1370 453 lex
1394 426 1559 454 Christianis
1583 427 1708 454 eilicitur.

923 469 990 497 Nam
1016 478 1077 498 cum
1105 471 1188 498 multa
1213 472 1268 498 sint
1292 471 1343 498 alia
1374 473 1485 500 nomina
1512 473 1611 508 quibus
1638 472 1709 500 Deus

925 515 1105 551 signiﬁcatur,
1123 516 1149 543 in
1165 517 1277 544 historia
1303 521 1330 544 et
1354 518 1514 553 prophetia,
1538 524 1565 546 et
1587 520 1652 553 lege,
1667 519 1709 547 his

924 562 1051 589 omnibus
1067 562 1230 597 posthabitis
1246 563 1405 598 relictisque
1429 563 1558 592 Dominus
1582 564 1709 592 Christus

925 608 957 634 ad
974 608 1054 635 [idem
1068 616 1127 644 quae
1142 612 1185 636 est
1199 609 1233 636 de
1247 616 1280 636 eo
1293 609 1364 644 quod
1380 612 1422 636 est
1432 629 1439 641 ,
1451 617 1502 637 nos
1515 609 1650 637 adducere
1663 618 1708 645 po»

925 657 996 686 tens,
1011 654 1060 682 has
1076 661 1155 682 voces
1169 655 1296 689 apponit,
1311 659 1389 682 ratus
1405 655 1426 682 si
1444 662 1496 682 nos
1512 655 1538 682 in
1553 654 1709 689 Patrisque,

924 703 950 726 et
966 698 1044 731 Filii,
1062 702 1090 726 et
1106 699 1224 734 Spiritus
1240 699 1327 727 sancti
1342 699 1524 734 appellatione
1538 706 1712 734 permanereu

925 752 985 772 mus
996 765 1003 777 ,
1019 743 1052 771 ad
1069 745 1128 779 ejus
1143 744 1216 780 quod
1232 752 1295 772 vere
1311 749 1352 772 est
1369 745 1555 780 cognitionem
1571 743 1712 775 ευίῐίρειο·⁷

924 789 996 823 quod
1008 789 1116 824 quidem
1129 792 1156 816 et
1168 797 1251 816 unum
1263 794 1320 821 est,
1333 792 1359 817 et
1371 796 1423 816 non
1436 796 1530 816 unum.
1542 788 1609 814 Nam
1620 795 1713 815 essen-

923 835 967 862 tia:
982 834 1089 869 quidem
1105 835 1211 862 ratione
1228 843 1310 861 unum
1323 838 1364 862 est
1375 854 1382 866 ,
1397 834 1527 869 quocirca
1543 836 1569 860 et
1584 833 1612 859 in
1627 839 1712 859 unum

923 887 1021 906 nomen
1047 879 1183 914 respicere
1208 878 1339 906 Dominus
1365 878 1468 906 edixit:
1490 877 1538 904 sed
1562 875 1718 904 secundum

923 932 970 953 eas
981 925 1162 960 proprietates
1176 925 1278 959 quibus
1293 924 1391 952 divinae
1406 931 1530 959 personae
1544 923 1713 957 dignoscum

924 975 978 1002 tur,
994 971 1020 997 in
1037 970 1142 1003 Patris.
1157 975 1181 998 et
1196 970 1256 998 Filii
1271 991 1279 1002 ,
1296 976 1323 998 et
1339 970 1458 1004 Spiritus
1472 968 1558 996 sancti
1578 967 1656 995 ﬁdem
1671 967 1714 994 di—

923 1016 1052 1044 stinctum
1068 1021 1126 1048 est,
1145 1015 1365 1052 inseparabiliter
1381 1015 1409 1042 in
1428 1018 1521 1050 partes
1536 1013 1712 1041 distributum

923 1066 950 1090 et
963 1062 1105 1090 inconfuse
1123 1063 1238 1090 unitum.
1255 1062 1322 1089 Cum
1348 1062 1419 1089 enim
1435 1061 1562 1088 audimus
1578 1059 1684 1086 Patrem
1704 1079 1711 1089 ,

923 1107 995 1134 hanc
1012 1107 1150 1134 notionem
1166 1111 1194 1134 et
1209 1106 1417 1141 intelligentiam
1432 1105 1604 1140 concipimus
1614 1125 1621 1137 ,
1640 1105 1712 1139 quod

925 1149 976 1177 hoc
993 1157 1092 1185 nomen
1110 1157 1165 1177 non
1178 1150 1276 1185 inipso
1289 1150 1376 1178 solum
1387 1149 1556 1184 intelligitur,
1566 1148 1613 1175 sed
1630 1149 1712 1176 etiam

924 1202 984 1222 cum
999 1194 1067 1223 Filio
1078 1200 1200 1223 mutuam
1210 1195 1367 1223 relationem
1380 1195 1488 1230 propria
1501 1195 1618 1230 quadam
1631 1195 1654 1221 vi
1666 1195 1714 1222 de-

925 1241 1030 1268 clarat:
1048 1249 1102 1268 non
1129 1241 1201 1268 enim
1222 1240 1302 1269 Pater
1317 1244 1460 1276 separatus
1476 1241 1504 1268 in
1520 1241 1611 1275 seipso
1624 1243 1714 1267 mente

925 1287 1119 1321 comprehendi
1143 1291 1256 1322 posset,
1277 1295 1330 1314 non
1349 1287 1426 1314 unito
1449 1290 1476 1313 et
1500 1287 1619 1315 adunalo
1645 1286 1713 1314 Filio

925 1339 972 1366 per
990 1331 1060 1360 hanc
1075 1331 1165 1360 Patris
1190 1332 1415 1360 enuntiationem.
1443 1332 1500 1360 Hac
1530 1333 1624 1367 itaque
1634 1338 1711 1362 voce.

924 1377 1029 1405 Patrem
1038 1387 1100 1406 cum
1114 1379 1271 1411 didicimus,
1284 1380 1362 1407 [idem
1375 1387 1484 1414 quoque
1497 1379 1523 1406 in
1535 1377 1635 1406 Filium
1649 1379 1717 1405 edet

924 1425 959 1452 cti
975 1432 1081 1452 sumus.
1109 1425 1243 1457 Quoniam
1261 1425 1345 1460 igitur
1363 1425 1434 1453 Deus
1450 1429 1548 1452 natura
1561 1424 1634 1460 quod
1650 1429 1691 1451 est
1705 1444 1712 1454 ,

924 1479 976 1506 qua
999 1475 1057 1503 est,
1079 1479 1187 1506 semper
1210 1475 1237 1498 et
1256 1471 1351 1499 eodem
1374 1472 1454 1498 modo
1476 1479 1505 1499 se
1526 1471 1625 1502 habet,
1649 1479 1718 1497 runr

925 1521 1061 1549 nunquam
1076 1515 1141 1549 quid
1157 1523 1211 1542 non
1240 1515 1322 1542 fuerit
1345 1515 1417 1550 quod
1442 1523 1516 1543 nunc
1541 1520 1603 1548 est,
1626 1523 1718 1550 neque

922 1569 1041 1596 unquam
1058 1561 1122 1596 quid
1139 1561 1248 1590 futurus
1263 1562 1299 1590 sit
1317 1561 1388 1597 quod
1403 1569 1478 1588 nunc
1494 1569 1547 1588 non
1564 1566 1603 1588 est
1617 1584 1623 1596 ,
1634 1560 1718 1587 Pater

921 1610 1038 1633 autema
1054 1605 1143 1634 Verbo
1160 1607 1318 1635 nominatus
1340 1610 1383 1635 est
1408 1614 1488 1634 verus
1511 1606 1603 1639 Pater,
1629 1606 1710 1633 simul

922 1656 1010 1678 autem
1025 1659 1086 1679 cum
1100 1650 1181 1679 Patre
1194 1651 1280 1680 Filius
1294 1652 1449 1680 ostenditur
1461 1661 1467 1680 :
1484 1652 1639 1680 necessario
1653 1659 1713 1678 cre-

921 1696 1027 1730 dimus,
1042 1697 1114 1732 quod
1131 1697 1153 1725 is
1169 1697 1215 1733 qui
1228 1697 1332 1724 nullam
1348 1697 1526 1726 mutationem
1540 1705 1628 1732 neque
1645 1697 1713 1724 alte-

922 1743 1053 1771 rationem
1067 1743 1096 1771 in
1111 1748 1209 1770 natura
1221 1744 1356 1778 suscipit,
1371 1744 1444 1778 quod
1458 1752 1531 1771 nunc
1545 1744 1717 1778 est,omnino

922 1796 1030 1823 semper
1044 1793 1121 1821 erat,
1147 1793 1175 1816 et
1195 1789 1219 1817 si
1240 1789 1305 1824 quid
1329 1789 1476 1824 aliquando
1498 1797 1551 1816 non
1569 1793 1645 1820 erat,
1664 1797 1713 1815 nec

922 1842 996 1861 nunc
1015 1837 1066 1862 est.
1093 1833 1321 1869 Quandoquidem
1342 1842 1408 1869 ergo
1423 1842 1438 1861 a
1457 1842 1520 1861 vero
1542 1834 1630 1861 Verbo
1653 1834 1712 1860 sive
1734 1850 1743 1859 .

922 1879 991 1907 Filio
1004 1879 1086 1908 Pater
1101 1881 1271 1913 nominatur,
1289 1887 1397 1914 semper
1413 1880 1525 1907 omnino
1540 1884 1567 1907 et
1582 1883 1641 1907 erat
1658 1878 1710 1905 Pa-

922 1929 963 1952 ter
989 1928 1015 1952 et
1039 1928 1098 1956 est,
1118 1924 1226 1958 eritque
1251 1925 1323 1951 sicut
1345 1923 1408 1951 fuit.
1427 1923 1520 1958 Neque
1536 1923 1609 1951 enim
1627 1922 1668 1950 fas
1686 1923 1713 1949 in

922 1970 1014 1997 divina
1031 1974 1056 1997 et
1074 1969 1223 1996 immortali
1239 1972 1338 1996 natura
1349 1988 1357 2000 ,
1375 1968 1448 2003 quod
1463 1968 1565 1995 bonum
1581 1971 1622 1995 est
1633 1989 1639 1999 ,
1658 1975 1712 1994 non

922 2015 948 2043 id
966 2017 992 2043 in
1009 2016 1068 2050 ipsa
1087 2022 1194 2050 semper
1208 2022 1270 2042 esse
1283 2014 1386 2042 dicere.
1403 2014 1430 2042 Si
1446 2014 1519 2042 enim
1539 2021 1592 2041 non
1606 2021 1713 2047 semper

922 2060 990 2092 fuit,
1008 2061 1080 2096 quod
1099 2068 1172 2087 nunc
1189 2064 1248 2093 est,
1266 2060 1377 2095 penitus
1394 2060 1540 2088 immutata
1564 2064 1606 2087 est
1630 2060 1672 2086 vel
1698 2067 1712 2085 ιι

924 2107 1034 2135 meliore
1062 2106 1089 2133 in
1113 2107 1252 2138 deterius,
1280 2107 1322 2133 vcl
1349 2106 1375 2133 iu
1399 2107 1497 2134 melius
1525 2114 1540 2133 a
1567 2105 1712 2133 deteriore.

78 2152 188 2187 πηγήνο
204 2151 287 2178 καλὸν
301 2153 330 2179 δὲ
343 2152 391 2179 καὶ
406 2152 488 2179 καλοῦ
503 2152 603 2185 παντὸς
618 2153 746 2180 ἐπέκεινα
758 2154 772 2179 ὁ
786 2154 870 2180 Μονο-

926 2153 1052 2188 !Equalis
1080 2156 1170 2180 autem
1195 2156 1236 2180 est
1261 2152 1288 2179 in
1315 2156 1433 2186 utroque
1461 2151 1604 2187 impietas,
1630 2151 1713 2178 alter—

78 2198 161 2231 γενής
175 2197 235 2223 ὲστι
254 2196 331 2228 Θεὸς,
353 2198 370 2223 ὀ
397 2196 438 2223 ὢν
459 2197 494 2223 ἐν
513 2196 574 2230 τοῖς
593 2197 718 2230 κόλποις
739 2197 791 2224 τοῦ
809 2199 869 2224 Πα-

77 2242 147 2274 τρός
157 2250 164 2257 ’
182 2241 197 2267 ὁ
216 2241 245 2267 δὲ
261 2241 298 2267 ὣν
315 2242 344 2267 ὲν
360 2242 415 2272 τοῖς
429 2242 549 2273 κόλποις,
564 2241 623 2276 οὐχ).
639 2242 834 2277 ἐγγενόμενος

932 2203 1023 2226 utrum
1043 2199 1077 2226 de
1100 2202 1197 2226 natura
1211 2198 1302 2226 divina
1329 2198 1445 2225 dicatur.
1470 2197 1538 2225 Nam
1561 2197 1649 2225 dcitas
1672 2201 1714 2224 est

931 2251 1046 2278 prorsus
1072 2243 1208 2271 versionis
1233 2250 1345 2278 expers,
1374 2247 1401 2270 et
1428 2243 1586 2270 mutationis
1610 2242 1715 2270 nescia-

77 2286 264 2318 Quamobrem
279 2286 411 2321 quidquid
428 2287 528 2314 bonum
544 2291 586 2314 est
601 2291 628 2314 et
645 2287 800 2320 honestum,
819 2295 926 2322 semper
943 2289 969 2315 in
982 2288 1056 2316 fonte
1070 2289 1179 2316 honesti
1193 2292 1219 2315 et
1237 2288 1300 2316 boni
1319 2288 1488 2323 intelligitur.
1506 2288 1607 2315 Bonum
1623 2291 1717 2314 autem

75 2338 103 2360 et
123 2340 209 2367 supra
227 2333 328 2360 bonum
343 2340 423 2360 omne
440 2332 601 2368 Unigenitus
618 2337 659 2361 est
677 2333 762 2365 Deus,
777 2334 821 2368 qui
835 2339 873 2361 est
888 2334 915 2360 in
932 2334 1033 2362 sinibus
1052 2335 1188 2368 Patris“;
1205 2334 1250 2369 qui
1269 2337 1359 2362 autem
1379 2338 1420 2362 est
1431 2334 1457 2361 in
1480 2334 1603 2365 sinibus,
1625 2341 1715 2367 nonne

75 2384 118 2407 est
137 2379 248 2414 genitus
260 2379 271 2406 ?

111 2424 219 2452 Οὐκοῦν
242 2425 428 2452 ἀποδέδεικται
448 2426 492 2454 διὰ
506 2427 607 2453 τούτων
623 2428 654 2453 τὸ
672 2427 702 2460 ἐξ
727 2427 812 2454 ἀϊδίου
827 2428 873 2454 τὸν

76 2471 142 2497 Υἱὸν
167 2470 361 2506 ὲνθεωρεῖσθαι
381 2471 420 2507 τῷ
445 2473 533 2508 Πατρὶ
553 2472 591 2508 τῷ
611 2474 640 2500 ὲν
664 2469 686 2507 ᾧ
701 2474 784 2504 ἐστιν,
801 2473 872 2509 ζωὴν

76 2519 142 2545 ὄντα
158 2518 207 2544 καὶ
222 2514 291 2552 φῶς,
311 2518 359 2544 καὶ
378 2519 507 2554 ἀλήθειαν
517 2527 523 2534 '
537 2520 584 2546 καὶ
602 2520 655 2546 πᾶν
671 2519 772 2554 ἀγαθὸν
786 2519 873 2555 ᾰνομά

76 2572 106 2590 τε
121 2564 168 2590 καὶ
186 2563 279 2599 νόημα
291 2572 299 2580 ·
317 2560 354 2590 ὧν
365 2565 450 2600 χωρὶς
461 2565 503 2599 ἐφ’
515 2565 611 2592 ἑαυτοῦ
625 2564 714 2599 λέγειν
727 2563 795 2593 εἷναί
808 2574 871 2591 ποτε

76 2611 121 2636 τὸν
131 2610 253 2645 Πατέρα,
269 2610 318 2644 τῆς
331 2610 448 2645 ἐσχάτης
460 2611 586 2642 ἀσεϐείας
600 2611 657 2646 ἅμα
668 2611 714 2637 καὶ
725 2611 870 2645 παραπλη-

77 2654 134 2687 ξίας
149 2655 234 2682 ἐστίν.
251 2655 282 2681 Et
297 2655 351 2691 γὰρ
367 2656 381 2682 ό
397 2655 471 2688 Υίὸς,
488 2655 577 2687 καθὼς
590 2657 606 2690 ἡ
619 2656 713 2691 Γραφὴ
727 2655 810 2690 λέγει,
825 2655 870 2682 δύ-

76 2701 154 2737 ναμίς
174 2702 233 2728 ἐστι
252 2701 332 2734 Θεοῦ,
350 2703 396 2730 καὶ
419 2703 507 2738 σοφία,
529 2703 575 2730 καὶ
591 2703 712 2739 ἀλήθεια,
732 2704 777 2730 καὶ
800 2703 866 2738 φῶς,

91 2812 96 2817 .
118 2789 232 2818 "Joan.
247 2790 321 2823 I,18.

962 2429 1043 2463 Igitur
1054 2436 1100 2462 per
1112 2429 1168 2455 haec
1181 2428 1398 2455 demonstratum
1409 2431 1450 2454 est
1460 2426 1556 2453 Filium
1566 2427 1600 2454 ab
1610 2431 1714 2454 aeterno

926 2474 1040 2509 intelligi
1057 2474 1082 2500 in
1100 2473 1180 2500 Patre
1196 2473 1222 2500 in
1237 2481 1292 2508 quo
1309 2477 1351 2500 est
1362 2491 1370 2503 ,
1386 2480 1448 2499 cum
1469 2472 1528 2507 ipse
1542 2473 1578 2500 sit
1594 2473 1648 2499 vita
1666 2473 1707 2499 vi-

925 2528 1008 2553 vens,
1026 2520 1071 2546 lux
1087 2523 1114 2546 et
1130 2519 1247 2550 veritas,
1268 2525 1403 2552 omneque
1425 2518 1526 2544 bonum
1545 2522 1573 2544 et
1595 2525 1710 2550 nomen,

924 2569 952 2592 et
967 2566 1043 2592 notio
1054 2585 1061 2596 ,
1080 2565 1140 2592 sine
1155 2565 1256 2599 quibus
1272 2563 1420 2598 aliquando
1442 2563 1548 2590 Patrem
1571 2564 1598 2590 in
1620 2563 1712 2597 seipso

928 2618 990 2638 esse
1004 2611 1139 2638 allirmare
1153 2614 1283 2638 extrema:
1299 2613 1341 2637 est
1357 2609 1505 2643 impietatis
1518 2608 1599 2636 simul
1621 2612 1648 2635 et
1668 2608 1711 2635 iu-

925 2656 1009 2683 saniae
1025 2662 1107 2691 atque
1121 2656 1236 2690 stupidm
1249 2655 1384 2682 amentiae.
1400 2653 1467 2681 Nam
1482 2654 1504 2681 si
1519 2653 1604 2680 Filius
1615 2673 1622 2686 ,
1637 2653 1709 2680 sicut

924 2701 1064 2737 Scriptura
1077 2702 1152 2736 dicit,
1168 2702 1254 2729 virtus
1267 2704 1307 2728 est
1321 2699 1384 2733 Dei,
1398 2699 1542 2735 sapientia,
1557 2703 1584 2726 et
1598 2701 1711 2731 veritas,
