1957 3079
241 107 293 138 ιη

871 113 898 139 S.
920 112 940 139 G
946 111 1086 140 liliGOP-Il
1107 113 1128 138 Ν
1134 112 1152 138 Υ
1158 111 1255 140 SSENI

1827 107 1880 134 472

243 173 270 195 et
283 169 329 196 lux
340 189 347 199 .
361 173 387 196 et
398 169 590 201 sanctiﬁcatio,
603 174 630 197 et
645 177 696 205 pax
711 190 718 202 ,
731 175 758 198 et
772 173 825 198 vita
836 193 842 201 ,
858 177 884 200 ct
896 181 955 208 (μιαν
968 179 1032 201 sunt

1093 175 1131 201 ιαὶ
1140 172 1284 209 ἁγιασμὸς,
1297 172 1343 198 καὶ
1353 173 1458 207 εἱρῂνη,
1471 170 1518 197 καὶ
1525 170 1590 205 ζωὴ.
1600 170 1646 196 καὶ
1657 169 1820 199 τὰτοιαῦτα,
1832 167 1881 202 πρὸ

243 213 398 249 ejusmodi,
415 218 560 249 antequam
583 215 669 244 Filius
692 222 781 250 esset,
803 219 875 245 sicut
897 219 1034 248 hrereticis

243 259 362 292 videtur,
379 260 454 287 nullo
467 269 581 296 prorsus
596 262 675 289 tnodo
688 263 745 290 lnec
757 268 846 292 erant.
858 264 924 297 Qua:
941 266 963 293 si
979 274 1033 293 non

243 311 319 332 erant
334 326 341 336 ,
357 306 457 334 talibus
474 307 553 336 bonis
571 315 686 335 vacuum
701 328 708 338 .
724 314 750 336 et
768 310 876 338 inanem
894 311 983 339 Patris
997 313 1035 339 si-

243 360 309 379 num
328 353 491 388 intelligent.
509 353 549 380 Ne
572 354 655 389 igitur
671 361 697 382 et
714 355 794 383 Pater
810 358 868 385 suis
883 358 969 392 ipsius
986 359 1032 386 bo-

243 398 288 426 nis
305 398 455 426 destitutus
469 399 651 435 intelligatur,
668 409 735 429 neve
750 403 777 430 in
795 403 864 430 hanc
881 404 1035 432 absurdita—

242 447 297 470 tem
321 448 414 471 nostra
435 445 542 473 labatur
557 446 670 480 opinio:
691 449 865 481 necessario,
885 451 1034 477 secundum

243 496 337 516 vocem
354 490 478 523 Domini,
493 499 556 519 cum
573 492 662 520 Patris
675 495 829 523 :eternitate
842 495 875 524 de
886 496 956 523 Filio
969 497 1036 524 tides

243 535 417 562 considerata
435 538 609 573 perspicitur.
623 539 708 574 Cujus
722 541 809 576 gratia
824 542 951 569 omnibus
967 550 1036 577 pne-

243 582 381 610 termissis
398 584 556 612 nominibus
577 593 636 620 qum
654 587 687 614 ad
707 587 970 616 demonstrationem
988 597 1036 616 su-

243 627 442 661 pcreminentis
455 634 561 658 natura:
573 632 714 667 dicuntur,
726 633 816 662 Patris
829 635 1035 670 appellationem

244 677 274 700 ut
291 675 456 709 certiorem,
475 681 502 704 et
521 678 552 705 ad
569 679 812 708 demonstrandam
830 682 973 710 veritatem
989 690 1036 718 ap-

245 721 343 749 tiorem
369 726 397 750 et
421 724 566 752 clariorem
587 726 667 754 nobis
689 727 716 754 in
741 728 793 756 ﬁde
814 730 953 764 exprimit.
972 730 1037 762 Quae

245 766 355 800 quidem
373 767 462 796 Patris
485 771 646 805 appellatio,
673 772 746 799 sicut
768 773 823 807 jam
849 773 954 801 dictqu
977 781 1033 807 est,

247 813 359 840 relativa
382 815 478 842 notitia
494 823 587 844 secttm
612 817 712 845 Filium
737 819 819 846 etiam
835 821 1035 855 complectitur,

1085 220 1132 247 τοῦ
1150 220 1194 246 τὸν
1210 219 1274 246 Υἱὸν
1289 217 1367 249 εἶναι,
1385 217 1474 249 καθὼς,
1486 218 1540 248 τοῖς
1558 217 1704 251 αἱρετικοῖς
1719 215 1804 246 δοκεῖ,
1822 213 1881 241 οὐδὲ

1085 265 1170 292 ταῦτα
1183 263 1217 299 ἦν
1232 264 1350 296 πάντως.
1363 262 1472 289 Τούτων
1481 262 1510 288 δὲ
1523 261 1559 296 μὴ
1573 261 1667 291 ὅντων.
1678 260 1756 286 κενὸν
1774 259 1881 290 πάντως

1085 312 1139 338 τῶν
1149 311 1275 338 τοιούτων
1285 309 1394 344 ἀγαθῶν
1403 309 1448 335 τὸν
1459 307 1586 344 πατρῷον
1594 308 1670 342 ὲννοή
1675 315 1751 333 σουσι
1762 306 1863 332 κόλπον
1873 313 1878 318 ”

1085 358 1123 388 ὡς
1134 357 1165 384 ἂν
1176 355 1222 383 οὖν
1231 357 1299 392 μήτε
1308 357 1322 382 ὸ
1332 354 1426 390 Πατὴρ
1436 353 1538 389 ἔρημός
1551 362 1580 379 τε
1591 353 1645 379 τῶν
1657 351 1755 379 ἑαυτοῦ
1772 350 1880 385 ἀγαθῶν

1085 403 1223 438 ἐννοηθείη
1233 411 1239 418 ·
1258 403 1295 438 μὴ
1310 401 1338 428 δὲ
1352 403 1393 432 εἰς
1414 401 1517 435 ταύτην
1532 400 1580 435 τὴν
1593 399 1706 426 ἀτοπίαν
1723 398 1837 425 ἐκπέσοι
1853 397 1882 424 τὸ

1085 447 1183 482 δόγμα,
1205 446 1359 480 ἀναγκαίως
1372 445 1442 472 κατὰ
1458 445 1507 479 τὴν
1523 444 1614 479 φωνὴν
1630 444 1675 470 τοῦ
1686 443 1834 473 Δεσπότου,
1850 444 1881 477 τῇ

1087 493 1218 528 ἁῑδιότητι
1234 493 1281 519 τοῦ
1305 492 1411 527 Πατρὺς
1435 492 1451 526 ἡ
1478 491 1541 525 περὶ
1565 490 1612 516 τοῦ
1627 489 1692 516 Υἱοῦ
1711 490 1805 520 πίστις
1822 497 1882 515 συν-

1086 539 1240 574 θεωρεῖται.
1255 535 1294 564 Οὗ
1315 538 1394 573 χάριν
1416 537 1505 562 πάντα
1529 535 1685 562 καταλιπὼν
1704 534 1740 561 τὰ
1760 533 1882 569 ὀνόματα

1086 585 1136 611 ὅσα
1153 584 1221 619 πρὸς
1236 583 1346 616 ἔνδειξιν
1360 582 1407 617 τῆς
1421 581 1622 617 ὐπερκειμέης
1635 580 1744 615 φύσεως
1758 579 1881 612 λέγεται,

1087 632 1136 665 τὴν
1147 631 1194 658 τοῦ
1211 629 1317 665 Πατρδς
1329 629 1436 663 κλῆσιν,
1452 628 1490 659 ὡς
1502 627 1742 662 ὲνδεικτικωτὲραν
1756 626 1806 660 τῆς
1817 624 1883 659 ἀλη-

1088 677 1162 708 θείας
1180 676 1316 703 ἐκτίθεται
1335 676 1401 710 ἡμῖν
1421 673 1467 700 ἐπὶ
1480 674 1529 708 τῆς
1549 673 1678 704 πίστεως,
1697 672 1770 707 ἣτις,
1792 669 1884 702 καθὼς

1088 723 1205 758 εῖρηται,
1222 723 1256 756 τῇ
1268 722 1377 756 σχετικῇ
1393 720 1497 755 διανοίᾳ
1510 719 1557 746 καὶ
1572 719 1617 745 τὸν
1632 718 1695 745 Υιδν
1708 717 1767 752 μεθ’
1781 716 1882 751 ἑαυτῆς

1089 763 1320 795 σύνενδείκνυται·
1336 766 1383 793 τοῦ
1405 766 1434 793 δὲ
1451 765 1516 792 Υἱοῦ
1534 766 1563 797 ὃς
1587 766 1659 791 ἐστιν
1675 765 1704 790 ἐν
1724 763 1762 798 τῷ
1783 763 1882 798 Πατρὶ,

1089 815 1131 842 ἀεὶ
1141 815 1216 846 ὄντος
1228 814 1296 847 ὅπερ
1307 813 1391 844 ἐστὶν,
1399 811 1489 843 καθὼς
1501 812 1607 846 εἴρηται
1619 811 1666 838 καὶ
1677 811 1706 836 ὲν
1717 811 1773 841 τοῖς
1785 809 1885 844 ἔμπρο-

245 863 272 885 et
288 859 368 887 simul
384 859 564 888 demonstrat.
581 862 648 890 Cum
667 870 756 891 autem
775 865 860 893 Filius
880 853 926 900 qui
948 871 990 895 est
1007 868 1034 894 in

1093 861 1150 888 σθεν
1165 860 1268 893 λόγοιςι
1283 859 1324 885 ὅτι
1337 859 1367 884 τὸ
1389 859 1466 884 Θεῖον
1483 859 1516 893 τῇ
1537 856 1617 892 φύσει
1630 857 1678 892 τὴν
1693 856 1762 891 πρὸς
1780 855 1811 881 τὸ
1825 855 1884 889 μεῖ-

245 902 326 931 l‘atre
337 924 344 936 ,
361 912 469 940 semper
485 907 522 933 sit
535 907 608 941 quod
623 912 679 941 est,
698 910 768 936 sicut
789 910 844 943 jam
869 911 894 938 in
909 913 1034 946 superio-

245 949 321 976 ribus
335 949 437 977 dictum
462 956 505 979 est
527 954 701 982 sermonibus
716 963 723 987 ;
739 956 804 990 quia
828 956 899 984 Deus
920 963 1016 986 natura
1028 979 1035 990 ,

246 995 446 1024 incrementum
473 998 506 1025 ad
533 999 622 1034 majus
649 1008 705 1028 non
729 1003 863 1037 suscipit:
887 1012 941 1031 non
963 1005 1036 1032 enim

237 1045 326 1069 'cxtra
344 1044 464 1078 seipsum
480 1045 554 1072 videt
569 1047 642 1074 aliud
659 1047 760 1074 bonum
772 1068 779 1080 ,
798 1057 847 1084 per
868 1049 949 1084 cujus
973 1058 1037 1086 par-

245 1089 436 1122 ticipationem
466 1091 570 1126 aliquid
600 1093 718 1128 amplius
744 1095 860 1130 accipiat
879 1103 886 1121 :
907 1096 953 1124 sed
975 1104 1037 1123 cum

245 1134 342 1162 eodem
360 1135 440 1163 modo
456 1143 565 1171 semper
590 1145 620 1165 se
640 1137 739 1166 habeat
753 1160 760 1170 ,
783 1148 873 1173 neque
892 1141 964 1174 quod
989 1141 1038 1168 ha<

246 1181 310 1211 bet,
327 1180 454 1214 abdicat,
481 1189 570 1217 neque
591 1184 664 1218 quod
690 1193 744 1212 non
768 1185 850 1212 habet
865 1186 1039 1214 extrinsecus

246 1226 378 1253 assumit:
398 1235 484 1262 neque
508 1229 581 1256 enim
605 1230 669 1264 quid
694 1238 789 1258 eorum
811 1239 873 1267 qum
893 1232 1039 1268 repudian-

246 1275 303 1304 tur,
328 1271 433 1301 habet:
453 1276 481 1301 et
504 1274 527 1301 si
549 1274 614 1309 quid
635 1279 677 1303 est
701 1276 810 1304 beatum
824 1281 852 1305 et
867 1277 1036 1314 incorrupti-

246 1316 312 1349 bile,
337 1317 502 1350 immortale,
526 1323 553 1346 et
571 1328 676 1353 verum,
694 1325 721 1349 et
735 1322 930 1354 bonum,eirca
950 1324 1039 1360 ipsum

247 1366 329 1397 atque
349 1364 376 1391 in
401 1364 461 1399 ipso
474 1366 587 1393 omnino
600 1370 658 1394 est:
669 1369 827 1397 necessario
842 1369 965 1397 videmus
986 1378 1040 1398 non

247 1408 337 1443 aliqua
347 1410 371 1436 vi
389 1410 537 1439 adventitia
551 1416 578 1440 et
588 1413 706 1441 ascilitia
720 1414 816 1442 adesse
830 1415 880 1450 ipsi
892 1421 918 1443 et
927 1417 1041 1444 adnasci

249 1454 380 1489 Spiritum
402 1461 541 1490 sanctum,
558 1459 602 1492 qui
618 1462 660 1486 est
677 1465 768 1487 rectus
785 1461 851 1492 dux,
872 1466 900 1488 et
915 1462 1041 1497 princeps

246 1503 274 1526 et
288 1501 418 1534 director,
435 1502 570 1536 viviﬁcus,
585 1504 729 1539 omnisque
743 1509 877 1533 creaturae
886 1506 1041 1534 dominator

246 1547 274 1572 et
295 1546 489 1579 sanctilicator,
509 1549 556 1583 qui
574 1550 666 1576 omnia
687 1551 714 1577 in
735 1551 864 1580 omnibus
883 1558 963 1587 prout
985 1554 1042 1581 vult

247 1595 409 1624 operaturet
419 1592 509 1620 ellicit.
518 1594 554 1620 Ita
562 1594 954 1623 utnullumaliudintervallum
966 1598 1045 1626 intel-

248 1637 318 1671 ligas
336 1636 437 1663 Christi
449 1636 482 1663 ad
492 1637 624 1670 chrisma,
636 1639 662 1666 id
676 1644 727 1672 est,
740 1640 773 1667 ad
789 1642 1042 1678 unctionem,quam

249 1681 323 1716 regis
340 1682 374 1709 ad
390 1690 515 1718 regnum,
532 1692 614 1719 quam
635 1688 776 1721 sapientiae
799 1688 832 1715 ad
849 1690 976 1723 spiritum
998 1699 1044 1717 sa-

249 1726 367 1760 pientiae,
383 1735 465 1762 quam
476 1729 599 1757 veritatis
613 1730 646 1757 ad
667 1731 793 1765 spiritum
813 1733 946 1766 veritatis,
962 1742 1044 1769 quam

248 1773 360 1801 virtutis
387 1774 420 1801 ad
445 1774 572 1809 spiritum
600 1776 727 1807 virtutis:
754 1778 801 1805 sed
829 1779 863 1805 ab
890 1783 993 1807 mterno
1019 1781 1045 1807 in

249 1817 330 1846 Patre
349 1819 434 1847 Filius
449 1820 619 1856 intelligitur.
639 1823 684 1856 qui
699 1827 742 1850 est
759 1827 785 1850 et
808 1824 941 1855 sapientia
959 1829 986 1853 et
1000 1834 1045 1853 ve-

249 1865 328 1896 ritas,
338 1865 483 1893 consilium
500 1870 527 1893 ct
537 1865 678 1900 fortitudo,
690 1867 809 1903 cognitio
817 1872 843 1895 et
855 1869 1045 1906 intelligentia.

248 1909 291 1936 Ab
307 1914 410 1937 aeterno
437 1918 490 1937 una
517 1918 580 1937 cum
603 1912 663 1946 ipso
686 1912 768 1940 etiam
793 1913 912 1948 Spiritus
936 1919 1047 1944 sanctus

250 1956 437 1989 cognoscitur,
453 1957 505 1991 qui,
519 1957 629 1992 quidem
648 1962 691 1985 cst
715 1958 835 1993 Spiritus
851 1960 994 1997 sapientia;
1021 1966 1048 1989 et

249 2003 385 2036 veritatis,
410 2004 521 2031 consilii
547 2009 575 2031 et
601 2004 797 2039 intelligentiae,
818 2009 972 2041 emteraque
995 2007 1046 2034 alia

250 2057 311 2084 qua;
328 2048 414 2077 Filius
434 2054 462 2077 et
478 2055 520 2078 est
535 2055 563 2077 et
581 2050 749 2077 nominatur.
774 2050 878 2079 Idcirco
899 2053 1048 2081 asserimus

250 2095 428 2130 conjunctum
450 2096 507 2123 sive
522 2095 685 2125 adunatum,
698 2095 780 2123 simul
796 2096 878 2123 etiam
896 2096 1047 2125 discretum

251 2148 284 2168 ac
311 2141 483 2170 distinctum.
497 2140 601 2168 sanctis
630 2140 774 2175 discipulis
803 2141 934 2169 traditum
963 2143 1049 2170 fuisse

1088 906 1132 939 ζον
1147 905 1261 940 αὔξησιν
1275 905 1304 931 οὗ
1324 903 1503 939 προσδέχεται
1514 911 1520 917 “
1536 903 1567 928 οὺ
1581 903 1636 937 γὰρ
1649 902 1700 937 ὁρᾷ
1715 910 1741 927 τι
1754 901 1808 934 ἔξω
1821 901 1881 926 ἐαυ-

1086 955 1133 981 τοῦ
1149 954 1213 980 ἄλλο
1236 951 1348 986 ἀγαθὸν,
1365 949 1395 976 οὒ
1421 949 1492 976 κατὰ
1518 948 1664 984 μετουσίαν
1679 945 1884 982 προσλαμϐάνει

1087 999 1118 1026 τὸ
1133 999 1239 1026 πλεῖον
1260 997 1318 1024 ἀλλ’
1333 997 1377 1022 ἀεὶ
1397 995 1528 1026 ὡσαύτως
1545 994 1665 1029 ἔχοντος,
1682 992 1744 1019 οὔτε
1765 991 1885 1018 ἀποϐάλ-

1088 1046 1180 1077 λοντος
1193 1045 1206 1071 ὂ
1221 1044 1288 1079 ἔχει,
1302 1042 1364 1069 οὔτε
1378 1040 1633 1077 προσλαμϐάνοντος
1647 1039 1662 1065 ὃ
1675 1038 1713 1074 μὴ
1731 1038 1789 1073 ἔχει
1801 1046 1808 1052 ο
1821 1036 1884 1063 οὔτε

1089 1093 1143 1127 γάρ
1165 1100 1191 1118 τι
1210 1090 1265 1117 τῶν
1280 1089 1440 1124 ἀποὸλήτων
1462 1087 1529 1122 ἔχει,
1556 1086 1602 1112 καὶ
1616 1086 1642 1111 εἴ
1652 1094 1678 1111 τι
1693 1085 1828 1120 μακάριον
1839 1084 1886 1109 καὶ

1089 1139 1237 1172 ἀκήρατον,
1255 1135 1302 1162 καὶ
1317 1133 1453 1169 ἀληθινὸν,
1472 1132 1520 1159 καὶ
1543 1130 1645 1166 ἀγαθὸν
1663 1131 1728 1164 περὶ
1743 1129 1826 1155 αὑτὸν
1839 1129 1887 1154 καὶ

1090 1185 1118 1210 ὲν
1134 1183 1209 1218 αὐτῷ
1230 1182 1338 1213 πάντως
1359 1180 1445 1208 ὲστὶν*
1467 1178 1623 1213 ἀναγκαίως
1639 1177 1758 1212 ὁρῶμεν,
1785 1176 1836 1202 οὐκ
1858 1174 1888 1206 ἐξ

1090 1231 1260 1265 ἐπικτήσεως
1275 1227 1348 1263 αὐτῷ
1367 1227 1579 1262 προσγινόμενον
1595 1225 1624 1251 τὺ
1643 1224 1754 1260 Πνεῦμα
1775 1222 1807 1250 τδ
1820 1223 1888 1257 ἀγα-

1091 1277 1137 1304 Θόν
1150 1285 1179 1302 τε
1197 1275 1244 1302 καὶ
1258 1275 1334 1308 ἆγιον
1344 1282 1351 1289 ·
1368 1273 1436 1308 ὅπερ
1451 1272 1525 1298 ἐστὶν
1542 1271 1620 1302 εὺθὲς
1632 1269 1808 1306 ἡγεμονικὸν,
1821 1269 1889 1301 ζωοί

1092 1322 1179 1353 ποιὸν,
1197 1321 1228 1347 τὸ
1243 1320 1333 1354 πάσης
1348 1319 1398 1354 τῆς
1414 1318 1530 1348 κτίσεως
1549 1319 1784 1351 περικρατητικον
1796 1323 1826 1341 τε
1843 1315 1890 1341 καὶ

1092 1367 1267 1402 ἁγιαστικόψ
1284 1366 1298 1392 ὃ
1321 1365 1409 1391 πάντα
1423 1365 1451 1390 ὲν
1467 1365 1548 1391 πᾶσιν
1560 1364 1666 1398 ἐνεργεί
1686 1361 1778 1392 καθὼς
1797 1360 1890 1396 βούλεν-

1092 1423 1137 1440 ται
1151 1422 1157 1427 ·
1171 1413 1208 1444 ὼς
1218 1411 1301 1447 μηδὲν
1312 1419 1338 1437 τι
1353 1410 1453 1445 μεταξὺ
1466 1409 1613 1444 διάλειμμα
1624 1408 1669 1434 τοῦ
1687 1407 1809 1444 Χριστοῦ
1822 1407 1890 1442 πρὸς

1093 1459 1123 1486 τὺ
1137 1459 1247 1493 Χρίσμα
1258 1458 1338 1488 νοεῖν,
1354 1456 1370 1490 ῆ
1384 1455 1431 1482 τοῦ
1448 1455 1579 1490 βασιλέως
1596 1452 1662 1489 πρὸς
1677 1454 1726 1489 τὴν
1738 1453 1888 1488 βασιλείαν·

1094 1504 1169 1539 ἣτῆς
1186 1502 1282 1536 σοφίας
1294 1501 1362 1537 πρὸς
1373 1501 1403 1527 τδ
1419 1500 1529 1536 πνεῦμα
1539 1501 1588 1535 τῆς
1601 1501 1697 1534 σοφίας
1707 1508 1713 1514 ·
1730 1500 1746 1534 ἦ
1763 1500 1815 1535 τῆς
1827 1499 1891 1534 άλη-

1095 1549 1170 1580 θείας
1183 1548 1250 1583 πρὸς
1262 1547 1292 1574 τὸ
1302 1546 1410 1582 πνεῦμα
1422 1547 1470 1581 τῆς
1483 1546 1611 1580 ἀληθείας
1621 1554 1628 1562 ·
1641 1546 1658 1580 ἢ
1674 1545 1725 1580 τῆς
1735 1545 1890 1580 δυνάμεως,

1095 1595 1163 1630 πρὸς
1186 1595 1216 1620 τὸ
1237 1593 1346 1629 πνεῦμα
1370 1593 1419 1628 τῆς
1440 1593 1601 1628 δυνάμεως·
1617 1592 1674 1619 ἀλλ’
1695 1592 1726 1624 ἐξ
1751 1592 1840 1627 ὰῇδίου
1853 1592 1892 1626 τῷ

1095 1641 1183 1675 Πατρὶ
1200 1638 1419 1674 ὲνθεωρουμένου
1434 1638 1480 1664 τοῦ
1495 1637 1559 1664 Υἰοῦ
1571 1647 1577 1653 ·
1594 1638 1623 1669 ὅς
1637 1640 1693 1664 ἐστι
1707 1638 1789 1672 σοφία
1805 1646 1835 1664 τε
1846 1638 1892 1664 καὶ

1095 1685 1217 1720 ἀλήθεια,
1233 1685 1280 1710 καὶ
1297 1683 1388 1719 βουλὴ,
1407 1683 1454 1710 καὶ
1472 1683 1560 1718 ἰσχὺς,
1575 1684 1623 1709 καὶ
1640 1683 1750 1716 γνῶσις,
1767 1683 1817 1709 καὶ
1828 1683 1893 1709 σύνῆ

1097 1740 1166 1763 επις·
1185 1731 1214 1762 ἐξ
1239 1730 1325 1757 ἀϊδίου
1345 1730 1392 1756 καὶ
1414 1729 1444 1755 τὸ
1460 1729 1572 1764 Πνεῦμα
1590 1729 1620 1755 τὸ
1646 1729 1722 1763 ἅγιον
1738 1728 1815 1764 αὐτῷ
1832 1734 1893 1755 συν-

1097 1777 1238 1811 θεωρεῖται
1252 1784 1258 1790 ·
1269 1776 1338 1810 ὅπερ
1350 1775 1407 1801 ἐστὶ
1420 1774 1531 1810 Πνεῦμα
1544 1775 1638 1808 σοφίας
1648 1783 1678 1800 τε
1693 1774 1740 1800 καὶ
1751 1774 1891 1808 ἀληθείας,

1098 1823 1145 1850 καὶ
1160 1822 1266 1857 βουλῆς,
1284 1814 1331 1848 καὶ
1355 1821 1503 1852 συνέσεως¹
1523 1821 1569 1847 καὶ
1594 1821 1683 1847 πάντα
1699 1820 1734 1847 τὰ
1757 1821 1826 1847 ἄλλα
1842 1821 1893 1846 ὅσα

1097 1870 1111 1895 ὁ
1128 1869 1191 1899 Υἱός
1207 1868 1264 1894 ἐστι
1278 1868 1325 1894 καὶ
1339 1866 1512 1901 ὀνομάζεται.
1529 1866 1578 1893 Διὰ
1590 1866 1668 1892 τοῦτό
1682 1875 1773 1901 φαμεν
1788 1875 1894 1901 συνημ-

1100 1914 1177 1950 μένον
1188 1913 1246 1948 ἅμα
1257 1913 1303 1939 καὶ
1313 1912 1521 1948 διακεκριμένον
1531 1912 1726 1948 παραδεδόσοαι
1737 1912 1794 1943 τοῖς
1805 1911 1894 1945 ἅγὲοις

1101 1960 1234 1996 μαθηταῖς
1253 1959 1284 1985 τὸ
1303 1959 1352 1994 τῆς
1372 1958 1512 1989 εὑσεϐείας
1537 1958 1702 1993 μυστήριον·
1724 1957 1754 1984 τὸ
1768 1958 1824 1984 δεῖν
1848 1966 1894 1983 ττι-

1100 2006 1205 2032 οντεὺειν
1224 2005 1263 2036 είς
1279 2004 1309 2031 τὸ
1329 2004 1414 2039 ὄνομα
1428 2003 1474 2030 τοῦ
1492 2003 1607 2039 Πατρδς.
1627 2004 1672 2029 καὶ
1688 2002 1734 2029 τοῦ
1752 2002 1827 2032 Via-3.
1846 2003 1894 2027 καὶ

1098 2050 1145 2077 τοῦ
1161 2049 1237 2084 ἁγίου
1261 2048 1435 2083 Πνεύματος⁹
1456 2049 1471 2083 ἡ
1489 2048 1539 2082 μὲν
1562 2048 1616 2082 γὰρ
1637 2048 1690 2073 τῶν
1714 2046 1893 2072 ὑποστάσεων

1101 2095 1209 2130 ἰδιότης,
1224 2094 1327 2129 τρανήν
1344 2102 1373 2119 τε
1393 2093 1440 2119 καὶ
1456 2093 1609 2128 ἁσύγχυτον
1629 2093 1745 2118 ποιεῖται
1760 2092 1809 2126 τὴν
1826 2099 1894 2126 προ-

1101 2141 1198 2168 σώπων
1211 2139 1352 2174 διαστολὴν
1361 2148 1367 2154 ·
1383 2138 1412 2164 ἒν
1426 2138 1454 2165 δὲ
1468 2134 1552 2174 ὄνομα
1566 2138 1744 2174 προκείμενον
1757 2138 1806 2172 τῆς
1822 2136 1893 2162 κατὰ

251 2186 360 2220 pietatis
390 2185 563 2220 mysterium,
591 2192 687 2219 nempe
713 2189 841 2220 oportere
873 2187 986 2215 credere
1016 2188 1041 2215 in

1098 2188 1145 2223 τὴν
1167 2186 1256 2212 πίστιν
1283 2185 1426 2217 ἐκθέσεως.
1446 2185 1539 2219 σαφῶς
1552 2185 1620 2220 ἡμῖν
1638 2184 1687 2218 τὴν
1712 2183 1827 2217 ἑνότητα
1844 2183 1893 2216 τῆς

250 2240 350 2259 nomen
367 2231 469 2262 Patris,
485 2235 513 2257 et
525 2230 596 2262 Filii,
612 2235 639 2257 et
658 2229 777 2265 Spiritus
789 2233 886 2259 sancti.
913 2233 978 2260 Nam
1000 2234 1049 2270 hy-

251 2282 400 2313 postasewv
426 2277 578 2311 proprietas
600 2283 690 2303 veram
717 2280 744 2303 ct
776 2277 948 2305 ineonl‘usam
979 2280 1049 2306 hanc

251 2323 333 2351 ellicit
355 2330 536 2357 personarum
555 2322 769 2350 distinctionem.
788 2323 876 2350 Unum
893 2329 983 2352 autent
1001 2333 1049 2352 no-

251 2378 315 2402 men
343 2369 512 2404 propositum
538 2369 718 2403 expositionis
740 2377 801 2404 qua:
828 2373 870 2396 est
897 2370 1046 2397 secundum

253 2416 345 2447 ﬁdem,
364 2415 508 2442 manifesto
523 2416 602 2443 nobis
617 2417 749 2444 unitatem
767 2417 894 2444 essentia:
916 2425 1046 2452 persona-

253 2469 314 2488 rum
332 2468 392 2495 qua:
407 2464 472 2487 sunt
488 2460 515 2487 in
538 2461 589 2488 [ide
601 2461 805 2496 interpretatur,
823 2461 886 2489 dico
901 2461 1002 2493 Patris,
1022 2467 1048 2489 et

253 2505 325 2537 Filii,
340 2510 366 2533 et
388 2505 506 2541 Spiritus
522 2506 621 2539 sancti,
639 2506 773 2542 siquidem
792 2515 840 2542 per
861 2507 910 2535 has
928 2508 1047 2543 appella-

254 2554 343 2580 tiones
361 2561 415 2580 non
436 2558 540 2580 natura:
556 2553 737 2581 diﬂ‘erentiam
755 2554 897 2587 docemur,
912 2554 959 2581 sed
975 2554 1047 2582 solas

254 2599 441 2634 liypostasemv
454 2600 652 2635 γνωριστικὰς,
675 2600 701 2627 id
719 2605 761 2627 est
776 2607 956 2634 personarum
976 2601 1048 2628 noti-

254 2647 320 2673 tieas
334 2647 526 2681 proprietates.
552 2647 588 2673 Ita
613 2651 641 2673 ut
667 2653 717 2673 nos
740 2653 938 2680 cognoscamus
959 2654 1047 2679 neque

253 2692 352 2721 Filium
378 2693 485 2722 Patrem
511 2702 580 2725 esse,
599 2701 686 2728 neque
708 2692 814 2720 Patrem
832 2692 942 2725 Filium,
962 2701 1049 2729 neque
1068 2693 1166 2721 Filium
1184 2694 1225 2721 vel
1240 2692 1347 2720 Patrem
1362 2699 1433 2723 esse,
1451 2692 1492 2718 vel
1509 2691 1640 2726 Spiritum
1661 2694 1791 2718 sanctum
1811 2699 1818 2716 :

1098 2233 1189 2263 οὐσίας
1205 2232 1257 2258 τῶν
1273 2232 1302 2258 ὲν
1315 2233 1348 2267 τῇ
1363 2232 1452 2258 πίστει
1468 2230 1621 2266 προσώπων
1636 2230 1821 2265 διερμηνεύει,
1838 2228 1893 2254 Πα-

1097 2279 1162 2314 τρός
1179 2287 1209 2303 τε
1233 2277 1305 2311 λέγω
1321 2278 1368 2303 καὶ
1392 2277 1458 2303 Υἰοῦ
1480 2278 1527 2303 καὶ
1547 2276 1705 2311 Πνεύματος
1729 2275 1826 2309 ἁγίου·
1850 2274 1893 2301 διὰ

1098 2327 1152 2362 γὰρ
1172 2327 1225 2353 τῶν
1240 2325 1362 2360 κλήσεων
1379 2324 1491 2356 τούτων,
1508 2323 1539 2349 οὐ
1553 2322 1659 2356 φύσεως
1672 2321 1806 2357 διαφορὰν
1823 2320 1894 2347 διδα-

1099 2373 1230 2408 σκόμεθα,
1244 2372 1312 2399 ἀλλὰ
1325 2371 1408 2406 μόνας
1423 2370 1472 2402 τὰς
1485 2369 1539 2396 τῶν
1560 2368 1736 2395 ὑποστὰσεων
1753 2376 1895 2404 γνωριστι-

1099 2419 1150 2451 xi;
1169 2419 1312 2453 ἰδιότητας.
1327 2418 1408 2444 Ὥστε
1428 2415 1574 2450 γινώσκειν
1585 2416 1669 2450 ἡμᾶς,
1687 2415 1755 2450 μήτε
1769 2414 1834 2440 Υέδν
1850 2413 1894 2440 τὸν

1100 2465 1209 2500 Πατέρα
1224 2461 1305 2495 εἶναι,
1325 2463 1392 2498 μήτε
1415 2462 1525 2497 Πατέρα
1539 2461 1583 2487 τδν
1604 2460 1668 2486 Υἱόν
1680 2466 1687 2473 ·
1707 2460 1777 2494 μήτε
1796 2459 1861 2486 Υἱὸν
1877 2459 1894 2493 ἤ

1099 2511 1144 2537 τὸν
1158 2510 1277 2545 Πατέρα,
1295 2508 1311 2544 ἣ
1326 2508 1356 2534 τὸ
1370 2507 1482 2542 Πνεῦμα
1501 2507 1532 2533 τὸ
1548 2507 1626 2540 ἆγιον
1636 2513 1642 2520 ·
1661 2505 1718 2538 an:
1734 2505 1853 2532 ἕκαστον
1866 2505 1895 2531 ἐν

1100 2557 1137 2592 τῷ
1163 2555 1290 2588 ἰδιάζοντι
1307 2555 1357 2590 τῆς
1373 2553 1548 2585 ὑποστάσεως
1558 2552 1711 2588 χαρακτῆρι
1729 2552 1893 2587 γνωρίζειν

1100 2604 1128 2629 ἐν
1151 2603 1268 2638 ἀορίστῳ
1287 2601 1445 2635 τελειότητι,
1461 2600 1508 2626 καὶ
1524 2600 1565 2633 ἐφ’
1581 2598 1676 2625 ἑαυτοῦ
1694 2598 1893 2633 Θεωρούμενον,

1101 2648 1146 2674 καὶ
1160 2647 1213 2674 ἀπὸ
1232 2646 1278 2673 τοῦ
1294 2645 1464 2680 συνημμένου
1479 2645 1508 2670 οὐ
1526 2643 1712 2679 διαιρούμενον

1849 2689 1894 2716 sed

255 2749 476 2778 unumquemque
502 2743 528 2769 in
542 2741 653 2777 proprio
667 2746 692 2767 et
710 2741 838 2776 peculiari
855 2741 1039 2776 hypostascw;
1060 2743 1220 2769 charactere
1249 2739 1661 2790 permanentem“intelligamus
1699 2738 1727 2764 in
1751 2737 1894 2765 indeﬁntta

255 2789 423 2824 perfectione
444 2795 527 2824 atque
547 2789 574 2815 in
597 2789 688 2822 scipso
713 2788 895 2820 considerari,
913 2792 939 2815 et
957 2796 971 2814 a
988 2789 1138 2823 conjuncta
1156 2789 1213 2815 sive
1231 2787 1308 2814 unito
1325 2795 1379 2814 non
1395 2785 1490 2812 dividi.

292 2835 363 2869 Quid
387 2835 469 2870 igitur
490 2834 555 2862 illud
574 2834 707 2869 signilirat
732 2834 926 2862 iunomiuabile
950 2843 1048 2862 nomen

1139 2834 1170 2861 Τί
1186 2831 1230 2860 οὖν
1248 2834 1373 2868 aquai/5'.
1398 2831 1425 2858 τὸ
1447 2831 1662 2865 ἀκατονόμαστον
1679 2830 1765 2865 ὄνομα
1789 2829 1853 2865 περὶ
1865 2822 1894 2856 ὦ
