1957 3079
80 74 133 102 673

672 73 811 101 CONTRA
826 73 1028 108 TEUNOMIUM,
1049 74 1146 103 LlBJI.
1663 77 1713 105 57.5

81 133 168 160 εἰπὼν
184 134 198 160 ὁ
213 133 331 170 Κύριος;
350 133 391 160 ὅτι
406 134 580 169 βαπτίζοντες
597 133 695 166 αὐτοὺς
710 135 749 166 εἰς
770 134 801 160 τὸ
816 133 874 161 ὅνο-

933 133 957 161 le
968 143 1022 169 quo
1036 135 1076 162 sic
1092 135 1223 163 Dominus
1239 135 1348 164 locutus
1362 137 1422 163 est?
1443 136 1520 169 Quod
1543 137 1715 172 baptizantes

83 187 130 213 μα,
145 180 176 205 οὐ
190 179 361 215 προσέθηκεν
372 180 455 215 αὐτὴν
469 181 518 215 τὴν
534 180 705 215 σημαντικὴν
720 180 811 215 φωνὴν
822 180 871 214 τὴν

82 226 134 253 ὑπὸ
149 226 196 252 ’τοῦ
215 222 347 262 ὀνδματος
369 227 545 263 δηλουμένην.
572 226 678 263 Ταύτην
698 227 795 263 ἔχομεν
809 228 872 262 περὶ

80 272 164 299 αὑτοῦ
178 272 228 308 τὴν
244 273 362 300 διάνοιαν
375 281 382 288 ”
397 274 438 300 ὃτι
454 273 542 300 πάντα
557 273 591 300 τὰ
606 273 635 299 ὲν
649 274 681 308 τῇ
693 273 779 299 κτίσει
797 272 870 305 ὅντα,

81 317 123 344 διὰ
142 318 192 352 τῆς
217 318 271 344 τῶν
295 319 434 354 ὀνομάτων
459 319 597 354 σημασίας
622 318 871 353 περιλαμῦάνεται·

81 364 124 390 ἰτε
141 364 196 399 γὰρ
213 364 328 398 οὐρανὸν
344 364 438 396 εἰπὼν,
462 366 508 392 ἐπὶ
531 366 560 391 τὸ
583 365 745 401 δηλούμενον
759 364 810 391 ὑπὸ
825 364 872 391 τοῦ

81 410 214 445 ὀνόματος
228 410 331 446 κτίσμα
345 411 394 446 τὴν
411 411 529 438 διάνοιαν
546 410 591 437 τοῦ
609 410 752 442 ἀκούοντος
768 411 854 445 ἤγαγε
864 418 871 425 ·

83 456 128 482 καὶ
141 457 156 482 ὁ
170 456 328 491 ἀνθρώπου,
343 457 359 492 ἦ
375 466 446 488 τινος
460 457 514 483 τῶν
529 456 604 489 ζώων
624 456 752 492 μνησθεὶς
766 457 808 483 ἐπ’
820 456 874 483 ὀνό-

83 510 179 536 ματος,
204 502 284 533 εὐθὺς
306 503 336 528 τὸ
352 500 421 534 εἶδος
441 502 486 528 τοῦ
502 502 571 535 ζώου
587 502 627 537 τῷ
642 503 769 536 ἀκηκοότι
783 503 874 528 ἐνετυ-

84 549 196 576 πὼσατο
209 557 216 564 ·
240 550 287 576 καὶ
304 549 338 576 τὰ
352 549 419 576 ἄλλα
436 550 525 577 πάντα
540 549 670 580 ὡσαύτως
684 549 727 576 διὰ
743 550 796 576 τῶν
815 550 874 576 ἐπι-

83 595 219 630 κειμένων
241 595 380 630 ὀνομάτων
404 595 636 631 ὲνζωογραφεῖται
657 596 689 630 τῇ
712 595 810 630 καρδίᾳ.
827 594 872 621 τοῦ

82 641 126 668 διὰ
147 642 198 676 τῆς
214 642 298 677 ἀκοῆς
314 641 535 676 παραδεξαμένου
559 641 608 677 τὴν
628 641 811 677 προσηγορίαν
826 641 874 676 τὴν

83 687 263 722 ἐπικειμένην
278 686 316 721 τῷ
333 687 485 721 πράγματι.
505 686 580 721 Μόνη
599 686 627 712 δὲ
644 687 662 722 η
681 685 807 716 ἄκτιστος
825 685 875 719 φύ-

85 741 135 764 σις,
153 733 170 768 ὴ
195 733 224 759 ἐν
241 732 279 767 τῷ
298 733 384 768 Πατρί
405 741 434 758 τε
455 733 501 759 καὶ
516 732 572 766 Yin
587 731 633 758 xui.
648 731 787 770 Πνεῦματι
805 731 874 766 ἁγίῳ

84 778 276 813 πιστευομένη,
293 780 415 812 κρεῖττον
436 778 525 812 πάσης
541 777 614 804 ἐστὶν
631 777 812 811 ὀνομαστικῆς
827 785 873 812 σηο

925 179 999 214 ipsos
1021 182 1048 207 in
1064 188 1175 212 nomen.
1194 190 1249 208 non
1273 182 1377 209 addidit
1401 183 1487 217 ipsam
1507 183 1714 218 signitieativam

924 232 1020 251 vocem
1035 233 1096 259 quae
1116 226 1169 252 sub
1189 226 1239 252 hoc
1265 226 1374 253 nomine
1397 226 1561 254 declaratur.
1586 227 1654 255 illud
1675 227 1715 255 sic

924 269 1111 305 intelligimus,
1125 270 1197 305 quod
1220 271 1310 298 omnia
1337 280 1504 307 quacunque
1525 277 1617 300 creata
1638 277 1714 302 sunt.

925 316 1065 343 nominum
1083 316 1283 351 signiﬁcatione
1295 319 1574 352 comprehenduntur.
1588 319 1655 346 Nam
1667 319 1713 354 qui

926 363 1024 387 eretum
1038 361 1114 392 dixit.
1133 361 1166 388 ad
1180 369 1239 388 eam
1255 369 1315 396 quae
1329 361 1379 389 hoc
1403 363 1512 390 nomine
1532 363 1712 397 signiﬁcatur,

926 411 1077 433 creaturam
1101 406 1234 434 audientis
1257 411 1373 434 mentem
1400 408 1515 439 induxit,
1545 414 1571 435 et
1593 409 1639 443 qui
1663 409 1712 435 h0-

926 451 1008 479 miuis
1024 452 1064 479 vel
1078 452 1194 487 alicujus
1216 452 1374 479 animalium
1389 454 1446 487 ipso
1471 454 1580 480 nomine
1596 455 1713 482 mentio-

926 505 989 524 nem
1009 497 1082 529 fecit,
1100 499 1191 525 statim
1210 498 1327 533 speciem
1346 499 1473 525 animalis
1497 500 1524 526 in
1540 501 1631 526 animo
1655 500 1714 534 ejus

927 543 971 578 qui
989 544 1100 573 audivit.
1116 543 1263 577 impreSSit.
1281 543 1380 570 Eodem
1401 548 1480 578 pacto
1495 545 1548 570 alia
1564 545 1655 572 omnia
1667 553 1715 580 per

927 588 1054 623 imposita
1080 589 1189 616 nomina
1223 589 1373 624 pinguntur
1398 589 1425 615 in
1457 589 1540 617 corde
1563 589 1643 624 ejus.
1668 590 1713 625 qui

927 640 975 667 per
993 633 1114 660 auditum
1135 634 1239 668 accepit
1254 633 1460 668 appellationem
1478 633 1515 660 rei
1538 634 1712 668 impositam:

927 679 986 705 sola
1003 682 1091 704 autem
1110 678 1229 705 increata
1250 683 1357 710 natura,
1377 686 1436 712 qua:
1451 678 1477 705 in
1492 677 1581 709 Patre,
1596 682 1623 705 et
1635 678 1714 710 Filio,

927 727 954 751 et
971 723 1073 758 Spiritu
1091 728 1187 750 sancto
1209 724 1339 754 creditur,
1356 724 1430 750 omni
1446 724 1617 758 praestantior
1636 727 1717 750 estet

928 769 1023 797 melior
1044 769 1162 796 nominis
1178 769 1343 804 signiﬁcatu.
1362 768 1464 796 Idcirco
1481 768 1610 800 Verbum,
1634 769 1658 796 id
1675 774 1717 796 est

85 824 196 859 μασίας.
217 824 266 850 Διὰ
279 824 358 850 τοῦτο
374 824 458 859 ὄνομα
472 823 556 850 εἰπὼν
571 825 584 850 ὁ
597 823 683 857 Λόγος
699 824 726 849 ὲν
739 824 772 858 τῇ
789 831 876 858 παρα-

933 814 1013 842 Filius
1042 814 1106 847 Dei,
1138 822 1200 841 cum
1228 815 1254 841 in
1284 814 1345 841 ﬁdei
1378 815 1523 841 traditione
1552 814 1665 842 dixisset
1691 815 1717 841 in

83 871 157 897 δᾶσει
171 870 221 904 τῆς
235 870 361 902 πίστεως,
377 869 406 895 τὸ
426 868 451 895 τί
465 869 494 894 οὑ
513 869 665 904 προσέθηκε
675 877 681 883 '
704 868 762 899 πῶς
776 869 829 903 γὰρ
843 868 875 895 ἂν

84 916 211 952 εὑρεθείη
237 916 323 951 δνομα
347 916 392 941 ἐπὶ
414 914 575 950 πράγματος
596 914 610 941 ὅ
634 914 704 949 ὑπὲρ
728 915 782 940 πᾶν
804 915 876 940 ἐστιν

84 963 170 996 ὄνομα
187 971 194 995 ;
219 961 289 988 Ἀλλ’
309 961 431 994 ἐξουσίαν
452 961 566 993 ἔδωκεν,
587 961 660 991 ὅπως
688 961 721 987 ἂν
735 961 845 996 χωρήσῃ
859 961 876 995 ἡ

84 1005 189 1032 διάνοια
206 1004 284 1040 ἡμῶν
296 1004 415 1037 εὐσεϐῶς
425 1004 569 1039 κινουμένη
589 1005 678 1040 εὑρεῖν
692 1014 718 1031 τι
733 1005 817 1039 ὄνομα
827 1005 877 1039 τῆς

86 1050 289 1086 ὑπερκειμένης
321 1050 427 1085 φύσεως
452 1050 613 1076 ἐνδεικτικόν
632 1058 639 1065 '
671 1050 748 1076 τοῦτο
779 1050 878 1084 ὁμοίως

86 1094 253 1131 ἐφαρμόζειν
269 1096 356 1130 Πατρί
380 1104 409 1122 τε
430 1096 477 1122 καὶ
498 1095 555 1130 Υίῷ
571 1095 618 1121 καὶ
635 1095 704 1130 ἁγίῳ
720 1096 856 1130 Ιινεύματι
869 1117 877 1129 ,

87 1138 145 1166 εἴτε
187 1140 218 1165 τὸ
243 1139 355 1173 ἀγαθὸν,
384 1139 440 1166 εἴτε
470 1139 500 1165 τὸ
514 1139 662 1175 ἅρθαρτον,
688 1140 755 1175 ὅπερ
773 1140 877 1174 νομίσει

85 1184 202 1215 ἕκαστος
212 1184 286 1216 ἄξιον
298 1183 366 1211 εἶναι
379 1184 445 1220 πρὸς
456 1185 565 1218 ἔνδειξιν
578 1186 627 1219 τῆς
641 1186 779 1220 ἀκηράτου
791 1195 879 1221 παρα-

86 1229 275 1264 λαμϐάνεσθαι
291 1229 396 1264 φύσεως
407 1238 414 1244 ·
432 1231 478 1257 καὶ
493 1231 571 1257 τοῦτο
582 1231 611 1257 δέ
627 1239 672 1266 μοι
688 1231 761 1258 δοκεῖ
773 1231 816 1258 διὰ
830 1232 879 1266 τῆς

88 1272 225 1304 ἐκθέσεως
245 1273 345 1309 ταύτης
362 1274 516 1308 νομοθετεῖν
533 1273 547 1299 ὁ
560 1272 646 1309 Λόγος
659 1283 666 1290 ·
690 1275 720 1302 τὸ
735 1277 879 1303 πεπεῖσθαι

89 1317 208 1354 ἄρρητον
230 1328 259 1345 τε
276 1319 323 1346 καὶ
346 1319 536 1354 ἀκατάληπτον
559 1319 589 1345 τὺ
616 1320 666 1355 τῆς
691 1320 764 1352 θείας
786 1322 879 1354 οὐσίας

89 1363 170 1391 εἶναι.
196 1365 315 1401 Φανερὺν
334 1366 387 1401 γὰρ
411 1366 450 1392 ὅτι
467 1367 484 1401 ή
502 1365 548 1393 τοῦ
572 1366 678 1401 Πατρὸς
701 1368 806 1401 κλῆσις,
830 1369 880 1396 οὐκ

90 1411 183 1442 οὐσίας
202 1412 259 1438 ἐστὶ
280 1412 487 1447 παραστατική-
514 1411 581 1439 ἀλλὰ
604 1412 651 1447 τὴν
671 1414 737 1448 πρὶς
754 1414 800 1440 τὸν
817 1413 879 1440 Υίδν

91 1456 184 1491 σχέσιν
199 1457 395 1492 ἀποσημαίνει·
411 1456 508 1483 οὐκοῦν
521 1458 545 1489 εἰ
558 1457 668 1485 δυνατὸν
683 1457 717 1494 ἦν
732 1460 763 1494 τῇ
778 1458 880 1491 ἀνθρω-

92 1502 158 1537 πίνῃ
182 1501 261 1536 φύσει
287 1502 381 1529 οὐσίαν
406 1502 562 1537 διδαχθῆναι
591 1503 678 1529 Θεοῦ·
715 1503 731 1528 ό
766 1504 881 1538 πάντας

92 1547 189 1574 θέλων
210 1547 344 1582 σωθῆναι
361 1548 409 1574 καὶ
431 1549 473 1581 εἰς
491 1548 655 1583 ἐπίγνωσιν
674 1549 814 1583 ἀληθείας
832 1551 880 1578 ἐλ-

92 1592 166 1622 θεῖν,
184 1593 234 1619 οὐκ
246 1593 279 1620 ἂν
292 1593 342 1628 τὴν
363 1594 426 1630 περὶ
446 1595 539 1620 τούτου
557 1594 656 1628 γνῶσιν
676 1596 878 1631 ἀπεσιώπησεν.

92 1638 150 1664 Νῦν
165 1638 194 1664 δὲ
215 1638 254 1673 τῷ
268 1639 349 1674 μηδὲν
364 1639 426 1675 περὶ
442 1639 491 1674 τῆς
507 1641 600 1672 οὐσίας
615 1642 710 1673 εἰπεῖν,
728 1641 827 1674 ἔδειξεν
840 1642 880 1669 ὅτι

93 1684 201 1718 ἐκείνης
216 1683 265 1719 μὲν
277 1685 294 1720 ἡ
310 1685 408 1718 γνῶσις
425 1686 580 1721 ἀμήχανος·
600 1686 614 1713 ὃ
630 1687 658 1713 δὲ
671 1687 813 1722 χωροῠμεν
831 1696 881 1723 μα-

93 1730 196 1761 θόντες,
210 1730 286 1757 οὐδὲν
300 1730 344 1757 τοῦ
358 1731 499 1766 ἀχωρήτου
510 1732 624 1767 δεόμεθα
635 1741 641 1747 ·
660 1733 795 1768 ἀρκοῦσαν
810 1734 884 1768 ἕχον-

93 1782 139 1806 te;
158 1775 226 1810 πρὸς
244 1775 293 1810 τὴν
311 1776 447 1811 σωτηρίαν
467 1777 544 1811 ἡμῶν
560 1777 608 1812 τῆς
626 1778 824 1814 παραδοθείσης
843 1779 884 1806 δι-

93 1820 244 1852 δασκαλίας
265 1821 314 1856 τὴν
340 1822 439 1848 πίστιν.
466 1823 502 1849 Τὸ
519 1823 573 1858 γὰρ
600 1823 694 1858 μαθεῖν
721 1825 759 1851 ὅτι
784 1826 885 1858 ἐκεῖνός

95 1866 152 1892 ἐστι
167 1867 198 1892 τὸ
212 1867 297 1898 ὄντως
311 1867 341 1893 ὅν
356 1876 362 1883 ·
377 1864 399 1901 ᾧ
412 1867 455 1894 διὰ
474 1868 523 1903 τῆς
542 1870 668 1904 exsuxit;
685 1871 788 1903 ἐννοίας
807 1873 823 1907 ἠ
838 1872 884 1899 τοῦ

96 1911 162 1937 Υίοῦ
177 1912 354 1947 μεγαλειότης
373 1914 607 1947 συναναφαίνεται,
635 1915 651 1949 ἠ
675 1915 828 1951 τελειοτάτη
846 1917 884 1944 δι-

95 1957 226 1983 δασκαλία
243 1957 293 1992 τῆς
312 1958 450 1990 εὺσεῆείας
468 1959 534 1990 ἐστὶ,
552 1959 598 1985 τοῦ
615 1959 691 1990 Υίοῦ,
708 1960 796 1993 καθὼς
810 1962 885 1998 εἴρη-

95 2011 151 2033 ται,
171 2003 351 2037 συνημμένως
374 2003 432 2038 μεθ’
449 2004 545 2030 ἑαυτοῦ
561 2004 590 2030 τὸ
607 2005 718 2040 Πνεῦμα
740 2006 789 2040 τῆς
812 2007 885 2042 ζωῆς

95 2055 124 2073 τε
142 2048 188 2073 καὶ
204 2048 328 2082 ἀληθινὸν
341 2049 590 2084 συνενδεικνυμένου
603 2059 608 2065 ·
626 2051 718 2086 ἐπειδὴ
734 2052 814 2084 αὐτὸς
826 2054 884 2080 ἐστι

97 2093 142 2119 καὶ
159 2093 215 2128 ζωὴ
230 2094 276 2120 καὶ
292 2094 414 2130 ἀλήθεια.

926 861 1106 895 nomcn,quod
1118 865 1191 888 esset
1208 861 1233 887 id
1252 868 1349 887 nomen
1371 869 1424 887 non
1442 860 1556 887 addidit.
1576 860 1718 893 Quomodo

927 907 999 934 enim
1016 907 1134 933 inveniri
1159 910 1253 942 posset
1270 915 1367 934 nomen
1384 907 1408 933 ei
1427 907 1465 933 rei
1485 912 1576 941 aptum
1594 915 1653 941 qua:
1669 915 1717 933 no-

927 961 989 980 men
1007 960 1086 980 omne
1099 953 1265 987 exsuperat?
1282 952 1327 979 sed
1349 956 1509 986 potestatem
1531 952 1605 983 fecit,
1625 956 1653 978 ut
1667 959 1716 986 pro

927 1003 1007 1034 captu
1023 1007 1073 1026 suo
1097 999 1274 1036 intelligentia
1296 1003 1401 1029 nostra,
1419 1000 1461 1034 pie
1477 1004 1624 1032 commota,
1641 1000 1717 1027 iuve-

928 1047 998 1073 niret
1019 1045 1127 1080 aliquod
1143 1054 1251 1077 nomen,
1274 1046 1347 1081 quod
1367 1047 1614 1080 superemineutem
1639 1051 1720 1073 natu-

927 1099 986 1118 ram
1002 1090 1160 1118 ostenderet
1178 1099 1184 1116 :
1209 1091 1330 1125 illudque
1343 1091 1469 1118 similiter
1489 1093 1718 1124 accommodaret,

928 1141 955 1164 et
973 1137 1056 1168 Patri,
1073 1141 1101 1164 et
1120 1136 1198 1169 Filio,
1219 1141 1245 1163 et
1261 1137 1375 1172 Spiritui
1392 1142 1506 1170 sancto;
1536 1138 1592 1165 sive
1617 1138 1718 1165 bonum

929 1184 987 1211 sive
1003 1183 1210 1218 incorruptibile
1230 1183 1343 1215 diceret,
1368 1183 1409 1210 vel
1431 1183 1504 1218 quod
1530 1184 1720 1219 untISquisque

929 1229 1125 1257 existimaverit
1149 1229 1260 1264 dignum
1281 1237 1344 1257 esse
1370 1237 1511 1256 assumere
1540 1230 1573 1256 ad
1604 1230 1720 1258 immor-

930 1275 992 1303 talis
1022 1280 1050 1302 et
1079 1278 1187 1302 mternze
1212 1278 1316 1301 natura:
1333 1274 1607 1301 demonstrationem.
1632 1274 1720 1310 Atque

929 1320 982 1347 hoc
1008 1320 1074 1347 mihi
1103 1320 1209 1347 videtur
1237 1319 1388 1347 secundum
1421 1319 1492 1345 hanc
1523 1319 1718 1353 expositionem

932 1365 1049 1394 Verbum
1065 1366 1122 1401 lege
1144 1365 1279 1397 sanxisse;
1307 1372 1405 1400 nempe
1429 1369 1456 1392 ut
1480 1365 1657 1399 persuaderet
1680 1365 1721 1392 di-

932 1411 1021 1437 vinam
1038 1413 1183 1439 essentiam
1206 1411 1270 1446 quid
1287 1419 1348 1438 esse
1369 1410 1517 1442 ineIYabile,
1536 1419 1589 1437 non
1610 1419 1722 1438 enarra-

932 1458 986 1485 bile
1011 1462 1037 1485 et
1067 1458 1349 1492 incompreln-nsibile.
1367 1456 1545 1492 Perspicuum
1572 1461 1614 1484 cst
1636 1458 1721 1488 enim,

934 1504 1004 1539 quod
1015 1504 1101 1531 Patris
1112 1504 1254 1538 appellatio
1279 1511 1332 1529 non
1341 1507 1382 1529 est
1398 1503 1521 1530 essentia:
1533 1502 1722 1538 signiﬁcatrix,

934 1550 982 1577 sed
1009 1550 1150 1577 relationis
1170 1550 1202 1576 ad
1224 1549 1320 1575 Filium
1342 1548 1435 1575 iudex.
1460 1548 1488 1574 Si
1510 1548 1592 1583 igitur
1621 1552 1724 1576 natura:

933 1597 1060 1623 humanae
1075 1596 1114 1624 ias
1128 1600 1201 1623 esset
1224 1596 1270 1623 Dei
1292 1595 1440 1623 essentiam
1463 1594 1606 1622 doceri'et
1633 1596 1724 1630 perci-

934 1649 1014 1676 pere;
1033 1641 1077 1668 ille
1100 1642 1146 1675 qui
1160 1641 1213 1668 t'itll
1225 1650 1313 1668 omnes
1331 1640 1417 1667 salvos
1433 1640 1501 1674 ﬁeri,
1520 1645 1543 1666 et
1560 1639 1594 1666 ad
1609 1641 1724 1668 veritatis

934 1688 1092 1722 agnitionem
1112 1688 1197 1714 venire
1209 1687 1241 1719 ⁸³,
1270 1695 1323 1714 ιιοη
1339 1687 1372 1713 de
1388 1687 1440 1713 hoc
1458 1686 1644 1720 cognitionem
1661 1687 1724 1714 reti-

935 1734 1052 1761 cuisset:
1065 1740 1138 1760 nunc
1159 1738 1246 1760 autem
1267 1741 1328 1759 cum
1348 1732 1416 1759 nihil
1431 1732 1464 1759 de
1481 1733 1600 1759 essentia
1614 1732 1724 1762 dixerit,

935 1778 1054 1806 ostendit
1081 1778 1154 1813 quod
1184 1778 1230 1805 illa
1255 1777 1376 1813 cognitio
1403 1777 1497 1804 haberi
1517 1777 1591 1804 nulla
1618 1777 1726 1804 solertia

935 1822 1034 1858 possit.
1045 1823 1123 1856 Quod
1136 1828 1225 1850 autem
1239 1822 1272 1849 ab
1287 1823 1332 1849 illo
1343 1822 1432 1848 edocti
1444 1826 1534 1849 mente
1549 1823 1724 1856 percipimus.

936 1870 1106 1898 demonstrat
1135 1870 1207 1904 quod
1239 1877 1271 1896 eo
1296 1868 1368 1902 quod
1389 1867 1584 1902 comprehendi
1614 1868 1727 1895 minimc

937 1920 1026 1951 potest
1047 1923 1100 1942 non
1123 1923 1255 1949 egemus;
1274 1913 1450 1941 sufﬁcientem
1477 1913 1509 1940 ad
1536 1913 1651 1940 salutem
1676 1922 1727 1940 no-

937 1967 1021 1989 stram
1039 1961 1170 1988 habentes
1196 1960 1301 1987 traditre
1317 1959 1449 1986 doctrina:
1465 1959 1554 1985 ﬁdem.
1573 1958 1639 1985 Nam
1655 1959 1724 1986 ineo

937 2007 1008 2043 quod
1022 2007 1154 2034 discimus
1169 2005 1241 2040 quod
1267 2005 1311 2032 ille
1333 2009 1374 2032 est
1392 2006 1417 2032 id
1433 2005 1506 2040 quod
1521 2013 1583 2032 vere
1597 2010 1649 2035 est,
1673 2013 1728 2040 quo

936 2055 1046 2082 nomine
1064 2054 1144 2080 etiam
1160 2052 1220 2079 Filii
1240 2051 1439 2087 magniﬁcentia
1459 2060 1506 2084 per
1519 2052 1657 2078 relativum
1679 2059 1729 2078 no-

935 2101 1022 2128 titiam
1043 2099 1208 2130 ostenditur,
1234 2097 1433 2132 perl'ectissima
1457 2097 1605 2132 Religionis
1629 2102 1729 2124 nostra:

95 2140 221 2168 doctrina
240 2145 293 2172 est,
309 2149 369 2168 cum
392 2142 461 2169 sicut
477 2142 532 2177 jam
550 2151 632 2178 supra
665 2144 768 2172 dictum
791 2152 843 2180 est,
878 2148 963 2178 Filius
993 2147 1160 2183 conjunctim
1181 2149 1207 2173 et
1226 2153 1278 2172 una
1310 2153 1370 2172 cum
1394 2145 1452 2179 ipso
1478 2144 1595 2180 Spiritus
1619 2145 1680 2171 vitae
1703 2147 1730 2170 et

94 2187 219 2214 veritatis
238 2192 467 2215 commonstretur
482 2197 487 2214 :
503 2189 637 2222 siquidem
665 2190 722 2224 ipse
735 2195 777 2218 est
793 2193 846 2220 vita
863 2187 889 2222 et
908 2197 1020 2223 veritas.

131 2235 241 2262 Τούτων
261 2235 332 2262 οὕτω
350 2236 530 2271 διῃρημένων,
549 2238 637 2264 πᾶσαν
658 2239 798 2275 αίρετικὴν
819 2242 884 2268 ὑπό·
901 2245 921 2272 1)

93 2281 177 2317 ληψιν
193 2283 223 2307 ὲν
243 2283 298 2312 τοίς
317 2281 397 2312 θείοις
416 2282 548 2316 δόγμασιν
567 2283 819 2318 ἁναθεματίζοντες,
841 2296 886 2313 πι-

95 2325 347 2360 cntingat/mntem;
369 2325 545 2361 ἐδιδάχθημεν
564 2327 616 2354 ὑπὸ
640 2329 690 2362 τῆς
713 2329 758 2356 τοῦ
785 2331 886 2367 Κυρίου

94 2371 197 2406 φωνῆς,
223 2371 263 2402 εἰ,
285 2371 315 2396 τὺ
336 2371 419 2406 ὄνομα
438 2372 484 2398 τοῦ
506 2372 610 2408 Πατρὺς
628 2373 674 2400 καὶ
695 2374 741 2400 τοῦ
761 2375 825 2402 Υἱοῦ
840 2377 887 2403 καὶ

93 2416 141 2443 τοῦ
163 2416 242 2450 ἁγίου
265 2417 422 2452 Πνεύματος
438 2426 445 2432 θ
471 2418 664 2453 ὁμολογοῦντες
682 2420 750 2455 μετὰ
767 2422 817 2457 τῆς
842 2423 888 2449 πί-

96 2470 182 2494 στεως
194 2462 307 2497 ταύτης.
322 2463 368 2489 καὶ
381 2463 429 2498 τὴν
441 2465 590 2499 γενομένην
605 2466 680 2500 παρὰ
692 2466 738 2493 τοῦ
754 2468 887 2495 Δεσπότου

95 2509 143 2544 τῆς
163 2510 281 2541 κτίσεως
303 2509 374 2544 ,ὑπὲρ
393 2509 447 2536 τῶν
467 2510 618 2546 ἀνθρώπων
634 2512 787 2547 οἰκονομίαν
804 2522 810 2529 ·
838 2515 891 2546 Ὃς

95 2556 129 2582 ἐν
140 2555 243 2590 μορφῇ
260 2555 335 2582 Θεοῦ
353 2555 502 2589 ὑπάρχων,
516 2557 571 2590 οὐχ
589 2557 743 2592 ἁρπαγμὸν
756 2559 891 2593 ἡγήσατο

96 2602 129 2627 τὸ
142 2599 220 2628 εἶναι
240 2598 293 2627 ἶσα
312 2600 373 2633 Θεῷ
384 2622 390 2632 ,
407 2601 473 2628 ἀλλ’
497 2602 606 2628 ἐαυτᾶν
623 2603 752 2630 ἐκένωσεν
772 2604 891 2639 μσρρὴν

97 2647 208 2674 δούλου
220 2646 325 2673 ,λαϐὼν
337 2655 344 2662 ⁸
361 2647 408 2673 καὶ
423 2647 574 2682 σαρκωθεὶς
584 2649 613 2674 ἐν
627 2650 659 2684 τῇ
671 2649 734 2684 ἁγίᾳ
751 2650 890 2686 Παρθένῳ,

98 2693 272 2729 ἑλυτρώσατο
287 2693 362 2728 ἡμᾶς
374 2693 405 2719 ἐκ
418 2693 464 2719 τοῦ
479 2693 595 2720 θανάτου
606 2703 612 2708 ·
632 2696 660 2721 ἐν
676 2693 698 2728 ᾧ
715 2697 894 2732 κατειχόμεθα

132 2787 156 2802 ε’
175 2785 182 2811 1
202 2778 326 2811 Timoth.
350 2791 379 2815 ιι,
400 2784 424 2810 .t.
464 2785 485 2799 ετ
501 2767 619 2814 ιηιίιίιιοξ
633 2766 660 2815 ιί,
677 2786 702 2811 (ς.

971 2243 1019 2270 llis
1035 2243 1126 2276 itaque
1141 2241 1182 2268 sic
1202 2239 1340 2266 distinctis
1360 2246 1467 2265 onmem
1490 2237 1646 2265 hmreticam
1669 2238 1727 2271 opi-

940 2289 1050 2316 nionem
1073 2288 1100 2314 in
1123 2286 1223 2314 divinis
1251 2284 1369 2312 decretis
1391 2284 1558 2311 detestantes
1580 2283 1730 2316 credimus,

940 2334 1012 2362 sicut
1028 2341 1042 2359 a
1058 2331 1163 2359 Domini
1178 2338 1243 2358 voce
1254 2329 1325 2356 docti
1338 2329 1448 2361 fuimus,
1467 2330 1493 2355 in
1516 2337 1614 2356 nomen
1629 2328 1730 2360 Patris,

940 2381 967 2404 et
986 2376 1058 2409 Filii,
1081 2379 1108 2402 et
1130 2374 1249 2410 Spiritus
1269 2373 1378 2401 sancti:
1408 2374 1570 2401 conﬁtentes
1594 2382 1656 2400 cum
1681 2374 1732 2400 hac

942 2423 992 2450 ﬁde
1014 2421 1112 2449 factam
1129 2429 1143 2447 a
1158 2420 1271 2447 Domino
1289 2423 1423 2446 creatura:
1441 2427 1489 2454 pro
1504 2419 1660 2447 hominibus
1675 2420 1732 2446 dis-

944 2468 1144 2504 pensationem,
1163 2466 1214 2499 Qui
1239 2474 1297 2492 cum
1318 2465 1345 2492 in
1363 2465 1450 2499 [arma
1467 2465 1514 2491 Dei
1526 2470 1603 2498 esset,
1619 2473 1670 2492 non
1689 2473 1732 2492 ra-

944 2515 1033 2548 pinam
1054 2513 1198 2540 arbitratus
1214 2516 1252 2539 est
1271 2519 1364 2538 essese
1384 2511 1510 2546 aequalem
1533 2511 1596 2541 Deo,
1622 2511 1666 2537 sed
1693 2519 1732 2537 εει

946 2561 1085 2594 metipsum
1118 2558 1285 2590 exinauivit,
1313 2557 1428 2592 formam
1455 2557 1523 2583 serui
1546 2556 1676 2589 accipiens
1697 2556 1730 2585 “,

946 2606 1069 2642 atquein
1085 2609 1179 2632 sancta
1204 2604 1315 2639 Virgine
1335 2604 1491 2631 incarnatus
1514 2610 1544 2629 ex
1572 2605 1658 2628 morte
1682 2608 1732 2628 nos

945 2652 1069 2685 redemit,
1082 2652 1171 2686 inqua
1183 2650 1372 2678 detinebantur
1383 2649 1435 2676 sub
1447 2651 1557 2682 peccato
1574 2646 1731 2677 venundati,

948 2698 1017 2726 dans
1041 2698 1267 2734 permutationem
1304 2695 1361 2723 sive
1391 2695 1506 2729 pretium
1537 2691 1740 2732 redemptionis
