1957 3079
224 76 278 108 ιτε

837 74 866 101 S.
883 72 1047 101 GREGORII
1059 71 1203 101 NYSSENI

1798 68 1850 96 ΗΘ

227 137 379 166 animarum
397 140 551 164 nostrarum
575 143 653 162 suum
673 134 822 170 pretiosum
836 134 1009 169 sanguinem,

1078 134 1118 160 ιπδ
1144 133 1194 168 τῆς
1221 132 1357 168 ἁμαρτίας
1381 131 1568 167 πεπραμένοι·
1598 130 1658 162 δοὺς
1674 130 1852 166 ἀντάλλαγμα

227 190 307 218 quem
331 190 379 217 per
398 189 506 209 crucem
535 180 640 213 eli'udit,
667 189 699 207 ac
722 188 769 215 per
791 188 820 207 se
844 181 922 207 nobis
942 180 1013 206 viam

200 250 204 253 .
227 228 324 256 stravit
335 227 368 254 ad
383 227 622 254 resurrectionem.
645 225 740 254 V'eniet
751 226 823 253 enim
837 226 896 253 suis
912 230 1016 259 tempo-

228 274 304 308 ribus
323 273 351 298 ln
372 271 457 306 gloria
477 271 564 298 Patris
585 279 693 299 omnem
716 271 835 298 animam
858 271 886 298 in
908 270 1015 304 justitia

225 318 422 354 judicaturus:
445 317 555 352 quando
582 325 677 345 omnes
702 317 750 352 qui
780 317 806 343 in
832 315 1016 343 monumentis

229 367 293 391 sunt
320 362 431 389 audient
454 369 548 389 vocem
572 361 642 396 ejtls,
661 366 688 390 et
708 361 854 396 prodibunt
873 361 919 396 qui
946 360 1016 387 bona

227 408 332 444 egerint
343 408 370 435 in
382 409 613 435 resurrectionem
637 409 709 440 vitae,
726 407 771 442 qui
798 415 863 434 vero
886 406 967 437 mala,
989 405 1015 432 in

230 454 460 481 resurrectionem
488 453 584 488 judicii
611 453 645 480 ".
676 453 766 486 Quare
791 460 825 479 ne
851 452 877 479 in
899 452 1017 486 aliquem

227 499 426 534 simpliciorum
438 499 606 533 inexplorate
619 498 713 532 illapsa
725 497 853 524 haeretica
868 496 1016 528 discordia,

227 553 288 580 qua:
318 552 391 572 nunc
419 545 454 571 ab
483 544 616 571 Eunomia
640 543 855 575 disseminatur,
883 542 1016 569 sinceram

228 591 308 619 ﬁdem
323 595 350 617 ct
365 590 517 618 doctrinam
536 589 616 617 laedat
635 593 662 616 et
679 589 820 624 depravet,
836 590 1017 622 proponeutcs

228 636 426 672 expositionem
443 643 503 670 quae
522 635 556 662 ab
570 635 638 670 ipsis
661 633 865 664 circumiertur,
883 631 1018 668 dogmatis

228 683 352 718 ipsorum
371 681 532 716 pravitatem
547 681 710 715 redarguere
721 679 894 708 conabimur.

269 803 315 830 Sic
331 802 412 838 igitur
429 801 530 828 habent.
558 799 639 826 verba
663 797 817 833 dogmatis:
833 795 971 824 Creditum
991 795 1018 821 in
1037 798 1056 827 Β

237 857 318 876 unum
328 853 352 875 et
365 848 451 874 solum
466 853 552 873 verum
570 845 651 871 Deum
663 842 803 870 secundum
819 842 899 875 ipsius
913 840 1020 866 Domini

230 883 388 925 doctrinam,
407 901 458 919 non
473 891 581 918 mentita
599 898 658 917 voce
673 890 757 923 ipsum
769 888 880 915 colentes
893 894 938 920 (est
950 888 1020 914 enim

230 939 457 968 anuiis'nmulacii
471 938 586 971 expers),
602 935 646 962 sed
663 943 722 962 eum
738 935 848 969 quirere
863 938 901 960 est
922 938 1019 960 natura

229 993 254 1015 ει
263 987 359 1022 gloria,
375 985 442 1012 Deus
462 992 540 1015 unus,
558 982 663 1017 absque.
673 982 815 1016 principio,
836 985 941 1011 (vicrne,
964 980 1021 1006 sine

231 1035 294 1068 fine,
311 1033 392 1060 solus.
421 1031 472 1064 Qui
495 1029 644 1063 secundum
662 1027 769 1055 Domini
790 1027 941 1054 doctrinam
959 1034 1021 1053 cre-

230 1079 294 1107 dere
312 1076 448 1112 promisit,
466 1083 498 1102 ne
512 1078 647 1110 pervertat
665 1073 764 1100 iactant
777 1073 810 1099 ab
829 1073 1020 1100 universorum

232 1124 348 1151 Domino
368 1122 429 1149 (idci
453 1120 662 1156 expositionem,
690 1118 723 1145 ad
746 1119 772 1146 id
799 1118 871 1153 quod
892 1118 945 1145 sibi
969 1118 1020 1152 ipsi

231 1170 349 1201 videtur,
371 1168 418 1195 sed
439 1167 553 1194 vocibus
572 1173 587 1192 a
602 1165 716 1192 veritate
741 1163 871 1199 profectis
885 1164 1022 1192 assentia-

231 1219 286 1242 tur.
303 1214 362 1241 Illic
381 1213 463 1248 igitur
476 1219 537 1238 cum
553 1210 662 1238 verbum
680 1210 740 1237 ﬁdei
753 1210 950 1244 complectatur
974 1217 1023 1236 no-

233 1269 292 1288 men
307 1259 408 1290 Patris,
424 1263 451 1286 et
463 1257 536 1289 Filii,
552 1261 580 1284 et
598 1256 718 1292 Spiritus
735 1257 835 1288 sancti,
852 1263 933 1290 quam
955 1263 1022 1282 con-

233 1306 387 1334 sonantiam
404 1305 504 1331 habent
517 1311 548 1331 ea
563 1311 625 1338 qua:
637 1310 710 1330 nunc
723 1307 787 1330 sunt
797 1303 948 1337 composita
960 1309 1022 1329 cum

234 1352 342 1380 [toinini
362 1351 487 1381 vocibus,
503 1354 533 1377 ut
545 1349 578 1376 ad
595 1349 703 1376 illorum
720 1349 873 1376 doctrinam
892 1348 946 1375 tale
954 1347 1023 1383 dog-

234 1407 277 1426 ma
286 1398 370 1433 possit
383 1396 478 1424 referri
490 1395 501 1422 ?
512 1395 627 1422 Ubinam
641 1395 709 1422 dixit
724 1395 855 1422 Dominus
865 1394 891 1421 in
903 1393 1024 1429 Evange-

234 1445 279 1471 liis
291 1447 417 1478 oportere
429 1441 540 1469 credere
553 1441 579 1468 in
593 1448 677 1468 unum
690 1445 714 1468 el
724 1441 811 1468 solum
821 1448 915 1468 verum
924 1439 1024 1466 Deuni?

234 1490 295 1516 Non
305 1491 417 1523 possent
432 1487 636 1514 ostenderenisi
656 1486 834 1521 habeantipsi
854 1493 954 1512 novum
976 1485 1024 1511 ali.
1040 1476 1062 1505 (ἶ

235 1534 308 1568 quod
318 1533 502 1568 Evangelium.
513 1531 576 1564 Qua:
585 1532 657 1558 enim
668 1531 701 1557 ab
711 1531 831 1565 antiquis
839 1538 886 1565 per
903 1530 1028 1556 traditio-

236 1587 298 1606 nem
315 1578 349 1605 ad
365 1578 423 1606 ha'c
443 1585 529 1612 usque
556 1581 680 1611 tempora
705 1577 731 1602 in
746 1576 875 1603 Ecclesiis
890 1576 1028 1609 leguntur,

237 1626 308 1652 hanc
333 1631 427 1651 vocem
448 1631 501 1650 non
513 1623 665 1654 continent,
676 1621 960 1656 qua-.dicatoporterc,
971 1629 1030 1649 cre-

237 1671 303 1698 dere
320 1671 359 1697 vel
371 1669 509 1704 baptizare
527 1669 553 1695 in
571 1675 654 1694 unum
675 1671 701 1694 et
713 1668 800 1695 soluat
818 1675 912 1694 verum
935 1667 1029 1699 Deum,

238 1716 467 1752 quemadmodum
477 1715 519 1741 isti
529 1718 680 1745 autumant,
690 1714 736 1740 sed
754 1714 780 1740 in
792 1721 889 1741 nomen
896 1713 994 1746 Patris,
1003 1717 1031 1740 et

239 1762 313 1794 Filii,
329 1767 356 1788 et
372 1761 492 1796 Spiritus
507 1760 605 1787 sancti.
622 1758 678 1785 Nos
695 1763 785 1785 anteiri
804 1758 876 1785 sicut
902 1765 916 1784 a
940 1757 1031 1785 Domi-

243 1808 269 1835 ni
284 1814 350 1834 vom
371 1807 460 1833 rtht-li
477 1805 594 1837 fuimus,
611 1805 663 1832 hoc
683 1804 831 1831 asserimus
856 1805 927 1838 quod
950 1812 1031 1830 unum

240 1861 295 1882 non
312 1853 418 1880 Patrem
441 1851 576 1886 signiﬁcat
594 1851 694 1882 solum,
707 1850 756 1877 sed
770 1850 851 1877 etiam
871 1849 970 1877 Filium
993 1850 1031 1877 si-

216 1904 223 1915 ‘
241 1899 298 1926 mul
315 1907 376 1925 eum
397 1897 475 1925 Patre
495 1897 676 1928 demonstrat,
701 1904 763 1923 cum
788 1897 828 1923 sic
851 1896 919 1923 dixit
945 1895 1033 1923 Domi-

242 1952 306 1975 nus.
324 1943 378 1978 Ego
390 1948 414 1970 et
431 1943 511 1973 Pater
531 1951 610 1968 unum
641 1950 732 1969 sumus
760 1941 792 1968 °‘.
822 1942 977 1974 Quinetiam
1006 1945 1033 1969 ct

241 1989 351 2017 deitatis
372 1989 517 2023 appellatio
540 1988 682 2022 aequaliter
706 1987 833 2022 imposita
851 1992 893 2014 est
907 1992 934 2014 et
959 1987 1034 2022 prin—

241 2035 325 2070 cipio,
340 2035 365 2061 in
377 2042 431 2069 quo
447 2039 505 2061 erat
519 2033 650 2065 Verbum,
670 2039 696 2060 et
713 2034 764 2068 ipsi
786 2033 873 2060 Verbo
886 2033 958 2067 quod
976 2037 1035 2060 erat

243 2081 270 2108 in
287 2081 430 2116 principio.
452 2079 523 2106 Dixit
541 2079 613 2106 cnim
632 2079 704 2113 quod
732 2079 814 2106 ctiam
840 2078 951 2104 Verbum
976 2082 1034 2105 erat

245 2125 315 2159 apud
330 2125 413 2151 Deum
430 2125 451 2140 ⁸⁷
466 2145 473 2156 ,
489 2129 516 2151 et
527 2124 598 2159 qttod
613 2123 682 2150 Deus
692 2128 749 2150 erat
770 2123 893 2150 Verbum.
913 2123 949 2149 Ita
964 2128 992 2150 ut
1006 2124 1032 2150 in

247 2171 358 2198 deitatis
374 2170 540 2204 signiﬁcato.
560 2169 641 2196 simul
659 2176 720 2195 cum
744 2168 824 2195 Patre
843 2167 929 2195 Filius
954 2169 1033 2195 intel-
1050 2155 1071 2182 θ

245 2217 356 2251 ligatur.
376 2215 512 2241 Przetcrca
526 2214 552 2241 id
566 2213 637 2249 quod
648 2214 767 2241 essentia
785 2222 879 2240 verum
894 2218 945 2247 est,
967 2213 1034 2240 nihil

246 2263 320 2289 aliud
338 2266 436 2296 praeter
453 2261 594 2287 veritatem
609 2263 698 2294 potest
711 2259 835 2294 intelligi.
849 2259 927 2293 Quod
943 2263 1034 2286 autem

247 2308 378 2335 Dominus
398 2308 433 2334 sit
448 2306 559 2337 veritas,
576 2305 668 2332 nullus
689 2306 858 2333 contradicet
876 2306 968 2341 plane,
980 2306 1034 2333 nisi

247 2362 262 2381 a
280 2353 395 2379 veritate
425 2351 521 2377 devius
539 2358 652 2385 prorsus
668 2355 695 2378 et
717 2351 834 2380 alienus.
855 2353 884 2380 Si
901 2352 984 2388 igitur
1006 2353 1034 2379 in

249 2406 305 2426 uno
319 2397 437 2425 Verbum
454 2400 506 2426 est.
525 2401 551 2423 et
570 2396 640 2424 Deus
654 2402 695 2424 est
712 2401 739 2425 et
762 2399 874 2430 veritas,
901 2399 1034 2433 quemad-

249 2444 361 2472 modum
390 2443 416 2469 in
433 2442 586 2478 Evangeliis
599 2443 772 2478 praedicatur,
790 2444 823 2472 ad
839 2452 920 2479 quant
946 2444 1036 2471 Domi-

250 2491 277 2517 ni
292 2489 443 2516 doctrinam
461 2488 544 2515 rel'ert
564 2488 628 2515 illud
649 2489 757 2524 dogma,
785 2491 832 2525 qui
855 2490 899 2518 his
919 2489 1036 2517 distinc-

251 2535 315 2562 tivis
332 2533 444 2561 vocibus
463 2537 504 2560 cst
530 2534 615 2561 usus?
638 2534 703 2562 Nam
720 2535 856 2562 contraria
881 2535 1037 2563 diﬂcrentia

251 2581 338 2608 solius
354 2579 386 2606 ad
405 2587 458 2606 non
475 2580 574 2612 solum,
593 2584 634 2607 est
654 2581 735 2607 etiam
749 2581 794 2607 Dei
814 2581 846 2607 ad
863 2589 917 2608 non
938 2581 1034 2614 Deum,

251 2631 279 2654 et
293 2626 350 2653 veri
370 2625 402 2652 ad
423 2634 477 2653 non
494 2634 600 2653 verum.
628 2626 656 2652 Si
678 2627 758 2661 igitur
777 2627 809 2654 ad
835 2627 905 2654 idola
930 2629 1038 2656 intuen-

263 2680 304 2705 ες,
319 2672 391 2699 hanc
413 2672 445 2698 ad
466 2672 510 2698 illa
535 2672 680 2698 verborum
707 2672 848 2699 adversarii
874 2674 1036 2702 divisionem

252 2718 365 2749 iaciunt.
378 2726 427 2745 nos
435 2718 514 2745 etiam
527 2717 702 2745 assentimur.
721 2717 861 2752 Siquidem
881 2727 928 2753 pcr
945 2720 1041 2748 homo-

288 2774 310 2790 ⁸⁵
330 2773 407 2801 Joan.
423 2774 503 2807 γ,Ξῇ
535 2775 557 2788 ⁶⁵
575 2773 652 2800 Jaan.
673 2782 698 2806 κ,
712 2774 756 2802 ὖῐ).
797 2774 896 2802 ﬁ"Junii.
915 2783 933 2809 t,
952 2776 975 2803 Ι.

1067 179 1116 212 τῆς
1137 177 1296 213 λυτρώσεως
1310 177 1364 204 τῶν
1390 177 1482 212 ψυχῶν
1498 176 1586 211 ἡμῶν,
1608 177 1638 203 τὸ
1660 177 1751 212 τίμιον
1770 177 1851 204 αὐτοῦ

1066 221 1144 258 αἷμα,
1159 223 1172 250 6
1185 223 1274 258 ἐξέχεε
1289 216 1333 250 διὰ
1348 222 1395 249 τοῦ
1407 222 1523 257 σταυροῦ
1534 230 1540 236 ·
1555 222 1601 248 καὶ
1615 222 1777 257 ὁδοποιήσας
1787 223 1852 256 ἡμῖν

1066 269 1100 295 δι’
1116 268 1212 294 ἑαυτοῦ
1226 269 1275 304 τὴν
1294 268 1326 294 ὲκ
1341 267 1444 303 νεκρῶν
1465 268 1628 294 ἀνάστασιν·
1645 268 1704 301 ἥξει
1720 268 1776 302 γὰρ
1793 276 1854 294 και-

1067 315 1123 349 ροῖς
1139 313 1212 345 ἰδίοις
1224 314 1252 340 ὲν
1266 314 1298 348 τῇ
1309 313 1372 348 δόξῃ
1382 313 1427 338 τοῦ
1443 312 1548 348 [ἰατρὸς
1561 313 1651 347 κρῖναι
1666 313 1756 339 πᾶσαν
1765 312 1855 348 ψυχὴν

1066 360 1095 385 ὲν
1117 358 1294 394 δικαιοσύνῃ’
1319 359 1363 384 ὅτε
1394 358 1493 389 πάντες
1524 359 1548 384 oi
1573 359 1602 384 ἐν
1624 359 1680 389 τοῖς
1711 358 1855 393 μνημείοις

1066 404 1227 431 ἀκούσονται
1249 403 1298 438 τῆς
1318 403 1408 439 φωνῆς
1423 403 1504 430 αὐτοῦ
1522 412 1529 418 ·
1556 404 1601 430 καὶ
1623 403 1808 436 ἐξελεύσονται
1829 405 1855 430 oi

1069 450 1117 485 μὲν
1131 449 1165 476 τὰ
1177 449 1265 484 ἀγαθὰ
1281 450 1442 485 ποιήσαντες
1459 451 1499 481 εἰς
1517 450 1663 476 ἀνάστασιν
1677 450 1750 485 ζωῆς
1762 459 1769 466 ·
1787 451 1812 476 oi
1827 450 1856 477 δὲ

1067 495 1100 521 τὰ
1114 494 1203 529 φαῦλα
1217 495 1378 530 πράξαντες,
1395 495 1434 526 είς
1455 495 1602 522 ἀνάστασιν
1616 495 1742 528 κρίσεως,
1765 496 1811 526 Ὠς
1824 495 1858 522 ἂν

1069 540 1137 576 μηδέ
1158 549 1210 567 τινι
1224 540 1279 567 τῶν
1302 541 1492 576 ἁπλουστέρων
1509 541 1694 574 ἀνεξετάστως
1710 550 1858 577 παρεμπε-

1069 585 1152 612 σοῦσα
1167 586 1184 621 ἡ
1198 586 1322 621 αίρετικὴ
1335 585 1458 622 διαφορὰ,
1478 587 1494 622 ἠ
1509 587 1556 612 νῦν
1569 587 1645 622 παρὰ
1658 586 1705 613 τοῦ
1722 587 1858 622 Εὑνομίου

1067 631 1297 667 διασπειρομένη,
1323 632 1431 667 βλάψειε
1453 633 1502 668 τὴν
1527 633 1672 669 ἀκέραιον.
1700 633 1860 667 ἀναγκαίαις

1069 678 1257 712 προστιθέντες
1288 678 1337 714 τὴν
1363 676 1580 715 περιφερομένην
1608 681 1672 716 παρ’
1699 680 1790 707 αὐτῶν
1812 679 1864 706 ἐκ-

1069 722 1153 754 θεσιν,
1169 724 1302 758 διελέγξαι
1316 725 1365 760 τὴν
1378 725 1476 752 κακίαν
1489 725 1536 752 τοῦ
1550 725 1683 760 δόγματος
1696 726 1786 752 αὐτῶν
1804 735 1864 752 πει-

1072 768 1220 803 ρασόμεθα.

1110 815 1186 848 Ἔχει
1203 815 1292 841 τοίνυν
1305 816 1321 850 ἡ
1337 814 1408 847 λέξις
1420 814 1466 841 τοῦ
1479 815 1622 850 δόγματος,
1639 815 1710 842 οὕτω
1719 824 1726 831 ·
1736 816 1864 842 Πιστεύ-

1075 867 1149 892 ομεν
1161 860 1204 892 εἰς
1216 859 1268 885 τὸν
1279 859 1333 886 ἕνα
1349 859 1397 886 καί
1413 860 1510 894 μόνον
1532 859 1677 893 ἀληθινὸν
1697 861 1772 888 Θεὸν
1786 861 1865 887 κατὰ

1074 904 1131 937 τὴν
1145 904 1238 931 αὐτοῦ
1255 905 1308 931 τοῦ
1324 906 1434 939 Κυρίου
1456 905 1674 933 διδασκαλίαν·
1699 907 1755 933 οὑκ
1773 907 1867 940 ἐψευ-

1074 949 1170 984 σμένῃ
1186 949 1270 983 φωνῇ
1283 951 1423 984 τιμῶντες
1435 951 1543 978 αὐτόν’
1561 952 1626 978 ἐστι
1639 952 1693 986 γὰρ
1707 952 1846 986 ἀψευδής
1855 960 1864 967 ·

1074 996 1143 1023 ἀλλ’
1162 996 1254 1029 ὄντως
1275 996 1347 1022 ὄντα
1363 997 1453 1030 φύσει
1470 1005 1503 1023 τε
1527 997 1577 1024 καί
1598 997 1672 1031 δόξῃ
1700 998 1776 1024 Θεὸν
1797 997 1864 1029 ἕνα,

1075 1041 1221 1075 ὰνάρχως.
1244 1041 1355 1075 ἀιδίως,
1376 1042 1589 1076 ἀτελευτήτως,
1609 1043 1715 1077 μόνον.
1743 1043 1774 1069 '0
1794 1044 1868 1070 κατά

1075 1087 1124 1121 τὴν
1148 1086 1194 1113 τοῦ
1219 1086 1320 1122 Κυρίου
1343 1087 1516 1114 διδασκαλίαν
1541 1087 1678 1114 πιστεύειν
1697 1088 1867 1121 ἐπαγγειλά-

1077 1141 1166 1167 μενος,
1183 1132 1220 1167 μὴ
1235 1133 1432 1168 παρατρεπέτω
1443 1134 1492 1168 τὴν
1509 1134 1583 1168 παρά
1597 1133 1643 1160 τοῦ
1660 1134 1796 1160 Δεσπότου
1811 1134 1867 1160 τῶν

1075 1179 1143 1205 ὅλων
1157 1179 1304 1214 γενομένην
1319 1179 1368 1214 τῆς
1386 1179 1503 1210 πίστεως
1518 1179 1634 1211 ἔκθεσιν,
1648 1180 1716 1216 πρὸς
1734 1180 1765 1207 τὸ
1776 1181 1869 1216 ἑαυτῷ

1076 1224 1170 1251 δοκοῦν
1183 1233 1189 1240 ·
1215 1224 1272 1250 ἀλλ’
1293 1224 1471 1252 ἀκολουθείτω
1493 1226 1552 1256 ταῖς
1573 1226 1648 1261 παρὰ
1670 1227 1719 1261 τῆς
1736 1226 1869 1261 ἀληθείας

1077 1271 1188 1304 φωναῖς.
1213 1271 1287 1297 Ἐκεῖ
1307 1271 1395 1297 τοίνυν
1418 1271 1464 1297 τοῦ
1481 1271 1559 1305 λόγου
1578 1271 1628 1306 τῆς
1650 1272 1767 1303 πίστεως
1789 1281 1869 1306 περι-

1078 1316 1185 1352 έχοντος
1201 1317 1231 1342 τὸ
1245 1316 1330 1351 δνομα
1343 1316 1389 1343 τοῦ
1406 1317 1521 1352 Πατρὸς.
1536 1317 1582 1344 καὶ
1600 1317 1646 1343 τοῦ
1662 1317 1738 1349 Υἱοῦ,
1754 1318 1803 1344 καὶ
1819 1317 1869 1344 τοῦ

1077 1362 1156 1396 ἁγίου
1170 1361 1338 1397 Πνεύματος,
1353 1362 1413 1388 τίνα
1424 1363 1582 1396 συμψωνίαν
1594 1362 1650 1397 ἔχει
1665 1363 1699 1389 τὰ
1711 1363 1758 1389 νῦν
1775 1371 1871 1389 συντε-

1077 1408 1189 1443 θειμένα
1200 1408 1267 1443 πρὸς
1279 1407 1328 1439 τὰς
1343 1407 1389 1434 τοῦ
1401 1408 1534 1434 Δεσπότου
1547 1409 1637 1442 φωνάς
1647 1417 1653 1423 ·
1671 1408 1740 1435 ὥστε
1766 1409 1808 1440 είς
1819 1409 1871 1442 τὴν

1077 1453 1188 1480 ἐκείνων
1214 1453 1387 1480 διδασκαλίαν
1399 1453 1429 1479 τὸ
1450 1453 1569 1480 τοιοῦτον
1589 1454 1734 1489 ἀναφέρειν
1758 1454 1869 1489 δόγμα;

1078 1499 1133 1526 Ποῦ
1146 1499 1234 1526 τοίνυν
1247 1496 1307 1525 εἷπε
1320 1499 1374 1525 δεῖν
1388 1499 1525 1526 πιστεύειν
1544 1500 1584 1531 εἰς
1597 1499 1642 1526 τὸν
1659 1500 1708 1526 ἕνα
1721 1499 1770 1526 καὶ
1788 1500 1872 1534 μόνον

1079 1544 1203 1579 ἀληθινὸν
1219 1544 1283 1570 Θεὸν
1298 1545 1326 1571 ὲν
1341 1546 1396 1575 τοῖς
1412 1544 1586 1578 Εὑαγγελίοις
1605 1546 1619 1571 ὁ
1632 1545 1748 1580 Κύριος·
1769 1545 1819 1571 οὐκ
1838 1545 1872 1571 iv

1079 1591 1165 1626 ἔχοιεν
1176 1589 1315 1622 ἐπιδεῖξαι,
1330 1591 1353 1616 εί
1369 1591 1406 1625 μή
1420 1599 1445 1616 τι
1461 1590 1519 1617 νέον
1529 1590 1587 1616 ἐστὶ
1602 1591 1666 1625 παρ’
1680 1591 1772 1622 αὐτοῖς
1783 1591 1872 1624 Εὐαγ-

1081 1633 1171 1667 γέλιον
1181 1641 1187 1647 ·
1206 1633 1223 1660 ἃ
1236 1633 1290 1668 γὰρ
1306 1633 1336 1665 ἐξ
1347 1633 1466 1669 ἀρχαίων
1483 1634 1562 1670 μέχρι
1573 1634 1620 1660 τοῦ
1633 1634 1680 1661 νῦν
1697 1635 1769 1662 κατὰ
1783 1635 1874 1661 διαδο-

1082 1677 1132 1712 χὴν
1148 1678 1176 1704 ἐν
1189 1678 1249 1709 ταῖς
1270 1677 1442 1712 Ἐκκλησίαις
1462 1678 1688 1712 ἀναγινώσκεται,
1703 1679 1806 1715 ταύτην
1821 1680 1874 1714 τὴν

1081 1723 1173 1757 φωνὴν
1186 1723 1217 1749 οὺ
1236 1723 1356 1758 περιέχει
1375 1723 1424 1759 τὴν
1443 1723 1574 1758 λέγουσαν
1589 1733 1597 1739 ·
1618 1724 1673 1751 δεῖν
1693 1725 1833 1752 πιστεύειν
1853 1726 1871 1761 ἢ

1083 1768 1220 1804 βαπτίζειν
1235 1770 1274 1800 είς
1288 1769 1333 1795 τὸν
1345 1769 1392 1795 ἕνα
1406 1770 1452 1796 καὶ
1467 1770 1547 1805 μόνον
1557 1770 1680 1805 ἀληθινὸν
1692 1771 1768 1803 Θεὸν,
1780 1772 1874 1803 καθὼς

1082 1811 1154 1841 οὗτοι
1170 1815 1294 1848 λέγουσιν
1305 1823 1312 1830 ⁸
1335 1815 1392 1841 ἀλλ’
1412 1816 1452 1847 είς
1465 1816 1496 1842 τὸ
1512 1816 1596 1851 ὄνομα
1619 1816 1665 1843 τοῦ
1690 1817 1808 1851 Πατρδς,
1825 1818 1873 1844 καὶ

1082 1860 1130 1888 τοῦ
1149 1861 1231 1892 Υἱοῦ,
1250 1861 1295 1887 καὶ
1316 1860 1362 1886 τοῦ
1383 1861 1460 1895 ἁγίου
1482 1861 1650 1896 Πνεῦματος.
1678 1863 1722 1894 Ὠς
1743 1863 1772 1889 δὲ
1791 1864 1874 1898 ἡμεῖς

1084 1907 1159 1943 παρὰ
1180 1907 1229 1941 τῆς
1247 1906 1295 1932 τοῦ
1311 1907 1446 1933 Δεσπότου
1471 1908 1562 1943 φωνῆς
1583 1908 1769 1944 ἐδιδάχθημεν,
1792 1910 1874 1936 τοῦτο

1085 1952 1188 1987 φαμέν·
1211 1952 1294 1978 ὅτιτὸ
1311 1953 1366 1978 Ἓν
1387 1953 1416 1978 οὗ
1438 1953 1484 1980 τὸν
1504 1953 1612 1989 Πατέρα
1629 1955 1754 1989 σημαίνει
1780 1955 1872 1990 μόνον,

1084 1997 1152 2024 ἀλλά
1166 1998 1212 2024 καὶ
1227 1997 1272 2023 τὸν
1291 1998 1353 2024 Υίὺν
1369 1997 1406 2033 τῷ
1426 1999 1513 2034 Πατρὶ
1528 2000 1741 2026 συνενδείκνυται
1756 2010 1762 2016 ·
1785 2001 1873 2032 οὕτως

1085 2043 1207 2073 εἰπόντος
1227 2042 1273 2068 τοῦ
1297 2041 1416 2078 Κυρίου,
1447 2044 1488 2070 ὅτι
1513 2044 1586 2079 Ἐγὼ
1609 2045 1658 2072 καί
1676 2047 1693 2072 ό
1709 2046 1817 2080 ’Πατὴρ
1838 2047 1874 2072 ἒν

1085 2087 1191 2121 ἐσμέν.
1216 2087 1330 2122 Ὁμοίως
1341 2087 1401 2114 καὶ·
1411 2088 1441 2115 τὸ
1452 2088 1575 2124 θεότητος
1588 2090 1682 2125 ὄνομα,
1698 2090 1795 2124 ἐπίσης
1811 2091 1872 2117 ἐπι-

1087 2133 1226 2167 κέκληται,
1243 2134 1276 2168 τῇ
1295 2141 1325 2158 τε
1346 2132 1416 2167 ἀρχῇ
1436 2133 1464 2159 ὲν
1519 2135 1533 2160 6
1552 2134 1654 2168 Λόγος,
1675 2135 1721 2161 καὶ
1737 2135 1777 2169 τῷ
1797 2137 1825 2161 ὲν
1839 2138 1872 2171 τῇ

1085 2179 1155 2214 ἀρχῇ
1170 2178 1227 2204 ὄντι
1242 2178 1336 2212 Λόγῳ’
1355 2175 1415 2204 εἷπε
1430 2178 1482 2215 γὰρ
1494 2180 1533 2205 ὅτι
1548 2180 1596 2206 καὶ
1611 2181 1627 2207 ὁ
1639 2181 1734 2215 Λόγος
1748 2181 1788 2215 ἦν
1800 2182 1874 2216 πρὸς

1083 2225 1137 2251 τὸν
1151 2224 1234 2256 Θεὸν,
1255 2223 1301 2250 καὶ
1319 2223 1390 2256 Θεὸς
1404 2221 1442 2258 ἦν
1456 2225 1472 2250 ὀ
1489 2225 1584 2258 Λόγος
1595 2233 1602 2240 '
1627 2225 1696 2252 ὥστε
1717 2227 1764 2253 καὶ
1787 2227 1817 2253 ὲν
1836 2228 1874 2262 τῷ

1082 2270 1130 2305 τῆς
1149 2270 1278 2304 θεότητος
1295 2268 1484 2304 σημαινομένῳ
1497 2269 1597 2304 ὁμοίως
1610 2270 1648 2305 τῷ
1662 2272 1750 2307 Πατρὶ
1766 2273 1814 2299 καὶ
1830 2273 1874 2299 τὸν

1083 2316 1147 2342 Υἱὺν
1164 2315 1386 2350 συνθεωρεῖσθαι,
1413 2315 1485 2350 Πρὸς
1505 2315 1608 2348 τούτοις
1632 2317 1659 2343 δὲ
1689 2318 1736 2344 καὶ
1755 2318 1785 2344 τὸ
1810 2318 1874 2352 ἀλη-

1084 2361 1165 2393 θινὸν,
1178 2361 1241 2388 ἀλλο
1251 2369 1278 2386 τι
1289 2362 1363 2396 παρά
1374 2361 1422 2396 τὴν
1434 2361 1561 2396 ἀλήθειαν
1571 2362 1698 2398 νοηθῆναι
1708 2364 1738 2389 οὐ
1751 2363 1872 2390 δύναται·

1083 2409 1125 2435 ὃτι
1141 2409 1168 2435 δὲ
1186 2409 1297 2444 ἀλήθεια
1310 2410 1324 2435 6
1338 2409 1450 2444 Κύριος,
1467 2409 1554 2442 οὐδεὶς
1569 2410 1699 2443 ἀντιλέξει
1716 2411 1837 2443 πάντως,
1851 2413 1873 2438 εἰ

1086 2454 1123 2488 μή
1141 2462 1182 2485 τις
1197 2453 1238 2488 εἴη
1256 2455 1305 2488 τῆς
1319 2454 1447 2489 ἀληθείας
1462 2454 1609 2490 ἀλλότριος.
1637 2456 1667 2482 Εἰ
1680 2456 1771 2482 τοίνυν
1785 2457 1831 2482 καὶ
1847 2458 1874 2482 ἐν

1085 2498 1124 2533 τῷ
1139 2499 1178 2524 ἑνὶ
1211 2499 1225 2524 6
1243 2499 1329 2533 Λόγος
1347 2499 1404 2526 ἐστί
1419 2508 1426 2515 ·
1450 2500 1497 2526 καὶ
1515 2500 1579 2532 Θεός
1601 2501 1668 2533 ἐστι,
1690 2502 1736 2528 καὶ
1752 2502 1873 2536 ἀλήθεια,

1086 2541 1177 2573 καθὼς
1189 2542 1218 2568 ὲν
1233 2543 1288 2573 τοῖς
1305 2543 1478 2577 Εὑαγγελίοις
1491 2544 1667 2580 κηρύσσεται,
1683 2547 1722 2577 εἰς
1738 2547 1820 2573 ποίαν
1830 2547 1873 2573 τοῦ

1089 2587 1192 2622 Κυρίου
1209 2587 1380 2614 διδασκαλίαν
1395 2590 1524 2625 ἀναφέρει
1540 2590 1570 2617 τὺ
1589 2591 1686 2626 δόγμα,
1709 2592 1722 2618 ὁ
1739 2593 1800 2624 ταῖς
1821 2593 1875 2619 δια-

1091 2633 1246 2665 σταλτικαῖς
1258 2634 1369 2666 ταύταις
1383 2637 1483 2669 φωναῖς
1495 2637 1677 2672 κεχρημένοςς
1698 2637 1730 2663 ’H
1742 2637 1798 2672 γὰρ
1810 2638 1876 2665 ἀντι-

1090 2679 1214 2715 διαστολὴ
1229 2680 1275 2706 τοῦ
1292 2681 1372 2716 μόνου
1388 2682 1455 2717 πρὸς
1471 2683 1516 2709 τὸν
1532 2684 1568 2719 μὴ
1585 2684 1674 2719 μόνον,
1690 2685 1748 2710 ἐστὶ
1769 2686 1818 2712 καὶ
1833 2684 1875 2712 τοῦ

1094 2723 1161 2750 Θεηῧ
1178 2725 1244 2759 πρὸς
1261 2725 1305 2751 τὸν
1322 2725 1358 2761 μὴ
1373 2727 1437 2753 θῌν
1453 2737 1458 2742 ·
1483 2729 1527 2755 καὶ
1547 2729 1592 2755 τοῦ
1613 2729 1738 2766 ἀληθινοῦ
1756 2731 1824 2767 τρὶς
1837 2731 1876 2757 τὸν
