1957 3079
63 125 113 153 ΓΠ

625 125 763 153 CONTRA
780 119 980 159 EUNOMI‘UM,
1002 125 1067 154 LIB.
1087 126 1121 154 ll.

1637 131 1687 157 478

63 181 97 217 μὴ
113 181 242 217 ἀληθινόν
258 191 263 196 ·
290 183 314 209 εἱ
334 182 384 218 μὲν
400 179 446 209 οὖν
462 182 529 217 πρὸς
543 181 577 209 τὰ
595 182 690 209 εἴδωλα
709 183 851 218 βλέποντες

904 184 1024 218 nymiam
1057 184 1165 211 deitatis
1191 193 1288 212 nomen
1304 186 1424 221 gentium
1444 186 1524 214 idolis
1547 187 1688 214 tribuitur:

61 227 127 262 πρὸς
136 228 229 254 ἐκεῖνα
240 228 377 255 ποιοῦνται
387 227 435 263 τὴν
446 227 499 253 τῶν
510 228 639 262 ῥημάτιον
650 228 850 263 ἀντιδιαίρεσιν,

61 271 107 299 καὶ
118 273 200 306 ἡμεῖς
218 272 398 307 συντιθέμεθα
408 280 415 288 ·
438 271 498 298 καθ’
514 272 672 307 ὁμωνυμίαν
687 273 741 308 γὰρ
757 274 787 299 τὸ
803 274 851 307 τῆς

61 317 186 352 θεότητος
207 316 297 352 ὄνομα
309 320 364 349 τοῖς
378 317 496 349 εἰδώλοις
510 317 563 343 τῶν
576 317 660 344 ὲθνῶν
677 318 828 352 ὲπιλέγεται
842 327 848 333 ·

62 363 180 396 Πάντες
190 363 246 398 γὰρ
253 365 280 390 ut
288 363 348 390 θεοὶ
356 363 414 390 τῶν
426 363 520 390 ἐθνῶν
529 363 665 398 δαιμόνια
674 372 681 379 ·
700 365 747 390 καὶ
766 364 850 396 ἄλλως

60 409 128 444 πρὸς
140 409 172 435 τὺ
188 409 289 444 πλῆθος
305 410 463 444 ἀντιδιαιρεί
476 409 521 436 τὸν
542 410 620 444 μόνον
632 418 638 424 ·
662 412 707 437 καὶ
725 410 797 447 ’πρὸς
817 411 851 437 τὰ

59 454 146 489 ψευδῆ
160 455 206 481 τὸν
220 455 346 489 ἀληθινόν
359 463 365 470 ·
391 455 437 481 καὶ
455 456 517 486 τοὺς
537 455 573 491 μὴ
591 455 670 487 δντας
689 456 766 488 θεοὺς
783 456 852 491 πρὸς

59 500 105 526 τὴν
118 500 184 527 ὄντα
198 500 274 526 Θεόν.
289 501 319 527 El
333 500 360 527 δὲ
372 501 439 536 πρὸς
450 501 497 527 τὸν
513 502 650 537 Μονογενῆ
661 501 726 528 Θεὸν
749 503 765 535 ἡ
778 503 851 528 ἀντι-

59 545 194 580 διαίρεσις
204 546 318 579 γίνεται,
339 545 499 580 μαθέτωσαν
516 545 541 571 οἱ
561 546 638 580 σοφοί
652 554 658 561 ·
682 546 720 572 ὅτι
741 546 852 582 ἀλήθεια

60 591 131 626 πρὸς
151 591 232 626 μόνον
246 591 276 617 τὸ
290 591 386 625 ψεῦδος
408 591 456 626 τὴν
479 591 681 627 ἀντιδιαστολὴν
704 592 759 626 ἔχει
774 601 780 607 ·
806 593 852 619 καὶ
872 586 875 587 ν

59 638 127 668 Θεὸς
142 637 213 672 πρὸς
230 637 275 663 τδν
293 637 329 672 μὴ
343 637 406 663 ὅντα
418 637 499 663 Θεόν·
515 637 561 663 τοῦ
577 637 604 663 δὲ
622 637 721 673 Κυρίου
737 638 766 669 ὅς
779 639 851 665 ἐστιν

59 685 176 720 ἀλήθεια
190 685 257 711 Θεοῦ
273 685 357 717 ὄντος,
379 685 426 712 καὶ
441 687 469 711 ἐν
484 685 522 720 τῷ
543 685 630 720 Πατρὶ
643 685 732 716 όντος*
755 685 801 711 καὶ
823 685 851 711 ἓν

59 731 129 766 πρὸς
143 731 190 757 τὸν
206 731 315 766 Πατέρα
327 731 413 763 ὄντος,
429 732 457 758 αἱ
475 731 658 758 διασταλτικαὶ
673 728 751 757 αὗται
765 731 851 765 φωναὶ

59 777 107 802 ἐπὶ
120 774 168 802 τοῦ
183 776 316 811 δόγματος
331 777 421 812 χώραν
437 777 486 803 οὐκ
504 777 609 812 ἔχουσιν
622 785 628 791 ·
646 777 660 802 ό
675 777 729 812 γὰρ
745 775 852 811 ἀληθῶς

59 823 100 853 εἰς
114 822 161 848 τδν
177 822 224 848 ἕνα
240 823 374 849 πιστεύων
390 822 482 857 βλέπει
499 823 527 849 ἐν
545 823 582 858 τῷ
598 823 648 854 ἑνὶ,
669 823 714 849 τδν
730 823 774 849 διὰ
789 823 852 849 πάν-

58 875 114 893 των
137 867 212 902 αὐτῷ
227 868 375 902 ἡνωμένον,
390 869 417 895 ὲν
435 868 547 903 ἀληθείᾳ
567 877 596 894 τε
613 869 659 895 καὶ
672 868 788 903 θεότητι,
805 868 851 895 καὶ

58 912 151 948 οὐσίᾳ,
174 913 220 939 καὶ
234 913 302 948 ζωῇ,
323 914 370 939 καὶ
385 914 464 949 σοφίᾳ
480 922 486 928 ·
511 913 557 940 καὶ
577 914 658 940 πᾶσιν
672 912 849 946 ἁπαξαπλῶς.

60 958 98 984 Ἦ
119 959 144 984 εί
164 958 201 993 μὴ
218 958 309 993 βλέπει
324 960 352 985 ἐν
365 958 404 993 τῷ
420 959 459 985 ἐν).
474 959 518 985 τὸν
534 959 619 986 ταῦτα
633 959 706 990 ὅντα,
724 960 763 991 εἰς
776 959 851 985 οῦδὲν

63 1003 123 1038 ἔχει
143 1004 193 1038 τὴν
211 1004 313 1036 πίστιν,
330 1004 414 1039 χωρὶς
427 1004 482 1040 γὰρ
500 1004 566 1030 Υίοῦ
585 1005 677 1039 Πατὴρ
693 1003 754 1030 οὔτε
781 1004 852 1030 ἔστιν

57 1048 123 1075 οὔτε
138 1049 250 1083 λέγεται
260 1058 267 1065 ⁸
285 1049 346 1077 οὔτε
367 1050 418 1086 μὴν
436 1050 519 1086 χωρὶς
535 1050 676 1085 δυνάμεως
693 1051 706 1077 ὁ
721 1050 832 1081 δυνατός
844 1057 851 1065 ·

58 1094 124 1121 οὔτε
133 1096 220 1130 χωρὶς
231 1096 327 1130 σοφίας
337 1097 351 1122 ό
364 1097 453 1130 δοφός·
467 1096 583 1131 Χριστὸς
593 1096 646 1132 τὰρ
659 1095 726 1122 Θεοῦ
738 1095 853 1130 δύναμις

58 1140 106 1166 καὶ
116 1140 198 1174 σοφία
214 1141 292 1167 Θεοῦ.
307 1142 387 1168 Ὥστε
397 1143 410 1168 ό
418 1143 466 1177 τῆς
473 1142 623 1176 δυνάμεως,
632 1141 648 1176 ἦ
660 1141 706 1176 τῆς
714 1141 851 1176 ἀληθείας,

58 1185 134 1220 ἣτῆς
150 1186 257 1220 σοφίας,
272 1187 288 1222 ἦ
302 1187 351 1222 τῆς
365 1187 446 1223 ζωῆς,
460 1187 475 1222 ἢ
486 1187 532 1214 τοῦ
543 1187 669 1222 ἀληθινοῦ
679 1186 765 1222 φωτὸς
775 1186 852 1218 ἐκτὸς

61 1231 173 1265 βλέπειν
197 1232 408 1267 φανταζόμενος,
429 1234 446 1269 ἦ
467 1233 542 1260 οὐδὲν
560 1233 661 1268 βλέπει,
681 1233 696 1267 ἧ
717 1233 748 1260 τὸ
769 1233 852 1259 κακὴν

60 1277 172 1309 πάντως
187 1278 293 1312 βλέπει·
310 1280 326 1313 ἡ
342 1280 396 1315 γὰρ
416 1279 468 1306 τῶν
484 1279 593 1314 ἀγαθῶν
608 1279 791 1314 ὑπεξαίρεσις,
805 1279 851 1305 τοῦ

60 1323 149 1350 κακοῦ
167 1324 214 1351 καὶ
235 1324 318 1356 θέσις,
342 1326 388 1352 καὶ
404 1325 518 1361 ὕπαρΞις
550 1326 670 1360 γίνεται’
683 1326 743 1352 οὐκ
760 1325 850 1359 ἐψευ-

59 1369 161 1403 σμένῃ
186 1369 282 1404 φωνῇ,
300 1371 377 1405 φησὶ,
402 1371 541 1406 τιμῶντες
568 1372 681 1398 αὐτόν·
706 1371 772 1397 ἔστι
795 1371 850 1404 γὰρ

907 227 1003 255 Omnes
1016 229 1086 255 enim
1106 229 1144 255 dii
1166 231 1280 264 gentium
1296 230 1427 258 da‘mom’a
1442 232 1466 247 "
1483 241 1489 258 :
1506 237 1532 258 et
1558 231 1636 259 aliter
1652 232 1686 258 ad

901 273 1104 300 multitudinem
1121 274 1233 308 opponit
1248 283 1308 302 eum
1324 277 1370 310 qui
1386 277 1462 304 solus
1474 281 1534 305 est:
1551 281 1577 304 et
1591 277 1624 304 ad
1637 276 1686 303 fal-

903 327 932 346 sa
951 327 1013 347 eum
1035 319 1081 353 qui
1104 328 1185 347 verus
1201 325 1252 351 est,
1271 325 1297 348 et
1312 329 1359 348 eos
1378 322 1424 356 qui
1438 322 1474 349 dii
1494 329 1547 348 non
1564 326 1628 350 sunt
1652 322 1684 349 ad

902 372 963 391 eum
980 365 1026 399 qui
1044 364 1114 392 Deus
1142 369 1195 392 est:
1211 365 1287 398 Quod
1306 367 1328 393 si
1353 367 1385 393 ad
1407 367 1575 401 unigenitum
1602 367 1685 394 Deum

903 410 931 436 Iit
946 411 1001 438 ha-c
1020 411 1137 438 adversa
1157 411 1320 444 diiierenlia,
1336 411 1444 439 discant
1464 413 1508 439 isti
1536 415 1684 448 sapientes,

902 455 973 490 qttod
992 456 1093 483 veritas
1109 456 1141 482 ad
1157 456 1245 483 solum
1263 456 1432 483 mendacium
1447 458 1613 484 contrariam
1639 448 1688 484 ha;

903 503 945 529 bet
958 501 1139 529 diderentiam
1155 511 1160 528 :
1174 506 1200 529 et
1213 502 1284 529 Deus
1297 502 1329 529 ad
1343 510 1404 529 eum
1423 503 1468 537 qui
1483 511 1536 529 non
1553 508 1593 530 est
1604 504 1685 531 Deus.

901 548 970 574 Cum
989 552 1078 574 autem
1106 548 1245 579 Dominus,
1267 548 1313 582 qui
1337 554 1378 575 est
1394 549 1505 581 veritas,
1524 549 1593 577 Deus
1610 551 1643 577 sit
1660 555 1686 577 et

881 624 884 626 Ι
903 592 930 619 in
953 592 1043 624 Patre,
1063 597 1090 619 et
1103 601 1187 619 unttm
1204 593 1240 620 sit
1254 601 1317 620 cum
1347 593 1438 626 Patre,
1467 594 1507 620 ha:
1534 594 1687 623 diseretiva:

903 644 982 664 voces
1000 638 1027 663 in
1041 637 1166 672 dogmate
1181 637 1269 664 locum
1288 646 1342 665 non
1358 638 1468 666 habent.
1482 639 1548 665 Nam
1566 641 1611 674 qui
1624 649 1685 669 vere

902 681 930 709 in
946 690 1030 709 unum
1053 683 1150 714 credit,
1169 683 1243 710 videt
1263 683 1289 710 in
1308 691 1362 710 uno
1382 692 1442 711 eum
1459 684 1504 719 qui
1527 692 1575 718 per
1597 686 1686 711 omnia

902 730 954 765 ipsi
974 731 1066 758 unitus
1083 736 1135 763 est,
1153 731 1180 758 in
1197 732 1323 763 veritate,
1338 737 1365 759 et
1382 732 1493 763 deitatc,
1512 736 1539 759 et
1556 734 1686 765 essentia,

901 780 929 803 et
946 775 1011 808 vita,
1032 780 1058 803 et
1075 777 1218 811 sapientia,
1231 782 1258 804 et
1273 778 1300 804 i’n
1315 776 1442 804 onmibus
1460 785 1582 812 prorsus.
1603 777 1651 804 Vel
1664 778 1687 804 si

902 821 930 852 in
955 828 1009 847 uno
1027 829 1081 848 non
1099 829 1160 848 eum
1181 821 1254 848 videt
1271 822 1317 856 qui
1344 826 1384 848 est
1400 821 1456 848 hch
1482 822 1552 857 ipsa,
1575 822 1602 848 in
1619 822 1688 848 nihil

904 866 982 894 {idem
998 867 1089 893 habet.
1105 866 1172 893 Nam
1189 867 1292 901 absque
1311 866 1379 894 Filio
1395 866 1474 894 Pater
1486 875 1572 902 neque
1584 871 1626 894 est
1638 875 1687 895 ne-

868 895 887 921 Β
901 918 953 944 que
965 909 1082 943 dicitur;
1102 918 1188 945 neque
1204 895 1351 945 quidquam
1369 911 1472 945 absque
1490 895 1611 946 potentia
1637 911 1686 946 qui

903 960 999 991 potens
1014 959 1066 986 est,
1092 963 1181 990 neque
1205 956 1309 990 absque
1333 956 1466 990 sapientia
1492 957 1538 990 qui
1565 957 1686 991 sapiens.

902 1001 1027 1028 Christus
1041 1001 1112 1027 enim
1130 1001 1175 1028 Dei
1192 1001 1311 1035 potentia
1326 1005 1352 1027 et
1367 1001 1412 1028 Dei
1429 1000 1571 1036 sapientia.
1594 1002 1685 1035 Quare

903 1047 950 1081 qui
964 1050 1041 1074 extra
1053 1047 1213 1081 potentiam.
1229 1047 1270 1073 vel
1287 1047 1439 1079 veritatem,
1456 1047 1497 1074 vel
1515 1048 1687 1082 sapientiam,

904 1092 946 1119 vel
966 1093 1057 1124 vitam,
1073 1092 1114 1119 vel
1131 1099 1223 1119 verum
1237 1092 1327 1119 lumen
1342 1093 1466 1127 respicit,
1482 1093 1549 1121 falsa
1565 1094 1614 1121 sibi
1630 1095 1688 1121 ani-

904 1143 948 1163 mo
958 1136 1073 1171 ﬁngens,
1084 1131 1202 1163 velnihil
1215 1136 1298 1170 videt,
1315 1137 1357 1164 vel
1368 1138 1469 1164 malum
1483 1145 1596 1172 prorsus
1608 1139 1687 1167 videt.

903 1181 969 1208 Nam
979 1182 1113 1209 bonorum
1141 1182 1302 1215 subtractio,
1329 1183 1392 1209 mali
1402 1183 1501 1218 positio
1512 1188 1539 1210 et
1554 1184 1689 1212 exsistun-

905 1228 942 1254 tia
956 1227 1083 1255 eﬂicitur.
1114 1227 1176 1254 Non
1191 1228 1301 1254 mentita
1328 1237 1398 1260 voce,
1413 1229 1513 1264 inquit,
1535 1230 1620 1263 ipsum
1643 1239 1688 1257 co-

906 1273 987 1300 lentes
1003 1281 1012 1299 :
1031 1277 1069 1299 est
1089 1273 1158 1300 enim
1179 1281 1269 1300 verax.
1298 1273 1324 1300 In
1359 1274 1409 1301 hac
1434 1282 1500 1302 voce
1527 1276 1689 1303 Eunomium

903 1327 999 1354 precor
1008 1327 1167 1354 permanere
1177 1320 1283 1346 veritati
1293 1320 1479 1347 testimonium
1489 1321 1688 1355 perhibentem,

902 1366 974 1403 quod
993 1374 1046 1393 non
1065 1367 1195 1393 mentitur
1209 1366 1289 1393 Deos.

59 1417 210 1452 ἀψευδής.
241 1418 332 1454 Ταύτῃ
355 1421 387 1454 τῇ
414 1421 488 1455 φωνῇ
517 1419 630 1455 εὔχομαι
655 1419 701 1445 τὸν
721 1419 849 1454 Εὐνόμιον
869 1415 1007 1450 ἐπιμένειν
1018 1413 1246 1449 μαρτυροῦντατῇ
1256 1414 1378 1449 ἀληθείᾳ,
1406 1414 1530 1441 ὃτιὲστὶν
1561 1415 1688 1451 ἀψευδής.

97 1465 193 1500 Είγὰρ
207 1465 278 1491 οὕτω
295 1466 405 1501 φρονοίη
423 1467 463 1493 ὅτι
478 1467 531 1492 πᾶν
549 1466 579 1492 τὺ
595 1466 668 1502 παρὰ
685 1465 730 1493 τοῦ
751 1465 851 1500 Κυρίου

941 1461 969 1488 Si
994 1462 1065 1488 enim
1091 1462 1127 1488 ita
1148 1461 1258 1492 sentiat,
1287 1461 1359 1495 quod
1383 1461 1515 1497 quidquid
1535 1470 1550 1489 a
1575 1462 1690 1490 Dotnino

60 1509 208 1546 λεγόμενον
225 1511 272 1537 τοῦ
283 1510 396 1546 ψεύδους
403 1512 570 1547 κεχώρισται
580 1522 586 1528 ι
599 1513 773 1548 πεισθήσεται
786 1513 852 1538 πάν-

60 1563 116 1587 τως
131 1556 273 1591 ἀληθεύειν
293 1557 338 1583 τὸν
355 1558 481 1584 εἰπόνταο
495 1559 536 1585 ὅτι
558 1558 628 1593 Ἐγὼ
646 1559 681 1585 ἐν
704 1558 743 1590 τῷ
762 1557 852 1591 Πατρὶ

61 1600 111 1627 καὶ
128 1602 146 1627 d
161 1601 264 1635 Πατὴρ
287 1602 322 1629 ἐν
337 1602 402 1637 ἐμοι
424 1603 500 1636 ἐστι,
524 1603 622 1639 δηλαδὴ
650 1604 709 1634 ὅλος
729 1604 757 1628 ὲν
781 1603 850 1638 ὅλῳ·

61 1645 126 1671 οὔτε
141 1646 188 1672 τοῦ
202 1647 308 1681 Πατρὸς
322 1648 350 1673 ὲν
370 1649 407 1683 τῷ
421 1648 477 1684 Υἱῴ
497 1649 697 1684 περιττεύοντος
709 1657 714 1663 ·
725 1648 786 1674 οὔτε
805 1647 851 1674 τοῦ

62 1691 130 1718 Υἷοῦ
146 1693 175 1718 ὲν
190 1692 228 1727 τῷ
246 1694 333 1728 Πατρὶ
347 1694 486 1725 λείποντος
497 1703 504 1710 ο
519 1696 565 1721 καὶ
586 1695 625 1721 ὅτι
643 1695 723 1721 Οὕτω
738 1694 796 1728 χρὴ
812 1702 852 1720 τί-

59 1737 176 1772 μᾶσθαι
195 1739 247 1765 τὸν
260 1740 326 1766 Υίὸν
343 1740 439 1773 καθὼς
456 1740 571 1774 τιμᾶται
590 1743 606 1767 ό
620 1740 735 1774 Πατήρθ
751 1741 797 1767 καὶ
812 1741 852 1766 ὅτι

69 1783 100 1809 '0
109 1784 246 1818 ἑωρακὼς
260 1784 322 1818 ἐμὲ,
338 1785 447 1818 ἑώρακε
467 1785 519 1811 τὸν
535 1786 649 1819 Πατέρα
659 1793 665 1801 ·
681 1785 727 1812 καὶ
742 1786 782 1812 ὅτι
798 1786 853 1812 Οὑ-

63 1827 127 1859 δεὶς
143 1827 203 1854 εἶδε
218 1828 271 1854 τὸν
287 1829 354 1855 Υὶὸν
367 1829 445 1864 εἰμὴ
462 1831 478 1856 ό
489 1830 588 1863 Πατήρ
601 1838 606 1844 ·
623 1831 669 1856 καὶ
682 1831 722 1856 ὅτι
735 1830 788 1856 Καὶ
800 1831 853 1856 τὸν

64 1873 183 1907 Πατέρα
203 1874 302 1906 οὐδεὶς
325 1875 521 1910 ἐπιγινώσκει.
544 1876 617 1910 εἰμὴ
632 1878 649 1904 ὁ
660 1878 734 1909 Υἱός.
760 1878 799 1903 Δι’
815 1873 852 1902 ὧν

64 1917 205 1949 ἁπάντων,
218 1917 279 1944 οὔτε
296 1919 382 1953 δόξης,
398 1919 458 1946 οὔτε
476 1920 580 1952 οὐσίας,
599 1921 659 1947 οὗτε
683 1921 761 1947 ἄλλον
781 1921 852 1953 τινος

64 1962 229 1998 παραλλαγὴ
240 1963 392 1990 ὑπονοεῐται
407 1965 452 1990 ἐπὶ
465 1965 570 2000 Πατρός
582 1966 628 1991 καὶ
645 1966 708 1992 Υίοῦ
723 1967 778 1997 τοῖς
788 1966 854 1992 ταύ-

64 2017 114 2040 τας
138 2008 189 2040 τὰς
221 2009 313 2043 φωνὰς
339 2010 376 2041 ὠς
406 2010 534 2044 ἀληθινὰς
557 2011 721 2046 δεξαμένοις.
741 2012 852 2044 Ὄντως

65 2054 148 2086 ὄντα,
164 2055 243 2090 φησὶ,
254 2055 343 2089 φύσει
359 2064 389 2081 τε
404 2056 452 2083 καὶ
464 2056 538 2091 δόξῃ
553 2057 626 2083 Θεὸν
640 2057 703 2084 ἕνα,
719 2057 755 2084 Τὸ
769 2058 853 2089 ὅντως

65 2098 95 2125 ὃν
119 2099 324 2135 ἀντιδιαιρείται
336 2101 403 2136 πρὸς
419 2101 448 2127 τὸ
467 2101 503 2137 μὴ
517 2101 600 2133 ὅντως
616 2102 654 2129 ὃν.
672 2103 749 2128 Ἐστι
766 2102 793 2129 δὲ
808 2103 852 2129 δν-

906 1508 1007 1535 dicitur
1029 1515 1044 1534 a
1069 1507 1212 1534 mendacio
1232 1511 1386 1542 separatum
1407 1512 1449 1535 est
1471 1517 1477 1535 ε
1500 1509 1593 1543 procul
1609 1510 1690 1536 dubio

906 1554 999 1581 credet
1016 1561 1076 1581 eum
1094 1561 1188 1580 verum
1208 1553 1293 1588 loqui,
1315 1553 1359 1587 qui
1376 1553 1444 1580 dixit
1461 1563 1467 1580 :
1487 1553 1540 1588 Ego
1555 1555 1580 1581 in
1599 1554 1691 1597 Patre,

905 1604 928 1626 et
950 1599 1032 1626 Pater
1048 1600 1074 1626 in
1093 1608 1133 1626 me
1152 1604 1192 1626 est
1205 1600 1377 1631 ",nimirum
1391 1604 1463 1627 totus
1482 1601 1508 1627 iu
1521 1604 1587 1632 toto,
1605 1608 1691 1636 neque

906 1645 985 1672 Patre
997 1646 1024 1671 in
1038 1645 1108 1672 Filio
1121 1649 1313 1679 exsuperante,
1329 1653 1416 1680 neque
1428 1644 1496 1672 Filio
1512 1646 1538 1672 in
1552 1646 1630 1673 Patre
1647 1647 1692 1673 de-

907 1691 1013 1717 lieiente
1034 1700 1040 1717 :
1068 1695 1091 1717 el
1104 1690 1191 1717 :Sicut
1212 1689 1294 1717 Pater
1306 1690 1508 1724 honori/ictum,
1528 1692 1566 1718 sic
1583 1690 1683 1718 ("ilium

905 1735 1134 1771 Itonoriﬁcantlum
1158 1745 1214 1762 esse
1229 1737 1263 1769 ⁷⁰,
1280 1741 1306 1764 et
1325 1737 1396 1770 quod
1416 1737 1469 1769 Qui
1484 1737 1547 1764 vidit
1565 1746 1613 1769 me,
1627 1738 1691 1764 vidit

909 1782 1014 1809 Putrem
1042 1783 1085 1813 “,
1117 1786 1143 1809 et
1175 1782 1247 1816 qttod
1282 1782 1382 1809 Nullus
1407 1784 1477 1809 uouit
1510 1782 1610 1809 Filium
1640 1784 1692 1810 nisi

907 1826 996 1859 Pater,
1022 1831 1048 1854 et
1073 1826 1146 1861 quod
1172 1825 1279 1852 Palrem
1309 1827 1397 1853 nullus
1418 1828 1562 1860 cognoscit,
1577 1828 1629 1854 nisi
1644 1827 1692 1854 Fi-

905 1872 994 1899 lius”.
1004 1872 1109 1905 Quibus
1118 1872 1243 1898 omnibus
1254 1880 1340 1906 neque
1349 1872 1449 1907 glorite,
1461 1881 1546 1906 nequ-1
1555 1874 1690 1906 essentne,

907 1926 993 1952 neque
1009 1918 1091 1944 ullius
1108 1918 1178 1945 alius
1194 1918 1231 1945 rei
1249 1919 1276 1944 in
1300 1917 1379 1944 Patre
1401 1921 1427 1945 et
1451 1917 1521 1945 Filio
1538 1919 1690 1946 dill‘erentia

906 1964 940 1991 ab
953 1964 986 1991 iis
1001 1964 1174 1998 intelligitur,
1195 1965 1240 1999 qui
1257 1964 1305 1991 has
1321 1972 1399 1991 veras
1414 1971 1494 1991 voces
1511 1964 1689 1992 admiserunt.

907 2010 958 2042 Qui
968 2018 1023 2036 rere
1036 2014 1085 2041 est,
1098 2010 1196 2044 inquit,
1207 2014 1303 2036 natura
1316 2014 1339 2036 et
1349 2009 1434 2044 gloria
1445 2009 1513 2036 Deus
1525 2018 1603 2037 unus.
1613 2010 1690 2042 Quod

905 2064 968 2083 vere
978 2061 1019 2082 est
1030 2063 1078 2082 ens
1088 2056 1234 2090 opponitur
1245 2056 1268 2082 ei
1279 2056 1349 2090 quod
1365 2063 1419 2082 non
1436 2060 1477 2082 est
1496 2063 1557 2082 vere
1570 2063 1628 2083 ens.
1643 2055 1690 2083 Est

906 2105 996 2128 autem
1010 2109 1072 2128 vere
1086 2109 1135 2128 ens
1146 2101 1357 2135 unumquodque
1365 2102 1468 2127 enlium
1485 2108 1536 2135 qtta
1550 2105 1605 2134 est;
1620 2102 1690 2135 quod

65 2152 118 2176 τως
126 2144 165 2176 ὃν,
184 2144 299 2172 ἕκαστον
312 2145 366 2172 τῶν
388 2146 471 2172 ὄντων
486 2147 554 2173 καθό
567 2149 640 2174 ἐστιν
656 2155 663 2162 ⁸
678 2147 708 2174 τὺ
722 2148 750 2174 δὲ
773 2148 851 2184 μέχρι

906 2152 996 2174 autem
1025 2147 1180 2182 phantasia,
1196 2147 1222 2174 id
1238 2152 1289 2178 est,
1309 2147 1413 2173 visione
1431 2146 1547 2181 quadam
1565 2151 1591 2173 et.
1606 2147 1691 2181 suspi-

66 2190 217 2224 φαντασίας
227 2191 298 2222 τινὸς
309 2192 355 2218 καὶ
373 2193 498 2224 ὑπονοίας
514 2193 607 2219 δοκοῦν
622 2193 670 2227 μὲν
681 2192 759 2226 εἶναι,
775 2194 811 2230 μὴ
826 2194 855 2221 ὃν

65 2237 103 2269 δὲ,
117 2237 197 2263 τοῦτο
214 2238 264 2264 οὐχ
287 2238 370 2269 ὅντως
393 2239 466 2265 ἐστίν
478 2247 484 2253 “
501 2239 538 2270 ὡς
549 2239 578 2265 τὸ
596 2239 729 2271 ἐνύπνιον,
748 2240 853 2275 φάσμα,

65 2282 166 2317 ἢὸὲπί
188 2284 237 2318 τῆς
264 2283 366 2315 εἰκόνος
393 2284 544 2320 ἄνθρωπος.
560 2285 651 2311 Ταῦτα
672 2285 726 2320 γὰρ
742 2285 789 2311 καὶ
820 2286 854 2312 τὰ

65 2329 177 2356 τοιαῦτα
200 2329 282 2363 μέχρι
311 2330 461 2363 φαντασίας
475 2330 540 2356 ὄντα
564 2330 594 2356 τὸ
610 2330 694 2361 ὅντως
711 2328 780 2357 εἶναι
802 2331 852 2357 οὐκ

65 2375 128 2409 ἔχει.
149 2375 180 2400 Εἰ
195 2375 244 2409 μὲν
259 2372 306 2400 οὖν
320 2375 390 2401 κατὰ
400 2375 448 2409 τὴν
466 2375 611 2410 Ίουδαῖκὴν
625 2375 756 2409 ὑπόληψιν
773 2385 854 2402 κατα-

66 2421 229 2453 σκευάζουσι
252 2420 365 2447 καθόλου
388 2421 424 2456 μὴ
449 2419 518 2447 εἶναι
546 2421 590 2447 τὸν
607 2421 746 2456 Μονογενῆ
766 2421 851 2448 Θεόν”

65 2466 156 2497 καλῶς
177 2466 216 2501 τῷ
234 2467 324 2501 Πατρὶ
347 2467 419 2501 μόνῳ
441 2467 471 2492 τὸ
488 2467 570 2498 ὅντως
591 2465 659 2493 εἶναι
676 2475 853 2502 προσμαρτυ-

66 2513 167 2547 ροῦσιν.
182 2513 214 2539 Εἰ
229 2512 257 2538 δὲ
272 2513 322 2538 οὐκ
337 2512 481 2547 ἀρνοῦνται
497 2512 543 2538 τὸν
561 2513 670 2539 πάντων
686 2513 799 2548 ποιητὴν
812 2514 853 2539 ὅτι

65 2557 145 2590 ἔστιν,
160 2556 352 2592 πεισθήτωσαν
370 2557 406 2592 μὴ
423 2558 583 2592 ἀποστερεῖν
603 2557 648 2583 τὸν
665 2557 730 2584 ὂντα
747 2557 793 2583 τοῦ
808 2557 852 2584 όνο

62 2612 114 2635 τως
136 2602 207 2630 εἶναι
218 2612 224 2618 ·
237 2603 268 2634 ὃς
284 2603 379 2630 ἑαυτὸν
399 2604 427 2629 ὲν
443 2604 476 2638 τῇ
491 2602 623 2638 γενομένῃ
638 2603 740 2638 Μωῦσῇ
756 2603 854 2636 θεοφα-

63 2649 127 2684 νείᾳ,
142 2649 209 2675 ὄντα
233 2649 388 2684 ὠνόμασεν,
411 2649 494 2675 εἰπὼν
518 2650 559 2675 ὃτι
580 2648 649 2683 Ἐγώ
672 2650 731 2683 εὶμι
752 2650 768 2675 ό
786 2649 828 2676 ῶν
844 2656 851 2663 ·

63 2694 150 2727 καθὼς
163 2695 178 2722 ό
194 2695 330 2730 Εὐνόμιος
345 2696 373 2722 ὲν
388 2697 443 2727 τοῖς
460 2695 558 2730 ἐφεξῆς
573 2695 662 2729 λόγοις
685 2694 772 2729 τούτῳ
797 2702 856 2721 συν-

94 2794 115 2810 ¹³
145 2795 217 2822 Psal.
237 2803 300 2826 xcv,
327 2795 354 2823 5,
394 2797 416 2813 ⁶⁹
432 2795 510 2824 Joan.
541 2795 635 2830 x,53;
655 2804 709 2827 xlv,
746 2796 786 2823 l0.
825 2796 848 2812 ⁷ο

907 2804 951 2824 an.
982 2806 1006 2830 γ,
1031 2799 1075 2825 ῗῧ.

65 2827 80 2845 ³
104 2830 189 2858 Exod.
216 2838 258 2863 ut,
290 2831 332 2857 Μ.

904 2193 982 2220 cione
1005 2193 1112 2219 videtur
1131 2191 1240 2226 quidem
1258 2199 1318 2218 esse
1342 2199 1404 2218 cum
1422 2199 1475 2217 non
1501 2191 1535 2217 sit
1561 2199 1620 2223 ens,
1640 2191 1691 2219 hoc

904 2245 957 2264 non
972 2245 1035 2265 vere
1047 2241 1098 2270 est,
1114 2238 1186 2264 sicut
1197 2238 1344 2268 somnium,
1362 2245 1512 2272 spectrum,
1527 2239 1568 2265 vel
1584 2240 1609 2266 in
1624 2240 1692 2266 ima—

902 2284 964 2318 gine
980 2283 1072 2310 homo.
1095 2282 1156 2310 Haec
1181 2283 1265 2317 igitur
1288 2286 1314 2310 et
1334 2283 1468 2317 ejusmodi
1492 2285 1597 2312 visione
1612 2289 1692 2313 tenus

903 2335 964 2355 cum
985 2329 1049 2360 sint,
1070 2336 1133 2355 vere
1151 2335 1212 2355 esse
1237 2335 1290 2355 non
1311 2328 1421 2356 habent.
1447 2329 1525 2361 Quod
1543 2330 1564 2357 si
1581 2330 1691 2364 judaica

906 2374 1033 2408 opinione
1059 2373 1171 2400 omnino
1197 2381 1250 2400 non
1272 2381 1334 2400 esse
1353 2372 1529 2408 Unigenitum
1553 2379 1690 2407 astruunt,

906 2419 1037 2454 praeclare
1061 2419 1112 2446 soli
1132 2419 1206 2445 Patri
1225 2427 1286 2446 vere
1300 2427 1361 2446 esse
1376 2427 1427 2446 suo
1442 2420 1600 2447 testimonio
1615 2421 1693 2447 attri-

906 2466 1004 2492 buunt.
1024 2465 1101 2497 Quod
1124 2465 1146 2492 si
1173 2472 1226 2491 non
1256 2470 1355 2499 negant
1371 2465 1496 2492 eumdem
1515 2466 1691 2500 Unigenitunt

906 2512 1028 2538 omnium
1055 2511 1198 2542 factorem,
1221 2510 1285 2545 quia
1308 2516 1360 2543 est,
1386 2511 1601 2544 persuadeantur
1630 2520 1690 2539 eum

906 2558 953 2593 qui
980 2561 1022 2585 est
1051 2565 1115 2584 vera
1139 2557 1259 2584 essentia
1289 2565 1460 2592 nequaquam
1492 2558 1610 2592 privare.
1640 2558 1691 2590 Qui

907 2604 1026 2638 seipsutn
1046 2604 1072 2631 in
1096 2612 1138 2635 ea,
1162 2612 1222 2638 quae
1245 2603 1330 2638 Moysi
1356 2603 1429 2630 facta
1446 2608 1497 2635 est,
1517 2603 1561 2630 Dei
1581 2604 1692 2637 appari-

906 2651 991 2682 tione,
1015 2658 1077 2677 eum
1109 2650 1155 2685 qui
1184 2654 1237 2680 est,
1264 2650 1425 2681 nominavit,
1445 2657 1506 2676 cum
1527 2649 1614 2676 dixit:
1636 2649 1691 2684 Ego

908 2704 966 2723 sum
990 2696 1035 2730 qui
1048 2704 1106 2722 sum
1123 2696 1155 2723 ’³.
1174 2695 1409 2729 Quemadmodum
1426 2695 1578 2722 Eunontius
1595 2695 1622 2721 in
1648 2703 1692 2722 se<

1115 2799 1135 2813 ⁷¹
1168 2798 1245 2826 Joan.
1273 2805 1326 2829 xlv,
1349 2797 1373 2823 9.
1414 2796 1435 2812 ⁷⁸
1462 2795 1555 2822 Matth
1579 2805 1615 2829 ιι,
1644 2796 1687 2823 27.
