1957 3079
37 177 79 206 ﬁl

588 167 728 196 CONTRA
745 163 937 197 EIJNOMIUM,
957 163 1020 192 LlB.
1042 163 1075 191 ll.

1591 157 1645 187 ὁδὶ

38 235 144 261 διάνοιαν
170 230 226 266 ἔχει
242 229 283 261 τὸ,
300 229 330 255 οὑ
346 229 394 264 τὴν
417 226 510 254 οὐσίαν
531 227 591 254 καθ’
611 227 645 262 ἦν
662 227 735 253 ἐστιν
760 222 811 257 εἷς,

870 223 1026 251 tententiam
1052 222 1080 248 in
1104 228 1133 249 se
1156 220 1302 248 continent.
1331 218 1418 252 Quam
1443 217 1514 245 enim
1532 222 1645 245 senlen—

39 278 208 316 χωριζόμενον
222 275 261 307 εἰς
279 274 397 305 πλείους,
412 273 429 309 ἢ
447 273 540 300 ἄλλοτε
560 272 638 298 ἄλλον
658 272 809 316 γινόμενον,

38 315 103 361 ἢτοῦ
119 321 189 349 εἶναι
205 323 219 349 ὅ
237 323 310 348 ἐστιν
329 319 540 355 μεθιστάμενονς
556 317 618 345 Οὓτ⁸
628 317 660 344 ἃν
674 317 755 348 αὐτὸς
772 315 811 342 εἴ-

39 378 76 397 ποι
90 376 97 383 ⁸
120 368 180 395 οὔτε
207 366 268 393 τινὰ
294 366 348 392 τῶν
372 364 586 400 συμμαχούντων
612 362 685 398 αὐτῷ
709 362 811 398 νομίζω

37 413 152 442 δύνασθαι
173 412 208 438 ἂν
225 411 345 446 ἐξευρεῖν
360 411 438 436 σκιάν
458 417 518 435 τινα
534 408 652 440 διανοίας
664 410 692 434 ὲν
705 408 760 439 τοῖς
775 408 812 433 εί-

41 459 162 496 ρημένοις.
177 459 219 484 οὐ
233 457 290 490 τὴν
303 456 412 483 οὐσίαν
426 455 489 481 καθ’
508 454 547 488 ἢν
560 455 645 481 ἐστιν
657 451 708 486 εἷς.
722 454 812 488 Χωρι-

40 506 138 540 ξάμενον
161 503 243 530 αὐτὸν
267 502 341 536 λέγει
355 501 404 536 τῆς
426 500 518 531 οὐσίας
540 499 632 529 αὐτοῦ,
643 499 680 534 μὴ
700 497 812 533 χωρίζε-

40 552 106 583 σθαι,
119 551 134 585 ἢ
149 549 197 584 τὴν
212 548 305 575 οὐσίαν
326 546 400 581 λέγει
417 546 465 573 ἀπ’
485 546 566 572 αὑτοῦ
584 546 620 580 μὴ
643 543 810 580 μερίζεσθαι.

41 598 119 631 Ψόφος
137 595 178 626 τίς
190 595 259 624 ἐστι,
275 593 321 620 καὶ
333 591 399 628 ἦχος
418 593 529 626 μάταιος
546 591 607 625 εἰκῆ
625 590 810 624 συγκείμενος,

40 643 207 676 όὰσήμαντος
225 638 302 670 οὗτος
314 639 400 672 λόγος.
417 637 472 664 Καὶ
486 637 512 663 τί
529 636 582 671 χρὴ
594 636 762 671 παραμένειν
778 636 810 670 τῇ

41 687 146 720 ἐξετάσει
156 685 210 711 τῶν
228 684 392 718 ἀδιανοήτων
403 682 504 709 τούτων
525 681 669 716 ῥημάτων;
683 680 745 711 Πῶς
758 680 812 714 γάρ

41 738 74 761 τις
90 729 134 763 τῆς
149 727 247 754 ἑαυτοῦ
267 726 358 757 οὐσίας
373 725 515 761 χωρισθεὶς
537 725 565 750 ὲν
579 725 617 759 τῷ
638 722 706 751 εἶναι
722 723 811 758 μένεις

42 776 70 802 ‘H
82 773 133 804 πῶς
149 774 165 808 ἡ
182 766 261 799 οὐσία
271 772 342 803 τινὸς
356 770 522 806 μερισθεῖσα,
538 769 579 804 ἐφ’
596 769 696 804 ἑαυτῆς
709 769 813 795 δείκνυ-

41 828 90 851 ται;
101 819 134 845 Ἣ
145 819 204 849 πῶς
212 819 272 844 ἐστι
283 816 390 843 δυνατὸν
405 815 459 841 ἀπὸ
468 814 514 841 τοῦ
530 815 558 841 ἐν
571 811 592 847 ᾧ
600 815 672 840 ἐστιν
684 813 810 845 ἐκϐάντα,

43 865 107 893 ἄλλον
120 863 247 898 γενέσθαι
260 862 312 895 ἔξω
327 860 421 887 ἑαυτοῦ
438 860 590 894 γενόμενον;
612 857 767 885 Ἀλλόὺδὲ
777 857 811 883 ἐκ

42 896 200 946 μιὰςρῇσὶν,
210 908 319 940 οὐσίας
325 909 367 940 εις
375 905 551 937 ὑποστάσεις
560 904 637 938 τρεῖς
642 899 770 937 σάηματι
775 903 818 935 (r5-
831 896 851 922 Β

43 963 128 991 μενον.
136 953 226 980 Παντὶ
242 953 298 987 τὰρ
307 951 443 983 καθάπαξ
454 951 538 977 ἐστὶν
547 947 599 982 εἷς,
610 949 684 976 κατὰ
698 949 734 976 τὰ
741 948 816 975 αὐτά

44 1010 71 1029 τε
76 1000 117 1028 καὶ
124 1000 263 1031 ὡσαύτως
269 998 414 1032 διαμένων
422 997 524 1032 μόνος.
535 996 570 1022 Τὸ
582 995 631 1031 μὲν
641 993 686 1021 οὖν
694 994 816 1029 ἀδιανόη-

44 1055 80 1074 τον
94 1047 120 1072 ὲν
145 1046 199 1076 τοῖς
215 1044 387 1080 εἰρημένοις,
406 1043 486 1068 παντὶ
507 1041 586 1076 δῆλον
604 1038 673 1066 εἶναι
691 1040 738 1067 καὶ
765 1038 817 1074 πρὸ

45 1092 89 1119 τῶν
98 1091 232 1126 ἡμετέρων
247 1087 324 1124 οἶμαι
341 1088 427 1121 λόγων
438 1096 444 1102 ·
464 1086 569 1118 τούτοις
582 1086 609 1112 δὲ
626 1085 787 1119 ἀντιλεγὲτω
803 1086 816 1111 ό

45 1137 146 1173 νομίζων
159 1135 227 1162 εἷναί
237 1143 300 1162 τινα
311 1136 339 1161 ὲν
351 1135 407 1164 τοῖς
417 1132 575 1167 λεγομένοις
586 1131 646 1158 νοῦν
658 1131 674 1167 ἢ
687 1132 814 1158 διάνοιανι

46 1183 110 1218 ὁγὰρ
121 1182 218 1217 κρίνειν
236 1179 441 1214 ἐπεσκεμμένος
459 1178 538 1212 λόγον
561 1177 685 1212 δύναμιν,
698 1175 817 1208 ἀπαξιώ-

49 1236 80 1254 σει
89 1229 138 1259 τοῖς
150 1226 347 1255 ἀνυποστάτοις
361 1223 574 1258 συμπλέκεσθαι.
593 1222 659 1248 Τίνα
674 1221 727 1257 γὰρ
742 1222 817 1256 ἰσχὺν

49 1274 94 1309 ἔχει
106 1272 170 1299 κατὰ
178 1271 224 1298 τοῦ
240 1270 374 1306 ἡμετέρου
390 1269 532 1303 δόγματος,
549 1268 578 1294 τὸ
590 1268 690 1302 λέγειν,
704 1268 744 1294 Οὐ
761 1266 817 1301 τὴν

48 1319 149 1349 οὐσίαν,
160 1317 223 1344 καθ’
238 1316 281 1349 ἦν
297 1316 382 1342 ἐστιν
393 1313 436 1347 εἷς
450 1312 654 1348 χωριζόμενον,
675 1312 694 1346 ἢ
704 1311 818 1347 μεριζό-

48 1371 125 1397 μενον
136 1363 175 1394 εις
189 1360 324 1392 πλειους,
342 1359 360 1393 ἢ
374 1358 484 1385 ἄλλοτε
504 1356 601 1384 ἄλλον
613 1357 783 1391 γινόμενον·
797 1356 817 1390 ἢ

48 1408 92 1435 τοῦ
113 1406 183 1434 εἶναι
207 1406 224 1433 ὅ
248 1406 316 1433 ἐστι
337 1403 556 1439 μεθιστάμενον
573 1412 579 1419 ·
598 1404 666 1430 οὔτε
689 1403 723 1430 ἐκ
748 1402 818 1438 μιᾶς

50 1454 141 1486 οὐσίας
154 1454 195 1486 εις
207 1451 394 1483 ὑποστάσεις
405 1449 481 1484 τρεῖς
495 1449 767 1484 σχηματιζόμενοιη
784 1450 817 1475 Ἀ

53 1500 108 1535 μήτε
115 1499 214 1533 λέγεται
229 1496 307 1532 παρὰ
316 1496 369 1523 τῶν
380 1495 559 1530 Χριστιανῶν,
570 1496 636 1530 μήτε
650 1495 816 1522 πιστεύεται·

55 1545 110 1580 μήτε
120 1544 149 1570 ὲκ
161 1543 204 1570 τοῦ
215 1541 362 1569 ἀκολούθου
379 1541 422 1567 διὰ
440 1540 495 1567 τῶν
510 1541 573 1575 παρ’
586 1542 652 1575 ἡμῖν
677 1541 819 1575 ὁμολογου-

55 1590 127 1622 μένων
138 1589 244 1615 νοεῖται.
266 1587 314 1619 Τίς
327 1587 381 1621 γὰρ
398 1585 457 1613 εἶπε
472 1585 549 1612 τοῦτὸ
566 1594 640 1616 ποτε,
661 1585 677 1620 ἢ
697 1586 820 1620 λέγοντος

55 1638 149 1670 ῗλκουσεν
166 1635 192 1661 ὲν
206 1635 238 1669 τῇ
252 1633 300 1660 τοῦ
313 1632 379 1659 Θεοῦ
405 1631 561 1667 Ἐκκλησία,
579 1632 618 1658 ὅτι
637 1633 651 1658 ὁ
668 1631 760 1666 Πατὴρ
773 1632 821 1666 τὴν

54 1681 130 1707 οὐσίαν
145 1681 160 1715 ἢ
173 1679 317 1715 χωρίζεται
334 1678 349 1714 ἢ
370 1678 524 1713 μερίζεται,
543 1677 559 1712 ἦ
574 1678 666 1704 ἄλλοτε
687 1677 766 1708 ἄλλος
781 1677 819 1710 γί-

54 1735 123 1757 νεται,
137 1726 185 1759 ἔξω
200 1724 298 1752 ἑαυτοῦ
314 1724 464 1759 γινόμενος,
481 1723 497 1758 ἦ
514 1724 554 1754 εἰς
573 1723 735 1754 ὑποστάσεις
749 1723 823 1758 τρεῖς

55 1771 246 1805 σχηματίζεταιι
267 1768 371 1803 Ἐαυεῷ
398 1767 485 1794 ταῦτα
500 1767 577 1793 λαλεῖ
593 1768 606 1793 ὁ
629 1767 773 1801 Εὐνόμιος·
788 1767 818 1793 οὐ

54 1815 110 1850 πρὸς
124 1815 192 1849 ἡμᾶς
209 1814 373 1849 μαχόμενος,
390 1812 446 1838 ἀλλ’
466 1811 533 1843 ἰδίας
549 1811 703 1846 φληνάφους
722 1811 817 1846 εἴρων·

56 1859 138 1895 πολλὴν
159 1859 310 1894 καταμίξας
334 1859 366 1893 τῇ
388 1857 500 1892 ἀσεϐείᾳ
522 1856 575 1883 τῶν
598 1856 753 1891 λεγομένων
769 1856 818 1891 τὴν

56 1905 141 1931 ἄνοιαν.
163 1905 253 1939 Ἡμεῖς
268 1904 322 1938 γὰρ
336 1903 433 1937 ἐπίσης
452 1901 549 1933 ὰσεὸές
564 1910 594 1928 τε
615 1902 661 1928 καὶ
680 1901 759 1929 ἄθεον
773 1902 818 1928 λέ-

57 1959 134 1985 γομεν,
146 1951 188 1977 καὶ
199 1950 228 1976 τὸ
252 1949 362 1976 κτιστὸν
381 1948 470 1982 λέγειν
485 1947 530 1974 τὸν
543 1948 679 1983 Δεσπότην
700 1948 750 1983 τῆς
764 1949 820 1975 κτι-

58 2003 130 2027 σεωςθ
141 1996 185 2022 καὶ
199 1996 227 2022 τὸ
243 1994 348 2022 οἴεσθαι
362 1994 408 2020 τὸν
427 1993 535 2029 Πατέρα
549 1993 615 2020 mea
631 1995 698 2025 ἐστι,
714 1993 824 2030 χωρίζε-

59 2040 109 2066 σθαι
125 2041 140 2076 ἢ
159 2040 343 2076 τέμνεσθαι,ἢ
368 2038 464 2066 ἑαυτοῦ
490 2038 681 2073 ὲξίστασθαι,ῆ
706 2041 745 2071 εὶς
759 2040 823 2066 ὑπο-

61 2085 150 2118 στάσεις
170 2087 241 2121 τρεῖς
260 2084 493 2120 σχηματίζεσθαι·
511 2084 605 2118 ὥσπερ
619 2085 679 2110 τινὰ
698 2085 790 2119 πηλὸν,
805 2084 822 2120 ἢ

60 2129 136 2164 κηρὸν,
154 2130 181 2157 ἑν
200 2131 317 2165 μορφαῖς
333 2129 472 2164 διαφόροις
488 2127 725 2163 διαπλασσόμενον.

861 269 925 296 tiam
951 268 1034 295 habet
1063 267 1126 298 hoc,
1153 274 1207 293 non
1233 265 1350 293 essentia
1375 264 1524 292 secundum
1562 271 1644 297 quam

860 315 902 340 est
923 319 1004 342 unus,
1023 314 1178 345 separatum
1195 310 1221 336 in
1235 309 1389 344 plures,Vel
1409 309 1476 336 alias
1492 309 1564 336 aliud
1579 308 1644 343 quid

862 356 974 387 factum,
1003 356 1044 382 vel
1073 356 1108 382 ab
1127 363 1188 382 esse
1201 355 1272 390 quod
1288 359 1341 386 est.
1359 354 1575 389 demigrantem?
1591 354 1646 381 Nec

862 402 920 437 ipse
940 401 1057 433 dixerit;
1072 407 1160 435 neque
1182 407 1346 435 quemquam
1362 407 1455 427 eorum
1476 400 1522 434 qui
1536 400 1570 426 ab
1583 399 1644 433 ejus

861 454 944 474 causa
977 451 1050 474 stant
1086 447 1112 473 in
1138 446 1180 473 his
1212 453 1272 480 quae
1305 445 1377 472 dicta
1410 449 1473 472 sunt
1504 446 1647 472 scntentize

863 493 984 519 umbram
1003 492 1120 526 aliquam
1135 491 1253 518 arbitror
1272 497 1352 524 posse
1367 490 1496 517 invenire.
1521 489 1582 516 Non
1603 497 1646 516 es-

862 539 946 565 sentia
964 538 1105 565 secundum
1121 545 1199 572 quam
1214 541 1253 564 est
1273 545 1350 563 unus.
1372 535 1530 570 Separatum
1557 535 1645 570 ipsum

862 583 928 611 dicit
955 584 988 610 ab
1011 584 1130 611 essentia
1153 583 1194 610 sui
1216 583 1316 617 ipsius,
1351 590 1405 608 non
1434 581 1572 615 separari,
1604 582 1647 608 vel

862 629 1007 656 essentiam
1031 629 1091 663 ejus
1113 629 1180 655 dicit
1204 628 1239 655 ab
1262 629 1321 662 ipso
1342 635 1395 654 non
1423 626 1516 653 dividi.
1545 625 1648 660 Strepi-

864 679 908 702 tus
920 675 1028 709 quidam
1042 679 1083 701 est
1096 677 1122 701 et
1144 673 1250 700 sonitus
1272 672 1361 698 inanis
1381 675 1482 698 temere
1504 670 1647 703 conﬂatus,

862 721 920 748 bzee
941 720 1007 747 nihil
1036 719 1195 755 signiﬁcans
1220 719 1318 745 oratio.
1349 717 1452 752 Ecquid
1476 720 1518 744 est
1537 724 1649 743 necesse

863 766 890 793 in
913 766 1057 793 verborum
1078 769 1167 792 mente
1189 767 1215 791 et
1236 771 1318 790 sensu
1333 763 1484 790 carentium
1509 763 1650 789 examina-

863 812 937 838 tione
953 811 1055 837 diutius
1078 810 1224 837 iusistere?
1239 809 1380 842 Quomodo
1403 809 1474 835 enim
1491 809 1553 843 quis
1570 816 1584 835 a
1600 816 1650 835 sua

863 857 951 892 ipsius
977 856 1095 884 essentia
1118 856 1241 883 divulsrns
1261 856 1287 882 in
1316 863 1366 882 suo
1396 863 1457 882 esse
1482 855 1594 882 manet?
1609 855 1650 882 vel

866 902 1003 937 quomodo
1027 902 1145 929 essentia
1163 902 1280 936 alicujus
1304 902 1330 928 iu
1355 906 1445 936 partes
1461 902 1546 930 divisa
1570 902 1596 928 in
1621 909 1651 928 se

866 949 924 983 ipsa
943 948 1114 976 ostenditur?
1131 949 1172 975 vel
1199 948 1245 982 qui
1275 948 1332 974 ﬁeri
1364 952 1462 982 potest,
1489 952 1517 974 ut
1543 948 1588 982 qui
1617 948 1651 974 ab

865 1003 898 1023 eo
919 995 945 1022 in
973 1002 1028 1029 quo
1054 998 1096 1021 est
1122 994 1231 1026 exierit,
1253 994 1322 1021 alius
1354 994 1399 1020 ﬁat
1426 998 1501 1020 extra
1531 994 1650 1028 seipsutu

867 1039 975 1066 factus?
994 1037 1051 1066 ’διά
1080 1046 1160 1073 neque
1183 1045 1215 1064 ex
1240 1046 1303 1068 una.
1331 1038 1382 1069 ait.
1406 1038 1519 1064 essentia
1546 1038 1571 1063 in
1601 1042 1652 1064 tres

867 1085 1021 1120 Itypostases
1038 1084 1191 1119 ﬁguratum.
1213 1082 1325 1110 Prorsus
1341 1085 1408 1110 enim
1426 1088 1450 1110 et
1464 1084 1566 1117 penitus
1585 1092 1652 1110 unus

866 1134 914 1161 est.
926 1129 1069 1156 secundum
1080 1129 1169 1156 eadem
1181 1133 1205 1156 et
1218 1128 1306 1155 eodem
1318 1129 1393 1156 modo
1403 1137 1557 1163 permanens
1569 1129 1651 1156 solus.

868 1175 946 1208 Quod
973 1175 1057 1210 igitur
1082 1180 1172 1201 tuente
1194 1179 1270 1201 caret
1291 1179 1316 1200 et
1338 1182 1419 1201 sensu
1436 1175 1462 1201 iu
1481 1175 1514 1202 iis
1534 1183 1595 1209 quze
1612 1183 1655 1202 re—

867 1222 949 1248 citata
965 1226 1027 1248 sunt
1041 1220 1166 1247 Eunomii
1180 1221 1279 1252 verbis,
1301 1220 1388 1248 cuivis
1406 1221 1580 1255 perspicuum
1594 1228 1654 1248 esse

870 1267 952 1294 etiam
973 1271 1036 1294 ante
1060 1269 1168 1293 nostras
1194 1266 1314 1292 rationes
1337 1266 1455 1292 arbitror
1483 1276 1490 1293 :
1518 1266 1561 1293 his
1587 1273 1653 1301 ergo

867 1311 1047 1342 contradicat.
1075 1311 1121 1346 qui
1142 1314 1218 1346 putat
1239 1311 1271 1338 iis
1295 1310 1385 1338 verbis
1400 1311 1517 1346 aliquam
1535 1316 1653 1339 mentem

868 1361 895 1385 ct
909 1357 1114 1392 intelligentiam
1136 1357 1226 1384 inesse
1245 1367 1251 1384 :
1268 1356 1314 1391 qui
1333 1357 1404 1383 enim
1419 1356 1556 1385 sermonis
1573 1357 1654 1385 istius

869 1403 922 1429 vim
937 1403 1165 1434 consideraret-it,
1183 1402 1312 1430 absurdis
1324 1406 1351 1429 et
1365 1403 1468 1430 nullum
1493 1401 1654 1430 fundamen-

868 1452 925 1474 tum
953 1448 1117 1475 habentibus
1132 1448 1266 1482 implicari
1283 1452 1310 1475 et
1333 1448 1437 1476 haerere
1452 1449 1652 1485 dedignabitur.

868 1493 938 1526 Quid
962 1494 1034 1521 enim
1055 1493 1163 1521 roboris
1194 1498 1221 1520 ct
1251 1495 1380 1522 momenti
1412 1499 1506 1522 contra
1531 1499 1654 1523 nostrum

832 1557 853 1585 C
869 1539 966 1574 dogma
988 1539 1080 1570 habet,
1098 1539 1150 1566 hoc
1180 1540 1333 1573 enuntiare,
1359 1549 1410 1568 non
1432 1542 1546 1567 essentia
1564 1549 1656 1568 secun-

870 1584 933 1610 dum
964 1592 1043 1618 quam
1072 1589 1112 1610 ut
1137 1592 1205 1611 unus
1239 1590 1389 1619 separatum
1406 1606 1414 1619 ,
1447 1585 1485 1612 vel
1511 1585 1538 1612 in
1567 1585 1655 1620 plures

874 1629 1017 1664 partitione
1033 1630 1106 1664 facta
1121 1631 1251 1658 divulsum
1264 1651 1270 1662 ,
1290 1635 1335 1657 aut
1355 1631 1399 1666 qui
1415 1631 1483 1657 alios
1507 1631 1656 1664 alius'efﬁ-

870 1675 947 1706 citur,
964 1675 1002 1701 vel
1023 1676 1067 1710 qui
1085 1676 1117 1702 ab
1139 1683 1168 1702 eo
1182 1676 1250 1710 quod
1271 1681 1325 1708 est,
1343 1684 1400 1703 esse
1424 1677 1534 1703 discedit
1553 1685 1562 1703 :
1576 1685 1657 1712 neque

871 1729 903 1748 ea:
946 1729 999 1748 una
1027 1722 1142 1748 essentia
1172 1722 1199 1748 iu
1227 1726 1277 1749 tres
1305 1722 1488 1748 subsistentia
1523 1722 1654 1755 transfor-

872 1768 982 1794 matur?
1000 1766 1064 1799 Quae
1084 1774 1172 1802 neque
1191 1775 1205 1794 a
1227 1767 1390 1795 Christianis
1408 1768 1546 1799 dicuntur,
1570 1775 1657 1802 neque

873 1813 1048 1840 creduntur:
1083 1821 1171 1848 neque
1199 1821 1231 1841 ex
1263 1817 1448 1848 consequente
1473 1821 1520 1849 per
1538 1821 1569 1840 ea
1596 1821 1657 1848 qui:

873 1857 944 1892 apud
972 1865 1022 1885 nos
1047 1863 1121 1885 certa
1145 1863 1209 1886 sunt
1233 1862 1261 1886 et
1290 1866 1433 1894 concessa.
1458 1859 1655 1894 intelliguntur.

873 1903 940 1936 Quis
963 1903 1037 1931 enim
1058 1904 1116 1930 ha-c
1142 1911 1261 1938 unquam
1282 1904 1362 1935 dixit.
1394 1905 1436 1931 vel
1459 1911 1489 1931 ex
1507 1904 1614 1931 dicente
1628 1904 1656 1931 in

874 1949 920 1976 Dei
944 1949 1064 1976 Ecclesia
1094 1949 1216 1982 audivit,
1242 1950 1312 1985 quod
1337 1950 1416 1978 Pater
1445 1951 1593 1977 secundum
1612 1957 1658 1978 es-

875 1995 991 2021 sentiam
1019 1995 1061 2021 vel
1083 1999 1227 2029 separatur
1252 1995 1293 2022 vel
1320 1995 1502 2028 distribuitur,
1529 1996 1570 2022 vel
1590 1996 1658 2023 alias

869 2040 946 2066 'alius
970 2040 1106 2074 gignitur,
1131 2045 1209 2067 extra
1235 2041 1354 2075 seipsum
1380 2040 1478 2072 factus,
1497 2046 1524 2067 et
1539 2041 1609 2076 quod
1631 2041 1658 2067 in

876 2088 934 2111 tres
956 2084 1120 2119 hypostases
1132 2085 1281 2119 ﬁguratur?
1294 2084 1350 2112 Sibi
1364 2086 1414 2120 ipsi
1430 2086 1551 2120 loquitur
1566 2085 1658 2112 Euno-

877 2130 960 2162 iuius,
977 2138 1029 2156 non
1041 2137 1091 2157 nos
1106 2138 1275 2165 oppugnaris,
1285 2131 1333 2158 sed
1353 2138 1416 2158 suas
1433 2138 1519 2167 nugas
1535 2135 1659 2164 nectens,

61 2177 184 2207 plurimam
207 2177 341 2212 impietati
367 2177 609 2204 suae-dementiam
628 2184 660 2203 ex
680 2177 722 2203 his
741 2176 821 2204 dictis
841 2178 998 2205 admiscuit.
1019 2177 1076 2206 Nos
1095 2179 1167 2206 enim
1184 2186 1217 2206 ex
1234 2186 1311 2213 aequo
1326 2183 1353 2207 et
1367 2179 1490 2215 impium,
1525 2184 1551 2207 ct
1587 2181 1660 2215 quod

61 2224 129 2252 Deum
147 2226 212 2253 tollit
227 2226 355 2256 dicimus,
369 2229 502 2252 creatura:
527 2225 672 2252 Dominum
706 2224 770 2259 quid
801 2231 922 2252 creatum
946 2234 1009 2253 esse
1038 2226 1141 2261 profari

1167 2236 1175 2254 :
1201 2231 1229 2254 et
1259 2232 1356 2262 putare
1382 2227 1500 2260 Patrem,
1526 2235 1580 2262 qua
1607 2231 1660 2260 est,

61 2273 164 2306 separari
188 2273 229 2300 vel
247 2273 378 2300 dissecari
398 2273 440 2302 vel
458 2279 492 2299 ex
512 2272 603 2307 seipso
621 2272 766 2307 emigrare,
786 2273 827 2299 vel
847 2273 873 2300 in
898 2278 952 2301 tres
975 2274 1167 2302 subsistentias
1199 2274 1256 2302 sive
1275 2281 1404 2308 personas
1429 2274 1550 2306 formari,
1586 2275 1661 2302 velut

62 2317 133 2344 lutum
156 2318 301 2352 quoddam,
317 2319 358 2345 vel
374 2325 475 2351 ceram,
492 2326 553 2346 cum
576 2319 672 2346 formis
695 2318 883 2346 differentibus
907 2319 1054 2355 efﬁngitur.

94 2363 164 2390 Ἀλλὰ
176 2365 237 2395 τοὺς
253 2366 352 2400 ἐφεξῆς
369 2365 464 2399 λόγους
477 2366 649 2402 σκεψώμεθα.
660 2366 759 2400 Πάντη
771 2367 824 2401 γὰρ
840 2369 862 2397 D

62 2407 102 2434 καί
125 2409 254 2442 καθάπαξ
278 2411 364 2437 ἐστίν
388 2408 431 2443 εἷς
450 2419 457 2426 ο
472 2412 546 2438 κατὰ
571 2412 607 2438 τὰ
623 2411 699 2438 αὐτὰ
720 2420 752 2438 τε
774 2411 822 2447 agat

63 2453 185 2488 ὡσαύτως
198 2456 343 2491 διαμένων
352 2458 454 2491 μόνος.
465 2459 496 2484 Εἰ
513 2458 576 2493 περὶ
595 2457 641 2484 τοῦ
665 2458 770 2492 Πατρὸς
780 2457 821 2484 λέ-

63 2505 106 2529 γει,
124 2499 196 2526 τοῦτο
221 2500 268 2527 καὶ
294 2502 373 2536 ἡμεῖς
402 2502 588 2537 συντιθέμεθα.
612 2500 660 2534 Εἷς
678 2502 732 2538 γάρ
751 2504 825 2528 ἐστιν

63 2542 93 2573 ὡς
106 2544 202 2579 ἀληθῶς
215 2547 229 2572 ὁ
241 2547 344 2582 Πατὴρ,
358 2547 436 2582 μόνος
449 2548 495 2574 καὶ
512 2549 598 2582 πάντη
617 2547 741 2581 καθάπαξ
755 2548 825 2574 κατὰ

66 2588 91 2613 τὰ
101 2589 161 2615 αὑτά
170 2599 203 2616 τε
223 2591 268 2617 καὶ
287 2592 416 2624 ὡσαύτως
436 2592 514 2628 ἔχων.
530 2594 585 2620 Καὶ
603 2594 662 2620 οὐδέ
679 2602 743 2620 ποτε
759 2594 825 2628 ὅπερ

65 2632 131 2665 ἐστὶν,
143 2635 201 2662 οὔτε
217 2637 254 2672 μὴ
269 2637 317 2668 ὢν,
328 2637 388 2664 οὔτε
408 2638 444 2673 μὴ
457 2639 593 2674 ἐσόμενος.
610 2639 641 2665 Εἰ
655 2639 743 2665 τοίνυν
758 2638 826 2674 πρὸς

65 2677 99 2702 τδν
112 2679 210 2716 Πατέρα
227 2682 318 2716 βλέπει
334 2684 350 2717 ὴ
367 2683 476 2718 τοιαύτη
489 2684 575 2719 φωνὴ,
591 2684 627 2719 μὴ
647 2684 773 2719 μαχέσθω
788 2684 826 2718 τῷ

66 2720 161 2756 ίῧτματι
184 2726 231 2761 τῆς
258 2727 406 2759 εὐσεϐείας,
438 2729 589 2763 συμφωνῶν
615 2730 647 2764 τῇ
679 2729 826 2764 Ἐκκλησία

67 2768 122 2794 uti
136 2770 207 2797 τοῦτο
227 2772 257 2798 τδ
279 2773 376 2808 μέρος
393 2774 407 2799 ό
430 2774 484 2809 γὰρ
503 2774 640 2809 ὁμολογῶν
653 2775 698 2801 τὸν
720 2775 826 2810 Πατέρα

68 2812 164 2841 πάντοτε
178 2818 222 2843 καὶ
235 2818 362 2851 ὡσαύτως
378 2819 458 2854 ἔχειν,
475 2820 522 2847 ἕνα
536 2821 582 2846 καὶ
602 2820 680 2855 μόνον
691 2821 764 2851 ὄντα,
781 2821 827 2847 τὸν

68 2857 107 2890 τῆς
121 2860 250 2894 εὐσεϐείας
269 2865 395 2899 κρατύνει
411 2865 502 2900 λόγον·
519 2865 624 2900 βλέπων
646 2866 674 2893 ἐν
687 2866 725 2901 τῷ
740 2866 827 2901 Πατρὶ

912 2366 964 2394 Sed
986 2375 1046 2402 quae
1068 2370 1222 2402 sequuntur
1242 2366 1323 2394 verba
1346 2367 1562 2394 consideremus.
1582 2367 1662 2395 Omni

876 2419 908 2438 ex
930 2417 1005 2446 parte
1027 2416 1052 2439 et
1073 2412 1190 2438 absolute
1213 2419 1281 2438 unus
1304 2416 1343 2439 est
1367 2421 1377 2438 :
1402 2413 1544 2439 secundum
1572 2415 1662 2440 eadem

877 2461 901 2483 et
922 2456 1010 2482 eadem
1026 2456 1102 2483 modo
1129 2464 1285 2490 permanens
1302 2456 1384 2483 solus.
1402 2456 1429 2483 Si
1442 2457 1475 2483 de
1490 2456 1570 2484 Patre
1583 2457 1661 2488 dicit,

879 2502 931 2528 hoc
950 2503 1031 2528 etiam
1049 2509 1099 2529 nos
1115 2502 1334 2536 comprobanlus.
1357 2501 1434 2530 Unus
1449 2503 1521 2529 enim
1543 2507 1585 2530 est
1600 2511 1663 2530 vere

878 2547 970 2578 Pater,
991 2549 1066 2575 solus
1089 2549 1169 2576 etiam
1186 2549 1288 2583 ubique
1310 2553 1337 2575 et
1356 2556 1469 2582 prorsus
1486 2550 1661 2584 omninoque,

879 2599 904 2620 et
928 2594 1078 2621 secundum
1101 2594 1194 2622 eadem
1216 2594 1367 2629 eodemque
1386 2596 1465 2622 modo
1490 2603 1519 2622 se
1547 2595 1661 2623 habens.

877 2638 970 2674 Neque
992 2647 1111 2674 unquam
1131 2639 1204 2675 quod
1229 2643 1281 2672 est,
1307 2648 1395 2674 neque
1420 2647 1474 2666 non
1499 2648 1558 2672 ens.
1575 2648 1663 2674 neque

878 2692 932 2711 nou
959 2683 1077 2711 futurus.
1105 2684 1134 2711 Si
1155 2692 1220 2720 ergo
1246 2685 1302 2712 haec
1328 2692 1378 2712 vox
1404 2683 1510 2711 Patrem
1541 2685 1661 2719 respicit,

878 2730 989 2764 pietatis
1012 2730 1124 2756 decreto
1144 2737 1197 2756 non
1216 2729 1337 2764 pertinax
1367 2729 1536 2759 adversetur,
1558 2729 1604 2755 sed
1635 2728 1662 2754 in

880 2775 931 2802 hac
954 2779 1030 2809 parte
1055 2774 1183 2802 Ecclesia:
1209 2774 1371 2802 consentiat.
1389 2773 1439 2806 Qui
1461 2775 1532 2800 cnim
1557 2773 1662 2801 Patrem

881 2819 987 2855 semper
1001 2824 1028 2847 et
1038 2820 1133 2848 eodem
1151 2820 1231 2847 modo
1245 2827 1273 2847 se
1284 2820 1385 2847 habere
1399 2820 1553 2852 conﬁtetur,
1569 2827 1665 2847 unum-

881 2873 933 2902 que
948 2870 974 2894 et
993 2867 1081 2894 solum
1101 2874 1163 2894 esse
1185 2866 1338 2900 conﬁrmat,
1363 2866 1471 2901 pictatis
1494 2866 1594 2894 retinet
1613 2866 1664 2893 do-
