1957 3079
289 151 342 178 485

891 150 919 178 S.
937 149 1099 179 GREGORII
1113 151 1257 181 NYSSENI

1859 161 1910 188 484

289 208 416 236 ctrinam,
434 205 542 232 intuens
564 204 591 231 in
611 204 690 232 Patre
705 203 802 232 Filium
818 215 825 233 :
844 206 903 234 sine
922 215 976 242 quo
989 207 1054 235 Pate

1119 209 1164 236 τὸν
1175 211 1246 238 Υίόν·
1260 209 1290 238 οὗ
1313 213 1396 248 χωρὶς
1408 213 1502 249 Πατὴρ
1515 213 1577 241 οὔτε
1603 214 1672 242 ἔστιν
1681 235 1690 248 ,
1703 216 1765 243 οὕτε
1787 215 1905 251 λέγεται.

288 261 377 288 neque
400 257 439 279 est
464 258 551 285 neque
570 250 679 278 dicitur.
703 251 780 283 Quod
801 252 824 279 si
847 253 963 287 aliquem
987 255 1070 280 alium

289 300 372 326 Deum
395 301 491 332 praeter
509 296 615 324 Patrem
637 297 724 332 tingit,
741 305 802 324 cum
818 297 919 326 Judmis
937 299 1068 334 disputet,

287 345 330 372 vel
350 352 412 371 cum
441 343 484 370 his
496 343 541 378 qui
555 343 720 378 llypsistiani
735 344 929 372 nominantur:
953 353 1068 380 quorum

285 397 328 419 est
346 391 403 418 haec
417 398 478 417 cum
494 389 656 418 Christianis
672 390 820 423 discordia,
837 390 908 424 quod
924 390 973 425 ipsi
985 390 1068 418 Deum

285 437 394 471 quidem
411 435 574 462 conﬁtentur
588 443 649 462 esse
662 435 806 470 quemdam
836 435 956 470 ὕψιστον.
975 436 1001 463 id
1015 439 1067 469 est,

285 482 459 513 altissimum,
481 482 522 508 vel
548 482 764 516 παντοκράτορα,
788 481 814 508 id
829 485 881 514 est,
895 482 1068 516 omnipoten—

285 533 338 555 tem
361 527 490 554 :Patrem
517 531 606 553 autem
628 527 716 561 ipsum
741 534 800 554 esse
827 535 880 554 non
908 528 1064 554 admittunt.

283 573 458 601 Christianus
470 580 542 604 vero,
555 573 607 599 nisi
621 571 674 600 Deo
689 571 761 599 Patri
778 573 882 604 credat,
893 572 1066 601 Christianus

283 628 336 646 11011
360 624 412 646 CSL

316 665 382 698 Quae
406 665 447 692 his
471 665 597 699 deinceps
612 664 704 698 adjicit
718 664 775 691 haec
789 669 850 691 sunt
865 663 937 690 :Non
955 664 1063 696 habens,

281 711 378 745 inquit,
401 711 508 737 deitatis
532 719 587 737 sua:
601 711 754 745 participem
767 711 877 740 socium.
894 718 945 736 non
960 711 1063 744 partia-

281 757 349 783 rium
369 756 471 792 glorinr,
497 765 548 783 non
577 761 723 783 consortem
746 761 894 790 potestatis,
915 764 966 782 non
992 756 1064 790 regni

280 810 480 830 consessorem:
502 811 569 829 unus
596 803 664 829 enim
691 808 729 828 est
753 807 778 828 et
797 802 868 829 solus
892 801 960 828 Deus
982 803 1065 829 omni-

280 853 382 881 potens,
409 848 476 874 [λειω
493 847 613 880 deorum,
635 847 688 874 Rex
711 848 877 882 regnantium
891 867 898 879 ,
934 847 1061 874 οοηιὶηιω

279 894 481 920 dominantium.
503 893 599 921 Nescio
619 894 647 921 in
671 902 750 929 quem
771 895 880 921 intuens
900 894 1058 927 Eunomius,

278 949 332 968 non
346 941 396 976 ipsi
411 942 580 968 divinitatem
595 943 798 968 communicare
809 941 915 969 Patrem
927 946 1061 970 contesta-

277 991 330 1014 tur.
354 987 494 1021 Siquidem
511 987 544 1014 ad
563 988 709 1014 simulacra
731 995 798 1014 vana
816 991 842 1014 et
865 988 898 1014 ad
916 988 1059 1015 confictam

277 1033 541 1060 simulacricolarum
551 1033 704 1067 opinionem
722 1033 785 1059 talia
795 1033 870 1064 dicit,
883 1034 1058 1067 quemadmo-

277 1079 341 1105 dum
360 1079 461 1105 Paulus
475 1078 590 1110 elamat,
616 1077 688 1112 quod
713 1086 763 1104 non
777 1082 816 1104 est
842 1079 989 1110 consensio,
1007 1080 1060 1106 sive

276 1123 411 1150 conrentio
433 1122 537 1150 Christo
557 1130 615 1148 cum
636 1121 737 1152 Beliar.
759 1131 840 1156 neque
858 1124 1059 1150 communicatio

276 1169 371 1202 lentplo
387 1169 434 1195 Dci
444 1176 503 1194 cum
519 1168 622 1202 templis
639 1167 769 1194 idolorum
783 1168 817 1199 Μ,
830 1169 910 1195 etiam
926 1176 976 1196 nos
992 1177 1058 1196 cou-

275 1215 426 1241 ﬁrmamus.
445 1213 521 1245 Quod
543 1213 564 1239 si
581 1213 750 1246 unigenitum
778 1212 862 1239 Deum
883 1221 930 1248 per
953 1222 984 1241 ea
999 1222 1059 1249 quae

274 1260 414 1291 dicuntur,
427 1266 442 1285 a
455 1258 544 1293 patria
554 1257 655 1285 deitatc
671 1263 792 1292 separat.
816 1258 915 1290 discat,
931 1259 1058 1287 dilemma

275 1305 422 1341 impietatis
443 1305 504 1339 ejus
528 1305 555 1331 in
580 1304 701 1339 seipsum
728 1305 976 1332 recriminationcm
992 1313 1059 1333 con-

274 1356 402 1384 struere;
427 1351 467 1377 vel
490 1351 563 1377 cn‘uu
585 1351 708 1378 absolute
721 1349 767 1378 Dei
785 1351 956 1386 Uuigenitum
977 1356 1057 1386 negat

272 1406 333 1425 esse
358 1397 452 1428 Deum,
472 1400 501 1423 ut
524 1396 595 1423 Patri
615 1400 758 1424 conservet
780 1403 812 1423 ac
831 1396 960 1429 vindicet,
984 1396 1056 1430 quod

271 1448 314 1470 est
332 1450 395 1470 cum
417 1442 484 1469 Filio
499 1442 527 1469 in
549 1442 650 1469 deitate
666 1443 932 1472 incommuuicabile.
959 1449 990 1469 ac
1010 1450 1057 1477 per

272 1489 324 1515 hoc
338 1493 526 1524 transgressor
541 1495 573 1515 ac
592 1489 785 1522 praevaricator
798 1488 982 1523 redarguitur,
1002 1488 1056 1515 Deo

1121 257 1152 283 Et
1165 257 1193 283 δὲ
1207 257 1286 284 ἄλλον
1301 258 1362 285 τινὰ
1374 259 1447 294 παρὰ
1463 260 1508 286 τὸν
1523 261 1631 295 Πατέρα
1646 261 1711 288 Θεὸν
1726 263 1906 295 ἀναπλάσσει,

1127 302 1262 334 Ἰουδαίοις
1283 303 1488 340 διαλεγέσθω,ἢ
1511 308 1566 338 τοῖς
1590 307 1744 343 λεγομένοις
1764 309 1904 343 ’Υψιστια-

1119 349 1187 380 νοῖς·
1197 345 1233 375 ὧν
1244 349 1312 384 αὕτη
1323 351 1396 376 ἐστὶν
1407 351 1422 386 ἡ
1434 351 1500 386 πρὸς
1511 352 1572 384 τοὺς
1580 353 1756 388 Χριστιανοὺς
1771 354 1888 390 διαφορά
1896 363 1903 371 ⁸

1118 393 1149 420 τὸ
1163 394 1228 421 Θεὸν
1245 396 1294 430 μὲν
1312 396 1409 428 αὐτοὺς
1424 398 1564 432 ὁμολογεῖν
1586 397 1655 426 εἶναι
1673 408 1745 431 τινα,
1758 401 1790 427 ὃν
1807 401 1904 436 ὀνομά-

1118 439 1208 471 ζουσιν
1221 441 1361 475 ’¹Υψιστον,
1379 443 1395 477 ἢ
1413 443 1621 480 Παντοκράτορα
1633 453 1640 460 ·
1652 446 1762 481 Πατέρα
1774 446 1804 472 δὲ
1823 447 1904 472 αὐτὸν

1117 483 1187 512 εἶναι
1210 487 1246 522 μὴ
1265 488 1473 522 παραδέχεσθαι.
1495 489 1523 515 ’0
1537 489 1565 515 δὲ
1582 491 1753 525 Χριστιανὸς,
1772 493 1797 518 εί
1819 491 1856 527 μὴ
1865 492 1903 527 τῷ

1117 531 1204 566 Πατρὶ
1220 532 1349 565 πιστεύοι,
1368 534 1527 568 Χριστιανὸς
1544 535 1592 561 οὐκ
1606 536 1687 564 ἔστιν.

1153 664 1184 689 "A
1203 664 1230 690 δὲ
1256 665 1360 696 τούτοις
1383 665 1481 700 ἑφεξῆς
1505 666 1685 701 προστίθησι,
1702 667 1792 693 ταῦτα
1816 667 1899 695 ἐστίν,

1112 711 1152 736 Οὐ
1163 712 1307 738 κοινωνὸν
1317 711 1403 745 ἔχων,
1413 712 1490 746 φησι,
1505 712 1560 746 τῆς
1574 713 1765 746 θεότητος-,οὺ
1775 713 1901 747 μερίτην

1114 755 1168 789 τῆς
1182 756 1283 789 δόξης,
1298 758 1333 783 οὐ
1349 758 1522 791 curialium)"
1539 757 1593 791 τῆς
1611 759 1762 791 ἐξουσίας,
1779 760 1816 786 οὐ
1828 760 1902 786 σύν-

1113 803 1221 834 θρονον
1242 802 1297 836 τῆς
1317 803 1488 835 βασιλείας.
1506 802 1557 837 Εἷς
1577 804 1631 838 γάρ
1656 805 1722 831 ἐστι
1736 805 1785 832 καὶ
1806 805 1900 839 μόνος

1115 847 1185 880 Θεὸς
1192 849 1208 874 d
1214 848 1432 883 παντοκράτωρ,
1445 849 1516 882 Θεὸς
1525 849 1609 880 θεῶν,
1616 851 1767 883 ,ϐασιλεὺς
1776 850 1834 876 τῶν
1842 851 1899 882 ,Ξα-

1113 895 1316 927 σιλευόντων,
1333 896 1442 928 Κύριος
1455 895 1514 922 τῶν
1531 897 1736 929 κιιριευόντων.
1763 897 1822 923 Οὐκ
1840 895 1898 922 οἶδα

1111 940 1178 975 πρὸς
1186 940 1245 967 τίνα
1263 940 1369 975 βλέπων
1384 941 1398 966 ὁ
1412 941 1551 975 Εὑνόμιος,
1562 942 1593 968 τὸ
1610 942 1646 977 μὴ
1660 944 1797 968 κοινωνεῖν
1809 942 1897 976 ἑαυτῷ

1110 986 1158 1020 τῆς
1187 986 1311 1020 θεότητος
1336 986 1381 1012 τὸν
1399 986 1510 1022 Πατέρα
1539 987 1762 1022 διαμαρτύρεται.
1787 988 1817 1013 Εἰ
1847 988 1896 1022 μὲν

1110 1033 1164 1066 γὰρ
1177 1032 1243 1067 πρὸς
1259 1033 1292 1059 τὰ
1309 1032 1404 1058 εἴδωλα
1417 1032 1451 1058 τὰ
1469 1033 1581 1067 μάταια,
1593 1033 1640 1060 κα)⁵
1657 1033 1704 1068 τὴν
1718 1033 1896 1068 πεπλανημέ-

1109 1085 1158 1112 νην
1172 1077 1226 1103 τῶν
1244 1077 1507 1112 εἰδωλολατρούντων
1524 1079 1656 1114 ὑπόληψιν
1676 1080 1709 1106 τὰ
1725 1079 1837 1106 τοιαῦτα
1850 1079 1895 1106 λέ-

1102 1128 1156 1154 γει,
1166 1121 1256 1153 καθὼς
1276 1122 1322 1148 καὶ
1340 1123 1354 1148 ὁ
1365 1122 1470 1154 Παῦλος
1484 1122 1533 1157 βοᾷ
1543 1131 1549 1138 ·
1562 1123 1604 1149 ὅτι
1621 1123 1676 1149 οὐκ
1691 1123 1757 1150 ἐστι
1768 1124 1892 1157 συμφώ-

1102 1174 1190 1199 νησις
1209 1166 1323 1200 Χριστῷ
1343 1167 1422 1203 πρὸς
1435 1168 1560 1202 Βελιάρ·
1580 1169 1651 1195 οὐδὲ
1672 1170 1813 1195 κοινωνία
1832 1169 1894 1201 ναῷ

1103 1212 1176 1239 Θεοῦ
1182 1213 1404 1247 μετὰείδώλων,
1412 1214 1459 1240 καὶ
1469 1215 1552 1250 ἡμεῖς
1564 1214 1754 1250 συντιθέμεθα.
1768 1215 1836 1241 Εἱδὲ
1847 1216 1894 1241 τὴν

1103 1258 1235 1293 μονογενῆ
1246 1258 1312 1285 Θεὸν
1326 1260 1371 1286 διὰ
1380 1259 1434 1286 τῶν
1447 1260 1601 1295 λεγομένων
1613 1261 1662 1296 τῆς
1675 1261 1813 1296 πατρικῆς
1824 1262 1893 1295 ἀφο-

1102 1303 1172 1339 ρίζει
1186 1303 1322 1339 θεότητος,
1338 1305 1446 1339 μαθέτω
1458 1306 1499 1332 ὅτι
1508 1306 1630 1342 δίλημμα
1643 1307 1691 1342 τὴν
1700 1308 1749 1342 τῆς
1759 1308 1889 1337 ἀσεϐείας

1108 1348 1190 1376 αὑτοῦ
1208 1349 1372 1384 κατηγορίαν
1395 1348 1436 1382 ἐφ’
1454 1348 1541 1383 ἑαυτῷ
1569 1350 1765 1380 κατασκευάζει
1781 1358 1788 1364 ·
1801 1350 1818 1385 ἢ
1839 1351 1894 1384 γὰρ

1107 1395 1226 1429 ἀρνεῖται
1243 1394 1356 1420 καθόλου
1374 1394 1440 1420 Θεὸν
1460 1391 1528 1420 εἶναι
1547 1394 1591 1420 τὸν
1601 1395 1737 1429 Μονογενῆ
1753 1395 1837 1422 Θεοῦ·
1851 1396 1894 1422 ἵνα

1107 1440 1210 1476 φυλάξῃ
1225 1440 1264 1475 τῷ
1286 1440 1373 1475 Πατρὶ
1393 1440 1423 1466 τὸ
1446 1441 1474 1466 ὲν
1497 1441 1528 1475 τῇ
1549 1440 1653 1474 θεότητι
1673 1441 1740 1476 πρὸς
1759 1441 1805 1467 τὸν
1829 1441 1892 1467 Υἱὺν

1107 1485 1286 1520 ἀκοινώνητον
1301 1493 1309 1500 θ
1327 1485 1373 1512 καὶ
1388 1485 1431 1511 διὰ
1448 1484 1543 1511 τούτου
1564 1485 1725 1521 παραϐάτης
1737 1486 1891 1521 ἐλέγχεται,

270 1534 489 1561 Christianorum
508 1533 655 1568 abnegato;
675 1534 716 1560 vel
736 1534 758 1560 ei
779 1534 957 1565 concesserit,
973 1534 1050 1560 illum

1106 1531 1151 1556 τὸν
1171 1530 1236 1557 Θεὸν
1256 1530 1310 1556 τῶν
1331 1529 1500 1565 Χριστιανῶν
1517 1530 1724 1565 ἁρνησὰμενοςο
1741 1530 1756 1565 ἢ
1780 1532 1804 1557 εἰ
1834 1531 1890 1565 δοίη

270 1586 332 1606 esse
349 1578 431 1605 Deum
455 1578 605 1605 secundum
623 1582 749 1605 naturam
768 1585 830 1604 cum
851 1577 987 1615 Deo‘vero
1002 1586 1054 1606 non

271 1623 490 1656 convenientem,
503 1623 614 1650 ouiuino
627 1625 813 1650 necessarium
828 1628 870 1650 est
885 1618 973 1657 ipsum
990 1631 1055 1651 con-

272 1669 353 1700 ﬁteri,
380 1677 408 1696 se
432 1677 511 1696 orare
534 1669 600 1696 deos
625 1673 783 1695 naturarum
810 1669 960 1697 (litfcrentia
987 1678 1001 1696 a
1026 1678 1055 1697 se

270 1715 375 1742 divisos
397 1722 429 1741 ac
455 1714 616 1748 diremptos.
632 1713 733 1740 llorum
758 1718 849 1741 utrum
864 1715 991 1754 volo/erit,
1006 1715 1055 1742 eli-

270 1763 325 1793 gat,
336 1758 377 1785 vel
395 1765 493 1792 negare
506 1758 567 1784 Filii
579 1757 718 1791 deitatem,
733 1759 773 1785 vel
784 1758 851 1786 deos
863 1767 912 1786 suo
926 1759 1054 1794 dogmate

271 1805 399 1831 inducere
418 1813 425 1831 τ
444 1808 536 1830 utrum
549 1803 620 1830 enim
636 1804 732 1830 horum
744 1804 867 1839 elegerit.
880 1805 946 1831 nihil
961 1805 1052 1837 refert,

269 1849 304 1877 ad
327 1849 491 1884 impietatem
510 1857 559 1884 par
579 1850 669 1876 scelus
687 1854 736 1877 est.
763 1849 818 1876 Nos
841 1849 912 1877 enim
931 1851 1050 1884 inspira-

269 1895 306 1922 tis
328 1902 342 1921 a
357 1894 411 1922 Deo
432 1894 581 1929 Scriptura:
595 1896 685 1923 verbis
703 1895 819 1922 instituti
840 1900 866 1923 et
888 1897 976 1924 edocti
999 1904 1052 1924 non

269 1940 296 1967 in
314 1939 394 1967 Patre
409 1944 436 1968 et
450 1939 518 1966 Filio
534 1940 644 1968 deitatis
659 1941 877 1968 communionem
902 1943 1051 1974 cernimus,

269 1985 316 2012 sed
332 1985 476 2017 unitatem,
492 1977 543 2012 hoc
557 1985 677 2020 propriis
689 1986 780 2014 verbis
795 1985 910 2014 Domino
927 1987 1052 2019 docente,

272 2030 374 2064 quibus
400 2030 447 2061 ait,
471 2029 553 2057 Pater
569 2035 594 2057 et
607 2039 654 2065 ego
678 2039 759 2057 unum
779 2039 870 2058 sumus
892 2031 927 2063 ⁸³.
943 2035 979 2064 ct,
1002 2032 1054 2065 Qui

268 2076 332 2103 vidit
358 2076 483 2108 me,vidit
505 2075 613 2103 Patrem
634 2077 666 2102 “.
683 2076 749 2103 Nam
771 2077 793 2103 si
815 2084 870 2104 non
888 2081 960 2104 esset
977 2077 1053 2112 ejus-

268 2121 329 2148 dem
352 2125 468 2152 naturae.
495 2120 631 2155 quomodo
656 2121 698 2148 vel
723 2121 834 2148 haberet
859 2122 885 2148 in
904 2122 1052 2156 semetipso

267 2165 340 2201 quod
365 2166 498 2197 alienum;
520 2166 561 2194 vel
584 2166 722 2200 quomodo
743 2168 769 2192 in
786 2167 876 2201 seipso
893 2167 1050 2195 ostenderet

1106 1577 1230 1603 κάκεῖνον
1241 1575 1310 1603 εἶναι
1325 1576 1390 1602 Θεὸν
1404 1576 1473 1602 κατὰ
1490 1576 1536 1611 τὴν
1552 1576 1631 1610 φύσιν
1644 1576 1682 1611 τῷ
1695 1576 1816 1614 αληθινῷ
1832 1576 1893 1611 Θεῷ

1107 1621 1143 1657 μὴ
1170 1621 1366 1656 συμϐαίνοντα,
1382 1621 1488 1655 ἀνάγκη
1506 1621 1578 1646 πᾶσα
1605 1620 1684 1647 αὑτὸν
1702 1621 1786 1652 Θεοὺς
1806 1629 1892 1656 πρεσ-

1105 1667 1203 1698 6εύειν,
1221 1667 1370 1702 ὁμολογεῖν,
1386 1668 1418 1701 τῇ
1433 1667 1547 1702 διαφορᾷ
1571 1666 1624 1693 τῶν
1648 1666 1755 1700 φύσεων
1783 1668 1831 1693 ἀπ’
1849 1668 1889 1693 ἀλ.

1104 1713 1190 1749 λήλων
1204 1713 1415 1748 διεσχισμένους.
1433 1713 1548 1739 Ἐλέσθω
1567 1714 1666 1740 τούτων
1689 1714 1702 1739 ὃ
1723 1713 1858 1748 βούλεται,
1874 1714 1890 1748 ἢ

1105 1759 1243 1795 ἀρνεῖσθαι
1267 1759 1313 1785 τοῦ
1339 1759 1404 1785 Υἱοῧ
1433 1759 1564 1793 θεότητα,
1579 1760 1596 1793 ἢ
1620 1759 1702 1790 Θεοὺς
1732 1760 1891 1793 ἐπεισάγειν

1103 1805 1142 1840 τῷ
1157 1805 1270 1840 δόγματι
1282 1813 1289 1820 ·
1301 1805 1368 1840 ὅπερ
1384 1804 1438 1839 γὰρ
1455 1804 1486 1830 ἂν
1500 1804 1594 1838 ἕληται
1615 1805 1726 1836 τούτων,
1740 1803 1800 1831 ἶσόν
1818 1806 1890 1832 ἐστιν

1104 1851 1144 1882 εἰς
1154 1850 1289 1877 ἀσέϐειαν.
1308 1851 1403 1885 Ἡμεῖς
1419 1850 1473 1885 γὰρ
1484 1850 1558 1885 παρὰ
1569 1850 1622 1876 τῶν
1637 1850 1824 1877 θεοπνεύστων
1840 1851 1890 1885 τῆς

1104 1897 1215 1932 Γραφῆς
1242 1896 1328 1930 λόγων
1362 1895 1637 1931 μυσταγωγούμενοι,
1662 1896 1723 1931 οὐχὶ
1746 1897 1890 1923 κοινωνίαν

1104 1941 1228 1976 θεότητος
1241 1941 1348 1977 ὁρῶμεν
1363 1941 1391 1966 ὲν
1408 1941 1495 1975 Πατρι
1520 1940 1567 1966 καὶ
1592 1940 1657 1975 Υίῷ,
1671 1941 1729 1967 ἀλλ’
1753 1941 1868 1976 ἑνότητα
1881 1949 1887 1956 '

1103 1987 1181 2014 τοῦτο
1195 1987 1242 2014 τοῦ
1257 1987 1391 2013 Δεσπότου
1402 1986 1446 2012 διὰ
1458 1985 1511 2012 τῶν
1528 1985 1599 2012 ἰδίων
1615 1985 1701 2020 λόγων
1721 1986 1888 2019 διδάξαντος,

1103 2033 1132 2059 ἐν
1146 2029 1186 2063 οἷς
1200 2040 1270 2067 φησν
1280 2052 1286 2064 ,
1309 2032 1378 2066 Ἐγὼ
1397 2033 1445 2058 καὶ
1465 2033 1482 2059 ό
1493 2031 1594 2065 Πατὴρ
1606 2031 1640 2058 ἓν
1651 2032 1745 2065 ἐσμέν
1761 2041 1768 2047 ·
1783 2033 1830 2058 καὶ
1848 2032 1888 2059 ὅτι

1109 2078 1140 2104 ⁷0
1158 2077 1292 2111 ἑωρακὼς
1310 2077 1362 2111 ἐμὲ
1385 2077 1493 2111 ἑώρακε
1515 2078 1568 2104 τὸν
1582 2077 1705 2111 Πατέρα.
1726 2078 1757 2103 Ei
1773 2079 1828 2113 γὰρ
1851 2077 1887 2113 μὴ

1102 2123 1150 2158 τῆς
1166 2123 1251 2157 αὐτῆς
1264 2121 1298 2158 ἦν
1309 2123 1424 2157 φύσεως,
1447 2123 1505 2154 πῶς
1523 2123 1556 2150 ἂν
1571 2123 1587 2158 ἢ
1606 2123 1682 2157 ἔσχεν
1698 2123 1726 2149 ὲν
1746 2123 1837 2158 ἑαυτῷ
1857 2123 1887 2149 τὸ

1103 2169 1250 2203 ἀλλότριον,
1267 2169 1283 2203 ἦ
1300 2169 1358 2199 πῶς
1372 2169 1404 2195 ἂν
1419 2168 1518 2201 ἔδειξεν
1528 2169 1570 2202 ἐφ’
1584 2167 1680 2194 ἑαυτοῦ
1697 2168 1727 2194 τὸ
1741 2169 1866 2203 ἀνόμοιον
1877 2189 1885 2201 ,

268 2210 341 2245 quod
362 2215 403 2238 est
423 2211 576 2243 dissimile;
600 2214 710 2237 externa
727 2216 753 2238 et
774 2204 862 2239 aliena
882 2217 980 2240 natura
995 2221 1048 2240 non

1107 2214 1143 2249 μὴ
1164 2213 1309 2249 δεχομένης
1324 2214 1373 2248 τῆς
1393 2213 1470 2248 ξένης
1489 2222 1517 2239 τε
1545 2214 1592 2240 καὶ
1616 2213 1757 2247 ἀλλοτρίας
1781 2214 1886 2248 φύσεως

267 2256 420 2290 excipiente
444 2256 544 2283 diversi
574 2255 682 2290 generis
701 2256 886 2284 characterem
909 2258 966 2285 sive
994 2257 1050 2284 ior-

267 2301 359 2328 niam?
383 2301 453 2327 Dicit
478 2305 567 2327 autem
589 2300 660 2335 quod
680 2301 772 2335 gloria:
807 2302 967 2335 partiarium
993 2303 1049 2330 sire

267 2346 371 2372 sociam
393 2353 444 2372 non
474 2345 549 2371 habet
568 2351 577 2369 :
595 2345 646 2371 hoc
670 2349 759 2371 autem
783 2349 813 2372 ut
831 2353 861 2372 se
875 2345 955 2372 habet
969 2346 1047 2378 dicit,

266 2389 375 2416 tametsi
399 2389 502 2415 nesciat
522 2388 586 2422 quid
604 2388 677 2414 dicat
694 2397 700 2415 :
717 2396 771 2415 non
786 2390 858 2416 enim
880 2389 965 2418 Filius
985 2399 1046 2418 cum

265 2434 345 2461 Patre
363 2433 476 2469 gloriam
495 2434 620 2469 partitur.
641 2434 688 2461 sed
712 2439 796 2461 lotam
811 2443 873 2462 cum
892 2435 970 2463 Patre
987 2437 1046 2471 glo-

263 2482 332 2508 riam
357 2481 451 2512 habct,
470 2481 541 2507 sicut
563 2480 644 2506 etiam
672 2480 750 2507 Pater
765 2488 871 2507 onmem
894 2489 955 2508 cum
974 2481 1042 2508 Filio

264 2527 346 2553 habet
369 2526 493 2562 gloriam.
523 2525 568 2552 Sic
590 2526 660 2553 enim
680 2526 748 2553 dixit
770 2527 802 2553 ad
828 2527 945 2559 Patrem,
971 2527 1043 2563 quod

264 2571 361 2599 Omnia
392 2579 449 2598 mea
467 2576 513 2598 tua
533 2577 604 2602 sunt,
619 2577 643 2597 et
662 2577 706 2598 tua
735 2580 792 2599 mea
815 2573 847 2601 ⁸⁵,
873 2573 988 2608 Ideoque
1016 2575 1042 2600 in

263 2622 383 2652 lctltpore
395 2617 490 2652 judicii
507 2617 626 2652 seipsum
652 2619 839 2652 appariturum
862 2627 922 2646 esse
939 2620 966 2646 in
984 2620 1043 2655 glow

262 2664 301 2689 ria
322 2662 411 2690 Patris
435 2663 552 2689 affirmat
567 2663 598 2695 ⁸⁸,
624 2671 684 2690 cum
701 2665 858 2691 redditurus
883 2669 926 2692 est
942 2666 1042 2700 cuique

261 2709 411 2736 secundum
438 2716 518 2744 opera
539 2718 606 2743 sua;
635 2710 686 2737 hac
711 2715 800 2737 autem
824 2718 890 2737 voce
914 2711 1042 2738 unionem

261 2759 366 2782 natura
382 2755 559 2783 demonstrat.
576 2756 809 2788 Quemadmodum
828 2757 899 2783 enim
915 2757 968 2784 alia
983 2757 1042 2793 glo-

1100 2259 1144 2286 τὸν
1162 2259 1209 2286 τοῦ
1224 2259 1398 2295 ὲτερογενοῦς
1412 2258 1572 2294 χαρακτῆρα
1589 2267 1596 2290 ;
1612 2259 1691 2292 Λέγει
1707 2259 1735 2284 δὲ
1753 2259 1796 2285 ὅτι
1818 2259 1886 2285 οὐδὲ

1096 2305 1221 2339 μερίτην
1234 2305 1295 2338 ἔχει
1311 2304 1365 2338 τῆς
1379 2304 1480 2337 δόξης.
1502 2303 1587 2330 Τοῦτο
1600 2303 1628 2330 δὲ
1640 2303 1677 2335 ὡς
1692 2303 1748 2338 ἔχει
1762 2303 1847 2337 λέγει,
1862 2304 1886 2329 εἰ

1099 2351 1146 2377 καὶ
1160 2350 1197 2385 μὴ
1213 2349 1281 2376 οἶδεν
1295 2350 1308 2376 ὃ
1322 2350 1410 2383 λέγει·
1431 2350 1461 2375 οὺ
1477 2349 1531 2384 γὰρ
1554 2349 1692 2384 μερίζεται
1705 2350 1719 2374 ὸ
1734 2349 1800 2380 Υἱὸς
1818 2349 1885 2384 πρδς

1098 2396 1143 2422 τὸν
1161 2396 1268 2431 Πατέρα
1290 2395 1337 2430 τὴν
1363 2393 1455 2426 δόξαν,
1475 2394 1531 2421 ἀλλ’
1557 2394 1621 2429 ὃλην
1638 2394 1692 2429 ἔχει
1711 2394 1758 2420 τοῦ
1779 2394 1885 2429 Πατρὺς

1097 2441 1144 2476 τὴν
1159 2441 1245 2472 δόξαν,
1262 2442 1298 2472 ὡς
1314 2441 1382 2467 καὶὸ
1399 2441 1492 2475 Πατὴρ
1511 2441 1600 2466 πᾶσαν
1620 2439 1675 2474 ἔχει
1692 2439 1738 2465 τοῦ
1753 2439 1820 2465 Υἱοῦ
1836 2439 1886 2473 τὴν

1096 2486 1184 2519 δόξαν.
1206 2486 1298 2518 Οὕτως
1311 2486 1364 2522 γὰρ
1378 2484 1437 2511 εἷπε
1455 2485 1522 2521 πρὸς
1536 2485 1581 2511 τὸν
1600 2485 1768 2519 Πατέρα,ῑτι
1784 2484 1886 2511 Πάντα

1096 2531 1132 2558 τὰ
1146 2530 1201 2564 ἐμὰ
1223 2530 1264 2557 σά
1279 2531 1373 2561 ἐστιν,
1388 2530 1437 2556 καὶ
1458 2529 1494 2556 τὰ
1517 2528 1558 2555 σὰ
1579 2528 1642 2562 ἐμά.
1664 2528 1708 2553 Διὺ
1729 2528 1778 2554 καὶ
1802 2529 1831 2554 ὲν
1846 2528 1885 2560 τῷ

1095 2577 1184 2612 καιρῷ
1193 2577 1242 2610 τῆς
1253 2577 1368 2612 κρίσεως
1379 2574 1593 2610 ὲπιφανήσεοθαι
1607 2574 1701 2600 ἑαυτὸν
1717 2582 1800 2608 φησιν
1809 2575 1838 2600 ὲν
1852 2575 1883 2608 τῇ

1095 2623 1159 2658 δόξῃ
1172 2621 1217 2648 τοῦ
1232 2622 1337 2656 Πατρός
1347 2630 1353 2636 ·
1367 2621 1410 2647 ὅτε
1427 2620 1516 2655 μέλλει
1533 2620 1684 2646 ἀποδιδόναι
1694 2620 1805 2654 ἑκάστῳ
1816 2621 1885 2646 κατὰ

1097 2667 1131 2694 τὰ
1148 2667 1214 2702 ἔργα
1229 2666 1321 2693 αὐτοῦ.
1335 2666 1458 2692 Δείκνυσι
1475 2666 1502 2692 δὲ
1517 2665 1561 2692 διὰ
1578 2666 1626 2699 τῆς
1639 2665 1731 2699 φωνῆς
1740 2664 1846 2699 ταύτης
1857 2664 1886 2690 τὸ

1095 2712 1234 2748 ἡνωμένον
1250 2712 1298 2746 τῆς
1309 2711 1425 2745 φύσεως.
1447 2711 1490 2741 Ὠς
1513 2710 1566 2744 γὰρ
1580 2709 1646 2743 ἄλλη
1660 2709 1724 2742 δόξα
1744 2709 1886 2744 ήλίου,χα“ι

1096 2757 1162 2793 άλλη
1178 2757 1238 2790 δόξα
1249 2757 1375 2792 σελήνης·
1387 2757 1429 2783 διὰ
1443 2756 1473 2782 τὸ
1485 2756 1521 2791 μὴ
1534 2755 1689 2790 συμϐαίνειν
1703 2755 1773 2790 πρὸς
1784 2756 1885 2791 ἄλληλα

295 2843 316 2859 ⁸·
341 2843 360 2871 ll
383 2845 444 2871 (Sor.
470 2852 506 2875 vi,
535 2844 574 2876 li,
603 2843 644 2870 l5.
683 2843 705 2859 ⁸³
728 2843 806 2871 Joan.
836 2853 862 2879 κ,
892 2846 935 2873 50.
973 2846 996 2862 “
1020 2845 1098 2874 Joan.
1125 2855 1180 2878 xxv,
1207 2847 1234 2874 9.
1272 2846 1293 2862 ⁸⁸
1310 2845 1388 2872 Joau.
1405 2853 1469 2877 xvii,
1499 2845 1538 2872 l0.
1577 2845 1599 2861 ⁸ο
1626 2845 1720 2872 Matth.
1749 2853 1815 2878 xxv,
1839 2846 1884 2874 51.
