1957 3079
75 159 121 187 λεδ

637 149 774 178 CONTRA
792 147 987 180 EUNOMlUM,
1009 148 1071 174 LIB.
1093 147 1124 175 II.

1634 148 1683 176 486

76 218 122 244 τῶν
135 213 267 250 στοιχείων
284 212 330 247 τὴν
344 212 421 246 φύσιν
439 220 445 226 “
462 212 498 243 ὡς
517 212 541 239 εἴ
556 219 585 244 γε
602 210 618 244 ἡ
635 209 703 244 αὑτὴ
721 208 783 240 δόξα
802 208 844 234 ἐπ’
861 236 863 240 ,

914 207 936 233 ia
961 206 1018 233 sive
1045 206 1155 233 claritas
1182 205 1259 238 solis,
1279 206 1329 232 alia
1356 206 1426 233 lunae
1447 206 1481 239 ⁸⁷,
1501 207 1565 241 quia
1586 207 1682 235 horum

76 262 225 300 ἀμφοτέρων
236 259 280 296 ἦν,
289 261 338 286 οὐκ
358 260 390 287 ἄν
405 268 446 290 τις
458 257 572 293 διαφηρὰ
584 257 632 291 τῆς
644 255 749 290 φύσεως
760 255 848 300 αὺτῷν

78 299 210 343 ἐνομίσθη*
226 304 311 337 οὕτως
324 306 338 331 6
364 303 459 331 ἑαυτὸν
484 303 512 328 ὲν
533 303 566 337 τῇ
586 300 632 328 τοῦ
656 300 762 336 Πατρὺς
787 299 849 334 δόξῃ

78 350 233 388 φανήσεσθαι
250 348 398 385 προειπὼν.
414 348 497 380 ἔδειξε
511 346 554 373 διὰ
572 346 621 380 τῆς
632 345 701 372 κατὰ
714 345 762 380 τὴν
772 344 850 376 δόξαν

78 398 242 431 nutrito-tog,
260 395 309 431 τὴν
326 395 467 422 κοινωνίαν
483 393 532 428 τῆς
552 392 667 427 φύσεως.

108 525 142 551 Τὸ
164 524 199 559 μὴ
219 523 362 559 σύνθρονον
381 523 429 557 τῆς
454 522 591 557 βασιλείας
608 521 697 556 λέγειν
720 519 788 547 εἶναι
813 520 852 554 τῷ

79 571 155 606 "arpi
172 570 217 596 τὸν
236 569 309 600 Υἰὺν,
329 569 429 603 πολλὴν
451 569 584 604 μαρτυρεῖ
599 567 637 602 τῷ
660 567 783 602 Εὑνομίῳ
804 565 851 601 τὴν

78 616 124 642 τῶν
135 615 210 641 θείων
224 614 321 647 λογίων
335 613 458 648 μελέτην,
473 613 502 644 ὃς
517 614 549 639 ὲκ
561 615 610 648 τῆς
631 613 700 646 ἄγαν
717 612 850 647 προσοχῆς

78 662 124 687 τῶν
142 659 324 686 θεοπνεύστων
351 659 476 694 Γραφῶν,
496 658 572 685 οΰπω
594 659 719 693 ἡκουσεν,
741 658 780 683 ὃτι
815 656 853 683 Τὰ

79 708 132 733 ἄγω
141 705 284 740 φρονεῖτε,
297 703 333 732 οὗ
351 706 366 731 ὀ
383 705 511 738 Χριστός
532 704 616 731 ἐστιν
637 705 670 730 ὲν
691 702 776 735 δεξιᾷ
799 702 852 729 τοῦ

79 750 183 784 Πατρός
206 749 387 783 καθήμενος,
416 750 463 776 καὶ
487 750 525 775 ὅτι
551 751 580 776 ὲν
599 749 673 784 δεξιᾷ
691 749 738 775 τοῦ
758 748 852 784 Θρὸνου

78 795 119 821 τοῦ
132 794 195 820 Θεοῦ
208 794 364 821 κεκάθικεν·
379 795 426 820 καὶ
445 794 510 821 ἄλλα
523 794 635 821 τοιαῦτα
646 794 741 824 πολλὰ1
755 790 792 820 ὧν
804 793 854 820 οὐκ

81 841 108 867 ἂν
122 840 215 875 ῥᾳδίως
233 846 274 868 τις
285 837 315 864 τὸ
326 837 425 873 πλῆθος
441 838 657 874 ὲξαριθμήσειεν·
671 839 743 874 ἅπερ
771 839 854 874 μήπω

899 251 1092 278 elementorum
1119 254 1215 276 natura
1238 250 1290 276 sibi
1316 250 1431 277 invicem
1448 257 1502 277 non
1519 251 1682 278 conveniat:

900 295 973 331 quod
997 295 1019 322 si
1049 295 1190 321 amborum
1211 295 1304 322 eadem
1323 300 1395 323 esset
1410 296 1508 331 gloria,
1524 297 1598 323 nulla
1611 297 1686 331 ipso-

901 348 959 366 rum
978 345 1083 366 naturae
1099 343 1244 374 putaretur
1259 339 1425 369 differentia:
1442 341 1482 368 sic
1505 342 1551 376 qui
1564 341 1683 376 seipsum

902 385 928 412 in
955 384 1042 411 Patris
1059 385 1144 420 gloria
1165 384 1290 419 prazdixit
1324 387 1524 420 appariturum,
1550 395 1598 423 per
1615 387 1686 415 hanc

900 431 1021 458 eamdem
1049 431 1163 465 gloriam
1197 435 1302 458 naturae
1323 433 1541 460 communionem
1566 433 1686 460 demon—

902 475 1009 503 stravit.

938 520 1033 547 Dicere
1051 524 1140 546 autem
1155 519 1252 547 Filium
1279 529 1333 548 non
1352 529 1413 549 esse
1434 523 1509 557 regni
1528 531 1588 551 cum
1607 524 1686 553 Patre

902 574 1101 598 consessorem,
1124 566 1175 593 hoc
1200 567 1293 601 probat
1319 574 1400 601 quam
1422 568 1457 595 sit
1481 568 1630 598 Eunomius
1660 571 1685 598 in

903 611 1005 639 divinis
1026 611 1144 646 eloquiis
1170 612 1347 644 exercitatus,
1374 613 1420 647 qui
1447 622 1480 641 ex
1509 615 1591 641 nimia
1619 617 1688 643 divi-

903 657 978 684 nitus
1004 657 1198 691 inspiratarutn
1221 657 1424 692 Scripturarum
1445 661 1594 687 attentione
1615 670 1686 688 non-

903 702 967 729 dum
993 702 1115 729 audivit:
1143 702 1208 735 Qua:
1228 711 1332 729 sursum
1356 709 1416 730 sunt
1432 706 1525 738 sapite,
1543 706 1585 732 ubi
1611 706 1687 734 Chri-

904 751 960 774 stus
982 751 1020 773 est
1041 746 1074 772 ad
1095 747 1229 773 dexteram
1250 745 1339 773 Patris
1359 748 1449 775 sedens
1464 749 1498 781 ⁸⁸,
1516 755 1542 777 et
1565 752 1636 785 quod
1654 752 1688 779 ad

904 791 1042 819 dexteram
1064 792 1156 818 throni
1176 791 1221 818 Dei
1244 793 1386 826 consedit,
1405 795 1544 830 multaque
1561 796 1612 822 alia
1629 805 1690 832 qua:

905 841 970 864 sunt
987 836 1132 871 ejuSinodi,
1158 845 1273 871 quorutn
1302 838 1505 866 multitudinent
1528 849 1582 868 non
1610 842 1691 870 facile

81 884 163 917 μαθὼν
183 883 197 909 ὀ
221 883 354 917 Εὑνὸμιος
378 883 542 917 ἀπαγορεύει
563 881 704 919 σύνθρονον
725 883 793 910 εἶναι
816 884 854 918 τῷ

914 882 967 916 ptis
994 884 1183 909 reccusuerit:
1214 890 1273 917 qua:
1301 891 1362 910 eum
1390 885 1511 912 nondum
1540 886 1690 916 Eunomius

80 928 159 962 Πατρὶ
173 928 217 954 τὸν
234 927 306 954 Υίόν.
324 927 360 953 Τὸ
376 928 403 953 δὲ
420 928 570 963 σύγκληρον
580 929 629 963 τῆς
644 929 775 962 ἐξουσίας,
790 930 856 965 μᾶλ-

81 974 119 1000 λον
135 974 170 1005 ὡς
185 973 300 1008 ἀνόητον
319 974 506 1009 παραδραμεῖν
522 974 585 1010 χρὴ.
607 975 622 1009 ἥ
637 975 674 1006 ὡς
689 975 785 1007 ἀσεϐὲς
802 976 856 1002 διε-

81 1020 173 1053 λέγξαι.
186 1019 252 1046 Τίνα
265 1019 320 1055 γὰρ
328 1019 446 1046 διάνοιαν
458 1020 585 1055 ἔχειὴτοῦ
593 1020 855 1055 συγκλήρουλέξις,

82 1067 110 1092 ἐκ
124 1066 170 1100 τῆς
190 1066 284 1100 κοινῆς
307 1065 354 1092 τοῦ
375 1066 454 1100 λόγου
481 1067 688 1101 καταχρήσεως,
713 1065 761 1091 οὐκ
785 1065 858 1092 ἐστιν

82 1111 171 1145 εὑρεῖν.
192 1111 259 1137 Ἐπὶ
274 1111 327 1137 τὸν
342 1111 499 1146 ἱματισμὸν
513 1111 567 1138 τοῦ
583 1111 690 1144 Κυρίου
704 1110 858 1141 ,ϐάλλουσι

83 1155 197 1190 κλῆρον,
215 1155 308 1188 καθὼς
331 1157 347 1191 ἡ
363 1156 458 1192 Γραφὴ
474 1157 547 1190 λέγει
562 1177 568 1187 ,
596 1157 618 1182 οἱ
641 1156 677 1190 μὴ
704 1155 858 1190 βουλόμενοι

83 1203 208 1237 διασχίσαι
229 1203 276 1229 τὸν
298 1203 455 1230 δεσποτικὸν
479 1204 595 1238 χιτῶνα,
622 1203 676 1229 ἀλλ’
694 1203 753 1234 ἑνὸς
769 1202 859 1229 αὐτῶν

84 1247 185 1282 ποιῆσαι
207 1248 318 1283 κτῆμα,
333 1245 355 1282 ᾦ
367 1248 400 1274 ἂν
422 1249 435 1274 6
450 1248 548 1284 κλῆρος
560 1248 713 1283 χαρίσηται.
727 1248 757 1273 Οἱ
773 1246 859 1273 τοίνυν

84 1294 144 1329 πρὸς
165 1293 298 1328 ἀλλήλους
321 1294 392 1328 ὑπὲρ
417 1294 463 1320 τοῦ
491 1294 602 1329 χιτῶνος
623 1291 859 1327 διακληρούμενοι,

84 1338 200 1365 δύνανται
218 1337 286 1369 ἴσως
306 1336 615 1373 σύγκληροιλέγεσοαι.”
628 1336 759 1364 Ἐνταῦθα
770 1336 798 1362 δὲ
815 1335 861 1362 ἐπὶ

85 1383 126 1409 τοῦ
139 1382 241 1417 Πατρδς
263 1383 310 1409 καὶ
326 1382 373 1409 τοῦ
391 1382 456 1409 Υίοῦ
473 1383 520 1409 καὶ
537 1382 583 1408 τοῦ
599 1382 675 1415 ἁγίου
694 1379 859 1414 Πνεύματος,

86 1430 110 1454 ὲν
123 1429 153 1463 τῇ
168 1428 246 1462 φύσει
268 1427 351 1463 οὔσης
364 1428 412 1463 τῆς
432 1426 563 1459 ἐξουσίας.
581 1426 616 1452 Τό
630 1434 659 1451 τε
674 1425 727 1459 γὰρ
743 1424 862 1457 Πνεῦμα

87 1475 115 1501 τὸ
138 1474 218 1509 ἅγιον
243 1473 321 1501 ὅπου
349 1474 427 1500 θέλει
450 1473 535 1499 πνεῖ·
562 1472 607 1498 καὶ
624 1472 711 1498 πάντα
734 1472 762 1496 ὲν
782 1471 863 1497 πᾶσιν

88 1521 184 1555 ἐνεργεῖ
199 1519 293 1550 καθὼς
313 1519 451 1554 βούλεται,
475 1518 522 1544 καὶ
535 1519 549 1544 ὁ
563 1517 625 1548 Υἱὸς
638 1517 670 1543 δι’
686 1513 717 1542 οἵ)
730 1517 763 1542 τὰ
776 1515 863 1542 πάντα

906 927 1045 959 didicerit,
1071 932 1152 963 negat
1171 927 1269 955 Filium
1290 929 1373 956 simul
1398 938 1458 957 eum
1482 931 1563 960 Patre
1585 935 1689 962 sedere.

907 972 963 999 lloc
984 976 1085 1006 autem,
1112 975 1254 1009 potestatis
1281 981 1445 1010 consortem,
1468 978 1553 1012 magis
1577 984 1605 1006 ut
1625 980 1691 1014 quid

906 1018 1048 1045 dementia:
1083 1026 1115 1046 ac
1142 1019 1244 1047 furoris
1271 1021 1361 1048 simile
1388 1029 1548 1056 percurrere
1573 1029 1692 1059 oportet,

907 1071 987 1098 quam
1008 1069 1038 1091 ut
1055 1064 1166 1099 impium
1187 1071 1214 1092 et
1230 1067 1391 1101 sacrilegum
1411 1069 1586 1104 redarguere.
1605 1071 1690 1104 Quam

907 1109 978 1136 enim
1003 1111 1164 1137 sententiam
1177 1111 1258 1139 habet
1274 1113 1438 1149 συγκλήρου.
1457 1117 1595 1149 consertis,
1607 1118 1692 1145 dictio

907 1163 941 1182 ex
972 1156 1111 1183 communi
1142 1157 1275 1185 orationis
1302 1161 1523 1194 nuncupatione.
1550 1170 1603 1189 non
1629 1164 1692 1190 licet

908 1200 1041 1228 invenire.
1064 1199 1147 1230 Super
1163 1200 1342 1227 vestimentum
1365 1201 1472 1229 Domini
1495 1203 1620 1230 miserunt
1635 1212 1696 1230 σονς

912 1249 974 1275 tem,
1000 1243 1073 1271 sicut
1099 1242 1241 1277 Scriptura
1266 1244 1388 1278 loquitur
1406 1244 1438 1275 ⁸η,
1472 1246 1518 1280 qui
1547 1246 1694 1274 noluerunt

911 1288 1029 1314 tunicam
1053 1287 1160 1314 Domini
1188 1287 1355 1321 discindere,
1384 1290 1432 1316 sed
1461 1291 1543 1318 unius
1570 1291 1692 1326 ipsorum

910 1340 966 1358 rem
991 1333 1129 1367 propriam
1158 1332 1257 1366 facere,
1280 1334 1324 1360 cui
1354 1342 1414 1361 sors
1435 1336 1553 1369 gratuito
1578 1337 1694 1365 dederit.

911 1378 951 1405 Illi
967 1379 1054 1413 igitur
1076 1379 1122 1413 qui
1141 1387 1189 1414 pro
1208 1379 1302 1406 tunica
1326 1380 1396 1407 inter
1423 1389 1453 1408 se
1478 1386 1577 1409 sortem
1606 1383 1696 1410 mitte-

911 1424 987 1457 bant,
1012 1424 1067 1451 dici
1093 1429 1208 1459 possunt
1235 1425 1394 1461 σύγκληροι,
1413 1433 1565 1455 consortes.
1584 1428 1632 1455 llic
1649 1438 1698 1464 au;

912 1473 966 1497 tem
994 1470 1105 1497 minime
1124 1470 1178 1497 dici
1202 1474 1289 1505 potest
1313 1471 1339 1497 in
1356 1471 1436 1499 Patre
1459 1478 1484 1499 et
1500 1473 1569 1500 Filio
1596 1477 1623 1501 et
1637 1474 1698 1509 Spi-

912 1515 966 1542 ritu
991 1519 1098 1547 saneto,
1125 1523 1186 1542 cum
1212 1516 1342 1550 aequalem
1364 1517 1392 1543 in
1418 1518 1500 1546 rcbus
1523 1519 1622 1547 creatis
1648 1520 1698 1547 ha-

88 1546 186 1598 ἐγένετο
208 1546 297 1600 ὁρατᾶ
313 1546 352 1590 ’τε
373 1565 421 1591 καὶ
437 1546 538 1598 ἀόρατοι
563 1564 590 1589 ὲν
607 1546 662 1594 τοῖς
677 1563 800 1598 οὐρανοῖς
819 1562 863 1588 καὶ

914 1560 994 1587 beant
1019 1564 1190 1600 potestatem.
1213 1546 1279 1587 Nam
1305 1560 1418 1595 Spiritus
1446 1568 1552 1590 sanctus
1572 1565 1615 1591 ubi
1643 1565 1698 1592 vult

89 1610 128 1635 ἐπὶ
143 1609 188 1644 τῆς
205 1610 258 1644 γῆς
270 1628 278 1641 ,
292 1610 382 1637 πάντα
397 1610 446 1636 ὅσα
462 1609 593 1644 ἠθέλησεν
610 1608 720 1644 ἐποίησε
731 1617 737 1623 ·
755 1608 801 1634 καὶ
820 1607 865 1639 οὒς

89 1656 152 1682 θέλει
168 1654 311 1687 ζωοποιεῖ·
336 1655 383 1681 καὶ
410 1656 426 1682 ό
449 1654 549 1688 Πατὴρ
567 1654 601 1680 ἐν
614 1653 652 1688 τῇ
669 1653 729 1686 ὶδιᾳ
740 1652 867 1685 ἐξουσίᾳ

89 1701 152 1734 τοὺς
161 1701 292 1736 χρόνους
306 1700 389 1726 ἔθετο
398 1719 405 1731 ,
420 1700 473 1726 ἀπὸ
488 1700 540 1727 τῶν
553 1699 654 1735 χρόνων
665 1699 702 1729 δὲ.
718 1699 765 1726 καὶ
779 1698 867 1725 πάντα

89 1745 120 1772 τὰ
135 1747 161 1773 ὲν
180 1745 219 1780 τῷ
231 1745 323 1781 χρόνῳ
343 1744 512 1779 γεγενημένα
522 1763 528 1775 ,
546 1743 658 1779 νοοῦμεν
679 1742 746 1770 εἶναι
760 1743 798 1778 τῷ
813 1745 868 1770 Πα-

90 1791 130 1826 τρὶ
146 1790 302 1824 ὕπεξούσια.
323 1789 353 1816 Et
372 1788 418 1817 οὖν
439 1791 467 1817 ὲν
478 1789 586 1825 ἐξουσίᾳ
604 1789 651 1816 τοῦ
673 1791 757 1816 ποιεῖν
772 1789 790 1816 ἃ
806 1789 868 1824 βού-

91 1837 171 1863 λονται
185 1838 198 1863 6
220 1835 316 1871 Πατὴρ
333 1836 379 1862 καὶ
397 1837 412 1862 6
425 1836 498 1867 Υἱὸς,
514 1835 562 1862 καὶ
571 1835 602 1861 τὸ
616 1834 691 1869 ἆγιον
707 1833 818 1868 Πνεῦμα
832 1832 869 1864 ὡς

92 1881 196 1916 εἴπομεν
212 1873 417 1908 ἀποδέδεικται·
443 1881 504 1908 τίνα
527 1880 588 1907 νοῦν
606 1881 623 1915 ἡ
643 1879 690 1906 τοῦ
717 1878 868 1913 συγκλήρου

92 1926 136 1961 τῆς
157 1926 283 1959 ἐξουσίας
306 1927 377 1959 λέξις
392 1926 462 1962 ἕχει;
481 1925 605 1952 Κατιδεῖν
621 1926 670 1951 οὐκ
684 1925 770 1951 ἔστιν·
788 1925 802 1950 6
817 1924 870 1959 γὰρ

93 1971 192 1998 πάντων
202 1971 387 2006 κληρονόμος,
401 1973 415 1998 6
427 1970 479 1997 τῶν
495 1969 599 1997 αἰώνων
618 1969 790 2004 δημιουργὸς,
807 1969 820 1995 6
836 1969 869 2004 τῇ

92 2016 148 2052 δόξῃ
171 2016 216 2043 τοῦ
232 2016 340 2052 Πατρὸς
360 2015 572 2051 συνεκλάμπων,
596 2015 644 2042 καὶ
663 2013 871 2050 χαρακτηρίζων

93 2061 118 2086 ἑν
131 2060 215 2095 ἑαυτῷ
240 2060 289 2087 τοῦ
314 2060 420 2094 Πατρὸς
433 2059 481 2096 τὴν
503 2059 665 2090 ὑπόστασιν,
681 2059 771 2085 πάντα
794 2059 844 2084 ὅσα
857 2057 872 2084 6

94 2105 181 2141 Πατὴρ
191 2106 271 2137 αὐτὸς
289 2105 355 2140 ἔχει,
370 2106 415 2132 καὶ
428 2105 517 2140 πάσης
533 2104 655 2137 ἐξουσίας
667 2103 767 2139 Κύριός
780 2103 853 2129 ἐστιν
864 2110 870 2116 ·

93 2149 120 2175 οὐ
134 2150 332 2185 μεθισταμένης
351 2150 404 2176 ἀπὸ
425 2149 471 2176 τοῦ
496 2149 599 2185 [la-apo;
617 2150 656 2181 είς
677 2149 722 2175 τὸν
742 2148 804 2175 Υίὸν
823 2147 873 2183 τῆς

93 2193 179 2225 ἀξίας·
195 2194 264 2221 ἀλλὰ
283 2195 330 2221 καὶ
345 2195 408 2230 παρ’
426 2194 499 2229 αὐτῷ
515 2193 648 2229 μενούσης
667 2193 714 2220 καὶ
731 2193 760 2219 ὲν
776 2192 872 2228 ἐκείνῳ

93 2239 179 2275 οὔσης.
194 2241 228 2266 ’0
241 2249 272 2266 τε
286 2239 340 2276 γὰρ
355 2240 384 2267 ὲν
395 2239 434 2274 τῷ
442 2239 528 2274 Πατρὶ
543 2238 579 2265 ὢν
592 2237 660 2274 μετὰ
675 2238 763 2273 πάσης
773 2236 872 2272 δηλαδὴ

63 2277 72 2285 ³
94 2284 138 2320 τῆς
150 2285 245 2312 ἑαυτοῦ
262 2285 401 2320 δυνάμεώς
419 2286 492 2312 ἐστιν
507 2286 534 2311 ὲν
554 2284 593 2320 τῷ
618 2284 719 2320 Πατρί⁶
741 2283 788 2310 καὶ
809 2283 824 2309 6
843 2283 872 2310 ὲν

53 2366 56 2369 _
94 2331 177 2367 ἑαυτῷ
190 2333 236 2359 τὸν
254 2332 363 2368 Πατέρα
377 2331 457 2367 ἔχων,
474 2332 563 2358 πᾶσαν
575 2331 695 2367 περιέχει
708 2331 756 2366 τὴν
775 2338 873 2364 πατρι-

96 2377 141 2412 κὴν
157 2377 282 2410 ἐξουσίαν
299 2377 345 2403 καὶ
361 2377 484 2412 δύναμιν.
502 2377 582 2403 Ὄλον
599 2376 653 2412 γὰρ
668 2376 723 2411 ἔχει
740 2377 769 2402 ὲν
785 2375 874 2410 ἑαυτῷ

95 2421 136 2448 τὸν
150 2422 275 2458 Πατέρα·
291 2423 337 2449 καὶ
353 2423 412 2457 οὐχὶ
428 2422 509 2458 μέρος
521 2422 613 2448 αὐτοῦ.
635 2422 664 2448 'U
678 2421 705 2447 δὲ
724 2421 782 2448 ὅλον
805 2421 874 2456 ἔχων

96 2468 137 2493 καὶ
159 2468 207 2503 τὴν
230 2468 356 2501 ἐξουσίαν
374 2467 456 2495 αὐτοῦ
479 2468 586 2499 πάντως
610 2467 676 2503 ἔχει.
701 2468 734 2494 Τί
750 2465 795 2494 οὖν
808 2467 874 2494 νοῶν

96 2513 222 2548 Εὖνόμιος
243 2514 432 2548 ἀποφαίνεται,
444 2514 480 2549 μὴ
495 2513 566 2548 ἔχειν
580 2513 624 2540 τὸν
638 2513 746 2549 Πατέρα
757 2513 875 2548 σύγκλη-

97 2567 138 2592 ρον
150 2559 199 2593 τῆς
217 2559 358 2592 ἐξουσία;;
379 2560 487 2586 Είποιεν
501 2559 533 2586 ἂν
547 2560 610 2591 ἴσως
625 2560 649 2586 οἱ
663 2559 711 2594 τῆς
734 2559 878 2594 ματαιότη-

97 2611 137 2635 τος
151 2603 233 2631 αὑτοῦ
258 2604 377 2641 μαθηταί
388 2613 395 2620 ·
411 2605 425 2631 6
438 2605 491 2641 γὰρ
512 2604 588 2637 εἰδὼς
607 2605 712 2632 ἐπαΐειν
726 2605 826 2639 λόγων,
843 2604 877 2631 τὰ

97 2647 152 2683 δίχα
166 2649 287 2681 διανοίας
298 2650 441 2686 λεγόμενα,
465 2651 589 2686 ὁμολογεῖ
602 2652 719 2677 συνεῖναι
745 2651 782 2686 μὴ
799 2650 877 2677 δύνα-

99 2693 165 2721 σθαι.
179 2696 237 2722 Οὐκ
249 2695 314 2731 ἔχει,
333 2697 408 2732 φησὶ,
427 2696 578 2732 σύγκληρον
591 2697 638 2731 τῆς
653 2696 776 2728 ἐξουσίας
791 2698 806 2722 6
823 2696 878 2723 Πα-

99 2740 154 2774 τήρ.
172 2739 219 2772 Τίς
236 2741 291 2776 γάρ
306 2743 379 2769 ἐστιν
401 2742 415 2768 ὁ
429 2742 513 2776 λέγων
535 2743 566 2769 ἐκ
583 2741 790 2777 διακληρώσεως
810 2742 879 2777 ὑπὲρ

135 2831 185 2858 ⁸⁷1
211 2831 277 2860 Cor.
308 2840 352 2866 xv,
385 2833 426 2859 ιι.
466 2832 487 2847 ³⁸
514 2832 617 2860 Coloss.
644 2840 684 2866 ιιι,
701 2833 725 2859 1.

915 1605 999 1640 spirat
1023 1605 1065 1637 '°,
1099 1598 1126 1632 et
1155 1606 1246 1632 omnia
1265 1606 1290 1632 in
1316 1607 1444 1635 omnibus
1470 1613 1599 1643 operatur
1619 1615 1700 1645 prout

915 1651 987 1681 vult;
1012 1655 1040 1678 et
1064 1651 1148 1679 Filius
1166 1659 1214 1686 per
1231 1659 1311 1686 quem
1333 1653 1424 1679 omnia
1446 1652 1516 1680 facta
1535 1659 1609 1687 sunt,
1634 1656 1700 1683 visi-

917 1695 1036 1729 biliaque
1056 1698 1083 1721 et
1103 1695 1250 1723 invisibilia
1265 1695 1293 1722 in
1313 1696 1390 1724 cmlis
1414 1701 1439 1724 et
1461 1697 1487 1724 in
1504 1701 1591 1731 terra,
1609 1701 1699 1727 omnia

917 1748 977 1776 qua:
996 1741 1081 1768 voluit
1100 1740 1173 1772 fecit,
1199 1745 1225 1768 et
1245 1749 1314 1775 qttos
1337 1742 1391 1768 vult
1415 1742 1549 1775 vivificat;
1571 1747 1598 1770 et
1619 1743 1699 1770 Pater

921 1788 949 1815 in
974 1795 1024 1814 sua
1048 1791 1176 1821 potestate
1202 1792 1320 1821 tempora
1336 1787 1424 1821 posuit
1440 1787 1474 1820 οι,
1497 1794 1512 1813 a
1529 1787 1700 1822 temporibus

919 1834 1009 1857 autem
1035 1838 1127 1857 omnia
1153 1838 1214 1865 quae
1237 1836 1301 1859 sunt
1322 1831 1350 1858 in
1378 1835 1498 1866 tempore
1529 1832 1599 1860 facta
1628 1833 1701 1860 Patri

919 1877 1042 1911 subjecta
1063 1884 1125 1904 esse
1148 1877 1333 1912 intelligimus.
1353 1876 1381 1904 Si
1407 1878 1489 1913 igitur
1505 1879 1634 1914 aequalem
1655 1879 1703 1906 ha—

919 1923 984 1950 bere
1013 1926 1175 1957 potestatem
1210 1923 1327 1950 faciendi
1357 1932 1526 1959 quaecunque
1555 1925 1650 1952 volunt
1677 1929 1704 1953 et

920 1967 1026 1995 Patrem
1041 1971 1069 1995 et
1083 1967 1181 1994 Filium
1196 1972 1223 1995 et
1239 1968 1370 2003 Spiritum
1387 1973 1523 2002 sanctum,
1544 1969 1615 1997 sicut
1632 1970 1704 1997 dixi-

921 2021 992 2046 mus,
1015 2013 1233 2041 demonstratum
1257 2018 1298 2041 est
1316 2034 1323 2046 ,
1353 2022 1433 2050 quam
1463 2015 1545 2050 igitur
1566 2016 1703 2043 notionem

922 2059 1002 2087 habet
1024 2060 1081 2087 haec
1107 2059 1190 2086 dictio
1207 2060 1344 2087 consortis
1362 2061 1524 2095 potestatis?
1541 2061 1705 2096 Conspicere

922 2113 977 2133 non
1000 2105 1063 2133 licet
1082 2114 1089 2133 :
1112 2105 1158 2140 qui
1175 2105 1247 2133 enim
1271 2111 1312 2133 est.
1332 2107 1522 2134 universorum
1542 2107 1637 2139 luercs,
1658 2108 1705 2143 qui

923 2151 1086 2179 saeculorum
1107 2151 1241 2183 conditor,
1256 2152 1300 2187 qui
1318 2160 1380 2179 eum
1398 2153 1483 2188 gloria
1499 2153 1587 2181 Patris
1605 2154 1704 2185 elucet,

923 2198 969 2232 qui
994 2197 1021 2224 in
1056 2196 1148 2231 seipso
1174 2196 1262 2224 Patris
1288 2197 1448 2233 hypostasin
1477 2198 1584 2234 figurat,
1612 2203 1638 2226 et
1660 2199 1705 2234 qui

924 2243 1005 2269 habet
1020 2242 1111 2269 omnia
1129 2249 1299 2276 quacunque
1313 2242 1393 2270 Pater
1406 2243 1498 2275 habet,
1517 2244 1606 2271 ontnis
1626 2245 1706 2271 etiam

922 2288 1066 2323 potestatis
1090 2287 1221 2315 Dominus
1249 2291 1319 2315 est:
1347 2297 1402 2316 non
1431 2289 1505 2324 quod
1532 2297 1547 2316 a
1575 2289 1654 2316 Patre
1680 2290 1707 2316 in

923 2333 1022 2361 Filium
1035 2332 1352 2368 transmigretdignitas,
1369 2335 1416 2362 sed
1434 2335 1515 2361 etiam
1531 2335 1601 2370 apud
1620 2335 1708 2370 ipsum

925 2382 1034 2406 maneat
1056 2383 1138 2413 atqtte
1161 2379 1187 2406 in
1204 2379 1251 2406 illo
1275 2379 1320 2406 sit.
1339 2379 1390 2412 Qui
1416 2381 1488 2407 enim
1516 2380 1542 2406 in
1559 2380 1638 2407 Patre
1654 2386 1708 2413 est,

924 2432 986 2452 cum
1010 2424 1084 2452 omni
1109 2425 1237 2453 nimirum
1263 2433 1311 2453 sua
1337 2426 1457 2461 potentia
1482 2430 1524 2453 est
1552 2426 1580 2453 in
1611 2425 1708 2453 Patre:

926 2475 953 2498 et
979 2470 1026 2505 qui
1047 2471 1075 2497 in
1101 2471 1191 2505 seipso
1213 2471 1320 2499 Patrem
1345 2472 1437 2505 habet,
1468 2479 1574 2499 onmem
1594 2472 1709 2507 patriam

927 2521 1086 2551 potestatem
1106 2520 1133 2544 et
1152 2517 1204 2543 vim
1229 2518 1432 2553 complectitur.
1457 2517 1554 2545 Totum
1583 2518 1654 2545 enim
1683 2518 1710 2544 in

928 2562 1020 2597 seipso
1045 2562 1128 2590 habet
1148 2562 1257 2590 Patrem
1278 2573 1284 2591 :
1304 2571 1393 2599 neque
1412 2572 1476 2598 pars
1497 2564 1557 2597 ejus
1579 2567 1632 2590 est.
1659 2563 1711 2595 Qui

929 2612 1019 2635 autem
1053 2611 1141 2635 toturn
1168 2608 1260 2641 habet,
1286 2609 1367 2636 etiam
1388 2613 1547 2644 potestatem
1575 2609 1635 2643 ejus
1657 2615 1712 2634 om-

931 2654 997 2681 nino
1020 2653 1111 2681 habet.
1129 2654 1199 2687 Quid
1215 2655 1297 2690 igitur
1310 2655 1460 2683 Ettnomius
1479 2654 1630 2689 intelligens
1647 2661 1712 2688 pro-

932 2699 1039 2729 nuntiat
1056 2698 1162 2726 Patrem
1182 2707 1236 2727 non
1263 2700 1365 2727 habere
1380 2701 1520 2734 potestatis
1542 2698 1713 2726 cortsortem?

933 2742 1056 2770 Dixerint
1071 2743 1187 2771 fortasse
1201 2744 1330 2772 vanitatis
1345 2744 1403 2779 ejus
1418 2745 1612 2780 astipulatores
1630 2745 1712 2772 disci-

765 2832 786 2848 ⁸³
806 2831 884 2859 Joan.
904 2840 968 2865 XIX;
990 2833 1060 2860 Psal.
1086 2841 1141 2866 xxi,
1159 2833 1200 2861 i9.
1240 2834 1262 2850 "
1299 2833 1378 2861 toan.
1397 2841 1437 2867 ιιι,
1455 2834 1481 2861 8.
1519 2835 1541 2850 "
1566 2835 1626 2863 Act.
1653 2835 1712 2868 ι,7.
