1957 3079
131 88 181 118 ωε

699 87 836 116 CONTRA
853 85 1047 117 ΕυΝοΜιωι,
1067 86 1131 114 LIB.
1150 86 1182 114 ll.

1702 85 1753 114 494

131 157 177 179 an;
193 147 223 178 ἐξ
246 146 343 173 ἑαυτοῦ
366 146 498 182 γεννήσας
521 145 566 172 τὸν
583 146 744 182 ἄνθρωπον·
771 145 828 173 ἀλλ’
851 145 864 171 ὃ
880 141 908 175 ἧι

966 145 1012 171 illo
1024 145 1247 172 demonstrentur
1259 154 1267 177 ;
1283 151 1371 178 neque
1381 144 1463 172 homo
1473 142 1522 179 qui
1532 151 1564 171 ex
1576 150 1606 171 se
1615 143 1753 172 hominem

131 194 183 230 πρὸ
197 193 303 223 τούτου,
319 193 364 219 καὶ
382 194 451 228 μετὰ
463 192 541 219 τοῦτο
553 192 686 227 διέμεινεν
698 212 706 223 ,
719 192 793 218 οὐδὲν
806 191 849 218 διὰ
868 190 914 216 τοῦ

129 237 254 271 γενέσθαι
277 237 322 263 τδν
338 238 366 271 ἐξ
384 237 465 264 αὐτοῦ
483 237 624 272 ἄνθρωπον
643 237 693 271 τῆς
718 237 746 269 ὲξ
768 236 849 262 αὐτοῦ
867 235 916 269 φύ-

132 292 198 315 σεως
221 282 384 314 ἐλαττώσεις.
403 283 458 309 Καὶ
484 283 625 318 ἅνθρωπος
651 283 700 318 μὲν
717 283 746 315 ἐξ
773 281 915 317 ἀνοριῖιπου

130 329 266 364 γεννᾶται,
281 329 328 355 καὶ
341 330 357 363 ἡ
373 328 418 354 τοῦ
434 328 581 362 γεννῶντος
594 328 624 354 οὐ
641 327 779 362 μερίζεται
798 327 887 361 φύσις.

163 431 215 457 Τὸν
228 431 256 457 δὲ
276 431 406 466 μονογενῆ
420 430 485 456 Θεὸν
502 429 546 456 τὸν
557 429 622 456 ὂντα
633 430 662 456 ἐν
676 430 732 460 τοῖς
747 429 856 461 κόλποις
867 429 914 455 τοῦ

129 477 234 512 Ila-.526;
256 477 285 502 οὐ
314 477 420 511 δέχεται
435 477 450 503 ὁ
469 475 601 511 Εὗνόμιος
619 475 726 510 ἀληθῶς
745 476 777 502 ὲκ
792 475 839 501 τοῦ
857 475 914 501 Πα-

128 523 189 558 apo;
207 521 292 550 εἶναι·
309 521 433 553 δεδοικὼς
457 521 494 556 μὴ
509 521 703 556 ἁκρωτηριάσῃ
716 520 764 556 τὴν
777 521 914 555 ἀκήρατον

127 569 173 596 τοῦ
187 569 294 604 Πατρὸς
309 567 389 603 φύσιν
405 567 449 594 διὰ
466 569 515 603 τῆς
539 567 586 593 τοῦ
609 566 776 600 Μονογενοῦς
797 565 915 593 ὑποστά-

129 624 205 646 σεως.
230 615 299 641 Ἀλλ’
320 615 403 640 εἰπὼν
420 614 461 640 ὅτι
484 614 520 641 οὐ
536 613 594 647 τὴν
608 613 717 640 οὐσίαν
732 613 767 639 ἐν
788 612 827 644 τῷ
849 620 914 646 γεν-

127 662 184 696 νᾷν
201 661 325 697 μερίζων
337 681 343 689 .
364 660 549 695 προσέθηκεν·
573 658 592 693 ἢ
619 657 714 685 αὐτὸν
733 656 847 692 γεννῶν
863 657 912 683 καὶ

126 708 310 743 γεννώμενος
321 727 328 736 .
343 706 361 740 ἢ
376 705 466 739 αὐτὸς
485 705 585 739 Πατὴρ
597 705 751 740 γινόμενος
764 703 811 730 καὶ
830 703 894 735 ΥΙός
904 710 911 716 ·

126 754 173 779 καὶ
189 754 274 779 οἴεται
290 752 333 778 διὰ
353 751 407 778 τῶν
430 751 623 785 ἀσυναρτήτων
640 749 770 785 ῥημάτων
783 769 790 780 ,
814 749 912 784 σαθρο-

126 799 212 824 ποιεῖν
228 798 274 824 τὸν
289 796 377 831 ἀληθῆ
396 796 447 831 τῆς
462 795 601 826 εὐσεὸείας
615 795 706 829 λόγον·
722 795 738 830 ἣ
763 794 838 830 ἰσχύν
852 803 912 821 τινα

125 843 248 879 πορίζειν
267 844 301 878 τῇ
321 842 432 877 ἀσεϐείᾳ
446 850 452 856 ·
469 842 519 868 οὐκ
532 840 608 872 εἰδὼς
628 841 670 868 ὅτι
691 839 725 867 δι’
747 837 784 866 ὧν
811 841 912 866 ἐπινοεῖ

124 889 339 921 κατασκευάζειν
363 888 393 914 τὸ
416 888 517 915 ἄτοπον
530 907 537 919 ,
553 886 596 913 διὰ
612 886 713 913 τούτων
731 886 843 922 συνετὴς
861 886 911 921 τῆς

124 935 253 970 ἀληθείας
276 934 441 968 εὑρίσκεται.
465 934 558 968 Φαμὲν
574 932 628 968 γὰρ
653 934 700 959 καὶ
717 933 795 968 ἡμεῖς
808 952 815 963 ,
841 933 881 958 ὅτι
897 933 911 959 6

124 982 213 1008 πάντα
228 980 263 1007 τὰ
279 979 325 1006 τοῦ
344 979 408 1005 ἰδίου
430 979 535 1014 Harpe;
551 978 620 1013 ἔχων
630 999 636 1010 ,
652 978 711 1005 ὅλον
726 978 814 1017 ἐκεῖνο
832 979 888 1005 ἐστι
901 998 909 1010 ,

124 1027 194 1062 πλὴν
218 1025 269 1062 τοῦ
294 1025 387 1061 Πατὴρ
402 1023 481 1052 εἶναι.
501 1024 554 1051 Καὶ
573 1026 587 1051 6
610 1024 698 1050 πάντα
713 1024 750 1050 τὰ
773 1024 819 1050 τοῦ
845 1023 909 1050 Υἱοῦ

123 1061 203 1109 sxw.
216 1061 276 1099 ὅλον
288 1072 333 1098 τὸν
345 1071 408 1097 Υἱὺν
420 1072 448 1098 ἐν
461 1070 550 1106 ἑαυτῷ
563 1070 694 1102 δείκνυσι,
708 1070 777 1105 πλὴν
790 1069 837 1096 τοῦ
851 1069 910 1100 Υἱὸς

123 1118 261 1153 γενέσθαι.
275 1118 355 1144 Ὥστε
371 1118 387 1152 ἡ
405 1117 451 1143 τοῦ
468 1117 568 1143 ἀτόπου
587 1116 759 1152 κατασκευὴ,
777 1116 810 1151 ἣν
827 1124 911 1142 κατα-

124 1164 250 1197 σκευάζει
272 1164 319 1191 νῦν
336 1164 350 1190 ὁ
371 1163 520 1198 Εὑνόμιος,
540 1162 685 1198 συμμαχία
708 1163 757 1197 τῆς
782 1162 910 1196 ἀληθείας

123 1210 238 1245 γίνεται,
252 1209 319 1245 πρὸς
333 1209 362 1235 τὸ
377 1208 543 1244 σαφέστερον
557 1208 745 1240 διασταλέντος
757 1209 820 1243 παρ’
831 1208 909 1244 ἡμῶν

123 1256 169 1283 τοῦ
182 1255 317 1290 νοήματος
328 1274 334 1285 ,
349 1254 420 1281 κατὰ
433 1255 480 1290 τὴν
494 1253 541 1281 τοῦ
557 1254 732 1289 εὐαγγελικοῦ
749 1254 827 1288 λόγου
843 1255 910 1290 ὑφή-

122 1310 213 1336 γησιν.
224 1301 257 1328 Εἰ
269 1300 324 1335 γὰρ
338 1300 352 1326 ὁ
370 1300 500 1335 ἑωρακὼς
515 1300 560 1325 τὸν
575 1300 638 1326 Υἱὸν
660 1300 711 1335 ὁρᾷ
723 1300 767 1327 τὸν
783 1300 907 1334 Πατέρα·

122 1347 203 1374 ἄλλον
226 1347 321 1373 ἑαυτὸν
339 1346 481 1381 ἐγέννησεν
498 1347 512 1372 ὁ
531 1346 640 1382 Πατὴρ,
658 1346 719 1373 οὔτε
741 1347 837 1374 ἑαυτοῦ
856 1346 909 1378 ἐξι-

123 1393 274 1427 στάμενος,
290 1392 338 1418 καὶ
361 1393 389 1418 ὲν
412 1391 509 1426 ἐκείνῳ
531 1391 592 1423 ὅλος
615 1392 784 1426 φαινόμενος.
807 1392 851 1423 Ὠς
866 1391 910 1417 διὰ

119 1439 224 1466 τούτων
238 1439 268 1465 τὸ
283 1438 377 1464 δοκοῦν
395 1438 464 1464 κατὰ
475 1438 524 1472 τῆς
540 1437 679 1469 εὐσεϐείας
691 1438 825 1473 εἰρῆσθαι,
840 1446 909 1472 συμ-

123 1485 222 1520 μαχίαν
235 1483 427 1519 ἀποδειχθῆναι
443 1483 489 1510 τοῦ
501 1484 667 1517 ὑγιαίνοντος
681 1483 826 1518 δόγματος.

159 1583 239 1610 Ἀλλ’
263 1583 331 1610 οὔτε
356 1582 414 1617 τὴν
441 1582 519 1610 ὶδίίιν
557 1583 789 1619 οὖσίαν,φησὶν,
812 1584 846 1611 ἐν
868 1583 909 1617 τῷ

119 1629 233 1666 γεννᾶν
244 1630 379 1665 μερίὼν,
392 1629 440 1656 καὶ
455 1631 546 1663 αὐτὸς
561 1630 676 1665 γεννῶν
695 1631 745 1657 καὶ
763 1631 907 1665 γεννώμε-

117 1684 186 1708 νος,
208 1675 230 1709 ἢ
250 1675 342 1707 αὐτὸς
354 1675 456 1709 Πατὴρ
470 1676 625 1710 γινόμενος
647 1676 696 1702 καὶ
721 1676 798 1708 Υἱός.
821 1677 907 1703 Ἔστι

117 1721 172 1756 γὰρ
191 1721 354 1756 ἄφθαρτος.
375 1722 407 1747 Ὢ
422 1723 471 1757 τῆς
491 1722 614 1756 ἀνάγκης
635 1721 682 1748 τοῦ
705 1722 906 1757 συμπεράσμα·

117 1776 161 1799 τος
172 1777 178 1782 ·
197 1768 225 1794 τί
242 1767 329 1801 λέγεις
342 1787 349 1798 ,
376 1764 399 1794 ὦ
415 1767 551 1802 σοφώτατε
565 1776 571 1799 ;
594 1767 665 1794 Διότι
682 1767 818 1804 ἄφθαρτός
834 1769 908 1795 ἐστιν

116 1813 146 1839 οὔ
167 1813 278 1848 μερίζει
296 1813 345 1847 τὴν
368 1813 434 1840 ἰδίαν
453 1813 546 1839 οὐσίαν
564 1814 665 1846 γεννῶν
687 1814 732 1840 τὸν
749 1814 828 1840 Υἱὸν·
846 1814 907 1840 οὐδὲ

117 1859 212 1886 ἑαυτὸν
230 1860 324 1894 γεννᾷ,
339 1860 385 1885 καὶ
397 1859 460 1895 παρ’
476 1859 572 1886 ἑαυτοῦ
581 1861 725 1893 γεννᾶται,
738 1860 799 1887 οὕτε
813 1860 907 1896 Πατὴρ

115 1905 173 1940 ἅμα
187 1905 296 1938 γίνεται
308 1904 404 1931 ἑαυτοῦ
421 1905 469 1931 καὶ
488 1905 551 1936 Υἱός
566 1913 572 1918 ·
589 1905 682 1940 ἐπειδή
702 1906 776 1932 ἐστιν
802 1906 907 1940 ἄφθαρ-

115 1958 167 1980 τος.
184 1949 294 1976 Οὐκοῦν
309 1949 385 1980 ehi;
398 1951 454 1976 ἐστι
467 1950 590 1986 φθαρτῆς
608 1951 716 1984 φύσεως
727 1970 733 1982 ,
747 1951 841 1985 τέμνει
856 1951 905 1986 τὴν

114 1996 209 2021 οὐσίαν
223 1996 254 2021 ὲν
273 1995 312 2030 τῷ
326 1996 422 2030 γεννᾷν
435 2003 441 2010 ·
463 1996 510 2022 καὶ
526 1996 570 2030 ὑφ’
587 1996 684 2022 ἑαυτοῦ
698 1998 844 2030 γεννᾶται,
861 1997 908 2023 καὶ

114 2040 210 2066 ἑαυτὸν
224 2041 325 2075 γεννᾷ,
347 2041 392 2066 καὶ
408 2041 498 2076 πατὴρ
514 2041 559 2067 καὶ
576 2041 632 2072 υἱὸς
652 2041 733 2073 αὐτὸς
753 2042 850 2068 ἑαυτοῦ
866 2042 908 2076 γί-

113 2094 188 2112 νεται
204 2095 210 2100 ·
235 2086 307 2113 διότι
321 2086 456 2121 ἄφθαρτος
470 2087 520 2113 οὐκ
533 2086 615 2113 ἐστιν.
628 2087 659 2113 Εἰ
680 2087 708 2113 δὲ
724 2088 810 2114 ταῦτα
823 2088 907 2120 οὕτως

965 191 1067 225 genuit,
1085 191 1111 218 id
1123 192 1193 225 quod
1210 192 1267 225 ipse
1283 194 1324 218 est
1336 192 1439 222 amisit,
1464 191 1592 226 sedquod
1606 195 1666 218 crat
1678 195 1752 222 ante.

965 241 991 264 et
1007 241 1067 271 post
1085 238 1252 272 permansit;
1274 245 1362 271 neque
1379 237 1530 272 quidquam
1559 241 1671 272 propter
1690 245 1751 264 eum

965 291 1044 317 quem
1058 290 1092 310 ex
1105 283 1195 317 seipso
1207 283 1301 318 genuit
1315 282 1466 315 hominem,
1483 284 1517 310 de
1529 276 1579 310 sua
1595 287 1694 310 natura
1708 282 1751 309 di-

966 328 1074 355 minuit.
1089 328 1176 355 Homo
1190 328 1297 362 quidem
1314 336 1346 356 ex
1365 329 1476 356 homine
1491 334 1647 364 generatur,
1663 337 1751 364 neque

965 375 1024 409 ejus
1039 375 1085 409 qui
1100 378 1213 410 generat
1227 375 1254 401 in
1276 379 1367 411 partes
1382 375 1544 402 diffunditur
1558 380 1666 402 natura.

999 432 1108 459 Atvero
1123 431 1273 459 Eunomius
1293 431 1461 467 unigenitum
1485 432 1580 465 Deum,
1601 433 1648 468 qui
1671 433 1749 460 estin

964 477 1054 505 Patris
1065 477 1171 505 sinihus
1182 485 1236 505 non
1256 478 1374 505 admittit
1395 486 1458 505 vere
1470 486 1502 505 ev
1516 478 1595 506 Patre
1610 486 1670 506 esse
1683 489 1690 506 :
1703 488 1751 507 ve-

964 523 1034 550 ritus
1057 531 1091 550 ne
1112 523 1245 558 integram
1262 522 1352 551 Patris
1369 527 1396 550 et
1419 524 1604 558 incorruptam
1624 529 1750 553 naturam

965 568 1070 594 mutilet
1086 571 1113 594 et
1133 568 1279 595 obtruncet
1306 576 1353 602 per
1369 567 1505 603 Unigeniti
1529 569 1747 598 subsistentiam.

965 611 1018 639 Sed
1036 621 1097 640 cum
1111 613 1236 645 dixisset,
1258 623 1308 641 non
1328 615 1467 641 essentiam
1485 614 1511 640 in
1522 615 1669 649 generando
1687 624 1750 650 par-

965 659 1039 691 tiens,
1055 659 1163 693 adjecit,
1179 660 1219 686 vel
1234 660 1302 686 idem
1314 661 1359 694 qui
1370 664 1476 694 generat
1490 665 1514 687 et
1537 661 1582 695 qui
1596 665 1750 695 generatur,

963 705 1001 731 vel
1016 704 1084 731 idem
1098 704 1178 731 Pater
1194 705 1238 740 qui
1247 706 1364 740 gignitur
1373 710 1398 732 ct
1410 705 1507 733 Filius.
1523 707 1612 740 Atque
1635 714 1681 741 per
1693 707 1750 734 haec

964 751 1053 785 inepta
1081 759 1168 786 neque
1196 751 1360 778 cohaerentia
1386 755 1479 784 verba,
1504 757 1581 787 putat
1604 760 1634 780 se
1657 760 1748 780 veram

928 814 948 841 Β
963 797 1072 831 pietatis
1092 797 1244 824 doctrinam
1268 797 1439 832 putrefacere
1461 801 1489 826 et
1503 806 1690 833 corrumpere,
1708 798 1749 826 vel

963 844 1095 878 impietati
1110 844 1183 872 vires
1205 845 1310 879 aliquas
1332 845 1469 877 sufﬁcere,
1488 845 1597 873 nescius
1614 845 1686 879 quod
1702 853 1751 880 per

961 897 992 916 ea
1014 890 1114 924 quibus
1139 891 1287 918 absurdum
1310 896 1469 919 construere
1492 892 1603 927 cogitat.
1626 891 1749 920 veritatis

963 939 1093 968 patronus
1115 943 1148 962 ac
1172 935 1301 964 defensor
1322 936 1545 971 deprehenditur.
1566 936 1633 964 Nam
1648 940 1675 964 et
1697 945 1749 964 nos

961 981 1078 1007 dicimus
1098 980 1171 1015 quod
1193 982 1239 1016 qui
1266 982 1358 1009 omnia
1377 982 1418 1009 sui
1438 982 1526 1010 Patris
1547 983 1638 1013 habet,
1661 987 1748 1010 totum

961 1026 1027 1054 illud
1042 1031 1095 1058 est,
1107 1034 1140 1055 eo
1151 1028 1259 1062 dempto
1270 1028 1344 1063 quod
1363 1029 1399 1055 sit
1421 1027 1511 1056 Pater.
1530 1028 1561 1055 Et
1582 1028 1630 1064 qui
1656 1029 1748 1056 omnia

961 1080 1020 1107 quae
1040 1077 1104 1099 sunt
1119 1072 1178 1100 Filii
1202 1073 1293 1104 habet,
1307 1078 1394 1101 totum
1412 1073 1509 1102 Filium
1533 1074 1561 1101 in
1582 1074 1673 1109 seipso
1699 1074 1748 1101 de-

962 1122 1104 1151 monstrat,
1119 1123 1298 1153 prmterquam
1313 1119 1387 1154 quod
1401 1118 1542 1148 sitFilius.
1559 1118 1649 1152 Quare
1665 1119 1747 1154 hujus

960 1164 1071 1191 absurdi
1089 1165 1258 1192 constructio
1274 1172 1355 1199 quam
1372 1173 1445 1192 nunc
1459 1166 1571 1192 molitur
1586 1165 1748 1197 Eunomius,

959 1208 1083 1236 veritatis
1097 1209 1220 1236 defensio
1243 1209 1389 1242 invenitur,
1406 1217 1468 1236 cum
1485 1214 1574 1238 tamen
1597 1213 1690 1236 nostra
1711 1209 1748 1236 sit

959 1255 1061 1282 clarior
1093 1259 1120 1282 et
1153 1255 1326 1283 manifestior
1362 1255 1562 1290 intelligentia.
1594 1255 1746 1284 secundum

959 1301 1034 1328 verbi
1059 1301 1210 1336 evangelici
1235 1301 1439 1329 deductionem.
1464 1300 1493 1328 Si
1513 1301 1586 1328 enim
1610 1301 1657 1336 qui
1680 1300 1748 1328 vidit

959 1345 1068 1379 Filium,
1086 1347 1159 1374 videt
1173 1346 1290 1379 Patrem,
1305 1347 1388 1375 alium
1407 1347 1529 1382 seipsttm
1545 1347 1639 1382 genuit
1655 1346 1746 1379 Pater,

960 1401 1046 1428 neque
1070 1401 1102 1420 ex
1119 1393 1210 1428 seipso
1227 1393 1377 1428 emigrans,
1400 1397 1427 1420 et
1449 1393 1476 1420 in
1505 1393 1552 1420 illo
1570 1396 1644 1421 totus
1664 1397 1748 1428 appa—

960 1445 1033 1465 rens.
1053 1437 1098 1465 Sic
1115 1446 1162 1473 per
1185 1438 1253 1468 hinc.
1270 1437 1344 1473 quod
1365 1438 1510 1465 videbatur
1532 1441 1629 1464 contra
1648 1437 1749 1465 verita-

920 1479 941 1509 C
958 1487 1011 1511 tem
1041 1491 1102 1510 esse
1132 1483 1246 1514 dictum,
1271 1483 1331 1510 sani
1354 1482 1510 1510 documenti
1532 1483 1663 1510 auxilium
1686 1490 1748 1510 esse

959 1528 1126 1556 demonstrat
1133 1536 1175 1556 ur.

994 1583 1055 1616 Sed,
1069 1584 1166 1620 inquit,
1184 1593 1235 1612 non
1247 1585 1381 1620 propriam
1403 1585 1543 1612 essentiam
1559 1585 1586 1611 in
1599 1584 1747 1620 generando

958 1630 1086 1664 partiens,
1102 1636 1125 1656 et
1145 1629 1214 1656 idem
1235 1631 1278 1665 qui
1301 1635 1407 1665 generat
1427 1635 1451 1658 et
1477 1631 1521 1665 qui
1539 1636 1689 1666 generatur,
1708 1631 1746 1658 oet

958 1675 1026 1703 idem
1047 1675 1127 1703 Pater
1145 1677 1190 1711 qui
1206 1677 1322 1712 gignitur
1332 1681 1358 1703 et
1373 1675 1462 1704 Filius
1482 1684 1491 1703 :
1511 1681 1551 1704 est
1569 1678 1637 1704 enim
1660 1678 1749 1704 incor-

959 1722 1101 1755 ruptibilis.
1125 1721 1147 1749 Ο
1164 1722 1355 1749 necessitatem
1373 1722 1578 1750 conclusionis!
1604 1723 1674 1756 Quid
1695 1723 1747 1754 ais.

959 1768 1177 1802 sapientissime?
1198 1769 1260 1803 quia
1283 1768 1504 1803 incorruptibilis
1525 1772 1578 1799 est,
1600 1777 1676 1796 suam
1692 1777 1747 1796 non

958 1813 1118 1848 dispertitur
1145 1814 1293 1841 essentiam
1325 1813 1481 1849 generando
1506 1813 1627 1841 Filium:
1661 1822 1748 1849 neque

959 1859 1076 1893 seipsum
1094 1862 1214 1894 generat,
1227 1862 1254 1885 ct
1270 1866 1284 1884 a
1299 1859 1391 1892 seipso
1400 1863 1558 1893 generatur,
1570 1867 1657 1893 neque
1668 1860 1748 1886 Pater

959 1905 1038 1931 simul
1055 1905 1174 1939 gignitur
1191 1905 1232 1931 sui
1251 1904 1338 1939 ipsius
1348 1905 1430 1932 etiam
1441 1903 1544 1932 Filius:
1565 1905 1693 1939 quoniam
1706 1910 1748 1932 est

959 1950 1183 1984 incorruptibilis.
1202 1949 1229 1977 Si
1245 1951 1308 1985 quis
1324 1950 1408 1985 igitur
1431 1954 1473 1977 est
1495 1955 1598 1977 natura:
1612 1952 1748 1985 corrupti.

960 1996 1032 2024 bilis.
1051 2004 1128 2022 suam
1148 1996 1295 2023 essentiam
1316 1995 1474 2030 generando
1495 1995 1648 2022 discindit:
1671 2000 1698 2022 et
1714 2003 1747 2023 ex

959 2041 1051 2074 seipse
1067 2045 1222 2075 generatur,
1240 2045 1266 2068 et
1282 2041 1402 2074 seipsum
1422 2044 1534 2075 generat
1552 2049 1558 2066 :
1574 2044 1601 2067 et
1624 2044 1701 2075 pater
1721 2046 1748 2066 et

960 2086 1029 2114 illius
1041 2087 1097 2120 ipse
1111 2087 1151 2113 sui
1164 2087 1249 2121 ipsius
1263 2085 1391 2118 efficitur,
1409 2079 1472 2120 qtiia
1487 2094 1540 2113 non
1564 2091 1605 2113 est
1622 2086 1748 2112 incorru-

113 2132 180 2166 ἔχει,
195 2132 249 2158 οὐκ
262 2132 390 2166 ἐγέννησε
405 2132 448 2158 διὰ
471 2132 500 2158 τὸ
523 2132 642 2168 φθαρτὸς
663 2131 732 2159 εἶναι
747 2135 761 2162 6
783 2133 908 2169 Ἀϐραὰμ

963 2132 1075 2166 ptibilis.
1096 2131 1171 2164 Quod
1189 2132 1212 2159 si
1227 2132 1284 2159 haec
1298 2132 1334 2158 ita
1351 2136 1425 2162 sunt,
1438 2132 1575 2159 Abraham
1588 2139 1641 2158 non
1654 2132 1748 2166 genuit

113 2176 157 2202 τὸν
181 2175 303 2211 Ίσμαήλ
319 2185 348 2202 τε
369 2177 415 2202 καὶ
437 2177 529 2203 Ἰσαὰκ
542 2196 549 2204 .
567 2177 624 2204 ἀλλ’
646 2178 740 2204 ἑαυτὸν
754 2179 797 2205 διά
812 2187 841 2205 τε
858 2179 909 2214 τῆς

114 2222 266 2257 παιδίσκης
287 2222 332 2248 καὶ
347 2222 463 2257 νπμίμου
478 2223 602 2258 γαμετῆς
615 2224 819 2259 sumtibus-mil
837 2226 907 2251 κατὰ

111 2267 160 2301 τὴν
177 2267 283 2302 ἑτέραν
298 2268 439 2303 τερθρείαν
459 2268 505 2295 τοῦ
526 2269 622 2303 λόγου,
643 2270 769 2306 ἐμέρισεν
787 2271 827 2301 εἰς
845 2271 908 2301 τοὺς

111 2314 299 2348 γεννηθέντας
326 2314 422 2340 ἑαυτοῦ
448 2315 497 2350 τὴν
526 2316 629 2342 οὐσίαν.
651 2317 705 2343 Καὶ
724 2316 831 2351 πρῶτον
857 2317 907 2352 μὲν

111 2359 156 2385 ἐπὶ
169 2359 217 2385 τοῦ
237 2359 284 2385 διὰ
299 2359 349 2394 τῆς
366 2360 455 2395 Ἀγαρ
465 2361 543 2387 τόκου
557 2381 564 2392 ,
581 2362 620 2393 εἰς
635 2361 682 2388 δύο
693 2363 825 2397 τμήματα
839 2362 907 2389 διαι-

111 2406 201 2440 ρεθεὶς
216 2426 224 2436 ,
243 2407 275 2432 ὲν
291 2405 330 2440 τῷ
353 2406 393 2432 ὲν).
406 2406 459 2433 τῶν
483 2407 625 2442 ἠμιτόμων
647 2408 751 2442 γίνεται
770 2409 881 2444 Ἰσμαήλ
899 2418 906 2424 ·

111 2452 155 2477 καὶ
180 2452 210 2477 ἐν
239 2451 284 2486 τῷ
308 2451 394 2486 ἑτέρῳ
412 2452 531 2488 διαμένει
546 2453 646 2488 ἥμισυς
666 2454 800 2490 Ἁϐραάμ.
827 2455 905 2482 Μετὰ

109 2497 196 2524 ταῦτα
209 2497 241 2524 δὲ
256 2497 291 2524 τὸ
307 2497 465 2533 λειπόμενον
479 2499 528 2532 τῆς
541 2499 588 2525 τοῦ
609 2500 732 2535 Ἀϐραὰμ
745 2501 848 2533 οὐσίας,
866 2503 906 2533 si;

109 2543 153 2568 τὸν
178 2543 299 2569 διπλοῦν
326 2543 405 2569 τόκον
429 2544 475 2570 τοῦ
497 2545 594 2571 Ἰσαὰκ
607 2545 758 2581 ἐμερίσθη*
786 2546 855 2573 ὥστε
877 2547 908 2574 τὸ

110 2588 202 2622 ὃγδεον
230 2590 262 2615 ἐν
280 2589 404 2624 ἐκατέρῳ
428 2590 482 2616 τῶν
501 2591 618 2624 ἐγγόνων
643 2593 779 2625 γενέσθαι.
798 2594 859 2626 Πῶς
874 2595 907 2621 ἄν

108 2643 149 2666 τις
174 2636 203 2661 ἐν
231 2636 294 2666 τοῖς
317 2635 420 2661 δώδεκα
445 2637 627 2672 πατριὰρχαις
651 2640 841 2674 κερματίσειεν
866 2641 907 2670 εἰς

110 2679 181 2714 μέρη
197 2679 392 2706 διαλεπτύνων
415 2680 444 2706 τὸ
460 2680 550 2714 ὃγδοον
562 2690 569 2696 ·
588 2682 604 2717 ἢ
631 2683 660 2708 ὲν
684 2685 743 2713 ταῖς
767 2684 846 2710 πέντε
861 2685 908 2711 καὶ

109 2724 306 2760 ἑϐδομήκοντα
327 2723 426 2760 ψυχαῖς
448 2726 477 2753 ὲν
491 2723 534 2757 αἶς
559 2728 572 2752 ὁ
595 2727 690 2755 Ἰακὼὸ
714 2729 844 2763 κατῆλθεν
867 2731 907 2761 εἰς

962 2177 1100 2204 lsmaelem
1116 2181 1142 2204 et
1157 2177 1290 2209 lsaaeum,
1315 2178 1377 2213 quia
1393 2177 1578 2212 corruptibilis
1596 2181 1673 2210 erat;
1699 2178 1747 2204 sed

962 2223 1082 2258 seipsum
1097 2231 1146 2258 per
1159 2223 1286 2250 ancillam
1311 2227 1338 2250 et
1359 2222 1505 2257 legitimam
1521 2223 1663 2257 conjugem
1685 2229 1748 2253 pro-

961 2270 1074 2300 creavit,
1094 2270 1135 2296 vel
1154 2270 1206 2296 alia
1218 2270 1334 2304 quadam
1351 2273 1507 2304 portentosa
1531 2269 1640 2295 ratione
1662 2267 1687 2295 in
1702 2275 1747 2302 ge-

961 2315 1032 2342 nitos
1055 2322 1132 2342 suam
1149 2315 1294 2342 essentiam
1319 2313 1461 2349 partiendo
1479 2312 1596 2340 diffundit.
1627 2311 1747 2340 Primum

960 2361 1069 2396 quidem
1088 2361 1114 2387 in
1142 2364 1220 2395 partu
1244 2367 1292 2395 per
1317 2360 1445 2387 ancillam
1466 2359 1548 2394 Agar,
1570 2359 1597 2386 in
1623 2359 1678 2386 duo
1706 2365 1748 2385 se-

958 2411 1066 2442 gmenta
1092 2407 1216 2438 divisus,
1251 2407 1278 2433 in
1308 2414 1363 2433 uno
1391 2406 1596 2433 semisectorum
1630 2404 1747 2439 gignitur

959 2453 1071 2480 lsmael:
1102 2453 1129 2479 in
1154 2453 1240 2479 altero
1268 2451 1399 2479 dimidius
1429 2455 1570 2486 permanet
1598 2450 1745 2477 Abraham.

958 2499 1056 2527 Postea
1079 2506 1143 2525 vero
1163 2499 1299 2533 reliquum
1328 2497 1454 2525 essentia:
1483 2496 1618 2524 Abraham
1647 2496 1674 2522 in
1695 2495 1746 2522 du-

959 2546 1056 2580 plicem
1081 2549 1188 2580 partum
1218 2544 1307 2579 ipsius
1330 2544 1407 2570 Isaac
1428 2542 1601 2577 dispertitum
1624 2541 1685 2573 fuit,
1709 2540 1746 2568 ita

961 2596 991 2618 ut
1004 2591 1030 2618 in
1051 2594 1167 2625 utroque
1190 2593 1334 2625 gnatorum
1353 2596 1416 2624 pars
1433 2591 1529 2615 octava
1555 2586 1648 2613 fuerit.
1673 2585 1746 2618 Quo-

960 2636 1042 2663 modo
1055 2636 1116 2670 quis
1135 2636 1160 2662 in
1179 2635 1320 2662 duodecim
1340 2634 1509 2670 patriarchas
1525 2631 1700 2661 dissecuerit,
1718 2631 1744 2656 in

961 2682 1108 2718 particulas
1132 2687 1254 2708 octavam
1282 2684 1386 2715 partem
1414 2678 1616 2708 comminuens,
1644 2676 1686 2703 vel
1716 2676 1744 2702 iu

960 2728 1081 2763 quinque
1095 2731 1122 2755 et
1138 2727 1308 2762 septuaginta
1324 2725 1440 2756 animas,
1457 2731 1519 2750 cum
1539 2723 1639 2757 quibus
1658 2720 1745 2748 Jacob
