1957 3079
197 110 250 136 403

816 113 842 142 s.
865 104 1025 142 cnriconn
1046 115 1189 142 NYSSENI

1773 111 1825 140 496

198 168 224 194 in
237 167 383 204 Egypttun
399 169 539 196 descendit
550 169 576 196 ’ἲ
596 169 628 196 Ει
644 171 708 205 quid
726 171 783 198 lucc
800 171 872 204 dico,
888 179 949 198 cum
972 180 986 199 a

1039 173 1194 207 Αίγυπτονς
1214 174 1268 200 Καὶ
1298 172 1323 198 τί
1340 172 1426 198 ταῦτα
1445 171 1525 205 λέγω,
1543 170 1602 197 δέον
1620 169 1673 196 ἀπὸ
1687 168 1733 195 τοῦ
1749 169 1824 204 πρώ-

198 221 285 248 prtmo
299 215 408 242 homine
423 215 505 242 ducto
526 221 687 252 argumento
715 218 812 245 horqu
837 219 982 247 verborum

196 263 268 286 esset
288 259 433 287 refellenda
447 260 607 289 dementia?
626 262 653 289 Si
666 263 738 290 enim
764 264 851 292 solius
879 268 922 291 est
939 265 983 291 iu-

195 306 390 339 corruptibilis,
406 306 432 333 in
448 307 603 340 generando
619 313 744 335 naturam
757 317 811 336 non
823 309 961 344 dispertiri
976 319 982 336 ε

195 351 383 386 corruptibilis
401 360 463 379 vero
479 353 563 380 Adam
577 353 610 380 ad
626 362 706 389 quem
725 355 827 382 dictum
842 360 899 383 est:
915 355 984 388 Quia

196 402 266 423 terra
280 405 317 430 es,
332 402 356 424 et
372 398 398 424 in
410 402 507 425 terram
524 400 659 427 reverteris
671 400 692 434 δ,
710 401 821 427 omnino
838 408 914 428 suam
942 409 984 428 es—

195 442 310 470 sentiam
326 444 505 478 partiebatur,
520 445 672 473 secundum
694 447 827 474 rationem
847 446 984 477 Eunomii,

195 495 257 514 cum
280 488 307 515 in
324 496 357 516 ex
380 490 472 524 seipso
485 491 593 526 genitos
608 491 795 519 divideretur:
812 491 986 519 multitudine

195 538 285 561 autem
309 540 480 569 posterorum
504 537 578 573 (cum
602 545 714 565 necesse
736 540 810 564 esset
828 537 856 564 in
876 543 986 572 quaque

195 580 321 608 essentia;
336 586 505 616 segmentum
531 583 659 619 inveniri)
685 591 734 619 pro
757 590 874 611 numero
889 591 985 611 eorum

195 623 241 659 qui
250 630 439 660 nascerentur,
452 627 474 655 si
485 627 663 660 divideretur,
673 629 748 663 prius
760 628 854 655 Adami
865 628 986 656 essentia

196 671 395 703 absumeretur,
415 680 496 707 quam
515 673 548 700 ad
565 674 702 701 Abraham
726 674 922 702 subsistentem
938 682 985 701 na—

197 719 285 743 turam
318 718 516 752 perveniretur,
546 718 661 747 inﬁnitis
689 728 721 747 ex
753 720 812 755 ipso
836 721 986 755 progenitis

196 761 289 788 decies
304 762 424 790 millibus
439 771 487 798 per
506 767 600 791 tenues
614 764 676 792 illas
701 769 728 791 et
750 764 906 793 individuas
923 773 986 800 par--

197 806 296 834 ticulas
308 807 442 841 dispersa.
461 807 554 844 Neque
573 809 723 844 quidquam
744 811 869 838 essentize
891 810 986 837 Adami

1035 228 1080 246 του
1093 220 1236 256 ἀνθρώπου
1253 219 1385 253 διελέγξαι
1400 219 1452 245 τῶν
1476 217 1627 253 λεγομένων
1648 217 1696 251 τὴν
1714 217 1824 248 ἄνοιανς

1037 265 1066 292 Εἰ
1082 265 1137 300 γὰρ
1155 265 1234 300 μόνου
1257 265 1303 291 τοῦ
1322 264 1460 300 ἀφθάρτου
1479 263 1554 295 ἐστὶ,
1582 262 1618 297 μὴ
1637 261 1757 297 μερίζειν
1775 261 1825 295 τὴν

1037 310 1116 345 φύσιν
1132 312 1161 337 ὲν
1177 311 1216 346 τῷ
1241 311 1354 346 γεννᾷν·
1371 309 1489 344 φθαρτὺς
1511 309 1539 334 δὲ
1561 309 1574 334 ὁ
1592 307 1691 342 Ἀδὰμ,
1712 306 1781 342 πρὸς
1795 306 1825 332 ὂν

1036 357 1146 392 ἐρρέθη,
1160 357 1199 383 ὅτι
1215 356 1260 390 Γῆ
1273 354 1301 383 εἶ
1314 356 1361 383 καὶ
1376 357 1419 388 είς
1435 354 1493 390 γῆν
1510 354 1666 387 ἀπελεύσῃ
1679 362 1686 369 ν
1712 352 1825 388 ἐμέριζε

1037 402 1143 433 πάντως
1155 402 1251 428 ἑαυτοῦ
1267 402 1317 437 τὴν
1336 400 1428 427 οὐσίαν
1442 421 1448 432 ,
1466 400 1536 426 κατά
1552 399 1596 425 τὺν
1615 398 1691 432 λόγον
1709 397 1755 424 τοῦ
1773 398 1826 424 Εὔα

1037 448 1130 483 νομίου
1142 467 1149 478 .
1166 448 1205 479 εἰς
1222 447 1286 480 τοὺς
1301 447 1364 483 παρ’
1380 446 1476 473 ἑαυτοῦ
1492 445 1676 480 γεννωμένους
1692 444 1826 479 τεμνόμε-

1037 500 1090 523 νος.
1104 491 1149 527 Τῷ
1163 492 1191 519 δὲ
1204 492 1300 527 πλήθει
1316 491 1369 518 τῶν
1388 490 1584 525 ἐπιγινομένων
1601 488 1759 522 ἀναγκαίως
1775 487 1824 513 τοῦ

1036 536 1229 572 εὑρισκομένου
1240 537 1304 571 παρ’
1318 535 1424 570 ἑκάστῳ
1439 534 1488 569 τῆς
1504 532 1596 564 οῠσῖας
1609 533 1762 567 τμήματος,
1778 539 1825 557 κα-

1036 581 1070 608 τὰ
1083 581 1128 608 τὸν
1144 581 1260 617 ἀριθμὸν
1279 581 1334 608 τῶν
1349 579 1514 616 τικτομένων
1535 576 1721 612 διαιρουμένου
1734 596 1742 608 ,
1757 584 1826 610 προ-

1036 628 1188 654 δαπανᾶται
1221 627 1270 662 τῆς
1303 626 1348 653 τοῦ
1384 625 1509 661 Ἀϐραὰμ.
1534 622 1710 653 ὑποστάσεως
1736 622 1754 657 ἡ
1778 620 1827 647 τοῦ

1043 673 1129 709 ’Δδάμ
1142 673 1220 700 οὐσία
1233 693 1241 706 ,
1269 674 1329 704 ταῖς
1353 671 1476 707 ἀπείροις
1491 670 1544 697 τῶν
1559 670 1588 703 ἐξ
1603 669 1684 696 αὑτοῦ
1709 667 1827 703 μυριάσι

1036 719 1079 745 διὰ
1095 719 1148 745 τῶν
1164 718 1268 745 λεπτῶν
1281 726 1309 744 τε
1331 717 1378 744 καὶ
1392 717 1500 752 ἀτόμων
1516 715 1628 742 ἐκείνων
1643 714 1744 749 μορίων
1759 720 1827 738 σκε-

1037 763 1164 790 δασθεῖσα
1174 773 1180 779 ·
1197 763 1242 790 καὶ
1262 762 1351 789 οὐκέτι
1367 762 1399 789 ἂν
1413 762 1567 797 εὑρίσκεται
1588 760 1713 794 λείψανον
1729 757 1826 788 οὐσίας

1037 809 1067 836 τὸ
1082 811 1113 836 ὲκ
1126 809 1171 836 τοῦ
1193 808 1278 844 Ἀδὰμ
1291 809 1331 840 εις
1346 808 1391 834 τὸν
1411 807 1545 843 Ἀϐραὰμ,
1561 806 1606 832 καὶ
1619 806 1681 835 τοὺς
1696 803 1725 836 ἐξ
1740 802 1825 830 αὺτοῦ

198 852 313 887 amplius
328 853 497 881 inveniretur
508 855 656 890 reliquum,
672 855 746 890 quod
765 857 792 882 in
805 856 942 883 Abraham
958 860 985 883 et

1039 854 1227 890 μεριζόμενον,
1248 853 1484 890 προαναλωθείσης
1499 853 1527 878 ὲν
1543 853 1601 882 ταῖς
1626 850 1750 885 ἀπείροις
1770 848 1826 875 τῶν

196 897 257 931 ejus
281 898 352 926 ﬁlios
375 906 407 925 ac
423 903 550 934 posteros
567 900 739 935 dispertitum
766 900 983 928 diﬂ‘underetur:

196 944 260 979 quia
287 945 363 979 prius
394 946 422 973 in
453 946 567 974 inﬁnitis
593 951 620 974 et
650 947 896 976 innumerabilibus
922 953 985 976 ante

198 992 286 1024 ipsum
305 991 454 1026 progenitis
475 1000 523 1028 per
542 993 603 1020 illas
628 998 831 1029 segmentorum
855 994 986 1021 minutias

196 1041 269 1063 esset
283 1037 427 1072 absumpta
441 1042 467 1066 et
484 1038 615 1066 exhausta
635 1044 742 1066 natura.
760 1039 855 1067 Videte
868 1040 985 1067 hominis

197 1081 344 1108 amentiam
364 1088 424 1117 qua:
443 1081 516 1109 dicat
536 1083 697 1115 nescientis,
723 1090 813 1118 neque
837 1083 871 1110 de
886 1083 986 1119 quibus

198 1126 325 1154 afﬁrmet.
342 1127 408 1154 Cum
429 1127 501 1155 enim
521 1127 597 1161 dicit,
619 1128 750 1163 quoniam
771 1129 986 1164 incorruptibilis

198 1177 250 1206 est,
262 1181 351 1209 neque
360 1180 437 1202 suam
456 1175 574 1209 partitur
587 1175 747 1206 essentiam,
763 1182 850 1209 neque
865 1175 985 1209 seipsum

199 1223 320 1253 generat,
342 1227 430 1254 neque
449 1219 529 1247 Pater
543 1227 577 1247 ex
597 1219 688 1254 seipse
702 1220 843 1253 nascitur;
865 1220 891 1247 in
913 1220 986 1248 omni

197 1272 231 1292 eo
248 1266 320 1300 quod
346 1266 515 1301 corruptioui
545 1265 702 1301 subjicitur,
725 1273 756 1292 ex
792 1267 988 1294 consecutione

197 1310 271 1338 dedit
294 1311 478 1346 intelligenda,
502 1312 547 1339 illa
562 1311 590 1338 in
617 1312 792 1346 generatione
815 1311 986 1346 contingere,

199 1364 371 1391 quaecunque
396 1356 447 1384 soli
473 1356 675 1392 ineorruptibili
700 1364 754 1383 non
776 1356 865 1384 inesse
891 1357 989 1384 conﬁr-

198 1403 290 1430 mavit.
307 1402 360 1430 Sed
379 1410 441 1430 cum
461 1403 545 1430 multa
559 1403 614 1430 sint
627 1402 679 1430 alia
695 1410 756 1437 quae
770 1403 876 1437 possint
891 1403 987 1430 horum

197 1447 332 1475 dlctorum
348 1449 493 1476 vanitatem
514 1456 650 1484 arguere;
676 1455 738 1483 qua:
760 1453 824 1476 sunt
855 1449 988 1477 hactenus

198 1495 226 1521 in
247 1493 366 1521 medium
383 1494 487 1529 prolata
512 1494 546 1521 ad
569 1494 651 1528 hujus
672 1494 798 1521 amentiae
813 1494 987 1522 demonstra—

199 1539 299 1567 tionem
318 1540 384 1567 satis
395 1547 456 1567 esse
468 1540 588 1566 arbitror
602 1549 608 1567 :
634 1540 685 1567 hoc
698 1545 789 1568 autem
804 1541 875 1576 apud
893 1541 988 1568 doctos

198 1589 225 1612 et
240 1585 360 1612 scientes
384 1592 546 1613 concessum
571 1589 613 1613 est
641 1591 669 1613 et
696 1586 834 1618 convenit,
861 1586 926 1621 quid
955 1595 988 1614 ex

198 1637 307 1666 quaque
324 1638 353 1658 re
361 1635 548 1666 consequatur
560 1631 764 1666 respiciendum
780 1639 852 1659 esse.
870 1631 920 1665 Qui
938 1633 988 1660 soli

199 1675 272 1702 Patri
293 1676 501 1711 incorruptiblle
521 1676 655 1709 attribuit,
672 1677 764 1704 omnia
787 1685 846 1712 qua:
865 1684 925 1712 post
940 1677 990 1704 Pa-

199 1725 268 1748 trem
283 1722 376 1748 animo
392 1727 416 1749 et
431 1726 522 1749 mente
533 1726 694 1754 cernuntur,
710 1723 754 1748 illa
772 1730 834 1757 qua:
848 1727 889 1750 est
900 1723 933 1750 ad
946 1724 989 1750 in-

198 1767 376 1802 corruptibile
387 1767 538 1795 diﬁ‘erentia
554 1767 743 1803 corruptibilia
762 1776 824 1797 esse
835 1768 988 1796 continuat.

201 1811 238 1838 tta
251 1815 280 1837 ut
297 1819 383 1846 neque
398 1811 496 1839 Filium
512 1821 527 1840 a
543 1813 719 1848 corruptione
734 1813 848 1841 liberum
865 1821 928 1842 esse
942 1814 990 1841 de-

201 1862 341 1885 monstret.
358 1858 385 1884 Si
401 1858 484 1890 igitur
497 1857 593 1886 Fifium
608 1858 644 1886 ab
661 1859 860 1894 incorruptibili
883 1859 991 1887 dilTerre

201 1903 275 1935 facit,
290 1911 343 1930 non
358 1905 447 1930 solum
468 1904 556 1939 ipsum
572 1913 634 1933 esse
652 1905 860 1940 corruptibilem
883 1906 989 1940 dt-linit,

199 1949 247 1977 sed
265 1950 347 1977 etiam
358 1950 410 1977 alia
427 1950 460 1978 de
476 1951 534 1985 ipso
553 1951 663 1983 astruit,
682 1959 852 1986 quaecunque
868 1952 917 1979 soli
939 1952 989 1978 im-

200 1994 307 2021 mortali
329 2002 383 2022 non
399 1995 494 2022 adesse
511 1995 586 2022 dicit.
607 1995 768 2023 Necessario
782 1995 854 2022 enim
874 1996 897 2023 si
915 1998 990 2024 solus

202 2039 279 2067 Pater
303 2048 391 2075 neque
416 2041 536 2075 seipsuut
557 2047 677 2076 generat,
706 2049 793 2076 neque
806 2049 820 2067 a
840 2041 931 2075 seipse
946 2050 991 2076 sev

200 2090 324 2116 Iteratur.
336 2085 468 2121 quidquid
484 2086 691 2121 incorruptibile
705 2094 759 2112 non
771 2091 810 2113 est
825 2090 852 2113 et
869 2087 989 2120 scipsum

200 2135 310 2166 generat
332 2136 358 2159 et
382 2139 397 2158 a
418 2132 508 2166 seipse
529 2136 696 2167 generatur,
718 2137 744 2158 et
768 2137 844 2166 pater
867 2137 894 2158 et
919 2132 990 2160 ﬁlius

200 2177 270 2204 idem
285 2178 416 2212 suiipsius
430 2177 560 2209 efﬁcitur,
584 2177 708 2211 utrisque
726 2178 853 2204 essentia:
866 2179 989 2212 partibus

199 2223 445 2249 accommodatum.
471 2222 499 2249 Si
521 2222 592 2250 enim
608 2223 693 2249 solius
710 2223 746 2249 sit
762 2222 851 2249 Patris
865 2223 989 2250 inwrru-

201 2268 322 2303 ptibilem
335 2276 397 2296 esse
407 2290 414 2301 ,
428 2268 568 2303 proprium
589 2272 679 2295 autem
701 2269 916 2303 incorruptibilis
932 2270 988 2296 lucc

1037 901 1090 937 πρὸ
1106 900 1188 928 αὐτοῦ
1200 899 1350 935 γεγονότοιν
1373 899 1484 935 μυριάσι
1500 897 1544 924 διὰ
1563 896 1613 932 τῆς
1627 895 1826 930 λεπτομερείας

1036 949 1090 975 τῶν
1104 947 1254 983 τμημάτων
1271 947 1321 982 τῆς
1339 946 1455 980 φύσεως.
1479 944 1575 979 Ὁρᾶτε
1593 943 1642 978 τὴν
1659 942 1753 969 ᾶνοιαν
1776 939 1825 967 τοῦ

1038 994 1076 1030 μὴ
1091 993 1190 1024 εἰδότος
1204 992 1222 1019 ἃ
1234 992 1324 1026 λέγει,
1343 991 1410 1026 μηδὲ
1427 989 1490 1026 περὶ
1509 989 1589 1016 τίνων
1609 986 1825 1015 διαὸεὸαιοῦται.

1043 1040 1086 1066 Ἐν
1100 1039 1154 1075 γάρ
1163 1038 1202 1073 τῷ
1216 1039 1312 1070 εἰπεῖν,
1328 1036 1420 1072 ἐπειδὴ
1435 1035 1570 1072 ἄφθαρτός
1589 1035 1676 1065 ἐστιν,
1697 1033 1759 1059 οὒτε
1777 1040 1826 1066 με-

1038 1085 1106 1121 ρίζει
1130 1085 1180 1120 τὴν
1195 1084 1288 1111 οὐσίαν
1300 1104 1308 1116 ,
1331 1083 1392 1109 οὔτε
1407 1082 1503 1109 ἑαυτὸν
1517 1081 1600 1117 γεννᾷ
1612 1102 1619 1113 ,
1643 1079 1704 1106 οὔτε
1728 1076 1826 1105 ἑαυτοῦ

1038 1131 1131 1167 Πατὴρ
1146 1131 1268 1165 γίνεται,
1285 1130 1382 1156 ἔδωκεν
1397 1129 1442 1155 ἐπὶ
1466 1128 1563 1160 παντὸς
1589 1126 1636 1153 τοῦ
1652 1125 1739 1161 φθορᾷ
1756 1125 1824 1151 ὑπο-

1038 1177 1163 1213 κειμένου
1187 1178 1219 1203 ὲκ
1242 1175 1289 1202 τοῦ
1307 1175 1452 1202 ἀκολούθου
1467 1196 1473 1208 ,
1497 1175 1588 1200 ἐκεῖνα
1609 1173 1679 1199 νοεῖν
1704 1172 1750 1198 ἐπὶ
1776 1171 1827 1206 τῆς

1038 1223 1190 1258 γεννήσεως
1206 1221 1363 1256 συμϐαίνειν
1375 1240 1381 1252 ,
1408 1220 1458 1246 ὅσα
1478 1220 1550 1254 μόνῳ
1568 1218 1607 1254 τῷ
1630 1217 1763 1253 ἀφθάρτῳ
1789 1216 1827 1250 μὴ

1039 1270 1178 1305 προσεῖναι
1207 1268 1400 1304 διισχυρίσατο.
1428 1265 1508 1292 Ἀλλὰ
1533 1264 1637 1291 πολλῶν
1665 1264 1750 1290 οντων
1780 1261 1828 1287 καὶ

1039 1315 1126 1341 ἄλλων
1139 1314 1192 1341 τῶν
1207 1314 1364 1349 δυναμένων
1377 1312 1507 1345 ἐπιδεῖξαι
1521 1312 1570 1347 τὴν
1589 1310 1758 1346 ματαιότητα
1772 1308 1827 1334 τῶν

1039 1361 1203 1395 λεγομένων,
1220 1360 1315 1395 ἀρκεῖν
1331 1358 1422 1394 οἴομαι
1437 1357 1503 1392 πρὸς
1518 1355 1653 1388 ἀπόδειξιν
1667 1355 1716 1388 τῆς
1733 1354 1828 1383 ἀνοίας

1038 1406 1074 1433 τὰ
1091 1405 1232 1441 εἰρημένα.
1249 1404 1333 1431 Τοῦτο
1345 1404 1372 1430 δὲ
1393 1403 1500 1434 πάντως
1514 1400 1740 1437 προωμολόγηται
1750 1398 1828 1431 παρῶ

1039 1452 1095 1483 τοῖς
1112 1450 1320 1486 ἐπισταμένοις,
1340 1449 1406 1485 πρὸς
1420 1448 1450 1475 τὸ
1473 1446 1616 1474 ἀκόλουθον
1637 1446 1764 1481 βλέπειν·
1786 1444 1830 1470 ὅτε

1042 1496 1114 1532 μόνῳ
1123 1495 1162 1532 τῷ
1172 1496 1258 1530 Πατρὶ
1271 1494 1519 1531 προσμαρτυρήσας
1530 1493 1560 1519 τὸ
1573 1492 1722 1526 ἄφθαρτον,
1737 1489 1828 1516 πάντα

1040 1541 1072 1568 τὰ
1088 1541 1157 1576 μετά
1168 1540 1213 1567 τὸν
1230 1541 1338 1576 Πατέρα
1353 1539 1483 1575 νοούμενα
1502 1539 1535 1574 τῇ
1552 1537 1620 1572 προς
1640 1536 1670 1562 τδ
1689 1535 1829 1571 ἄφθαρτον

1040 1585 1227 1621 ἀντιδιαστολῇ
1247 1585 1354 1621 φθαρτὰ
1375 1582 1445 1610 εἷναι
1467 1582 1676 1614 κατασκευάζει.
1697 1582 1741 1612 Ὠς
1761 1581 1827 1616 μηδὲ

1039 1631 1085 1660 τὸν
1101 1632 1163 1659 Υίὸν
1177 1631 1281 1668 φθορᾶς
1302 1630 1479 1666 ἐπιδεικνύειν
1495 1629 1647 1664 ἐλεύθερον.
1662 1628 1694 1654 Et
1718 1625 1764 1653 οὗν
1781 1627 1828 1653 ἀν-

1040 1677 1217 1705 τιδιαστέλλει
1230 1678 1275 1704 τὸν
1291 1677 1354 1703 Υἱὸν
1375 1676 1414 1712 τῷ
1435 1675 1565 1710 ἀφθάρτῳ
1578 1694 1584 1706 ,
1605 1674 1634 1700 οὺ
1652 1673 1731 1706 μόνον
1746 1672 1830 1698 αὑτὸν

1041 1723 1158 1759 φθαρτὸν
1173 1721 1243 1750 εἶναι
1256 1722 1414 1758 διορίζεται,
1430 1721 1498 1748 ἀλλὰ
1510 1721 1557 1747 καὶ
1569 1720 1603 1746 τὰ
1616 1719 1682 1746 ἄλλα
1697 1718 1763 1753 περὶ
1779 1717 1828 1743 αὑ-

1041 1769 1088 1796 τοῦ
1107 1768 1317 1800 κατασκευάζει,
1332 1768 1381 1794 ὅσα
1401 1767 1473 1802 μόνῳ
1490 1766 1528 1801 τῷ
1545 1765 1674 1800 ἀφθάρτῳ
1688 1763 1726 1799 μὴ
1742 1771 1828 1798 προσ-

1041 1815 1109 1840 εῖναι
1125 1813 1209 1848 λέγει.
1231 1813 1399 1847 Ἀναγκαιως
1413 1813 1466 1848 γὰρ
1486 1813 1510 1838 εἰ
1534 1811 1612 1846 μόνος
1630 1812 1643 1836 ὁ
1659 1809 1754 1844 Πατὴρ
1767 1807 1827 1835 οὔτε

1041 1860 1136 1886 ἑαυτὸν
1150 1860 1231 1895 γεννᾷ
1243 1880 1249 1892 ,
1267 1859 1327 1886 οὒτε
1345 1859 1389 1893 ὑφ’
1406 1858 1503 1885 ἑαυτοῦ
1525 1857 1671 1892 γεννᾶται,
1690 1855 1744 1881 πᾶν
1759 1854 1774 1880 ὃ
1791 1856 1830 1888 μὴ

1041 1906 1178 1942 ἄφθαρτόν
1199 1906 1256 1932 ἐστι
1269 1926 1276 1938 ,
1295 1905 1342 1931 καὶ
1359 1905 1439 1931 ἑαυτό
1459 1904 1542 1938 γεννᾷ
1554 1922 1560 1934 ,
1589 1902 1636 1928 καὶ
1661 1901 1706 1935 ὑφ’
1731 1900 1829 1926 ἑαυτοῦ

1041 1953 1176 1986 γεννᾶται,
1194 1951 1241 1977 καὶ
1255 1951 1347 1986 πατὴρ
1366 1950 1412 1976 καὶ
1437 1949 1493 1980 υἱὸς
1513 1949 1577 1974 αὐτὸ
1596 1946 1692 1973 ἑαυτοῦ
1712 1945 1829 1979 γίνεται,

1042 1998 1109 2032 πρὸς
1125 1997 1241 2032 ἑκάτερα
1264 1995 1313 2030 τῆς
1338 1995 1431 2025 οὐσίας
1456 1993 1704 2029 μεθαρμοζόμενον,
1720 1991 1751 2016 Et
1776 1991 1830 2025 γὰρ

1043 2043 1123 2078 μόνον
1138 2042 1184 2068 τοῦ
1200 2041 1305 2076 Πατρός
1323 2041 1380 2066 ἐστι
1405 2040 1436 2065 τὸ
1452 2039 1588 2074 ἄφθαρτον
1613 2035 1682 2063 εἶναι
1693 2057 1700 2069 ,
1722 2036 1788 2062 ἴδιον
1802 2037 1830 2062 δὲ

1041 2088 1087 2114 τοῦ
1103 2087 1242 2123 ἀφθάρτου
1254 2087 1283 2113 τὺ
1299 2087 1336 2122 μὴ
1350 2085 1435 2112 ταῦτα
1450 2083 1528 2116 εἶναι,
1540 2084 1600 2110 οὔτε
1616 2083 1754 2117 ἄφθαρτος
1765 2083 1831 2107 mv-

1042 2142 1094 2165 τως
1112 2134 1125 2160 ὁ
1142 2133 1204 2164 Υἱὸς
1218 2133 1288 2159 κατὰ
1303 2131 1348 2159 τὸν
1358 2131 1406 2167 τῆς
1418 2130 1548 2166 αἱρέσεως
1566 2130 1653 2163 λόγον,
1673 2129 1720 2154 καὶ
1745 2127 1830 2154 ταῦτα.

1044 2180 1131 2207 πάντα
1144 2180 1207 2214 περὶ
1221 2179 1302 2206 αὑτὸν
1315 2178 1424 2209 πάντως
1440 2177 1513 2203 ἐστίν
1528 2187 1534 2192 -
1551 2176 1581 2202 τὸ
1603 2174 1763 2211 μερίζεσθαι
1782 2174 1830 2207 τὴν

1041 2225 1146 2256 οὐσίαν,
1165 2224 1195 2251 τὸ
1206 2224 1308 2250 τίκτειν
1327 2223 1422 2250 ἑαυτὸν
1437 2223 1482 2248 καὶ
1502 2222 1545 2255 ὑφ’
1561 2220 1657 2247 ἑαυτοῦ
1671 2218 1830 2253 γεννᾶσθαι,

1041 2269 1147 2305 πατέρα
1157 2270 1204 2297 καὶ
1217 2270 1273 2296 υἱὸν
1284 2269 1364 2296 αὑτὸν
1379 2268 1474 2295 ἑαυτοῦ
1489 2266 1621 2301 γίνεσθαι.

200 2322 256 2343 non
279 2322 361 2352 esse;
386 2323 438 2342 nec
455 2315 671 2349 incorruptibilis
687 2316 799 2343 omnino
827 2315 912 2343 Filius
939 2320 992 2349 est,
1010 2318 1160 2345 secundum
1177 2319 1246 2345 hanc
1262 2318 1398 2345 haereseos
1414 2316 1579 2345 orationem,
1598 2318 1625 2340 et
1657 2313 1715 2340 hazc
1748 2311 1829 2339 etiam

198 2359 291 2388 omnia
311 2367 425 2395 prorsus
447 2360 474 2387 in
497 2361 555 2395 ipso
570 2366 651 2391 sunt.
675 2361 823 2389 essentiam
856 2361 1012 2397 dispertiri,
1034 2365 1154 2399 seipsum
1177 2363 1343 2399 producere,
1360 2368 1388 2391 et
1404 2370 1418 2388 a
1435 2362 1525 2396 scipso
1545 2359 1669 2394 generari
1682 2379 1690 2390 ,
1726 2362 1830 2392 patrem

198 2409 226 2433 et
242 2405 327 2432 ﬁlium
346 2405 435 2440 ipsum
451 2406 493 2433 sui
512 2406 598 2441 ipsius
615 2405 683 2433 ﬁeri.

233 2452 286 2479 Sed
309 2453 426 2480 fortasse
447 2460 509 2479 cum
535 2454 690 2481 annmtibus
714 2459 741 2481 et
759 2454 864 2482 insanis
884 2455 990 2483 diutius

199 2499 339 2526 immorari
353 2504 380 2526 et
395 2499 511 2526 detineri
532 2507 630 2526 vanum
647 2504 699 2527 est.
717 2500 757 2527 Ad
775 2508 806 2528 ea
825 2501 906 2535 igitur
930 2508 990 2535 qua:

198 2543 327 2579 deinceps
351 2548 503 2579 sequuntur
524 2546 551 2571 in
573 2545 633 2578 ejus
655 2546 781 2573 oratione
806 2551 988 2574 transeamus.

199 2589 248 2617 His
261 2590 352 2625 itaque
365 2590 475 2624 adjicit:
489 2590 548 2618 Non
565 2591 591 2617 in
608 2591 728 2626 faciendo
742 2592 853 2618 materia
872 2592 910 2618 vel
926 2600 990 2625 par-

199 2636 278 2668 tibus,
297 2636 335 2664 vel
358 2637 524 2664 naturalibus
541 2638 723 2664 instrumentis
738 2637 857 2672 indigem
878 2638 988 2672 (nu/lius

198 2681 267 2708 enim
289 2682 326 2709 rei
348 2686 387 2708 est
406 2682 532 2717 indigus).
551 2682 627 2709 Hanc
651 2683 789 2709 notionem
817 2683 926 2709 tametsi
954 2683 988 2710 ad

200 2728 311 2755 Verbqu
323 2728 506 2755 remissiore":
519 2728 629 2762 exponit
643 2727 802 2760 Eunomius,
819 2732 907 2756 tamen
920 2729 989 2756 hanc

243 2821 251 2832 ι
284 2823 386 2849 Cenes,
413 2823 484 2846 XLVI,
510 2814 538 2841 ‘2.
588 2813 599 2830 ⁵
627 2815 694 2843 Gen.
727 2822 769 2846 ιιι,
798 2814 842 2842 19.

1074 2454 1109 2479 “ll
1138 2453 1251 2487 μάταιον
1278 2452 1342 2482 ἴσως
1361 2450 1407 2476 ἐπὶ
1437 2451 1527 2476 πλεῖον
1550 2448 1752 2483 ὲμφιλοχωρεῖν
1778 2448 1832 2478 τοῖς

1039 2499 1163 2534 ἀνοήτοις
1173 2507 1178 2513 ·
1192 2497 1260 2524 ἀλλὰ
1271 2497 1338 2533 πρὸς
1345 2497 1375 2523 τὸ
1385 2495 1484 2531 ἐφεξῆς
1493 2495 1541 2521 τοῦ
1552 2494 1632 2528 λόγου
1643 2492 1830 2528 μετέλθωμεν·

1040 2543 1200 2580 προστίθησῖ
1214 2543 1268 2578 γὰρ
1281 2541 1395 2572 τούτοις·
1414 2542 1476 2567 Οὐκ
1493 2540 1527 2566 ἐν
1541 2539 1580 2572 τῷ
1596 2539 1694 2565 ποιεῖν
1707 2538 1797 2571 ὕλης,
1813 2537 1831 2570 ἢ

1038 2590 1145 2625 μερῶν.
1171 2589 1190 2623 ἢ
1206 2587 1343 2623 φυσικῶν
1363 2586 1495 2621 ὀργάνων
1509 2584 1733 2620 προσδεόμενος
1745 2592 1752 2597 ·
1767 2584 1831 2609 ἐστι

1041 2638 1096 2671 τὰρ
1105 2635 1216 2668 παντὸς
1229 2633 1411 2668 ἀπροσδεής.
1422 2632 1507 2659 Τοῦτο
1521 2631 1550 2658 τδ
1565 2631 1665 2666 νόημα,
1677 2631 1702 2656 εἰ
1711 2630 1761 2656 καὶ
1772 2630 1831 2655 ἀτο-

1042 2682 1158 2717 νώτερον
1175 2680 1245 2708 κατὰ
1265 2681 1314 2716 τὴν
1326 2679 1397 2712 λέξιν
1412 2679 1547 2705 ἐκτίθεται
1570 2679 1583 2703 ὸ
1598 2676 1742 2711 Εὑνόμιος.
1758 2676 1830 2710 ὅμως

1043 2728 1092 2762 τῆς
1106 2726 1244 2758 εὐσεϐείας
1267 2725 1317 2752 οὐκ
1340 2724 1537 2759 ἀποϐάλλομεν.
1564 2722 1704 2753 Μαθόντες
1723 2721 1778 2755 γὰρ
1790 2720 1830 2746 ὅτι
