1957 3079
140 74 189 102 497

140 130 232 164 Αὐτὸς
258 129 323 158 εἶπε
344 132 392 159 καὶ
414 132 620 168 ἐγενήθησαν,
644 137 734 169 αὐτὸς
755 137 922 164 ἐνετείλατο
937 138 960 166 Α

140 177 186 204 καὶ
198 177 392 212 ἐκτίσθησαν,
407 179 517 215 οἴδαμεν
530 181 570 207 ὅτι
586 183 700 218 ποιητής
722 183 780 209 ἐστι
796 183 845 218 τῆς
858 183 923 217 ὕλης

140 225 152 249 ὁ
166 222 257 257 Λόγος,
270 223 350 255 εὐθὺς
369 226 640 262 συναπεργαζόμενος
652 228 721 263 μετὰ
731 229 780 263 τῆς
795 228 860 263 ὕλης
877 228 923 255 καὶ

139 268 184 299 τὰς
200 268 356 304 ποιότητας.
377 270 422 302 Ὡς
445 269 515 298 εἶναι
541 273 615 309 αὐτῷ
630 273 664 299 τὰ
685 274 784 306 πάντα,
799 274 846 301 καὶ
863 274 924 300 ἀντὶ

139 313 244 340 πάντων
273 314 322 350 τὴν
352 315 440 351 ὁρμὴν
455 316 500 343 τοῦ
532 319 737 354 παντοδυνάμου
761 319 922 354 θελήματος,

139 359 211 395 ὕλην.
229 356 352 396 ὄργανον,
370 362 462 395 τόπον,
478 364 583 399 χρόνον,
595 365 699 398 οὐσίαν,
715 365 854 401 ποιότητα,
871 366 924 392 πᾶν

138 407 151 432 ὃ
173 406 259 442 τίπὲρ
275 407 348 434 ἐστιν
356 408 385 434 ὲν
402 409 434 444 τῇ
449 409 536 436 κτίσει
551 410 704 445 νοούμενον.
725 411 808 446 Ὁμοῦ
825 420 854 438 τε
870 411 924 447 γὰρ

138 452 250 487 ⁴ἠθέλησε
266 453 297 480 τὸ
311 453 368 481 δέον
384 454 520 489 γενέσθαι,
536 456 582 482 καὶ
597 457 764 493 συνέδραμεν
778 458 794 492 ὴ
810 457 924 493 ὲξεργα·

139 499 215 533 στικὴ
230 498 285 526 τῶν
295 499 379 527 ὄντων
394 500 508 536 δύναμις
522 501 560 538 τῷ
572 503 699 538 νοήματι,
716 503 795 538 ἔργον
812 503 924 530 ποιοῦσα

138 544 164 570 τὸ
178 544 292 579 θέλημα.
305 545 382 573 Οὓτω
394 547 447 582 γὰρ
461 547 601 582 φιλοσοφεῖ
616 548 679 585 περὶ
691 549 739 584 τῆς
756 549 830 581 Θείας
846 549 925 577 δυνά-

137 599 208 625 μεως
223 592 236 618 ό
248 592 331 624 πολὺς
346 593 466 628 Μωῦσῆς
477 594 505 620 ὲν
514 595 547 630 τῇ
561 595 750 630 κοσμογενείᾳ,
763 604 926 632 προστακτι-

137 638 195 669 καίς
222 640 326 672 φωναῖς
352 640 490 673 ἀνατιθεὶς
514 641 628 668 ἑκάστου
651 641 706 669 τῶν
727 643 756 669 ὲν
781 644 814 679 τῇ
838 643 924 670 κτίσει

137 684 304 719 φαινομένων
315 685 364 720 τὴν
373 686 491 722 ποίησιν.
515 686 593 715 Εἶπεν
611 688 676 724 γὰρ,
696 690 789 724 φησὶν,
804 691 821 716 ὀ
841 689 923 722 Θεὸς,

137 729 179 757 ὅτι
202 730 363 764 Γενηθήτω
375 731 447 766 φῶς,
460 733 508 760 καὶ
516 733 634 768 ἐγένετο
646 733 718 769 φῶς,
735 735 782 762 καὶ
796 736 860 770 περὶ
872 735 925 762 τῶν

136 774 220 802 ἄλλων
233 775 374 809 ὡσαύτως,
393 777 454 804 οὔτε
475 778 682 815 ὖληςὲμνήσθη,
702 780 762 807 οὔτε
776 781 924 817 ὀργανικῆς

137 820 297 855 ὑπουργίας.
313 822 417 850 Οὐκοῦν
434 823 483 850 οὐκ
493 824 646 860 ἀπόϐλητος
660 827 687 852 ὲν
698 825 737 861 τῷ
747 826 825 861 μέρει
838 826 926 861 τούτῳ

136 865 179 891 τοῦ
200 866 332 901 Εὐνομίου
349 869 363 894 ὁ
388 868 474 903 λόγος.
502 870 530 896 '0
546 869 600 906 γὰρ
622 871 686 903 θεὸς
703 871 801 903 κτίζων
820 872 869 898 ὅσα
883 871 926 897 διὰ

136 910 249 942 κτίσεως
278 911 340 948 ἔσχε
364 913 413 948 τὴν
439 915 555 949 γένεσιν,
580 915 640 941 οὔτε
659 916 730 947 τινὸς
744 916 925 952 ὑποκειμένης

136 953 210 990 ὕλης,
235 955 300 983 οὕτε
334 957 458 993 ὀργάνων
477 959 517 990 είς
538 959 588 994 τὴν
620 960 792 996 κατασκευὴν
818 961 923 996 ἐδεήθη.

142 999 306 1036 Ἀπροσδεὴς
325 1001 379 1038 γὰρ
399 1003 541 1039 ἀλλοτρίας
557 1004 682 1040 βοηθείας
706 1006 722 1041 ἡ
738 1006 785 1032 τοῦ
800 1006 867 1033 Θεοῦ
883 1006 926 1033 δύ-

136 1043 214 1077 ναμίς
224 1053 254 1071 τε
269 1047 317 1073 καὶ
335 1047 424 1081 σοφία.
444 1049 559 1084 Χριστὸς
573 1049 600 1076 δέ
618 1051 691 1077 ἐστιν
707 1051 780 1086 ήτοῦ
802 1051 870 1078 Θεοῦ
884 1052 927 1078 δύ-

136 1099 215 1125 ναμις
229 1093 278 1119 καὶ
305 1093 395 1128 σοφία,
411 1094 444 1120 δι’
457 1092 487 1121 οὗ
503 1095 539 1122 τὰ
565 1095 663 1122 πάντα
681 1096 810 1131 ἐγένετο,
822 1097 871 1124 καὶ
889 1095 925 1125 οὗ

136 1138 222 1172 χωρὶς
247 1138 309 1165 τῶν
331 1139 426 1166 ὄντων
447 1140 532 1167 ἐστὶν
549 1142 658 1168 οὐδέν’
683 1142 774 1175 καθὼς
802 1144 927 1180 Ἰωάννης

136 1184 317 1220 μαρτύρεται.
339 1186 370 1212 Et
390 1184 436 1213 οὖν
451 1187 539 1214 πάντα
564 1188 596 1214 δι’
610 1189 692 1216 αὺτοῦ
708 1189 826 1224 ἐγένετο,
841 1191 927 1226 ὁρατά

135 1237 162 1254 τε
174 1230 219 1255 καὶ
230 1230 347 1266 ἀόρατα,
366 1232 477 1267 ἐξαρκεῖ
490 1232 518 1258 δὲ
538 1233 606 1268 πρὸς
622 1234 672 1269 τὴν
687 1235 740 1262 τῶν
765 1235 849 1262 ὄντων
862 1237 927 1263 ὑπό-

134 1281 227 1301 στασιν
243 1276 259 1310 ἡ
278 1275 403 1312 βούλησις
430 1278 498 1313 μόνη
510 1287 516 1293 ·
532 1278 647 1314 δύναμις
663 1280 717 1315 γάρ
744 1281 819 1308 ἐστιν
831 1283 848 1316 ἠ
866 1281 928 1317 eoo-

135 1319 209 1355 λησις
223 1329 229 1335 ·
246 1321 294 1349 τὸν
306 1323 439 1359 ἡμέτερον
449 1323 509 1351 εἷπε
524 1325 602 1360 λόγον
619 1327 780 1363 ὲνατονούσῃ
801 1329 834 1363 τῇ
855 1328 926 1361 λέξει

136 1366 277 1402 Εὑνόμιος.
311 1369 340 1395 ’0
367 1370 421 1405 γὰρ
449 1370 483 1396 τὰ
497 1370 642 1406 σύμπαντα
662 1372 752 1409 φέρων
767 1373 805 1409 τῷ
824 1374 926 1410 ῥήματι

135 1413 182 1448 τῆς
207 1413 351 1449 δυνάμεως
367 1415 460 1449 αὑτοῦ,
484 1416 556 1448 τίνος
584 1417 617 1444 ἂν
640 1417 756 1453 ὀργάνου
778 1419 824 1446 καὶ
849 1419 926 1452 ποίας

136 1458 199 1494 ὕλης
212 1459 324 1496 δεηθείη
338 1462 366 1487 ὲν
382 1461 421 1496 τῷ
433 1462 525 1498 φέρειν
539 1463 583 1490 διὰ
597 1463 643 1490 τοῦ
655 1465 859 1500 παντοδυνάμου
877 1466 927 1501 (31’;-

136 1513 218 1540 ματος
229 1506 283 1541 τὴν
300 1506 350 1533 τῶν
365 1507 448 1534 ὄντων
469 1509 634 1542 ὑπόστασιν;
656 1510 686 1537 Εἰ
699 1510 727 1536 δὲ
741 1511 808 1546 ὅπερ
825 1512 870 1538 ἐπὶ
881 1512 928 1546 τῆς

941 1474 964 1502 C

136 1550 249 1583 κτίσεως
264 1552 331 1587 περὶ
348 1552 394 1579 τοῦ
410 1554 580 1588 Μονογενοῦς
599 1555 832 1592 πεπιστεύκαμεν,
851 1556 929 1584 τοῦτο

135 1597 180 1624 ἐπὶ
200 1597 249 1624 τοῦ
279 1598 342 1625 Υίοῦ
370 1600 584 1632 κατασκευάζει·
598 1601 636 1633 ὡς
651 1602 836 1638 ὁμοιοτρόπως
848 1603 929 1630 αὐτὴν

136 1643 181 1669 τοὺ
207 1644 318 1680 Πατρὺς
341 1645 494 1680 κτίσαντος,
512 1647 638 1683 καθάπερ
662 1648 737 1683 παρὰ
759 1649 806 1675 τοῦ
830 1650 927 1685 Υἱοῦή

136 1690 223 1721 κτίσις
239 1691 351 1725 ἐγένετο
364 1699 371 1706 ⁸
388 1691 433 1718 τὸν
446 1693 475 1719 ὲν
491 1694 547 1724 τοῖς
561 1693 716 1729 ἔμπροσθεν
730 1694 845 1730 ρηθέντα
853 1695 929 1730 λόγον

137 1737 181 1762 καὶ
195 1736 242 1763 νῦν
258 1737 341 1764 πάλιν
359 1738 598 1774 ἀναλαμϐάνομεν,
616 1740 686 1776 ὁτιὴ
703 1741 814 1776 τοιαύτη
835 1742 931 1778 ὑπόλη-

136 1781 179 1816 ψιῖ
192 1782 309 1818 ἄρνησις
324 1784 372 1818 τῆς
384 1784 431 1811 τοῦ
443 1785 610 1820 Μονογενοῦς
625 1787 682 1812 ἐστι
692 1786 826 1822 θεότητος,
835 1788 930 1823 Ἡμεῖς

137 1829 190 1864 γὰρ
208 1829 276 1856 ἴδιον
290 1827 361 1857 εἶναι.
375 1830 429 1858 τῶν
447 1831 712 1868 εἰδωλολατρούντων
723 1833 798 1869 παρὰ
816 1834 865 1869 τῆς
881 1843 929 1869 με-

137 1875 222 1909 γάλης
236 1875 285 1902 τοῦ
302 1876 410 1903 Παύλου
426 1878 518 1914 φωνῆς
535 1879 744 1915 μεμαθήκαμεν,
758 1879 789 1905 τὸ
804 1879 930 1907 σέϐεσθαι

137 1921 183 1947 καὶ
199 1921 345 1956 λατρεύειν
361 1923 393 1958 τῇ
412 1923 497 1949 κτίσει
515 1923 589 1959 παρὰ
604 1924 649 1950 τὸν
661 1924 808 1951 κτίσαντα·
828 1925 929 1952 καὶτοῦ

137 1965 218 1992 Δαϐὶδ
226 1967 403 1999 εἰπόντος,ὄτι
412 1969 472 1994 Οὐκ
480 1968 564 1995 ἔσται
571 1969 659 1996 ervo!
667 1969 738 2002 Θεὸς
746 1971 929 2004 πρόσφατος,

136 2013 206 2039 οὐδὲ
212 2013 506 2048 προσκυνήσεις-Θεῷ
514 2015 672 2049 ἀλλοτρίῳ.
683 2015 783 2042 Κανόνι
792 2016 878 2051 τούτῳ
885 2018 932 2043 καὶ

136 2058 254 2094 γνώμονι
276 2060 408 2096 χρώμεθα
422 2061 490 2096 πρὸς
500 2062 549 2097 τὴν
558 2061 604 2088 τοῦ
621 2062 857 2097 προσκυνουμὲνου
871 2062 933 2088 ὲπίκ

135 2113 236 2139 γνωσιν
273 2106 344 2132 ὥστε
361 2106 505 2134 πεπεῖσθαι
521 2107 600 2135 τοῦτο
615 2107 716 2143 ἀληθὲς
735 2106 805 2135 εἷναι
827 2108 904 2139 Θεὸν,
917 2107 937 2135 ἃ

137 2152 204 2186 μήτε
221 2153 380 2188 πρόσφατόν
394 2154 461 2186 ἐστι,
478 2155 545 2189 μήτε
561 2153 709 2188 ἀλλότριον.
723 2153 831 2189 Ἐπειδὴ
842 2154 930 2180 τοίνυν
948 2143 969 2170 θ

134 2196 200 2223 Θεὸν
216 2197 357 2224 πιστεύειν
369 2195 438 2225 εἶναι
451 2198 497 2225 τὸν
512 2199 643 2234 μονογενῆ
662 2199 726 2225 Θεὸν
741 2199 928 2234 ἐδιδάχθημεν

134 2243 165 2269 τὸ
181 2244 255 2278 μήτε
265 2244 422 2279 πρόσφατον
436 2244 516 2272 αὑτὸν
533 2242 612 2277 εἶναι,
633 2246 701 2280 μήτε
713 2245 850 2280 ἀλλότριον
868 2254 930 2272 συν-

133 2287 324 2323 ομολογοῦμεν
336 2288 379 2316 διὰ
391 2288 437 2315 τοῦ
454 2289 603 2321 πιστεύειν,
619 2290 659 2316 ὅτι
670 2289 729 2316 ἐστὶ
744 2290 808 2321 Θεός
823 2299 829 2305 ·
848 2290 871 2316 εἰ
884 2288 931 2317 οὖν

134 2332 200 2365 Θεός
217 2334 289 2366 ἐστι,
308 2334 462 2370 πρόσφατος
472 2335 522 2361 οὐκ
533 2335 606 2362 ἐστιν
617 2344 624 2350 ·
639 2336 654 2362 ὁ
667 2335 695 2362 δὲ
712 2336 749 2371 μὴ
762 2336 929 2371 πρόσφατος.

134 2379 218 2412 ἀΐδιος
239 2380 350 2412 πάντως
375 2381 466 2408 ἐστίν·
494 2381 556 2408 οὔτε
585 2378 630 2409 οὖν
651 2376 807 2418 τξρόσιρατός
831 2384 904 2409 ἐστιν
918 2384 932 2409 ό

134 2425 230 2458 ἀίδιος,
247 2426 313 2453 οὔτε
326 2427 464 2462 ἀλλότριος
478 2428 527 2463 τῆς
543 2428 672 2463 ἀληθινῆς
688 2428 825 2463 θεότητος,
839 2429 870 2455 ἐκ
885 2429 931 2455 τοῦ

135 2469 243 2504 Πατρδς
259 2469 310 2503 ὣν,
328 2472 374 2498 καὶ
404 2472 436 2497 ἐν
456 2472 516 2505 τοῖς
535 2474 660 2506 κόλποις
676 2473 719 2499 ὢν
736 2473 788 2500 τοῦ
807 2473 930 2507 Πατρός.

135 2516 181 2542 καὶ
203 2517 232 2542 ὲν
250 2517 343 2552 ἑαυτῷ
358 2517 402 2543 τὶν
418 2518 526 2553 Πατέρα
548 2517 626 2553 ἔχων.
643 2518 723 2545 Ὥστε
747 2519 761 2544 6
777 2518 933 2553 ἀποσχίζων

134 2561 184 2596 τῆς
200 2562 249 2588 τοῦ
266 2563 374 2598 Πατρδς
388 2563 493 2597 φύσεως
513 2564 558 2590 τὸν
584 2564 655 2595 fit»),
673 2564 689 2599 ἢ
712 2564 826 2590 καθόλου
844 2565 935 2590 ἀῡετεῖ

135 2608 182 2643 τὴν
199 2609 401 2645 προσκύνησιν,
422 2611 464 2637 ἵνα
480 2610 516 2646 μὴ
529 2610 659 2646 ἀλλοτρίῳ
673 2611 732 2646 Θεῷ
744 2610 929 2646 προσκννήσῃ,

185 2729 197 2745 ⁸
214 2729 291 2757 Psai.
312 2736 421 2763 CXLVIII,
438 2729 467 2758 5.
503 2731 512 2744 ⁸
527 2729 624 2757 Cenes.
644 2739 662 2759 ι,
680 2731 706 2756 5.
746 2731 754 2745 ⁷
776 2730 783 2755 |
815 2729 876 2755 Cor.

138 2763 158 2780 “
180 2764 253 2792 l’sal.
270 2772 354 2795 Lux,
377 2765 403 2792 9.
444 2767 464 2779 “
485 2765 567 2791 Exod.
587 2773 630 2796 ax,

701 79 842 107 CONTRA
861 77 1059 112 EUNOMiUM,
1079 78 1142 106 LIB.
1165 79 1197 106 ιῐ.

950 2729 992 2755 94,
1034 2728 1043 2743 ⁸
1074 2727 1147 2753 .iuan.
1184 2735 1203 2757 ι,
1227 2727 1251 2753 3.

649 2766 680 2797 '5;
705 2773 795 2796 nxw,
831 2765 874 2793 li:
898 2764 972 2790 Deut.

1723 83 1775 110 ‘98

974 143 989 162 ιι
1004 136 1104 170 pietate
1121 143 1174 163 non
1200 136 1384 169 excludimus,
1400 136 1445 172 qui
1462 136 1609 166 didicimus
1624 139 1697 173 quod
1718 139 1776 172 Ipu‘

974 182 1053 214 dixit,
1071 187 1095 209 et
1112 182 1185 216 facta
1200 187 1272 216 sunt,
1295 183 1348 217 ipse
1363 183 1498 210 mandavit
1526 189 1550 212 et
1573 191 1661 212 creata
1676 191 1736 212 sunt
1755 187 1775 217 ⁸,

975 227 1077 255 scimus
1090 228 1163 263 quod
1176 229 1297 256 materiae
1312 228 1399 256 factor
1412 234 1454 258 est
1470 229 1602 264 Verbum,
1616 232 1697 259 simul
1713 239 1774 258 eum

974 275 1033 309 ipsa
1056 275 1170 302 materia
1183 275 1316 302 continuo
1332 275 1413 303 etiam
1437 276 1585 311 qualitates
1607 277 1752 312 perﬁciens
1768 286 1774 304 ι

975 321 1012 348 ita
1029 326 1057 348 nt
1073 321 1097 349 ei
1111 320 1168 348 sint
1183 321 1275 348 omnia
1293 325 1320 348 et
1335 329 1384 356 pro
1399 322 1528 350 omnibus
1545 323 1665 358 impetus
1686 324 1775 351 omni-

975 367 1094 402 potentis
1116 366 1276 399 voluntatis,
1293 367 1418 398 materia,
1436 367 1661 401 instrumentum,
1684 370 1774 402 locus,

975 416 1093 447 tempus,
1115 412 1246 444 essentia,
1262 411 1391 447 qualitas,
1408 416 1435 440 et
1452 413 1585 448 quidquid
1603 415 1629 441 in
1648 419 1774 442 creatura

975 457 1146 492 intelligitur.
1169 457 1257 484 Simul
1279 458 1352 485 enim
1375 463 1457 492 atque
1481 459 1566 485 voluit
1593 459 1665 493 quod
1691 466 1774 495 opor-

976 507 1045 530 teret
1063 503 1132 537 ﬁeri,
1148 504 1286 538 operatrix
1300 511 1394 530 eorum
1412 511 1473 538 quae
1496 508 1561 530 sunt
1577 505 1694 540 potentia
1710 512 1773 532 cum

976 549 1087 576 notione
1112 548 1265 581 concurrit,
1293 556 1363 583 opus
1391 548 1495 576 faciens
1519 549 1707 577 voluntatem:
1734 551 1773 578 sic

975 594 1048 621 enim
1080 593 1115 622 de
1134 594 1228 622 divina
1255 594 1375 628 potentia
1404 594 1620 630 philosophatur
1645 597 1773 631 copiosus

976 640 1066 667 Moses
1079 641 1107 668 iu
1124 640 1218 668 mundi
1240 640 1390 673 creatione,
1411 641 1580 676 imperativis
1598 641 1711 669 vocibus
1725 650 1772 670 eo-

977 695 1036 713 rum
1052 686 1187 722 cujusque
1199 694 1259 720 qua:
1277 687 1303 713 in
1321 690 1449 714 creatura
1460 691 1592 722 apparent
1607 688 1771 715 creationem

976 733 1129 760 aseribens.
1150 731 1221 758 Dixit
1237 733 1308 760 enim
1325 733 1384 769 (ait)
1400 734 1488 762 Deus:
1505 731 1568 760 Fiat
1584 733 1639 764 lux,
1657 739 1681 760 et
1702 733 1772 768 facta

976 783 1012 804 est
1026 777 1072 804 tua:
1088 778 1108 808 ⁸,
1124 781 1150 804 et
1167 778 1202 804 de
1230 777 1291 804 aliis
1310 777 1406 804 eodem
1429 777 1521 811 modo,
1544 786 1632 813 neque
1654 779 1773 806 materia.-

979 823 1118 854 meminit,
1153 830 1241 857 neque
1270 822 1488 850 instruinentalis
1521 823 1677 851 ministerii.
1713 823 1771 851 Non

978 869 1061 904 igitur
1090 869 1141 896 hac
1166 869 1193 895 in
1222 872 1298 903 parte
1321 868 1447 895 Ennomii
1476 869 1645 904 repudianda
1673 870 1771 897 oratio.

979 915 1049 942 Deus
1064 915 1137 942 enim
1157 922 1254 942 creatis
1276 921 1447 950 quzeeunque
1464 923 1512 951 per
1536 917 1702 944 creationem
1721 917 1770 944 ha-

978 962 1042 990 bent
1061 966 1162 992 ortum,
1180 969 1268 997 neque
1280 963 1333 989 alia
1347 962 1471 998 subjecta
1488 964 1611 997 materia,
1629 971 1717 999 neque
1730 964 1771 991 in-

977 1009 1136 1036 strumentis
1160 1008 1193 1035 ad
1219 1008 1451 1036 constructionem
1478 1009 1604 1044 indiguit.
1635 1009 1702 1036 Nam
1724 1009 1771 1037 Dei

978 1054 1065 1081 virtus
1078 1059 1105 1082 et
1116 1054 1250 1089 sapientia
1274 1055 1284 1070 '
1297 1055 1398 1082 nullius
1411 1055 1492 1082 alieni
1507 1055 1600 1082 auxilii
1615 1059 1654 1082 est
1668 1055 1769 1091 indiga.

978 1101 1010 1126 At
1025 1099 1152 1127 Christus
1167 1098 1213 1127 Dei
1231 1105 1273 1126 est
1288 1100 1374 1127 virtus
1400 1103 1427 1127 et
1454 1100 1598 1134 sapientia,
1616 1108 1664 1135 per
1688 1109 1770 1135 quem

983 1145 1074 1172 omnia
1094 1145 1167 1179 facta
1184 1150 1259 1173 sunt.
1283 1145 1338 1171 sine
1361 1153 1411 1179 quo
1431 1145 1496 1171 nihil
1518 1153 1607 1172 eorum
1626 1155 1685 1181 quia
1698 1150 1769 1176 sunt,

982 1195 1022 1217 est
1045 1189 1066 1223 ⁸,
1090 1189 1320 1224 quemadmodum
1341 1193 1457 1217 testatur
1481 1188 1611 1217 Joannes.
1632 1190 1659 1218 Si
1688 1190 1771 1224 igitur

978 1235 1070 1263 omnia
1086 1242 1134 1270 per
1148 1235 1238 1270 ipsum
1258 1234 1329 1262 facta
1344 1238 1419 1267 sunt,
1434 1233 1554 1262 visibilia
1567 1237 1594 1261 et
1611 1233 1772 1265 invisibilia,

978 1281 1012 1309 ad
1037 1289 1134 1309 eorum
1155 1285 1248 1310 autem
1267 1288 1328 1315 quas
1346 1284 1411 1308 sunt
1429 1279 1634 1307 subsistentiam
1653 1278 1709 1307 sola
1726 1279 1772 1306 1)(ιὶ

979 1327 1106 1355 voluntas
1128 1325 1227 1354 suﬂieit
1249 1326 1347 1360 (virtus
1378 1325 1451 1353 enim
1478 1325 1536 1354 sive
1555 1325 1673 1360 potentia
1706 1325 1764 1359 ipsa

979 1376 1020 1400 est
1034 1371 1181 1404 voluntas),
1197 1374 1322 1399 nostrum
1343 1377 1497 1398 sermonem
1518 1371 1641 1398 oratione
1659 1370 1772 1398 remissa

979 1419 1093 1453 protulit
1112 1417 1274 1445 Eunomius.
1289 1417 1340 1450 Qui
1367 1417 1439 1444 enim
1463 1416 1545 1444 verbo
1565 1424 1621 1444 suae
1643 1416 1771 1451 potentia:

981 1464 1031 1492 fert
1051 1464 1190 1496 universa,
1205 1471 1260 1498 quo
1279 1463 1460 1490 instrumento
1482 1466 1509 1490 et
1528 1469 1581 1497 qua
1597 1461 1712 1490 materia
1731 1462 1773 1488 in-

980 1511 1094 1546 digeret,
1112 1511 1175 1538 dum
1191 1517 1285 1538 eorum
1301 1517 1363 1544 quat
1382 1513 1445 1536 sunt
1469 1508 1677 1536 subsistentiam
1690 1507 1773 1536 verbo

981 1565 1031 1584 suo
1066 1557 1247 1593 omnipotenti
1272 1556 1389 1584 sustinet
1412 1556 1450 1582 οἳ
1493 1555 1571 1589 Quod
1601 1555 1625 1582 si
1649 1554 1720 1590 quod
1747 1555 1774 1582 in

980 1607 1106 1631 creatura
1133 1603 1167 1631 de
1193 1602 1340 1638 Unigenito
1366 1601 1544 1635 credidimus,
1574 1601 1626 1628 hoc
1652 1601 1679 1628 in
1708 1599 1774 1628 Filio

981 1641 1090 1681 astruit,
1112 1649 1185 1676 velut
1209 1648 1294 1675 simili
1325 1647 1405 1674 modo
1433 1648 1521 1682 ipsum
1549 1647 1629 1674 Patre
1659 1651 1770 1674 creante

980 1694 1209 1730 quenadmodum
1226 1701 1239 1721 a
1257 1693 1325 1721 Filio
1350 1697 1475 1721 creatura
1494 1693 1565 1720 facta
1589 1698 1631 1719 est
1647 1701 1653 1718 :
1675 1692 1775 1719 dictum

981 1745 1062 1769 antea
1077 1747 1230 1768 sermonem
1243 1747 1316 1767 nunc
1325 1738 1406 1766 etiam
1422 1745 1519 1766 rursus
1531 1737 1689 1771 repetimus.
1704 1736 1775 1770 quod

981 1786 1114 1822 ejusmodi
1131 1785 1227 1820 opinio
1238 1785 1346 1820 negatio
1363 1788 1405 1811 est
1429 1783 1539 1811 deitatis
1560 1782 1706 1818 l‘nigeniti.
1723 1780 1776 1807 Νυις

981 1834 1053 1861 enim
1076 1832 1284 1860 idololatrarum
1303 1830 1445 1865 proprium
1457 1824 1518 1858 esse
1528 1837 1561 1857 ex
1578 1835 1676 1863 magna
1701 1826 1777 1854 Pauli

981 1886 1048 1906 voce
1060 1878 1218 1908 didicimus,
1236 1877 1326 1904 colere
1349 1881 1376 1903 et
1397 1874 1503 1902 servire
1523 1879 1665 1904 creatura}.
1680 1877 1778 1908 praeter

984 1932 1046 1951 cum
1060 1924 1106 1959 qui
1118 1923 1221 1950 creavit
1241 1921 1279 1954 “;
1297 1925 1324 1949 et
1339 1928 1371 1948 ex
1387 1927 1455 1947 voce
1465 1919 1551 1946 David
1568 1917 1776 1950 dicentis,quml

984 1970 1045 1996 Non
1058 1970 1108 1997 erit
1123 1969 1150 1996 in
1168 1973 1193 1995 te
1218 1968 1287 1995 Deus
1311 1974 1412 1997 recens,
1436 1973 1517 2000 neque
1541 1963 1668 1991 adorabis
1696 1963 1776 1990 Deum

983 2017 1098 2043 alienum
1120 2015 1153 2041 ¹¹.
1179 2013 1235 2041 Hac
1266 2014 1369 2049 regula,
1400 2013 1451 2040 hoc
1474 2018 1609 2047 gnomone
1635 2014 1662 2038 et
1689 2008 1777 2036 indico

984 2063 1086 2090 utimur
1103 2061 1136 2088 ad
1160 2061 1219 2095 ejus
1240 2059 1287 2095 qui
1302 2059 1433 2086 adoratur
1460 2058 1661 2093 cognitionem:
1688 2056 1725 2082 ita
1751 2060 1779 2082 ut

984 2109 1060 2135 nobis
1074 2107 1110 2136 sit
1126 2113 1287 2142 persuasum
1308 2105 1361 2133 hoc
1383 2112 1476 2132 verum
1498 2111 1560 2131 esse
1582 2103 1677 2134 Deum,
1705 2101 1777 2137 quod

985 2160 1072 2188 neque
1087 2160 1181 2180 recens
1193 2155 1246 2184 est,
1257 2158 1345 2185 neque
1360 2149 1479 2176 alienum
1491 2149 1521 2174 ".
1542 2147 1678 2180 Quoniam
1697 2145 1780 2182 igitur

985 2199 1161 2235 Unigenitum
1194 2197 1277 2225 Deum
1310 2203 1371 2223 esse
1401 2195 1513 2222 credere
1545 2192 1633 2220 cdocli
1677 2199 1780 2221 sumus.

984 2244 1090 2272 idcirco
1109 2250 1197 2278 neque
1215 2243 1304 2277 ipsqu
1323 2245 1459 2267 recentem
1478 2247 1539 2266 esse
1556 2245 1644 2271 neque
1658 2237 1777 2263 alienum

984 2287 1156 2316 conﬁtemur.
1171 2286 1235 2321 quia
1249 2285 1388 2312 credimus
1406 2284 1478 2318 quod
1493 2288 1534 2310 est
1550 2283 1636 2309 Deus:
1659 2281 1681 2308 si
1698 2281 1778 2315 igitur

984 2339 1024 2362 ρει
1047 2334 1128 2366 Deus,
1153 2340 1251 2360 τεθριιε
1271 2339 1324 2358 non
1344 2335 1403 2364 est;
1420 2330 1464 2365 qui
1488 2333 1577 2356 autem
1600 2335 1654 2355 non
1675 2331 1717 2354 est
1737 2334 1779 2352 τιξ-

984 2389 1061 2413 eeus,
1076 2380 1188 2408 omnino
1204 2383 1246 2407 est
1261 2382 1379 2406 :elernus
1396 2387 1403 2404 :
1423 2384 1511 2410 neque
1530 2376 1613 2410 igitur
1629 2381 1726 2401 recens
1738 2377 1779 2400 est

984 2428 1029 2460 qui
1050 2432 1178 2458 mternus,
1196 2433 1284 2460 neque
1299 2432 1314 2451 a
1333 2431 1397 2452 vera
1420 2423 1522 2450 deitate
1546 2421 1652 2448 alienus
1677 2419 1722 2454 qni
1746 2426 1776 2444 οι(

986 2473 1064 2500 Patre
1077 2477 1130 2505 est,
1148 2476 1174 2500 et
1206 2472 1249 2508 qui
1261 2472 1287 2498 in
1299 2470 1394 2497 sinibus
1410 2469 1496 2496 Patris
1507 2473 1542 2495 est
1565 2467 1598 2499 ⁸³,
1612 2466 1672 2494 etin
1689 2466 1778 2500 seipse

986 2521 1092 2547 Patrem
1116 2519 1208 2546 habet.
1230 2516 1320 2550 Quare
1341 2515 1386 2549 qui
1410 2513 1508 2541 Filium
1528 2521 1542 2539 ιι
1565 2512 1654 2538 Putris
1681 2514 1778 2537 natura

985 2563 1128 2594 discindit,
1145 2563 1186 2590 vel
1210 2563 1237 2589 in
1251 2561 1408 2588 universum
1426 2558 1613 2586 adorationem
1634 2559 1660 2583 et
1674 2555 1776 2582 cultum

987 2610 1086 2640 abolet,
1100 2618 1133 2636 ne
1149 2609 1233 2635 Deum
1251 2608 1368 2634 alienum
1386 2606 1491 2635 adoret,
1512 2604 1554 2630 vel
1575 2602 1675 2629 idolum
1700 2600 1776 2628 colit.

1305 2726 1315 2740 ’
1339 2724 1418 2751 Hebr.
1446 2732 1463 2755 ι,
1483 2723 1507 2749 3.
1549 2721 1569 2735 '°
1590 2720 1667 2747 Rom.
1685 2730 1700 2750 ι,
1729 2722 1771 2746 2:).

1001 2771 1025 2794 ν,
1051 2763 1074 2789 7.
1115 2763 1134 2777 ’³
1162 2761 1238 2788 Joan.
1260 2769 1278 2791 ι,
1306 2760 1347 2786 18.
