1957 3079
205 114 258 142 503

821 115 850 144 S.
871 115 1034 145 GIKEGURII
1056 118 1201 146 NYSSEM

1787 115 1841 142 5οδ

203 174 404 208 primogenitus
426 175 594 206 nominatur,
624 175 664 202 sic
686 175 756 203 inter
779 183 875 203 omnes
890 177 993 211 princi-

1051 180 1135 211 καθώς
1156 188 1237 214 φησιν
1257 180 1270 204 ό
1293 179 1466 210 Ἀπόστολος,
1485 179 1533 213 τῆς
1558 178 1650 212 καινῆς
1675 178 1703 203 ἐν
1729 175 1841 211 Χριστῷ

205 225 264 252 pem
276 219 365 246 locum
377 219 513 247 obtinens.
530 219 687 255 Postquam'
699 224 789 248 vetera
813 223 904 249 omnia
924 223 992 257 prae-

204 264 354 298 terierunt,
372 265 444 292 sicut
462 265 500 291 ait
520 265 667 300 Apostolus
687 267 721 299 ",
738 274 815 294 novae
840 267 866 294 in
883 267 995 296 Christo

203 310 350 337 creationis
383 310 523 337 hominum
552 312 758 346 promogenitus
788 312 915 345 efﬁcitur,
950 321 996 347 per

203 355 337 390 duplicem
351 357 593 390 regenerationem,
603 361 630 384 et
644 365 691 391 per
708 361 832 384 sanctum
849 358 994 393 baptisma,

203 405 230 428 et
251 409 298 436 per
316 402 545 430 resurrectionem
566 410 582 430 a
598 404 725 436 mortuis,
743 404 798 430 du).
821 408 849 431 et
869 405 996 438 princeps

205 448 266 475 vitae
289 455 338 483 per
358 453 503 483 utramque
528 449 608 476 nobis
633 449 732 480 factus.
759 452 786 476 et
811 448 947 483 primitiae.
970 454 998 476 et

206 493 412 528 pritnogenitus.
427 493 476 521 Hie
488 494 570 528 igitur
580 494 778 528 primogenitus
792 493 891 519 fratres
905 491 995 524 habet,

205 539 239 566 de
254 539 354 574 quibus
379 541 417 567 ait
435 539 469 567 ad
485 539 598 566 Mariam
616 548 622 566 :
639 538 732 575 Perge,
763 544 788 566 et
808 539 851 565 dic
867 538 996 579 [ratrilmr

206 585 268 611 meis
281 593 290 611 :
314 585 384 612 Vada
406 585 440 612 ad
457 585 565 612 Patrem
586 593 670 612 meum
692 590 717 612 et
745 583 851 611 Patrem
872 589 995 615 vestrum,

208 629 289 656 Deum
305 638 388 656 meum
404 636 427 656 et
438 629 523 656 Deum
541 635 655 656 vestrum
676 630 710 656 ".
734 629 781 656 llis
802 629 885 657 dictis
908 633 995 656 totum

205 675 355 702 secundum
381 675 518 703 hominem
544 675 761 710 dispensationis
788 683 902 710 scopum
922 683 997 703 sum-

206 720 300 746 tuatim
325 720 529 755 complectitur.
558 720 688 748 Homines
710 720 783 748 cnim
806 728 820 747 a
845 721 899 748 Deo
920 728 995 748 recc-

208 765 300 794 ietttes
321 767 477 794 servierunt
496 766 529 794 iis
553 767 601 802 qui
622 775 677 794 non
695 771 760 795 sunt
783 773 880 794 natura
906 767 956 798 dii,
972 772 998 795 ct

207 818 267 839 cum
292 815 386 839 essent
415 811 461 839 Dei
490 812 550 844 lilii,
578 812 703 847 improbo
731 817 758 839 et
789 812 848 839 falsi
878 813 997 840 nominis

206 858 277 892 patri
298 857 483 884 adhaeserunt.
505 857 654 890 Quocirca,
673 858 808 885 mediator
831 857 876 885 Dei
897 862 925 885 et
947 857 996 885 ho-
1014 856 1034 882 li

206 902 308 929 mitium
333 902 356 918 "
376 903 466 929 omnis
492 903 618 930 humanae
644 907 750 930 natura:
773 903 907 938 primitias
935 911 997 930 cum

205 948 363 984 assumpsit.
381 957 436 976 non
453 957 487 976 ex
502 949 593 977 divina
608 957 724 984 persona
740 950 789 977 sed
804 957 837 978 ex
854 954 947 977 nostra
964 949 997 976 ad

205 992 305 1022 fratres
320 995 403 1022 mittit
424 995 482 1022 haec
499 1002 549 1023 sua
564 995 676 1027 indicia,
691 995 788 1023 dicens
804 1005 810 1022 ε
831 995 934 1022 Vadam
951 1003 998 1030 per

206 1041 338 1076 tneipsum
390 1041 514 1070 facturus
537 1046 661 1069 vestrum
680 1041 802 1074 Patrem,
830 1050 923 1069 verum
945 1041 998 1068 Pa-

205 1092 274 1116 trem
308 1096 322 1114 a
343 1096 397 1125 quo
413 1089 531 1124 separati
552 1089 638 1116 estis:
660 1092 689 1116 et
711 1088 837 1116 facturus
861 1096 908 1123 per
931 1088 998 1116 mei-

207 1142 283 1170 psum
300 1134 383 1162 Deum
401 1140 520 1162 vestrum
536 1142 630 1162 verum
651 1133 734 1161 Deum
745 1142 760 1161 a
774 1143 828 1169 quo
845 1134 996 1167 defecistis;

207 1187 270 1208 nam
283 1185 393 1215 propter
405 1181 541 1215 primitias
552 1188 620 1215 quas
631 1181 768 1215 assumpsi
781 1189 889 1207 omnem
902 1180 998 1207 huma-

207 1233 270 1254 nam
283 1231 408 1254 naturam
425 1227 458 1253 ad
473 1226 556 1253 Deum
568 1226 676 1253 Patrem
695 1226 720 1252 in
736 1226 839 1262 mcipso
853 1227 997 1254 adducam.

248 1272 316 1299 Cum
343 1271 426 1307 igitur
452 1271 578 1306 primitiae
592 1271 676 1299 Deum
703 1279 785 1298 suum
808 1271 997 1299 fceeriuteum

207 1318 254 1353 qui
281 1317 351 1345 Deus
362 1321 421 1350 est,
440 1322 468 1345 et
482 1317 590 1345 Patrem
606 1325 668 1345 eum
683 1318 729 1352 qui
749 1317 838 1345 bonus
853 1317 931 1345 Pater
945 1323 998 1351 cst,

206 1363 282 1391 omni
311 1368 416 1391 natura:
444 1363 547 1391 bonum
586 1369 692 1390 rectum
725 1363 876 1394 efﬁcitur;
911 1369 938 1391 et
972 1364 1000 1390 lit

208 1408 347 1436 hominum
365 1411 476 1443 propter
504 1408 652 1443 primitias,
667 1408 748 1436 Pater
769 1413 797 1437 et
814 1409 895 1437 Deus.
920 1409 998 1443 Quod

209 1454 371 1489 siprimitia:
392 1458 504 1486 sanctae,
531 1454 630 1488 inquit,
653 1458 680 1482 et
705 1455 866 1490 conspersio
891 1463 998 1488 massae,

208 1500 253 1528 ubi
275 1507 340 1527 vero
364 1501 490 1534 primitiae
514 1500 653 1533 (lhristus,
677 1501 805 1528 Christus
829 1507 919 1529 autent
945 1502 1035 1549 ντί-ο

207 1545 301 1576 milia,
317 1545 373 1572 illic
388 1549 416 1572 et
437 1545 483 1580 qui
507 1549 571 1572 sunt
584 1545 698 1578 Christi,
714 1546 944 1582 quemadmodum
963 1548 1001 1574 ait

207 1591 354 1626 Apostolus
368 1591 401 1618 ’⁸.
425 1590 452 1617 ln
476 1591 578 1626 quibus
602 1591 685 1626 igitur
707 1600 756 1626 per
779 1592 1000 1627 conjngationcm

207 1636 333 1664 meminit
355 1637 546 1672 primogeniti,
576 1641 746 1664 mortuorum
771 1643 798 1665 et
821 1642 954 1665 creaturae
975 1642 1002 1666 et

209 1682 324 1710 fratrum
337 1683 477 1710 mentione
492 1683 574 1715 facta,
593 1683 651 1711 hate
663 1687 691 1711 et
706 1691 766 1718 qua:
780 1687 845 1711 sunt
860 1684 996 1719 ejusmodi

208 1728 361 1763 intelligere
375 1728 517 1764 praecipit;
533 1729 579 1756 ubi
593 1736 659 1756 vero
667 1729 772 1764 absque
786 1730 832 1756 tali
850 1730 1002 1764 adjectione

207 1772 362 1805 dicit,Cum
375 1781 473 1801 rursus
489 1773 627 1802 induxerit
642 1775 853 1810 primogenitum
865 1775 891 1802 in
907 1775 1000 1802 orbem

208 1823 344 1846 terrarum
365 1819 399 1852 ",
425 1820 542 1854 adiectio
566 1820 649 1855 hujus
679 1822 754 1848 vocis
777 1829 872 1848 rurms
894 1821 1002 1856 appari-

209 1864 311 1892 tionem
330 1863 436 1891 Domini
460 1865 651 1892 universorum
673 1873 734 1899 qua:
754 1865 799 1892 fiet
815 1865 841 1892 in
858 1865 919 1895 fine,
935 1873 1003 1900 prte-

209 1911 286 1939 dicit.
315 1910 392 1938 Sicut
408 1910 480 1938 enitn
498 1909 530 1937 In
556 1911 660 1938 nomine
675 1910 740 1938 Jeau
762 1919 827 1946 genu
851 1919 924 1938 eunte
942 1919 1004 1938 cur-

210 1961 297 1989 vatur,
319 1956 474 1988 cadmiam,
496 1957 658 1984 terrestrium
674 1961 698 1983 et
721 1957 949 1984 subterraneorum
962 1958 999 1991 ";

209 2001 360 2037 quinetiam
374 2000 462 2030 Filius
477 2002 627 2029 humanum
646 2009 745 2030 nomen
761 2010 816 2029 non
828 2002 920 2034 habet,
939 2002 1003 2037 quia

211 2049 247 2077 sit
260 2056 342 2083 super
353 2055 435 2076 omne
450 2056 569 2076 nomen:
586 2048 626 2076 sic
644 2048 678 2075 ab
690 2048 762 2075 omni
779 2048 1004 2083 supermundana

211 2098 336 2123 creatura
362 2094 429 2121 dicit
451 2094 662 2129 primogenitum
685 2094 807 2126 adorari,
829 2094 874 2128 qui
893 2097 1004 2128 propter

211 2148 261 2168 nos
276 2141 316 2168 sic
332 2140 488 2167 nominatus
508 2143 570 2171 est;
587 2147 684 2167 rursus
706 2139 734 2166 in
752 2139 846 2166 orbem
869 2143 1002 2166 terrarum

1047 226 1160 256 κτίσεως
1179 226 1232 251 τῶν
1251 224 1401 260 ἀνθρώπων
1422 225 1592 259 πρωτότοκος
1606 223 1719 257 γίνεται,
1730 221 1774 249 διὰ
1790 223 1841 254 τῆς

1045 271 1142 304 διπλῆς
1150 271 1368 305 παλιγγενεσίας,
1377 270 1427 305 τῆς
1438 278 1468 296 τε
1477 270 1547 296 κατὰ
1558 270 1590 296 τὺ
1598 269 1674 302 ἆγιον
1683 268 1839 304 βάπτισμα,

1047 317 1093 342 καὶ
1099 317 1147 351 τῆς
1159 317 1190 342 ὲκ
1200 316 1303 352 νεκρῶν
1311 316 1496 347 ἀναστάσεως.
1506 315 1625 351 ἀρχηγὸς
1634 314 1684 350 τῆς
1694 314 1767 348 ζωῆς
1778 313 1840 340 καθ’

1047 362 1176 397 ἑκάτερον
1190 363 1256 397 ἡμῖν
1264 363 1416 397 γενόμενος,
1427 362 1472 388 καὶ
1478 361 1590 397 ἀπαρχὴ
1599 361 1644 387 καὶ
1655 360 1839 396 πρωτότοκος.

1047 405 1130 439 Οὗτος
1137 406 1184 434 οὖν
1191 409 1205 435 ὁ
1213 408 1382 443 πρωτότοκος
1391 408 1438 434 καὶ
1447 407 1577 442 ἀδελφοὺς
1588 406 1654 441 ἔχει,
1665 414 1699 432 πε
1704 406 1730 441 ρ).
1738 402 1776 431 ὧν
1788 413 1840 439 φη-

1048 463 1073 481 σι
1084 455 1151 490 πρὸς
1160 455 1209 490 τὴν
1215 455 1334 490 Μαρίαν,
1342 455 1382 481 ὂτι
1409 454 1571 488 Πορεύομιιι
1581 453 1655 487 πρὸς
1662 453 1716 479 τὸν
1724 452 1841 485 Πατέρα

1044 509 1103 535 μου
1112 501 1161 527 καὶ
1173 501 1286 535 Πατέρα
1294 501 1437 535 ὑμῶν,καί
1448 501 1522 527 Θεόν
1531 508 1591 534 μου
1601 499 1649 526 καὶ
1660 499 1735 525 Θεὸν
1745 497 1840 532 ὑμῶν.

1048 546 1128 573 Ὀλον
1145 547 1200 583 γὰρ
1214 547 1263 582 τῆς
1278 547 1348 574 κατὰ
1370 547 1514 582 ἄνθρωπον
1528 545 1682 580 οἰκονομίας
1704 545 1842 577 ἀνακεφα-

1047 592 1168 619 λαιοῦται
1184 593 1228 619 τὸν
1239 593 1339 620 σκοπὸν
1353 592 1398 619 διὰ
1408 592 1463 619 τῶν
1473 591 1636 627 εἰρημένων.
1657 589 1842 620 ’Δποπάντες

1047 637 1101 673 γὰρ
1119 638 1166 665 τοῦ
1184 638 1251 666 Θεοῦ
1275 639 1299 665 οἱ
1324 638 1472 674 ἄνθρωποι,
1497 637 1655 664 ὲδούλευσαν
1675 638 1733 668 τοῖς
1760 635 1842 670 φύσει

1049 683 1086 719 μὴ
1097 681 1156 710 οὖσι
1167 683 1237 715 θεοῖς
1247 691 1254 698 ·
1266 684 1322 715 καὶ,
1338 683 1414 714 ὄντες
1423 682 1506 709 τέκνα
1524 681 1603 714 Θεοῦ,
1628 681 1667 717 τῷ
1683 680 1796 715 πονηρῷ
1812 688 1841 706 τε

1047 729 1094 755 καὶ
1105 728 1273 763 ψευδωνύμῳ
1296 728 1379 763 πατρὶ
1402 727 1659 764 προσῳκειώθησαν.
1673 725 1723 753 Διὰ
1737 726 1817 753 τοῦτο
1829 726 1843 749 lt

1049 773 1163 808 μεσίτης
1181 773 1248 800 Θεοῦ
1265 773 1310 799 καὶ
1331 772 1483 807 ἀνθρώπων
1499 773 1589 807 πάσης
1607 772 1654 807 τῆς
1667 771 1842 806 ἀνὺρωπίνης

1048 817 1155 852 φύσεως
1176 817 1226 853 τὴν
1252 818 1378 852 ἀπαρχὴν
1403 817 1556 848 ἀναλαϐὼν,
1580 817 1630 843 οὐκ
1646 817 1677 843 ὲκ
1699 816 1747 843 τοῦ
1768 816 1842 842 θείου

1049 862 1205 897 προσώπου,
1220 862 1275 888 ἀλλ’
1291 863 1324 888 ἐκ
1350 861 1548 898 τοῦ-ἡμετέρου
1569 862 1672 897 πέμπει
1687 863 1743 892 τοῖς
1765 861 1844 888 ἀδελ-ο

1049 909 1107 942 φοίς
1123 907 1219 934 ἑαυτοῦ
1233 907 1266 934 τὰ
1278 907 1424 943 δηλώματα
1439 908 1525 942 λέγων
1535 927 1542 940 ,
1555 907 1595 934 ὅτι
1614 906 1789 942 Πορεύσομαι
1809 905 1842 932 St’

1048 953 1167 989 ἐμαυτοῦ
1178 953 1287 988 ποιῆσαι
1305 953 1380 988 ὑμῶν
1399 952 1523 988 Πατέρα,
1537 953 1582 978 τὸν
1593 952 1719 987 ἀληθινὸν
1732 951 1843 987 Πατέρα

1048 997 1079 1027 οὗ
1094 999 1260 1035 ὲχωρίσθητε
1271 1007 1277 1013 “
1293 999 1339 1025 καὶ
1357 999 1471 1034 ποιῆσαι
1487 999 1519 1025 δι’
1537 998 1654 1034 ἐμαυτοῦ
1667 998 1734 1024 Θεὸν
1750 997 1842 1032 ὑμῶν,

1048 1043 1093 1070 τὸν
1113 1042 1238 1078 ἀληθινὸν
1254 1042 1320 1069 Θεὸν
1343 1041 1373 1070 οὗ
1392 1043 1529 1077 ἀπέστητε
1539 1052 1547 1059 ·
1561 1042 1605 1069 διὰ
1618 1042 1672 1078 γὰρ
1685 1042 1736 1077 τῆς
1751 1043 1844 1076 ἀπαρ-

1049 1090 1101 1126 χῆς
1115 1090 1148 1125 ἢν
1171 1089 1301 1116 ἀνέλαϐον
1317 1090 1449 1125 προσάγω
1474 1090 1546 1116 ἆπαν
1563 1088 1602 1124 τῷ
1618 1088 1678 1124 Θεῷ
1693 1089 1741 1115 καὶ
1756 1089 1845 1124 Πατρὶ

1049 1137 1078 1163 ὲν
1092 1134 1203 1171 ἐμαυτῷ
1219 1135 1250 1163 τὺ
1264 1135 1443 1171 ἀνθρώπινον.

1085 1269 1140 1304 Τῆς
1151 1265 1197 1295 οὖν
1213 1269 1340 1304 ἀωρχῆς
1373 1267 1438 1294 Θεὸν
1466 1268 1565 1304 ἑαυτῆς
1591 1267 1780 1304 ποιησαμένης
1797 1267 1845 1295 τὸν

1049 1314 1114 1340 ὅντα
1140 1313 1217 1346 Θεὸν,
1240 1314 1288 1340 καὶ
1315 1313 1426 1348 Πατέρα
1454 1313 1499 1340 τὸν
1513 1313 1614 1347 ἀγαθὸν
1632 1313 1752 1349 Πατέρα,
1768 1313 1845 1348 πάσῃ

1050 1359 1228 1394 κατορθοῦται
1241 1360 1275 1394 τῇ
1287 1359 1367 1393 φύσει
1379 1359 1409 1385 τὸ
1424 1358 1525 1393 ἀγαθὸν
1534 1379 1542 1391 ,
1556 1359 1604 1386 καὶ
1619 1359 1726 1386 πάντων
1741 1358 1848 1394 ἀνθρώ-

1051 1414 1109 1432 πων
1123 1405 1228 1440 γίνεται
1241 1405 1286 1432 διὰ
1297 1405 1346 1440 τῆς
1361 1405 1488 1440 ἀπαρχῆς
1506 1405 1601 1441 Πατὴρ
1620 1405 1665 1432 καὶ
1677 1405 1753 1436 Θεὸς.
1769 1405 1803 1431 El
1818 1404 1847 1431 δὲ

1050 1452 1068 1487 ἡ
1081 1450 1193 1487 ἀπαρχὴ
1209 1450 1284 1485 ἁγία,
1300 1451 1377 1485 φησὶ,
1399 1451 1446 1477 καὶ
1471 1450 1502 1477 τὸ
1525 1450 1656 1486 φύραμα·
1685 1451 1756 1477 ὅπου
1776 1450 1808 1477 δὲ
1828 1450 1847 1486 ἡ

1050 1497 1161 1532 ἀπαρχὴ
1169 1495 1418 1533 Χριστὸς,Χριστδς
1429 1496 1480 1531 δὲὴ
1494 1496 1617 1532 ἀπαρχὴ,
1626 1497 1683 1522 ἐκεῖ
1703 1497 1750 1523 καὶ
1759 1495 1786 1522 οἱ
1798 1495 1848 1522 τοῦ

1051 1541 1180 1577 Χριστοῦ,
1194 1541 1284 1572 καθώς
1300 1549 1381 1576 φησιν
1395 1542 1409 1567 ὁ
1429 1541 1598 1572 ’Λπόστολος.
1621 1541 1665 1567 Ἑν
1682 1538 1722 1572 οἷς
1737 1538 1786 1569 οὖν
1802 1540 1848 1567 διὰ

1053 1587 1182 1622 συζυγίας
1205 1587 1254 1622 τὴν
1276 1587 1385 1622 μνήμην
1405 1586 1452 1613 τοῦ
1476 1588 1650 1622 πρωτοτόκου
1679 1587 1847 1622 πεποίηται,

1051 1634 1155 1669 νεκρῶν
1174 1642 1203 1660 τε
1229 1633 1276 1660 καὶ⁸
1300 1633 1415 1665 κτίσεως
1436 1634 1483 1660 καὶ
1499 1633 1622 1668 ἀδελφῶν
1643 1634 1846 1669 μνημονεύσας,

1051 1679 1137 1707 ταῦτα
1151 1681 1196 1706 καὶ
1208 1681 1242 1706 τὰ
1253 1679 1365 1707 τοιαῦτα
1380 1681 1449 1707 νοεῖν
1462 1680 1633 1708 ὑποτίθεται.
1644 1681 1730 1707 Ὅπου
1743 1681 1772 1706 δὲ
1786 1681 1847 1716 δίχα

1051 1725 1102 1760 τῆς
1127 1726 1255 1761 τοιαύτης
1277 1727 1435 1762 προσθήκης
1452 1727 1543 1762 φησιν,
1557 1727 1641 1754 Ὅταν
1651 1726 1679 1752 δὲ
1695 1726 1777 1753 πάλιν
1789 1728 1846 1753 εἱσ-

1053 1771 1144 1808 αγάγῃ
1156 1771 1202 1798 τὸν
1219 1773 1392 1807 πρωτότοκον
1411 1774 1450 1805 εἰς
1474 1772 1522 1808 τὴν
1537 1772 1709 1808 οἰκουμένην,
1732 1772 1846 1808 λέγει,ή

1052 1817 1098 1844 τοῦ
1112 1817 1204 1845 πάλιν
1219 1818 1359 1854 προσθήκη
1373 1818 1422 1854 τὴν
1444 1819 1490 1845 ἐπὶ
1504 1819 1576 1845 τέλει
1596 1819 1784 1854 γενησομένην
1800 1819 1847 1845 τοῦ

1052 1864 1186 1890 Δεσπότου
1202 1864 1254 1890 τῶν
1267 1865 1334 1892 ὅλων
1347 1865 1496 1900 ἐμφάνειαν
1520 1863 1706 1901 προαγορεύει.
1733 1865 1778 1895 Ὡς
1793 1864 1848 1900 γὰρ

1059 1909 1110 1936 Ἐν
1122 1909 1162 1942 τῷ
1177 1911 1298 1944 ὀνόματι
1320 1911 1421 1944 Ἰησοῦ
1440 1909 1502 1938 πᾶν
1517 1911 1590 1946 γόνυ
1605 1910 1742 1945 κάμπτει.
1757 1909 1849 1937 ἐπου-

1049 1956 1172 1990 paritur,
1187 1956 1333 1991 ἐπιγείων,
1351 1956 1399 1983 καὶ
1419 1955 1638 1991 καταχθονίωνη
1651 1956 1740 1982 καίτοι
1753 1956 1769 1982 ὁ
1784 1955 1848 1986 Υἱὸς

1053 2001 1084 2029 τὸ
1112 2001 1279 2037 ἀνθρώπινον
1304 2003 1389 2037 ὄνομα
1408 2002 1458 2029 οὐκ
1480 2001 1547 2037 ἔχει,
1563 2001 1602 2037 τῷ
1620 2002 1689 2037 ὑπὲρ
1705 2002 1760 2028 πᾶν
1777 1999 1847 2028 εἶναι

1052 2048 1148 2083 ὄνομα,
1163 2048 1249 2080 οὕτως
1267 2048 1342 2083 παρὰ
1355 2048 1446 2083 πάσης
1460 2049 1510 2082 τῆς
1531 2048 1718 2083 ὑπερκοσμίου
1732 2048 1847 2078 κτίσεως

1054 2095 1266 2129 προσκυνεῖσθαι
1296 2095 1340 2121 τδν
1364 2094 1536 2129 πρωτότοκον
1561 2094 1647 2127 λέγει,
1664 2093 1710 2120 τὸν
1724 2094 1758 2120 δι’
1773 2094 1847 2128 ἡμᾶς

1054 2141 1139 2171 οὕτως
1144 2139 1344 2175 ὠνομασμένον·
1361 2140 1441 2166 πάλιν
1449 2140 1541 2174 εἰςτὴν
1547 2139 1709 2175 οἰκουμένην
1717 2140 1847 2168 εἰσιόντα.

212 2185 419 2221 ingredientem,
433 2192 495 2212 cum
506 2184 640 2219 iudicabit
650 2185 743 2211 orbem
757 2190 836 2212 terra:
848 2185 874 2211 in
885 2184 999 2219 iustitiaI

1055 2187 1118 2213 ὃταν
1136 2186 1215 2221 κρίνῃ
1230 2186 1278 2220 τὴν
1292 2186 1456 2221 οἰκουμένην
1471 2187 1498 2212 ὲν
1517 2185 1672 2220 δικαιοσύνῃ
1696 2185 1744 2212 καὶ
1767 2185 1846 2216 λαοὺς

211 2236 239 2260 ct
253 2232 368 2267 populos
390 2232 417 2258 in
438 2230 603 2257 rectitudine
621 2230 654 2257 ".
671 2229 716 2256 Sic
733 2237 766 2256 ex
787 2230 869 2257 verbo
896 2231 1002 2265 pictatis

211 2278 380 2314 discernitur
394 2284 426 2304 ac
447 2276 614 2310 dijudicatur
628 2275 700 2310 quod
715 2275 886 2310 primogeniti
900 2281 926 2303 et
943 2277 1003 2303 uni-

211 2324 295 2359 geniti
311 2324 421 2351 nomine
435 2321 615 2357 significatur,
639 2321 780 2355 utriusque
800 2322 918 2348 nominis
933 2322 1003 2349 inter

212 2379 244 2399 se
264 2374 373 2397 servata
397 2368 611 2403 significatione.
639 2366 691 2400 Qui
717 2372 806 2394 autent
830 2368 1003 2403 primogeniti

212 2421 311 2442 nomen
335 2413 368 2440 ad
394 2420 453 2440 eam
470 2412 657 2440 exsisteutiam
679 2420 739 2446 quae
759 2417 801 2439 est
822 2417 886 2439 ante
903 2413 1001 2440 saecula

212 2459 329 2490 reducit,
355 2458 493 2492 quomodo
514 2457 646 2492 unigeniti
668 2458 806 2484 notionem
826 2458 918 2485 animo
938 2465 1002 2493 per-

212 2508 316 2540 ceptam
340 2503 504 2531 conscrvat?
525 2504 641 2531 Auditor
670 2503 828 2539 intelligens
849 2503 1003 2532 consideret

212 2555 247 2574 an
256 2548 313 2575 haec
326 2548 395 2574 inter
407 2555 436 2574 se
449 2552 611 2582 congruant,
626 2555 687 2574 cum
703 2555 792 2582 neque
807 2547 1002 2581 primogenitus

213 2594 273 2622 sine
297 2594 426 2621 fratribus
446 2593 628 2628 intelligatur,
653 2601 742 2627 neque
769 2593 925 2627 unigcnitns
940 2602 1001 2620 cum

213 2640 354 2668 fratribus.
381 2639 448 2667 Cum
486 2640 558 2667 enim
595 2638 684 2670 dixit,
721 2638 752 2664 In
784 2639 910 2672 principia
945 2645 1003 2666 erat

219 2684 330 2712 Verbum
343 2687 375 2716 ”,
391 2693 439 2721 per
452 2685 504 2712 hoc
521 2684 696 2719 Unigenitum
719 2685 911 2711 intelleximus.
932 2686 998 2711 Cum

213 2739 280 2760 vero
294 2731 434 2767 subjuugit
448 2739 455 2757 :
477 2730 511 2758 Et
532 2731 641 2758 Verbum
661 2738 723 2756 caro
743 2730 843 2764 factum
858 2735 896 2757 est
907 2731 939 2763 ³⁸,
954 2739 1001 2765 per

249 2787 307 2814 “ll
333 2788 396 2816 Cor.
415 2795 441 2819 ν,
466 2787 510 2814 l1.
547 2786 569 2802 "
587 2786 666 2813 Joan.
686 2795 731 2819 xx,
747 2787 788 2814 l7.
828 2787 851 2804 ³⁸
868 2787 875 2813 l
898 2788 966 2815 Tim.
986 2797 1003 2816 ll

217 2821 240 2838 "
260 2822 332 2851 Psal.
360 2831 398 2855 Ix,
415 2822 458 2850 ll.
495 2823 517 2838 ³·
535 2821 615 2849 Joan.
632 2830 651 2855 I,
679 2823 701 2849 t.
740 2823 762 2838 ³ο
783 2823 836 2850 ibid
872 2825 912 2852 ti.

1055 2232 1084 2258 ἐν
1097 2231 1234 2267 εὑϐύτητι,
1248 2230 1342 2263 Οὕτως
1362 2231 1528 2266 διακρίνεται
1549 2230 1625 2265 παρὰ
1640 2229 1687 2257 τοῦ
1702 2230 1782 2264 λόγου
1799 2230 1845 2265 τῆς

1056 2277 1206 2307 εὑσεὸείας,
1218 2277 1247 2302 τό
1263 2285 1292 2302 τε
1307 2276 1354 2302 τοῦ
1377 2277 1550 2311 πρωτοτόκου
1562 2276 1608 2302 καὶ
1622 2276 1652 2302 τὸ
1663 2275 1710 2302 τοῦ
1734 2283 1846 2310 μονογε-

1055 2322 1116 2354 νοῦς
1130 2323 1336 2357 σημαινόμενον,
1348 2322 1469 2358 ἑκατέρῳ
1477 2322 1530 2348 τῶν
1540 2322 1678 2357 ὀνομάτων
1686 2321 1736 2355 τῆς
1747 2321 1848 2348 καταλ-

1055 2368 1135 2403 λήλου
1163 2368 1299 2402 σημασίας
1320 2368 1532 2403 φυλαττομένης.
1556 2367 1584 2393 ’0
1599 2367 1626 2393 δὲ
1644 2367 1685 2398 εἰς
1707 2366 1758 2401 τὴν
1779 2375 1846 2401 προ-

1055 2412 1164 2440 αιώνιον
1187 2413 1302 2448 ὓπαρξιν
1325 2413 1433 2448 ἀνάγων
1449 2414 1495 2440 τοῦ
1511 2412 1683 2448 πρωτοτόκου
1699 2412 1729 2438 τὸ
1749 2411 1844 2445 ὄνομα,

1055 2459 1113 2490 πῶς
1126 2459 1250 2490 διασώζει
1264 2459 1312 2494 τὴν
1323 2459 1369 2485 τοῦ
1385 2459 1544 2495 μονογενοῦς
1559 2459 1674 2491 ἕννοιανς
1691 2459 1719 2484 '0
1736 2458 1845 2488 συνετὸς

1054 2504 1189 2540 ἀκροατὴς
1206 2505 1407 2538 ἑπισκεψάσοω,
1420 2506 1443 2531 εἰ
1458 2504 1600 2540 συμϐαίνει
1612 2504 1697 2530 ταῦτα
1717 2504 1782 2539 πρὸς
1799 2503 1843 2529 ἂ).-

1054 2551 1121 2586 ληλα
1136 2572 1142 2583 ,
1162 2552 1229 2586 μήτε
1244 2551 1290 2578 τοῦ
1304 2551 1475 2586 πρωτοτόκου
1497 2551 1579 2586 χωρὶς
1595 2550 1715 2584 ἀδελφῶν
1734 2549 1832 2583 νοουμέ

1055 2606 1111 2627 νου,
1128 2598 1196 2632 μήτε
1211 2597 1257 2622 τοῦ
1275 2597 1434 2632 μονογενοῦς
1455 2597 1523 2631 μετᾶ
1538 2596 1672 2630 ἁδελᾳιῖω.
1695 2597 1781 2622 ’Ὁταν
1799 2596 1845 2629 μὲν

1056 2642 1110 2677 γὰρ
1119 2644 1182 2678 εἴπῃ
1196 2643 1235 2669 ὃτι
1245 2643 1292 2668 Ὶζν
1300 2642 1378 2676 ἀρχῇ
1389 2640 1427 2676 ἢν
1439 2644 1454 2669 ὁ
1466 2643 1568 2676 Λόγος,
1578 2642 1621 2668 διὰ
1631 2641 1727 2668 τούτου
1736 2641 1782 2667 τον
1791 2641 1843 2668 Μοι

1054 2689 1148 2722 νογενῆ
1165 2689 1324 2723 ἐνοήσαμεν.
1335 2689 1418 2714 Ὅταν
1433 2688 1459 2714 δὲ
1472 2688 1562 2724 ἐπάγῃ
1577 2688 1651 2714 ὅτιὈ
1664 2688 1758 2721 Λόγος
1769 2685 1844 2719 σὰρξ

1053 2734 1181 2769 ἐγένετο,
1195 2733 1239 2759 διὰ
1255 2734 1350 2760 τούτου
1363 2734 1408 2760 τὸν
1422 2734 1594 2769 Πρωτότοκον
1609 2735 1642 2768 τῇ
1655 2733 1760 2769 διανοῖᾳ
1775 2739 1843 2766 παρ-

1008 2811 1014 2823 ,
1028 2791 1053 2817 5.
1093 2791 1115 2807 ³⁸
1138 2789 1216 2818 “om.
1235 2798 1273 2823 ιι,
1292 2790 1332 2817 l6.
1372 2791 1395 2805 ‘°
1410 2789 1475 2818 llcb.
1494 2799 1512 2822 ι,
1527 2790 1553 2817 6.
1593 2791 1613 2806 ’⁷
1635 2789 1733 2824 Philip.
1754 2798 1783 2822 ll,
1804 2788 1843 2817 l0.
