1957 3079
103 85 149 112 ίίυ5

105 144 247 180 ἐδεξάμεθα.
265 143 318 170 Καὶ
331 143 416 174 οὕτως
427 142 579 177 ἀσύγχυτος
592 140 721 184 μένειτῆς
737 138 876 170 εὐσεϐείας
892 142 912 168 Α

104 194 115 218 ὸ
128 191 208 224 λῦγος,
223 188 364 223 φυλάσσων
376 186 498 222 ἐκατέρῳ
508 186 561 212 τῶν
573 185 712 220 ὀνομάτων
727 184 774 215 τὰς
788 191 870 218 προσ-

105 237 172 272 φυεῖς
183 233 326 270 σημασίας,
344 233 381 264 ὡς
398 233 426 258 ἐν
447 232 496 267 μὲν
509 230 547 266 τῷ
573 231 708 266 μονογενεϊ
724 230 830 264 βλέπειν
843 227 873 254 τὸ

106 281 264 319 πρωιώνιον,
283 279 327 305 διὰ
340 279 368 305 δὲ
375 277 421 304 τοῦ
436 276 608 313 πρωτοτόκου
623 276 671 311 τῆς
685 275 809 306 κτίσεως,
824 274 873 310 τὴν

105 327 141 355 διὰ
155 325 248 362 σαρκδς
265 324 312 351 τοῦ
331 324 493 359 προαιωνίου
508 322 669 358 φανέρωσιν.

134 413 211 440 Πάλιν
231 413 258 439 δὲ
272 411 318 438 τοῦ
340 412 470 447 Εὐνομίου
493 412 537 438 τὸν
558 411 635 445 λόγον
654 409 797 443 ὲπιλέξεως
811 410 875 436 ἀνα-

103 460 226 494 λάΰωμεν.
243 458 426 492 Πιστεύομεν
437 457 486 484 καί
503 458 545 490 εἰς
570 456 623 483 τὸν
638 455 712 483 Θεοῦ
732 456 809 487 nor,
828 455 877 481 τὸν

101 504 238 542 μονογενῆ
265 503 339 531 Θεὸν
352 523 358 534 ,
389 502 443 530 τὸν
472 503 658 536 πρωτότοκον
685 501 786 534 πάσης
817 500 874 526 κτί-

104 560 181 584 σεως,
205 550 272 578 Υίὸν
298 549 452 583 ἀληθινὸν,
482 549 537 575 οὐκ
559 547 740 582 ἀγέννητον,
760 545 878 579 ἀληθῶς

104 595 273 632 γεννηθέντα
292 595 348 630 πρὸ
362 595 486 622 αἰώνων.
503 595 562 621 Ὅτι
578 593 628 628 μὲν
643 591 689 619 οὖν
706 592 817 628 μετάγει
831 592 879 626 τὴν

103 644 145 679 τῆς
158 642 302 677 γεννήσεως
320 641 437 676 ἔμφασιν
457 641 497 672 εἰς
511 640 542 666 τὸ
555 640 603 675 τῆς
621 638 734 669 κτίσεως
748 637 878 673 σημαινό-

106 697 185 724 μενον,
203 687 282 722 δῆλόν
303 687 385 718 ἐστιν,
407 687 436 719 ἐξ
457 683 494 713 ὧν
515 685 662 721 διαρῤήδην
678 683 785 711 κτιστὺν
802 681 880 709 αὐτον

105 733 306 769 προσηγόρευσε,
321 732 463 767 γενόμενον
479 730 561 757 εἰπὼν
577 730 656 758 αὑτὸν
677 729 723 756 καὶ
742 729 791 755 οὑκ
803 729 880 755 ἄκτι-

106 788 168 805 στον.
185 779 279 813 Ἡμεῖς
291 777 329 808 δὲ,
347 777 384 809 ὡς
400 777 432 803 ἂν
453 777 569 812 μάλιστα
581 776 611 802 τὸ
624 775 820 806 ἀνεπίσκεπτον
835 774 882 800 αὑ-

103 825 144 852 τοῦ
164 825 207 851 καὶ
231 824 391 850 ἀπαίδευτον
415 825 444 849 ὲν
466 825 522 854 τοῖς
550 823 665 858 δόγμασι
695 821 879 856 φανερωθείη,

105 871 210 905 ἀφέντες
221 869 251 896 ’τὺ
267 869 433 904 σχετλιάζειν
448 869 493 895 ἐπὶ
511 868 549 903 τῷ
561 867 685 904 προδήλῳ
695 868 743 903 τῆς
761 867 880 902 βλασφη-

106 917 169 952 μίας,
192 917 300 951 τεχνικῇ
321 924 373 942 τινι
396 915 525 950 διαιρέσει
541 914 586 940 τὸν
605 914 669 948 περὶ
688 913 781 940 τούτου
804 913 881 946 λόγον

103 962 294 998 διαληψώμεθα.
317 963 395 989 Δοκεῖ
410 962 462 997 γάρ
484 970 529 997 μοι
550 960 639 992 καλῶς
662 960 741 994 ἔχειν,
767 960 832 986 αὑτὸ
852 959 883 985 τὺ

104 1008 148 1043 τῆς
168 1007 318 1042 γεννήσεως
342 1006 539 1041 σημαινόμενον
561 1005 595 1032 δι’
616 1004 826 1039 ἐπιμελεστέρας
839 1004 883 1036 ἐξ·

104 1055 212 1085 ετάσεως
237 1052 420 1087 ὃιασκοπῆσαι
438 1053 477 1087 τῷ
495 1052 574 1087 λόγῳ.
592 1053 653 1078 Ὅτι
676 1051 725 1086 μὲν
744 1049 790 1077 οὖν
806 1050 836 1077 τὸ
854 1050 883 1083 ἐξ

105 1100 185 1131 αἰτίας
203 1097 272 1126 εἷναί
287 1108 359 1131 τινος
379 1099 409 1125 τὸ
427 1098 512 1134 ὄνομα
531 1097 610 1124 τοῦτο
629 1097 787 1133 παρίστησι,
804 1095 884 1122 παντὶ

104 1146 174 1181 δῆλᾴν
190 1146 256 1176 ἐστι,
277 1145 323 1172 καὶ
337 1144 412 1171 οὐδὲν
427 1142 504 1180 οἶμαι
522 1144 585 1179 περὶ
606 1143 700 1170 τούτου
714 1143 810 1178 χρῆναι
825 1142 883 1168 δια-

105 1191 276 1223 γωνίζεσθαιο
300 1190 356 1217 ἀλλ’
385 1190 476 1224 ἐπειδὴ
502 1189 629 1225 διάφορος
655 1189 709 1215 τῶν
741 1189 770 1220 ἐξ
796 1188 884 1219 αἰτίας

105 1236 258 1271 ὑφεστώτων
284 1236 297 1262 ὁ
311 1235 390 1270 λόγος
413 1236 480 1267 ἐστὶ,
505 1235 575 1262 τοῦτ’
588 1233 663 1270 οἶμαι
681 1235 827 1269 προσήκειν
841 1233 885 1260 διά

104 1291 168 1314 τινος
189 1283 318 1318 τεχνικῆς
341 1282 497 1317 διαιρέσεως
521 1281 717 1316 σαφηνισϐἦναι
740 1280 778 1315 τῷ
802 1279 883 1314 λόγῳ.

105 1329 159 1355 Τῶν
172 1329 262 1355 τοίνυν
277 1329 308 1354 ἔκ
321 1337 393 1360 τινος
413 1329 501 1360 αἰτίας
513 1327 703 1362 γεγενημένων
719 1326 818 1357 ταύτας
837 1325 885 1356 τὰς

105 1374 225 1410 διαφορὰς
246 1373 465 1408 κατειλήφαμεν·
486 1373 526 1400 Τὰ
542 1373 591 1408 μὲν
615 1373 668 1407 γὰρ
692 1371 722 1404 ἐξ
743 1371 808 1406 ὕλης
829 1371 886 1398 ἐστὶ

106 1420 147 1446 καὶ
163 1419 268 1454 τέχνης,
284 1419 323 1451 ὡς
344 1419 372 1446 αί
390 1419 443 1445 τῶν
464 1418 687 1454 οἰκοδομημάτων
703 1418 749 1444 καὶ
762 1417 816 1444 τῶν
832 1418 886 1443 λοι-

106 1465 158 1491 πῶν
178 1465 264 1500 ἔργων
286 1464 465 1493 κατασκευαὶ.
483 1464 526 1490 διὰ
549 1464 598 1499 τῆς
621 1464 680 1489 κατ’
695 1463 806 1498 ἀλλήλου
822 1462 887 1496 ὕλης
901 1474 921 1501 C

106 1510 255 1545 γινόμεναι,
271 1507 310 1537 ὧν
331 1510 489 1545 καθηγεῖταί
509 1518 551 1541 τις
567 1509 646 1544 τέχνη
665 1509 732 1544 προς
754 1509 800 1534 τὸν
821 1508 885 1534 ἴδιον

107 1556 199 1582 σκοπὸν
210 1556 240 1582 τὺ
255 1555 385 1591 προτεθὲν
410 1555 645 1590 συμπεραίνουσα-
663 1553 697 1579 τὰ
717 1554 754 1583 δὲ,
771 1552 799 1585 ἐξ
822 1552 887 1586 ὕλης

107 1600 149 1627 καὶ
170 1599 285 1635 φύσεως.
312 1599 368 1631 Τὰς
393 1599 448 1633 γὰρ
471 1598 499 1630 ἐξ
526 1598 647 1633 ἀλλήλων
670 1598 809 1633 γεννήσεις
833 1597 887 1622 τῶν

107 1645 177 1677 ζώων
202 1646 219 1680 ἠ
241 1644 323 1679 φύσις
341 1644 486 1679 οἰκοδομεῖ,
509 1643 552 1670 διὰ
570 1643 619 1677 τῆς
636 1644 664 1668 ἐν
685 1644 740 1674 τοῖς
765 1641 887 1676 σώμασιν

107 1690 193 1725 ὑλικῆς
207 1690 381 1721 ὑποστάσεως
404 1689 434 1715 τὸ
456 1689 555 1723 ἑαυτῆς
575 1683 795 1723 ὲνεργοῦσα.’Τὰ
817 1687 844 1714 δὲ
859 1687 887 1719 ὲξ

107 1736 194 1770 ὑλικῆς
208 1735 367 1771 ἀπορροίας,
381 1735 423 1768 ἐφ’
437 1731 473 1760 ὧν
487 1735 533 1761 καὶ
552 1734 582 1760 τὸ
595 1733 798 1769 προηγούμενον
814 1733 887 1767 μένει

106 1779 156 1808 οἷόν
167 1783 254 1814 ἐστιν,
272 1781 319 1808 καὶ
344 1781 373 1806 τὸ
393 1781 440 1807 ἀπ’
462 1780 565 1807 ἐκείνου
584 1780 642 1815 ῥέον
659 1780 701 1814 ἐφ’
714 1778 809 1806 ἑαυτοῦ
823 1778 888 1804 καθ-

107 1828 206 1863 ορᾶται,
220 1827 259 1859 ὡς
273 1826 321 1854 ἐπὶ
337 1826 382 1853 τοῦ
399 1826 474 1862 ἡλίου
491 1826 537 1853 καὶ
551 1826 602 1860 τῆς
614 1825 732 1857 ἀκτῖνος,
750 1825 765 1860 ἢ
781 1825 827 1850 ἐπὶ
840 1824 888 1858 τῆς

108 1872 240 1907 λαμπάδος
261 1872 310 1898 καὶ
333 1870 382 1906 τῆς
405 1870 511 1905 αὐγῆς,
537 1870 583 1896 ἐπὶ
609 1869 663 1896 τῶν
684 1869 836 1904 ἀρωμάτων
859 1876 889 1894 τε

108 1917 150 1943 καὶ
162 1917 214 1943 τῶν
234 1915 339 1952 μύρων,
355 1915 402 1941 καὶ
427 1915 477 1949 τῆς
501 1914 604 1941 ἐκεῖθεν
620 1913 792 1948 ἐκδιδομένης
816 1912 890 1938 ποιό-

108 1969 189 1996 τητος.
216 1960 310 1987 Ταῦτα
337 1960 392 1995 γὰρ
419 1960 462 1994 ἐφ’
485 1959 587 1986 ἑαυτῶν
613 1959 736 1993 ἁμείωτα
764 1958 887 1992 μένοντα,

108 2007 181 2038 εὐθὺς
200 2006 256 2042 ἔχει
272 2005 557 2041 συμπαρομαρτοῶαν
579 2004 697 2039 ἑκάστην
712 2004 761 2039 τὴν
779 2004 827 2030 ἀπ’
842 2003 890 2029 αὑ-

107 2052 156 2078 τῶν
169 2051 342 2086 ὲκδιδομὲνην
355 2051 471 2085 φυσικὴν
495 2051 627 2085 ἰδιότητα·
645 2047 699 2076 οἷον
716 2050 730 2075 ὁ
752 2049 799 2084 μὲν
815 2049 890 2083 ἥλιος

107 2097 151 2132 τὴν
163 2097 271 2128 ἀκτῖνα,
289 2097 306 2131 ὴ
324 2096 352 2123 δὲ
363 2095 472 2131 λαμπὰς
489 2095 537 2131 τὴν
550 2095 647 2131 αὐγὴν,
663 2094 696 2121 τὰ
715 2095 742 2121 δὲ
757 2095 889 2130 ἀρώματα

109 2142 152 2176 τὴν
161 2142 199 2177 τῷ
210 2142 271 2177 ἀέρι
281 2141 470 2176 ὲντικτομὲνην
483 2140 511 2174 ἐξ
524 2140 612 2167 αὑτῶν
623 2140 746 2166 εὐωδίαν.
756 2140 830 2166 Ἐστι
842 2141 888 2166 καὶ
904 2143 927 2172 1)

108 2187 194 2222 ἕτερον
208 2185 277 2219 εἶδος
292 2188 366 2222 παρὰ
384 2186 469 2213 ταῦτα
484 2187 648 2221 γεννήσεως·
666 2182 695 2211 οὗ
711 2186 727 2220 ἡ
752 2185 800 2220 μὲν
818 2186 890 2212 αἰτία

108 2232 182 2264 ᾶῡλός
197 2233 256 2259 ἐστι
276 2232 323 2259 καὶ
343 2232 496 2267 ἀσώματος,
512 2233 528 2267 ἠ
544 2231 572 2258 δὲ
592 2232 716 2266 γέννησις
735 2231 847 2266 αἰσθητή
861 2240 891 2257 τε

109 2278 151 2305 καὶ
164 2278 206 2305 διὰ
222 2278 371 2313 σωμάτων·
389 2278 460 2312 λέγω
473 2277 501 2303 δὲ
516 2277 560 2303 τὸν
581 2278 613 2303 ὲκ
633 2277 680 2303 τοῦ
698 2277 744 2303 νοῦ
755 2276 891 2312 γεννώμε-

109 2333 150 2350 νον
168 2323 258 2358 λόγον.
281 2323 436 2358 Ἀσώματος
458 2323 511 2358 γὰρ
536 2322 572 2348 ὣν
596 2321 654 2349 καθ’
673 2323 767 2348 ἑαυτὸν
787 2323 802 2348 ὁ
831 2322 892 2353 νοῦς
910 2333 914 2336 -

109 2369 149 2395 διὰ
164 2369 217 2395 τῶν
232 2367 369 2403 αἰσθητῶν
392 2368 514 2403 ὀργάνων
538 2367 622 2394 τίκτει
646 2368 691 2394 τὸν
716 2368 802 2400 λόγον.
827 2368 893 2393 Τοσ-

109 2415 189 2446 αύτας
206 2415 359 2449 γεννήσεων
373 2413 502 2449 διαφορὰς
514 2412 568 2440 οἷον
590 2415 617 2440 ἐν
632 2415 744 2449 γεννητῇ
759 2422 811 2439 τινι
827 2414 892 2440 θεω-

111 2460 154 2496 ρίᾳ
168 2462 384 2496 κατενοήσαμεν.

898 809 918 836 Β

665 81 804 109 CONTRA
819 79 1011 112 EUNOllliIIM,
1029 80 1092 107 Llll.
1107 81 1139 107 ll.

1662 74 1713 102 506

929 138 979 164 hoc
991 138 1195 172 l‘rimogenitum
1207 142 1294 164 mente
1302 143 1325 164 et
1337 135 1516 171 intelligentia
1528 138 1711 170 concepimus.

923 182 956 209 Et
979 184 1018 209 sic
1045 182 1204 211 inconfusus
1228 188 1319 209 manet
1345 183 1455 217 pietatis
1476 189 1578 214 sermo,
1607 182 1714 216 utrique

924 226 1026 253 nomini
1043 225 1157 253 adnatas
1178 231 1205 253 et
1220 226 1390 253 adhmrcntes
1409 226 1624 260 signiﬁcationes
1647 234 1714 252 cun-

924 279 1048 304 servans,
1059 271 1153 306 sicque
1166 272 1192 298 in
1209 272 1346 306 unigenilo
1361 272 1387 298 id
1398 272 1469 306 quod
1481 278 1523 299 est
1532 276 1593 298 ante
1602 271 1713 302 saecula,

926 325 974 352 per
983 316 1192 352 primogenitum
1218 325 1282 344 vero
1293 318 1450 346 Cl’t'nllOlllS.
1469 326 1516 352 per
1532 325 1642 344 carnem
1654 317 1714 351 ejus

925 363 971 398 qui
988 367 1029 390 est
1049 368 1112 390 ante
1130 363 1229 390 saecula
1250 362 1495 390 manifestationem
1512 365 1660 390 intuemur.

964 408 1015 436 Sed
1046 409 1171 436 Eunomii
1190 408 1222 435 ad
1239 408 1349 435 verbum
1362 409 1511 435 orationem
1535 414 1691 444 repetamus
1706 417 1713 435 ε

929 455 1077 486 Credimus,
1098 455 1196 489 inquit.
1217 456 1243 481 in
1256 455 1303 481 Dei
1318 454 1428 487 Filium,
1444 455 1605 489 unigenitum
1619 453 1714 486 Deum.

927 502 1128 537 primogenitum
1155 503 1240 528 onmis
1263 507 1401 533 creatum,
1421 500 1519 527 Filium
1551 509 1637 528 verum
1663 509 1714 527 non

929 548 1084 583 ingenitum,
1100 555 1157 574 vere
1180 552 1240 574 ante
1260 547 1359 574 swcula
1377 547 1504 581 genitum.
1535 546 1613 579 Quod
1635 546 1716 580 igitur

929 594 1114 630 generationis
1130 593 1355 629 signiﬁcationem
1380 593 1413 620 ad
1438 593 1588 620 creationis
1609 592 1715 627 signiﬁ-

931 644 1022 667 catum
1048 640 1178 671 adducat,
1208 640 1382 674 perspicuum
1409 643 1451 666 est
1476 646 1508 666 ex
1538 639 1591 667 his.
1616 639 1714 673 quibus

932 691 1024 721 aperte
1044 691 1070 713 et
1092 685 1237 713 manifesto
1257 686 1344 720 ipsmn
1364 690 1484 712 creatura
1505 685 1660 719 appellavit,
1679 684 1714 710 fa-

933 737 1006 759 ctum
1019 733 1107 768 ipsum
1120 740 1181 759 cum
1195 732 1273 764 dixit,
1285 735 1311 759 et
1323 739 1376 758 non
1389 732 1548 758 increatum.
1561 730 1615 758 Nos
1627 735 1715 758 autem

934 784 963 805 ut
980 779 1124 806 temeraria
1140 783 1167 806 et
1179 778 1381 805 inconsiderata
1398 777 1483 812 ipsius
1505 777 1613 804 insritia
1633 779 1715 810 atque

933 825 1083 860 ignorantia
1102 825 1128 851 in
1146 825 1203 852 suis
1221 824 1313 859 pravis
1330 823 1508 859 opinionibus
1528 823 1718 850 manifestctur

932 870 1029 905 magis,
1043 871 1152 898 omissis
1165 870 1398 905 deplorationibus
1415 874 1495 904 atque
1510 869 1616 896 dolendi
1633 869 1717 896 ratio-

935 916 1027 947 nibus,
1043 919 1153 951 propter
1171 916 1344 943 manil'estam
1357 920 1383 942 et
1396 916 1523 942 omnibus
1540 920 1630 941 notam
1645 915 1715 942 blas-

933 963 1068 997 phemiam
1096 963 1154 989 sive
1173 962 1334 996 sacrilegam
1359 962 1542 996 impietatem,
1568 961 1716 988 artiﬁciosa

933 1009 1050 1043 quadam
1075 1008 1252 1035 dislinctione
1273 1009 1306 1035 de
1326 1016 1358 1035 eo
1379 1008 1530 1035 orationem
1554 1007 1715 1034 dividamus.

933 1055 987 1082 Res
1014 1055 1086 1082 enim
1111 1055 1178 1081 mihi
1202 1054 1310 1081 videtur
1332 1055 1461 1089 prmclare
1487 1054 1595 1084 habere.
1615 1055 1636 1080 si
1661 1054 1719 1080 dili-

934 1101 1056 1135 gentiore
1068 1100 1192 1127 examine
1205 1100 1388 1135 generationis
1402 1099 1582 1134 signiﬁcatum
1596 1099 1718 1126 or.-tione

935 1146 1144 1180 perspiciamus.
1171 1145 1248 1178 Quod
1271 1146 1353 1181 igitur
1369 1153 1400 1172 ex
1424 1153 1505 1172 causa
1536 1153 1597 1171 esse
1617 1145 1718 1179 aliqua,

935 1191 987 1218 hoc
1004 1192 1092 1226 ipsum
1111 1198 1209 1218 nomen
1225 1191 1359 1225 designat.
1376 1191 1462 1218 cuivis
1478 1191 1567 1225 perspi
1587 1199 1650 1217 num
1666 1195 1717 1221 est,

936 1243 1024 1269 neque
1049 1239 1114 1270 pnto
1130 1235 1163 1262 de
1184 1243 1216 1262 eo
1230 1235 1422 1263 decertandum
1439 1244 1509 1263 esse.
1522 1236 1573 1263 Sed
1591 1237 1718 1271 quoniam

936 1289 1028 1308 eorum
1047 1288 1106 1314 qua!
1130 1288 1161 1307 ex
1178 1288 1262 1307 causa
1276 1281 1432 1308 subsistunt
1447 1281 1554 1307 diversa
1574 1285 1615 1308 est
1639 1282 1719 1311 ratio.

937 1327 988 1354 hoc
1013 1327 1131 1353 arbitror
1157 1327 1303 1354 artiﬁciosa
1324 1327 1440 1361 quadam
1465 1327 1598 1354 divisione
1620 1335 1717 1354 conve~

936 1373 995 1399 nire
1016 1372 1172 1399 dilucidari.
1201 1372 1299 1399 Eorum
1318 1373 1399 1407 igitur
1415 1380 1476 1407 quae
1494 1381 1525 1399 ex
1553 1381 1634 1399 causa
1656 1377 1719 1399 sunt

937 1417 1027 1452 aliqua
1043 1421 1146 1449 exorta,
1164 1417 1213 1444 has
1225 1417 1395 1444 diﬁ'erentias
1411 1418 1564 1452 accepimus
1575 1427 1582 1444 ι
1593 1418 1720 1451 Quaedam

938 1470 970 1490 ex
999 1463 1113 1490 materia
1142 1467 1165 1490 el
1193 1468 1251 1490 arte
1275 1467 1413 1496 constant,
1442 1471 1468 1490 llt
1491 1464 1666 1491 aediﬁciorum
1695 1469 1721 1490 ct

937 1508 1105 1542 reliquorum
1120 1516 1229 1542 operum
1251 1509 1459 1540 exstructiones,
1479 1516 1538 1543 qua:
1554 1517 1586 1536 ex
1610 1510 1720 1536 materia

937 1553 1009 1580 inter
1029 1561 1059 1581 se
1081 1553 1230 1588 conjuncta
1254 1554 1331 1585 ﬁunt,
1353 1554 1454 1588 quibus
1482 1562 1526 1581 ars
1551 1555 1639 1588 aliqua
1666 1562 1722 1580 ma-

937 1601 1019 1634 gistra
1042 1604 1148 1634 praeest,
1169 1600 1201 1625 ad
1227 1600 1367 1634 proprium
1387 1607 1499 1634 scopum
1525 1599 1551 1626 id
1569 1599 1640 1634 quod
1661 1607 1722 1633 pro-

937 1646 1053 1680 positum
1078 1649 1119 1672 est
1145 1645 1304 1671 terminans.
1330 1645 1388 1671 Alia
1413 1652 1476 1671 vero
1503 1653 1534 1671 ex
1563 1644 1675 1671 materia
1694 1648 1722 1671 ct

938 1695 1045 1717 natura.
1071 1690 1267 1717 Generationes
1286 1691 1357 1717 enim
1374 1691 1531 1717 animalium
1547 1698 1580 1717 ex
1602 1698 1631 1718 sc
1655 1690 1723 1717 invi-

937 1743 995 1763 cem
1013 1739 1110 1762 natura
1139 1736 1267 1767 exstruit,
1284 1743 1331 1770 per
1358 1736 1523 1761 matcrialem
1553 1743 1613 1770 qua:
1630 1740 1672 1762 est
1696 1736 1722 1762 in

937 1781 1097 1816 corporibus
1125 1781 1330 1808 subsistentiam
1359 1789 1438 1808 suum
1464 1789 1533 1815 opus
1561 1781 1720 1808 conﬁciens.

937 1826 997 1854 Alia
1016 1827 1098 1854 etiam
1116 1834 1147 1854 ex
1170 1827 1302 1853 maleriali
1328 1826 1447 1858 deﬂuxu,
1477 1827 1504 1853 in
1532 1827 1632 1862 quibus
1650 1827 1722 1861 quod
1764 1829 1767 1831 '

939 1872 1072 1900 antecedit
1093 1877 1183 1899 manet
1199 1872 1278 1907 quale
1294 1877 1345 1903 est.
1367 1872 1476 1906 etquod
1495 1880 1527 1899 ex
1551 1872 1596 1899 illo
1613 1872 1671 1899 ﬁuit
1694 1871 1720 1898 in

938 1926 968 1946 se
990 1918 1049 1952 ipso
1068 1918 1256 1951 conspicitur:
1285 1921 1314 1944 ut
1329 1918 1355 1944 in
1372 1918 1428 1945 sole
1441 1922 1467 1944 et
1482 1917 1568 1949 radio,
1582 1921 1626 1943 aut
1643 1918 1669 1944 in
1683 1918 1723 1943 lu-

939 1969 1021 1989 cerna
1033 1965 1060 1988 et
1074 1962 1100 1988 in
1114 1961 1311 1996 splendore,vcl
1325 1961 1350 1988 in
1365 1961 1549 1988 odoramcnlis
1561 1966 1587 1988 ct
1599 1970 1721 1996 unguen-

940 2008 974 2036 Iis
985 2008 1049 2035 etin
1062 2015 1092 2035 ea
1104 2016 1164 2043 qum
1175 2008 1237 2035 inde
1245 2008 1366 2035 dimanat
1378 2009 1516 2042 qualitate.
1536 2008 1596 2035 llaec
1607 2009 1677 2035 enim
1696 2010 1721 2035 in

940 2061 970 2081 se
981 2054 1047 2089 ipsis
1066 2061 1119 2080 non
1142 2054 1285 2080 imminuta
1310 2054 1459 2085 manentia,
1479 2055 1608 2081 conlinuo
1624 2055 1722 2081 halent

942 2100 1047 2135 singula
1072 2100 1300 2127 concomitantem
1318 2100 1352 2126 ab
1374 2099 1440 2134 ipsis
1457 2106 1627 2127 emanantem
1644 2106 1723 2127 natu-

942 2146 1024 2172 ralem
1040 2146 1230 2181 proprietatem
1244 2155 1250 2172 :
1264 2150 1291 2172 ut
1307 2146 1347 2173 sol
1361 2146 1468 2180 quidem
1483 2146 1600 2177 radium,
1615 2147 1725 2173 lucerna

943 2191 1075 2226 fulgorem
1092 2201 1098 2218 :
1121 2190 1298 2218 odoramenta
1313 2199 1376 2218 vero
1401 2199 1510 2218 suavem
1533 2199 1565 2218 ex
1586 2192 1682 2226 seipsis
1699 2192 1725 2218 in

944 2245 1006 2264 acre
1027 2237 1155 2263 diﬂ'usum
1182 2237 1282 2264 habent
1310 2237 1431 2264 odorem.
1453 2237 1553 2264 Praeter
1576 2237 1626 2264 has
1645 2238 1725 2264 e:iam

945 2282 998 2309 alia
1020 2287 1063 2310 est
1079 2283 1264 2317 generationis
1278 2283 1392 2316 species,
1412 2283 1492 2316 cujus
1519 2283 1627 2317 quidem
1644 2291 1726 2309 causa

945 2327 1066 2355 materia;
1086 2333 1166 2363 atque
1182 2328 1306 2363 corporis
1322 2333 1364 2355 est
1385 2336 1493 2362 expers.
1511 2329 1647 2363 generatio
1664 2336 1728 2354 vero

946 2374 1056 2400 sensilis
1085 2377 1112 2400 ot
1143 2382 1190 2408 per
1228 2382 1360 2408 corpora,
1384 2375 1445 2401 diro
1464 2379 1554 2402 autem
1579 2383 1611 2401 ex
1639 2378 1728 2401 mente

946 2418 1108 2453 productum
1133 2427 1298 2446 sermonem.
1325 2419 1392 2446 Cum
1417 2420 1488 2446 cnim
1509 2429 1585 2447 mens
1607 2421 1663 2454 ipsa
1681 2428 1728 2454 per

947 2471 977 2490 se
993 2464 1028 2490 sit
1044 2464 1203 2498 incorporea
1218 2473 1263 2497 per
1276 2465 1457 2492 instrumenta
1471 2474 1580 2492 sensum
1593 2466 1726 2491 moventia

110 2506 191 2540 gignit
210 2514 378 2534 sermonem.
413 2505 536 2532 Totidem
578 2505 784 2540 generationum
823 2506 992 2537 diﬁcrentias
1016 2510 1098 2538 insita
1126 2511 1244 2545 quadam
1269 2516 1349 2546 atque
1381 2513 1500 2546 ingenita
1527 2511 1727 2545 contemplandi

111 2553 210 2580 ratione
234 2553 435 2587 perspeximus.

142 2601 250 2626 Τούτων
265 2599 355 2625 τοίνυν
371 2600 424 2625 τῶν
440 2599 489 2633 τῆς
503 2599 653 2634 γεννήσεως
679 2599 786 2633 τρὸπων
810 2599 894 2631 οὕτως

112 2644 171 2678 ἡμῖν
183 2643 368 2679 διῃρημένων,
384 2643 476 2678 καιρὸς
491 2643 523 2669 ἂν
544 2643 585 2678 εἴη
601 2643 716 2669 κατιδεῖν
735 2643 791 2675 πῶς
807 2645 822 2678 ὴ
837 2644 895 2677 φιλ-

112 2689 250 2724 άνθρωπος
273 2689 322 2715 τοῦ
344 2689 419 2723 ἁγίου
440 2688 595 2723 Πνεύματος
617 2689 763 2722 οἰκονομία,
783 2689 894 2724 παραδι-

112 2732 190 2760 ὁιιῦσσ.
203 2735 238 2761 τὰ
255 2735 315 2761 Osi:
332 2735 464 2770 μυστήρια
477 2734 520 2760 διὰ
534 2733 587 2760 τῶν
609 2734 674 2768 ἡμῖν
695 2734 824 2770 χιυρητῶν
848 2734 895 2769 τὴν

111 2777 281 2807 ὃιδῖισκαὶλαν
307 2781 418 2806 ποιεῖται
437 2779 483 2815 τὴν
497 2779 566 2814 ὑπὲρ
579 2778 664 2812 λόγον.
688 2779 778 2806 Πάντα
792 2779 843 2814 γὰρ
863 2780 896 2806 τὰ

985 2601 1032 2629 llis
1053 2601 1135 2636 igitur
1147 2603 1331 2636 generationis
1349 2603 1436 2629 modis
1453 2605 1492 2630 sic
1509 2612 1523 2629 ιι
1542 2604 1618 2631 nobis
1632 2605 1728 2632 distin-

948 2647 1000 2674 ctis
1016 2667 1023 2678 ,
1060 2651 1165 2682 tempus
1189 2648 1244 2682 jam
1269 2647 1349 2675 fuerit
1375 2649 1571 2683 conspiciemli,
1593 2652 1728 2683 quomodo

949 2694 1078 2720 benevola
1095 2694 1121 2720 in
1139 2694 1276 2720 hominum
1290 2703 1376 2728 genus
1394 2694 1511 2729 Spiritus
1522 2697 1608 2722 sam-li
1620 2696 1727 2731 dispen-

949 2738 1019 2764 satio
1041 2738 1118 2764 nobis
1137 2747 1183 2772 per
1209 2746 1239 2765 ea
1260 2746 1319 2772 qmu
1342 2746 1438 2772 capere
1468 2746 1614 2772 possunuts
1638 2739 1727 2766 dwina

950 2783 1060 2810 tradens
1073 2783 1210 2818 mysteria,
1224 2784 1374 2810 doctrinam
1387 2783 1459 2810 omni
1475 2791 1596 2812 sermone
1607 2791 1726 2820 superu-
