1957 3079
80 113 136 143 509

654 115 794 143 CONTRA
813 114 1007 149 EUNOMIUM,
1027 116 1091 144 LIB.
1108 116 1143 144 ll.

1661 118 1712 146 510

80 173 99 207 ἡ
120 171 206 207 ἀτμὶς
221 171 271 207 τὴν
290 172 331 204 είς
346 173 414 209 ἀέρα
429 172 553 208 διάχυσιν
567 173 600 200 ὲκ
621 174 672 208 τῆς
689 175 867 210 ὑποκειμένης

923 183 984 202 nem
1000 175 1125 210 intelligi.
1152 175 1244 211 Neque
1275 176 1347 204 enim
1362 183 1444 212 vapor
1471 175 1644 205 dimisionem
1666 185 1714 213 per

81 217 150 251 ὕλης
162 217 324 252 παρίστησιν
339 226 343 230 '
356 217 417 244 οὔτε
433 219 449 253 ὴ
467 219 538 254 ὀσμὴ
552 219 600 255 τὴν
614 220 646 245 ὲκ
660 219 709 254 τῆς
727 220 867 256 ποιότητος

81 263 130 291 τοῦ
147 263 235 299 μύρου
247 265 393 299 γινομένην
405 264 472 300 πρὸς
484 265 528 291 τὸν
541 265 609 301 ἀέρα
623 266 796 300 μετάστασιν·
809 266 871 293 οὕτε

80 310 113 336 τὸ
135 310 306 345 ἀπαύγασμα
325 310 374 345 τὴν
395 310 442 336 τοῦ
467 311 578 345 ἡλιακοῦ
605 312 730 346 σώματος
752 313 795 339 διὰ
818 313 871 340 τῶν

81 356 201 383 ἀκτίνων
215 357 364 391 γενομένην
378 357 536 392 ἀπόρροιαν.
559 358 639 385 Ἀλλὰ
652 358 731 385 τοῦτο
743 359 821 394 μόνον
839 361 871 388 ἐκ

82 402 205 434 πάντων,
217 401 309 433 καθὼς
321 402 488 438 εἴρηται,διὰ
502 403 548 429 τοῦ
571 403 692 430 τοιούτου
711 405 762 438 τῆς
778 406 871 442 γεννή-

83 455 154 478 σεως
178 447 280 482 τρόπου
301 446 444 481 δηλοῦται,
462 447 492 473 τὸ
516 447 550 479 ἐξ
565 448 669 475 ἐκείνου
692 458 721 476 τε
741 447 810 476 εἶναι
825 451 871 477 καὶ

84 492 143 526 μετ’
165 491 270 518 ἐκείνου
291 491 410 518 νοεῖσθαι
435 493 550 528 μηδενὸς
567 493 750 530 διαστήματος
769 495 869 530 μεταξὺ

81 537 128 563 τοῦ
148 537 265 573 Πατρὺς,
280 537 327 564 καὶ
341 537 387 564 τοῦ
400 537 429 570 ἐξ
441 538 522 565 αὐτοῦ
539 539 739 574 μεσιτεύοντος.
762 541 870 577 Ἐπειδὴ

81 581 125 608 διὰ
142 582 255 609 πλείονα
279 582 493 619 φιλανθρωπίαν,
511 584 528 619 ἡ
547 584 594 611 τοῦ
619 585 696 619 ἁγίου
714 585 870 621 Πνεύματος

81 627 162 663 χάρις
176 627 340 663 πολλαχόθεν
355 629 420 664 ἡμῖν
433 630 591 664 ἐγγενέσθαι
602 631 650 662 τὰς
664 631 738 662 θείας
750 632 813 667 περὶ
822 632 869 658 τοῦ

81 674 254 708 Μονογενοῦς
268 674 416 710 ὑπολήψεις
428 674 626 711 ᾠκονομήσατο
636 685 642 692 ·
657 677 811 713 προσέθηκε
824 678 870 704 καὶ

81 720 111 746 τὸ
126 719 289 755 λειπόμενον
304 721 358 747 τῶν
370 721 399 747 ὲν
416 722 448 756 τῇ
472 722 577 756 γενέσει
595 722 787 758 Θεωρουμένων
801 722 869 756 εἶδος

80 766 111 792 τὸ
125 766 158 792 ὲκ
172 765 221 792 τοῦ
234 766 280 793 νοῦ
295 767 342 793 καὶ
354 766 400 793 τοῦ
415 766 494 800 λόγου
508 776 514 782 ·
533 767 590 794 ἀλλ’
604 769 636 794 ὲκ
647 768 750 795 τούτων
766 769 868 797 πλείονι

81 812 182 847 χρῆται
199 814 232 848 τῇ
254 813 408 848 προμηθείᾳ
427 814 440 840 ὁ
456 813 558 848 ὑψηλὸς
581 814 720 849 Ἰωάννης·
741 815 810 842 ὥστε
832 816 869 852 μὴ

925 227 1016 246 aerem
1037 227 1070 246 ex
1103 220 1225 254 subjecta
1253 222 1366 248 materia
1390 226 1566 257 reprmsentat
1591 232 1598 250 :
1626 231 1713 258 neque

925 265 994 292 odor
1006 273 1037 292 ex
1055 266 1185 300 qualitate
1200 267 1328 301 unguenti
1350 275 1397 300 per
1409 275 1499 295 aerem
1522 267 1579 296 ﬁeri
1592 269 1710 303 emigra-

925 311 1024 338 tionem
1038 311 1167 343 ostendit,
1185 319 1270 346 neque
1283 312 1410 346 sp'endor
1424 313 1480 340 sive
1501 313 1654 349 effulgentia
1669 324 1713 342 so-

925 355 989 382 luris
1014 356 1138 390 corporis
1153 364 1200 390 per
1211 357 1302 383 radios
1321 357 1417 384 factam
1442 360 1640 385 eunmationem
1667 359 1712 386 de-

924 405 1067 429 monstrat.
1089 401 1142 429 Sed
1154 402 1204 428 hoc
1215 402 1302 429 solum
1319 410 1352 429 ex
1366 404 1503 436 oinnibus,
1521 405 1592 431 sicut
1607 405 1709 431 dictum

924 452 976 479 est,
985 455 1032 482 per
1043 448 1123 475 talem
1133 448 1316 482 generationis
1326 448 1435 475 modum
1445 449 1610 481 declaratur,
1618 458 1650 477 ex
1664 450 1710 478 illo

923 498 951 520 et
966 501 1027 520 cum
1045 494 1090 520 illo
1103 494 1216 529 intelligi
1231 494 1303 520 nullo
1320 493 1462 522 intervallo
1477 495 1619 530 interjccto
1636 497 1707 524 inter

922 538 1030 566 Patrem
1048 544 1074 566 et
1085 548 1157 572 eum,
1175 540 1219 575 qui
1233 548 1264 566 ex
1277 540 1337 575 ipso
1349 543 1401 572 est,
1411 541 1625 568 conciliatorcm.
1636 542 1710 575 Quo-

925 585 998 612 niam
1008 593 1073 612 vero
1085 591 1194 620 propter
1205 585 1334 619 majorem
1349 586 1375 612 in
1388 585 1637 614 bomiuesamorem
1647 596 1710 615 san-

927 631 963 657 cti
976 630 1094 666 Spiritus
1105 631 1189 666 gratia
1202 631 1296 658 multis
1305 639 1337 657 cx
1354 630 1421 656 locis
1431 631 1509 657 nobis
1519 632 1585 658 tales
1594 632 1626 659 de
1640 632 1708 660 Uni-

923 677 1013 712 genito
1028 677 1135 704 divinas
1159 678 1283 704 notiones
1302 677 1444 704 informari
1461 678 1617 711 procuravit
1635 686 1641 703 :
1662 679 1710 705 ad-

920 722 1023 757 jecitet
1036 722 1167 756 reliquam
1183 729 1278 749 eorum
1302 730 1363 756 quae
1383 722 1409 748 in
1428 722 1602 757 generatione
1617 723 1708 749 cousi-

923 770 1062 799 derantur,
1093 768 1210 802 speciem
1230 775 1260 794 ex
1278 772 1369 795 mente
1393 772 1418 796 et
1429 768 1529 796 verbo:
1553 768 1601 796 sed
1619 776 1651 796 ex
1667 768 1709 796 his

923 814 1026 848 majore
1045 814 1218 848 providentia
1234 814 1361 842 sublimis
1392 814 1436 842 ille
1467 813 1587 841 Joannes
1614 814 1708 847 utitur,

81 858 133 884 ὑπὸ
157 858 267 890 ἀτονίας
294 867 324 884 τε
350 859 398 884 καὶ
424 859 605 894 μικροψυχίας
631 862 798 887 καταπεσεῖν
823 861 867 887 τὸν

921 859 957 885 ita
973 863 1001 886 ut
1015 867 1103 894 neque
1118 859 1225 886 auditor
1243 867 1299 894 pra;
1326 859 1456 894 languore
1471 864 1498 887 et
1511 859 1601 894 pusilli
1625 860 1708 887 animi

80 901 214 928 ἀκούοντα
237 901 305 938 πρὸς
325 902 373 938 τὴν
395 903 486 939 κοινὴν
510 903 615 930 ἔννοιαν
641 904 688 931 τοῦ
714 905 791 939 λόγου
805 926 812 936 ,
831 906 869 938 ὡς

83 946 203 981 φθόγγον
217 946 264 973 τοῦ
278 948 384 983 Πατρὸς
397 948 442 974 τὸν
461 949 524 975 Υἱὺν
540 949 700 985 νομισθῆναι
711 959 717 965 ⁸
735 951 778 977 διὰ
791 951 870 978 τοῦτο

81 994 287 1029 προσμαρτυρεῖ
296 994 335 1029 τῷ
349 994 427 1030 Λόγῳ
448 994 546 1021 τὸκατ’
558 995 650 1022 οὐσίαν
673 994 741 1023 εἶναι
755 998 783 1023 ὲν
799 998 867 1034 αὐτῇ

80 1039 112 1073 τῇ
128 1037 226 1074 πρώτῃ
244 1039 291 1065 καὶ
314 1040 436 1075 μακαρίᾳ
456 1041 545 1074 φύσει,
564 1040 650 1073 οὕτως
673 1042 823 1077 ἀναϐοήσας
839 1043 869 1069 τὸ

81 1086 213 1120 κήρυγμα
223 1094 229 1100 ·
245 1087 286 1112 ὅτι
305 1086 356 1112 Ἐν
371 1085 449 1121 ἀρχῇ
462 1085 501 1121 ἦν
514 1089 530 1114 d
550 1088 644 1122 Λόγος
663 1088 711 1115 καὶ
726 1090 801 1123 πρὸς
817 1090 869 1116 τὸν

82 1133 226 1159 Θεόιυκαὶ
235 1132 300 1165 Θεὸς
319 1132 387 1167 φῶς,
402 1133 449 1159 καὶ
465 1133 521 1169 ζωὴ
534 1134 580 1160 καὶ
595 1134 682 1161 πάντα
697 1135 747 1162 ὅσα
763 1135 836 1161 ἐστὶν
852 1137 867 1171 ἡ

81 1178 150 1213 ἀρχὴ
165 1179 214 1205 καὶ
229 1179 309 1210 αὐτὸς
327 1176 372 1213 ἦν.
387 1179 488 1205 Τοῦτον
497 1180 586 1206 τοίνυν
599 1179 644 1207 τὸν
656 1180 707 1215 τῆς
716 1183 868 1217 γεννήσεως

80 1226 180 1258 τρόπον
198 1225 258 1260 ἦτοι
281 1225 334 1252 τῶν
354 1225 384 1258 ἐξ
400 1226 488 1257 αἰτίας
501 1226 662 1260 ὑφεστώτων
673 1226 700 1252 ἓν
713 1235 742 1253 τε
762 1223 795 1262 τῇ
807 1227 867 1254 καθ’

81 1272 151 1306 ἡμᾶς
176 1271 306 1307 συνηθείᾳ
322 1272 541 1306 γινωσκομένων,
556 1273 757 1307 διαληφθέντων
774 1273 801 1300 δὲ
821 1273 867 1300 καὶ

82 1317 154 1352 παρὰ
167 1318 218 1353 τῆς
233 1318 312 1352 ἁγίας
325 1318 437 1353 Γραφῆς
455 1319 522 1354 πρὸς
532 1318 580 1354 τὴν
596 1319 649 1345 τῶν
661 1319 868 1354 ὑπερκειμένων

80 1363 263 1396 διδασκαλίαν,
279 1365 378 1398 οὕτως,
396 1365 432 1397 ὡς
449 1365 524 1396 εἰκός
540 1366 597 1391 ἐστι
614 1366 681 1400 πρὸς
698 1367 867 1401 παράστασιν

79 1410 132 1436 τῶν
146 1410 230 1437 θείων
244 1410 404 1446 ὑπολήψεων
413 1411 527 1437 ἕκαστον
540 1410 642 1437 τούτων
654 1411 772 1443 εὐσεϐῶς
785 1420 865 1446 μετα-

79 1455 224 1491 ληφθῆναι.

113 1501 217 1536 Καιρός
236 1501 269 1528 ἂν
285 1500 327 1537 εἴη
344 1502 509 1537 κατανοῆσαι
532 1502 578 1528 καὶ
598 1501 646 1528 τοῦ
667 1502 799 1537 Εὑνομίου
821 1502 866 1528 τὸν

79 1548 156 1582 λόγον
173 1548 221 1574 ὲπὶ
237 1548 314 1574 ποίου
333 1548 440 1583 δέχεται
463 1548 664 1584 σημαινομένου
677 1549 726 1584 τὴν
741 1548 790 1583 τῆς
803 1556 865 1582 γεν-

79 1594 184 1629 νήσεως
197 1594 326 1629 ἔμφασιν.
343 1594 420 1626 Υίὺν,
433 1594 515 1630 φησὶν
527 1615 534 1624 ,
550 1594 696 1627 ἀληθινὸν
717 1595 772 1621 οὐκ
784 1593 868 1628 ἀγέν-

79 1648 171 1674 νητον
180 1641 230 1667 καὶ
248 1639 366 1673 ἀληθῶς
386 1641 567 1676 γεννηθέντα
592 1640 648 1673 πρὸ
668 1639 792 1666 αἰώνων.
811 1639 866 1676 Τὴν

81 1686 128 1720 μὲν
156 1683 206 1712 οὖν
233 1687 261 1712 ὲν
284 1687 316 1720 τῇ
340 1685 462 1721 διαστολῇ
489 1686 726 1720 κακουργηοεῖσαν
755 1685 868 1712 ἀκολου-

79 1731 137 1758 θίαν
159 1731 199 1763 ὡς
221 1731 303 1757 παντὶ
318 1730 455 1766 γνώριμον
469 1728 552 1757 οὖσαν
566 1730 763 1766 παραδραμεῖν,
779 1728 866 1763 οἶμαι,

79 1776 225 1811 προσήκει.
241 1775 289 1807 Τίς
306 1775 359 1811 γὰρ
375 1776 424 1802 οὺχ
439 1773 508 1802 οἶδεν
523 1775 563 1801 ὅτι
578 1774 617 1810 τῷ
639 1775 687 1810 μὲν
705 1775 779 1810 Υἱῷ,
801 1775 868 1811 προς

78 1822 124 1848 τὸν
138 1821 249 1856 Πατέρα
264 1842 271 1853 ,
287 1821 326 1856 τῷ
340 1822 369 1848 δὲ
379 1820 499 1856 γεννητῷ
515 1821 582 1857 πρὸς
601 1821 647 1847 τὸν
661 1821 809 1856 ἀγέννητον
821 1821 867 1847 οὖ-

82 1876 132 1902 σης
158 1867 209 1902 ’τῆς
233 1867 453 1902 ἁντιδιαστολῆς,
473 1863 551 1899 οὗτος
577 1867 623 1894 τὸν
643 1867 752 1902 Πατέρα
771 1868 868 1902 παρεὶς

79 1913 292 1940 ἀντιδιαστέλλει
320 1913 358 1948 τῷ
379 1913 436 1948 re;
452 1914 496 1940 τὸν
517 1913 675 1948 ἁγέννητον;
693 1914 765 1945 Δέον,
790 1915 867 1950 εἴπερ

78 1959 208 1995 ἀληθείας
223 1960 341 1986 ἐποιεῖτο
353 1960 491 1995 φροντίδα,
509 1960 545 1994 μὴ
559 1959 731 1995 παρατρέψαι
747 1960 794 1994 τῆς
807 1968 869 1994 σχε-

78 2006 156 2040 τικῆς
169 2004 328 2036 ἀκολουθίας
355 2007 400 2031 τὸν
415 2005 492 2039 λόγον
503 2013 509 2020 ·
525 2004 583 2032 ἀλλ’
593 2006 680 2031 εἰπεῖν
692 2005 732 2031 ὅτι
745 2005 790 2031 τὸν
804 2005 867 2031 Υἱὸν

78 2050 205 2084 ἀληθινὸν
218 2051 248 2077 οὑ
262 2051 380 2087 Πατέρα.
408 2050 486 2078 Οὕτω
499 2051 527 2077 δὲ
538 2051 571 2078 ἂν
584 2051 745 2086 συνδιεσώθη
762 2053 793 2086 τῇ
804 2053 868 2078 ἁκο-

79 2097 174 2132 λουοία
196 2096 245 2123 τοῦ
260 2096 340 2132 λόγου
357 2097 403 2124 καὶ
422 2098 439 2132 ἡ
456 2097 591 2129 εὐσέϐεια,
614 2099 646 2132 τῇ
663 2098 796 2132 διακρίσει
813 2097 867 2124 τῶν

77 2144 234 2179 προσώπων
257 2144 294 2179 μὴ
307 2143 558 2178 συνδιασχισθείσης
581 2143 632 2178 τῆς
650 2142 766 2177 φύσεως,
787 2142 867 2168 ’Λλλὰ

920 904 1107 931 imbecillitate
1121 904 1147 931 in
1163 912 1333 932 communem
1350 905 1484 932 sermonis
1501 906 1622 932 notitiam
1636 905 1709 933 deci-

920 950 976 981 dat,
985 951 1025 978 sic
1036 955 1066 978 ut
1075 951 1159 978 Filius
1169 952 1340 979 existimetur
1356 960 1439 979 sonus
1448 952 1554 980 Patris:
1567 958 1707 988 propterea

920 997 1044 1023 attribuit
1062 996 1161 1030 Verbo,
1179 1002 1208 1024 ιιι
1229 1006 1276 1033 per
1290 999 1437 1025 essentiam
1452 1000 1478 1026 in
1499 1000 1555 1033 ipsa
1580 1000 1666 1034 prima
1681 1003 1708 1026 et

920 1042 996 1070 beata
1017 1045 1051 1070 sit
1063 1047 1169 1075 natura,
1189 1045 1228 1070 sic
1239 1044 1402 1078 pra-conium
1420 1045 1473 1071 alta
1485 1053 1549 1072 voce
1566 1045 1706 1080 praefatus;

920 1086 954 1114 In
975 1088 1106 1122 principio
1129 1094 1187 1115 erat
1210 1088 1338 1122 Verbum,
1362 1095 1386 1116 et
1412 1089 1522 1116 Verbum
1556 1095 1612 1116 erat
1638 1089 1708 1124 apud

920 1132 1003 1159 Deum
1016 1133 1040 1148 ³²
1059 1143 1067 1160 :
1082 1137 1109 1160 et
1125 1133 1197 1161 Deus
1222 1139 1248 1161 et
1262 1134 1306 1161 lux
1325 1139 1351 1161 et
1366 1137 1418 1161 \ita
1433 1140 1460 1162 et
1477 1144 1644 1170 qumcunque
1666 1141 1707 1163 est

919 1179 987 1213 prim
999 1179 1082 1214 ipium
1094 1184 1121 1207 et
1134 1180 1222 1215 ipsum
1241 1180 1357 1208 Verbum
1376 1187 1444 1208 erat.
1461 1180 1508 1208 llis
1531 1182 1612 1216 igitur
1626 1191 1707 1217 gene-

919 1225 1033 1252 rationis
1050 1230 1076 1252 ct
1095 1233 1189 1253 eorum
1205 1234 1265 1261 quae
1282 1235 1314 1254 ex
1329 1234 1410 1254 causa
1438 1227 1600 1260 subsistunt,
1619 1228 1706 1256 modis

918 1279 950 1298 ex
963 1276 1058 1299 nostro
1072 1280 1147 1299 more
1158 1274 1285 1308 cognitis,
1303 1277 1330 1300 et
1344 1281 1358 1300 a
1377 1281 1453 1301 sacra
1469 1273 1611 1308 St'tiplura
1627 1282 1707 1303 usur-

919 1317 989 1352 patis
1003 1322 1029 1345 et
1043 1319 1192 1354 assumptis
1207 1320 1238 1345 ad
1259 1318 1418 1346 tradendam
1445 1327 1535 1346 rerum
1564 1327 1706 1355 suprema-

919 1371 979 1390 rum
990 1363 1155 1397 doctrinam,
1167 1365 1208 1392 sic
1225 1372 1318 1392 eorum
1332 1373 1551 1400 unumquemque
1563 1367 1603 1400 (ut
1618 1366 1706 1401 decet)

918 1410 951 1436 ad
965 1410 1072 1438 divinas
1095 1410 1306 1438 iut‘ormationes
1334 1411 1360 1437 in
1389 1411 1481 1438 animo
1504 1412 1706 1447 cunsignaudas

919 1464 1027 1484 sumere
1043 1456 1185 1484 debenus.

955 1501 1008 1530 Sed
1020 1502 1075 1536 jam
1092 1506 1199 1538 tempus
1214 1503 1299 1538 exigit
1330 1507 1359 1530 ut
1379 1503 1502 1531 Eunomii
1520 1511 1610 1531 sermo
1626 1505 1705 1532 intel-

919 1549 1019 1583 ligatur
1036 1549 1063 1576 in
1075 1557 1129 1583 quo
1140 1549 1292 1584 signiﬁcatu
1304 1550 1486 1584 generationis
1498 1550 1705 1584 appellationem

917 1594 1042 1629 accipiat.
1074 1593 1190 1626 Filium,
1215 1595 1318 1629 inquit,
1342 1603 1429 1621 rerum
1449 1603 1501 1620 non
1519 1595 1659 1629 ingenitum
1681 1599 1706 1622 et

918 1647 975 1666 rere
989 1640 1104 1674 genitum
1120 1645 1179 1666 ante
1193 1640 1303 1666 δικαία.
1330 1639 1395 1672 Qua:
1413 1640 1439 1666 in
1461 1639 1636 1668 distinctione
1648 1647 1706 1666 ma-

918 1685 990 1720 ligne
1014 1685 1084 1712 facta
1113 1690 1165 1716 est.
1189 1685 1423 1717 consecutionem.
1446 1689 1474 1712 ut
1502 1685 1589 1712 cuivis
1612 1690 1704 1712 notam

920 1732 1070 1766 praterire,
1083 1731 1190 1766 opinor,
1207 1731 1342 1759 convenit.
1361 1731 1427 1763 Quis
1438 1731 1508 1758 enim
1527 1731 1633 1766 ignorat
1643 1738 1704 1758 cum

919 1775 1003 1803 Filius
1019 1775 1104 1808 Patri,
1124 1780 1150 1802 et
1165 1776 1274 1811 genitus
1301 1776 1422 1810 ingenito
1445 1780 1608 1810 opponatur,
1623 1775 1707 1810 hunc,

919 1821 998 1848 Patre
1010 1821 1125 1852 omisso,
1138 1821 1286 1855 ingenitum
1302 1820 1370 1847 Filio
1384 1821 1542 1855 opponere?
1561 1819 1707 1855 Oportebat

919 1870 1008 1893 autem
1025 1866 1048 1893 si
1067 1866 1149 1892 ullam
1167 1866 1290 1893 veritatis
1307 1874 1400 1892 curam
1417 1867 1568 1897 habuisset,
1589 1867 1708 1894 relativaﬁ

919 1911 1122 1945 consequentia:
1138 1911 1271 1938 rationem
1285 1919 1455 1946 nequaquam
1483 1916 1646 1946 pervertere,
1658 1912 1705 1939 sed

918 1957 1010 1984 dicere
1024 1955 1121 1983 Filium
1136 1964 1227 1983 verum
1245 1965 1298 1983 non
1312 1957 1418 1984 Patrem
1438 1966 1444 1983 ;
1462 1957 1512 1983 hoc
1526 1957 1606 1984 modo
1619 1958 1706 1992 pietas

918 2010 980 2030 cum
997 2002 1111 2029 rationis
1133 1998 1326 2037 consequentia
1352 2007 1457 2029 servata
1486 2001 1592 2035 fuisset,
1603 2007 1629 2030 et
1641 2011 1704 2030 cum

918 2055 1098 2083 personarqu
1125 2048 1292 2074 discretione
1319 2048 1429 2074 minime
1463 2048 1579 2075 discissa
1609 2048 1705 2076 fuisset

919 2098 1026 2122 natura.
1038 2093 1089 2121 Sed
1103 2094 1164 2126 iste,
1177 2102 1269 2121 verum
1283 2098 1310 2121 et
1325 2094 1352 2120 in
1361 2093 1510 2128 Scripturis
1523 2095 1611 2122 sacris
1624 2103 1705 2122 usur-

919 2145 1012 2175 patum
1032 2139 1122 2167 Patris
1140 2148 1230 2171 usum,
1246 2145 1273 2166 et
1287 2139 1320 2166 ab
1335 2139 1393 2174 ipso
1409 2138 1498 2166 Verbo
1530 2140 1557 2166 in
1574 2139 1633 2167 [idei
1648 2148 1706 2167 ser-

77 2190 127 2225 τὴν
141 2189 230 2224 ἀληθῆ
253 2197 281 2215 τε
299 2190 346 2215 καὶ
360 2188 498 2224 ἔγγραφον
519 2189 564 2215 τοῦ
586 2188 691 2223 [ἰατρὸς
706 2189 802 2224 χρῆσιν
817 2188 866 2223 τὴν

921 2193 999 2213 moue
1014 2186 1153 2215 traditum.
1164 2190 1331 2220 permutans,
1345 2185 1403 2212 loco
1416 2185 1506 2213 Patris
1519 2185 1587 2212 dixit
1603 2186 1708 2220 ingeni-

77 2235 142 2269 παρ’
157 2234 242 2260 αὐτοῦ
261 2233 309 2260 τοῦ
325 2235 410 2268 Λόγου
422 2234 618 2269 παραδοθεῖσαν
637 2235 666 2260 ὲν
680 2234 718 2269 τῷ
734 2234 804 2268 λόγῳ
817 2235 866 2269 τῆς

77 2280 198 2311 ade-.51»;
213 2280 380 2314 ὑπαμείψας.
407 2280 554 2315 ἀγέννητον
566 2279 626 2305 ἀντὶ
640 2279 686 2306 τοῦ
700 2280 803 2314 Πατρδς
815 2288 865 2306 κα-

75 2326 236 2360 τωνόμασεν
250 2334 256 2340 ·
281 2325 323 2351 ἵνα
339 2326 459 2361 χωρίσας
475 2325 557 2352 αὐτὸν
573 2326 623 2360 τῆς
637 2326 753 2360 φυσικῆς
767 2325 866 2352 ἐνθεω-

78 2370 216 2405 ρουμένης
236 2370 270 2404 τῇ
289 2369 337 2395 τοῦ
367 2369 472 2404 Πατρδς
485 2369 580 2404 κλήσει
600 2370 648 2404 τῆς
663 2370 730 2405 πρὸς
744 2370 788 2395 ’τὸν
803 2370 866 2396 Υἱὸν

75 2414 256 2450 οἰκειότητος,
282 2415 457 2450 κοινοποιήοῃ
475 2415 542 2450 πρὸς
557 2416 646 2442 πάντα
664 2415 698 2442 τὰ
712 2417 740 2442 ἐν
756 2417 788 2450 τῇ
806 2415 864 2442 κτί-

76 2470 118 2487 σει
133 2461 296 2496 φαινόμενα,
310 2458 350 2492 οἷς
365 2460 436 2486 κατὰ
450 2460 480 2486 τὺ
492 2458 550 2486 ἶσον
562 2462 578 2496 ἡ
593 2460 779 2496 ἁντιδιαστολή
806 2461 865 2486 ὲστι

76 2508 145 2542 πρὸς
168 2507 198 2533 τὸ
225 2507 382 2542 ἀγέννητον.
414 2507 561 2540 Ἀληθῶς,
583 2508 669 2541 φησι,
686 2506 866 2541 γεννηθέντα

76 2554 133 2587 πρὸ
148 2553 274 2580 αἰώνων.
290 2553 369 2588 Παρὰ
388 2553 460 2585 τίνος
474 2553 577 2580 εἰπάτω
590 2562 596 2568 ·
611 2553 685 2588 παρά
700 2552 746 2579 τοῦ
762 2552 866 2588 Πατρὸς

76 2601 133 2635 ἐρεῖ
148 2599 270 2630 πάντως.
291 2599 369 2633 εἰπερ
388 2599 424 2634 μὴ
442 2598 632 2634 ἁναισχυντοίη
649 2599 716 2634 πρὸς
733 2599 782 2634 τὴν
797 2598 864 2632 ἀλή-

76 2646 162 2672 ϐειαν.
186 2645 256 2671 Ἀλλ’
273 2645 368 2679 ἐπειδὴ
384 2644 431 2671 τοῦ
445 2644 531 2671 ἀϊδίου
545 2645 652 2680 Πατρὸς
672 2645 721 2670 οὐκ
742 2643 800 2670 ἔστι
817 2644 866 2678 τὴν

76 2691 214 2726 ἀίδιότητα
246 2690 292 2716 τοῦ
324 2689 389 2717 Υὶοῦ
418 2691 582 2726 διαστῆσαι,
610 2689 865 2724 συνενδεικνυμένης

77 2736 185 2767 πάντως
199 2736 247 2762 καὶ
260 2736 306 2761 τὸν
320 2735 384 2761 Ti?”
400 2735 448 2770 τῆς
464 2735 510 2761 τοῦ
527 2736 632 2771 Πατρὶς
649 2734 800 2770 σημασίας·
822 2734 867 2760 διὰ

109 2824 130 2840 ⁵⁷
153 2822 232 2851 Juan.
254 2831 272 2854 I,
299 2823 334 2864 ιη

921 2235 989 2263 ιυιη,
1001 2235 1030 2258 ιιι
1043 2231 1086 2258 ubi
1101 2231 1188 2266 ipsum
1207 2238 1221 2257 a
1234 2231 1349 2257 naturali
1364 2239 1424 2266 quze
1437 2239 1498 2258 cum
1509 2230 1598 2258 Patris
1615 2232 1707 2266 appel-

920 2277 1020 2304 latione
1028 2277 1228 2309 consideratur,
1236 2284 1296 2303 cum
1306 2276 1373 2303 Filio
1382 2276 1564 2304 familiaritate
1574 2281 1601 2303 et
1610 2285 1708 2304 com-c-

919 2321 1022 2349 nientia
1049 2326 1212 2356 separasset,
1242 2321 1367 2349 eumdem
1393 2330 1455 2348 cum
1481 2323 1609 2350 omnibus
1626 2324 1708 2350 rebus

919 2367 1018 2394 creatis
1034 2375 1204 2394 communem
1231 2367 1331 2394 faceret
1345 2376 1353 2401 ;
1368 2368 1468 2402 quibus
1487 2376 1518 2395 ex
1545 2376 1623 2403 aequo
1641 2375 1706 2395 eon-

920 2415 1001 2440 traria
1022 2413 1173 2440 diﬂ‘erentia
1194 2421 1255 2439 cum
1269 2413 1388 2448 ingenito
1404 2413 1539 2439 convenit.
1562 2412 1625 2439 Vere
1645 2414 1706 2447 qui-

918 2459 978 2486 dem
998 2458 1096 2485 asserit
1127 2458 1241 2494 genitum
1255 2463 1315 2485 ante
1329 2457 1434 2488 saecula.
1473 2457 1520 2484 sed
1532 2457 1605 2484 dicat
1621 2465 1635 2484 a
1653 2466 1708 2491 q:.o

918 2505 1058 2540 genitum?
1077 2505 1095 2530 Λ
1116 2503 1196 2530 Patre
1213 2504 1284 2530 dicet
1298 2511 1427 2538 prorsus,
1450 2503 1585 2537 siquidem
1603 2512 1655 2530 non
1673 2504 1706 2530 ad

919 2550 1060 2577 veritatem
1072 2550 1254 2576 erubesceret.
1270 2548 1322 2576 Sed
1335 2551 1462 2584 quoniaut
1473 2550 1506 2576 ab
1516 2555 1618 2576 aeterno
1627 2549 1706 2576 Patre

919 2596 979 2623 Filii
994 2597 1170 2623 :ctcrnitatem
1188 2604 1242 2622 non
1255 2595 1317 2622 licet
1332 2595 1468 2626 divellere,
1482 2596 1544 2629 quia
1561 2595 1650 2622 Patris
1667 2595 1704 2621 si-

920 2642 1075 2678 gniﬁcantia
1100 2641 1195 2668 Filium
1210 2649 1318 2676 quoque
1336 2648 1388 2667 una
1416 2644 1619 2667 commonstrat:
1638 2648 1700 2673 pro-

921 2692 1012 2722 pterea
1024 2687 1114 2714 Patris
1129 2687 1308 2722 appellatione
1323 2686 1463 2720 repudiata
1475 2705 1482 2717 ,
1499 2685 1626 2712 transfert
1645 2693 1705 2711 ver-

921 2733 984 2760 bum
1001 2733 1034 2760 ad
1051 2733 1211 2768 ingenitum,
1224 2732 1350 2768 quoniam
1371 2731 1450 2765 hujus
1475 2730 1591 2758 nominis
1607 2730 1705 2767 signiti-
