1957 3079
270 105 321 132 blb’

916 101 946 128 Β.
962 99 1125 128 GREGORH
1145 99 1286 127 NYSSENI

1834 99 1879 127 5l6

269 165 371 192 vinitus
387 163 518 198 inspirata
537 161 621 188 voce?
637 161 704 194 Quis
724 161 874 195 apostolus,
894 161 958 196 quis
970 169 1049 188 evant

1106 161 1121 196 ἢ
1139 162 1320 197 πατριάρχης,
1337 160 1353 195 ἦ
1370 160 1448 192 ἄλλος
1461 168 1504 191 τις
1518 159 1571 186 τῶν
1585 159 1638 185 ὑπὸ
1654 158 1700 186 τοῦ
1713 158 1792 193 ἁγίου
1804 158 1881 186 Ilvati-

269 211 365 246 gelista
383 210 462 236 talem
477 208 568 236 emisit
591 207 704 234 vocem?
717 207 784 240 Quis
800 208 942 242 propheta,
959 207 1000 234 vel
1019 207 1053 234 le-

273 257 398 291 gislator,
416 255 457 281 vel
472 253 639 289 patriarcha,
658 254 698 280 vel
717 254 778 287 quis
790 254 860 280 alius
881 253 1027 287 r-orumqui
1041 260 1057 279 ιι

269 301 372 336 Spiritu
389 304 484 327 sant-to
502 299 582 326 albati
604 302 631 326 et
648 300 771 326 instructi
798 299 916 329 fuerunt,
940 306 1056 334 quorum

267 354 349 374 voces
383 345 480 372 litteris
501 353 553 372 non
577 350 640 372 sunt
667 353 801 379 expressre
815 345 827 371 ?
843 346 905 380 quis
933 345 995 371 talis
1013 345 1056 372 di-

267 391 364 419 ctionis
377 394 472 417 auctor
485 390 607 417 exstitit?
618 391 720 417 Patrem
735 395 761 417 et
774 390 871 417 Filium
884 394 910 416 et
926 389 1055 424 Spiritum

267 441 391 465 sanctum
406 437 433 463 in
450 436 510 464 Iidei
523 436 670 463 traditione
686 444 700 462 a
716 437 830 463 veritate
843 436 1001 468 didicimus,
1022 443 1055 462 an

266 485 331 518 quid
353 488 476 511 creatum
505 483 593 517 ipsum
619 490 680 510 esse
712 491 762 510 nos
779 482 891 510 credere
916 482 1057 517 oportuit?

267 529 409 562 Quomodo
430 529 532 555 veritas
562 528 641 555 nobis
656 528 816 562 mysterium
836 528 956 559 tradens,
975 528 1054 554 tidem

267 575 293 600 in
305 573 398 600 Filium
424 577 450 600 et
465 581 518 600 non
539 574 565 599 in
587 576 739 599 creaturam
761 572 898 599 sancivit‘?
912 572 1055 606 Quomodo

266 620 344 646 divus
358 619 503 654 Apostolus
514 619 652 646 Christum
665 619 794 646 adorans.
804 627 851 646 eos
862 619 907 652 qui
922 623 1055 646 creaturae

266 667 385 694 serviunt
403 669 499 700 ιιι-αξιοι
508 668 669 694 creatorem,
685 665 844 691 idololatras
855 672 917 692 esse
926 673 1054 700 expresse

265 712 383 740 dicit“?
395 712 436 739 vel
449 719 502 738 non
521 711 662 739 adorasset
679 711 703 738 si
718 716 828 738 creatus
845 715 927 743 esset,
947 712 988 738 vel
1005 719 1054 739 eos

265 759 310 794 qui
330 761 471 785 creaturas
484 757 577 784 colunt
600 757 735 783 idolorum
753 757 907 784 cultoribus
933 765 986 784 non
1004 764 1053 784 an-

265 807 436 832 numerasset
457 813 463 830 :
479 811 513 830 ne
531 804 627 838 etipse
644 803 724 830 idolis
750 803 855 831 servire
877 803 953 830 visus
968 807 1050 835 esset.

1109 216 1191 242 ματος
1202 207 1331 241 θεοφορου
1336 206 1434 241 μένων,
1446 202 1484 232 ὧν
1494 204 1665 241 ἁνάγραπτοί
1676 205 1743 231 εἰσιν
1753 204 1781 230 αἱ
1793 204 1880 238 φωναὶ,

1106 254 1155 288 τῆς
1173 253 1300 287 τοιαύτης
1315 253 1420 287 ρήσεως
1436 251 1625 286 uenﬁcam;
1649 249 1758 284 Πατέρα
1770 249 1815 276 καὶ
1824 247 1881 275 Υἱδν

1107 299 1153 325 καὶ
1170 298 1280 332 Πνεῦμα
1292 298 1367 332 ἅγιον
1380 298 1408 323 ὲν
1419 298 1452 332 τῇ
1466 296 1613 331 παραδόσει
1627 295 1677 330 τῆς
1688 295 1803 326 πίστεως
1814 294 1882 329 παρὰ

1107 344 1156 379 τῆς
1180 344 1307 379 ἀληθείας
1326 343 1473 378 ἐμάθομεν,
1499 343 1516 378 ἦ
1531 341 1638 368 κτιστὺν
1657 340 1737 367 αὑτὸν
1758 338 1823 367 εἶναι
1840 348 1881 366 πι-

1107 389 1211 415 στεύειν
1225 389 1326 424 ὲχρῆνς
1344 387 1405 420 Πῶς
1422 386 1605 422 παραδιδοῦσα
1617 386 1683 420 ἡμῖν
1696 385 1724 411 τὸ
1744 385 1882 420 μυστήριον

1105 435 1122 468 ἡ
1137 432 1259 468 ἀλήθεια,
1273 434 1323 466 τὴν
1345 434 1385 464 είς
1406 432 1452 458 τὸν
1475 431 1537 458 Υίὺν
1554 431 1644 457 πίστιν
1666 429 1711 456 καὶ
1733 430 1783 456 οὐκ
1808 429 1842 460 εἰς
1855 429 1884 455 τὸ

1107 480 1208 515 κτίσμα
1222 478 1399 513 ἐνομοθέτησε
1411 486 1417 509 ;
1433 477 1495 508 Πῶς
1506 477 1535 503 δὲ
1548 475 1706 512 προσκυνῶν
1718 474 1764 501 τὸν
1775 474 1883 510 Χριστὸν

1105 526 1120 552 ὁ
1131 527 1200 558 οεῑος
1211 525 1380 556 Ἀπόστολος,
1391 526 1454 556 τοὺς
1467 525 1499 559 τῇ
1514 523 1603 550 κτίσει
1628 521 1805 556 λατρεύοντας
1815 521 1884 556 παρὰ

1104 572 1150 598 τὸν
1169 572 1309 602 κτίσαντα,
1327 570 1528 604 εἰδωλολατρεῖν
1550 567 1716 604 διορίζεται;
1745 567 1884 602 ἢγὰροὺκ

1106 618 1138 644 ἂν
1151 617 1353 652 προσεκύνησεν
1370 617 1394 642 εἰ
1411 615 1520 647 κτιστὺς
1539 613 1582 650 ἦν.
1607 614 1621 649 ἢ
1639 614 1688 640 οὐκ
1703 614 1736 640 ἂν
1750 615 1804 645 τοῖς
1815 613 1884 640 εἰδω-

1104 663 1246 698 λολάτραις
1260 662 1386 694 συνέταξε
1399 662 1462 693 τοὺς
1475 662 1508 696 τῇ
1523 660 1608 686 κτίσει
1621 658 1799 694 λατρεύοντας
1819 667 1827 675 ·
1846 661 1885 686 ἵνα

1106 709 1143 744 μὴ
1158 710 1203 735 καὶ
1221 708 1300 739 αὐτὸς
1315 708 1516 741 είδωλολατρεῖν
1528 706 1602 741 δόξῃ,
1618 705 1764 740 προσάγων
1778 704 1817 739 τῷ
1829 713 1886 730 κτι-

1105 754 1159 789 στῷ
1181 753 1228 789 τὴν
1249 753 1443 788 προσκύνησιν.
1466 752 1534 779 Ἀλλ’
1551 751 1620 778 οἶδεν
1645 752 1684 779 ὃτι
1701 753 1714 778 ό
1731 752 1796 787 παρ’
1809 749 1885 777 αὑτοῦ

1104 799 1336 836 προσκυνούμενος
1348 799 1395 825 ἐπὶ
1412 798 1520 824 πάντων
1532 798 1591 824 ἐστὶ
1604 798 1670 829 Θεός
1682 805 1688 811 ·
1708 796 1780 824 οὕτω
1791 797 1844 831 γὰρ
1859 796 1886 822 ὲν

265 855 357 877 creato
372 849 558 875 adorationem
578 849 723 881 exhibens,
754 849 801 876 sed
817 849 901 882 novit,
917 849 988 884 quod
1004 850 1049 884 qui

1103 845 1142 880 τῷ
1157 845 1224 880 πρὸς
1245 845 1397 881 Ῥωμαίους
1408 844 1480 879 λόγῳ
1495 843 1539 870 τὸν
1555 844 1618 870 Υίδν
1632 843 1769 879 ὀνομάζει,
1795 843 1826 869 Ol
1841 843 1886 877 τῆς

265 895 338 921 abeo
353 893 480 920 adoratur
493 893 519 919 in
529 893 656 919 omnibus
667 892 738 920 Deus
746 897 802 920 est:
819 893 936 921 siceuim
950 893 976 920 in
992 901 1050 922 ser-

264 947 344 966 mone
360 938 393 965 ad
420 937 559 964 Romanos
572 937 670 965 Filium
695 938 828 965 nominat.
848 938 901 971 Qui
933 939 1017 974 igitur
1034 947 1049 966 a

263 985 353 1013 Patris
367 984 484 1012 essentia
494 983 587 1010 Filium
598 982 724 1015 alienant,
735 983 822 1018 ipsum
834 985 914 1011 etiam
927 988 1049 1012 creatum

264 1032 397 1062 dicentes,
414 1038 462 1057 cur
479 1037 526 1063 per
548 1028 696 1056 ludibrium
709 1033 736 1055 et
751 1030 922 1065 sannamipsi
938 1030 1050 1057 l'alsino-

264 1078 366 1105 minem
381 1076 589 1111 appellationem
604 1074 802 1109 gratiﬁcantur,
823 1083 838 1102 a
860 1083 922 1102 vera
949 1076 1050 1103 deitate

263 1123 353 1150 alieno
376 1124 422 1150 Dei
446 1128 542 1147 nomen
561 1127 701 1155 perperam
719 1122 903 1155 assignantes,
921 1125 1048 1156 tanquam

265 1167 321 1198 llcl,
338 1168 379 1194 vel
405 1167 504 1201 Dagon,
530 1165 572 1192 vel
593 1166 820 1199 draconi?Quare
833 1167 875 1194 vel
897 1175 951 1194 non
966 1167 1048 1194 Deum

264 1213 454 1244 confiteantur,
477 1212 522 1246 qui
537 1211 624 1245 ipsum
642 1217 762 1238 creatum
779 1220 841 1239 esse
859 1218 952 1247 aperte
970 1217 1049 1240 autu-

265 1263 349 1290 mant,
360 1257 539 1285 utJudaizare
551 1257 711 1284 vidcanlur:
727 1258 766 1284 vel
779 1258 801 1285 si
810 1265 871 1285 eum
883 1259 928 1293 qui
940 1262 1049 1285 creatus

264 1305 325 1335 l'uit,
343 1304 425 1331 Deum
437 1311 499 1330 esse
518 1303 709 1334 conﬁteantur,
730 1311 759 1330 se
781 1303 860 1331 idolis
874 1304 978 1332 servire
993 1312 1047 1331 non

263 1351 429 1378 inlicientur.
457 1349 508 1376 Sed
525 1357 618 1376 vocem
636 1349 832 1384 proverbialem
849 1350 928 1384 plane
954 1349 1047 1384 prole-

1104 891 1198 923 οὐσίας
1210 891 1300 918 τοίνυν
1313 891 1362 917 τοῦ
1377 891 1480 925 Πατρὺς
1499 890 1545 917 τὸν
1558 890 1631 921 Υἱὸν,
1657 890 1704 917 καὶ
1720 889 1827 917 κτιστὺν
1840 889 1885 915 αὺ-

1104 937 1149 963 τὸν
1164 937 1297 971 λέγοντες,
1317 937 1343 963 τί
1365 936 1548 972 χλευαστικῶς
1569 936 1704 971 αὐτῷτὴν
1718 935 1886 970 ψευδώνυμον

1105 983 1199 1019 κλῆσιν
1215 983 1370 1018 χαρίζονται
1382 1004 1389 1016 ,
1413 983 1452 1018 τῷ
1466 983 1597 1018 ἀλλοτρίῳ
1615 983 1665 1018 τῆς
1679 982 1812 1018 ἀληθινῆς
1823 982 1887 1009 aut.

1104 1037 1184 1063 τητος
1195 1028 1244 1063 τὴν
1258 1028 1330 1061 Θεὸς
1347 1027 1438 1064 φωνὴν
1451 1028 1540 1063 μάτην
1555 1027 1777 1063 ἐπιφημίζοντες.
1799 1028 1888 1063 ὥσπερ

1103 1074 1142 1109 τῷ
1155 1073 1222 1109 Βὴλ,
1249 1075 1265 1109 ἢ
1281 1074 1320 1109 τῷ
1335 1074 1444 1108 Δαγὼν,
1457 1075 1473 1110 ἢ
1497 1075 1536 1109 τῷ
1551 1075 1695 1111 δράκοντι;
1718 1075 1801 1101 Ὥστε
1823 1075 1839 1110 ἢ
1854 1076 1888 1110 μὴ

1103 1119 1169 1145 θεὸν
1185 1119 1400 1155 ὁμολογείτωσαν
1421 1120 1502 1146 αὐτὸν
1523 1120 1548 1146 οι
1563 1119 1671 1146 κτιστὸν
1693 1117 1763 1147 εἶναι
1777 1119 1889 1154 Statu.“-

1105 1174 1189 1200 μενοι,
1205 1166 1246 1192 ἵνα
1260 1166 1378 1200 φανῶσιν
1394 1165 1596 1198 Ἰουδατςοντες·
1611 1167 1627 1202 ἢ
1642 1167 1720 1202 ειπερ
1730 1166 1889 1201 ὁμολογοῦσι

1102 1212 1148 1238 τὸν
1166 1212 1310 1239 κτισθέντα
1333 1210 1402 1239 εἶναι
1421 1213 1497 1244 Θεὸν,
1522 1212 1724 1247 εἰδωλολατρεῖν
1743 1213 1783 1248 μὴ
1803 1212 1890 1248 ἀρνεί-

1103 1258 1219 1285 σθωσαν.
1242 1259 1322 1285 ’Λλλὰ
1339 1259 1389 1294 τὴν
1406 1258 1579 1294 παροιμιώδη
1596 1259 1688 1293 φωνὴν
1706 1259 1817 1289 πάντως
1828 1266 1891 1293 προ-

1101 1304 1261 1339 φέρουσιν,ἥ
1273 1313 1364 1339 φησιν,
1375 1305 1415 1331 ὅτι
1428 1305 1534 1339 Κύριος
1544 1304 1646 1332 ἐκτισέ
1655 1313 1692 1339 με
1702 1303 1804 1338 ἀρχὴν·
1816 1303 1892 1331 όὸὧν

1101 1350 1204 1383 αὑτοῦ,
1222 1351 1266 1383 εἰς
1280 1351 1350 1384 ἔργα
1363 1351 1466 1378 αὐτοῦ.

264 1404 338 1428 runt.
357 1406 415 1433 qure
438 1397 514 1429 dicit,
545 1397 672 1423 Dominus
699 1397 796 1423 creavit
816 1405 857 1424 me
886 1398 1043 1432 principium
1061 1399 1163 1425 viarum
1181 1407 1300 1430 suarum,
1317 1399 1351 1425 ad
1366 1406 1444 1433 opera
1459 1407 1508 1426 sua
1522 1399 1555 1426 ”.

297 1445 336 1480 (α)
347 1444 401 1472 lloc
412 1444 531 1480 pluribus
543 1443 630 1471 verbis
641 1444 775 1479 quomodo
785 1451 813 1472 se
827 1445 906 1472 habet
915 1446 1012 1473 clarius
1020 1449 1047 1472 et

1134 1446 1219 1472 Τοῦτο
1249 1446 1277 1473 δὲ
1313 1445 1358 1472 διὰ
1384 1446 1513 1473 πλειόνων
1550 1446 1599 1481 μὲν
1629 1447 1686 1473 ἔστι
1721 1447 1893 1482 παραθέσθαι

264 1489 433 1518 manifestius
458 1489 647 1523 exponendum
679 1493 721 1516 est
757 1498 765 1516 :
791 1494 978 1518 verumtamen
996 1491 1047 1519 hoc

263 1536 344 1561 ctiam
367 1535 407 1561 las
423 1537 495 1561 esset
514 1534 579 1561 viris
593 1533 718 1560 candidis
731 1538 757 1560 et.
774 1534 859 1568 requis
879 1535 944 1569 quid
960 1535 1047 1570 signi-

264 1581 325 1607 licet
337 1580 431 1614 paucis
446 1579 573 1606 tradere:
587 1578 695 1612 quidam
712 1580 783 1606 enim
813 1579 839 1605 in
857 1579 958 1607 divinis
973 1579 1048 1607 Scri-

264 1626 352 1661 pturis
368 1629 495 1652 accurate
522 1629 548 1651 et
575 1624 719 1659 diligenter
743 1625 860 1652 instituti
890 1630 916 1652 et
946 1625 1047 1653 versati

263 1672 370 1701 dicunt,
392 1669 463 1705 apud
476 1669 604 1697 Hebraeos
621 1677 675 1696 non
693 1670 825 1706 scriptum
842 1678 914 1703 esse,
930 1672 1048 1698 ereavit:

264 1724 314 1744 nos
327 1717 407 1743 etiam
422 1716 448 1742 in
465 1715 661 1743 vetustioribus
679 1715 756 1742 libris
779 1716 913 1751 scriptum
934 1717 1048 1751 legimus

263 1763 396 1798 ἐκτήσατο
412 1763 531 1797 possedit,
547 1769 595 1796 pro
603 1761 693 1788 ἕκτισέ
706 1770 739 1796 με
746 1762 861 1789 condidit
872 1771 920 1789 me.
934 1762 1047 1790 Servum

264 1816 378 1845 prorsus
395 1812 486 1842 aperte
502 1808 604 1834 indicat
617 1808 720 1835 crcatio
732 1815 780 1842 per
794 1809 973 1842 proverbialia
986 1810 1049 1836 aani-

264 1859 365 1890 gmata,
383 1862 444 1881 eum
466 1854 510 1888 qui
531 1857 640 1888 propter
654 1861 704 1880 nos
720 1854 792 1880 servi
807 1854 922 1881 formam
939 1863 1047 1882 assum-

264 1900 327 1935 psit.
349 1898 426 1932 Quod
443 1900 464 1925 si
477 1898 538 1932 quis
551 1898 577 1924 in
590 1898 716 1927 Ecclesiis
734 1899 923 1933 prmvaleutem
953 1901 1048 1927 h'etio-

264 1953 324 1971 nem
350 1945 376 1971 in
405 1945 454 1970 hac
469 1935 544 1977 parte.
557 1943 679 1977 objiciat,
701 1952 788 1978 neque
802 1952 852 1972 nos
867 1945 919 1971 hoc
938 1946 1047 1972 verbum

264 1991 364 2021 ἔκτισε,
376 1991 482 2023 creavit,
499 1990 649 2024 rejicimus.
664 1990 751 2024 Atque
773 1991 823 2017 hoc
834 1995 907 2018 certe
926 1992 958 2018 ad
976 1992 1048 2019 servi

263 2037 488 2072 Significationem
506 2043 553 2070 per
574 2035 688 2070 aanigtna
713 2036 870 2063 intuendam
893 2037 1047 2071 :siquidem

265 2083 348 2109 amitis
371 2087 493 2108 creatura
517 2081 604 2113 servit,
627 2080 853 2115 quemadmodum
877 2082 914 2107 ait
934 2083 1048 2116 Aposto-

263 2128 308 2155 lus
325 2127 358 2154 ³⁸.
377 2127 562 2159 Quamobrem
579 2126 630 2153 hoc
644 2125 757 2153 verbum
781 2127 876 2152 crearit
897 2127 939 2161 pie
960 2127 1046 2162 accipi

264 2181 344 2208 posse
354 2172 511 2199 asserimus.
524 2171 637 2198 Creatus
650 2176 691 2198 est
703 2171 774 2197 enim
800 2180 862 2198 vcre
887 2173 913 2199 in
931 2173 1048 2200 novissi-

264 2217 419 2244 misdicbus
428 2216 470 2242 ille
480 2216 525 2250 qui
534 2220 643 2250 propter
652 2224 702 2242 nos
711 2216 900 2252 secundum(b)
908 2226 957 2244 nos
967 2223 1046 2245 natus

263 2269 304 2290 est
316 2263 348 2288 ".
364 2262 414 2293 Qui
432 2262 459 2288 in
481 2261 614 2296 principio
627 2260 745 2288 Verbum
758 2270 818 2289 cum
832 2267 904 2290 esset
919 2268 945 2290 et
964 2263 1046 2295 Deus,

264 2312 359 2343 postea
377 2315 442 2334 caro
455 2313 480 2334 et
505 2307 585 2334 homo
602 2307 689 2334 lactus
701 2313 752 2335 est.
762 2308 860 2336 Carnis
888 2314 978 2337 autem
996 2318 1046 2337 na-

264 2359 325 2380 tura
345 2358 434 2380 creata
450 2357 491 2380 est
513 2362 519 2380 :
547 2353 625 2387 cujus
639 2361 685 2388 per
704 2355 792 2381 omnia
809 2355 897 2382 factus
912 2357 1047 2391 particeps

265 2399 413 2428 secundum
445 2399 646 2426 similitudinem
664 2405 776 2435 excepto
802 2406 921 2435 peccato.
939 2407 1048 2429 creatus

264 2445 372 2480 quidem
389 2446 535 2472 secundmu
554 2445 636 2473 Deum
653 2455 706 2473 non
730 2448 878 2474 secundum
895 2447 1045 2481 hominem,

264 2491 335 2518 sicut
352 2489 389 2515 ait
414 2489 569 2524 Apostolus,
590 2498 661 2517 novo
689 2491 806 2526 quodam
831 2492 980 2524 niodo,non
997 2492 1048 2519 hu~

264 2544 344 2562 manu
371 2544 454 2563 more.
486 2535 633 2564 Didicimus
670 2537 754 2566 enim.
783 2537 856 2571 quod
883 2546 914 2565 ex
943 2538 1046 2573 Spiritu

264 2587 358 2608 sancto
373 2586 399 2609 et
415 2583 514 2609 virtute
529 2582 671 2612 Altissimi,
688 2587 874 2610 verumtamen
894 2584 937 2611 hic
960 2592 1045 2612 novus

264 2627 343 2654 homo
358 2633 464 2655 creatus
473 2633 524 2660 est,
539 2636 619 2663 quem
645 2628 690 2654 ille
702 2635 757 2654 non
783 2629 975 2657 enarrabilium
989 2639 1048 2666 my-

297 2683 319 2698 “
339 2682 416 2711 Rom.
431 2693 449 2718 l,
472 2685 517 2712 25.

298 2742 335 2776 (ιι)
351 2741 378 2768 lu
394 2742 488 2770 Grmco
500 2751 551 2770 non
565 2744 591 2770 in
604 2743 722 2771 editione
736 2745 849 2778 vulgari.
866 2745 942 2773 Hunc
957 2747 1045 2773 locum

262 2778 422 2819 gravissime
438 2783 462 2805 et
483 2779 670 2812 copiosissime
686 2783 782 2807 tractat
798 2782 825 2807 I).
843 2781 894 2808 ll.|.
917 2790 936 2813 ι,
955 2782 996 2814 12,
1013 2783 1046 2809 de

269 2811 405 2840 l'rinitale.

556 2685 578 2700 ³⁷
595 2684 675 2712 Prov.
692 2693 749 2718 vui,
771 2685 817 2713 9.9.

1067 2117 1086 2142 ι)

856 2687 878 2702 ⁸⁸
899 2686 976 2714 Rom.
994 2696 1054 2721 viil,
1070 2689 1114 2716 20.

1102 1491 1266 1526 σαφέστερον
1294 1492 1367 1523 ὅπως
1388 1491 1458 1526 ἔχει·
1490 1492 1559 1527 πλὴν
1585 1492 1695 1519 δυνατὸν
1713 1493 1745 1520 ἂν
1776 1492 1821 1528 εἴη
1848 1494 1892 1520 καὶ

1099 1537 1132 1563 δι’
1155 1537 1253 1571 ὀλίγων
1283 1538 1338 1569 τοῖς
1355 1537 1508 1573 εὐγνώμοσι
1538 1538 1704 1573 παραδοῦναι
1730 1538 1762 1564 τὸ
1787 1539 1890 1575 νόημα·

1099 1581 1206 1615 λέγουσι
1221 1581 1275 1617 γὰρ
1289 1582 1336 1609 καὶ
1347 1583 1424 1609 τοῦτό
1438 1592 1509 1614 τινες
1523 1583 1575 1609 τῶν
1585 1583 1620 1610 δι’
1630 1584 1773 1620 ἀκριῆεἰας
1786 1585 1823 1611 τὰ
1837 1585 1893 1611 Θεῖα

1099 1628 1338 1664 πεπαιδευμένων,
1365 1630 1405 1656 ὅτι
1432 1630 1461 1655 οὺ
1485 1630 1638 1665 γέγραπται
1665 1631 1729 1666 παρ’
1750 1631 1893 1667 Ἐΰραίους

1099 1674 1129 1700 τὸ
1151 1675 1251 1701 ἔκτισε
1268 1683 1274 1688 ·
1296 1675 1343 1702 καὶ
1361 1676 1440 1710 ἡμεῖς
1468 1676 1497 1702 ἐν
1521 1677 1709 1713 ἀρχαιοτέραις
1727 1677 1832 1712 βίϐλοις
1850 1678 1893 1704 ἀν-

1100 1720 1241 1756 έγνωμεν,
1281 1722 1461 1756 Ἐκτήσατο,
1497 1724 1685 1759 γεγραμμένον
1700 1745 1708 1756 ,
1749 1725 1813 1751 ἀντὶ
1847 1725 1892 1752 τοῦ

1100 1767 1199 1793 ἕκτισέ
1220 1775 1268 1800 με.
1320 1768 1461 1803 Ἐμφαίνει
1491 1769 1520 1795 δὲ
1545 1770 1653 1801 πάντως
1683 1770 1728 1796 τὸν
1763 1771 1893 1806 δοῦλονή

1100 1813 1188 1844 κτίσις
1213 1813 1257 1839 διὰ
1279 1813 1332 1839 τῶν
1355 1814 1546 1849 παροιμιακῶν
1567 1816 1613 1841 καὶ
1636 1817 1822 1851 αἰνιγμάτων,
1850 1819 1894 1844 τὸν

1099 1859 1132 1885 δι’
1159 1859 1232 1894 ἡμᾶς
1256 1859 1423 1886 ἀναλαϐόντα
1449 1860 1497 1896 τὴν
1519 1860 1565 1887 τοῦ
1590 1861 1682 1888 δούλου
1707 1864 1830 1898 μορφήν.
1864 1864 1894 1890 Εἰ

1099 1904 1127 1930 δέ
1153 1913 1193 1936 τις
1214 1905 1260 1931 καὶ
1292 1905 1341 1940 τὴν
1363 1906 1560 1941 ἐπικρατοῦσαν
1582 1908 1610 1934 ὲν
1635 1909 1694 1939 ταῖς
1716 1909 1894 1943 Ἐκκλητίαις

1100 1950 1250 1983 ἀνάγνωσιν
1280 1951 1308 1975 ἐν
1333 1951 1370 1984 τῷ
1400 1951 1477 1986 μέρει
1505 1953 1590 1988 τούτῳ
1618 1954 1801 1989 προϐὰλοιτο,
1834 1956 1895 1982 οὐδὲ

1099 1995 1158 2030 τὴν,
1175 1997 1326 2028 Ἐκτισεν,
1341 1997 1432 2033 φωνὴν
1453 1998 1650 2034 ἀποϐάλλομεν.
1677 2001 1731 2026 Καὶ
1742 2001 1826 2027 τοῦτο
1841 2002 1895 2036 γὰρ

1102 2042 1168 2077 πρὸς
1182 2043 1230 2076 τὴν
1241 2043 1334 2069 δούλου
1349 2043 1485 2078 σημασίαν
1496 2043 1539 2070 διὰ
1552 2044 1598 2070 τοῦ
1609 2045 1769 2080 αἰνίγματος
1786 2046 1894 2081 βλέπει·

1100 2087 1192 2122 ἐπειδὴ
1216 2087 1303 2115 Πᾶσα
1324 2089 1343 2121 ἡ
1364 2089 1461 2122 att/mc
1483 2089 1631 2122 δουλεύει,
1660 2091 1752 2122 καθώς
1779 2101 1866 2128 φησιν
1882 2095 1896 2119 ὸ

1108 2132 1276 2164 Ἀπόστολος.
1301 2134 1349 2160 Διὰ
1369 2134 1447 2160 τοῦτο
1470 2135 1516 2161 καὶ
1534 2135 1636 2171 ταύτην
1659 2137 1751 2172 φωνὴν
1770 2139 1896 2170 εὐσεΰῶς

1101 2177 1171 2212 ἔχειν
1184 2179 1282 2214 φαμέν.
1309 2180 1434 2215 Ἐκτίσθη
1450 2181 1503 2216 γὰρ
1518 2181 1625 2217 ἀληθῶς
1642 2184 1685 2209 ἐπ’
1700 2183 1820 2218 ἐσχάτου
1840 2186 1895 2211 τῶν

1102 2225 1212 2259 ἡμερῶν
1227 2226 1240 2251 ο
1254 2225 1286 2251 δι’
1303 2226 1374 2260 ἡμᾶς
1388 2225 1448 2251 καθ’
1462 2227 1535 2262 ἡμᾶς
1549 2228 1692 2262 γενόμενος
1702 2237 1708 2242 ·
1724 2229 1739 2255 ό
1751 2231 1781 2255 ἐν
1796 2231 1848 2265 μὲν
1862 2233 1894 2266 τῇ

1100 2270 1170 2305 ἀρχῇ
1187 2270 1270 2304 Λόγος
1287 2270 1324 2297 ὢν
1343 2272 1388 2297 καὶ
1404 2271 1480 2303 Θεὸς,
1502 2273 1569 2307 μετὰ
1581 2273 1666 2301 ταῦτα
1679 2274 1707 2301 δὲ
1731 2275 1804 2311 σὰρξ
1819 2277 1895 2310 γενό-

1103 2322 1181 2349 μενος
1195 2315 1239 2340 καὶ
1253 2315 1404 2350 ἅνθρωπος.
1429 2317 1530 2352 Κτιστὴ
1543 2317 1570 2343 δὲ
1585 2318 1635 2352 τῆς
1651 2320 1752 2354 σαρκὸς
1767 2322 1784 2356 ἡ
1801 2322 1894 2355 φύσις,

1101 2358 1134 2396 ἧς
1165 2361 1306 2396 μετασχὼν
1335 2362 1405 2388 κατὰ
1434 2363 1521 2389 πάντα
1545 2364 1606 2390 καθ’
1633 2366 1783 2401 ὁμοιότητα
1811 2368 1897 2403 χωρὶς

1101 2405 1246 2440 ἁμαρτίας.
1276 2406 1402 2441 Ἐκτίσοη
1429 2407 1457 2433 δὲ
1474 2408 1543 2434 κατὰ
1554 2408 1630 2440 Θεὸν,
1651 2410 1681 2435 οὺ
1698 2411 1770 2437 κατὰ
1786 2411 1896 2446 ἇνθριυ‹

1103 2460 1162 2484 πον,
1187 2451 1277 2483 καθώς
1292 2461 1373 2487 φησιν
1392 2453 1560 2486 Ἀπόστολος,
1582 2455 1672 2481 καινόν
1695 2465 1757 2483 τινα
1778 2459 1897 2493 τρόπον,

1101 2499 1147 2524 καὶ
1161 2498 1191 2524 οὐ
1206 2498 1276 2524 κατὰ
1297 2499 1346 2533 τὴν
1361 2499 1534 2535 ἀνθρωπίνην
1554 2501 1707 2535 συνήθειαν.
1735 2503 1898 2540 Ἐμάθομεν

1101 2542 1154 2576 γάρ
1166 2543 1206 2568 ὅτι
1225 2543 1256 2568 ἐκ
1275 2543 1431 2578 Πνεύματος
1451 2545 1538 2578 ἁγίου,
1555 2547 1600 2572 καὶ
1619 2546 1668 2581 τῆς
1689 2547 1737 2573 τοῦ
1761 2549 1899 2584 ’Υιξιίστου

1100 2587 1250 2622 δυνάμεως,
1271 2589 1340 2624 πλὴν
1356 2590 1412 2616 ἀλλ’
1429 2590 1539 2626 ἐκτίσθη
1554 2592 1567 2617 ό
1586 2593 1677 2624 καινὶς
1693 2592 1774 2625 οὗτος
1786 2595 1900 2632 ἄνθρω-

1101 2643 1161 2665 πος,
1177 2634 1205 2660 ὃν
1219 2634 1322 2661 κελεύει
1336 2635 1349 2661 ὁ
1362 2635 1416 2662 τῶν
1429 2637 1555 2672 ἀρρήτων
1574 2639 1732 2674 μυστηρίων
1747 2641 1901 2676 ὑφηγητὴς

1153 2690 1175 2705 ³³
1185 2690 1237 2717 lsa.
1255 2699 1316 2724 XLV,
1329 2691 1355 2718 4.

1137 2748 1174 2782 (ιν)
1191 2748 1219 2775 D.
1235 2749 1327 2781 Basil.,
1347 2751 1393 2779 lib.
1414 2759 1439 2777 ιν
1454 2755 1548 2778 contra
1565 2752 1693 2784 Euuom.,
1712 2755 1806 2781 locum
1823 2755 1900 2781 hunc

1101 2782 1179 2844 [Prtgh
1204 2792 1262 2816 \‘Itl,
1276 2785 1320 2817 ‘22,
1336 2794 1389 2812 non
1406 2787 1530 2822 intelligit
1543 2787 1575 2814 de
1591 2782 1709 2816 humana
1723 2790 1832 2817 Christi
1850 2797 1900 2817 na-

1112 2826 1143 2844 ur
1164 2837 1170 2843 .

1112 2826 1170 2844 ura.
