1957 3079
79 117 117 148 521

610 111 748 140 CONTRA
767 111 967 143 EUNOMIUM,
988 111 1052 138 LIB.
1076 112 1106 138 ll.

1067 39 1087 50 ς

1625 111 1678 141 522

105 175 132 203 τι
148 181 178 209 με
192 170 240 207 χρὴ
261 169 325 205 περὶ
340 169 441 196 τούτων
456 168 539 195 πλείω
555 168 680 200 διεξιέναι
693 178 700 202 ;
717 169 772 204 Τῆς
785 169 834 196 αὒ-

921 169 1024 204 Ecquid
1036 174 1078 196 est
1089 176 1201 196 necesse
1214 176 1255 196 me
1271 168 1304 196 de
1317 168 1359 196 his
1372 168 1500 204 pluribus
1511 169 1602 198 verbis
1617 169 1660 197 dis
1669 183 1679 190 -

77 224 117 258 τῆς
129 212 178 254 γὰρ
191 217 277 252 ἔχεται
293 215 466 251 βλασφημίας
476 234 483 247 ,
503 215 550 242 καὶ
569 214 602 241 τὰ
616 215 668 250 πρὸ
682 215 784 242 τούτων
800 216 838 241 εἰ-

77 266 174 305 ρημένα·
186 263 328 294 Λαϐύντα,
342 262 434 296 φησὶν,
450 261 528 295 παρὰ
539 261 591 287 τοῦ
608 262 721 294 Πατρός
733 260 836 293 δόξαν.

77 315 105 341 οὐ
120 310 168 345 τῆς
185 309 298 335 ἐκείνου
318 307 523 342 μεταλαϐόντα
536 307 642 340 δόξης·
660 306 840 341 ἀμετάδοτος

77 359 121 395 me
135 358 151 392 ἡ
164 355 232 387 δόξα
249 354 301 380 τοῦ
323 353 561 388 παντοκράτορος
586 354 669 380 Θεοῦ.
697 352 766 387 Ἐγὼ
786 353 839 388 γὰρ

76 405 95 431 εἰ
113 403 154 430 καὶ
171 401 230 436 περὶ
254 399 392 431 Μωῦσέως
415 400 429 426 6
451 400 528 434 λόγος
547 397 581 435 ἦν
602 399 649 426 τοῦ
668 398 840 431 δοξασθέντος

77 452 99 477 ὲν
111 450 138 485 τῇ
151 446 265 481 διακονίᾳ.
279 446 326 472 τοῦ
342 446 439 481 νόμου,
455 446 509 472 οὐδ’
523 445 609 477 οὕτως
624 445 727 481 ἤνεγκα
745 444 777 471 ἂν
795 445 840 471 τὸν

74 495 175 522 τοιοῦτον
188 493 272 526 λόγον.
291 493 337 523 ⁸ος
351 493 374 519 εἰ
388 491 434 518 καὶ
450 492 490 518 ὅτι
506 491 638 527 μηδεμίαν
652 491 721 526 ἔχων
736 490 840 517 οἴκοθεν

74 541 139 573 δόξαν
157 539 264 569 ἐκεῖνος,
286 537 331 564 διὰ
350 538 399 572 τῆς
414 536 562 572 γενομένης
586 536 660 571 αὐτῷ
682 535 772 562 Θεόοεν
788 536 838 562 δω-

74 587 140 622 ρεᾶς,
154 583 251 615 ἔνδοξος
265 583 369 619 ἀθρόως
383 585 438 614 τοῖς
459 582 638 618 Ἰσραηλίταις
654 581 749 617 ἐφάνη.
767 581 840 614 Αὐτὴ

73 632 145 667 γὰρὴ
164 629 293 664 γενομένη
313 628 351 664 τῷ
368 629 500 665 νομοθέτῃ
519 628 581 660 δόξα
602 628 653 655 οὐκ
674 627 753 654 ἄλλου
769 626 841 658 τινὸς

71 677 107 714 ἦν,
119 677 180 704 ἀλλὰ
193 676 274 702 αὑτοῦ
296 676 342 702 τοῦ
359 674 438 707 Θεοῦ,
460 675 493 711 ἣν
506 675 610 706 πάντας
628 674 733 701 κελεύει
751 673 841 708 ζητεῖν

72 725 95 751 ὲν
109 723 143 758 τῷ
155 721 306 756 Εὖαγγελίῳ
321 722 335 747 ὁ
355 720 456 756 Κύριος
468 740 474 752 ,
490 719 522 746 δι’
538 716 574 746 ὧν
586 719 704 745 αἰτιᾶται
717 718 778 748 τοὺς
797 716 841 751 τὴν

70 768 226 804 ἀνθρωπίνην
244 767 322 800 δόξαν
343 767 406 802 περὶ
427 765 524 792 πολλοῦ
548 765 734 800 ποιουμένους,
750 762 798 798 τὴν
813 762 841 788 δὲ

70 814 134 850 παρὰ
155 813 231 850 μόνου
253 813 300 839 τοῦ
324 812 390 839 Θεοῦ
414 811 491 844 δόξαν
512 811 549 847 μὴ
568 810 724 846 ζητοῦντας.
743 810 780 835 Δι’
804 805 841 834 ὢν

889 216 998 244 serere?
1019 214 1145 243 Eamdem
1170 216 1242 243 enim
1269 215 1370 243 habent
1394 212 1593 251 blasphemiam
1618 223 1680 251 qua:

889 261 1043 296 pratcedunl
1057 260 1285 295 dictazadeptum.
1297 262 1396 296 inquit,
1415 270 1431 288 α
1445 261 1526 289 Patre
1549 262 1677 298 gloriam,

889 315 939 333 non
950 307 1023 333 illius
1034 311 1182 334 consortem
1192 307 1244 334 sive
1254 307 1411 342 participem
1424 308 1535 342 gloria»:
1545 317 1597 336 non
1610 309 1678 336 enim

889 357 926 379 est
935 351 1161 379 communicabilis
1174 351 1221 379 Dei
1230 353 1417 388 omnipotentis
1427 354 1524 388 gloria.
1539 353 1594 389 Ego
1604 355 1678 382 enim

891 399 998 426 tametsi
1013 398 1048 426 de
1065 399 1124 426 solo
1140 398 1213 426 Mose
1228 406 1318 426 sermo
1335 399 1431 427 fuisset
1450 400 1477 427 in
1504 400 1573 435 legis
1596 401 1679 428 mini»

891 444 974 471 sterio
990 444 1149 479 gloriﬁcato,
1163 438 1303 480 nunquam
1315 449 1406 473 tamen
1427 446 1508 473 talem
1523 447 1678 474 orationem

891 491 1080 525 protulissem:
1101 493 1148 526 qui
1162 491 1226 520 licet
1239 492 1312 520 nulla
1324 500 1357 520 ex
1371 492 1463 528 seipso
1472 493 1558 528 gloria
1571 494 1678 527 clarus,

891 540 981 564 tamen
1000 544 1047 572 per
1063 537 1091 565 id
1107 537 1209 566 donum
1226 538 1299 573 quod
1317 539 1342 565 ei
1360 538 1493 566 divinitus
1509 540 1622 572 accidit,
1644 541 1680 568 il-

892 583 987 610 lustris
1007 587 1034 611 et
1053 584 1192 619 gloriosus
1210 584 1344 613 lsraelitis
1359 589 1433 613 totus
1459 589 1572 620 repente
1595 593 1680 621 appa—

892 630 947 656 ruit
970 629 1002 656 ‘9.
1028 631 1089 665 Ipsa
1114 631 1187 658 enim
1206 639 1267 666 quae
1288 631 1315 658 in
1341 638 1373 659 eo
1394 631 1554 665 legislatore
1577 631 1681 660 eﬂ‘ulsit

892 675 1015 707 claritas,
1041 683 1094 703 non
1119 676 1189 704 alius
1213 677 1377 712 Cujusquam
1395 680 1465 708 erat,
1489 684 1572 712 quam
1593 677 1681 711 ipsius

892 721 951 755 Dei,
969 729 1050 757 quam
1064 729 1161 750 omnes
1179 730 1304 757 quaerere
1321 722 1400 756 jubet
1418 722 1445 748 in
1463 721 1613 756 Evangelia
1627 721 1682 748 Do-

893 767 985 794 minus
998 768 1038 799 ‘9,
1056 775 1104 802 per
1125 776 1156 796 ea
1178 768 1260 795 verba
1291 768 1392 803 quibus
1421 775 1469 795 eos
1495 772 1610 795 accusat
1633 767 1681 802 qui

894 813 1040 840 humanam
1061 814 1174 849 gloriam
1192 814 1430 849 magnifacientes,
1444 821 1505 848 quae
1522 821 1537 840 a
1559 813 1618 840 solo
1640 818 1682 840 est

69 861 114 896 γὰρ
131 860 216 895 ζητεῖν
232 858 424 885 ἐνεκελεύσαντο
441 858 490 893 τὴν
509 857 582 892 παρὰ
601 856 648 882 τοῦ
667 855 746 890 μόνου
772 854 839 881 Θεοῦ

893 856 947 885 Deo
958 858 1072 893 gloriam
1081 866 1135 885 non
1149 861 1286 893 quaerunt.
1300 858 1351 885 Per
1363 866 1423 893 quae
1435 858 1509 885 enim
1523 865 1584 892 qua).
1593 865 1607 884 a
1620 857 1681 886 solo

68 907 143 938 δόξαν,
163 905 191 931 τὸ
206 905 319 931 δυνατὸν
335 901 403 931 εἶναι
424 904 514 938 τυχεῖν
530 902 576 928 τοῦ
594 902 759 937 ζητουμένου
776 910 840 927 κατ-

67 951 241 988 επηγγείλατο.
257 951 317 982 Πῶς
329 948 375 976 οὖν
390 949 555 985 ἀμετάδοτος
602 949 664 981 δόξα
678 947 724 974 τοῦ
735 947 839 974 Παντο-

66 998 194 1032 κράτορος,
214 996 241 1022 εἴ
264 1004 296 1030 γε
317 995 363 1021 καὶ
379 995 431 1030 χρὴ
451 994 499 1029 τὴν
515 994 590 1029 παρὰ
608 993 653 1019 τοῦ
673 993 752 1028 μόνου
771 992 838 1020 Θεοῦ

65 1044 132 1076 δόξαν
144 1044 235 1074 αἰτεῖν,
251 1042 298 1068 καὶ
313 1041 366 1072 πᾶς
378 1042 392 1066 ό
405 1040 487 1067 αἰτῶν
499 1039 630 1074 λαμὸάνει
646 1038 716 1064 κατᾶ
730 1037 778 1073 τὴν
793 1037 839 1064 τοῦ

64 1090 155 1125 Κυρίου
174 1087 283 1122 φωνήν;
310 1087 339 1113 '0
362 1086 390 1112 δὲ
412 1086 475 1120 περὶ
493 1085 540 1112 τοῦ
559 1085 774 1119 ἀπαυγάσματος
789 1084 840 1119 τῆς

64 1135 131 1169 δόξης
148 1134 242 1168 λέγων,
261 1134 301 1160 ὅτι
314 1131 403 1160 λαόὼν
420 1131 476 1167 ἔχει
490 1132 538 1165 τὴν
554 1131 643 1164 δόξαν,
659 1130 733 1156 οὐδὲν
747 1130 839 1164 ἕτερον

63 1181 137 1214 λέγει,
153 1180 168 1215 ἢ
187 1180 228 1206 ὅτι
246 1179 338 1212 ἄδοξον
363 1177 422 1205 καθ’
441 1177 521 1204 ἑαυτὸ
535 1177 565 1203 τὸ
582 1177 630 1211 τῆς
652 1176 730 1211 δόξης
750 1175 840 1201 ἀπαύ-

63 1234 146 1261 γασμα
156 1235 162 1241 ·
174 1224 274 1261 χρῄζει
283 1225 311 1252 δὲ
324 1224 416 1251 λαϐεῖν
431 1223 493 1259 παρ’
506 1223 599 1259 ἐτέρου
613 1222 701 1255 δόξαν,
712 1222 756 1248 ἵνα
769 1220 840 1248 οὕτω

62 1272 118 1302 ποτὲ
131 1271 175 1299 καὶ
186 1270 269 1302 αὐτὸς
284 1269 394 1305 γένηται
410 1268 510 1305 Κύριός
523 1277 594 1300 τινος
606 1268 684 1303 δόξης
694 1276 701 1283 τ
719 1267 770 1295 ποῦ
784 1267 840 1297 τοί-

62 1325 101 1343 νυν
114 1317 228 1351 θήσομεν
241 1317 294 1347 τὰς
307 1315 356 1350 τῆς
369 1314 495 1350 ἀληθείας
512 1313 612 1348 φωνὰς,
630 1314 679 1349 τήν
700 1322 729 1340 τε
744 1313 840 1349 λέγου-

62 1362 305 1398 σανβςαθήσεο-θαι
319 1360 452 1388 αὺτὸν-ὲν
465 1359 582 1394 τῇδόξῃ
592 1359 643 1387 τοῦ
656 1361 779 1393 Πατρός’
793 1359 840 1387 καὶ

62 1408 147 1440 πάλιν,
159 1409 200 1434 ὅτι
221 1406 325 1434 Πάντα
339 1405 357 1432 ἁ
370 1405 431 1440 ἔχει
447 1406 463 1432 ό
478 1405 579 1439 Πατὴρ
596 1403 652 1440 ἐμά
668 1405 752 1432 ἐῢ-τιν
768 1406 839 1436 ςτίνι

61 1454 105 1490 χρὴ
118 1454 260 1490 προσέχειν
278 1452 325 1481 τὸν
342 1451 474 1479 ἀκούοντα
488 1459 494 1484 ;
511 1451 550 1487 τῷ
566 1450 669 1486 λέγοντι
682 1452 722 1477 ὅτι
739 1451 840 1487 ἀμέτο-

891 903 947 931 Deo
965 908 1008 931 cst
1022 904 1137 939 gloriam
1153 912 1276 939 quaerere
1295 904 1396 939 jussit;
1412 903 1439 931 id
1459 903 1532 939 quod
1548 904 1681 939 quaeritur

891 949 985 977 haberi
1008 957 1088 985 posse
1108 954 1182 978 certe
1207 950 1343 985 promisit.
1367 950 1510 982 Quomodo
1530 950 1614 986 igitur
1633 949 1681 977 Dei

891 997 1087 1031 omnipotentis
1113 996 1199 1031 gloria
1217 995 1422 1023 communicari
1444 1003 1500 1023 non
1529 999 1630 1030 potest,
1657 995 1680 1023 si

890 1047 999 1077 oportet
1014 1051 1074 1070 eam
1091 1050 1152 1077 quae
1165 1050 1179 1069 a
1197 1043 1256 1070 solo
1277 1041 1331 1069 Deo
1347 1045 1388 1070 est
1402 1042 1514 1077 gloriam
1529 1041 1680 1076 postulare,

890 1092 917 1116 et
939 1089 1028 1116 omnis
1050 1089 1096 1124 qui
1113 1089 1181 1124 petit
1197 1089 1307 1124 accipit,
1329 1089 1479 1117 secundum
1503 1087 1612 1115 Domini
1634 1095 1682 1114 vo-

891 1142 948 1162 cem
965 1134 1006 1161 '°?
1021 1135 1073 1168 Qui
1089 1139 1179 1163 autem
1196 1135 1229 1163 de
1241 1135 1389 1171 splendore
1401 1135 1494 1171 gloria:
1511 1135 1590 1165 dicit,
1607 1134 1682 1169 quod

891 1188 950 1208 eam
969 1181 1051 1208 habet
1068 1181 1184 1216 gloriam
1200 1189 1283 1216 quam
1299 1182 1415 1216 accepit,
1433 1181 1501 1208 nihil
1515 1179 1589 1207 aliud
1603 1179 1681 1211 dicit.

891 1233 971 1260 quam
991 1225 1084 1261 gloriae
1099 1226 1273 1260 splendorem
1285 1235 1333 1262 per
1345 1227 1465 1262 seipsum
1477 1225 1572 1261 gloria:
1585 1232 1683 1260 experv

891 1276 944 1298 tem
961 1279 1037 1305 esse;
1058 1271 1092 1298 ab
1102 1271 1187 1299 altero
1200 1271 1273 1300 enim
1286 1272 1402 1307 gloriam
1420 1271 1526 1306 indiget
1543 1264 1680 1305 accipere.

891 1321 920 1344 ut
937 1317 977 1345 sic
997 1317 1145 1352 aliquando
1170 1318 1216 1344 tiat
1242 1317 1374 1345 Dominus
1396 1317 1506 1353 glorim:
1525 1316 1571 1343 ubi
1595 1315 1680 1351 igitur

891 1363 1013 1390 veritatis
1027 1371 1109 1391 voces
1125 1371 1268 1398 ponemus,
1287 1369 1312 1390 et
1328 1371 1387 1391 eam
1404 1370 1465 1398 qua:
1485 1362 1570 1394 dicit,
1590 1361 1680 1396 ipsum

891 1410 1033 1436 ridendum
1047 1418 1102 1436 esse
1124 1411 1150 1436 in
1174 1409 1261 1445 gtoria
1277 1409 1323 1436 Dei
1340 1409 1429 1436 Patris
1444 1409 1466 1425 ⁵¹
1484 1418 1489 1435 :
1517 1412 1544 1436 et
1571 1408 1683 1440 iterum,

892 1455 987 1483 Omnia
1004 1463 1063 1490 quae
1076 1455 1151 1482 habet
1178 1455 1279 1487 Pater,
1302 1463 1359 1482 mea
1387 1460 1449 1482 sunt
1471 1455 1515 1482 "‘2
1537 1455 1582 1481 cui
1604 1453 1683 1482 ﬁdem

61 1500 102 1535 χός
116 1501 171 1526 ἔστι
186 1500 235 1534 τῆς
253 1498 301 1527 τοῦ
312 1498 417 1534 [ἰατρὸς
431 1498 510 1533 δόξης
524 1499 540 1524 ὀ
551 1497 672 1525 πάντων
685 1498 785 1524 uin-6r
800 1496 839 1530 τῷ

893 1501 1021 1528 adhibere
1046 1505 1153 1536 oportet
1173 1501 1346 1528 auditorem?
1372 1508 1405 1527 an
1433 1501 1458 1528 ei
1488 1500 1535 1535 qui
1559 1503 1685 1527 autumat

60 1545 142 1580 Πατρί
159 1546 359 1580 κληρονόμος,
368 1543 458 1576 καθώς
467 1552 548 1579 φησιν
559 1545 574 1570 6
592 1543 751 1574 ’Λπόστολος
759 1551 765 1558 ⁸
776 1541 846 1578 ἢτῷ.

60 1591 222 1626 ὁμολογοῦντι
236 1591 278 1618 ὅτι
297 1590 398 1617 Πάντα
410 1589 468 1616 ὅσα
479 1589 493 1616 ἐ
495 1598 540 1624 χει
555 1590 571 1616 ό
585 1589 686 1624 Πατὴρ
700 1589 747 1615 καὶ
763 1588 841 1619 αὐτὸς

60 1638 122 1673 ἔχεις
142 1638 186 1665 Ἐν
201 1638 230 1664 δὲ
243 1638 301 1669 τοῖς
314 1637 379 1663 πᾶσι
394 1636 440 1663 καὶ
451 1637 467 1672 ὴ
478 1635 540 1667 δόξα
553 1635 659 1667 πάντως
669 1635 752 1662 ἐστίν.
772 1635 840 1661 ’.ἁλλ’

60 1683 213 1718 ἀμετάδητον
229 1680 302 1709 εἷναί
318 1690 384 1717 φησι
396 1681 444 1717 τὴν
459 1681 537 1714 δόξαν
551 1681 597 1707 τοῦ
607 1681 838 1716 Παντοκράτορος·

59 1728 128 1755 τοῦτο
141 1727 201 1754 οὔτε
213 1729 228 1754 6
250 1727 328 1765 Ίωὴλ
344 1726 404 1755 οὔτε
420 1727 433 1754 6
451 1726 536 1761 μέγας
549 1726 651 1761 Πέτρος
664 1726 840 1762 μαρτύρεται,

58 1774 71 1800 6
89 1774 131 1800 τὸν
146 1774 319 1810 προφητικὸν
342 1773 418 1807 λόγον
435 1774 463 1800 ὲν
487 1774 519 1808 τῇ
539 1773 693 1808 δημηγορίᾳ
714 1773 747 1808 τῇ
775 1772 842 1808 πρὸς

59 1819 114 1850 τοὺς
136 1819 282 1850 Ἰουδαίους
301 1817 518 1853 οίκειωσάμενος.
544 1818 612 1853 Φησὶ
633 1817 686 1854 γὰρ
707 1819 737 1845 ἐκ
759 1826 843 1853 προσ-

58 1864 125 1890 ώπου
136 1864 182 1891 τοῦ
198 1865 281 1896 θεοῦ,
293 1865 307 1890 ὅ
320 1873 348 1890 τε
369 1864 519 1899 προφήτης,
532 1863 578 1890 καὶ
589 1865 602 1891 6
624 1864 770 1897 ἀπόστολος
781 1883 787 1895 ,
803 1863 842 1889 ὅτι

65 1909 167 1945 ’Ξκχεῶ
193 1911 256 1942 ἀπὸ
289 1909 343 1937 τοῦ
379 1911 548 1945 πνεύματός
575 1918 635 1944 μου
665 1909 713 1935 ἐπὶ
740 1909 843 1936 πᾶσαν

57 1957 157 1991 σάρκα.
179 1957 209 1984 ’0
224 1957 319 1989 τοίνυν
332 1955 377 1983 τοῦ
394 1956 458 1983 ίδίου
473 1955 626 1990 πνεύματος
640 1954 689 1990 τῆς
704 1954 843 1986 κοινωνίας

58 2002 125 2038 τήτῃ
141 2004 224 2038 σαρκὶ
237 2003 277 2039 μὴ
290 2001 441 2037 φθονήσας,
454 2001 511 2033 πῶς
527 2001 565 2036 τῷ
580 2000 724 2034 Μονογενεῖ
738 2000 793 2034 Υἱῷ
805 2000 843 2035 τῷ

56 2048 106 2075 Βντι
122 2051 150 2076 ὲν
172 2051 231 2082 τοῖς
252 2050 364 2082 κόλποις
380 2049 424 2075 τοῦ
451 2048 565 2083 Πατρός,
584 2047 623 2082 τῷ
645 2048 733 2074 πάντα
757 2047 843 2081 ἔχοντι

57 2095 101 2121 ὅσα.
116 2097 130 2122 6
143 2096 244 2132 Πατὴρ
268 2095 336 2132 ἔχει,
359 2095 407 2131 τῆς
431 2094 531 2125 οἰκείας
548 2093 626 2127 δόξης
642 2093 671 2123 οὐ
699 2091 844 2128 μεταδίδω-

56 2149 111 2173 σιν;
134 2142 169 2167 Ἢ
190 2141 266 2176 τάχα
287 2141 358 2170 εἴποι
377 2149 417 2171 τις
434 2140 467 2166 ἂν
490 2139 631 2175 ἀληθεύειν
646 2138 691 2164 τὸν
714 2138 844 2173 Εὐνόμιον

893 1547 968 1574 illum
980 1555 1033 1574 non
1045 1555 1107 1574 esse
1120 1546 1209 1574 Patris
1221 1547 1314 1582 gloria:
1324 1546 1497 1581 participem,
1509 1546 1553 1580 qui
1566 1545 1684 1572 omnium

892 1596 929 1618 est
947 1592 972 1618 in
990 1591 1071 1618 Patre
1097 1592 1197 1622 Imres.
1219 1592 1291 1618 sicut
1304 1591 1342 1618 ait
1361 1591 1510 1626 Apostolus
1531 1590 1554 1606 ⁵³
1577 1599 1583 1616 :
1603 1597 1638 1617 an
1654 1589 1677 1617 ei

892 1637 938 1672 qui
955 1637 1102 1665 conlitetur
1116 1645 1147 1665 se
1170 1637 1272 1665 habere
1291 1636 1381 1665 omnia
1399 1644 1458 1671 quae
1483 1634 1566 1662 Pater
1585 1634 1686 1662 habet?

893 1691 954 1709 nam
979 1684 1005 1710 in
1031 1683 1158 1711 omnibus
1188 1683 1246 1717 ipsa
1271 1682 1357 1718 gloria
1383 1682 1494 1717 penitus
1515 1681 1684 1708 continetur.

893 1729 944 1756 llic
971 1733 1062 1756 autem
1084 1729 1224 1756 inliciatur
1239 1727 1446 1764 Omnipotentis
1467 1727 1582 1763 gloriam
1604 1733 1686 1761 posse

893 1775 1109 1803 communicari:
1132 1775 1180 1802 sed
1198 1774 1353 1809 hocneque
1366 1772 1436 1805 Joel,
1464 1781 1552 1807 neque
1570 1779 1686 1807 magnus

893 1821 990 1848 Petrus
1007 1824 1142 1852 testatur,
1173 1815 1227 1854 qui
1250 1818 1440 1854 propheticum
1458 1825 1613 1846 sermonem
1627 1818 1685 1844 ll‘in

893 1867 1026 1894 concione
1043 1866 1077 1893 ad
1100 1865 1212 1895 Iudaeos
1230 1865 1282 1892 sibi
1304 1864 1445 1900 proprium
1463 1863 1537 1891 fecit.
1560 1862 1628 1890 Nam
1651 1871 1684 1890 ex

893 1920 1011 1948 persona
1031 1911 1120 1946 ipsius
1136 1911 1182 1938 Dei
1208 1911 1298 1946 inquit
1316 1910 1461 1946 propheta,
1480 1912 1506 1936 et
1531 1909 1683 1943 apostolus,

895 1957 1039 1993 E/fundum
1051 1956 1082 1985 de
1098 1957 1194 1992 spiritu
1211 1965 1265 1984 mea
1287 1957 1314 1984 in
1335 1963 1438 1982 onmem
1456 1962 1562 1981 carnem
1585 1954 1618 1980 ".
1634 1953 1686 1987 Qui

894 2005 977 2040 igitur
1006 2004 1048 2031 sui
1074 2003 1188 2038 spiritus
1210 2001 1489 2030 communicationem
1515 2000 1589 2027 omni
1610 2000 1687 2027 carni

895 2059 948 2078 non
977 2051 1087 2083 invidit,
1110 2049 1250 2085 quomodo
1262 2048 1409 2084 Unigenito
1433 2046 1502 2074 Filio
1520 2046 1566 2081 qui
1589 2049 1631 2073 est
1658 2046 1686 2072 in

895 2097 1001 2125 sinibus
1016 2096 1104 2124 Patris
1113 2096 1146 2128 ",
1164 2096 1210 2132 qni
1223 2095 1305 2122 habet
1316 2101 1489 2129 quacunque
1497 2092 1580 2119 Pater
1592 2092 1686 2123 habet,

896 2151 972 2171 suam
987 2143 1104 2178 gloriam
1121 2151 1175 2169 non
1192 2141 1336 2177 impertit?
1356 2141 1398 2167 An
1414 2147 1469 2167 non
1490 2139 1608 2166 fortasse
1625 2138 1687 2172 quis

38 2183 41 2186 ⁴
57 2186 81 2211 ὲν
92 2186 178 2221 τούτῳ
195 2188 245 2213 καὶ
265 2187 304 2224 μὴ
322 2185 499 2221 βουλόμενον;
524 2184 585 2211 Ἐπὶ
604 2185 652 2220 μὲν
669 2184 722 2219 γὰρ
743 2183 789 2212 τοῦ
808 2183 841 2218 μί

898 2190 997 2218 dixerit
1024 2190 1052 2217 in
1072 2197 1104 2217 eo
1129 2196 1225 2216 verum
1247 2187 1339 2215 dicere
1363 2186 1538 2217 Eunomium,
1555 2184 1637 2212 etiam
1664 2185 1687 2211 si

54 2231 154 2266 ἔχοντος
168 2232 283 2259 οἴκοθεν
298 2232 346 2268 τὴν
361 2232 450 2265 δόξαν,
467 2231 567 2264 κυρίως
580 2231 596 2266 ἡ
616 2231 757 2266 μετάδοσις
773 2230 847 2264 λέγε-

55 2286 103 2310 ται,
123 2273 146 2311 ᾧ
163 2279 194 2307 τὸ
204 2278 283 2314 ἔχειν
298 2277 429 2316 ἑτέρωθεν
440 2277 615 2313 προσγίνεται
625 2277 674 2304 οὐκ
684 2277 716 2303 ὲκ
727 2275 845 2311 φύσεως⁸

53 2323 114 2350 ὅπου
132 2325 160 2351 δὲ
182 2324 236 2360 μία
251 2323 302 2350 καὶ
325 2324 342 2359 ἡ
362 2323 431 2358 αὐτὴ
446 2322 683 2357 καταλαμϐάνεται
705 2322 794 2356 φύσις,
814 2321 844 2348 οὐ

53 2370 142 2406 χῄζει
157 2371 205 2397 τοῦ
221 2370 290 2397 καθ’
306 2369 419 2399 ἕκαστον
437 2369 620 2404 μεταδιδόντος
639 2370 652 2395 6
673 2370 760 2396 ἐκεῖνο
776 2367 845 2395 κατὰ

51 2416 95 2455 τὴν
110 2417 192 2450 φύσιν
206 2416 259 2449 ὢν,
271 2416 341 2451 ὅπερ
354 2416 368 2441 6
384 2415 475 2450 Πατὴρ
493 2412 562 2441 ε’ίναι
576 2414 762 2441 πεπίστευταιο
779 2414 846 2448 μᾶλ-

52 2461 92 2495 λρν
106 2462 134 2488 δὲ
150 2462 281 2497 τρανὼτε
287 2461 332 2496 ρόν
355 2470 383 2487 τε
404 2462 450 2488 καὶ
464 2461 652 2498 φανερώτερον
660 2463 758 2493 εἰπεῖν,
767 2461 846 2495 Ἔχει

51 2507 146 2539 καλῶς.
164 2508 199 2534 Τί
217 2507 320 2548 χρῄζει
335 2507 384 2544 τῆς
398 2507 446 2534 τιμῦ
463 2499 568 2541 Harpe;
583 2505 660 2540 δόξης
674 2506 689 2531 6
703 2505 762 2531 ὅλον
778 2505 846 2540 ἔχων

52 2552 178 2589 ἐνὲαυτῷ
196 2553 246 2580 τὸν
276 2552 405 2588 Πατέρα,
434 2552 540 2583 οὐδενὸς
565 2551 619 2577 τῶν
643 2552 671 2576 ἐν
699 2550 737 2585 τῷ
759 2551 847 2586 Πατρι

51 2597 246 2635 θεωρουμένων
265 2599 462 2635 ὑφηρημένους
480 2598 522 2629 τίς
541 2597 570 2624 δὲ
586 2597 633 2624 καὶ
649 2598 665 2632 ἡ
682 2596 729 2624 τοῦ
744 2596 845 2623 Παντοξ

50 2645 179 2681 κράτορος
203 2645 284 2681 ἀξία,
314 2635 502 2681 ἦς’ἀμὲτοχον
527 2645 541 2670 6
566 2643 695 2678 Εὑνόμιος
720 2643 764 2669 τὸν
783 2643 846 2669 Υίὸν

49 2689 249 2726 ἁποφαίνεται;
273 2690 430 2724 λεγέτωταν
448 2691 495 2725 μὲν
509 2688 554 2716 οὖν
569 2690 592 2715 οἱ
609 2689 684 2722 σοφοὶ
707 2690 768 2724 παρ’
784 2690 846 2715 ἑκυ-

483 2797 505 2813 ⁸’
529 2798 606 2824 .Ioan.
648 2805 673 2828 ν,
695 2796 738 2823 Η.

82 2797 105 2815 ⁸⁸
122 2797 213 2826 Exod.
258 2805 354 2829 xulv,
391 2798 435 2824 55.

787 2796 811 2812 ⁵⁸
830 2796 924 2824 Matth.
945 2805 991 2829 vn,
1020 2796 1047 2823 8.

898 2235 990 2263 nolit?
1014 2234 1081 2262 Nam
1099 2234 1210 2270 proprie
1229 2231 1441 2261 communicatio
1461 2231 1519 2259 sive
1538 2230 1689 2265 impertitio

898 2280 999 2308 dicitur
1013 2281 1046 2307 de
1070 2287 1102 2308 eo
1117 2280 1163 2315 qui
1177 2287 1192 2307 e
1215 2279 1297 2306 domo
1312 2277 1426 2313 gloriam
1448 2284 1501 2303 non
1523 2276 1619 2303 habet:
1644 2275 1688 2302 cui

898 2326 1007 2354 aliunde
1025 2326 1125 2353 habere
1149 2333 1201 2352 non
1221 2332 1253 2352 ex
1273 2328 1368 2351 natura
1384 2322 1554 2350 adnascitur.
1570 2320 1623 2348 Sed
1642 2319 1688 2347 ubi

898 2380 952 2399 una
964 2372 1113 2406 eademque
1125 2376 1222 2397 natura
1236 2368 1489 2404 comprehenditur,
1502 2374 1556 2394 non
1574 2365 1686 2401 indiget.

897 2421 927 2446 ut
943 2417 996 2445 sibi
1015 2417 1155 2452 sigillatim
1176 2415 1370 2447 communicet,
1386 2413 1431 2449 qui
1449 2413 1515 2440 illud
1529 2416 1571 2440 est
1588 2419 1686 2439 secun-

897 2463 960 2490 dum
986 2466 1122 2493 naturam,
1145 2461 1218 2496 quod
1241 2460 1351 2496 quidem
1378 2459 1458 2487 Pater
1475 2466 1537 2487 esse
1554 2458 1685 2485 creditur.

897 2509 952 2535 Imo
978 2515 1042 2534 vero
1065 2507 1168 2534 certius
1191 2511 1218 2533 et
1242 2505 1415 2533 manifestius
1437 2502 1687 2533 dicere:Przeolare

897 2555 987 2581 habet.
1002 2551 1073 2586 Quid
1089 2552 1177 2580 Patris
1195 2552 1280 2588 gloria
1300 2551 1413 2587 indiget,
1431 2550 1478 2587 qui
1498 2551 1525 2577 in
1539 2549 1628 2584 seipso
1643 2552 1687 2574 to—

900 2605 955 2627 tum
980 2599 1086 2627 Patrem
1110 2599 1210 2626 habet:
1236 2606 1297 2625 cum
1314 2605 1329 2624 a
1354 2597 1440 2628 nihilo
1464 2603 1558 2624 eorum
1575 2589 1639 2630 qua),
1658 2593 1686 2620 in

900 2644 980 2672 Patre
995 2644 1182 2680 intelliguntur
1196 2643 1231 2671 sit
1254 2643 1364 2670 avulsus
1389 2646 1415 2669 et
1428 2639 1588 2676 separatus?
1607 2638 1686 2672 Qua»

899 2698 961 2717 nam
978 2689 1181 2725 Omnipotcntis
1203 2690 1329 2725 dignitas,
1355 2688 1434 2723 cujus
1460 2690 1595 2715 exsortem
1624 2691 1687 2712 esse

1096 2797 1117 2812 ἰ
1143 2794 1292 2829 Philippm,
1310 2793 1350 2820 ll.
1401 2792 1423 2808 ⁵³
1443 2790 1522 2818 Joan.
1544 2797 1611 2823 xv".
1640 2788 1686 2819 10.

52 2831 73 2847 ⁸³
87 2833 171 2861 Hebr.
199 2842 220 2865 t,
242 2833 296 2859 ‘25.
335 2833 358 2848 ”
375 2833 436 2860 Act.
461 2840 491 2861 ll.
513 2833 556 2859 17.
595 2833 618 2848 ⁵³
637 2831 704 2860 Jocl.
728 2839 757 2866 ιι,
779 2832 825 2862 28.

905 2831 984 2863 «Ιοςιιι.
1004 2839 1025 2867 ι,
1041 2831 1086 2862 18.

218 2878 362 2910 ΡΑτιιοι..
381 2877 440 2910 Gu.
457 2878 554 2913 XL“

1477 2871 1515 2923 t7
