1957 3079
92 105 140 135 525
640 101 779 130 CONTRA
800 100 998 134 EUNOMIUM,
1016 101 1081 128 LIB.
1102 101 1133 128 ll.
1651 98 1702 125 516

91 165 104 191 ὸ
117 162 204 197 Πατὴρ
213 161 269 196 ἔχει
280 170 287 194 ;
302 158 355 196 ἄρα
367 160 518 195 ἀγνοοῦμεν
534 161 572 188 ἔτι
587 161 630 188 διὰ
641 161 695 188 τῶν
707 161 864 197 εἰρημένων,

929 167 980 186 nus
992 159 1027 186 “‘3
1040 159 1107 192 Quis
1119 164 1161 187 est
1174 158 1219 186 ille
1232 158 1278 194 qui
1294 159 1322 186 in
1336 159 1426 194 seipso
1442 158 1523 186 habet
1537 158 1629 185 omnia
1642 164 1702 192 qua:

91 212 130 238 τὸν
143 210 186 236 ὲπὶ
202 209 308 236 πάντων
319 208 384 235 Θεὸν
400 209 442 236 τὸν
458 209 509 236 ὑπὸ
528 209 573 236 τοῦ
589 210 693 236 Παύλου
711 210 796 240 οὓτως
811 210 864 235 ὀνο-

929 205 996 232 ’ater
1010 205 1110 232 habet?
1122 205 1162 231 An
1175 205 1340 240 ignoramus,
1357 212 1389 232 ex
1407 204 1450 232 his
1464 212 1524 239 qua:
1539 203 1612 231 dicta
1627 205 1702 234 sunt,

92 255 246 292 ingenii/0v,
259 254 304 280 τὸν
321 254 422 290 Κύριον
439 254 516 290 ἡμῶν
542 254 646 289 Ἰησοῦν
666 255 711 281 τὸν
730 254 865 289 Χριστόν;

930 259 978 278 ςυιη
994 259 1054 278 esse
1071 250 1118 286 qui
1142 258 1225 286 super
1251 251 1342 278 omnia
1358 250 1429 278 Deus
1455 255 1498 278 est
1526 257 1541 276 a
1561 249 1645 276 Paulo
1663 248 1703 275 sic

93 303 135 331 ’ος
152 299 237 326 πάντα
253 300 281 326 ἐν
303 301 335 335 τῇ
352 300 425 335 χειρὶ
443 299 477 326 τὰ
496 299 542 326 τοῦ
560 299 666 335 ΙΙατρὺς
681 299 760 334 ἔχων,
778 299 866 330 καθὼς

930 295 1084 328 mininatns,
1099 295 1231 323 Dominus
1250 300 1343 323 noster
1357 295 1437 323 Iesus
1466 294 1638 326 Christus“,
1656 293 1703 328 qui

92 346 162 378 αὐτός
181 354 260 380 φησι,
278 346 484 381 περιδέδρακται
502 346 606 377 πάντως
624 345 667 372 διὰ
682 345 731 380 τῆς
747 344 865 379 πολυκώ-

932 344 1009 369 inuia
1027 344 1053 370 in
1075 351 1156 370 manu
1172 351 1232 378 qua:
1248 349 1312 371 sunt
1326 343 1415 371 Patris
1429 344 1520 373 habet.
1549 343 1620 370 sicut
1647 342 1705 376 ipse

92 401 133 427 ρου
158 391 238 417 αὑτοῦ
259 391 386 426 παλάμῃς
412 391 466 418 τῶν
486 391 611 422 πάντων,
630 391 677 417 καὶ
697 392 793 426 κρατεῖ
817 389 865 416 τῶν

932 388 1004 414 licit:
1026 387 1119 415 omnia
1133 388 1242 422 quidem
1258 388 1426 422 amplissima
1449 396 1498 415 sua
1516 388 1605 421 palma
1631 393 1705 413 com-

92 437 352 472 περιδεδραγμένων,
377 436 422 463 καὶ
447 436 533 467 οὐδεὶς
557 435 628 472 αἴρει
653 437 685 462 ἐκ
709 437 758 470 τῆς
779 435 865 470 χειρὸς

933 433 1014 460 ιὶοχιιε
1028 436 1080 464 est,
1098 436 1124 460 et
1138 433 1335 468 comprehensa
1351 434 1471 460 continet
1502 433 1648 467 imperans,
1680 436 1706 458 et

91 483 165 510 αὑτοῦ
183 483 231 509 τοῦ
255 482 417 519 κρατοῦντος
442 484 474 517 τῇ
509 483 580 517 χειρὶ
606 482 661 508 τῶν
691 482 814 513 πάντων;
838 481 864 507 El

930 478 1009 506 iullus
1025 477 1059 505 de
1074 486 1155 505 manu
1172 478 1263 505 omnia
1276 478 1443 506 continentis
1468 476 1552 505 tollit?
1565 478 1593 505 Si
1620 478 1703 513 igitur

92 526 132 554 οὖν
155 529 239 555 πάντα
257 528 323 563 ἔχει,
349 529 396 554 καὶ
421 529 518 563 κρατεῖ
540 525 578 554 ὧν
599 527 666 562 ἔχει,
683 527 710 553 τί
734 527 797 554 ἄλλο
822 526 865 553 καὶ

930 523 1012 550 nnnia
1040 523 1131 556 habet,
1150 524 1172 551 si
1189 524 1309 551 continet
1326 527 1352 551 et
1377 524 1510 558 gubernat
1527 532 1586 558 qua:
1614 525 1703 557 habet,

91 572 144 608 ὦχὶ
171 573 381 607 παιτοκράτωρ
408 574 518 604 πάντως
546 574 628 604 ἐστὶν,
651 573 665 599 ό
684 573 793 608 κρατῶν
815 573 864 598 τῶν

932 569 984 604 ιυῑά
1001 569 1074 596 aliud
1087 577 1200 604 prorsus
1215 569 1273 604 ipse
1283 573 1324 596 est
1335 577 1415 604 quam
1428 570 1621 605 παντοκράτωρ
1639 578 1705 598 cun-

92 619 204 650 πάντων;
232 619 262 644 Εἰ
285 618 312 644 δὲ
337 618 410 652 λέγοι
430 619 446 653 ἡ
469 618 573 653 αἵρεσις
597 618 639 644 ὅτι
659 617 707 643 καὶ
736 617 784 643 τοῦ
804 616 865 643 Υίοῦ

937 616 1054 643 titenens
1073 616 1196 642 omnium
1214 615 1360 648 Dominus,
1382 616 1428 650 qui
1448 620 1521 643 tenet
1540 618 1630 644 omnia
1658 625 1706 652 po-

91 664 132 691 καὶ
150 664 194 690 τοῦ
211 663 369 698 Πνεύματος
385 665 481 699 κρατεῖ
500 665 514 690 ὁ
541 663 652 698 Πατὴρ,
673 661 781 697 πρῶτον
801 663 864 688 ἀπα

935 665 1008 688 enter
1028 664 1054 688 et
1081 661 1122 688 his
1153 661 1332 688 dominatur?
1360 660 1437 693 Quod
1457 661 1479 688 si
1500 661 1610 689 lrmresis
1635 661 1708 689 dicat

91 710 245 742 δειξάτωσαν
264 710 305 736 ὅτι
326 710 444 745 τρεπτῆς
461 711 518 736 ἐστι
537 709 643 744 φύσεως
658 709 672 735 ὁ
689 709 753 740 Υἱὸς
777 708 823 735 καὶ
840 708 864 734 τί

933 707 992 742 [uod
1009 706 1089 733 Pater
1106 706 1205 734 Filium
1227 712 1254 734 et
1274 707 1404 742 Spiritum
1430 708 1561 739 continet,
1591 707 1706 742 primum

91 756 194 791 Πνεῦμα
216 755 247 782 τὸ
266 755 352 789 ἃγιον,
376 756 422 781 και¹
446 755 505 782 τότε
524 755 572 781 τὸν
589 755 741 790 κρατοῦντα
757 753 794 789 τῷ
808 762 864 788 τρε-

934 753 1108 780 lemunstrcnt
1124 752 1223 779 Filium
1239 757 1265 780 et
1282 753 1412 788 Spiritum
1428 758 1552 781 sanctqu
1574 761 1635 781 esse
1649 761 1707 780 mu-

91 801 193 836 πομένῳ
210 801 434 837 ἐπιστησάτωσαν
445 808 451 814 ·
475 800 519 826 ἵνα
533 801 565 834 τῇ
588 798 689 826 ἄνωθεν
707 798 864 835 ἐγγινομὲντ

935 798 1012 825 abilis
1028 802 1143 830 naturae,
1160 805 1191 825 ac
1206 803 1271 825 tunc
1287 799 1310 826 ci
1325 799 1371 834 qui
1400 799 1516 826 vertitur
1532 806 1564 826 ac
1588 803 1708 826 mutatur

92 829 202 882 βοῇϐεία,
221 847 290 882 μένῃ
301 829 332 872 τὸ
347 846 540 882 κρατούμενον,
552 829 621 880 Σίιρὶις
636 845 665 871 τὸ
675 829 759 871 κακον
769 829 865 880 etiam:

936 845 998 872 llum
1013 845 1059 880 qui
1077 845 1217 872 contineat
1244 845 1403 880 prmiiciant,
1432 849 1461 872 ut
1493 853 1611 880 superne
1631 845 1709 872 inna-

92 900 197 918 πωτον.
223 892 255 918 Et
283 892 311 918 δὲ
338 891 512 922 ἀνεπίδεκτος
534 891 631 922 κακίας
653 892 669 926 ἠ
695 890 753 917 Θεία
773 890 865 925 φύσις,

937 894 1015 916 cente
1030 889 1132 916 auxilio
1147 895 1255 917 maneat
1273 890 1299 917 id
1320 891 1392 925 quod
1421 891 1578 918 continetur
1604 891 1637 917 ad
1653 899 1709 918 ma-

91 937 216 974 ἄτρεπτᾴς
236 946 268 965 τε
281 938 327 964 καὶ
340 937 527 970 ἀναλλοίωτος,
543 938 590 964 καὶ
600 938 642 963 ἀεὶ
656 937 784 968 ὡσαύτως
796 937 852 972 ἔχει

936 943 978 962 um
994 935 1224 963 incommutabile.
1238 936 1317 969 Quod
1329 938 1352 964 si
1366 937 1425 964 vitii
1437 941 1478 965 est
1490 937 1603 972 incaan
1617 937 1709 964 divina

91 985 125 1015 εἰς
139 984 163 1011 τί
174 984 219 1010 τοῦ
233 983 398 1020 κρατοῦντος
409 983 597 1019 ὲπιδεήσεται;
615 984 648 1009 ΊΙ
665 983 696 1009 δι’
711 983 808 1017 ἑαυτῆς
820 983 864 1009 πᾶ-

936 986 1031 1013 ιοιυτιι,
1048 981 1219 1014 invertibilis,
1245 982 1433 1014 immutabilis,
1451 990 1500 1010 nec
1528 982 1656 1010 deﬁciens
1682 982 1709 1008 in

91 1038 134 1055 σαν
147 1029 330 1065 ἐπικρατοῦσα
344 1029 391 1065 τὴν
408 1029 505 1060 κτίσιν,
519 1029 588 1063 αὑτὴ
602 1029 631 1055 δὲ
644 1028 690 1055 τοῦ
712 1028 864 1064 κρατοῦντοι

940 1027 1168 1054 onsummationis
1182 1028 1268 1058 exitu,
1291 1035 1452 1063 semperque
1465 1028 1559 1056 eodem
1585 1028 1665 1055 modo
1680 1036 1710 1055 se

92 1075 124 1111 μὴ
136 1075 247 1111 δεομένη
259 1074 303 1101 διὰ
315 1075 345 1101 τὸ
355 1074 497 1110 ἄτρεπτον.
512 1073 560 1100 Διὰ
573 1073 650 1100 τοῦτο
664 1075 693 1100 ἐν
710 1073 749 1109 τῷ
761 1074 862 1109 ὸνόματ

938 1073 1016 1104 labet,
1031 1072 1064 1100 ad
1081 1073 1146 1108 quid
1160 1080 1193 1100 eo
1205 1073 1251 1108 qui
1265 1075 1402 1102 contineat
1415 1074 1567 1110 indigebit?
1581 1074 1646 1107 Qum
1663 1081 1711 1108 per

90 1121 132 1148 τοῦ
157 1121 275 1156 Χριστοῦ
296 1121 349 1147 πᾶν
378 1120 442 1154 γόνυ
471 1120 607 1154 κάμπτει,
635 1120 804 1154 ἐπουρανίων
828 1129 862 1146 κα

938 1119 1039 1153 eipsam
1053 1125 1160 1145 omnem
1175 1119 1294 1146 continet
1307 1124 1471 1152 creaturam,
1486 1121 1642 1147 continente
1658 1120 1711 1147 alio

91 1166 211 1200 ἐπιγείων
228 1165 277 1192 καὶ
299 1164 493 1199 καταχθονίων.
516 1165 553 1190 Οὐ
575 1164 627 1200 γὰρ
644 1164 676 1190 ἂν
699 1157 831 1199 ἔκαμψεν.
850 1173 861 1191 ε

938 1172 978 1191 ιοιι
997 1164 1109 1199 indiget,
1128 1165 1192 1200 quia
1207 1165 1243 1193 sit
1261 1165 1419 1193 mutationis
1435 1171 1463 1193 et
1476 1166 1639 1193 inversionis
1665 1173 1711 1193 ex-

93 1211 125 1247 μὴ
138 1211 183 1238 τὸν
196 1212 243 1238 ἐπὶ
256 1210 378 1246 σωτηρία
391 1210 542 1245 κρατοῦντα
555 1210 663 1241 πάντως
678 1210 822 1244 ἐγίνωσκε.
838 1211 866 1236 Ti

937 1219 997 1238 ters.
1020 1211 1167 1245 Propterea
1185 1211 1212 1238 in
1229 1212 1339 1239 nomine
1352 1211 1415 1239 Jcsu
1431 1219 1511 1239 omne
1533 1220 1602 1247 genu
1618 1219 1646 1239 se
1662 1210 1710 1238 lic-

90 1257 115 1284 δὶ
132 1256 217 1291 λέγειν
237 1257 272 1292 τῇ
288 1255 434 1290 ἀγαοότητι
454 1254 499 1281 τοῦ
522 1254 628 1290 Πατρὺς
647 1255 693 1281 τὸν
714 1255 863 1290 Υἱδνγεγεν

941 1257 973 1283 tit
993 1257 1244 1291 superctelestium,
1262 1258 1432 1285 terrestrium
1458 1262 1485 1284 et
1519 1258 1711 1285 subterraneo-

91 1306 198 1339 νῆσθαι.
214 1304 293 1331 οὐδὲν
315 1301 378 1328 ἄλλο
402 1301 476 1328 ἐστὶν
497 1301 514 1336 ἥ
534 1301 573 1332 είς
592 1301 622 1327 τὸ
646 1301 776 1336 ὁμότιμον
795 1299 864 1326 αὐτὸν

941 1303 1030 1330 um".
1051 1301 1110 1329 Non
1125 1306 1214 1331 autem
1234 1311 1263 1330 se
1278 1303 1408 1335 ﬂecteret,
1433 1303 1484 1331 nisi
1513 1304 1711 1338 praedominan-

91 1346 253 1381 καταστῆσαι
268 1347 323 1378 τοῖς
345 1347 468 1381 ἐσχάτοις
482 1347 532 1382 τῆς
552 1347 675 1377 κτίσεως.
692 1346 724 1373 Τί
746 1345 798 1381 γὰρ
816 1345 864 1381 οὐχ

938 1355 979 1374 em
992 1351 1018 1374 et
1033 1348 1218 1375 continentem
1235 1356 1284 1384 pro
1295 1357 1388 1376 eorum
1402 1349 1490 1376 salute
1506 1350 1613 1384 penitus
1627 1358 1711 1385 agno-

91 1391 274 1426 τῇάγαθότητι
286 1392 332 1419 τοῦ
346 1392 523 1427 πεποιηκότος
537 1390 618 1427 ἦλθεν
633 1393 673 1423 εἰς
683 1391 804 1426 γένεσινς
817 1391 864 1417 Τίν

941 1396 1023 1420 ceret.
1040 1396 1074 1419 At
1091 1401 1154 1420 vero
1170 1394 1260 1420 dicere
1274 1393 1363 1422 Patris
1379 1394 1499 1421 bonitate
1514 1394 1611 1422 Filium
1631 1403 1711 1430 gene-

91 1436 220 1472 λογίζεται
234 1439 251 1473 ἡ
268 1438 317 1473 τῆς
331 1438 503 1473 ἀνθρωπίνης
522 1438 629 1472 φύσεως
644 1437 810 1472 κατασκευὴ,
831 1447 864 1464 πο

941 1443 1014 1466 atum
1026 1447 1098 1470 esse,
1110 1440 1178 1466 nihil
1195 1440 1267 1467 aliud
1280 1445 1332 1472 est,
1348 1448 1427 1474 quam
1442 1441 1531 1477 ipsum
1547 1442 1712 1469 constituere

92 1484 176 1520 νηρίᾳ,
197 1483 214 1518 ἢ
230 1483 379 1518 ἁγαοότητι
399 1483 445 1509 τοῦ
467 1484 646 1518 ποιήσαντο;;
669 1483 727 1510 Τίνι
746 1484 773 1510 δὲ
788 1485 804 1518 ἡ
822 1483 865 1509 τῶ·

939 1489 953 1512 :t
972 1485 1094 1520 redigere
1116 1486 1148 1513 ad
1165 1487 1334 1514 consimilem
1364 1487 1493 1515 honorem
1522 1496 1583 1515 cum
1611 1488 1712 1515 inlimis

92 1529 163 1561 ζώων
185 1530 311 1564 γένεσις,
328 1529 411 1564 ἡτῶν
440 1529 530 1563 φυτῶν
553 1538 582 1556 τε
606 1530 653 1556 καὶ
678 1529 865 1565 βλαστημάτω·

938 1531 1071 1558 :rcaturis.
1086 1531 1156 1564 Quid
1173 1532 1245 1559 enim
1262 1540 1316 1560 non
1330 1533 1389 1567 ejus
1401 1533 1445 1568 qui
1464 1533 1526 1560 fecit
1542 1533 1663 1561 bonitate
1679 1534 1711 1560 ad

92 1575 182 1610 φύσις
194 1576 273 1603 οὐδέν
288 1577 361 1603 ἐστιν
374 1577 388 1603 ὃ
405 1576 442 1612 μὴ
457 1577 489 1612 τῇ
506 1576 652 1610 ἁγαθότητι
671 1577 718 1603 τοῦ
735 1576 865 1611 πεποιηκέ

940 1577 1128 1607 ,enerationem
1162 1579 1306 1612 pervenit?
1332 1579 1377 1606 cui
1410 1580 1560 1614 imputatur
1589 1580 1713 1608 humana:

92 1630 132 1653 τος
143 1620 202 1657 ἔσχε
220 1622 273 1657 τὴν
287 1622 402 1656 γένεσιν.
421 1623 508 1657 Ὅπερ
524 1620 571 1648 οὖν
587 1623 632 1649 ἐπὶ
648 1623 756 1649 πάντων
770 1624 783 1649 ὁ
799 1622 865 1656 λόγα

940 1627 1032 1649 natura:
1056 1623 1238 1655 constructio,
1269 1623 1434 1658 improbitati
1455 1632 1489 1652 an
1511 1625 1625 1652 bonitati
1655 1626 1713 1660 ejus

91 1667 145 1701 ὁρᾷ,
164 1666 242 1693 τοῦτο
266 1668 279 1693 ὁ
304 1667 432 1702 Εὐνόμιος
454 1667 494 1702 τῷ
519 1666 576 1701 Υἱῷ
598 1667 652 1693 ἀπὸ
675 1666 860 1702 φιλανθρωπία

941 1668 974 1702 [υἱ
990 1668 1075 1696 fecit?
1089 1670 1131 1696 cui
1152 1669 1308 1696 animalium
1324 1671 1486 1705 generatio?
1515 1671 1668 1706 plantarum
1688 1677 1714 1699 et

92 1710 224 1746 χαρίζεται
238 1720 245 1726 ·
269 1711 300 1738 τὸ
314 1712 342 1737 δὲ
363 1712 400 1746 μὴ
424 1711 588 1746 μερίσασθαι
611 1710 678 1745 πρὸς
699 1711 744 1737 τὸν
769 1711 865 1746 Πατέρ<

941 1714 1080 1746 ,erminttm
1113 1715 1233 1740 natura?
1261 1713 1333 1741 Nihil
1358 1718 1400 1741 est
1430 1714 1501 1749 quod
1534 1722 1587 1741 non
1616 1714 1714 1742 habeat

92 1756 136 1791 τὴν
149 1757 240 1783 οὐσίαν
257 1757 273 1792 ἦ
288 1757 337 1792 τὴν
358 1756 435 1789 ἀξίαν
446 1777 452 1788 ,
467 1757 483 1792 ἢ
502 1757 550 1783 ὅσα
564 1756 674 1783 τοιαῦτα
691 1756 819 1792 φλυαρῶν
839 1757 863 1783 δι

944 1767 1008 1786 uum
1024 1764 1113 1786 ortum
1125 1767 1159 1786 ex
1177 1759 1296 1786 bonitate
1312 1759 1371 1793 ejus
1382 1760 1427 1794 qui
1447 1759 1520 1786 fecit.
1541 1760 1618 1793 Quod
1633 1760 1715 1795 igitur

92 1801 234 1837 εξέρχεται,
249 1803 302 1838 ἤδη
323 1804 351 1829 ἐν
365 1802 420 1833 τοῖς
434 1803 496 1838 περὶ
511 1802 556 1828 τοῦ
575 1801 679 1838 Πατρος
700 1802 789 1836 λόγοις
810 1811 862 1838 προ

941 1811 955 1829 ιι
969 1802 1096 1830 omnibus
1112 1803 1182 1830 ratio
1195 1803 1337 1838 perspicit,
1357 1804 1383 1830 id
1399 1803 1548 1832 Eunomius
1573 1812 1605 1832 ex
1633 1805 1714 1832 bene-

92 1846 278 1882 εξελήλεκται·
304 1847 341 1878 ὡς
365 1847 452 1882 μάτην
473 1847 556 1873 αὐτοῦ
578 1847 663 1874 ταῦτα
684 1848 730 1874 καὶ
746 1848 806 1883 δίχα
825 1848 865 1874 δια

936 1848 1044 1876 volentia
1063 1847 1133 1875 Filio
1151 1848 1334 1883 gratiﬁcatur.
1350 1848 1427 1880 Quod
1444 1853 1535 1876 autem
1554 1848 1640 1876 Filius
1657 1857 1709 1876 non

92 1891 161 1923 νοίας
183 1892 395 1927 προσρίψαντος.
418 1892 484 1919 Οὐδὲ
509 1893 561 1928 γὰρ
582 1894 647 1928 ἡμῖν
669 1894 725 1923 τοῖς
742 1894 770 1926 ἐξ
796 1893 862 1929 ἁλλή

946 1901 990 1920 um
1006 1893 1086 1921 Patre
1097 1894 1244 1921 essentiam
1259 1894 1300 1921 vel
1321 1893 1489 1928 majestatem
1508 1895 1659 1929 participet.
1688 1899 1715 1922 et

92 1935 141 1963 λων
155 1937 336 1973 τικτομὲνοις,
353 1938 446 1969 οὐσίας
464 1938 592 1974 διαίρεσις
613 1938 716 1972 γίνεται.
727 1947 733 1953 ·
749 1938 809 1970 ὅλος
823 1939 865 1975 γὰε

942 1947 1099 1974 μιξεουηίιυο
1115 1940 1179 1966 talia
1200 1939 1328 1974 nugando
1344 1943 1371 1967 et
1388 1940 1547 1968 blaterando
1576 1941 1715 1975 persequi-

92 1982 118 2008 ὲν
133 1983 240 2019 ἑκάστῳ
260 1984 336 2019 μένει
350 1985 398 2020 τῆς
412 1984 504 2015 οὐσίας
523 1985 536 2010 ό
551 1984 638 2018 λόγος,
653 1984 681 2010 ἐν
693 1984 733 2019 τῷ
749 1993 863 2020 γεγεννη

941 1992 973 2011 ur
987 1984 1149 2015 Eunomius.
1162 1985 1218 2019 jam
1235 1984 1262 2011 in
1282 1985 1456 2012 sermonibus
1469 1985 1502 2012 de
1529 1984 1607 2012 Patre
1622 1992 1713 2019 repre-

94 2028 161 2064 μένῳ
174 2030 221 2056 καὶ
236 2030 277 2064 τῷ
289 2030 460 2065 γεννήσαντι,
478 2029 539 2056 οὔτε
558 2031 586 2056 ὲν
598 2030 637 2064 τῷ
654 2030 782 2064 γεννῶντι
797 2030 864 2066 μείω

941 2039 1013 2058 iensa
1032 2035 1096 2058 sunt
1111 2035 1137 2058 et
1150 2030 1276 2061 rel‘utata,
1295 2034 1323 2057 ut
1341 2030 1386 2065 qui
1407 2031 1464 2058 [nec
1480 2030 1580 2058 frustra
1603 2037 1630 2059 et
1652 2031 1714 2059 abs-

93 2083 140 2106 σιν,
157 2075 220 2102 οὔτε
234 2076 263 2102 ὲν
279 2075 318 2110 τῷ
339 2076 526 2110 γεγεννημένῳ
541 2075 653 2111 αὔξησιν
669 2075 716 2102 τοῦ
737 2075 816 2109 λόγου
830 2076 866 2111 τῆ.

940 2085 980 2110 [ne
996 2077 1051 2104 ulla
1068 2076 1245 2111 intelligentia
1264 2076 1418 2111 projecerit.
1435 2076 1527 2111 Neque
1542 2077 1614 2104 enim
1637 2077 1713 2104 nobis

92 2122 179 2155 οὖσίας
192 2122 389 2158 λαμϐάνοντος.
407 2123 435 2149 'O
446 2122 474 2148 δὲ
490 2122 539 2157 τῆς
554 2122 631 2154 ἀξίας
643 2122 659 2157 ἢ
673 2122 723 2157 τῆς
739 2122 860 2156 βασιλεία

944 2127 991 2151 lcet
1006 2130 1039 2150 ex
1055 2126 1150 2150 mutuo
1168 2126 1227 2150 satu
1246 2123 1424 2150 nascentibus
1442 2124 1567 2150 essentia
1593 2123 1621 2150 lit
1647 2123 1717 2150 divi-

94 2169 223 2204 μερισμὸς
239 2170 287 2196 ἐπὶ
305 2169 352 2196 τοῦ
372 2169 460 2196 πάντα
474 2170 580 2204 ἔχοντος
593 2170 627 2196 τὰ
638 2169 684 2196 τοῦ
702 2170 816 2205 Harpe;
833 2171 867 2197 οὺ

940 2169 971 2196 ιῑο
982 2190 989 2200 ,
1006 2172 1062 2196 tota
1075 2169 1146 2195 enim
1164 2169 1191 2195 in
1207 2176 1372 2203 unoquoque
1388 2169 1514 2196 essentiaa
1528 2174 1618 2196 manet
1635 2169 1713 2201 ratio.

92 2212 194 2248 δεμίαν⁶
205 2214 338 2246 διάνοιαν,
348 2213 416 2249 πλὴν
425 2212 472 2241 τοῦ
482 2213 590 2249 ἔλεγχον
602 2212 669 2240 εἶναι
679 2213 728 2248 τῆς
740 2214 864 2246 ἀσεϐείας

943 2218 957 2241 it
973 2214 1000 2241 in
1017 2214 1109 2249 genito
1123 2217 1149 2241 et
1164 2214 1301 2250 gignente,
1316 2222 1404 2249 neque
1424 2214 1450 2241 in
1465 2218 1611 2250 generante
1628 2214 1716 2240 immi-

92 2258 190 2285 Οὐκοῦν
211 2258 339 2294 περιττὸν
358 2259 390 2285 ἂν
408 2259 449 2293 εἴη
467 2259 524 2290 τοῖς
541 2259 670 2291 τοιούτοις
688 2260 862 2296 συμπλεκὸμε

944 2260 1083 2291 ιυιῐοηρηι,
1109 2267 1196 2294 neque
1212 2259 1238 2286 in
1256 2260 1348 2294 genito
1366 2261 1563 2287 incrementum
1591 2258 1717 2286 essentia:

92 2313 132 2331 νον
145 2305 184 2337 είς
197 2305 335 2340 ἀμετρίαν
347 2305 497 2331 ἀποτείνειν
509 2305 553 2331 τὸν
565 2305 653 2339 λόγον.

947 2305 1001 2332 alio
1029 2304 1134 2339 γει-ἱρὴ.
1155 2304 1301 2340 Dignitatis
1323 2309 1412 2332 autem
1431 2306 1472 2332 vel
1500 2305 1576 2339 regni
1606 2304 1717 2340 partitio

91 2351 117 2379 in
130 2359 162 2380 eo
176 2353 223 2387 qui
239 2352 334 2379 omnia
353 2360 412 2387 quae
424 2357 487 2380 sunt
502 2351 592 2380 Patris
608 2353 689 2380 habet
711 2354 813 2380 nullam
831 2352 1041 2387 intelligentiam
1078 2352 1169 2383 habet,
1204 2352 1252 2379 sed
1288 2352 1434 2387 impietatis
1456 2357 1547 2379 notam
1580 2357 1606 2380 et
1637 2359 1717 2388 argu-

92 2401 220 2425 mentum.
239 2397 412 2432 Superlluum
429 2397 511 2432 igitur
531 2398 612 2425 fuerit
624 2399 725 2426 talibus
753 2399 946 2433 complicatum
963 2399 991 2424 in
1012 2398 1175 2425 immensum
1193 2397 1353 2432 protrahere
1372 2405 1538 2425 sermonem.

124 2443 197 2478 Πρὸς
212 2443 242 2470 δὲ
263 2442 299 2469 τὰ
318 2443 415 2478 ἐφεξῆς
433 2444 537 2475 τούτοις
555 2444 737 2479 μετέλθωμεν.
754 2444 874 2476 Δεδοξα-

965 2443 1006 2470 Ad
1031 2451 1061 2470 ea
1088 2451 1148 2478 qua:
1170 2448 1323 2477 sequuntur
1340 2451 1496 2479 pergamus.
1515 2443 1715 2478 Gloriﬁcatum,

91 2487 202 2522 σμένον
216 2508 223 2519 ,
245 2489 314 2522 φησὶ
328 2508 334 2519 ,
355 2488 435 2522 παρὰ
459 2488 512 2515 τοῦ
531 2490 644 2523 Πατρὸς
668 2490 724 2523 πρὸ
752 2490 864 2516 αἰώνων

942 2489 1040 2523 nquit,
1061 2498 1076 2515 a
1100 2489 1181 2516 Patre
1199 2496 1259 2516 ante
1285 2489 1393 2516 swcula.
1412 2489 1542 2517 Veritatis
1563 2497 1715 2517 sermonem

97 2534 298 2561 Ἀποεέδεικται
317 2534 366 2568 τῆς
387 2534 516 2569 ἀληθείας
534 2536 548 2562 ὁ
567 2535 661 2569 λόγος,
687 2537 718 2570 τῇ
741 2535 870 2571 μαρτυρίᾳ

942 2535 1105 2562 nimicorum
1134 2535 1289 2562 testimonio
1317 2534 1474 2562 confirmari
1502 2535 1715 2562 demonstratum

93 2577 142 2603 τῶν
156 2578 264 2614 ὲλθρῶν
280 2579 488 2614 κρατυνάμενος.
504 2580 587 2606 Τοῦτο
605 2580 659 2615 γὰρ
679 2581 728 2615 τῆς
742 2580 866 2616 ἡμετέρου

944 2587 982 2610 :st.
1000 2581 1058 2608 Hoc
1075 2581 1148 2609 enim
1167 2581 1228 2609 lidei
1246 2585 1346 2608 nostra:
1361 2585 1505 2616 caputest.
1521 2581 1593 2614 quod
1606 2587 1621 2606 a
1639 2579 1717 2606 Patre

93 2623 207 2655 πίστεώς
220 2625 282 2650 ἑστι
298 2625 328 2650 τὸ
342 2625 497 2658 κεφάλαιον,
513 2626 553 2652 ὅτι
571 2626 644 2661 παρὰ
657 2625 703 2652 τοῦ
718 2626 826 2661 Πατρὸς
850 2627 861 2651 ὲ

944 2636 964 2655 :x
978 2628 1055 2655 omni
1066 2627 1216 2655 aeternitate
1228 2626 1312 2654 Filius
1327 2627 1503 2662 gloriﬁcatur.
1520 2625 1585 2652 Nam
1595 2628 1656 2652 ante
1667 2632 1717 2652 saa-

93 2669 174 2696 ἁῐδίου
186 2670 332 2702 δοξάζεται
348 2671 362 2697 ὁ
378 2671 452 2702 Υἱός.
466 2671 502 2697 Τὸ
513 2671 565 2707 γὰρ
582 2672 634 2707 πρὸ
647 2671 693 2698 τοῦ
706 2672 802 2703 αἰῶνος
815 2671 864 2698 ταῦ

944 2673 1038 2706 aulum,
1056 2674 1127 2701 idem
1143 2678 1186 2701 est
1201 2672 1274 2708 quod
1290 2673 1324 2700 ab
1344 2676 1446 2700 aeterno
1468 2671 1617 2700 secundum
1645 2670 1717 2698 noti-

93 2715 122 2741 τὸ
144 2717 202 2742 ἐστι
219 2716 259 2751 τῷ
283 2716 359 2751 ἀϊδίῳ
374 2717 444 2744 κατὰ
461 2718 510 2752 τὴν
523 2717 624 2744 ἔννοιαν
635 2737 642 2750 ,
662 2717 732 2744 οὕτω
747 2718 795 2753 τῆς
812 2726 865 2753 προ

947 2719 1010 2751 iam,
1031 2720 1072 2748 Sic
1091 2719 1233 2755 prophetia
1257 2718 1336 2746 nobis
1354 2718 1548 2753 interpretante
1571 2718 1643 2752 quod
1670 2713 1718 2742 Dei

131 2805 153 2821 ιο
170 2802 232 2830 Act.
256 2812 325 2835 xvn,
345 2804 389 2832 28.
429 2805 449 2822 σε
468 2804 583 2839 Philipp.
599 2812 628 2837 ιι,
650 2805 690 2833 tl.
730 2806 751 2821 ει
767 2805 832 2832 ibid.
857 2805 896 2831 to.
