1957 3079
241 107 292 137 [27

849 115 879 143 S.
896 115 1057 144 CREGOBII
1070 115 1217 144 NYSSENI

1807 112 1862 142 5‘23

239 177 372 200 aiternum
389 178 442 205 est,
457 173 483 200 in
504 172 602 207 quibus
618 173 656 200 ait
671 181 677 199 :
693 173 744 206 Qui
766 179 802 201 est
827 180 888 202 ante
912 176 1020 204 secula.

1074 176 1187 211 φητείας
1201 175 1402 211 ἐρμηνενούσης
1425 175 1491 210 ἡμῖν
1506 173 1552 201 τοῦ
1576 173 1643 200 Θεοῦ
1658 173 1689 200 τὸ
1710 172 1812 206 ἀΐδιον,
1833 172 1864 199 ὲν

241 217 326 253 igitur
341 219 364 246 si
381 226 442 246 esse
457 221 520 246 ante
535 219 636 246 saecula
656 223 732 246 extra
752 227 833 248 omne
860 221 1023 256 principium

235 269 305 293 est;
333 265 378 291 illc
395 265 442 299 qui
467 267 531 292 ante
557 265 657 292 smcula
681 265 751 293 F-ilio
773 266 867 293 tribuit
892 267 1022 302 gloriam,

239 311 326 337 multo
337 309 413 345 prius
427 309 478 344 ipsi
492 311 686 345 sempiternam
699 319 749 339 suo
762 313 916 340 testimonio
926 313 1024 340 asserit

239 356 448 390 cxsistemiam;
473 364 528 384 non
540 357 611 384 enim
629 357 656 385 id
675 359 748 393 quod
771 366 824 385 non
847 363 907 390 est,
932 359 979 386 sed
997 359 1023 386 id

241 403 313 437 quod
331 406 374 430 est
392 411 507 438 prorsus
530 404 710 438 gloriﬁcatur.
736 404 834 432 Postea
858 413 922 432 vero
948 406 1024 433 blas-

240 449 354 483 phemiae
369 453 466 476 contra
482 449 615 484 Spiritum
631 454 757 478 sanetum
773 451 825 478 sibi
848 450 898 486 ipsi
920 451 1024 478 semina

241 494 361 529 spargit;
379 502 433 522 non
450 499 479 522 ut
499 494 596 522 Filium
613 495 764 530 glorificet,
783 496 830 523 sed
849 503 878 523 ut
894 495 920 523 in
937 495 1026 536 Spiri:

241 544 297 567 tum
315 545 441 568 sanetum
465 542 630 569 temulentus
653 541 846 569 debacchetur.
871 541 937 568 Nam
959 542 1023 569 dum

240 586 297 613 vult
313 585 446 621 Spiritum
467 591 591 614 sanctum
605 591 708 622 partem
723 594 785 614 esse
800 587 928 622 angelica:
948 592 1024 621 pote-

242 632 333 664 statis,
352 632 403 659 hoc
423 633 543 667 profudit
561 642 566 659 :
583 641 644 659 cum
664 633 742 665 dixit,
757 632 930 666 Gloriﬁcatur
943 641 959 658 a
971 633 1024 666 spi-

239 679 293 706 ritu
307 687 352 712 per
365 679 490 706 sa'culum
512 683 538 706 et
552 679 584 705 ab
603 679 674 705 omni
694 678 820 705 rationali
837 683 861 704 et
880 678 1023 713 generabili

238 725 362 751 essentia.
379 723 418 751 Ae
435 723 458 750 si
481 724 555 751 nulla
572 723 683 751 omnino
701 727 773 750 esset
798 723 869 750 inter
889 722 1021 757 Spiritum

240 773 375 802 sanctum,
391 773 418 796 et
429 769 559 804 quidquid
573 769 692 804 gignitur
707 768 871 801 differentia,
887 768 1020 803 siquidem

239 815 280 840 sic
301 814 444 841 Dominum
463 814 582 848 Spiritus
604 818 716 841 sanctus
734 814 883 848 glorificat,
900 814 973 841 sicut
995 818 1021 841 et

240 859 293 886 alia
312 861 401 886 omnia
420 860 453 887 de
469 860 570 894 quibus
583 859 716 895 Propheta
732 863 861 891 enarrat,
883 859 970 894 angeli
994 863 1021 886 et

239 908 399 939 potestates,
415 909 442 933 et
454 905 585 933 ccelorum
599 905 660 932 cmli
676 909 703 932 et
719 913 777 939 quae
792 913 873 939 supra
890 904 1021 931 mundum

238 953 280 977 est
299 958 382 985 aqua,
405 954 432 977 et
453 958 513 985 qua!
532 955 596 978 sunt
613 958 646 977 ex
659 954 731 978 terra
746 951 835 978 omnia
848 970 855 980 ,
871 950 1020 984 dracones,

238 995 347 1030 abyssi,
371 996 441 1032 ignis
451 1016 459 1027 .
482 996 587 1031 grando
598 1017 605 1028 ,
620 997 683 1027 nix,
701 997 812 1032 glacies,
829 997 942 1031 spiritus
957 1004 1020 1031 pro-

239 1040 325 1073 cellae,
344 1044 451 1068 montes
464 1044 490 1068 et
509 1048 604 1068 omnes
619 1041 720 1071 colles,
740 1041 810 1076 ligna
831 1041 971 1067 fructifera
994 1045 1021 1067 et

239 1093 335 1113 omnes
349 1085 434 1120 cedri,
450 1086 554 1118 bestiae,
570 1086 708 1121 jumenta,
724 1087 828 1120 reptilia
852 1091 878 1114 et
900 1086 1021 1113 volucria

241 1137 356 1166 pennata
370 1131 403 1158 ⁵³.
419 1131 448 1158 Si
461 1132 543 1166 igitur
555 1140 618 1159 cum
641 1132 683 1159 his
699 1132 766 1159 dicit
784 1132 865 1159 etiam
888 1131 1020 1167 Spiritum

240 1181 364 1204 sanctum
376 1177 524 1212 glorificare
536 1176 645 1208 Filium.
658 1185 742 1203 unum
760 1176 855 1203 horum
869 1183 930 1203 esse
941 1183 1021 1210 pror-

241 1230 288 1250 sus
302 1227 329 1250 et
351 1223 421 1250 idem
439 1223 520 1258 impia
537 1222 592 1250 Deo
612 1223 720 1250 rebellis
736 1223 826 1258 lingua
850 1223 1020 1257 pronuntiat.

274 1354 340 1387 Quae
367 1359 518 1389 sequuntur
548 1355 676 1390 deinceps
703 1356 774 1383 male
800 1355 963 1383 adhaerentia
993 1361 1021 1385 et

239 1403 367 1426 contexta
381 1400 442 1427 dico
457 1400 585 1434 praeclare
603 1407 632 1427 se
645 1400 746 1428 habere
764 1401 787 1428 si
812 1403 1020 1435 prmtermittan-

240 1448 293 1470 tur.
311 1443 370 1471 Non
385 1445 456 1479 quod
472 1445 527 1472 sint
550 1445 651 1472 invicta
677 1450 758 1480 atque
783 1446 1019 1482 inexpugnabilia,

239 1489 286 1516 sed
300 1489 371 1524 quod
385 1496 398 1515 a
419 1489 460 1524 pie
476 1490 657 1517 sentientibus
671 1491 725 1517 dici
744 1491 849 1525 possint
860 1510 868 1522 ,
885 1493 1018 1526 siquidem
1034 1505 1056 1534 ρ

238 1532 331 1560 essent
352 1541 367 1560 a
391 1535 508 1569 maligna
530 1535 717 1563 enuntiatione
740 1536 885 1570 disiuncta.
912 1537 978 1564 Nam
996 1539 1020 1566 si

238 1578 304 1613 quid
320 1578 355 1606 ab
380 1579 439 1615 ipso
465 1588 559 1607 eorum
585 1588 645 1616 qua:
671 1581 705 1608 ad
731 1581 858 1616 pietatem
886 1583 1021 1617 pertinent

239 1623 410 1659 proponitur.
427 1624 453 1651 id
469 1625 522 1652 tale
542 1633 591 1660 pro
607 1633 670 1654 esca
687 1631 714 1653 et
730 1627 856 1654 illecebra
872 1628 1020 1662 simplicio-

239 1669 316 1697 ribus
326 1670 485 1705 porrigitur,
495 1675 524 1697 ut
538 1671 619 1699 simul
633 1679 694 1698 cum
709 1672 751 1700 his
765 1673 911 1706 impietatis
923 1673 1020 1702 hamus

238 1713 427 1743 absorbeatur.
453 1715 520 1743 Cum
552 1716 625 1743 enim
655 1716 769 1744 dixisset
797 1718 939 1752 quaedam,
959 1726 1020 1754 quas

238 1760 321 1786 etiam
342 1760 445 1788 diceret
468 1761 691 1794 ecclesiasticus,
709 1762 816 1797 adjicit,
838 1762 959 1791 obediens
985 1764 1020 1792 ad

238 1813 327 1832 eorum
342 1813 400 1840 qua:
414 1811 474 1832 sunt
490 1807 622 1841 opificium
637 1812 662 1834 et
677 1809 884 1842 generationem,
898 1810 1018 1838 obediem

239 1850 273 1876 ad
297 1859 398 1878 omnem
419 1851 656 1885 dispensationem,
682 1862 732 1880 non
751 1863 784 1881 ex
805 1855 950 1884 obedientia
973 1857 1020 1884 hoc

239 1896 348 1930 adeptus
363 1901 392 1923 ut
412 1902 479 1924 esset
496 1897 565 1924 Deus
579 1898 666 1926 Filius
680 1920 687 1931 ,
701 1900 746 1926 scd
761 1902 823 1934 quia
837 1902 870 1928 sit
886 1901 972 1930 Filius
996 1908 1019 1929 et

238 1943 340 1976 genitu:
363 1941 614 1977 Unigenitus'Deus,
627 1943 715 1977 factus
735 1945 856 1972 obediens
874 1947 901 1973 in
923 1947 1018 1979 verbis,

238 1987 358 2014 obediens
373 1988 401 2014 in
417 1989 546 2022 operibus.
563 1990 645 2025 Atqui
664 1991 726 2025 quis
741 1999 834 2018 eorum
856 1993 902 2026 qui
926 1993 953 2020 in
979 1993 1021 2020 di-

238 2030 309 2057 vinis
325 2031 438 2060 vocibus
461 2033 561 2060 versati
589 2038 615 2061 ct
637 2035 777 2062 exercitati
803 2042 867 2063 sunt
893 2038 996 2064 nesciat
1010 2057 1018 2070 ,

238 2076 348 2111 quando
369 2084 384 2104 τι
408 2085 506 2113 magno
527 2078 611 2106 Paulo
627 2079 728 2107 dictum
743 2086 801 2114 est,
817 2085 843 2109 et
862 2082 913 2110 hoc
937 2083 1019 2110 semel

239 2127 344 2151 tantum
366 2123 400 2152 de
426 2123 502 2159 ipso,
517 2125 589 2159 quod
604 2125 735 2153 obediens
751 2126 838 2154 factus
853 2127 942 2155 est“?
956 2136 1018 2155 cum

237 2167 322 2200 enim,
340 2171 370 2194 ut
389 2175 436 2203 per
447 2175 556 2196 crucem
573 2169 733 2205 adimpleret
749 2172 918 2206 mysterium,
934 2173 1020 2206 venit,

237 2220 300 2240 cum
313 2213 432 2248 seipsum
439 2214 622 2242 exinanivitin
634 2214 720 2242 forma
729 2218 811 2248 servi,
823 2225 884 2245 cum
901 2218 1020 2253 seipsnm

239 2258 369 2286 humilem
384 2263 411 2286 et
430 2259 566 2293 ahjectum
582 2261 698 2295 praebuit
734 2262 761 2289 in
785 2261 902 2291 hominis
924 2264 1021 2292 simili-

237 2301 333 2330 tudine
344 2308 372 2329 et
387 2303 482 2338 ﬁgura,
501 2304 627 2332 inventus
643 2309 672 2331 ut
684 2306 764 2333 homo
780 2306 806 2334 in
823 2307 917 2335 humili
934 2308 1021 2336 homi-

238 2356 303 2376 num
327 2353 443 2381 natura,
471 2353 537 2377 tunc
565 2350 694 2379 obediens
714 2352 829 2381 efﬁcitur
847 2353 892 2389 qui
912 2359 1020 2382 nostras

237 2394 389 2428 assumpsit
406 2394 576 2424 inﬁrmitates
594 2400 620 2423 et
644 2397 754 2425 merbos
771 2398 905 2432 gestavit,
925 2399 1020 2428 inobe—

237 2439 378 2472 dientiam,
392 2440 449 2468 sive
461 2443 660 2470 contumaciam
676 2443 814 2472 hominum
830 2452 878 2472 sua
891 2446 1020 2474 obedien-

237 2485 276 2513 tia
291 2485 411 2521 perfecte
427 2494 539 2520 sanans,
556 2493 586 2515 ut
599 2489 658 2524 ejus
676 2490 775 2521 vibice.
797 2491 854 2518 sive
867 2492 952 2519 livore
971 2501 1020 2520 no-

237 2535 326 2559 strum
340 2536 483 2560 sanaretur
497 2533 605 2565 vulnus,
621 2539 648 2561 cl.
663 2543 771 2570 propria
787 2541 883 2569 tnorte,
897 2545 1016 2566 commu-

237 2584 299 2605 nem
313 2576 453 2605 hominum
474 2583 588 2606 mortem
606 2579 744 2612 aboleret,
762 2586 826 2609 tunc
840 2588 949 2618 propter
968 2591 1019 2612 nos

238 2620 326 2650 factus
338 2626 380 2650 est
393 2623 537 2656 obedicns,
561 2623 632 2651 sicut
649 2630 676 2651 et
695 2631 835 2659 peccatum
859 2631 885 2654 et
906 2629 1018 2656 maledi-

237 2666 309 2700 Ctio,
331 2667 390 2695 sive
416 2669 568 2697 exsecratio
586 2673 699 2704 propter
718 2670 952 2704 dispensationem
969 2681 1019 2707 pro

194 2711 200 2717 ⁸
237 2712 318 2741 nobis
336 2718 490 2749 susceptam
510 2714 598 2742 factus
621 2719 673 2747 est,
693 2722 755 2742 eum
775 2719 872 2743 natura
889 2717 942 2745 hoc
964 2726 1020 2746 non

273 2802 296 2819 ⁸³
314 2802 385 2830 Psal.
409 2811 518 2837 exul",
534 2804 550 2831 8
566 2811 641 2840 seqq.
681 2804 704 2821 “
726 2803 844 2840 Philipp.
858 2813 888 2839 ll,
911 2805 938 2833 8.

1037 2195 1058 2222 ι)

1074 218 1115 253 οἷς
1129 229 1209 256 φησιν
1218 242 1225 254 ,
1252 221 1282 247 '0
1294 220 1435 254 ὑπάρχων
1447 220 1503 254 πρὸ
1514 219 1572 246 τῶν
1581 219 1704 246 αἰώνων.
1720 219 1752 244 Εἰ
1769 215 1817 244 οὖν
1827 217 1859 244 τὸ

1075 265 1207 301 ὑπάρχειν
1224 265 1277 301 πρὸ
1293 265 1346 291 τῶν
1362 265 1476 298 αἰώνων,
1494 264 1583 299 πάσης
1598 264 1684 299 ἀρχῆς
1705 264 1781 289 ἐστιν
1796 261 1863 295 ἐξώ-

1073 319 1168 346 τερον’
1189 311 1204 337 ό
1226 310 1274 346 τὴν
1292 310 1451 346 προαιώνιον
1468 309 1506 344 τῷ
1532 309 1590 344 Υἱῷ
1614 308 1749 339 ἀνατιθεὶς
1771 307 1862 339 δόξαν,

1075 355 1141 382 πολὺ
1159 355 1289 391 πρότερον
1307 355 1382 391 αὺτῷ
1392 355 1441 390 τὴν
1455 354 1484 386 ἐξ
1497 354 1581 381 ἀϊδίου
1598 353 1864 389 προσεμαρτύρησεν

1075 400 1200 436 ὓπαρξιν.
1219 402 1255 428 Οὐ
1271 401 1325 438 γὰρ
1341 401 1371 428 τὺ
1387 401 1424 436 μὴ
1439 400 1484 434 ὃν,
1498 400 1564 427 ἀλλὰ
1575 401 1606 426 τδ
1620 399 1648 426 ὃν
1662 400 1772 431 πάντως
1783 398 1863 431 δοξά-

1074 446 1159 479 ζεται.
1173 447 1250 474 Μετὰ
1265 447 1352 474 ταῦτα
1365 446 1410 478 δὲ,
1426 446 1476 482 τῆς
1496 446 1566 472 κατὰ
1581 445 1626 472 τοῦ
1642 446 1718 480 ἁγίου
1734 445 1864 480 Πνεύμα-

1073 501 1118 524 τος
1146 492 1318 528 βλασφημίας
1339 492 1427 528 ἑαυτῷ
1451 493 1486 519 τὰ
1508 492 1652 528 σπέρματα
1677 491 1862 518 καταϐάλλει·

1073 539 1121 572 οὐχ
1138 538 1182 564 ἵνα
1197 538 1241 564 τὸν
1257 538 1319 564 Υὶὸν
1335 538 1434 574 δοξάσῃ
1446 558 1453 569 ,
1481 537 1537 564 ἀλλ’
1553 538 1596 564 ἵνα
1612 538 1650 572 τῷ
1664 537 1806 572 Πνεύματι
1822 536 1864 572 τῷ

1073 585 1144 620 ἁγίῳ
1158 585 1356 621 ὲμπαροινήσῃ.
1374 585 1539 620 Βουλόμενος
1553 583 1608 619 γὰρ
1635 584 1717 619 μέρος
1733 583 1785 618 τῆς
1810 583 1864 617 ἁγ-

1073 630 1183 664 γελικῆς
1211 629 1351 665 δυνάμεως
1376 630 1516 662 ἀποδεῖξαι
1532 629 1563 656 τὸ
1579 629 1689 664 Πνεῦμα
1714 629 1744 655 τὸ
1771 629 1863 663 ἅγιον,

1073 675 1152 702 τοῦτο
1165 676 1348 711 προσέρριψεν
1360 696 1368 708 ,
1385 675 1486 707 εἰπὼν,
1507 677 1548 702 ὅτι
1573 676 1776 710 Δοξαζόμενον
1802 676 1863 703 ὑπὸ

1073 721 1125 748 τοῦ
1146 721 1315 755 πνεύματος
1336 721 1372 747 δι’
1391 721 1498 754 αἰῶνος
1510 741 1518 753 ,
1535 724 1583 748 καὶ
1613 720 1714 753 πάσης
1731 719 1864 754 λογικῆς

1073 766 1121 792 καὶ
1137 765 1285 800 γεγνητῆς
1303 766 1425 797 οὐσίας·
1450 766 1488 797 ὡς
1507 765 1642 801 μηδεμίαν
1671 763 1740 791 εἶναι
1762 765 1862 799 διαφο-

1074 811 1123 847 ρὰν
1137 811 1175 846 τῷ
1188 811 1326 846 Πνεύματι
1340 810 1378 846 τῷ
1393 811 1463 845 ἁγίῳ
1485 811 1548 846 πρὸς
1574 812 1626 837 πᾶν
1650 811 1681 837 τὸ
1705 811 1861 845 γινόμενον,

1072 857 1150 893 εῐπερ
1166 856 1237 883 οὕτω
1247 856 1352 890 δοξάζει
1367 857 1412 883 τὴν
1428 857 1529 892 Κύριον
1543 857 1572 882 τὸ
1589 856 1700 891 Πνεῦμα
1718 856 1749 882 τὸ
1770 856 1862 889 ἅγιον,

1081 904 1120 934 ὡς
1135 903 1225 929 καὶτὰ
1239 902 1306 929 ἄλλα
1320 902 1406 928 πάντα
1418 903 1481 937 περὶ
1494 898 1531 928 ὧν
1543 902 1711 937 ὀΠροφὴτης
1721 901 1860 933 διέξεισιν,

1071 950 1096 975 οι
1110 949 1218 983 ἄγγελοι
1234 949 1279 974 καὶ
1294 949 1321 974 αἱ
1332 948 1469 983 δυνάμεις,
1483 949 1528 975 καὶ
1540 948 1594 974 τῶν
1606 947 1728 983 οὐρανῶν
1741 948 1766 973 οἱ
1777 947 1862 982 ούρα-

1071 995 1122 1027 νοὶ,
1137 995 1182 1021 καὶ
1195 995 1226 1021 τὸ
1240 995 1422 1030 ὑπερκόσμιον
1436 994 1506 1030 ὕδωρ
1516 1017 1522 1028 ,
1538 995 1586 1022 καὶ
1598 994 1632 1020 τὰ
1646 996 1677 1020 ἐκ
1689 993 1741 1027 γῆς
1758 993 1859 1023 πάντα,

1071 1041 1224 1076 δράκοντες,
1243 1040 1366 1072 ἄϐυσσοι,
1385 1040 1451 1076 πῦρ,
1469 1036 1669 1074 χάλ.σζα,χιὼν,
1680 1038 1860 1073 κρύσταλλος,

1071 1087 1180 1122 πνεῦμα
1205 1086 1376 1120 καταιγίδος,
1393 1085 1427 1111 τὰ
1453 1084 1502 1120 ὅρη
1532 1085 1578 1111 καὶ
1598 1084 1696 1116 πάντες
1712 1085 1736 1110 οι
1757 1082 1860 1118 βουνοὶ,

1072 1131 1137 1164 ξύλα
1154 1131 1315 1168 καρποφόρα
1347 1132 1394 1158 καὶ
1409 1131 1494 1158 πᾶσαι
1511 1129 1621 1165 κέδροι,
1642 1130 1677 1156 τὰ
1691 1129 1775 1164 θηρία.
1813 1129 1861 1155 καὶ

1072 1178 1161 1205 πάντα
1177 1178 1211 1204 τὰ
1232 1180 1315 1214 κτήνη
1328 1199 1335 1209 ,
1353 1178 1454 1213 ἑρπετὰ
1470 1178 1517 1204 καὶ
1544 1176 1653 1203 πετεινὰ
1673 1175 1813 1211 πτερωτά.
1829 1175 1860 1201 Εἰ

1071 1220 1116 1250 οὖν
1133 1224 1201 1258 μετὰ
1215 1223 1317 1250 τούτων
1339 1223 1411 1257 λέγει
1428 1222 1549 1255 δοξάζειν
1575 1222 1621 1248 τὸν
1647 1221 1748 1256 Κύριον
1764 1220 1813 1247 καὶ
1829 1219 1861 1246 τὸ

1071 1268 1182 1303 Πνεῦμα
1195 1268 1225 1294 τὸ
1238 1268 1314 1302 ἅγιον
1326 1288 1333 1300 ,
1348 1269 1377 1295 ἒν
1398 1268 1498 1295 τούτων
1512 1266 1581 1294 εἶναι
1595 1268 1704 1299 πάντως
1719 1267 1766 1294 καὶ
1780 1266 1859 1299 αὐτὸ,

1072 1315 1088 1349 ὴ
1104 1314 1235 1348 θεομάχος
1251 1314 1428 1348 ἀποφαίνεται
1444 1314 1564 1347 γλῶσσα.

1107 1360 1146 1386 Τὰ
1170 1359 1198 1385 δὲ
1226 1359 1321 1394 ἐφεξῆς
1337 1359 1440 1391 τούτοις
1463 1359 1655 1395 ἀσυναρτήτως
1672 1358 1861 1394 προσκείμενα

1071 1403 1221 1440 ὑπερϐῆναί
1237 1413 1307 1438 φημι
1320 1404 1374 1430 δεῖν
1391 1403 1479 1435 καλῶς
1501 1403 1588 1438 ἔχειν,
1609 1404 1657 1438 οὐχ
1670 1403 1707 1434 ὡς
1729 1402 1860 1437 ἀλήπτως

1071 1449 1174 1484 ἔχοντα,
1190 1449 1248 1475 ἀλλ’
1258 1449 1295 1480 ὡς
1306 1449 1442 1484 δυνάμενα
1457 1449 1504 1475 καὶ
1519 1448 1594 1484 παρὰ
1607 1448 1660 1474 τῶν
1673 1447 1860 1474 εὐσεϐούντων

1070 1494 1194 1528 λέγεσθαι
1205 1515 1212 1524 ,
1227 1494 1303 1529 εἴπερ
1315 1494 1486 1529 διαζευχθειη
1505 1494 1554 1528 τῆς
1574 1493 1747 1528 κακοτρόπου
1768 1492 1860 1527 ἐμφά-

1072 1547 1149 1570 σεως.
1169 1539 1199 1565 Εἰ
1216 1539 1270 1574 γάρ
1284 1539 1370 1568 rixa}.
1390 1539 1549 1574 πρόσκειται
1568 1538 1633 1573 παρ’
1648 1537 1729 1564 αὑτοῦ
1747 1538 1803 1563 τῶν
1820 1538 1860 1568 εἰς

1070 1584 1209 1610 εὐσέϐειαν
1225 1584 1413 1610 συντεινόντων
1424 1604 1430 1616 ,
1451 1584 1512 1610 ἀντὶ
1528 1583 1709 1618 δελεάσματος
1726 1582 1757 1608 τὸ
1772 1582 1861 1608 τοιοῦ-

1069 1637 1114 1655 τον
1126 1630 1183 1660 τοῖς
1197 1629 1397 1664 ἁκεραιοτὲροις
1411 1628 1591 1663 προτείνεται,
1602 1628 1645 1654 ἵνα
1663 1627 1859 1662 συγκαταποθῇ

1070 1673 1174 1705 τούτοις
1191 1674 1237 1700 καὶ
1258 1674 1287 1700 τὸ
1303 1674 1352 1708 τῆς
1367 1673 1492 1705 ἀσεϐείας
1507 1673 1665 1708 ἄγκιστρον.
1687 1673 1780 1699 Εἰπὼν
1804 1672 1860 1707 γάρ

1070 1726 1131 1745 τινα
1145 1718 1216 1754 ἆπερ
1235 1718 1268 1745 ἂν
1283 1719 1329 1745 καὶ
1346 1719 1359 1745 ὁ
1390 1718 1616 1753 ὲκκλησιαστικὺς
1634 1717 1722 1748 εἴποι,
1744 1717 1859 1752 προστί-

1071 1762 1159 1797 θησιν,
1176 1762 1318 1795 Ὑπήκοος
1330 1762 1405 1796 πρὸς
1417 1763 1474 1796 τὴν
1486 1762 1544 1789 τῶν
1557 1762 1652 1789 ὄντων
1663 1762 1860 1796 δημιουργίαν

1069 1808 1119 1834 καί
1129 1807 1258 1842 γένεσιν,
1274 1808 1407 1841 ὑπήκοος
1421 1808 1495 1842 πρὸς
1510 1808 1613 1835 πᾶσαν
1627 1807 1788 1841 διοίκησιν,
1803 1808 1859 1834 οὐκ

1068 1851 1103 1879 ἐκ
1118 1851 1172 1885 τῆς
1186 1852 1321 1886 ὑπακοῆς
1344 1853 1524 1886 προσλαϐὼν
1539 1853 1570 1879 τὸ
1586 1851 1662 1880 εἶναι
1687 1852 1754 1885 Υἱὸς
1772 1852 1857 1885 Θεὸς,

1070 1898 1139 1924 ἀλλ’
1154 1898 1188 1923 ἐκ
1198 1898 1251 1924 τοῦ
1269 1897 1334 1930 ΥΙὸς
1344 1897 1419 1925 εἶναι
1432 1899 1479 1925 καὶ
1493 1897 1670 1934 γεννηθῆναι
1681 1898 1856 1932 Mororng

1072 1942 1162 1975 Θεὸς,
1178 1944 1336 1978 γενόμενος
1361 1943 1495 1976 ὑπήκοος
1518 1944 1552 1970 ἐν
1575 1944 1693 1978 λίνοις,
1722 1943 1860 1976 ὑπήκοος

1069 1989 1104 2015 ἐν
1114 1988 1218 2023 ἔργοις.
1236 1990 1330 2016 Καίτοι
1346 1990 1387 2021 τίς
1401 1990 1451 2016 οὐκ
1466 1988 1519 2016 οἶδε
1538 1989 1592 2016 τῶν
1611 1990 1670 2021 ταῖς
1686 1989 1774 2021 θείαις
1789 1989 1859 2016 καθ-

1070 2034 1246 2070 ωμιληκότων
1267 2037 1367 2069 φωναῖς
1379 2055 1387 2067 ,
1415 2036 1478 2062 πότε
1494 2035 1599 2071 εἴρηται
1615 2035 1688 2071 παρὰ
1707 2035 1753 2062 τοῦ
1773 2036 1859 2070 μεγά-

1069 2082 1115 2108 λου
1131 2082 1236 2108 Παύλου
1287 2082 1426 2108 καὶτοῦτο
1452 2083 1493 2117 ἐφ’
1509 2083 1582 2114 ἅπαξ
1606 2082 1670 2118 περὶ
1692 2082 1795 2114 αὑτοῦ,
1816 2084 1856 2109 ὅτι

1071 2128 1189 2162 ὑπήκοος
1205 2127 1312 2161 ἐγένετο
1325 2137 1332 2160 ;
1352 2128 1416 2154 Ὅτε
1428 2128 1481 2164 γὰρ
1495 2129 1541 2154 ἐπὶ
1556 2128 1594 2163 τῷ
1611 2128 1756 2164 πληρῶσαι
1769 2128 1799 2154 τὸ
1814 2128 1858 2154 διὰ

1072 2172 1118 2199 τοῦ
1137 2173 1252 2209 σταυροῦ
1268 2174 1413 2209 μυστήριον
1426 2172 1516 2209 ἦλθεν,
1531 2175 1545 2200 ὁ
1564 2174 1684 2206 κενώσας
1715 2175 1814 2203 ἑαυτὸν
1830 2175 1858 2200 ἐν

1073 2219 1105 2253 τῇ
1124 2218 1170 2245 τοῦ
1195 2218 1288 2245 δούλου
1314 2220 1421 2254 μορφῇ,
1438 2220 1485 2246 καὶ
1509 2219 1680 2251 ταπεινώσας
1699 2219 1797 2245 ἑαυτὸν
1821 2218 1859 2254 τῷ

1071 2264 1118 2291 τοῦ
1135 2265 1278 2301 ἀνθρώπου
1293 2266 1443 2301 ὁμοιώματι
1464 2274 1491 2292 τε
1510 2266 1555 2292 καὶ
1576 2266 1713 2301 σχήματι,
1734 2265 1859 2300 εὑρεθεῖς

1071 2309 1109 2341 ὡς
1122 2309 1263 2346 ἄνθρωπος
1288 2311 1316 2337 ἐν
1337 2312 1369 2345 τῇ
1392 2312 1506 2346 ταπεινῇ
1522 2311 1576 2337 τῶν
1594 2309 1746 2346 ἀνθρώπων
1765 2310 1857 2344 φύσει,

1070 2355 1131 2382 τότε
1150 2356 1268 2391 ὑπήκοος
1285 2355 1399 2390 γίνεται,
1414 2357 1428 2382 ὁ
1442 2356 1491 2388 τὰς
1503 2355 1643 2386 ἀσθενείας
1658 2354 1735 2390 ἡμῶν
1757 2354 1859 2381 ἀνα-λεια

1071 2400 1141 2433 6ὼν,
1160 2401 1207 2428 καὶ
1220 2402 1269 2433 τὰς
1293 2401 1385 2433 νόσους
1402 2401 1551 2437 βαστάσας,
1565 2401 1613 2436 τὴν
1639 2399 1783 2436 παρακοήν
1803 2399 1858 2425 τῶν

1070 2445 1220 2482 ἀνθρώπων
1233 2447 1276 2474 διὰ
1295 2447 1342 2483 τῆς
1365 2447 1431 2479 ιδίας
1444 2447 1565 2482 ὑπακοῆς
1580 2445 1742 2481 ἐξιώμενος,
1760 2445 1805 2471 ἶνα
1820 2443 1859 2478 τῷ

1071 2491 1184 2526 μώλωπι
1198 2492 1279 2519 αὐτοῦ
1294 2493 1324 2519 τὸ
1342 2493 1475 2529 ἡμέτερον
1492 2493 1599 2527 ἰάσηται
1613 2492 1733 2528 τραῦμα,
1749 2490 1798 2517 καὶ
1814 2489 1860 2516 διὰ

1069 2537 1116 2564 τοῦ
1132 2537 1195 2565 ίδίου
1211 2538 1325 2565 Θανάτου
1337 2538 1383 2565 τὸν
1398 2539 1485 2565 κοινὸν
1505 2538 1620 2565 θάνατον
1635 2536 1689 2563 τῶν
1703 2534 1858 2571 ἀνθρώπων

1069 2582 1218 2619 ὲξαφανίσῃ
1231 2605 1237 2614 ,
1253 2583 1312 2610 τότε
1343 2584 1375 2610 δι’
1391 2585 1464 2619 ἡμᾶς
1483 2584 1601 2620 ὑπήκοος
1615 2582 1719 2617 γίνεται
1731 2601 1739 2613 ,
1758 2581 1797 2612 ὡς
1812 2581 1860 2606 καὶ

1069 2628 1189 2664 ἁμαρτία
1203 2629 1248 2655 καὶ
1262 2629 1367 2664 κατάρα
1385 2628 1428 2656 διὰ
1448 2629 1497 2664 τὴν
1515 2629 1584 2664 ὑπὲρ
1604 2627 1683 2663 ἡμῶν
1703 2625 1859 2660 οἰκονομίαν

1069 2674 1184 2708 ἐγένετο,
1198 2675 1227 2702 ού
1246 2675 1325 2708 φύσει
1340 2675 1418 2702 τοῦτο
1429 2674 1477 2708 ὣν,
1488 2674 1556 2701 ἀλλὰ
1568 2673 1640 2700 κατὰ
1652 2669 1858 2707 φιλανθρωπίαν

1068 2721 1221 2756 γενόμενος.
1243 2721 1294 2748 Τὸν
1324 2721 1352 2748 δὲ
1378 2721 1513 2748 τοσούτων
1540 2719 1666 2749 ὑπακοῶν
1697 2716 1857 2752 κατάλογον,
