1957 3079
91 161 140 190 529

651 159 790 189 CONTRA
812 159 1008 192 EUNOMIUM,
1027 159 1091 186 LIB.
1114 159 1144 186 ll.

1659 160 1723 188 530'

90 217 164 251 παρὰ
188 215 268 247 ποίας
284 215 406 251 ἐδιδάχθη
420 215 529 252 Γραφῆς
540 225 547 248 ;
559 217 598 242 Τὸ
612 217 730 243 ἐναντίον
751 216 800 251 μὲν
825 214 871 243 οὖν

930 216 969 249 sit,
987 215 1034 244 sed
1047 219 1158 250 propter
1175 222 1295 241 amorem
1309 220 1336 242 et
1348 214 1567 243 benevolentiam
1585 215 1612 242 in
1628 216 1712 244 homi-

90 263 164 289 πᾶσα
177 262 354 293 θεόπνευστος
368 261 463 297 Γραφὴ
493 262 542 297 τὴν
557 261 718 298 ᾳύθεντικὴν
739 262 814 298 αὑτῷ
827 263 873 289 καὶ

89 307 322 343 αὐτοκρατορικὴν
346 308 550 343 προσμαρτυρεῖ
576 307 720 341 ἐξουσίαν,
747 309 871 342 λέγουσα,

90 353 185 386 Αὐτὸς
199 354 274 385 εἶπε,
299 353 348 380 καί
364 353 551 388 ἐγενήθησαν
563 373 570 386 ,
587 354 678 386 αὐτὸς
693 353 873 387 ἐνετείλατο,

90 398 137 425 καὶ
150 398 347 431 ἐκτίσθησαν.
363 398 446 433 Δῆλον
459 397 512 434 γὰρ
524 398 565 425 ὅτι
578 398 665 425 ταῦτά.
680 407 761 434 φησιν
774 399 788 425 ὁ
801 399 873 434 Προ-

89 443 180 479 φήτης
216 443 279 479 περὶ
298 443 343 469 τοῦ
363 442 396 470 τὰ
412 443 557 478 σύμπαντα
575 444 701 479 φέροντος
719 444 758 479 τῷ
773 444 874 480 ῥήματι

89 489 138 523 τῆς
149 489 290 523 δυνάμεως
306 488 399 521 αὑτοῦ,
412 484 442 515 οὑ
458 489 474 524 ή
489 488 607 522 ἐξουσία,
624 491 714 516 πᾶσαν
723 489 816 517 οὐσίαν
828 490 875 516 καὶ

90 533 171 568 φύσιν
183 554 190 566 ,
209 534 256 560 καὶ
280 533 369 560 πάντα
382 533 415 560 τὰ
430 534 459 560 ἑν
481 535 514 569 τῇ
529 534 616 561 κτίσει
637 534 768 570 νοούμενα
784 543 812 561 τε
829 535 875 561 καὶ

89 579 227 614 ὁρώμενα,
240 580 269 605 ὲν
286 579 353 615 μόνῃ
374 580 408 614 τῇ
427 578 474 605 τοῦ
487 578 636 614 θελήματος
656 580 726 614 ὁρμῇ
747 581 875 616 συνεστή-

91 632 166 651 σατο.
185 624 270 650 Πόθεν
280 624 368 651 τοίνυν
383 623 538 659 κινούμενος
554 625 568 650 ὁ
579 624 720 659 Εὐνόμιος,
737 625 875 660 μυριοτρό-

91 678 149 701 πως
168 669 329 705 ὲπιφημίξει
345 668 384 704 τῷ
398 668 501 703 βασιλεῖ
511 668 561 703 τῆς
575 668 688 701 κτίσεως
700 669 729 695 τὺ
745 670 874 704 ὑπήκοον,

93 714 240 750 Ὑπήκοος,
248 715 344 750 λέγων,
356 715 420 750 πρὸς
429 714 518 740 πᾶσαν
528 714 706 750 δημιουργίαν
716 734 723 747 ,
747 715 793 743 καὶ
808 715 875 750 πρὸς

90 761 180 786 πᾶσαν
193 760 324 795 διοίκησιν
342 760 460 795 ὑπήκοος
474 780 481 792 ,
493 760 612 795 ὑπήκοος
627 761 656 788 ἐν
668 760 757 795 λόγοις
770 761 818 788 καὶ
829 760 875 795 ἕρ-

89 815 162 840 γοις;
173 806 269 832 Καίτοι
282 807 362 833 παντὶ
378 806 455 840 δῆλον
471 806 501 833 τὸ
515 806 634 834 τοιοῦτόν
663 808 746 840 ἐστιν,
764 807 805 834 ὅτι
827 807 874 842 μό-

89 861 134 885 νος
146 854 175 879 ὲν
191 852 280 887 λόγοις
296 861 326 878 τε
343 853 390 879 καὶ
410 852 499 888 ἔργοις
514 853 600 888 ἑτέρῳ
614 862 655 885 τις
672 853 790 889 ὑπήκοος
803 853 876 887 γίνε-

926 269 989 289 num
1003 269 1088 297 genus
1104 262 1192 289 factus
1207 265 1256 287 est.
1273 259 1373 287 llarum
1395 268 1460 289 vero
1485 266 1622 289 tantarum
1645 263 1711 290 obe-

925 308 1088 336 dientiarum
1099 307 1263 342 catalogum.
1274 314 1307 334 ex
1317 314 1436 341 quanam
1448 306 1589 342 Seriphum
1599 307 1713 336 edoctus

925 353 983 381 est?
1000 353 1103 380 Contra
1116 351 1225 388 quidem
1240 352 1329 379 omnis
1346 351 1478 380 divinitus
1492 353 1624 388 inspirata
1637 353 1712 381 Seri-

926 403 1005 434 ptura
1031 398 1057 427 ei
1074 406 1207 426 summam
1223 397 1392 432 majestatem
1409 402 1436 425 et
1450 398 1609 432 primariam
1636 405 1711 435 pote-

925 448 1023 472 statem
1035 451 1067 471 ac
1080 451 1186 471 merum
1204 443 1347 478 imperium
1368 442 1498 478 assignat,
1518 451 1580 471 cum
1595 444 1715 479 δίωγμα

925 490 1006 522 dixit,
1021 493 1046 516 et
1061 489 1134 524 facta
1143 493 1220 520 sunt,
1236 489 1292 522 ipse
1307 486 1453 520 mandavit,
1466 493 1490 515 et
1502 493 1591 516 creata
1605 494 1665 516 sunt
1678 490 1710 517 °'.

925 535 1101 570 Perspicuum
1122 539 1163 562 est
1178 534 1249 561 enim
1264 534 1336 568 quod
1349 534 1406 561 hzee
1420 534 1458 561 ait
1475 534 1609 569 Propheta
1629 535 1662 563 de
1679 543 1710 562 eu

925 582 971 617 qui
991 589 1047 610 suae
1064 580 1190 616 potentia:
1205 580 1288 607 verbo
1303 579 1354 607 fert
1368 580 1495 607 universa
1510 581 1532 596 “
1547 590 1553 607 :
1571 582 1650 616 cujus
1667 590 1712 616 po-

926 631 1010 655 testas
1020 635 1128 654 omnem
1143 626 1288 654 essentiam
1301 630 1329 653 el.
1342 629 1479 658 naturam,
1496 631 1524 654 et
1544 628 1634 654 omnia
1651 636 1712 662 quze

926 673 953 701 in
965 677 1091 701 creatura
1105 672 1295 707 intelliguntur
1315 675 1343 699 et
1360 676 1523 704 cernuntur,
1542 673 1601 700 solo
1618 674 1712 700 volun-

926 719 991 746 tatis
1011 719 1113 753 impetu
1133 721 1160 745 et
1183 722 1249 744 nutu
1268 716 1401 744 condidit.
1422 717 1499 745 Unde
1518 717 1601 753 igitur
1624 717 1714 745 Euno-

925 764 998 792 mius
1020 767 1191 795 commotus.
1216 762 1304 791 modis
1324 762 1438 790 inﬁnitis
1458 763 1484 790 in
1504 770 1566 798 rege
1581 767 1713 791 creatum

927 809 1111 837 obedientiam
1128 809 1268 837 celebrat?
1283 816 1345 836 cum
1364 808 1412 839 ait,
1424 808 1561 835 (lbediens
1583 809 1615 836 ad
1633 816 1712 836 omne

927 855 1063 889 opiﬁcium
1075 858 1102 882 et
1117 853 1259 886 fabricant,
1276 854 1310 881 ad
1325 862 1433 881 omnem
1448 854 1711 882 administrationem

87 908 142 931 ται,
157 898 172 924 ὁ
188 899 270 934 μήπω
281 898 331 933 τὴν
341 899 461 931 ἐξουσίαν
473 898 519 925 τοῦ
531 899 615 925 ποιεῖν
629 898 747 934 ἀκριὸὦς
758 899 775 934 ἢ
786 899 875 932 λέγειν

930 900 1077 932 obedieus,
1103 900 1234 927 obedieus
1258 900 1285 926 in
1315 900 1491 927 sermonibus
1518 903 1546 927 et
1572 900 1712 935 operibus.

88 945 218 980 ἁλήπτως
239 945 268 970 ὲν
292 943 380 979 ἐαυτῷ
396 943 588 979 κατορθώσας·
607 943 674 971 ἀλλὰ
690 944 759 979 πρὸς
774 944 820 970 τὸν
837 944 875 970 δι-

88 989 221 1016 δάσκαλον
237 989 333 1016 ἑαυτοῦ
350 990 397 1030 καὶ
411 988 585 1024 καθηγεμόνα
601 989 706 1024 βλέπων
718 1010 724 1022 ,
739 990 798 1020 ταῖς
811 989 873 1015 ὑπο-

88 1037 188 1072 Θήκαις
202 1036 306 1062 ἐκείνου
319 1035 347 1062 τὺ
359 1036 387 1062 ὲν
402 1036 456 1066 τοῖς
470 1034 559 1068 λόγοις
570 1043 601 1061 τε
616 1035 662 1062 καὶ
678 1036 706 1061 ὲν
719 1036 774 1066 τοῖς
785 1034 875 1070 ἔργοις

88 1082 202 1117 ἀκριϐὲς
221 1081 420 1108 ὲκπαιδεύεται.
438 1080 475 1107 Τὸ
495 1080 523 1107 δὲ
550 1081 599 1116 τὴν
614 1080 714 1115 Σοφίαν
731 1080 875 1107 ἐπιστάτου

89 1126 200 1162 χρῄζειν
218 1125 320 1153 οἴεσθαι
340 1126 388 1153 καὶ
403 1125 561 1152 διδασκάλου
575 1146 582 1158 ,
596 1125 642 1151 τοῦ
658 1125 706 1160 τὴν
717 1124 876 1152 ἀκολουθίαν
885 1151 891 1157 _

86 1171 103 1207 ἢ
121 1171 171 1207 τὴν
187 1171 360 1208 δικαιοσύνην
373 1171 440 1207 πρὸς
458 1171 488 1198 τὸ
500 1171 558 1198 δέον
574 1171 642 1206 αὐτῇ
655 1170 875 1204 κατευθύνοντος,

89 1218 175 1253 μόνης
187 1218 237 1253 τῆς
256 1217 388 1252 Εὑνομίου
404 1217 551 1251 φαντασίας
569 1216 652 1243 ἐστίν.
668 1215 723 1242 Καὶ
744 1216 808 1251 περὶ
829 1215 875 1242 τοῦ

88 1263 196 1299 Πατρός
213 1272 306 1298 φησιν,
319 1264 359 1290 ὅτι
376 1263 474 1294 Πιστὸς
491 1263 520 1289 ἐν
538 1262 627 1296 λόγοις
641 1281 648 1293 ,
663 1262 710 1288 καὶ
733 1261 826 1292 πιστὸς
848 1261 876 1287 ὲν

87 1308 194 1344 ἔργοις·
211 1308 251 1344 τῷ
263 1308 291 1335 δὲ
304 1308 362 1344 Υίῷ
375 1309 405 1335 τὺ
427 1309 521 1336 πιστὸν
546 1309 574 1335 ἐν
601 1309 656 1340 τοῖς
670 1307 825 1342 γενομένοις
847 1315 876 1333 τε

87 1356 135 1382 καὶ
148 1355 304 1390 λεγομένοις
314 1355 365 1382 οὑκ
381 1354 579 1390 ἐμαρτύρησεν,
590 1354 648 1380 ἀλλ’
662 1353 780 1389 ὑπήκοον
798 1352 877 1380 αὑτὸν

87 1403 117 1429 ὲν
140 1401 230 1437 λόγοις
253 1400 340 1434 εἶναι,
354 1402 401 1428 καὶ
416 1401 446 1428 οὑ
466 1401 560 1427 πιστὸν
583 1402 749 1436 ἀπεφήνατο.
770 1399 813 1430 Ὡς
835 1398 878 1425 διὰ

89 1447 200 1474 πάντων
212 1444 250 1474 ὧν
262 1447 335 1482 λέγει
353 1446 401 1482 τὴν
417 1446 476 1473 κατ’
490 1446 571 1473 αὑτοῦ
591 1445 762 1481 βλασφημίαν
777 1444 807 1470 τὸ
820 1442 878 1471 ἴσον

88 1493 163 1528 ἔχειν
177 1500 183 1507 '
199 1492 231 1519 τὸ
252 1492 281 1519 δὲ
309 1492 399 1528 μωρόν
425 1500 455 1518 τε
477 1492 524 1519 καὶ
539 1491 695 1526 ἀδιανόητον
713 1490 761 1525 τῆς
778 1489 878 1526 μεταξὺ

87 1538 193 1565 τούτων
209 1537 421 1573 παρεντεθείσης
438 1538 542 1573 ρήσεως
553 1557 560 1569 ,
585 1537 683 1572 πρέπει
698 1537 767 1572 τάχα
791 1538 877 1572 σιωπῇ

89 1584 237 1619 παρελθεῖν
248 1605 256 1616 ,
273 1584 365 1620 μή.τις
379 1583 431 1610 τῶν
455 1583 664 1618 ἁπερισκέπτων
685 1583 834 1618 ἑπιγελάσῃ
846 1583 878 1618 τῇ

89 1632 255 1668 ματαιότητι
269 1651 276 1662 ,
290 1629 416 1665 δακρύειν
429 1629 488 1656 δέον
503 1629 549 1656 ἐπὶ
562 1630 594 1664 τῇ
611 1628 665 1655 τῶν
680 1628 774 1663 ψυχῶν
791 1628 880 1655 αὐτῶν

88 1677 215 1712 ἀπωλείᾳ
228 1697 235 1709 ,
259 1676 373 1712 ἧγελᾷν
392 1675 438 1701 ἐπὶ
453 1676 486 1710 τῇ
510 1674 600 1710 μωρίᾳ
623 1673 676 1701 τῶν
698 1674 794 1708 λόγων.
813 1674 880 1709 Φησὶ

88 1724 145 1759 γὰρ
156 1725 171 1750 ὁ
187 1723 267 1757 σοφὸς
282 1720 360 1753 οὗτος
376 1721 422 1748 καὶ
441 1720 672 1756 περιεσκεμμένος
686 1721 878 1755 δογματιστὴς,

88 1770 141 1796 οὐκ
156 1769 190 1795 ὲκ
201 1769 249 1803 τῆς
261 1767 382 1802 ὑπακοῆς
407 1767 485 1793 αὑτὸν
499 1766 661 1802 προσλαϐεῖν
677 1766 707 1792 τὸ
723 1764 792 1793 εἶναι
805 1766 876 1792 Υίόν.

91 1815 127 1841 Ὠ
137 1814 186 1849 τῆς
201 1813 339 1849 ἀγχινοίας
351 1820 358 1827 ·
377 1812 414 1843 ὡς
429 1811 584 1845 ἀναγκαίως
608 1811 671 1846 περὶ
697 1809 798 1842 τούτων
815 1811 880 1845 ἡμῖν

89 1859 241 1896 διορίζεται
258 1860 263 1886 !
276 1860 337 1886 Ὅτι
352 1859 383 1885 οὐ
399 1858 531 1894 πρότερον
554 1857 673 1893 ὑπήκοος
689 1857 797 1891 ἐγένετο
809 1877 816 1890 ,
835 1857 881 1883 καὶ

89 1906 152 1933 τότε
165 1905 230 1936 Υἱὸς
242 1926 249 1938 ,
264 1905 324 1931 οὐδὲ
335 1903 522 1940 πρεσϐυτέραν
540 1903 592 1938 χρὴ
609 1903 679 1929 νοεῖν
693 1902 740 1937 τὴν
758 1903 880 1937 ὑπακοὴν

88 1952 175 1979 αὑτοῦ
188 1952 236 1986 τῆς
248 1951 409 1986 γεννήσεως.
421 1950 452 1976 El
466 1950 494 1976 δὲ
510 1949 546 1984 μὴ
558 1949 773 1984 προσδιωρίσατο
784 1947 880 1980 ταῦτα,

89 1998 132 2029 τίς
146 1997 220 2023 οὕτω
235 1996 325 2032 μωρὸς
338 1997 384 2022 καὶ
399 1994 500 2029 ἠλίθιος
522 1992 572 2029 ἦν,
595 1994 632 2025 ὡς
650 1993 743 2028 μισθὸν
760 1993 881 2028 ὑπακοῆς

89 2043 220 2079 οἰηθῆναι
232 2042 306 2077 παρὰ
321 2041 367 2068 τοῦ
379 2040 485 2076 Πατρος
504 2038 577 2074 αὺτῷ
587 2039 708 2066 δεδόσθαι
720 2039 769 2074 τὴν
785 2039 881 2074 γέννη-

91 2098 146 2122 σιν,
163 2088 204 2124 τῷ
219 2087 272 2124 πρὸ
286 2088 334 2123 τῆς
346 2087 498 2122 γεννήσεως
508 2085 704 2121 ἐπιδειξαμένῳ
717 2085 747 2111 τὸ
757 2084 882 2116 εὐπειθὲς

89 2136 140 2162 καὶ
161 2134 299 2169 ὑπήκοονς
320 2132 388 2159 Ἀλλ’
407 2133 450 2159 ἶνα
476 2132 512 2168 μὴ
538 2131 690 2167 προχείρως
711 2139 753 2162 τις
778 2131 810 2156 ὲκ
831 2129 882 2164 τῆς

88 2181 188 2213 ἀνοίας
211 2180 267 2207 τῶν
290 2179 442 2214 λεγομένων
461 2179 603 2214 κατασυρῇ
619 2177 686 2214 πρὸς
705 2177 750 2204 τὸν
766 2176 881 2211 γέλωτα,

926 945 1081 979 Quinetiam
1102 946 1154 973 hoc
1167 945 1281 973 cuilibet
1297 949 1339 973 est
1356 946 1530 980 perspicuum
1548 950 1575 973 et
1597 946 1712 978 clarum,

926 993 996 1027 quod
1017 993 1092 1020 solus
1113 992 1141 1019 in
1156 991 1330 1020 sermonibus
1349 997 1376 1019 et
1392 993 1521 1027 operibus
1538 992 1615 1020 alteri
1636 992 1714 1027 quis-

927 1038 998 1073 piam
1022 1038 1050 1064 ﬁt
1067 1038 1209 1069 obedieus,
1222 1037 1269 1072 qui
1287 1037 1409 1065 nondum
1423 1043 1519 1066 exacte
1537 1038 1653 1066 faciendi
1667 1038 1714 1065 lia-

926 1083 1012 1112 bitum
1031 1083 1074 1111 vel
1089 1083 1199 1111 dicendi
1216 1083 1321 1117 absque
1338 1090 1432 1111 errore
1452 1089 1479 1111 et
1503 1083 1716 1118 reprehensione

927 1130 954 1157 iu
972 1129 1061 1164 seipso
1076 1128 1200 1164 perfecit,
1215 1129 1263 1157 sed
1280 1129 1308 1156 in
1323 1137 1403 1157 suum
1424 1129 1584 1164 magistrum
1604 1134 1631 1157 et
1648 1137 1715 1164 prte—

926 1179 1064 1210 ceptorem
1089 1175 1200 1204 intuens
1224 1176 1367 1211 praeceptis
1390 1175 1465 1203 il'ius
1479 1175 1552 1210 quod
1568 1175 1594 1202 in
1612 1182 1715 1202 sermo-

927 1222 1008 1251 nibus
1025 1228 1053 1249 et
1066 1222 1194 1257 operibus
1214 1226 1373 1249 accuratum
1399 1225 1442 1250 est
1467 1226 1494 1249 et
1522 1221 1644 1249 limatum
1674 1222 1708 1248 iu-

928 1267 1043 1294 struitur
1055 1271 1082 1294 et
1095 1266 1228 1295 eruditur.
1244 1267 1344 1294 Putare
1361 1270 1453 1294 autem
1473 1266 1641 1301 Sapientiam
1658 1273 1715 1293 ma-

928 1311 1016 1347 gistro
1026 1315 1053 1339 et
1069 1312 1181 1339 doctore
1191 1310 1313 1346 indigere
1322 1318 1355 1339 eo
1365 1311 1412 1346 qui
1421 1311 1464 1339 vel
1476 1311 1713 1342 consecutionem,

928 1357 971 1384 vel
983 1356 1118 1391 justitiam
1136 1355 1170 1383 ad
1190 1355 1216 1383 id
1232 1356 1304 1391 quod
1321 1356 1346 1384 ei
1359 1363 1427 1391 opus
1442 1359 1485 1383 est
1500 1355 1612 1390 dirigat,
1629 1355 1716 1383 solius

929 1401 1055 1428 Eunomii
1085 1401 1198 1429 visionis
1222 1404 1274 1428 est.
1300 1401 1339 1428 Ae
1358 1400 1391 1427 de
1409 1399 1490 1428 Patre
1513 1400 1620 1434 inquit,
1642 1400 1714 1435 quod

930 1447 1017 1474 ﬁdelis
1036 1446 1063 1473 in
1083 1446 1258 1474 sermonibus
1284 1451 1311 1474 et
1336 1445 1423 1473 ﬁdeiis
1452 1446 1480 1473 in
1509 1446 1617 1478 verbis;
1647 1445 1716 1473 Filio

930 1496 1019 1519 autem
1036 1491 1106 1527 quod
1126 1491 1204 1519 fidele
1217 1495 1259 1519 est
1276 1491 1304 1518 ia
1316 1491 1397 1519 dictis
1417 1494 1444 1519 et
1460 1491 1540 1520 factis
1563 1498 1616 1518 non
1636 1491 1716 1518 attri-

931 1539 998 1570 buit,
1019 1538 1066 1566 sed
1083 1538 1171 1573 ipsum
1189 1537 1373 1570 obedientem,
1393 1544 1449 1565 non
1465 1536 1583 1570 fidelem,
1603 1537 1630 1563 in
1657 1544 1716 1564 ser-

931 1583 1056 1611 monibus
1071 1587 1098 1610 et
1113 1582 1243 1618 operibus
1259 1582 1456 1618 pronuntiavit.
1467 1581 1503 1609 lta
1520 1586 1549 1609 ut
1566 1589 1612 1617 per
1626 1581 1717 1608 omnia

930 1637 990 1665 quae
1008 1629 1065 1664 ipse
1084 1629 1202 1662 asserit,
1222 1629 1350 1664 impietas
1379 1633 1406 1657 et
1432 1628 1603 1663 blasphemia
1621 1633 1718 1657 contra

930 1675 1019 1710 ipsum
1037 1674 1152 1710 perinde
1172 1679 1200 1702 et
1216 1674 1358 1709 aequaliter
1381 1682 1411 1702 se
1435 1674 1551 1710 habeat;
1576 1677 1718 1704 stultitiam

930 1725 1019 1747 autem
1028 1723 1056 1747 et
1066 1720 1213 1747 amentiam
1223 1719 1367 1747 verborum
1382 1719 1589 1756 iuterjectorum
1606 1728 1717 1757 praestat

931 1765 1049 1793 fortasse
1065 1765 1175 1794 silentio
1191 1765 1341 1793 involutam
1357 1767 1508 1802 przeterire,
1531 1775 1566 1795 ne
1590 1768 1653 1803 quis
1676 1769 1719 1795 in-

930 1812 1119 1839 consultorum
1144 1817 1172 1840 et
1196 1813 1431 1847 improvidorum,
1452 1813 1550 1841 horum
1572 1815 1719 1842 vanitatem

930 1856 1064 1889 derideat,
1081 1865 1144 1884 cum
1156 1857 1250 1892 potius
1265 1857 1384 1886 ﬂendum
1397 1862 1469 1886 esset
1483 1863 1595 1893 propter
1613 1860 1720 1886 anima‘

931 1910 990 1929 rum
1010 1903 1133 1937 ipsorum
1153 1903 1311 1936 interitum,
1337 1911 1420 1938 quam
1443 1903 1587 1931 ridendum
1609 1909 1720 1939 propter-

931 1955 1090 1976 sermonum
1106 1949 1251 1976 stultitiam
1270 1953 1297 1976 et
1322 1949 1487 1978 fatuitatem.
1513 1949 1558 1976 Ait
1578 1950 1649 1977 enim
1669 1951 1721 1978 iste

931 1993 1041 2028 sapiens
1067 1997 1094 2020 et
1119 1993 1311 2021 consideratus
1333 1994 1514 2028 dogmatista,
1536 2001 1590 2021 non
1604 2002 1638 2021 ex
1655 1994 1721 2021 obe-

933 2039 1035 2067 dientia
1047 2040 1135 2074 ipsum
1148 2039 1301 2074 accepisse,
1317 2043 1346 2066 ut
1361 2040 1397 2066 sit
1410 2039 1506 2067 Filius.
1521 2040 1542 2066 0
1559 2040 1697 2067 solertiam
1712 2041 1718 2066 !

932 2092 1013 2119 quam
1040 2085 1197 2112 necessario
1214 2085 1248 2112 de
1265 2084 1308 2111 liis
1335 2085 1414 2112 nobis
1431 2085 1556 2112 disseritl
1574 2084 1652 2117 Quod
1666 2093 1720 2112 non

932 2131 1008 2164 prius
1025 2130 1154 2158 obediens
1172 2129 1261 2157 factus
1287 2134 1348 2162 est,
1366 2134 1393 2157 et
1409 2133 1478 2157 tunc
1503 2129 1610 2161 Filius,
1633 2137 1721 2165 neque

933 2181 1040 2212 oportet
1067 2177 1220 2212 intelligere
1245 2177 1428 2204 obedientiam
1455 2177 1516 2211 ejus
1547 2177 1723 2212 generatione

88 2227 220 2259 νοησάτω
236 2227 277 2253 ὅτι
292 2226 348 2261 ἔχει
373 2234 399 2252 τι
425 2225 472 2252 καὶ¹
495 2225 511 2260 ἡ
536 2224 626 2260 μωρία
649 2223 703 2250 τῶν
728 2222 877 2258 λεγομένων

934 2222 1127 2257 antiquiorem.
1142 2221 1220 2255 Quod
1234 2222 1256 2250 si
1269 2222 1327 2250 haec
1342 2223 1454 2250 minime
1467 2222 1647 2255 distinxisset,
1659 2222 1722 2257 quis

87 2272 220 2308 δακρύων
239 2271 324 2304 ἄξιον.
342 2272 374 2297 Ὃ
397 2270 452 2306 γὰρ
477 2269 599 2305 βούλεται
617 2269 821 2296 κατασκευάσαι
838 2267 881 2294 διὰ

88 2319 209 2351 τούτων,
226 2317 345 2344 τοιοῦτόν
358 2318 443 2348 ἐστιν.
459 2316 500 2343 ὅτι
519 2316 598 2350 φύσις
621 2315 694 2350 αὐτῷ
708 2315 809 2350 ἐστινὴ
831 2314 881 2340 ὑπ-

87 2364 177 2399 ακοή.
204 2363 249 2395 Ὡς
270 2363 337 2398 μηδὲ
351 2361 521 2397 βουλουμένῳ
533 2360 645 2388 δυνατὸν
661 2360 787 2394 γενέσθαι
801 2360 831 2386 τὸ
843 2360 881 2395 μὴ

88 2410 216 2445 ὑπήκοον
230 2406 310 2435 εἶναι.

935 2267 971 2295 ita
986 2267 1077 2295 fatuus
1094 2271 1121 2295 et
1141 2268 1268 2301 stolidus,
1284 2272 1313 2295 ut
1331 2268 1484 2296 mercedem
1497 2267 1660 2297 obedientim
1671 2276 1722 2302 pu-

938 2317 974 2341 tet
986 2321 1001 2340 a
1020 2312 1103 2341 Patre
1120 2314 1170 2348 ipsi
1188 2313 1279 2341 datam
1296 2321 1356 2341 esse
1375 2314 1596 2349 generationem,
1612 2313 1658 2348 qui
1675 2321 1724 2340 an-

935 2365 1045 2395 tequam
1061 2365 1139 2388 ortus
1154 2364 1227 2388 esset
1239 2368 1317 2388 suam
1332 2360 1358 2387 in
1379 2360 1499 2395 parendo
1515 2360 1673 2387 facilitatem
1697 2363 1724 2387 et

935 2407 963 2434 in
976 2406 1128 2434 obedicndo
1138 2407 1307 2434 alacritatem
1324 2406 1510 2434 ostendisset?
1524 2405 1571 2434 sed
1583 2413 1616 2433 ne
1624 2406 1684 2440 quis
1695 2405 1723 2432 in

87 2460 223 2492 promptu
238 2463 272 2483 ex
283 2454 418 2481 dictorum
434 2452 551 2480 amentia
566 2456 593 2479 et
609 2451 734 2480 vecordia
752 2451 808 2478 risu
834 2450 982 2486 quatiatur,
1007 2451 1140 2486 intelligat
1166 2450 1239 2486 quod
1256 2450 1314 2477 haec
1330 2450 1442 2478 fatuitas
1467 2454 1495 2477 et
1506 2449 1723 2483 stultiloquentia

89 2503 200 2538 aliquid
220 2500 350 2535 lacrymis
380 2499 493 2534 dignum
518 2497 625 2525 habeat.
662 2497 740 2531 Quod
763 2497 835 2525 enim
857 2497 915 2524 vult
936 2504 982 2531 per
994 2497 1051 2524 haec
1065 2496 1210 2528 conficere,
1225 2497 1279 2524 tale
1292 2500 1344 2529 est,
1363 2496 1436 2531 quod
1450 2500 1547 2524 natura
1563 2495 1586 2524 ei
1603 2499 1645 2524 est
1659 2495 1724 2523 obe-

88 2548 209 2577 dientia.
234 2548 274 2574 lla
294 2551 325 2573 ut
348 2546 431 2573 etiam
465 2545 488 2572 si
514 2545 580 2571 velit
604 2543 663 2571 ﬁeri
700 2551 754 2571 non
787 2543 890 2579 possit,
914 2547 943 2569 ut
963 2543 1096 2571 obcdicns
1111 2551 1165 2571 non
1179 2542 1223 2570 sit.

130 2592 258 2620 Τοιοῦτον
288 2591 342 2627 γὰρ
376 2591 455 2618 αὑτδν
485 2589 702 2617 κατεσκευάσθαι
722 2589 815 2624 λέγει,
846 2593 885 2622 ὡς

88 2642 170 2677 πρὸς
195 2639 338 2674 ὑπακοὴν
359 2639 458 2673 μόνην
473 2637 530 2672 τὴν
558 2638 654 2672 φύσιν
671 2637 764 2664 αὐτοῦ
782 2637 882 2669 ἐπιτη-

89 2688 181 2720 δείως
199 2687 292 2720 ἔχειν.
308 2684 440 2719 Καθάπερ
463 2683 517 2710 τῶν
540 2683 663 2718 ὁργάνων
679 2683 709 2709 τὸ
730 2683 796 2718 πρός
824 2690 884 2709 τινα

89 2733 181 2760 τύπον
193 2730 448 2766 ἐσχηματισμένον,
462 2730 550 2756 ἐκεῖνο
570 2728 600 2754 τὸ
617 2726 685 2760 εἶδος
702 2729 810 2756 ἐντυποῖ
824 2728 883 2754 κατ’

88 2780 221 2814 ἀνάγκην
238 2778 278 2813 τῷ
295 2777 470 2812 ὑποκειμένῳ
482 2797 489 2809 ,
512 2776 578 2811 ὅπερ
597 2776 611 2802 ὁ
628 2774 766 2809 χαλκεύων
782 2775 813 2809 τῇ
837 2773 883 2801 τοῦ

973 2634 1039 2661 Tale
1066 2633 1193 2668 quiddam
1221 2633 1340 2668 scipsum
1374 2632 1563 2660 construxisse
1592 2630 1723 2663 atlirmat,

937 2681 1006 2715 quod
1019 2681 1053 2707 ad
1068 2680 1243 2707 obedientiam
1258 2679 1343 2707 solam
1359 2684 1455 2705 natura
1471 2678 1528 2712 ejus
1544 2677 1725 2704 conuenienter

938 2735 965 2754 se
979 2726 1084 2758 habeat,
1097 2725 1325 2761 quemadmodum
1340 2725 1553 2751 instrumentum
1571 2722 1636 2750 illud
1652 2721 1724 2757 quod

938 2773 971 2800 ad
991 2773 1109 2808 aliquem
1127 2776 1220 2808 typum
1235 2771 1293 2799 sive
1312 2770 1426 2798 formam
1445 2769 1646 2797 conformatum
1667 2772 1727 2801 est,

134 2869 155 2884 ”
177 2870 252 2896 l‘sal.
275 2874 387 2902 cxtvm,
405 2868 431 2895 5.
470 2868 491 2884 ⁶⁶
513 2865 593 2894 llcbr.
616 2873 635 2901 I,
651 2865 677 2892 ὂ.
