  <div class='ocr_page' id='page_1' title='image "/cluster/home/n/w/nwhite01/storage/ocr_20150623/45/njp.32101077772596/279.png"; bbox 0 0 1957 3079; ppageno 0'>
   <div class='ocr_carea' id='block_1_1' title="bbox 247 171 295 200">
    <p class='ocr_par' dir='ltr' id='par_1_1' title="bbox 247 171 295 200">
     <span class='ocr_line' id='line_1_1' title="bbox 247 171 295 200; baseline -0.042 0"><span class='ocrx_word' id='word_1_1' title='bbox 247 171 295 200; x_wconf 75' lang='lat'><strong>53!</strong></span> 
     </span>
    </p>
   </div>
   <div class='ocr_carea' id='block_1_2' title="bbox 846 172 1218 202">
    <p class='ocr_par' dir='ltr' id='par_1_2' title="bbox 846 172 1218 202">
     <span class='ocr_line' id='line_1_2' title="bbox 846 172 1218 202; baseline 0.005 -2"><span class='ocrx_word' id='word_1_2' title='bbox 846 173 875 200; x_wconf 87' lang='lat' dir='ltr'><strong>S.</strong></span> <span class='ocrx_word' id='word_1_3' title='bbox 892 172 1054 202; x_wconf 69' lang='lat' dir='ltr'><strong>GREGORH</strong></span> <span class='ocrx_word' id='word_1_4' title='bbox 1075 172 1218 202; x_wconf 72' lang='lat' dir='ltr'><strong>NVSSENI</strong></span> 
     </span>
    </p>
   </div>
   <div class='ocr_carea' id='block_1_3' title="bbox 1817 172 1869 202">
    <p class='ocr_par' dir='ltr' id='par_1_3' title="bbox 1817 172 1869 202">
     <span class='ocr_line' id='line_1_3' title="bbox 1817 172 1869 202; baseline -0.019 0"><span class='ocrx_word' id='word_1_5' title='bbox 1817 172 1869 202; x_wconf 63' lang='lat'><strong>533</strong></span> 
     </span>
    </p>
   </div>
   <div class='ocr_carea' id='block_1_4' title="bbox 249 229 1039 270">
    <p class='ocr_par' dir='ltr' id='par_1_4' title="bbox 249 229 1030 266">
     <span class='ocr_line' id='line_1_4' title="bbox 249 229 1030 266; baseline 0.004 -10"><span class='ocrx_word' id='word_1_6' title='bbox 249 229 405 257; x_wconf 83' lang='lat' dir='ltr'><strong>necessario</strong></span> <span class='ocrx_word' id='word_1_7' title='bbox 413 236 471 256; x_wconf 90' lang='lat' dir='ltr'><strong>eam</strong></span> <span class='ocrx_word' id='word_1_8' title='bbox 483 229 600 264; x_wconf 87' lang='lat' dir='ltr'><strong>speciem</strong></span> <span class='ocrx_word' id='word_1_9' title='bbox 611 229 740 265; x_wconf 88' lang='lat' dir='ltr'><strong>imprimit</strong></span> <span class='ocrx_word' id='word_1_10' title='bbox 757 232 876 259; x_wconf 69' lang='lat' dir='ltr'><strong>materia:</strong></span> <span class='ocrx_word' id='word_1_11' title='bbox 892 232 1030 266; x_wconf 54' lang='lat' dir='ltr'><strong>subjectae,</strong></span> 
     </span>
    </p>
   </div>
   <div class='ocr_carea' id='block_1_5' title="bbox 1090 229 1868 270">
    <p class='ocr_par' dir='ltr' id='par_1_5' title="bbox 1090 229 1868 270">
     <span class='ocr_line' id='line_1_5' title="bbox 1090 229 1868 270; baseline 0 -12"><span class='ocrx_word' id='word_1_12' title='bbox 1090 232 1196 270; x_wconf 72' lang='grc' dir='ltr'>Βργάνου</span> <span class='ocrx_word' id='word_1_13' title='bbox 1212 235 1365 269; x_wconf 73' lang='grc' dir='ltr'>κατασκευῇ</span> <span class='ocrx_word' id='word_1_14' title='bbox 1384 233 1528 260; x_wconf 75' lang='grc' dir='ltr'>ἐναπέθετο</span> <span class='ocrx_word' id='word_1_15' title='bbox 1541 255 1547 266; x_wconf 85' lang='grc'><em>,</em></span> <span class='ocrx_word' id='word_1_16' title='bbox 1595 233 1645 260; x_wconf 80' lang='grc' dir='ltr'><strong>ούκ</strong></span> <span class='ocrx_word' id='word_1_17' title='bbox 1665 232 1722 259; x_wconf 75' lang='grc' dir='ltr'>ἔστι</span> <span class='ocrx_word' id='word_1_18' title='bbox 1740 232 1868 267; x_wconf 73' lang='grc' dir='ltr'>δύναμις,</span> 
     </span>
    </p>
   </div>
   <div class='ocr_carea' id='block_1_6' title="bbox 249 274 1030 309">
    <p class='ocr_par' dir='ltr' id='par_1_6' title="bbox 249 274 1030 309">
     <span class='ocr_line' id='line_1_6' title="bbox 249 274 1030 309; baseline 0.005 -8"><span class='ocrx_word' id='word_1_19' title='bbox 249 282 329 309; x_wconf 85' lang='lat' dir='ltr'><strong>quam</strong></span> <span class='ocrx_word' id='word_1_20' title='bbox 339 274 448 309; x_wconf 89' lang='lat' dir='ltr'><strong>quidem</strong></span> <span class='ocrx_word' id='word_1_21' title='bbox 462 275 636 303; x_wconf 86' lang='lat' dir='ltr'><strong>instrumenti</strong></span> <span class='ocrx_word' id='word_1_22' title='bbox 651 275 823 304; x_wconf 84' lang='lat' dir='ltr'><strong>fabricationi</strong></span> <span class='ocrx_word' id='word_1_23' title='bbox 838 278 933 305; x_wconf 91' lang='lat' dir='ltr'><strong>indidit</strong></span> <span class='ocrx_word' id='word_1_24' title='bbox 947 278 1030 305; x_wconf 81' lang='lat' dir='ltr'><strong>fabri-</strong></span> 
     </span>
    </p>
   </div>
   <div class='ocr_carea' id='block_1_7' title="bbox 247 321 1031 352">
    <p class='ocr_par' dir='ltr' id='par_1_7' title="bbox 247 321 1031 352">
     <span class='ocr_line' id='line_1_7' title="bbox 247 321 1031 352; baseline 0.006 -6"><span class='ocrx_word' id='word_1_25' title='bbox 247 323 347 352; x_wconf 83' lang='lat' dir='ltr'><strong>cator,</strong></span> <span class='ocrx_word' id='word_1_26' title='bbox 373 321 417 348; x_wconf 92' lang='lat' dir='ltr'><strong>cui</strong></span> <span class='ocrx_word' id='word_1_27' title='bbox 443 321 625 349; x_wconf 88' lang='lat' dir='ltr'><strong>instrumento</strong></span> <span class='ocrx_word' id='word_1_28' title='bbox 649 330 703 350; x_wconf 89' lang='lat' dir='ltr'><strong>non</strong></span> <span class='ocrx_word' id='word_1_29' title='bbox 723 327 766 350; x_wconf 83' lang='lat' dir='ltr'><strong>est</strong></span> <span class='ocrx_word' id='word_1_30' title='bbox 793 323 911 351; x_wconf 78' lang='lat' dir='ltr'><strong>facultas</strong></span> <span class='ocrx_word' id='word_1_31' title='bbox 930 328 1031 351; x_wconf 82' lang='lat' dir='ltr'><strong>rectam</strong></span> 
     </span>
    </p>
   </div>
   <div class='ocr_carea' id='block_1_8' title="bbox 249 365 1032 403">
    <p class='ocr_par' dir='ltr' id='par_1_8' title="bbox 249 365 1032 403">
     <span class='ocr_line' id='line_1_8' title="bbox 249 365 1032 403; baseline 0.003 -11"><span class='ocrx_word' id='word_1_32' title='bbox 249 365 349 392; x_wconf 83' lang='lat' dir='ltr'><strong>lineam</strong></span> <span class='ocrx_word' id='word_1_33' title='bbox 367 365 483 393; x_wconf 79' lang='lat' dir='ltr'><strong>faciendi</strong></span> <span class='ocrx_word' id='word_1_34' title='bbox 512 366 539 393; x_wconf 92' lang='lat' dir='ltr'><strong>in</strong></span> <span class='ocrx_word' id='word_1_35' title='bbox 562 367 686 402; x_wconf 86' lang='lat' dir='ltr'><strong>subjecto</strong></span> <span class='ocrx_word' id='word_1_36' title='bbox 713 367 785 402; x_wconf 92' lang='lat' dir='ltr'><strong>quod</strong></span> <span class='ocrx_word' id='word_1_37' title='bbox 808 368 868 402; x_wconf 84' lang='lat' dir='ltr'><strong>ejus</strong></span> <span class='ocrx_word' id='word_1_38' title='bbox 889 368 1032 403; x_wconf 72' lang='lat' dir='ltr'><strong>vestigium</strong></span> 
     </span>
    </p>
   </div>
   <div class='ocr_carea' id='block_1_9' title="bbox 248 409 1032 444">
    <p class='ocr_par' dir='ltr' id='par_1_9' title="bbox 248 409 1032 444">
     <span class='ocr_line' id='line_1_9' title="bbox 248 409 1032 444; baseline 0.005 -8"><span class='ocrx_word' id='word_1_39' title='bbox 248 409 366 444; x_wconf 80' lang='lat' dir='ltr'><strong>excepit,</strong></span> <span class='ocrx_word' id='word_1_40' title='bbox 383 409 406 437; x_wconf 90' lang='lat' dir='ltr'><strong>si</strong></span> <span class='ocrx_word' id='word_1_41' title='bbox 420 410 546 437; x_wconf 80' lang='lat' dir='ltr'><strong>machina</strong></span> <span class='ocrx_word' id='word_1_42' title='bbox 563 410 644 438; x_wconf 82' lang='lat' dir='ltr'><strong>fuerit</strong></span> <span class='ocrx_word' id='word_1_43' title='bbox 657 412 818 444; x_wconf 74' lang='lat' dir='ltr'><strong>rireularis,</strong></span> <span class='ocrx_word' id='word_1_44' title='bbox 837 413 877 440; x_wconf 87' lang='lat' dir='ltr'><strong>vel</strong></span> <span class='ocrx_word' id='word_1_45' title='bbox 900 413 1032 440; x_wconf 87' lang='lat' dir='ltr'><strong>circulum</strong></span> 
     </span>
    </p>
   </div>
   <div class='ocr_carea' id='block_1_10' title="bbox 249 455 1033 494">
    <p class='ocr_par' dir='ltr' id='par_1_10' title="bbox 249 455 1033 494">
     <span class='ocr_line' id='line_1_10' title="bbox 249 455 1033 494; baseline 0.004 -12"><span class='ocrx_word' id='word_1_46' title='bbox 249 455 410 483; x_wconf 81' lang='lat' dir='ltr'><strong>ostendendi</strong></span> <span class='ocrx_word' id='word_1_47' title='bbox 426 463 474 490; x_wconf 87' lang='lat' dir='ltr'><strong>per</strong></span> <span class='ocrx_word' id='word_1_48' title='bbox 487 461 591 492; x_wconf 87' lang='lat' dir='ltr'><strong>typum,</strong></span> <span class='ocrx_word' id='word_1_49' title='bbox 611 458 634 485; x_wconf 85' lang='lat' dir='ltr'><strong>si</strong></span> <span class='ocrx_word' id='word_1_50' title='bbox 650 458 682 484; x_wconf 92' lang='lat' dir='ltr'><strong>ad</strong></span> <span class='ocrx_word' id='word_1_51' title='bbox 700 463 800 485; x_wconf 91' lang='lat' dir='ltr'><strong>rectam</strong></span> <span class='ocrx_word' id='word_1_52' title='bbox 820 459 917 485; x_wconf 85' lang='lat' dir='ltr'><strong>lineam</strong></span> <span class='ocrx_word' id='word_1_53' title='bbox 934 459 1033 494; x_wconf 75' lang='lat' dir='ltr'><strong>ﬁgura-</strong></span> 
     </span>
    </p>
   </div>
   <div class='ocr_carea' id='block_1_11' title="bbox 251 501 1035 536">
    <p class='ocr_par' dir='ltr' id='par_1_11' title="bbox 251 501 1035 536">
     <span class='ocr_line' id='line_1_11' title="bbox 251 501 1035 536; baseline 0.005 -10"><span class='ocrx_word' id='word_1_54' title='bbox 251 504 307 527; x_wconf 92' lang='lat' dir='ltr'><strong>tum</strong></span> <span class='ocrx_word' id='word_1_55' title='bbox 328 501 364 528; x_wconf 88' lang='lat' dir='ltr'><strong>sit</strong></span> <span class='ocrx_word' id='word_1_56' title='bbox 376 501 600 530; x_wconf 79' lang='lat' dir='ltr'><strong>instrumentum.</strong></span> <span class='ocrx_word' id='word_1_57' title='bbox 622 503 731 536; x_wconf 82' lang='lat' dir='ltr'><strong>Quanta</strong></span> <span class='ocrx_word' id='word_1_58' title='bbox 747 504 782 531; x_wconf 92' lang='lat' dir='ltr'><strong>sit</strong></span> <span class='ocrx_word' id='word_1_59' title='bbox 799 509 890 531; x_wconf 84' lang='lat' dir='ltr'><strong>autent</strong></span> <span class='ocrx_word' id='word_1_60' title='bbox 910 505 972 532; x_wconf 84' lang='lat' dir='ltr'><strong>talis</strong></span> <span class='ocrx_word' id='word_1_61' title='bbox 987 511 1035 530; x_wconf 77' lang='lat' dir='ltr'><strong>co-</strong></span> 
     </span>
    </p>
   </div>
   <div class='ocr_carea' id='block_1_12' title="bbox 251 547 1034 585">
    <p class='ocr_par' dir='ltr' id='par_1_12' title="bbox 251 547 1034 585">
     <span class='ocr_line' id='line_1_12' title="bbox 251 547 1034 585; baseline 0.004 -12"><span class='ocrx_word' id='word_1_62' title='bbox 251 547 389 580; x_wconf 75' lang='lat' dir='ltr'><strong>gitationis</strong></span> <span class='ocrx_word' id='word_1_63' title='bbox 406 553 431 575; x_wconf 87' lang='lat' dir='ltr'><strong>et</strong></span> <span class='ocrx_word' id='word_1_64' title='bbox 454 549 638 584; x_wconf 82' lang='lat' dir='ltr'><strong>intelligentiae</strong></span> <span class='ocrx_word' id='word_1_65' title='bbox 655 550 822 585; x_wconf 77' lang='lat' dir='ltr'><strong>blasphemia</strong></span> <span class='ocrx_word' id='word_1_66' title='bbox 839 554 865 577; x_wconf 89' lang='lat' dir='ltr'><strong>et</strong></span> <span class='ocrx_word' id='word_1_67' title='bbox 880 550 1034 578; x_wconf 79' lang='lat' dir='ltr'><strong>exsecrabi-</strong></span> 
     </span>
    </p>
   </div>
   <div class='ocr_carea' id='block_1_13' title="bbox 252 593 1036 630">
    <p class='ocr_par' dir='ltr' id='par_1_13' title="bbox 252 593 1036 630">
     <span class='ocr_line' id='line_1_13' title="bbox 252 593 1036 630; baseline 0.005 -11"><span class='ocrx_word' id='word_1_68' title='bbox 252 593 286 620; x_wconf 89' lang='lat' dir='ltr'><strong>lis</strong></span> <span class='ocrx_word' id='word_1_69' title='bbox 319 593 461 628; x_wconf 73' lang='lat' dir='ltr'><strong>impietas,</strong></span> <span class='ocrx_word' id='word_1_70' title='bbox 489 595 554 630; x_wconf 88' lang='lat' dir='ltr'><strong>qnid</strong></span> <span class='ocrx_word' id='word_1_71' title='bbox 583 603 694 624; x_wconf 87' lang='lat' dir='ltr'><strong>necesse</strong></span> <span class='ocrx_word' id='word_1_72' title='bbox 727 600 769 624; x_wconf 89' lang='lat' dir='ltr'><strong>est</strong></span> <span class='ocrx_word' id='word_1_73' title='bbox 795 602 888 623; x_wconf 84' lang='lat' dir='ltr'><strong>nostra</strong></span> <span class='ocrx_word' id='word_1_74' title='bbox 914 597 1036 623; x_wconf 84' lang='lat' dir='ltr'><strong>oratione</strong></span> 
     </span>
    </p>
   </div>
   <div class='ocr_carea' id='block_1_14' title="bbox 253 639 1036 677">
    <p class='ocr_par' dir='ltr' id='par_1_14' title="bbox 253 639 1036 677">
     <span class='ocr_line' id='line_1_14' title="bbox 253 639 1036 677; baseline 0.004 -12"><span class='ocrx_word' id='word_1_75' title='bbox 253 639 383 672; x_wconf 77' lang='lat' dir='ltr'><strong>revelare,</strong></span> <span class='ocrx_word' id='word_1_76' title='bbox 400 648 462 668; x_wconf 90' lang='lat' dir='ltr'><strong>eum</strong></span> <span class='ocrx_word' id='word_1_77' title='bbox 476 649 525 668; x_wconf 77' lang='lat' dir='ltr'><strong>vox</strong></span> <span class='ocrx_word' id='word_1_78' title='bbox 545 643 604 677; x_wconf 88' lang='lat' dir='ltr'><strong>ipsa</strong></span> <span class='ocrx_word' id='word_1_79' title='bbox 622 642 748 670; x_wconf 70' lang='lat' dir='ltr'><strong>haeretica</strong></span> <span class='ocrx_word' id='word_1_80' title='bbox 765 642 961 670; x_wconf 84' lang='lat' dir='ltr'><strong>absurditatem</strong></span> <span class='ocrx_word' id='word_1_81' title='bbox 981 642 1036 668; x_wconf 88' lang='lat' dir='ltr'><strong>cla-</strong></span> 
     </span>
    </p>
   </div>
   <div class='ocr_carea' id='block_1_15' title="bbox 253 684 1036 722">
    <p class='ocr_par' dir='ltr' id='par_1_15' title="bbox 253 684 1036 722">
     <span class='ocr_line' id='line_1_15' title="bbox 253 684 1036 722; baseline 0.004 -12"><span class='ocrx_word' id='word_1_82' title='bbox 253 684 349 712; x_wconf 85' lang='lat' dir='ltr'><strong>mitet?</strong></span> <span class='ocrx_word' id='word_1_83' title='bbox 365 685 392 712; x_wconf 85' lang='lat' dir='ltr'><strong>Si</strong></span> <span class='ocrx_word' id='word_1_84' title='bbox 413 687 484 714; x_wconf 90' lang='lat' dir='ltr'><strong>enim</strong></span> <span class='ocrx_word' id='word_1_85' title='bbox 503 692 614 722; x_wconf 85' lang='lat' dir='ltr'><strong>propter</strong></span> <span class='ocrx_word' id='word_1_86' title='bbox 635 687 686 715; x_wconf 88' lang='lat' dir='ltr'><strong>hoc</strong></span> <span class='ocrx_word' id='word_1_87' title='bbox 709 688 838 716; x_wconf 87' lang='lat' dir='ltr'><strong>obediens</strong></span> <span class='ocrx_word' id='word_1_88' title='bbox 853 708 859 720; x_wconf 85' lang='grc'>,</span> <span class='ocrx_word' id='word_1_89' title='bbox 885 688 948 722; x_wconf 83' lang='lat' dir='ltr'><strong>quia</strong></span> <span class='ocrx_word' id='word_1_90' title='bbox 974 687 1036 714; x_wconf 79' lang='lat' dir='ltr'><strong>talis</strong></span> 
     </span>
    </p>
   </div>
   <div class='ocr_carea' id='block_1_16' title="bbox 255 734 1037 768">
    <p class='ocr_par' dir='ltr' id='par_1_16' title="bbox 255 734 1037 768">
     <span class='ocr_line' id='line_1_16' title="bbox 255 734 1037 768; baseline 0.004 -11"><span class='ocrx_word' id='word_1_91' title='bbox 255 735 335 758; x_wconf 85' lang='lat' dir='ltr'><strong>natus</strong></span> <span class='ocrx_word' id='word_1_92' title='bbox 360 734 422 765; x_wconf 88' lang='lat' dir='ltr'><strong>est,</strong></span> <span class='ocrx_word' id='word_1_93' title='bbox 451 740 540 768; x_wconf 89' lang='lat' dir='ltr'><strong>neque</strong></span> <span class='ocrx_word' id='word_1_94' title='bbox 566 741 628 761; x_wconf 84' lang='lat' dir='ltr'><strong>eum</strong></span> <span class='ocrx_word' id='word_1_95' title='bbox 659 735 779 762; x_wconf 89' lang='lat' dir='ltr'><strong>humana</strong></span> <span class='ocrx_word' id='word_1_96' title='bbox 804 738 900 761; x_wconf 83' lang='lat' dir='ltr'><strong>natura</strong></span> <span class='ocrx_word' id='word_1_97' title='bbox 926 740 1037 768; x_wconf 83' lang='lat' dir='ltr'><strong>prorsus</strong></span> 
     </span>
    </p>
   </div>
   <div class='ocr_carea' id='block_1_17' title="bbox 254 777 1037 814">
    <p class='ocr_par' dir='ltr' id='par_1_17' title="bbox 254 777 1037 814">
     <span class='ocr_line' id='line_1_17' title="bbox 254 777 1037 814; baseline 0.004 -12"><span class='ocrx_word' id='word_1_98' title='bbox 254 777 360 812; x_wconf 69' lang='lat' dir='ltr'><strong>mquale</strong></span> <span class='ocrx_word' id='word_1_99' title='bbox 379 777 470 805; x_wconf 85' lang='lat' dir='ltr'><strong>habet.</strong></span> <span class='ocrx_word' id='word_1_100' title='bbox 483 777 624 814; x_wconf 87' lang='lat' dir='ltr'><strong>Siquidem</strong></span> <span class='ocrx_word' id='word_1_101' title='bbox 639 780 717 807; x_wconf 86' lang='lat' dir='ltr'><strong>nobis</strong></span> <span class='ocrx_word' id='word_1_102' title='bbox 733 781 822 807; x_wconf 88' lang='lat' dir='ltr'><strong>anima</strong></span> <span class='ocrx_word' id='word_1_103' title='bbox 835 783 876 807; x_wconf 90' lang='lat' dir='ltr'><strong>est</strong></span> <span class='ocrx_word' id='word_1_104' title='bbox 889 779 982 811; x_wconf 86' lang='lat' dir='ltr'><strong>libera,</strong></span> <span class='ocrx_word' id='word_1_105' title='bbox 995 780 1037 806; x_wconf 78' lang='lat' dir='ltr'><strong>sui</strong></span> 
     </span>
    </p>
   </div>
   <div class='ocr_carea' id='block_1_18' title="bbox 252 823 1039 860">
    <p class='ocr_par' dir='ltr' id='par_1_18' title="bbox 252 823 1039 860">
     <span class='ocr_line' id='line_1_18' title="bbox 252 823 1039 860; baseline 0.003 -10"><span class='ocrx_word' id='word_1_106' title='bbox 252 823 324 857; x_wconf 89' lang='lat' dir='ltr'><strong>juris</strong></span> <span class='ocrx_word' id='word_1_107' title='bbox 344 831 473 859; x_wconf 90' lang='lat' dir='ltr'><strong>compos,</strong></span> <span class='ocrx_word' id='word_1_108' title='bbox 492 825 597 852; x_wconf 92' lang='lat' dir='ltr'><strong>nullius</strong></span> <span class='ocrx_word' id='word_1_109' title='bbox 612 825 734 852; x_wconf 89' lang='lat' dir='ltr'><strong>dominio</strong></span> <span class='ocrx_word' id='word_1_110' title='bbox 752 825 920 860; x_wconf 79' lang='lat' dir='ltr'><strong>mancipata,</strong></span> <span class='ocrx_word' id='word_1_111' title='bbox 943 829 1039 860; x_wconf 88' lang='lat' dir='ltr'><strong>sponte</strong></span> 
     </span>
    </p>
   </div>
   <div class='ocr_carea' id='block_1_19' title="bbox 255 870 1038 906">
    <p class='ocr_par' dir='ltr' id='par_1_19' title="bbox 255 870 1038 906">
     <span class='ocr_line' id='line_1_19' title="bbox 255 870 1038 906; baseline 0 -10"><span class='ocrx_word' id='word_1_112' title='bbox 255 878 304 897; x_wconf 88' lang='lat' dir='ltr'><strong>sua</strong></span> <span class='ocrx_word' id='word_1_113' title='bbox 321 870 489 905; x_wconf 87' lang='lat' dir='ltr'><strong>arbitrioque</strong></span> <span class='ocrx_word' id='word_1_114' title='bbox 502 878 552 898; x_wconf 90' lang='lat' dir='ltr'><strong>suo</strong></span> <span class='ocrx_word' id='word_1_115' title='bbox 571 871 643 906; x_wconf 88' lang='lat' dir='ltr'><strong>quod</strong></span> <span class='ocrx_word' id='word_1_116' title='bbox 664 871 715 898; x_wconf 84' lang='lat' dir='ltr'><strong>sibi</strong></span> <span class='ocrx_word' id='word_1_117' title='bbox 732 872 821 905; x_wconf 82' lang='lat' dir='ltr'><strong>placet</strong></span> <span class='ocrx_word' id='word_1_118' title='bbox 834 875 860 898; x_wconf 87' lang='lat' dir='ltr'><strong>et</strong></span> <span class='ocrx_word' id='word_1_119' title='bbox 875 875 981 906; x_wconf 83' lang='lat' dir='ltr'><strong>gratum</strong></span> <span class='ocrx_word' id='word_1_120' title='bbox 998 875 1038 898; x_wconf 77' lang='lat' dir='ltr'><strong>est</strong></span> 
     </span>
    </p>
   </div>
   <div class='ocr_carea' id='block_1_20' title="bbox 252 915 1039 951">
    <p class='ocr_par' dir='ltr' id='par_1_20' title="bbox 252 915 1039 951">
     <span class='ocr_line' id='line_1_20' title="bbox 252 915 1039 951; baseline 0.003 -9"><span class='ocrx_word' id='word_1_121' title='bbox 252 916 367 950; x_wconf 84' lang='lat' dir='ltr'><strong>eligens.</strong></span> <span class='ocrx_word' id='word_1_122' title='bbox 384 915 435 948; x_wconf 88' lang='lat' dir='ltr'><strong>Qui</strong></span> <span class='ocrx_word' id='word_1_123' title='bbox 455 920 545 944; x_wconf 90' lang='lat' dir='ltr'><strong>autem</strong></span> <span class='ocrx_word' id='word_1_124' title='bbox 571 921 678 944; x_wconf 78' lang='lat' dir='ltr'><strong>natura:</strong></span> <span class='ocrx_word' id='word_1_125' title='bbox 702 917 856 944; x_wconf 82' lang='lat' dir='ltr'><strong>necessitati</strong></span> <span class='ocrx_word' id='word_1_126' title='bbox 879 916 1039 951; x_wconf 82' lang='lat' dir='ltr'><strong>snbjugatus</strong></span> 
     </span>
    </p>
   </div>
   <div class='ocr_carea' id='block_1_21' title="bbox 253 963 1040 998">
    <p class='ocr_par' dir='ltr' id='par_1_21' title="bbox 253 963 1040 998">
     <span class='ocr_line' id='line_1_21' title="bbox 253 963 1040 998; baseline 0.005 -11"><span class='ocrx_word' id='word_1_127' title='bbox 253 964 307 994; x_wconf 87' lang='lat' dir='ltr'><strong>est,</strong></span> <span class='ocrx_word' id='word_1_128' title='bbox 320 965 449 996; x_wconf 83' lang='lat' dir='ltr'><strong>operatur</strong></span> <span class='ocrx_word' id='word_1_129' title='bbox 460 969 578 996; x_wconf 82' lang='lat' dir='ltr'><strong>semper,</strong></span> <span class='ocrx_word' id='word_1_130' title='bbox 591 963 646 989; x_wconf 89' lang='lat' dir='ltr'><strong>imo</strong></span> <span class='ocrx_word' id='word_1_131' title='bbox 663 970 726 989; x_wconf 80' lang='lat' dir='ltr'><strong>vero</strong></span> <span class='ocrx_word' id='word_1_132' title='bbox 740 964 890 998; x_wconf 82' lang='lat' dir='ltr'><strong>perpetitur</strong></span> <span class='ocrx_word' id='word_1_133' title='bbox 911 963 1040 991; x_wconf 85' lang='lat' dir='ltr'><strong>obedien-</strong></span> 
     </span>
    </p>
   </div>
   <div class='ocr_carea' id='block_1_22' title="bbox 254 1005 1039 1042">
    <p class='ocr_par' dir='ltr' id='par_1_22' title="bbox 254 1005 1039 1042">
     <span class='ocr_line' id='line_1_22' title="bbox 254 1005 1039 1042; baseline 0.005 -11"><span class='ocrx_word' id='word_1_134' title='bbox 254 1005 321 1032; x_wconf 78' lang='lat' dir='ltr'><strong>tiam</strong></span> <span class='ocrx_word' id='word_1_135' title='bbox 338 1013 345 1030; x_wconf 84' lang='lat'>:</span> <span class='ocrx_word' id='word_1_136' title='bbox 362 1009 443 1040; x_wconf 88' lang='lat' dir='ltr'><strong>atque</strong></span> <span class='ocrx_word' id='word_1_137' title='bbox 459 1006 541 1033; x_wconf 88' lang='lat' dir='ltr'><strong>etiam</strong></span> <span class='ocrx_word' id='word_1_138' title='bbox 562 1006 584 1033; x_wconf 91' lang='lat' dir='ltr'><strong>si</strong></span> <span class='ocrx_word' id='word_1_139' title='bbox 606 1006 684 1038; x_wconf 80' lang='lat' dir='ltr'><strong>nolit,</strong></span> <span class='ocrx_word' id='word_1_140' title='bbox 702 1007 753 1034; x_wconf 92' lang='lat' dir='ltr'><strong>hoc</strong></span> <span class='ocrx_word' id='word_1_141' title='bbox 770 1006 861 1034; x_wconf 75' lang='lat' dir='ltr'><strong>facere</strong></span> <span class='ocrx_word' id='word_1_142' title='bbox 870 1007 931 1042; x_wconf 78' lang='lat' dir='ltr'><strong>ejus</strong></span> <span class='ocrx_word' id='word_1_143' title='bbox 943 1012 1039 1035; x_wconf 86' lang='lat' dir='ltr'><strong>natura</strong></span> 
     </span>
    </p>
   </div>
   <div class='ocr_carea' id='block_1_23' title="bbox 255 1049 1039 1085">
    <p class='ocr_par' dir='ltr' id='par_1_23' title="bbox 255 1049 1039 1085">
     <span class='ocr_line' id='line_1_23' title="bbox 255 1049 1039 1085; baseline 0.005 -9"><span class='ocrx_word' id='word_1_144' title='bbox 255 1057 310 1077; x_wconf 86' lang='lat' dir='ltr'><strong>non</strong></span> <span class='ocrx_word' id='word_1_145' title='bbox 326 1049 476 1085; x_wconf 75' lang='lat' dir='ltr'><strong>indulgeat.</strong></span> <span class='ocrx_word' id='word_1_146' title='bbox 494 1050 530 1076; x_wconf 82' lang='lat' dir='ltr'><strong>Ex</strong></span> <span class='ocrx_word' id='word_1_147' title='bbox 552 1058 584 1077; x_wconf 90' lang='lat' dir='ltr'><strong>eo</strong></span> <span class='ocrx_word' id='word_1_148' title='bbox 601 1051 673 1077; x_wconf 88' lang='lat' dir='ltr'><strong>enim</strong></span> <span class='ocrx_word' id='word_1_149' title='bbox 697 1051 770 1085; x_wconf 90' lang='lat' dir='ltr'><strong>quod</strong></span> <span class='ocrx_word' id='word_1_150' title='bbox 797 1052 833 1078; x_wconf 89' lang='lat' dir='ltr'><strong>sit</strong></span> <span class='ocrx_word' id='word_1_151' title='bbox 860 1052 931 1080; x_wconf 87' lang='lat' dir='ltr'><strong>[ilius</strong></span> <span class='ocrx_word' id='word_1_152' title='bbox 951 1057 978 1080; x_wconf 85' lang='lat' dir='ltr'><strong>et</strong></span> <span class='ocrx_word' id='word_1_153' title='bbox 1000 1054 1039 1081; x_wconf 91' lang='lat' dir='ltr'><strong>sic</strong></span> 
     </span>
    </p>
   </div>
   <div class='ocr_carea' id='block_1_24' title="bbox 256 1095 1039 1129">
    <p class='ocr_par' dir='ltr' id='par_1_24' title="bbox 256 1095 1039 1129">
     <span class='ocr_line' id='line_1_24' title="bbox 256 1095 1039 1129; baseline 0.005 -7"><span class='ocrx_word' id='word_1_154' title='bbox 256 1100 356 1128; x_wconf 87' lang='lat' dir='ltr'><strong>natus,</strong></span> <span class='ocrx_word' id='word_1_155' title='bbox 380 1096 508 1124; x_wconf 87' lang='lat' dir='ltr'><strong>obediens</strong></span> <span class='ocrx_word' id='word_1_156' title='bbox 530 1095 620 1123; x_wconf 81' lang='lat' dir='ltr'><strong>factus</strong></span> <span class='ocrx_word' id='word_1_157' title='bbox 636 1100 679 1124; x_wconf 82' lang='lat' dir='ltr'><strong>est</strong></span> <span class='ocrx_word' id='word_1_158' title='bbox 699 1097 726 1124; x_wconf 92' lang='lat' dir='ltr'><strong>in</strong></span> <span class='ocrx_word' id='word_1_159' title='bbox 744 1097 827 1124; x_wconf 89' lang='lat' dir='ltr'><strong>dictis</strong></span> <span class='ocrx_word' id='word_1_160' title='bbox 839 1118 845 1129; x_wconf 92' lang='lat'><strong>,</strong></span> <span class='ocrx_word' id='word_1_161' title='bbox 865 1102 892 1124; x_wconf 90' lang='lat' dir='ltr'><strong>et</strong></span> <span class='ocrx_word' id='word_1_162' title='bbox 911 1098 1039 1126; x_wconf 87' lang='lat' dir='ltr'><strong>obediens</strong></span> 
     </span>
    </p>
   </div>
   <div class='ocr_carea' id='block_1_25' title="bbox 257 1139 1040 1177">
    <p class='ocr_par' dir='ltr' id='par_1_25' title="bbox 257 1139 1040 1177">
     <span class='ocr_line' id='line_1_25' title="bbox 257 1139 1040 1177; baseline 0.005 -11"><span class='ocrx_word' id='word_1_163' title='bbox 257 1139 284 1166; x_wconf 91' lang='lat' dir='ltr'><strong>in</strong></span> <span class='ocrx_word' id='word_1_164' title='bbox 304 1139 394 1168; x_wconf 78' lang='lat' dir='ltr'><strong>factis.</strong></span> <span class='ocrx_word' id='word_1_165' title='bbox 411 1140 434 1167; x_wconf 86' lang='grc' dir='ltr'><strong>Ο</strong></span> <span class='ocrx_word' id='word_1_166' title='bbox 448 1145 586 1175; x_wconf 86' lang='lat' dir='ltr'><strong>stuporem</strong></span> <span class='ocrx_word' id='word_1_167' title='bbox 599 1146 627 1168; x_wconf 89' lang='lat' dir='ltr'><strong>et</strong></span> <span class='ocrx_word' id='word_1_168' title='bbox 639 1142 794 1169; x_wconf 89' lang='lat' dir='ltr'><strong>vecordiam</strong></span> <span class='ocrx_word' id='word_1_169' title='bbox 811 1142 947 1177; x_wconf 72' lang='lat' dir='ltr'><strong>dogmatis</strong></span> <span class='ocrx_word' id='word_1_170' title='bbox 961 1140 967 1166; x_wconf 78' lang='grc' dir='ltr'><strong>ί</strong></span> <span class='ocrx_word' id='word_1_171' title='bbox 980 1151 1040 1170; x_wconf 88' lang='lat' dir='ltr'><strong>ver-</strong></span> 
     </span>
    </p>
   </div>
   <div class='ocr_carea' id='block_1_26' title="bbox 255 1185 1038 1223">
    <p class='ocr_par' dir='ltr' id='par_1_26' title="bbox 255 1185 1038 1223">
     <span class='ocr_line' id='line_1_26' title="bbox 255 1185 1038 1223; baseline 0.003 -11"><span class='ocrx_word' id='word_1_172' title='bbox 255 1185 297 1213; x_wconf 88' lang='lat' dir='ltr'><strong>bis</strong></span> <span class='ocrx_word' id='word_1_173' title='bbox 310 1185 440 1214; x_wconf 84' lang='lat' dir='ltr'><strong>obedicns</strong></span> <span class='ocrx_word' id='word_1_174' title='bbox 455 1185 575 1214; x_wconf 78' lang='lat' dir='ltr'><strong>Verbum</strong></span> <span class='ocrx_word' id='word_1_175' title='bbox 599 1187 678 1220; x_wconf 79' lang='lat' dir='ltr'><strong>facis,</strong></span> <span class='ocrx_word' id='word_1_176' title='bbox 692 1191 720 1214; x_wconf 88' lang='lat' dir='ltr'><strong>et</strong></span> <span class='ocrx_word' id='word_1_177' title='bbox 736 1192 826 1215; x_wconf 87' lang='lat' dir='ltr'><strong>mente</strong></span> <span class='ocrx_word' id='word_1_178' title='bbox 846 1187 972 1223; x_wconf 79' lang='lat' dir='ltr'><strong>concipis</strong></span> <span class='ocrx_word' id='word_1_179' title='bbox 985 1188 1038 1214; x_wconf 92' lang='lat' dir='ltr'><strong>alia</strong></span> 
     </span>
    </p>
   </div>
   <div class='ocr_carea' id='block_1_27' title="bbox 257 1229 1039 1268">
    <p class='ocr_par' dir='ltr' id='par_1_27' title="bbox 257 1229 1039 1268">
     <span class='ocr_line' id='line_1_27' title="bbox 257 1229 1039 1268; baseline 0.005 -12"><span class='ocrx_word' id='word_1_180' title='bbox 257 1229 343 1257; x_wconf 81' lang='lat' dir='ltr'><strong>Verba</strong></span> <span class='ocrx_word' id='word_1_181' title='bbox 352 1235 415 1258; x_wconf 86' lang='lat' dir='ltr'><strong>ante</strong></span> <span class='ocrx_word' id='word_1_182' title='bbox 424 1230 542 1259; x_wconf 83' lang='lat' dir='ltr'><strong>Verbum</strong></span> <span class='ocrx_word' id='word_1_183' title='bbox 567 1233 639 1267; x_wconf 92' lang='lat' dir='ltr'><strong>quod</strong></span> <span class='ocrx_word' id='word_1_184' title='bbox 655 1238 696 1260; x_wconf 84' lang='lat' dir='ltr'><strong>est</strong></span> <span class='ocrx_word' id='word_1_185' title='bbox 711 1241 758 1268; x_wconf 88' lang='lat' dir='ltr'><strong>per</strong></span> <span class='ocrx_word' id='word_1_186' title='bbox 772 1234 919 1261; x_wconf 86' lang='lat' dir='ltr'><strong>essentiam</strong></span> <span class='ocrx_word' id='word_1_187' title='bbox 933 1243 938 1259; x_wconf 89' lang='lat'>:</span> <span class='ocrx_word' id='word_1_188' title='bbox 954 1238 981 1261; x_wconf 91' lang='lat' dir='ltr'><strong>et</strong></span> <span class='ocrx_word' id='word_1_189' title='bbox 998 1234 1039 1260; x_wconf 88' lang='lat' dir='ltr'><strong>in—</strong></span> 
     </span>
    </p>
   </div>
   <div class='ocr_carea' id='block_1_28' title="bbox 255 1273 1038 1313">
    <p class='ocr_par' dir='ltr' id='par_1_28' title="bbox 255 1273 1038 1313">
     <span class='ocr_line' id='line_1_28' title="bbox 255 1273 1038 1313; baseline 0.006 -13"><span class='ocrx_word' id='word_1_190' title='bbox 255 1279 297 1301; x_wconf 83' lang='lat' dir='ltr'><strong>ter</strong></span> <span class='ocrx_word' id='word_1_191' title='bbox 316 1273 435 1302; x_wconf 89' lang='lat' dir='ltr'><strong>Verbum</strong></span> <span class='ocrx_word' id='word_1_192' title='bbox 457 1276 529 1311; x_wconf 88' lang='lat' dir='ltr'><strong>quod</strong></span> <span class='ocrx_word' id='word_1_193' title='bbox 545 1280 606 1303; x_wconf 87' lang='lat' dir='ltr'><strong>erat</strong></span> <span class='ocrx_word' id='word_1_194' title='bbox 630 1277 657 1303; x_wconf 93' lang='lat' dir='ltr'><strong>in</strong></span> <span class='ocrx_word' id='word_1_195' title='bbox 683 1277 830 1313; x_wconf 85' lang='lat' dir='ltr'><strong>principio,</strong></span> <span class='ocrx_word' id='word_1_196' title='bbox 853 1278 957 1305; x_wconf 88' lang='lat' dir='ltr'><strong>scilicet</strong></span> <span class='ocrx_word' id='word_1_197' title='bbox 980 1284 1038 1304; x_wconf 89' lang='lat' dir='ltr'><strong>me-</strong></span> 
     </span>
    </p>
   </div>
   <div class='ocr_carea' id='block_1_29' title="bbox 255 1320 1039 1358">
    <p class='ocr_par' dir='ltr' id='par_1_29' title="bbox 255 1320 1039 1358">
     <span class='ocr_line' id='line_1_29' title="bbox 255 1320 1039 1358; baseline 0.001 -9"><span class='ocrx_word' id='word_1_198' title='bbox 255 1320 329 1349; x_wconf 85' lang='lat' dir='ltr'><strong>dium</strong></span> <span class='ocrx_word' id='word_1_199' title='bbox 345 1325 423 1349; x_wconf 86' lang='lat' dir='ltr'><strong>estet</strong></span> <span class='ocrx_word' id='word_1_200' title='bbox 439 1322 610 1356; x_wconf 86' lang='lat' dir='ltr'><strong>interjeetum</strong></span> <span class='ocrx_word' id='word_1_201' title='bbox 629 1322 702 1349; x_wconf 83' lang='lat' dir='ltr'><strong>aliud</strong></span> <span class='ocrx_word' id='word_1_202' title='bbox 720 1322 848 1355; x_wconf 86' lang='lat' dir='ltr'><strong>Verbum,</strong></span> <span class='ocrx_word' id='word_1_203' title='bbox 864 1323 989 1358; x_wconf 82' lang='lat' dir='ltr'><strong>principii</strong></span> <span class='ocrx_word' id='word_1_204' title='bbox 1005 1323 1039 1350; x_wconf 89' lang='lat' dir='ltr'><strong>ad</strong></span> 
     </span>
    </p>
   </div>
   <div class='ocr_carea' id='block_1_30' title="bbox 254 1367 1040 1401">
    <p class='ocr_par' dir='ltr' id='par_1_30' title="bbox 254 1367 1040 1401">
     <span class='ocr_line' id='line_1_30' title="bbox 254 1367 1040 1401; baseline 0.004 -8"><span class='ocrx_word' id='word_1_205' title='bbox 254 1367 343 1401; x_wconf 87' lang='lat' dir='ltr'><strong>ipsutn</strong></span> <span class='ocrx_word' id='word_1_206' title='bbox 358 1367 548 1395; x_wconf 73' lang='lat' dir='ltr'><strong>transmittens</strong></span> <span class='ocrx_word' id='word_1_207' title='bbox 565 1368 742 1396; x_wconf 85' lang='lat' dir='ltr'><strong>voluntatem.</strong></span> <span class='ocrx_word' id='word_1_208' title='bbox 761 1369 815 1396; x_wconf 87' lang='lat' dir='ltr'><strong>Nec</strong></span> <span class='ocrx_word' id='word_1_209' title='bbox 827 1369 891 1396; x_wconf 88' lang='lat' dir='ltr'><strong>illud</strong></span> <span class='ocrx_word' id='word_1_210' title='bbox 906 1377 989 1396; x_wconf 85' lang='lat' dir='ltr'><strong>unum</strong></span> <span class='ocrx_word' id='word_1_211' title='bbox 998 1372 1040 1396; x_wconf 88' lang='lat' dir='ltr'><strong>est</strong></span> 
     </span>
    </p>
   </div>
   <div class='ocr_carea' id='block_1_31' title="bbox 259 1411 1040 1448">
    <p class='ocr_par' dir='ltr' id='par_1_31' title="bbox 259 1411 1040 1448">
     <span class='ocr_line' id='line_1_31' title="bbox 259 1411 1040 1448; baseline 0.003 -10"><span class='ocrx_word' id='word_1_212' title='bbox 259 1411 375 1439; x_wconf 83' lang='lat' dir='ltr'><strong>Verbum</strong></span> <span class='ocrx_word' id='word_1_213' title='bbox 391 1433 398 1445; x_wconf 91' lang='lat'><strong>,</strong></span> <span class='ocrx_word' id='word_1_214' title='bbox 416 1412 463 1441; x_wconf 90' lang='lat' dir='ltr'><strong>sed</strong></span> <span class='ocrx_word' id='word_1_215' title='bbox 483 1414 561 1447; x_wconf 86' lang='lat' dir='ltr'><strong>plura</strong></span> <span class='ocrx_word' id='word_1_216' title='bbox 583 1417 648 1440; x_wconf 88' lang='lat' dir='ltr'><strong>sunt</strong></span> <span class='ocrx_word' id='word_1_217' title='bbox 667 1413 790 1448; x_wconf 71' lang='lat' dir='ltr'><strong>quaedam</strong></span> <span class='ocrx_word' id='word_1_218' title='bbox 802 1411 899 1446; x_wconf 87' lang='lat' dir='ltr'><strong>Verba,</strong></span> <span class='ocrx_word' id='word_1_219' title='bbox 913 1421 974 1448; x_wconf 65' lang='lat' dir='ltr'><strong>quae</strong></span> <span class='ocrx_word' id='word_1_220' title='bbox 993 1421 1040 1448; x_wconf 91' lang='lat' dir='ltr'><strong>per</strong></span> 
     </span>
    </p>
   </div>
   <div class='ocr_carea' id='block_1_32' title="bbox 257 1458 1041 1493">
    <p class='ocr_par' dir='ltr' id='par_1_32' title="bbox 257 1458 1041 1493">
     <span class='ocr_line' id='line_1_32' title="bbox 257 1458 1041 1493; baseline 0.003 -9"><span class='ocrx_word' id='word_1_221' title='bbox 257 1458 376 1486; x_wconf 89' lang='lat' dir='ltr'><strong>medium</strong></span> <span class='ocrx_word' id='word_1_222' title='bbox 393 1458 519 1493; x_wconf 85' lang='lat' dir='ltr'><strong>principii</strong></span> <span class='ocrx_word' id='word_1_223' title='bbox 553 1462 580 1485; x_wconf 84' lang='lat' dir='ltr'><strong>et</strong></span> <span class='ocrx_word' id='word_1_224' title='bbox 597 1458 677 1486; x_wconf 83' lang='lat' dir='ltr'><strong>Verbi</strong></span> <span class='ocrx_word' id='word_1_225' title='bbox 698 1459 732 1486; x_wconf 90' lang='lat' dir='ltr'><strong>ab</strong></span> <span class='ocrx_word' id='word_1_226' title='bbox 747 1458 877 1486; x_wconf 83' lang='lat' dir='ltr'><strong>Eunomio</strong></span> <span class='ocrx_word' id='word_1_227' title='bbox 895 1460 1041 1486; x_wconf 87' lang='lat' dir='ltr'><strong>transtibu-</strong></span> 
     </span>
    </p>
   </div>
   <div class='ocr_carea' id='block_1_33' title="bbox 255 1504 1041 1540">
    <p class='ocr_par' dir='ltr' id='par_1_33' title="bbox 255 1504 1041 1540">
     <span class='ocr_line' id='line_1_33' title="bbox 255 1504 1041 1540; baseline 0.001 -9"><span class='ocrx_word' id='word_1_228' title='bbox 255 1505 355 1536; x_wconf 89' lang='lat' dir='ltr'><strong>lantur,</strong></span> <span class='ocrx_word' id='word_1_229' title='bbox 374 1508 401 1532; x_wconf 86' lang='lat' dir='ltr'><strong>et</strong></span> <span class='ocrx_word' id='word_1_230' title='bbox 417 1512 476 1540; x_wconf 83' lang='lat' dir='ltr'><strong>qme</strong></span> <span class='ocrx_word' id='word_1_231' title='bbox 491 1508 520 1531; x_wconf 94' lang='lat' dir='ltr'><strong>ut</strong></span> <span class='ocrx_word' id='word_1_232' title='bbox 537 1505 604 1539; x_wconf 84' lang='lat' dir='ltr'><strong>ipsis</strong></span> <span class='ocrx_word' id='word_1_233' title='bbox 617 1505 691 1532; x_wconf 90' lang='lat' dir='ltr'><strong>lubet</strong></span> <span class='ocrx_word' id='word_1_234' title='bbox 707 1504 790 1539; x_wconf 85' lang='lat' dir='ltr'><strong>hujus</strong></span> <span class='ocrx_word' id='word_1_235' title='bbox 807 1505 961 1532; x_wconf 83' lang='lat' dir='ltr'><strong>obedientia</strong></span> <span class='ocrx_word' id='word_1_236' title='bbox 977 1506 1041 1533; x_wconf 87' lang='lat' dir='ltr'><strong>abu-</strong></span> 
     </span>
    </p>
   </div>
   <div class='ocr_carea' id='block_1_34' title="bbox 255 1549 1039 1585">
    <p class='ocr_par' dir='ltr' id='par_1_34' title="bbox 255 1549 1039 1585">
     <span class='ocr_line' id='line_1_34' title="bbox 255 1549 1039 1585; baseline 0.003 -9"><span class='ocrx_word' id='word_1_237' title='bbox 255 1554 360 1577; x_wconf 90' lang='lat' dir='ltr'><strong>tuntur.</strong></span> <span class='ocrx_word' id='word_1_238' title='bbox 377 1549 429 1577; x_wconf 89' lang='lat' dir='ltr'><strong>Sed</strong></span> <span class='ocrx_word' id='word_1_239' title='bbox 442 1550 507 1585; x_wconf 85' lang='lat' dir='ltr'><strong>quid</strong></span> <span class='ocrx_word' id='word_1_240' title='bbox 518 1550 543 1578; x_wconf 94' lang='lat' dir='ltr'><strong>in</strong></span> <span class='ocrx_word' id='word_1_241' title='bbox 553 1550 650 1578; x_wconf 92' lang='lat' dir='ltr'><strong>horum</strong></span> <span class='ocrx_word' id='word_1_242' title='bbox 664 1551 800 1578; x_wconf 91' lang='lat' dir='ltr'><strong>dictorum</strong></span> <span class='ocrx_word' id='word_1_243' title='bbox 810 1551 927 1578; x_wconf 80' lang='lat' dir='ltr'><strong>vanitate</strong></span> <span class='ocrx_word' id='word_1_244' title='bbox 937 1551 1039 1578; x_wconf 89' lang='lat' dir='ltr'><strong>diutius</strong></span> 
     </span>
    </p>
   </div>
   <div class='ocr_carea' id='block_1_35' title="bbox 256 1596 1040 1633">
    <p class='ocr_par' dir='ltr' id='par_1_35' title="bbox 256 1596 1040 1633">
     <span class='ocr_line' id='line_1_35' title="bbox 256 1596 1040 1633; baseline 0.003 -10"><span class='ocrx_word' id='word_1_245' title='bbox 256 1596 394 1623; x_wconf 87' lang='lat' dir='ltr'><strong>immorari</strong></span> <span class='ocrx_word' id='word_1_246' title='bbox 418 1603 529 1624; x_wconf 86' lang='lat' dir='ltr'><strong>necesse</strong></span> <span class='ocrx_word' id='word_1_247' title='bbox 555 1596 615 1624; x_wconf 84' lang='lat' dir='ltr'><strong>est?</strong></span> <span class='ocrx_word' id='word_1_248' title='bbox 634 1596 726 1624; x_wconf 80' lang='lat' dir='ltr'><strong>Cuivis</strong></span> <span class='ocrx_word' id='word_1_249' title='bbox 752 1598 824 1625; x_wconf 90' lang='lat' dir='ltr'><strong>enim</strong></span> <span class='ocrx_word' id='word_1_250' title='bbox 851 1598 1040 1633; x_wconf 68' lang='lat' dir='ltr'><strong>perspicuum,</strong></span> 
     </span>
    </p>
   </div>
   <div class='ocr_carea' id='block_1_36' title="bbox 255 1641 1041 1677">
    <p class='ocr_par' dir='ltr' id='par_1_36' title="bbox 255 1641 1041 1677">
     <span class='ocr_line' id='line_1_36' title="bbox 255 1641 1041 1677; baseline 0.005 -9"><span class='ocrx_word' id='word_1_251' title='bbox 255 1641 327 1676; x_wconf 91' lang='lat' dir='ltr'><strong>quod</strong></span> <span class='ocrx_word' id='word_1_252' title='bbox 343 1641 452 1676; x_wconf 88' lang='lat' dir='ltr'><strong>quando</strong></span> <span class='ocrx_word' id='word_1_253' title='bbox 464 1641 564 1670; x_wconf 84' lang='lat' dir='ltr'><strong>Paulus</strong></span> <span class='ocrx_word' id='word_1_254' title='bbox 578 1642 645 1670; x_wconf 80' lang='lat' dir='ltr'><strong>dixit</strong></span> <span class='ocrx_word' id='word_1_255' title='bbox 663 1644 749 1677; x_wconf 88' lang='lat' dir='ltr'><strong>ipsum</strong></span> <span class='ocrx_word' id='word_1_256' title='bbox 768 1643 868 1671; x_wconf 79' lang='lat' dir='ltr'><strong>factum</strong></span> <span class='ocrx_word' id='word_1_257' title='bbox 884 1644 967 1672; x_wconf 80' lang='lat' dir='ltr'><strong>fuisse</strong></span> <span class='ocrx_word' id='word_1_258' title='bbox 979 1645 1041 1672; x_wconf 86' lang='lat' dir='ltr'><strong>obe-</strong></span> 
     </span>
    </p>
   </div>
   <div class='ocr_carea' id='block_1_37' title="bbox 256 1687 1041 1725">
    <p class='ocr_par' dir='ltr' id='par_1_37' title="bbox 256 1687 1041 1725">
     <span class='ocr_line' id='line_1_37' title="bbox 256 1687 1041 1725; baseline 0.005 -12"><span class='ocrx_word' id='word_1_259' title='bbox 256 1688 393 1719; x_wconf 86' lang='lat' dir='ltr'><strong>dientem,</strong></span> <span class='ocrx_word' id='word_1_260' title='bbox 419 1687 459 1714; x_wconf 88' lang='lat' dir='ltr'><strong>sic</strong></span> <span class='ocrx_word' id='word_1_261' title='bbox 475 1687 543 1715; x_wconf 79' lang='lat' dir='ltr'><strong>dixit</strong></span> <span class='ocrx_word' id='word_1_262' title='bbox 568 1689 798 1723; x_wconf 84' lang='lat' dir='ltr'><strong>quemadmodum</strong></span> <span class='ocrx_word' id='word_1_263' title='bbox 819 1689 885 1717; x_wconf 78' lang='lat' dir='ltr'><strong>dicit</strong></span> <span class='ocrx_word' id='word_1_264' title='bbox 910 1694 937 1717; x_wconf 90' lang='lat' dir='ltr'><strong>et</strong></span> <span class='ocrx_word' id='word_1_265' title='bbox 953 1691 1041 1725; x_wconf 91' lang='lat' dir='ltr'><strong>ipsum</strong></span> 
     </span>
    </p>
   </div>
   <div class='ocr_carea' id='block_1_38' title="bbox 257 1733 1042 1767">
    <p class='ocr_par' dir='ltr' id='par_1_38' title="bbox 257 1733 1042 1767">
     <span class='ocr_line' id='line_1_38' title="bbox 257 1733 1042 1767; baseline 0.003 -6"><span class='ocrx_word' id='word_1_266' title='bbox 257 1733 359 1761; x_wconf 79' lang='lat' dir='ltr'><strong>factum</strong></span> <span class='ocrx_word' id='word_1_267' title='bbox 371 1733 454 1761; x_wconf 82' lang='lat' dir='ltr'><strong>fuisse</strong></span> <span class='ocrx_word' id='word_1_268' title='bbox 465 1741 574 1761; x_wconf 89' lang='lat' dir='ltr'><strong>carnem</strong></span> <span class='ocrx_word' id='word_1_269' title='bbox 588 1738 614 1761; x_wconf 77' lang='lat' dir='ltr'><strong>et</strong></span> <span class='ocrx_word' id='word_1_270' title='bbox 628 1738 777 1767; x_wconf 84' lang='lat' dir='ltr'><strong>servum,et</strong></span> <span class='ocrx_word' id='word_1_271' title='bbox 788 1736 1003 1763; x_wconf 81' lang='lat' dir='ltr'><strong>exsecrationem</strong></span> <span class='ocrx_word' id='word_1_272' title='bbox 1016 1740 1042 1763; x_wconf 88' lang='lat' dir='ltr'><strong>et</strong></span> 
     </span>
    </p>
   </div>
   <div class='ocr_carea' id='block_1_39' title="bbox 257 1781 1041 1816">
    <p class='ocr_par' dir='ltr' id='par_1_39' title="bbox 257 1781 1041 1816">
     <span class='ocr_line' id='line_1_39' title="bbox 257 1781 1041 1816; baseline 0.001 -9"><span class='ocrx_word' id='word_1_273' title='bbox 257 1784 397 1815; x_wconf 79' lang='lat' dir='ltr'><strong>peccatum</strong></span> <span class='ocrx_word' id='word_1_274' title='bbox 413 1784 523 1815; x_wconf 88' lang='lat' dir='ltr'><strong>propter</strong></span> <span class='ocrx_word' id='word_1_275' title='bbox 536 1787 596 1812; x_wconf 88' lang='lat' dir='ltr'><strong>nos,</strong></span> <span class='ocrx_word' id='word_1_276' title='bbox 609 1788 697 1815; x_wconf 89' lang='lat' dir='ltr'><strong>neque</strong></span> <span class='ocrx_word' id='word_1_277' title='bbox 712 1784 777 1807; x_wconf 85' lang='lat' dir='ltr'><strong>tunc</strong></span> <span class='ocrx_word' id='word_1_278' title='bbox 794 1781 924 1808; x_wconf 90' lang='lat' dir='ltr'><strong>Dominus</strong></span> <span class='ocrx_word' id='word_1_279' title='bbox 937 1781 1041 1816; x_wconf 63' lang='lat' dir='ltr'><strong>gloria},</strong></span> 
     </span>
    </p>
   </div>
   <div class='ocr_carea' id='block_1_40' title="bbox 257 1824 1043 1861">
    <p class='ocr_par' dir='ltr' id='par_1_40' title="bbox 257 1824 1043 1861">
     <span class='ocr_line' id='line_1_40' title="bbox 257 1824 1043 1861; baseline 0.001 -9"><span class='ocrx_word' id='word_1_280' title='bbox 257 1824 376 1853; x_wconf 84' lang='lat' dir='ltr'><strong>dedecus</strong></span> <span class='ocrx_word' id='word_1_281' title='bbox 396 1828 568 1859; x_wconf 82' lang='lat' dir='ltr'><strong>aspernatus,</strong></span> <span class='ocrx_word' id='word_1_282' title='bbox 582 1829 609 1852; x_wconf 88' lang='lat' dir='ltr'><strong>et</strong></span> <span class='ocrx_word' id='word_1_283' title='bbox 623 1825 650 1852; x_wconf 92' lang='lat' dir='ltr'><strong>in</strong></span> <span class='ocrx_word' id='word_1_284' title='bbox 666 1832 749 1853; x_wconf 89' lang='lat' dir='ltr'><strong>carne</strong></span> <span class='ocrx_word' id='word_1_285' title='bbox 772 1827 925 1861; x_wconf 88' lang='lat' dir='ltr'><strong>passionem</strong></span> <span class='ocrx_word' id='word_1_286' title='bbox 954 1826 1043 1853; x_wconf 88' lang='lat' dir='ltr'><strong>susci-</strong></span> 
     </span>
    </p>
   </div>
   <div class='ocr_carea' id='block_1_41' title="bbox 257 1870 1041 1906">
    <p class='ocr_par' dir='ltr' id='par_1_41' title="bbox 257 1870 1041 1906">
     <span class='ocr_line' id='line_1_41' title="bbox 257 1870 1041 1906; baseline 0 -8"><span class='ocrx_word' id='word_1_287' title='bbox 257 1872 344 1904; x_wconf 85' lang='lat' dir='ltr'><strong>piens,</strong></span> <span class='ocrx_word' id='word_1_288' title='bbox 359 1874 491 1906; x_wconf 87' lang='lat' dir='ltr'><strong>potestate</strong></span> <span class='ocrx_word' id='word_1_289' title='bbox 507 1877 612 1898; x_wconf 88' lang='lat' dir='ltr'><strong>summa</strong></span> <span class='ocrx_word' id='word_1_290' title='bbox 627 1875 654 1897; x_wconf 84' lang='lat' dir='ltr'><strong>et</strong></span> <span class='ocrx_word' id='word_1_291' title='bbox 670 1870 755 1898; x_wconf 85' lang='lat' dir='ltr'><strong>libera</strong></span> <span class='ocrx_word' id='word_1_292' title='bbox 778 1872 898 1906; x_wconf 88' lang='lat' dir='ltr'><strong>seipsum</strong></span> <span class='ocrx_word' id='word_1_293' title='bbox 916 1871 1041 1906; x_wconf 84' lang='lat' dir='ltr'><strong>privavit,</strong></span> 
     </span>
    </p>
   </div>
   <div class='ocr_carea' id='block_1_42' title="bbox 256 1915 1041 1950">
    <p class='ocr_par' dir='ltr' id='par_1_42' title="bbox 256 1915 1041 1950">
     <span class='ocr_line' id='line_1_42' title="bbox 256 1915 1041 1950; baseline -0.001 -6"><span class='ocrx_word' id='word_1_294' title='bbox 256 1916 351 1944; x_wconf 88' lang='lat' dir='ltr'><strong>dicens</strong></span> <span class='ocrx_word' id='word_1_295' title='bbox 363 1916 396 1947; x_wconf 83' lang='lat'><strong>&quot;,</strong></span> <span class='ocrx_word' id='word_1_296' title='bbox 415 1915 512 1947; x_wconf 75' lang='lat' dir='ltr'><strong>Soluite</strong></span> <span class='ocrx_word' id='word_1_297' title='bbox 542 1916 666 1950; x_wconf 85' lang='lat' dir='ltr'><strong>templum</strong></span> <span class='ocrx_word' id='word_1_298' title='bbox 683 1916 742 1947; x_wconf 79' lang='lat' dir='ltr'><strong>hoc.</strong></span> <span class='ocrx_word' id='word_1_299' title='bbox 763 1920 788 1943; x_wconf 84' lang='lat' dir='ltr'><strong>et</strong></span> <span class='ocrx_word' id='word_1_300' title='bbox 807 1916 834 1944; x_wconf 84' lang='lat' dir='ltr'><strong>in</strong></span> <span class='ocrx_word' id='word_1_301' title='bbox 853 1916 936 1943; x_wconf 73' lang='lat' dir='ltr'><strong>tribus</strong></span> <span class='ocrx_word' id='word_1_302' title='bbox 950 1916 1041 1943; x_wconf 80' lang='lat' dir='ltr'><strong>diebus</strong></span> 
     </span>
    </p>
   </div>
   <div class='ocr_carea' id='block_1_43' title="bbox 258 1954 1038 1997">
    <p class='ocr_par' dir='ltr' id='par_1_43' title="bbox 258 1954 1038 1997">
     <span class='ocr_line' id='line_1_43' title="bbox 258 1954 1038 1997; baseline -0.001 -7"><span class='ocrx_word' id='word_1_303' title='bbox 258 1954 342 1997; x_wconf 58' lang='lat' dir='ltr'><strong>ipsa&quot;;</strong></span> <span class='ocrx_word' id='word_1_304' title='bbox 371 1962 500 1990; x_wconf 71' lang='lat' dir='ltr'><strong>excitabo.</strong></span> <span class='ocrx_word' id='word_1_305' title='bbox 528 1961 560 1989; x_wconf 85' lang='lat' dir='ltr'><strong>Et</strong></span> <span class='ocrx_word' id='word_1_306' title='bbox 581 1963 691 1993; x_wconf 82' lang='lat' dir='ltr'><strong>iterum,</strong></span> <span class='ocrx_word' id='word_1_307' title='bbox 709 1961 808 1989; x_wconf 82' lang='lat' dir='ltr'><strong>Nullus</strong></span> <span class='ocrx_word' id='word_1_308' title='bbox 834 1963 903 1989; x_wconf 82' lang='lat' dir='ltr'><strong>tollit</strong></span> <span class='ocrx_word' id='word_1_309' title='bbox 921 1963 1038 1989; x_wconf 85' lang='lat' dir='ltr'><strong>animam</strong></span> 
     </span>
    </p>
   </div>
   <div class='ocr_carea' id='block_1_44' title="bbox 258 2007 1043 2042">
    <p class='ocr_par' dir='ltr' id='par_1_44' title="bbox 258 2007 1043 2042">
     <span class='ocr_line' id='line_1_44' title="bbox 258 2007 1043 2042; baseline -0.001 -7"><span class='ocrx_word' id='word_1_310' title='bbox 258 2017 342 2036; x_wconf 80' lang='lat' dir='ltr'><strong>nteant</strong></span> <span class='ocrx_word' id='word_1_311' title='bbox 360 2017 376 2035; x_wconf 91' lang='lat' dir='ltr'><strong>a</strong></span> <span class='ocrx_word' id='word_1_312' title='bbox 397 2016 454 2040; x_wconf 79' lang='lat' dir='ltr'><strong>me;</strong></span> <span class='ocrx_word' id='word_1_313' title='bbox 481 2012 634 2042; x_wconf 77' lang='lat' dir='ltr'><strong>potestatem</strong></span> <span class='ocrx_word' id='word_1_314' title='bbox 657 2007 739 2034; x_wconf 85' lang='lat' dir='ltr'><strong>habeo</strong></span> <span class='ocrx_word' id='word_1_315' title='bbox 767 2008 879 2041; x_wconf 82' lang='lat' dir='ltr'><strong>ponendi</strong></span> <span class='ocrx_word' id='word_1_316' title='bbox 900 2009 996 2042; x_wconf 77' lang='lat' dir='ltr'><strong>ipsam,</strong></span> <span class='ocrx_word' id='word_1_317' title='bbox 1018 2013 1043 2035; x_wconf 80' lang='lat' dir='ltr'><strong>et</strong></span> 
     </span>
    </p>
   </div>
   <div class='ocr_carea' id='block_1_45' title="bbox 256 2053 1042 2090">
    <p class='ocr_par' dir='ltr' id='par_1_45' title="bbox 256 2053 1042 2090">
     <span class='ocr_line' id='line_1_45' title="bbox 256 2053 1042 2090; baseline -0.003 -8"><span class='ocrx_word' id='word_1_318' title='bbox 256 2059 408 2089; x_wconf 77' lang='lat' dir='ltr'><strong>potestatem</strong></span> <span class='ocrx_word' id='word_1_319' title='bbox 424 2055 505 2084; x_wconf 85' lang='lat' dir='ltr'><strong>habeo</strong></span> <span class='ocrx_word' id='word_1_320' title='bbox 520 2053 669 2080; x_wconf 75' lang='lat' dir='ltr'><strong>resumendi</strong></span> <span class='ocrx_word' id='word_1_321' title='bbox 684 2055 778 2087; x_wconf 82' lang='lat' dir='ltr'><strong>ipsam.</strong></span> <span class='ocrx_word' id='word_1_322' title='bbox 803 2055 835 2080; x_wconf 89' lang='lat' dir='ltr'><strong>Et</strong></span> <span class='ocrx_word' id='word_1_323' title='bbox 858 2062 919 2081; x_wconf 86' lang='lat' dir='ltr'><strong>eum</strong></span> <span class='ocrx_word' id='word_1_324' title='bbox 944 2055 978 2081; x_wconf 86' lang='lat' dir='ltr'><strong>ad</strong></span> <span class='ocrx_word' id='word_1_325' title='bbox 1002 2055 1042 2090; x_wconf 87' lang='lat' dir='ltr'><strong>ip-</strong></span> 
     </span>
    </p>
   </div>
   <div class='ocr_carea' id='block_1_46' title="bbox 258 2100 1042 2136">
    <p class='ocr_par' dir='ltr' id='par_1_46' title="bbox 258 2100 1042 2136">
     <span class='ocr_line' id='line_1_46' title="bbox 258 2100 1042 2136; baseline -0.001 -8"><span class='ocrx_word' id='word_1_326' title='bbox 258 2109 318 2128; x_wconf 86' lang='lat' dir='ltr'><strong>sum</strong></span> <span class='ocrx_word' id='word_1_327' title='bbox 343 2100 455 2136; x_wconf 83' lang='lat' dir='ltr'><strong>propius</strong></span> <span class='ocrx_word' id='word_1_328' title='bbox 478 2104 655 2126; x_wconf 85' lang='lat' dir='ltr'><strong>accesserunt</strong></span> <span class='ocrx_word' id='word_1_329' title='bbox 674 2107 705 2126; x_wconf 83' lang='lat' dir='ltr'><strong>ea</strong></span> <span class='ocrx_word' id='word_1_330' title='bbox 720 2103 801 2126; x_wconf 87' lang='lat' dir='ltr'><strong>nocte</strong></span> <span class='ocrx_word' id='word_1_331' title='bbox 820 2108 880 2134; x_wconf 72' lang='lat' dir='ltr'><strong>quze</strong></span> <span class='ocrx_word' id='word_1_332' title='bbox 903 2100 961 2134; x_wconf 74' lang='lat' dir='ltr'><strong>ejus</strong></span> <span class='ocrx_word' id='word_1_333' title='bbox 980 2109 1042 2134; x_wconf 84' lang='lat' dir='ltr'><strong>pas-</strong></span> 
     </span>
    </p>
   </div>
   <div class='ocr_carea' id='block_1_47' title="bbox 258 2144 1041 2181">
    <p class='ocr_par' dir='ltr' id='par_1_47' title="bbox 258 2144 1041 2181">
     <span class='ocr_line' id='line_1_47' title="bbox 258 2144 1041 2181; baseline -0.001 -7"><span class='ocrx_word' id='word_1_334' title='bbox 258 2146 362 2174; x_wconf 85' lang='lat' dir='ltr'><strong>sionem</strong></span> <span class='ocrx_word' id='word_1_335' title='bbox 374 2145 525 2181; x_wconf 70' lang='lat' dir='ltr'><strong>prmccssit,</strong></span> <span class='ocrx_word' id='word_1_336' title='bbox 542 2144 586 2179; x_wconf 84' lang='lat' dir='ltr'><strong>qui</strong></span> <span class='ocrx_word' id='word_1_337' title='bbox 613 2144 686 2171; x_wconf 80' lang='lat' dir='ltr'><strong>ferro</strong></span> <span class='ocrx_word' id='word_1_338' title='bbox 702 2148 728 2171; x_wconf 89' lang='lat' dir='ltr'><strong>et</strong></span> <span class='ocrx_word' id='word_1_339' title='bbox 739 2145 820 2179; x_wconf 71' lang='lat' dir='ltr'><strong>lignis</strong></span> <span class='ocrx_word' id='word_1_340' title='bbox 841 2146 936 2172; x_wconf 79' lang='lat' dir='ltr'><strong>armati</strong></span> <span class='ocrx_word' id='word_1_341' title='bbox 952 2151 1041 2178; x_wconf 86' lang='lat' dir='ltr'><strong>erant,</strong></span> 
     </span>
    </p>
   </div>
   <div class='ocr_carea' id='block_1_48' title="bbox 257 2190 1041 2226">
    <p class='ocr_par' dir='ltr' id='par_1_48' title="bbox 257 2190 1041 2226">
     <span class='ocr_line' id='line_1_48' title="bbox 257 2190 1041 2226; baseline -0.004 -5"><span class='ocrx_word' id='word_1_342' title='bbox 257 2199 354 2220; x_wconf 84' lang='lat' dir='ltr'><strong>omnes</strong></span> <span class='ocrx_word' id='word_1_343' title='bbox 367 2195 518 2219; x_wconf 86' lang='lat' dir='ltr'><strong>retrorsum</strong></span> <span class='ocrx_word' id='word_1_344' title='bbox 533 2190 642 2222; x_wconf 86' lang='lat' dir='ltr'><strong>evertit,</strong></span> <span class='ocrx_word' id='word_1_345' title='bbox 662 2197 723 2217; x_wconf 94' lang='lat' dir='ltr'><strong>cum</strong></span> <span class='ocrx_word' id='word_1_346' title='bbox 741 2191 791 2218; x_wconf 89' lang='lat' dir='ltr'><strong>hoc</strong></span> <span class='ocrx_word' id='word_1_347' title='bbox 808 2191 885 2225; x_wconf 64' lang='lat' dir='ltr'><strong>dixit,</strong></span> <span class='ocrx_word' id='word_1_348' title='bbox 903 2191 957 2226; x_wconf 84' lang='lat' dir='ltr'><strong>Ego</strong></span> <span class='ocrx_word' id='word_1_349' title='bbox 973 2201 1041 2218; x_wconf 79' lang='lat' dir='ltr'><strong>sum.</strong></span> 
     </span>
    </p>
   </div>
   <div class='ocr_carea' id='block_1_49' title="bbox 258 2236 1040 2271">
    <p class='ocr_par' dir='ltr' id='par_1_49' title="bbox 258 2236 1040 2271">
     <span class='ocr_line' id='line_1_49' title="bbox 258 2236 1040 2271; baseline 0 -6"><span class='ocrx_word' id='word_1_350' title='bbox 258 2238 291 2265; x_wconf 86' lang='lat' dir='ltr'><strong>Et</strong></span> <span class='ocrx_word' id='word_1_351' title='bbox 308 2244 404 2264; x_wconf 84' lang='lat' dir='ltr'><strong>rursus</strong></span> <span class='ocrx_word' id='word_1_352' title='bbox 419 2237 524 2264; x_wconf 85' lang='lat' dir='ltr'><strong>latrone</strong></span> <span class='ocrx_word' id='word_1_353' title='bbox 549 2236 721 2271; x_wconf 87' lang='lat' dir='ltr'><strong>supplicante</strong></span> <span class='ocrx_word' id='word_1_354' title='bbox 735 2241 763 2263; x_wconf 89' lang='lat' dir='ltr'><strong>ut</strong></span> <span class='ocrx_word' id='word_1_355' title='bbox 779 2237 820 2264; x_wconf 90' lang='lat' dir='ltr'><strong>sui</strong></span> <span class='ocrx_word' id='word_1_356' title='bbox 841 2245 944 2264; x_wconf 88' lang='lat' dir='ltr'><strong>memor</strong></span> <span class='ocrx_word' id='word_1_357' title='bbox 959 2243 1040 2271; x_wconf 82' lang='lat' dir='ltr'><strong>esset,</strong></span> 
     </span>
    </p>
   </div>
   <div class='ocr_carea' id='block_1_50' title="bbox 258 2281 1042 2317">
    <p class='ocr_par' dir='ltr' id='par_1_50' title="bbox 258 2281 1042 2317">
     <span class='ocr_line' id='line_1_50' title="bbox 258 2281 1042 2317; baseline -0.001 -6"><span class='ocrx_word' id='word_1_358' title='bbox 258 2291 336 2312; x_wconf 88' lang='lat' dir='ltr'><strong>suam</strong></span> <span class='ocrx_word' id='word_1_359' title='bbox 356 2283 384 2310; x_wconf 93' lang='lat' dir='ltr'><strong>in</strong></span> <span class='ocrx_word' id='word_1_360' title='bbox 406 2281 533 2310; x_wconf 88' lang='lat' dir='ltr'><strong>omnibus</strong></span> <span class='ocrx_word' id='word_1_361' title='bbox 547 2285 709 2316; x_wconf 83' lang='lat' dir='ltr'><strong>potestatem</strong></span> <span class='ocrx_word' id='word_1_362' title='bbox 731 2283 861 2313; x_wconf 87' lang='lat' dir='ltr'><strong>ostendit.</strong></span> <span class='ocrx_word' id='word_1_363' title='bbox 881 2291 943 2311; x_wconf 87' lang='lat' dir='ltr'><strong>cum</strong></span> <span class='ocrx_word' id='word_1_364' title='bbox 961 2284 1042 2317; x_wconf 82' lang='lat' dir='ltr'><strong>dixit,</strong></span> 
     </span>
    </p>
   </div>
   <div class='ocr_carea' id='block_1_51' title="bbox 253 2328 1042 2366">
    <p class='ocr_par' dir='ltr' id='par_1_51' title="bbox 253 2328 1042 2366">
     <span class='ocr_line' id='line_1_51' title="bbox 253 2328 1042 2366; baseline 0.003 -9"><span class='ocrx_word' id='word_1_365' title='bbox 253 2329 340 2357; x_wconf 84' lang='lat' dir='ltr'><strong>Hodie</strong></span> <span class='ocrx_word' id='word_1_366' title='bbox 356 2336 457 2356; x_wconf 81' lang='lat' dir='ltr'><strong>mecum</strong></span> <span class='ocrx_word' id='word_1_367' title='bbox 487 2328 539 2354; x_wconf 81' lang='lat' dir='ltr'><strong>eris</strong></span> <span class='ocrx_word' id='word_1_368' title='bbox 570 2328 595 2354; x_wconf 80' lang='lat' dir='ltr'><strong>in</strong></span> <span class='ocrx_word' id='word_1_369' title='bbox 626 2328 760 2362; x_wconf 76' lang='lat' dir='ltr'><strong>paradiso.</strong></span> <span class='ocrx_word' id='word_1_370' title='bbox 789 2329 817 2356; x_wconf 91' lang='lat' dir='ltr'><strong>Si</strong></span> <span class='ocrx_word' id='word_1_371' title='bbox 840 2329 924 2365; x_wconf 81' lang='lat' dir='ltr'><strong>igitur</strong></span> <span class='ocrx_word' id='word_1_372' title='bbox 953 2339 1042 2366; x_wconf 90' lang='lat' dir='ltr'><strong>neque</strong></span> 
     </span>
    </p>
   </div>
   <div class='ocr_carea' id='block_1_52' title="bbox 258 2373 1041 2410">
    <p class='ocr_par' dir='ltr' id='par_1_52' title="bbox 258 2373 1041 2410">
     <span class='ocr_line' id='line_1_52' title="bbox 258 2373 1041 2410; baseline 0.004 -10"><span class='ocrx_word' id='word_1_373' title='bbox 258 2378 382 2408; x_wconf 88' lang='lat' dir='ltr'><strong>tempore</strong></span> <span class='ocrx_word' id='word_1_374' title='bbox 403 2373 542 2408; x_wconf 85' lang='lat' dir='ltr'><strong>passionis</strong></span> <span class='ocrx_word' id='word_1_375' title='bbox 558 2381 572 2399; x_wconf 88' lang='lat' dir='ltr'><strong>a</strong></span> <span class='ocrx_word' id='word_1_376' title='bbox 593 2378 728 2408; x_wconf 83' lang='lat' dir='ltr'><strong>potestate</strong></span> <span class='ocrx_word' id='word_1_377' title='bbox 752 2380 913 2410; x_wconf 83' lang='lat' dir='ltr'><strong>separatur:</strong></span> <span class='ocrx_word' id='word_1_378' title='bbox 932 2377 1041 2403; x_wconf 87' lang='lat' dir='ltr'><strong>ubinam</strong></span> 
     </span>
    </p>
   </div>
   <div class='ocr_carea' id='block_1_53' title="bbox 258 2418 1043 2455">
    <p class='ocr_par' dir='ltr' id='par_1_53' title="bbox 258 2418 1043 2455">
     <span class='ocr_line' id='line_1_53' title="bbox 258 2418 1043 2455; baseline 0.004 -10"><span class='ocrx_word' id='word_1_379' title='bbox 258 2418 367 2446; x_wconf 88' lang='lat' dir='ltr'><strong>tandem</strong></span> <span class='ocrx_word' id='word_1_380' title='bbox 383 2418 495 2445; x_wconf 79' lang='lat' dir='ltr'><strong>haeresis</strong></span> <span class='ocrx_word' id='word_1_381' title='bbox 520 2418 717 2453; x_wconf 84' lang='lat' dir='ltr'><strong>subjectionem</strong></span> <span class='ocrx_word' id='word_1_382' title='bbox 732 2419 814 2455; x_wconf 77' lang='lat' dir='ltr'><strong>Regis</strong></span> <span class='ocrx_word' id='word_1_383' title='bbox 830 2421 922 2455; x_wconf 71' lang='lat' dir='ltr'><strong>gloriae</strong></span> <span class='ocrx_word' id='word_1_384' title='bbox 937 2422 1043 2455; x_wconf 85' lang='lat' dir='ltr'><strong>conspi-</strong></span> 
     </span>
    </p>
   </div>
   <div class='ocr_carea' id='block_1_54' title="bbox 258 2463 1043 2496">
    <p class='ocr_par' dir='ltr' id='par_1_54' title="bbox 258 2463 1043 2496">
     <span class='ocr_line' id='line_1_54' title="bbox 258 2463 1043 2496; baseline 0.004 -6"><span class='ocrx_word' id='word_1_385' title='bbox 258 2463 319 2490; x_wconf 86' lang='lat' dir='ltr'><strong>cit?</strong></span> <span class='ocrx_word' id='word_1_386' title='bbox 349 2463 478 2496; x_wconf 69' lang='lat' dir='ltr'><strong>Qutenam</strong></span> <span class='ocrx_word' id='word_1_387' title='bbox 508 2463 564 2491; x_wconf 72' lang='lat' dir='ltr'><strong>hzee</strong></span> <span class='ocrx_word' id='word_1_388' title='bbox 594 2465 677 2492; x_wconf 86' lang='lat' dir='ltr'><strong>etiam</strong></span> <span class='ocrx_word' id='word_1_389' title='bbox 711 2466 871 2492; x_wconf 88' lang='lat' dir='ltr'><strong>multimoda</strong></span> <span class='ocrx_word' id='word_1_390' title='bbox 903 2466 1043 2493; x_wconf 72' lang='lat' dir='ltr'><strong>meditatio</strong></span> 
     </span>
    </p>
   </div>
   <div class='ocr_carea' id='block_1_55' title="bbox 258 2508 1042 2545">
    <p class='ocr_par' dir='ltr' id='par_1_55' title="bbox 258 2508 1042 2545">
     <span class='ocr_line' id='line_1_55' title="bbox 258 2508 1042 2545; baseline 0.005 -10"><span class='ocrx_word' id='word_1_391' title='bbox 258 2517 340 2544; x_wconf 79' lang='lat' dir='ltr'><strong>quam</strong></span> <span class='ocrx_word' id='word_1_392' title='bbox 354 2509 380 2536; x_wconf 91' lang='lat' dir='ltr'><strong>in</strong></span> <span class='ocrx_word' id='word_1_393' title='bbox 394 2508 447 2536; x_wconf 91' lang='lat' dir='ltr'><strong>Deo</strong></span> <span class='ocrx_word' id='word_1_394' title='bbox 459 2509 552 2544; x_wconf 71' lang='lat' dir='ltr'><strong>iactat,</strong></span> <span class='ocrx_word' id='word_1_395' title='bbox 565 2509 662 2537; x_wconf 86' lang='lat' dir='ltr'><strong>dicens</strong></span> <span class='ocrx_word' id='word_1_396' title='bbox 677 2510 854 2538; x_wconf 85' lang='lat' dir='ltr'><strong>mediatorem</strong></span> <span class='ocrx_word' id='word_1_397' title='bbox 872 2511 898 2538; x_wconf 95' lang='lat' dir='ltr'><strong>in</strong></span> <span class='ocrx_word' id='word_1_398' title='bbox 914 2512 1042 2545; x_wconf 85' lang='lat' dir='ltr'><strong>decretis,</strong></span> 
     </span>
    </p>
   </div>
   <div class='ocr_carea' id='block_1_56' title="bbox 259 2554 1042 2592">
    <p class='ocr_par' dir='ltr' id='par_1_56' title="bbox 259 2554 1042 2592">
     <span class='ocr_line' id='line_1_56' title="bbox 259 2554 1042 2592; baseline 0.005 -11"><span class='ocrx_word' id='word_1_399' title='bbox 259 2554 436 2582; x_wconf 87' lang='lat' dir='ltr'><strong>mediatorem</strong></span> <span class='ocrx_word' id='word_1_400' title='bbox 452 2555 479 2581; x_wconf 93' lang='lat' dir='ltr'><strong>in</strong></span> <span class='ocrx_word' id='word_1_401' title='bbox 499 2554 639 2591; x_wconf 77' lang='lat' dir='ltr'><strong>lege?Non</strong></span> <span class='ocrx_word' id='word_1_402' title='bbox 656 2557 713 2583; x_wconf 66' lang='lat' dir='ltr'><strong>haec</strong></span> <span class='ocrx_word' id='word_1_403' title='bbox 725 2557 758 2583; x_wconf 83' lang='lat' dir='ltr'><strong>ab</strong></span> <span class='ocrx_word' id='word_1_404' title='bbox 770 2557 824 2583; x_wconf 85' lang='lat' dir='ltr'><strong>alta</strong></span> <span class='ocrx_word' id='word_1_405' title='bbox 838 2565 905 2584; x_wconf 83' lang='lat' dir='ltr'><strong>voce</strong></span> <span class='ocrx_word' id='word_1_406' title='bbox 921 2557 1042 2592; x_wconf 81' lang='lat' dir='ltr'><strong>Apostoli</strong></span> 
     </span>
    </p>
   </div>
   <div class='ocr_carea' id='block_1_57' title="bbox 259 2600 1042 2637">
    <p class='ocr_par' dir='ltr' id='par_1_57' title="bbox 259 2600 1042 2637">
     <span class='ocr_line' id='line_1_57' title="bbox 259 2600 1042 2637; baseline 0.003 -9"><span class='ocrx_word' id='word_1_407' title='bbox 259 2608 354 2629; x_wconf 83' lang='lat' dir='ltr'><strong>sumus</strong></span> <span class='ocrx_word' id='word_1_408' title='bbox 377 2600 478 2633; x_wconf 85' lang='lat' dir='ltr'><strong>edocti,</strong></span> <span class='ocrx_word' id='word_1_409' title='bbox 494 2601 541 2636; x_wconf 91' lang='lat' dir='ltr'><strong>qui</strong></span> <span class='ocrx_word' id='word_1_410' title='bbox 569 2602 617 2634; x_wconf 83' lang='lat' dir='ltr'><strong>ait,</strong></span> <span class='ocrx_word' id='word_1_411' title='bbox 644 2601 716 2637; x_wconf 88' lang='lat' dir='ltr'><strong>quod</strong></span> <span class='ocrx_word' id='word_1_412' title='bbox 744 2603 1042 2637; x_wconf 76' lang='lat' dir='ltr'><strong>legemmaudatoruut</strong></span> 
     </span>
    </p>
   </div>
   <div class='ocr_carea' id='block_1_58' title="bbox 257 2647 1042 2681">
    <p class='ocr_par' dir='ltr' id='par_1_58' title="bbox 257 2647 1042 2681">
     <span class='ocr_line' id='line_1_58' title="bbox 257 2647 1042 2681; baseline 0.004 -7"><span class='ocrx_word' id='word_1_413' title='bbox 257 2654 393 2675; x_wconf 86' lang='lat' dir='ltr'><strong>evacuans</strong></span> <span class='ocrx_word' id='word_1_414' title='bbox 408 2647 467 2675; x_wconf 87' lang='lat' dir='ltr'><strong>suis</strong></span> <span class='ocrx_word' id='word_1_415' title='bbox 485 2648 669 2681; x_wconf 80' lang='lat' dir='ltr'><strong>documentis,</strong></span> <span class='ocrx_word' id='word_1_416' title='bbox 688 2649 732 2676; x_wconf 89' lang='lat' dir='ltr'><strong>hic</strong></span> <span class='ocrx_word' id='word_1_417' title='bbox 748 2653 789 2677; x_wconf 91' lang='lat' dir='ltr'><strong>est</strong></span> <span class='ocrx_word' id='word_1_418' title='bbox 811 2650 943 2677; x_wconf 80' lang='lat' dir='ltr'><strong>mediator</strong></span> <span class='ocrx_word' id='word_1_419' title='bbox 957 2650 1002 2677; x_wconf 83' lang='lat' dir='ltr'><strong>Dei</strong></span> <span class='ocrx_word' id='word_1_420' title='bbox 1015 2654 1042 2678; x_wconf 80' lang='lat' dir='ltr'><strong>et</strong></span> 
     </span>
    </p>
   </div>
   <div class='ocr_carea' id='block_1_59' title="bbox 257 2693 1041 2731">
    <p class='ocr_par' dir='ltr' id='par_1_59' title="bbox 257 2693 1041 2731">
     <span class='ocr_line' id='line_1_59' title="bbox 257 2693 1041 2731; baseline 0.005 -11"><span class='ocrx_word' id='word_1_421' title='bbox 257 2693 409 2726; x_wconf 87' lang='lat' dir='ltr'><strong>hominum,</strong></span> <span class='ocrx_word' id='word_1_422' title='bbox 442 2701 503 2720; x_wconf 88' lang='lat' dir='ltr'><strong>cutn</strong></span> <span class='ocrx_word' id='word_1_423' title='bbox 528 2694 597 2721; x_wconf 80' lang='lat' dir='ltr'><strong>dixit</strong></span> <span class='ocrx_word' id='word_1_424' title='bbox 625 2694 677 2722; x_wconf 89' lang='lat' dir='ltr'><strong>hoc</strong></span> <span class='ocrx_word' id='word_1_425' title='bbox 703 2695 790 2730; x_wconf 91' lang='lat' dir='ltr'><strong>ipsum</strong></span> <span class='ocrx_word' id='word_1_426' title='bbox 819 2697 942 2728; x_wconf 84' lang='lat' dir='ltr'><strong>verbum,</strong></span> <span class='ocrx_word' id='word_1_427' title='bbox 970 2698 1041 2731; x_wconf 89' lang='lat' dir='ltr'><strong>quod</strong></span> 
     </span>
    </p>
   </div>
   <div class='ocr_carea' id='block_1_60' title="bbox 256 2736 1040 2773">
    <p class='ocr_par' dir='ltr' id='par_1_60' title="bbox 256 2736 1040 2773">
     <span class='ocr_line' id='line_1_60' title="bbox 256 2736 1040 2773; baseline 0.003 -8"><span class='ocrx_word' id='word_1_428' title='bbox 256 2737 334 2765; x_wconf 77' lang='lat' dir='ltr'><strong>linus</strong></span> <span class='ocrx_word' id='word_1_429' title='bbox 345 2736 417 2764; x_wconf 88' lang='lat' dir='ltr'><strong>Deus</strong></span> <span class='ocrx_word' id='word_1_430' title='bbox 443 2742 496 2770; x_wconf 87' lang='lat' dir='ltr'><strong>est,</strong></span> <span class='ocrx_word' id='word_1_431' title='bbox 520 2747 590 2767; x_wconf 93' lang='lat' dir='ltr'><strong>unus</strong></span> <span class='ocrx_word' id='word_1_432' title='bbox 614 2741 748 2769; x_wconf 82' lang='lat' dir='ltr'><strong>mediator</strong></span> <span class='ocrx_word' id='word_1_433' title='bbox 772 2742 818 2769; x_wconf 83' lang='lat' dir='ltr'><strong>Dei</strong></span> <span class='ocrx_word' id='word_1_434' title='bbox 841 2746 868 2769; x_wconf 86' lang='lat' dir='ltr'><strong>et</strong></span> <span class='ocrx_word' id='word_1_435' title='bbox 886 2742 1040 2773; x_wconf 89' lang='lat' dir='ltr'><strong>hominum,</strong></span> 
     </span>
    </p>
   </div>
   <div class='ocr_carea' id='block_1_61' title="bbox 262 2781 1039 2824">
    <p class='ocr_par' dir='ltr' id='par_1_61' title="bbox 262 2781 1039 2824">
     <span class='ocr_line' id='line_1_61' title="bbox 262 2781 1039 2824; baseline 0.006 -14"><span class='ocrx_word' id='word_1_436' title='bbox 262 2781 345 2810; x_wconf 88' lang='lat' dir='ltr'><strong>homo</strong></span> <span class='ocrx_word' id='word_1_437' title='bbox 362 2783 488 2812; x_wconf 81' lang='lat' dir='ltr'><strong>Christus</strong></span> <span class='ocrx_word' id='word_1_438' title='bbox 511 2784 600 2813; x_wconf 66' lang='lat' dir='ltr'><strong>Iesus.</strong></span> <span class='ocrx_word' id='word_1_439' title='bbox 623 2786 719 2814; x_wconf 89' lang='lat' dir='ltr'><strong>Totum</strong></span> <span class='ocrx_word' id='word_1_440' title='bbox 747 2788 824 2816; x_wconf 86' lang='lat' dir='ltr'><strong>nobis</strong></span> <span class='ocrx_word' id='word_1_441' title='bbox 850 2789 892 2816; x_wconf 89' lang='lat' dir='ltr'><strong>hic</strong></span> <span class='ocrx_word' id='word_1_442' title='bbox 919 2788 1039 2824; x_wconf 79' lang='lat' dir='ltr'><strong>mysterii</strong></span> 
     </span>
    </p>
   </div>
   <div class='ocr_carea' id='block_1_62' title="bbox 296 2871 541 2907">
    <p class='ocr_par' dir='ltr' id='par_1_62' title="bbox 296 2871 541 2907">
     <span class='ocr_line' id='line_1_62' title="bbox 296 2871 541 2907; baseline 0 -5"><span class='ocrx_word' id='word_1_443' title='bbox 296 2872 318 2889; x_wconf 85' lang='lat'><strong>&quot;</strong></span> <span class='ocrx_word' id='word_1_444' title='bbox 343 2871 420 2900; x_wconf 79' lang='lat' dir='ltr'><strong>Joan.</strong></span> <span class='ocrx_word' id='word_1_445' title='bbox 443 2881 473 2907; x_wconf 87' lang='grc' dir='ltr'>ιι,</span> <span class='ocrx_word' id='word_1_446' title='bbox 500 2874 541 2902; x_wconf 85' lang='lat' dir='ltr'><strong>t9.</strong></span> 
     </span>
    </p>
   </div>
   <div class='ocr_carea' id='block_1_63' title="bbox 1082 278 1868 314">
    <p class='ocr_par' dir='ltr' id='par_1_63' title="bbox 1082 278 1868 314">
     <span class='ocr_line' id='line_1_63' title="bbox 1082 278 1868 314; baseline -0.004 -9"><span class='ocrx_word' id='word_1_447' title='bbox 1082 278 1098 314; x_wconf 82' lang='grc' dir='ltr'><strong>ἢ</strong></span> <span class='ocrx_word' id='word_1_448' title='bbox 1114 279 1177 305; x_wconf 77' lang='grc' dir='ltr'>εὐθὺ</span> <span class='ocrx_word' id='word_1_449' title='bbox 1194 279 1303 314; x_wconf 79' lang='grc' dir='ltr'>ποιῆσαι</span> <span class='ocrx_word' id='word_1_450' title='bbox 1318 279 1355 314; x_wconf 82' lang='grc' dir='ltr'>τῷ</span> <span class='ocrx_word' id='word_1_451' title='bbox 1379 279 1567 314; x_wconf 82' lang='grc' dir='ltr'>ὑποδεχομένῳ</span> <span class='ocrx_word' id='word_1_452' title='bbox 1586 279 1615 305; x_wconf 79' lang='grc' dir='ltr'>τὸ</span> <span class='ocrx_word' id='word_1_453' title='bbox 1633 279 1722 313; x_wconf 72' lang='grc' dir='ltr'>ἴχνος,</span> <span class='ocrx_word' id='word_1_454' title='bbox 1745 278 1770 304; x_wconf 83' lang='grc' dir='ltr'>εἰ</span> <span class='ocrx_word' id='word_1_455' title='bbox 1789 285 1868 312; x_wconf 83' lang='grc' dir='ltr'>περι-</span> 
     </span>
    </p>
   </div>
   <div class='ocr_carea' id='block_1_64' title="bbox 1083 322 1868 361">
    <p class='ocr_par' dir='ltr' id='par_1_64' title="bbox 1083 322 1868 361">
     <span class='ocr_line' id='line_1_64' title="bbox 1083 322 1868 361; baseline -0.003 -12"><span class='ocrx_word' id='word_1_456' title='bbox 1083 324 1168 359; x_wconf 84' lang='grc' dir='ltr'>φερὴς</span> <span class='ocrx_word' id='word_1_457' title='bbox 1180 324 1220 359; x_wconf 76' lang='grc' dir='ltr'>εἴη</span> <span class='ocrx_word' id='word_1_458' title='bbox 1236 326 1254 359; x_wconf 72' lang='grc' dir='ltr'><strong>ἡ</strong></span> <span class='ocrx_word' id='word_1_459' title='bbox 1270 325 1394 361; x_wconf 75' lang='grc' dir='ltr'>ἐργασία,</span> <span class='ocrx_word' id='word_1_460' title='bbox 1407 325 1422 360; x_wconf 82' lang='grc' dir='ltr'>ἣ</span> <span class='ocrx_word' id='word_1_461' title='bbox 1436 325 1534 351; x_wconf 78' lang='grc' dir='ltr'><strong>κύκλον</strong></span> <span class='ocrx_word' id='word_1_462' title='bbox 1549 324 1633 356; x_wconf 78' lang='grc' dir='ltr'>δεῖξαι</span> <span class='ocrx_word' id='word_1_463' title='bbox 1649 324 1690 351; x_wconf 81' lang='grc' dir='ltr'><strong>διὰ</strong></span> <span class='ocrx_word' id='word_1_464' title='bbox 1703 323 1750 350; x_wconf 76' lang='grc' dir='ltr'>τοῦ</span> <span class='ocrx_word' id='word_1_465' title='bbox 1768 322 1868 353; x_wconf 78' lang='grc' dir='ltr'>τύπου,</span> 
     </span>
    </p>
   </div>
   <div class='ocr_carea' id='block_1_65' title="bbox 1083 369 1868 406">
    <p class='ocr_par' dir='ltr' id='par_1_65' title="bbox 1083 369 1868 406">
     <span class='ocr_line' id='line_1_65' title="bbox 1083 369 1868 406; baseline -0.004 -10"><span class='ocrx_word' id='word_1_466' title='bbox 1083 371 1107 396; x_wconf 84' lang='grc' dir='ltr'><strong>εί</strong></span> <span class='ocrx_word' id='word_1_467' title='bbox 1132 371 1190 397; x_wconf 81' lang='grc' dir='ltr'>κατ’</span> <span class='ocrx_word' id='word_1_468' title='bbox 1207 371 1312 398; x_wconf 78' lang='grc' dir='ltr'>εὐθεῖαν</span> <span class='ocrx_word' id='word_1_469' title='bbox 1340 371 1572 406; x_wconf 74' lang='grc' dir='ltr'><strong>ἐσχηματισμένον</strong></span> <span class='ocrx_word' id='word_1_470' title='bbox 1589 370 1664 405; x_wconf 82' lang='grc' dir='ltr'>τύχοι</span> <span class='ocrx_word' id='word_1_471' title='bbox 1687 369 1716 396; x_wconf 77' lang='grc' dir='ltr'>τὸ</span> <span class='ocrx_word' id='word_1_472' title='bbox 1740 369 1868 404; x_wconf 71' lang='grc' dir='ltr'>ὄργανον.</span> 
     </span>
    </p>
   </div>
   <div class='ocr_carea' id='block_1_66' title="bbox 1084 414 1868 452">
    <p class='ocr_par' dir='ltr' id='par_1_66' title="bbox 1084 414 1868 452">
     <span class='ocr_line' id='line_1_66' title="bbox 1084 414 1868 452; baseline -0.004 -11"><span class='ocrx_word' id='word_1_473' title='bbox 1084 415 1165 442; x_wconf 81' lang='grc' dir='ltr'>Ὅσον</span> <span class='ocrx_word' id='word_1_474' title='bbox 1185 416 1212 442; x_wconf 81' lang='grc' dir='ltr'><strong>δὲ</strong></span> <span class='ocrx_word' id='word_1_475' title='bbox 1230 416 1278 451; x_wconf 75' lang='grc' dir='ltr'>τῆς</span> <span class='ocrx_word' id='word_1_476' title='bbox 1299 416 1424 452; x_wconf 76' lang='grc' dir='ltr'>τοιαύτης</span> <span class='ocrx_word' id='word_1_477' title='bbox 1440 417 1558 448; x_wconf 77' lang='grc' dir='ltr'><strong>διανοίας</strong></span> <span class='ocrx_word' id='word_1_478' title='bbox 1578 416 1636 442; x_wconf 71' lang='grc' dir='ltr'>ἐστὶ</span> <span class='ocrx_word' id='word_1_479' title='bbox 1649 415 1678 441; x_wconf 79' lang='grc' dir='ltr'><strong>τὸ</strong></span> <span class='ocrx_word' id='word_1_480' title='bbox 1696 414 1868 450; x_wconf 72' lang='grc' dir='ltr'><strong>βλάσφημον,</strong></span> 
     </span>
    </p>
   </div>
   <div class='ocr_carea' id='block_1_67' title="bbox 1083 459 1870 497">
    <p class='ocr_par' dir='ltr' id='par_1_67' title="bbox 1083 459 1870 497">
     <span class='ocr_line' id='line_1_67' title="bbox 1083 459 1870 497; baseline -0.005 -9"><span class='ocrx_word' id='word_1_481' title='bbox 1083 461 1109 487; x_wconf 83' lang='grc' dir='ltr'><strong>τί</strong></span> <span class='ocrx_word' id='word_1_482' title='bbox 1135 461 1188 497; x_wconf 79' lang='grc' dir='ltr'>χρὴ</span> <span class='ocrx_word' id='word_1_483' title='bbox 1216 461 1259 488; x_wconf 71' lang='grc' dir='ltr'><strong>διὰ</strong></span> <span class='ocrx_word' id='word_1_484' title='bbox 1286 462 1339 488; x_wconf 83' lang='grc' dir='ltr'>τῶν</span> <span class='ocrx_word' id='word_1_485' title='bbox 1369 461 1510 497; x_wconf 75' lang='grc' dir='ltr'><strong>ἡμετέρων</strong></span> <span class='ocrx_word' id='word_1_486' title='bbox 1537 460 1752 488; x_wconf 78' lang='grc' dir='ltr'>ὲκκαλύπτεσθαι</span> <span class='ocrx_word' id='word_1_487' title='bbox 1770 459 1870 493; x_wconf 80' lang='grc' dir='ltr'>λόγων.</span> 
     </span>
    </p>
   </div>
   <div class='ocr_carea' id='block_1_68' title="bbox 1084 505 1872 543">
    <p class='ocr_par' dir='ltr' id='par_1_68' title="bbox 1084 505 1872 543">
     <span class='ocr_line' id='line_1_68' title="bbox 1084 505 1872 543; baseline -0.004 -10"><span class='ocrx_word' id='word_1_488' title='bbox 1084 507 1168 542; x_wconf 74' lang='grc' dir='ltr'>αὐτῆς</span> <span class='ocrx_word' id='word_1_489' title='bbox 1180 508 1227 542; x_wconf 83' lang='grc' dir='ltr'>τῆς</span> <span class='ocrx_word' id='word_1_490' title='bbox 1240 508 1378 543; x_wconf 79' lang='grc' dir='ltr'>αἱρετικῆς</span> <span class='ocrx_word' id='word_1_491' title='bbox 1395 508 1487 542; x_wconf 77' lang='grc' dir='ltr'>φωνῆς</span> <span class='ocrx_word' id='word_1_492' title='bbox 1506 507 1554 542; x_wconf 84' lang='grc' dir='ltr'><strong>τὴν</strong></span> <span class='ocrx_word' id='word_1_493' title='bbox 1567 506 1679 533; x_wconf 81' lang='grc' dir='ltr'>ἀτοπίαν</span> <span class='ocrx_word' id='word_1_494' title='bbox 1698 505 1823 540; x_wconf 54' lang='lat' dir='ltr'><strong>podia-5;;</strong></span> <span class='ocrx_word' id='word_1_495' title='bbox 1840 505 1872 530; x_wconf 75' lang='lat' dir='ltr'><strong>Et</strong></span> 
     </span>
    </p>
   </div>
   <div class='ocr_carea' id='block_1_69' title="bbox 1085 549 1872 588">
    <p class='ocr_par' dir='ltr' id='par_1_69' title="bbox 1085 549 1872 588">
     <span class='ocr_line' id='line_1_69' title="bbox 1085 549 1872 588; baseline -0.004 -10"><span class='ocrx_word' id='word_1_496' title='bbox 1085 553 1137 588; x_wconf 71' lang='grc' dir='ltr'><strong>γὰρ</strong></span> <span class='ocrx_word' id='word_1_497' title='bbox 1150 552 1192 579; x_wconf 75' lang='grc' dir='ltr'><strong>διὰ</strong></span> <span class='ocrx_word' id='word_1_498' title='bbox 1208 553 1286 579; x_wconf 82' lang='grc' dir='ltr'>τοῦτο</span> <span class='ocrx_word' id='word_1_499' title='bbox 1300 553 1417 588; x_wconf 80' lang='grc' dir='ltr'><strong>ὑπήκοος</strong></span> <span class='ocrx_word' id='word_1_500' title='bbox 1429 574 1435 584; x_wconf 85' lang='grc'><em>,</em></span> <span class='ocrx_word' id='word_1_501' title='bbox 1450 553 1517 579; x_wconf 76' lang='grc' dir='ltr'>διότι</span> <span class='ocrx_word' id='word_1_502' title='bbox 1540 552 1658 583; x_wconf 79' lang='grc' dir='ltr'>τοιοῦτος</span> <span class='ocrx_word' id='word_1_503' title='bbox 1675 551 1793 585; x_wconf 73' lang='grc' dir='ltr'>ἐγένετο,</span> <span class='ocrx_word' id='word_1_504' title='bbox 1812 549 1872 576; x_wconf 64' lang='grc' dir='ltr'><strong>οὐδὲ</strong></span> 
     </span>
    </p>
   </div>
   <div class='ocr_carea' id='block_1_70' title="bbox 1086 595 1873 635">
    <p class='ocr_par' dir='ltr' id='par_1_70' title="bbox 1086 595 1873 635">
     <span class='ocr_line' id='line_1_70' title="bbox 1086 595 1873 635; baseline -0.006 -10"><span class='ocrx_word' id='word_1_505' title='bbox 1086 599 1152 634; x_wconf 75' lang='grc' dir='ltr'>πρὸς</span> <span class='ocrx_word' id='word_1_506' title='bbox 1167 598 1339 635; x_wconf 77' lang='grc' dir='ltr'><strong>ἀνθρωπίνην</strong></span> <span class='ocrx_word' id='word_1_507' title='bbox 1354 599 1433 634; x_wconf 70' lang='grc' dir='ltr'>φύσιν</span> <span class='ocrx_word' id='word_1_508' title='bbox 1449 599 1555 630; x_wconf 85' lang='grc' dir='ltr'>πάντως</span> <span class='ocrx_word' id='word_1_509' title='bbox 1570 598 1600 624; x_wconf 75' lang='grc' dir='ltr'>τὸ</span> <span class='ocrx_word' id='word_1_510' title='bbox 1622 595 1680 624; x_wconf 77' lang='grc' dir='ltr'>ίσον</span> <span class='ocrx_word' id='word_1_511' title='bbox 1701 597 1768 632; x_wconf 73' lang='grc' dir='ltr'>ἔχει.</span> <span class='ocrx_word' id='word_1_512' title='bbox 1785 596 1873 630; x_wconf 74' lang='grc' dir='ltr'>Εἴπερ</span> 
     </span>
    </p>
   </div>
   <div class='ocr_carea' id='block_1_71' title="bbox 1086 641 1872 680">
    <p class='ocr_par' dir='ltr' id='par_1_71' title="bbox 1086 641 1872 680">
     <span class='ocr_line' id='line_1_71' title="bbox 1086 641 1872 680; baseline -0.006 -9"><span class='ocrx_word' id='word_1_513' title='bbox 1086 645 1150 679; x_wconf 77' lang='grc' dir='ltr'>ἡμῖν</span> <span class='ocrx_word' id='word_1_514' title='bbox 1173 645 1221 680; x_wconf 82' lang='grc' dir='ltr'><strong>μὲν</strong></span> <span class='ocrx_word' id='word_1_515' title='bbox 1238 644 1410 678; x_wconf 79' lang='grc' dir='ltr'>αὐτεξούσιὸς</span> <span class='ocrx_word' id='word_1_516' title='bbox 1425 645 1497 670; x_wconf 76' lang='grc' dir='ltr'>ἐστιν</span> <span class='ocrx_word' id='word_1_517' title='bbox 1520 645 1536 679; x_wconf 89' lang='grc' dir='ltr'><strong>ἡ</strong></span> <span class='ocrx_word' id='word_1_518' title='bbox 1558 643 1631 678; x_wconf 75' lang='grc' dir='ltr'>ψυχὴ</span> <span class='ocrx_word' id='word_1_519' title='bbox 1648 643 1694 669; x_wconf 68' lang='grc' dir='ltr'><strong>καὶ</strong></span> <span class='ocrx_word' id='word_1_520' title='bbox 1711 641 1872 672; x_wconf 73' lang='grc' dir='ltr'>ἀδέσποτος,</span> 
     </span>
    </p>
   </div>
   <div class='ocr_carea' id='block_1_72' title="bbox 1086 685 1874 726">
    <p class='ocr_par' dir='ltr' id='par_1_72' title="bbox 1086 685 1874 726">
     <span class='ocr_line' id='line_1_72' title="bbox 1086 685 1874 726; baseline -0.008 -9"><span class='ocrx_word' id='word_1_521' title='bbox 1086 690 1321 726; x_wconf 78' lang='grc' dir='ltr'><strong>αὐτοκρατορικῶς</strong></span> <span class='ocrx_word' id='word_1_522' title='bbox 1337 690 1483 725; x_wconf 75' lang='grc' dir='ltr'><strong>αἱρουμένη</strong></span> <span class='ocrx_word' id='word_1_523' title='bbox 1500 689 1559 716; x_wconf 79' lang='grc' dir='ltr'>κατ’</span> <span class='ocrx_word' id='word_1_524' title='bbox 1576 688 1698 720; x_wconf 76' lang='grc' dir='ltr'><strong>ἐξουσίαν</strong></span> <span class='ocrx_word' id='word_1_525' title='bbox 1711 687 1740 713; x_wconf 80' lang='grc' dir='ltr'>τδ</span> <span class='ocrx_word' id='word_1_526' title='bbox 1753 685 1874 712; x_wconf 83' lang='grc' dir='ltr'>καταθύ-</span> 
     </span>
    </p>
   </div>
   <div class='ocr_carea' id='block_1_73' title="bbox 1089 732 1876 771">
    <p class='ocr_par' dir='ltr' id='par_1_73' title="bbox 1089 732 1876 771">
     <span class='ocr_line' id='line_1_73' title="bbox 1089 732 1876 771; baseline 0.004 -9"><span class='ocrx_word' id='word_1_527' title='bbox 1089 744 1164 771; x_wconf 87' lang='grc' dir='ltr'>μιον·</span> <span class='ocrx_word' id='word_1_528' title='bbox 1183 737 1197 762; x_wconf 84' lang='grc' dir='ltr'>ὁ</span> <span class='ocrx_word' id='word_1_529' title='bbox 1213 735 1242 761; x_wconf 84' lang='grc' dir='ltr'><strong>δὲ</strong></span> <span class='ocrx_word' id='word_1_530' title='bbox 1269 736 1373 771; x_wconf 80' lang='grc' dir='ltr'>ἀνάγκη</span> <span class='ocrx_word' id='word_1_531' title='bbox 1388 735 1494 770; x_wconf 79' lang='grc' dir='ltr'>φύσεως</span> <span class='ocrx_word' id='word_1_532' title='bbox 1518 733 1718 769; x_wconf 77' lang='grc' dir='ltr'>ὑπεζευγμένος</span> <span class='ocrx_word' id='word_1_533' title='bbox 1729 753 1736 763; x_wconf 78' lang='grc' dir='ltr'><strong>ι</strong></span> <span class='ocrx_word' id='word_1_534' title='bbox 1767 732 1876 766; x_wconf 61' lang='grc' dir='ltr'>ἐνεργεῖ</span> 
     </span>
    </p>
   </div>
   <div class='ocr_carea' id='block_1_74' title="bbox 1087 776 1876 816">
    <p class='ocr_par' dir='ltr' id='par_1_74' title="bbox 1087 776 1876 816">
     <span class='ocr_line' id='line_1_74' title="bbox 1087 776 1876 816; baseline -0.006 -9"><span class='ocrx_word' id='word_1_535' title='bbox 1087 781 1131 807; x_wconf 81' lang='grc' dir='ltr'><strong>διὰ</strong></span> <span class='ocrx_word' id='word_1_536' title='bbox 1157 780 1274 813; x_wconf 75' lang='grc' dir='ltr'>παντὸς,</span> <span class='ocrx_word' id='word_1_537' title='bbox 1293 781 1391 816; x_wconf 79' lang='grc' dir='ltr'>μᾶλλον</span> <span class='ocrx_word' id='word_1_538' title='bbox 1412 781 1439 807; x_wconf 85' lang='grc' dir='ltr'><strong>δὲ</strong></span> <span class='ocrx_word' id='word_1_539' title='bbox 1464 781 1562 815; x_wconf 76' lang='grc' dir='ltr'>πάσχει</span> <span class='ocrx_word' id='word_1_540' title='bbox 1586 779 1633 815; x_wconf 83' lang='grc' dir='ltr'><strong>τὴν</strong></span> <span class='ocrx_word' id='word_1_541' title='bbox 1652 778 1793 813; x_wconf 84' lang='grc' dir='ltr'>ὑπακοήν·</span> <span class='ocrx_word' id='word_1_542' title='bbox 1815 776 1876 803; x_wconf 72' lang='grc' dir='ltr'>οὐδὲ</span> 
     </span>
    </p>
   </div>
   <div class='ocr_carea' id='block_1_75' title="bbox 1088 822 1876 862">
    <p class='ocr_par' dir='ltr' id='par_1_75' title="bbox 1088 822 1876 862">
     <span class='ocr_line' id='line_1_75' title="bbox 1088 822 1876 862; baseline -0.003 -10"><span class='ocrx_word' id='word_1_543' title='bbox 1088 827 1112 852; x_wconf 85' lang='grc' dir='ltr'><strong>εί</strong></span> <span class='ocrx_word' id='word_1_544' title='bbox 1130 826 1167 862; x_wconf 84' lang='grc' dir='ltr'><strong>μὴ</strong></span> <span class='ocrx_word' id='word_1_545' title='bbox 1193 826 1312 861; x_wconf 75' lang='grc' dir='ltr'>βούλοιτο</span> <span class='ocrx_word' id='word_1_546' title='bbox 1337 826 1415 852; x_wconf 77' lang='grc' dir='ltr'>τοῦτο</span> <span class='ocrx_word' id='word_1_547' title='bbox 1439 827 1524 852; x_wconf 80' lang='grc' dir='ltr'>ποιεῖν</span> <span class='ocrx_word' id='word_1_548' title='bbox 1544 824 1736 860; x_wconf 78' lang='grc' dir='ltr'><strong>συγχωρούσης</strong></span> <span class='ocrx_word' id='word_1_549' title='bbox 1756 823 1807 858; x_wconf 73' lang='grc' dir='ltr'>τῆς</span> <span class='ocrx_word' id='word_1_550' title='bbox 1824 822 1876 856; x_wconf 75' lang='grc' dir='ltr'><strong>φύ-</strong></span> 
     </span>
    </p>
   </div>
   <div class='ocr_carea' id='block_1_76' title="bbox 1091 863 1875 907">
    <p class='ocr_par' dir='ltr' id='par_1_76' title="bbox 1091 863 1875 907">
     <span class='ocr_line' id='line_1_76' title="bbox 1091 863 1875 907; baseline -0.005 -9"><span class='ocrx_word' id='word_1_551' title='bbox 1091 863 1167 904; x_wconf 68' lang='grc' dir='ltr'>σεώς.</span> <span class='ocrx_word' id='word_1_552' title='bbox 1188 873 1234 899; x_wconf 82' lang='grc' dir='ltr'>Ἐκ</span> <span class='ocrx_word' id='word_1_553' title='bbox 1255 873 1307 907; x_wconf 80' lang='grc' dir='ltr'>γὰρ</span> <span class='ocrx_word' id='word_1_554' title='bbox 1321 872 1367 899; x_wconf 78' lang='grc' dir='ltr'>τοῦ</span> <span class='ocrx_word' id='word_1_555' title='bbox 1384 872 1446 903; x_wconf 73' lang='grc' dir='ltr'>Υἱὸς</span> <span class='ocrx_word' id='word_1_556' title='bbox 1461 869 1587 898; x_wconf 72' lang='grc' dir='ltr'>εἶναικαὶ</span> <span class='ocrx_word' id='word_1_557' title='bbox 1600 870 1763 905; x_wconf 80' lang='grc' dir='ltr'>γεγενῆσθαι</span> <span class='ocrx_word' id='word_1_558' title='bbox 1778 869 1875 900; x_wconf 73' lang='grc' dir='ltr'>οὕτως,</span> 
     </span>
    </p>
   </div>
   <div class='ocr_carea' id='block_1_77' title="bbox 1090 913 1873 953">
    <p class='ocr_par' dir='ltr' id='par_1_77' title="bbox 1090 913 1873 953">
     <span class='ocr_line' id='line_1_77' title="bbox 1090 913 1873 953; baseline -0.006 -10"><span class='ocrx_word' id='word_1_559' title='bbox 1090 918 1208 953; x_wconf 81' lang='grc' dir='ltr'>ὑπήκοος</span> <span class='ocrx_word' id='word_1_560' title='bbox 1228 917 1337 951; x_wconf 73' lang='grc' dir='ltr'>γέγονεν</span> <span class='ocrx_word' id='word_1_561' title='bbox 1351 918 1380 943; x_wconf 81' lang='grc' dir='ltr'><strong>ὲν</strong></span> <span class='ocrx_word' id='word_1_562' title='bbox 1395 916 1493 950; x_wconf 74' lang='grc' dir='ltr'>λόγοις.</span> <span class='ocrx_word' id='word_1_563' title='bbox 1514 916 1561 942; x_wconf 70' lang='grc' dir='ltr'><strong>καὶ</strong></span> <span class='ocrx_word' id='word_1_564' title='bbox 1578 916 1695 949; x_wconf 79' lang='grc' dir='ltr'>ὑπήκοος</span> <span class='ocrx_word' id='word_1_565' title='bbox 1718 914 1746 940; x_wconf 80' lang='grc' dir='ltr'>ὲν</span> <span class='ocrx_word' id='word_1_566' title='bbox 1772 913 1873 948; x_wconf 72' lang='grc' dir='ltr'>ἔργοις.</span> 
     </span>
    </p>
   </div>
   <div class='ocr_carea' id='block_1_78' title="bbox 1092 960 1876 999">
    <p class='ocr_par' dir='ltr' id='par_1_78' title="bbox 1092 960 1876 999">
     <span class='ocr_line' id='line_1_78' title="bbox 1092 960 1876 999; baseline -0.006 -9"><span class='ocrx_word' id='word_1_567' title='bbox 1092 965 1123 990; x_wconf 90' lang='grc' dir='ltr'><strong>Ὢ</strong></span> <span class='ocrx_word' id='word_1_568' title='bbox 1144 964 1192 999; x_wconf 80' lang='grc' dir='ltr'>τῆς</span> <span class='ocrx_word' id='word_1_569' title='bbox 1213 963 1389 998; x_wconf 74' lang='grc' dir='ltr'>ἀναισθησίας</span> <span class='ocrx_word' id='word_1_570' title='bbox 1405 963 1451 989; x_wconf 81' lang='grc' dir='ltr'>τοῦ</span> <span class='ocrx_word' id='word_1_571' title='bbox 1475 962 1730 997; x_wconf 71' lang='grc' dir='ltr'>δόγματοςῐΛὸγοις</span> <span class='ocrx_word' id='word_1_572' title='bbox 1755 960 1876 995; x_wconf 78' lang='grc' dir='ltr'>ὑπήκοον</span> 
     </span>
    </p>
   </div>
   <div class='ocr_carea' id='block_1_79' title="bbox 1089 1003 1876 1042">
    <p class='ocr_par' dir='ltr' id='par_1_79' title="bbox 1089 1003 1876 1042">
     <span class='ocr_line' id='line_1_79' title="bbox 1089 1003 1876 1042; baseline -0.009 -7"><span class='ocrx_word' id='word_1_573' title='bbox 1089 1009 1133 1035; x_wconf 74' lang='grc' dir='ltr'><strong>τὸν</strong></span> <span class='ocrx_word' id='word_1_574' title='bbox 1157 1009 1242 1042; x_wconf 82' lang='grc' dir='ltr'>Λόγον</span> <span class='ocrx_word' id='word_1_575' title='bbox 1253 1009 1338 1039; x_wconf 79' lang='grc' dir='ltr'>ποιεῖς</span> <span class='ocrx_word' id='word_1_576' title='bbox 1350 1027 1357 1038; x_wconf 86' lang='grc'>,</span> <span class='ocrx_word' id='word_1_577' title='bbox 1381 1008 1427 1034; x_wconf 69' lang='grc' dir='ltr'>καὶ</span> <span class='ocrx_word' id='word_1_578' title='bbox 1445 1007 1612 1042; x_wconf 75' lang='grc' dir='ltr'>προεπινοεῖς</span> <span class='ocrx_word' id='word_1_579' title='bbox 1627 1004 1673 1031; x_wconf 82' lang='grc' dir='ltr'><strong>τοῦ</strong></span> <span class='ocrx_word' id='word_1_580' title='bbox 1697 1005 1773 1035; x_wconf 77' lang='grc' dir='ltr'>ὖντος</span> <span class='ocrx_word' id='word_1_581' title='bbox 1788 1003 1876 1036; x_wconf 79' lang='grc' dir='ltr'>Λόγου</span> 
     </span>
    </p>
   </div>
   <div class='ocr_carea' id='block_1_80' title="bbox 1087 1048 1877 1088">
    <p class='ocr_par' dir='ltr' id='par_1_80' title="bbox 1087 1048 1877 1088">
     <span class='ocr_line' id='line_1_80' title="bbox 1087 1048 1877 1088; baseline -0.006 -9"><span class='ocrx_word' id='word_1_582' title='bbox 1087 1052 1189 1086; x_wconf 75' lang='grc' dir='ltr'>Λόγους</span> <span class='ocrx_word' id='word_1_583' title='bbox 1202 1051 1321 1088; x_wconf 79' lang='grc' dir='ltr'>ἐτέρους·</span> <span class='ocrx_word' id='word_1_584' title='bbox 1339 1053 1385 1079; x_wconf 74' lang='grc' dir='ltr'><strong>καὶ</strong></span> <span class='ocrx_word' id='word_1_585' title='bbox 1399 1051 1533 1088; x_wconf 79' lang='grc' dir='ltr'>μεσιτεύει</span> <span class='ocrx_word' id='word_1_586' title='bbox 1554 1050 1600 1078; x_wconf 75' lang='grc' dir='ltr'>τοῦ</span> <span class='ocrx_word' id='word_1_587' title='bbox 1616 1051 1645 1076; x_wconf 83' lang='grc' dir='ltr'>ὲν</span> <span class='ocrx_word' id='word_1_588' title='bbox 1660 1052 1692 1086; x_wconf 85' lang='grc' dir='ltr'>τῇ</span> <span class='ocrx_word' id='word_1_589' title='bbox 1715 1051 1786 1085; x_wconf 81' lang='grc' dir='ltr'>ἀρχῇ</span> <span class='ocrx_word' id='word_1_590' title='bbox 1801 1048 1877 1079; x_wconf 70' lang='grc' dir='ltr'>ὄντος</span> 
     </span>
    </p>
   </div>
   <div class='ocr_carea' id='block_1_81' title="bbox 1089 1093 1876 1134">
    <p class='ocr_par' dir='ltr' id='par_1_81' title="bbox 1089 1093 1876 1134">
     <span class='ocr_line' id='line_1_81' title="bbox 1089 1093 1876 1134; baseline -0.009 -9"><span class='ocrx_word' id='word_1_591' title='bbox 1089 1099 1175 1133; x_wconf 83' lang='grc' dir='ltr'>Λόγου</span> <span class='ocrx_word' id='word_1_592' title='bbox 1203 1098 1295 1134; x_wconf 81' lang='grc' dir='ltr'>ἔτερος</span> <span class='ocrx_word' id='word_1_593' title='bbox 1318 1098 1403 1131; x_wconf 80' lang='grc' dir='ltr'>Λόγος</span> <span class='ocrx_word' id='word_1_594' title='bbox 1425 1098 1474 1132; x_wconf 77' lang='grc' dir='ltr'>τῆς</span> <span class='ocrx_word' id='word_1_595' title='bbox 1502 1097 1588 1132; x_wconf 76' lang='grc' dir='ltr'>ἀρχῆς</span> <span class='ocrx_word' id='word_1_596' title='bbox 1614 1096 1682 1131; x_wconf 71' lang='grc' dir='ltr'>πρὸς</span> <span class='ocrx_word' id='word_1_597' title='bbox 1709 1094 1792 1121; x_wconf 78' lang='grc' dir='ltr'>αὑτὸν</span> <span class='ocrx_word' id='word_1_598' title='bbox 1818 1093 1876 1119; x_wconf 86' lang='grc' dir='ltr'>δια-</span> 
     </span>
    </p>
   </div>
   <div class='ocr_carea' id='block_1_82' title="bbox 1069 1137 1878 1180">
    <p class='ocr_par' dir='ltr' id='par_1_82' title="bbox 1069 1137 1878 1180">
     <span class='ocr_line' id='line_1_82' title="bbox 1069 1137 1878 1180; baseline -0.01 -8"><span class='ocrx_word' id='word_1_599' title='bbox 1069 1144 1250 1180; x_wconf 71' lang='grc' dir='ltr'>·περθμεύων</span> <span class='ocrx_word' id='word_1_600' title='bbox 1267 1144 1296 1170; x_wconf 82' lang='grc' dir='ltr'><strong>τὸ</strong></span> <span class='ocrx_word' id='word_1_601' title='bbox 1324 1143 1461 1178; x_wconf 80' lang='grc' dir='ltr'>βούλημα.</span> <span class='ocrx_word' id='word_1_602' title='bbox 1491 1144 1545 1170; x_wconf 69' lang='grc' dir='ltr'><strong>Καὶ</strong></span> <span class='ocrx_word' id='word_1_603' title='bbox 1560 1142 1608 1177; x_wconf 82' lang='grc' dir='ltr'>οὐχ</span> <span class='ocrx_word' id='word_1_604' title='bbox 1631 1139 1671 1172; x_wconf 73' lang='grc' dir='ltr'>εἷς</span> <span class='ocrx_word' id='word_1_605' title='bbox 1693 1137 1788 1172; x_wconf 72' lang='grc' dir='ltr'>οὗτος,</span> <span class='ocrx_word' id='word_1_606' title='bbox 1809 1138 1878 1166; x_wconf 72' lang='grc' dir='ltr'>ἀλλὰ</span> 
     </span>
    </p>
   </div>
   <div class='ocr_carea' id='block_1_83' title="bbox 1089 1184 1878 1222">
    <p class='ocr_par' dir='ltr' id='par_1_83' title="bbox 1089 1184 1878 1222">
     <span class='ocr_line' id='line_1_83' title="bbox 1089 1184 1878 1222; baseline -0.008 -6"><span class='ocrx_word' id='word_1_607' title='bbox 1089 1190 1136 1216; x_wconf 73' lang='grc' dir='ltr'>καὶ</span> <span class='ocrx_word' id='word_1_608' title='bbox 1159 1186 1289 1220; x_wconf 60' lang='grc' dir='ltr'>πλείονές</span> <span class='ocrx_word' id='word_1_609' title='bbox 1305 1188 1357 1214; x_wconf 84' lang='grc' dir='ltr'>εἰσί</span> <span class='ocrx_word' id='word_1_610' title='bbox 1385 1196 1456 1219; x_wconf 86' lang='grc' dir='ltr'>τινες</span> <span class='ocrx_word' id='word_1_611' title='bbox 1476 1187 1577 1222; x_wconf 77' lang='grc' dir='ltr'>Λόγοι,</span> <span class='ocrx_word' id='word_1_612' title='bbox 1604 1187 1628 1213; x_wconf 81' lang='grc' dir='ltr'>οι</span> <span class='ocrx_word' id='word_1_613' title='bbox 1653 1186 1697 1212; x_wconf 77' lang='grc' dir='ltr'><strong>διὰ</strong></span> <span class='ocrx_word' id='word_1_614' title='bbox 1723 1185 1810 1220; x_wconf 80' lang='grc' dir='ltr'><strong>μέσου</strong></span> <span class='ocrx_word' id='word_1_615' title='bbox 1829 1184 1878 1218; x_wconf 80' lang='grc' dir='ltr'>τῆς</span> 
     </span>
    </p>
   </div>
   <div class='ocr_carea' id='block_1_84' title="bbox 1089 1231 1877 1270">
    <p class='ocr_par' dir='ltr' id='par_1_84' title="bbox 1089 1231 1877 1270">
     <span class='ocr_line' id='line_1_84' title="bbox 1089 1231 1877 1270; baseline -0.009 -9"><span class='ocrx_word' id='word_1_616' title='bbox 1089 1235 1175 1270; x_wconf 82' lang='grc' dir='ltr'>ἀρχῆς</span> <span class='ocrx_word' id='word_1_617' title='bbox 1209 1234 1256 1260; x_wconf 75' lang='grc' dir='ltr'><strong>καὶ</strong></span> <span class='ocrx_word' id='word_1_618' title='bbox 1271 1233 1317 1260; x_wconf 81' lang='grc' dir='ltr'>τοῦ</span> <span class='ocrx_word' id='word_1_619' title='bbox 1330 1233 1417 1267; x_wconf 80' lang='grc' dir='ltr'>Λόγου</span> <span class='ocrx_word' id='word_1_620' title='bbox 1445 1232 1519 1268; x_wconf 75' lang='grc' dir='ltr'>παρὰ</span> <span class='ocrx_word' id='word_1_621' title='bbox 1533 1231 1579 1259; x_wconf 83' lang='grc' dir='ltr'>τοῦ</span> <span class='ocrx_word' id='word_1_622' title='bbox 1598 1231 1729 1266; x_wconf 81' lang='grc' dir='ltr'>Εὑνομίου</span> <span class='ocrx_word' id='word_1_623' title='bbox 1746 1236 1877 1265; x_wconf 80' lang='grc' dir='ltr'>παρενει-</span> 
     </span>
    </p>
   </div>
   <div class='ocr_carea' id='block_1_85' title="bbox 1091 1277 1876 1316">
    <p class='ocr_par' dir='ltr' id='par_1_85' title="bbox 1091 1277 1876 1316">
     <span class='ocr_line' id='line_1_85' title="bbox 1091 1277 1876 1316; baseline -0.004 -10"><span class='ocrx_word' id='word_1_624' title='bbox 1091 1280 1217 1316; x_wconf 83' lang='grc' dir='ltr'>ρόμενοι,</span> <span class='ocrx_word' id='word_1_625' title='bbox 1237 1279 1284 1305; x_wconf 65' lang='grc' dir='ltr'>καὶ</span> <span class='ocrx_word' id='word_1_626' title='bbox 1311 1279 1376 1314; x_wconf 79' lang='grc' dir='ltr'>πρὸς</span> <span class='ocrx_word' id='word_1_627' title='bbox 1403 1278 1433 1304; x_wconf 73' lang='grc' dir='ltr'>τὸ</span> <span class='ocrx_word' id='word_1_628' title='bbox 1460 1278 1554 1304; x_wconf 75' lang='grc' dir='ltr'>δοκοῦν</span> <span class='ocrx_word' id='word_1_629' title='bbox 1581 1278 1671 1309; x_wconf 77' lang='grc' dir='ltr'>αὐτοῖς</span> <span class='ocrx_word' id='word_1_630' title='bbox 1702 1278 1735 1312; x_wconf 80' lang='grc' dir='ltr'><strong>τῇ</strong></span> <span class='ocrx_word' id='word_1_631' title='bbox 1767 1277 1876 1312; x_wconf 77' lang='grc' dir='ltr'>ὑπακοῇ</span> 
     </span>
    </p>
   </div>
   <div class='ocr_carea' id='block_1_86' title="bbox 1090 1323 1877 1360">
    <p class='ocr_par' dir='ltr' id='par_1_86' title="bbox 1090 1323 1877 1360">
     <span class='ocr_line' id='line_1_86' title="bbox 1090 1323 1877 1360; baseline -0.004 -8"><span class='ocrx_word' id='word_1_632' title='bbox 1090 1325 1171 1352; x_wconf 78' lang='grc' dir='ltr'>αὑτοῦ</span> <span class='ocrx_word' id='word_1_633' title='bbox 1187 1323 1402 1360; x_wconf 79' lang='grc' dir='ltr'>καταχρώμενοι.</span> <span class='ocrx_word' id='word_1_634' title='bbox 1425 1323 1505 1350; x_wconf 77' lang='grc' dir='ltr'>Ἀλλὰ</span> <span class='ocrx_word' id='word_1_635' title='bbox 1528 1323 1554 1350; x_wconf 92' lang='grc' dir='ltr'><strong>τί</strong></span> <span class='ocrx_word' id='word_1_636' title='bbox 1580 1323 1632 1359; x_wconf 82' lang='grc' dir='ltr'><strong>χρὴ</strong></span> <span class='ocrx_word' id='word_1_637' title='bbox 1657 1325 1691 1358; x_wconf 86' lang='grc' dir='ltr'>τῇ</span> <span class='ocrx_word' id='word_1_638' title='bbox 1715 1323 1877 1358; x_wconf 70' lang='grc' dir='ltr'>ματαιότητι</span> 
     </span>
    </p>
   </div>
   <div class='ocr_carea' id='block_1_87' title="bbox 1089 1368 1876 1405">
    <p class='ocr_par' dir='ltr' id='par_1_87' title="bbox 1089 1368 1876 1405">
     <span class='ocr_line' id='line_1_87' title="bbox 1089 1368 1876 1405; baseline -0.005 -7"><span class='ocrx_word' id='word_1_639' title='bbox 1089 1371 1142 1398; x_wconf 84' lang='grc' dir='ltr'><strong>τῶν</strong></span> <span class='ocrx_word' id='word_1_640' title='bbox 1156 1370 1308 1405; x_wconf 76' lang='grc' dir='ltr'>λεγομένων</span> <span class='ocrx_word' id='word_1_641' title='bbox 1322 1370 1516 1405; x_wconf 77' lang='grc' dir='ltr'>ὲνδιατρίΰειν;</span> <span class='ocrx_word' id='word_1_642' title='bbox 1533 1370 1617 1395; x_wconf 76' lang='grc' dir='ltr'>Παντὶ</span> <span class='ocrx_word' id='word_1_643' title='bbox 1632 1369 1685 1404; x_wconf 72' lang='grc' dir='ltr'>γὰρ</span> <span class='ocrx_word' id='word_1_644' title='bbox 1700 1368 1780 1403; x_wconf 69' lang='grc' dir='ltr'>δῆλον</span> <span class='ocrx_word' id='word_1_645' title='bbox 1793 1369 1876 1399; x_wconf 73' lang='grc' dir='ltr'>ἐστιν,</span> 
     </span>
    </p>
   </div>
   <div class='ocr_carea' id='block_1_88' title="bbox 1089 1414 1880 1449">
    <p class='ocr_par' dir='ltr' id='par_1_88' title="bbox 1089 1414 1880 1449">
     <span class='ocr_line' id='line_1_88' title="bbox 1089 1414 1880 1449; baseline -0.005 -5"><span class='ocrx_word' id='word_1_646' title='bbox 1089 1417 1128 1444; x_wconf 74' lang='grc' dir='ltr'><strong>ὅτι</strong></span> <span class='ocrx_word' id='word_1_647' title='bbox 1147 1417 1193 1444; x_wconf 71' lang='grc' dir='ltr'>καὶ</span> <span class='ocrx_word' id='word_1_648' title='bbox 1217 1418 1260 1443; x_wconf 79' lang='grc' dir='ltr'>ὅτε</span> <span class='ocrx_word' id='word_1_649' title='bbox 1281 1417 1294 1442; x_wconf 85' lang='grc' dir='ltr'>ὁ</span> <span class='ocrx_word' id='word_1_650' title='bbox 1318 1416 1421 1448; x_wconf 78' lang='grc' dir='ltr'><strong>Παῦλος</strong></span> <span class='ocrx_word' id='word_1_651' title='bbox 1441 1414 1517 1442; x_wconf 74' lang='grc' dir='ltr'>εἶπεν</span> <span class='ocrx_word' id='word_1_652' title='bbox 1541 1415 1620 1442; x_wconf 69' lang='grc' dir='ltr'>αὑτὸν</span> <span class='ocrx_word' id='word_1_653' title='bbox 1636 1414 1803 1449; x_wconf 74' lang='grc' dir='ltr'>γεγενῆσθαι</span> <span class='ocrx_word' id='word_1_654' title='bbox 1832 1415 1880 1440; x_wconf 81' lang='grc' dir='ltr'><strong>ὑπ-</strong></span> 
     </span>
    </p>
   </div>
   <div class='ocr_carea' id='block_1_89' title="bbox 1090 1460 1879 1498">
    <p class='ocr_par' dir='ltr' id='par_1_89' title="bbox 1090 1460 1879 1498">
     <span class='ocr_line' id='line_1_89' title="bbox 1090 1460 1879 1498; baseline -0.004 -9"><span class='ocrx_word' id='word_1_655' title='bbox 1090 1464 1181 1498; x_wconf 71' lang='grc' dir='ltr'>ήκοον,</span> <span class='ocrx_word' id='word_1_656' title='bbox 1197 1460 1255 1489; x_wconf 82' lang='grc' dir='ltr'>εἶπε</span> <span class='ocrx_word' id='word_1_657' title='bbox 1273 1463 1300 1488; x_wconf 84' lang='grc' dir='ltr'><strong>δὲ</strong></span> <span class='ocrx_word' id='word_1_658' title='bbox 1324 1462 1409 1493; x_wconf 66' lang='grc' dir='ltr'>οὕτως</span> <span class='ocrx_word' id='word_1_659' title='bbox 1429 1461 1509 1488; x_wconf 64' lang='grc' dir='ltr'>αὐτὴν</span> <span class='ocrx_word' id='word_1_660' title='bbox 1523 1460 1684 1496; x_wconf 79' lang='grc' dir='ltr'>γεγενῆσθαι</span> <span class='ocrx_word' id='word_1_661' title='bbox 1699 1481 1705 1492; x_wconf 92' lang='grc'>,</span> <span class='ocrx_word' id='word_1_662' title='bbox 1725 1461 1818 1495; x_wconf 72' lang='grc' dir='ltr'>σάρκα</span> <span class='ocrx_word' id='word_1_663' title='bbox 1834 1460 1879 1486; x_wconf 77' lang='grc' dir='ltr'><strong>καὶ</strong></span> 
     </span>
    </p>
   </div>
   <div class='ocr_carea' id='block_1_90' title="bbox 1090 1505 1879 1542">
    <p class='ocr_par' dir='ltr' id='par_1_90' title="bbox 1090 1505 1879 1542">
     <span class='ocr_line' id='line_1_90' title="bbox 1090 1505 1879 1542; baseline -0.005 -8"><span class='ocrx_word' id='word_1_664' title='bbox 1090 1508 1191 1539; x_wconf 79' lang='grc' dir='ltr'>δοῦλον,</span> <span class='ocrx_word' id='word_1_665' title='bbox 1208 1507 1256 1534; x_wconf 74' lang='grc' dir='ltr'>καὶ</span> <span class='ocrx_word' id='word_1_666' title='bbox 1269 1507 1390 1542; x_wconf 80' lang='grc' dir='ltr'>κατάραν</span> <span class='ocrx_word' id='word_1_667' title='bbox 1408 1506 1454 1532; x_wconf 81' lang='grc' dir='ltr'>καὶ</span> <span class='ocrx_word' id='word_1_668' title='bbox 1472 1506 1607 1541; x_wconf 79' lang='grc' dir='ltr'>ἁμαρτίαν</span> <span class='ocrx_word' id='word_1_669' title='bbox 1621 1505 1652 1531; x_wconf 86' lang='grc' dir='ltr'>δι’</span> <span class='ocrx_word' id='word_1_670' title='bbox 1673 1506 1747 1540; x_wconf 73' lang='grc' dir='ltr'>ἡμᾶς</span> <span class='ocrx_word' id='word_1_671' title='bbox 1763 1506 1879 1540; x_wconf 75' lang='grc' dir='ltr'>γενόμε-</span> 
     </span>
    </p>
   </div>
   <div class='ocr_carea' id='block_1_91' title="bbox 1054 1551 1879 1595">
    <p class='ocr_par' dir='ltr' id='par_1_91' title="bbox 1054 1551 1879 1595">
     <span class='ocr_line' id='line_1_91' title="bbox 1054 1551 1879 1595; baseline -0.004 -15"><span class='ocrx_word' id='word_1_672' title='bbox 1054 1564 1077 1595; x_wconf 80' lang='lat' dir='ltr'><strong>c</strong></span> <span class='ocrx_word' id='word_1_673' title='bbox 1091 1562 1150 1586; x_wconf 79' lang='grc' dir='ltr'>νον,</span> <span class='ocrx_word' id='word_1_674' title='bbox 1171 1553 1230 1580; x_wconf 77' lang='grc' dir='ltr'><strong>οὐδὲ</strong></span> <span class='ocrx_word' id='word_1_675' title='bbox 1245 1553 1305 1579; x_wconf 75' lang='grc' dir='ltr'>τότε</span> <span class='ocrx_word' id='word_1_676' title='bbox 1331 1554 1345 1580; x_wconf 82' lang='grc' dir='ltr'>ὁ</span> <span class='ocrx_word' id='word_1_677' title='bbox 1363 1552 1463 1588; x_wconf 77' lang='grc' dir='ltr'>Κύριος</span> <span class='ocrx_word' id='word_1_678' title='bbox 1479 1552 1526 1587; x_wconf 81' lang='grc' dir='ltr'>τῆς</span> <span class='ocrx_word' id='word_1_679' title='bbox 1543 1552 1635 1587; x_wconf 79' lang='grc' dir='ltr'>δόξης,</span> <span class='ocrx_word' id='word_1_680' title='bbox 1652 1553 1666 1577; x_wconf 85' lang='grc' dir='ltr'>ὁ</span> <span class='ocrx_word' id='word_1_681' title='bbox 1681 1551 1731 1586; x_wconf 79' lang='grc' dir='ltr'>τῆς</span> <span class='ocrx_word' id='word_1_682' title='bbox 1747 1553 1879 1586; x_wconf 75' lang='grc' dir='ltr'>αἰσχύνης</span> 
     </span>
    </p>
   </div>
   <div class='ocr_carea' id='block_1_92' title="bbox 1093 1596 1880 1634">
    <p class='ocr_par' dir='ltr' id='par_1_92' title="bbox 1093 1596 1880 1634">
     <span class='ocr_line' id='line_1_92' title="bbox 1093 1596 1880 1634; baseline -0.005 -8"><span class='ocrx_word' id='word_1_683' title='bbox 1093 1599 1315 1634; x_wconf 68' lang='grc' dir='ltr'>καταφρονήσας,</span> <span class='ocrx_word' id='word_1_684' title='bbox 1332 1598 1378 1624; x_wconf 72' lang='grc' dir='ltr'>καὶ</span> <span class='ocrx_word' id='word_1_685' title='bbox 1400 1599 1433 1633; x_wconf 82' lang='grc' dir='ltr'>τῇ</span> <span class='ocrx_word' id='word_1_686' title='bbox 1451 1598 1533 1632; x_wconf 75' lang='grc' dir='ltr'>σαρκὶ</span> <span class='ocrx_word' id='word_1_687' title='bbox 1557 1597 1585 1623; x_wconf 66' lang='grc' dir='ltr'><strong>το</strong></span> <span class='ocrx_word' id='word_1_688' title='bbox 1611 1596 1695 1628; x_wconf 79' lang='grc' dir='ltr'>πάθος</span> <span class='ocrx_word' id='word_1_689' title='bbox 1712 1596 1880 1632; x_wconf 79' lang='grc' dir='ltr'>ἀναδεξάμε-</span> 
     </span>
    </p>
   </div>
   <div class='ocr_carea' id='block_1_93' title="bbox 1092 1641 1879 1679">
    <p class='ocr_par' dir='ltr' id='par_1_93' title="bbox 1092 1641 1879 1679">
     <span class='ocr_line' id='line_1_93' title="bbox 1092 1641 1879 1679; baseline -0.005 -8"><span class='ocrx_word' id='word_1_690' title='bbox 1092 1653 1151 1676; x_wconf 74' lang='grc' dir='ltr'>νος,</span> <span class='ocrx_word' id='word_1_691' title='bbox 1167 1644 1215 1679; x_wconf 81' lang='grc' dir='ltr'>τῆς</span> <span class='ocrx_word' id='word_1_692' title='bbox 1244 1643 1403 1677; x_wconf 82' lang='grc' dir='ltr'>αὐθεντικῆς</span> <span class='ocrx_word' id='word_1_693' title='bbox 1429 1642 1553 1675; x_wconf 77' lang='grc' dir='ltr'>ἐξουσίας</span> <span class='ocrx_word' id='word_1_694' title='bbox 1581 1641 1675 1668; x_wconf 76' lang='grc' dir='ltr'>ἑαυτὸν</span> <span class='ocrx_word' id='word_1_695' title='bbox 1701 1641 1879 1677; x_wconf 71' lang='grc' dir='ltr'>ἠλλοτρίωσε,</span> 
     </span>
    </p>
   </div>
   <div class='ocr_carea' id='block_1_94' title="bbox 1091 1686 1882 1723">
    <p class='ocr_par' dir='ltr' id='par_1_94' title="bbox 1091 1686 1882 1723">
     <span class='ocr_line' id='line_1_94' title="bbox 1091 1686 1882 1723; baseline -0.005 -7"><span class='ocrx_word' id='word_1_696' title='bbox 1091 1689 1196 1723; x_wconf 79' lang='grc' dir='ltr'>λέγων,</span> <span class='ocrx_word' id='word_1_697' title='bbox 1213 1689 1330 1715; x_wconf 82' lang='grc' dir='ltr'>Λύσατε</span> <span class='ocrx_word' id='word_1_698' title='bbox 1346 1687 1399 1714; x_wconf 85' lang='grc' dir='ltr'><strong>τὸν</strong></span> <span class='ocrx_word' id='word_1_699' title='bbox 1417 1687 1493 1714; x_wconf 69' lang='grc' dir='ltr'>ναὸν</span> <span class='ocrx_word' id='word_1_700' title='bbox 1513 1686 1636 1719; x_wconf 82' lang='grc' dir='ltr'>τοῦτον,</span> <span class='ocrx_word' id='word_1_701' title='bbox 1657 1686 1706 1712; x_wconf 75' lang='grc' dir='ltr'>καὶ</span> <span class='ocrx_word' id='word_1_702' title='bbox 1730 1687 1766 1712; x_wconf 73' lang='grc' dir='ltr'><strong>ἐν</strong></span> <span class='ocrx_word' id='word_1_703' title='bbox 1780 1687 1882 1720; x_wconf 76' lang='grc' dir='ltr'>τρισὶν</span> 
     </span>
    </p>
   </div>
   <div class='ocr_carea' id='block_1_95' title="bbox 1092 1731 1881 1770">
    <p class='ocr_par' dir='ltr' id='par_1_95' title="bbox 1092 1731 1881 1770">
     <span class='ocr_line' id='line_1_95' title="bbox 1092 1731 1881 1770; baseline -0.006 -8"><span class='ocrx_word' id='word_1_704' title='bbox 1092 1735 1214 1770; x_wconf 61' lang='grc' dir='ltr'>ἡμέραις</span> <span class='ocrx_word' id='word_1_705' title='bbox 1229 1733 1318 1768; x_wconf 68' lang='grc' dir='ltr'>ἐγερῶ</span> <span class='ocrx_word' id='word_1_706' title='bbox 1330 1733 1430 1760; x_wconf 70' lang='grc' dir='ltr'><strong>αὐτόν.</strong></span> <span class='ocrx_word' id='word_1_707' title='bbox 1445 1733 1499 1758; x_wconf 73' lang='grc' dir='ltr'>Καὶ</span> <span class='ocrx_word' id='word_1_708' title='bbox 1515 1732 1606 1765; x_wconf 77' lang='grc' dir='ltr'>πάλιν,</span> <span class='ocrx_word' id='word_1_709' title='bbox 1618 1731 1722 1764; x_wconf 77' lang='grc' dir='ltr'><strong>Οὐδεὶς</strong></span> <span class='ocrx_word' id='word_1_710' title='bbox 1733 1732 1811 1765; x_wconf 72' lang='grc' dir='ltr'>αἴρει</span> <span class='ocrx_word' id='word_1_711' title='bbox 1824 1731 1881 1763; x_wconf 79' lang='grc' dir='ltr'><strong>τὴν</strong></span> 
     </span>
    </p>
   </div>
   <div class='ocr_carea' id='block_1_96' title="bbox 1091 1776 1878 1816">
    <p class='ocr_par' dir='ltr' id='par_1_96' title="bbox 1091 1776 1878 1816">
     <span class='ocr_line' id='line_1_96' title="bbox 1091 1776 1878 1816; baseline -0.008 -8"><span class='ocrx_word' id='word_1_712' title='bbox 1091 1780 1197 1816; x_wconf 64' lang='grc' dir='ltr'>ψυχήν</span> <span class='ocrx_word' id='word_1_713' title='bbox 1205 1788 1263 1814; x_wconf 74' lang='grc' dir='ltr'><strong>μου</strong></span> <span class='ocrx_word' id='word_1_714' title='bbox 1277 1779 1326 1806; x_wconf 69' lang='grc' dir='ltr'><strong>ἀπ’</strong></span> <span class='ocrx_word' id='word_1_715' title='bbox 1337 1778 1423 1813; x_wconf 78' lang='grc' dir='ltr'><strong>ἐμοῦ·</strong></span> <span class='ocrx_word' id='word_1_716' title='bbox 1434 1778 1578 1810; x_wconf 71' lang='grc' dir='ltr'>ἐξουσίαν</span> <span class='ocrx_word' id='word_1_717' title='bbox 1590 1778 1649 1812; x_wconf 74' lang='grc' dir='ltr'><strong>ἔχω</strong></span> <span class='ocrx_word' id='word_1_718' title='bbox 1663 1777 1756 1803; x_wconf 80' lang='grc' dir='ltr'><strong>θεῖναι</strong></span> <span class='ocrx_word' id='word_1_719' title='bbox 1769 1776 1878 1809; x_wconf 76' lang='grc' dir='ltr'>αὐτὴν,</span> 
     </span>
    </p>
   </div>
   <div class='ocr_carea' id='block_1_97' title="bbox 1092 1822 1880 1858">
    <p class='ocr_par' dir='ltr' id='par_1_97' title="bbox 1092 1822 1880 1858">
     <span class='ocr_line' id='line_1_97' title="bbox 1092 1822 1880 1858; baseline -0.008 -5"><span class='ocrx_word' id='word_1_720' title='bbox 1092 1826 1140 1853; x_wconf 75' lang='grc' dir='ltr'>καὶ</span> <span class='ocrx_word' id='word_1_721' title='bbox 1159 1825 1304 1857; x_wconf 75' lang='grc' dir='ltr'>ἐξουσίαν</span> <span class='ocrx_word' id='word_1_722' title='bbox 1318 1823 1375 1858; x_wconf 78' lang='grc' dir='ltr'><strong>ἔχω</strong></span> <span class='ocrx_word' id='word_1_723' title='bbox 1397 1823 1490 1850; x_wconf 73' lang='grc' dir='ltr'><em>πάλιν</em></span> <span class='ocrx_word' id='word_1_724' title='bbox 1505 1822 1608 1849; x_wconf 71' lang='grc' dir='ltr'><strong>λαϐεῖν</strong></span> <span class='ocrx_word' id='word_1_725' title='bbox 1627 1823 1735 1856; x_wconf 77' lang='grc' dir='ltr'><strong>αὑτήν.</strong></span> <span class='ocrx_word' id='word_1_726' title='bbox 1760 1822 1818 1848; x_wconf 69' lang='grc' dir='ltr'>Καὶ</span> <span class='ocrx_word' id='word_1_727' title='bbox 1838 1822 1880 1848; x_wconf 79' lang='grc' dir='ltr'>ὅτε</span> 
     </span>
    </p>
   </div>
   <div class='ocr_carea' id='block_1_98' title="bbox 1093 1867 1878 1907">
    <p class='ocr_par' dir='ltr' id='par_1_98' title="bbox 1093 1867 1878 1907">
     <span class='ocr_line' id='line_1_98' title="bbox 1093 1867 1878 1907; baseline -0.006 -9"><span class='ocrx_word' id='word_1_728' title='bbox 1093 1872 1278 1907; x_wconf 82' lang='grc' dir='ltr'>προσήγγισαν</span> <span class='ocrx_word' id='word_1_729' title='bbox 1297 1868 1371 1904; x_wconf 71' lang='grc' dir='ltr'>αὐτῷ</span> <span class='ocrx_word' id='word_1_730' title='bbox 1385 1869 1455 1895; x_wconf 77' lang='grc' dir='ltr'>κατὰ</span> <span class='ocrx_word' id='word_1_731' title='bbox 1469 1869 1518 1904; x_wconf 71' lang='grc' dir='ltr'>τὴν</span> <span class='ocrx_word' id='word_1_732' title='bbox 1538 1868 1590 1904; x_wconf 81' lang='grc' dir='ltr'>πρὸ</span> <span class='ocrx_word' id='word_1_733' title='bbox 1601 1867 1648 1894; x_wconf 69' lang='grc' dir='ltr'>τοῦ</span> <span class='ocrx_word' id='word_1_734' title='bbox 1662 1867 1766 1899; x_wconf 79' lang='grc' dir='ltr'>πάθους</span> <span class='ocrx_word' id='word_1_735' title='bbox 1782 1868 1878 1899; x_wconf 82' lang='grc' dir='ltr'>νύκτα,</span> 
     </span>
    </p>
   </div>
   <div class='ocr_carea' id='block_1_99' title="bbox 1093 1913 1880 1952">
    <p class='ocr_par' dir='ltr' id='par_1_99' title="bbox 1093 1913 1880 1952">
     <span class='ocr_line' id='line_1_99' title="bbox 1093 1913 1880 1952; baseline -0.006 -8"><span class='ocrx_word' id='word_1_736' title='bbox 1093 1918 1117 1944; x_wconf 83' lang='grc' dir='ltr'><strong>οἱ</strong></span> <span class='ocrx_word' id='word_1_737' title='bbox 1131 1917 1168 1952; x_wconf 81' lang='grc' dir='ltr'>τῷ</span> <span class='ocrx_word' id='word_1_738' title='bbox 1182 1916 1281 1952; x_wconf 66' lang='grc' dir='ltr'>σιδήρῳ</span> <span class='ocrx_word' id='word_1_739' title='bbox 1294 1915 1339 1942; x_wconf 74' lang='grc' dir='ltr'>καὶ</span> <span class='ocrx_word' id='word_1_740' title='bbox 1355 1916 1410 1945; x_wconf 87' lang='grc' dir='ltr'>τοῖς</span> <span class='ocrx_word' id='word_1_741' title='bbox 1425 1914 1512 1947; x_wconf 80' lang='grc' dir='ltr'>ξύλοις</span> <span class='ocrx_word' id='word_1_742' title='bbox 1529 1913 1760 1948; x_wconf 76' lang='grc' dir='ltr'>καθωπλισμένοι,</span> <span class='ocrx_word' id='word_1_743' title='bbox 1778 1914 1880 1944; x_wconf 81' lang='grc' dir='ltr'>πάντας</span> 
     </span>
    </p>
   </div>
   <div class='ocr_carea' id='block_1_100' title="bbox 1092 1959 1880 1995">
    <p class='ocr_par' dir='ltr' id='par_1_100' title="bbox 1092 1959 1880 1995">
     <span class='ocr_line' id='line_1_100' title="bbox 1092 1959 1880 1995; baseline -0.006 -5"><span class='ocrx_word' id='word_1_744' title='bbox 1092 1963 1190 1994; x_wconf 80' lang='grc' dir='ltr'>αὐτοὺς</span> <span class='ocrx_word' id='word_1_745' title='bbox 1203 1963 1242 1994; x_wconf 77' lang='grc' dir='ltr'>εἰς</span> <span class='ocrx_word' id='word_1_746' title='bbox 1257 1962 1287 1988; x_wconf 78' lang='grc' dir='ltr'>τὸ</span> <span class='ocrx_word' id='word_1_747' title='bbox 1303 1960 1418 1988; x_wconf 86' lang='grc' dir='ltr'>κατόπιν</span> <span class='ocrx_word' id='word_1_748' title='bbox 1440 1960 1569 1995; x_wconf 73' lang='grc' dir='ltr'>ἀνέτρεψε</span> <span class='ocrx_word' id='word_1_749' title='bbox 1590 1960 1633 1986; x_wconf 72' lang='grc' dir='ltr'><strong>διὰ</strong></span> <span class='ocrx_word' id='word_1_750' title='bbox 1649 1959 1697 1985; x_wconf 81' lang='grc' dir='ltr'>τοῦ</span> <span class='ocrx_word' id='word_1_751' title='bbox 1716 1960 1806 1986; x_wconf 73' lang='grc' dir='ltr'>εἰπεῖν</span> <span class='ocrx_word' id='word_1_752' title='bbox 1817 1980 1823 1992; x_wconf 90' lang='grc'><strong>,</strong></span> <span class='ocrx_word' id='word_1_753' title='bbox 1842 1960 1880 1986; x_wconf 72' lang='grc' dir='ltr'>ὅτι</span> 
     </span>
    </p>
   </div>
   <div class='ocr_carea' id='block_1_101' title="bbox 1093 2004 1879 2043">
    <p class='ocr_par' dir='ltr' id='par_1_101' title="bbox 1093 2004 1879 2043">
     <span class='ocr_line' id='line_1_101' title="bbox 1093 2004 1879 2043; baseline -0.004 -8"><span class='ocrx_word' id='word_1_754' title='bbox 1093 2009 1167 2043; x_wconf 76' lang='grc' dir='ltr'><strong>Ἐγώ</strong></span> <span class='ocrx_word' id='word_1_755' title='bbox 1185 2009 1241 2042; x_wconf 79' lang='grc' dir='ltr'>ειμι</span> <span class='ocrx_word' id='word_1_756' title='bbox 1256 2013 1264 2022; x_wconf 82' lang='grc'><strong><em>⁸</em></strong></span> <span class='ocrx_word' id='word_1_757' title='bbox 1277 2007 1323 2033; x_wconf 79' lang='grc' dir='ltr'>καὶ</span> <span class='ocrx_word' id='word_1_758' title='bbox 1339 2005 1417 2033; x_wconf 80' lang='grc' dir='ltr'>πάλιν</span> <span class='ocrx_word' id='word_1_759' title='bbox 1445 2005 1490 2031; x_wconf 81' lang='grc' dir='ltr'>τοῦ</span> <span class='ocrx_word' id='word_1_760' title='bbox 1515 2004 1612 2040; x_wconf 82' lang='grc' dir='ltr'>λῃστοῦ</span> <span class='ocrx_word' id='word_1_761' title='bbox 1639 2005 1830 2037; x_wconf 65' lang='grc' dir='ltr'>ἱκετεύσαντος</span> <span class='ocrx_word' id='word_1_762' title='bbox 1853 2007 1879 2032; x_wconf 78' lang='grc' dir='ltr'>ἐν</span> 
     </span>
    </p>
   </div>
   <div class='ocr_carea' id='block_1_102' title="bbox 1095 2051 1880 2091">
    <p class='ocr_par' dir='ltr' id='par_1_102' title="bbox 1095 2051 1880 2091">
     <span class='ocr_line' id='line_1_102' title="bbox 1095 2051 1880 2091; baseline 0.001 -13"><span class='ocrx_word' id='word_1_763' title='bbox 1095 2056 1187 2091; x_wconf 72' lang='grc' dir='ltr'>μνήμῃ</span> <span class='ocrx_word' id='word_1_764' title='bbox 1204 2054 1269 2088; x_wconf 72' lang='grc' dir='ltr'>παρ’</span> <span class='ocrx_word' id='word_1_765' title='bbox 1284 2051 1365 2080; x_wconf 77' lang='grc' dir='ltr'>αὑτοῦ</span> <span class='ocrx_word' id='word_1_766' title='bbox 1379 2051 1503 2085; x_wconf 78' lang='grc' dir='ltr'>γενέσθαι</span> <span class='ocrx_word' id='word_1_767' title='bbox 1517 2070 1523 2082; x_wconf 89' lang='grc'><strong>,</strong></span> <span class='ocrx_word' id='word_1_768' title='bbox 1541 2051 1623 2083; x_wconf 78' lang='grc' dir='ltr'>ἔδειξε</span> <span class='ocrx_word' id='word_1_769' title='bbox 1639 2051 1688 2086; x_wconf 84' lang='grc' dir='ltr'><strong>τὴν</strong></span> <span class='ocrx_word' id='word_1_770' title='bbox 1707 2052 1754 2078; x_wconf 73' lang='grc' dir='ltr'><strong>ἐπὶ</strong></span> <span class='ocrx_word' id='word_1_771' title='bbox 1772 2053 1880 2079; x_wconf 75' lang='grc' dir='ltr'>πάντων</span> 
     </span>
    </p>
   </div>
   <div class='ocr_carea' id='block_1_103' title="bbox 1094 2094 1880 2134">
    <p class='ocr_par' dir='ltr' id='par_1_103' title="bbox 1094 2094 1880 2134">
     <span class='ocr_line' id='line_1_103' title="bbox 1094 2094 1880 2134; baseline -0.005 -7"><span class='ocrx_word' id='word_1_772' title='bbox 1094 2100 1215 2134; x_wconf 73' lang='grc' dir='ltr'>ἐξουσίαν</span> <span class='ocrx_word' id='word_1_773' title='bbox 1227 2118 1234 2128; x_wconf 83' lang='grc'>.</span> <span class='ocrx_word' id='word_1_774' title='bbox 1250 2099 1278 2124; x_wconf 75' lang='grc' dir='ltr'>ὲν</span> <span class='ocrx_word' id='word_1_775' title='bbox 1299 2094 1338 2128; x_wconf 75' lang='grc' dir='ltr'>οἷς</span> <span class='ocrx_word' id='word_1_776' title='bbox 1360 2105 1436 2131; x_wconf 73' lang='grc' dir='ltr'>φησι,</span> <span class='ocrx_word' id='word_1_777' title='bbox 1452 2096 1584 2130; x_wconf 80' lang='grc' dir='ltr'><strong>Σήμερον</strong></span> <span class='ocrx_word' id='word_1_778' title='bbox 1600 2097 1662 2130; x_wconf 83' lang='grc' dir='ltr'>μετ’</span> <span class='ocrx_word' id='word_1_779' title='bbox 1677 2097 1751 2130; x_wconf 81' lang='grc' dir='ltr'><strong>ἐμοῦ</strong></span> <span class='ocrx_word' id='word_1_780' title='bbox 1772 2097 1831 2130; x_wconf 80' lang='grc' dir='ltr'><strong>ἔσῃ</strong></span> <span class='ocrx_word' id='word_1_781' title='bbox 1848 2098 1880 2123; x_wconf 69' lang='grc' dir='ltr'><strong>ἐν</strong></span> 
     </span>
    </p>
   </div>
   <div class='ocr_carea' id='block_1_104' title="bbox 1093 2141 1878 2178">
    <p class='ocr_par' dir='ltr' id='par_1_104' title="bbox 1093 2141 1878 2178">
     <span class='ocr_line' id='line_1_104' title="bbox 1093 2141 1878 2178; baseline -0.008 -5"><span class='ocrx_word' id='word_1_782' title='bbox 1093 2146 1132 2178; x_wconf 75' lang='grc' dir='ltr'>τῷ</span> <span class='ocrx_word' id='word_1_783' title='bbox 1159 2143 1338 2178; x_wconf 83' lang='grc' dir='ltr'>παραδείσῳ.</span> <span class='ocrx_word' id='word_1_784' title='bbox 1355 2143 1386 2168; x_wconf 84' lang='lat' dir='ltr'><strong>El</strong></span> <span class='ocrx_word' id='word_1_785' title='bbox 1410 2141 1498 2168; x_wconf 85' lang='grc' dir='ltr'>τοίνυν</span> <span class='ocrx_word' id='word_1_786' title='bbox 1518 2141 1576 2167; x_wconf 78' lang='grc' dir='ltr'>οὐδὲ</span> <span class='ocrx_word' id='word_1_787' title='bbox 1607 2143 1634 2168; x_wconf 81' lang='grc' dir='ltr'>ὲν</span> <span class='ocrx_word' id='word_1_788' title='bbox 1659 2141 1698 2176; x_wconf 83' lang='grc' dir='ltr'>τῷ</span> <span class='ocrx_word' id='word_1_789' title='bbox 1722 2142 1813 2177; x_wconf 79' lang='grc' dir='ltr'>καιρῷ</span> <span class='ocrx_word' id='word_1_790' title='bbox 1835 2142 1878 2168; x_wconf 80' lang='grc' dir='ltr'>τοῦ</span> 
     </span>
    </p>
   </div>
   <div class='ocr_carea' id='block_1_105' title="bbox 1095 2186 1879 2225">
    <p class='ocr_par' dir='ltr' id='par_1_105' title="bbox 1095 2186 1879 2225">
     <span class='ocr_line' id='line_1_105' title="bbox 1095 2186 1879 2225; baseline -0.009 -6"><span class='ocrx_word' id='word_1_791' title='bbox 1095 2192 1196 2222; x_wconf 78' lang='grc' dir='ltr'>πάθους</span> <span class='ocrx_word' id='word_1_792' title='bbox 1210 2190 1259 2225; x_wconf 78' lang='grc' dir='ltr'>τῆς</span> <span class='ocrx_word' id='word_1_793' title='bbox 1278 2188 1400 2222; x_wconf 75' lang='grc' dir='ltr'>ἐξουσίας</span> <span class='ocrx_word' id='word_1_794' title='bbox 1424 2187 1588 2222; x_wconf 77' lang='grc' dir='ltr'>χωρίζεται,</span> <span class='ocrx_word' id='word_1_795' title='bbox 1610 2186 1661 2213; x_wconf 80' lang='grc' dir='ltr'>ποῦ</span> <span class='ocrx_word' id='word_1_796' title='bbox 1675 2195 1741 2212; x_wconf 65' lang='grc' dir='ltr'>ποτε</span> <span class='ocrx_word' id='word_1_797' title='bbox 1755 2187 1849 2221; x_wconf 71' lang='grc' dir='ltr'>βλέπει</span> <span class='ocrx_word' id='word_1_798' title='bbox 1863 2188 1879 2221; x_wconf 78' lang='grc' dir='ltr'>ἡ</span> 
     </span>
    </p>
   </div>
   <div class='ocr_carea' id='block_1_106' title="bbox 1094 2233 1879 2274">
    <p class='ocr_par' dir='ltr' id='par_1_106' title="bbox 1094 2233 1879 2274">
     <span class='ocr_line' id='line_1_106' title="bbox 1094 2233 1879 2274; baseline -0.008 -9"><span class='ocrx_word' id='word_1_799' title='bbox 1094 2240 1198 2274; x_wconf 80' lang='grc' dir='ltr'>αἵρεσις</span> <span class='ocrx_word' id='word_1_800' title='bbox 1218 2235 1265 2262; x_wconf 72' lang='grc' dir='ltr'><strong>τοῦ</strong></span> <span class='ocrx_word' id='word_1_801' title='bbox 1282 2234 1412 2270; x_wconf 80' lang='grc' dir='ltr'>βασιλέως</span> <span class='ocrx_word' id='word_1_802' title='bbox 1425 2234 1475 2268; x_wconf 78' lang='grc' dir='ltr'><strong>τῆς</strong></span> <span class='ocrx_word' id='word_1_803' title='bbox 1493 2233 1571 2268; x_wconf 76' lang='grc' dir='ltr'>δόξης</span> <span class='ocrx_word' id='word_1_804' title='bbox 1587 2233 1616 2259; x_wconf 85' lang='grc' dir='ltr'>τὺ</span> <span class='ocrx_word' id='word_1_805' title='bbox 1634 2233 1814 2266; x_wconf 75' lang='grc' dir='ltr'>ὑπεξούσιονς</span> <span class='ocrx_word' id='word_1_806' title='bbox 1834 2234 1879 2265; x_wconf 81' lang='grc' dir='ltr'>Τίς</span> 
     </span>
    </p>
   </div>
   <div class='ocr_carea' id='block_1_107' title="bbox 1093 2278 1880 2318">
    <p class='ocr_par' dir='ltr' id='par_1_107' title="bbox 1093 2278 1880 2318">
     <span class='ocr_line' id='line_1_107' title="bbox 1093 2278 1880 2318; baseline -0.01 -6"><span class='ocrx_word' id='word_1_807' title='bbox 1093 2285 1120 2312; x_wconf 77' lang='grc' dir='ltr'><strong>δὲ</strong></span> <span class='ocrx_word' id='word_1_808' title='bbox 1134 2283 1179 2310; x_wconf 74' lang='grc' dir='ltr'>καὶ</span> <span class='ocrx_word' id='word_1_809' title='bbox 1201 2283 1217 2318; x_wconf 83' lang='grc' dir='ltr'><strong>ἡ</strong></span> <span class='ocrx_word' id='word_1_810' title='bbox 1236 2281 1403 2316; x_wconf 80' lang='grc' dir='ltr'>πολύτροπος</span> <span class='ocrx_word' id='word_1_811' title='bbox 1417 2278 1486 2313; x_wconf 71' lang='grc' dir='ltr'>αὕτη</span> <span class='ocrx_word' id='word_1_812' title='bbox 1503 2279 1625 2313; x_wconf 79' lang='grc' dir='ltr'>μεσιτεία</span> <span class='ocrx_word' id='word_1_813' title='bbox 1636 2299 1642 2311; x_wconf 84' lang='grc'>,</span> <span class='ocrx_word' id='word_1_814' title='bbox 1668 2280 1702 2314; x_wconf 84' lang='grc' dir='ltr'>ἣν</span> <span class='ocrx_word' id='word_1_815' title='bbox 1725 2280 1880 2314; x_wconf 78' lang='grc' dir='ltr'>ὲπιθρυλλεί</span> 
     </span>
    </p>
   </div>
   <div class='ocr_carea' id='block_1_108' title="bbox 1093 2323 1878 2365">
    <p class='ocr_par' dir='ltr' id='par_1_108' title="bbox 1093 2323 1878 2365">
     <span class='ocr_line' id='line_1_108' title="bbox 1093 2323 1878 2365; baseline -0.006 -9"><span class='ocrx_word' id='word_1_816' title='bbox 1093 2330 1130 2365; x_wconf 74' lang='grc' dir='ltr'>τῷ</span> <span class='ocrx_word' id='word_1_817' title='bbox 1144 2328 1203 2363; x_wconf 80' lang='grc' dir='ltr'>Θεῷ</span> <span class='ocrx_word' id='word_1_818' title='bbox 1215 2348 1221 2360; x_wconf 83' lang='lat'><strong>,</strong></span> <span class='ocrx_word' id='word_1_819' title='bbox 1238 2326 1349 2362; x_wconf 87' lang='grc' dir='ltr'>μεσίτην</span> <span class='ocrx_word' id='word_1_820' title='bbox 1365 2324 1450 2358; x_wconf 81' lang='grc' dir='ltr'>λέγων</span> <span class='ocrx_word' id='word_1_821' title='bbox 1465 2325 1494 2350; x_wconf 79' lang='grc' dir='ltr'><strong>ὲν</strong></span> <span class='ocrx_word' id='word_1_822' title='bbox 1509 2323 1624 2358; x_wconf 72' lang='grc' dir='ltr'>δόγμασι</span> <span class='ocrx_word' id='word_1_823' title='bbox 1635 2344 1642 2356; x_wconf 85' lang='grc'><em>,</em></span> <span class='ocrx_word' id='word_1_824' title='bbox 1662 2324 1776 2360; x_wconf 74' lang='grc' dir='ltr'>μεσίτην</span> <span class='ocrx_word' id='word_1_825' title='bbox 1794 2326 1822 2351; x_wconf 79' lang='grc' dir='ltr'><strong>ὲν</strong></span> <span class='ocrx_word' id='word_1_826' title='bbox 1838 2325 1878 2351; x_wconf 75' lang='grc' dir='ltr'><strong>νό-</strong></span> 
     </span>
    </p>
   </div>
   <div class='ocr_carea' id='block_1_109' title="bbox 1095 2369 1879 2411">
    <p class='ocr_par' dir='ltr' id='par_1_109' title="bbox 1095 2369 1879 2411">
     <span class='ocr_line' id='line_1_109' title="bbox 1095 2369 1879 2411; baseline 0.001 -15"><span class='ocrx_word' id='word_1_827' title='bbox 1095 2384 1153 2411; x_wconf 60' lang='grc' dir='ltr'>μῳς</span> <span class='ocrx_word' id='word_1_828' title='bbox 1178 2374 1215 2400; x_wconf 76' lang='grc' dir='ltr'><strong>οὐ</strong></span> <span class='ocrx_word' id='word_1_829' title='bbox 1243 2370 1329 2398; x_wconf 79' lang='grc' dir='ltr'>ταῦτα</span> <span class='ocrx_word' id='word_1_830' title='bbox 1357 2369 1431 2405; x_wconf 78' lang='grc' dir='ltr'>παρὰ</span> <span class='ocrx_word' id='word_1_831' title='bbox 1451 2369 1500 2404; x_wconf 78' lang='grc' dir='ltr'>τῆς</span> <span class='ocrx_word' id='word_1_832' title='bbox 1521 2369 1624 2404; x_wconf 78' lang='grc' dir='ltr'>ὑψηλῆς</span> <span class='ocrx_word' id='word_1_833' title='bbox 1648 2369 1695 2396; x_wconf 73' lang='grc' dir='ltr'><strong>τοῦ</strong></span> <span class='ocrx_word' id='word_1_834' title='bbox 1718 2370 1879 2397; x_wconf 78' lang='grc' dir='ltr'>Ἀποστόλου</span> 
     </span>
    </p>
   </div>
   <div class='ocr_carea' id='block_1_110' title="bbox 1094 2417 1880 2456">
    <p class='ocr_par' dir='ltr' id='par_1_110' title="bbox 1094 2417 1880 2456">
     <span class='ocr_line' id='line_1_110' title="bbox 1094 2417 1880 2456; baseline -0.006 -8"><span class='ocrx_word' id='word_1_835' title='bbox 1094 2422 1184 2456; x_wconf 81' lang='grc' dir='ltr'>φωνῆς</span> <span class='ocrx_word' id='word_1_836' title='bbox 1207 2418 1423 2454; x_wconf 73' lang='grc' dir='ltr'>ἐπαιδεύθημεν·</span> <span class='ocrx_word' id='word_1_837' title='bbox 1442 2419 1470 2448; x_wconf 78' lang='grc' dir='ltr'>ὃς</span> <span class='ocrx_word' id='word_1_838' title='bbox 1488 2426 1569 2452; x_wconf 74' lang='grc' dir='ltr'>φησιν</span> <span class='ocrx_word' id='word_1_839' title='bbox 1582 2437 1589 2449; x_wconf 83' lang='grc'><em>,</em></span> <span class='ocrx_word' id='word_1_840' title='bbox 1608 2417 1648 2443; x_wconf 78' lang='grc' dir='ltr'>ὅτι</span> <span class='ocrx_word' id='word_1_841' title='bbox 1663 2418 1708 2443; x_wconf 85' lang='grc' dir='ltr'><strong>τὸν</strong></span> <span class='ocrx_word' id='word_1_842' title='bbox 1731 2417 1816 2452; x_wconf 78' lang='grc' dir='ltr'>νόμον</span> <span class='ocrx_word' id='word_1_843' title='bbox 1829 2419 1880 2444; x_wconf 79' lang='grc' dir='ltr'>τῶν</span> 
     </span>
    </p>
   </div>
   <div class='ocr_carea' id='block_1_111' title="bbox 1095 2461 1881 2500">
    <p class='ocr_par' dir='ltr' id='par_1_111' title="bbox 1095 2461 1881 2500">
     <span class='ocr_line' id='line_1_111' title="bbox 1095 2461 1881 2500; baseline -0.006 -6"><span class='ocrx_word' id='word_1_844' title='bbox 1095 2466 1207 2495; x_wconf 82' lang='grc' dir='ltr'>ἐντολῶν</span> <span class='ocrx_word' id='word_1_845' title='bbox 1227 2465 1404 2500; x_wconf 80' lang='grc' dir='ltr'>καταργήσας</span> <span class='ocrx_word' id='word_1_846' title='bbox 1429 2465 1483 2495; x_wconf 85' lang='grc' dir='ltr'>τοῖς</span> <span class='ocrx_word' id='word_1_847' title='bbox 1501 2463 1596 2489; x_wconf 76' lang='grc' dir='ltr'>ἑαυτοῦ</span> <span class='ocrx_word' id='word_1_848' title='bbox 1626 2463 1758 2497; x_wconf 77' lang='grc' dir='ltr'>δόγμασιν</span> <span class='ocrx_word' id='word_1_849' title='bbox 1771 2484 1778 2496; x_wconf 87' lang='grc'><em>,</em></span> <span class='ocrx_word' id='word_1_850' title='bbox 1807 2461 1881 2494; x_wconf 76' lang='grc' dir='ltr'>οὗτός</span> 
     </span>
    </p>
   </div>
   <div class='ocr_carea' id='block_1_112' title="bbox 1095 2506 1881 2545">
    <p class='ocr_par' dir='ltr' id='par_1_112' title="bbox 1095 2506 1881 2545">
     <span class='ocr_line' id='line_1_112' title="bbox 1095 2506 1881 2545; baseline -0.008 -5"><span class='ocrx_word' id='word_1_851' title='bbox 1095 2513 1194 2539; x_wconf 62' lang='lat' dir='ltr'><strong>tame</strong></span> <span class='ocrx_word' id='word_1_852' title='bbox 1210 2510 1321 2545; x_wconf 81' lang='grc' dir='ltr'>μεσίτης</span> <span class='ocrx_word' id='word_1_853' title='bbox 1335 2507 1401 2534; x_wconf 83' lang='grc' dir='ltr'>Θεοῦ</span> <span class='ocrx_word' id='word_1_854' title='bbox 1424 2507 1470 2533; x_wconf 77' lang='grc' dir='ltr'>καὶ</span> <span class='ocrx_word' id='word_1_855' title='bbox 1498 2506 1658 2542; x_wconf 84' lang='grc' dir='ltr'>ἀνθρώπων.</span> <span class='ocrx_word' id='word_1_856' title='bbox 1683 2506 1778 2534; x_wconf 83' lang='grc' dir='ltr'>Εἰπὼν</span> <span class='ocrx_word' id='word_1_857' title='bbox 1806 2508 1881 2534; x_wconf 80' lang='grc' dir='ltr'>τοῦτο</span> 
     </span>
    </p>
   </div>
   <div class='ocr_carea' id='block_1_113' title="bbox 1095 2551 1881 2594">
    <p class='ocr_par' dir='ltr' id='par_1_113' title="bbox 1095 2551 1881 2594">
     <span class='ocr_line' id='line_1_113' title="bbox 1095 2551 1881 2594; baseline -0.004 -11"><span class='ocrx_word' id='word_1_858' title='bbox 1095 2560 1124 2587; x_wconf 75' lang='grc' dir='ltr'><strong>τὸ</strong></span> <span class='ocrx_word' id='word_1_859' title='bbox 1142 2559 1215 2594; x_wconf 77' lang='grc' dir='ltr'>ῥῆμα</span> <span class='ocrx_word' id='word_1_860' title='bbox 1227 2576 1234 2588; x_wconf 87' lang='lat'><strong>,</strong></span> <span class='ocrx_word' id='word_1_861' title='bbox 1249 2557 1289 2583; x_wconf 80' lang='grc' dir='ltr'><strong>ὅτι</strong></span> <span class='ocrx_word' id='word_1_862' title='bbox 1307 2552 1353 2585; x_wconf 79' lang='grc' dir='ltr'><strong>Εἷς</strong></span> <span class='ocrx_word' id='word_1_863' title='bbox 1366 2553 1446 2586; x_wconf 80' lang='grc' dir='ltr'>Θεὸς,</span> <span class='ocrx_word' id='word_1_864' title='bbox 1473 2553 1520 2579; x_wconf 74' lang='grc' dir='ltr'><strong>καὶ</strong></span> <span class='ocrx_word' id='word_1_865' title='bbox 1544 2551 1584 2585; x_wconf 76' lang='grc' dir='ltr'>εἷς</span> <span class='ocrx_word' id='word_1_866' title='bbox 1611 2553 1725 2588; x_wconf 80' lang='grc' dir='ltr'>μεσίτης</span> <span class='ocrx_word' id='word_1_867' title='bbox 1744 2554 1814 2581; x_wconf 79' lang='grc' dir='ltr'>θεοῦ</span> <span class='ocrx_word' id='word_1_868' title='bbox 1837 2554 1881 2580; x_wconf 75' lang='grc' dir='ltr'>καὶ</span> 
     </span>
    </p>
   </div>
   <div class='ocr_carea' id='block_1_114' title="bbox 1095 2597 1881 2638">
    <p class='ocr_par' dir='ltr' id='par_1_114' title="bbox 1095 2597 1881 2638">
     <span class='ocr_line' id='line_1_114' title="bbox 1095 2597 1881 2638; baseline -0.004 -10"><span class='ocrx_word' id='word_1_869' title='bbox 1095 2601 1263 2638; x_wconf 83' lang='grc' dir='ltr'>ἀνθρώπων,</span> <span class='ocrx_word' id='word_1_870' title='bbox 1286 2597 1426 2632; x_wconf 80' lang='grc' dir='ltr'>ἅνθρωπος</span> <span class='ocrx_word' id='word_1_871' title='bbox 1450 2597 1564 2632; x_wconf 70' lang='grc' dir='ltr'>Χριστος</span> <span class='ocrx_word' id='word_1_872' title='bbox 1588 2598 1710 2633; x_wconf 73' lang='grc' dir='ltr'>Ἰησοῦς·</span> <span class='ocrx_word' id='word_1_873' title='bbox 1736 2598 1799 2626; x_wconf 77' lang='grc' dir='ltr'>ὅλον</span> <span class='ocrx_word' id='word_1_874' title='bbox 1817 2600 1881 2634; x_wconf 78' lang='grc' dir='ltr'>ἡμῖν</span> 
     </span>
    </p>
   </div>
   <div class='ocr_carea' id='block_1_115' title="bbox 1096 2642 1880 2679">
    <p class='ocr_par' dir='ltr' id='par_1_115' title="bbox 1096 2642 1880 2679">
     <span class='ocr_line' id='line_1_115' title="bbox 1096 2642 1880 2679; baseline -0.004 -5"><span class='ocrx_word' id='word_1_875' title='bbox 1096 2646 1211 2675; x_wconf 74' lang='grc' dir='ltr'>ἐνταῦθα</span> <span class='ocrx_word' id='word_1_876' title='bbox 1221 2645 1266 2672; x_wconf 79' lang='grc' dir='ltr'><strong>τὸν</strong></span> <span class='ocrx_word' id='word_1_877' title='bbox 1290 2642 1390 2670; x_wconf 63' lang='grc' dir='ltr'>σκοπὸν</span> <span class='ocrx_word' id='word_1_878' title='bbox 1403 2642 1448 2668; x_wconf 85' lang='grc' dir='ltr'>τοῦ</span> <span class='ocrx_word' id='word_1_879' title='bbox 1468 2643 1617 2678; x_wconf 81' lang='grc' dir='ltr'>μυστηρίου</span> <span class='ocrx_word' id='word_1_880' title='bbox 1641 2643 1685 2670; x_wconf 76' lang='grc' dir='ltr'><strong>διὰ.</strong></span> <span class='ocrx_word' id='word_1_881' title='bbox 1703 2644 1755 2679; x_wconf 81' lang='grc' dir='ltr'>τῆς</span> <span class='ocrx_word' id='word_1_882' title='bbox 1769 2645 1818 2671; x_wconf 86' lang='grc' dir='ltr'><strong>τοῦ</strong></span> <span class='ocrx_word' id='word_1_883' title='bbox 1835 2653 1880 2679; x_wconf 61' lang='grc' dir='ltr'><strong>με⁵</strong></span> 
     </span>
    </p>
   </div>
   <div class='ocr_carea' id='block_1_116' title="bbox 1096 2687 1880 2723">
    <p class='ocr_par' dir='ltr' id='par_1_116' title="bbox 1096 2687 1880 2723">
     <span class='ocr_line' id='line_1_116' title="bbox 1096 2687 1880 2723; baseline -0.004 -3"><span class='ocrx_word' id='word_1_884' title='bbox 1096 2694 1168 2720; x_wconf 79' lang='grc' dir='ltr'>σίτου</span> <span class='ocrx_word' id='word_1_885' title='bbox 1194 2691 1292 2722; x_wconf 78' lang='grc' dir='ltr'>λέξεως</span> <span class='ocrx_word' id='word_1_886' title='bbox 1311 2687 1443 2714; x_wconf 75' lang='grc' dir='ltr'>διαλαϐὼν</span> <span class='ocrx_word' id='word_1_887' title='bbox 1458 2709 1464 2720; x_wconf 84' lang='lat'><strong>,</strong></span> <span class='ocrx_word' id='word_1_888' title='bbox 1485 2688 1658 2723; x_wconf 70' lang='grc' dir='ltr'>ἀπεκάλυψεν</span> <span class='ocrx_word' id='word_1_889' title='bbox 1670 2697 1676 2704; x_wconf 89' lang='grc'><strong>·</strong></span> <span class='ocrx_word' id='word_1_890' title='bbox 1702 2690 1717 2716; x_wconf 84' lang='grc' dir='ltr'><strong>ὁ</strong></span> <span class='ocrx_word' id='word_1_891' title='bbox 1739 2689 1767 2716; x_wconf 79' lang='grc' dir='ltr'>δὲ</span> <span class='ocrx_word' id='word_1_892' title='bbox 1784 2690 1880 2720; x_wconf 74' lang='grc' dir='ltr'>σκοπὸς</span> 
     </span>
    </p>
   </div>
   <div class='ocr_carea' id='block_1_117' title="bbox 1095 2732 1879 2770">
    <p class='ocr_par' dir='ltr' id='par_1_117' title="bbox 1095 2732 1879 2770">
     <span class='ocr_line' id='line_1_117' title="bbox 1095 2732 1879 2770; baseline -0.006 -4"><span class='ocrx_word' id='word_1_893' title='bbox 1095 2736 1170 2770; x_wconf 72' lang='grc' dir='ltr'>οὗτός</span> <span class='ocrx_word' id='word_1_894' title='bbox 1187 2738 1276 2763; x_wconf 82' lang='grc' dir='ltr'>ἐστιν·</span> <span class='ocrx_word' id='word_1_895' title='bbox 1292 2733 1397 2767; x_wconf 80' lang='grc' dir='ltr'>ἀπέστη</span> <span class='ocrx_word' id='word_1_896' title='bbox 1420 2732 1462 2759; x_wconf 79' lang='grc' dir='ltr'>διὰ</span> <span class='ocrx_word' id='word_1_897' title='bbox 1484 2733 1533 2768; x_wconf 83' lang='grc' dir='ltr'>τῆς</span> <span class='ocrx_word' id='word_1_898' title='bbox 1546 2733 1592 2760; x_wconf 81' lang='grc' dir='ltr'>τοῦ</span> <span class='ocrx_word' id='word_1_899' title='bbox 1625 2734 1818 2769; x_wconf 76' lang='grc' dir='ltr'>ἀντικειμένου</span> <span class='ocrx_word' id='word_1_900' title='bbox 1833 2743 1879 2761; x_wconf 81' lang='grc' dir='ltr'>κα-</span> 
     </span>
    </p>
   </div>
   <div class='ocr_carea' id='block_1_118' title="bbox 1095 2778 1879 2816">
    <p class='ocr_par' dir='ltr' id='par_1_118' title="bbox 1095 2778 1879 2816">
     <span class='ocr_line' id='line_1_118' title="bbox 1095 2778 1879 2816; baseline -0.008 -3"><span class='ocrx_word' id='word_1_901' title='bbox 1095 2786 1156 2816; x_wconf 80' lang='grc' dir='ltr'>κίας</span> <span class='ocrx_word' id='word_1_902' title='bbox 1174 2781 1238 2810; x_wconf 74' lang='grc' dir='ltr'>ποτὲ</span> <span class='ocrx_word' id='word_1_903' title='bbox 1256 2780 1287 2807; x_wconf 69' lang='grc' dir='ltr'>τὸ</span> <span class='ocrx_word' id='word_1_904' title='bbox 1302 2778 1481 2814; x_wconf 81' lang='grc' dir='ltr'>ἀνθρώπινον,</span> <span class='ocrx_word' id='word_1_905' title='bbox 1498 2779 1545 2806; x_wconf 70' lang='grc' dir='ltr'>καὶ</span> <span class='ocrx_word' id='word_1_906' title='bbox 1556 2780 1588 2815; x_wconf 80' lang='grc' dir='ltr'>τῇ</span> <span class='ocrx_word' id='word_1_907' title='bbox 1604 2779 1727 2815; x_wconf 60' lang='grc' dir='ltr'>ἁμαρτία</span> <span class='ocrx_word' id='word_1_908' title='bbox 1739 2780 1879 2813; x_wconf 77' lang='grc' dir='ltr'><strong>δουλωοὲν,</strong></span> 
     </span>
    </p>
   </div>
  </div>
