1957 3079
106 138 157 167 533

663 137 800 166 CONTRA
819 135 1014 167 EUNOMIUM,
1033 135 1096 162 LIB.
1116 134 1147 161 li.

1675 130 1726 158 55,!

104 195 148 223 καὶ
161 194 211 231 τῆς
232 194 317 227 ὅντως
331 195 496 232 ἠλλοτριώθη
513 197 594 232 ζωῆς.
619 197 804 224 Ὰνακαλεῖται
819 194 887 231 μετὰ

942 200 1052 228 scopum
1081 190 1239 219 mediatoris
1260 189 1369 218 nomine
1395 188 1554 224 complexus
1573 187 1724 215 revelavit:

104 241 189 268 ταῦτα
209 241 238 268 τδ
256 241 352 268 ἑαυτοῦ
375 241 486 277 πλάσμα
501 244 515 269 ὁ
530 243 575 270 τοῦ
598 243 753 278 πλάσματος
775 243 886 278 Κύριος,

105 287 151 314 καὶ
170 286 275 321 γίνεται
297 287 437 323 ἄνθρωπος
454 288 522 324 μετὰ
534 289 579 315 τοῦ
598 287 665 316 εἶναι
681 289 745 321 Θεός
757 297 763 304 ·
778 290 888 316 κάκεῖνο

102 331 162 358 ὅλον
174 330 222 364 ὧν,
243 332 290 359 καὶ
303 332 381 359 τοῦτο
393 332 452 359 ὅλον
467 333 612 369 γενόμενος
623 342 630 349 ·
653 334 700 360 καὶ
717 333 801 365 οὕτως
826 341 887 359 συν-

103 375 242 411 ανεκράθη
255 376 314 411 Θεῷ
325 376 355 403 τὸ
366 377 543 412 ἀνθρώπινον,
557 378 603 404 τοῦ
617 377 687 404 κατὰ
701 377 816 413 Χριστὸν
839 378 886 404 ἁν-

103 420 213 457 θρώπου
240 422 289 456 τὴν
320 422 458 457 μεσιτείαν
482 423 678 458 ἐργασαμένου.
707 420 742 458 τῼ
768 423 812 449 διὰ
839 423 888 458 τῆς

102 466 304 501 ἀναληφθείσης
324 468 389 503 ἡμῖν
407 468 510 502 ἀρχῆς,
529 469 590 495 ὅλον
616 470 648 504 τῇ
666 469 777 504 δυνάμει
791 477 888 499 συναντ

102 510 207 546 εκράθη
230 512 261 537 τὸ
283 511 404 546 φύραμα.
427 512 502 538 Ἐπεὶ
527 510 571 539 οὖν
596 513 609 539 ὁ
632 513 744 548 μεσίτης
761 514 818 546 ἐνὸς
838 515 888 541 οὐκ

102 556 186 589 ἔστιν,
201 558 214 583 ό
230 557 258 583 δὲ
273 556 338 588 Θεὸς
354 554 394 589 εἷς
409 558 490 590 ἐστιν,
505 558 581 584 οὐδὲν
596 559 651 590 τοῖς
667 559 820 594 προσώποις
833 561 888 592 τοῖς

101 602 131 628 ὲν
159 603 192 638 τῇ
219 603 308 629 πίστει
325 602 551 638 παραδεδομένοις
577 604 811 639 ὲμμεριζόμενος,
839 606 888 640 μία

102 648 157 683 γὰρ
174 649 191 683 ἡ
210 648 305 683 θεότης
318 650 347 674 ὲν
364 649 449 684 Πατρί
466 657 494 675 τε
518 649 564 675 καὶ
579 649 635 684 Υἱῷ
649 671 655 681 ,
681 650 727 676 καὶ
750 650 888 685 Πνεῦματι

102 694 173 729 ἁγίῳ
189 701 197 709 ⁸
224 693 267 720 διὰ
292 693 369 720 τοῦτο
385 694 487 726 γίνεται
511 695 623 730 μεσίτης
650 695 722 727 ἆπαξ
739 696 752 722 ό
770 695 886 732 Κύριος,

101 739 170 766 Θεοῦ
192 740 237 766 καὶ
261 739 431 774 ἀνθρώπων,
453 741 594 767 συνάπτων
618 740 664 766 τὸν
687 740 827 775 ἄνθρωπον
855 740 888 766 δι’

102 783 201 810 ἑαυτοῦ
221 785 253 818 τῇ
274 784 390 818 θεότητι.
411 784 491 810 ’Λλλά
508 785 553 810 καὶ
570 784 614 811 διὰ
629 784 675 811 τοῦ
694 785 763 811 κατὰ
784 785 828 811 τὸν
845 794 889 820 με-

102 829 180 864 σίτην
196 830 331 864 νοήματος
341 830 369 856 τὸ
382 830 489 862 εὐσεϐὲς
504 830 553 864 τῆς
569 830 684 862 πίστεως
701 830 886 866 ἐδιδάχθημεν

100 876 117 901 ὁ
134 874 188 911 γὰρ
215 876 328 910 μεσίτης
350 875 415 902 Θεοῦ
439 876 487 903 καὶ
505 876 655 911 ἀνθρώπων
670 876 764 912 ὥσπερ
779 877 827 911 τῆς
843 878 889 903 ἀν-

100 920 243 956 Θρωπίνης
258 920 364 956 φύσεως
383 921 431 956 τὴν
455 921 595 948 κοινωνίαν
622 921 745 954 ἐδέξατο.
763 922 792 948 οὺ
814 930 889 957 νομι-

101 966 177 998 σθεὶς
191 967 239 993 ἄνθ
244 975 333 1002 ρωπος
344 988 350 999 ,
361 967 429 994 ἀλλὰ
444 967 560 1001 γεγονὼς
581 967 651 994 κατὰ
665 968 803 1002 ἀλήθειαν,
818 968 888 994 οὕτω

101 1013 150 1039 καὶ
166 1013 291 1048 ἀληθινὸς
307 1013 373 1044 Θεὸς
385 1012 441 1046 ὢν,
465 1013 515 1040 οὑκ
542 1013 686 1049 ἐπωνυμίᾳ
708 1015 887 1050 τετιμημένος

100 1058 177 1084 ἐστὶν
200 1058 281 1094 ψιλῆς
292 1059 340 1094 τῆς
358 1059 498 1094 θεότητος,
514 1058 550 1091 ὼς
565 1060 578 1085 ὀ
590 1059 721 1094 Εὑνόμιος
735 1060 867 1095 βούλεται.

938 240 982 267 hic
998 243 1087 266 autem
1106 244 1206 271 seopus
1225 239 1285 263 est:
1302 235 1450 263 adversarii
1464 234 1567 261 malitia
1588 232 1725 268 quondam

938 286 1085 313 humanum
1103 290 1187 319 genus
1206 290 1220 309 a
1234 281 1288 308 Deo
1313 281 1460 312 defecerat,
1475 283 1502 307 et
1525 282 1639 314 peccato
1667 286 1726 305 ser-

937 333 1035 365 vierat,
1058 335 1085 359 et
1113 337 1128 357 a
1153 336 1216 357 vera
1245 328 1300 355 vita
1327 328 1475 354 alienatum
1506 329 1576 354 erat.
1606 319 1727 352 Revoeat

939 382 1032 414 postea
1049 384 1127 405 suum
1143 376 1313 411 ﬁgmentum,
1328 375 1373 408 qui
1391 373 1511 407 ﬁgmenti
1525 371 1657 398 Dominus
1672 375 1724 401 est,

937 428 964 452 et
987 424 1016 450 ﬁt
1037 423 1119 450 homo
1143 429 1204 448 eum
1227 428 1259 448 eo
1282 419 1327 454 qui
1350 421 1392 446 est
1409 418 1490 448 Deus,
1508 420 1534 444 et
1548 415 1615 443 illud
1638 419 1725 442 totum

938 477 1000 498 eum
1014 460 1097 500 esset,
1111 472 1138 495 et
1153 467 1205 494 hoc
1221 470 1306 494 totum
1331 463 1438 491 factus:
1460 467 1487 490 et
1512 462 1552 489 sic
1578 461 1650 496 quod
1677 461 1727 488 hu-

938 523 1047 544 manum
1059 518 1112 546 est,
1127 521 1188 540 cum
1211 512 1266 539 Deo
1285 513 1465 545 temperatum
1486 511 1539 539 est,
1557 507 1666 535 homine
1680 507 1726 542 qui

938 561 1089 590 secundum
1112 559 1251 587 Christum
1276 560 1330 587 est,
1360 554 1553 582 mediationtIm
1585 558 1724 588 operante.

938 609 988 636 Cui
1011 615 1060 643 per
1080 610 1237 640 assumptas
1251 612 1266 631 a
1284 603 1363 631 nobis
1390 602 1524 637 primitias
1548 604 1604 627 tota
1625 599 1732 626 virtute

938 656 1141 688 contemperata
1155 655 1197 679 est
1214 657 1315 678 massa.
1331 648 1466 682 Quoniam
1490 646 1574 681 igitur
1593 645 1726 672 mediator

938 700 1021 728 unius
1034 707 1087 726 non
1105 702 1156 729 est.
1173 696 1245 724 Deus
1264 699 1354 722 autem
1373 701 1444 720 unus
1455 697 1506 724 est,
1522 699 1612 726 neque
1625 691 1652 716 in
1667 697 1728 724 per-

939 745 1015 773 sonis
1029 745 1056 771 in
1078 743 1129 770 ﬁde
1149 742 1257 769 traditis
1281 741 1309 767 in
1336 745 1426 774 partes
1450 737 1615 764 distributus
1640 742 1646 760 :
1674 741 1726 760 una

938 792 1011 820 enim
1044 789 1130 818 deitas
1155 789 1182 816 in
1211 787 1300 820 Patre,
1325 779 1403 813 Filio.
1430 789 1457 811 et
1484 783 1588 818 Spiritu
1614 784 1728 808 sancto:

940 840 1082 874 propterea
1098 834 1126 862 ﬁt
1147 833 1280 860 mediator
1303 830 1386 859 semel
1405 829 1547 860 Dominus,
1564 826 1611 854 Dei
1634 829 1661 852 et
1680 825 1727 851 ho-

940 870 1054 914 minum,
1067 880 1197 915 eopulans
1216 878 1352 905 hominem
1367 884 1414 911 per
1428 874 1605 909 semetipsum
1623 870 1728 898 deitati.

939 929 1010 962 Quin
1026 927 1107 955 etiam
1125 925 1234 952 notione
1253 930 1300 958 per
1316 922 1493 949 mediatorem
1511 921 1643 953 concepta
1669 915 1729 943 ﬁdei

939 975 1066 1010 pietatem
1075 970 1238 998 didicimus:
1254 968 1387 996 mediator
1397 967 1467 994 enim
1480 966 1525 993 Dei
1537 969 1562 993 et
1575 964 1729 993 hominum,

939 1009 1167 1055 quemadmodum
1204 1015 1333 1042 humanze
1368 1016 1473 1040 natura:
1511 1009 1730 1039 communionem

941 1053 1054 1098 accepit,
1078 1069 1132 1088 non
1155 1063 1268 1095 putatus
1288 1059 1384 1090 homo,
1409 1057 1457 1085 sed
1475 1060 1556 1084 natus
1580 1053 1730 1082 secundum

101 1103 256 1136 veritatem,
271 1104 310 1132 sic
324 1104 404 1132 etiam
418 1111 499 1132 verus
514 1104 584 1134 Deus
598 1109 640 1132 cst
655 1113 708 1132 non
724 1112 905 1142 cognomento
924 1114 1029 1137 tantum
1057 1108 1208 1134 honoratus
1234 1105 1313 1132 nudze
1339 1103 1460 1136 deitatis,
1488 1106 1518 1130 ut
1548 1101 1607 1129 vult
1635 1099 1729 1126 Euno—

100 1159 186 1178 ωιυε.

138 1199 209 1225 Ὅσα
228 1198 257 1225 δὲ
281 1200 338 1231 τοῖς
364 1199 515 1235 εἰρημένοις
537 1200 715 1236 προστίθησι,
734 1202 784 1237 τῆς
806 1203 892 1237 αὐτῆς

101 1246 194 1277 ἀνοίας
207 1246 310 1281 ἔχεται,
328 1246 426 1281 μᾶλλον
441 1246 468 1273 δὲ
484 1246 641 1278 κακονοίας·
661 1248 725 1274 Υίὺν
739 1248 793 1284 γὰρ
809 1249 888 1276 αὑτὸν

101 1292 198 1324 εἰπὼν,
214 1291 243 1317 ὃν
258 1294 287 1318 ὲν
302 1293 358 1324 τοῖς
374 1293 463 1328 μικρῷ
475 1292 590 1328 πρόσθεν
603 1293 766 1328 εἰρημένοις,
782 1294 889 1320 κτιστὸν

102 1336 172 1364 εἶναι
188 1338 281 1372 σαφῶς
294 1338 496 1374 διωρίσατο,καὶ
509 1339 651 1373 Μονογενῆ
660 1339 726 1366 Θεὸν
742 1339 887 1375 ὀνομάσας,

102 1382 131 1408 ὃν
148 1382 218 1416 μετὰ
232 1382 286 1408 τῶν
301 1383 400 1410 λοιπῶν
417 1383 470 1409 τῶν
481 1383 525 1410 διὰ
541 1384 589 1418 τῆς
609 1384 723 1416 κτίσεως
739 1385 888 1419 γεγονότων

103 1427 258 1463 ἠρίθμησεν
280 1447 287 1459 ,
314 1427 419 1463 ὅμοιον
443 1427 504 1454 εἷπε
534 1428 573 1461 τῷ
598 1428 796 1463 γεννήσαντι,
825 1430 888 1456 κατ’

103 1472 259 1506 ἐξαίρετον
273 1473 431 1507 ὁμοιότητα
440 1473 546 1507 μόνον,
563 1473 636 1499 κατὰ
649 1473 705 1507 τὴν
719 1473 888 1503 ἰδιάζουσαν

103 1517 236 1544 ἔννοιαν.
254 1518 313 1553 Χρὴ
328 1518 416 1544 τοίνυν
428 1518 601 1553 διασταλῆναι
614 1518 719 1554 πρῶτον
736 1519 782 1545 τοῦ
796 1520 888 1554 ὁμοίου

103 1563 133 1589 τὸ
157 1563 374 1598 σημαινόμενον,
401 1564 524 1599 ποσαχῶς
549 1564 578 1590 ἐν
599 1566 630 1599 τῇ
660 1566 826 1600 καταχρήσει
841 1566 889 1600 τῆς

975 1200 1040 1233 Qua:
1065 1201 1155 1225 autem
1179 1196 1222 1223 his
1246 1195 1326 1222 dit'lis
1342 1194 1437 1229 adjicit
1456 1193 1579 1221 eamdem
1596 1192 1732 1227 resipiant

940 1244 1097 1276 amentiam,
1111 1242 1152 1269 vel
1169 1242 1259 1278 potius
1279 1239 1498 1268 malevolentiam
1512 1246 1519 1265 :
1535 1238 1633 1265 Filium
1652 1238 1727 1265 eninr

940 1290 1027 1325 ipsutu
1046 1296 1108 1316 cum
1129 1286 1256 1317 dixisset,
1272 1293 1352 1320 quem
1377 1285 1403 1312 in
1422 1284 1465 1311 llis
1487 1291 1547 1318 quae
1568 1283 1648 1318 paulo
1670 1287 1732 1309 ante

940 1336 1012 1362 dicta
1033 1334 1152 1365 fuerunt,
1174 1332 1238 1367 quid
1257 1335 1378 1358 creatum
1396 1337 1457 1358 esse
1479 1333 1573 1364 aperte
1589 1335 1615 1356 et
1628 1328 1732 1356 diserte

941 1379 1132 1408 determinavit
1153 1386 1159 1403 ε
1184 1382 1211 1404 et
1234 1375 1408 1411 Uuigenitum
1439 1375 1524 1402 Deum
1552 1374 1732 1403 nominasset,

941 1434 1021 1462 quem
1042 1432 1104 1451 eum
1126 1422 1240 1457 reliquis
1255 1421 1389 1449 creaturis
1412 1419 1638 1448 eonnumeravih
1659 1420 1734 1446 simi~

942 1472 991 1498 lem
1005 1469 1073 1497 dixit
1087 1468 1199 1504 genitori
1217 1472 1319 1494 tantum.
1339 1465 1499 1500 prmreltenti
1514 1469 1537 1492 et
1552 1464 1647 1491 eximia
1668 1471 1744 1498 qua»

942 1516 1003 1542 dum
1015 1513 1204 1546 similitudine,
1228 1512 1371 1540 secundant
1390 1512 1525 1546 propriam
1539 1516 1563 1537 et
1575 1510 1734 1545 peculiarem

943 1561 1073 1589 notitiam.
1091 1559 1212 1587 Primum
1233 1559 1316 1594 igitur
1335 1558 1434 1585 similis
1451 1556 1616 1592 signiﬁcatio
1634 1555 1734 1582 distin-

104 1607 251 1643 συνηθείας
266 1608 381 1642 λέγεται.
396 1607 452 1635 Εἴθ’
472 1609 558 1641 οὕτως
577 1609 624 1636 ἐπὶ
635 1610 684 1645 τὴν
702 1610 822 1643 ἐξέτασιν
837 1611 890 1637 τῶν

943 1608 1049 1645 guenda
1065 1611 1116 1640 est,
1138 1611 1204 1642 quot
1218 1605 1307 1633 modis
1325 1606 1351 1632 in
1368 1604 1456 1632 abusu
1471 1602 1678 1631 consuetudinis
1693 1601 1734 1628 dt-

105 1653 296 1689 πρωιειμένων
314 1654 409 1681 ἐλθεῖν.
426 1655 536 1690 Πρῶτον
553 1655 601 1690 μὲν
618 1654 671 1690 γὰρ
686 1655 736 1682 ὃσα
752 1655 891 1690 παραψεύ-

102 1699 179 1726 δεται
198 1699 249 1731 τὰς
267 1699 407 1735 αἰσθήσεις
421 1699 510 1735 ἡμῶν,
524 1700 553 1727 οὐ
573 1700 606 1727 τὰ
618 1700 686 1727 αὐτὰ
705 1701 754 1736 μὲν
768 1701 891 1736 ἀλλήλοις

104 1744 181 1776 ὂντα,
199 1744 271 1771 κατὰ
283 1744 332 1779 τὴν
347 1744 436 1778 φύσιν,
453 1745 527 1781 παρὰ
552 1745 580 1771 δέ
603 1753 673 1776 τινος
696 1745 750 1771 τῶν
771 1754 893 1781 παρεπο-

107 1790 196 1826 μένων
217 1791 273 1822 τοῖς
293 1790 481 1825 ὑποκειμένοις
491 1810 498 1822 ,
519 1791 655 1826 σχήματος
671 1790 740 1825 λέγω
756 1791 803 1817 καὶ
819 1790 891 1826 χρώ-

107 1845 191 1871 ματος
215 1837 262 1862 καὶ
287 1837 352 1871 ἤχου
365 1857 371 1868 ,
396 1837 443 1863 καὶ
459 1836 512 1863 τῶν
528 1837 577 1863 ὅσα
592 1836 636 1862 διὰ
651 1836 771 1870 γεύσεώς
790 1845 820 1862 τε
847 1837 893 1863 καὶ

105 1883 268 1918 ὀσφρήσεως
296 1883 343 1910 καὶ
372 1883 442 1918 ἁφῆς
469 1883 515 1910 τὸν
543 1884 745 1919 παραλογισμὸν
775 1884 890 1916 ἐμποιεῖ.

108 1929 194 1956 Ἀλλ-α
215 1930 264 1964 μὲν
274 1929 323 1964 τὴν
334 1929 424 1963 φύσιν,
441 1929 521 1965 ἕτερα
535 1929 563 1956 δὲ
578 1930 642 1965 παρ’
658 1928 675 1956 ὃ.
688 1929 808 1963 πέφυκεν
824 1928 893 1955 εἶναι

107 1975 319 2010 ὖποκρινόμενα,
331 1975 416 2002 ταῦτα
430 1976 527 2010 ὁμοίως
540 1975 610 2011 ἔχειν
625 1977 641 2011 ἡ
661 1975 788 2011 συνήθεια
802 1975 873 2009 λέγει
884 1983 892 1991 ⁸

107 2018 162 2046 οἷον
188 2021 253 2047 ὅταν
282 2021 299 2055 ἡ
318 2020 418 2055 ἄψυχος
440 2012 488 2056 ὕλη
516 2022 645 2057 μορφωθῇ
665 2021 708 2048 διὰ
730 2021 779 2056 τῆς
796 2021 894 2055 τέχνης

107 2066 177 2102 πρός
189 2075 250 2093 ¹τινα
268 2066 336 2099 ζώου
355 2066 470 2102 μίμησιν
481 2086 487 2098 ,
502 2066 545 2093 διὰ
563 2066 666 2102 γλυφῆς
687 2067 703 2102 ἢ
725 2067 892 2102 ζωγραφίας,

108 2113 124 2148 ἢ
141 2112 317 2148 πλάσματος,
335 2113 426 2147 ὅμοιον
446 2112 554 2146 λέγεται
577 2112 616 2147 τῷ
634 2111 780 2148 ἀρχετύπῳ
793 2111 823 2138 τὺ
850 2111 895 2146 μί-

110 2167 199 2194 μημα.
219 2158 351 2184 Ἐνταῦθα
374 2157 428 2193 γὰρ
441 2157 506 2193 ἄλλη
524 2158 573 2193 μὲν
596 2157 642 2184 τοῦ
669 2157 737 2189 ζώου
762 2158 778 2192 ἡ
798 2156 894 2191 φύσις,

109 2204 191 2239 ἑτέρα
203 2203 231 2229 δὲ
245 2203 295 2238 τῆς
309 2202 550 2238 παραψευδομένης
560 2202 609 2238 τὴν
622 2203 682 2238 ὄψιν
697 2202 740 2229 διὰ
752 2202 895 2237 χρώματος

111 2249 191 2284 μόνον
207 2248 254 2275 καὶ⁴
271 2249 418 2283 σχήματος.
435 2247 488 2274 Τοῦ
507 2247 535 2273 δὲ
555 2247 637 2274 αὐτοῦ
658 2247 744 2279 εἴδους
764 2248 822 2273 ἐστὶ
845 2247 896 2281 τῆς

941 1655 1022 1682 citur.
1042 1653 1143 1680 Deinde
1167 1651 1207 1679 sic
1234 1651 1267 1678 ad
1295 1650 1497 1685 propositorum
1524 1647 1733 1683 quuisitionetn

942 1700 1115 1729 veniendum.
1140 1698 1262 1726 Primum
1287 1697 1397 1732 quidem
1424 1703 1597 1731 quaecunque
1626 1698 1736 1729 nostros

942 1755 1041 1776 sensus
1057 1746 1163 1777 fallunt,
1181 1753 1244 1772 eum
1258 1749 1355 1771 natura
1368 1751 1422 1770 non
1435 1742 1491 1769 sint
1504 1742 1576 1769 inter
1588 1749 1617 1768 se
1629 1740 1742 1771 eadem,.

942 1794 989 1821 sed
1005 1793 1039 1820 ab
1054 1793 1146 1826 aliquo
1160 1798 1253 1819 eorum
1270 1797 1330 1825 quae
1342 1788 1464 1823 subjecta
1474 1789 1679 1819 consequurttur
1691 1793 1736 1811 ac-

943 1839 1059 1870 cidente,
1078 1837 1163 1872 ﬁgura
1185 1836 1247 1863 dico
1269 1839 1297 1862 et
1312 1835 1414 1866 colore,
1429 1838 1455 1861 et
1470 1840 1549 1864 sono,
1569 1836 1596 1860 et
1614 1839 1674 1866 quae
1689 1839 1743 1866 per‘

943 1892 1052 1922 gustum
1070 1889 1098 1912 et
1120 1883 1263 1911 odoratum
1280 1887 1306 1909 et
1326 1885 1431 1909 tactum
1443 1888 1574 1908 sensuum
1598 1879 1734 1913 deceptio-

944 1939 1004 1959 nem
1020 1932 1200 1966 ingenerant:
1227 1936 1288 1956 cum
1312 1927 1367 1954 alia
1386 1926 1495 1962 quidem
1509 1927 1564 1953 sint
1583 1924 1733 1953 secundum

944 1977 1082 2013 propriam
1113 1979 1257 2004 naturam,
1287 1973 1341 2000 alia
1363 1979 1428 2000 vero
1453 1978 1534 2006 quam
1560 1977 1620 2005 quae
1640 1976 1734 1997 revera

944 2027 1008 2051 Sunt
1022 2030 1084 2050 esse
1099 2019 1344 2049 simulenturzhtec
1360 2018 1487 2046 similiter
1501 2024 1531 2044 se
1551 2017 1653 2043 haltere
1670 2023 1738 2042 eon-

945 2067 1062 2097 suctudo
1076 2066 1143 2094 dicit
1163 2056 1264 2093 :hvelut
1281 2071 1343 2090 cum
1361 2063 1480 2090 inanima
1502 2061 1616 2088 materia
1637 2060 1670 2088 ad
1688 2060 1736 2087 ali-

944 2115 1024 2149 cujus
1041 2112 1168 2140 animalis
1190 2111 1336 2146 imaginem
1358 2113 1417 2136 arte
1436 2108 1526 2143 aliqua
1540 2108 1677 2144 eiﬁngitur
1693 2105 1734 2132 \‘el

945 2159 1098 2194 sculptura.
1115 2158 1157 2185 vel
1182 2158 1300 2193 pictura,
1317 2156 1359 2184 vel
1383 2154 1508 2187 ﬁctrice;
1524 2153 1597 2188 quod
1613 2152 1733 2180 el'ﬁetum

945 2211 987 2235 est
1005 2209 1033 2233 et
1050 2205 1197 2236 imitatum,
1221 2203 1380 2238 archetypo,
1406 2201 1433 2228 id
1454 2205 1496 2228 est
1514 2199 1662 2234 exemplari
1679 2199 1735 2233 pri-

946 2251 1077 2286 migenio:
1089 2249 1178 2278 simile
1192 2248 1300 2276 dicitur.
1319 2248 1369 2275 Hic
1387 2247 1460 2276 enim
1476 2246 1529 2273 alia
1546 2245 1655 2281 quidem
1673 2245 1733 2270 ani-

109 2283 267 2329 δμοιότητος
277 2314 283 2325 ,
303 2294 349 2320 καὶ
365 2294 380 2328 ἠ
401 2294 430 2319 ἐν
446 2292 589 2328 κατόπτρῳ
603 2292 684 2319 εἰκὼν
696 2313 703 2326 ,
720 2293 767 2327 τῆς
779 2292 890 2327 ἀρχετύ-

947 2298 1026 2324 malis
1043 2301 1150 2328 natura,
1168 2295 1220 2322 alia
1232 2303 1297 2322 vero
1311 2295 1431 2322 materia
1452 2293 1541 2321 visum
1559 2291 1744 2320 ementientis

111 2347 162 2365 που
179 2339 286 2375 μορφῆς
298 2339 420 2373 ἐναργεῖς
432 2338 552 2374 φέρουσα
565 2338 613 2370 τὰς
625 2337 757 2372 ἐμφάσεις
769 2357 777 2368 ,
798 2338 828 2364 οὐ
845 2337 897 2372 μὴν

110 2385 200 2411 ἐκεῖνο
217 2385 288 2411 κατὰ
302 2384 349 2419 τὴν
366 2383 446 2419 φύσιν
456 2382 532 2416 οὖσα,
543 2384 611 2418 ὅπερ
624 2383 682 2409 ἐστὶ
692 2383 721 2409 τὸ
733 2383 895 2419 ἀρχέτυπον.

116 2429 254 2466 Ὡσαύτως
269 2429 315 2456 καὶ
332 2429 381 2464 τὴν
402 2429 486 2466 ἀκοὴν
506 2428 562 2455 ἐστι
577 2428 607 2454 τὺ
627 2427 685 2455 ἴσον
707 2428 819 2461 παθεῖν,
833 2428 896 2454 ὅταν

109 2484 152 2507 τις
167 2475 217 2511 τὴν
231 2475 322 2511 φωνὴν
335 2475 385 2510 τῆς
397 2475 507 2510 ἀηδόνος
521 2475 560 2510 τῷ
572 2475 663 2510 οἰκείῳ
677 2475 786 2509 φθόγγῳ
800 2473 898 2509 μιμού-

111 2530 211 2557 μενος,
234 2521 333 2557 ,ὀρνέου
348 2522 434 2548 δοκεῖν
460 2521 646 2557 ἐπακροᾶσθαι
663 2521 713 2556 τὴν
737 2521 820 2556 ἀκοὴν
834 2520 898 2547 ἀνα-

110 2568 204 2603 πείσῃ.
224 2567 328 2602 Πάσχει
351 2567 378 2593 δὲ
400 2567 446 2594 τὸν
474 2567 593 2594 τοιοῦτον
621 2566 823 2602 παραλογισμὺν
851 2565 898 2592 καὶ

110 2613 127 2649 ὴ
145 2613 254 2647 γεῦσις,
271 2613 335 2639 ὅταν
349 2613 363 2638 ὁ
376 2612 423 2639 τοῦ
442 2612 547 2648 καρποῦ
562 2612 615 2639 τῶν
631 2612 720 2639 σύκων
730 2612 815 2647 χυμὸς
826 2632 833 2643 ,
848 2612 898 2646 τὴν

109 2659 157 2686 τοῦ
178 2659 287 2695 μέλιτος
303 2659 398 2695 ἡδονὴν
413 2659 590 2695 ὑποκρίνηται
602 2667 609 2674 ·
630 2659 685 2693 ἔχει
702 2658 755 2694 γάρ
770 2667 795 2685 τι
811 2657 898 2689 ἐοικὸς

110 2704 179 2740 πρὸς
192 2704 243 2740 τὴν
266 2704 423 2740 γλυκύτητα
440 2704 485 2731 τοῦ
510 2705 615 2739 μέλιτος
629 2706 643 2730 ὁ
656 2704 741 2740 χυμὸς
761 2703 811 2738 τῆς
825 2703 898 2730 ὀπώ-

111 2759 159 2784 ρας
173 2759 180 2765 ·
195 2749 266 2777 οὕτω
280 2750 313 2776 δι’
327 2750 483 2785 ὁμοιότητος
500 2749 555 2777 ἐστι
576 2749 808 2786 παραλογισθῆναί
831 2757 897 2775 ποτε

109 2796 156 2822 καὶ
179 2796 227 2831 τὴν
250 2796 401 2831 ὄσφρησιν,
430 2797 492 2823 ὅταν
508 2797 521 2822 ό
545 2796 629 2831 ἀτμὸς
655 2796 703 2831 τῆς
723 2795 895 2830 χαμαιμήλου

109 2841 225 2878 βοτάνης
237 2863 244 2876 ,
262 2841 329 2868 αὐτὸ
341 2841 370 2868 τὸ
385 2841 481 2873 εὑῶδες
495 2841 576 2878 μῆλον
590 2842 620 2877 τῇ
635 2841 746 2876 saw/oi;
760 2840 894 2877 μιμούμε-

943 2347 970 2370 et
987 2342 1107 2369 fallentis
1130 2341 1190 2369 solo
1212 2341 1305 2368 colore
1327 2345 1354 2368 et
1382 2340 1476 2375 ﬁgura.
1496 2338 1622 2374 Ejusdem
1643 2341 1733 2365 autem

945 2388 1044 2423 speciei
1062 2387 1252 2414 similitudinis
1275 2389 1327 2420 est,
1352 2393 1414 2420 qua:
1437 2385 1465 2412 in
1491 2384 1604 2420 speculo
1625 2387 1735 2418 apparet

944 2433 1045 2467 imago,
1061 2432 1226 2467 exemplaris
1245 2431 1339 2458 forma:
1354 2430 1493 2458 evidentes
1511 2429 1636 2456 referens
1652 2435 1735 2463 appa-

946 2479 1070 2509 ritiones,
1085 2485 1147 2505 cum
1161 2481 1252 2504 tamen
1270 2484 1323 2504 non
1340 2476 1376 2503 sit
1395 2475 1460 2502 illud
1483 2474 1634 2502 secundum
1655 2478 1736 2500 natu.

946 2532 1016 2554 ram,
1044 2523 1118 2558 quod
1149 2523 1258 2558 quidem
1289 2525 1332 2549 est
1365 2520 1556 2556 primigeniutn
1585 2519 1734 2553 exemplar.

947 2568 1048 2596 Eodem
1077 2568 1158 2595 modo
1187 2568 1268 2595 etiam
1299 2565 1411 2593 auditus
1427 2565 1557 2596 afﬁcitur,
1582 2568 1609 2591 et
1632 2563 1736 2598 aequale

946 2614 1076 2650 quiddam
1090 2613 1252 2648 perpetitur,
1267 2620 1328 2639 cum
1346 2611 1409 2646 quis
1423 2611 1532 2646 proprio
1549 2616 1618 2636 sono
1639 2616 1734 2635 vacem

946 2659 1071 2687 lusciniae
1095 2659 1208 2686 imitans
1234 2665 1312 2686 arem
1341 2657 1437 2684 audire
1456 2656 1506 2683 sibi
1531 2654 1615 2682 videri
1641 2654 1735 2681 auditur

949 2704 1128 2739 persuaserit.
1157 2702 1223 2730 Tale
1250 2702 1382 2737 quiddam
1406 2700 1487 2728 fallax
1521 2702 1548 2726 et
1580 2698 1735 2733 captiosum

951 2755 1046 2785 gttstus
1069 2749 1192 2785 percipit,
1221 2755 1283 2775 cum
1305 2747 1411 2774 fructus
1433 2745 1531 2773 ﬁeuum
1548 2751 1628 2779 sapor
1648 2743 1738 2770 mellis

950 2795 1114 2830 voluptatem
1126 2794 1255 2822 simulat:
1271 2800 1354 2828 sapor
1366 2791 1439 2818 enim
1457 2791 1531 2818 illius
1547 2790 1654 2817 fruetus
1669 2788 1735 2824 quid

948 2841 1036 2868 simile
1050 2840 1130 2868 habet
1144 2847 1205 2867 cutn
1226 2838 1312 2866 mellis
1327 2835 1470 2864 dulcedine
1488 2845 1494 2864 :
1516 2836 1557 2864 sic
1570 2835 1651 2863 etiam
1668 2840 1737 2869 quaA
