1897 3078
34 122 76 152 537

575 120 713 150 CONTRA
731 120 925 154 EUNOMIUM,
946 122 1011 152 LIB.
1031 124 1065 151 11.

1579 130 1630 160 558

34 177 237 217 προσδιορίζεται.
259 178 352 206 Ταῦτα
378 179 433 206 τῶν
464 178 570 214 σεμνῶν
593 178 638 206 τοῦ
663 179 786 215 Εὑνομίοι

847 187 910 208 cum
927 180 1008 209 Patre
1025 182 1233 212 similitudinem
1246 185 1424 214 adducatur?
1446 186 1540 223 Neque
1559 189 1633 218 sicut

31 226 148 262 δογμάτων
162 225 220 251 ἐστὶ
247 224 281 252 τὰ
306 226 453 261 μυστήρια,
473 225 506 252 δι’
521 222 559 253 ὧν
581 225 728 262 σοφώτεροι
741 226 796 254 τῶν

31 273 100 299 ἄλλων
113 273 139 298 οἱ»
148 271 266 307 μαθηταὶ
283 272 366 299 αὐτοῦ
382 272 501 306 γίνονται
514 291 520 303 ,
537 271 670 307 μαθόντες
683 272 724 298 ὅτι
739 272 797 299 Πα-

30 319 64 352 τρὶ
80 317 133 349 Υἱὸς
148 317 253 348 ἐοικὼς,
265 318 314 352 οὐχ
331 318 387 353 Υίῷ
405 318 502 346 ἔοικεν.
520 318 559 346 Οὐ
579 319 633 354 γάρ
656 319 714 346 ἐστι
733 319 796 351 Υἱὸς

29 363 119 399 Πατήρ”
133 363 191 390 οὐδὲ
215 363 253 395 ὡς
268 364 406 399 ἀτεννήτῳ
423 364 579 400 ἀγέννητος.
591 363 633 392 Οὐ
645 365 699 399 γὰρ
716 365 796 399 ἀγέν-

27 410 90 444 νητός
104 411 172 436 ἐστιν
187 411 202 436 ό
214 410 287 442 Υἱός.
305 410 340 437 Τὸ
356 410 384 437 δὲ
397 410 456 437 καθ’
468 411 541 446 ἡμᾶς
560 412 715 446 μυστήριον,
729 411 792 438 ὅταν

28 456 116 490 Πατέρα
127 456 200 492 εἴπῃ,
216 455 281 482 Υἱοῦ
294 456 402 492 Πατέρα
419 456 528 488 πάντως
540 456 736 486 διακελεύεται.
745 456 792 483 καὶ

25 502 75 527 ὅταν
88 501 144 528 Υίὸν
156 501 289 538 ὀνομάσῃ,
311 502 416 538 Πατρὺς
431 503 494 529 Υἱὸν
511 502 630 529 διδάσκει
647 503 725 528 νοεῖν.
738 502 792 529 Καὶ

25 547 85 573 οὐδὲν
105 548 149 583 τῆς
176 549 306 582 περιττῆς
333 547 435 583 ταύτης
464 547 560 582 σοφίας
584 547 665 583 μέχρι
683 547 728 574 καὶ
744 547 790 574 νῦν

24 592 160 628 ἐδεήθημεν.
180 593 260 620 ’Ὥστε
275 593 318 620 διὰ
342 594 449 630 Πατρὸς
462 594 509 620 καὶ
530 592 592 620 Υἱοῦ
609 593 655 619 δύο
666 591 791 627 Πατέρας

24 638 33 672 ἣ
45 638 83 665 δύο
95 639 168 671 Υίοὺς
180 639 363 672 ὑποτίθεσθαι,
378 640 418 671 ὡς
433 640 586 674 ἀγεννήτων
599 638 692 665 δυάδα.

849 225 919 253 Filio
935 225 1047 260 Filium,
1062 228 1162 264 inquit.
1175 229 1282 258 Rursus
1294 232 1418 260 eamdem
1430 233 1485 261 vim
1505 234 1586 263 habet
1603 236 1632 265 in

846 272 898 300 hoc
913 273 1030 301 termino
1043 275 1103 309 ejus
1123 275 1272 306 subtilitas.
1299 277 1374 306 Patri
1391 277 1488 307 Filium
1513 281 1632 310 similem

847 325 908 345 esse
921 325 984 345 cum
1000 318 1080 354 dixit,
1099 329 1152 348 non
1167 327 1294 357 oportere
1311 324 1383 352 sicut
1405 333 1467 353 cum
1482 325 1552 354 Filio
1576 327 1632 355 alio

845 363 973 408 similiter
988 373 1018 393 se
1031 366 1132 394 habere
1151 368 1325 397 determinat.
1342 371 1404 398 llaec
1423 376 1487 400 sunt
1505 373 1631 408 gravium

845 406 972 436 Eunomii
994 409 1166 439 decretorum
1188 415 1329 449 mysteria,
1355 416 1456 451 quibus
1477 406 1538 452 ejus
1562 418 1632 446 ﬁunt

844 454 974 490 discipuli
992 457 1054 485 aliis
1078 459 1276 494 sapientiores,
1295 469 1357 489 cum
1375 461 1531 490 didicerunt
1556 464 1631 500 quod

844 499 919 528 Patri
935 501 1022 531 Filius
1037 504 1145 539 similis,
1163 505 1233 533 Filio
1246 507 1346 535 similis
1367 516 1421 535 non
1441 514 1493 536 est.
1510 499 1570 537 Non
1587 515 1631 538 est

845 547 918 574 enim
934 547 1017 576 Filius
1035 549 1134 584 Pater;
1150 559 1237 587 neque
1254 554 1324 580 sicut
1343 554 1463 589 ingenito
1480 555 1628 591 ingenitus,

844 600 900 619 non
916 594 988 621 enim
1015 600 1058 623 est
1074 596 1159 625 Filius
1180 599 1328 632 ingenitus.
1358 599 1516 636 Mysterium
1538 606 1630 630 autem

844 638 918 672 quod
931 645 972 667 est
983 642 1135 670 secundum
1154 651 1216 676 nos,
1239 653 1302 672 cum
1319 645 1426 673 Patrem
1444 647 1552 679 dixerit,
1568 647 1630 676 Filii

24 684 109 713 Patrem
126 686 238 714 omnino
252 686 330 721 jubet
351 687 514 721 intelligere.
531 685 625 721 Neque
637 684 725 712 adhuc
735 684 785 711 hac
803 691 1007 719 Supervacanea
1024 691 1158 724 sapientia
1172 691 1350 728 indiguituus.
1376 693 1415 722 Ita
1430 698 1461 722 ut
1496 703 1545 731 per
1576 695 1627 723 Pa-

23 740 73 759 .rem
88 737 112 760 et
128 732 238 764 Filium,
261 733 330 761 duos
342 733 436 762 Patres
453 738 479 761 ct
492 734 561 762 duos
585 733 668 761 Filios
684 735 832 767 supponat,

46 778 74 804 Τί
91 778 117 805 δὲ
134 778 258 813 βούλεται
283 781 299 814 ἡ
325 779 408 815 πολλὴ
428 781 492 816 περὶ
519 779 549 806 τὸ
574 779 719 814 ἀγέννητον
738 777 784 805 τοῦ
802 780 823 807 Β

23 824 129 858 Ξὺνομίου
148 825 260 860 σπουδὴ,
284 825 411 857 πολλάκις
428 826 476 860 μὲν
492 825 542 861 ἤδη
561 825 706 861 δεδήλωται
717 834 724 840 ·
739 826 787 851 καὶ

23 869 52 896 νῦν
64 870 88 896 δὲ
106 871 186 898 πάλιν
199 871 232 897 δι’
243 872 340 906 ὀλίγων
355 873 504 907 εἰρήσεται.
526 872 583 906 Τῆς
597 871 652 907 γὰρ
668 871 715 898 τοῦ
732 871 788 898 Πα-

22 915 62 950 ¹ρὸς
75 917 208 952 σημασίας
229 917 363 952 μηδεμίαν
373 918 440 954 πρὸς
449 918 494 944 τὸν
502 917 566 944 Υἰδν
576 917 708 952 διαφορὰν
717 917 788 944 κατὰ

25 961 52 996 ὴν
63 962 137 996 φύσιν
154 963 372 998 ἐνδεικνυμένης,
395 964 419 989 εἰ
435 963 515 998 μέχρι
530 962 632 990 τούτων
651 963 696 989 τὸν
709 963 787 997 λόγον

22 1016 117 1043 στησεν,
132 1010 184 1036 οὑκ
198 1009 230 1036 ἂν
246 1010 324 1045 ἐσχῖν
337 1010 413 1044 ἰσχὺν
428 1010 444 1045 ἡ
462 1009 583 1042 ἀσέϐεια,
596 1009 648 1044 τῆς
669 1009 788 1043 φυσικῆς

21 1054 53 1080 ὧν
64 1055 202 1090 ὀνομάτων
218 1056 322 1088 ἑννοίας
337 1057 366 1082 οὐ
389 1056 611 1092 παραδεχομένης
624 1055 653 1082 τὸ
667 1056 725 1083 κατ’
744 1056 788 1082 οὺ-

21 1099 57 1125 ἰαν
65 1100 213 1136 ἀλλότριον.
223 1101 280 1128 Νῦν
289 1102 318 1128 δὲ
331 1102 478 1137 ἀγέννητον
495 1102 540 1129 καὶ
548 1102 676 1138 γεννητὸν
688 1102 785 1136 λέγων,

21 1145 85 1181 τειδίι
102 1146 207 1181 ἀμεσός
221 1148 278 1174 ἐστι
299 1147 366 1183 πρὸς
382 1147 483 1182 ἄλληλα
503 1148 558 1174 τῶν
575 1147 715 1182 ὀνομάτων
726 1147 787 1174 τού-

20 1199 48 1215 ων
63 1192 77 1226 ή
93 1191 263 1223 ἐναντίωσις,
288 1192 326 1224 ὡς
341 1192 438 1228 θνητοῦ
456 1193 502 1219 καὶ
524 1192 670 1224 ἀθανάτου,
684 1193 731 1219 καὶ
743 1193 787 1219 λο-

20 1235 86 1267 ικῶν,
111 1237 158 1263 καὶ
188 1237 303 1272 ἀλόγων,
335 1238 381 1264 καὶ
403 1238 511 1264 πάντων
531 1238 586 1264 τῶν
602 1237 787 1273 ὁμοιοτρόπως

20 1283 208 1317 ιᾳωνουμένων
230 1303 236 1314 .
262 1283 311 1310 ὅσα
332 1283 376 1310 διὰ
390 1284 444 1310 τῶν
468 1284 539 1310 κατὰ
559 1284 588 1310 τὺ
604 1284 725 1311 ἐναντίον
739 1293 788 1319 ση-

20 1329 161 1363 ιινομένων
170 1329 297 1364 ἀλλήλοις
312 1329 554 1365 ἀντικαοέστηκεν,
567 1330 667 1357 ἔδωκεν
682 1329 739 1356 ὁδὸν
753 1332 786 1365 τῇ

19 1374 148 1409 ιασφημὶᾳ
160 1375 207 1400 διὰ
218 1374 273 1400 τῶν
297 1375 437 1410 ὀνομάτων
451 1375 555 1402 τούτων
569 1383 575 1390 ·
593 1374 662 1401 ὥστε
676 1375 725 1410 τὴν
740 1374 787 1402 τοῦ

19 1420 84 1452 ητοῧ
111 1421 184 1456 πρὸς
207 1420 239 1447 τὺ
260 1421 393 1448 ἀθάνατον
414 1421 546 1455 διαφορὰν
562 1421 591 1448 ὲν
606 1421 645 1456 τῷ
665 1421 787 1456 γεννητῷ

19 1464 55 1495 νὸς
73 1465 102 1492 τὸ
120 1467 272 1502 ἀγέννητον
283 1466 461 1502 ἐνοεωρῆσαι.
481 1467 535 1493 Καὶ
549 1467 642 1503 ὥσπερ
657 1468 723 1503 ἄλλη
737 1468 784 1495 τοῦ

18 1513 83 1547 κητοῦ
98 1514 145 1541 καὶ
161 1514 231 1550 ἄλλη
246 1515 293 1541 τοῦ
304 1516 437 1542 ἀθανάτου
450 1517 465 1551 ὴ
483 1515 575 1550 φύσις,
589 1516 636 1543 καὶ
657 1516 703 1543 τοῦ
716 1517 786 1552 λογι-

18 1558 34 1584 5
49 1561 94 1587 καὶ
110 1561 159 1587 τοῦ
179 1561 280 1595 ἀλόγου
298 1561 444 1597 ἀσύμϐατα
460 1562 530 1588 κατὰ
552 1563 603 1598 τὴν
617 1563 710 1590 οὐσίαν
726 1563 785 1590 ἐστὶ

18 1613 20 1630 :
35 1605 178 1641 ἰδιώματα,
197 1608 270 1635 οὕτω
285 1608 407 1642 βούλεται
417 1608 500 1644 ἄλλην
513 1609 561 1644 μὲν
576 1609 621 1635 τοῦ
637 1609 784 1645 ἁγεννήτου

18 1654 193 1681 ττασκευάσαι
211 1655 261 1689 τὴν
277 1654 367 1688 φύσιν,
381 1654 464 1690 ἄλλ-ην
481 1655 508 1681 δὲ
524 1655 572 1690 τὴν
583 1655 630 1682 τοῦ
640 1655 782 1691 γεννητοῦ.

18 1706 40 1724 να
71 1699 172 1735 ὥσπερ
208 1701 366 1736 ὑποχείριος
387 1701 426 1736 τῷ
442 1701 544 1736 λογικῷ
558 1702 574 1736 ἡ
591 1701 687 1735 ἄλογος
704 1702 785 1736 φύσις

18 1744 238 1781 εημιούργηται,
267 1745 355 1777 οὕτως
382 1746 425 1772 διὰ
446 1746 565 1782 φυσικῆς
586 1747 710 1781 ἀνάγκης
734 1747 785 1773 ὑπ-

18 1792 145 1826 ευγμένον
172 1793 214 1828 τῷ
239 1793 378 1828 ἀγεννήτῳ
399 1793 428 1819 τὺ
443 1793 570 1828 γεννητὸν
587 1793 716 1830 ἐπιδείξῃ.
739 1793 784 1820 Διδ

18 1836 109 1864 vir-ttat
123 1838 166 1873 τῷ
184 1839 328 1873 ἀγεννήτῳ
343 1839 373 1864 τὸ
384 1837 431 1864 τοῦ
447 1838 670 1874 Παντοκράτορος
686 1838 782 1873 ὄνομα,

18 1883 54 1909 fax
69 1885 111 1916 εἰς
130 1884 323 1921 προνοητικὴν
338 1885 486 1920 ἐνέργειαν,
501 1885 538 1916 ὡς
556 1884 700 1920 προλαϐὼν
713 1885 727 1910 ὁ
740 1885 783 1910 λό-

18 1937 22 1958 ῐ
37 1930 199 1963 ὑπέδειξεν,
213 1930 270 1957 ἀλλ’
282 1931 321 1962 είς
334 1930 497 1966 τυραννικὴν
507 1930 630 1963 ἐξουσίαν
643 1931 782 1966 μεταλαμ-

18 1985 47 2002 ιει
62 1977 114 2012 τὴν
137 1977 297 2013 ἑρμηνείαν
318 1977 364 2004 τοῦ
385 1977 616 2013 Παντοκράτορος.
638 1977 681 2009 Ὠς
700 1978 782 2013 μέρος

18 2023 200 2059 ’ἀρχομένης
211 2031 243 2049 τε
258 2024 306 2049 καὶ
320 2023 476 2059 ὑποχειρίου
486 2023 592 2058 φύσεως
606 2023 652 2049 καὶ
660 2023 705 2049 τὸν
718 2023 781 2050 Υίὺν

18 2070 94 2102 ἧσαι,
113 2070 193 2105 μετά
213 2070 322 2096 πάντων
337 2069 497 2096 δουλεύοντα
511 2069 549 2104 τῷ
558 2069 601 2096 διὰ
614 2069 664 2104 τῆς
682 2077 782 2105 τυραν-

18 2115 46 2150 ῆς
61 2116 202 2149 ἐξουσίας
225 2115 369 2150 κρατοῦντι
387 2115 459 2142 κατὰ
470 2115 500 2142 τὸ
511 2113 569 2141 ἴσον
584 2115 638 2141 τῶν
651 2114 759 2141 πάντων
772 2123 779 2130 '
798 2125 821 2153 Β

30 2162 72 2188 ὅτι
91 2162 169 2197 πρὸς
183 2161 269 2188 τοῦτο
281 2161 384 2196 βλέπων
398 2163 458 2193 ταῖς
473 2161 612 2193 τοιαύταις
623 2162 720 2197 χρῆται
733 2161 781 2188 τοῦ

18 2215 44 2232 ου
63 2207 249 2238 διαπολαῖς,
267 2207 298 2233 ὲκ
311 2206 364 2233 τῶν
380 2207 566 2242 ὑποκειμένων
583 2205 783 2241 σαφηνισοήσε-

18 2274 19 2277 η
33 2253 135 2280 Είπὼν
146 2253 213 2288 γὰρ
226 2253 316 2279 ἐκεῖνα
324 2252 358 2279 τὰ
368 2253 437 2287 σοφά
447 2261 476 2279 τε
487 2253 533 2280 καὶ
546 2252 780 2288 περιεσκεμμένα,

20 2298 86 2326 οὒτε
105 2300 147 2332 ὡς
176 2299 273 2334 Πατρὶ
294 2298 364 2324 ἔοικε
386 2298 491 2334 Πατὴρ,
507 2299 566 2325 οὐδὲ
578 2298 616 2330 ὼς
628 2298 686 2334 Υἱῷ
699 2298 762 2330 Υἱός
772 2306 779 2314 ·

18 2353 53 2371 τοι
83 2354 120 2380 γε
141 2344 269 2379 οὐδεμία
298 2345 371 2372 ἐστὶν
395 2345 502 2380 ἀνάγκη
527 2345 646 2372 ἐοικέναι
671 2345 781 2376 πάντως

18 2389 53 2423 τρὶ
81 2390 225 2425 Πατέρα,
240 2389 286 2416 καὶ
303 2389 360 2424 Υἱῷ
375 2390 438 2416 Υἱόν
448 2398 455 2405 ·
483 2390 573 2426 πατὴρ
589 2390 643 2426 γάρ
655 2390 697 2422 τίς
706 2391 780 2417 ἐστιν

18 2434 135 2470 metuet,
157 2434 261 2470 πατὴρ
277 2435 323 2461 καὶ
334 2436 364 2462 ὲν
378 2435 507 2466 Σκύθαις,
520 2436 566 2462 καὶ
579 2436 635 2467 υίὸς
648 2436 779 2471 ἐκατέρου

18 2490 76 2512 ξων,
99 2481 200 2516 μέλας
218 2481 267 2515 μὲν
280 2481 294 2507 ὁ
309 2480 355 2506 τοῦ
366 2479 503 2511 Αἰθίοπος,
515 2480 677 2517 λευκόχρους
693 2482 720 2509 δὲ
733 2483 780 2510 καὶ

18 2527 167 2562 (ρυσὶζων
191 2525 269 2552 κατὰ
298 2526 346 2561 τὴν
367 2525 454 2561 κόμην
471 2527 486 2552 ὁ
501 2526 616 2562 Σκύθης.
634 2528 689 2554 Καὶ
703 2528 779 2555 οὐδὲν

18 2573 63 2598 λον
75 2573 127 2600 διὰ
146 2572 184 2599 τὸ
204 2570 315 2606 πατέρα
324 2569 394 2598 εἶναι
405 2571 544 2608 ἑκάτερον,
557 2572 618 2599 οὗτε
628 2574 671 2600 διὰ
679 2575 778 2601 τδνΑί-

18 2629 39 2645 α
53 2613 74 2646 ὅ
85 2618 215 2653 Σκύθης
233 2617 397 2652 μελαίνεται,
411 2617 471 2644 οὔτε
485 2617 529 2645 διὰ
544 2618 590 2645 τὸν
606 2619 713 2656 Σκύθην
735 2621 779 2648 ἀλ-

18 2665 79 2692 Ξται
97 2665 133 2692 τὸ
161 2664 256 2698 σῶμα
273 2663 341 2699 πρὸς
354 2663 384 2690 τδ
397 2663 491 2691 λευκὸν
509 2664 556 2691 τοῦ
574 2665 711 2699 Αίθίοπος.

801 1448 824 1478 C

845 737 972 768 tanquam
987 737 1172 772 ingenitorum
1188 740 1360 769 dualitatem.

873 778 943 811 Quid
964 786 1055 810 autem
1074 783 1137 811 velit
1156 784 1230 812 circa
1242 785 1392 821 ingenitum
1411 791 1516 816 tantum
1531 787 1623 816 Euno-

837 825 884 851 mii
898 827 1030 860 studium,
1049 836 1121 863 saepe
1135 830 1246 864 quidem
1257 831 1312 866 jam
1332 832 1501 860 declaratum
1525 838 1583 868 est;
1602 838 1630 862 et

838 878 911 899 nunc
923 872 1023 900 iterum
1041 875 1138 909 paucis
1154 875 1272 904 dicetur.
1296 877 1365 905 Cum
1389 879 1462 906 enim
1482 879 1572 908 Patris
1591 881 1629 908 si-

837 919 978 954 gniﬁcatio
995 921 1097 949 nullam
1114 929 1175 949 cum
1193 922 1263 950 Filio
1281 923 1462 952 diﬂ'erentiam
1477 926 1629 954 secundum

838 969 965 993 naturam
985 967 1165 1001 demonstret,
1194 970 1216 997 si
1237 970 1270 997 ad
1287 970 1344 998 haec
1360 979 1448 1006 usque
1471 980 1628 1000 sermonem

838 1011 1017 1046 inhibuisset,
1041 1015 1142 1042 nullam
1159 1016 1213 1042 vim
1234 1016 1375 1045 habuisset
1400 1017 1541 1053 impietas;
1565 1018 1629 1053 quia

838 1059 975 1087 naturalis
1002 1059 1099 1087 horum
1128 1062 1270 1089 nominum
1298 1063 1397 1090 notitia
1424 1071 1478 1091 non
1508 1064 1630 1091 admittit

839 1104 912 1139 quod
927 1109 968 1132 est
976 1106 1126 1133 secundum
1139 1109 1285 1135 essentiam
1305 1109 1434 1136 alienum.
1447 1109 1523 1136 Nunc
1536 1114 1627 1138 autem

840 1150 993 1185 ingenitum
1008 1156 1034 1180 ct
1055 1154 1176 1188 genitum
1188 1154 1293 1187 dicens,
1307 1155 1442 1190 siquidem
1461 1155 1556 1183 horum
1578 1164 1628 1183 no-

842 1198 949 1224 minum
974 1199 1045 1226 inter
1061 1207 1091 1226 se
1112 1200 1267 1228 immediata
1284 1205 1326 1228 est
1347 1203 1538 1234 contrarietas,
1555 1203 1628 1230 sicut

838 1244 963 1271 mortalis
977 1249 1004 1272 ct
1029 1245 1203 1278 immortalis,
1228 1251 1254 1273 et
1275 1247 1449 1274 rationalium
1468 1252 1494 1275 et
1517 1248 1628 1275 irratio-

838 1289 954 1321 nalium,
975 1294 1001 1317 et
1014 1292 1136 1318 omnium
1156 1300 1216 1327 quae
1231 1293 1315 1320 simili
1337 1293 1417 1320 modo
1436 1294 1625 1326 enuntientur,

838 1342 1010 1370 quaecunque
1028 1343 1076 1370 per
1091 1336 1243 1371 signiﬁcata
1259 1339 1398 1365 contraria
1418 1338 1488 1365 inter
1497 1346 1526 1365 se
1541 1346 1628 1373 oppo-

839 1379 996 1413 suerimus;
1024 1388 1071 1414 per
1089 1380 1146 1408 haec
1176 1382 1286 1408 nomina
1305 1382 1376 1409 viam
1402 1382 1579 1417 blasphemia:
1600 1386 1628 1410 et

840 1423 930 1458 impia:
943 1425 1042 1459 linguae
1059 1425 1206 1459 patefecit;
1233 1426 1268 1452 ita
1285 1430 1314 1452 ut
1329 1434 1388 1453 eam
1403 1434 1463 1461 quae
1474 1431 1516 1454 est
1528 1431 1628 1454 morta-

839 1469 872 1497 lis
890 1470 923 1496 ad
940 1470 1094 1498 immortale
1114 1471 1297 1499 differentiam
1315 1473 1342 1499 in
1357 1473 1450 1508 genito
1471 1473 1503 1500 ad
1519 1472 1626 1508 ingeni-

839 1519 896 1542 tum
909 1517 1135 1551 contemplemur.
1152 1516 1420 1552 thuemadmodum
1435 1518 1486 1544 aiia
1501 1522 1541 1545 est
1552 1525 1627 1545 mor-

838 1562 911 1594 talis,
938 1562 990 1589 alia
1021 1562 1185 1591 immortalis
1210 1568 1318 1596 natura,
1336 1568 1363 1591 et
1381 1564 1521 1592 rationalis
1543 1567 1627 1598 atque

838 1608 1007 1636 irrationalis
1023 1609 1202 1644 proprietates
1217 1609 1368 1637 secundum
1393 1611 1541 1637 essentiam
1557 1617 1627 1638 con-

837 1661 936 1689 gruere
954 1655 1028 1681 nullo
1047 1655 1128 1681 modo
1138 1659 1261 1690 possunt,
1277 1655 1324 1682 sed
1339 1655 1455 1682 maxime
1472 1655 1624 1683 dissident:

838 1701 878 1728 sic
894 1702 952 1728 vult
971 1701 1124 1729 Eunomius
1142 1701 1223 1729 aliam
1248 1702 1356 1736 quidem
1381 1702 1495 1736 ingeniti
1520 1702 1625 1729 consti-

837 1750 914 1774 tuere
929 1750 1068 1780 naturam,
1094 1747 1175 1774 aliam
1193 1754 1258 1774 vero
1273 1747 1368 1782 geniti.
1387 1746 1421 1773 Ut
1441 1747 1622 1781 quemadmo-

837 1791 901 1819 dum
929 1792 1056 1819 rationali
1079 1792 1189 1819 subdita
1218 1792 1428 1827 mancipataque
1455 1793 1623 1821 irrationalis

837 1841 936 1865 natura
953 1842 1044 1866 creata
1060 1842 1118 1866 est:
1137 1839 1178 1866 sic
1191 1833 1309 1865 naturali
1322 1839 1486 1867 necessitate
1499 1839 1622 1873 ingenito

836 1885 958 1921 genitum
973 1885 1149 1919 subjugatunt
1167 1889 1194 1911 et
1210 1885 1532 1912 addictqudemonstret.
1544 1885 1620 1917 Quo-

836 1930 908 1957 circa
924 1929 1045 1964 ingcnito
1070 1937 1167 1957 nomen
1183 1929 1383 1964 Omnipotentis
1409 1929 1528 1963 copulat,
1548 1929 1622 1965 quod

835 1983 891 2003 non
915 1976 949 2003 ad
979 1975 1138 2011 providendi
1168 1976 1364 2010 operationem,
1392 1975 1464 2002 sicut
1489 1981 1622 2010 praecepta

835 2021 982 2048 occasione
1001 2021 1090 2048 oratio
1114 2020 1327 2054 demonstravit,
1353 2021 1400 2048 sed
1419 2020 1622 2056 Omnipotcntis

835 2068 1088 2103 interpretationem
1108 2067 1136 2094 in
1162 2067 1330 2103 lyrannicam
1350 2070 1510 2102 potestatem
1532 2071 1622 2094 trans-

836 2112 897 2140 l‘ert.
920 2112 957 2140 Ita
977 2116 1006 2139 ut
1022 2115 1126 2147 partem
1142 2118 1247 2138 naturae
1265 2111 1395 2146 subjectae
1409 2115 1436 2139 et
1460 2113 1622 2147 mancipata:

833 2158 916 2186 etiam
932 2157 1029 2185 Filium
1047 2157 1130 2185 faciat
1142 2165 1204 2185 cum
1213 2157 1340 2185 omnibus
1352 2157 1486 2185 creaturis
1500 2158 1622 2185 servien-

834 2208 887 2232 tem
907 2205 933 2232 ei
948 2204 995 2240 qui
1012 2204 1156 2240 tyrannica
1173 2207 1307 2239 potestate
1326 2204 1470 2239 azqualiter
1492 2204 1622 2232 omnibus

833 2249 958 2284 imperat.
973 2248 1050 2281 Quod
1066 2252 1156 2276 autem
1173 2249 1207 2276 ad
1223 2249 1274 2275 hoc
1288 2249 1438 2284 respiciens
1451 2249 1552 2276 talibus
1568 2249 1622 2276 uti-

833 2297 878 2322 tur
892 2295 1038 2323 verborum
1055 2295 1292 2328 distinctionibus,
1320 2303 1352 2323 ex
1375 2295 1508 2331 subjectis
1528 2300 1622 2331 postea

834 2341 1065 2369 manifestabitur.
1082 2342 1151 2368 Cum
1164 2341 1237 2368 cnim
1255 2341 1300 2368 illa
1316 2341 1397 2369 docta
1406 2346 1432 2369 et
1449 2342 1622 2370 considerata

834 2387 959 2422 protulit,
989 2387 1061 2422 quod
1080 2395 1168 2422 neque
1199 2388 1271 2414 sicut
1295 2387 1370 2414 Patri
1395 2388 1495 2415 similis
1516 2387 1623 2416 videtur

833 2433 933 2466 Pater;
952 2442 1041 2470 neque
1059 2435 1131 2462 sicut
1150 2434 1222 2462 Filio
1245 2433 1329 2462 Filius
1346 2434 1517 2470 (quanquam
1547 2435 1622 2461 nulla

833 2480 983 2507 necessitas
999 2480 1072 2515 cogit
1090 2479 1182 2507 dicere
1195 2487 1309 2514 prorsus
1323 2478 1397 2506 Patri
1417 2478 1525 2506 Patrem
1545 2479 1622 2506 simi-

833 2526 886 2554 lem
902 2526 998 2560 videri,
1014 2531 1040 2554 et
1054 2525 1123 2553 Filio
1139 2525 1249 2554 Filium.
1271 2526 1352 2554 Pater
1365 2527 1437 2555 enim
1461 2527 1560 2562 aliquis
1578 2530 1621 2554 est

831 2573 903 2600 inter
923 2572 1068 2608 Aithiopes
1081 2577 1171 2608 ;pater
1184 2574 1265 2601 etiam
1280 2574 1350 2601 inter
1373 2572 1504 2608 Scythas;
1523 2574 1620 2599 horum

830 2620 975 2655 utriusque
988 2620 1070 2652 ﬁlius,
1082 2619 1159 2654 niger
1172 2619 1280 2655 quidem
1295 2619 1367 2647 [ilius
1382 2618 1530 2652 Ethiopis,
1550 2616 1621 2644 albi-

834 2666 909 2695 color
925 2673 991 2693 vero
1009 2669 1037 2693 et
1059 2673 1166 2693 comam
1191 2665 1355 2693 subauream
1376 2664 1481 2691 habens
1505 2661 1618 2698 Scytha.

18 2714 98 2741 tibi“)
129 2712 237 2747 magis
263 2712 328 2747 quia
359 2717 433 2747 pater
454 2712 490 2740 sit
521 2717 647 2748 uterque,
680 2723 770 2751 neque
789 2720 902 2753 propter
933 2714 1108 2750 Ethiopem,
1129 2714 1231 2750 Scytha
1251 2713 1394 2748 nigrescit,
1429 2719 1518 2746 neque
1553 2717 1619 2747 pro-

30 2759 184 2796 Scytham
205 2765 310 2792 corpus
327 2757 467 2793 Ethiopis
488 2759 626 2800 albescit),

18 2807 72 2833 ιλλ’
90 2808 182 2842 ὅμως
200 2803 292 2831 εἰπὼν
309 2804 397 2831 ταῦτα
418 2805 489 2832 κατὰ
506 2805 537 2832 τὺ
548 2806 664 2841 ἀρέσκον
675 2807 750 2844 αὐτῷ
763 2809 778 2835 6

18 2854 108 2890 εμπ,
129 2851 299 2886 ἐπήγαγεν,
316 2850 357 2876 ὅτι
378 2849 492 2885 Ὄμοιός
504 2852 588 2879 ἐστιν
602 2852 641 2886 ὡς
662 2854 778 2888 fidem?

867 2808 1061 2836 Verumtamen
1077 2814 1138 2834 cum
1154 2806 1211 2833 haec
1228 2804 1345 2832 dixisset
1365 2803 1527 2836 Eunomius,
1545 2803 1618 2833 sicut

831 2855 855 2884 ei
874 2855 987 2890 placuit,
1005 2853 1156 2889 subjunxit,
1172 2851 1244 2887 quod
1263 2851 1361 2879 similis
1375 2854 1415 2879 est
1438 2851 1510 2879 sicut
1531 2850 1617 2878 i'ilius
