1897 3078
14 112 58 140 519

567 112 705 141 CONTRA
719 113 912 148 EUNOMIUM,
932 115 994 143 LIB.
1016 115 1046 143 ΙΙ.

1571 116 1622 144 550

15 168 54 194 καὶ
62 166 106 202 τὴν
116 166 212 202 ψυχὴν,
223 167 470 200 κατασκευάζεσθαι
479 168 508 194 τΞ.
517 169 618 205 ἄψυχον
627 171 774 207 ἀνειλῆφθα

837 174 935 201 anima:
950 174 1019 201 facta
1039 174 1307 207 commemoratione,
1320 181 1385 201 caro
1399 174 1496 202 animae
1523 182 1621 210 expers

14 213 54 248 τὴν
74 213 158 248 σάρκα
172 222 178 228 ·
203 213 362 248 μαθέτωσαν
381 215 420 241 ὃτι
447 214 559 250 σύνηθές
582 217 640 243 ἐστι
665 218 697 253 τῇ
721 218 785 254 ἁγίᾳ

14 260 96 295 Γραςρῇ
133 258 171 294 τῷ
186 259 262 294 μέρει
277 260 543 297 συμπεριλαμϐάνειν
557 262 586 288 τὸ
598 262 667 289 ὅλον.
688 264 717 290 '0
731 265 785 300 γὰρ

11 307 95 337 εἰπὼν,
113 306 152 332 ὅτι
168 306 245 340 Πρὸς
263 306 300 332 σὲ
316 306 399 334 πᾶσα
422 308 500 342 σὰρξ
517 308 582 342 ἥξει
595 329 602 340 ,
623 309 652 335 οὐ
672 318 785 345 κεχωρι-

12 351 103 387 σμένην
116 351 168 378 τῶν
185 351 279 387 ψυχῶν
299 352 348 388 τὴν
373 353 463 388 σάρκα
487 353 562 388 λέγει
578 354 616 390 τῷ
630 354 714 391 Κριτῇ
731 364 784 382 πα-

11 397 187 432 ραστήσεσθαι.
210 398 264 423 Καὶ
283 398 328 424 τὸν
348 397 443 424 Ἰακὼϐ
459 399 488 424 ἐν
500 399 686 435 ἑϐδομήκοντα
703 401 782 427 πέντε

10 442 96 477 ψυχαῖς
109 443 154 469 ἐπὶ
174 443 223 478 τὴν
234 443 370 478 Αἴγυπτον
387 445 543 472 καταϐάντα
560 446 635 482 παρὰ
645 446 694 481 τῆς
712 447 783 473 ιστο-

10 488 61 523 ρίας
77 487 250 520 ἀκούσαντες,
272 488 319 515 καὶ
344 489 392 524 τὴν
413 490 501 526 σάρκα
528 491 597 526 μετὰ
611 491 665 518 τῶν
688 491 782 526 ψυχῶν

10 534 154 568 ἐνῡήςαμεν.
173 533 266 566 Οὖτως
281 532 327 560 οὖν
344 535 390 561 καὶ
402 536 415 561 ὸ
429 536 515 569 Λόγος
529 535 598 572 σὰρξ
617 536 761 572 γενόμενος
772 557 779 570 ,

10 579 61 613 ὅλην
75 578 141 614 μετὰ
156 579 203 614 τῆς
223 579 323 614 σαρκὸς
340 580 389 615 τὴν
404 581 578 617 ἀνθρωπίνην
599 582 713 609 ἀνέλαὸε
731 583 781 617 φύ-

10 632 50 649 σιν.
65 623 142 649 Ὀθεν
156 624 202 650 καὶ
216 624 244 650 τὸ
259 626 353 660 πεινῇν
367 625 414 652 καὶ
423 625 453 652 τὸ
465 625 553 662 διψῇν,
568 627 616 653 καὶ
641 628 670 654 τὸ
681 628 780 663 δειλιᾷν

10 668 45 693 καὶ
59 667 86 694 τὸ
97 667 248 702 φοϐεῖσθαι,
264 670 311 695 καὶ
324 669 354 696 τὸ
365 670 519 705 ἐπιθυμεῖν,
531 671 576 697 καὶ
586 671 617 697 τὸ
629 671 778 705 καθεύδειν,

10 715 45 740 καὶ
58 713 86 740 τὸ
107 714 296 749 ταράττεσθαι,
312 715 360 741 καὶ
379 715 408 742 τὸ
421 715 560 751 δακρύειν,
578 716 623 743 καὶ
639 717 727 745 πάντα
745 718 779 745 τὰ

10 760 104 787 τοιαῦτα
116 760 248 794 γίνεσθαι,
265 761 294 786 ὲν
311 760 386 795 αὐτῷ
399 761 490 796 χώραν
505 761 583 797 ἔσχεν
595 768 603 777 '
618 762 679 789 οὕτε
694 763 748 799 γὰρ
761 764 776 800 ή

10 804 87 839 θεότης
102 806 175 831 κατὰ
192 805 241 840 τὴν
258 805 325 832 ἰδίαν
342 805 422 839 φύσιν
447 815 471 832 τι
488 806 606 833 τοιοῦτον
619 807 776 842 ἀναδέχεται

10 849 88 880 πάθος,
106 849 168 876 οὔτε
188 849 248 876 καθ’
265 849 365 886 ἑαυτὴν
377 850 393 886 ἠ
406 849 475 885 σὰρξ
490 851 519 877 ὲν
534 851 649 884 ὲκείνοις
661 852 776 886 γίνεται,

49 893 131 929 ψυχῆς
148 893 388 930 συνδιατιθεμένης
399 894 437 930 τῷ
449 894 564 930 σώματι.

33 941 81 966 Καὶ
97 940 159 975 περὶ
176 940 225 975 μὲν
246 940 294 975 τῆς
311 941 350 971 είς
373 940 418 967 τὸν
443 941 506 967 Υίὸν
529 941 700 976 βλασφημίας
716 950 778 968 τοσ-

10 985 77 1012 ιῦτα·
95 986 193 1021 ’ἔδωμεν
210 985 238 1012 δὲ
252 986 299 1012 καὶ
313 986 363 1012 ὅσα
377 986 441 1022 περὶ
460 986 506 1013 τοῦ
528 987 605 1020 ἁγίου
622 986 778 1022 Πνεύματος

10 1032 166 1066 ῑιεξέρχεται.
194 1031 272 1058 Μετὰ
297 1031 385 1063 τοῦτο,
405 1033 599 1067 Πιστεύομεν.
624 1033 715 1068 φησὶν,
735 1035 779 1066 εὶς

10 1077 47 1103 ’ὢν
63 1077 260 1111 Παράκλητον
280 1077 313 1104 τὸ
335 1078 457 1112 Πνεῦμα
474 1078 528 1112 τῆς
547 1079 698 1113 ἀληθείας.
709 1079 778 1113 Ἐγὼ

10 1122 26 1148 ῑὲ
38 1123 108 1157 δῆλον
122 1121 202 1158 οἶμαι
220 1123 302 1150 πᾶσιν
316 1121 386 1150 εἶναι
405 1125 461 1154 τοῖς
477 1124 695 1159 ἐντυγχάνουσιν,
711 1125 778 1159 πρὸς

10 1169 16 1193 5
35 1177 58 1194 ':t
74 1168 180 1203 βλέπων
198 1169 369 1204 παρατρέπει
381 1169 430 1204 τὴν
445 1169 496 1195 ὑπὸ
511 1169 557 1196 τοῦ
573 1170 674 1205 Κυρίου
691 1179 779 1205 παρα-

10 1214 110 1242 Ξοθεῑσαν
122 1215 173 1250 τῆς
187 1215 306 1247 πίστεως
323 1215 430 1242 ἔκθεσιν
446 1215 475 1241 ὲν
489 1217 544 1247 τοῖς
563 1215 626 1251 περὶ
653 1215 698 1242 τοῦ
713 1216 777 1242 Υἱοῦ

10 1261 43 1286 ut
63 1261 167 1296 Πατρὸς
191 1260 290 1294 λόγοις.
319 1259 374 1296 Τῆς
400 1261 513 1292 ἀτοπίας
538 1261 638 1296 ταύτης
660 1261 777 1296 ἀπελεγ-

10 1305 109 1341 ιθείσης,
122 1307 198 1341 ὅμως
209 1306 237 1333 δὲ
253 1306 298 1332 καὶ
313 1306 359 1332 νῦν
373 1306 406 1333 δι’
417 1306 513 1340 ὀλίγων
523 1307 566 1333 τὸν
582 1307 680 1333 σκοπὸν
695 1307 777 1334 αὐτοῦ

10 1350 44 1385 ri;
66 1352 233 1387 κακουργίας
263 1351 377 1386 φανερὸν
404 1352 571 1387 καταστῆσαι
602 1352 776 1387 πειράσομαι.

10 1394 44 1427 Ὡς
57 1397 106 1432 γὰρ
122 1398 183 1424 ἐκεῖ
198 1397 308 1432 Πατέρα
323 1397 373 1423 οὑκ
390 1395 475 1429 εἶπεν,
491 1397 533 1423 ἵνα
550 1396 587 1432 μὴ
603 1399 635 1432 τῇ
650 1397 777 1432 ἀϊδιότητι

10 1441 41 1467 τοῦ
64 1442 167 1478 Πατρὸς
187 1442 233 1469 τὸν
253 1442 316 1469 Υἱὸν
337 1442 547 1478 συνενδείξηται,
564 1443 624 1470 οὐδὲ
646 1443 691 1470 τὸν
714 1444 777 1470 Υἱὸν

10 1486 138 1520 ϋνὸμασεν,
165 1487 214 1515 ἵνα¹
234 1488 272 1523 μὴ
293 1488 341 1524 τὴν
361 1489 431 1515 κατὰ
454 1490 502 1524 τὴν
521 1488 601 1523 φύσιν
625 1489 777 1523 οἰκειότητα

10 1534 29 1567 Γῇ
45 1535 113 1569 ςωνῇ
128 1533 215 1569 ταύτῃ
230 1535 446 1570 συμπαραστήσῃ
458 1543 464 1549 ·
478 1534 548 1561 οὕτω
565 1535 610 1560 καὶ
624 1534 669 1561 νῦν
683 1535 713 1561 ού
732 1534 776 1560 λέ-

11 1587 37 1610 γει
50 1580 156 1615 Πνεῦμα
182 1580 269 1614 ἅγιον,
295 1580 339 1606 ἵνα
362 1580 399 1616 μὴ
413 1579 443 1606 τὸ
466 1580 608 1616 μεγαλεῖον
629 1580 677 1615 τῆς
699 1579 777 1615 δόξης

11 1624 71 1650 ιερτοῦ
92 1625 184 1652 καὶτὸ
209 1625 280 1652 κατὰ
306 1626 393 1653 πάντα
418 1626 557 1662 ἡνωμένον
580 1626 666 1661 Πατρί
683 1634 711 1652 τε
731 1626 778 1652 καὶ

11 1670 50 1704 [Ίῷ
61 1670 101 1697 διὰ
113 1671 159 1698 τοῦ
175 1671 307 1706 ὀνόματος
322 1672 416 1698 τούτου
432 1671 645 1707 συνομολογήσῃ.
669 1672 776 1708 Ἐπειδὴ

11 1716 47 1752 ’ἀρ
57 1716 92 1752 τῷ
100 1718 187 1754 Πατρὶ
198 1719 244 1745 καὶ
254 1718 291 1753 τῷ
302 1718 366 1753 Υίῷ,
376 1718 446 1745 κατά
458 1719 487 1745 τὸ
496 1716 553 1745 ἴσον
563 1719 580 1754 ἢ
593 1727 622 1745 τε
636 1719 682 1745 τοῦ
689 1720 778 1746 Πνεύ-

11 1769 81 1794 mror;
99 1764 144 1790 καὶ
169 1764 188 1799 ἡ
212 1763 259 1790 τοῦ
282 1764 367 1798 ἁγίου
388 1764 483 1799 κλῆσις
499 1764 574 1800 παρὰ
597 1765 646 1800 τῆς
668 1765 777 1801 Γραφῆς

14 1809 173 1843 φαρμόζεται
196 1809 322 1845 (πνεῦμα
343 1810 398 1846 γὰρ
411 1811 425 1837 ὁ
444 1811 519 1842 Θεὸς,
535 1811 582 1837 καὶ
601 1811 710 1846 πνεῦμα
725 1811 777 1847 πρὸ

11 1854 133 1888 προσώπου
158 1855 238 1891 ἡμῶν
257 1855 372 1891 Χριστὸς
394 1856 506 1892 Κύριος,
524 1857 569 1882 καὶ
584 1856 660 1890 ἅγιος
677 1857 777 1892 Κύριος

25 1899 93 1933 Θεὸς,
116 1901 162 1928 καὶ
178 1898 219 1933 εἷς
236 1901 323 1935 ἅγιος,
339 1900 378 1933 εἷς
394 1901 494 1938 Κύριος
514 1901 617 1938 Ἰησοῦς
632 1901 776 1938 Χριστὸς),

11 1954 36 1971 να
51 1947 86 1982 μή
100 1956 141 1979 τις
155 1947 272 1982 γένηται
293 1949 348 1979 τοῖς
369 1947 512 1974 ἁκούουσιν
523 1948 601 1982 ἁγίου
619 1947 776 1982 Πνεύματος

12 1992 101 2028 ὖσεϐὴς
112 1993 156 2019 διὰ
170 1993 275 2020 τούτων
292 1993 434 2028 ὑπόληψις,
451 1995 468 2028 ἡ
484 1993 528 2020 διὰ
548 1993 578 2020 τὸ
599 1995 735 2020 κοινωνεῖν
746 2002 775 2019 τε

13 2036 32 2071 ᾧ
45 2037 127 2074 Πατρὶ
140 2039 187 2066 καὶ
206 2039 246 2074 τῷ
267 2039 323 2074 Υίῷ
346 2038 396 2073 τῆς
412 2038 518 2072 ἐνδόξου
535 2039 657 2075 κλήσεως
673 2039 777 2073 ἐγγινο-

12 2082 58 2118 ιένη
67 2091 73 2097 '
88 2084 183 2112 τούτου
198 2085 278 2120 χάριν
291 2085 552 2120 παρακρουσάμενος
566 2085 614 2120 τὴν
629 2084 712 2120 ἀκοὴν
723 2084 776 2110 τῶν

12 2129 116 2164 ἀνοήτων,
135 2130 185 2165 τῆς
203 2130 278 2166 παρὰ
302 2130 369 2157 Θεοῦ
390 2130 600 2167 προεκτεθείσης
617 2131 732 2162 πίστεως
747 2131 776 2157 ὲν

836 223 975 253 assumpta
990 218 1082 252 fuerit,
1099 218 1207 247 discant
1223 219 1248 246 id
1273 227 1359 247 sacra:
1377 219 1525 255 Scriptura:
1542 220 1620 248 fami-

836 264 902 291 liare
912 272 984 297 esse,
1002 269 1079 299 parte
1098 265 1189 300 aliqua
1207 268 1294 292 totum
1311 265 1464 300 complecti.
1481 265 1532 299 Qui
1547 267 1619 294 enim

835 310 912 341 dixit,
928 310 968 337 Ad
987 315 1010 337 te
1022 311 1106 338 omnis
1123 319 1185 337 caro
1199 311 1320 344 veniet",
1337 319 1391 338 nou
1415 316 1568 347 separatam
1587 313 1621 339 ah

834 356 933 383 animis
950 363 1070 390 carnem,
1087 357 1119 384 ad
1135 357 1256 392 judieem
1280 361 1424 386 venturam
1452 367 1513 386 esse
1542 359 1618 386 di‘cit.

833 399 866 427 Et
880 399 965 427 Jacob
979 408 1040 427 cum
1062 402 1234 437 septuaginta
1249 402 1350 429 animis
1366 402 1392 429 in
1409 402 1556 438 [Egyptum
1572 403 1619 430 de-

834 443 975 471 scendisse
988 464 995 476 ,
1015 452 1047 472 ex
1068 445 1191 473 historiis
1214 454 1265 473 nos
1280 446 1326 481 qui
1348 447 1518 478 audimus",
1536 448 1619 476 etiam

832 495 941 515 carnem
958 496 1018 515 cum
1034 489 1132 517 animis
1147 489 1332 525 intelligimus.
1348 490 1392 517 Sic
1408 492 1488 518 etiam
1500 491 1619 520 Verbum

832 541 897 560 caro
916 534 1017 561 factum
1039 538 1124 563 totam
1141 543 1202 562 eum
1221 543 1303 564 carne
1329 536 1475 564 humanam
1493 542 1618 566 naturam

831 579 990 614 assumpsit.
1010 579 1086 607 Unde
1118 584 1146 606 rt
1169 581 1276 608 esurire
1302 585 1329 609 et
1356 582 1442 615 sitire,
1461 582 1618 614 formidare.

830 625 1017 658 extimescere,
1029 627 1233 662 concupiscere,
1245 627 1458 662 obdormiscere,
1473 630 1577 657 turbari
1593 634 1620 658 et

830 671 1005 707 illaerymari,
1027 676 1053 699 et
1071 681 1131 708 qua:
1162 677 1226 700 sunt
1252 674 1386 708 ejusmodi
1416 675 1442 702 in
1470 683 1503 702 eo
1528 676 1618 703 locum

829 716 981 744 habuerunt
1011 727 1017 745 :
1048 726 1136 753 neque
1149 719 1222 746 enim
1240 719 1369 747 divinitas
1391 721 1500 756 propria
1521 726 1620 749 natura

829 762 896 789 tales
920 762 1034 790 aﬂ‘ectus
1059 765 1189 799 suscipit;
1213 772 1301 800 neque
1329 773 1394 793 caro
1409 774 1457 801 per
1473 774 1503 794 se
1518 767 1545 794 iu
1564 766 1618 794 illis

826 811 878 839 est,
893 807 916 834 si
932 808 1020 835 anima
1036 816 1098 836 cum
1118 817 1232 845 corpore
1248 818 1303 837 non
1317 815 1359 838 est
1372 811 1528 847 conjuncta.

863 939 902 967 Ac
917 940 1024 975 quidem
1038 939 1072 967 de
1088 939 1267 975 blasphemia,
1283 941 1308 968 id
1329 945 1382 973 est,
1396 941 1479 976 impio
1491 942 1617 970 convicio

827 985 855 1012 in
872 984 969 1013 Filium
992 986 1038 1013 Dei
1059 986 1116 1014 hac
1133 987 1188 1014 sint
1205 987 1338 1015 hactenus
1355 987 1438 1015 dicta.
1450 987 1509 1015 Jam
1526 988 1617 1015 videa-

828 1039 889 1059 mus
905 1040 964 1066 quze
980 1031 1014 1059 de
1039 1036 1135 1060 sancto
1158 1031 1260 1067 Spiritu
1285 1037 1435 1068 percenset.
1464 1033 1529 1060 Post
1553 1034 1615 1067 hoc,

829 1075 975 1109 Credimus,
994 1078 1091 1112 inquit,
1106 1079 1132 1105 in
1149 1077 1317 1105 Pararletum
1342 1078 1468 1113 Spiritum
1486 1079 1614 1107 veritatis.

829 1123 883 1158 Ego
897 1128 986 1150 autem
1007 1125 1112 1151 clarum
1132 1132 1193 1152 esse
1204 1125 1332 1152 omnibus
1347 1125 1464 1152 arbitror
1484 1125 1530 1161 qui
1558 1126 1615 1153 haec

829 1170 931 1205 legunt,
948 1171 980 1197 ad
998 1171 1062 1206 quid
1080 1171 1230 1206 respiciens
1246 1179 1261 1198 a
1275 1170 1389 1198 Domino
1408 1171 1467 1198 lidei
1487 1171 1614 1199 traditam

827 1217 1023 1251 expositionem
1061 1217 1088 1244 in
1119 1217 1291 1244 sermonibus
1316 1216 1350 1243 de
1377 1216 1445 1244 Filio
1473 1221 1500 1244 et
1537 1217 1616 1245 Patre

828 1263 967 1298 pervertit.
997 1262 1127 1296 Quamvis
1156 1263 1238 1298 hujus
1271 1262 1427 1290 absurditas
1465 1263 1532 1291 satis
1557 1264 1612 1298 jam

829 1307 909 1334 fuerit
935 1307 1061 1339 refutata,
1080 1315 1153 1334 nunc
1170 1312 1260 1334 tamen
1288 1308 1384 1342 paucis
1415 1308 1504 1335 verbis
1533 1308 1614 1343 hujus

828 1352 934 1379 fallacis
950 1353 1057 1379 astutiae
1085 1360 1197 1386 scopum
1217 1351 1368 1386 patefacere
1391 1361 1502 1388 operam
1530 1356 1612 1383 dabo.

829 1397 864 1425 Ut
887 1398 959 1424 enim
978 1398 1033 1425 illic
1053 1397 1160 1425 Patrem
1181 1405 1235 1425 non
1268 1398 1347 1430 dixit,
1375 1407 1409 1426 ne
1438 1407 1499 1426 cum
1527 1400 1615 1429 Patris

827 1443 978 1470 aeternitate
991 1442 1088 1470 Filium
1108 1443 1210 1477 pariter
1227 1443 1394 1476 ostenderet,
1411 1453 1498 1479 neque
1517 1446 1614 1474 Filium

829 1488 990 1520 nominavit,
1019 1496 1052 1515 ne
1070 1495 1128 1515 eam
1155 1495 1214 1522 quae
1242 1488 1392 1515 secundum
1424 1495 1547 1518 naturam
1562 1495 1615 1525 est,

830 1535 1038 1561 familiaritatem
1064 1538 1091 1561 et
1124 1533 1356 1561 necessitudinem
1383 1534 1434 1562 hac
1454 1544 1519 1564 voce
1534 1537 1615 1564 simul

828 1584 1047 1616 repra-sentaret,
1076 1581 1116 1607 sic
1146 1583 1173 1606 ct
1206 1588 1280 1607 nunc
1307 1588 1360 1607 non
1390 1581 1456 1608 dicit
1484 1581 1614 1617 Spiritum

828 1632 964 1659 sanctum,
982 1635 1015 1653 ne
1028 1626 1198 1660 maiestatem
1215 1626 1307 1661 gloria:
1329 1627 1416 1661 ipsius
1432 1632 1458 1654 ct
1478 1628 1549 1662 quod
1567 1636 1616 1663 per

827 1674 917 1699 (unnia
933 1672 1005 1699 Patri
1022 1676 1049 1698 et
1066 1671 1134 1699 Fi!io
1159 1672 1264 1698 unitum
1287 1675 1338 1702 est.
1359 1672 1410 1699 hoc
1433 1673 1492 1707 ipso
1506 1673 1616 1701 nomine

828 1719 953 1746 conliteri
979 1722 1132 1753 cogeretur.
1148 1717 1372 1752 Quandoquidem
1399 1719 1470 1745 enim
1500 1719 1571 1746 Patri
1588 1723 1617 1746 et

827 1763 896 1791 Filio
912 1771 944 1790 ex
960 1770 1039 1797 aequo
1050 1770 1112 1790 cum
1131 1761 1246 1797 Spiritu:
1264 1766 1320 1789 tum
1335 1763 1415 1789 etiam
1431 1769 1519 1794 δαηειί
1543 1773 1615 1791 ιιιιιι-

827 1809 937 1844 cupatio
968 1809 995 1835 in
1022 1815 1100 1835 sacra
1120 1807 1261 1842 Scriptura
1288 1808 1511 1835 accommodatur
1531 1809 1614 1843 (Deus

827 1855 898 1882 enim
915 1858 958 1882 est
983 1854 1106 1888 spiritus,
1127 1858 1153 1880 et
1177 1853 1289 1887 spiritus
1312 1857 1374 1880 ante
1398 1861 1542 1887 personam
1563 1863 1613 1882 no-

827 1904 910 1928 stram
937 1899 1065 1926 Christus
1091 1899 1221 1925 Dominus
1247 1907 1254 1925 :
1291 1903 1317 1925 et
1346 1903 1457 1934 sanctus
1485 1899 1613 1928 Dominus

829 1947 910 1979 Deus,
946 1950 972 1972 et
1000 1953 1072 1972 unus
1106 1948 1236 1974 sanctus.
1269 1952 1340 1971 unus
1368 1944 1501 1972 Dominus
1529 1945 1612 1973 .Iesus

827 1993 976 2026 Christus).
987 2000 1020 2019 ne
1034 2000 1087 2027 qua
1103 1991 1276 2018 audientibus
1293 1999 1341 2026 per
1357 1991 1412 2018 hrrc
1423 1992 1515 2024 verba,
1526 1991 1612 2026 Spiri-

827 2043 871 2066 tus
888 2038 975 2066 sanrti
991 2038 1034 2072 pia
1049 2041 1075 2064 et
1089 2036 1214 2071 religiosa
1242 2035 1448 2071 ingeneraretur
1461 2037 1562 2071 opinio,
1580 2046 1612 2064 ex

826 2092 859 2112 eo
881 2084 963 2111 insita
975 2083 1047 2117 quod
1061 2082 1177 2117 Spiritus
1192 2085 1303 2109 sanctus
1326 2089 1498 2109 connuunem
1516 2082 1613 2110 habeat

827 2137 890 2156 cum
905 2128 984 2155 Patre
1001 2132 1027 2154 et
1041 2126 1108 2154 Filio
1119 2127 1251 2154 illustrem
1268 2127 1489 2161 appellationem,
1511 2128 1613 2155 ideirco

12 2174 181 2209 ῇπαραδὸσει
197 2175 244 2202 τοῦ
261 2175 409 2211 μυστηρίου
426 2176 591 2203 ὕπαλλάσσει
606 2175 638 2202 τὰ
653 2177 772 2211 ῥήματα·

830 2176 996 2203 indoctorum
1008 2178 1034 2201 et
1049 2173 1196 2200 amentium
1206 2172 1326 2199 auditum
1337 2172 1432 2200 fallens
1446 2179 1472 2200 et
1488 2173 1611 2206 eludens,

12 2225 80 2254 ισπερ
105 2219 269 2255 ὁδοποιήσας
293 2220 337 2247 διὰ
360 2220 411 2256 τῆς
427 2220 585 2252 ἀκολουθίας
603 2221 704 2255 ταύτης
726 2221 774 2256 τὴν

12 2263 58 2289 ατὰ
76 2264 122 2291 τοῦ
148 2265 307 2300 Πνεύματος
329 2265 376 2293 τοῦ
402 2266 479 2300 ἁγίου
505 2266 640 2294 ἀσέϐειαν.
665 2267 695 2293 El
721 2266 774 2302 γὰρ

12 2307 62 2337 ἱπεν
73 2316 113 2342 ὅτι
123 2310 293 2347 Πιστεύομεν
307 2313 345 2344 εἰς
356 2312 386 2339 τὸ
399 2313 510 2348 Πνεῦμα
523 2313 553 2339 τὸ
564 2313 650 2347 ἅγιον,
663 2312 774 2348 Πνεῦμα

12 2355 21 2381 ὲ
36 2357 48 2382 ὸ
62 2358 137 2390 Θεὸς,
157 2358 326 2394 ὑπέκρουσεν
345 2358 378 2385 ἂν
394 2360 409 2385 ὁ
424 2359 458 2386 τὰ
473 2359 531 2385 θεῖα
548 2359 773 2394 πεπαιδευμένος,

12 2410 31 2428 τι
50 2403 80 2430 Εἰ
99 2404 153 2440 χρὴ
180 2403 317 2431 πιστεύειν
346 2405 385 2436 εἰς
417 2404 447 2430 τὸ
475 2404 587 2439 Πνεῦμα
613 2404 644 2431 τὸ
678 2404 772 2438 ἅγιον·

12 2448 94 2484 πνεῦμα
112 2451 141 2476 δὲ
158 2451 173 2476 ὁ
187 2450 254 2482 Θεὸς
271 2449 448 2485 ὀνομάζεταυ
464 2449 515 2476 οὐκ
531 2449 595 2477 ἄλλο
604 2458 630 2476 τι
648 2449 718 2476 κατὰ
726 2449 774 2485 τὴν

15 2494 66 2520 ύσιν
88 2496 173 2527 ἐστὶν,
189 2495 206 2530 ἦ
227 2496 315 2522 ἐκεῖνο
331 2495 438 2527 πάντως
452 2495 466 2521 ὅ
481 2495 526 2522 διὰ
541 2495 595 2522 τῶν
611 2495 701 2522 αὐτῶν
718 2495 776 2521 ὀνο-

13 2538 81 2566 ἁτων
95 2541 199 2576 κυρίως
222 2540 445 2576 κατονομάζεται.
464 2541 533 2567 Ὅσα
545 2540 599 2576 γὰρ
616 2541 645 2566 οὺ
659 2540 775 2575 ψευδῶς,

13 2584 49 2610 ἰοόὲ
71 2586 102 2612 ὲκ
119 2586 329 2621 καταχρήσεως,
343 2585 410 2612 ἀλλὰ
425 2585 526 2622 κυρίως
548 2585 600 2612 ὑπὸ
617 2585 671 2612 τῶν
685 2585 774 2612 αὐτῶν

13 2631 124 2665 vopisz
141 2631 279 2667 δηλοῦται,
305 2632 406 2658 τούτων
425 2632 532 2668 ἀνάγκη
548 2632 621 2658 πᾶσα
645 2631 708 2666 μίαν
727 2630 775 2658 καὶ

13 2672 39 2707 ὴν
53 2674 135 2710 αὐτὴν
149 2675 338 2711 ὁμολογεῖσθαι
351 2675 443 2710 φύσιν,
466 2677 515 2712 τὴν
538 2677 593 2708 τοῖς
618 2676 710 2707 αὐτοῖς
727 2683 775 2710 ση-

13 2720 155 2756 αινομένην
170 2721 292 2757 ὀνόμασι.
308 2721 357 2748 Διὰ
371 2721 456 2749 ταῦτα
474 2722 614 2753 σιωπήσας
630 2721 679 2756 τὴν
699 2721 774 2757 παρὰ

27 2805 46 2821 ⁸⁸
61 2809 134 2838 Psal.
149 2818 223 2844 thv,
238 2812 264 2840 '5.
303 2812 324 2828 "
342 2811 409 2839 Gen.
432 2819 503 2846 nrt,
514 2812 566 2846 27;
580 2812 640 2840 Act.
655 2819 703 2843 vu,
721 2811 764 2839 Η.

828 2229 842 2248 a
859 2221 912 2248 Deo
923 2221 1054 2255 exposilm
1079 2219 1139 2246 ﬁdei
1158 2219 1185 2245 in
1216 2218 1364 2245 traditione
1381 2219 1504 2254 mystcrii
1529 2220 1612 2247 verba

827 2267 953 2293 immutat
977 2269 1004 2292 et
1026 2265 1146 2295 invertit,
1175 2271 1303 2298 tanquam
1324 2264 1369 2290 hic
1386 2264 1456 2291 viam
1487 2269 1613 2292 sternens

827 2320 876 2347 per
891 2312 962 2339 hanc
972 2310 1195 2345 consequentiam
1209 2310 1243 2336 ad
1259 2310 1424 2344 impietatem
1437 2316 1532 2338 contra
1550 2311 1612 2347 Spi-

828 2359 910 2386 ritum
926 2363 1061 2384 sanctum.
1075 2356 1104 2382 Si
1121 2356 1192 2383 enim
1215 2356 1332 2383 dixisset
1346 2356 1489 2384 Credimus
1503 2357 1529 2384 in
1551 2356 1613 2392 Spi-

827 2405 911 2431 ritum
929 2401 1208 2436 sanotum,'Spiritus
1232 2405 1320 2428 autem
1345 2401 1413 2430 Deus
1432 2405 1488 2434 est;
1514 2402 1560 2437 qui
1585 2403 1611 2429 in

827 2450 926 2478 divinis
940 2448 1065 2476 eruditus
1085 2451 1141 2480 est,
1159 2448 1373 2482 subcrt-puisset,
1389 2447 1418 2473 Si
1437 2448 1462 2474 in
1480 2448 1610 2482 Spiritum

827 2499 951 2524 sanctum
971 2493 1135 2521 credendum
1158 2497 1199 2520 est
1212 2493 1345 2528 ,Spiritus
1365 2496 1454 2519 autem
1475 2492 1545 2520 Deus
1561 2500 1612 2520 no-

827 2539 957 2569 minatur,
988 2545 1042 2565 non
1058 2537 1132 2564 aliud
1160 2536 1223 2571 quid
1243 2536 1392 2563 secundum
1411 2540 1535 2563 naturam
1570 2541 1612 2564 est

827 2584 873 2611 ille
891 2583 1004 2610 omnino
1019 2583 1066 2618 qui
1084 2590 1132 2617 per
1148 2581 1241 2609 eadem
1260 2581 1369 2608 nomina
1392 2581 1610 2616 cognominatur.

827 2629 894 2656 Nam
921 2636 1093 2664 quzecunque
1116 2635 1170 2655 non
1197 2627 1275 2659 falso,
1304 2635 1353 2654 nec
1376 2635 1407 2653 ex
1436 2627 1534 2658 abusa,
1564 2626 1612 2654 sed

828 2675 937 2711 proprie
963 2681 1010 2710 per
1043 2674 1135 2702 eadem
1158 2673 1268 2700 nomina
1293 2673 1486 2703 declarantur,
1513 2671 1611 2698 horum

828 2728 909 2749 unam
924 2720 1101 2755 eamdemque
1111 2723 1235 2747 naturam
1252 2725 1364 2746 necesse
1383 2721 1424 2744 est
1446 2716 1558 2744 omnino
1573 2715 1613 2744 {a-
