1897 3078
31 146 78 176 555

30 209 61 243 τῇ
75 207 156 235 κτίσει
170 209 321 244 νοουμένων
337 210 352 246 ἡ
375 209 450 246 φωνὴ
468 211 514 238 τοῦ
529 212 632 248 Κυρίου
651 222 809 249 προσεμαρ-
825 215 847 243 Α

31 256 149 291 τύρησεν,
163 256 194 283 οὐ
207 257 262 288 τοῖς
274 258 432 292 ὁρωμένοις,
450 258 481 284 οὐ
499 260 554 291 τοῖς
566 260 702 294 ἀοράτως,
713 260 743 286 οὐ
755 260 814 296 θρο-

32 310 90 334 νοις,
96 302 143 329 οὐκ
150 303 256 338 ἀρχαῖς,
264 304 314 330 οὐκ
322 303 467 336 ἐξουσίαις,
474 305 503 331 οὐ
512 305 677 341 κυριότησιν,
685 306 735 332 οὐκ
741 306 813 341 ἄλλῳ

31 348 77 375 τινὶ
97 348 288 384 ὀνομαζομένῳ
302 350 413 384 ὀνόματι
424 357 431 365 ·
453 350 514 377 οὔτε
532 351 561 378 ἐν
572 351 611 386 τῷ
626 352 703 378 αἰῶνι
714 352 812 387 τούτῳ,

31 395 84 420 οὔτε
93 395 121 421 ἐν
129 394 168 430 τῷ
176 394 308 429 μέλλοντι.
319 393 355 422 Ob
364 395 452 422 τοίνυν
463 397 537 423 πᾶσα
549 397 565 432 ή
575 397 662 428 κτίσις
670 397 813 433 ἀμέτοχος,

31 441 102 476 δῆλον
112 441 148 468 ἂν
162 441 204 477 εἴη
219 442 327 474 πάντως
337 443 377 469 ὅτι
396 443 475 470 τοῦτο
494 443 545 478 τῆς
562 443 690 470 ἀκτίστου
707 444 814 479 φύσεως

32 487 88 514 ίδιόν
96 489 153 514 ἐστι
163 489 210 515 καὶ
221 488 372 524 ἐξαίρετον;
379 485 462 522 Οὗτος
472 489 500 516 δὲ
513 490 650 517 πιστεύειν
658 490 763 518 κελεύει
775 492 814 522 εἰς

30 535 69 562 τὸν
85 535 244 571 καθηγητὴν
255 536 304 571 τῆς
317 536 466 568 εὐσεϐείας.
483 536 588 563 Οὐκοῦν
605 537 757 564 πιστευέτω
774 539 814 570 εἰς

29 582 69 610 τὸν
83 582 188 610 Παῦλόν
204 592 233 610 τε
248 583 295 610 καὶ
311 583 465 618 Βαρνάϐαν,
481 584 529 610 καὶ
543 584 631 616 Τίτον,
645 584 691 610 καὶ
703 585 816 612 Σιλουα-

29 630 78 661 νὸν⁷
88 630 134 656 καὶ
143 629 283 664 Τιμόθεον,
293 630 341 657 καὶ
351 630 454 662 πάντας
467 630 587 662 ἐκείνους
595 631 630 656 δι⁸
638 627 675 657 ὧν
687 631 754 666 πρὸς
765 631 815 666 τὴν

29 674 116 700 πίστιν
135 674 377 710 καϐωδηγήθημεν.
396 674 467 711 Εξ[ς]
487 676 541 711 γὰρ
562 675 592 702 τὸ
612 675 815 712 καθηγούμενον

29 720 64 752 είς
80 719 222 747 εὐσέϐειαν
240 721 308 756 μετὰ
322 721 368 748 τοῦ
382 721 488 757 Πατρὺς
504 721 552 748 καὶ
561 721 626 748 Υἱοῦ
640 722 813 749 πιστεύεσθαι

28 767 87 802 χρὴ,
112 766 213 798 πάντες
237 767 261 793 οἱ
287 767 426 803 προφῆται
450 767 497 793 καὶ
520 767 676 802 νομοθέται,
694 768 742 794 καὶ
762 776 815 794 πα-

27 812 162 846 τριάρχαι,
169 811 290 847 κήρυκές
300 820 329 838 τε
340 812 386 838 καὶ
394 812 595 846 εὐαγγελισταὶη
604 812 651 839 καὶ
659 813 812 845 ἀπόστολοι,

29 858 154 894 ποιμένες
176 867 206 885 τε
227 858 275 885 κα)⁵
297 859 451 886 διδάσκαλοι
469 860 607 895 ὀμοτίμως
633 860 725 895 ἔχουσι
745 861 814 896 πρὸς

26 903 172 940 τδΠνεῦμα
189 904 219 931 τὺ
232 904 476 940 ἃγιον,καθηγηταὶ
487 907 542 937 τοῖς
554 907 612 940 μετ’
627 906 748 939 ἐκείνους
763 907 814 942 τῆς
830 899 851 926 Β

27 950 164 982 εὐσεϐείας
189 951 338 986 γενόμενοι,
362 952 540 986 Γενόμενος,
558 953 650 988 φησὶν,
672 953 730 979 ὑπὸ
760 953 814 980 τοῦ

24 998 119 1032 μόνου
141 998 215 1026 Θεοῦ
229 998 277 1025 διὰ
291 999 344 1026 τοῦ
360 999 558 1033 Μονογεννοῦς.
586 999 815 1034 Ἀνακεφαλαιοῠ-

27 1051 67 1070 ται
93 1044 185 1070 πᾶσαν
201 1043 283 1070 αὐτοῦ
307 1043 356 1079 τὴν
378 1043 504 1071 ἀσέϐειαν
520 1044 564 1070 διὰ
579 1044 633 1071 τῶν
651 1045 813 1080 εἰρημένων.

17 1088 109 1115 Πάλιν
127 1088 208 1124 μόνον
228 1089 295 1115 Θεὸν
316 1088 361 1114 τὸν
382 1089 491 1123 Πατέρα
506 1088 685 1124 κατονομάζει
708 1089 816 1124 ὀργάνῳ

25 1134 194 1170 κεχρημένον
208 1134 246 1169 τῷ
262 1135 410 1168 Μονογενεῖ
421 1135 489 1170 πρὸς
505 1135 555 1170 τὴν
575 1135 747 1170 κατασκευὴν
768 1135 815 1161 τοῦ

24 1180 192 1216 Πνεύματος.
214 1181 298 1207 Ποίαν
313 1180 400 1216 εὑρὼν
421 1181 453 1207 ὲκ
475 1181 526 1216 τῆς
543 1180 652 1216 Γραφῆς
667 1180 746 1207 σκιὰν
769 1181 815 1207 τοῦ

24 1226 147 1252 τοιούτου
164 1227 308 1261 νοήματος,
326 1225 413 1253 ταῦτα
435 1226 539 1261 τολμᾷ;
562 1226 610 1253 Ἐκ
628 1226 708 1257 ποίας
728 1225 816 1262 ἀρχῆς

24 1272 54 1299 δι’
72 1271 223 1299 ἀκολούθου
242 1272 312 1307 πρὸς
325 1272 357 1298 τὸ
380 1271 484 1298 τοιοῦτο
500 1271 587 1307 πέρας
603 1271 743 1307 προήγαγε
766 1271 816 1306 τὴν

23 1319 170 1351 ἀσέϐειαν;
197 1319 244 1350 Τίς
262 1318 315 1345 τῶν
330 1318 529 1352 εὺαγγελιστῶν
543 1326 627 1352 tmen;
644 1317 684 1349 τίς
702 1317 818 1343 ἀπόστο-

23 1364 87 1398 λο;;
117 1365 163 1397 τίς
201 1366 358 1400 aprum-mg;
387 1365 446 1392 Πᾶν
476 1365 525 1400 μὲν
553 1362 601 1391 οῦν
635 1364 665 1390 τὸ
696 1363 818 1391 ἐναντίον

23 1412 97 1438 πᾶσα
112 1411 133 1437 Γ
137 1410 209 1446 ραφὴ
228 1410 414 1443 θεόπνευστος,
432 1411 449 1445 ἡ
466 1410 509 1438 διὰ
539 1410 589 1446 τῆς
614 1410 755 1443 ἐπιπνοίας
771 1411 817 1437 τοῦ

23 1457 184 1493 Πνεῦματος
217 1458 422 1492 ἀναγραφεῖσα,
453 1459 587 1493 μαρτυρεῖ
614 1458 653 1493 τῷ
680 1457 818 1493 Πνεύματι

21 1504 71 1538 τὴν
102 1504 229 1539 θεότητα.
262 1501 324 1530 Οἷον
351 1504 490 1539 (κρεῖττον
517 1504 571 1538 γὰρ
598 1504 631 1530 δι’
650 1504 738 1530 αὐτῶν
764 1503 819 1529 τῶν

22 1550 184 1586 μαρτυριῶν
205 1550 343 1582 ἀποδεῖξαι
359 1550 404 1577 τὸν
420 1550 513 1584 λόγον)
549 1550 574 1576 οἱ
596 1550 723 1581 λαϐόντες
739 1549 817 1582 ἐξου-

23 1597 83 1623 σίαν
103 1596 153 1623 τοῦ
169 1596 251 1623 τέκνα
265 1596 332 1623 Θεοῦ
348 1596 484 1631 γενέσθαι,
501 1595 667 1632 μαρτυροῦσι
680 1596 718 1630 τῷ
731 1595 816 1622 Πνεὺ-

23 1650 90 1676 ματι
104 1641 156 1676 τὴν
179 1641 303 1676 ϐεότητα.
319 1641 368 1673 Τίς
383 1642 437 1677 γὰρ
459 1642 551 1676 ἀγνοεῖ
573 1640 622 1675 τὴν
645 1640 691 1667 τοῦ
713 1640 816 1676 Κυρίου

22 1686 134 1722 φωνὴν,
161 1687 202 1713 ὅτι
220 1688 252 1713 Οἱ
264 1687 296 1713 ὲκ
309 1686 356 1713 τοῦ
375 1685 532 1721 Πνεύματος
549 1685 733 1721 γεννηθέντες,
749 1684 817 1711 θεοῦ

20 1732 107 1760 τέκνα
124 1733 210 1765 εἰσίν;
229 1732 307 1758 Οὕτω
320 1732 374 1767 γὰρ
385 1731 533 1767 διαρρήδην
548 1732 683 1766 μαρτυρεῖ
696 1731 734 1766 τῷ
748 1731 818 1766 ἀγίῳ

21 1778 165 1813 Πνεύματι
191 1777 245 1804 τῶν
267 1777 315 1804 τοῦ
338 1777 406 1804 Θεοῦ
426 1778 527 1804 τέκνων
546 1777 594 1812 τὴν
618 1777 753 1812 γέννησιν,
779 1777 818 1803 εἰ·

19 1821 93 1854 πὼν,
120 1823 161 1849 ὅτι
182 1822 297 1856 Ὥσπερ
316 1822 347 1848 τὸ
371 1821 591 1857 γεγεννημένον
612 1822 646 1848 ἐκ
669 1821 724 1856 τῆς
743 1830 818 1855 σαρ-

19 1869 87 1901 κὸς,
106 1867 185 1902 σάρξ
197 1868 300 1894 ἐστιν·
319 1867 413 1900 οὕτως
431 1868 479 1894 καὶ
499 1868 533 1894 τὸ
552 1868 771 1902 γεγεννημένον
783 1867 818 1894 ἐκ
840 1901 845 1906 _

18 1915 75 1941 τοῦ
103 1914 286 1948 πνεύματος,
305 1913 425 1948 πνεῦμὰ
446 1913 540 1940 ἐστιν.
562 1914 640 1940 Ὅσοι
654 1913 682 1940 δὲ
699 1913 751 1940 ὑπὸ
769 1913 817 1940 τοῦ

16 1960 186 1996 Πνεύματος
210 1959 404 1996 ἐγεννήθησαν,
429 1960 497 1987 Θεοῦ
525 1961 607 1987 τέχνα
632 1959 820 1996 προσηγορεύ-

18 2008 126 2042 θησαν.
144 2007 237 2038 Οὖτως
252 2007 299 2033 καὶ
314 2006 361 2033 τοῦ
376 2007 480 2042 Κυρίου
496 2007 540 2033 διὰ
555 2006 602 2032 τοῦ
620 2006 817 2042 προσφυσήμα-

16 2062 65 2085 τος
81 2053 234 2085 δεδωκότος
249 2054 305 2085 τοῖς
333 2053 466 2085 μαθηταῖς
489 2052 519 2078 τὸ
541 2052 653 2087 Πνεῦμα
677 2051 706 2077 τὸ
730 2052 817 2085 ἅγιον,

18 2100 112 2135 φησιν
134 2101 147 2126 ὁ
172 2099 306 2135 Ἰωάννης,
322 2099 371 2125 Ἐκ
381 2098 429 2126 τοῦ
441 2097 623 2134 πληρώματος
641 2097 723 2124 αὑτοῦ
739 2098 818 2133 ἡμεῖς

16 2146 130 2175 πάντες
143 2143 284 2179 ἐλάϐομεν.
302 2144 348 2170 Ἐν
360 2142 434 2178 αὐτῷ
448 2143 476 2170 δὲ
489 2144 624 2169 κατοικεῖν
637 2143 667 2169 τὸ
684 2143 819 2178 πλήρωμα

14 2191 69 2226 τῆς
91 2190 229 2225 θεύτητος,
244 2192 258 2217 ὁ
277 2190 362 2226 μέγας
375 2189 481 2221 Παῦλος
495 2189 719 2224 διαμαρτύρεται.
740 2188 819 2215 Ἀλλὰ

831 1577 852 1605 C

580 136 722 182 eomas
741 152 936 188 EUNOMIUM,
952 154 1018 182 LIB.
1039 150 1070 182 n.‘

1602 151 1660 186 55l

863 221 922 240 rum
935 212 1077 249 eﬂ‘ugiunt,
1097 221 1151 241 non
1162 214 1283 246 thronis.
1304 223 1358 242 non
1371 216 1580 251 principatibus,
1596 225 1650 245 non

865 261 1055 294 potestatibus,
1069 268 1123 287 non
1139 261 1383 295 dominationibus,
1399 270 1455 290 non
1470 263 1515 290 alii
1542 264 1588 298 qui
1605 273 1653 292 n0-

866 306 938 333 mine
954 307 1044 341 aliquo
1071 306 1248 341 nominatur;
1265 315 1354 343 neque
1379 310 1460 336 etiam
1478 309 1505 336 in
1525 310 1578 337 hoc
1600 318 1653 338 sze-

864 351 926 378 culo
941 359 1030 387 neque
1046 353 1073 379 in
1085 351 1189 381 futuro.
1212 354 1298 389 Cujus
1317 355 1400 389 igitur
1421 356 1512 382 omnis
1527 360 1653 384 creatura

863 404 963 432 expers
975 401 1027 430 est,
1043 399 1218 434 perspicuum
1233 399 1318 427 l'uerit
1330 401 1442 427 omnino
1458 401 1511 428 hoc
1525 402 1654 430 increata:

865 448 971 472 naturae
985 445 1124 480 proprium
1153 453 1214 473 esse
1233 449 1261 473 et
1283 447 1451 481 praecipuum
1480 448 1545 474 :liic
1561 452 1652 476 autem

863 489 942 525 jubet
956 490 1068 518 credere
1087 491 1126 526 (in
1139 491 1300 526 magistrum
1327 491 1458 527 pietatis).
1472 493 1543 529 Ergo
1560 495 1654 522 credat

865 535 892 562 in
914 535 1037 569 Paulum,
1058 541 1086 564 et
1103 536 1266 570 Barnabam,
1285 541 1312 564 et
1327 537 1431 571 Titum,
1450 543 1477 566 et
1492 539 1653 575 Sylvanum.

864 585 892 609 et
905 581 1089 615 Timotheum,
1105 590 1256 618 omnesque
1278 584 1340 611 illos
1351 591 1398 618 per
1412 592 1481 619 quos
1515 588 1547 612 all
1575 586 1654 613 [idem

865 628 973 656 deducti
987 627 1103 656 Tuimus.
1118 628 1185 656 Nam
1201 630 1224 657 si
1236 630 1263 656 in
1281 630 1308 657 id
1323 630 1394 665 quod
1413 630 1445 657 ad
1459 631 1586 665 pietatem
1605 633 1656 659 du-

865 674 902 701 cit
919 681 981 701 cum
995 673 1073 702 Patre
1088 678 1115 702 et
1130 673 1201 702 Filio
1215 675 1327 703 credere
1339 680 1456 711 oportet,
1470 685 1564 705 omnes
1591 687 1656 714 pro-

865 720 953 754 pheta:
971 725 998 747 et
1021 720 1202 755 legislatores.
1226 722 1399 757 patriarchaz,
1424 730 1618 759 praeconesqne
1630 730 1658 753 et

865 765 1040 799 evangelistae
1066 769 1094 793 et
1121 766 1238 800 apostoli
1268 771 1448 802 pastoresque
1478 773 1505 796 et
1529 769 1657 797 doctores

865 811 924 845 pari
955 811 1058 838 honore
1087 819 1150 839 cum
1171 811 1275 848 Spiritu
1298 817 1394 840 sancto
1419 814 1566 842 decorandi
1581 821 1658 850 sunt,

866 857 929 892 quia
951 857 1060 885 fuerunt
1086 858 1119 885 iis
1141 859 1188 893 qui
1213 863 1275 894 post
1295 859 1357 886 illos
1381 860 1437 886 nati
1459 865 1523 887 sunt
1549 862 1658 895 pietatis

866 904 1000 938 prazstites
1015 909 1042 931 et
1059 904 1193 939 magistri.
1213 904 1324 937 Factus,
1356 905 1456 941 inquit,
1476 915 1492 933 a
1519 908 1576 934 solo
1604 907 1658 935 Deo

866 957 913 982 per
932 948 1117 984 Unigenitum;
1135 950 1161 976 in
1179 945 1313 977 summam
1334 956 1360 978 et
1377 955 1459 985 caput
1486 951 1584 987 redigit
1598 961 1658 980 om-

866 1003 928 1022 nem
943 1003 1020 1022 snam
1036 995 1210 1030 impietatem,
1222 1004 1269 1030 per
1280 996 1338 1023 lucc
1349 996 1432 1024 dicta.
1445 996 1554 1025 Rursus
1568 999 1656 1026 solum

868 1039 951 1067 Deum
967 1039 1073 1066 Patrem
1089 1040 1212 1067 nominat
1223 1041 1404 1069 instrumento
1418 1049 1497 1069 usum
1513 1041 1658 1077 Unigenito

867 1084 899 1112 ad
911 1086 1145 1114 constructionem
1159 1086 1290 1121 Spiritus.
1302 1087 1454 1120 Quamnam
1466 1096 1498 1115 ex
1515 1088 1659 1124 Scriptura

867 1132 992 1159 mnbram
1008 1133 1166 1168 hujusmodi
1182 1134 1303 1161 notionis
1315 1138 1413 1162 nactus
1427 1135 1486 1162 haec
1499 1136 1602 1163 audet?
1619 1136 1658 1163 Ex

867 1186 922 1213 quo
936 1178 1071 1213 principio
1083 1205 1085 1207 .
1097 1186 1145 1213 per
1159 1180 1380 1207 consecutionem
1398 1181 1430 1207 azl
1447 1181 1528 1208 talem
1547 1181 1659 1208 concin-

868 1224 973 1251 sionem
992 1225 1120 1259 produxit
1148 1226 1335 1261 impietatem?
1361 1228 1492 1261 Quisnam
1522 1230 1659 1265 evangeli-

868 1274 974 1298 starum
992 1271 1043 1298 hoc
1061 1272 1148 1299 dicit?
1163 1273 1225 1308 quis
1241 1274 1404 1309 apostolus?
1420 1275 1481 1309 quis
1507 1275 1660 1310 propheta?

868 1316 980 1344 omnino
997 1317 1106 1352 quidem
1124 1319 1295 1345 contrarium
1311 1320 1401 1346 omnis
1418 1327 1432 1346 a
1455 1319 1510 1346 Deo
1527 1320 1660 1355 inspirata

869 1361 1013 1397 Scriptura
1038 1362 1127 1390 aﬂlatu
1145 1363 1268 1398 Spiritus
1283 1364 1434 1399 descripta,
1452 1365 1580 1392 deitatem
1597 1365 1660 1400 Spi-

869 1408 935 1436 ritui
952 1416 1002 1436 suo
1015 1410 1292 1443 testimonioasserit,
1309 1411 1425 1445 exempli
1439 1412 1537 1446 gratia,
1548 1415 1659 1446 praestat

869 1457 940 1482 enim
956 1456 1124 1484 testimoniis
1137 1457 1289 1484 orationem
1299 1449 1488 1485 demonstrare
1498 1477 1505 1488 ,
1519 1458 1562 1492 qni
1581 1466 1661 1485 acce-

870 1507 969 1537 perunt
984 1506 1147 1537 potestatem
1165 1507 1195 1530 ut
1214 1503 1261 1531 Dei
1277 1503 1323 1531 ﬁlii
1346 1504 1452 1533 ﬁerent.
1469 1512 1519 1532 suo
1534 1505 1660 1531 testimo-

871 1549 917 1575 nio
932 1548 1046 1583 Spiritui
1071 1549 1211 1576 vindicant
1228 1549 1410 1577 divinitatem.
1437 1550 1503 1583 Quis
1520 1551 1592 1577 enim
1607 1549 1660 1576 Do—

870 1592 936 1618 mini
957 1600 1050 1620 vocem
1069 1593 1195 1628 ignorat?
1209 1593 1262 1626 Qui
1277 1601 1310 1620 ex
1329 1594 1432 1629 Spiritu
1447 1595 1505 1622 nati
1529 1600 1593 1623 sunt
1611 1595 1660 1622 ﬁlii

870 1637 916 1665 Dei
931 1641 996 1665 sunt
1006 1638 1026 1665 '.
1041 1637 1087 1665 Sic
1105 1639 1177 1666 enim
1191 1643 1285 1673 aperte
1301 1638 1414 1674 Spiritui
1428 1644 1524 1668 sancto
1543 1641 1659 1667 ﬁliorum

868 1682 915 1710 Dei
929 1684 1133 1718 generationem
1161 1686 1290 1718 ascribit,
1318 1693 1381 1712 cum
1408 1685 1476 1713 dixit
1499 1686 1660 1719 :Quemaa-

869 1731 975 1755 modum
999 1729 1068 1764 quod
1095 1738 1127 1757 ea:
1152 1739 1230 1758 carne
1253 1732 1368 1766 genitum
1396 1737 1444 1762 est.
1460 1740 1521 1758 caro
1544 1737 1606 1759 est:
1622 1733 1661 1758 im

869 1775 950 1801 etiam
974 1777 1043 1811 quod
1058 1784 1090 1803 ea:
1103 1777 1197 1810 spiritu
1214 1777 1331 1812 genitum
1353 1782 1390 1804 est
1405 1778 1513 1811 spiritu:
1531 1782 1580 1809 est,
1595 1778 1660 1812 qni-

869 1828 978 1856 cunque
1002 1829 1018 1848 ιι
1045 1821 1149 1857 Spiritu
1179 1823 1263 1858 geniti
1293 1827 1358 1850 sunt
1384 1823 1430 1850 ﬁlii
1459 1823 1504 1850 Dei
1533 1823 1660 1858 appellati

871 1868 965 1895 sunt“.
984 1867 1030 1895 Sie
1047 1869 1129 1895 etiam
1144 1876 1205 1895 cum
1225 1868 1358 1896 Dominus
1379 1876 1427 1903 per
1447 1876 1526 1895 suum
1541 1869 1660 1894 amatum

870 1913 1016 1949 discipulis
1025 1914 1146 1942 dedisset
1156 1913 1287 1949 Spiritum
1299 1919 1437 1946 sanctum,
1455 1915 1493 1941 ait
1507 1914 1627 1940 Joannes
1637 1914 1660 1944 ".

873 1961 910 1989 Ex
927 1961 1094 1996 plenitudine
1110 1960 1170 1994 ejus
1187 1967 1283 1987 omnes
1312 1960 1480 1994 accepimus.
1503 1960 1531 1986 ln
1558 1967 1590 1986 eo
1608 1966 1641 1986 au
1653 1973 1660 1979 -

870 2009 924 2033 tem
939 2006 1095 2033 inhabitare
1110 1999 1310 2041 plenitudinem
1331 2006 1440 2033 deitatis
1460 2013 1574 2039 magnus
1588 2003 1662 2031 Pati—

870 2052 913 2079 lus
939 2053 1111 2080 testiﬁcatur.
1128 2052 1200 2085 Quin
1224 2053 1306 2080 etiam
1324 2060 1370 2087 per
1385 2052 1545 2086 prophetam
1565 2051 1660 2081 Isaiam

870 2098 904 2126 de
923 2106 954 2125 ea
978 2106 1040 2133 quae
1054 2098 1107 2126 sibi
1124 2098 1195 2126 facta
1210 2103 1252 2125 est
1263 2098 1311 2125 Dei
1331 2098 1513 2133 apparitione,
1530 2105 1591 2124 cum
1618 2098 1662 2134 vi-

871 2143 911 2170 dit
931 2143 1071 2172 sedentem
1091 2144 1119 2171 in
1141 2144 1242 2171 throno
1260 2144 1370 2172 excelso
1387 2149 1414 2171 et
1434 2144 1540 2171 elevato
1554 2164 1560 2176 ,
1589 2144 1661 2170 anti~

872 2189 951 2223 quior
967 2189 1078 2216 traditio
1093 2188 1200 2216 Patrem
1216 2197 1277 2216 esse
1292 2189 1358 2216 dicit
1371 2197 1433 2217 eum
1450 2190 1496 2224 qui
1518 2190 1594 2216 visus
1608 2194 1660 2216 est.

15 2239 68 2263 καὶ
89 2237 136 2263 ἔτι
155 2236 198 2263 διὰ
208 2236 254 2263 τοῦ
272 2237 411 2272 προφήτου
433 2236 543 2262 Ἡσαΐου
560 2236 624 2271 περὶ
638 2235 688 2270 τῆς
703 2244 764 2268 γενο

910 2235 925 2262 d
940 2234 1058 2263 Joannes
1069 2235 1235 2269 evangelista
1250 2235 1283 2261 ad
1295 2235 1437 2262 Dominum
1450 2234 1533 2261 refert
1542 2234 1659 2269 prophe-

16 2293 68 2320 νης
92 2283 171 2318 αὖτῴ
195 2282 369 2317 θεοφανείας,
394 2283 438 2309 ὅτε
464 2280 517 2309 εἶδε
540 2282 586 2308 τὸν
605 2281 758 2317 καθήμενον
774 2282 820 2308 ἐπὶ

15 2331 126 2365 θρήνου
150 2329 252 2365 ὑψηλοῦ
275 2329 322 2356 καὶ
348 2328 521 2364 ἐπηρμένου,
545 2329 562 2363 ὴ
589 2328 637 2364 μὲν
656 2328 819 2363 ἀρχαιοτέρα

14 2375 178 2412 παράδοσις
199 2376 245 2402 τὸν
269 2375 380 2410 Πατέρα
399 2373 468 2401 εἶναι
491 2375 564 2410 λέγει
587 2374 632 2401 τὸν
653 2374 782 2409 ὀφθέντα·
806 2374 820 2399 ὁ

12 2422 44 2448 δὲ
67 2420 271 2456 εὐαγγελιστὴς
296 2420 431 2455 Ἰωάννης,
450 2421 490 2451 εἰς
506 2420 551 2446 τὸν
571 2420 673 2455 Κύριον
689 2419 820 2455 ἀναφέρει

13 2467 69 2501 τὴν
91 2467 274 2502 προφητείαν,
289 2466 375 2500 λέγων
389 2466 454 2501 περὶ
472 2465 527 2492 τῶν
543 2466 579 2501 μὴ
602 2466 820 2492 πεπιστευκότων

21 2511 172 2537 Ἰουδαίων
187 2511 237 2542 τὰς
252 2511 292 2545 τῷ
316 2511 442 2548 προφήτῃ
460 2511 588 2545 ῥηθείσας
616 2511 680 2545 περὶ
697 2510 744 2536 τοῦ
767 2511 822 2537 Ku-

15 2558 85 2592 ρίου
115 2557 221 2590 φωνὰς,
246 2558 287 2583 ὅτι
313 2557 407 2584 Ταῦτα
428 2556 513 2584 εἶπεν·
538 2558 672 2591 Ἡσαΐας,
693 2558 741 2584 ὅτε
761 2556 822 2584 εἶδε

17 2611 29 2629 ι
39 2603 85 2635 ἡν
99 2601 195 2634 δόξαν
208 2602 313 2634 αὑτοῦ,
329 2603 378 2629 καὶ
392 2603 526 2638 elui/lucra
542 2604 606 2638 περὶ
625 2603 728 2631 αὑτοῦ.
751 2604 780 2630 '0
792 2605 820 2631 δὲ

16 2648 122 2682 μέγας
136 2647 240 2678 Παῦλος
262 2646 301 2682 τῷ
318 2647 388 2682 ἁγίῳ
403 2648 542 2683 Πνεῦματι
557 2649 603 2674 τὸν
625 2649 704 2676 αὑτὸν
726 2649 820 2675 τοῦτον

14 2693 111 2727 λόγον
127 2693 398 2729 προσεμαρτύρησεν,
416 2695 445 2721 ὲν
464 2695 497 2729 τῇ
516 2694 650 2731 γενομένῃ
664 2695 737 2730 αὐτῷ
754 2695 822 2730 πρὸς

13 2739 93 2770 τοὺς
121 2738 262 2770 Ἰουδαίους
283 2738 354 2765 κατά
376 2739 425 2775 τὴν
442 2739 550 2776 Ῥώμην
571 2741 734 2777 δημηγορίᾳ.
759 2742 822 2767 Ὅτε

15 2785 128 2821 φησιν,
142 2784 239 2816 Καλῶς
262 2783 322 2811 εἷπε
345 2786 409 2820 περὶ
426 2786 502 2821 ὑμῶν
519 2786 548 2813 τὸ
564 2787 675 2822 Πνεῦμα
688 2788 719 2813 τὸ
733 2787 820 2822 ἅγιον,

58 2864 73 2880 ⁸
94 2861 177 2892 Joan.
193 2872 231 2896 ιιι,
248 2865 274 2893 6.
313 2865 323 2880 '
336 2863 414 2892 Joan.
428 2873 446 2896 ι,
463 2865 505 2892 l5.
545 2867 554 2882 ⁷
571 2865 650 2896 Joan.
669 2876 715 2902 xx,
731 2868 775 2897 22.

248 2865 274 2893 6.
313 2865 323 2880 '
336 2863 414 2892 Joan.
428 2873 446 2896 ι,
463 2865 505 2892 l5.
545 2867 554 2882 ⁷
571 2865 650 2896 Joan.
669 2876 715 2902 xx,
731 2868 775 2897 22,
814 2870 824 2886 ⁸
841 2869 893 2898 lsa.
914 2875 948 2903 Vl,
968 2867 993 2894 l.

197 2912 335 2944 ΡΑτιιοι..
358 2910 417 2944 Gtt.
441 2911 535 2944 XLV.

871 2281 948 2312 tiam,
968 2281 1063 2308 dicens
1091 2281 1124 2308 de
1142 2281 1244 2308 Iudaeis
1261 2282 1307 2316 qui
1326 2288 1380 2308 non
1407 2280 1593 2312 crediderunt,
1615 2288 1663 2307 eas

871 2334 953 2354 voces
970 2334 1030 2361 qua:
1046 2334 1061 2352 a
1079 2326 1194 2353 Domino
1205 2327 1343 2362 prophetat
1357 2326 1436 2353 diem:
1452 2326 1572 2353 fuerunt.
1588 2326 1661 2357 Ha'c.

872 2373 992 2408 inquit”,
1006 2373 1074 2399 dixit
1095 2373 1199 2404 Isaias,
1215 2372 1321 2407 quando
1343 2373 1408 2399 vidit
1424 2372 1539 2407 gloriam
1561 2372 1618 2406 ejus
1638 2376 1663 2398 et

872 2420 974 2446 locutus
993 2425 1031 2446 est
1055 2419 1086 2446 de
1105 2428 1134 2446 eo
1150 2421 1171 2446 '.
1194 2419 1309 2453 Magnus
1331 2427 1395 2446 vero
1418 2419 1519 2445 Paulus
1537 2418 1661 2445 eumdem

873 2473 1027 2494 sermonem
1043 2465 1159 2500 Spiritui
1171 2469 1268 2492 saneto
1285 2465 1422 2497 attribuit,
1440 2464 1467 2490 in
1485 2471 1515 2490 ea
1529 2463 1663 2490 concione

873 2519 955 2546 quam
970 2511 1028 2547 ipse
1041 2510 1134 2538 Roma:
1150 2511 1245 2538 habuit
1258 2511 1290 2537 ad
1307 2509 1427 2542 Judzeos,
1445 2517 1507 2536 cum
1524 2509 1572 2540 ait,
1589 2508 1662 2534 Bene

873 2557 940 2585 dixit
954 2557 987 2584 de
1005 2557 1082 2584 vobis
1106 2556 1227 2591 Spiritus
1243 2561 1367 2586 sanctus.
1387 2556 1461 2591 quod
1489 2555 1583 2581 auditu
1610 2560 1661 2579 au-

873 2603 954 2631 dietis
970 2606 996 2630 et
1008 2611 1063 2630 non
1080 2603 1239 2637 intelligetis
1258 2611 1264 2629 :
1282 2601 1447 2631 ostendens,
1463 2600 1535 2627 sicut
1551 2599 1660 2632 opinor,

873 2657 921 2684 per
937 2649 1007 2676 hanc
1029 2652 1152 2676 sanctam
1168 2647 1339 2682 Scripturam
1350 2647 1382 2679 ",
1397 2645 1468 2682 quod
1485 2645 1574 2672 omnis
1591 2644 1662 2671 visio

874 2693 993 2721 divinior
1025 2694 1169 2728 omnisque
1214 2693 1261 2720 Dei
1295 2693 1447 2728 apparitio.
1480 2696 1564 2725 atque
1602 2697 1662 2717 om-

874 2741 916 2768 nis
932 2747 1022 2767 sermo
1048 2741 1094 2775 qui
1119 2748 1153 2767 ex
1183 2747 1301 2774 persona
1328 2738 1375 2765 Dei
1404 2737 1522 2766 dicitur,
1538 2735 1571 2762 de
1583 2734 1664 2762 Patre

873 2792 900 2816 et
928 2788 961 2816 de
986 2786 1056 2814 Filio
1081 2790 1108 2814 et
1147 2786 1181 2813 de
1217 2785 1320 2821 Spiritu
1357 2786 1451 2811 sancto
1490 2781 1662 2816 intelligitur.

1292 2865 1314 2884 ιο
1326 2864 1387 2892 Act.
1404 2871 1502 2895 xxvm,
1518 2861 1564 2895 35,
1580 2859 1626 2888 26.

1464 2908 1501 2940 18

1032 2867 1042 2882 ⁸
1055 2865 1134 2894 Joan.
1146 2865 1252 2901 “1,41.
