1897 3078
209 121 262 151 5ἓο

827 123 855 152 S.
877 124 1040 153 GREGORII
1060 125 1205 154 NYSSENI

1788 128 1836 156 560

212 183 299 207 strare
311 182 408 214 putans
421 186 480 207 esse
493 179 647 214 subjectum
659 183 685 207 et
699 181 898 215 mancipatum,
913 181 994 216 hujus

1057 183 1168 218 νίόμενος
1182 184 1211 210 τὸ
1223 181 1292 210 εἶναι
1307 184 1525 221 ὑποτεταγμένον
1538 185 1585 212 καὶ
1600 184 1767 222 ὑποχείριον,
1779 185 1836 211 τοὺ-

212 225 300 260 gratia
322 225 355 252 ad
379 225 460 260 hujus
486 226 612 253 amentiae
636 227 876 262 reprehensionem
899 228 998 255 horum

212 271 358 298 verborum
374 271 540 299 mentionem
562 272 626 299 feci.
642 273 694 305 Qui
716 272 852 308 Spiritum
868 278 998 301 sanctum

212 316 285 343 Patri
310 316 470 351 subjectum.
487 317 733 345 tae-demonstrare
758 318 904 352 opinatur,
919 317 1000 353 ‘pro-

213 366 302 396 pterca
319 360 533 396 quod‘Spiritus
544 369 599 389 non
623 365 666 390 est
680 362 817 398 Unigeniti
837 366 929 398 pater;
942 371 997 398 qua

211 405 378 434 necessitate
392 406 526 442 talequid
548 407 676 434 conﬁcit?
695 407 764 440 Quia
783 412 860 443 pater
874 415 934 436 .non
950 409 996 441 sit,

211 450 317 478 idcirco
340 458 456 486 prorsus
481 451 518 479 sit
545 451 698 486 subjectus.
726 452 755 480 Si
780 453 999 482 demonstratum

210 501 284 524 esset
303 497 374 524 idem
396 498 564 533 signiﬁcatu,
582 503 686 533 patrem
712 507 774 527 esse
793 503 824 527 et
841 505 998 536 tyrannum,

211 549 385 577 consequens
404 547 479 571 esset
495 544 632 572 intellecta
647 545 794 580 tyrannide
816 546 843 572 in
859 550 936 580 patre
954 554 1000 574 as-

212 597 304 617 serere
318 589 462 624 Spiritum
475 589 633 625 subjectum
659 595 686 618 et
703 591 872 619 submissum
890 600 952 620 esse
975 593 999 619 ei

212 635 259 670 qui
278 639 418 670 potestate
443 637 644 670 przeemineret.
670 636 748 669 Quod
774 638 797 664 si
825 645 874 672 per
894 641 999 673 patrem

212 682 309 709 relatio
330 682 470 709 atHilium
481 683 539 710 sola
555 683 717 718 intelligitur
732 693 738 710 :
757 685 831 711 nulla
853 689 943 712 autem
960 689 1000 720 ty-

213 728 326 755 rannica
346 732 374 755 et
396 728 542 763 imperiosa
569 729 621 756 hac
643 737 710 757 voce
738 730 879 757 inducitur
905 731 998 758 notio:

213 775 352 810 quomodo
366 782 537 810 consequens
552 779 593 803 est
612 776 746 811 Spiritum
763 783 825 804 esse
848 777 999 809 subditum,

213 828 247 848 ex
263 828 295 847 eo
310 821 381 855 quod
397 829 451 848 non
467 821 502 849 sit
519 821 580 849 Filii
597 821 797 857 pater?Neque
808 821 888 854 Filio,
901 822 999 857 inquit,

1049 237 1096 255 του
1112 229 1191 264 χάριν
1200 229 1240 262 εἰς
1252 229 1361 265 ἔλεγχον
1377 230 1427 265 τῆς
1439 231 1531 262 ἀνοίας
1542 230 1624 257 αὐτοῦ
1639 229 1694 257 τῶν
1710 230 1837 266 ῥημάτων

1050 273 1152 300 τούτων
1168 274 1217 309 τὴν
1242 275 1355 310 μνήμην
1368 275 1550 311 ἐποιησάμην.
1570 276 1619 307 Ὃς
1628 275 1714 302 οἴεται
1731 275 1837 302 ἀποδει-

1051 319 1142 346 κνύειν
1165 320 1383 355 ὑποτεταγμένον
1406 321 1444 356 τῷ
1461 321 1549 356 lla-cpi.
1572 321 1603 347 τὸ
1616 320 1747 355 Πνεῦμα,
1773 320 1837 346 διότι

1050 364 1100 390 οὐκ
1117 363 1174 390 ἔστι
1186 365 1277 400 πατὴρ
1288 365 1335 391 τοῦ
1346 366 1514 401 Μονογενοῦς
1524 365 1554 392 τὸ
1569 366 1696 401 Πνεῦμα·
1709 367 1742 392 ἐκ
1762 366 1836 392 ποίας

1051 409 1105 446 γὰρ
1117 410 1238 446 ἀνάγκης
1257 411 1288 437 τὸ
1307 411 1426 438 τοιοῦτον
1447 412 1678 444 κατασκευάζεται
1690 427 1704 444 ,-
1714 412 1753 443 ὡς
1767 412 1791 438 εἱ
1803 412 1837 447 μή

1050 455 1142 492 πατὴρ
1162 456 1203 491 εἴη
1218 457 1264 483 καὶ
1276 457 1455 492 ὑποτετάχθαι
1468 457 1576 490 πάντως
1585 466 1592 490 ς
1602 457 1641 484 -Εί
1656 458 1707 492 μὲν
1717 456 1767 484 οὖν
1779 459 1838 484 ἀπη-

1050 500 1169 527 δέδεικτο
1193 502 1289 529 ταυτὸν
1308 500 1378 530 εἶναι
1399 503 1439 538 τῷ
1458 504 1650 539 σημαινομένῳ
1671 503 1779 539 πατέρα
1794 504 1837 530 καὶ

1050 545 1192 581 τύραννον,
1208 547 1352 575 ἀκόλουθον
1368 546 1413 584 ἦν,
1431 549 1496 584 περὶ
1517 548 1562 576 τὸν
1577 549 1686 584 πατέρα
1697 549 1838 584 νοηθείσης

1049 592 1100 626 τῆς
1122 592 1289 628 τυραννίδος,
1310 593 1492 628 ὑποτετάχθαι
1505 593 1597 628 λέγειν
1614 593 1645 621 τὸ
1666 594 1779 629 Πνεῦμα
1803 595 1838 628 τῷ

1051 638 1121 665 κατὰ
1136 638 1185 673 τὴν
1202 638 1326 671 ἐξουσίαν
1342 639 1495 675 προέχοντι.
1515 641 1551 667 Εἰ
1558 640 1590 667 δὲ
1610 639 1657 667 διὰ
1670 639 1718 666 τοῦ
1740 639 1838 675 πατρδς

1050 684 1066 719 ἡ
1090 683 1157 718 πρὸς
1172 683 1218 710 τὸν
1242 684 1297 712 υἱὸν
1318 685 1410 720 σχέσις
1428 687 1528 712 νοεῖται
1550 686 1631 721 μόνη,
1651 686 1728 713 οὐδὲν
1745 687 1779 713 δὲ
1795 695 1838 712 τυ-

1053 729 1176 764 ραννικὸν
1199 729 1247 756 καὶ
1272 730 1472 762 ἑξουσιαστικὸν
1495 730 1583 766 νόημα
1599 730 1644 757 διά
1666 730 1771 766 ταύτης
1792 730 1839 764 τῆς

1052 775 1142 810 φωνῆς
1155 774 1351 810 παρεισάγεται
1360 783 1366 789 ·
1384 775 1442 807 πῶς
1452 775 1592 802 ἀκολουθεῖ
1604 775 1643 811 τῷ
1656 776 1696 812 μὴ
1709 773 1780 802 εἶναι
1790 784 1839 802 ετα-

1052 819 1117 855 τέρα
1131 820 1178 846 τοῦ
1191 820 1255 846 Υίοῦ
1266 820 1297 846 τὸ
1314 820 1493 856 ὺποτετάχθαι
1512 821 1542 847 τὸ
1560 821 1690 857 [It/stipa;
1707 823 1783 848 οὔτε
1803 821 1839 853 τῷ

214 867 295 893 simul
310 871 474 901 ewa'quatur,
490 867 628 902 quomodo
644 867 703 895 haec
721 868 808 895 dicit?
832 868 910 900 Quod
927 868 1001 895 enim

1057 865 1116 898 Γὶῷ,
1142 865 1505 900 φησὶγσυνεξισούμενον.
1520 866 1582 898 Πῶς
1598 866 1685 893 ταῦτά
1709 867 1838 902 φησιςτὸ

215 911 384 939 immutabile
398 916 451 943 est,
468 920 557 947 neque
570 912 653 940 ullius
671 913 736 940 mali
756 920 857 948 capas,
875 913 1001 948 quodque

213 957 489 992 semperreodemque
504 958 586 985 modo
600 959 627 986 in
645 959 717 986 bono
730 963 882 994 permanet,
896 959 998 986 nullam

215 1001 296 1029 habet
310 1002 487 1030 diﬁereuliam
503 1002 607 1032 inFilio
620 1008 647 1031 et
658 1003 771 1039 Spiritu.
786 1005 823 1032 Ex
838 1012 916 1040 (equo
928 1005 1000 1032 enim

213 1047 287 1082 quod
309 1047 517 1082 incorruptibile
530 1052 571 1076 est
594 1049 620 1076 in
635 1048 737 1084 Spiritu
752 1058 772 1076 ~a
797 1050 920 1084 pernicie
938 1050 996 1077 sive

211 1094 390 1128 corruptione
411 1094 531 1122 alienum
559 1098 611 1128 est,
639 1099 666 1124 et
682 1095 754 1130 quod
777 1099 875 1122 natura
901 1096 1002 1123 bonttm

213 1140 376 1173 est,-eodem
393 1140 472 1175 plane
492 1141 574 1168 modo
598 1149 613 1168 a
631 1141 772 1169 contrario
793 1146 929 1169 secretum
949 1145 1000 1170 est.

213 1185 248 1213 Et
274 1186 347 1222 quod
362 1186 400 1213 -in
422 1186 502 1214 omni
528 1187 600 1215 bono
626 1187 775 1223 perfectum
796 1193 849 1221 est,
875 1187 1003 1216 similitcr

213 1233 274 1260 sine
289 1231 397 1260 defectu
416 1231 498 1260 habet
520 1231 593 1268 quod
608 1233 670 1268 plus
685 1236 737 1260 est.

241 1272 313 1306 Haec
327 1282 416 1305 autem
434 1278 526 1306 omnia
549 1279 582 1306 de
601 1279 706 1314 Spiritu
721 1283 819 1307 sancto
842 1279 958 1308 atiirmat
974 1283 1002 1309 et

214 1325 293 1353 docet
312 1331 326 1351 a
347 1325 402 1352 Deo
422 1324 553 1360 inspirata
575 1325 731 1360 Scriptura,
760 1325 874 1359 bonum,
894 1326 1003 1361 sapien-

215 1377 281 1406 tem,
294 1379 323 1401 et
335 1373 583 1408 ineorruptibilem,
595 1379 623 1402 et
636 1374 830 1408 immortalem,
842 1378 927 1409 atque
944 1381 1003 1402 om-

211 1419 261 1446 nia
273 1420 381 1448 excelsa
399 1424 426 1447 et
443 1420 499 1448 Deo
520 1420 619 1448 decora
642 1427 722 1447 sensa
741 1420 824 1447 animi
842 1424 870 1447 et
891 1419 1002 1447 nomina

215 1465 329 1501 Spiritui
343 1470 440 1494 sancto
457 1466 613 1501 assignans.
625 1465 654 1493 Si
672 1465 755 1500 igitur
770 1466 797 1493 in
814 1465 889 1492 nullo
904 1465 1001 1492 horum

215 1512 376 1539 imminutus
391 1516 441 1545 est,
458 1512 484 1538 in
501 1519 555 1546 quo
572 1511 785 1547 inmqualitatem
799 1510 860 1537 Filii
874 1515 901 1538 et
914 1511 1002 1546 Spiri-
1016 1530 1037 1559 Ο

217 1562 260 1584 tus
278 1556 428 1585 Eunomius
446 1557 609 1584 dimetitur?
626 1557 780 1591 Unigeuitus
798 1557 865 1584 enim
887 1560 937 1590 est,
961 1556 1003 1583 in-

216 1603 285 1638 quit,
298 1601 395 1634 Filius,
407 1601 508 1628 nullum
518 1601 629 1636 [mtrem
642 1601 739 1628 habens
748 1601 935 1636 similigenum.
949 1600 1003 1629 Sed

216 1648 251 1675 de
265 1655 297 1675 co
315 1647 389 1682 quod
407 1655 460 1674 non
475 1651 600 1682 oporteat
622 1654 685 1674 cum
703 1646 835 1674 fratribus
851 1647 1004 1682 intelligere

212 1692 410 1728 Unigenitum.
437 1693 464 1720 in
492 1701 617 1721 sermone
644 1693 678 1720 de
703 1692 888 1729 primogenita
914 1692 1003 1720 oumis

211 1742 350 1766 creatum
375 1739 569 1767 disseruimus.
600 1738 677 1772 Quod
702 1743 791 1766 autem
813 1739 850 1766 ab
878 1739 929 1766 hoc
956 1746 1005 1774 per

216 1785 348 1812 malitiam
364 1789 391 1812 et
407 1785 608 1820 improbitatem
624 1784 778 1820 projectum
791 1788 843 1816 est,
858 1784 936 1812 decet
949 1792 1003 1811 non

218 1830 406 1859 indiscussum
420 1838 502 1866 atqtte
518 1839 573 1859 non
584 1832 769 1859 examinatum
781 1835 1003 1866 pratereurrere.

216 1875 284 1903 Nam
299 1883 361 1903 cum
378 1877 595 1904 ecclesiasticum
611 1876 709 1910 dogma
734 1883 817 1903 unam
839 1875 867 1902 in
884 1875 964 1903 Patre
978 1879 1006 1903 et

217 1919 298 1952 Filio.
321 1924 348 1948 et
369 1921 473 1956 Spiritu
497 1926 594 1949 sancto
608 1921 736 1949 virtutem
752 1925 779 1948 et
794 1921 957 1954 bonitatem,
977 1925 1005 1948 et

217 1966 378 1998 essentiam,
402 1969 429 1993 et
452 1966 565 2001 gloriam
586 1966 644 1993 sive
665 1966 850 2000 majestatcm,
873 1970 899 1994 et
913 1967 1006 1993 omnia

219 2019 279 2047 qua:
304 2015 368 2039 sunt
389 2011 524 2046 ejusmodi
556 2011 698 2046 praedicet,
722 2016 834 2047 excepta
853 2011 1006 2040 dilferentia

217 2066 279 2094 qua:
292 2062 334 2086 est
348 2057 498 2086 secundum
513 2065 645 2092 personas
657 2067 664 2085 :
675 2058 796 2085 hic'cum
811 2057 868 2084 vult
883 2065 1006 2085 commu-

218 2112 280 2132 nem
297 2104 389 2132 facere
405 2111 467 2132 cum
484 2108 609 2130 creatura
620 2103 766 2138 vUnigeniti
780 2103 938 2136 essentiam,
950 2103 1007 2138 pri-

218 2151 387 2186 mogenitum
410 2149 498 2184 ipsum
516 2148 582 2176 dicit
605 2149 695 2176 omnis
710 2153 843 2176 creaturae
857 2149 1007 2176 secundum

1052 910 1105 946 γὰρ
1114 910 1175 938 οὔτε
1186 911 1232 938 καὶ
1244 912 1377 947 ἄτρεπτον
1385 912 1434 938 καὶ
1444 911 1529 939 κακοῦ
1538 912 1646 944 πάντως
1657 912 1838 944 ἀνεπίδεκτον,

1052 958 1099 984 καὶ
1109 985 1114 989 _
1126 957 1170 984 ἀεὶ
1183 958 1322 990 -ὡσαύτως
1338 958 1367 985 ὲν
1382 958 1535 994 τῷνάγαθῷ
1554 959 1680 994 διαμένον
1691 979 1698 990 ,
1714 959 1839 994 οὐδεμίαν

1053 1003 1107 1039 ἔχει
1130 1003 1308 1039 παραλλαγὴν
1325 1004 1371 1031 ἐπὶ
1397 1003 1444 1030 τοῦ
1460 1004 1525 1031 Υἱοῦ
1550 1004 1596 1031 καὶ
1609 1004 1657 1031 τοῦ
1673 1004 1838 1037 Πνεόματος.

1059 1049 1171 1084 Ἐπίσης
1179 1049 1232 1084 γὰρ
1243 1049 1274 1076 τὺ
1293 1049 1340 1076 τοῦ
1357 1049 1514 1085 Πνεύματος
1529 1050 1667 1085 ἄφθαρτον
1681 1052 1728 1085 τῆς
1740 1049 1839 1084 φθορᾶς

1053 1095 1239 1130 ἠλλοτρίωται,
1255 1095 1302 1122 καὶ
1317 1095 1348 1122 τὸ
1370 1097 1402 1132 τῇ
1428 1095 1508 1130 φύσει
1524 1096 1626 1130 ἀγαθὸν
1645 1096 1779 1127 ὡσαύτως
1796 1095 1840 1121 τοῦ

1053 1140 1360 1176 ἐναντίου-κεχώρισται.
1370 1142 1424 1169 Καὶ
1440 1141 1470 1169 τὸ
1482 1143 1511 1168 ἐν
1526 1142 1606 1169 παντὶ
1621 1141 1719 1177 ἀγαθῷ
1730 1141 1840 1173 τέλειον,

1053 1186 1153 1223 ὁμοίως
1165 1186 1296 1218 ἀνενδεῶς
1308 1186 1421 1222 ἔχειτοῦ
1436 1186 1565 1219 πλείονος.

1088 1277 1180 1305 Ταῦτα
1190 1278 1220 1305 δὲ
1233 1278 1322 1313 λέγειν
1336 1278 1400 1314 περὶΙ
1414 1278 1461 1306 τοῦ
1474 1278 1543 1306 Πνεύ
1548 1287 1631 1314 ματος
1643 1279 1733 1306 πάντα
1757 1279 1776 1313 ἠ
1790 1278 1843 1304 θεό-

1054 1332 1186 1356 πνευστος
1209 1324 1330 1351 διδάσκει
1347 1324 1458 1360 Γραφὴ,
1473 1324 1591 1358 ἀγαθὸν,
1607 1325 1655 1351 καὶ
1680 1324 1774 1358 σοφὸν,
1796 1324 1841 1350 καὶ

1053 1370 1190 1406 ἄφθαρτον
1204 1390 1212 1403 ,
1228 1370 1275 1397 καὶ
1291 1370 1502 1402 ἀθάνατον,“καὶ
1523 1371 1612 1397 πάντα
1622 1371 1657 1397 τὰ
1679 1370 1773 1406 ὑψηλὰ
1798 1370 1842 1397 καὶ

1052 1415 1088 1443 τὰ
1114 1416 1251 1451 θεοπρεπῆ
1271 1416 1393 1452 νοήματά
1407 1424 1438 1442 τε
1456 1416 1503 1443 καὶ
1524 1417 1644 1452 ὀνόματα
1667 1425 1845 1452 προσμαρτυ-

1055 1463 1139 1499 ροῦσα
1153 1462 1192 1498 τῷ
1214 1463 1361 1499 Πνεύματι.
1388 1463 1421 1489 El
1435 1460 1481 1490 οὖν
1501 1463 1530 1489 ὲν
1545 1463 1632 1490 οὐδενὶ
1645 1462 1751 1490 τούτων
1767 1463 1844 1498 ἠλάτ-

1054 1517 1149 1542 τωται,
1167 1509 1196 1536 ὲν
1208 1508 1260 1536 τίνι
1272 1509 1303 1535 τὸ
1313 1509 1405 1536 ἀνισον
1419 1508 1465 1535 τοῦ
1481 1508 1546 1535 Υἱοῦ
1561 1509 1611 1546 καὶ
1622 1508 1669 1535 τοῦ
1685 1509 1844 1544 Badium;

1054 1555 1193 1590 διαμετρεῖ
1208 1555 1223 1581 ὁ
1239 1555 1385 1590 Εὑνόμιος;
1404 1554 1576 1590 Moverat-hc
1590 1554 1648 1589 γάρ
1657 1555 1736 1586 ἐστι,
1752 1555 1843 1590 φησὶνῚ

1055 1603 1071 1629 ὁ
1083 1601 1157 1635 Υἱὸς,
1169 1601 1277 1628 οὐδένα
1288 1601 1367 1636 ἔχων·
1378 1601 1514 1641 dcit-2.19761:
1530 1600 1671 1636 ὁμογενῆ.
1687 1600 1773 1627 Ἀλλὶ
1784 1600 1846 1635 περὶ

1054 1646 1100 1673 τοῦ
1117 1646 1154 1682 μὴ
1167 1646 1221 1672 δεῖν
1237 1646 1306 1681 μετὰ
1319 1645 1439 1680 ἀδελφῶν
1452 1646 1522 1672 νοεῖν
1537 1646 1582 1672 τὸν
1597 1645 1750 1681 Μονογενῆ,
1766 1646 1796 1671 ὲν
1809 1644 1846 1680 τῷ

1055 1692 1126 1727 λόγῳ
1144 1691 1182 1727 τῷ
1202 1691 1328 1726 περὶτοῦ
1343 1691 1516 1726 πρωτοτόκου
1542 1692 1631 1727 πάσης
1652 1691 1706 1726 τῆς
1725 1692 1847 1722 «sint»;

1055 1737 1240 1773 διειλὴφαμεν.
1261 1737 1297 1763 Τὸ
1306 1736 1339 1763 δὲ
1361 1737 1435 1772 παρὰ
1449 1736 1543 1763 τούτου
1557 1737 1605 1764 νῦν
1621 1737 1848 1772 διάηκακουργὶας

1056 1783 1205 1820 προσριφὲν
1217 1782 1256 1819 τῷ
1264 1783 1347 1818 λόγῳ,
1359 1783 1490 1819 προσήκει
1506 1783 1542 1819 μὴ
1552 1783 1747 1819 παραδραμεῖν
1756 1784 1850 1816 ἀνεξέ-

1056 1837 1164 1857 ταστον.
1180 1829 1233 1856 Τοῦ
1247 1829 1301 1864 γὰρ
1324 1829 1549 1864 ἐκκλησιαστικοῦ
1564 1829 1704 1865 δόγματος
1723 1830 1800 1865 μίαν..
1819 1830 1849 1856 ὲν

1056 1875 1180 1911 “neptes
1193 1875 1240 1903 καὶ
1253 1875 1308 1911 Υίῷ
1323 1876 1369 1902 καὶ
1384 1876 1521 1911 Πνεύματι
1532 1871 1612 1911 ἀγίῳ,
1624 1875 1740 1911 δύναμίν
1755 1885 1789 1903 τε
1804 1877 1851 1903 καὶ

1057 1921 1212 1956 ἀγαθάτητα
1226 1921 1272 1948 καὶ
1286 1921 1380 1948 οὐσίαν
1399 1923 1445 1948 κα)¹
1463 1921 1552 1954 δόξαν,
1564 1921 1616 1948 -καὶ
1637 1921 1729 1948 πάντα
1743 1921 1781 1948 τὰ
1796 1931 1851 1949 τηι-

1057 1967 1126 1994 αὖτα
1151 1967 1343 2003 κηρύσσοντος,
1359 1967 1428 2003 πλὴν
1444 1969 1494 2002 τῆς
1515 1967 1586 1994 κατὰ
1605 1967 1656 2000 τὰς
1680 1967 1852 2000 ὑποστάσεις

1057 2012 1198 2047 διαφορᾶς,
1210 2009 1287 2044 οὗτος
1298 2013 1362 2038 ὅταν
1374 2012 1423 2047 μὲν
1436 2011 1564 2047 βούληται
1582 2013 1770 2048 κοινοποιῆσαι
1783 2014 1851 2048 πρὸς

1057 2059 1107 2093 τὴν
1122 2059 1211 2086 κτίσιν
1229 2058 1276 2085 τοῦ
1296 2058 1464 2093 Μονογενοῦς
1479 2059 1528 2094 τὴν
1550 2059 1653 2092 οὐσίαν,
1675 2060 1851 2096 πρωτότοκον

1058 2105 1138 2132 αὑτὸν
1146 2104 1221 2138 λέγει
1237 2103 1327 2139 πάσης
1342 2104 1392 2140 τῆς
1405 2104 1531 2137 κτίσεως,
1543 2105 1614 2132 κατὰ
1623 2105 1673 2141 τὴν
1685 2106 1853 2141 προσιώνιον

1057 2149 1193 2185 ὓπαρξιν,
1211 2149 1314 2183 ἀδελφά
1333 2149 1380 2176 τοῦ
1398 2149 1500 2184 Κυρίου
1517 2149 1606 2176 πάντα
1620 2149 1655 2176 τὰ
1669 2151 1699 2177 ἐν
1713 2152 1745 2186 τῇ
1764 2151 1853 2178 κτίσει

219 2200 283 2224 ante
295 2200 426 2223 :eternum
442 2193 641 2225 exsistcntiam,
657 2193 749 2220 omnia
760 2201 821 2228 quae
839 2194 867 2221 in
882 2197 1002 2221 creatura

1059 2195 1191 2230 νοούμενα
1201 2194 1245 2221 διὰ
1258 2194 1309 2230 τῆς
1323 2194 1413 2229 φωνῆς
1423 2194 1524 2230 ταύτης
1538 2192 1608 2221 εἶναι
1620 2195 1852 2231 ἀποφαινόμενος.

220 2243 411 2277 intelliguntur
423 2241 473 2268 hac
483 2247 548 2268 voce
558 2247 619 2268 esse
631 2239 729 2268 fratres
739 2239 845 2267 Domini
857 2239 1006 2267 afﬁrmans.

219 2287 422 2322 Primogenitus
449 2287 520 2314 enim
545 2294 599 2314 non
626 2293 721 2314 eorum
748 2286 796 2321 qui
817 2290 882 2314 sunt
906 2286 1008 2314 diversi

220 2334 340 2369 generis.
356 2332 403 2360 sed
422 2339 517 2360 eorum
533 2332 580 2367 qui
593 2331 715 2366 ejusdem
735 2335 799 2360 sunt
810 2331 929 2367 generis,
946 2339 1008 2358 om-

220 2379 287 2406 n’mo
307 2377 504 2413 primogenitus
520 2382 572 2405 est.
589 2377 658 2405 Cum
683 2380 773 2405 autem
800 2385 815 2404 a
839 2377 1009 2405 eonnexione

220 2424 280 2452 sive
293 2423 449 2452 cohaesione
459 2431 520 2458 qua:
536 2427 578 2450 est
593 2431 653 2451 cum
667 2423 736 2450 Filio
744 2422 877 2458 Spiritum
890 2423 1008 2455 divellit.

224 2468 398 2505 Unigenilum
421 2469 511 2503 ipsum
532 2469 610 2501 dicit,
640 2476 694 2496 non
725 2468 868 2496 habentem
899 2468 1010 2496 fratrem

223 2521 415 2550 congenerem.
436 2514 494 2542 sive
510 2513 632 2549 ejusdem
652 2514 771 2549 generis,
785 2522 839 2542 non
864 2518 894 2542 ut
909 2515 1011 2550 absque

222 2560 355 2588 fratribus
370 2559 460 2594 ipsum
480 2559 623 2593 intelligat.
638 2559 690 2586 sed
713 2565 742 2587 ut.
761 2567 810 2594 per
828 2559 880 2588 hoc
902 2560 937 2588 de
948 2560 1011 2594 Spi-

223 2607 278 2634 ritu
295 2605 367 2642 quod
391 2604 542 2633 secundum
567 2605 714 2632 essentiam
739 2604 859 2631 alienum
883 2608 926 2633 est
942 2612 1010 2632 con-

225 2655 324 2679 struat.
341 2650 408 2678 Nam
425 2650 558 2685 Spiritum
574 2653 699 2676 sanctum
717 2651 827 2677 fratrem
840 2649 945 2677 Domini
957 2658 1011 2677 non

225 2696 361 2730 appellare
374 2703 409 2724 ex
423 2695 566 2730 Scriptura
583 2694 736 2721 didicimus.
751 2694 807 2722 Sed
821 2702 874 2721 non
888 2699 1013 2729 oportere

226 2740 358 2774 Spiritum
374 2740 496 2775 ejusdem
512 2740 632 2775 generis,
653 2740 680 2767 id
698 2743 751 2773 est,
768 2740 929 2768 substantia:
950 2748 1011 2767 cum

228 2783 298 2811 Filio
318 2785 420 2817 dicere,
435 2793 469 2813 ex
490 2785 568 2812 nullo
591 2785 744 2813 divinorttm
769 2785 934 2820 scriptorum
954 2786 1012 2813 loco

229 2830 442 2860 demonstratur.
459 2831 495 2869 Si
519 2831 591 2859 enim
607 2831 694 2860 virtus
707 2832 814 2862 viviﬁca
837 2832 864 2861 in
881 2831 962 2861 Patre
985 2835 1012 2861 ct

1063 2241 1095 2268 50
1113 2241 1168 2276 γὰρ
1188 2239 1370 2276 πρωτότοκος,
1389 2239 1418 2266 οὐ
1441 2239 1494 2266 τῶν
1509 2240 1687 2275 ἑτερογενῶν,
1703 2241 1778 2267 ἀλλὰ
1800 2241 1854 2267 τῶν

1059 2285 1197 2321 ὁμογενῶν
1223 2284 1332 2317 πάντως
1357 2285 1415 2311 ἐστὶ
1437 2285 1619 2320 πρωτότοκος.
1641 2285 1728 2312 Ὅταν
1752 2286 1785 2313 δὲ
1806 2287 1855 2320 τῆς

1060 2332 1129 2366 πρὸς
1143 2330 1190 2357 τὸν
1204 2329 1267 2357 Nov
1286 2329 1434 2364 συναφείας
1452 2329 1593 2365 ὰποσχίζει
1607 2329 1638 2356 τὸ
1656 2331 1784 2365 Πνεῦμα,
1798 2332 1855 2358 Μο-

1060 2375 1156 2411 νογενῆ
1176 2374 1257 2402 αὐτὸν
1274 2374 1357 2407 λέγει,
1372 2374 1409 2410 μὴ
1425 2374 1521 2410 έχοντα
1533 2375 1646 2409 ἀδελφὺν
1663 2376 1857 2412 ὀμογενῆφξίι

1062 2422 1105 2448 ἵνα
1128 2421 1192 2448 ἄνευ
1214 2420 1337 2454 ἀδελφῶν
1351 2420 1432 2447 αὐτὸν
1445 2420 1539 2456 νοήσῃ,
1555 2420 1612 2447 ἀλλ’
1629 2421 1675 2448 ἵνα
1697 2421 1744 2448 διὰ
1759 2421 1857 2448 retire-4

1062 2466 1255 2502 κατασκευάσῃ
1271 2466 1335 2502 περὶ
1345 2464 1393 2492 τοῦ
1404 2465 1563 2500 Πνεύματος
1573 2465 1605 2492 τὸ
1616 2466 1687 2493 κατά
1701 2467 1753 2502 τὴν
1763 2468 1858 2494 οὐσίαν

1061 2511 1210 2547 ἀλλότριον.
1226 2511 1263 2538 Τὸ
1279 2511 1327 2547 μὲν
1338 2511 1393 2546 γὰρ
1409 2511 1446 2546 μὴ
1461 2510 1551 2545 λέγειν
1566 2511 1680 2546 ἀδελφὺν
1698 2511 1729 2538 τὸ
1739 2513 1859 2547 Πνεῦμα

1062 2557 1092 2584 τὺ
1108 2557 1196 2591 ἅγιον,
1214 2556 1289 2592 παρά
1302 2557 1352 2592 τῆς
1366 2556 1478 2592 Γραφῆς
1493 2556 1711 2592 μεμαθήκαμεν
1725 2558 1759 2585 τὺ
1778 2559 1806 2586 δὲ
1821 2561 1859 2594 μὴ

1062 2603 1116 2630 δεῖν
1137 2603 1265 2638 ὁμογενὲς
1284 2602 1322 2638 τῷ
1339 2602 1395 2638 Υἰῷ
1408 2602 1498 2637 λέγειν
1514 2602 1545 2628 τὸ
1565 2602 1688 2638 Πνεῦμα,
1705 2604 1858 2640 οὐδαμύὸετ

1063 2650 1095 2676 ἐκ
1106 2649 1160 2675 τῶν
1187 2648 1266 2676 θείων
1293 2648 1483 2676 ἀποδείκνυται
1505 2648 1602 2683 λόγων.
1619 2649 1652 2675 Εἰ
1665 2649 1722 2686 γὰρ
1737 2650 1774 2685 δὴ
1791 2650 1859 2682 ζωο-

1062 2695 1139 2726 ποιὸς
1157 2694 1273 2729 δύναμις
1288 2694 1318 2720 ὲν
1342 2694 1430 2730 Πατρὶ
1446 2695 1493 2721 καὶ
1508 2694 1575 2729 Υῑῷ,
1599 2695 1798 2722 ἀποδείκνυται
1811 2697 1860 2722 καὶ

1063 2740 1091 2766 ἒν
1107 2739 1244 2775 Πνεύματι
1257 2739 1336 2774 ἁγίῳ,
1355 2738 1426 2766 κατὰ
1439 2739 1489 2774 τὴν
1504 2739 1550 2766 τοῦ
1568 2740 1737 2773 Εὑαγγελίου
1751 2742 1858 2775 φωνήν.

1063 2786 1094 2812 Et
1107 2784 1138 2811 τὸ
1156 2784 1294 2820 ἄφθαρτόν
1307 2792 1336 2810 τε
1355 2785 1402 2811 καὶ
1417 2784 1549 2819 ἄτρεπτον
1570 2784 1617 2811 καὶ
1639 2784 1670 2810 τὸ
1689 2784 1780 2811 κακοῦ
1796 2794 1859 2811 πειν-

1063 2830 1108 2862 τδς
1132 2830 1354 2866 ἀνεπίδεκτον,,ει
1374 2829 1404 2857 τὸ
1422 2829 1521 2865 ἀγαθόν
1538 2838 1567 2857 τε
1591 2830 1639 2858 καὶ
1662 2826 1742 2862 εὖθὲς
1763 2823 1815 2858 ’καὶ
1828 2830 1860 2857 τὸ
