1897 3078
52 131 105 160 56!

613 139 751 168 CONTRA
773 140 967 176 EUNOMIUM,
988 142 1051 180 LIB.
1073 142 1104 170 ll.

1634 144 1684 172 562

54 189 227 226 ἡγεμονικὸν,
244 190 290 218 καὶ
304 191 333 219 τὸ
358 193 446 221 πάντα
461 194 489 221 ἐν
503 195 582 222 πᾶσιν
603 197 730 234 ἐνεργοῦν
752 199 834 230 καθὼς

893 200 972 233 Filio,
987 201 1201 243 Vdemonstratur
1224 201 1305 229 etiam
1330 201 1357 229 in
1378 202 1481 238 Spiritu
1504 189 1612 236 sancto,
1639 212 1682 231 sc-

51 235 195 268 βωλεται,
213 236 237 262 εἰ
255 240 343 264 πάντα
358 239 393 265 τὰ
413 240 524 267 τοιαῦτα
540 241 669 274 ὡσαύτως
685 242 758 270 ἔστιν
778 244 842 270 ἰδεῖν

50 280 99 305 ἐπὶ
114 280 218 316 Πατρός
237 290 267 308 τε
285 283 331 309 καὶ
341 283 406 310 Υῐοῦ
428 286 474 312 καὶ
493 286 650 321 Πνεύματος
668 288 746 322 ἁγίου
758 297 765 303 ·
781 290 839 320 πῶς

49 325 111 351 ἔστι
126 326 171 352 διὰ
183 327 231 361 τῆς
247 328 275 354 ἐν
288 328 392 361 τούτοις
405 331 568 367 ταυτότητος
580 332 610 358 τό
627 333 782 368 ἑτερογενὲς
798 335 841 362 ἐν-

49 369 146 405 νοῆσαι
158 379 166 403 ;
180 372 285 399 Οὐκοῦν
298 373 329 400 τὺ
339 375 378 410 μὴ
391 374 446 402 δεῖν
458 376 625 412 ἀδελφότητα
636 386 696 404 τινα
715 379 779 415 περὶ
794 380 840 408 τὸν

46 419 190 464 Μονογενῆ
201 420 323 457 θεωρεῖν,
340 423 358 449 ό
368 424 417 459 τῆς
429 425 569 458 εὐσεϐείας
579 427 732 455 συντίθεται
744 428 822 464 λόγος
830 437 838 445 ⁸

48 463 80 490 τὸ
95 465 123 491 δὲ
139 465 176 501 μὴ
190 464 309 502 εἶναιτῷ
321 468 377 505 Υίῷ
390 470 518 504 ὁμογενὲς
532 471 562 498 τὸ
577 472 700 508 Πνεῦμα,
716 463 840 509 τῷνεῦθεῖ

44 510 79 536 τὸ
94 510 188 545 εὺθὲς,
199 512 238 548 τῷ
249 514 342 549 ἀγαθῷ
358 515 389 541 τὸ
403 516 514 551 ἀγαθὸν,
529 517 568 553 τῷ
586 517 711 554 ζωοποιεῖ*
726 520 837 552 mecm-

43 555 141 588 ποιὸν,
159 557 236 585 τοῦτο
254 559 303 594 τῆς
320 560 459 596 αἱρετικῆς
483 563 649 598 κακουργίας
674 564 706 590 ὲκ
726 564 776 599 τῆς
790 564 837 591 τοῦ

42 599 129 633 λόγου
142 601 301 635 ἀκολουθίας
321 604 414 638 σαφῶς
430 605 626 633 ἀποδέδεικται.

896 246 1016 273 cundqu
1032 246 1170 282 Evangelii
1188 246 1368 275 edictionem:
1386 249 1407 275 si
1423 248 1495 282 quod
1518 248 1684 284 incorrupu'q

896 292 949 319 bile
976 296 1004 318 et
1024 291 1260 324 incommutabile,
1274 293 1400 327 quodque
1427 293 1530 321 nullius
1554 294 1619 320 mali
1641 299 1686 322 est

895 345 992 372 capax,
1010 338 1033 365 si
1047 337 1120 373 quod
1136 338 1236 365 bonum
1248 342 1275 365 et
1289 343 1405 371 rectum,
1417 342 1444 366 et
1457 340 1529 374 quod
1546 340 1681 374 principa-

896 388 952 411 tum
968 384 1060 416 habet,
1081 388 1107 412 et
1121 384 1195 419 quod
1213 385 1304 411 omnia
1320 384 1348 411 in
1362 386 1489 413 omnibus
1504 385 1586 412 eﬂicit
1600 390 1680 421 prout

895 428 951 455 vult
971 438 976 455 :
996 429 1017 455 si
1038 429 1130 455 omnia
1143 436 1203 463 qum
1218 433 1282 457 sunt
1295 429 1361 456 talia
1377 430 1475 457 eodem
1489 430 1570 457 modo
1587 430 1680 458 videre
1716 465 1720 469 ἱ

893 475 956 502 licet
969 475 995 502 in
1013 474 1103 506 Patre,
1126 479 1153 502 et
1166 475 1236 502 Filio
1251 480 1278 503 et
1293 476 1396 510 Spiritu
1419 476 1678 512 sanam-quomodo

894 520 957 547 licet
973 520 1023 547 hac
1043 520 1185 548 identitate
1203 522 1276 556 quod
1295 522 1395 549 diversi
1414 521 1521 557 generis
1537 527 1580 549 est
1594 522 1677 549 intel-

893 565 993 599 ligere?
1013 564 1071 592 Non
1088 565 1171 600 igitur
1195 570 1321 601 oportere
1345 567 1464 601 aliquam
1480 566 1677 593 fraternitatem

893 609 920 638 in
937 610 1081 646 Unigenitu
1098 619 1210 638 cernere
1230 611 1338 646 pietatis
1351 612 1486 639 consentit
1503 619 1604 639 sermo.
1624 612 1687 639 Sed.

44 645 184 680 Spiritum
207 655 261 674 non
281 656 343 676 esse
365 656 428 677 cum
448 649 517 678 Filio
537 651 661 686 ejusdem
684 654 804 689 generis,
828 654 854 682 id
873 660 934 689 est,
962 645 1134 688 substantiae,
1155 645 1258 684 rectum
1295 665 1357 684 cum
1384 661 1468 690 recto,
1489 658 1589 685 bonum
1615 665 1686 684 cum.

40 692 133 724 bono,
160 692 310 720 viviﬁcum.
325 701 387 722 cum
407 695 530 730 viviﬁco,
547 697 598 725 hoc
621 697 755 726 hazreticae
776 707 838 728 esse
855 702 1057 736 pravitatis,_ex
1073 704 1188 740 rationis
1205 703 1400 731 consecutione
1437 708 1529 738 aperte
1561 704 1674 731 demon-

39 743 164 766 stratum
177 743 230 767 est.

80 787 116 813 Τί
129 784 176 814 οὖν
192 787 236 814 διὰ
248 788 354 825 ,τούτων
376 790 532 819 κολοϐοῦται
554 793 570 827 ὴ
590 793 766 829 μεγαλειότης
787 795 834 821 τοῦ

40 831 221 866 Evadite-Ioc;
237 832 318 860 Οὐδὲν
332 834 386 869 γάρ
400 835 458 862 ἐστι
469 836 500 862 τὸ
522 837 689 873 πλεονασμὸν
705 839 721 874 ἢ
741 838 835 873 ὕφεσιν

39 876 196 919 εμποιῆσαι
213 877 360 913 δυνάμενον
372 879 404 905 ὲκ
426 880 479 907 τῶν
496 881 654 918 Θεοπρεπῶν
676 884 833 919 νοημάτωνν

37 917 83 947 ὧν
101 921 213 948 πάντων
233 922 303 949 κατὰ
319 923 349 949 τὸ
366 921 424 951 ἶσον
450 917 649 961 ἐπιλεγομένων
669 917 760 963 eo};
781 928 835 964 Υίῷ

40 966 95 991 καὶ
114 965 154 1001 τῷ
177 967 315 1002 Πνεύματι
333 969 408 1004 παρὰ
430 971 480 1006 τῆς
495 971 575 1005 ἁγίας
595 973 716 1008 Γραφῆς,
731 974 761 1000 ὲν
783 974 835 1001 τίνι

38 1011 142 1046 βλέπει
155 1012 185 1038 τὺ
196 1012 302 1047 ἄνισον;
317 1015 374 1041 Οὐκ
393 1015 427 1042 ἂν
449 1017 536 1043 εἰπεῖν
550 1017 615 1052 ἔχοι.
635 1019 713 1046 Ἀλλὰ
729 1019 834 1055 γυμνὴν

37 1057 93 1084 καὶ
115 1058 312 1093 ἀκατάσκευον,
332 1061 377 1088 καὶ
402 1062 535 1098 μηδεμιᾶς
553 1065 710 1100 ἠρτημένην
724 1065 834 1092 ἀκολου-

36 1101 106 1133 θίας
121 1101 172 1138 τὴν
194 1103 264 1130 κατὰ
280 1104 329 1131 τοῦ
350 1105 426 1140 ἁγίου
445 1107 601 1142 Πνεύματος
620 1109 749 1144 προφέρει
771 1110 834 1136 ἀστε-

34 1147 132 1176 ϐειαν.
143 1148 218 1176 οὔτε
227 1149 291 1184 μὴν
307 1151 398 1185 ἀμφ,
412 1154 488 1188 φησὶ,
501 1154 558 1180 τινι
571 1155 830 1189 συντασσόμενον.

39 1192 206 1220 Ἁπάντων
212 1195 269 1230 γὰρ
273 1195 437 1232 ἀναϐέϐηκε
447 1198 505 1225 τῶν¹
512 1199 560 1226 διὰ
568 1199 620 1227 τοῦ
630 1200 697 1227 Υὶοῦ
710 1202 831 1236 γενομέ-

31 1247 105 1267 νων
114 1240 298 1275 ποιημάτων,
309 1244 434 1277 γενέσει,
446 1245 495 1271 καὶ
509 1245 609 1278 φύσει,
620 1245 668 1272 καὶ
684 1246 769 1281 δόξῃ,
781 1248 831 1275 καὶ

32 1283 212 1318 τνώσεονὼς
219 1285 430 1323 πρῶτον-ἔργον
440 1289 487 1316 καὶ
496 1290 658 1323 κράτιστον
664 1292 717 1319 τοῦ
727 1294 828 1320 Μονο-

31 1329 312 1366 τενοσῦς,μέτιοετόν
324 1341 355 1360 τε
366 1334 414 1361 καὶ
426 1334 602 1363 κάλλιστον.
619 1337 689 1371 Ἐγὼ
703 1338 730 1365 δὲ
740 1338 770 1364 τὸ
781 1339 831 1373 μὲν

30 1374 205 1420 ἀπαίδευτον
217 1377 263 1403 καὶ
275 1378 444 1414 ωρφετῶδες
462 1380 510 1416 τῆς
523 1381 629 1415 λέξεως,
649 1383 737 1415 ἄλλοις
757 1393 830 1420 κωμ-

30 1418 121 1453 ῳδεῖν
135 1420 289 1456 καταλείψω
305 1429 312 1438 ·
327 1423 450 1460 ἀπρεπὲς
464 1424 532 1453 εἶναι
548 1427 647 1463 κρίνων
662 1418 828 1466 πρεσϐυτικῇ

30 1465 189 1512 πολιᾷ-τὴν
201 1467 233 1494 ἐν
245 1469 300 1500 τοῖς
311 1469 431 1505 ῥήμασιν
441 1472 617 1500 ἀπαιδευσίαν
630 1476 777 1512 προφέρειν
791 1465 829 1511 rip

30 1509 184 1537 ἀσεϐοῦντι
202 1512 242 1544 εἰς
258 1512 304 1539 τὸν
328 1516 561 1551 προσκυνούμενον
580 1509 663 1553 Λόγον
675 1528 682 1535 ·
694 1509 781 1547 ἐκεῖνο
801 1509 829 1548 δὲ

924 794 993 828 Quid
1010 794 1093 829 igitur
1106 803 1153 830 per
1168 795 1224 822 haec
1239 794 1359 830 Spiritus
1373 795 1502 830 maiestas
1522 797 1612 825 minus
1628 798 1676 826 ha-

888 841 931 867 bet
942 840 954 866 ἶ)
966 840 1045 867 Nulla
1062 845 1104 868 est
1121 841 1193 868 enim
1216 848 1253 868 ex
1275 841 1318 868 his
1344 840 1398 868 Deo
1412 841 1519 869 decoris
1534 847 1560 869 et
1576 851 1675 872 conve-

853 907 873 934 Β
889 886 1027 914 aientibus
1043 886 1202 914 notionibus
1218 894 1276 921 quae
1294 887 1335 914 vel
1351 887 1561 915 redundantiam
1577 889 1604 916 in
1620 898 1689 917 uno.

887 931 928 958 vel
945 931 1211 958 imminutioncmlin
1234 931 1319 959 altero
1343 932 1429 966 possit
1448 932 1586 966 inserere;
1612 943 1673 969 quac

886 977 978 1004 omnia
994 985 1055 1004 cum
1073 985 1105 1004 ex
1120 985 1198 1012 aequo
1214 977 1343 1004 dicantur
1359 985 1373 1004 a
1389 985 1467 1004 sacra
1483 978 1624 1013 Scriptura
1639 981 1688 1008 de.

886 1021 954 1049 Filio
970 1027 996 1050 ct
1011 1023 1044 1050 de
1059 1022 1172 1057 Spiritu,
1186 1024 1212 1049 in
1230 1031 1285 1058 quo
1298 1024 1489 1052 animadvertit
1503 1025 1672 1060 inm-qualita-

885 1068 958 1094 tem?
973 1073 1048 1095 certe
1073 1077 1126 1096 non
1144 1073 1236 1103 posset
1260 1069 1365 1097 dicere.-
1389 1070 1448 1098 Sed
1465 1071 1564 1099 nudam
1584 1077 1612 1100 et
1631 1073 1681 1100 ina.

884 1114 1064 1149 compositam
1085 1119 1113 1142 et
1136 1123 1168 1142 ex
1191 1115 1265 1142 nulla
1292 1117 1486 1144 consecutione
1510 1119 1682 1152 pendentem

883 1157 1017 1186 adversus
1046 1158 1179 1194 Spiritum
1209 1163 1334 1187 sanctum
1360 1161 1464 1194 profert
1492 1162 1669 1197 impietatem.

887 1201 977 1237 Neque
998 1211 1057 1230 cum
1070 1204 1126 1230 alio
1138 1204 1263 1238 quodam,
1279 1204 1383 1239 inquit,
1406 1206 1554 1234 ordinatur.
1573 1208 1670 1235 Omnia

882 1249 950 1275 enim
965 1257 1043 1283 opera
1056 1257 1115 1284 qua:
1129 1257 1174 1283 per
1190 1249 1289 1276 Filium
1308 1255 1369 1276 sunt
1397 1251 1468 1284 facla
1499 1260 1670 1286 ιιιρεηιειεηα

884 1294 935 1327 dit,
965 1299 1035 1327 ortu,
1053 1300 1159 1326 natura,
1180 1294 1278 1329 gloria,
1309 1296 1467 1329 cognitione,
1497 1303 1525 1324 ιιι
1554 1298 1673 1331 primum

882 1348 944 1374 opus
960 1345 984 1367 ct
1014 1341 1138 1374 optimum
1170 1339 1312 1375 Unigcniti,
1341 1342 1535 1377 maximumque
1558 1348 1582 1370 et
1609 1345 1668 1378 ραι.

881 1385 1048 1412 cherrimum.
1074 1384 1130 1419 Ego
1151 1388 1244 1412 autem
1271 1385 1407 1411 inscitiam
1432 1390 1458 1412 et
1485 1386 1667 1413 colluvionem

881 1431 1008 1458 dictionis
1026 1430 1086 1457 aliis
1098 1429 1202 1457 comice
1219 1429 1394 1456 deridendam
1411 1430 1577 1464 relinquam:
1592 1432 1668 1460 iudc-

881 1484 974 1513 corum
991 1476 1189 1510 cssejudicans
1209 1476 1289 1503 senili
1305 1476 1428 1507 canitiei,
1447 1477 1593 1504 verborum
1610 1478 1668 1506 ine-

880 1524 951 1558 ptias
968 1522 1087 1557 objiccre
1099 1522 1123 1549 ei
1137 1522 1183 1557 qui
1196 1522 1277 1556 impie
1290 1522 1345 1557 agit
1361 1523 1387 1550 in
1401 1522 1519 1550 Verbum
1536 1523 1581 1551 Dei
1593 1526 1665 1559 quod

29 1555 190 1592 προσθήσω
212 1559 244 1592 τῇ
270 1559 390 1592 ἐξετάσει
404 1561 454 1587 -Εἰ
468 1562 576 1590 πάντων
598 1565 750 1600 ἀναϐέϐηκε
774 1567 828 1593 τῶν

881 1555 986 1595 anubis
1002 1555 1226 1594 adoratumlllud
1235 1555 1330 1594 autem
1346 1568 1540 1596 examinationi
1557 1555 1667 1598 addam:

28 1601 79 1628 τοῦ
99 1601 166 1628 Υἱοῦ
179 1605 348 1638 ποιημάτων
362 1606 393 1632 τὸ
406 1607 520 1642 Πνεῦμα
530 1617 536 1623 ·
557 1612 691 1645 χρήσομαι
707 1612 762 1647 γὰρ
777 1613 825 1639 αὺ-

28 1647 80 1674 τοῦ
95 1649 132 1683 τῇ
149 1648 368 1687 σεσολοικισμένῃ
381 1652 465 1688 ταύτῃ
477 1654 523 1681 καὶ
535 1655 640 1690 ἀνοήτῳ
656 1659 745 1693 φωνῇί
760 1659 826 1692 μᾶλ-

29 1695 78 1720 λον
93 1694 124 1720 δὲ
145 1694 213 1729 πρὸς
232 1695 263 1721 τὸ
286 1697 450 1733 σαφέστερον
467 1699 512 1726 διὰ
530 1700 579 1735 τῆς
594 1702 823 1736 ὲμαυτοῦλέξεως

29 1739 207 1773 παραστήσω
216 1740 247 1766 τὸ
260 1741 349 1776 νόημα
363 1750 370 1758 ·
384 1744 409 1769 ει
425 1744 537 1771 πάντων
555 1746 663 1781 προέχει
678 1747 732 1774 τῶν
751 1749 826 1784 παρὰ

28 1784 78 1810 τοῦ
99 1784 168 1810 Υἰοῦ
179 1785 584 1819 γεγονότωνάσύντακτόναὲστι
595 1793 627 1826 τῇ
643 1792 721 1829 λοιπῇ
739 1794 825 1821 κτίσει

26 1830 60 1856 τὸ
78 1829 196 1865 Πνεῦμα
217 1831 249 1857 τὸ
273 1829 359 1865 ἅγιον.
375 1834 430 1860 Καὶ
445 1835 469 1861 εἰ
487 1835 650 1869 πλεονεκτεῖ,
669 1839 759 1871 καθώς
775 1849 826 1875 φη-

27 1885 73 1903 σιν
91 1877 109 1903 ό
124 1876 266 1911 Εὑνόμιος.
281 1878 320 1913 τῷ
335 1879 387 1914 πρὸ
398 1880 453 1907 τῶν
465 1880 553 1910 ἄλλων
564 1883 690 1917 γενέσθαι
699 1893 706 1900 ·
718 1885 824 1921 ἀνάγκη

27 1922 109 1947 πᾶσα
122 1921 173 1947 καὶ
186 1923 232 1949 ἐπὶ
243 1923 293 1958 τῆς
309 1924 391 1960 ἄλλης
404 1926 519 1959 κτίσεως
533 1927 568 1954 τὰ
582 1929 620 1964 τῇν
635 1930 740 1964 γενέσει
755 1931 824 1958 κατὰ

24 1966 78 2001 τὴν
106 1966 186 1998 τάξιν
211 1968 365 2003 προήκοντα
376 1990 384 2002 ,
399 1970 568 2008 τῶν-ἐφεξῆς
589 1974 670 2003 αὑτὸν
685 1976 825 2011 ὁμολογεῖν

25 2013 230 2048 προτιμότερα.
255 2015 335 2042 Ἀλλὰ
360 2017 414 2051 μὴν
436 2018 485 2051 τῆς
499 2018 545 2045 τοῦ
573 2020 716 2055 ἀνθρώπου
742 2031 825 2050 κατα-

26 2058 136 2093 σκευῆς
157 2060 236 2094 ἡτῶν
246 2061 349 2096 ἀλόγων
361 2064 516 2100 προῡπέστη
526 2066 616 2100 φύσις.
627 2067 730 2096 Οὐκοῦν
742 2078 824 2097 καται

25 2105 166 2131 εκευάσει
182 2105 290 2138 πάντως
309 2107 355 2134 διὰ
365 2109 467 2136 τούτων
478 2112 676 2148 προτιμοτέραν
690 2112 758 2141 εἶναι
776 2116 824 2151 τῆς

24 2149 146 2184 λογικῆς
169 2150 262 2182 οὐσίας
284 2151 341 2187 τὴν.
354 2153 460 2188 ἄλογον.
491 2155 570 2183 Οὕτω
597 2157 642 2184 καὶ
656 2158 672 2184 ὁ
687 2158 757 2185 Κάῖν
775 2149 823 2185 τοῦ

26 2195 116 2222 Ἅϐελ
148 2195 279 2230 κρείττων
298 2199 368 2225 κατὰ
389 2199 435 2226 τὸν
459 2200 506 2227 τοῦ
522 2202 655 2238 Εὐνομίου
670 2203 749 2238 λόγον
767 2205 822 2232 δει-

22 2242 175 2277 χθήσεται,
198 2245 369 2279 προτερεύων
390 2245 532 2283 τιῖλχρόνῳ
555 2249 626 2276 κατὰ
637 2250 686 2285 τὴν
704 2251 819 2284 γένεσιν.
839 2243 859 2270 Β

22 2288 107 2314 Οὕτω
121 2288 174 2314 καὶ
186 2288 240 2315 τῶν
258 2290 291 2316 εκ
303 2291 352 2325 τῆς
362 2291 414 2326 γῆς
425 2293 566 2328 φυομένων
586 2295 724 2328 ἁπάντων,
741 2296 804 2323 ἐλάτ
813 2312 820 2317 -

21 2342 78 2359 των
98 2332 153 2359 καὶ
171 2333 370 2371 καταδεεστέρα
389 2337 406 2372 ἡ
423 2337 478 2365 τῶν
498 2338 605 2375 ἄστρων
621 2340 702 2374 φύσις
718 2341 822 2369 ἀναδει-

21 2379 173 2414 χθήσεται.
192 2379 232 2405 Τὰ
245 2380 294 2415 μὲν
308 2382 361 2417 γὰρ
376 2384 414 2418 τῇ
423 2385 501 2420 τρίτῃ
520 2384 575 2411 τῶν
599 2385 709 2421 ἡμερῶν
723 2387 819 2422 ὲκντῆς

20 2424 74 2458 γῆς
95 2424 281 2457 ἐξανέτειλενρ
302 2427 335 2452 οίν
351 2427 379 2453 δὲ
405 2429 516 2463 μεγάλοι
546 2431 687 2467 φωστῆρες
713 2433 760 2458 καὶ
785 2433 819 2459 τὰ

20 2470 114 2505 ἄστρα
132 2469 234 2502 πάντα,
260 2471 542 2510 κατὰ.τὴν-τετάρτην
565 2476 820 2513 γεγενῆσθαι-παρὰ

18 2515 68 2541 τοῦ
97 2515 229 2547 Μωσέως
249 2517 413 2553 ἱστόρηνται.
441 2520 520 2547 Ἀλλὰ
542 2522 597 2556 μὴν
622 2522 710 2554 οὐδεὶς
733 2522 819 2555 οὕτως

19 2559 154 2595 ἀνόητος,
163 2560 201 2592 ὡς
209 2561 262 2587 τῶν
273 2563 405 2598 οὐρανίων
416 2565 560 2601 θαυμάτων
571 2567 620 2602 τὴν
627 2568 724 2603 γηῒνην
738 2569 819 2596 ποίαν

20 2605 231 2639 προτιμοτέραν
240 2606 284 2633 διὰ
295 2607 385 2635 τὰ-τοῦ
398 2611 492 2645 χρόνου
508 2612 640 2646 πρεσϐεῖα
647 2613 815 2647 λογίσασθαι·

19 2649 35 2696 ᾗ
110 2649 184 2696 β-ἁῖν
199 2650 290 2679 δοῦναι
316 2654 386 2681 κατᾶ
405 2656 450 2682 τοῦ
469 2657 551 2684 Ἅϐελ
571 2657 606 2684 τὰ
624 2659 785 2694 νικητήρια,
800 2660 816 2696 ἢ

19 2693 175 2725 ὑποζεῦξαι
187 2697 243 2727 τοῖς
259 2697 365 2732 ἀλόγοις
379 2699 423 2726 τὸν
437 2701 577 2737 ἄνθρωπον
592 2703 637 2730 τὸν
653 2693 824 2738 μετίέκεῖναρ

19 2738 183 2774 γενόμενον.
203 2741 259 2768 Οὐκ
287 2743 341 2779 ἄρα
363 2745 423 2772 νοῦν
438 2746 492 2797 ἓῃει
506 2749 566 2775 τινὰ
584 2749 614 2776 τὸ
633 2750 706 2786 παρὰ
720 2751 815 2778 τούτου

57 2828 81 2845 ²³
103 2827 174 2856 Gen.
194 2836 212 2862 ι,
227 2829 253 2858 6.

878 1614 906 1641 Si
924 1615 1014 1642 omnia
1030 1613 1089 1640 Filii
1106 1614 1213 1649 opiﬁcia
1232 1613 1302 1649 (qua:
1315 1615 1454 1649 ποιήματα
1472 1615 1561 1650 vocat)
1578 1615 1666 1650 Spiri-

877 1665 921 1689 tus
935 1659 1230 1695 supcrasccndit,,utar
1245 1659 1318 1687 enim
1338 1659 1398 1694 ejus
1416 1660 1467 1686 hac
1493 1659 1621 1688 insolenti
1639 1666 1666 1688 et

877 1708 971 1735 insana
996 1714 1077 1740 voce;
1105 1707 1160 1734 imo
1176 1713 1243 1733 vero
1267 1711 1297 1733 ut
1323 1706 1425 1733 clarius
1454 1714 1496 1734 res
1517 1707 1663 1737 elucescat.

876 1761 935 1781 mea
949 1753 1068 1780 dictione
1083 1752 1245 1780 sententiam
1266 1752 1415 1786 exprimam
1431 1760 1436 1776 :
1454 1752 1475 1778 si
1491 1760 1523 1779 ex
1544 1761 1576 1780 eo
1591 1754 1663 1788 quod

875 1800 966 1827 omnia
979 1807 1039 1834 quae
1053 1806 1067 1825 a
1080 1797 1147 1825 Filio
1159 1801 1224 1825 sunt
1238 1797 1308 1824 facta
1319 1797 1453 1825 antecedit
1465 1797 1593 1832 Spiritus,
1602 1807 1664 1827 cum

876 1847 948 1873 nulla
964 1845 1017 1872 alia
1032 1848 1158 1872 creatura
1173 1843 1300 1878 componi
1317 1847 1406 1878 potest
1419 1852 1508 1878 neque
1521 1844 1641 1872 ordinari
1655 1855 1662 1873 ;

874 1894 902 1917 et
920 1890 953 1922 si,
969 1887 1198 1924 quemadmodum
1213 1887 1250 1914 ait
1269 1888 1432 1921 Eunomius,
1456 1888 1482 1914 in
1500 1896 1663 1924 eoeexsupe—

875 1939 916 1961 rat
940 1939 971 1961 et'
991 1935 1052 1968 plus
1074 1934 1156 1961 habet
1170 1933 1243 1968 quod
1264 1932 1353 1960 factus
1376 1934 1412 1960 sit
1436 1938 1503 1960 ante
1520 1935 1573 1961 alia
1591 1944 1598 1961 :
1615 1943 1662 1963 ne~

874 1983 1016 2007 cessc‘cst
1037 1979 1120 2006 etiam
1143 1978 1234 2013 ipsum
1256 1976 1346 2009 fateri,
1370 1978 1443 2012 quod
1468 1979 1496 2005 in
1513 1979 1587 2005 omni
1610 1979 1661 2006 alia

874 2028 998 2052 creatura
1013 2045 1020 2056 ,
1048 2031 1108 2058 qua:
1133 2027 1194 2051 ortu
1219 2023 1370 2050 secundum
1391 2023 1514 2051 ordinem
1539 2029 1661 2058 praeeunt

874 2071 1051 2106 sequentibus
1068 2073 1131 2097 sunt
1147 2069 1355 2104 prmstabiliora.
1371 2068 1452 2103 Atqui
1465 2069 1584 2097 hominis
1605 2069 1661 2097 for-

873 2116 993 2144 matione
1007 2115 1160 2143 helluarum
1171 2119 1267 2142 natura
1281 2113 1481 2148 priorcxstitit.
1499 2114 1536 2141 E’v
1551 2114 1595 2142 his
1610 2115 1661 2150 igi-

874 2166 917 2189 tur
930 2161 1074 2188 concludet
1096 2165 1222 2187 naturam
1247 2159 1364 2186 rationis
1376 2164 1526 2193 expertem,
1548 2161 1660 2188 rationis

875 2207 1006 2243 participe
1019 2206 1131 2233 omnino
1152 2205 1369 2240 praestantiorem
1386 2212 1456 2233 esse.
1478 2205 1524 2232 Sic
1539 2205 1589 2232 hac
1604 2205 1659 2232 Eu-

874 2253 959 2280 nomii
979 2253 1084 2279 ratione
1098 2251 1165 2279 Cain
1187 2251 1271 2279 A'bele’
1293 2251 1390 2278 melior
1405 2251 1638 2279 demonstrabitur
1652 2262 1657 2279 :

874 2298 948 2334 prior
961 2297 1034 2324 enim
1049 2301 1091 2325 cst
1112 2301 1238 2331 tempore
1259 2296 1409 2323 secundum
1424 2300 1524 2323 ortum.
1543 2296 1588 2323 Sic
1602 2304 1659 2323 om-

872 2343 954 2371 nibus
970 2350 1031 2377 quae
1045 2349 1078 2369 ex
1096 2345 1168 2368 terra
1185 2341 1346 2372 funduntur,
1361 2340 1481 2367 siderum
1496 2345 1593 2367 natura
1607 2342 1659 2368 mi~‘-

872 2396 923 2416 nor
938 2393 966 2416 et
981 2387 1093 2414 inferior
1107 2386 1277 2414 ostendetur.
1294 2385 1341 2412 llla
1365 2385 1499 2420 siquidem
1516 2386 1597 2413 tcrtio
1615 2385 1658 2412 die

870 2443 903 2462 ex
923 2438 998 2461 terra
1012 2436 1107 2461 exorta
1124 2435 1198 2459 sunt.
1212 2432 1247 2458 At
1265 2438 1363 2466 magna
1382 2431 1440 2458 hanc
1461 2431 1563 2458 lumina
1582 2437 1608 2458 et
1623 2432 1658 2458 si-

872 2479 937 2507 dera
950 2478 1042 2506 omnia
1065 2481 1162 2512 quarto
1180 2476 1225 2504 die
1242 2480 1333 2504 creata
1349 2483 1410 2504 esse
1435 2483 1450 2502 a
1476 2475 1549 2503 Mose
1564 2476 1656 2510 prodi-

871 2527 929 2550 tum
944 2527 987 2550 est
1002 2523 1036 2549 ".
1052 2521 1246 2549 Verumtamen
1274 2520 1366 2547 nullus
1387 2524 1428 2547 est
1453 2523 1507 2546 tam
1523 2526 1537 2545 a
1553 2519 1657 2546 ratione

872 2569 968 2597 devius
982 2571 1009 2595 et
1023 2574 1130 2599 amens,
1142 2570 1172 2593 ut
1192 2565 1353 2593 coelestibus
1370 2564 1424 2592 illis
1442 2564 1583 2590 miraculis
1599 2567 1655 2590 ter-

870 2617 985 2641 restrem
1006 2612 1128 2643 herbam,
1144 2610 1281 2645 praecipuo
1296 2609 1427 2644 temporis
1439 2608 1502 2642 jure
1522 2610 1654 2641 prmstan-

871 2659 967 2687 tiorem
979 2666 1041 2686 esse
1060 2657 1197 2685 existimet
1211 2666 1218 2684 :
1235 2660 1282 2683 aut
1300 2655 1346 2690 qui
1369 2653 1455 2681 Caino
1470 2657 1564 2679 contra
1582 2652 1652 2680 Abe-

870 2705 921 2732 lem
939 2705 984 2732 det
996 2702 1117 2731 victoriae
1130 2701 1251 2737 przemia,
1270 2703 1316 2727 aut
1330 2699 1375 2733 qui
1398 2697 1488 2724 brutis
1505 2696 1653 2723 animanti—

870 2751 920 2779 bus
936 2750 1074 2779 hominem
1092 2748 1231 2784 subjuget,
1256 2745 1385 2782 quoniam
1401 2743 1436 2772 sit
1456 2745 1516 2778 post
1543 2742 1590 2769 illa
1614 2742 1655 2770 far
