1920 3073
251 103 306 132 563

884 93 915 129 's.
933 81 1098 128 esseom}
1111 97 1258 128 russam
1805 96 1844 124 sui

254 171 326 194 ctus.
340 163 449 192 Nullam
472 163 555 199 igitur
575 162 661 191 habet
686 161 831 193 rationem,
849 161 921 196 quod
943 162 977 189 ab
1003 169 1035 190 eo

1089 158 1250 194 λεγόμενον,
1266 157 1306 185 ὅτι
1334 157 1377 184 διὰ
1403 157 1434 184 τδ
1456 156 1509 193 πρὸ
1534 156 1589 184 τῶν
1611 156 1694 194 ἄλλων
1706 156 1846 191 γενέσθαιςδ

253 211 397 244 asseritur,
413 210 486 245 quod
503 209 566 245 quia
589 213 653 236 ante
676 207 729 235 alia
753 207 871 242 Spiritus
890 208 925 235 sit
948 212 1036 240 ortus,

253 256 482 284 honorabiliorem
509 258 636 283 naturam
660 254 742 282 habet
768 254 802 282 iis
824 261 884 289 qua:
908 254 1037 289 deinceps

252 302 385 337 producta
400 300 521 328 fuerunt.

285 345 434 374 Videamus
456 350 547 374 autem
570 345 661 381 qualia
685 345 779 381 gloria:
793 343 913 380 Spiritus
940 342 1040 379 gratiﬂ-
1079 365 1086 370 .

250 395 337 425 catur,
353 392 399 427 qui
417 392 492 419 hunc
510 399 525 418 a
539 390 602 418 Filii
624 391 817 418 communione
840 390 942 418 divisit.
966 389 1038 418 Unus

248 438 329 469 enim,
347 437 445 472 inquit.
459 442 482 464 et
496 437 539 464 hic
559 445 616 464 cum
632 437 677 469 sit,
692 441 716 463 et
729 437 830 471 primus
843 440 869 463 et
883 436 965 469 salus,
981 444 1038 463 om-

249 483 327 510 nibus
345 483 411 510 Filii
433 483 554 518 operibus
575 483 726 517 prcrcellens
741 482 883 510 secundum
897 483 1038 509 essentiam

249 534 273 555 et
290 529 441 555 naturalem
456 529 622 563 dignitatem,
643 531 744 554 omnem
761 528 938 562 operationem
951 534 974 556 et
989 529 1037 556 do—

250 575 362 602 ctrinam
377 575 524 610 perﬁciens,
538 575 606 603 sicut
622 573 695 601 Filio
707 574 858 610 placetﬁqui
874 575 987 617 mittitur
1006 576 1038 602 ab

249 621 306 654 ipso
322 624 346 647 et
359 620 391 647 ab
406 620 462 653 ipsa
478 620 583 653 accipit,
598 624 622 646 et
636 620 777 646 annuntiat
791 620 823 646 iis
838 620 882 654 qui
894 620 1039 647 instituun-

250 670 303 698 tur,
319 670 343 693 et
362 666 482 693 veritatis
505 665 560 692 dux
575 671 623 692 est.
642 664 768 698 Omnem,
791 665 890 701 inquit,
915 659 1038 694 muneris

249 711 419 738 iunctionem
432 711 490 739 sive.
504 712 690 746 operationem
705 714 731 739 et
747 711 899 739 doctrinam
917 711 1037 747 Spiritus

249 761 363 784 sanctus
384 757 547 791 perﬁciens:
566 764 647 792 quant
673 757 880 792 operationem?
901 763 992 785 utrum
1008 758 1040 785 il-

248 801 302 828 lam
318 809 400 836 quam
415 803 495 830 etiam
511 802 591 829 Pater
614 807 640 830 et
655 802 740 830 Filius
760 802 911 830 secundum
929 802 1036 829 Domini

248 847 374 880 verbum,
388 851 528 882 operatur,
552 847 598 883 qui
615 851 702 882 usque
719 848 800 875 modo
815 842 930 876 salutem
941 848 1038 874 huma-

248 900 311 920 nam
328 897 467 928 opcratur,
488 893 529 920 vel
552 894 632 920 aliam
652 894 771 928 aliquam
793 898 891 929 praeter
910 894 999 921 hanc?
1016 893 1038 921 si

248 939 359 974 quidem
380 939 426 966 illa
450 944 589 974 operatur,
612 939 736 967 eamdem
761 947 824 967 cum
849 940 895 967 illo
924 948 1038 974 prorsus

246 986 377 1013 virtutem
399 990 426 1013 et
446 990 573 1013 naturam
589 986 679 1018 habet,
706 990 733 1014 et
754 987 853 1013 diversi
868 987 975 1021 generis
992 986 1038 1014 Dei

247 1036 346 1059 natura
362 1032 390 1058 in
403 1040 435 1059 eo
454 1033 543 1059 locum
560 1040 614 1059 non
637 1032 727 1059 habet.
745 1031 778 1059 Ut
797 1032 869 1059 enim
886 1034 908 1060 si
924 1033 987 1068 quid
1007 1040 1038 1060 ea

204 1072 209 1075 ’
248 1086 309 1113 qua:
332 1077 404 1113 ignis
424 1078 516 1110 ellieit,
540 1078 658 1106 eliiceret
687 1079 868 1106 illuminaudo
891 1083 918 1106 et
943 1079 1027 1105 ealcl'a

248 1123 346 1153 ciendo
359 1125 454 1152 eodem
467 1124 557 1158 modo,
573 1125 645 1160 ignis
660 1130 702 1153 est
715 1126 826 1153 omnino
840 1135 845 1153 :
859 1126 899 1153 sic
915 1126 939 1153 si
955 1125 1038 1160 Spiri-

247 1176 293 1200 tus
308 1171 398 1200 Patris
419 1179 502 1207 opera
525 1171 600 1205 facit,
622 1172 743 1207 ejusdem
766 1181 827 1200 cum
846 1173 906 1208 ipso
930 1173 1037 1207 penitus

247 1224 354 1246 naturae
371 1226 433 1246 csse
456 1218 579 1246 conﬁteri
608 1221 721 1246 necesse
740 1223 791 1246 est.
815 1218 893 1252 Quod
922 1219 945 1247 si
974 1219 1039 1254 quid

240 1259 321 1292 aliud
346 1269 444 1299 praeter
468 1264 584 1292 salutem
611 1267 734 1292 nostram
757 1268 896 1299 operatur,
921 1268 948 1292 et
969 1265 990 1291 si
1011 1264 1038 1291 in

247 1310 341 1345 aliquo
355 1317 450 1338 eorum
465 1318 525 1346 qum
543 1315 608 1338 sunt
627 1308 770 1337 contraria
786 1309 956 1337 demonstrat
978 1309 1039 1345 ejus

248 1356 447 1391 operationem,
469 1356 539 1384 alius
555 1360 661 1384 naturae
675 1360 701 1383 et
715 1356 842 1383 essentia:
858 1364 905 1391 per
917 1356 974 1383 haec
991 1356 1038 1383 de-

245 1403 457 1430 monstrabitur.
473 1403 667 1430 Verumtamen
685 1402 817 1438 Spiritum
839 1403 978 1430 viviticarc
997 1403 1033 1430 si-

245 1448 349 1475 militer
362 1455 424 1475 cum
436 1447 518 1475 Patre
537 1451 564 1475 et
581 1447 651 1475 Filio
666 1447 786 1475 Verbum
803 1448 891 1482 ipsum
904 1448 1036 1475 testitica-

246 1497 302 1521 tur.
319 1492 502 1529 Quamobrem
520 1492 651 1526 Spiritum
669 1499 684 1518 a
698 1492 789 1520 Patris
806 1492 922 1527 Filiique
937 1496 1035 1520 natura
1050 1500 1070 1529 (ζ

246 1546 302 1566 non
325 1539 443 1565 alienum
462 1545 509 1573 per
526 1538 619 1565 eadem
641 1545 725 1572 opera
740 1541 767 1565 et
789 1538 885 1565 ell‘ccta
910 1546 1036 1573 compro-

245 1583 303 1610 ltat.
320 1583 353 1610 Et
369 1582 460 1610 Patris
481 1583 669 1617 operationem
685 1587 713 1610 et
727 1582 880 1610 doctrinam
904 1583 1036 1619 Spiritum

245 1628 352 1658 efﬁcere
377 1630 449 1657 sicut
470 1630 579 1656 videtur
591 1628 670 1662 Filio,
689 1637 744 1656 non
765 1629 929 1658 iuticiamur.
947 1630 1036 1657 Unam

245 1676 320 1703 enim
335 1675 501 1703 voluntatem
522 1673 613 1703 Patris
631 1679 659 1703 et
679 1675 739 1702 Filii
761 1679 789 1703 et
812 1675 931 1711 Spiritus
945 1677 1036 1704 sancti

245 1725 353 1748 natum
369 1721 526 1748 communio
535 1724 661 1748 testatur.
674 1721 764 1754 Quare
779 1722 802 1749 si
820 1719 885 1750 illud
898 1723 955 1749 vult
973 1721 1036 1757 Spi—

244 1767 317 1795 ritus
331 1771 454 1801 sanctus,
470 1767 542 1802 quod
554 1766 623 1795 Filio
634 1768 751 1800 videtur,
769 1770 924 1796 communio
940 1769 1037 1796 volun-

245 1813 312 1841 tatis
340 1813 486 1842 manil‘csto
512 1813 640 1841 essentia),
667 1814 800 1840 unitatem
827 1813 1038 1848 ostendit:scd,

247 1860 301 1894 Qui
319 1860 443 1892 mittitur,
459 1861 506 1891 ait,
522 1859 554 1887 ab
574 1861 640 1895 ipso,
655 1865 679 1888 et
696 1861 727 1887 ab
750 1861 806 1895 ipso
822 1861 927 1895 accipit,
948 1866 972 1889 et
988 1870 1036 1888 an-

245 1907 352 1934 nuntiat
366 1906 478 1934 eruditis
493 1911 519 1933 et
541 1907 661 1934 veritatis
680 1906 735 1933 dux
754 1911 803 1934 est.
820 1906 878 1935 Nisi
892 1907 950 1934 haec
966 1915 1035 1942 prie-

245 1953 361 1981 dixisset
377 1953 410 1980 de
427 1952 542 1987 Spiritu,
557 1953 637 1988 plane
657 1952 692 1980 de
715 1953 806 1988 aliquo
821 1953 893 1981 inter
909 1954 1035 1982 homines

245 2000 359 2027 doctore
373 1999 431 2026 haec
449 1997 504 2025 dici
527 1998 642 2026 audiens
664 1999 844 2026 existimaret.
863 1999 937 2027 ldem
963 2001 1034 2028 enim

245 2051 287 2074 est
303 2046 375 2074 mitti
391 2049 418 2073 ct
431 2045 563 2080 delegari,
579 2049 605 2072 et
621 2045 689 2071 nihil
703 2053 718 2072 ο
733 2045 814 2072 domo
831 2047 871 2073 vel
889 2054 921 2073 ex
938 2054 968 2073 se
987 2046 1035 2073 ha-

243 2094 320 2126 bere.
335 2093 383 2121 sed
403 2100 512 2120 sumere
527 2099 559 2119 ex
576 2090 710 2118 mittentis
733 2091 790 2119 sive
811 2091 961 2126 delegantis
976 2101 1037 2127 gra-

243 2140 293 2173 tia,
310 2144 338 2167 et
359 2139 403 2167 his
427 2138 473 2173 qui
492 2138 627 2166 docentur
649 2137 732 2164 verba
757 2137 925 2170 ministrare,
952 2143 1034 2174 atque

243 2184 404 2212 errantibus
416 2177 544 2210 Vveritatis
566 2190 596 2210 se
613 2175 723 2209 ducem‘
736 2182 866 2217 prashere.
884 2181 946 2223 Hzec
960 2169 1032 2211 enim
1050 2169 1073 2198 θ

243 2228 337 2256 omnia
352 2228 434 2256 etiam
449 2235 522 2255 nunc
536 2232 677 2262 pastorum
692 2231 774 2262 atque
790 2223 932 2257 doctorum
957 2235 1032 2264 sunt,

242 2275 325 2308 mitti,
343 2275 480 2309 accipere,
499 2273 674 2306 annuntiare,
701 2274 810 2306 docere,
828 2275 969 2304 veritatem
985 2285 1033 2312 po-

243 2328 309 2357 nere
324 2324 351 2348 et
367 2319 496 2347 fundare:
518 2326 576 2355 quae
599 2318 715 2355 Spiritui
732 2324 828 2348 sancto
850 2321 963 2357 largitur
978 2322 1035 2351 Eu-

243 2366 364 2395 nomius.
386 2366 453 2405 cum
480 2371 570 2393 autem
597 2370 660 2394 ante
690 2367 747 2395 haec
776 2368 890 2396 dixisset
913 2391 921 2404 ,
959 2360 1032 2406 quod

242 2414 323 2440 etiam
343 2420 412 2439 unus
427 2416 466 2440 est
485 2413 584 2446 primus
599 2417 624 2440 et
643 2413 715 2441 solus
739 2418 764 2441 et
787 2414 908 2443 omnibus
928 2415 1033 2449 pramat-

241 2461 297 2485 lem
314 2465 323 2486 :
340 2458 363 2486 si
383 2458 516 2486 hactenus
536 2466 690 2486 sermonem
707 2460 893 2493 terminasset,
908 2462 1033 2490 decreto-

240 2511 302 2531 rum
332 2504 458 2532 veritatis
485 2508 618 2539 patronus
643 2505 719 2534 visus
743 2511 824 2535 esset.
858 2507 935 2535 Unus
959 2508 1031 2535 enim

224 2559 305 2579 .vere
324 2552 373 2587 qui
400 2551 618 2586 inseparabiliter
648 2552 676 2580 in
698 2561 752 2581 uno
780 2553 982 2587 consideratur,
1006 2559 1033 2583 et

239 2598 346 2632 primus
363 2598 389 2624 in
406 2598 493 2632 primo
504 2602 532 2626 et
546 2598 622 2627 solus
638 2599 666 2626 in
692 2600 762 2626 solo.
780 2599 817 2627 Ut
828 2600 902 2627 enim
919 2600 1032 2635 spiritus

241 2645 362 2673 hominis
386 2645 433 2680 qui
451 2650 494 2672 est
514 2645 542 2672 in
563 2645 633 2680 ipso,
659 2651 686 2672 et
706 2645 765 2680 ipse
789 2645 882 2676 homo,
896 2654 969 2674 unus
989 2650 1032 2675 est

242 2691 334 2724 homo,
352 2691 392 2719 sic
406 2695 433 2719 et
448 2690 568 2728 Spiritus
584 2691 632 2719 Dei
649 2691 696 2726 qui
718 2692 745 2718 in
760 2691 861 2726 ipso,et
879 2692 937 2727 ipse
951 2692 1031 2724 Deus,

242 2744 316 2764 unus
338 2745 400 2765 vere
421 2743 448 2765 et
469 2738 580 2774 proprie
602 2738 760 2766 nominatus
782 2737 866 2765 fuerit
894 2738 987 2767 Deus:
1003 2743 1030 2766 et

243 2783 350 2819 primus
367 2787 394 2811 et
414 2784 501 2817 solus,
527 2783 575 2819 qui
592 2791 646 2810 non
663 2788 756 2819 posset
777 2785 812 2812 ab
827 2792 860 2813 eo
875 2785 903 2812 in
923 2793 977 2821 quo
990 2791 1032 2814 est

243 2827 378 2866 separari.
393 2827 472 2857 Nunc
488 2834 577 2858 autem
591 2837 653 2857 cum
669 2829 780 2866 adjecit,
804 2831 955 2864 pt'a’ccllcns
967 2841 1032 2869 ⁵σηι-

1090 203 1201 239 Πνεῦμα
1212 226 1219 237 ,
1242 202 1441 240 προτιμοτέραν
1457 203 1513 238 ἔχει
1538 202 1593 229 τῶν
1614 202 1708 238 ἐφεξῆς
1725 203 1844 236 γεγονότων

1089 249 1138 285 τὴν
1154 249 1244 285 φύσιν.

1126 327 1239 363 Ἰδωμεν
1256 328 1285 355 δὲ
1296 328 1344 355 καὶ
1357 325 1402 355 οἷα
1414 327 1553 363 χαρίζεται
1566 328 1599 363 τῇ
1614 325 1676 364 δόξῃ
1690 326 1734 354 τοῦ
1745 317 1846 362 meum;

1089 382 1134 405 τος
1172 375 1187 400 6
1207 374 1258 409 τῆς
1283 373 1352 409 πρὸς
1373 373 1420 400 τὸν
1442 373 1507 400 Υίδν
1531 373 1671 404 κοινωνίας
1695 373 1845 408 ἀπομερίπας.

1089 417 1143 452 Εἷς
1154 418 1220 454 γὰρ,
1236 419 1327 455 φησὶν,
1338 420 1388 446 καί
1403 417 1492 452 οὗτος
1508 418 1561 450 ὢν,
1577 418 1626 446 καί
1637 417 1750 453 ,πρῶτος
1760 418 1799 444 καί
1810 418 1847 452 μό-

1089 472 1151 497 νος,
1165 464 1215 491 καί
1233 465 1356 492 πάντων
1367 465 1508 499 προῦχων
1523 464 1583 491 τῶν
1595 464 1648 491 τοῦ
1667 463 1734 490 Υίοῦ
1751 463 1848 497 ποιημά-

1090 518 1149 536 των
1165 510 1240 537 κατὰ
1264 510 1322 544 τὴν
1340 510 1450 537 οὐσίαν
1474 509 1524 536 καί
1548 509 1607 543 τὴν
1621 508 1753 543 φυσικὴν
1769 508 1846 540 ἀξίαν,

1089 555 1192 593 πᾶσαν
1199 555 1350 590 ἐνέργειαν
1366 555 1415 582 καὶ
1427 555 1628 584 διδασκαλίαν
1644 554 1782 586 ἐξανύων,
1793 555 1848 580 κατὰ

1089 601 1121 627 τὸ
1148 600 1259 628 δοκοῦν
1277 600 1317 633 τῷ
1343 600 1408 633 Υίῷ,
1430 600 1618 634 πεμπόμενος
1634 600 1683 626 ὐπ’
1706 599 1799 630 αὐτοῦ,
1813 598 1847 624 καί

1089 647 1156 681 παρ’
1169 646 1262 674 αὑτοῦ
1275 643 1445 681 λᾶμϐἇνωιν,
1460 645 1654 681 ἀναγγέλλων
1666 645 1726 678 τοῖς
1741 644 1847 671 παιδευο-

1087 694 1199 729 μένοις,
1215 693 1264 720 καί
1279 691 1333 726 τῆς
1355 692 1499 726 ἀληθείας
1515 691 1693 726 ἡγούμενος.
1716 691 1799 718 Hicin
1811 699 1847 725 9r,-

1090 748 1132 765 σιν
1148 732 1286 774 ἐνέργειαν
1312 737 1358 764 καὶ
1381 736 1553 763 διδασκαλίαν
1579 736 1702 768 ὲξανύειν
1721 736 1749 762 τὸ
1763 735 1847 770 Πνεῦμα

1089 783 1119 810 τὸ
1131 782 1217 816 ἅγιον.
1233 781 1315 822 Ποίαν
1335 781 1490 821 ὲνέργειανς
1509 781 1626 816 Πότερον
1652 781 1756 815 ἐκείνην
1769 780 1798 815 ἣν
1815 781 1847 806 aut

1055 833 1074 862 Β
1088 830 1102 855 6
1121 828 1214 862 Πατὴρ
1230 828 1301 855 καὶὸ
1322 827 1396 858 Υἱὸς,
1408 827 1479 854 κατὰ
1496 827 1543 854 τὸν
1562 829 1608 854 τοῦ
1625 827 1728 862 Κυρίου
1739 826 1806 860 λόγον
1820 826 1848 851 iv»

1090 875 1175 910 εργεῖ,
1184 874 1198 900 ὁ
1211 873 1262 905 ἕως
1276 873 1339 908 ἄρτι
1350 873 1530 908 ἐργαζόμενος
1543 872 1591 908 τὴν
1606 872 1774 908 ἀνθρωπίνην
1784 880 1848 906 σωτη-

1091 918 1160 954 ρίαν,
1172 919 1189 954 ἢ
1205 918 1287 953 ἄλλην
1302 917 1364 945 τινὰ
1379 918 1454 954 παρὰ
1465 917 1585 953 ταύτην;
1603 918 1634 944 Εἰ
1656 918 1707 952 μὲν
1721 918 1771 954 γὰρ
1782 918 1849 944 ἐκεῖνα

1089 962 1245 997 ἐργάζεται,
1260 963 1309 998 τὴν
1326 962 1412 997 αὐτὴν
1430 961 1527 996 ἐκείνῳ
1540 962 1649 993 πάντως
1662 962 1771 997 δύναμίν
1784 970 1807 988 τε
1816 962 1849 987 καὶ

1090 1009 1170 1043 φύσιν
1184 1008 1240 1046 ἔχει
1251 1016 1258 1023 ·
1275 1009 1322 1035 καὶ
1336 1008 1366 1035 τὺ
1378 1008 1425 1034 τοῦ
1447 1008 1515 1034 Θεοῦ
1531 1009 1688 1044 ἐτερογενὲς
1707 1009 1751 1034 ἐπὶ
1764 1008 1803 1034 τοῦ
1812 1017 1849 1034 τοι·

1089 1055 1167 1082 oui-mu
1182 1054 1273 1090 χώραν
1294 1055 1345 1082 οὐκ
1364 1054 1430 1089 ἔχει.
1454 1055 1498 1086 Ὠς
1515 1054 1570 1090 γὰρ
1583 1055 1608 1081 εἰ
1627 1063 1654 1080 τι
1676 1055 1712 1081 τὰ
1730 1054 1772 1081 τοῦ
1788 1054 1850 1089 πδρδις

1089 1100 1225 1136 ἐνεργοίη.
1240 1100 1347 1138 λάμπον
1370 1108 1401 1126 τε
1428 1100 1475 1127 καὶ
1495 1099 1640 1135 θερμαῖνον
1661 1100 1798 1132 ὡσαύτως,
1811 1099 1850 1133 :39

1089 1145 1147 1171 ἐστι
1164 1144 1285 1176 πάντως·
1301 1144 1387 1176 οὕτως
1397 1145 1422 1171 εί
1441 1144 1474 1171 τὰ
1486 1145 1531 1170 τοῦ
1548 1145 1656 1180 Πατρὸς
1667 1145 1737 1180 ἔργα
1750 1145 1776 1171 τὸ
1786 1143 1850 1170 Πνεῦι

1092 1199 1129 1226 μα
1146 1191 1281 1224 ποιεῑ,τῆς
1297 1191 1381 1225 αὐτῆς
1396 1190 1470 1226 αὐτῷ
1486 1190 1595 1222 πάντως
1608 1191 1716 1225 φύσεως
1733 1189 1792 1217 εἶναι
1804 1190 1850 1224 ὁμιν

1089 1235 1217 1270 λογεῖται.
1236 1236 1267 1262 Εἰ
1284 1235 1312 1262 δὲ
1333 1235 1397 1262 ἄλλο
1417 1243 1443 1261 τι
1469 1235 1544 1270 παρὰ
1570 1235 1619 1269 τὴν
1642 1235 1776 1270 σωτηρίαν
1793 1233 1850 1269 ἡμῶν

1089 1281 1213 1317 ἐνεργεῖ,
1229 1281 1276 1308 καὶ
1292 1280 1332 1312 εἷς
1356 1289 1381 1307 τι
1403 1279 1458 1307 τῶν
1476 1280 1604 1307 ἐναντίων
1623 1280 1800 1307 ἐπιδείκνυται
1816 1278 1850 1313 τὴν

1089 1325 1238 1360 ἐνέργειαν,
1256 1324 1340 1360 ἄλλης
1355 1323 1459 1358 φύσεώς
1474 1333 1504 1351 τε
1525 1325 1573 1352 καὶ
1598 1325 1694 1356 οὐσίας
1708 1323 1750 1351 διὰ
1774 1323 1850 1350 τούτων

1088 1370 1316 1406 ἐπιδειχθήσεται,
1343 1370 1422 1397 Ἀλλὰ
1443 1370 1496 1405 μὴν
1516 1370 1659 1402 ζωοποιεῖν
1672 1370 1770 1406 ὁμοίως
1786 1368 1850 1403 [lupi

1088 1416 1136 1443 καὶ
1151 1415 1207 1451 Υίῷ
1227 1415 1257 1442 τὺ
1280 1415 1392 1451 Πνεῦμα
1416 1415 1497 1447 αὐτὸς
1517 1415 1632 1453 ὀΛργος
1655 1415 1850 1451 διαμαρτύρεται.

1088 1461 1193 1490 Οὐκοῦν
1209 1462 1239 1489 τδ
1259 1462 1296 1498 μὴ
1322 1462 1507 1495 ἀπεξενῶσθαι
1523 1463 1631 1495 πάντως
1649 1463 1702 1498 τῆς
1716 1471 1745 1490 τε
1760 1462 1799 1495 rei:
1812 1462 1851 1488 lla—

1087 1507 1150 1542 τρὸς
1162 1508 1271 1542 καὶτῆς
1289 1509 1336 1534 τοῦ
1359 1507 1425 1534 Υἱοῦ
1456 1508 1564 1543 φύσεως
1582 1508 1612 1535 τὸ
1630 1508 1757 1544 Πνεῦμα,
1769 1507 1805 1534 διὰ

1085 1552 1248 1587 ταυτότητος
1264 1551 1318 1578 τῶν
1339 1553 1532 1588 ἐνεργημάτων
1548 1553 1715 1588 παρίσταται
1733 1561 1740 1567 ·
1753 1552 1795 1579 καὶ
1809 1551 1850 1577 Ila-

1086 1598 1149 1632 τρὸς
1163 1597 1302 1633 ἐνέργειαν
1317 1598 1364 1624 καὶ
1379 1598 1552 1626 διδασκαλίαν
1570 1598 1696 1630 ἐξανύειν
1711 1599 1740 1626 τὸ
1753 1597 1848 1632 Πνεῦμα.

1087 1642 1156 1668 κατὰ
1170 1642 1200 1668 τὸ
1215 1642 1310 1669 δοκοῦν
1328 1642 1367 1678 τῷ
1382 1643 1450 1678 Υἱῷ,
1465 1643 1496 1669 οὐ
1515 1643 1668 1678 μαχόμεθα.
1687 1644 1734 1670 Ἐν
1747 1643 1794 1679 γὰρ
1808 1640 1850 1677 βοῦν·

1086 1687 1117 1723 λη
1123 1697 1160 1723 μα
1172 1685 1242 1715 εἶναι
1254 1688 1360 1724 Πατρός
1370 1697 1399 1715 τε
1411 1689 1458 1715 καὶ
1474 1688 1538 1715 Υίοῦ
1554 1689 1600 1716 καὶ
1617 1689 1774 1725 Πνεύματος
1782 1688 1849 1722 ἁγίων

1085 1735 1101 1768 ὴ
1113 1734 1162 1769 τῆς
1170 1735 1278 1770 φύσεως
1287 1735 1414 1762 κοινωνία
1422 1735 1645 1771 διαμαρτύρεται.
1658 1737 1741 1764 Ὥστε
1755 1737 1776 1763 εί
1786 1736 1850 1763 ἐκεῖνο

1088 1779 1210 1814 βούλεται
1223 1781 1253 1807 τὺ
1271 1781 1383 1816 Πνεῦμα
1396 1781 1427 1808 τὸ
1447 1781 1523 1816 ἆγιον
1539 1781 1553 1808 ὃ
1563 1782 1637 1809 δοκεῖ
1654 1782 1696 1818 τῷ
1709 1782 1771 1817 Υίῷ,
1785 1783 1798 1816 η
1811 1789 1851 1807 χαι-

1086 1826 1169 1853 νωνία
1185 1826 1231 1853 τοῦ
1250 1826 1400 1863 οελήματος
1417 1826 1510 1862 σαφῶς
1534 1828 1686 1863 παρίστησι
1708 1828 1756 1864 τὴν
1767 1827 1809 1862 τῆς
1817 1827 1850 1852 οὐ·

1087 1872 1146 1904 σίας
1164 1872 1276 1907 ἑνότητα
1286 1880 1293 1887 ·
1314 1872 1393 1904 ἀλλὰ,
1413 1873 1616 1907 Πεμπόμενος,
1632 1874 1726 1908 φησὶν,
1741 1873 1800 1907 παρ’
1813 1872 1850 1898 αὑ-

1086 1919 1148 1950 τοῦ,
1168 1919 1218 1945 καὶ
1238 1919 1305 1953 παρ’
1318 1919 1412 1946 αὑτοῦ
1422 1920 1592 1953 λαμϐάνων,
1609 1920 1657 1946 καί
1679 1919 1849 1954 ἀναγγέλλων

1086 1965 1147 1997 τοῖς
1158 1964 1395 1999 παιδευομένοις,
1410 1965 1458 1992 καὶ
1473 1965 1528 1999 τῆς
1543 1965 1688 1999 ἀληθείας
1701 1966 1848 2001 ἡγούμενος-

1086 2012 1117 2037 Εἱ
1136 2011 1172 2047 μὴ
1188 2012 1346 2047 προειρήκει
1363 2011 1449 2038 ταῦτα
1470 2012 1535 2047 περὶ
1554 2012 1602 2038 τοῦ
1621 2013 1786 2048 Πνεύματος,
1799 2010 1848 2037 πᾶν·

1085 2066 1139 2089 τως
1161 2057 1194 2084 ἂν
1224 2058 1287 2093 περί
1311 2067 1383 2090 τινος
1407 2058 1462 2085 τῶν
1479 2059 1508 2085 ἐν
1532 2057 1687 2094 ἀνθρώποις
1711 2057 1848 2086 διδασκάλων

1086 2104 1172 2131 ταῦτα
1180 2104 1307 2138 λέγεσθαι
1323 2106 1336 2132 6
1355 2104 1461 2132 ἁκούων
1478 2105 1612 2139 ἐνόμισεν.
1628 2105 1734 2133 Ταυτὸν
1751 2105 1798 2140 γὰρ
1807 2104 1848 2128 ἐστι

1086 2151 1124 2186 τῷ
1138 2150 1293 2186 πέμπεσθαι
1307 2151 1338 2177 τὸ
1354 2151 1576 2183 ἀποστέλλεσθαι,
1592 2152 1638 2178 καὶ
1656 2152 1690 2178 τὸ
1704 2151 1781 2187 μηδὲν
1795 2151 1848 2177 οἴκο-

1087 2197 1132 2224 Οεν
1151 2196 1233 2232 ἔχειν,
1249 2197 1306 2223 ἀλλ’
1327 2197 1359 2223 ἐκ
1379 2198 1428 2232 τῆς
1445 2198 1554 2232 χάριτος
1571 2197 1721 2233 λαμϐάνειν
1737 2197 1780 2224 τοῦ
1797 2197 1847 2223 dm‘

1085 2241 1248 2274 στέλλοντος,
1265 2242 1311 2268 καὶ
1331 2241 1464 2269 διακονεῖν
1480 2244 1537 2274 τοῖς
1551 2243 1756 2278 διδασκομένοις
1773 2242 1801 2268 τὰ
1813 2240 1848 2275 ῥή-

1086 2296 1157 2323 ματα
1169 2306 1176 2318 ,
1191 2287 1237 2314 καὶ
1259 2287 1436 2323 καθηγεῖσθαι
1455 2288 1504 2322 τῆς
1523 2288 1652 2323 ἀληθείας
1665 2290 1724 2321 τοῖς
1736 2284 1849 2320 πλανωμέ-

1084 2342 1148 2365 νοις.
1161 2333 1251 2361 Ταῦτα
1278 2333 1333 2370 γὰρ
1354 2334 1442 2361 πάντα
1461 2335 1507 2360 καὶ¹
1531 2334 1586 2361 τῶν
1612 2334 1659 2361 νῦν
1682 2334 1808 2370 ποιμένων
1827 2338 1848 2356 τε

1084 2380 1132 2406 καὶ
1150 2379 1316 2407 διδασκάλων
1342 2380 1415 2410 ἐστὶ,
1427 2380 1583 2415 πέμπεσθαι
1594 2401 1601 2411 ,
1615 2380 1774 2415 λαμϐάνειν.
1786 2380 1849 2411 ἀνᾶγ’

1084 2425 1198 2459 γέλλειν,
1214 2425 1359 2457 διδάσκειν,
1380 2425 1554 2454 ὑποτίθεσθαι
1573 2425 1622 2461 τὴν
1637 2426 1763 2462 ἀλήθειαν
1777 2434 1783 2440 ·
1795 2424 1849 2457 ειπερ

1084 2470 1224 2505 χαρίζεται
1248 2469 1287 2505 τῷ
1305 2469 1442 2505 Πνεύματι
1467 2469 1505 2505 τῷ
1526 2471 1603 2506 ἁγίῳ.
1622 2471 1759 2506 Εὑνόμιος.
1777 2468 1848 2497 Είπὺν

1083 2515 1111 2541 δὲ
1138 2515 1190 2551 πρὸ
1212 2515 1332 2549 τούτων,
1363 2516 1404 2543 ὃτι
1434 2517 1490 2544 Καὶ
1518 2515 1562 2550 εἷς
1585 2517 1650 2544 ἐστι
1680 2518 1730 2544 καὶ
1755 2515 1847 2550 πρῶτα

1083 2560 1131 2588 καὶ
1139 2561 1243 2596 μόνος,
1263 2561 1312 2588 καί
1338 2561 1460 2589 πάντων
1481 2563 1639 2597 προῦχων*
1666 2564 1689 2589 εί
1708 2563 1758 2594 ἕως
1772 2561 1847 2588 τούτου

1082 2607 1128 2633 τὸν
1140 2607 1216 2641 λόγον
1232 2607 1356 2643 ἔστησεν,
1374 2609 1525 2644 συνήγορος
1549 2608 1582 2636 ἂν
1596 2609 1650 2636 τῶν
1669 2610 1718 2644 τῆς
1743 2606 1846 2643 ἀληθείίις

1082 2652 1168 2688 ἐφάνη
1182 2653 1334 2688 δογμάτων.
1354 2651 1402 2686 Εἷς
1416 2653 1470 2690 γὰρ
1485 2654 1523 2686 ὡς
1536 2655 1644 2690 ἀληθῶς
1665 2655 1738 2681 ἐστιν
1747 2655 1761 2680 6
1771 2651 1846 2688 ἀχωρί-

1083 2706 1152 2730 στως
1177 2699 1205 2725 ἐν
1229 2698 1268 2734 τῷ
1289 2698 1329 2725 ἐνὶ
1344 2699 1529 2735 θεωρούμενος
1541 2719 1548 2732 ,
1569 2700 1615 2727 κα)⁸
1629 2693 1735 2736 πρῶέος
1755 2701 1768 2725 6
1783 2700 1806 2725 ὲν
1818 2693 1846 2729 τῷ

1082 2743 1192 2780 πρώτῳ,
1207 2745 1253 2771 καὶ
1270 2745 1350 2780 μόνος
1365 2746 1379 2772 6
1394 2745 1423 2771 ἐν
1435 2745 1474 2780 τῷ
1491 2746 1573 2781 μόνῳ,
1583 2746 1626 2778 Ὠς
1641 2746 1695 2781 γὰρ
1718 2746 1746 2772 τὸ
1760 2743 1844 2777 τινεῦμι

1082 2789 1127 2816 τοῦ
1141 2789 1284 2826 ἀνθρώπου
1296 2790 1325 2817 τὸ
1354 2791 1383 2817 ἐν
1398 2791 1533 2827 αὐτῷκαὶ
1554 2792 1634 2823 αὐτὸς
1648 2792 1662 2821 οἱ
1675 2784 1843 2826 homime

1081 2837 1154 2865 ἐστιν
1174 2836 1331 2873 ἄνθρωπος,
1346 2837 1432 2870 οὕτως
1446 2839 1492 2865 καὶ
1508 2837 1537 2865 τὸ
1561 2837 1671 2874 Πνεῦμα
1692 2837 1737 2865 τοῦ
1755 2830 1843 2863 Θεηῦῶ
