1920 3073
76 176 170 212 Μέχρι
186 174 236 210 μὲν
253 169 302 201 οὖν
314 172 420 205 τούτου,
434 172 478 199 διὰ
492 171 543 206 τῆς
555 170 608 197 τῶν
619 169 723 206 ἐχθρῶν
739 178 842 205 μαρτυ-

35 222 105 258 ρίας
122 219 311 248 ἀποδείκνυται
332 218 365 244 τὸ
389 217 530 253 μεγαλεῖον
546 215 593 242 τοῦ
614 214 786 250 Πνεύματος·
809 215 838 241 ἐν

34 269 69 294 δὲ
84 269 142 298 τοῖς
156 265 254 300 ἑφεξῆς
270 264 350 291 πάλιν
370 262 409 298 τῷ
429 261 558 298 αἰρετικῷ
574 260 696 296 βορὸὁρῳ
710 260 740 286 τὸ
755 260 848 293 καθα-ι

37 314 92 348 ρδν
102 313 152 347 τῆς
167 310 308 342 εὐσεϐείας
322 308 546 343 καταμολύνεται.
556 308 626 342 Φησὶ
641 306 695 341 γὰρ
712 306 776 341 ἰτερὶ¹
790 304 838 332 τοῦ

35 358 227 392 Πνεῦματος,
262 356 304 382 ὅτι
333 354 397 387 Τοῖς
426 353 649 388 ἀγωνιζομένοις
674 350 836 385 ύποφωνεῖ.

34 406 131 432 Τοῦτο
145 405 175 431 δὲ
192 404 242 439 τῆς
262 402 379 438 ἐσχάτης
403 401 495 432 ἀνοίας
519 407 549 426 τε
568 399 620 426 καὶ
641 398 768 429 ἀσεϐείας
789 397 838 432 τὴν

33 450 214 486 κατηγορίαν
230 449 298 484 ἔχει.
318 447 362 475 Ἐν
375 447 429 482 γὰρ
441 447 498 478 τοῖς
514 445 641 478 σταδίοις,
656 445 681 471 οἱ
699 444 748 479 μὲν
763 444 838 478 ἀγω-

32 495 183 523 νοθετοῦσι
213 496 268 526 τοῖς
291 493 416 529 μέλλουσι
438 492 486 528 τὴν
504 491 651 528 ἀθλητικὴν
673 491 750 526 ἰσχὺν
777 492 839 517 ἐπιδ

30 541 201 569 δείκνυσθαι
212 548 219 555 ⁸
235 542 258 567 oi
273 540 301 566 δὲ
313 542 346 575 τῇ
357 538 468 574 δυνάμει
483 539 529 565 καὶ
543 538 669 574 τῇτέχνῃ
683 537 737 564 τῶν
751 537 838 564 ἄλλων

31 588 218 624 προέχοντες,
233 586 301 622 ὑπὲρ
314 586 364 621 τῆς
381 586 458 620 νίκης
473 584 593 617 ἀθλοῦσι,
611 584 678 619 πρὸς
696 583 759 615 τοὺς
778 583 837 609 κατ’

31 634 168 670 ἀλλήλων
180 633 288 667 ἀγῶνας
303 631 490 666 ἀποδυόμενοι*
513 631 538 656 ol
559 630 587 657 δὲ
609 630 697 657 λοιποὶ
718 630 777 661 ταῖς
794 629 838 655 εὑ-

31 682 130 712 νοξαις
154 680 221 716 πρὸς
244 678 307 710 τοὺς
330 677 484 712 ἀγωνιστὰς
511 676 692 712 μεριζόμενοι,
709 676 782 707 ὅπως
803 675 837 704 ἂν

31 726 146 762 σχῶσιν
161 726 276 756 ἕκαστος
297 723 360 758 περί
376 732 435 750 τινα
458 722 512 749 τῶν
530 721 653 757 ἀθλητῶν
669 722 787 757 σπουδῆς
807 730 837 749 τε

30 774 89 800 καὶ
111 771 268 802 διαθέσεως,
290 770 319 795 ὲν
339 769 377 804 τῷ
397 767 485 803 καιρῷ
511 767 561 802 τῆς
588 766 746 802 συμπλοκῆς
769 767 837 793 ὐπο-

31 816 180 852 φωνοῦσιν
192 823 198 830 '
212 815 228 850 ἥ
247 815 295 842 καὶ
318 814 348 840 τό
370 812 488 849 προϊδεῖν
499 812 547 848 τὴν
565 811 676 847 βλάὁην,
693 811 709 848 ἢ
724 811 754 838 τὸ
771 820 837 846 μνη-

32 863 143 897 σθῆναι
165 860 363 895 παλαίσματος,
380 859 397 894 ἢ
422 858 452 885 τὸ
471 858 585 893 φυλάξαι
607 857 651 884 διὰ
670 858 719 892 τῆς
739 857 836 893 τέχνης

30 906 144 934 ἑαυτὸν
160 904 364 932 ἀκατάπτωτον.
380 903 427 934 El;
439 902 499 929 τίνα
513 902 601 928 τοίνυν
619 902 695 935 τάξιν
706 902 737 928 τὺ
753 901 837 929 ΙΙνεῦ-

32 962 78 989 pa
97 952 132 979 τὸ
149 951 226 985 ἅγιον
247 949 406 984 καθίστησιν
428 949 442 977 ὁ
456 948 608 983 Εὑνόμιος,
633 948 666 974 ἐκ
689 948 744 975 τῶν
765 949 837 984 είρη-

32 998 136 1034 μένων
155 996 348 1031 κατανοήσατε·
370 995 398 1021 ἐν
418 993 472 1029 γὰρ
490 994 546 1025 τοῖς
567 993 684 1026 σταδίοις
697 1014 704 1026 ,
719 994 773 1020 τῶν
788 995 837 1029 μὲν

29 1040 296 1078 ἀγωνοθετούντων,
306 1040 360 1066 τῶν
370 1039 399 1066 δὲ
411 1039 558 1074 κρινόντων
568 1039 617 1075 τὴν
628 1039 742 1074 νόμιμον
755 1039 837 1074 ἀθλη-

30 1098 95 1122 σιν,
110 1088 168 1115 τῶν
185 1087 215 1114 δὲ
227 1085 444 1121 ἀγωνιζομένων,
454 1084 508 1112 τῶν
522 1084 550 1111 δὲ
561 1086 617 1116 τοῖς
628 1084 836 1120 ἀγωνιζομένοις

31 1132 272 1168 ὑποφωνούντων,
280 1131 377 1163 οἵτινες
388 1129 579 1165 ὁμολογοῦνται
589 1130 655 1157 πολὺ
667 1130 720 1157 τῶν
728 1130 839 1157 ἀθλούν-

29 1188 96 1208 των
111 1176 184 1205 εἶναι
200 1176 420 1212 καταδεέστεροι·
442 1175 480 1207 ὡς
501 1175 549 1203 ἕνα
564 1175 618 1202 τῶν
637 1176 669 1202 ἐκ
686 1175 734 1202 τοῦ
750 1176 837 1212 δήμου

30 1223 202 1259 θεωμένων,
216 1222 233 1258 ἦ
247 1230 307 1248 τινα
321 1220 375 1248 τῶν
387 1221 442 1252 τοῖς
456 1219 584 1255 ἀθληταῖς
599 1220 836 1255 ῦπηρετουμένων,

31 1272 66 1299 τὸ
83 1269 203 1304 Πνεῦμα
218 1268 249 1295 τὸ
266 1267 341 1302 ᾰγιον
362 1267 415 1302 ὁρᾷ
434 1267 449 1293 ὁ
462 1265 609 1300 Εὑνόμιος·
624 1265 638 1292 δ
652 1266 720 1301 μήτε
736 1266 838 1299 ἀγωνο-

31 1317 128 1349 θετεῖ,
147 1315 216 1351 μήτε
234 1313 320 1349 κρίνει
340 1312 388 1348 τὴν
405 1311 493 1347 νίκην,
515 1312 583 1347 μήτε
607 1310 675 1346 πρὸς
699 1310 745 1337 τὸν
766 1311 837 1338 ἀντί-

31 1364 133 1391 παλον
156 1359 328 1395 ἀγωνίζεται,
353 1358 421 1386 ἀλλὰ
444 1358 477 1384 δι’
501 1357 700 1392 ὑποφωνήσεως
714 1358 839 1392 συνεργεῖ

33 1409 92 1445 μὲν
110 1407 182 1442 πρὸς
200 1405 249 1441 τὴν
263 1405 342 1440 νίκην
361 1397 447 1430 οὐδέν.
461 1402 529 1430 Οὔτε
548 1403 602 1439 γὰρ
617 1405 836 1440 συναγωνίζεται,

31 1453 106 1480 οὔτε
123 1451 176 1486 τὴν
193 1450 260 1486 πρδς
275 1449 339 1477 αὐτὸ
355 1449 433 1476 τοῦτο
448 1448 562 1484 δύναμιν
577 1449 700 1484 ἐμποιεῖ·
716 1450 838 1485 βούλεται

31 1500 66 1527 δὲ
87 1497 184 1533 μόνον,
202 1496 239 1532 μὴ
261 1495 385 1530 δεύτερον
399 1493 536 1529 δειχθῆναι
554 1494 608 1521 τῶν
627 1493 778 1522 ἀντιπάλων
793 1497 838 1524 τὸν

33 1542 111 1579 παρ’
127 1541 212 1569 αὑτοῦ
229 1540 453 1575 σπουδαζόμενον.
476 1539 532 1566 Καὶ
552 1540 657 1573 Παῦλος
673 1541 722 1577 μὲν
738 1543 838 1577 ἀγωνί-

34 1591 123 1622 ζεται
146 1587 215 1623 πρὸς
227 1587 277 1618 τὰς
294 1585 390 1622 ἀρχὰς,
403 1585 470 1621 πρὸς
484 1586 534 1618 τὰς
559 1585 691 1619 ἔξουσίας,
705 1589 751 1614 καὶ
771 1589 838 1624 πρὺς

34 1637 108 1667 τοὺς
124 1633 349 1668 κοσμοκράτορας
369 1631 416 1658 τοῦ
434 1631 555 1663 σκότους,
569 1632 615 1659 καὶ
628 1632 696 1668 πρὸς
710 1633 744 1660 τὰ
756 1642 838 1660 πνευ-

36 1680 154 1717 ματικὰ
175 1679 224 1714 τῆς
249 1677 379 1713 πονηρίας
403 1677 432 1704 ἐν
456 1678 512 1709 τοῖς
538 1678 719 1714 ἐπουρανίοις.
747 1679 784 1706 Τὸ
810 1680 838 1707 δὲ

38 1725 167 1761 Πνεῦμα
178 1724 228 1759 τῆς
250 1723 389 1758 δυνάμεως
411 1723 470 1757 οὐχὶ
486 1722 602 1758 ἐνισχύει
627 1725 690 1757 τοὺς
710 1724 837 1760 ἀθλητὰς,

34 1770 106 1797 οὐδὲ
119 1768 240 1803 διανέμει
255 1768 310 1799 τοῖς
326 1767 454 1802 ἀθληταῖς
473 1767 508 1794 τὰ
521 1767 685 1803 χαρίσματα,
705 1768 838 1804 διαιροῦν

36 1817 107 1850 ιόίᾳ
115 1815 237 1846 ἑκάστῳ
248 1813 345 1845 καθὼς
358 1814 513 1846 βούλεται,
531 1813 599 1840 ἀλλά
614 1815 694 1850 μέχρι
715 1816 762 1842 τοῦ
776 1817 839 1843 ὑπο-

35 1863 151 1897 φωνεῖν
163 1861 218 1892 τοῖς
231 1859 461 1895 συμπλεκομένοις
471 1858 520 1894 τὴν
529 1859 642 1895 δύναμιν
655 1860 720 1896 ἔχει.

74 1907 197 1938 Πάλιν,
221 1905 304 1940 φησὶ,
327 1904 575 1938 δειλανδροῦντας
593 1907 836 1940 θρασύνων.¹Λλλ“

34 1952 124 1984 οὗτος
138 1952 189 1987 μὲν
201 1951 342 1978 ἀκολουθεῖ
352 1951 424 1978 κατά
440 1952 485 1978 τὸν
495 1951 592 1978 ἑαυτοῦ
604 1951 681 1986 λόγον
693 1954 724 1988 τῇ
739 1954 838 1989 προλα-

35 2000 135 2036 ϐούσῃ
149 1998 220 2025 κατά
229 1997 276 2024 τοῦ
285 1997 354 2024 Πνεύ
358 2005 442 2033 ματος
457 1998 624 2034 βλασφημίᾳ,
633 2001 745 2034 φανεροῖ
752 2000 780 2026 δὲ
791 2001 838 2027 καὶ

33 2047 87 2074 διὰ
111 2044 163 2072 τοῦ
177 2043 273 2080 ἐχθροῦ
287 2044 420 2080 στόματος
437 2044 535 2080 ἑαυτὴν
554 2046 573 2080 ἡ
591 2045 712 2081 ἀλήθεια.
726 2046 838 2078 Οὐδενὸς

34 2093 101 2128 γάρ
112 2092 192 2118 ἐστιν
203 2090 296 2125 ἑτέρου
319 2089 418 2126 θάρσος
431 2090 555 2125 ἐμποιεῖν
566 2092 621 2122 τοῖς
631 2091 837 2127 δειλαινομένοις

29 2139 49 2173 ἢ
66 2137 142 2166 θεοῦ
156 2135 377 2171 μόνον,λέγοντος
389 2134 428 2170 τῷ
437 2134 568 2162 δειλῶν-ει
580 2136 643 2170 ’Μὴ
655 2136 759 2171 φοϐοῦ,
763 2138 837 2172 μετὰ

33 2181 104 2211 σοῦ
115 2181 174 2216 γάρ
186 2181 253 2215 ειμι,
260 2179 355 2215 μηδὲν
364 2179 506 2206 εὐλαϐοῦ·
520 2179 557 2212 ὦς
568 2182 670 2215 φησινὸ
685 2180 844 2218 Προφήτης,

41 2229 125 2256 Ἐὰν
142 2225 199 2261 γὰρ
220 2224 353 2260 πορευθῶ
377 2225 412 2252 ἐν
430 2224 515 2259 μέσῳ
538 2225 627 2258 σκιᾶς
646 2226 785 2258 θανάτου,
800 2229 836 2255 οὐ

32 2269 257 2307 φοϐηθήσομαι
274 2268 361 2301 κακὰ,
373 2269 417 2295 ὅτι
431 2269 472 2295 σὺ
482 2270 546 2303 μετ’
555 2269 628 2304 ἐμοῦ
639 2268 675 2297 εἴ.
698 2271 777 2298 Ἀλλά
789 2273 836 2299 καὶ

33 2315 128 2349 αὐτὸς
153 2315 169 2340 ὁ
192 2313 329 2349 Δεσπότης
345 2313 413 2349 πρὸς
433 2313 496 2345 τοὺς
519 2313 675 2346 δειλιῶντάς
695 2324 771 2350 φησι.
786 2317 834 2350 Μὴ

33 2361 247 2398 ταρασσέσθω
274 2361 294 2394 ἠ
321 2359 426 2394 καρδία
454 2357 552 2393 ὑμῶν,
581 2359 659 2394 μηδὲ
682 2360 835 2389 δειλιάτωο

32 2409 102 2442 καὶ,
119 2406 154 2434 τί
176 2405 361 2437 δειλοίὲστε,
379 2404 581 2439 Maledicta;
605 2404 661 2436 καὶ,
684 2406 834 2440 θαρσεῖτε,

31 2455 100 2491 ἐγώ
114 2454 194 2487 εἰμι’
204 2451 247 2486 μὴ
260 2451 415 2486 φοϐεῖσθεο
430 2451 478 2477 καὶ
499 2450 589 2483 πάλιν,
612 2452 761 2487 Θαρσεῖτε,
778 2453 836 2487 ἐγὼ

30 2499 193 2532 νενίκηκα
218 2497 271 2524 τὸν
294 2497 419 2531 κόσμον.
446 2496 550 2523 οὐκοῦν
579 2497 625 2523 καὶ
652 2497 763 2530 ἄκοντος
789 2498 835 2525 τοῦ

30 2543 193 2578 Εὐνομίου,
211 2541 244 2568 δι’
264 2541 349 2576 αὐτῆς
362 2541 412 2576 τῆς
436 2540 566 2576 πολεμίας
588 2541 680 2576 φωνῆς
702 2541 835 2569 δείκνυσιν

31 2589 147 2623 ἑαυτὴν
162 2587 179 2622 ἡ
203 2586 337 2613 εὐσέϐεια.
363 2586 506 2621 Συμφωνεῖ
530 2585 558 2612 δὲ
581 2586 627 2612 καὶ
645 2587 659 2614 ὁ
679 2587 779 2622 ἐφεξῆς
797 2588 835 2622 τῷ

31 2634 195 2671 προάγοντι
210 2632 287 2666 λόγος
298 2639 304 2645 '
327 2631 484 2664 Ἁπάντων,
501 2632 576 2667 φησὶ,
593 2631 767 2666 κηδόμενος,
784 2634 833 2660 καὶ

31 2680 150 2708 πᾶσαν
166 2677 309 2711 φροντίδα
325 2676 374 2703 καὶ
389 2676 531 2710 πρόνοιαν
543 2677 761 2712 είσφερόμενος.
780 2678 835 2704 Μό-

31 2735 85 2754 νου
106 2724 165 2758 γάρ
180 2723 254 2750 ἐστιν
265 2722 303 2755 ὡς
321 2722 428 2758 ἀληθῶς
447 2721 493 2748 τοῦ
510 2722 577 2749 Θεοῦ
593 2723 623 2749 τὸ
637 2723 766 2758 κήδεσθαι
788 2725 834 2750 καὶ

73 2779 101 2797 ⁸⁸
121 2777 205 2807 Joan.
223 2786 260 2813 vt,
275 2778 321 2806 σο.
375 2778 396 2794 ⁸⁵
411 2777 482 2806 Psal.
498 2786 564 2812 un,
580 2778 606 2807 4.

656 2779 679 2795 ⁸⁸
699 2778 777 2808 .Ionn.
791 2789 844 2816 xtv,

31 2823 101 2849 ιη,
116 2814 166 2844 35.

610 110 752 139 CONTRA-
771 108 966 144 E'UNOMIUM',
987 111 1053 140 ΜΒ.
1073 112 1106 140 ll.

1624 109 1675 138 570

856 171 879 198 Α
902 194 906 198 .
930 170 1068 199 Hactenus
1083 168 1193 207 quidem
1212 169 1384 198 inimicorum
1399 171 1565 203 testimonio,
1587 171 1675 206 Spiri-

892 218 936 242 tus
953 215 1084 251 maiestas
1106 220 1134 244 et
1147 216 1349 252 magnificentia
1365 217 1550 244 demonstrata
1575 221 1628 245 est.
1647 216 1674 245 In

890 262 1070 297 sequentibus
1091 266 1183 290 autem
1208 263 1336 290 haeretica
1362 263 1419 290 luto
1441 263 1551 297 pietatis
1571 264 1676 298 puritas

889 309 1102 336 contaminatur.
1122 308 1254 336 Autumat
1265 308 1337 336 enim
1352 308 1386 336 de
1403 308 1518 343 Spiritu.
1532 310 1604 344 quod
1619 318 1675 336 rer-

891 354 1007 380 tantibus
1035 353 1191 381 subalamat.
1211 353 1267 381 Hoc
1287 359 1376 382 autem
1399 359 1537 382 extremae
1551 356 1676 383 amentia:

890 402 916 426 et
932 398 1080 433 impietatis
1102 399 1206 426 crimen
1230 399 1321 426 habet.
1348 398 1416 425 Nam
1437 399 1470 426 in
1491 399 1599 433 stadiis,
1628 401 1674 427 alii

889 443 1000 478 quidem
1022 444 1171 471 certamina
1187 443 1335 471 instituunt
1350 447 1376 471 et
1396 444 1549 479 designant,
1567 445 1675 472 athleti-

889 497 952 517 cum
981 489 1065 517 robur
1083 493 1221 518 ostentare
1239 490 1433 526 cupientibus;
1454 492 1499 519 alii
1518 499 1582 519 vero
1599 493 1624 518 vi
1648 497 1675 519 et.

890 540 948 564 arte
960 535 1023 564 aliis
1037 536 1296 572 prastantiores,de
1309 537 1428 565 victoria
1437 537 1546 565 fortiter
1557 542 1673 571 certant,

889 582 922 609 ad
950 582 1099 610 certamina
1120 586 1213 610 mutua
1242 590 1304 611 sese
1326 588 1471 617 exuentcs;
1498 585 1596 619 reliqui
1609 592 1675 612 vero

889 625 1076 654 benevolentia
1090 634 1154 662 erga
1168 631 1318 656 certatores
1335 627 1428 662 divisi,
1444 634 1525 664 prout
1541 629 1632 657 studio
1647 634 1675 658 et

888 671 1028 700 voluntate
1055 672 1083 699 in
1108 672 1228 708 aliquem
1258 673 1420 701 athletarum
1445 675 1563 710 quisque
1591 675 1675 703 fuerit

889 716 1014 751 allectus,
1044 718 1071 745 in
1098 719 1257 753 complexus
1281 719 1341 747 sive
1361 726 1528 755 congressus
1555 725 1675 755 tempore

889 762 1053 796 subclamat,
1069 771 1117 791 seu
1139 764 1202 799 quia
1217 763 1347 792 damnum
1366 764 1531 800 praividerit,
1549 772 1596 793 seu
1611 765 1679 800 quia

888 808 1046 837 luctaminis
1073 810 1238 843 meminerit,
1263 810 1306 838 vel
1329 810 1393 846 quia
1420 815 1478 839 arte
1502 819 1551 839 sua
1573 814 1676 839 caverit

889 861 922 881 ne
937 860 1089 883 corruerct.
1116 855 1144 883 In
1161 863 1215 892 quo
1233 856 1317 892 igitur
1332 856 1427 884 ordine
1449 856 1599 886 Eunomins
1614 858 1676 894 Spi-

888 900 970 928 ritum
989 904 1114 928 sanetum
1134 901 1299 929 constituit?
1322 909 1355 930 ex
1372 901 1415 929 his
1435 910 1495 937 quae
1512 903 1585 930 dicta
1609 908 1679 931 sunt:

887 945 1038 981 intelligite.
1064 945 1094 973 in
1111 946 1208 974 stadiis
1233 947 1305 974 enim
1331 954 1393 974 cum
1415 947 1500 982 aliqui
1523 949 1682 975 certamina

894 997 1010 1026 ponant,
1035 991 1080 1019 alii
1104 999 1170 1020 vero
1182 992 1308 1027 judicent
1327 992 1361 1020 de
1381 992 1501 1028 legitima
1514 994 1683 1027 certatione,.

887 1037 932 1064 alii
948 1042 1039 1064 autem
1051 1041 1168 1070 certent,
1185 1038 1231 1065 alii
1241 1046 1306 1066 vero
1313 1038 1483 1067 certantibus
1493 1039 1674 1072 subclament,

886 1083 934 1117 qui
950 1082 1060 1118 quidem
1081 1083 1251 1112 certantibus
1266 1084 1353 1111 multo
1373 1084 1517 1113 inferiores
1539 1093 1588 1119 pro
1609 1091 1676 1113 cott-

889 1128 963 1156 fesso
989 1128 1141 1157 habentur:
1159 1134 1188 1158 ut
1213 1137 1298 1157 unum
1323 1137 1339 1158 e
1360 1131 1460 1165 populo
1481 1131 1681 1166 spectantium,

889 1174 930 1202 vel
945 1174 1062 1210 aliquem
1084 1182 1179 1203 eorum
1201 1175 1248 1211 qui
1266 1175 1377 1203 athletis
1398 1177 1567 1208 ministrant,
1584 1177 1675 1204 Eune-

888 1221 960 1247 mius
975 1221 1108 1256 Spiritum
1127 1225 1253 1249 sanctum
1272 1222 1353 1254 videt.
1372 1223 1419 1257 qui
1435 1230 1523 1257 neque
1535 1227 1673 1251 certamen

888 1264 1015 1298 instituit,
1040 1273 1129 1300 neque
1146 1265 1181 1293 de
1198 1266 1315 1294 victoria
1335 1266 1451 1302 judicat,
1469 1275 1556 1303 neque
1577 1273 1680 1296 contra

889 1311 1075 1339 adversarium
1089 1315 1186 1344 certat,
1201 1311 1248 1340 sed
1260 1319 1310 1340 sua
1321 1312 1536 1341 subclamatione
1545 1313 1577 1341 ad
1590 1314 1676 1341 victo-

889 1358 957 1385 riam
972 1357 1041 1385 nihil
1053 1361 1226 1392 cooperatur.
1244 1356 1304 1384 Non
1327 1358 1398 1385 enim
1415 1361 1568 1391 concertat,
1587 1366 1674 1394 neque

889 1404 922 1431 ad
943 1404 996 1431 hoc
1015 1403 1104 1438 ipsum
1120 1409 1258 1431 certamen
1278 1403 1333 1430 vim
1356 1403 1467 1437 inserit;
1486 1405 1675 1432 tantummodo

888 1449 947 1477 vult
961 1454 990 1476 ut
1003 1449 1047 1477 ille
1064 1449 1108 1476 cui
1125 1449 1205 1481 favet,
1225 1456 1257 1476 ex
1274 1448 1385 1477 athletis
1400 1457 1455 1477 non
1472 1451 1608 1478 secundus
1633 1452 1674 1478 vel

851 1509 873 1539 ε
893 1495 1007 1523 inferior
1025 1495 1187 1523 declaretur.
1208 1494 1290 1530 Atqui
1313 1494 1415 1522 Paulus
1434 1499 1521 1523 certat
1542 1496 1681 1524 adversus

891 1541 1071 1577 principatus,
1088 1541 1222 1568 adversus
1241 1544 1402 1576 potestates,
1424 1540 1559 1569 adversus
1581 1543 1675 1571 mundi

891 1590 1016 1621 potentes
1030 1585 1202 1613 tenebrarum
1217 1585 1299 1620 hujus
1314 1586 1418 1616 surculi.
1433 1590 1461 1614 et
1475 1586 1606 1615 adversus
1620 1589 1676 1623 spi-

890 1631 1000 1658 ritualia
1015 1631 1141 1666 nequitia:
1153 1631 1184 1658 in
1195 1631 1364 1659 caelestibus.
1383 1630 1503 1667 Spiritus
1519 1636 1610 1660 autem
1623 1633 1676 1661 vir-

890 1678 956 1705 tutis
983 1685 1038 1705 non
1065 1677 1120 1704 vim
1143 1681 1171 1705 et
1193 1677 1278 1705 robur
1304 1677 1414 1706 athletis
1439 1678 1555 1712 confert,
1588 1687 1676 1715 neque

891 1722 1070 1761 luctatoribus
1094 1722 1165 1749 dona
1194 1729 1244 1750 sua
1273 1723 1398 1758 largitur,
1433 1722 1552 1752 dieidem
1581 1725 1680 1759 cuique-

888 1772 966 1800 prout
982 1767 1050 1802 uult,
1080 1767 1128 1795 sed
1143 1767 1286 1804 hucusque
1301 1762 1406 1796 tantum
1423 1774 1452 1797 ut
1468 1771 1675 1798 conserentibus

889 1811 1050 1845 sitbclamct,
1063 1812 1120 1839 vim
1138 1812 1229 1840 habet.

924 1902 1036 1936 Rursus,
1057 1903 1156 1938 inquit,
1178 1904 1344 1932 metitulosoa
1367 1910 1392 1932 et
1416 1906 1524 1940 pavidos
1548 1909 1674 1937 audentes

888 1948 981 1975 reddit.
1001 1948 1049 1975 Hic
1064 1949 1173 1983 quidem
1189 1957 1240 1976 suo
1256 1957 1382 1978 sermone
1398 1951 1592 1986 blasphemiam
1609 1962 1674 1988 prte-

887 1994 1027 2022 cedenlem
1041 1994 1175 2027 sequitur.
1197 1995 1245 2022 sed
1261 1995 1363 2023 veritas
1380 1996 1497 2031 seipsatu
1513 2005 1561 2032 per
1574 2006 1613 2026 os-
1625 2000 1673 2027 ini-

888 2040 951 2067 mici
972 2038 1137 2067 manifestat.
1152 2039 1262 2068 Nullius
1281 2041 1354 2068 enim
1378 2041 1489 2070 alterius
1503 2048 1544 2071 est
1558 2051 1674 2079 expave-

887 2085 1028 2113 scentibus
1043 2084 1169 2112 fiduciam
1180 2088 1207 2112 et
1220 2085 1303 2112 animi
1320 2088 1490 2120 praesentiant
1502 2088 1672 2123 ingenerarc,

888 2138 969 2166 quam
987 2130 1073 2158 solius
1093 2129 1152 2162 Dei,
1170 2131 1218 2166 qui
1236 2130 1303 2158 dicit
1319 2132 1450 2159 metuenti
1465 2142 1472 2159 :
1487 2132 1551 2160 Noli
1572 2135 1672 2167 timerr,

851 2179 872 2207 D
891 2182 974 2204 tecum
984 2176 1052 2203 enim
1060 2176 1159 2208 sum“,
1167 2175 1234 2202 nihil
1244 2175 1397 2210 reformida,
1408 2177 1478 2204 sicut
1486 2177 1673 2214 diciti’roplie-

887 2226 915 2250 la
931 2232 937 2249 :
951 2222 981 2249 Si
993 2222 1062 2249 enim
1075 2221 1243 2250 ambulat-ero
1256 2222 1282 2249 in
1296 2222 1383 2249 medio
1394 2222 1494 2250 umbra:
1506 2225 1609 2258 mortis,
1621 2233 1672 2253 non

887 2268 981 2295 timebo
990 2267 1074 2300 mala,
1087 2269 1213 2302 quoniam
1222 2273 1250 2294 tu
1260 2276 1358 2296 mecum
1367 2277 1394 2296 es
1403 2269 1436 2296 “.
1446 2269 1517 2302 Quin
1526 2271 1606 2298 etiam
1614 2272 1673 2307 ipse

886 2313 1018 2342 Dominus
1029 2313 1062 2341 ad
1070 2317 1221 2342 metuentes
1231 2314 1298 2342 dicit
1306 2313 1359 2342 :Ne
1367 2315 1486 2343 turbetur
1496 2325 1540 2343 cor
1548 2322 1671 2350 uestrum,

886 2368 966 2395 neque
976 2360 1098 2393 formidet
1104 2359 1137 2386 “.
1148 2359 1189 2392 Et,
1202 2359 1272 2392 Quid
1281 2360 1367 2387 timidi
1374 2361 1560 2392 euis,modica:
1571 2363 1673 2397 fidei"?

886 2405 929 2437 Et,
941 2404 1081 2440 Conﬁdile,
1092 2403 1148 2440 Ego
1157 2412 1230 2432 sum:
1239 2405 1321 2432 nolite
1332 2406 1422 2433 timere
1428 2406 1546 2443 “,atque
1558 2409 1672 2436 iterum:

886 2450 1027 2485 Con/idm,
1033 2459 1079 2486 ego
1085 2450 1133 2478 vici
1141 2450 1303 2477 mundum".
1311 2451 1493 2484 Quamobrem
1500 2453 1585 2481 invito
1591 2455 1671 2482 etiam

888 2495 1036 2528 Eunomia,
1056 2503 1103 2530 per
1120 2495 1246 2524 bestilcm
1264 2503 1357 2524 vocem
1370 2497 1487 2532 seipsam
1505 2498 1673 2527 demonstrat

886 2541 982 2576 pietas.
995 2541 1091 2570 Sermo
1097 2542 1178 2569 etiam
1185 2542 1231 2577 qui
1242 2542 1370 2578 deinceps
1381 2543 1506 2578 sequitur
1512 2545 1671 2578 praacedcnti

886 2591 1028 2615 consonat.
1046 2587 1181 2620 Omnium,
1194 2588 1293 2623 inquit,
1303 2596 1395 2615 curam
1408 2589 1515 2621 habena,
1532 2593 1557 2616 et
1571 2598 1671 2617 omnem

887 2643 977 2662 turum
987 2639 1011 2662 et
1020 2635 1210 2669 providentiam
1226 2635 1351 2669 inferens.
1377 2634 1469 2662 Solius
1482 2635 1553 2662 enim
1568 2638 1610 2662 est
1625 2634 1672 2662 Dei

887 2681 1407 2716 vereomniumcogitationemetcuram
1421 2680 1529 2712 habere,
1547 2680 1585 2707 sic
1595 2680 1672 2707 Davi-

886 2727 1024 2762 dcmagno
1040 2727 1163 2754 dicente:
1184 2725 1240 2760 Ego
1262 2726 1396 2752 inauditus
1411 2733 1469 2751 sum
1485 2731 1509 2752 et
1523 2733 1630 2760 pauper.
1648 2731 1671 2754 et

857 2782 901 2810 27.
940 2781 962 2797 ⁸⁷
983 2781 1077 2809 Matth.
1091 2782 1202 2815 vul,28.
1257 2780 1278 2797 "‘
1299 2780 1380 2808 Marc.
1399 2787 1437 2813 vt,
1456 2779 1501 2808 50.
1553 2780 1575 2797 δ’
1592 2780 1670 2809 Joan.
