1920 3073
31 104 102 133 573

621 99 762 128 CONTRA
782 97 975 133 EUNOMlUM,
995 99 1059 135 ΜΒ.
1079 98 1121 126 lll.

1622 101 1674 130 57$

30 161 208 196 παλαίστρα
227 159 272 187 τοῦ
294 159 421 195 ψεύδους,
439 159 478 191 εἰς
496 159 558 191 τοὺς
581 159 648 194 ὑπὲρ
664 159 713 194 τῆς
735 158 803 185 ἀπάτ

895 158 976 186 tertio
1000 163 1094 185 contra
1118 158 1243 193 pietatem
1271 166 1318 194 per
1342 158 1516 195 seriptiouem
1538 160 1675 195 pulverem

30 208 160 242 ἀγῶνας
181 206 276 233 ἑαυτὸν
299 205 472 242 ἐπιρρώσας·
494 205 650 239 ἀναγκαίως
671 205 718 231 καὶ
739 204 786 231 νῦν
808 204 840 231 δι’

30 253 127 288 ἡμῶν
151 253 166 279 ὁ
185 252 236 286 τῆς
258 250 386 285 ἀληθείας
402 250 479 285 λόγος
508 250 576 286 πρὸς
594 250 644 285 τὴν
663 249 711 275 τοῦ
729 248 842 284 ψεύδους

30 298 208 334 ἀνατροπὴν
228 296 424 332 ἀντεγείρεται,
440 296 477 331 τῷ
492 296 620 331 νικοποιῷ
634 303 663 321 τε
678 295 724 322 καὶ
739 295 843 328 ἀγωνο-

31 344 113 379 θέτῃ
141 345 193 379 τῆς
205 344 284 379 νίκης
297 343 405 374 ἀναθεὶς
417 342 464 373 τὰς
476 342 596 374 ἐλπίδας,
611 341 658 368 καὶ
673 341 730 376 ἅμα
744 343 777 377 τῇ
792 349 844 367 κα-

31 391 178 426 κοτεχνίᾳ
195 390 248 416 τῶν
266 389 313 416 τοῦ
330 388 451 416 ὲναντίου
470 387 667 423 παλαισμάτων
683 386 844 422 ὲνδυναμού-

33 445 142 471 μενος.
159 436 306 471 Ὁμολογοῦ
312 444 361 471 μεν
373 435 427 470 γὰρ
438 435 658 469 ὰνεπαισχὺντως
670 434 759 468 ἡμεῖς,
773 433 843 467 μήτε

29 482 110 508 τινὰ
122 482 204 515 λόγον
215 481 257 508 διὰ
272 481 418 518 ῥητορικῆς
433 479 598 514 τεθηγμένον
609 479 654 505 ἐπὶ
667 480 729 511 τοὺς
737 478 844 512 ἀγῶνας

29 527 293 563 παρεσκευάσθαι,
319 527 386 562 μήτε
407 525 547 559 δεινότητα
570 523 742 559 διαλεκτικῆς
767 524 844 558 ἀγχι-

29 573 121 604 νοίας
133 574 177 604 εἰς
194 572 351 608 συμμαχίαν
370 571 442 598 κατὰ
459 570 512 596 τῶν
530 570 763 604 ἀντιτεταγμένων
779 577 844 604 προ-

29 619 206 649 ϐάλλεσθαι,
220 618 237 653 ἢ
252 617 299 644 καὶ
313 617 362 652 τὴν
375 616 503 652 ἀλήθειαν
518 615 647 647 πολλάκις
663 615 703 646 εἰς
716 614 843 642 ὑπόνοιαν

27 664 164 699 ψεύδους
181 664 227 690 ἐπὶ
242 662 298 689 τῶν
311 662 431 697 ἀπείρων
451 661 681 697 ἀντιμεθίστησιν.
700 660 780 687 ’Λλλὰ
795 661 844 696 μία

27 709 165 744 δύναμις
180 708 227 735 τοῦ
245 709 274 735 ἐν
294 709 360 744 ἡμῖν
380 707 460 741 λόγου
485 707 554 734 κατὰ
573 706 619 733 τοῦ
639 705 753 740 ψεύδους
773 705 842 732 ὲστί.

29 755 161 791 Πρῶτον
178 755 228 790 μὲν
242 754 322 785 αὐτὸς
334 752 484 797 ὀιάληοινὸς
493 750 589 785 Λόγος,
598 752 674 786 ἰσχὺς
686 751 732 778 τοῦ
744 751 844 786 ἡμετέ-

34 809 106 836 ρου,
125 800 178 835 τὴν
198 799 348 830 παίδευσιν,
364 798 432 826 ἀλλὰ
453 798 549 832 σοφὸν,
568 797 600 823 ὲκ
623 797 843 832 προπαιδεύσεως

892 204 993 231 excitat
1008 204 1034 231 in
1051 208 1159 231 assueta
1183 205 1233 232 sibi
1249 205 1374 240 palaestra
1402 205 1554 239 mendacii,
1579 207 1611 234 ad
1627 209 1677 235 ite-

893 249 976 276 randa
994 258 1043 284 pro
1063 258 1155 278 errore
1173 251 1323 278 certamina
1343 252 1462 287 seipsum
1483 252 1676 282 corroborans:

892 291 1050 320 necessnl'lO
1067 297 1148 324 etiam
1167 305 1239 324 nunc
1259 305 1307 332 per
1322 305 1372 325 nos
1396 298 1518 326 veritatis
1536 307 1626 327 sermo
1643 301 1676 327 ad

893 342 1028 369 mendacii
1055 343 1224 370 eversionem
1253 348 1349 370 contra
1375 344 1497 378 exsurgit
1524 345 1550 370 in
1580 349 1676 372 aucto-

893 396 950 415 rem
964 389 1086 416 victoria:
1102 393 1128 416 et
1146 389 1335 424 agonothctam
1354 389 1398 424 (id
1418 394 1476 422 est,
1498 391 1676 417 certaminum

893 436 1125 469 coustitutorcm),
1148 440 1230 462 totam
1250 435 1371 462 victoria:
1391 444 1465 470 spem
1478 443 1622 470 reponens,
1637 438 1676 464 si-

893 481 950 506 mul
976 481 1056 507 etiam
1085 489 1115 508 ex
1143 475 1290 507 adversarii
1322 488 1404 515 prava
1432 481 1578 508 luctatione
1604 481 1677 508 vires

893 525 1051 560 concipiens
1074 530 1100 552 et
1121 526 1260 560 colligens.
1279 525 1334 552 Nos
1359 525 1430 552 enim
1452 526 1553 561 absque
1573 526 1677 560 pudore

894 570 1073 600 conﬁtemur,
1107 578 1195 604 neque
1222 571 1338 605 aliquam
1364 570 1514 597 orationem
1540 570 1676 598 rhetorico

894 615 1008 643 artiﬁcio
1023 616 1188 643 elaboratam
1202 619 1229 642 et
1246 615 1427 642 acuminatam
1454 614 1488 641 ad
1516 616 1676 642 certandum

893 670 1061 698 prmparasse
1080 671 1086 688 :
1101 669 1188 697 neque
1203 660 1351 688 dialectica:
1368 661 1527 689 subtilitatis
1540 661 1676 689 solertiam

893 712 919 735 et
936 707 1112 734 acrimoniam
1129 706 1162 733 ad
1179 707 1308 733 auxilium
1325 711 1351 734 et
1369 706 1554 734 defensionem
1581 711 1677 735 contra

893 761 924 781 ea
938 761 996 788 qua:
1012 753 1045 780 ab
1059 753 1225 780 adversariis
1240 756 1304 779 sunt
1315 752 1420 786 objecta
1433 753 1605 788 protendere,
1617 761 1678 788 quas

894 799 974 825 etiam
991 799 1130 825 veritatem
1145 798 1171 825 in
1185 798 1367 833 Suspicionem
1387 798 1519 825 mendacii
1538 799 1608 834 apud
1627 799 1678 826 im-

51 846 176 873 ενὲσθαι
188 845 294 881 πρῶτον
307 844 502 876 διακελεύεται,
517 841 566 870 εἷθ’
587 842 672 875 οὕτως
683 843 732 878 τὴν
746 843 778 869 ἐκ
793 851 803 869 1

895 845 996 878 peritos
1010 844 1138 871 traducit.
1156 844 1209 871 Sed
1224 844 1311 871 nostri
1329 844 1465 872 sermonis
1488 844 1568 871 unica
1590 845 1682 872 virtus

32 890 208 926 Παροιμὶας
223 891 347 918 παιδείαν
357 891 466 925 χωρεῖν.
480 889 638 924 Φρονήσεως
651 889 706 924 γὰρ
718 886 787 914 εἶναι
799 888 842 914 λό-

28 946 109 970 γους
131 937 212 971 ξησὶ,
232 935 276 962 διὰ
290 935 409 971 στροφῆς
423 935 469 962 τὸν
491 934 590 961 σκοπὸν
611 932 840 965 ὲκκαλὺπτοντας.

28 984 72 1010 Τὸ
90 974 158 1017 γὰρ’
172 981 209 1016 μὴ
221 981 264 1008 ἐπ’
277 981 383 1012 εὐθείας
396 980 540 1014 νοούμενον
566 978 685 1014 στροφῆς
695 987 766 1010 τινος
777 979 842 1014 χρῄ-

27 1030 77 1061 ζει
96 1027 174 1063 πρὸς
185 1026 235 1056 τὴν
247 1026 294 1053 τοῦ
305 1025 496 1061 κεκρυμμένου
507 1024 668 1058 κατάληψιν.
683 1024 737 1050 Καὶ
749 1024 844 1060 ὥσπερ

25 1076 41 1102 ὁ
63 1071 185 1104 Παῦλος
219 1071 344 1103 ἀλλάξειν
362 1070 458 1097 ἑαυτοῦ
474 1070 524 1105 τὴν
545 1069 636 1105 φωνὴν
652 1069 843 1104 ἐπηγγείλατο,

28 1120 155 1156 μέλλων
175 1117 350 1153 μετατιθέναι
363 1117 412 1151 τὴν
429 1115 549 1152 ἱστορίαν
565 1117 605 1147 εἰς
619 1114 753 1151 τροπικὴν
774 1114 844 1140 θεω-

27 1167 105 1202 ρίαν
116 1173 124 1180 ·
137 1164 228 1195 οὓτως
240 1162 357 1190 ἐνταῦθα
371 1163 387 1198 ὴ
401 1161 454 1188 τῶν
468 1161 667 1196 κεκρυμμένων
680 1160 845 1196 φανέρωσις,

28 1211 156 1247 στροφὴ
168 1209 214 1236 τοῦ
231 1209 310 1243 λόγου
326 1208 400 1244 παρὰ
413 1207 460 1234 τοῦ
477 1206 650 1242 Σολομῶντος
663 1205 844 1240 κατονομάζε-

26 1266 81 1285 ται
96 1265 105 1272 ·
133 1256 175 1287 ὡς
188 1255 219 1282 οὐ
232 1254 380 1290 δυναμένου
393 1252 591 1288 κατανοηθῆναι
604 1251 650 1278 τοῦ
663 1251 777 1282 κάλλους
791 1250 845 1277 τῶν

27 1313 83 1338 von
91 1302 208 1338 μάτων,
223 1301 248 1327 εί
262 1300 298 1335 μή
313 1308 356 1330 τις
369 1298 416 1326 τοῦ
430 1298 509 1333 λόγου
523 1298 554 1324 τὸ
573 1297 788 1332 προφαινόμενον
805 1297 845 1327 εἰς

26 1349 63 1376 τὸ
100 1346 229 1382 ἔμπαλιν
249 1343 420 1380 ἀναστρέψας
432 1363 440 1376 ,
459 1343 507 1369 ἴδοι
527 1342 576 1378 τὴν
597 1339 845 1376 ἀποκεκρυμμένην

27 1393 133 1428 αὐτὴν
151 1391 201 1418 τοῦ
215 1391 359 1426 νοήματος.
376 1388 440 1416 Οἷον
455 1389 501 1415 ἐπὶ
516 1388 562 1415 τοῦ
578 1388 678 1424 πτεροῦ
691 1389 843 1423 συμϐαίνει,

26 1437 52 1474 ᾧ
67 1439 151 1467 κατὰ
169 1437 200 1464 τὺ
213 1437 320 1472 οὐραῖον
333 1437 346 1462 ὁ
358 1434 432 1467 ταὼς
446 1434 656 1465 καλλωπίζεται.
677 1434 737 1460 Ἐπὶ
749 1434 845 1460 τούτου

28 1487 95 1521 γὰρ
112 1485 129 1511 ὁ
148 1483 199 1518 μὲν
214 1483 250 1509 τὰ
265 1482 339 1509 νῶτα
352 1481 399 1508 τοῦ
415 1481 516 1516 πτεροῦ
535 1480 712 1515 θεασάμενος,
729 1481 799 1508 κατὰ
813 1481 843 1508 τὸ

27 1530 170 1561 ἀκαλλὲς
185 1538 214 1555 τε
231 1528 276 1555 καὶ
289 1529 423 1564 ἄμορφον.
439 1527 603 1562 καταφρονεῖ
622 1524 730 1559 πάντως
744 1528 782 1558 ὼς
799 1527 844 1553 εὐ-

26 1577 141 1608 τελοῦς
156 1575 205 1602 τοῦ
220 1575 367 1609 Θεάματος.
380 1574 411 1600 Et
423 1573 452 1600 δέ
463 1582 505 1605 τις
520 1572 784 1608 ἀναστρέψαςάὺτοῦ
796 1573 845 1608 τὴν

28 1624 146 1658 ἑτέραν
157 1621 219 1655 {liful
231 1619 395 1655 προδείξειεν
406 1639 413 1651 ,
428 1620 480 1654 ὁρᾷ
491 1619 539 1654 τὴν
552 1618 675 1653 ποικίλην
687 1618 846 1654 ζωγραφίαν

28 1670 88 1702 τῆς
111 1666 238 1702 φύσεως,
260 1665 306 1691 καὶ
319 1665 364 1691 τὸν
377 1664 490 1699 ἡμιτελῆ
507 1663 606 1691 κύκλον
622 1663 650 1690 ὲν
669 1664 796 1699 πορφυρᾷ
811 1664 844 1699 τῇ

31 1715 119 1750 βαφῇ
139 1711 215 1738 κατὰ
228 1711 258 1737 τὸ
274 1711 355 1746 μέσον
376 1710 560 1745 ἐκλάμπον-ια,
577 1709 624 1736 καὶ
639 1710 686 1736 τὸν
701 1709 844 1744 χρυσοειδῆ

30 1769 69 1786 πε
76 1759 110 1791 ρὶ
126 1758 178 1784 τὴν
195 1756 293 1783 κύκλον
307 1756 386 1790 ἀέρα,
399 1757 455 1787 τοῖς
467 1755 626 1791 πολυχρόοις
643 1755 708 1791 ίρισι
729 1755 799 1782 κατὰ
815 1755 845 1782 τὸ

30 1807 132 1842 ἀκρον
148 1802 332 1838 διεζωσμένον
344 1810 374 1828 τε
389 1802 436 1828 καὶ
448 1802 630 1837 λαμπόμενον.
654 1801 729 1828 Ἐπεὶ
741 1799 786 1828 οὖν
801 1801 846 1828 οὺ-

29 1853 83 1879 δὲν
105 1850 151 1885 τῷ
169 1849 307 1885 προχείρῳ
326 1849 376 1883 τῆς
394 1848 494 1881 λέξεως
514 1847 608 1874 ἔπεστι
626 1847 740 1879 κάλλοςσ
758 1847 844 1874 Πᾶσα

30 1898 109 1933 γὰρ,
132 1895 231 1931 φησὶν.
255 1895 273 1928 ἡ
295 1894 370 1926 δόξα
386 1893 440 1927 τῆς
454 1894 600 1928 θυγατρὸς
619 1893 672 1920 τοῦ
691 1893 844 1925 ,βασιλέως

30 1945 178 1973 ἔσωθεν,
193 1941 229 1968 ἐν
242 1941 304 1974 τοῖς
315 1940 440 1975 χρυσοῖς
454 1940 584 1975 νοήμασι
596 1939 635 1972 τῷ
650 1938 769 1973 κρυπτῷ
782 1938 844 1965 δια-

29 1990 219 2024 λάμπουσιι
236 1987 337 2019 κόσμῳ
348 1994 354 2002 ·
377 1985 533 2020 ἀναγκαίως
554 1986 568 2012 ὁ
583 1984 706 2020 Σολομὼν
724 1985 779 2016 τοῖς
799 1985 843 2011 ὲνι

31 2034 218 2069 τυγχάνουσι
232 2031 271 2066 τῷ
287 2031 380 2066 βιϐλίῳ
394 2031 480 2066 τούτῳ
498 2030 546 2066 τὴν
561 2030 607 2057 τοῦ
628 2030 706 2064 λόγου
725 2030 843 2065 στροφὴν

32 2079 230 2108 ὑποτίθεται,
252 2077 295 2103 ἵνα
309 2076 353 2103 διὰ
367 2077 461 2103 τούτου
483 2077 600 2111 νοήσωσι
621 2075 777 2111 παραϐολὴν
797 2076 843 2103 καὶ

32 2124 192 2154 σκοτεινὸν
206 2124 295 2157 λόγον,
312 2123 404 2158 ῥήσεις
417 2131 446 2149 τε
465 2122 554 2156 σοφῶν
568 2122 613 2149 καὶ
625 2122 782 2157 αἰνίγματα.

893 890 1024 918 adversus
1041 890 1211 918 mendacium
1229 893 1281 917 est.
1298 889 1335 916 Ac
1350 889 1466 925 primum
1489 890 1597 924 quidem
1620 891 1681 925 ipse

892 943 973 962 verus
985 936 1079 963 Sermo
1090 955 1096 966 ,
1110 933 1166 962 sive
1177 935 1293 963 Verbum
1305 956 1312 967 ,
1329 935 1413 963 robur
1428 936 1561 963 sermonis
1572 936 1657 963 nostri
1668 957 1683 970 ,.

892 981 1071 1008 eruditionem
1088 981 1228 1015 suscipere
1245 981 1384 1016 prmcipit,
1407 981 1454 1008 sed
1476 982 1624 1016 sapientem
1643 990 1677 1009 ex

893 1026 1069 1054 antecedente
1085 1026 1244 1060 disciplina:
1261 1026 1358 1054 deinde
1373 1027 1413 1054 sic
1427 1034 1461 1054 ex
1474 1027 1621 1054 Proverbio
1636 1027 1679 1054 di-

893 1073 1035 1107 sriplinam
1063 1080 1170 1107 capere.
1195 1072 1350 1099 Prudenlite
1371 1073 1444 1099 enim
1465 1080 1544 1106 esse,
1569 1072 1682 1108 inquit,

893 1126 1033 1146 sermones
1048 1119 1093 1153 qui
1119 1125 1167 1153 per
1187 1118 1368 1145 inversionem
1392 1126 1505 1154 scopum
1539 1119 1683 1154 detegunt.

893 1162 969 1196 Quod
984 1163 1056 1190 enim
1074 1167 1149 1191 recto
1170 1171 1251 1191 sensu
1276 1171 1331 1191 non
1353 1168 1444 1198 potest
1468 1163 1598 1200 intelligi,
1616 1173 1683 1192 ver-

893 1207 969 1234 sione
981 1208 1070 1242 aliqua
1083 1207 1202 1243 indiget,
1218 1212 1247 1235 ut
1262 1208 1287 1235 id
1302 1209 1372 1243 quod
1398 1209 1424 1236 in
1439 1209 1573 1243 ejusmodi
1588 1210 1682 1238 verbis

893 1253 1028 1280 occultum
1042 1253 1123 1284 latet,
1136 1253 1397 1288 comprehendatur:
1411 1259 1438 1281 et
1448 1255 1683 1289 quemadmodum

893 1297 994 1324 Paulus
1010 1298 1036 1324 iu
1055 1298 1185 1332 tropieam
1202 1299 1258 1326 sive
1275 1299 1447 1334 allegoricam
1465 1301 1681 1334 speculationem

893 1342 1034 1369 historiam
1047 1343 1230 1370 translaturus
1240 1363 1247 1375 .
1259 1351 1288 1371 se
1303 1351 1379 1371 suam
1392 1352 1500 1379 quoque
1513 1353 1604 1373 vocem
1620 1355 1680 1374 mu-

893 1392 1013 1415 taturum
1035 1396 1096 1416 esse
1117 1389 1279 1423 promisit':
1305 1390 1345 1417 sic
1364 1390 1417 1418 hoc
1439 1391 1466 1418 in
1489 1391 1549 1419 loco
1571 1393 1678 1420 abdito-

894 1441 954 1460 rum
971 1433 1120 1461 declaratio
1131 1454 1138 1467 ,
1159 1435 1295 1462 sermonis
1315 1435 1448 1469 inversio,
1465 1437 1506 1464 vel
1523 1445 1679 1466 sermonum

894 1480 1022 1507 versutia:
1036 1487 1051 1506 a
1067 1479 1213 1507 Solomone
1230 1482 1406 1509 nominantur
1421 1483 1469 1518 (a).
1489 1482 1573 1516 Quasi
1591 1485 1681 1512 notio-

896 1534 959 1553 nqu
977 1525 1152 1561 pulchritudo
1169 1531 1259 1554 mente
1281 1528 1474 1562 comprehendi
1496 1535 1550 1557 non
1574 1533 1681 1566 possit,

895 1573 947 1600 nisi
966 1574 1026 1608 quis
1044 1574 1179 1601 sermonis
1201 1574 1288 1609 prima
1309 1575 1400 1610 specie
1423 1580 1496 1604 retro
1519 1585 1613 1609 versa,
1630 1586 1680 1606 no—

896 1619 979 1647 tionis
995 1620 1129 1647 occultum
1145 1620 1291 1656 splendore
1311 1622 1471 1656 iuspeverit.
1496 1622 1680 1656 Quemadmo—

896 1666 959 1693 dum
982 1666 1009 1692 in
1036 1673 1067 1693 ea
1091 1674 1178 1701 penna
1204 1666 1355 1702 contingit,
1377 1673 1429 1701 qua
1451 1668 1478 1695 in
1503 1669 1588 1696 cauda
1613 1679 1684 1705 pavo

896 1712 1054 1738 adornatur.
1071 1711 1098 1738 Si
1115 1711 1176 1746 quis
1193 1712 1264 1739 cnim
1287 1720 1402 1747 pennam
1425 1721 1439 1740 a
1460 1718 1536 1750 tergo
1558 1720 1680 1744 contem-

896 1757 986 1791 platus
1005 1756 1101 1790 fuerit,
1125 1761 1236 1792 propter
1256 1759 1347 1785 nescio
1368 1759 1432 1794 quid
1454 1760 1626 1788 invenustqu
1648 1770 1681 1791 ac

895 1802 1035 1835 deforme,
1053 1803 1124 1837 quod
1141 1803 1168 1829 itt
1186 1810 1217 1830 ea
1233 1808 1346 1838 apparet
1358 1824 1365 1836 ,
1384 1805 1495 1832 omnino
1510 1807 1679 1842 despexerit,

895 1851 1023 1882 tanquam
1038 1848 1090 1875 vile
1108 1848 1215 1882 aliquod
1231 1853 1257 1875 et
1275 1849 1349 1876 nihili
1368 1850 1520 1877 facientium
1540 1858 1681 1887 spectacul-

896 1893 962 1920 lum.
977 1892 1054 1926 Quod
1072 1893 1094 1920 si
1111 1893 1172 1928 quis
1191 1893 1297 1920 inversa
1313 1902 1399 1928 penna
1415 1895 1473 1929 ejus
1489 1896 1602 1924 alterum
1617 1906 1681 1933 pro-

897 1941 1020 1972 spectum
1031 1937 1199 1969 ostenderit,
1216 1938 1317 1965 variam
1330 1942 1433 1966 natura:
1443 1940 1575 1974 picturam
1589 1943 1679 1970 intue-

896 1984 978 2014 bitur,
994 1988 1020 2010 et
1035 1983 1236 2010 semicirculum
1250 1991 1388 2019 purpurea
1402 1985 1520 2013 tinctura
1544 1987 1570 2014 in
1592 1988 1679 2016 medio

896 2030 1072 2062 emicantem,
1086 2034 1111 2057 et
1126 2030 1320 2057 circumfusum
1333 2037 1394 2057 aera
1408 2031 1511 2059 circulo
1523 2040 1604 2061 aurea
1618 2042 1680 2069 spe-

895 2075 937 2102 cie
951 2076 1097 2107 nitentem.
1117 2075 1231 2110 ejusque
1257 2077 1440 2104 summitatem
1462 2079 1680 2109 multicoloribus

895 2120 1011 2148 iridibus
1026 2121 1144 2148 cinctam
1165 2125 1191 2148 et
1215 2124 1331 2149 venusto
1356 2123 1501 2158 splendore
1520 2123 1677 2160 fulgentem.

31 2175 141 2208 Quare
157 2178 222 2197 cum
239 2171 264 2196 in
278 2170 411 2196 orationis
423 2169 510 2204 primo
522 2172 665 2204 prospectu
678 2169 751 2196 nulla
766 2169 836 2197 inest
855 2168 1030 2204 pulchritudo
1047 2178 1053 2196 :
1071 2168 1162 2196 Omnis
1174 2169 1256 2201 enim,
1271 2170 1368 2205 inquit,
1381 2170 1467 2205 gloria
1484 2172 1548 2206 ﬁliw
1565 2175 1632 2208 regis
1647 2175 1680 2202 ab

32 2223 133 2251 intus,
156 2219 185 2244 iu
212 2217 299 2243 aureis
314 2216 533 2243 intellectionibus
549 2215 651 2243 occulta
666 2216 796 2250 refulgens
817 2215 948 2242 ornatu‘:
967 2214 1123 2242 necessario
1141 2214 1269 2242 Solomon
1283 2236 1290 2248 ,
1308 2215 1379 2243 hunc
1399 2217 1497 2244 librum
1517 2218 1680 2254 legentibus,

32 2272 211 2297 sermonem
225 2265 357 2291 invertere
376 2263 514 2298 prmCCpll,
535 2266 565 2290 ut
581 2262 633 2289 hoc
651 2262 732 2289 modo
748 2262 900 2297 intelligant
915 2261 1073 2296 parabolam
1086 2263 1113 2288 ct
1127 2261 1275 2289 obscurum
1289 2270 1442 2290 sermonem
1454 2283 1461 2296 ,
1477 2265 1559 2292 verba
1574 2267 1681 2302 sapien-

33 2322 104 2343 tum
123 2317 153 2340 et
172 2311 315 2345 aenigmata
330 2318 423 2338 eorum
433 2311 453 2337 ³,

76 2360 185 2388 Ταῦτα
198 2359 287 2385 τοίνυν
298 2357 475 2393 περιεχούσης
482 2357 530 2392 τῆς
542 2357 731 2392 Παροιμιακῆς
742 2356 803 2384 ταὺτ

929 2357 996 2384 Cum
1013 2357 1097 2394 igitur.
1113 2357 1168 2385 haec
1181 2356 1363 2386 Proverbialis
1383 2359 1507 2389 doctrina
1524 2362 1574 2390 ista
1593 2365 1683 2392 οοιιιίι

32 2404 245 2436 διδασκαλίας,
264 2403 338 2429 οὐδὲν
361 2403 393 2430 ἄν
415 2411 456 2434 τις
480 2402 534 2428 τῶν
549 2401 748 2438 εὑφρονούντων
769 2402 847 2434 ἀνεξα

34 2453 178 2480 ετάστως
194 2457 224 2474 τε
247 2448 293 2474 καὶ
306 2447 468 2482 ἀθεωρήτως
486 2447 540 2473 τῶν
555 2448 587 2473 ὲκ
605 2447 656 2480 τῆς
676 2447 766 2481 βίϐλου
781 2447 846 2474 ταὺ-

33 2505 97 2532 της
125 2492 342 2530 προφερομένων
357 2491 462 2524 δέξεται
474 2511 481 2524 ,
501 2491 555 2518 κᾶν
569 2491 611 2518 ὅτι
629 2491 745 2526 μάλιστα
760 2493 845 2527 σαφὲς

36 2545 75 2570 ὲκ
93 2539 149 2567 τοῦ
171 2539 317 2574 προχείρου
343 2538 389 2564 καὶ
404 2537 541 2572 γνώριμον
575 2537 712 2571 τυγχάνει,
734 2538 845 2570 Πάντως

37 2588 107 2622 γὰρ
125 2584 228 2612 ὕπεστί
241 2592 282 2614 τις
296 2583 344 2609 καὶ
357 2584 410 2614 τοῖς
424 2583 567 2618 προδήλοις
580 2580 648 2609 εἶναι
658 2583 764 2610 δοκοῦσι
776 2584 846 2611 κατὰ

38 2629 206 2665 ἀναγωγὴν
225 2629 335 2663 θεωρία.
352 2628 383 2654 Εἰ
406 2628 433 2654 δὲ
454 2628 489 2654 τὰ
513 2628 644 2664 πρόχειρα
664 2628 714 2662 τῆς
735 2629 846 2665 Γραφῆς

85 2699 96 2715 ί
119 2697 213 2724 Galat.
229 2704 265 2728 tv,
283 2696 329 2724 20.
368 2696 378 2712 ’
392 2695 464 2725 Psal.
480 2704 553 2729 μιν,
568 2696 609 2724 Η,
648 2697 658 2712 ³
671 2696 751 2724 Prov.
766 2705 783 2730 ι,
797 2697 824 2725 6.

896 2407 978 2430 neat:
995 2403 1041 2438 qui
1057 2407 1130 2431 recte
1145 2407 1216 2438 sapit
1227 2424 1235 2436 ,
1250 2404 1317 2431 nihil
1328 2412 1422 2433 eorum
1435 2415 1496 2441 qua:
1509 2416 1542 2435 ex
1557 2409 1626 2437 libro
1642 2411 1684 2437 cio

897 2453 1000 2481 tantur,
1017 2449 1218 2477 inconsiderate
1232 2454 1258 2477 et
1276 2454 1377 2479 temere
1395 2453 1531 2488 accipiet;
1557 2457 1682 2489 quamvis

896 2495 962 2522 illud
978 2496 1062 2530 prima
1079 2495 1166 2523 fronte
1181 2496 1295 2523 maxime
1309 2502 1431 2532 apertum
1447 2502 1474 2525 et
1488 2499 1625 2533 cognitum
1640 2501 1681 2528 vi-

896 2541 1002 2568 deatur.
1015 2540 1131 2568 Omnino
1146 2542 1218 2568 enim
1232 2542 1313 2568 etiam
1327 2543 1352 2569 in
1367 2543 1409 2569 his
1420 2551 1479 2578 qme
1491 2545 1566 2571 valde
1577 2546 1683 2579 perspi-

899 2594 949 2613 cua
963 2590 1105 2621 putantur,
1118 2587 1211 2614 subest
1225 2595 1273 2621 per
1288 2595 1427 2623 auagogen
1438 2608 1446 2619 ,
1460 2589 1485 2616 id
1499 2594 1540 2616 est
1558 2589 1680 2623 ﬁguram,

899 2639 952 2667 qua
968 2632 1121 2660 intellectus
1133 2631 1166 2660 ad
1180 2633 1276 2660 altiora
1292 2634 1461 2667 subvehitur,
1477 2634 1680 2669 contemplatio.

85 2768 131 2803 (a)
155 2766 290 2810 Sap_vnl,
307 2766 334 2797 8.
351 2767 390 2793 sic
406 2767 535 2810 habetur;
550 2768 782 2810 Si‘ntultitndiuem
800 2770 917 2798 scientia:
932 2772 1063 2802 desiderat
1075 2775 1131 2810 quis
1145 2783 1154 2802 :
1167 2775 1358 2809 scitpra‘terila
1369 2778 1392 2800 et
1404 2773 1434 2800 de
1449 2772 1547 2808 futuris
1559 2774 1682 2810 resumat,

39 2808 98 2834 scit
124 2803 259 2830 uenatias
277 2810 441 2836 sermonum,
460 2807 484 2829 ει
501 2803 686 2831 dissolutione;
705 2810 930 2841 arytmtentorum.
