1920 3073
243 121 300 151 εις

880 124 910 154 S.
930 123 1094 153 GREGORII
1103 123 1254 152 NYSSENI

1214 55 1222 68 \

1833 134 1885 149 au

242 181 360 215 Quod'si
377 189 438 217 qua:
456 180 546 208 facilia
564 184 628 209 sunt
653 185 681 209 et
705 181 732 208 in
757 185 884 217 promptu
919 183 946 210 in
981 182 1029 209 hac

1089 182 1185 218 ταύτης
1213 181 1369 216 ἀναγκαίως
1395 181 1519 217 ἐπιζητεῖ
1547 180 1595 216 τὴν
1619 180 1883 218 λεπομερεατέραν

242 230 383 265 Scriptura
406 229 563 256 necessario
586 228 758 256 subtiliorem
781 229 985 263 inquisitionem
1005 233 1032 256 et

240 274 469 303 exatliinationcm
483 274 639 308 postulant,
653 277 755 308 quanto
771 274 856 309 magis
873 274 916 300 illa
933 274 1032 309 quibus

241 321 387 356 plurimum
412 319 485 346 inest
503 320 680 348 obscuritatis
696 326 722 347 et
738 320 923 352 dimenltatis,
947 328 979 347 ex
999 328 1031 348 ea

239 369 299 402 qua:
310 367 373 394 inde
383 367 514 398 sumitur,
526 366 682 401 cognitione
691 371 717 393 et
728 366 921 400 intelligentia?
931 365 1032 398 Quam-

215 445 217 451 ,
240 414 333 442 ob'rem
362 413 539 447 quuiramus
563 420 595 440 ex
620 413 764 440 verborum
799 416 930 439 contextu
959 412 1031 440 illius

241 459 309 490 loci,
327 458 349 485 si
366 466 446 492 quem
463 457 639 485 maniliestum
655 466 765 486 sensum
780 457 861 485 habet
877 458 1032 492 proposito-

240 513 300 531 rum
318 504 411 532 lectio.
431 503 568 531 Describit
584 511 674 531 sermo
687 501 869 536 Sapientiam,
890 511 1031 531 sermones

239 551 372 586 quosdam
387 558 418 576 ex
439 550 549 585 propria
567 557 683 585 persona
699 554 883 577 enarrantcm.
904 549 963 577 Scit
980 557 1030 576 au-

239 602 293 624 tem
310 597 451 625 studiosus
466 597 546 632 plane
557 617 564 629 ,
581 604 642 631 qua:
655 596 681 623 in
698 603 731 624 eo
747 596 809 623 loco
822 595 968 629 dicuntur;
983 595 1030 622 ubi

241 642 395 678 Sapientia,
412 643 439 670 iu
459 642 576 669 consilio
601 642 724 681 lial’nitare
746 650 776 670 se
805 641 935 677 pmdicat
945 643 967 674 ⁸,
983 641 1033 669 ad-

238 695 319 718 vocat
332 694 422 717 autem
437 689 620 724 cognitionem
633 691 660 715 et
672 688 814 720 notitiam,
828 688 1030 723 possessionem

239 743 305 763 vero
320 735 386 762 dicit
404 742 434 762 se
451 734 552 761 habere
576 733 764 761 fortitudinem
789 737 816 761 et
838 733 1029 768 prudentiam.

239 781 298 817 ipsa
315 779 576 807 autemvnontinatur
594 777 772 813 intelligentia
783 798 790 810 ,
807 778 834 805 in
852 777 904 805 viis
917 777 1031 812 justitiae

239 834 269 854 se
280 825 421 853 ambulare
431 845 438 857 ,
452 829 486 852 et.
494 825 520 852 in
535 824 626 851 medio
637 824 797 851 semitarum
809 823 906 858 judicii
914 830 1030 851 conver-

239 872 315 900 sari:
331 871 400 899 dicit
414 871 496 898 etiam
519 877 568 906 per
593 877 623 898 se
647 877 724 902 reges
747 877 880 904 regnare,
903 872 1027 904 potentes

236 918 372 953 justitiam
389 916 536 945 decernere
547 937 554 948 ,
573 919 600 943 ct
618 919 698 942 terra:
714 922 771 942 suae
792 920 924 950 tyrannos
940 913 1031 941 domi-

237 963 308 991 nari.
331 963 409 996 Quod
429 963 502 990 enim
525 969 558 989 ex
581 961 624 989 his
641 968 702 995 qua:
717 960 790 988 dicta
805 963 871 988 sunt
885 959 932 994 qui
948 963 1029 987 recta:

237 1009 353 1036 rationis
364 1008 470 1043 judido
484 1015 552 1035 usus
568 1006 651 1034 fuerit
666 1006 734 1033 nihil
751 1010 853 1033 temere
867 1009 894 1033 et
907 1006 1029 1034 inconsi-

237 1054 331 1082 derate
347 1062 378 1082 ex
397 1061 429 1081 eo
446 1060 529 1081 sensu
548 1053 594 1088 qui
619 1052 646 1080 in
662 1056 790 1088 promptu
811 1056 853 1080 est
885 1056 913 1079 et
942 1051 1028 1086 prima

240 1100 332 1127 fronte
353 1103 485 1134 apparet,
504 1099 648 1129 admittet,
670 1098 758 1126 cuivis
779 1102 821 1126 est
842 1097 1027 1133 perspicuum.

239 1143 308 1172 Nam
325 1144 347 1172 si
366 1152 413 1179 per
428 1144 500 1171 illam
519 1144 552 1171 ad
568 1143 718 1179 potentiam
735 1151 812 1179 reges
828 1144 1036 1178 provehuntur,

243 1194 273 1218 et
285 1190 317 1217 ah
334 1189 392 1224 ipsa
408 1189 492 1217 robur
507 1189 587 1216 habet
610 1188 756 1223 tyrannis:
780 1188 892 1215 omnino
913 1192 956 1216 est
982 1195 1028 1215 nc-

239 1236 406 1268 cessarium,
435 1235 597 1270 sapientiam
624 1234 813 1270 tyranniiicam
838 1234 919 1262 nobis
943 1242 1028 1270 appa-

237 1288 299 1308 rere
309 1300 317 1313 ,
332 1285 414 1315 atque
430 1288 524 1308 eormn
541 1280 587 1314 qui
604 1279 728 1314 improbe
743 1279 770 1306 in
788 1287 871 1315 regno
884 1279 1028 1307 dominan-

238 1332 293 1358 tur,
310 1326 425 1354 crimina
448 1325 475 1352 in
499 1325 617 1360 seipsatn
637 1325 800 1353 transferre.
827 1325 879 1352 Sed
902 1325 1036 1353 novimus

238 1372 414 1407 aliosreges,
433 1371 481 1406 qui
503 1379 518 1398 a
539 1371 674 1405 sapientia
689 1378 752 1398 vere
768 1370 801 1397 ad
818 1375 948 1398 :cternum
964 1370 1030 1398 ﬁne-

241 1426 295 1453 que
310 1425 405 1445 carens
421 1417 561 1444 ducuntur
575 1415 739 1450 imperium,
754 1415 880 1443 videlicet
897 1423 1029 1451 pauperes

238 1464 346 1498 spiritu,
355 1470 472 1498 quorum
486 1461 624 1496 possessio
633 1469 745 1496 regnum
756 1465 798 1489 est
808 1462 939 1489 cmlorum
953 1471 960 1488 :
975 1462 1030 1489 sic-

239 1513 268 1536 ut
293 1508 442 1540 Dominus,
468 1506 573 1541 quiest
594 1506 727 1540 sapientia
751 1505 900 1541 Evangelii,
917 1507 1030 1541 promit-

238 1553 294 1580 tit'
312 1562 319 1580 :
336 1553 403 1580 tales
433 1553 514 1579 etiam
541 1555 667 1586 potentes
687 1551 881 1586 intelligimus,
909 1552 955 1586 qui
981 1551 1025 1579 ad-

238 1605 336 1626 versus
353 1597 491 1632 appetitus
506 1601 533 1624 et
550 1597 693 1632 passiones
711 1596 860 1631 potentiam
880 1601 1028 1629 exercent,

238 1644 286 1679 qui
303 1652 357 1670 non
375 1643 497 1670 serviunt
515 1642 644 1677 potestati
670 1642 785 1677 peccati,
801 1642 847 1677 qui
865 1643 893 1670 in
909 1644 963 1670 vita
980 1651 1030 1671 sua

238 1695 370 1725 tanquam
393 1689 486 1716 tabula
507 1689 626 1724 quadam
650 1689 784 1724 justitiam
801 1689 965 1717 inscribunt.
984 1690 1030 1718 Sic

239 1737 320 1763 etiam
344 1735 490 1762 laudabilis
504 1735 648 1770 tyrannis,
675 1743 736 1769 qua:
761 1735 862 1762 auxilio
888 1736 1030 1771 sapientiae

205 1803 210 1809 .
240 1781 471 1818 passionumsive
486 1781 631 1808 alTectuum
648 1780 854 1815 deinocratiam,
878 1782 906 1808 in
928 1782 1029 1810 mentis

240 1828 585 1863 monarchiam-postquam
601 1828 784 1860 converterit,
798 1835 829 1856 ea
843 1836 903 1864 qua:
918 1829 988 1856 male
1001 1829 1028 1856 in

240 1874 392 1901 libertatem
408 1873 513 1900 frenum
527 1872 652 1900 mordent
662 1876 690 1900 et
701 1872 820 1900 ferocius
831 1874 985 1906 exsultant,
1001 1875 1029 1901 in

239 1919 397 1948 servitutem
415 1919 524 1955 redigit.
545 1918 644 1946 Omnia
667 1919 819 1954 corporalia
841 1923 871 1947 et
889 1919 1030 1947 terrestria

1047 855 1068 882 Β

1083 228 1215 260 ἐξέτασιν,
1230 227 1304 262 πόσῳ
1321 226 1420 262 μᾶλλον
1431 227 1522 254 ἐκεῖνα
1537 225 1577 259 οἷς
1593 227 1660 253 πολὺ
1674 227 1706 254 τὸ
1723 228 1839 262 ἀσαφές
1856 239 1884 256 τε

1083 273 1129 300 καὶ
1144 272 1329 308 δυσθεώρητον
1343 274 1374 299 ὲκ
1391 273 1440 307 τῆς
1458 272 1572 298 αὐτόθεν
1589 272 1648 299 ἐπὶ
1664 274 1788 308 κατανοή
1795 282 1883 304 πωςς

1089 319 1274 354 Ἐξετάσωμεν
1290 319 1378 345 τοίνυν
1401 319 1432 344 ἑκ
1453 319 1502 353 τῆς
1528 318 1592 353 περὶ
1612 318 1656 344 τὸν
1671 319 1758 345 τύπον
1772 319 1884 345 ἐκεῖνον

1084 365 1266 400 συμφράσεως
1277 365 1329 391 τῶν
1345 364 1484 400 ῥημάτων,
1500 364 1527 390 εἴ
1540 373 1566 390 τι
1578 363 1662 398 σαφὲς
1679 365 1696 399 ὴ
1713 364 1772 390 τῶν
1786 373 1884 399 παρα-

1083 411 1216 446 κειμένων
1229 410 1379 444 ἀνάγνωσις
1388 409 1445 444 ἕχει
1454 429 1460 436 .
1473 409 1673 445 Προδιαγράφει
1684 410 1857 445 τὴνΣο-ςσίαν
1871 412 1884 436 ο

1082 457 1170 491 λόγος,
1187 457 1279 492 ῥήσεις
1292 456 1368 488 τινὰς
1386 456 1420 488 ὲξν
1430 456 1529 483 οἰκείου
1546 455 1695 488 διεξιοῦσαν
1714 456 1882 492 προσώπουο

1082 502 1267 530 ὲπίσταταιδὲ
1279 503 1386 534 πάντως
1400 503 1414 527 ὁ
1426 501 1577 537 φιλομαθὴς
1597 501 1633 528 τὰ
1645 502 1674 529 ἐν
1687 502 1727 537 τῷ
1740 503 1825 537 τόπῳ
1839 503 1883 529 λε-

1082 549 1200 585 γόμενα·
1217 550 1283 576 ὅπου
1301 550 1467 584 κατασκηνοϊ
1481 549 1532 584 μὲν
1547 548 1640 584 βουλὴν
1654 549 1672 583 ὴ
1701 548 1803 582 Σοφία,
1821 550 1883 575 ἑπι-

1082 595 1205 622 καλεῖται-
1215 594 1244 620 δὲ
1257 593 1356 629 γνῶσιν
1367 593 1414 620 καὶ
1426 593 1539 625 ἔννοιαν,
1552 594 1643 629 κτῆμα
1653 593 1682 620 δὲ
1694 594 1769 628 ἔχειν
1782 595 1882 629 φησὶν,

1083 641 1160 677 ἰσχύν
1172 650 1202 668 τε
1219 641 1269 668 καὶ
1282 640 1413 676 φρόνησιν
1425 649 1432 656 ⁸
1449 639 1519 676 αὐτὴ
1531 640 1559 666 δὲ
1573 639 1737 675 ὀνομάζεται
1757 640 1881 672 σύνεσις

1082 690 1112 716 ὲν
1136 688 1206 720 ὁδοῖς
1227 688 1257 715 δὲ
1283 687 1443 723 περιπατεῖν
1461 686 1651 721 δικαιοσύνης,
1668 687 1716 713 καὶ
1737 687 1883 721 ἁναμέσσι

1080 734 1148 762 ὁδῶν
1163 733 1346 768 δικαιώματος
1361 732 1591 769 ἀναστρέφεσθαι.
1604 732 1673 767 Φησὶ
1684 732 1712 759 δὲ
1731 732 1766 759 δι’
1778 733 1883 767 ἑαυτῆς

1081 780 1234 815 βασιλεύειν
1250 779 1312 811 τοὺς
1331 778 1523 814 βασιλεύοντας
1536 799 1544 812 ,
1560 778 1733 814 δικαιοσύνην
1759 780 1882 815 τράφειν

1080 826 1143 858 τοὺς
1165 825 1394 857 δυναστεύοντας,
1416 824 1464 851 καὶ
1486 824 1535 859 τῆς
1563 824 1667 850 ἑαυτῶν
1690 826 1884 860 κατακρατεῖν

1081 871 1133 906 γῆς
1145 870 1208 902 τοὺς
1221 870 1378 905 τυράννους.
1392 869 1453 896 ὀτι
1467 868 1521 904 γὰρ
1533 869 1608 895 οὐδὲν
1624 869 1675 896 τῶν
1693 869 1856 904 εἰρημένων
1868 871 1881 896 6

1081 916 1270 952 λελογισμένος
1289 914 1473 948 ἀνεξετάστως
1494 915 1528 941 ἐκ
1549 915 1597 949 τῆς
1621 915 1731 950 ἑτοίμου
1757 915 1885 947 διανοίας

1081 961 1271 998 προσδέχεται,
1282 961 1364 999 παντὶ
1373 960 1452 995 δῆλόν
1463 961 1546 986 ἐστιν.
1556 960 1588 986 Εἰ
1602 960 1656 996 γὰρ
1667 961 1694 986 οἱ
1707 960 1837 995 βασιλεῖς
1847 961 1881 987 6-:

1081 1008 1189 1044 ἐκείνης
1205 1009 1252 1035 ἐπὶ
1264 1007 1313 1043 τὴν
1327 1007 1485 1034 δυναστείαν
1496 1008 1672 1043 προάγονται,
1684 1008 1735 1034 καὶ
1748 1008 1821 1043 παρ’
1834 1007 1883 1034 αὕη-

1080 1056 1130 1090 τῆς
1145 1055 1167 1090 η
1177 1054 1305 1090 τυραννὶς
1317 1054 1367 1089 τὴν
1387 1054 1463 1089 ἰσχὺν
1478 1053 1534 1089 ἔχει
1544 1061 1552 1069 ·
1567 1054 1672 1089 ἀνάγκη
1687 1055 1765 1081 πᾶσα
1780 1063 1884 1090 τυραν-

1081 1100 1187 1126 νοποιὸν
1203 1100 1267 1135 ημῖν
1283 1099 1332 1135 τὴν
1353 1099 1447 1134 σοφίαν
1461 1099 1640 1134 ἀναφανῆναι,
1658 1100 1707 1126 καὶ
1721 1099 1778 1126 τῶν
1795 1108 1883 1135 πονη-

1083 1145 1137 1180 ρῶς
1148 1145 1177 1172 ὲν
1195 1145 1317 1179 βασιλείᾳ.
1327 1144 1565 1172 δυναστευσάντων
1591 1145 1629 1176 εἰς
1645 1145 1747 1180 ἑαυτὴν
1764 1154 1883 1181 μετατι-

1082 1190 1155 1216 Οέναι
1171 1189 1220 1222 τὰς
1238 1189 1365 1225 μέμψεις.
1387 1189 1458 1216 Ἀλλ’
1474 1189 1586 1224 οἴδαμεν
1601 1189 1733 1223 βασιλέας
1744 1191 1813 1222 τοὺς
1830 1191 1885 1217 ὑπὸ

1081 1237 1129 1272 τῆς
1142 1235 1237 1270 σοφίας
1254 1236 1337 1268 δντως
1353 1236 1393 1268 εἰς
1405 1236 1453 1272 τὴν
1468 1235 1645 1271 ἀτελεύτητον
1669 1237 1824 1271 προῖόντας
1836 1239 1886 1273 ἀρ-

1082 1283 1142 1318 χὴν,
1155 1281 1218 1313 τοὺς
1238 1281 1363 1316 πτωχοὺς
1382 1281 1420 1316 τῷ
1442 1281 1578 1316 πνεύματι
1592 1290 1598 1296 ·
1612 1278 1651 1308 ὧν
1665 1282 1762 1317 κτῆμα
1786 1284 1805 1318 ἡ
1829 1283 1884 1309 τῶν

1082 1326 1203 1362 οὐρανῶν
1220 1326 1278 1351 ἐστι
1297 1325 1434 1360 βασιλεία·
1450 1325 1541 1357 καθὼς
1554 1326 1568 1351 ὁ
1589 1325 1701 1360 Κύριος,
1719 1326 1750 1357 ὃς
1772 1326 1850 1352 ἐστιν
1866 1327 1886 1361 ἡ

1083 1373 1164 1407 σοφία
1177 1371 1224 1398 τοῦ
1247 1371 1424 1406 Εὑαγγελίου,
1447 1370 1705 1405 κατεπαγγέλλεται.
1734 1371 1882 1403 Τοιούτους

1083 1419 1130 1445 καὶ
1149 1418 1213 1450 τοὺς
1233 1418 1367 1449 δυνάστας
1387 1416 1622 1452 ὲπιγινώσκομεν,
1644 1418 1706 1448 τοὺς
1726 1418 1803 1444 κατὰ
1828 1418 1883 1444 τῶν

1083 1463 1177 1490 παθῶν
1191 1463 1401 1494 δυναστεύοντας
1411 1482 1422 1495 ,
1435 1463 1498 1494 τοὺς
1516 1462 1553 1497 μὴ
1574 1462 1771 1496 δουλουμένοκ
1789 1465 1824 1497 τῇ
1837 1463 1883 1489 δυ-

1083 1510 1194 1545 ναστείᾳ
1211 1510 1261 1544 τῆς
1286 1508 1437 1544 ἁμαρτίας·
1460 1509 1486 1534 οἳ
1513 1508 1637 1542 καθάπερ
1657 1507 1744 1542 δέλτῳ
1766 1509 1826 1535 τινὶ
1844 1509 1884 1543 τῷ

1084 1554 1139 1589 ίδίῳ
1154 1554 1204 1589 βίῳ
1219 1553 1267 1589 τὴν
1281 1553 1455 1589 δικαιοσύνην
1469 1553 1664 1588 ἐγγράφουσιν.
1683 1552 1782 1585 Οὕτως
1800 1555 1848 1580 καὶ
1865 1555 1888 1588 i-r

1081 1599 1212 1635 ἐπαινετὴ
1223 1599 1359 1635 τυραννὶς,
1374 1600 1409 1634 τῇ
1422 1599 1568 1634 συμμαχίᾳ
1583 1599 1633 1634 τῆς
1651 1599 1748 1633 σοφίας
1760 1599 1814 1634 τὴν
1829 1600 1883 1625 τῶν

1081 1644 1176 1672 παθῶν
1191 1644 1377 1680 δημοκρατίαν
1392 1644 1432 1676 είς
1444 1644 1493 1679 τὴν
1507 1643 1553 1670 τοῦ
1567 1644 1613 1669 νοῦ
1628 1644 1781 1679 μοναρχίαν
1800 1653 1881 1678 patr

1082 1691 1254 1723 σκευάσασα,
1280 1691 1447 1725 δουλαγωγεῖ
1475 1690 1509 1716 τὰ
1537 1690 1628 1721 κακῶς
1654 1691 1693 1721 είς
1717 1690 1882 1726 ἐλευθερίαν

1082 1738 1265 1773 ἀφηνιάζοντα
1274 1747 1281 1753 ·
1297 1737 1386 1764 πάντα
1399 1737 1434 1764 τὰ
1452 1737 1594 1772 σωματικά
1606 1745 1636 1764 τε
1649 1737 1695 1763 καὶ
1710 1737 1797 1772 γήϊνα
1811 1738 1885 1771 λέγω

1082 1784 1254 1819 φρονήματα.
1277 1782 1308 1810 'H
1331 1783 1385 1818 γὰρ
1401 1782 1468 1818 σὰρξ
1487 1782 1625 1817 ἐπιθυμεῖ
1640 1782 1711 1808 κατὰ
1731 1782 1782 1808 τοῦ
1799 1783 1882 1809 main

1084 1838 1177 1865 ματος,
1193 1829 1242 1856 καὶ
1255 1830 1287 1865 τῇ
1306 1829 1440 1865 ἀρχῇσῆς
1455 1828 1545 1864 ψυχῆς
1557 1828 1747 1855 ἐπανίσταται.
1769 1829 1882 1863 Ταύτης

1081 1873 1128 1902 οὖν
1149 1876 1245 1910 κρατεῖ
1262 1876 1310 1910 τῆς
1326 1875 1377 1910 γῆς
1395 1875 1411 1901 ὁ
1429 1874 1548 1906 τοιοῦτος
1573 1873 1713 1909 τύραννος,
1729 1872 1763 1909 ἧς
1788 1875 1890 1910 ἄρχων.

1083 1920 1185 1955 ἐτάχθη
1199 1920 1269 1947 κατὰ
1281 1920 1331 1956 τὴν
1345 1919 1457 1956 πρώτην
1469 1920 1557 1947 κτίσιν
1569 1919 1621 1946 ὑπὸ
1633 1919 1678 1946 τοῦ
1691 1920 1794 1954 Λόγου.

239 1966 357 2001 cogitata
372 1971 399 1993 et
414 1966 505 1993 studia
522 1965 656 2000 intelligo.
672 1964 746 1992 Caro
766 1965 838 1992 cnim
855 1966 1028 2000 cencupiscit
1043 1966 1176 1994 adversus
1191 1967 1319 2002 spiritum
1338 1968 1349 1983 ⁸
1366 1971 1393 1995 et
1406 1971 1502 1995 contra
1520 1966 1603 1994 animi
1619 1966 1766 2001 imperium
1783 1975 1882 1995 exsur-

239 2013 278 2048 git
291 2021 298 2039 :
316 2012 381 2039 huic
395 2011 478 2047 igitur
494 2015 575 2039 terra:
588 2010 747 2038 dominatur
762 2010 814 2038 iste
827 2014 972 2046 tyrannus,
989 2010 1068 2045 cujus

241 2059 398 2087 ordinatus.

261 2107 354 2134 .Sicut
378 2106 460 2141 igitur
477 2105 535 2133 haec
562 2105 598 2133 ab
624 2107 754 2134 omnibus
785 2110 859 2133 recte
887 2106 1031 2134 sentienti'

241 2153 293 2180 bus
317 2151 515 2183 conceduntur,
548 2158 610 2177 cum
639 2151 688 2177 tali
716 2150 892 2186 intelligentia
917 2151 1030 2186 legenda

240 2206 302 2235 esse
329 2197 420 2232 potius
452 2203 538 2230 quam.
562 2203 624 2222 cum
648 2203 680 2223 ea
705 2203 766 2230 qum
793 2197 977 2225 corticetenus
1003 2197 1029 2224 in
1048 2215 1070 2242 Β

241 2243 333 2271 verbis
372 2247 486 2276 apparet
520 2240 605 2275 prima
641 2241 730 2269 fronte
765 2241 867 2269 oblata.
911 2241 956 2270 Sic
996 2241 1030 2270 ex

242 2288 439 2322 consequentia
458 2291 673 2314 consentaneum
699 2291 760 2319 est,
786 2288 966 2316 cohaerentem
988 2288 1031 2317 his

241 2341 337 2362 vocem
372 2333 446 2359 illam
478 2332 677 2367 conscriptam,
712 2340 767 2360 non
804 2333 967 2368 simpliciter
1002 2338 1030 2362 et

242 2379 414 2413 inexplorato
445 2378 480 2404 ab
515 2378 558 2405 his
588 2378 636 2412 qui
673 2382 746 2406 recte
777 2378 886 2413 sapiunt
911 2379 1030 2408 admitti:

244 2423 273 2451 Si
290 2423 494 2450 annuntiavero
518 2423 607 2455 vobis,
636 2423 737 2458 inquit,
761 2431 793 2451 ea
820 2432 882 2459 qua:
908 2424 1032 2459 quotidie

243 2471 323 2502 iluut,
340 2473 370 2496 et
390 2469 414 2496 si
429 2469 456 2495 in
472 2469 634 2496 memoriam
657 2477 822 2497 revocavero
837 2477 983 2498 numerare
999 2471 1031 2497 ea

243 2524 304 2552 qua;
326 2523 341 2542 a
359 2515 461 2542 saeculo
488 2514 560 2541 facta
586 2519 667 2546 sunt,
693 2515 820 2543 Dominus
847 2516 943 2543 creavit
959 2516 1031 2543 me'.

244 2551 316 2596 Quid
332 2560 398 2587 mihi
421 2559 455 2587 ad
472 2559 543 2587 hanc
562 2560 754 2587 vocetn‘idicct
774 2568 870 2588 servus
891 2561 1031 2594 dictionis,

244 2607 292 2642 qui
315 2606 482 2642 syllabarqu
503 2612 572 2632 sono
595 2605 714 2632 adhaeret
735 2604 850 2633 Judaico
875 2614 962 2634 more.
990 2607 1030 2633 Au

244 2661 299 2681 non
319 2652 377 2679 haec
395 2651 543 2678 verborum
564 2651 733 2678 constructio
747 2651 855 2678 videtur
868 2660 963 2678 eorum
983 2660 1031 2678 au-

245 2699 334 2729 ditui.
349 2698 395 2734 qui
415 2698 577 2725 attentiorcs
594 2702 670 2729 sunt,
697 2697 790 2724 nescio
811 2698 876 2733 quid
898 2699 1031 2733 peregrini

245 2749 272 2772 οι
293 2744 356 2771 novi
385 2744 565 2779 ingencrare?
593 2744 622 2771 Si
649 2743 847 2772 anmmtiavcro
873 2744 951 2771 vobis
971 2752 1031 2778 qua:

1081 2011 1209 2047 princeps
1221 2012 1371 2040 secundum
1386 2013 1499 2048 primam
1514 2013 1678 2041 creationem
1696 2020 1715 2040 ι
1730 2011 1826 2041 Verbo
1840 2019 1889 2042 est

1127 2108 1176 2137 Ὧς.
1190 2109 1279 2135 τοίνυν
1301 2107 1394 2136 ταῦτα,
1413 2110 1488 2145 παρὰ
1508 2109 1616 2136 πάντων
1635 2109 1813 2144 ὁμολογεῖται
1827 2110 1885 2136 :6»

1084 2153 1303 2188 εὐφρονούντων,
1322 2155 1390 2190 μετὰ
1406 2155 1532 2190 τοιαύτης
1552 2154 1672 2186 διανοίας
1686 2155 1880 2189 ἀναγινόισκε·

1085 2200 1153 2226 σθαι⁴
1163 2200 1264 2235 μᾶλλον
1280 2200 1296 2236 ἢ
1317 2201 1386 2236 μετὰ
1401 2200 1452 2236 τῆς
1473 2201 1530 2232 τοῖς
1550 2201 1641 2236 ῥητοῖς
1660 2201 1886 2236 ὲπιφαινομένης

1082 2244 1152 2272 κατὰ
1165 2245 1194 2271 τὸ
1207 2245 1352 2281 πρόχειρον
1361 2253 1369 2260 ·
1383 2245 1470 2277 οὓτως
1483 2244 1554 2276 είκός
1566 2245 1639 2271 ἐστιν
1655 2244 1688 2271 ὲκ
1701 2244 1751 2271 τοῦ
1764 2245 1880 2272 ἀκολού-

1082 2291 1129 2318 θου
1140 2290 1282 2326 προσεχῶς
1293 2290 1397 2323 τούτοις
1409 2290 1458 2325 τὴν
1471 2290 1563 2325 φωνὴν
1576 2289 1684 2324 ἐκείνην
1697 2298 1881 2327 συγγεγραμ-

1084 2336 1178 2372 μένην,
1196 2336 1234 2372 μὴ
1249 2335 1342 2368 ἁπλῶς
1357 2345 1388 2363 τε
1403 2336 1449 2363 καὶ
1465 2336 1650 2368 ἀνεξετάστως
1666 2336 1746 2372 παρὰ
1762 2338 1823 2364 τῶν
1839 2339 1880 2364 εὐ-

1083 2382 1251 2417 φρονούντων
1262 2382 1474 2417 παρώεχθῆναι·
1489 2380 1551 2407 Ἐὰν
1557 2380 1708 2416 ἀναγγείλω
1717 2382 1732 2408 ύ
1737 2383 1797 2417 μῖν,
1803 2384 1881 2419 φησι

1084 2427 1119 2454 τὰ
1132 2427 1192 2455 καθ’
1207 2427 1313 2463 ἡμέραν
1328 2427 1470 2462 γινόμενα,
1486 2426 1664 2462 μνημονεύσω
1679 2426 1714 2453 τά
1728 2426 1760 2460 ἐξ
1783 2429 1881 2460 αῐῶνκις

1085 2472 1337 2508 ἀπαριθμήσασθαι,
1364 2472 1472 2506 Κύριος
1499 2470 1601 2497 ἐκτισέ
1614 2479 1663 2505 με.
1685 2471 1719 2497 Τί
1746 2480 1797 2507 μοι
1814 2474 1881 2509 πρὸς

1085 2517 1316 2553 ταύτην,ὲρεῐ,τὴν
1328 2517 1444 2552 φωνὴν,ὁ
1457 2516 1507 2551 τῆς
1516 2516 1614 2550 λέξεως
1623 2516 1728 2550 δοῦλος,
1739 2518 1754 2543 ὸ
1768 2518 1812 2553 τῷ
1824 2520 1880 2554 Imp

1086 2563 1140 2591 τῶν
1161 2563 1299 2590 συλλαϐῶν
1326 2562 1479 2594 Ἰουδαϊκῶς
1495 2562 1740 2598 προσκαθήμενος;
1761 2561 1830 2600 'Ap‘
1851 2567 1879 2591 οὺ

1084 2609 1158 2636 δοκεῖ
1175 2609 1299 2643 ξενισμὸν
1324 2610 1448 2644 ἐμποιεῖν
1471 2609 1505 2643 τῇ
1529 2608 1597 2643 ἀκοῇ
1617 2607 1670 2635 τῶν
1694 2609 1879 2637 internatu-

1085 2653 1171 2688 τέρων
1198 2654 1214 2688 ὴ
1241 2652 1384 2686 adv-rain;
1409 2653 1471 2679 Ἐὰν
1494 2652 1646 2684 ἁναγγείλω
1667 2653 1734 2688 ὑμῖν
1759 2654 1797 2680 τὰ
1822 2657 1877 2681 110‘

1085 2697 1190 2732 ἡμέραν
1205 2697 1345 2732 γινόμενα,
1358 2699 1464 2732 Κύριος
1479 2697 1580 2724 ἔκτισέ
1594 2698 1695 2732 με.Ὠς
1710 2698 1761 2725 ἐὰν
1780 2701 1818 2734 μὴ
1836 2702 1877 2727 ἀι-

1085 2743 1199 2779 αγγείλῃ
1212 2743 1246 2770 τά
1257 2744 1318 2771 καθ’
1330 2745 1434 2780 ἡμέραν
1449 2744 1586 2779 γινόμενα,
1605 2743 1675 2771 κατὰ
1688 2744 1719 2771 τὸ
1735 2745 1875 2772 ἀκολουῧνιυ

283 2842 384 2872 ‘Prov.
395 2852 454 2880 vtlt,
468 2845 511 2874 ιε.
549 2845 559 2861 ⁵
581 2844 674 2873 Matth.
688 2853 711 2880 v,
732 2845 758 2874 3.
799 2845 808 2861 ‘
824 2845 910 2872 Galat.
927 2853 951 2880 v,
971 2845 1011 2872 l7.
1052 2846 1061 2861 ⁷
1073 2844 1152 2873 Prov.
1171 2853 1229 2880 vui,
1246 2845 1291 2871 22.
