1920 3073
43 109 96 138 577

576 108 941 144 ἘοΝτΒΑΕυΝΟΜΙΗΜ,
956 109 1022 138 LIB.
1039 109 1082 137 lll.

1606 110 1664 139 578

44 166 90 194 καὶ
103 168 134 194 τὸ
147 166 268 194 ἐκτίσθαι
280 167 386 199 πάντως
398 167 552 202 ἀρνήσεται.
570 167 599 193 ’0
613 167 667 203 γὰρ
680 167 772 200 εἰπὼν,
789 167 830 194 ὅτι

881 166 1006 202 quotidie
1022 166 1100 197 ﬁunt,
1123 165 1251 192 Dominus
1275 165 1540 198 creavit-me.‘Quasi
1562 156 1614 194 nisi
1635 173 1668 193 ca

42 211 108 239 Ἕὰν
116 212 517 248 ἀναγγείλωέκτίὰθηνβέδωκε
527 212 595 238 νοεῖν
607 213 675 239 κατὰ
683 213 713 239 τὺ
723 213 831 239 σιωπὼ-

46 266 143 292 μενον,
159 257 200 283 ὅτι
211 257 269 284 Οὐκ
286 258 413 293 ὲκτίςθην
427 257 474 283 ἐὰν
493 257 530 292 μὴ
545 258 706 292 ἀναγγείλω.
726 259 833 292 Κύριος

42 302 145 329 ἔκτισέ
158 311 207 337 με,
225 303 318 338 φησὶν.
329 303 427 337 ἀρχὴν
440 303 517 330 ὁδῶν
529 304 632 336 αὑτοῦ,
641 305 685 336 εις
695 303 766 338 ἔργα
779 305 832 330 αὺ-

44 348 109 379 τοῦ,
123 349 178 382 πρὸ
191 348 238 375 τοῦ
251 349 348 380 αἰῶνος
362 349 524 385 ἐθεμελίωσέ
538 358 572 385 με
586 350 614 376 ὲν
627 350 709 385 ἀρχῇ,
724 350 777 385 πρὸ
787 350 832 377 τοῦ

40 394 91 428 τὴν
102 394 154 428 γῆν
169 395 289 430 ποιῆσαι,
304 395 357 431 πρὸ
371 395 418 422 τοῦ
431 396 479 427 τὰς
492 395 627 427 ἀϐύσσους
642 396 765 431 ποιῆσαι.
779 395 833 431 πρὸ

39 439 89 466 τοῦ
105 440 253 475 ητροελοεῖν
269 440 317 472 τὰς
335 441 426 476 πηγὰς
441 442 495 468 τῶν
512 442 631 474 ὑδάτων,
651 442 704 477 πρὸ
718 442 765 468 τοῦ
782 441 832 477 ὅρη

41 486 223 522 ἑδρασθῆναι·
241 487 294 522 πρὸ
309 487 337 514 δὲ
352 487 460 514 πάντων
476 487 577 522 βουνῶν
591 488 672 523 γεννᾷ
690 496 735 524 με.
751 488 798 520 Τίς
814 489 831 523 ή

42 532 195 567 καινὴλτῆς
214 533 385 568 κατασκευῆς
406 532 453 560 τοῦ
470 532 727 568 κτίσματος’τούτου
742 533 832 565 edite;

43 579 158 614 Πρῶτον
177 578 315 612 κτίζεται,
335 579 382 605 καὶ
404 579 475 614 μετὰ
492 578 572 605 τοῦτο
585 578 771 614 Ostiensi-cat,
786 578 833 606 καὶ

38 625 103 651 τότε
115 624 253 658 γεννᾶται.
270 624 369 660 Κύριος
389 625 511 660 ἐποίησε,
525 625 609 660 φησὶ,
624 624 715 660 χώρας
739 625 833 660 ἀοική-

38 677 115 701 τους,
135 669 186 696 ικαὶ
207 669 279 705 ἄκρα
297 669 443 705 οἰκοῦμενα
460 670 509 705 τῆς
529 670 573 696 ὑπ’
588 669 722 705 τοὺρανὸν.
744 670 832 697 ’Ποῖον

38 715 146 750 Κύριον
160 715 235 750 λέγει
246 715 340 751 χώρας
362 716 489 751 ἀοικήτου
507 715 626 751 ποιητὴν
646 716 693 742 καὶ
708 715 833 750 οἰκουμέ-

36 770 106 797 νηςς
125 762 237 794 Πάντως
249 761 295 788 τὸν
309 762 357 788 καὶ
371 762 419 798 τὴν
432 762 526 796 σοφίαν
537 763 698 798 ποιήσαντα.
715 762 766 789 Ἐκ
778 762 831 796 γὰρ

37 805 87 832 τοῦ
101 805 185 832 αὑτοῦ
199 805 342 841 προσώπου
359 807 404 833 καὶ
417 802 494 839 οὗτος
512 808 637 839 κάκεῖνος
648 807 662 833 ὸ
675 807 763 841 λόγος,
776 806 790 833 ὅ
801 815 830 833 τε

36 851 80 883 τὸ,
101 851 223 878 Ἕκτισέ
236 860 275 886 με
287 852 400 886 Κύριος,
409 852 495 887 λέγων
505 853 576 884 ,καὶ
589 854 602 879 ὁ
617 853 771 889 προστιθεὶς
791 853 831 885 τὸ,
842 844 870 871 ‘B

43 898 192 931 Ἐποίησε
202 898 309 932 Κύριος
319 898 414 932 χώρας
424 898 472 925 καὶ
483 898 650 932 ἀοικήτους.
660 899 764 926 Οὐκοῦν
772 899 832 926 ἐπί-

37 952 92 978 σης
101 943 159 969 τῶν
170 943 216 969 δύο
228 943 391 979 δημιουργδς
403 943 478 971 ἔσται
488 945 505 971 ὑ
518 944 630 980 Κύριος,
642 945 727 980 αὐτῆς
738 954 768 973 τε
782 947 831 981 τῆς

36 988 152 1023 σοφίας,
159 988 205 1015 καὶ
212 990 261 1024 τῆς
272 989 433 1024 οἰκουμένης
440 998 469 1016 τε
476 990 521 1016 καὶ
530 990 655 1026 ἀοικήτου
663 991 764 1027 χώρας.
774 991 830 1019 Ποῦ

32 1033 133 1060 ⁴τοίνυν
157 1034 192 1061 τὰ
203 1035 301 1061 πάντα
313 1035 362 1062 διὰ
375 1035 429 1062 τοῦ
448 1036 515 1063 Υἱοῦ
528 1036 656 1070 ἐγένετο,
675 1038 723 1064 καὶ
741 1038 831 1072 χωρὶς

32 1080 137 1107 αὑτοῦ
156 1079 226 1107 οὐδὲ
236 1080 285 1112 ts»,-
298 1081 329 1107 Ei
346 1081 431 1116 γὰρτὸ
445 1081 525 1113 αὐτὸς
539 1082 640 1117 Κύριος
654 1083 707 1109 ’καὶ
722 1083 771 1118 τὴν
785 1092 831 1109 σος

35 1127 105 1160 (ρίαν
123 1126 222 1158 κτίζει,
242 1127 274 1162 ἢν
292 1126 353 1153 ἀντὶ
370 1126 416 1153 τοῦ
434 1126 502 1153 Ὺίοῦ
520 1128 589 1155 νοεῖν
606 1127 829 1163 συμϐουλεύουσι,

31 1170 85 1196 καὶ
102 1169 141 1195 τὰ
153 1169 213 1196 καθ’
227 1170 340 1196 ἕκαστον
352 1170 431 1206 ὅσαίὴ
448 1171 535 1203 κτίσις
549 1171 616 1206 ἔχει,
630 1172 688 1204 πῶς
705 1173 829 1208 ἀληθεύει

34 1215 181 1251 ὸνῦψηλὸς
210 1215 345 1250 Ἰωάννης,
372 1217 461 1243 πάντα
487 1217 572 1250 λέγων
592 1218 626 1244 δι’
647 1218 729 1245 αὐτοῦ
753 1227 831 1253 γεγε-

33 1260 158 1297 νῆσθαις
179 1261 398 1296 ’Λντιφοέγγεται
409 1262 464 1298 γὰρ
479 1263 495 1298 ή
510 1263 605 1299 Γραφὴ
618 1264 685 1300 α’ύτη
700 1265 767 1300 πρὸς
780 1266 830 1301 τὴν

32 1308 82 1334 τοῦ
108 1307 275 1341 Εὑαγγελίου
290 1308 390 1343 φωνὴν,
404 1308 443 1343 τῷ
459 1308 507 1344 τήν
525 1310 620 1344 σοφίαν
634 1310 766 1344 κτίσαντι,
781 1307 836 1348 τῆς

32 1354 170 1388 ἀοικήτου
191 1362 220 1379 τε
237 1354 284 1380 καὶ
305 1354 466 1389 οἰκουμένης
489 1355 580 1391 χώρας
600 1357 759 1384 ἆνατιοεῑσα
780 1359 830 1393 τὴν

31 1399 152 1434 ποίησιν
162 1406 169 1412 ·
190 1397 260 1424 οὕτω
276 1398 304 1425 δὲ
319 1399 365 1424 καὶ
383 1397 419 1424 τὰ
437 1399 535 1434 ἑφεξῆς
552 1399 640 1427 πάντα
656 1400 748 1436 Θρὸνον
763 1401 829 1427 Θεοῦ

32 1452 96 1470 τινα
116 1442 297 1478 διεξέρχεται,
315 1444 357 1469 ἐπ’
376 1444 484 1479 ἀνέμων
504 1445 716 1486 ἀφοριζόμενον,
732 1447 830 1482 ισχυρὰ

32 1488 165 1523 γίνεσθαι
178 1488 213 1514 τὰ
226 1489 281 1515 ἄνω
293 1488 360 1524 νέφη
376 1489 459 1524 λέγει,
473 1490 520 1516 καὶ
533 1491 661 1525 ἀσφαλεῖς
677 1491 725 1523 τὰς
746 1492 829 1519 ὑπου-

33 1535 152 1570 ρανίους
176 1534 277 1568 πηγὰς,
295 1535 343 1561 καὶ
359 1535 443 1562 πολλὰ
457 1536 567 1563 τοιαῦτα
585 1537 705 1572 περιέχει
722 1538 739 1573 ὴ
759 1538 829 1573 σύμ⁹

31 1588 157 1615 φρασις,
184 1580 281 1615 πολλὴν
300 1579 480 1616 ἐπιζητοῦντα
498 1582 547 1617 τὴν
570 1582 613 1609 διὰ
630 1582 731 1618 λεπτῆς
758 1592 830 1615 τινος

31 1627 81 1653 καὶ
91 1627 255 1661 διορατικῆς
271 1627 368 1661 φρενὸς
378 1627 576 1663 εὖρισκομένην
590 1629 618 1655 ὲν
631 1630 687 1660 τοῖς
702 1638 829 1666 προειρη-

33 1673 132 1707 μένοις
145 1671 273 1699 διάνοιαν.
291 1672 338 1704 Τίς
351 1674 365 1699 ὁ
380 1674 423 1699 ἐπ’
436 1674 544 1709 ἀνέμων
560 1674 754 1710 ἀφοριζόμενος
765 1675 829 1711 θρό-

31 1725 96 1750 νος;
123 1717 176 1748 Τίς
196 1718 212 1752 ἡ
229 1717 363 1751 ἀσφάλεια
380 1717 433 1745 τῶν
451 1719 504 1745 ὑπὸ
518 1719 562 1745 τὸν
578 1719 691 1755 οὐρανὸν
712 1720 827 1755 πηγῶν;

31 1762 99 1794 Πῶς
119 1762 221 1797 ἰσχυρὰ
235 1762 338 1796 γίνεται
352 1762 387 1789 τὰ
404 1763 460 1790 ἀνω
475 1763 560 1799 νέφη;
581 1764 612 1790 Εἰ
632 1764 685 1800 γάρ
702 1773 742 1796 τις
760 1764 829 1800 πρὸς

29 1808 65 1834 τὰ
79 1807 238 1843 φαινόμενα
252 1808 337 1844 κρίνοι
350 1808 395 1835 τὸν
405 1808 494 1843 λόγον,
509 1808 609 1845 πολλὴν
619 1810 728 1845 εὑρήσει
740 1810 828 1845 μάχην

29 1854 88 1881 τῶν
103 1853 279 1889 πραγμάτων
297 1853 365 1889 πρὸς
374 1854 409 1881 τὰ
419 1854 562 1890 λεγόμενα.
574 1855 622 1886 Τίς
633 1857 685 1892 γὰρ
696 1857 745 1883 οὐκ
758 1854 828 1883 οἶδεν

28 1901 73 1927 ὅτι
90 1899 130 1926 τὰ
149 1899 222 1935 ἄκρα
237 1899 286 1935 τῆς
299 1899 346 1926 ὑπ’
364 1900 487 1935 οὐρανὸν,
504 1900 521 1936 ἢ
543 1900 582 1936 τῷ
593 1900 653 1927 λίαν
671 1900 828 1936 καθομιλεῖν

28 1947 62 1981 τῇ
72 1945 126 1972 τοῦ
136 1944 216 1979 ἡλίου
229 1944 386 1980 θερμότητι,
397 1945 413 1980 ἢ
425 1945 464 1981 τῷ
476 1946 536 1973 καθ’
548 1946 700 1982 ὁπερῦολὴν
714 1947 829 1981 ἀφεστά-

27 2001 87 2022 ναι,
104 1990 156 2017 διὰ
172 1989 220 2024 τήν
235 1990 296 2016 καθ’
311 1990 438 2026 ἑκάτερον
456 1992 589 2027 ἀμετρίαν
603 1987 676 2019 ἐστὶν
693 1993 828 2029 ἀοίκητα;

27 2037 63 2064 τὰ
83 2036 141 2072 μὲν
159 2034 231 2070 ξηρά
250 2043 279 2061 τε
297 2035 344 2062 καὶ
359 2036 455 2071 διακαῆ
471 2037 544 2072 πέρα
559 2036 605 2064 τοῦ
627 2038 737 2074 μετρίου
757 2039 828 2072 γινό·

29 2089 104 2117 [uva
115 2088 124 2096 ·
135 2080 174 2106 τὰ
188 2079 216 2106 δὲ
231 2079 270 2115 τῷ
282 2080 357 2116 ὑγρῷ
374 2080 562 2115 πλεονάζοντα,
577 2083 624 2109 καὶ
637 2083 829 2119 κατεψυγμένα

27 2127 74 2154 διὰ
89 2127 149 2161 τῆς
165 2125 282 2160 πήξεως·
298 2127 411 2154 οἰκεῖται
425 2127 452 2154 δὲ
468 2128 535 2162 μόνα
550 2128 600 2155 ὅσα
620 2130 670 2164 τῆς
683 2130 743 2157 καθ’
762 2130 828 2157 ἑκά-

25 2181 115 2208 τερον
129 2171 189 2198 τῶν
199 2171 326 2199 ἐναντίων
339 2172 488 2209 ἀκρότητας
499 2174 597 2209 ἐπίσης
611 2175 773 2210 ἀπῴκισται.
796 2176 827 2208 Εἰ

25 2220 56 2246 δὲ
72 2219 108 2246 τὸ
131 2217 218 2254 μέσον
234 2219 282 2253 τῆς
295 2218 346 2254 γῆς
360 2219 412 2246 ὑπὸ
427 2219 482 2247 τῶν
500 2219 651 2256 ἀνθρώπων
663 2221 826 2257 διείληπται,

26 2266 90 2297 πῶς
105 2264 148 2291 τὰ
166 2263 238 2300 ἄκρα
256 2263 329 2298 λέγει
344 2265 394 2300 τῆς
408 2265 453 2291 ὑπ’
469 2265 581 2301 οὐρανὸν
598 2267 730 2294 οἰκεῖσθαι
743 2268 759 2303 ή
775 2277 829 2294 πα-

26 2311 149 2347 ροιμία;
166 2310 214 2341 Τίς
226 2309 280 2345 γὰρ
295 2310 370 2345 ἰσχὺς
388 2310 568 2347 ὲνθεωρηθείη
585 2313 641 2344 τοῖς
657 2313 775 2347 νέφεσιν,
789 2314 828 2346 ὡς

25 2355 185 2392 ἀληθεύειν
198 2355 244 2382 τὸν
260 2355 338 2390 λόγον
357 2356 427 2383 κατὰ
442 2357 492 2392 τὴν
511 2357 653 2394 πρόχειρον
666 2359 781 2390 ἔννοιαν,
799 2359 828 2391 ὃς

25 2411 118 2438 φησιν
144 2401 246 2437 ισχυρὰ
264 2402 427 2442 γεγενῆσθαι
448 2402 483 2429 τὰ
502 2404 557 2430 ἄνω
570 2404 652 2439 νέφη;
664 2404 827 2440 Μανώτερος

24 2448 84 2483 γὰρ
99 2447 150 2478 τίς
169 2446 241 2472 ἐστιν
257 2446 352 2482 ἀτμὸς,
369 2448 387 2482 ή
406 2447 454 2473 τοῦ
476 2448 573 2482 νέφους
595 2449 675 2483 φύσις
690 2449 760 2476 κατὰ
781 2450 827 2476 τὸν

24 2495 100 2530 ἀέρα
117 2493 306 2528 διαχεόμενος·
321 2493 349 2524 ὃς
360 2494 496 2529 ἐποχεῖται
512 2495 561 2529 μὲν
574 2494 613 2530 τῷ
622 2496 736 2531 ὲναερίῳ
747 2495 827 2523 πνεύ-

25 2547 98 2574 ματι
114 2537 167 2565 διὰ
181 2537 281 2573 πολλὴν
299 2538 449 2574 λεπτότητα
469 2538 570 2572 κοῦφος
584 2539 740 2574 γενόμενος,
763 2541 826 2575 σωρ-

25 2585 107 2620 ρυεὶς
119 2583 153 2610 δὲ
166 2582 234 2618 πρὸς
246 2583 340 2610 ἑαυτὸν
350 2584 382 2610 ὲκ
396 2584 444 2619 τῆς
457 2584 660 2619 συμπιλήσεως,
673 2585 826 2612 διεκπίπτει

24 2631 74 2658 τοῦ
92 2629 245 2664 ἀνέχοντος
260 2628 423 2664 πνεύματος,
440 2629 547 2664 σταγὼν
566 2630 661 2666 βαρεῖα
675 2631 825 2665 γινόμενος.

25 2676 76 2708 Τίς
93 2673 148 2702 οὖν
168 2675 241 2701 ἐστιν
255 2675 284 2701 ὲν
295 2675 400 2707 τούτοις
413 2677 429 2710 ἠ
450 2676 526 2711 ἰσχὺς
542 2676 570 2703 ἐν
584 2674 625 2708 οἷς
642 2676 754 2712 οὐδεμία
772 2678 829 2708 τοῖς

23 2719 205 2755 ἁπτομένοις
218 2719 360 2755 ἀντίληψις
372 2719 491 2756 vivs-rat;
508 2721 544 2747 Τὸ
557 2721 611 2756 γὰρ
628 2720 712 2756 μανὸν
723 2719 768 2748 τοῦ
782 2721 828 2747 ὰέ-

61 2811 75 2827 '
91 2808 182 2839 Joan.
197 2816 216 2843 ι,
232 2808 258 2837 3.

883 219 943 246 qua:
958 210 1027 238 ﬁunt
1045 210 1260 242 annuntiavcrit,
1278 211 1304 237 vi
1325 211 1530 239 consecutionis
1544 219 1574 239 se
1591 219 1668 239 crea-

884 261 939 283 tum
956 264 1070 291 prorsus
1086 257 1207 291 negabit.
1224 256 1276 290 Qui
1292 257 1365 284 ettim
1382 257 1461 289 dixit,
1473 257 1502 286 Si
1521 257 1669 284 annuntia-

883 309 947 329 vero
967 306 1077 330 creatus
1098 310 1171 334 sum,
1188 303 1281 329 animo
1299 302 1505 337 intelligendum
1518 303 1600 330 tacite
1620 303 1669 330 de-

883 348 1020 382 dit,.quod
1034 348 1093 377 Non
1105 352 1214 375 creatus
1225 356 1303 380 sum,
1320 348 1373 375 nisi
1387 349 1598 376 annuntiavero.
1617 348 1668 375 Do-

883 394 970 420 minus
982 398 1078 420 creavtt
1095 401 1144 425 me,
1158 394 1257 428 inquit.
1273 394 1430 428 principium
1443 394 1545 421 viarum
1559 403 1667 422 suarum

883 439 918 466 ad
943 448 1022 474 opera
1057 440 1134 474 ejus;
1163 443 1225 466 ante
1257 441 1386 467 saeculum
1415 439 1539 468 fundavit
1569 448 1611 468 me
1640 440 1668 467 in

883 486 1031 521 principio,
1049 490 1194 520 antequam
1207 489 1320 517 terram,
1335 490 1480 521 antequam
1496 487 1612 522 abyssos
1630 487 1669 514 le-

883 532 985 564 cisset,
1013 531 1174 566 priusquam
1208 530 1306 559 lontes
1327 539 1460 566 aquarum
1493 525 1667 568 erupissent,

882 578 1046 612 priusquam
1065 581 1173 605 montes
1189 582 1282 605 essent
1296 577 1408 610 ﬁrmati,
1426 581 1489 605 ante
1503 585 1599 606 omnes
1611 579 1669 606 col-

882 623 922 650 les
945 623 1040 658 genuit
1068 630 1120 651 me.
1139 623 1208 656 Quis
1237 630 1325 650 novus
1344 623 1559 651 eonstructionis
1586 624 1668 660 hujus

882 673 1014 697 creatura:
1025 669 1110 696 ordo?
1122 670 1239 704 primum
1253 674 1362 697 creatur
1376 673 1403 697 ct
1416 674 1509 705 postea
1526 670 1665 703 fundatur,

883 719 940 741 tum
957 722 1024 742 vero
1046 714 1460 749 etiam.generatur..Dominus.
1485 716 1585 750 inquit,
1603 715 1669 743 fecit

881 761 1079 796 regionesnon
1098 761 1244 792 habitatas.
1260 765 1287 788 et
1307 761 1498 789 extremitates
1516 766 1594 789 terra:
1609 769 1670 797 qua:

882 808 1042 835 incoluntur
1065 808 1117 835 sub
1136 808 1218 835 coelo.
1236 806 1350 840 Qualem
1367 807 1513 835 Dominum
1539 808 1606 835 dicit
1626 816 1669 835 re-

883 855 974 890 gionis
991 854 1103 881 inculta:
1117 858 1144 881 et
1164 853 1294 880 habitata:
1308 853 1460 880 factorem?
1472 853 1591 880 Omnino
1606 861 1669 881 eum

883 900 930 934 qui
948 898 1110 933 sapientiam
1131 897 1194 925 l'eeit
1210 906 1218 924 :
1233 905 1265 924 ex
1290 897 1385 924 eadem
1405 897 1478 924 enim
1503 903 1620 931 persona
1642 899 1669 923 et

884 944 928 971 hic
945 947 972 971 et
986 943 1031 970 ille
1050 949 1152 974 sermo,
1168 946 1196 970 et
1210 941 1256 977 qui
1271 941 1351 971 dicit,
1364 938 1467 966 Creavit
1480 947 1520 966 me
1527 939 1668 972 Dominus,

882 993 909 1016 et
921 989 968 1023 qui
985 987 1176 1022 adjicit,‘Fecit
1199 987 1328 1014 Dominus
1351 986 1469 1021 regiones
1488 986 1574 1013 etiam
1589 986 1667 1012 inha-

879 1033 991 1060 bitataa.
1009 1032 1093 1068 Igitur
1106 1031 1248 1066 aequaliter
1270 1031 1388 1058 duorum
1401 1030 1527 1058 conditor
1541 1031 1595 1058 erit
1616 1030 1669 1057 Do-

882 1079 985 1110 minus,
1004 1078 1146 1112 ipsiusque
1162 1077 1314 1112 sapientim,
1336 1082 1363 1104 et
1381 1081 1462 1104 terra:
1475 1084 1536 1111 quae
1559 1076 1669 1103 habita-

882 1129 928 1152 tur
943 1129 969 1152 et
986 1131 1046 1159 quze
1067 1131 1121 1151 non
1140 1123 1291 1150 habitatur.
1308 1123 1450 1156 Quomodo
1475 1123 1558 1158 igitur
1579 1123 1668 1150 omnia

880 1177 926 1204 per
952 1169 1053 1196 Filium
1081 1170 1155 1204 facta
1184 1173 1262 1201 sunt,
1286 1173 1310 1196 et
1339 1169 1396 1196 sine
1426 1169 1488 1203 ipso
1515 1169 1620 1196 nihil'?
1637 1168 1667 1196 Si

881 1215 954 1243 enim
968 1214 1039 1243 idem
1055 1214 1187 1243 Dominus
1203 1218 1230 1242 et
1249 1215 1411 1250 sapientiam
1427 1218 1501 1242 creat
1515 1216 1606 1250 (quam
1618 1221 1669 1249 pro

880 1260 950 1288 Filio
970 1261 1122 1296 intelligere
1137 1261 1308 1294 consulunt),
1325 1264 1352 1288 et
1372 1261 1477 1295 singula
1495 1268 1555 1296 quae
1575 1265 1667 1288 creata

881 1312 962 1334 sunt:
978 1306 1116 1342 quomodo
1130 1306 1256 1333 sublimis
1270 1305 1392 1333 Joannes
1407 1314 1499 1333 verttm
1517 1307 1593 1338 dicit.
1607 1314 1666 1334 etn-

881 1353 927 1380 nia
946 1360 993 1387 per
1018 1353 1107 1388 ipsutn
1134 1351 1205 1379 facta
1226 1353 1304 1380 esse?
1325 1352 1492 1380 contradicit
1513 1353 1585 1380 enim
1610 1353 1667 1380 haec

880 1399 1022 1433 Scriptura
1038 1399 1098 1426 voci
1114 1398 1263 1432 Evangelii,
1280 1397 1304 1425 ei
1321 1398 1366 1433 qtti
1385 1398 1548 1433 sapientiam
1561 1398 1667 1426 creavit

880 1445 1068 1472 inhabitabilis
1085 1449 1112 1472 et
1129 1444 1287 1471 habitabilis
1301 1445 1422 1479 regionis
1437 1445 1604 1472 creationem
1620 1452 1666 1472 as-

881 1494 1003 1528 signans.
1023 1491 1068 1518 Sic
1083 1490 1166 1518 etiam
1190 1490 1283 1517 omnia
1306 1498 1366 1524 qua:
1382 1490 1512 1525 deinceps
1534 1495 1663 1517 enarrat:

881 1537 1009 1564 thronum
1028 1536 1173 1572 quemdam
1201 1535 1247 1563 Dei
1267 1543 1339 1569 esse,
1365 1543 1447 1572 super
1467 1536 1555 1564 ventis
1576 1536 1665 1564 deter-

879 1584 1023 1614 minatum,
1047 1590 1107 1616 qua:
1132 1588 1215 1616 supra
1238 1586 1302 1609 sunt
1329 1581 1413 1608 nubes
1435 1582 1536 1608 tirmari
1564 1583 1612 1614 ait,
1638 1587 1666 1609 ct

879 1632 953 1656 tutos
988 1627 1166 1655 subt‘mlestes
1190 1625 1290 1658 fontes,
1307 1630 1334 1654 et
1356 1627 1440 1652 multa
1458 1626 1522 1653 talia
1544 1627 1666 1661 comple-

879 1675 963 1702 ctitur
980 1673 1116 1701 orationis
1139 1676 1294 1704 contextus,
1308 1680 1370 1707 quze
1393 1673 1487 1700 subtili
1506 1673 1622 1708 quadam
1638 1678 1666 1700 et

878 1720 1030 1756 perspicaci
1051 1723 1142 1747 mente
1163 1719 1189 1746 in
1204 1719 1345 1754 praedictis
1364 1719 1544 1753 excogitatam
1566 1719 1666 1754 requi—

879 1771 944 1794 runt
965 1765 1183 1800 intelligentiam.
1210 1764 1278 1798 Quis
1299 1772 1382 1799 super
1408 1764 1498 1792 ventis
1517 1764 1666 1792 distinctus

878 1811 1014 1840 thronus?
1037 1810 1103 1843 Quae
1126 1802 1261 1838 securitas
1287 1810 1346 1838 sive
1369 1812 1428 1836 tuta
1447 1810 1526 1837 sedes
1549 1810 1665 1838 fontium

878 1857 924 1892 qui
949 1857 1000 1884 sub
1019 1855 1090 1883 emlo
1117 1855 1201 1882 sunt?
1222 1854 1359 1890 quomodo
1380 1854 1464 1881 ﬁrmat:
1486 1854 1554 1881 tiunt
1578 1856 1665 1884 nubes

878 1910 939 1938 quae
955 1909 1066 1929 sursum
1083 1900 1167 1928 sunt?
1182 1900 1204 1928 si
1221 1901 1282 1934 quis
1297 1908 1331 1927 ex
1348 1907 1379 1927 ca
1398 1907 1460 1934 quae
1473 1905 1586 1935 apparet
1600 1909 1664 1936 spe-

878 1948 920 1976 cie
935 1954 1088 1976 sermonem
1102 1946 1216 1981 judicet,
1239 1953 1366 1981 magnam
1392 1953 1483 1974 rerum
1509 1954 1665 1982 repugnan-

878 1993 944 2020 tiam
969 1999 1032 2019 cutn
1057 1992 1091 2019 iis
1107 1999 1168 2024 quae
1192 1991 1323 2017 dicuntur
1349 1990 1478 2018 inveniet.
1496 1991 1563 2024 Quis
1589 1993 1663 2019 enim

878 2039 986 2074 ignorat
1011 2041 1133 2064 extrema
1152 2040 1232 2064 terra:
1257 2037 1309 2064 sub
1328 2037 1409 2068 ecelo,
1430 2037 1473 2064 vel
1496 2037 1558 2071 quia
1581 2037 1665 2065 nimis

878 2084 945 2112 solis
964 2082 1048 2110 calori
1066 2083 1121 2110 sint
1143 2081 1232 2109 allinia
1249 2085 1278 2109 et
1294 2082 1459 2117 propinqua,
1475 2083 1515 2110 rel
1533 2083 1596 2117 quia
1619 2091 1665 2110 su—

879 2137 927 2165 pra
950 2128 1060 2156 modum
1084 2128 1186 2156 distent
1209 2127 1358 2161 disiuncta,
1384 2132 1496 2163 propter
1520 2129 1666 2164 utriusque

880 2174 1133 2202 imtnoderationem
1145 2181 1199 2201 non
1214 2173 1330 2201 habitari
1344 2174 1441 2208 posse?
1456 2174 1541 2201 altera
1552 2175 1662 2210 quidem

881 2221 954 2248 sicea
977 2224 1004 2248 et
1027 2223 1095 2247 testu
1123 2219 1255 2247 ferventia
1272 2220 1344 2247 ultra
1371 2220 1539 2247 moderatam
1563 2225 1667 2256 tempe-

881 2266 948 2294 riem
963 2273 1043 2298 esse;
1065 2266 1151 2292 altera
1171 2273 1235 2293 vero
1255 2265 1368 2292 humido
1385 2265 1567 2293 redundantia
1583 2266 1667 2301 frigo-

881 2311 958 2339 ribus
975 2315 1002 2338 et
1019 2310 1126 2346 pruinis
1143 2310 1299 2345 obriguisse
1315 2319 1321 2337 :
1337 2309 1496 2337 habitantur
1519 2316 1609 2338 autem
1634 2318 1665 2338 ea

881 2357 938 2384 sola
954 2365 1014 2392 qua:
1032 2357 1067 2384 ab
1088 2361 1202 2391 utraque
1221 2357 1394 2385 extremitate
1410 2357 1551 2392 aequaliter
1568 2357 1665 2386 dissita

880 2406 945 2431 sunt
959 2407 984 2430 et
1003 2410 1127 2430 seorsum
1147 2402 1291 2429 collocata.
1309 2402 1387 2435 Quod
1408 2403 1430 2430 si
1447 2408 1526 2430 terra:
1545 2404 1664 2430 mediutn

881 2449 915 2476 ab
943 2449 1100 2476 hominibus
1127 2453 1278 2484 occupatur
1304 2453 1332 2477 et
1360 2449 1500 2482 incolitur,
1527 2452 1666 2485 quomodo

881 2499 1004 2522 extrema
1028 2494 1103 2522 orbis
1127 2495 1179 2522 sub
1203 2495 1272 2522 cmlo
1288 2495 1403 2522 habitari
1426 2495 1493 2523 dicit
1514 2498 1667 2531 parcentia?

881 2540 946 2573 Quae
963 2548 1044 2575 porro
1059 2540 1187 2569 fortitudo
1199 2543 1224 2570 in
1244 2541 1364 2568 nubibus
1384 2542 1500 2576 spectari
1521 2545 1620 2576 potest,
1637 2545 1666 2567 ut

880 2592 964 2612 verus
987 2591 1078 2611 sermo
1099 2591 1160 2611 esse
1187 2585 1273 2618 possit
1289 2592 1321 2612 ex
1340 2593 1371 2612 ea
1388 2593 1448 2620 qua;
1472 2585 1558 2620 prima
1576 2585 1664 2612 fronte

880 2630 1003 2658 occurrit
1016 2629 1205 2664 intelligentia,
1223 2630 1269 2664 qtti
1284 2630 1382 2657 asserit
1397 2630 1489 2658 ﬁrmas
1505 2630 1591 2657 factas
1604 2638 1665 2657 esse

880 2679 908 2703 et
925 2674 1029 2702 validas
1045 2675 1132 2704 turbes
1148 2675 1270 2702 sursum?
1286 2675 1386 2702 Rarior
1402 2679 1444 2702 cst
1468 2675 1539 2702 enim
1555 2676 1663 2710 quidam

881 2728 966 2756 vapor
980 2720 1062 2749 nubis
1079 2723 1189 2755 natura,
1207 2728 1256 2755 per
1277 2727 1367 2748 aerem
1384 2720 1499 2748 dill‘usus
1515 2728 1522 2747 :
1536 2720 1582 2756 qui
1600 2728 1664 2755 pro-
