1959 3075
239 166 293 196 579

866 156 897 185 s.
917 149 1081 186 cucao‘uu
1099 156 1246 184 NYSSENI

1814 149 1872 180 580

241 228 300 260 pter
312 221 424 249 multam
440 216 602 245 tenuitatem
616 214 691 242 aerio
706 212 803 249 spiritu
818 213 1021 248 supervehitur,

1088 220 1122 244 ης
1135 212 1183 239 καὶ
1203 211 1374 246 εὐδιάχυτον,
1393 209 1440 237 καὶ
1455 210 1501 236 ἐπὶ
1516 209 1563 236 τοῦ
1580 209 1674 244 νέφους
1700 208 1774 235 ἐστιν
1797 207 1873 234 ἰδεῖν.

240 258 309 298 levis
326 274 387 294 cum
402 265 450 295 sit,
469 261 609 290 continens
622 264 714 287 autem
732 259 760 286 in
775 258 897 293 eeipsum
913 265 947 286 ex
959 266 1025 285 con-

239 313 372 342 cretione,
397 309 510 340 decidit,
521 314 583 334 cum
597 306 653 340 jam
670 304 761 332 aerius
775 304 820 331 ille
837 303 950 338 spiritus
965 309 1027 330 sus.

241 360 330 385 tinere
366 363 420 382 non
447 354 545 389 possit,
570 347 634 379 dum
662 355 738 386 gutta
763 350 820 377 sive
845 349 917 377 stilla
936 348 1027 383 gravis

239 403 365 432 efﬁcitur.
389 400 532 434 Quodnam
559 398 641 434 igitur
661 396 745 424 robur
766 396 792 423 in
808 395 852 423 bis
875 402 935 429 qua:
953 397 1027 421 tactu

241 446 353 473 minime
370 449 485 480 possunt
502 441 691 478 apprehendi?
708 439 774 466 Nam
794 440 820 466 in
837 439 908 466 nube
934 446 1026 465 aerem

239 498 332 518 rarum
353 494 380 517 et
408 489 507 516 dilIusu
534 487 641 514 facilem
668 485 762 512 videre
785 484 858 511 licet.
883 482 1027 516 Quomodo

240 543 336 564 rursus
354 535 381 562 in
398 538 542 561 ventorum
568 531 690 560 instabili
713 536 810 557 natura
834 528 945 556 divinus
961 527 1028 555 dell-

240 584 315 610 nitur
339 581 474 609 thronus?
492 578 549 606 [loc
572 582 662 605 autem
686 576 759 612 quod
783 575 884 603 dicitur
910 574 1027 609 primum

241 626 341 658 creari,
355 630 414 652 tum
430 625 540 651 demum
564 621 701 657 generari.
724 624 751 648 et
776 619 847 646 inter
861 619 1027 646 creationem

1077 255 1139 287 Πῶς
1159 256 1187 282 δὲ
1205 255 1284 282 πάλιν
1298 255 1344 282 ἐπὶ
1363 255 1396 290 τῇ
1421 255 1529 290 ἀστάτῳ
1553 255 1606 281 τῶν
1623 254 1734 289 ἀνέμων
1756 251 1837 287 φύσει
1860 252 1875 277 ὁ

1077 300 1147 332 θεῖος
1162 301 1320 336 ἀφορίζεται
1332 301 1440 336 ορόνος;
1452 300 1489 327 Τὸ
1499 301 1527 328 δὲ
1540 300 1646 336 πρῶτον
1660 299 1812 332 κτίζεσθαι,
1826 298 1875 324 καὶ

1078 348 1125 374 ἐπὶ
1140 347 1211 374 τέλει
1225 347 1314 381 λέγειν
1328 346 1485 381 γεννᾶσθαι,
1495 346 1542 373 καὶ
1557 346 1600 372 διὰ
1614 346 1698 382 μέσου
1709 344 1815 371 τούτων
1831 344 1876 370 θε-

1081 392 1246 428 μελιοῦσθαι,
1262 392 1322 419 τίνα
1335 392 1413 426 λόγον
1428 392 1500 419 εἴποι
1513 401 1556 424 τις
1570 392 1602 419 ἂν
1615 392 1686 427 ἔχειν
1697 392 1757 422 ταῖς
1771 390 1876 422 κοιναῖς

1080 447 1109 465 τε
1125 439 1171 465 καὶ
1189 439 1343 474 προχείροις
1362 439 1476 471 ἐννοίαις
1500 438 1700 474 συμϐαίνοντα;
1715 438 1752 464 Τό
1770 445 1799 463 τε
1823 436 1876 470 πρὸ

1080 483 1181 510 τούτων
1206 484 1379 520 ὲπαπορηθὲν
1399 485 1428 511 ὲν
1451 485 1490 520 τῷ
1510 485 1591 520 λόγῳ,
1611 484 1670 516 πῶς
1691 485 1708 519 ἡ
1724 483 1876 517 ἀναγγελία

1080 529 1135 556 τῶν
1152 529 1212 556 καθ’
1229 531 1334 566 ἡμέραν
1355 530 1514 566 γινομένων,
1539 531 1586 557 καὶ
1606 531 1622 565 ἡ
1641 530 1735 565 μνήμη
1756 529 1805 564 τῆς
1829 528 1875 560 ἐξ·

1082 575 1273 617 αριθιμημένης
1287 576 1342 603 τῶν
1355 576 1385 609 ἐξ
1402 576 1509 609 αἰῶνος,
1524 577 1619 612 ὥσπερ
1631 576 1704 603 αἰτία
1717 585 1758 607 τις
1771 575 1876 609 γίνεται

1081 621 1127 647 τοῦ
1143 621 1265 648 ἐκτίσθαι
1280 622 1355 658 παρὰ
1370 622 1417 649 τοῦ
1431 622 1499 649 Θεοῦ
1510 623 1560 658 τὴν
1574 622 1668 657 σοφίαν
1681 622 1788 656 λέγειν;

241 676 268 699 et
282 671 484 707 generationem
499 667 619 698 fundari.
633 673 715 701 quam
728 665 861 692 rationem
875 671 937 691 cum
972 666 1164 694 communibus
1196 671 1223 694 et
1256 667 1284 693 in
1305 672 1432 702 promptu
1448 668 1545 703 positis
1583 671 1778 703 congruentem
1801 666 1875 692 noti-

241 717 288 745 tiis
304 717 404 744 habere
428 715 490 751 quis
507 713 628 741 dixerit?
647 711 803 745 Quinetiam
820 709 885 737 illud
913 709 947 737 de
969 717 1023 744 quo
1040 710 1095 745 jam
1110 716 1174 740 ante
1191 712 1344 740 dubitatum
1361 717 1404 741 est
1434 714 1462 741 in
1477 722 1616 745 sermone.
1650 713 1790 749 quomodo
1827 720 1877 739 an-

243 763 379 791 nuntiatio
398 768 493 789 eorum
509 767 569 794 quac
588 758 657 785 ﬁunt
676 756 807 792 quotidie,
831 759 859 784 et
892 755 1046 783 recordatio
1082 759 1282 786 numerationis
1311 767 1406 787 eorum
1435 767 1496 795 qua:
1526 767 1542 786 a
1571 759 1674 787 sacculo
1699 763 1775 791 sunt,
1801 758 1876 785 velut

243 816 327 836 causa
345 805 468 843 quaalam
484 810 525 832 est
544 803 655 831 dicendi
675 802 838 837 sapientiam
853 809 868 828 a
884 801 939 829 Deo
954 806 1075 829 creatam
1092 804 1174 831 esse?

281 853 417 887 Quoniam
433 852 516 887 igitur
534 859 568 878 ex
589 850 632 877 bis
645 857 706 884 qua:
724 849 797 876 dicta
810 852 873 875 sunt
890 848 963 875 clare
980 847 1029 875 de-

1116 850 1220 877 Οὺκοῦν
1235 851 1328 887 ἐπειδὴ
1343 851 1478 878 δέδεικται
1493 851 1618 887 φανερῶς
1634 851 1677 877 διὰ
1693 850 1747 877 τῶν
1760 850 1875 885 εἰρημέ-

244 902 428 929 m0nstratum
445 902 487 925 est
502 897 529 924 in
546 897 589 924 his
604 895 673 922 nihil
685 895 739 922 tale
753 901 824 926 esse,
844 902 894 921 cur
907 894 1032 928 inexplo-

244 950 306 976 rato
325 949 353 973 et
369 942 574 972 inconsiderate
595 941 640 968 bic
664 948 754 968 sermo
779 939 950 972 admittatur,
967 947 1033 974 ope-

244 996 282 1016 rae
296 988 414 1023 pretium
428 987 482 1014 erit
496 986 585 1013 instar
603 985 782 1020 reliquorum,
796 989 823 1012 et
841 984 893 1012 hoc
905 985 977 1020 quod
989 984 1033 1011 di-

245 1035 327 1067 citur,
345 1032 474 1059 Dominus
488 1031 587 1059 creavit
607 1039 658 1062 me,
673 1037 727 1058 non
743 1038 775 1058 ex
792 1037 824 1057 ea
839 1037 899 1065 qua:
913 1030 939 1056 vi
958 1029 1033 1057 verbi

246 1079 422 1114 ingeneratur
449 1077 528 1104 nobis
552 1075 741 1112 intelligentia,
765 1075 952 1108 interpretari,
980 1075 1028 1103 sed

246 1124 321 1151 omni
341 1123 494 1150 attentione
519 1126 546 1150 et
563 1122 706 1157 diligentia
727 1121 878 1156 inquirere,
899 1121 974 1156 quod
990 1121 1034 1156 pie

247 1177 296 1205 per
316 1170 374 1197 ιιωο
398 1170 481 1197 verba
504 1168 677 1203 intelligitur.
694 1167 798 1194 Verum
824 1168 968 1195 enimvero
993 1175 1035 1194 ac-

247 1220 343 1244 curate
367 1220 394 1242 et
419 1214 453 1242 ad
484 1214 616 1241 amussim
639 1213 842 1248 propositorum
870 1207 1033 1240 sententiam

249 1261 396 1296 concipere
411 1267 506 1287 eorum
521 1261 642 1287 solorum
656 1259 748 1291 fuerit,
762 1258 809 1293 qui
823 1258 925 1294 Spiritu
939 1262 1036 1285 sancto

249 1308 325 1334 ducti
350 1306 552 1342 profunditates
570 1309 741 1336 scrutantur,
764 1304 912 1339 sciuntque
929 1304 980 1331 l'ari
1007 1303 1036 1331 in

249 1351 351 1386 spiritu
369 1351 461 1379 divina
479 1350 622 1386 mysteria.
637 1349 690 1377 Sed
713 1349 739 1376 in
757 1349 801 1376 his
817 1350 908 1377 verbis
922 1349 956 1376 de
974 1349 1037 1384 qui-

249 1398 301 1425 bus
325 1398 426 1432 agitur,
457 1401 562 1424 tantum
587 1396 677 1423 oratio
701 1399 798 1423 nostra
827 1395 1034 1428 immorabitur.

249 1447 383 1479 quantum
399 1443 498 1470 sullicit
510 1447 539 1469 ut
556 1449 651 1469 eorum
669 1449 770 1476 scopus
791 1449 845 1468 non
865 1441 1037 1469 indiscussus

1084 905 1147 928 νων,
1161 897 1243 932 μηδὲν
1255 898 1283 924 ἐν
1295 897 1398 929 τούτοις
1415 897 1534 924 τοιοῦτον
1544 896 1622 930 εἶναι,
1635 897 1673 928 ὡς
1689 896 1877 929 ἀνεξετάστως

1082 951 1111 969 τε
1135 943 1181 969 καὶ
1201 943 1364 978 ἀθεωρήτως
1387 943 1589 980 ωραδεχθῆναι
1609 943 1654 970 τὸν
1677 942 1766 976 λόγον,
1785 941 1876 973 καλῶς

1084 987 1117 1014 ἂν
1136 987 1192 1023 ἔχοι
1211 987 1271 1014 καθ’
1285 989 1431 1024 ὁμοιότητα
1445 989 1499 1015 τῶν
1516 988 1627 1020 λοιπῶν,
1645 988 1691 1015 καὶ
1705 987 1744 1020 τὸ,
1766 989 1875 1021 Κύριος

1083 1031 1184 1059 ἕκτισέ
1197 1041 1244 1066 με,
1261 1032 1298 1068 μὴ
1314 1033 1385 1060 κατὰ
1398 1033 1446 1069 τὴν
1463 1033 1576 1060 αὐτόθεν
1595 1034 1660 1068 ἡμῖν
1679 1034 1710 1059 ὲκ
1726 1033 1774 1059 τοῦ
1788 1034 1877 1068 ῥήμα-

1083 1085 1128 1109 τος
1161 1078 1336 1114 ἔγγινομένην
1361 1079 1480 1106 διάνοιαν
1501 1078 1673 1114 ἑρμηνεύειν,
1698 1078 1766 1105 ἀλλὰ
1785 1077 1876 1112 ζητεῖν

1084 1122 1155 1149 κατὰ
1171 1124 1260 1150 πᾶσαν
1277 1125 1413 1160 προσοχὴν
1423 1133 1453 1151 τε
1468 1124 1516 1151 καὶ
1529 1124 1694 1159 ἐπιμέλειαν,
1708 1123 1739 1150 τὸ
1754 1122 1878 1153 εὐσεεῶς

1084 1167 1127 1195 διὰ
1142 1168 1188 1196 τοῦ
1204 1169 1350 1204 λεγομένου
1367 1169 1521 1205 νοούμενον.
1543 1169 1623 1196 Ἀλλὰ
1639 1169 1668 1195 τὸ
1685 1168 1733 1203 μὲν
1753 1168 1878 1203 ἀκριϐῶς

1085 1215 1275 1250 κατειληφέναι
1289 1216 1338 1251 τὴν
1361 1216 1415 1242 τῶν
1437 1215 1623 1251 προκειμένων
1640 1214 1772 1246 διάνοιαν,
1790 1214 1879 1249 μόνων

1085 1258 1118 1285 ἂν
1130 1259 1173 1294 εἴη
1183 1259 1237 1287 τῶν
1249 1260 1288 1295 τῷ
1301 1260 1372 1295 ἁγίῳ
1383 1259 1522 1295 Πνεὺματι
1537 1259 1571 1285 τὰ
1583 1258 1650 1294 βάθη
1664 1257 1876 1294 διερευνὼντων,

1086 1305 1132 1331 καὶ
1147 1305 1237 1332 λαλεῖν
1253 1305 1440 1340 ἐπισταμένων
1456 1306 1484 1331 ὲν
1496 1305 1630 1340 πνεύματι
1647 1305 1682 1331 τὰ
1699 1304 1760 1330 θεῖα
1774 1305 1879 1339 μυστήν

1088 1359 1143 1387 ρια.
1160 1351 1228 1386 Παρ*
1250 1351 1329 1387 ἡμῶν
1349 1351 1376 1378 δὲ
1393 1351 1518 1378 τοσοῦτον
1542 1352 1571 1378 ἐν
1585 1352 1641 1382 τοῖς
1661 1350 1853 1386 προκειμένοις
1866 1349 1881 1376 ό

1086 1397 1163 1431 λόγος
1179 1397 1404 1432 ἁσχοληθήσεται,
1416 1397 1478 1424 ὅσον
1491 1397 1527 1432 μὴ
1541 1397 1627 1432 πάντη
1644 1396 1777 1432 περιιδεῖν
1790 1395 1838 1421 τὸν
1851 1396 1881 1421 ὲν

1087 1444 1190 1475 τούτοις
1201 1443 1301 1470 σκοπὸν
1313 1442 1477 1478 ἀθεώρητον.
1495 1442 1542 1474 Τίς
1557 1440 1603 1469 οὖν
1618 1443 1631 1468 ό
1643 1442 1776 1477 ἡμέτερος
1786 1441 1880 1474 λόγοςς

249 1493 278 1518 et
299 1489 489 1524 inexploratum
503 1487 734 1523 praetermittatur.
750 1487 818 1520 Quis
839 1487 922 1522 igitur
944 1492 1036 1514 noster

1089 1490 1146 1516 Οὐκ
1161 1489 1244 1521 ἔστιν,
1268 1486 1355 1524 οἶμαι,
1369 1488 1481 1515 δυνατὸν
1498 1487 1546 1523 τὴν
1566 1488 1598 1514 ἐκ
1623 1487 1697 1519 θείας
1721 1486 1882 1522 ἐλλάμψεως

251 1534 361 1563 sermo?
386 1534 456 1566 ﬁeri,
482 1534 591 1568 opinor,
617 1532 729 1559 minime
750 1536 850 1567 potest,
873 1532 1035 1567 sapientiam

1090 1535 1234 1570 γινομένην
1246 1534 1274 1560 ἔν
1288 1521 1340 1560 τινι
1357 1533 1461 1568 σοφίαν,
1477 1521 1561 1569 μόνην
1571 1533 1671 1568 ταύτην
1683 1533 1744 1568 δίχα
1759 1533 1814 1558 τῶν
1832 1532 1883 1558 λοι-

251 1587 312 1616 quae
325 1587 356 1606 ex
369 1579 461 1606 divina
477 1578 682 1605 illuminatione
696 1577 734 1608 lit,
751 1578 821 1604 hanc
833 1578 918 1605 solam
935 1578 1038 1613 absque

253 1625 364 1660 reliquis
381 1625 468 1653 sancti
486 1625 606 1660 Spiritus
621 1624 702 1651 donis
722 1624 851 1658 cuiquam
868 1623 976 1656 adesse,
989 1624 1038 1652 sed

253 1671 365 1697 onmin
388 1673 503 1705 oportet,
531 1670 614 1697 simul
642 1677 705 1697 cum
730 1669 781 1696 hac
805 1669 956 1704 prophetia:
977 1677 1038 1704 gra-

253 1717 318 1743 tiam
343 1715 401 1743 sive
416 1715 517 1742 douum
541 1722 717 1742 concurrere.
744 1713 773 1742 Si
802 1715 874 1742 enim
897 1715 1039 1750 sapientiae

255 1762 394 1797 proprium
417 1765 470 1794 cst,
492 1761 635 1789 veritatem
662 1769 757 1788 eorum
777 1768 837 1796 qua:
860 1765 924 1789 sunt
948 1762 1039 1788 animo

254 1807 504 1842 comprehendere;
529 1806 672 1841 prophetia
690 1813 755 1833 vero
771 1805 925 1833 futurorum
951 1806 1040 1833 couti-

255 1856 300 1879 net
328 1851 554 1882 declarationem,
591 1850 684 1877 nullus
713 1849 865 1884 perlectum
899 1850 1040 1885 sapientia:

254 1897 357 1925 donum
372 1895 454 1922 fuerit
473 1899 652 1927 consecutus.
671 1895 719 1930 qui
740 1902 796 1922 non
812 1894 972 1929 prophetica
994 1902 1040 1922 co-

255 1941 414 1978 operatioue
439 1940 522 1968 futuri
546 1940 732 1976 cognitionem
760 1940 921 1975 complexus
945 1939 1038 1967 fuerit.

255 1977 391 2021 Quoniam
410 1986 492 2020 igitur
511 1977 565 2013 non
579 1986 726 2012 humanam
742 1985 861 2020 aliquam
880 1985 1040 2020 sapientiam

256 2033 362 2067 sibiipsi
378 2032 498 2059 vindicat
516 2032 658 2063 Solomon,
680 2039 742 2058 cum
759 2031 840 2062 dixit,
858 2030 928 2057 Deus
952 2030 1041 2057 docuit

257 2085 297 2104 me
312 2077 469 2111 sapientiam
487 2076 509 2108 ‘,
528 2079 554 2103 et
578 2083 673 2103 omnes
688 2082 829 2103 sermones
847 2083 912 2102 suos
926 2075 980 2102 Deo
1001 2081 1042 2102 at-

257 2124 363 2158 tribuit,
382 2131 444 2150 cum
465 2123 512 2154 ait,
529 2121 582 2148 Mei
598 2129 729 2148 sermones
747 2121 811 2148 dicti
829 2125 888 2148 sunt
908 2130 924 2148 a
940 2121 994 2148 Dea
1007 2122 1040 2153 ιο,

259 2171 390 2206 praeclare
408 2176 530 2204 agemus,
555 2168 578 2194 si
601 2167 746 2194 admistam
768 2166 909 2201 sapientia:
924 2167 1040 2202 prophe-

259 2216 323 2242 tiam
340 2215 367 2241 in
384 2214 435 2240 hac
456 2217 533 2248 parte
551 2212 687 2248 proverbii
715 2212 799 2246 hujus
822 2218 1040 2246 perscrulemur.

258 2260 329 2295 Ergo
351 2259 468 2286 dicimus
486 2258 559 2293 quod
582 2258 610 2284 in
626 2257 669 2285 his
687 2264 747 2292 qua:
771 2257 844 2284 hunc
866 2258 955 2285 locum
973 2266 1042 2293 prm-

258 2305 360 2333 cedunt
378 2303 470 2331 verbis
493 2311 555 2330 cum
583 2303 887 2338 dixisset,sapienliam
914 2307 963 2334 sibi
992 2305 1042 2331 do-

262 2361 332 2382 mum
351 2351 498 2387 azdiﬁeasse
518 2349 550 2379 “.
569 2348 662 2376 carnis
685 2348 791 2375 Domini
808 2349 1042 2376 constructionem

257 2404 306 2431 per
323 2396 395 2422 hunc
407 2402 560 2422 sermonem
580 2393 696 2422 obscure
717 2394 839 2427 indicat;
856 2403 909 2421 non
921 2395 994 2422 enim
1013 2395 1040 2421 in

259 2442 349 2469 alieno
371 2440 511 2467 domicilio
524 2447 587 2466 vera
606 2439 740 2474 sapientia
757 2440 898 2473 habitavit,
915 2439 963 2467 sed
987 2439 1041 2467 sibi

259 2486 427 2514 domicilium
455 2493 487 2513 ex
512 2485 637 2519 virginali
662 2492 778 2520 corpore
808 2486 964 2513 aediﬁcavit.
992 2485 1043 2513 llic

259 2537 349 2560 autem
365 2532 437 2567 quod
452 2539 485 2559 ex
506 2531 640 2559 ambobus
665 2533 771 2559 unitum
788 2536 841 2562 est,
856 2530 944 2559 Verbo
962 2532 1042 2558 attri-

259 2580 329 2611 buit,
346 2587 379 2606 ex
391 2579 471 2606 domo
485 2579 546 2606 dico
559 2582 586 2606 et
608 2578 740 2612 sapientia
756 2585 816 2612 quze
831 2577 942 2604 domum
959 2577 1044 2605 aedili—

259 2625 341 2658 cavit,
357 2625 383 2652 id
406 2628 459 2658 est,
483 2633 515 2652 cx
530 2624 699 2651 humanitate
715 2627 741 2650 et
756 2630 818 2650 cum
840 2623 951 2650 homine
973 2627 1043 2651 tem-

260 2674 353 2704 perata
367 2669 426 2697 sive
442 2669 588 2704 conjuncta
607 2668 718 2699 deitate,
735 2667 832 2694 horum
853 2668 962 2703 utrique
977 2676 1043 2696 con-

259 2723 340 2750 gruas
363 2721 389 2743 et
415 2716 611 2743 convenientes
629 2721 713 2741 voces
736 2714 942 2746 ‘accommodat,
963 2719 992 2742 ut
1015 2716 1042 2742 in

259 2760 413 2797 Evangeliis
435 2761 491 2789 ﬁcri
508 2761 600 2788 videre
615 2759 691 2792 licet,
708 2759 737 2786 in
754 2758 856 2794 quibus
876 2767 977 2794 sermo,
995 2761 1042 2796 qui

294 2857 304 2874 '
317 2855 382 2892 Sap.
398 2863 444 2890 ιιι,
456 2855 502 2884 2i.
517 2895 521 2896 γ
581 2853 650 2883 ibid.
689 2853 803 2892 “‘Prov.
821 2863 858 2889 ix,
877 2855 904 2885 Ι,

1087 1580 1146 1606 πῶν
1161 1580 1336 1615 χαρισμάτων
1350 1578 1396 1605 τοῦ
1412 1578 1570 1613 Πνεύματος
1582 1578 1792 1614 παραγίνεσθαι,
1808 1577 1876 1604 ἀλλὰ

1088 1624 1140 1660 χρὴ
1156 1624 1265 1656 πάντως
1284 1623 1464 1650 συνεισελθεῖν
1476 1623 1564 1659 ταύτῃ
1585 1624 1632 1651 καὶ
1648 1624 1698 1659 τῆς
1712 1623 1883 1658 προφητείας

1088 1670 1136 1705 τὴν
1153 1670 1243 1705 χάριν.
1259 1669 1290 1696 Εἰ
1306 1669 1360 1705 γὰρ
1376 1669 1441 1696 ῐδιον
1457 1671 1553 1705 σοφίας
1567 1669 1649 1701 ἐστὶν,
1667 1670 1684 1704 ή
1697 1669 1747 1704 τῆς
1761 1668 1816 1696 τῶν
1829 1668 1879 1694 δν-

1088 1725 1142 1742 των
1154 1715 1281 1752 ἀληθείας
1293 1715 1454 1751 κατάληψις,
1470 1715 1621 1751 προφητεία
1633 1714 1661 1740 δὲ
1675 1715 1726 1749 τὴν
1739 1714 1795 1740 τῶν
1813 1713 1880 1749 μελ-

1088 1762 1187 1788 λόντων
1202 1762 1324 1796 περιέχει
1341 1761 1501 1796 σαφήνειαν,
1516 1761 1566 1786 οὐκ
1580 1760 1612 1786 ἂν
1633 1759 1662 1785 ὲν
1673 1759 1714 1794 τῷ
1732 1759 1829 1794 τελείῳ
1840 1767 1882 1789 τις

1089 1807 1139 1842 τῆς
1160 1807 1257 1842 σοφίας
1279 1807 1321 1842 εἴη
1338 1806 1497 1842 χαρίσματι,
1514 1806 1551 1841 μὴ
1573 1805 1618 1832 διὰ
1637 1806 1686 1840 τῆς
1708 1804 1883 1840 προφητικῆς

1091 1854 1248 1889 συνεργείας
1275 1852 1486 1888 συμπεριλαϐών
1502 1854 1534 1888 τῇ
1559 1851 1658 1886 γνώσει
1674 1850 1764 1878 καὶτὸ
1785 1850 1882 1884 ἐσόμε-

1090 1907 1145 1925 νον.
1170 1899 1246 1925 Ἐπεὶ
1268 1895 1314 1925 οὖν
1330 1899 1381 1925 οὐκ
1397 1897 1571 1933 ἀνθρωπίνην
1591 1896 1652 1923 τινὰ
1674 1896 1769 1930 σοφίαν
1793 1895 1884 1930 ἑαυτῷ

1091 1944 1297 1980 προσμαρτυρεῖ
1312 1943 1447 1979 Σολομὼν,
1463 1944 1477 1970 ὁ
1493 1942 1589 1975 είπὼν,
1605 1943 1645 1969 ὅτι
1663 1942 1696 1968 '0
1716 1941 1791 1974 Θεὸς
1805 1941 1884 1968 δεδί-

1091 1989 1164 2024 δαχέ
1182 1998 1219 2023 με
1232 1990 1353 2024 σοφίαν,
1371 1989 1418 2015 καὶ
1438 1989 1528 2016 πάντα
1546 1988 1591 2014 τὸν
1612 1988 1678 2023 παρ’
1690 1986 1788 2013 ἑαυτοῦ
1805 1986 1884 2020 λόγον

1093 2035 1230 2067 ἀνατιθεὶς
1255 2035 1293 2070 τῷ
1305 2035 1374 2069 Θεῷ,
1389 2035 1418 2060 ὲν
1441 2032 1482 2066 οἷς
1496 2043 1588 2069 φησιν,
1612 2034 1653 2060 ὅτι
1668 2034 1700 2060 οι
1716 2033 1782 2067 ἐμοὶ
1799 2032 1885 2066 λόγοι

1091 2080 1288 2116 εἶρῃνταιάπὸ
1297 2080 1383 2113 Θεοῦ,
1390 2080 1478 2111 καλῶς
1487 2079 1518 2106 ἂν
1531 2079 1586 2115 ἔχοι
1596 2079 1645 2114 τὴν
1656 2078 1884 2114 ἀναμεμιγμένην

1092 2129 1125 2162 τῇ
1142 2127 1222 2162 σοφίᾳ
1234 2127 1402 2162 προφητείαν
1422 2127 1451 2153 ἐν
1466 2126 1504 2161 τῷ
1520 2126 1597 2161 μέρει
1615 2125 1704 2160 τούτῳ
1718 2125 1769 2159 τῆς
1787 2131 1884 2158 παροι-

1095 2173 1158 2208 μίας
1175 2173 1410 2208 διερευνήσασθαι.
1426 2174 1518 2208 Φαμὲν
1539 2172 1628 2199 τοίνυν
1645 2172 1686 2198 ὅτι
1709 2173 1739 2198 ἐν
1763 2171 1814 2205 μὲν
1830 2171 1885 2202 τοῖς

1096 2217 1148 2251 πρὸ
1164 2217 1257 2243 τούτου
1269 2217 1358 2251 λόγοις
1370 2217 1463 2250 εἰπὼν,
1475 2217 1530 2251 τὴν·
1541 2217 1653 2251 σοφίαν
1670 2215 1763 2250 ἑαυτῇ
1777 2216 1887 2248 ᾠκοδο-

1093 2260 1219 2295 μηκέναι
1229 2261 1282 2287 τὸν
1289 2259 1380 2293 οἷκον,
1393 2261 1441 2297 τὴν
1451 2261 1498 2296 τῆς
1509 2261 1608 2297 σαρκὸς
1622 2261 1668 2288 τοῦ
1681 2261 1786 2296 Κυρίου
1802 2269 1887 2287 κατα-

1097 2307 1196 2342 σκευὴν
1213 2307 1257 2334 διὰ
1275 2307 1322 2333 τοῦ
1333 2307 1412 2339 λόγου
1432 2307 1629 2334 αἰνίσσεταιιοὺ
1647 2307 1701 2342 γὰρ
1711 2308 1740 2333 ὲν
1751 2307 1886 2342 ἀλλοτρίῳ

1096 2352 1288 2388 οἰκοδομήματι
1300 2353 1316 2386 ἡ
1332 2352 1445 2387 ἀληθινὴ
1457 2353 1537 2386 σοφία
1548 2353 1716 2388 κατῴκησεν,
1729 2352 1787 2378 ἀλλ’
1800 2353 1883 2386 ἑαυτῇ

1096 2397 1126 2424 τὸ
1138 2398 1291 2433 οίκητήριον
1304 2399 1337 2424 ὲκ
1354 2397 1400 2424 τοῦ
1415 2397 1578 2433 παρθενικοῦ
1601 2397 1726 2432 σώματος
1744 2396 1886 2432 ᾠκοδομή-

1096 2451 1169 2470 σατο.
1191 2443 1321 2470 Ἐνταῦθα
1337 2444 1365 2470 δὲ
1381 2443 1411 2470 τὸ
1433 2443 1530 2470 ἑνωῦὲν
1546 2444 1574 2476 ἐξ
1588 2443 1750 2478 ἀμφοτέρων
1759 2441 1799 2476 τῷ
1807 2442 1886 2476 Λόγῳ

1096 2489 1266 2525 προστίθησι,
1291 2490 1337 2516 τοῦ
1356 2498 1385 2516 τε
1402 2490 1476 2516 οἴκου
1493 2489 1563 2524 λέγω
1576 2490 1634 2516 καὶ
1653 2489 1702 2523 τῆς
1721 2488 1819 2522 σοφίας
1836 2487 1885 2522 τῆς

1095 2536 1310 2571 οἱκοδομησὰσης
1330 2536 1375 2562 τὸν
1392 2533 1475 2567 οἷκον,
1492 2536 1565 2562 τοῦτ’
1582 2535 1666 2566 ἔστιν,
1683 2535 1715 2561 ἐκ
1731 2543 1760 2561 τε
1776 2533 1824 2560 τοῦ
1841 2534 1886 2560 ἁν-

1096 2581 1230 2616 θρωπίνου
1242 2582 1288 2608 καὶ
1300 2583 1332 2608 ὲκ
1344 2582 1392 2617 τῆς
1407 2581 1605 2617 ἀνακραθείσης
1615 2580 1655 2616 τῷ
1673 2580 1814 2615 ἀνθρώπῳ
1827 2579 1886 2606 θεό-

1095 2636 1184 2662 τητος,
1208 2627 1330 2663 ἐκατέρῳ
1348 2627 1376 2654 δὲ
1395 2627 1497 2654 τούτων
1512 2627 1663 2663 ἐφαρμόζει
1679 2626 1729 2657 τὰς
1749 2625 1887 2660 καταλλή-

1095 2672 1157 2704 λους
1172 2682 1200 2699 τε
1213 2674 1260 2700 καὶ
1274 2672 1432 2708 πρεπούσας
1442 2673 1543 2708 φωνὰς,
1559 2673 1650 2705 καθὼς
1668 2672 1744 2699 ἐστιν
1759 2672 1826 2698 ίδεῖν
1840 2671 1885 2697 καὶ

1097 2719 1125 2744 ὲν
1144 2719 1198 2750 τοῖς
1222 2719 1397 2752 Εὑαγγελίοις
1413 2719 1564 2754 γινόμενον,
1579 2719 1607 2744 ὲν
1622 2715 1662 2749 οἷς
1678 2719 1692 2744 ὀ
1713 2718 1793 2751 λόγος
1817 2715 1886 2742 κατὰ

1096 2762 1126 2789 τὸ
1139 2763 1291 2799 πρόσφορον
1309 2763 1347 2799 τῷ
1368 2764 1539 2800 ὑποκειμένῳ
1554 2763 1754 2799 διεξαγόμενος,
1776 2761 1821 2789 διὰ
1838 2760 1885 2795 μὲν
