1920 3073
50 76 99 106 585

607 81 742 110 CONTRA
764 80 958 116 EUNOMIUM,
978 83 1042 110 LIB.
1061 83 1107 110 lll.

1571 87 1573 89 ’
1621 80 1671 108 586

50 139 120 173 ἡμῖν,
136 137 184 165 καὶ⁸
201 137 301 173 ἐκλήθη
313 138 344 165 τὸ
357 139 442 175 ὄνομα
458 139 539 167 αὐτοῦ
553 147 560 155 ·
576 141 609 168 τά
623 150 652 168 τε
662 141 728 169 ἄλλα
744 142 831 169 πάντα

887 149 946 172 nus,
977 143 1057 169 Pater
1069 139 1151 175 futuri
1163 139 1263 169 sa’culi.
1281 141 1334 169 nisi
1356 140 1506 168 secundum
1542 138 1636 167 Isaiam
1650 139 1671 154 "

49 185 96 210 ὅσα
108 184 123 210 ὁ
136 184 278 219 προφήτης
300 184 424 220 ὠνόμασε
437 194 444 201 ·
459 186 505 213 καὶ
514 180 590 222 μετὰ
602 187 720 221 πάντων,
733 189 833 222 Πατὴρ

49 229 99 255 τοῦ
110 229 274 262 μέλλοντος
287 229 404 264 αἰῶνος.
415 231 548 267 Πρότερον
560 231 607 259 οὖν
622 233 716 268 γέγονε
728 234 756 260 τὸ
765 234 834 261 κατὰ

48 273 93 308 τὴν
106 274 252 309 παρθενίαν
269 276 428 311 μυστήριον,
444 276 490 303 καὶ
507 278 523 312 ὴ
543 278 607 313 περὶ
621 278 651 304 τὸ
662 278 747 310 πάθος
763 280 835 306 οἰκο-

48 319 135 354 νομία.
152 320 207 346 Καὶ
225 320 284 346 τότε
301 321 326 347 οἱ
349 322 425 356 σοφοὶ
443 323 493 358 τῆς
509 323 626 356 πίστεως
647 325 835 359 ἀρχιτέκτονες

48 366 89 391 τὸν
104 365 226 400 θεμέλιον
237 366 286 401 τῆς
297 366 413 400 πίστεως
424 369 613 396 κατεσάλοντο.
628 368 710 401 Οὗτος
720 370 748 397 δέ
761 371 834 397 ἐστιν

47 410 60 435 ὁ
74 410 329 447 Χριστὸ;,ὀ11ατὶιρ
339 413 712 449 τοῦμέλλοντοςαὶῶνος,ᾧ
726 417 834 442 ἐποικο-

47 457 165 490 δομεῖται
190 458 206 492 ή
229 457 283 483 τῶν
302 458 486 494 ἀτελευτήτων
513 461 618 488 αἰώνων
646 462 712 497 ζωή.
734 462 833 489 Τούτου

46 501 71 527 δὲ
88 501 244 536 γενομένου,
263 501 305 528 ἴνα
322 504 351 529 ὲν
371 503 477 538 ἑκάστῳ
493 505 547 531 τῶν
568 506 786 532 πεπιστευκότων
801 505 833 531 τὰ

48 546 104 572 θεῖα
126 546 267 581 Θελήματα
283 547 329 574 τοῦ
354 549 532 584 summa.
549 551 641 586 νόμου,
663 553 709 578 καὶ
727 552 760 578 τὰ
776 560 834 578 ποι-

47 592 107 619 κὶλα
122 593 168 620 τοῦ
184 593 260 628 ἁγίου
279 595 436 630 Πνεύματος
450 597 606 632 χαρίσματα
626 598 747 632 γένηται,
763 599 834 633 ἆπερ

46 638 134 665 πάντα
156 640 293 673 τροπικῶς
313 641 383 668 κατά
400 650 460 669 τινα
483 644 610 678 προσφυῆ
633 645 769 679 σημασίαν
783 644 832 679 ὅρη

45 685 91 710 καὶ
107 684 221 721 βουνοὺς
228 685 382 722 ὀνομάξειή
399 687 457 713 θεία
471 688 564 724 Γραψή
574 697 580 703 ·
598 690 647 724 τὴν
661 690 833 724 δικαιοσύνην

47 730 94 763 μὲν
112 730 162 765 ὅρη
176 730 244 757 Θεοῦ
264 731 443 766 ὀνομάξουσα,
459 733 493 759 τὰ
511 734 539 760 δὲ
552 734 672 769 κρίματα
700 735 834 766 ἀϐύσσους

45 775 293 809 προσαγορεύουσα,
301 776 352 811 γῆν
358 777 439 812 δὲτὴν
450 778 501 805 ὑπὸ
507 779 552 806 τοῦ
559 780 645 813 Λόγου
653 781 833 816 σπειρομένην

885 188 1015 222 parvulus
1031 195 1100 222 puer
1115 187 1195 214 nobis
1213 191 1294 214 natus
1308 191 1392 218 esset,
1409 193 1434 214 et
1442 186 1503 220 ejus
1517 193 1616 213 nomen
1631 192 1674 212 vo.

885 238 976 261 catum
995 237 1080 265 esset,
1097 237 1123 260 et
1139 237 1235 259 raltera
1254 240 1314 267 qua:
1328 233 1461 267 propheta
1480 232 1621 261 nominat,
1646 234 1674 255 ct

884 287 945 306 cum
971 279 1110 311 omnibus,
1134 278 1214 305 Pater
1238 279 1321 312 futuri
1344 278 1445 304 saeculi.
1478 278 1559 304 Prius
1590 277 1674 310 igitur

886 325 939 352 fuit
951 326 1112 361 mysterium
1135 325 1207 360 quod
1227 325 1253 351 in
1270 325 1376 360 virgine
1394 325 1496 351 factum
1513 328 1565 355 est,
1592 327 1674 357 atque

885 372 930 398 illa
947 373 974 398 in
990 372 1118 406 passione
1133 371 1313 406 dispensatio.
1341 371 1430 405 Atque
1443 374 1509 396 tunc
1535 369 1673 403 sapientes

885 417 948 444 ﬁdei
966 417 1108 443 architecti
1134 416 1191 443 sive
1218 417 1355 450 principes
1386 416 1454 442 labri
1480 416 1541 443 ﬁdei
1573 415 1672 442 funda-

885 466 1005 490 mentum
1029 467 1188 497 posuerunt.
1209 461 1258 489 Hic
1272 466 1363 489 autem
1389 465 1431 489 est
1444 460 1579 493 Christus,
1594 459 1673 488 Pater

885 509 969 543 futuri
984 509 1085 540 swculi,
1102 514 1184 543 Super
1197 516 1251 543 quo
1261 508 1412 535 aediﬁcatur
1420 509 1581 535 saeculorum
1593 508 1671 534 ﬁnem

885 562 1022 588 nunquam
1035 554 1225 581 habiturorum
1235 555 1307 583 evita.
1337 553 1415 586 Quod
1438 553 1536 579 factum
1552 552 1611 584 fuit,
1644 556 1672 578 ut

885 600 912 627 in
931 607 1096 634 unoquoque
1111 600 1283 627 credentium
1300 599 1401 627 divina}
1423 600 1580 626 voluntates
1606 599 1672 633 legis

884 645 1065 681 Evangelicae,
1100 650 1127 672 et
1143 645 1219 672 varia
1246 646 1333 673 sancti
1360 645 1481 680 Spiritus
1499 645 1570 671 dona
1597 645 1671 674 ῐὶνιιῑ.

884 700 945 726 qua).
962 692 1054 718 omnia
1083 691 1189 726 tropice
1210 692 1361 718 secundum
1378 690 1522 725 quamdam
1550 695 1673 725 agnatam

885 738 943 764 sive
957 737 1139 764 adhaerentem
1167 736 1379 771 signiﬁcantiam
1409 740 1516 763 montes
1533 740 1560 762 et
1587 735 1671 762 colles

886 782 1009 809 nominat
1025 782 1166 816 Scriptura
1181 781 1284 808 divina.
1299 781 1438 808 Justitiam
1455 780 1564 815 quidem
1591 787 1670 805 mon-

45 821 89 846 καὶ
104 821 333 856 καρποφοροῦσαν
346 822 390 849 τὸν
402 823 532 858 πολύχουν
544 826 658 860 καρπον.
676 826 711 852 Ἣ
719 813 764 858 ’ὡς
777 813 832 852 ἑτε-

887 832 926 855 les
940 827 987 855 Dei
1003 828 1159 859 nominans.
1182 827 1286 862 judicia
1303 835 1366 854 vero
1382 827 1495 861 abyssos
1513 825 1666 860 appellans.

46 866 130 899 ριιιθεν
149 867 225 902 παρὰ
248 867 286 902 τῷ
304 868 386 895 Δαϐὶδ
404 869 454 903 μὲν
476 870 585 906 εἰρήνην
618 871 662 898 διὰ
682 872 735 899 τῶν
750 873 830 908 ὀρῶν,

43 912 217 947 δικαιοσύνην
237 912 265 939 δὲ
281 913 325 939 διὰ
342 914 396 940 τῶν
418 914 519 949 βουνῶν
535 915 729 951 διδασκόμεθα”
747 918 831 951 ἀναγ-

44 957 129 988 καίως
144 958 174 983 ὲν
188 959 244 990 τοῖς
261 960 365 990 πιστοῖς
384 960 400 994 ἡ
420 960 498 993 σοφία
514 962 650 994 γεννᾶται.
671 961 717 988 καὶ
731 961 832 997 ἀληθὴς

42 1003 56 1028 ὁ
67 1002 167 1038 Λόγος.
188 1003 218 1029 '0
231 1003 285 1038 γὰρ
302 1003 330 1029 ὲν
341 1005 396 1034 τοῖς
410 1004 567 1039 δεξαμένοις
578 1005 658 1032 αὑτὸν
675 1005 722 1038 ὢν,
734 1008 763 1033 ὲν
777 1008 833 1038 τοῖς

43 1047 170 1079 ἀπίστοις
198 1047 273 1074 οὔπω
288 1049 429 1084 ἐγεννήθη.
450 1049 509 1076 Ἵνα
536 1048 582 1077 οὖν
606 1051 691 1079 ταῦτα
705 1052 751 1079 καὶ
767 1053 832 1088 παρ’

43 1094 108 1127 ἡμῖν
126 1093 249 1128 γένηται,
274 1094 327 1130 χρὴ
349 1095 394 1121 τὸν
415 1095 515 1122 τούτων
537 1096 701 1132 δημιουργὸν
724 1098 752 1124 ἐν
769 1098 833 1134 ἡμῖν

42 1138 218 1173 γεννηθῆναι.
235 1139 312 1166 Οὕτω
326 1140 353 1166 δὲ
366 1141 410 1167 καὶ
423 1142 458 1168 τὰ
473 1142 571 1177 ἐφεξῆς
584 1143 688 1175 τούτοις
706 1143 777 1170 κατὰ
788 1144 834 1171 τὸν

43 1183 140 1218 εἱρμὸν
157 1183 252 1210 τοῦτον
279 1186 490 1221 κατανοήσομεν.
514 1187 575 1214 Ἐὰν
599 1187 653 1223 γὰρ
673 1188 788 1224 γεννηθῇ
806 1190 834 1215 ἐν

42 1230 107 1263 ἡμῖν
133 1229 149 1264 ή
166 1230 254 1264 σοφία,
281 1230 340 1257 τότε
358 1232 433 1266 παρὰ
450 1232 496 1258 τοῦ
511 1233 576 1259 Θεοῦ
601 1235 834 1267 κατασκευάζεται

42 1276 70 1300 ἐν
89 1275 201 1311 ἑκάστῳ
231 1276 247 1311 ἦ
261 1285 291 1302 τε
308 1276 384 1311 χώρα
407 1278 452 1303 καὶ
466 1278 482 1312 ἡ
502 1278 638 1313 ἀοίκητος.
653 1278 738 1315 Χώρα
753 1280 802 1315 μὲν
816 1282 832 1316 ἡ

41 1320 178 1357 ὁεχομένη
193 1322 240 1348 τοῦ
263 1322 350 1357 Λόγου
371 1322 420 1358 τὴν
447 1325 560 1359 σπορὰν,
577 1325 622 1351 καὶ
646 1325 695 1360 τὴν
720 1326 831 1362 ἄροσιν·

43 1367 222 1402 ἀοίκητος”δὲ
243 1369 260 1403 ἡ
281 1368 335 1394 ’τῶν
350 1369 474 1404 πονηρῶν
495 1370 645 1406 οἰκητόρων
664 1372 834 1407 χωριζομένη

884 878 983 900 terram
992 878 1082 901 autem
1093 880 1108 899 a
1119 872 1207 900 Verbo
1223 876 1308 900 satam
1318 877 1343 900 et
1354 872 1484 899 ferentem
1496 871 1673 902 multiplicem

883 919 1060 954 etcopiosum
1072 919 1201 946 fructum.
1215 918 1263 946 Vel
1278 919 1349 946 sicut
1366 918 1429 945 alibi
1439 925 1453 944 a
1468 917 1570 944 Davide
1594 917 1676 943 doce-

883 971 954 996 mur,
964 971 1013 998 per
1021 967 1126 990 montes
1135 963 1246 998 quidem
1257 971 1362 998 pacem.
1372 971 1420 998 per
1430 963 1514 990 colles
1524 961 1675 995 vcrojnst—i-

883 1010 966 1042 tiam;
991 1010 1149 1037 necessario
1170 1010 1197 1036 in
1215 1010 1340 1038 ﬁdelibus
1360 1009 1497 1044 sapientia
1515 1011 1674 1043 generatur.

883 1059 911 1082 et
932 1063 1024 1082 verum
1038 1054 1175 1088 Verbum;
1200 1055 1245 1090 qui
1261 1054 1334 1082 cnim
1352 1058 1394 1082 est
1419 1054 1446 1081 in
1469 1054 1513 1081 his
1528 1053 1573 1087 qni
1592 1060 1672 1079 accc-

885 1104 984 1135 perunt
1013 1101 1113 1135 ipsum,
1141 1100 1167 1127 in
1194 1108 1249 1127 non
1272 1100 1448 1127 credentibus
1472 1098 1595 1126 nondum
1620 1101 1672 1125 est.

885 1145 921 1173 Ut
945 1145 1028 1180 igitur
1053 1145 1111 1172 haec
1133 1145 1214 1173 nobis
1237 1145 1431 1177 innascanlur,
1461 1147 1569 1178 oportet
1581 1150 1675 1170 eorum

883 1191 1039 1220 eﬂ‘ectorem
1064 1192 1091 1218 in
1110 1192 1190 1220 nobis
1206 1191 1293 1219 nasci.
1309 1191 1356 1218 Sic
1369 1195 1458 1218 autem
1475 1194 1502 1218 et
1516 1198 1576 1224 quae
1590 1190 1668 1217 dein-

884 1244 949 1272 ceps
973 1240 1126 1271 sequuntur
1152 1237 1203 1263 hoc
1230 1236 1290 1271 ipso
1316 1244 1387 1264 nexu
1419 1236 1613 1272 intelligemus.
1642 1234 1673 1261 Si

884 1282 956 1309 enim
978 1282 1005 1308 in
1027 1281 1106 1309 nobis
1120 1282 1212 1316 genita
1232 1281 1314 1309 fuerit
1333 1281 1478 1316 sapientia.
1494 1284 1560 1307 tunc
1576 1287 1591 1306 a
1621 1279 1677 1307 Deo

885 1327 1054 1355 construitur
1076 1327 1102 1354 in
1121 1333 1287 1361 unoquoque
1306 1329 1333 1352 et
1356 1326 1432 1360 regio
1451 1333 1510 1360 qum
1526 1324 1674 1356 habitatur,

885 1377 912 1400 et
930 1380 990 1407 quae
1008 1380 1063 1400 non
1090 1372 1245 1399 habitatur:
1271 1371 1348 1406 regio
1370 1371 1482 1405 quidem
1507 1370 1675 1399 habitabilis.

43 1413 163 1448 καρδία·
187 1414 234 1440 καὶ
256 1414 342 1446 οὕτως
361 1414 436 1441 ἔσται
460 1415 536 1450 ήμῶν
562 1417 577 1452 ἡ
594 1416 699 1452 οἴκησις
720 1419 834 1446 ἐπὶτῶν

887 1425 945 1453 quae
959 1417 1045 1445 divini
1063 1417 1143 1445 Verbi
1168 1417 1303 1444 sationem
1329 1416 1427 1451 recipit
1450 1420 1478 1443 et
1505 1416 1674 1449 arationem;

42 1460 140 1494 ἄκρων
153 1459 202 1494 τῆς
214 1459 275 1494 γῆς.
295 1460 403 1495 Ἐπειδὴ
417 1461 470 1496 γὰρ
485 1462 533 1496 τῆς
545 1462 596 1496 γῆς
608 1462 638 1489 τὸ
654 1463 703 1498 μὲν
717 1473 743 1490 τι
754 1464 834 1500 βάθος

887 1463 991 1490 inculta
1009 1466 1100 1490 autem
1121 1462 1180 1489 sive
1205 1461 1405 1493 inhabitabilis,
1424 1468 1472 1488 cor
1487 1460 1559 1495 quod
1578 1468 1592 1486 a
1610 1468 1674 1495 per-

42 1505 132 1536 ἐςτὶν,
146 1505 176 1530 τὸ
190 1505 218 1531 δὲ
239 1505 406 1537 ἐπιπόλαιον,
424 1507 487 1533 ὅταν
502 1516 544 1538 τις
562 1508 600 1543 μὴ
614 1509 740 1544 ὑπᾷγειος
756 1511 834 1546 γένη-

887 1510 975 1538 versis
989 1513 1016 1537 et
1027 1508 1118 1544 pravis
1126 1508 1325 1535 habitatoribus
1339 1511 1365 1534 et
1377 1507 1474 1534 incolis
1483 1506 1631 1537 deseritur,
1649 1509 1677 1533 et

42 1559 87 1578 ται
103 1551 176 1587 μηδὲ
199 1552 383 1588 «animum.
401 1554 429 1579 ἐν
443 1554 482 1588 τῷ
503 1554 536 1580 τὰ
552 1555 627 1582 κάτω
647 1557 769 1592 φρονεῖν’
782 1554 834 1588 οἷός

887 1555 927 1583 sic
944 1555 996 1583 erit
1015 1555 1095 1582 nobis
1110 1554 1242 1581 habitatio
1266 1554 1293 1580 in
1306 1553 1421 1580 summis
1438 1557 1518 1580 terra:
1539 1552 1674 1587 partibus.

43 1599 101 1624 ἐστι
115 1598 174 1625 τῶν
193 1599 221 1625 ὲν
241 1599 363 1634 ἁμαρτίᾳ
376 1599 485 1631 ζώντων
502 1600 516 1626 ὁ
529 1601 596 1634 βίος,
609 1601 662 1628 τῶν
678 1603 834 1638 ἐμπεπηγό-

889 1601 1030 1636 Siquidem
1047 1605 1127 1629 terra:
1151 1607 1216 1635 pars
1241 1600 1364 1634 quadam
1380 1603 1421 1627 cst
1436 1598 1582 1633 profunda.
1602 1605 1675 1634 quae-

42 1651 97 1670 των
114 1645 151 1679 τῇ
167 1645 342 1680 ὰνυποστάτῳ
353 1645 398 1671 τοῦ
407 1644 488 1679 βυθοῦ
497 1646 559 1681 ἰλύῖ,
574 1645 614 1679 οἷς
626 1647 736 1682 ἀληθῶς
749 1649 834 1686 φρέαρ

887 1647 950 1675 dam
973 1655 1032 1682 qua:
1051 1647 1079 1674 in
1109 1646 1281 1674 extremitate
1306 1645 1417 1677 eminet,
1437 1652 1499 1672 cum
1528 1644 1590 1679 quis
1621 1650 1675 1669 non

43 1690 122 1716 ἐστὶν
146 1691 163 1725 ἡ
188 1690 255 1725 ζωὴ,
280 1691 352 1717 κατὰ
372 1691 421 1726 τὴν
445 1692 605 1727 ψαλμῳδίαν
621 1694 670 1730 τὴν
690 1695 834 1730 λέγουσαν·

889 1694 1084 1722 subterraneus
1110 1700 1198 1727 neque
1223 1699 1392 1719 cavernosos
1422 1691 1512 1720 fuerit,
1529 1691 1593 1716 dum
1617 1697 1677 1723 qua‘

42 1735 130 1768 Μηδὲ
154 1737 294 1770 συσχέτω
307 1737 352 1763 ἐπ’
368 1737 419 1770 ἐμὲ
443 1737 535 1772 φρέαρ
560 1738 593 1764 τὸ
614 1739 710 1773 στόμα
732 1741 834 1768 αὑτοῦ.

889 1739 1094 1767 suntdenrsum
1113 1739 1203 1773 sapit;
1225 1737 1315 1772 qualis
1333 1741 1376 1764 est
1392 1736 1447 1763 vita
1471 1743 1566 1763 eorum
1584 1735 1628 1770 qui
1649 1735 1676 1762 in

48 1781 114 1808 Ἐὰν
133 1779 180 1807 οὖν
194 1790 235 1812 τις
247 1782 456 1817 ὲγγεννηΟείσης
471 1783 543 1818 αὐτῷ
557 1784 606 1819 τῆς
623 1785 719 1819 σοφίας
734 1785 769 1812 τὰ
782 1786 837 1813 ἄνω

43 1828 148 1862 φρονῇ,
161 1826 288 1853 τοσοῦτον
304 1828 353 1862 τῆς
365 1828 416 1862 γῆς
431 1830 628 1864 ἐφαπτόμενος,
644 1831 704 1857 ὅσον
719 1832 837 1866 ἐπάναγ-

43 1881 101 1905 κες,
121 1871 201 1904 οὗτος
214 1874 247 1900 τὰ
261 1874 332 1909 ἄκρα
345 1875 394 1909 τῆς
408 1875 453 1901 ὑπ’
469 1875 582 1911 οὐρανὸν
597 1878 675 1908 οἰκεῖ,
691 1878 741 1904 οὐκ
753 1879 837 1912 ὲμὸα-

42 1919 137 1945 θύνων
162 1919 201 1954 τῷ
217 1919 303 1954 γηΐνῳ
327 1920 497 1955 φρονήματι·
515 1922 600 1957 τούτῳ
614 1923 659 1948 τὸν
679 1924 791 1958 οὐρανὸν
809 1925 837 1951 ἐν

41 1965 140 2000 ἐαυτῷ
155 1966 215 1992 ἀντὶ
242 1966 291 2000 τῆς
309 1967 360 2000 γῆς
384 1967 552 2001 ἑτοιμάζοντι
575 1969 688 2003 ὴσοφία
711 1970 836 2006 πάρεστι.

42 2010 101 2036 Καὶ
119 2010 186 2036 ὅταν
199 2010 246 2045 τὴν
261 2011 314 2036 τῶν
329 2011 432 2037 ἄνωθεν
452 2013 539 2045 νεφῶν
561 2013 733 2041 διδασκαλίαν
765 2017 839 2051 ἰσχυ-

44 2055 95 2090 ρὰν
111 2055 205 2090 ἐαυτῷ
225 2058 305 2087 ποιεῖ,
318 2058 357 2090 εἰς
370 2056 450 2092 ἔργον
468 2058 541 2091 ἄγων
557 2059 591 2086 τὰ
610 2061 837 2096 παραγγέλματα,

42 2101 94 2134 τήν
112 2109 146 2127 τε
161 2100 281 2136 μεγάλην
299 2102 346 2127 καὶ
362 2102 516 2137 εὐρύχωρον
525 2103 575 2138 τῆς
588 2105 685 2136 κακίας
701 2105 838 2133 θάλασσαν

889 1789 1002 1820 peccato
1024 1785 1129 1814 vivunt.
1156 1783 1203 1818 qui
1225 1783 1250 1809 in
1275 1783 1339 1809 limo
1364 1781 1490 1817 profundi
1511 1789 1565 1808 non
1586 1781 1676 1807 subsi-

889 1834 978 1859 stente
1002 1834 1066 1858 sunt
1087 1829 1182 1856 inﬁxi:
1213 1828 1313 1862 quibus
1337 1833 1436 1861 puteus
1461 1834 1524 1853 vere
1549 1826 1604 1852 vita
1623 1830 1674 1854 est.

889 1875 1038 1903 secundum
1054 1874 1154 1901 Psalmi
1172 1878 1301 1900 cantum:
1320 1872 1410 1906 Neque
1426 1875 1517 1906 urgeat
1539 1879 1616 1904 super
1635 1879 1674 1896 me

888 1925 982 1955 puteus
1000 1928 1028 1946 os
1055 1927 1133 1946 suum
1149 1918 1181 1945 “'.
1202 1917 1232 1944 Si
1258 1917 1320 1952 quis
1348 1917 1441 1952 igitur,
1473 1921 1616 1951 postquam
1646 1917 1672 1942 in

890 1968 948 2002 ipso
963 1965 1054 1992 divina
1069 1965 1149 1991 fuerit
1165 1965 1256 1999 genita
1268 1964 1414 1999 sapientia,
1435 1971 1494 1998 qum
1509 1971 1590 1997 supra
1613 1967 1676 1989 sunt

890 2012 999 2047 sapiat:
1022 2010 1191 2038 tantumdem
1208 2014 1288 2037 terra:
1311 2010 1449 2044 attingens
1473 2013 1604 2043 quantum
1629 2017 1676 2035 ne-

890 2066 967 2086 cesse
991 2062 1042 2090 est,
1071 2057 1115 2084 hic
1138 2061 1259 2084 extrema
1277 2060 1358 2083 terra:
1377 2056 1428 2083 sub
1450 2055 1520 2082 cmlo
1548 2054 1674 2081 habitat:

891 2111 945 2131 non
957 2104 984 2132 in
1000 2107 1124 2131 terrenas
1133 2102 1315 2137 cogitationes
1328 2102 1486 2129 demersus:
1501 2101 1565 2127 huic
1576 2100 1676 2127 caelum

42 2148 75 2181 τῇ
95 2145 212 2181 ἀκριϐεῖ
235 2146 356 2182 πολιτείᾳ.
383 2147 507 2183 καθάπερ
529 2149 598 2183 ἠϊόνι
625 2150 677 2176 τινὶ
695 2144 834 2186 διαλαϐὼν1

892 2149 944 2177 sibi
959 2149 1020 2177 loco
1035 2153 1115 2176 terra:
1131 2148 1295 2183 prmparanti
1310 2147 1445 2181 sapientia
1461 2146 1576 2173 assistit.
1595 2146 1676 2173 Cum-

42 2191 150 2218 κωλύει
173 2192 203 2218 τὸ
225 2192 363 2227 ἔμπαστον
387 2193 458 2228 ὕδωρ
481 2195 604 2229 προϊέναι
628 2195 674 2222 τοῦ
696 2198 837 2233 στόματος.

41 2237 105 2264 Κᾶν
127 2238 160 2263 ὲν
183 2238 284 2271 πηγαῖς
299 2238 419 2274 καταχθῇ
444 2238 482 2273 τῷ
496 2239 546 2273 τῆς
569 2239 742 2272 διδασκαλίας
762 2243 839 2278 χαρί-

42 2289 145 2315 apart,
163 2282 221 2316 μετ’
237 2282 386 2316 ἀσφαλείας
403 2283 525 2318 προχέων
541 2283 586 2310 τοῦ
605 2284 683 2318 λόγου
699 2286 729 2312 τὸ
747 2289 820 2321 νᾶμα
830 2296 836 2302 ·

39 2323 80 2358 ὡς
93 2328 136 2362 μή
151 2334 203 2353 τινι
221 2329 371 2362 παρασχεῖν
384 2329 414 2354 τὸ
426 2329 517 2361 ποτὸν,
532 2329 591 2355 ἀντὶ
604 2329 725 2365 καθαροῦ
744 2331 837 2364 ὓδατος

40 2371 207 2408 ἀνατροπὴν
228 2372 351 2407 θολερὰν,
375 2373 426 2400 κᾶν
443 2374 605 2410 ὑπεραρθεὶς
629 2376 719 2411 πάσης
741 2378 837 2414 γηΐνης

41 2417 168 2452 βάσεως,
184 2417 300 2453 διαέριος
325 2418 363 2454 τῷ
381 2419 429 2454 βίῳ
453 2420 574 2455 γένηται,
593 2421 638 2448 ἐπὶ
652 2421 702 2457 τῆς
717 2431 838 2459 πνευμα-

38 2464 128 2499 τικῆς
146 2464 270 2498 βεϐηκὼς
286 2465 429 2497 πολιτείας.
439 2466 471 2501 ἣν
485 2467 602 2502 ἀνέμθυς
613 2468 627 2494 ὁ
645 2468 722 2502 λόγος
734 2470 839 2506 ὠνόμα-

40 2518 106 2536 σεν·
125 2510 199 2537 (In-:2
222 2511 259 2542 είς
295 2510 389 2546 θρόνον
411 2511 458 2538 τοῦ
485 2513 513 2538 ἐν
542 2513 616 2548 αὺτῷ
641 2514 836 2551 καθιδρυμένου

39 2556 241 2590 ἀφορισθῆναι.
264 2554 326 2587 υἷος
351 2554 385 2591 ἦν
409 2557 423 2582 ὁ
452 2557 556 2589 Παῦλος
583 2557 772 2594 ἀφωρισμένος
798 2563 838 2594 εὶς

41 2598 228 2632 Εὐαγγέλιον,
239 2598 278 2629 εἰς
292 2600 322 2626 τὸ
334 2599 458 2634 γενέσθαι
479 2600 574 2633 σκεῦος
590 2601 714 2636 ἐκλογῆς,
728 2603 775 2630 τοῦ
792 2604 838 2638 βα-

40 2647 149 2672 στάσαι
173 2644 203 2670 τὸ
216 2645 301 2680 ὄνομα
319 2645 366 2672 τοῦ
389 2646 467 2679 Θεοῦ9
482 2647 519 2678 ὡς
542 2647 621 2679 ἄλλος
647 2648 725 2684 Λόγῳ
745 2649 838 2686 Θρόνος

39 2691 173 2725 ὲγὲνκτο,
185 2690 199 2716 ὁ
212 2691 256 2717 τὸν
270 2691 366 2717 ἑαυτοῦ
378 2691 574 2727 καθιδρυμένον
589 2693 740 2727 βαστάζων.
755 2696 838 2724 Ὀταν

39 2736 138 2763 ταῦτα
153 2735 244 2763 καὶτὰ
255 2737 366 2764 τοιαῦτα
380 2737 548 2774 κατορθωθῇ,
562 2738 633 2765 ὥστε
646 2740 838 2775 εὐφραίνεσθαι

80 2781 104 2797 ¹⁷
124 2780 243 2813 Isai.lx,
258 2782 284 2808 6.
322 2782 344 2798 ¹¹⁴
364 2782 436 2810 Psal.
455 2790 551 2817 uvui,
566 2783 609 2811 l6.

200 2827 334 2859 ΡΑτιιοι..
357 2828 417 2860 Gn.
441 2829 537 2861 XLV.

891 2203 944 2231 que
960 2195 1113 2222 doctrinam
1136 2193 1290 2221 cmlestium
1309 2193 1422 2220 nubium
1443 2191 1558 2218 validam
1580 2195 1607 2218 et
1633 2191 1673 2217 ﬁr-

892 2248 962 2268 mam
980 2241 1032 2269 εἱοὶ
1051 2239 1126 2270 facit,
1140 2239 1174 2266 ad
1189 2246 1259 2274 opus
1284 2245 1416 2265 revocans
1432 2241 1581 2272 prmrepta;
1604 2243 1676 2271 mag-

890 2294 1010 2321 numque
1025 2289 1051 2314 et
1063 2286 1213 2320 spatiosum
1229 2284 1356 2311 vitiOrum
1372 2291 1447 2310 mare
1464 2286 1594 2309 accurata
1605 2283 1675 2309 bene

889 2332 995 2361 vivendi
1012 2333 1118 2359 ratione
1131 2336 1260 2365 tanquam
1271 2331 1363 2357 littore
1373 2329 1491 2364 quodam
1503 2329 1675 2363 (lispesceus,

892 2379 1075 2405 turbulentam
1099 2384 1196 2411 aquam
1224 2384 1256 2403 ex
1286 2382 1335 2402 ore
1360 2382 1410 2402 suo
1441 2374 1577 2408 proﬂuere
1609 2379 1674 2407 pro-

892 2425 977 2452 hibet.
990 2424 1068 2457 Quod
1089 2423 1112 2451 si
1132 2423 1166 2450 ad
1183 2422 1271 2449 fontes
1289 2421 1370 2448 fuerit
1390 2420 1529 2447 adductus
1541 2419 1676 2446 doctrina:

891 2472 963 2498 dono
977 2470 1050 2505 quod
1068 2469 1139 2496 Deus
1156 2468 1338 2504 gratiﬁcatnr.
1363 2471 1428 2494 tunc
1445 2473 1506 2492 cum
1529 2465 1677 2491 securitate

890 2517 966 2544 verbi
988 2514 1129 2551 profundit
1155 2515 1278 2546 laticem,
1293 2514 1330 2540 ita
1353 2517 1384 2540 ut
1403 2521 1456 2540 non
1480 2511 1562 2538 alicui
1579 2513 1674 2544 potum

891 2570 940 2597 pro
953 2569 1023 2596 aqua
1031 2568 1099 2596 pura
1113 2559 1250 2587 turbidam
1260 2559 1430 2587 eversionem
1447 2557 1576 2591 praebeat.
1595 2555 1627 2580 Et
1649 2554 1672 2580 si

891 2614 975 2642 supra
990 2614 1097 2633 omnem
1114 2610 1251 2633 terrenum
1263 2611 1386 2640 gressum
1397 2602 1569 2631 sublimatus,
1583 2599 1674 2626 aerius

891 2641 949 2680 sive
963 2652 1116 2687 spiritualis
1132 2651 1241 2679 vivendi
1259 2641 1365 2677 ratione
1381 2648 1468 2675 factus
1482 2646 1575 2676 fuerit.
1592 2645 1675 2679 spiri-

892 2698 974 2725 talem
1009 2697 1132 2732 politiam
1162 2697 1220 2724 sive
1248 2693 1483 2723 conversationem
1514 2691 1673 2726 ingressus.

892 2751 974 2779 quam
994 2746 1090 2771 ventos
1113 2741 1264 2769 nominavit
1284 2739 1394 2768 divinus
1416 2744 1517 2766 sermo:
1541 2737 1580 2763 ita
1600 2735 1673 2762 utin

1507 2827 1546 2858 19
