1920 3073
287 95 336 124 5M

287 155 385 182 sitione
399 153 542 181 dilueidior
558 153 635 180 nobis
659 153 702 181 ﬁet
723 161 822 182 sermo.
850 154 917 183 Dicit
939 157 964 183 in
984 156 1071 183 Evan-

287 201 357 234 g-lio
384 200 511 227 Dominus
529 200 561 230 “,
579 201 649 234 quod
675 201 873 236 propinquante
894 208 987 236 partus
1006 210 1068 229 cru-

288 248 369 277 iiatu,
386 247 482 273 mulier
505 250 547 273 est
569 246 595 273 in
616 246 721 278 dolore,
747 248 803 275 sive
820 247 958 276 tristitiam
970 249 1065 277 habet:

287 297 379 326 postea
394 299 455 319 vero
469 292 597 327 gaudium
616 293 724 326 gaudet,
745 295 807 327 quia
824 298 903 320 natus
925 298 967 321 est
989 294 1069 321 homo

286 336 438 364 inmundo.
457 336 491 363 Ut
512 337 594 371 igitur
615 337 641 363 in
669 338 718 363 hac
746 342 820 372 parte
846 336 899 363 duo
928 345 1007 364 sensa
1036 337 1070 363 ab

270 382 430 416 ‘Evangelio
442 382 559 410 disrreta
574 383 721 414 discimus,
737 391 818 410 unum
831 383 948 418 quidem.
963 387 1068 418 partum

285 435 363 462 quem
378 435 425 462 per
439 429 641 462 generationem
660 429 857 462 intelleximus;
876 429 989 456 alterum
1004 435 1069 455 vero

285 474 399 507 idipsum
426 473 497 507 quod
515 473 541 500 ﬁt
560 482 592 500 ex
613 477 690 508 partu
710 483 716 500 :
742 481 795 500 non
816 475 888 501 enim
914 477 1007 508 partus
1027 477 1069 500 est

284 518 374 549 homo,
395 519 441 546 sed
469 527 515 553 per
529 523 635 554 partum
653 520 747 546 homo:
762 519 802 546 sie
823 525 850 546 et
871 519 897 545 in
921 518 972 546 hoc
995 519 1067 550 loco,

282 571 343 590 eum
361 564 511 592 Eunomius
524 565 690 592 concesserit
706 565 824 599 genitam
839 572 899 591 esse
910 565 1066 595 essentiam.

283 610 367 644 priori
384 610 493 644 quidem
510 610 593 637 verbo
610 610 681 644 quod
700 618 732 637 ex
749 610 839 644 aliquo
856 613 897 636 est
908 609 996 636 edocti
1020 618 1068 637 su-

283 663 344 682 mus
357 664 363 682 :
381 659 510 690 sequente
525 663 589 682 vero
602 656 689 690 ipsum
703 654 854 688 subjectum
870 654 1066 686 intelleximus,

282 699 326 726 cui
341 707 374 726 ex
396 700 487 734 aliquo
504 703 546 727 est
565 700 751 726 subsistentia.
776 698 805 726 Si
825 699 907 734 igitur
932 699 1004 726 aliud
1025 704 1067 726 est

281 745 408 771 essentia:
429 745 619 779 signiﬁcatum,
639 744 710 771 aliud
725 752 789 771 vero
810 753 862 771 vox
883 744 1066 779 generationis

281 789 432 824 intelligere
448 790 585 824 supponit,
601 789 680 816 docta
701 793 854 816 commenta
871 789 937 823 ipsis
956 792 1066 823 repente

281 838 453 865 corruerunt,
471 835 543 861 velut
566 834 660 861 frivola
675 842 739 861 vasa
757 833 849 861 ﬁctilia
863 834 968 866 collisa,
985 838 1066 867 atque

281 881 353 907 inter
370 887 398 907 se
415 880 565 908 confracta.
593 880 651 907 Non
676 880 747 906 enim
771 879 887 914 amplius
911 879 951 906 eis
975 878 1066 905 licebit

280 926 361 961 geniti
379 933 440 952 cum
462 926 584 960 ingenito
599 925 777 952 dill'erentiam
802 925 828 951 in
848 924 909 951 Filii
934 928 960 951 et
977 923 1066 951 Patris

280 973 414 998 essentias
438 970 678 1002 transferentibus,
705 970 786 998 simul
811 970 843 997 ad
861 978 905 997 res
923 970 1063 997 nominum

281 1018 352 1044 inter
376 1024 406 1044 se
434 1017 643 1051 repugnantiam
667 1017 827 1044 transferre.
849 1016 917 1043 Cum
937 1016 1009 1043 enim
1031 1015 1065 1043 ab

281 1063 413 1090 Eunomio
428 1063 463 1091 sit
483 1070 643 1090 concessum
668 1063 787 1097 genitam
811 1070 872 1089 esse
895 1062 1043 1089 essentiam
1056 1080 1063 1092 ,

279 1109 507 1145 quemadmodum
523 1108 676 1143 exemplum
693 1108 885 1143 Evangelicum
905 1108 977 1134 hunc
1000 1114 1064 1134 sen-

279 1163 339 1182 sum
357 1155 490 1190 explicat,
507 1155 534 1181 in
556 1162 610 1189 quo
635 1153 774 1181 hominem
797 1158 890 1180 natum
917 1160 977 1180 esse
1002 1159 1063 1180 eum

278 1201 440 1232 didicimus,
459 1209 512 1228 non
537 1201 673 1228 hominem
700 1199 772 1226 idem
802 1207 863 1227 esse
895 1207 956 1226 eum
981 1207 1063 1234 gene-

279 1249 385 1275 ratione
412 1247 614 1278 intelleximus,
641 1245 689 1273 sed
718 1245 858 1280 propriam
889 1245 917 1272 in
948 1249 1064 1280 utroque

278 1294 388 1321 nomine
407 1294 545 1321 notionem
571 1291 844 1327 comprehendimus,
866 1299 921 1319 non
944 1292 1063 1327 amplius

278 1341 366 1367 locum
392 1339 501 1367 habebit
531 1338 642 1366 hzeresis
667 1345 728 1372 qua:
751 1345 798 1372 per
822 1337 957 1372 ejusmodi
981 1344 1062 1364 voces

277 1387 460 1414 essentiarum
476 1385 661 1412 diversitatem
677 1391 727 1411 suo
744 1384 869 1419 dogmate
884 1383 1015 1411 decernit.

314 1431 347 1460 Ut
361 1438 450 1459 autem
467 1430 638 1457 manifestius
661 1429 739 1456 nobis
764 1429 798 1456 de
821 1429 864 1457 his
879 1437 969 1456 sermo
984 1437 1061 1456 reve-

277 1479 357 1511 letur,
372 1479 411 1505 sie
428 1483 525 1503 rursus
549 1475 619 1510 quod
638 1475 797 1510 proponitur
813 1474 972 1502 diducamus
986 1481 994 1501 :
1009 1474 1062 1501 Na-

276 1530 364 1551 turam
379 1524 524 1550 humanam
541 1529 555 1547 a
572 1520 706 1555 principio
717 1527 778 1546 cum
793 1520 920 1548 omnibus
938 1519 998 1547 fecit
1014 1519 1058 1547 ille

276 1570 323 1605 qui
340 1569 498 1596 universum
524 1565 662 1597 condidit,
689 1573 721 1592 ac
741 1570 882 1600 postquam
907 1565 995 1593 factus
1019 1568 1061 1592 est

277 1615 380 1646 Adam,
395 1617 462 1639 tunc
479 1612 680 1647 generationem
697 1619 758 1646 quis
778 1611 807 1637 ﬁt
826 1619 858 1638 ex
880 1615 974 1638 mutuo
986 1618 1062 1638 eom-

278 1662 356 1696 plexu
380 1657 535 1686 hominibus
558 1657 693 1687 instituit.
715 1664 777 1683 cum
794 1657 881 1689 dixit,
901 1656 1019 1684 Crescite
1032 1662 1058 1684 et

276 1703 491 1739 multiplicamini
508 1702 541 1728 ¹⁸.
560 1701 627 1729 Cum
644 1702 726 1737 igitur
748 1703 814 1730 Abel
837 1711 884 1738 per
907 1703 1060 1738 generatio-

277 1760 337 1780 nem
353 1750 474 1778 subslitit
485 1769 492 1781 .
508 1748 570 1783 quis
583 1755 657 1775 sana:
672 1749 771 1776 mentis
787 1756 899 1784 compos
914 1758 968 1777 non
982 1749 1059 1778 dixe-

276 1799 327 1829 rit,
343 1797 493 1826 secundum
512 1798 582 1825 idem
603 1797 728 1824 humanae
750 1795 934 1830 generationis
955 1795 1059 1831 signiﬁ-

275 1849 384 1875 catum.
406 1844 507 1878 absque
528 1842 703 1878 generatione
726 1841 859 1868 Adamum
881 1842 1059 1870 substitisse?

276 1891 399 1917 Attamen
422 1890 526 1924 primus
552 1889 633 1916 homo
656 1892 743 1915 totum
769 1887 796 1914 in
819 1887 909 1921 seipso
934 1887 1059 1914 humana:

276 1936 399 1964 essentne
412 1935 557 1962 terminum
573 1934 667 1962 habuit
683 1944 688 1960 :
702 1937 729 1960 et
746 1933 791 1968 qui
807 1940 839 1960 ex
855 1933 901 1960 illo
915 1937 1059 1968 generatus

276 1986 335 2014 est,
351 1981 476 2009 similiter
493 1981 519 2008 in
541 1980 637 2008 eadem
659 1980 786 2008 essentia!
809 1979 913 2007 ratione
938 1980 1059 2008 subscri-

275 2026 358 2054 bitur.
381 2026 459 2059 Quod
479 2026 501 2053 si
522 2027 613 2061 genita
629 2025 749 2052 essentia
763 2025 885 2057 diversa,
902 2025 936 2052 ab
951 2032 982 2052 ea
998 2032 1059 2060 quae

274 2071 362 2107 genita
387 2079 441 2098 non
457 2074 499 2098 est
513 2073 730 2101 construeretur,
745 2077 799 2096 non
816 2069 939 2104 utrisque
963 2069 1057 2096 eadem

273 2117 399 2144 essentia:
416 2117 486 2143 ratio
500 2118 677 2149 competeret.
702 2115 822 2146 Quarum
843 2115 916 2141 enim
938 2114 1057 2142 essentia

273 2162 397 2194 diversa,
422 2161 519 2187 horum
537 2167 591 2185 non
608 2161 649 2185 est
663 2158 756 2185 eadem
774 2160 900 2186 essentiae
914 2159 985 2186 ratio
999 2160 1056 2187 sive

273 2205 404 2232 deﬁnitio.
430 2203 564 2236 Quoniam
590 2203 672 2238 igitur
694 2202 790 2229 iisdem
813 2203 970 2238 designatur
993 2212 1057 2239 pro-

273 2249 434 2284 prielalibus
449 2252 476 2275 et
487 2255 519 2276 ea
533 2256 593 2283 qua:
606 2252 647 2275 est
661 2248 740 2279 Δάας,
755 2252 781 2275 et
794 2255 825 2275 ea
839 2256 899 2283 quat
912 2253 953 2276 est
966 2250 1057 2278 Abelis

273 2294 389 2322 essentia
404 2315 411 2326 ,
437 2300 550 2320 necesse
577 2296 618 2320 est
640 2293 752 2320 omnino
771 2294 798 2319 in
821 2293 955 2322 ambobus
975 2302 1056 2321 unam

272 2340 419 2372 essentiam
435 2346 496 2367 esse
510 2339 633 2366 conﬁteri
649 2348 656 2366 :
671 2339 753 2366 alium
770 2342 859 2366 autem
875 2344 957 2375 atque
973 2341 1055 2368 alium

274 2387 300 2413 in
318 2386 414 2414 eadem
431 2389 528 2412 natura
543 2385 734 2413 demonstrari.
749 2384 817 2412 Nam
840 2386 926 2413 Adam
949 2390 976 2414 et
990 2387 1055 2414 Abel

275 2433 300 2458 in
317 2435 421 2458 naturae
436 2431 542 2458 ratione
559 2439 630 2459 unus
644 2431 699 2458 duo
711 2435 792 2459 sunt:
808 2432 853 2459 sed
867 2432 893 2458 in
906 2434 1057 2468 propriettv

273 2479 346 2506 tibus
361 2485 420 2512 qlue
435 2477 462 2504 in
478 2477 599 2512 ipsorum
615 2480 731 2511 utroque
748 2480 908 2510 cernuntur,
927 2478 1056 2506 inconfu-

273 2532 333 2552 sum
351 2523 421 2551 inter
437 2531 467 2551 se
481 2523 582 2550 habent
597 2523 753 2550 diserimen.
776 2523 834 2551 Non
851 2524 933 2559 igitur
947 2526 1056 2560 proprie

271 2569 324 2596 dici
341 2572 443 2603 potest,
461 2567 532 2603 quod
548 2568 633 2595 Adam
655 2569 802 2596 essentiam
828 2577 842 2596 a
867 2571 957 2605 seipso
974 2571 1054 2598 aliam

272 2615 330 2642 sive
343 2614 478 2641 diversam
494 2614 603 2648 genuit,
622 2614 668 2641 sed
681 2614 799 2645 'melius,
816 2616 888 2649 quod
910 2624 942 2643 ex
964 2616 1054 2650 seipse

272 2658 364 2694 genuit
379 2659 461 2685 alium
476 2658 596 2692 seipsum
610 2667 616 2684 ε
633 2665 693 2684 cum
710 2666 763 2692 quo
776 2661 865 2686 omnis
878 2661 936 2694 ejus
951 2661 997 2695 qui
1011 2668 1055 2695 ge-

274 2705 332 2732 nuit
346 2705 472 2732 essentiae
490 2703 558 2730 ratio
573 2703 652 2730 simul
668 2704 740 2731 edita
756 2709 807 2732 est.
827 2705 905 2738 Quod
922 2706 1004 2741 igitur
1020 2706 1052 2733 de

308 2792 331 2809 “
344 2791 424 2820 ἔθνη.
451 2800 506 2825 xvt,
523 2793 568 2820 21.
606 2793 628 2808 ’⁵
648 2793 747 2822 Cenes.
764 2801 782 2828 ι,
802 2794 847 2822 28.

895 98 930 125 S.
969 97 1131 126 CREGORH
1151 97 1298 126 NYSSENI

1816 97 1849 125 59‘.

1088 159 1107 186 Λ
1123 156 1278 190 Εὐαγγελίῳ
1291 156 1305 182 ὁ
1318 154 1429 190 Κύριος.
1443 155 1482 181 ὅτι
1497 152 1720 189 προσεγγιζούσης
1727 153 1767 188 τῆς
1778 153 1847 186 ὠδῖνος,

1120 202 1148 228 ὲν
1161 201 1231 236 λύπῃ
1247 201 1349 234 γίνεται
1366 202 1382 236 ἡ
1400 200 1466 236 γυνή
1480 208 1486 214 ’
1520 199 1588 234 μετὰ
1606 198 1687 226 ταῦτα
1699 199 1723 225 δὲ
1735 200 1802 234 χαρὰν
1813 203 1849 234 χαί-

1122 255 1173 282 ρει,
1185 248 1225 273 ὃτι
1237 246 1366 282 ἐγεννήθη
1379 246 1425 273 ἄνθ
1430 254 1519 280 ρωπος
1530 246 1569 276 εἰς
1581 245 1625 271 τὸν
1635 245 1735 279 κόσμον.
1750 245 1848 276 'ﬂgmlm

1120 294 1148 320 ἐν
1164 293 1202 327 τῷ
1221 293 1297 328 μέρει
1311 292 1397 327 τούτῳ
1411 292 1457 318 δύο
1478 291 1601 325 νοήματα
1623 290 1792 325 διακεκριμένα
1802 292 1849 326 περὶ

1119 338 1168 365 τοῦ
1182 338 1347 372 Εὐαγγελίου
1362 337 1544 372 μανθάνομεν.
1557 336 1586 362 ἒν
1601 336 1660 369 μὲν,
1675 336 1715 362 τὸν
1725 336 1850 363 τόκονόνόιὰ

1119 386 1168 420 τῆς
1179 385 1330 419 γεννήσεως
1345 384 1508 418 ὲνοήσαμεν·
1530 382 1623 417 ἕτερον
1638 381 1665 408 δὲ
1681 382 1740 408 αὐτὸ
1753 382 1778 408 τὸ
1790 384 1812 408 ἐκ
1822 383 1850 408 τώ

1119 431 1198 456 τόκου
1213 429 1352 464 γινόμενον
1367 436 1374 444 ⁸
1397 429 1426 454 οὐ
1440 428 1493 462 γὰρ
1510 430 1523 454 ὁ
1537 428 1613 458 τόκος
1633 427 1703 453 ἐστὶν
1717 429 1729 453 ὁ
1744 427 1850 462 ἅνθρωπος,

1119 474 1186 501 ἀλλὰ
1200 474 1244 501 διὰ
1262 473 1309 501 τοῦ
1323 474 1401 500 τόκου
1417 474 1430 499 ὁ
1442 473 1488 499 ἄνθ
1494 481 1594 508 ρωπος·
1624 472 1694 499 οὕτω
1711 472 1751 499 καὶ
1764 472 1850 501 ἐνταῦθα,

1118 521 1164 547 τοῦ
1185 520 1315 555 Εὐνομίου
1327 520 1488 554 γεννηθῆναι
1502 520 1550 554 τὴν
1564 519 1657 545 οὐσίαν
1673 518 1851 553 ὁμολογήσαντος·

1119 567 1157 601 τῷ
1174 566 1223 601 μὲν
1243 566 1389 601 προάγοντι
1412 566 1512 600 ῥήματι
1527 565 1556 590 τὺ
1579 565 1610 591 ἔκ
1632 573 1703 596 τινος
1714 564 1850 598 ἐδιδάχθημεν.

1118 613 1157 648 τῷ
1172 613 1200 639 δὲ
1214 612 1322 646 ἐφεξῆς,
1337 611 1402 638 αὐτὸ
1414 611 1444 637 τὸ
1459 611 1637 645 ὑποκείμενον
1652 611 1795 646 ὲνοήσαμεν,
1834 610 1853 634 ἐκ

1119 659 1164 685 τοῦ
1179 659 1250 690 τινός
1273 659 1372 692 ἐστινή
1400 658 1554 688 ὑπόστασις.
1580 657 1612 683 Εἰ
1635 654 1680 683 οὖν
1699 656 1754 684 ἄλλο
1772 656 1808 690 μέν
1818 655 1853 680 ἐστι

1117 706 1166 740 τῆς
1179 705 1271 736 οὐσίας
1287 705 1316 731 τὸ
1334 703 1544 738 σημαινόμενον
1577 703 1669 738 ἕτερον
1695 703 1720 729 δὲ
1737 703 1751 737 ἡ
1768 702 1806 736 τῆς
1814 710 1853 732 γεν-

1118 751 1220 785 νήσεως
1237 750 1312 785 φωνὴ
1327 751 1397 776 νοεῖν
1414 748 1578 779 ὑποτίθεται,
1594 749 1772 774 διαπέπτωκεν
1784 746 1854 779 septo,

1118 795 1209 825 αὐτοῖς
1223 794 1256 821 τὰ
1271 793 1339 828 σοφὰ
1350 794 1544 829 μηχανήματα,
1553 792 1647 827 ὥσπερ
1658 791 1789 828 ὀστράκινα
1801 791 1853 822 πεύκη

1116 841 1239 876 ἀλλήλοις
1252 839 1448 875 προσαχθέντα,
1462 839 1506 865 καὶ
1517 839 1550 865 δι’
1561 838 1683 874 ἀλλήλων
1696 837 1852 872 διατρυςεθὲντι.

1117 886 1213 913 Οὐκέτι
1229 886 1282 921 γὰρ
1299 886 1389 917 αὐτοῖς
1403 884 1507 917 ἐξέσται
1519 885 1568 920 τὴν
1582 884 1627 911 τοῦ
1641 883 1761 919 γεννητοῦ
1778 883 1826 917 11:46;
1838 882 1854 907 τὸ

1115 931 1260 966 ἀγέννητον
1272 930 1411 965 διαστολὴν
1421 930 1467 956 ἐπὶ
1478 930 1526 965 τῆς
1537 929 1583 956 τοῦ
1597 929 1661 955 Υἱοῦ
1678 929 1722 956 καὶ
1734 928 1773 954 τοῦ
1786 928 1855 961 Πιτρὲἐ

1115 975 1208 1006 οὐσίας
1218 975 1425 1010 μεταφέρουσιν,
1434 973 1674 1010 συμμεταφέρεινξὲ
1680 975 1708 1000 πὶ
1714 973 1744 1000 τὰ
1751 973 1855 1009 agitem

1115 1018 1163 1054 τὴν
1178 1018 1354 1054 προσάλληλα
1370 1018 1424 1044 τῶν
1441 1019 1578 1053 ὀνομάτων
1591 1019 1691 1054 μάχην.
1712 1016 1855 1052 Ὁμολογηθέμ

1101 1073 1159 1095 ιτος
1172 1064 1226 1099 γὰρ
1243 1064 1317 1100 παρὰ
1337 1064 1384 1099 τοῦ
1399 1064 1530 1099 Εὐνομίου
1553 1064 1593 1090 ὅτι
1621 1063 1750 1099 ἐγεννήθη
1766 1063 1779 1098 ἡ
1798 1061 1856 1089 οἱςξςι

1115 1109 1206 1141 καθὼς
1230 1111 1276 1136 καὶ
1299 1110 1328 1136 τὸ
1352 1109 1526 1147 εὐαγγελικὸν
1542 1109 1695 1144 ὑπόδειγμα
1710 1109 1754 1143 τὴν
1769 1106 1856 1139 comitr»

1115 1154 1259 1191 ἐρμηνεύει
1270 1154 1397 1185 διάνοιαν,
1408 1156 1435 1180 ὲν
1443 1151 1464 1188 ᾧ
1477 1154 1521 1180 τὸν
1529 1154 1546 1180 ᾱ
1552 1153 1673 1188 νθρωπον
1681 1153 1819 1188 γεννηθῆναι
1826 1159 1857 1184 με·

1115 1201 1215 1232 θόντες,
1230 1200 1260 1226 οὐ
1274 1200 1370 1226 ταύτὸν
1388 1199 1535 1234 ὲνοήσαμεν
1549 1200 1581 1234 τῇ
1598 1200 1723 1234 γεννήσει
1737 1198 1774 1224 τὸν
1786 1196 1856 1230 ἄνθρω-

1115 1254 1175 1277 πον,
1192 1244 1248 1271 ἀλλ’
1260 1244 1324 1271 ϊδιον
1337 1244 1379 1277 ἐφ’
1394 1243 1522 1277 ἑκατέρου
1533 1242 1585 1268 τῶν
1600 1242 1738 1276 ὀνομάτων
1752 1238 1857 1273 eaeaeae:

1114 1292 1212 1327 νόημα,
1227 1290 1316 1317 οὐκέτι
1330 1290 1420 1325 χώραν
1435 1289 1489 1321 ἕξει
1506 1289 1613 1320 πάντως
1629 1289 1646 1322 ἡ
1665 1289 1763 1324 αἵρεσις
1825 1286 1858 1310 ἑτι-

1115 1338 1213 1372 ρότητα
1227 1336 1280 1363 τῶν
1294 1335 1391 1362 οὐσιῶν
1407 1334 1451 1362 διὰ
1463 1334 1518 1361 τῶν
1537 1334 1667 1360 τοιούτων
1693 1333 1779 1368 φωνῶν
1790 1333 1857 1364 δογμα-

1112 1383 1233 1414 τίζουσα.

1154 1428 1196 1458 Ὠς
1211 1427 1233 1453 δ’
1247 1427 1279 1453 ἂν
1296 1426 1410 1462 μάλιστα
1427 1425 1590 1460 σαφέστερον
1605 1425 1673 1460 ἡμῖν
1687 1425 1701 1450 ὁ
1720 1423 1776 1458 περὶ
1790 1422 1858 1448 τούτων

1074 1490 1095 1518 C
1112 1474 1190 1508 λόγος
1209 1472 1391 1507 ὲκκαλυφθείη
1403 1491 1410 1503 ,
1440 1471 1539 1498 οὑτωσὶ
1563 1471 1592 1497 τὸ
1619 1471 1790 1506 προκείμενον
1807 1468 1857 1494 mila

1112 1518 1322 1555 διαληψώμεθαθ
1336 1518 1461 1552 Ἐποίησε
1483 1517 1532 1553 τὴν
1546 1517 1720 1552 ἀνθρωπίνην
1743 1516 1809 1550 φύσιν
1821 1514 1857 1540 κατ’

1110 1565 1196 1601 ἀρχὰς
1206 1564 1274 1600 μετὰ
1290 1564 1398 1590 πάντων
1411 1563 1424 1589 ό
1438 1562 1467 1589 τὺ
1477 1564 1531 1589 πᾶν
1545 1563 1757 1597 συστησάμενος.
1769 1561 1806 1587 καὶ
1816 1559 1859 1594 per}

1111 1610 1140 1637 τὸ
1159 1609 1284 1644 γενέσθαι
1297 1608 1342 1635 τὸν
1358 1608 1452 1643 ’Λδὰμ,
1468 1607 1526 1633 τότε
1543 1606 1590 1642 τὴν
1601 1607 1630 1640 ἐξ
1644 1607 1763 1642 ἀλλήλων
1772 1606 1857 1639 γέννηςιη

1110 1657 1167 1687 τοῖς
1192 1654 1344 1690 ἀνθρώποις
1365 1653 1577 1688 ἐνομοθέτησεν,
1605 1652 1708 1685 εἰπὼν,
1729 1650 1859 1683 Αὺξὰνεῖθε

1110 1701 1162 1728 καὶ
1178 1701 1379 1734 πληθύι-εσθε.
1407 1698 1461 1725 Τοῦ
1476 1698 1564 1725 τοίνυν
1584 1698 1665 1724 Ἀδὲλ
1682 1697 1804 1732 γεννητῶς

1112 1747 1232 1777 στάντος,
1246 1745 1286 1777 τίς
1310 1745 1359 1771 οὐκ
1373 1744 1406 1771 ἂν
1426 1744 1497 1770 εἴποι
1513 1744 1567 1770 τῶν
1578 1741 1607 1770 εὖ
1632 1744 1802 1778 φρονούντων,
1822 1740 1859 1766 κατ’

1110 1792 1176 1819 αὐτὸ
1198 1791 1227 1818 τὸ
1253 1791 1302 1826 τῆς
1321 1791 1494 1827 ἀνθρωπίνης
1517 1790 1671 1825 γεννήσεως
1694 1788 1859 1825 σημαινόμενον.

1110 1839 1264 1872 ἀγεννήτως
1279 1838 1323 1864 τὸν
1344 1837 1428 1872 Ἀδὰμ
1452 1838 1617 1872 ὐποστῆναις
1639 1837 1722 1864 Ἀλλὰ
1735 1836 1802 1872 μὴνὸ

1110 1893 1155 1916 τος
1172 1884 1325 1919 ἄνθρωπος,
1342 1883 1401 1910 ὅλον
1418 1883 1496 1919 ἔσχεν
1511 1884 1540 1909 ἐν
1557 1882 1646 1918 ἐαυτῷ
1663 1883 1715 1918 τῆς
1729 1879 1860 1916 ἀνθρωπίνης

1109 1930 1202 1961 οὐσίας
1212 1930 1256 1956 τὸν
1268 1930 1340 1965 ὅρον,
1352 1929 1398 1956 καὶ
1413 1929 1428 1954 ὁ
1442 1928 1472 1960 ἐξ
1486 1929 1589 1955 ἐκείνου
1604 1929 1753 1964 γεννηθεὶς,
1767 1925 1860 1953 ὡσαύτως

1109 1977 1138 2002 ὲν
1160 1975 1197 2010 τῷ
1211 1975 1284 2010 αὐτῷ
1304 1976 1353 2010 τῆς
1375 1975 1468 2006 οὐσίας
1489 1974 1681 2010 ὑπογράφεται
1707 1974 1783 2008 λόγῳ.
1806 1971 1828 1998 Εἰ
1845 1967 1860 1993 5*-

1109 2021 1175 2056 ἄλλη
1191 2030 1233 2053 τις
1249 2022 1265 2056 ὴ
1285 2021 1443 2056 γεννηθεῖσα
1462 2020 1541 2047 οὐσία
1558 2020 1634 2056 παρὰ
1650 2020 1700 2055 τὴν
1713 2020 1748 2054 μὴ
1759 2014 1859 2052 γεννηθεῖ-

1110 2076 1158 2094 σαν
1169 2067 1392 2100 κατεσκευάζετο,
1404 2067 1453 2094 οὐκ
1465 2066 1496 2094 ἆν
1509 2066 1551 2093 ἐπ’
1562 2067 1726 2102 ἀμφοτέρων
1737 2067 1750 2091 ὁ
1760 2063 1824 2092 αὑτός
1832 2060 1859 2092 τῆἱ

1109 2114 1201 2144 οὐσίας
1218 2113 1322 2148 ἥρμοσε
1349 2113 1435 2146 λόγος.
1468 2109 1518 2139 Ὧν
1538 2112 1592 2148 γὰρ
1619 2114 1636 2147 ὴ
1662 2112 1741 2138 οὐσία
1760 2110 1859 2143 διάφορῖὲ-

1075 2155 1096 2182 D
1110 2159 1212 2186 τούτων
1227 2159 1287 2185 οὐδὲ
1305 2160 1320 2185 ὁ
1333 2159 1410 2193 λόγος
1424 2159 1496 2184 ἐστὶν
1510 2159 1524 2184 ὁ
1539 2158 1619 2190 αὐτὸς
1631 2158 1683 2192 τῆς
1700 2157 1794 2187 οὐσίας.
1812 2152 1860 2180 Ἐπίῖ

1109 2203 1155 2231 οὖν
1178 2206 1232 2236 τοῖς
1258 2204 1349 2235 αὐτοῖς
1373 2203 1602 2239 χαρακτηρίζεται
1620 2203 1762 2239 ἰδιώμασιν
1779 2201 1860 2236 ἢτετεδ

1116 2251 1200 2285 Ἀδὰμ
1214 2251 1260 2277 καὶ
1272 2251 1288 2286 ἡ
1300 2250 1345 2277 τοῦ
1363 2249 1438 2277 Ἀϐὲλ
1451 2250 1530 2276 οὐσία
1542 2258 1548 2264 ·
1563 2251 1638 2276 πᾶσα
1650 2250 1755 2284 ἀνάγκη
1771 2247 1822 2283 μίαν

1109 2298 1202 2324 οὐσίαν
1221 2298 1263 2324 ἐπ’
1275 2288 1442 2332 ’ἀμφοτέροις
1463 2294 1532 2323 εἶναι
1552 2296 1746 2323 συντίθεσθαι·
1771 2293 1832 2322 ἄλλον
1844 2289 1860 2315 δέ

1110 2345 1156 2370 καὶ
1171 2344 1247 2370 ἄλλον
1262 2343 1306 2370 τὸν
1322 2343 1350 2369 ἐν
1364 2344 1397 2378 τῇ
1411 2343 1477 2378 αὐτῇ
1495 2342 1574 2377 φύσει
1585 2342 1769 2377 δεικνύμενον.
1795 2339 1818 2364 ὀ
1827 2335 1859 2370 ’ἴέὲ

1116 2390 1202 2424 Ἀδὰμ
1216 2389 1262 2416 και
1275 2390 1289 2415 ὁ
1309 2389 1387 2416 mea
1402 2389 1430 2415 ὲν
1450 2388 1489 2423 τῷ
1504 2388 1576 2423 λόγῳ
1599 2388 1649 2423 τῆς
1673 2388 1786 2423 φύσεως,
1800 2381 1830 2414 εἷς
1846 2380 1860 2405 ιε

1110 2435 1156 2461 δύο
1167 2435 1250 2461 εἰσίν·
1262 2435 1291 2461 ὲν
1305 2434 1333 2461 δὲ
1344 2435 1399 2465 τοῖς
1415 2433 1656 2468 ὲπιθεωρουμένοις
1673 2432 1790 2467 ἑκατέρῳ
1801 2425 1859 2455 αὖτῶ

1111 2480 1260 2515 ἱδιώμασιν,
1284 2479 1434 2514 ἀσύγχυτον
1458 2478 1547 2514 ἔχουσι
1571 2478 1620 2512 τὴν
1639 2479 1687 2505 ἀπ’
1704 2477 1814 2511 ἀλλήλων
1825 2471 1861 2498 διά·

1110 2534 1209 2561 κρισιν.
1233 2524 1335 2551 Οὐκοῦν
1350 2526 1400 2551 οὐκ
1413 2524 1470 2550 ἐστι
1483 2524 1582 2560 κυρίως
1601 2525 1700 2556 εἰπεῖν,
1716 2524 1755 2550 ὅτι
1774 2522 1787 2548 ὁ
1804 2518 1861 2549 ’Ᾱῖιάμ

1108 2572 1201 2598 ’ὠσίαν
1216 2572 1280 2605 παρ’
1295 2571 1376 2597 αὑτὸν
1392 2570 1473 2605 ἄλλήν
1484 2570 1636 2604 ἐγέννησεν,
1651 2569 1722 2596 ἀλλὰ
1743 2567 1826 2603 μᾶλλον
1836 2564 1860 2588 5':-

1107 2617 1137 2649 ἐξ
1155 2616 1249 2644 ἑαυτοῦ
1266 2616 1408 2650 ἐγέννησεν
1422 2616 1498 2643 ἄλλον
1514 2616 1608 2642 ἑαυτόν
1623 2623 1630 2630 ·
1646 2611 1670 2648 ᾧ
1684 2615 1738 2645 πᾶς
1749 2614 1762 2640 ὁ
1780 2612 1818 2646 τῆς
1831 2605 1861 2634 τά

1107 2663 1285 2698 γεννήσαντος
1309 2662 1402 2693 οὐσίας
1422 2660 1605 2696 συναπετέχοη
1623 2660 1715 2694 λόγος.
1741 2659 1816 2690 Ὅπερ
1831 2650 1860 2678 σίν

1106 2707 1152 2734 ἐπὶ
1165 2707 1214 2742 τῆς
1240 2707 1411 2742 ἀνθρωπίνης
1431 2706 1627 2742 μεμαθήκαμεν
1647 2706 1768 2741 φύσεως,
1780 2701 1814 2729 διὰ
1830 2698 1860 2731 iii
