1920 3073
27 114 61 142 301

27 170 86 204 ἱῇλον
99 169 136 196 ὅτι
152 169 199 197 καὶ
211 170 258 198 ἐπὶ
273 171 319 198 τοῦ
331 171 500 207 Μονογενοῦς
518 174 535 210 ἦ
552 183 581 201 τε
596 174 642 202 τοῦ
662 175 720 202 υἱοῦ
734 176 781 202 καὶ
796 181 819 209 Α

27 215 58 241 τοῦ
78 215 235 251 γεννήματος
254 218 422 254 προσηγορία
464 220 514 247 οὐκ
534 221 566 247 ἂν
582 221 649 256 προς
671 221 700 248 τὸ
724 222 783 248 ἑτε-

27 260 116 294 ιογενὲς
140 261 193 296 ἔχει
213 261 261 298 τὴν
277 263 447 299 οἰκειότητα·
477 265 533 292 ἀλλ’
553 266 630 302 εἴπερ
649 267 718 294 κατὰ
738 267 784 294 τὸν

27 307 86 336 λόγον
104 307 154 333 τῶν
185 307 351 336 ὑπεναντίων
372 311 419 337 καὶ
443 311 564 347 γέννημα
585 312 709 346 λέγεται,
736 313 784 339 καὶ

27 352 79 378 ατὰ
89 352 134 388 τὴν
148 353 240 387 φύσιν,
267 355 306 387 ὡς
321 356 506 391 ὁμολογοῦσιν,
531 358 603 384 ἐστὶν
619 359 635 393 ἠ
654 358 699 384 τοῦ
717 358 782 385 Υἱοῦ

27 399 110 433 ιλῆσις,
124 400 170 434 τῆς
185 400 278 432 οὐσίας
294 402 351 428 ἐστὶ
366 403 474 434 πάντως
495 403 541 429 τοῦ
562 403 753 438 γεγεννηκότος
768 405 783 430 ὁ

27 444 82 476 ι’ἱὺς,
94 444 140 471 οὐκ
155 445 232 471 ἄλλου
244 447 315 478 τινὸς
329 448 382 474 τῶν
399 447 451 480 ἔξω
464 448 655 484 θεωρουμένων
669 449 718 484 τῆς
735 449 783 483 φύ-

27 498 84 520 ιεως.
109 489 137 516 Εἰ
148 490 174 516 δὲ
195 491 299 518 ἐκεῖθεν
323 493 431 528 ἀληθῶς
448 494 531 526 ἐστιν,
555 494 604 521 οὐκ
619 495 784 528 ἁπεξένωται

27 535 111 566 τάντως
125 534 169 562 τοῦ
183 535 242 563 ὅθεν
253 537 337 570 ἐστὶν,
346 537 383 570 ὦς
394 539 440 565 καὶ
455 539 483 565 ἐν
495 541 550 571 τοῖς
563 539 652 573 ἄλλοις
663 540 766 576 ἐδείχθη
777 549 783 556 ’

27 590 50 606 ir:
67 582 113 607 πᾶν
124 582 152 608 τὺ
167 583 294 618 γεννητὸν
308 583 338 610 ἐκ
355 593 426 617 τινος
441 585 570 619 ὑποστὰν,
587 587 716 622 ὁμογενές
727 588 784 614 ἐστι

27 626 110 658 τάντως
123 627 158 662 τῷ
176 627 206 660 ἐξ
219 625 248 655 οὗ
266 629 386 663 γέγονεν.

27 680 84 706 [nam
100 680 187 700 eorum
204 682 264 708 qua),
288 679 366 702 extra
393 677 615 706 considerantur.
644 678 722 712 Quod
754 678 776 706 si
797 679 826 706 ill

565 117 704 146 CONTRA
723 118 916 153 EUNOMIUM,
934 120 999 148 L’B.
1018 121 1063 148 111.

1565 123 1621 153 θον

834 177 917 208 hibet,
931 181 961 204 ut
975 178 1032 212 ipse
1054 180 1177 204 aulumat
1196 177 1363 213 Eunomius;
1376 182 1403 207 et
1418 187 1550 216 gennema
1563 182 1622 210 sive

837 222 943 250 fruct'us
960 231 1078 258 quercus
1102 224 1194 251 vinum
1219 232 1274 251 non
1295 225 1407 258 dicitur,
1433 231 1460 253 et
1483 227 1619 257 genilniua

837 268 894 295 sive
921 269 1064 304 progenies
1084 269 1256 304 viperarum,
1278 271 1350 298 sicut
1375 271 1497 306 loquitur
1520 273 1620 300 alicubi

838 314 1012 349 Evangelium
1037 316 1071 346 ".
1093 320 1233 350 serpentes
1249 322 1312 344 sunt
1334 321 1361 344 et
1386 325 1440 344 non
1462 325 1537 349 oves,
1559 326 1620 353 per-

837 361 961 395 spicuum
972 366 1013 388 est
1025 361 1097 396 quod
1106 367 1132 389 et
1143 361 1171 388 in
1184 362 1329 397 Unigenito
1344 363 1401 390 sive
1418 364 1464 390 lilii
1485 365 1541 391 sive
1554 371 1621 399 gen-

836 406 953 433 nematis
963 407 1108 441 appellatio
1123 413 1264 442 nunquam
1292 408 1326 435 ad
1341 409 1366 435 id
1382 410 1452 441 quod
1465 414 1507 436 est
1521 410 1617 436 diversi

835 450 942 485 generis
965 452 1196 479 necessitudinem
1227 448 1399 482 habeansed
1411 449 1434 477 si
1445 451 1552 486 quidem
1576 462 1621 481 se-

835 496 955 523 cundum
983 497 1201 525 adversariorum
1224 498 1356 526 rationem
1383 499 1464 526 etiam
1487 507 1617 533 genucius

836 542 948 574 dicitur,
980 547 1063 578 atque
1093 544 1175 571 etiam
1203 545 1353 573 secundum
1384 549 1519 578 naturam,
1547 545 1619 572 sicut

836 588 1010 620 confitentur,
1021 594 1063 618 est
1078 589 1138 617 Filii
1162 591 1325 623 nominatio,
1341 591 1466 618 essentia:
1485 596 1526 618 est
1540 598 1619 626 pror-

837 640 884 661 sus
898 633 958 668 ejus
974 632 1226 668 quigenuitFilius,
1247 643 1301 663 non
1317 640 1422 664 naturae
1437 637 1508 664 alius
1524 637 1618 672 cujus-

829 679 874 706 inc
888 687 952 708 vere
966 684 1019 712 est,
1037 689 1091 708 non
1107 685 1148 708 est
1165 688 1279 715 prorsus
1293 682 1398 710 alienus
1418 684 1452 710 ab
1482 691 1514 711 eo
1546 685 1618 711 unde

26 723 58 748 :st.
78 721 142 746 sicut
163 720 188 748 in
211 721 271 749 aliis
291 723 509 751 demonstratum
544 729 604 759 est;
630 727 692 760 quia
715 732 796 754 omne
820 726 940 761 genitum
967 734 998 754 ex
1023 727 1116 762 aliquo
1143 727 1298 756 subsistens
1318 728 1440 763 ejusdem
1459 729 1540 764 plane
1576 734 1618 758 est

26 767 107 797 ;cneris
121 770 145 793 ct
157 771 261 794 naturae
275 777 337 796 cum
352 778 384 797 eo
399 778 430 797 ex
445 778 499 805 quo
510 773 632 806 genitum
649 775 702 799 est.

44 812 70 837 El
84 812 109 838 δέ
118 821 156 844 τις
167 814 295 850 ἀπαιτοίη
306 816 355 850 τῆς
364 815 438 848 Θείας
449 816 542 848 οὐσίας
561 816 709 854 ἑρμηνείαν
719 818 778 846 τινὰ
795 820 817 848 Β

26 857 52 883 ταὶ
63 858 213 893 ὑπογραφὴν
230 860 276 886 καὶ
293 860 433 896 ἐξήγησιν,
456 862 571 897 ἀμαθεῖς
582 861 653 889 εἶναι
666 863 714 897 τῆς
728 871 782 888 τοι·

26 902 84 936 ιύτης
93 904 181 937 σοφίας
195 905 246 931 οὐκ
257 905 430 942 ἀρνησόμεθα
438 915 445 922 ·
454 907 580 934 τοσοῦτον
590 907 794 942 ὁμολογοῦντες,

26 951 88 984 ιόνον,
100 953 137 978 ὅτι
151 953 199 979 οὐκ
214 952 272 979 ἔστι
287 954 318 980 τὸ
339 954 464 989 ἀόριστον
480 956 551 982 κατὰ
565 956 613 991 τὴν
631 956 710 990 φύσιν
723 956 780 982 ἐπι-

27 998 62 1032 ςίᾳ
82 999 130 1024 τινὶ
150 1000 280 1034 ῥημάτων
301 999 490 1036 διαληφθῆναι.
512 1001 554 1041 ’Τὺ
577 1002 631 1037 γὰρ
655 1001 691 1037 μὴ
710 1002 781 1036 ἔχειν

28 1053 63 1078 ρον
75 1045 118 1079 τὴν
132 1045 204 1072 θείαν
224 1045 429 1081 μεγαλωσύνην,
445 1048 462 1082 ὴ
476 1048 627 1083 προφητεία
639 1048 688 1083 βοᾷ
703 1048 780 1083 διαρα

29 1090 83 1125 ἧδην
96 1091 266 1126 κηρύσσουσα
277 1100 284 1107 ·
300 1092 340 1118 ὅτι
358 1092 406 1127 τῆς
423 1093 666 1128 μεγαλοπρεπείας,
679 1093 728 1127 τῆς
740 1093 781 1119 δό-

26 1142 60 1167 ης,
74 1135 118 1170 τῆς
140 1136 293 1171 ἁγιωσύνης
313 1137 396 1163 αὑτοῦ
411 1137 461 1163 οὐκ
481 1137 538 1163 ἔστι
552 1137 649 1172 πέρας.
664 1137 694 1163 Εἰ
707 1137 735 1164 δὲ
747 1136 782 1163 τὰ

26 1181 64 1214 rip".
85 1180 159 1208 αὐτὸν
182 1182 358 1217 ἀπεράτωτα,
374 1182 440 1209 πολὺ
467 1182 565 1216 μᾶλλον
583 1182 665 1213 αὐτὸς
680 1183 781 1214 ἐκεῖνος

29 1227 62 1251 1'.‘
76 1225 161 1252 οὐσίαν
185 1226 199 1253 ὃ
223 1226 251 1253 τί
277 1227 342 1254 ποτέ
358 1228 442 1258 ἐστιν,
459 1227 545 1254 οὐδενὶ
559 1228 613 1263 ὅρῳ
630 1228 689 1254 κατ’
706 1228 780 1254 οὐδὲν

26 1271 81 1305 ipe;
94 1271 312 1306 διαλαμϐάνεται.
331 1273 362 1299 Εἰ
374 1271 419 1300 οὖν
436 1274 452 1308 ἡ
470 1273 513 1300 διὰ
533 1273 586 1300 τῶν
604 1273 741 1308 ὀνομάτων
751 1282 779 1300 τε

28 1316 50 1341 αὶ
62 1317 181 1351 ῥημάτων
193 1317 327 1353 ἑρμηνεία
341 1317 518 1352 διαλαμϐάνει
531 1327 589 1350 πως
607 1319 640 1353 τῇ
658 1318 780 1353 σημασίᾳ

26 1362 36 1386 ὸ
48 1362 213 1399 ὑποκείμενον
226 1373 233 1380 ·
250 1364 282 1390 τὸ
294 1364 322 1390 δὲ
335 1364 459 1400 ἀόριστον
473 1364 672 1400 περιληφθῆναι
687 1365 716 1390 οὐ
735 1364 781 1390 δύ-

26 1415 75 1434 αται
85 1417 91 1423 ·
105 1409 152 1435 οὐκ
163 1409 195 1436 ἄν
208 1418 251 1441 τις
271 1409 384 1441 είκότως
407 1409 456 1444 τὴν
473 1409 592 1444 ἀμαθίαν
602 1409 679 1444 ἡμῶν
694 1409 780 1435 αἰτιά-

27 1460 84 1483 αιτο,
110 1454 144 1490 μὴ
165 1454 374 1490 θρασυνομένων
384 1454 454 1481 κατὰ
472 1454 525 1481 τῶν
537 1454 705 1490 ἀτολμήτων.
721 1454 779 1481 Τίνι

28 1496 55 1532 ἂρ
71 1498 172 1534 ὀνόματι
191 1499 312 1527 διαλάῦω
336 1499 368 1526 τὸ
392 1499 593 1536 ἀπερίληπτον;
624 1500 673 1526 Διὰ
699 1500 778 1532 ποίας

25 1544 86 1578 νωνῆς
99 1544 243 1579 ὲξαγγείλω
256 1546 288 1572 τὸ
300 1545 506 1582 ἀνεκφώνητον;
531 1546 607 1572 Ἐπεὶ
626 1544 672 1573 οὖν
689 1547 779 1582 κρείτ-

25 1589 46 1613 όν
64 1591 113 1616 ἐστι
139 1592 184 1618 καὶ
199 1591 366 1628 ὑψηλότερον
385 1591 436 1626 τῆς
449 1591 630 1627 ὀνομαστικῆς
642 1592 778 1627 σημασίας

25 1631 121 1667 ὸθεῖον,
130 1636 216 1672 σιωπῇ
231 1637 316 1672 τιμᾷν
333 1637 368 1663 τὰ
380 1637 448 1673 ὑπὲρ
463 1637 541 1672 λόγον
555 1646 583 1663 τε
599 1638 646 1664 καὶ
659 1638 777 1664 διάνοιαν

25 1679 197 1716 μεμαθήκαμεν.
217 1682 277 1709 Κᾶν
289 1682 440 1718 ὲπεμΰαίνῃ
452 1685 484 1719 τῇ
501 1683 626 1719 εὐλαῦείᾳ
634 1683 718 1718 ταύτῃ
730 1683 776 1710 τοῦ

25 1723 74 1756 dyon
85 1724 98 1750 ὁ
110 1726 284 1762 ὑπερφρονῶν
298 1728 363 1763 παρ’
374 1727 388 1753 ὃ
398 1728 437 1754 δεῖ
446 1729 563 1763 φρονεῖν,
577 1729 605 1754 ὲν
617 1727 714 1762 γέλωτι
727 1727 776 1763 τὴν

28 1771 111 1803 μαθίαν
123 1773 198 1807 ἡμῶν
213 1773 262 1808 τὴν
279 1774 343 1808 περὶ
364 1773 417 1800 τῶν
433 1774 632 1808 ἀκαταλήπτων
645 1773 776 1809 ποιούμε-

25 1819 53 1843 σς,
71 1814 111 1840 καὶ
125 1815 170 1841 τοῦ
185 1816 390 1851 ἀσχηματίστου
407 1818 454 1843 καὶ
468 1818 592 1853 ἀορίστου
611 1818 658 1845 καὶ
673 1817 775 1853 ἀμεγέ-

25 1864 60 1888 rm;
74 1859 115 1885 καὶ
125 1860 234 1892 ἀπόσου,
244 1862 350 1897 Πατρός
363 1871 392 1888 τε
404 1863 474 1897 λέγω
488 1863 535 1890 καὶ
551 1863 613 1890 Υἱοῦ
633 1865 679 1890 καὶ
690 1863 774 1890 Πνεύ-

25 1910 80 1934 τιτος
99 1905 184 1940 ἁγίου,
210 1907 259 1942 τὴν
287 1907 359 1933 κατὰ
391 1907 420 1934 τὸ
447 1908 570 1944 ἀνόμοιον
601 1908 774 1942 ἐπιγινώσκει

25 1948 173 1986 epotam,
197 1953 245 1979 καί
268 1952 400 1988 προφέρει
423 1953 502 1980 τοῦτο
518 1953 584 1988 πρὸς
604 1953 712 1988 ἔλεγχον
724 1954 774 1988 τῆς

27 1994 110 2026 μαθίας
126 1997 212 2031 ἡμῶν,
241 1997 255 2024 δ
280 1997 399 2032 συνεχῶς
416 1998 488 2033 παρὰ
507 1998 560 2030 τῶν
576 1998 703 2033 μαθητῶν
725 1999 774 2032 τῆς

27 2039 98 2075 πάτης
110 2043 292 2077 προτείνεται·
307 2043 348 2075 τὸ,
374 2043 472 2078 Ὑμεῖς
481 2044 676 2077 προσκυνεῖτε
695 2044 774 2071 ὃοτίκ

25 2086 101 2120 ἴδητε,
109 2091 131 2116 et
142 2091 189 2126 τὴν
199 2091 295 2118 οὐσίαν
303 2090 350 2118 τοῦ
365 2092 599 2127 προσκυνουμένου
610 2092 660 2118 οὐκ
673 2092 771 2119 οἴδατε·

25 2130 33 2156 3
48 2133 243 2171 φοϐηθησόμεθα
258 2137 328 2164 κατά
341 2137 389 2173 τὴν
407 2137 559 2175 ωμὸουλῂν
572 2137 618 2164 τοῦ
633 2139 772 2174 προφήτου
789 2148 810 2176 D

25 2176 44 2202 δν
55 2179 192 2216 ὀνειδισμὸν
203 2182 258 2208 τῶν
274 2183 400 2218 ἀφρόνων
411 2190 417 2198 ί
433 2182 492 2210 οὐδὲ
507 2183 550 2210 διὰ
564 2183 608 2209 τὸν
623 2183 773 2218 φαυλισμδν

25 2222 82 2250 ita?”
104 2226 171 2253 κατὰ
189 2227 243 2254 τῶν
268 2228 466 2263 ἀνεκφωνήτων
493 2227 753 2264 θρασυστομήσομεν
766 2237 773 2244 ·

25 2266 45 2291 δν
58 2269 154 2305 ἰδιώτην
179 2271 219 2307 τῷ
248 2272 320 2308 λόγῳ
339 2272 444 2299 Παῦλον
461 2272 621 2299 διδάσκαλον
639 2272 691 2299 τῶν
706 2273 774 2308 ὑπὲρ

25 2320 91 2339 nam
111 2317 266 2352 μυστηρίων
287 2317 458 2353 ποιούμενοι·
481 2317 510 2348 ὃς
532 2317 656 2344 τοσοῦτον
680 2318 775 2353 ἀπέχει

25 2355 46 2382 ιῦ
56 2360 97 2394 τὴν
110 2360 180 2388 Θείαν
195 2362 276 2396 φύσιν
289 2363 364 2394 ἐντὸς
385 2362 433 2397 τῆς
448 2362 621 2398 ἀνθρωπίνης
637 2363 776 2398 περινοίας

25 2402 104 2436 ἵεσθαι,
120 2406 155 2438 ὡς
171 2407 263 2434 καὶτὰ
284 2407 404 2443 κρίματα
424 2408 470 2434 τοῦ
493 2408 560 2435 Θεοῦ
579 2409 776 2445 ὰνεξερεύνητα

25 2446 92 2481 item,
107 2452 151 2478 καὶ
166 2453 214 2485 τὰς
223 2453 299 2484 ὀδοὺς
311 2453 590 2488 ἀνεξιχνιάστους.καὶ
599 2454 632 2480 τὰ
642 2455 697 2486 τοῖς
709 2455 776 2488 ἀγα-

25 2492 82 2519 ῑὼσιν
96 2496 171 2522 αὑτὸν
185 2497 254 2533 ὑπὲρ
268 2497 324 2523 τῶν
339 2497 366 2523 ἐν
385 2497 424 2532 τῷ
443 2497 492 2532 βίῳ
508 2495 575 2529 τῷδε
591 2498 776 2533 κατορθωθένη

25 2546 54 2563 ων
66 2540 257 2578 ἐπηγγελμένα,
274 2543 344 2579 ὑπὲρ
359 2543 510 2579 κατάληψιν
530 2541 600 2570 εἷναι
614 2544 776 2580 διισχυρίζεη

25 2581 76 2609 θαι·
91 2586 124 2617 ὡς
141 2589 208 2622 μήτε
221 2588 354 2624 ὀφθαλμῴ
369 2589 470 2618 λαϐεῖν,
490 2589 557 2624 μήτε
571 2590 639 2624 ἁκοῇ
654 2590 773 2625 παραδέ-

25 2629 100 2661 ιιςθαι,
113 2633 176 2667 μήτε
193 2633 309 2669 καρδίαν
329 2634 452 2670 χωρῆσαι
465 2634 574 2660 δυνατὸν
591 2631 670 2661 εἶναι.
685 2635 776 2662 Ταῦτα

25 2673 84 2699 οίνυν
104 2677 228 2710 μαθόντες
253 2677 309 2704 ἀπὸ
328 2677 373 2704 τοῦ
397 2677 513 2710 Παύλου,
536 2678 696 2713 θαρροῦντες
709 2679 776 2704 ἀπο-

25 2720 153 2755 ιαινόμεθα,
178 2723 219 2750 ὅτι
247 2723 277 2750 οὐ
298 2723 377 2759 μόνον
392 2723 426 2751 τὰ
448 2724 568 2760 κρίματα
579 2724 625 2750 τοῦ
641 2723 708 2750 9εοῦ
727 2724 776 2759 τῆς

42 2809 60 2827 ¹²
75 2811 160 2840 Matth.
183 2821 223 2848 ιιι,
239 2814 266 2841 7.

307 2812 330 2830 ³ο
339 2812 408 2843 Psal.
420 2815 540 2848 cxuv,3.
600 2814 619 2831 -"
631 2813 709 2843 Joan.
723 2822 760 2848 tv.
775 2814 820 2843 22.

866 816 943 849 Quod
969 816 991 844 si
1017 816 1078 850 quis
1097 816 1196 843 divinze
1211 817 1338 844 essentia:
1361 817 1613 852 interpretationem

835 863 965 897 postulet,
984 866 1010 888 et
1029 861 1239 896 descriptionem
1256 867 1338 897 atque
1349 864 1560 895 enarrationem,
1577 864 1617 890 in-

836 907 931 935 doctos
956 915 1017 934 esse
1041 914 1091 933 nos
1114 910 1141 933 et
1169 906 1278 941 ignaros
1307 907 1368 934 talis
1397 908 1538 942 sapientia:
1563 917 1617 936 non

832 951 1034 978 inllciabimur:
1050 951 1138 978 solum
1154 951 1206 978 hoc
1222 955 1327 978 tantum
1350 952 1522 984 conﬁtentes,
1543 954 1615 987 quod

832 998 966 1024 inﬁnitum
981 1001 1023 1024 est
1045 997 1195 1024 secundum
1225 1001 1350 1024 naturam
1376 999 1449 1025 nullo
1472 998 1616 1026 verborum

831 1048 965 1078 conceptu
990 1044 1184 1078 comprehendi
1213 1051 1305 1078 posse.
1325 1044 1393 1071 Nam
1422 1045 1541 1072 divinant
1558 1053 1617 1072 ma-

829 1089 954 1124 jestatem
981 1096 1034 1115 non
1054 1089 1155 1116 habere
1172 1089 1317 1115 terminum
1335 1097 1387 1116 nec
1404 1097 1486 1124 posse
1498 1089 1617 1117 circum-

831 1135 926 1166 scribi,
946 1134 1089 1169 prophetia
1109 1135 1182 1162 claro
1197 1135 1319 1161 clamitat
1334 1139 1361 1162 et
1377 1135 1506 1170 praedicat
1523 1144 1529 1162 :
1544 1137 1616 1171 quod

831 1180 1051 1214 magniﬁcentiae,
1082 1179 1184 1215 glorim,
1211 1180 1440 1208 sanctiﬁcationis
1465 1181 1527 1216 ejus
1562 1189 1618 1208 non

830 1229 872 1253 est
893 1225 956 1253 ﬁnis
984 1226 1018 1252 '°.
1046 1225 1122 1258 Quod
1143 1226 1241 1260 siqua:
1263 1227 1326 1253 Sunt
1349 1227 1422 1253 circa
1444 1227 1533 1262 ipsum
1557 1228 1617 1254 inll-

831 1265 980 1301 nita'sunt,
999 1271 1085 1298 multo
1107 1272 1194 1306 magis
1215 1272 1259 1299 ille
1278 1273 1336 1306 ipse
1356 1273 1506 1299 secundum
1524 1279 1619 1300 essen-

831 1317 894 1343 tiam
911 1316 1043 1351 quidquid
1061 1317 1217 1344 landemcst
1231 1317 1306 1343 nullo
1320 1317 1438 1344 termino
1451 1318 1526 1344 nulla
1541 1323 1617 1353 parto

831 1362 1084 1396 comprehenditur.
1107 1361 1134 1388 Si
1152 1362 1234 1397 igitur
1248 1363 1439 1397 interpretatio
1453 1371 1513 1398 quae
1525 1365 1554 1390 lit
1569 1372 1617 1398 per

831 1407 940 1434 nomina
957 1412 984 1434 et
1002 1408 1082 1434 verba
1106 1408 1300 1442 complectitur
1315 1409 1516 1443 quodammodo
1532 1410 1618 1444 signi-

832 1451 957 1479 ﬁcatione
981 1453 1053 1487 quod
1079 1453 1241 1487 subjicitur;
1267 1454 1338 1488 quod
1362 1458 1452 1481 autent
1480 1455 1616 1482 inﬁnitum

830 1502 872 1525 est
889 1505 942 1524 non
961 1502 1048 1532 potest
1071 1498 1286 1532 comprehendi;
1305 1499 1397 1526 mtllus
1414 1499 1512 1526 merito
1533 1499 1617 1526 insci-

830 1544 893 1570 tiam
912 1548 1033 1570 noslram
1045 1543 1207 1578 culpaverit.
1225 1544 1297 1578 quod
1310 1545 1344 1572 de
1357 1552 1409 1571 non
1418 1545 1551 1572 audendis
1563 1553 1616 1572 non

828 1589 958 1616 audacter
986 1589 1141 1623 loquamur.
1163 1589 1287 1622 Quonam
1314 1585 1391 1616 enim
1415 1590 1526 1618 nomine
1542 1590 1616 1625 quod

829 1634 1105 1670 incomprehensibile
1116 1640 1158 1662 est
1174 1635 1361 1670 complectar?
1377 1635 1436 1668 Qua
1448 1643 1514 1663 voce
1529 1643 1617 1663 enun-

826 1681 901 1708 tiabo
924 1681 997 1715 quod
1012 1681 1087 1708 nulla
1105 1689 1170 1709 voce
1185 1681 1301 1716 exprimi
1314 1686 1341 1708 ct
1354 1682 1492 1708 enuntiari
1506 1683 1617 1717 potest?

827 1727 961 1760 Quoniam
974 1727 1056 1763 igilnr
1065 1726 1170 1754 Numen
1191 1726 1287 1754 nn-lius
1294 1729 1336 1753 est
1346 1729 1476 1762 omnique
1486 1730 1617 1756 nominali

826 1772 1007 1807 signiﬁcantia
1017 1772 1163 1802 excelsius,
1177 1779 1237 1805 qua
1247 1772 1400 1799 orationem
1409 1780 1517 1800 onmem
1528 1777 1555 1800 et
1569 1781 1615 1800 co~

827 1818 983 1852 gitationem
993 1822 1121 1851 superant
1141 1817 1249 1844 silentio
1257 1817 1348 1844 colere
1357 1821 1383 1845 et
1393 1818 1509 1846 adorare
1519 1819 1602 1846 didici
1610 1835 1616 1839 -

827 1871 896 1890 mus.
908 1862 939 1889 Et
950 1863 972 1890 si
987 1863 1014 1889 iu
1026 1864 1096 1889 hanc
1113 1862 1184 1896 piam
1198 1863 1352 1890 cautionem
1366 1863 1424 1890 sive
1436 1865 1615 1891 reverentiam

826 1908 960 1935 sermonis
974 1908 1094 1939 insultet.
1105 1908 1149 1934 ille
1160 1908 1205 1942 qui
1221 1908 1399 1941 sapitexintie
1407 1917 1491 1943 supra
1505 1910 1530 1936 id
1541 1910 1614 1944 quod

825 1960 920 1987 sapere
927 1957 1043 1987 oportet.
1056 1957 1179 1979 nostram
1189 1953 1222 1980 de
1239 1953 1562 1987 incomprehensibilibus
1573 1955 1616 1981 in-

825 1998 928 2025 scitiam
939 1998 1066 2029 irridens,
1083 2003 1165 2032 atque
1177 1998 1236 2031 ejus
1253 1999 1434 2036 quod‘ﬁgurae
1449 2007 1546 2033 expers
1561 2005 1614 2030 est.

825 2043 896 2078 quod
922 2044 1054 2070 inﬁnitum
1077 2048 1129 2074 est,
1149 2044 1219 2078 quod
1237 2044 1425 2078 magnitudine
1439 2049 1525 2076 caret,
1542 2046 1615 2080 quod

824 2093 954 2124 quantum
979 2096 1033 2115 non
1049 2093 1099 2119 est.
1122 2089 1211 2115 Patris
1228 2089 1290 2115 dico
1311 2094 1337 2116 et
1360 2089 1420 2116 Filii
1450 2095 1477 2117 et
1495 2091 1615 2126 Spiritus

825 2134 920 2166 sancti,
939 2134 1088 2161 secundum
1105 2133 1240 2161 dissimile
1258 2135 1400 2168 cognoscit
1418 2135 1613 2168 diﬁ‘erentiam,

824 2183 851 2206 et
864 2179 915 2206 hoc
929 2178 1032 2213 profert
1049 2179 1081 2204 ad
1100 2183 1201 2206 nostra:
1224 2179 1340 2206 inscitiae
1357 2180 1612 2214 reprehensionem.

825 2225 895 2259 quod
914 2224 1046 2251 continuo
1073 2224 1107 2251 ab
1134 2225 1238 2251 erroris
1265 2224 1410 2258 discipulis
1426 2226 1614 2260 protenditur,

827 2270 877 2297 hoc
895 2277 1003 2304 nempe,
1034 2269 1084 2296 Vos
1102 2269 1220 2296 adoratis
1246 2270 1315 2303 quod
1335 2271 1441 2298 nescitis
1466 2271 1505 2303 ³¹,
1532 2273 1555 2299 si
1571 2280 1616 2300 es-

826 2315 941 2343 sentiam
963 2315 1023 2349 ejus
1048 2315 1094 2350 qui
1111 2315 1244 2342 adorator
1265 2316 1398 2350 ignoratis
1415 2325 1422 2344 :
1443 2325 1497 2344 non
1515 2325 1614 2344 secun-

826 2362 889 2389 dmu
915 2362 1052 2396 propheta:
1075 2362 1221 2388 consilium
1241 2363 1419 2396 opprobrium
1437 2363 1614 2397 insipientum

827 2412 990 2440 metuemus,
1023 2414 1110 2441 neque
1139 2411 1250 2442 propter
1276 2412 1465 2443 contemptum
1491 2410 1614 2443 ipsorutn

826 2456 921 2478 contra
947 2459 978 2478 ea
1004 2459 1064 2485 quae
1091 2452 1165 2478 nulla
1192 2459 1258 2479 voce
1284 2456 1399 2487 possunt
1421 2453 1538 2488 exprimi
1571 2460 1615 2480 an-

826 2495 920 2524 dacter
945 2497 1109 2531 loquemur:
1124 2497 1239 2524 Paulum
1252 2505 1380 2526 sermone
1399 2498 1556 2533 imperitum
1573 2499 1614 2525 la-

828 2543 944 2574 cientes,
972 2543 1018 2578 qui
1035 2543 1166 2578 magister
1187 2543 1238 2571 fuit
1263 2545 1456 2580 mysteriorum
1472 2551 1533 2579 quae
1550 2548 1615 2571 sunt

824 2595 909 2622 supra
935 2588 1133 2622 cognitionem;
1152 2589 1197 2623 qui
1217 2592 1322 2616 tantum
1351 2589 1430 2617 abest
1445 2592 1475 2616 ut
1493 2588 1614 2615 divinam

829 2637 954 2660 naturam
978 2633 1096 2660 humana
1119 2633 1298 2669 intelligentia
1317 2638 1345 2662 et
1373 2637 1464 2660 mente
1489 2640 1614 2667 οοιηρτος

830 2679 911 2707 hendi
939 2687 1019 2714 posse
1042 2679 1191 2712 existimet,
1210 2684 1240 2708 ut
1265 2680 1346 2708 etiam
1374 2678 1420 2706 Dei
1441 2678 1546 2714 judicia
1560 2678 1613 2705 im-

830 2726 1040 2760 perserutabilia
1063 2734 1125 2754 esse
1150 2726 1234 2760 dicat,
1257 2725 1372 2761 viasque
1393 2731 1448 2753 non
1479 2727 1608 2760 pervesti-
