1920 3073
279 96 332 126 503

893 97 921 125 S.
942 98 1105 127 GREGORII
1124 98 1271 126 NYSSENI
1856 97 1894 126 6M

279 156 385 192 gabilcs
396 156 432 188 ",
449 160 477 184 et
492 164 553 191 qua!
576 156 751 192 diligentibus
767 157 855 192 ipsum
877 164 926 192 pro
940 157 1068 192 perfectis

1120 157 1172 185 τῶν
1189 158 1302 194 ὲρευνᾷν
1323 156 1534 192 ἐπιχειρούντων
1557 154 1695 191 δυνάμεώς
1717 156 1798 183 ἐστιν
1814 156 1893 192 ὑψηλό-

279 204 306 230 in
331 201 381 230 hac
410 201 465 228 vita
489 202 588 230 oﬂieiis
603 202 742 237 promissa
767 207 841 236 sunt,
859 211 941 237 supra
955 210 1066 230 oiuncm

279 247 380 275 mentis
402 252 510 282 captum
527 256 589 275 esse
603 247 758 278 conﬁrmet.
784 252 813 275 ut
830 255 918 283 neque
933 256 964 276 ea
979 248 1067 276 oculis

278 292 380 326 videre,
401 301 490 328 neque
514 293 608 320 auditu
636 294 787 328 percipere,
808 301 897 328 neque
921 294 1004 321 corde
1019 301 1067 321 co-

277 339 365 374 gitare
396 339 543 374 quisquam
565 340 653 374 possit
679 339 712 366 ³³.
736 339 799 366 Haec
827 339 910 374 igitur
938 347 952 365 a
982 339 1067 366 Paulo

276 384 367 412 edocti
387 384 558 412 conﬁdentes
586 392 789 416 asseveramus,
809 384 882 419 quod
904 392 957 412 non
979 385 1066 412 solum

277 431 388 465 iudicia‘
402 431 449 459 Dei
465 432 563 458 altiora
586 435 651 458 sunt
668 431 770 458 virtute
785 438 880 458 eorum
898 432 944 466 qui
962 439 992 458 ea
1006 439 1066 466 per-

277 477 393 504 scrutari
414 481 530 507 tentant,
562 476 609 503 sed
635 476 717 503 etiam
739 476 787 502 viae
813 476 979 511 cognitionis
1004 475 1065 509 ejus

277 523 367 550 adhuc
392 523 472 550 invia:
494 525 616 553 manent,
644 521 782 557 nullisque
808 522 928 557 vestigiis
942 521 1063 548 calcatae.

277 568 334 596 Hoc
355 570 428 597 enim
441 569 601 604 Apostolum
620 569 689 596 velle
707 568 863 603 signiﬁcare
887 568 1064 600 arbitramur,

1116 211 1198 239 τερα·
1229 202 1297 230 ἀλλὰ
1317 202 1363 228 καὶ
1384 202 1433 237 τῆς
1458 200 1584 235 γνώσεως
1605 201 1668 233 ὁδοὶ,
1696 201 1783 236 μέχρι
1801 201 1848 227 τοῦ
1861 201 1895 227 vim

1117 248 1237 284 ἀτριϐεῖς
1252 257 1281 275 τε
1300 249 1348 276 καὶ
1358 247 1514 275 ἁνεπίὸατοι
1532 247 1652 282 μένουσι.
1663 246 1751 273 Τοῦτο
1765 247 1828 282 γὰρ
1837 248 1895 282 inod-

1119 294 1188 329 μεθα
1201 294 1245 321 τὸν
1265 294 1422 321 Ἀπόστολον
1435 294 1556 328 σημᾶναι
1572 293 1745 328 βουλόμενον,
1760 293 1896 328 ἀνεξιχνία-

1118 348 1196 371 στυυς
1210 341 1295 367 εἰπεῖν
1308 340 1357 372 τὰς
1372 339 1459 371 ὁδοὺς,
1471 340 1499 366 αἶ
1510 339 1577 374 πρὸς
1590 339 1621 366 τὸ
1634 335 1835 374 ἀκαταλήπτων
1847 348 1895 374 πρι-

1118 385 1240 421 φέρουσι,
1264 386 1404 412 δεικνύντα
1428 385 1471 412 διὰ
1484 385 1533 420 τῆς
1555 385 1663 417 λέξεως.
1687 385 1730 412 ὅτι
1749 385 1896 415 ἀνεπίϐατᾷς

1119 433 1176 458 ἐστι
1193 431 1333 466 λογισμοῖς
1357 430 1536 465 ἀνθρωπίνοις
1566 431 1583 466 ἡ
1615 430 1715 464 γνῶσις
1742 431 1850 465 ἐκείνη,
1864 432 1896 456 1:".

1118 476 1194 503 οὔπω
1207 485 1245 509 τις
1262 477 1411 513 ἐπέστησεν
1426 476 1507 504 αὑτοῦ
1531 476 1579 509 τὴν
1595 477 1714 504 διάνοιαν
1740 478 1777 512 τῇ
1805 477 1897 511 τοιαύτη

1117 522 1164 549 τοῦ
1178 523 1256 557 λόγου
1272 524 1380 559 πορείᾳ,
1390 522 1451 550 οὔτε
1462 532 1486 554 τι
1497 523 1576 558 ἴχνος,
1588 522 1650 549 οὗτε
1667 524 1786 558 σημεῖον
1800 523 1896 558 κατιὼν

1119 568 1218 603 πτικῆς
1231 569 1327 603 ἐφόδου
1343 570 1398 600 τοῖς
1412 568 1541 604 ὰλήπτοις
1555 569 1751 604 ὲνεσημάνατο.

275 621 338 642 cum
362 614 433 643 dixit
450 615 508 641 vias
528 614 802 648 impervcstigabiles,
818 622 879 649 qum
902 614 936 641 ad
957 614 1236 649 incomprehensibile
1249 615 1420 650 prevehuut;
1450 614 1598 641 ostendens
1629 622 1678 648 per
1708 613 1790 641 hanc
1820 614 1898 641 dictio-

277 668 350 691 neru,
370 659 442 694 quod
480 660 623 686 inaccessa
653 664 678 686 ct
694 659 826 694 impervia
860 659 988 687 humanis
1021 659 1174 687 rationibus
1207 664 1250 688 est
1280 660 1326 687 illa
1354 659 1484 695 cognitio,
1509 659 1624 686 necdum
1654 659 1811 694 quisquam
1839 667 1898 687 suam

276 706 469 741 cogitationem
481 704 600 732 ﬁrmavit
613 705 658 731 tali
674 705 790 732 rationis
801 713 958 741 progressu,
971 713 1058 740 neque
1077 706 1164 733 ullum
1183 707 1326 742 vestigium
1343 714 1431 741 neque
1460 706 1567 742 signum
1599 705 1827 740 cotnprehcnsivi
1856 706 1899 733 adi-

277 758 320 781 tus
345 753 377 778 ad
397 751 682 786 incomprehensibilia
709 751 849 779 indicavit.

313 797 377 825 Hzec
398 798 490 832 itaque
514 805 577 824 cum
597 805 630 825 ex
649 804 748 832 magno
771 797 847 824 Pauli
870 798 981 833 ingenio
995 797 1066 825 didi-

1155 796 1246 823 Ταῦτα
1262 797 1350 824 τοίνυν
1367 797 1398 824 ὲκ
1408 797 1457 832 τῆς
1467 795 1647 831 ἀποπολικῆς
1663 797 1854 832 μεγαλοφυῐας
1862 807 1899 833 μα-

278 844 411 873 eerimus.
438 850 472 870 ex
496 843 539 870 his
555 850 616 877 quae
633 842 705 870 dicta
725 847 790 871 sunt
807 844 973 878 colligimus,
997 843 1070 878 quod

279 888 302 916 si
327 886 374 914 Dei
395 886 500 922 judicia
525 887 599 914 mtlla
624 887 845 921 perscrutatione
863 891 979 922 possunt
995 887 1069 915 inve-

278 932 342 962 niri,
362 937 451 966 neque
461 932 510 960 via:
519 931 710 965 pervestigari.
731 935 758 958 et
774 931 907 958 bonorum
924 932 1069 966 promissio

277 985 386 1004 omnem
408 977 576 1011 opinabilem
604 976 792 1011 conjecturam
813 980 840 1004 et
855 977 1070 1005 verisimilitudi-

277 1030 339 1048 nent
368 1025 491 1056 superat,
519 1026 624 1056 quanto
650 1023 736 1057 magis
757 1023 908 1050 secundum
934 1022 1071 1051 ineflabile

276 1073 359 1102 atque
386 1067 578 1094 inaccessibile
592 1067 721 1101 superius
733 1070 775 1094 est
786 1073 812 1094 et
827 1067 963 1095 excelsius
980 1068 1069 1103 ipsum

277 1111 383 1139 Numen
402 1111 528 1139 omnibus
558 1113 602 1140 his
625 1120 687 1148 qua:
712 1113 746 1139 de
761 1112 821 1146 ipso
840 1118 931 1140 mente
946 1118 972 1140 et
989 1114 1068 1140 intel-

278 1159 348 1185 lectu
367 1157 571 1192 concipiuntur,
590 1167 707 1193 quorum
723 1163 814 1186 tamen
828 1159 931 1186 nullam
947 1167 1007 1186 esse
1023 1167 1067 1186 co-

277 1204 424 1238 gnitionem
447 1211 463 1230 a
480 1203 535 1231 Deo
559 1204 673 1231 οαο-ιιις
693 1203 795 1232 Paulus
819 1203 992 1239 pronuntiat?
1008 1213 1069 1239 pt'O-

277 1254 371 1284 pterca
397 1251 423 1276 in
449 1250 529 1277 nubs
556 1251 622 1284 ipsis
649 1251 846 1278 conﬁrmamus
868 1251 967 1285 dogma
996 1249 1068 1285 quod

277 1295 477 1328 subsannatur,
495 1304 545 1323 nos
563 1296 707 1323 inferiores
723 1304 785 1324 esse
802 1296 954 1325 secundant
973 1297 1068 1331 cogni-

278 1341 380 1368 tionem
398 1342 440 1368 his
449 1350 510 1377 qua:
520 1349 536 1368 0
550 1353 554 1366 λ
568 1349 611 1368 n.s
623 1342 789 1377 cognitionis
801 1342 910 1369 modum
923 1343 1067 1373 excedunt,

276 1387 450 1420 conﬁtentes,
480 1392 507 1415 et
537 1395 601 1414 vere
630 1396 680 1414 nos
705 1387 823 1415 adorare
849 1389 969 1415 dicimus
996 1388 1068 1423 quod

276 1435 392 1462 scimus.
417 1434 527 1462 Scimus
556 1439 646 1460 autem
671 1434 766 1468 gloriic
792 1434 982 1461 celsitudinem
1009 1434 1068 1468 ejus

277 1481 325 1516 qui
345 1480 488 1512 adoratur,
507 1487 540 1507 eo
558 1480 629 1514 ipso,
653 1480 726 1514 quod
753 1487 807 1506 non
833 1480 971 1514 possimus
989 1480 1068 1506 ratio-

275 1527 359 1554 nibus
382 1525 626 1560 comprehendcre,
653 1526 822 1552 aestimantes
850 1525 1067 1559 magnitudinem

277 1571 525 1606 inexcogitabilem,
554 1571 676 1605 etquod
704 1579 718 1597 a
744 1570 860 1597 Domino
891 1570 1070 1598 Samaritana:

276 1616 380 1643 dictum
399 1620 451 1647 est,
468 1620 494 1642 et
510 1619 604 1642 contra
619 1622 669 1642 nos
688 1615 722 1641 ab
739 1615 905 1642 adversariis
921 1616 1068 1649 prolatum.

277 1661 368 1696 magis
385 1662 496 1696 proprie
510 1660 642 1688 adversus
663 1661 724 1687 illos
741 1660 858 1688 dicatur.
881 1661 931 1687 Vos
949 1660 1069 1688 adoratis

277 1708 348 1743 quod
369 1707 487 1739 nescitis,
516 1707 604 1741 inquit
622 1706 755 1734 Dominus
771 1707 804 1732 ad
822 1706 1020 1733 Samaritanam
1035 1707 1068 1738 ",

277 1753 471 1788 corporalibus
488 1752 594 1780 notitiis
609 1752 635 1779 in
656 1752 832 1787 opinionibus
848 1752 881 1780 de
903 1752 956 1780 Deo
970 1760 1070 1787 praeoc-

279 1804 421 1834 cupatam,
449 1799 531 1834 cujus
566 1806 657 1826 sermo
688 1799 819 1833 prazclare
851 1798 1067 1833 perstringitur:

280 1845 353 1881 quod
364 1845 529 1872 Samaritani
548 1844 631 1872 Deum
647 1852 676 1872 se
694 1844 810 1871 adorare
820 1848 957 1879 putantes,
972 1843 1070 1872 deinde

280 1892 366 1920 Deum
385 1891 567 1926 corporaliter
584 1891 646 1918 loco
664 1890 783 1917 insidere
806 1890 983 1922 arbitrantes,
1003 1897 1069 1917 voce

279 1942 359 1965 tenus
382 1937 487 1969 colunt,
515 1936 588 1963 aliud
609 1936 738 1971 quiddam
767 1938 858 1970 potius
885 1943 966 1970 quam
986 1935 1068 1963 Deum

279 1985 436 2012 adorantes.
463 1982 535 2009 Nihil
555 1982 627 2009 enim
649 1981 723 2017 quod
746 1982 807 2009 loco
830 1981 1068 2015 circumscriptum

278 2030 450 2064 intelligitur,
470 2027 576 2056 Numen
587 2032 640 2055 est.
665 2027 719 2055 Sed
741 2026 880 2062 proprium
892 2031 933 2054 est
942 2026 1068 2057 Deitatis.

279 2075 382 2109 ubique
404 2081 467 2102 esse
494 2078 520 2100 et
536 2081 583 2108 per
601 2073 691 2099 omnia
707 2079 809 2104 meare,
828 2072 959 2105 nulloque
983 2071 1070 2106 spatio

278 2119 479 2149 circumscribi.
490 2118 581 2151 Quare
593 2125 683 2145 sermo
696 2117 741 2152 qui
759 2121 856 2144 contra
867 2124 918 2144 nos
931 2116 1070 2151 profertur

281 2167 307 2194 in
321 2165 536 2196 accusationem,
548 2163 576 2190 in
589 2163 662 2198 ipsos
673 2163 776 2190 Christi
789 2167 991 2198 oppugnatores
1003 2170 1070 2190 con-

281 2212 406 2238 vertitur.
421 2209 456 2237 Ut
467 2210 539 2237 enim
561 2208 642 2236 locali
655 2208 772 2243 quadam
789 2208 973 2244 descriptione
984 2207 1068 2235 Deum

279 2257 416 2285 contineri
437 2255 604 2283 Samaritaui
621 2258 760 2289 putantes,
784 2254 945 2289 reprehensi
959 2253 1070 2281 fuerunt

281 2310 330 2338 per
344 2310 375 2329 ea
394 2309 454 2336 qua:
471 2300 629 2330 audierunt.
642 2301 705 2335 quia
717 2299 844 2328 Adoratis
858 2299 930 2334 quod
947 2300 1068 2331 nescitis,

280 2351 308 2375 ct
322 2347 400 2374 vobis
415 2347 507 2374 cultus
524 2345 557 2372 ad
578 2344 662 2372 Deum
679 2348 808 2382 spectans
824 2344 853 2370 ﬁt
869 2343 987 2370 inutilis:
1005 2351 1022 2370 n
1033 2351 1068 2370 tm

280 2394 327 2429 qui
345 2397 456 2428 putatur
476 2393 536 2420 loco
550 2391 680 2424 insidere,
698 2398 752 2418 non
767 2393 808 2417 est
825 2390 895 2417 Deus
915 2410 921 2416 .
951 2390 989 2416 sic
1004 2396 1069 2424 pro-

280 2440 340 2475 prie
363 2439 446 2466 etiam
475 2438 508 2466 ad
532 2439 582 2466 hos
608 2445 695 2465 novos
720 2436 910 2464 Santaritauos
929 2436 1010 2463 liceat
1028 2435 1070 2462 di-

281 2492 354 2516 cere,
372 2485 444 2519 quod
457 2485 565 2511 nomine
581 2483 745 2518 ἀγεννησίας
761 2482 975 2517 ingenerationis,
995 2482 1070 2509 velut

282 2533 342 2558 loco
369 2530 485 2565 quodam
506 2530 743 2564 circutnscrtptam
762 2536 824 2556 esse
845 2527 965 2555 divinam
979 2535 1071 2555 essen-

281 2577 347 2604 tiam
364 2576 549 2610 suspicantes,
568 2575 686 2601 adoratis
706 2574 775 2608 quod
792 2573 909 2605 nescitis,
929 2573 1001 2600 sicut
1018 2571 1072 2599 Deo

281 2622 390 2658 quidem
411 2622 576 2653 servientes,
596 2619 645 2647 sed
671 2620 828 2655 ignorantes
845 2618 890 2646 Dei
909 2618 1070 2645 inﬁnitatem

281 2667 415 2694 excedere
441 2673 552 2693 omnem
569 2664 782 2701 signiﬁeantiam
797 2663 940 2691 nominum
955 2667 982 2690 et
997 2669 1073 2690 com-

283 2712 507 2746 prchcnsioncm.

320 2799 342 2815 ³³
361 2799 439 2827 Rom.
474 2808 512 2833 ιι,
535 2800 580 2828 55.
616 2798 785 2835 ,³³ιιαοῐ.ιι,
801 2797 827 2825 9.

881 2796 903 2813 ³⁸
913 2795 991 2824 Joau.
1009 2803 1046 2829 tv,
1058 2795 1103 2822 22.

1125 843 1226 875 θόντες,
1241 843 1454 878 ἀναλογιζόμεθα
1469 843 1512 870 διὰ
1534 842 1587 869 τῶν
1601 843 1769 879 εἰρημένων,
1786 845 1829 872 ὅτι
1843 847 1862 872 εἱ
1877 847 1900 872 τὶ

1121 888 1241 924 κρίματα
1270 889 1477 925 ἐξερευνηθῆναι
1504 889 1533 916 οὑ
1550 887 1669 922 δύναται,
1685 889 1734 916 καὶ
1755 892 1787 917 αι
1799 892 1851 918 ὁδοὶ
1865 893 1899 918 I721

1120 934 1325 970 ὲξιχνιάζονται,
1343 936 1391 962 καὶ
1408 937 1424 971 ἡ
1440 935 1493 962 τῶν
1517 935 1627 969 ἀγαθῶν
1646 937 1809 971 ἐπαγγελία
1830 939 1900 972 πάσης

1121 981 1282 1016 ὑπέρκειται
1299 982 1351 1016 τῆς
1366 982 1582 1017 ἁποστοχασμῶν
1596 983 1735 1016 εἰκασίας,
1753 984 1833 1020 πόσῳ
1847 986 1899 1019 pit-

1120 1027 1165 1054 λον
1182 1027 1219 1061 τῷ
1233 1027 1324 1063 μέτρῳ
1341 1028 1411 1054 κατὰ
1429 1028 1459 1054 το
1475 1028 1612 1062 ἄφραστον
1626 1037 1656 1054 τε
1673 1029 1724 1055 καὶ
1740 1030 1901 1066 ἁπροσπῡα-

1121 1081 1193 1104 στον,
1219 1073 1354 1110 ἀνώτερὸν
1376 1075 1434 1100 ἐστι
1454 1074 1501 1101 καὶ
1521 1074 1685 1110 ὑψηλότερον
1699 1075 1771 1102 αὐτὸ
1791 1076 1822 1103 τὺ
1839 1074 1899 1100 Θεῖπί

1119 1119 1173 1145 τῶν
1190 1120 1254 1154 περὶ
1270 1119 1335 1146 αὑτὸ
1350 1119 1514 1154 νοουμένων,
1540 1117 1575 1148 ὧν
1586 1120 1717 1156 οὐδεμίαν
1727 1119 1803 1148 εἶναι
1817 1122 1901 1155 τνῶτῖν

1119 1165 1134 1191 ὁ
1149 1164 1316 1196 θεοδίδακτος
1331 1165 1510 1199 ἀποφαίνεται
1520 1164 1640 1199 Παῦλος;
1652 1167 1701 1193 καὶ
1714 1166 1762 1193 διὰ
1778 1167 1857 1194 τοῦτο

1120 1209 1196 1236 ϐαιοῦ
1201 1219 1249 1245 μεν
1264 1211 1292 1237 ὲν
1303 1211 1368 1245 ἡμῖν
1382 1211 1472 1242 αὐτοῖς
1479 1211 1508 1237 τὸ
1523 1210 1800 1247 καταχλευαζόμενον
1811 1213 1902 1247 δόγμα·

1119 1255 1311 1290 ὁμολογοῦντες
1333 1255 1461 1288 ἐλάττους
1491 1253 1563 1282 εἶναι
1591 1256 1661 1283 κατὰ
1682 1256 1734 1292 τὴν
1749 1258 1851 1291 γνῶητῑν
1865 1258 1905 1284 τῶς

1120 1301 1336 1336 ὑπερϐαινόντων
1362 1301 1410 1337 τὴν
1433 1301 1542 1336 γνῶσιν,
1570 1303 1616 1329 καὶ
1638 1305 1807 1338 προσκυνεῖν
1830 1311 1903 1337 (μιμεῖ

1119 1347 1226 1382 ἀληθῶς
1243 1346 1311 1382 ὅπερ
1322 1346 1444 1381 οἴδαμεν,
1457 1347 1574 1383 Οἴδαμεν
1588 1347 1616 1374 δὲ
1636 1347 1668 1374 τὺ
1689 1347 1760 1382 ιπ
1771 1349 1823 1384 τῆς
1841 1349 1906 1382 είξτς

1119 1391 1164 1418 τοῦ
1180 1391 1426 1426 προσκυνουμένου,
1440 1391 1513 1426 αὐτῷ
1528 1391 1566 1427 τῷ
1577 1392 1613 1427 μὴ
1628 1392 1764 1420 δύνασθαι
1777 1396 1833 1424 τοῖς
1847 1393 1905 1426 λοτισ

1120 1437 1198 1471 σμοίς
1223 1436 1395 1467 καταλαὸεἰν,
1426 1437 1647 1472 ἀναλογιζόμενοι
1663 1438 1694 1466 τὸ
1715 1439 1766 1466 τοῦ
1787 1440 1906 1474 μεγέθςλς

1119 1481 1288 1512 ἀνείκαστον.
1310 1482 1357 1508 καὶ
1380 1481 1410 1508 τὸ
1424 1482 1492 1517 πρὸς
1514 1482 1563 1517 τὴν
1581 1483 1750 1518 Σαμαρεῖτιν
1773 1485 1850 1519 παρὰ
1871 1484 1906 1510 τώ

1119 1528 1221 1564 Κυρίου
1239 1527 1329 1563 ῥηθὲν,
1347 1527 1406 1554 καθ’
1420 1527 1498 1562 ἡμῶν
1513 1528 1541 1554 δὲ
1556 1528 1631 1563 παρὰ
1653 1529 1709 1556 τῶν
1725 1531 1837 1566 ἐχθρῶν
1855 1539 1907 1566 πρ)-

1120 1575 1279 1610 φερόμενον,
1296 1573 1364 1609 πρὸς
1377 1573 1497 1606 ἐκείνους
1513 1573 1545 1600 ἂν
1558 1574 1658 1609 μᾶλλον
1676 1576 1785 1610 κυρίως
1802 1577 1906 1610 λέτοπο.

1119 1621 1155 1647 Τδ
1170 1620 1233 1656 γὰρ,
1260 1620 1359 1654 ἠιεῖς
1385 1620 1582 1654 προσκυνεῖτε
1607 1620 1622 1647 ὂ
1651 1622 1708 1648 οὐκ
1720 1622 1838 1653 οἴδατε,
1854 1623 1907 1658 ςττὶ

1120 1665 1186 1700 πρὸς
1201 1665 1250 1700 τὴν
1265 1665 1429 1699 Σαμαρεῖτιν
1447 1664 1461 1690 ὁ
1482 1665 1592 1700 Κύριος,
1608 1669 1786 1700 σωματικαῖς
1802 1669 1908 1696 ἑννοίας

1119 1711 1148 1737 ὲν
1160 1712 1218 1742 ταῖς
1235 1711 1298 1746 περὶ
1310 1709 1376 1737 Θεοῦ
1390 1709 1478 1743 δόξαις
1496 1711 1727 1750 προειλημμένην,
1746 1711 1782 1748 ἧς
1800 1713 1907 1744 καλώςέ

1118 1755 1197 1790 λόγος
1213 1755 1382 1782 καθάπτεται
1391 1763 1398 1769 ·
1411 1754 1452 1781 ὃτι
1467 1754 1531 1782 Θεὸν
1542 1757 1703 1790 προσκυνεῖν
1711 1757 1737 1782 οἱ
1747 1757 1907 1792 Σαμαρεῖτει

1120 1801 1286 1835 νομίζοντες,
1303 1798 1363 1827 εἶτα
1380 1800 1543 1835 σωματικῶς
1564 1801 1779 1837 ἐγκαθιδρύσθαι
1792 1803 1869 1837 τόπῳ
1886 1803 1905 1826 τῆ

1117 1847 1191 1874 Θεῑον
1203 1847 1334 1882 οἰόμενοι,
1355 1846 1436 1880 μέχρι
1455 1845 1505 1880 τῆς
1518 1846 1608 1880 φωνῆς
1624 1847 1794 1880 εὐσεϐοῦσιν,
1815 1849 1878 1875 ἄλλο
1890 1856 1909 1871 -.-.

1121 1891 1336 1927 πρηκυνοῦντες
1349 1891 1395 1917 καὶ
1409 1889 1440 1916 οὑ
1455 1889 1530 1916 Θεόν.
1545 1890 1627 1916 usae»,
1640 1891 1695 1926 γὰρ
1711 1892 1740 1918 ἐν
1757 1892 1908 1927 περιτριζῖ

1121 1936 1275 1971 νοούμενον,
1297 1936 1372 1963 Θεῖόν
1396 1937 1485 1963 ἐστιν·
1504 1936 1560 1962 ἀλλ’
1584 1936 1649 1963 ἴδιον
1666 1936 1717 1971 τῆς
1731 1936 1877 1970 Θεότητκ,
1889 1936 1909 1960 4:

1121 1982 1257 2017 πανταχοῦ
1280 1980 1359 2013 εἶναι,
1381 1982 1426 2008 καὶ
1450 1981 1494 2008 διὰ
1510 1981 1618 2008 πάντων
1634 1981 1722 2017 ἦκειν.
1750 1982 1797 2008 καὶ
1824 1982 1907 2016 μηίεειτ

1121 2027 1334 2063 περιείργεσθαι.
1351 2023 1432 2053 "dare
1455 2027 1666 2062 περιστρέφεται
1690 2028 1748 2058 τοῖς
1764 2028 1907 2062 {pta-mu:-

1121 2081 1178 2108 χοις
1194 2074 1233 2104 εἰς
1257 2072 1423 2108 κατηγορίαν
1454 2072 1543 2100 αὐτῶν
1563 2074 1576 2099 ὁ
1594 2073 1655 2100 καθ’
1675 2073 1755 2108 ἡμῶν
1779 2074 1910 2108 προτερήο

1086 2138 1108 2166 D
1123 2127 1202 2154 μενος
1218 2119 1305 2152 λόγος.
1326 2119 1369 2150 Ὠς
1382 2118 1435 2154 γὰρ
1446 2120 1542 2154 τοπικῇ
1558 2127 1611 2145 τινι
1627 2121 1783 2154 περιγραςῇ
1798 2119 1832 2144 τὸ
1842 2119 1908 2144 8::‘cv

1124 2163 1299 2199 περιέχεσθαι
1325 2162 1491 2198 Σαμαρεῖται
1519 2162 1686 2198 νομίζοντες,
1708 2163 1910 2197 ἐπετιμήῦηςιῖ

1122 2209 1155 2236 δι’
1168 2207 1204 2236 ὧν
1220 2210 1338 2244 ἥκουσαν
1352 2217 1358 2224 ·
1380 2206 1419 2233 ὄτι
1434 2207 1614 2243 Προσκυνεῐτε
1642 2208 1656 2234 ὂ
1680 2209 1730 2235 οὐκ
1747 2209 1853 2237 οἴδατε,
1871 2209 1910 2234 πὶ

1122 2255 1250 2289 ἀνόνητος
1269 2254 1373 2289 γίνεται
1390 2253 1453 2288 ὑμῖν
1476 2254 1492 2288 ὴ
1516 2254 1629 2288 λατρεία
1654 2255 1670 2289 ἡ
1687 2254 1754 2290 πρὸς
1768 2254 1841 2281 Θεδν
1857 2255 1910 2288 fit-3»

1123 2307 1223 2326 πουσα·
1233 2300 1297 2331 Θεὸς
1308 2301 1362 2336 γὰρ
1374 2299 1449 2334 τόπῳ
1462 2299 1514 2326 τινὶ
1529 2299 1708 2335 καθιδρύσθαι
1723 2299 1907 2335 νομιζόμενα.

1123 2346 1188 2378 Θεὸς
1202 2346 1250 2372 οὐκ
1264 2346 1335 2372 ἔστιν
1347 2353 1354 2360 ·
1370 2346 1454 2377 οὕτως
1469 2345 1501 2372 ἂν
1517 2345 1560 2380 εἴη
1585 2345 1687 2381 κυρίως
1701 2346 1747 2372 καὶ
1764 2346 1839 2380 πρὸς
1857 2348 1908 2373 τες

1123 2392 1200 2423 νέους
1212 2391 1382 2427 Σαμαρείτας
1393 2391 1489 2423 εἰπεῖν,
1503 2391 1543 2417 ὅτι
1558 2391 1597 2426 τῷ
1616 2391 1726 2425 ὀνόματι
1739 2391 1786 2426 τῆς
1829 2391 1911 2424 ἆγεν--

1122 2438 1242 2472 νησίας,
1259 2434 1314 2464 οἶόν
1330 2446 1381 2464 τινι
1401 2437 1477 2473 τόπῳ
1497 2436 1687 2472 περιειλῆφθαι
1707 2437 1756 2470 τὴν
1776 2435 1863 2463 θείειν
1876 2440 1910 2460 5;-

1124 2483 1183 2510 σίαν
1198 2483 1384 2518 ὑπονοοῦντες,
1394 2483 1590 2519 προσκυνεῖτε
1602 2482 1617 2509 ὃ
1625 2483 1679 2509 οὐκ
1688 2481 1798 2512 οἴδατε,
1808 2482 1851 2513 ὼς
1860 2481 1912 2513 Θεὲι

1124 2530 1173 2564 μὲν
1193 2529 1378 2565 λατρεύοντες,
1410 2528 1570 2563 ἀγνοοῦντες
1594 2527 1622 2555 δὲ
1650 2527 1690 2554 ὅτι
1706 2527 1800 2561 πάσης
1819 2528 1873 2561 τῆς
1888 2527 1911 2556 ἐξ

1120 2574 1258 2609 ὀνομάτων
1274 2574 1411 2610 σημασίας
1427 2574 1474 2601 καὶ
1495 2573 1664 2609 περιλήψεως
1678 2571 1853 2608 ὑπερπίπτει
1873 2572 1911 2598 m3

1121 2619 1188 2647 Θεοῦ
1198 2620 1228 2647 τὸ
1236 2620 1370 2655 ἀόριστον.
