1920 3073
30 136 75 164 605

67 190 139 218 ’Λλλά
169 190 216 217 ἐπὶ
244 189 324 216 πλέον
367 190 522 226 παρηνέχθη
537 190 592 216 τῶν
614 189 801 226 προκειμένων
815 190 839 219 Α

30 239 41 265 ὁ
52 238 129 272 λόγος,
140 238 194 268 τοῖς
204 236 248 262 ἀεὶ
265 235 335 263 κατά
347 236 386 262 ’τὸ
407 236 551 263 ἀκόλουθον
563 236 801 272 ὲφευρισκομένοις

30 285 163 318 ἑπόμενοςο
187 281 284 308 οὐκοῦν
306 282 386 309 πάλιν
406 281 455 317 τὴν
481 281 641 308 ἀκολουθίαν
667 281 801 307 ὲπαναλὰ·

31 329 117 364 ίωμεν.
134 327 246 362 Ἐπειδὴ
267 327 316 362 τὴν
343 327 521 362 προτεθεῖσαν
545 327 619 363 αὺτῷ
632 327 711 362 ῥῆσιν
732 328 800 354 ἀπο-

30 374 140 409 χρώντως
153 369 228 407 οἶμαι
244 371 288 398 διὰ
302 371 355 398 τῶν
371 372 521 406 εἰρημένων
534 371 751 406 πεφανερῶσθαι,
771 371 800 398 οὐ

31 419 87 455 πρὸς
114 417 161 452 τὴν
189 417 318 452 ἀλήθειαν
348 418 438 452 μόνον,
469 417 536 444 ἀλλά
559 417 686 453 καὶπρὸς
702 417 800 452 ἑαυτὴν

30 466 128 500 ἔχουσαν
138 464 273 495 ἐναντίως.
288 465 319 490 Et
335 464 390 498 γάρ
403 463 462 490 κατ’
478 463 577 495 αὐτοὺς
593 463 609 498 ἡ
625 463 726 498 φυσικὴ
741 463 801 498 σχέ-

31 519 64 541 σις
78 511 108 545 τῇ
133 509 177 536 τοῦ
200 509 263 535 Υἱοῦ
278 509 446 545 προσηγορίᾳ
460 508 527 544 πρὸς
551 509 596 534 τὸν
614 508 722 544 Πατέρα
740 516 801 534 συν-

32 554 132 585 ίσταται,
147 554 192 580 καὶ
202 554 269 589 πρὸς
278 554 323 579 τὸν
332 553 524 587 γεγεννηκότα,
535 554 551 589 ἡ
564 553 610 580 τοῦ
621 554 700 589 γεννή
706 563 799 589 ματος,

30 599 89 625 κατὰ
102 607 158 626 τινα
186 599 382 634 γραμματικὴν
399 598 544 634 φλυαρίαν,
562 598 612 630 τὰς
631 599 801 634 σημαντικὰς

29 645 70 679 τῆς
82 645 151 676 θείας
165 644 272 678 φύσεως
295 644 379 677 λέξεις
394 644 442 678 τῆς
458 644 553 677 σοφίας
564 644 666 671 τούτων
682 646 721 676 είς
741 645 801 671 ὀνο-

31 691 108 724 μάτων
127 690 218 725 σχῆμα
232 689 455 725 παρατυπούσης,
464 690 552 716 οὐκέτ’
565 691 598 717 ἄν
609 699 650 722 τις
658 690 802 726 ιάμφιὸἀλ-

29 736 62 762 λοι
73 735 116 770 τὴν
130 737 160 762 ἐκ
174 735 281 770 φύσεως
293 737 493 772 συνισταμένην
509 737 562 763 τῶν
575 737 715 771 ὀνομάτων
733 737 801 772 πρὸς

29 782 116 816 ἄλληλα
132 783 231 816 σχέσιν,
249 781 385 814 ἀπόδειξιν
404 783 453 817 τῆς
478 783 536 809 κατ’
551 782 645 809 οὐσίαν
659 782 747 808 αὐτῶν
761 783 801 808 οὶ-

30 828 162 862 κειότητος,
176 827 276 862 μᾶλλον
289 827 316 853 δὲ
332 827 495 862 ταυτότητος
515 828 645 863 γίνεσθαι.
669 828 749 854 ’Λλλά
764 828 800 863 μὴ

31 873 191 908 μεταϐαλέτω
214 873 264 909 τὴν
290 873 414 900 ἐναντίαν
434 874 525 909 φωνὴν
538 874 696 909 ὀήμέτερος
712 874 799 907 λόγος.
818 865 838 893 Β

34 919 70 950 Ὠς
80 919 110 946 ἂν
122 920 157 955 μὴ
172 920 263 955 δοκοίη
281 921 313 955 τῇ
327 920 454 955 ἀσθενείᾳ
470 920 538 956 μόνῃ
554 920 607 946 τῶν
619 919 802 955 ἀντιμαχομέ-

29 973 73 991 νων
94 965 122 991 τὸ
147 965 235 1000 δόγμα
261 967 310 1000 τῆς
335 965 474 996 εὐσεϐείας
493 965 682 1000 κρατύνεσθαι,
703 965 760 992 ἀλλ’
773 965 802 991 ὲν

28 1010 104 1046 ἐαυτῷ
119 1011 233 1045 μάλιστα
247 1010 296 1046 τὴν
317 1011 394 1046 ίσχῦν
411 1011 492 1046 ἔχειν.
517 1011 561 1042 Ὠς
583 1008 628 1037 οὖν
649 1011 706 1037 ἐστι
723 1010 802 1036 δυνα-

28 1057 74 1087 τὸν,
97 1057 129 1083 δι’
157 1057 341 1092 εὐτονωτέρας
367 1057 417 1091 τῆς
449 1057 611 1092 συνηγορίας
628 1056 802 1092 βεϐαιωθήτω

29 1101 83 1136 παρ’
113 1101 187 1136 ἡμῶν
214 1101 302 1128 αὐτῶν
326 1102 340 1128 6
365 1101 548 1136 ἀντικείμενος
563 1101 650 1136 λόγος,
676 1101 714 1133 ὡς
727 1102 802 1127 ἆντδ

30 1147 181 1182 ὑπερϐάλλον
196 1148 247 1182 τῆς
271 1147 412 1182 δυνάμεως
428 1147 607 1182 διαγνωσοείη
624 1147 693 1174 κατὰ
703 1147 802 1183 πολλὴν

30 1191 184 1227 πεποίθησιν,
198 1193 246 1218 καὶ
262 1191 296 1218 τὰ
311 1192 550 1228 παραλελειμμένα
564 1192 640 1227 παρά
654 1192 708 1218 τῶν
722 1193 800 1218 ἔναν-

28 1238 82 1264 τίων
93 1239 128 1270 είς
142 1238 244 1274 ἀκριϐῆ
269 1238 385 1273 βάσανον
404 1237 452 1272 τῆς
464 1237 590 1272 ἀληθείας
607 1237 685 1272 ἡμῶν
703 1246 802 1272 προφε-

29 1283 127 1317 ρόντων.
148 1284 222 1319 Ἐρεί
237 1283 290 1319 γάρ
310 1284 374 1314 ἴσως
392 1283 406 1308 ὁ
416 1284 472 1314 τοῖς
486 1282 615 1314 ἐναντίοις
631 1283 802 1318 ἰσχυριζόμε-

28 1337 71 1359 νος,
86 1330 124 1355 ὅτι
138 1329 166 1356 οὺ
187 1329 296 1360 πάντως
318 1329 334 1364 ἡ
359 1327 406 1354 τοῦ
436 1328 494 1354 υἱοῦ
513 1328 559 1354 καὶ
574 1328 620 1354 τοῦ
634 1329 802 1363 γεννήματος

28 1374 109 1408 κλῆσις
130 1375 159 1402 τὸ
183 1375 256 1402 κατὰ
269 1374 317 1410 τὴν
332 1375 413 1409 φύσιν
436 1375 533 1401 οἰκεῖον
557 1375 728 1410 παρίστησιν.
747 1375 802 1402 Καὶ⁸

27 1419 72 1454 γὰρ
84 1421 127 1447 καὶ
152 1421 247 1447 τέκνον
262 1429 303 1452 τις
320 1421 405 1456 ὀργῆς
422 1421 450 1446 ὲν
464 1421 497 1455 τῇ
514 1420 608 1455 Γραφῇ
621 1419 738 1453 λέγεται,
755 1420 803 1446 καὶ

28 1466 150 1498 ἀπωλείας
173 1466 247 1498 υἱὸς,
275 1465 320 1492 καὶ
334 1465 457 1500 γέννημα
475 1465 590 1500 ἐχίδνης,
610 1465 657 1491 καὶ
673 1465 702 1492 οὐ
716 1464 801 1500 δήπου

28 1512 135 1546 κοινότης
156 1520 198 1543 τις
230 1511 337 1546 φύσεως
362 1511 418 1541 τοῖς
446 1509 576 1541 τοιούτοις
603 1509 717 1544 ὀνόμασι
739 1518 801 1535 συν-

28 1557 143 1592 ανεφάνη.
159 1557 195 1583 Οὺ
210 1556 267 1591 γὰρ
277 1555 373 1582 ταύτόν
390 1555 446 1581 ἐστι
461 1555 501 1590 τῷ
517 1555 686 1590 ὑποκειμένῳ
703 1554 802 1586 Ἰούδας
815 1547 837 1574 (ἶ

27 1602 38 1627 ὁ
51 1602 92 1637 τῆς
104 1602 239 1633 ἀπωλείας
251 1601 308 1633 υἱὸς
327 1601 529 1636 ὠνομασμένος,
544 1601 590 1628 καὶ
603 1601 670 1636 αὐτὴ
684 1601 754 1627 κατὰ,
772 1601 804 1627 τὸ

27 1647 154 1682 νοούμενον
169 1649 185 1684 ἠ
198 1647 332 1675 ἀπώλεια.
352 1647 433 1674 Ἄλλο
454 1647 508 1682 γὰρ
521 1647 567 1673 τοῦ
585 1647 655 1674 κατὶι
675 1647 720 1673 τὸν
737 1647 803 1673 Ἰού-

27 1693 76 1726 δαν,
99 1696 144 1722 καὶ
170 1696 265 1731 ἕτερον
295 1695 344 1730 τῆς
373 1694 508 1726 ἀπωλείας
530 1694 561 1721 τὸ
594 1694 801 1729 σημαινόμενον.

33 1739 132 1774 Ὁμοίως
146 1741 173 1767 δὲ
185 1741 233 1767 καὶ
249 1742 281 1767 εκ
291 1741 338 1767 τοῦ
356 1740 476 1767 ἐναντίου
487 1740 537 1775 τὴν
552 1739 612 1774 ἴσην
631 1740 803 1775 κατασκευὴν

28 1783 117 1818 ΰλόγος
134 1786 198 1821 ἔχοι.
214 1786 276 1812 Υἱοὶ
289 1786 343 1821 γὰρ
364 1785 450 1820 φωτός
471 1795 542 1817 τινος
560 1786 606 1812 καὶ
625 1786 677 1812 υἱοὶ
698 1786 804 1821 ἡμέρας

27 1829 164 1865 λεγόμενοι,
187 1833 218 1858 οὐ
237 1831 336 1858 ταύτόν
361 1833 413 1857 εἰσι
433 1831 471 1867 τῷ
496 1832 565 1865 φωτὶ
589 1833 635 1858 καὶ
656 1833 688 1867 τῇ
713 1832 804 1867 ἡμέρᾳ

28 1877 87 1903 κατὰ
99 1877 141 1904 τὸν
154 1878 233 1912 λόγον
247 1878 296 1912 τῆς
319 1877 434 1911 φύσεως,
449 1877 495 1904 καὶ
515 1878 599 1903 τέκνα
612 1877 658 1903 τοῦ
679 1878 804 1913 Ἀϐραὰμ

26 1919 46 1944 τί
58 1919 119 1946 λίθοι
128 1921 258 1954 γίνονται,
272 1922 335 1947 ὅταν
346 1921 389 1948 διὰ
403 1922 450 1955 τῆς
466 1921 581 1952 πίστεως
595 1922 642 1948 καὶ
655 1922 803 1956 τῶνὲργων

28 1965 171 1999 συγγένειαν
198 1967 248 2002 τὴν
276 1967 344 2002 πρὸς
363 1967 444 1993 αὐτὸν
468 1966 638 1998 οἰκειώσωσι,
657 1968 702 1993 καὶ
723 1970 748 1992 ο)
764 1967 804 1999 τῷ

27 2010 159 2045 Ili-eligam
171 2012 224 2039 τοῦ
241 2012 315 2039 Θεοῦ
332 2012 480 2047 ἀγόμενοι,
493 2011 584 2043 καθώς
595 2021 676 2046 φησιν
693 2013 706 2038 ὁ
727 2012 805 2037 ’Λπό-

27 2056 117 2086 στολος,
147 2057 200 2083 υἱοὶ
209 2055 277 2083 Θεοῦ
287 2055 421 2090 λέγονται,
451 2058 480 2084 οὐ
490 2058 587 2084 ταύτὸν
602 2059 676 2089 ὄντες
690 2058 729 2092 τῷ
746 2058 805 2093 Θεῷ

27 2104 86 2130 κατὰ
95 2104 140 2139 τὴν
151 2104 231 2138 φύσιν
242 2112 248 2119 ·
263 2104 308 2130 καὶ
320 2103 403 2129 πολλὰ
415 2104 525 2131 τοιαῦτα
537 2105 610 2140 παρά
620 2106 669 2140 τῆς
681 2104 806 2131 Θεοπνεύ-

28 2156 80 2174 στου
94 2150 202 2185 Γραφῆς
214 2150 289 2176 ἔστιν
301 2149 490 2182 ἀναλέξασθαι,
503 2147 700 2185 δι’ὦνὴᾰπὰτη
720 2151 805 2177 καθά-

567 131 705 160 CONTRA
722 123 916 163 EUNOMIUM',
934 129 999 158 LIB.
1018 130 1061 158 Ill.

1588 131 1641 160 606

890 186 943 214 Sed
962 187 1069 222 longius
1087 186 1120 215 de
1132 187 1214 216 rebus
1234 187 1384 222 propositis
1405 187 1494 214 oratio
1506 187 1638 218 excurrit,

851 233 930 268 quasi
960 237 1091 268 perpetua
1115 235 1187 262 serie
1209 242 1241 262 ea
1265 242 1327 268 qua;
1349 241 1397 268 per
1425 235 1639 268 consequentias

850 279 1030 306 inveniuntur
1046 287 1166 314 sequens
1182 289 1188 306 :
1211 287 1294 314 quare
1306 280 1529 307 consecutionem
1543 287 1641 307 rursus

849 327 1017 359 repetamus.
1035 324 1260 360 Quandoquidem
1278 325 1445 360 propositam
1462 325 1495 352 ab
1508 326 1568 360 ipso
1581 325 1640 353 dic.

850 370 951 397 tionem
974 371 1084 398 abunde
1102 371 1169 399 satis
1188 379 1250 399 reor
1276 379 1325 406 per
1350 379 1381 399 ea
1401 379 1463 406 quae
1482 372 1553 399 dicta
1574 378 1640 400 sunt

850 415 1018 443 declaratum
1043 423 1114 448 esse,
1145 424 1199 443 non
1231 417 1320 443 solum
1348 417 1467 456 veritati.
1483 417 1532 444 sed
1556 417 1638 444 etiam

850 462 961 496 sibiipsi
978 469 1039 489 esse
1055 463 1231 489 contrariam.
1251 462 1278 489 Si
1294 462 1377 494 enim,
1401 466 1431 489 ut
1451 463 1503 497 ipsi
1532 463 1638 494 volunt.

851 508 986 535 naturalis
1003 508 1102 536 relatio
1122 508 1183 535 Filii
1200 509 1383 544 appellatione
1399 509 1432 535 ad
1446 508 1555 536 Patrem
1571 517 1639 536 con-

851 554 986 584 stituitur.
1001 558 1029 581 et
1044 555 1076 581 all
1099 562 1161 582 eum
1176 555 1221 589 qui
1237 555 1333 590 genuit
1346 554 1526 589 gennematis,
1542 555 1568 581 id
1596 561 1639 584 est

850 599 997 634 progeniei,
1008 598 1111 630 relatio.
1119 599 1270 626 secundum
1276 599 1421 633 quamdam
1434 600 1638 634 grammaticam

851 645 1036 680 nugationem,
1051 645 1245 679 signiﬁcativas
1264 645 1362 672 divinae
1381 650 1486 672 natura
1506 645 1641 672 dictiones

852 690 950 717 borum
972 691 1106 725 sapientia
1132 691 1165 716 ad
1191 690 1304 725 ﬁguram
1322 690 1463 716 nominum
1483 689 1640 725 efﬁngente,

852 743 906 763 non
927 736 1046 771 amplius
1061 737 1123 771 quis
1139 737 1270 771 ambigat.
1288 743 1320 763 ex
1341 740 1439 763 natura
1461 736 1640 763 constitutam

851 782 994 808 nominum
1019 782 1091 808 inter
1107 790 1137 809 se
1158 782 1328 814 relationem,
1352 782 1585 810 necessitudinem
1598 782 1640 810 vel

851 828 943 862 potius
968 827 1120 855 identitalis
1146 828 1407 855 demonstrationem
1426 828 1494 854 ﬁeri.
1521 827 1573 855 Sed
1591 828 1638 855 ad-

853 875 1036 902 rersariorum
1060 881 1154 901 V006!“
1172 878 1265 900 HOSll‘a
1283 881 1336 900 non
1352 877 1437 900 mutet
1453 881 1541 907 neque
1555 881 1640 908 Περιι-

854 920 909 947 dict
925 920 1022 946 oratio.
1043 918 1077 946 Ut
1092 927 1146 945 non
1162 919 1220 946 sola
1235 918 1420 945 imbecillitate
1435 917 1639 945 adversantium

852 967 962 1002 pietatis
983 966 1080 1001 dogma
1101 965 1258 992 conﬁrmari
1275 964 1408 996 videatur,
1431 964 1477 991 sed
1501 964 1528 990 in
1549 963 1641 998 δείρεο

853 1011 973 1039 maxime
988 1011 1072 1038 robur
1084 1010 1195 1037 habere.
1209 1009 1348 1042 Quantum
1369 1009 1451 1043 igitur
1467 1009 1523 1036 ﬁeri
1540 1013 1640 1044 potest.

852 1056 1007 1083 robustiore
1029 1055 1182 1090 patrocinio
1196 1062 1210 1081 a
1233 1054 1313 1082 nobis
1331 1054 1398 1089 ipsis
1423 1054 1640 1082 adversariorum

852 1109 944 1130 sermo
973 1102 1162 1135 contlrmetur,
1193 1105 1223 1128 ut
1251 1109 1283 1128 ex
1309 1100 1393 1127 multa
1422 1104 1515 1128 nostra
1543 1099 1641 1127 ﬁducia

851 1153 984 1184 quantum
1004 1149 1111 1175 viribus
1127 1155 1287 1182 superemus
1303 1146 1492 1181 dignoscatur,
1508 1153 1540 1173 ea
1558 1146 1640 1173 etiam

851 1201 912 1227 qua!
946 1193 980 1220 ab
1008 1192 1176 1220 adversariis
1198 1196 1266 1219 sunt,
1293 1191 1432 1226 praeterita
1457 1191 1490 1218 ad
1518 1191 1642 1219 veritatis

851 1243 974 1266 exactam
1001 1238 1190 1273 probationem
1214 1236 1394 1272 proferentcs.
1422 1236 1497 1263 Dicet
1526 1236 1643 1263 fortasse

851 1287 897 1321 qui
923 1286 1070 1313 contrariis
1095 1285 1193 1311 nititur
1212 1287 1239 1311 et
1264 1283 1407 1310 contendit
1430 1282 1548 1313 fortiter,
1567 1282 1641 1316 quod

851 1340 905 1358 non
931 1331 1042 1357 omnino
1066 1331 1113 1357 ﬁlii
1137 1329 1164 1357 et
1193 1329 1374 1363 gennematis,
1407 1328 1466 1355 sive
1498 1328 1638 1362 progeniei

852 1377 1008 1412 appeilatio,
1031 1376 1103 1410 quod
1123 1375 1273 1404 secundum
1294 1379 1420 1401 naturam
1444 1377 1486 1400 est
1501 1373 1640 1408 proprium

851 1427 1048 1457 reprarsentat;
1074 1429 1135 1447 nam
1163 1425 1188 1448 et
1213 1421 1239 1447 in
1259 1419 1400 1455 Scriptura
1418 1420 1490 1447 ﬁlius
1516 1419 1564 1446 irae
1578 1419 1642 1454 quis

852 1468 966 1499 dicitur,
989 1471 1016 1494 et
1032 1466 1195 1502 perditionis
1211 1466 1294 1497 ﬁlius,
1312 1471 1339 1493 et
1359 1473 1491 1500 gennema
1507 1465 1564 1493 sive
1577 1473 1641 1500 pro-

853 1515 944 1548 genios
971 1514 1137 1548 viperarum,
1154 1519 1241 1546 neque
1258 1511 1312 1538 ulla
1329 1515 1434 1538 naturae
1459 1510 1642 1538 communitas

854 1563 896 1590 his
911 1561 1068 1589 nominibus
1085 1559 1165 1587 simul
1177 1559 1317 1587 declarata
1332 1562 1374 1585 est
1387 1567 1393 1590 ;
1413 1566 1467 1584 non
1484 1557 1556 1584 enim
1570 1558 1640 1585 idem

854 1613 896 1636 est
917 1616 978 1635 cum
1002 1607 1127 1641 subjecto
1150 1605 1219 1632 Jmla
1238 1604 1403 1640 perditionis
1429 1603 1501 1631 ﬁlius
1516 1604 1641 1630 nomina-

855 1658 908 1684 tus.
921 1658 947 1680 ct
966 1654 1023 1688 ipsa
1040 1651 1192 1680 secundum
1208 1651 1234 1678 id
1254 1651 1324 1685 quod
1339 1649 1500 1684 intelligitur
1515 1649 1640 1684 perditio.

853 1699 933 1726 Aliud
957 1700 1029 1726 eniln
1047 1697 1229 1732 signiﬁcatum
1245 1697 1363 1723 hominis
1383 1695 1468 1725 Julia}.
1487 1695 1559 1721 aliud
1581 1702 1643 1729 per-

855 1744 978 1773 ditionis.
994 1744 1126 1770 Similiter
1137 1743 1218 1769 ctiam
1234 1749 1248 1769 e
1261 1742 1401 1769 contrario
1423 1741 1554 1775 :equalem
1573 1748 1640 1766 con-
1657 1747 1662 1750 ‘

854 1790 1032 1818 structioncm
1060 1796 1150 1815 sermo
1174 1788 1273 1815 habere
1294 1787 1391 1822 possit.
1412 1786 1478 1812 Nam
1498 1786 1544 1812 ﬁlii
1573 1786 1643 1813 lucis

855 1836 974 1870 alicujus
999 1840 1024 1862 et
1048 1835 1094 1861 ﬁlii
1124 1834 1178 1860 diei
1199 1833 1244 1867 qui
1268 1833 1408 1863 dicuntur,
1424 1840 1477 1859 non
1494 1832 1563 1859 idem
1579 1837 1644 1859 sunt

855 1889 917 1908 cum
938 1881 998 1907 luce
1023 1884 1049 1906 et
1069 1880 1123 1909 die,
1145 1877 1294 1905 secundum
1320 1881 1428 1903 naturm
1451 1876 1596 1907 rationem,
1617 1880 1654 1903 ιλιι

857 1928 904 1955 ﬁlii
923 1927 1061 1954 Abraham
1080 1925 1184 1959 lapides
1199 1923 1267 1950 ﬁunt
1285 1930 1346 1949 cum
1360 1930 1408 1957 per
1424 1921 1503 1948 ﬁdem
1521 1926 1548 1948 et
1560 1928 1644 1955 opera

855 1972 1048 2006 cognationem
1066 1978 1128 1998 cum
1146 1970 1207 2004 ipso
1223 1969 1276 1996 sibi
1301 1967 1457 1996 asciverint.
1479 1971 1506 1994 et
1522 1969 1568 2001 qni
1580 1966 1642 2002 Spi-

858 2018 911 2043 ritu
930 2017 979 2044 Dei
992 2021 1116 2054 aguntur,
1146 2015 1217 2043 sicut
1240 2014 1361 2049 loquitur
1377 2012 1529 2047 Apostoius
1545 2013 1578 2044 ",
1594 2011 1642 2038 ﬁlii

857 2064 902 2090 Οιιῖ
932 2064 1072 2093 dicuntur,
1095 2069 1158 2088 cum
1181 2069 1234 2088 nor:
1262 2061 1316 2088 sint
1335 2060 1406 2087 idem
1432 2067 1495 2086 cum
1520 2058 1575 2086 Deo
1595 2066 1645 2093 pcr

856 2115 984 2136 naturam
1002 2118 1008 2135 :
1027 2112 1054 2135 ct
1069 2108 1152 2134 multa
1167 2106 1338 2139 ejusmodiex
1355 2105 1497 2140 Scriptura
1512 2104 1645 2132 divinitus

857 2155 990 2189 inspirata
1021 2154 1084 2180 licet
1112 2154 1249 2187 colligere,
1282 2152 1383 2187 quibus
1412 2152 1486 2178 fraus
1513 2155 1643 2185 tanquam

27 2201 71 2228 περ
101 2196 180 2222 εἰκών
206 2204 249 2226 τις
278 2194 463 2230 ἐπηνθισμένη
487 2195 546 2226 ταῖς
564 2197 710 2229 γραφικαῖς
732 2205 802 2232 μαρ-

857 2202 945 2235 imago
959 2199 1132 2227 ctilorcsceus
1143 2207 1173 2225 ex
1190 2198 1331 2233 Scriptura
1349 2196 1511 2224 testimoniis
1521 2196 1644 2224 veritatis

27 2241 120 2274 τυρίαις
132 2241 162 2266 τὸ
174 2241 225 2276 τῆς
243 2240 369 2276 ἀληθείας
383 2240 490 2266 εἴδωλον
501 2240 685 2275 ὑποκρίνεται.

55 2285 84 2311 Τί
106 2284 151 2312 οὖν
172 2287 256 2322 ἡμεῖς
281 2286 349 2321 πρὸς
374 2286 452 2311 τοῦτο
477 2294 583 2320 φαμενς
612 2283 696 2324 Οἶδεν,
711 2287 727 2321 ἠ
745 2285 803 2312 θεία

27 2329 109 2367 rguit
133 2334 192 2359 κατ’
221 2332 383 2367 ἀμφοτέρων
395 2331 448 2357 τῶν
468 2331 576 2357 ἐννοιῶν
591 2332 740 2366 κεχρῆσθαι
755 2332 802 2358 τοῦ

27 2377 76 2402 υἱοῦ
104 2379 134 2412 τῇ
163 2380 252 2413 φωνῇ.
270 2379 348 2404 Ὥστε
373 2377 427 2404 τισὶ
455 2377 504 2409 μὲν
522 2378 553 2403 ὲκ
569 2377 684 2411 φύσεως,
701 2378 753 2404 τισὶ
775 2378 803 2404 δὲ

28 2419 214 2457 ὲτισκευαστὴν
229 2423 276 2449 καὶ
298 2422 441 2458 ἐπίκτητον
459 2420 585 2457 εἶναιτὴν
599 2423 698 2457 ταύτην
721 2431 803 2459 προσ-

28 2468 138 2502 ηγορίαν.
154 2469 241 2495 Ὅταν
269 2469 317 2503 μὲν
334 2469 387 2504 γὰρ
402 2469 475 2500 υἱοὺς
501 2469 651 2503 ἀνθρώπων
670 2469 715 2495 καὶ
729 2470 804 2500 υἱοὺς

28 2511 84 2548 λέγῃ
105 2514 198 2548 κριῶν,
214 2515 266 2549 τὴν
294 2515 354 2541 κατ’
373 2514 467 2540 οὐσίαν
479 2513 526 2540 τοῦ
541 2513 717 2548 γεννηθέντος
736 2515 804 2550 πρὸς

28 2557 65 2583 τὸν
78 2558 105 2591 ἐξ
113 2558 142 2586 οὗ
151 2560 248 2593 γέγονε
274 2559 364 2594 σχέσιν
380 2559 572 2594 ἀποσημαίνει.
587 2559 672 2586 Ὅταν
688 2560 715 2586 δὲ
730 2561 804 2592 υἱοὺς

28 2602 154 2638 δυνάμεως
170 2605 187 2640 ἧ
206 2605 292 2631 τέκνα
319 2604 386 2641 λέγῃ
410 2604 488 2637 Θεοῦ,
501 2605 551 2640 τὴν
566 2606 597 2631 ὲκ
620 2606 804 2642 προαιρέσεως

29 2650 159 2686 γινομένην
188 2651 349 2685 ἀγχιστείαν
380 2650 538 2687 παρίστησι.
562 2651 616 2677 Καὶ
633 2651 682 2686 μέν
700 2660 741 2678 τοι
756 2652 802 2679 καὶ

29 2695 90 2722 κατά
103 2696 149 2732 τὴν
161 2697 289 2724 ἐναντίαν
305 2696 434 2730 διάνοιαν,
451 2697 476 2723 οἱ
490 2696 566 2723 αὐτοὶ
587 2697 634 2723 καὶ¹
649 2697 701 2724 υἱοὶ
730 2698 804 2724 Ἠλεὶ

31 2740 70 2767 καὶ
83 2741 134 2768 υἱοὶ
143 2741 234 2776 λοιμοὶ
253 2742 462 2778 ὠνομάσθησαν,
483 2742 550 2778 πρὸς
572 2743 700 2779 ἑκάτερον
716 2743 805 2779 νόημα

63 2831 84 2847 ⁸⁸
97 2829 172 2860 llom.
186 2839 249 2864 Vlll.
267 2831 312 2860 Η.

855 2245 1032 2272 simulacrum
1055 2243 1194 2270 mentitur.

890 2290 959 2322 Quid
985 2290 1067 2323 igitur
1091 2296 1141 2315 nos
1171 2287 1203 2314 ad
1229 2287 1279 2313 hoc
1305 2286 1442 2313 dicimus?
1469 2284 1498 2312 In
1527 2289 1645 2320 utroque

856 2343 939 2363 smus"
975 2335 1023 2361 ﬁlii
1053 2342 1118 2360 rore
1143 2333 1180 2359 uti
1208 2333 1282 2359 nmit
1302 2332 1391 2359 dirina
1421 2331 1579 2366 Scriptura,
1607 2331 1645 2358 ita

856 2388 884 2408 ut
903 2381 1066 2416 quibusdam
1082 2388 1095 2406 a
1117 2383 1223 2408 natura.
1240 2377 1404 2412 quibusdam
1419 2385 1485 2404 vero
1502 2376 1643 2410 adjectitia

855 2432 882 2454 et
908 2426 1058 2453 adventitia
1084 2425 1119 2453 sit
1133 2425 1196 2451 talis
1213 2423 1368 2458 appellatio.
1390 2422 1457 2450 Cum
1481 2423 1554 2450 enim
1572 2422 1643 2448 ﬁlios

855 2473 998 2499 hominum
1018 2471 1084 2497 dicit
1107 2474 1136 2497 et
1160 2469 1229 2497 ﬁlios
1251 2468 1377 2500 arietum,
1405 2468 1562 2495 relationem
1583 2474 1644 2502 qua:

854 2521 896 2545 est
914 2517 1063 2544 secundum
1080 2515 1227 2543 essentiam
1243 2514 1325 2549 geniti
1346 2521 1408 2541 cum
1425 2521 1458 2540 eo
1479 2514 1524 2548 qui
1546 2513 1640 2547 genuit

855 2562 1002 2598 signiﬁcat.
1032 2561 1100 2588 Cum
1117 2568 1182 2588 vero
1205 2560 1275 2588 ﬁlios
1301 2559 1430 2595 potentiae
1447 2559 1488 2586 vel
1503 2558 1550 2585 Dei
1573 2557 1643 2584 ﬁlios

855 2608 931 2640 dicit,
946 2607 1176 2642 propinquitatem
1194 2614 1253 2640 qua:
1269 2605 1374 2633 arbitrii
1393 2605 1481 2632 iibera
1500 2603 1641 2630 voluntate

855 2659 883 2681 et
893 2653 1025 2681 electione
1037 2652 1076 2685 ﬁt,
1092 2652 1221 2680 ostendit.
1233 2652 1387 2685 Quinetiam
1404 2649 1544 2677 contrario
1559 2655 1641 2674 sensu

859 2699 939 2726 iidem
963 2703 990 2726 et
1020 2698 1065 2725 ﬁlii
1092 2697 1149 2726 Heli
1173 2704 1200 2726 et
1227 2697 1273 2724 ﬁlii
1302 2695 1382 2724 Belial
1405 2693 1539 2722 nominati
1565 2696 1640 2726 sunt,

859 2744 893 2772 ad
915 2748 1060 2780 utramque
1082 2745 1221 2772 notionem
1249 2743 1364 2770 ﬁliorum
1380 2738 1561 2776 appellatione
1575 2745 1642 2766 con-
