1920 3073
247 107 299 137 60⁸1

842 126 846 128 .
884 104 1092 133 S.GREGORI|
1112 105 1259 134 NYSSEM

1819 101 1864 129 ϐω

248 169 380 202 grueuter
401 166 591 192 conveniente.
609 161 687 194 Quod
702 162 776 189 enim
797 161 844 189 ﬁlii
869 161 928 189 lleli
946 162 1034 190 vocati

1089 163 1134 199 τῆς
1144 163 1198 190 τῶν
1218 162 1284 190 υἰῶν
1297 162 1480 199 προσηγορίας
1496 161 1672 197 εὐαρμόστως
1682 160 1808 195 ἐχούσης.
1828 157 1865 194 TC.

245 215 310 240 sunt
332 211 364 242 ",
389 209 463 244 quod
490 208 640 236 secundum
664 212 790 235 naturam
817 213 961 243 cognatum
979 213 1032 239 est,

246 265 309 284 cum
331 256 377 282 illo
399 255 500 281 habere
528 254 659 286 perhibiti
686 257 761 280 sunt.
790 253 873 280 Belial
899 260 964 280 vero
987 253 1033 280 ﬁlii

244 302 376 329 nominati
391 301 413 316 "’
427 319 435 333 ,
459 300 493 326 ob
508 299 651 326 electionis
665 299 722 326 sive
740 298 856 325 instituti
875 298 1034 332 pravitatem

246 347 371 375 accusati
398 349 474 377 sunt,
494 350 523 372 ut
539 349 601 379 pote
617 349 722 380 patrem
738 344 764 370 in
782 345 843 370 vitm
858 343 962 370 ratione
979 350 1033 370 non

246 393 418 424 asmulantcs,
441 391 488 418 sed
514 394 628 425 peccato
649 397 729 417 suum
756 389 901 416 consilium
923 394 950 415 et
975 388 1037 415 vita:

242 438 400 466 institutum
420 437 601 471 applicantes.
635 435 662 462 lu
693 440 790 462 natura
818 435 901 470 igitur
931 434 1035 465 inﬁmaI

245 489 326 519 atque
345 483 372 510 iu
394 483 437 510 his
458 482 541 509 rebus
558 481 672 512 nostris,
698 482 761 515 quia
790 480 862 514 quod
888 480 1035 506 lnunauum

244 534 286 556 est
308 529 389 556 habet
408 527 442 555 ad
467 533 624 561 utrumque,
650 526 683 553 ad
705 527 802 553 vitium
828 526 890 553 dico
908 530 935 552 et
950 526 1037 552 virtu-

246 581 312 608 tem,
339 575 470 609 aequalem
504 573 725 608 propensionem,
753 573 781 599 iu
808 572 888 599 nobis
916 576 969 602 est,
995 570 1037 598 vel

245 621 337 648 noctis
361 620 403 648 vel
429 619 483 647 diei
508 619 580 646 ﬁlios
609 619 678 651 ﬁeri,
708 623 835 645 manente
859 618 1037 645 nihilominus

246 668 394 695 secundum
412 666 438 693 id
453 666 524 700 quod
543 666 710 701 praecipuum
736 670 777 693 est
799 665 825 692 in
849 665 966 700 propriis
983 670 1038 692 ter-

248 714 332 740 minis
349 718 455 740 natura.
475 711 568 746 Neque
589 712 661 738 enim
678 711 723 738 ille
745 711 791 746 qui
814 716 924 745 propter
940 711 1036 737 vitium

249 759 297 785 ira:
324 758 397 785 ﬁlius
421 757 510 784 factus
524 762 576 789 est,
593 757 627 784 ab
644 757 763 783 lnnnana
777 757 954 791 generatione
971 756 1037 783 alie-

248 807 330 830 natus
356 806 408 834 est,
434 810 522 837 neque
544 802 567 829 is
592 802 638 836 qui
660 809 707 836 per
734 802 894 828 electionem
915 801 1034 834 seipsum

250 850 321 876 bono
336 849 495 875 familiarem
523 848 659 882 a-ljnutit,
682 855 728 881 per
744 847 926 874 urbanitatem
942 850 968 873 et
983 847 1032 873 ho-

248 897 352 920 nestam
376 900 481 919 morum
494 891 741 918 conformationem
757 899 789 918 ex
808 890 966 918 lt0minibus
982 897 1033 916 na-

247 943 292 966 tus
308 947 369 966 esse
380 939 436 966 dici
452 938 551 971 desiit;
567 937 615 964 sed
629 942 727 964 natura
744 937 771 964 in
787 938 912 971 utrisque
928 939 1030 968 stante,

247 983 398 1011 secundum
423 982 572 1009 electiones
593 985 620 1008 et
646 982 709 1008 vitae
739 980 865 1007 instituta
881 978 1035 1006 diﬁ'erentia

249 1029 358 1055 nomina
374 1026 588 1062 propinquitatis
604 1026 661 1054 sive
675 1025 886 1054 necessitudinis
903 1024 1033 1056 induunt;

248 1073 291 1100 Vel
315 1077 345 1099 ut
375 1072 422 1099 Dei
447 1072 493 1098 ﬁlii
525 1078 572 1106 per
597 1071 737 1102 virtutem,
762 1069 804 1097 vel
827 1069 958 1097 contrarii
988 1075 1036 1103 per

249 1119 343 1146 vitium
370 1118 447 1146 ﬁant.
687 1112 689 1114 ’

284 1165 312 1191 ln
327 1163 429 1191 divinis
443 1167 534 1190 autem
551 1162 724 1199 documentis
741 1159 789 1195 qui
806 1158 959 1186 naturalem
976 1165 1036 1184 ser-

249 1215 295 1239 vat
313 1210 437 1238 ordinem
457 1209 609 1236 Eunomius
627 1206 736 1243 (ipsius
756 1205 828 1233 enim
850 1205 939 1232 verbis
966 1204 1036 1231 scri-

249 1257 336 1292 ptoris
345 1254 426 1289 utar),
439 1260 465 1283 et
479 1255 607 1290 superius
623 1253 699 1280 lectis
716 1252 859 1282 insistens.
875 1255 902 1277 et
913 1258 974 1277 eum
990 1250 1036 1284 qui

249 1301 359 1336 genitus
381 1304 423 1328 est
441 1306 575 1335 gennema
600 1298 658 1326 sive
682 1296 841 1333 progeniem
866 1296 958 1323 dicere
983 1302 1037 1321 non

249 1341 396 1374 recusans:
409 1354 478 1377 cum,
491 1345 592 1380 inquit,
610 1344 670 1379 ipsa
687 1344 781 1378 genita:
796 1343 930 1374 essentiaz,
948 1346 972 1368 et
987 1341 1037 1375 ﬁlii

249 1393 394 1427 appellatio
411 1392 490 1419 talem
505 1391 642 1418 nominum
663 1389 818 1416 relationem
832 1387 882 1415 sibi
899 1388 1013 1414 asciscat
1028 1394 1037 1413 :

251 1447 307 1474 quo
322 1437 403 1465 modo
417 1437 488 1472 quod
501 1436 622 1472 genitum
643 1439 685 1462 est
704 1442 719 1461 a
733 1437 881 1470 generante
895 1433 996 1460 alienat
1012 1435 1039 1459 et

249 1484 384 1519 disjungit
401 1484 435 1511 ab
452 1491 485 1510 ca
503 1490 563 1518 quae
579 1481 732 1510 secundum
757 1480 907 1508 essentiam
929 1483 971 1507 est
991 1486 1039 1506 ne-

209 1536 212 1539 ‘
250 1529 436 1558 cessitudiue?
457 1528 526 1555 Nam
550 1527 585 1555 de
611 1528 653 1554 his
679 1527 726 1561 qui
743 1530 854 1562 propter
867 1525 981 1552 crimina
997 1524 1039 1550 di-

250 1579 351 1602 cuntur
367 1574 415 1600 ﬁlii
429 1574 469 1600 vel
487 1577 648 1608 gennemata
666 1573 723 1600 sive
737 1572 870 1606 germina,
886 1571 926 1598 vel
944 1577 1039 1597 rursus

251 1621 284 1647 de
301 1627 334 1647 eo
353 1627 433 1654 quem
463 1618 524 1645 laus
550 1618 586 1645 oh
603 1617 669 1644 talia
689 1617 802 1644 nomina
826 1616 1038 1646 concomitator,

252 1673 307 1692 non
325 1664 388 1690 licet
401 1663 503 1694 dicere,
517 1663 589 1696 quod
603 1661 666 1696 quis
680 1668 743 1688 vere
760 1661 794 1688 ab
810 1661 850 1687 ira
868 1661 975 1695 genitus
994 1660 1040 1686 ira:

252 1710 325 1738 ﬁlius
350 1709 512 1744 appelletur.
533 1707 629 1742 Neque
655 1715 751 1735 rursus
763 1707 836 1734 diem
859 1707 920 1741 quis
945 1706 1040 1732 habuit

251 1755 433 1790 corporaliter
450 1761 529 1780 suam
545 1757 672 1785 matrem,
692 1752 730 1778 ita
749 1756 779 1778 ut
792 1751 851 1785 ejus
872 1751 943 1778 ﬁlius
958 1750 1040 1777 fuerit

255 1801 432 1832 nominatus,
458 1799 506 1826 sed
535 1798 690 1825 delectuum
724 1796 876 1824 diﬁ'erentia
904 1796 1039 1830 ejusmodi

254 1847 325 1882 parit
343 1846 509 1881 cognationis
522 1844 644 1872 nomina.
661 1843 712 1870 Hic
734 1842 801 1870 dicit
818 1842 967 1870 Eunomius
980 1862 986 1873 ,
997 1846 1044 1873 Π-

253 1893 315 1919 liuor
338 1899 397 1918 cum
413 1892 449 1918 sit
473 1891 575 1925 genitus
587 1910 594 1923 ,
617 1897 744 1925 genuema
755 1908 762 1920 ,
774 1888 800 1916 id
811 1891 861 1920 est,
875 1887 1040 1921 progeniem,

252 1938 337 1964 dicere
353 1946 403 1964 non
421 1945 583 1968 recusamus,
595 1936 729 1970 quoniam,
743 1934 840 1968 inquit,
852 1934 939 1968 genita
950 1941 1039 1959 essen-

254 1984 291 2010 tia
311 1988 336 2010 et
359 1983 409 2017 ﬁlii
431 1982 573 2016 appellatio
601 1981 682 2007 talem
709 1980 846 2007 nominum
875 1979 1038 2013 affectionem

253 2030 306 2056 sive
322 2029 541 2063 relationemsibi
555 2027 685 2054 conciliet.
712 2026 740 2053 Si
762 2025 854 2060 igitur,
871 2025 934 2059 quia
966 2023 1037 2050 ﬁlius

253 2075 290 2102 sit
307 2083 370 2102 vere
391 2073 696 2110 gennema(progenies)
726 2071 872 2099 conﬁtetur
885 2071 967 2098 talem
988 2078 1039 2097 no-

254 2120 358 2146 minum
380 2119 432 2146 sibi
449 2118 585 2145 asciscere
603 2117 784 2149 relationem;
802 2121 940 2151 quomodo
958 2116 1040 2143 habet

1086 211 1134 246 μὲν
1150 211 1205 245 γὰρ
1220 210 1272 236 υἱοὶ
1284 209 1329 236 τοῦ
1344 209 1418 235 Ἠλεὶ
1432 208 1573 243 κληθῆναι,
1586 207 1616 233 τὸ
1630 206 1699 233 κατὰ
1713 205 1796 240 φύσιν
1809 214 1866 239 οη-

1085 257 1162 292 γενὲς
1179 256 1247 290 πρὸς
1261 256 1364 282 ἐκεῖνον
1383 255 1454 289 ἒχειν
1478 252 1717 289 ἐμαρτυρήθησαν.
1734 251 1831 285 Aequi:
1843 251 1866 277 ᾰὲ

1086 302 1139 329 υἱοὶ
1159 301 1416 336 κατονομασθέντες.
1436 300 1482 326 ἐπὶ
1502 301 1534 334 τῇ
1553 301 1602 334 τῆς
1619 297 1810 333 flammeam;
1827 305 1867 330 μο-

1085 348 1185 384 χθηρίᾳ.
1195 348 1431 382 κατηγορήθησοιν,
1441 346 1478 376 ὡς
1487 346 1546 380 οὐχὶ
1555 345 1598 370 τον
1609 343 1713 378 πατέρα
1730 342 1866 377 ξτλὶεκῗντες

1085 394 1124 430 τῷ
1142 395 1200 429 βίῳ,
1216 393 1283 419 ἀλλὰ
1303 393 1335 428 τῇ
1359 391 1443 427 κακίᾳ
1456 391 1504 426 τὴν
1536 390 1691 425 προαίρεσιν
1716 388 1823 414 ἑαυτῶν
1837 397 1856 414 οι

1087 438 1257 470 κειώσαντες.
1283 438 1343 464 Ἐπὶ
1362 437 1410 472 μὲν
1422 435 1467 463 οὖν
1481 436 1529 470 τῆς
1542 435 1616 461 κάτω
1627 434 1746 469 φύσεως,
1763 434 1811 460 καὶ
1822 433 1865 459 τῶ.

1087 483 1148 509 καθ’
1161 484 1234 518 ἡμᾶς
1249 482 1427 518 πραγμάτων,
1442 481 1484 508 διὰ
1496 480 1526 507 τὸ
1540 481 1606 516 πρὸς
1619 479 1750 514 ἑκάτερον
1764 479 1866 515 ἐτειρμ-

1088 529 1146 560 πῶς
1163 528 1194 554 τὸ
1205 528 1373 563 ἀνθρώπινον
1384 527 1464 562 ἔχειν,
1481 526 1548 561 πρὸς
1560 525 1658 552 κακίαν
1666 525 1743 558 λέγω
1756 525 1805 550 καὶ
1815 524 1870 558 ἀρε-

1087 575 1144 611 τὴν,
1163 574 1205 609 ἐφ’
1220 576 1286 610 ἡμῖν
1299 575 1383 605 ἐστιν,
1407 574 1422 608 ἦ
1437 573 1532 603 νυκτὸς
1548 571 1564 607 ἢ
1581 568 1686 606 ἡμέρας
1705 570 1785 601 υἱοὺς
1803 568 1869 603 γενέ-

1089 621 1160 652 σθαι,
1180 620 1312 656 μενούσης
1330 620 1400 646 κατὰ
1414 619 1444 646 τὸ
1462 617 1665 654 προηγούμενον
1683 617 1713 643 ὲν
1733 617 1791 646 τοῖς
1804 615 1869 645 ἰδίοις

1086 667 1160 702 ὅροις
1175 666 1224 700 τῆς
1235 665 1350 699 φύσεως.
1365 663 1433 691 Οὔτε
1458 664 1512 698 γὰρ
1530 665 1544 690 ὁ
1561 663 1604 690 διὰ
1615 663 1716 689 κακίαν
1735 661 1822 696 ὸργῆς

1088 721 1149 739 κνον
1163 711 1307 746 γενόμενος
1332 711 1381 746 τῆς
1403 709 1574 744 ἀνθρωπίνης
1596 706 1768 743 ὴλλοτριώθη
1784 706 1870 740 γεννή-

1089 766 1167 789 σεως,
1184 757 1245 783 οὔτε
1269 758 1283 783 ὁ
1299 756 1338 791 τῷ
1353 755 1446 791 ἀγαθῷ
1466 755 1510 781 διὰ
1528 754 1714 789 προαιρέσεως
1729 752 1826 779 tam?”
1839 753 1870 777 οἱ·

1088 803 1215 835 κειώσας,
1229 803 1260 829 τὸ
1274 803 1302 836 ἐξ
1317 802 1466 837 ἀνθρώπων
1479 801 1559 836 φῦναι
1579 801 1622 827 διὰ
1636 800 1686 834 τῆς
1703 800 1869 832 ἀστειὸτητος

1086 850 1140 876 τῶν
1153 849 1376 884 ἐπιτηδευμάτων
1395 848 1524 874 ἀπώσατο
1536 856 1544 863 ·
1563 846 1631 874 ἀλλὰ
1646 846 1696 881 τῆς
1713 846 1822 880 φύσεως
1835 845 1870 877 ἐξ

1085 895 1224 930 ἑκατέρων
1243 894 1375 929 ἑστώσης,
1390 895 1419 921 αἰ
1442 893 1512 920 κατὰ
1528 893 1577 925 τὰς
1593 892 1773 928 προαιρέσεις
1786 891 1869 924 6217.-

1087 942 1132 977 ραὶ
1143 941 1177 968 τὰ
1193 941 1312 975 ὀνόματα
1327 940 1375 975 τῆς
1391 939 1556 974 οἰκειότητος
1578 938 1742 964 ὑποδύονται
1753 946 1760 952 ·
1775 937 1792 972 ἢ
1812 936 1869 962 θεοῦ

1085 988 1168 1014 τέκνα
1180 987 1212 1013 δι’
1223 986 1333 1022 ἀρετῆς,
1347 986 1364 1021 ἦ
1377 985 1423 1012 τοῦ
1436 984 1623 1020 ἀντικειμένου
1634 984 1679 1011 διὰ
1694 983 1798 1014 κακίας
1809 982 1870 1017 γινο-

1088 1042 1173 1060 μενοι.

1128 1167 1190 1194 Ἐπὶ
1210 1167 1238 1194 δέ
1262 1175 1293 1200 γε
1316 1166 1369 1193 τῶν
1393 1165 1472 1192 θείων
1493 1165 1633 1199 δογμάτων
1655 1165 1670 1191 ὁ
1692 1164 1746 1200 τὴν
1763 1164 1870 1198 φυσικὴν

1087 1214 1226 1246 διασώζων
1245 1213 1320 1246 τάξιν
1338 1212 1468 1246 Εύνόμιος
1477 1219 1484 1226 ⁸
1505 1211 1595 1242 αὐτοῖς
1609 1210 1664 1245 γὰρ
1678 1211 1821 1245 χρήσομαι
1832 1208 1870 1235 τοῦ

1087 1259 1257 1295 λογογράφου
1272 1260 1328 1290 τοῖς
1344 1259 1446 1293 ῥήμασι
1457 1266 1463 1271 ·
1487 1257 1532 1283 καὶ
1551 1258 1607 1288 τοῖς
1620 1256 1725 1282 ἄνωθεν
1741 1255 1870 1289 ἐγνωσμέ-

1087 1314 1142 1337 νοις
1170 1304 1312 1339 ἐμμένων,
1337 1304 1384 1330 καὶ
1409 1303 1535 1338 γεννητὸν
1558 1302 1621 1329 ὅντα
1641 1301 1771 1336 γέννημα
1793 1301 1871 1335 lé'ﬁw

1088 1352 1117 1378 οὺ
1137 1350 1350 1386 παραιτούμενος
1367 1359 1373 1365 -
1410 1348 1469 1385 τῆς
1485 1348 1683 1382 γεννηθείσης
1702 1347 1814 1381 αὐτῆς,
1841 1345 1872 1376 ἐς

1088 1397 1318 1433 φησιν,οὺσίιις,
1345 1396 1394 1422 καὶ
1425 1394 1481 1428 τῆς
1501 1393 1554 1421 τοῦ
1587 1393 1652 1420 υἱοῦ
1674 1393 1872 1428 προσηγερέής

1088 1442 1146 1477 τὴν
1164 1442 1303 1475 τοιαύτην
1323 1439 1380 1467 τῶν·
1403 1439 1555 1474 ὀνομάτων
1581 1438 1791 1473 οἰκειουμένης
1812 1438 1871 1470 0'7!-

1052 1495 1072 1525 α
1089 1495 1156 1514 σιν·
1177 1487 1234 1518 πῶς
1250 1486 1382 1520 ἀλλοτριοῖ
1394 1485 1442 1519 τῆς
1462 1484 1522 1510 κατ’
1545 1484 1638 1510 οὐσίαν
1661 1483 1831 1518 οἰκειότητος
1850 1483 1872 1508 ’.ξ

1088 1532 1216 1568 γεννηθὲν
1229 1531 1275 1558 τοῦ
1289 1531 1482 1565 γεννήσαντος;
1506 1529 1552 1555 ἐπὶ
1567 1529 1615 1564 μὲν
1629 1528 1684 1564 γὰρ
1696 1529 1753 1555 τῶν
1769 1529 1816 1556 ἐπὶ
1827 1528 1872 1554 δια-

1089 1578 1152 1613 ϐολῇ
1170 1577 1321 1612 λεγομένων
1345 1575 1410 1602 υἱῶν
1430 1575 1446 1609 ἣ
1461 1574 1649 1610 γεννημάτων,
1666 1574 1682 1609 ἢ
1702 1574 1789 1601 πάλιν
1804 1570 1872 1608 ὲᾷᾧ

1089 1621 1197 1652 ἔπαινός
1211 1630 1253 1652 τις
1268 1620 1439 1655 παρομαρτεῖ
1451 1620 1508 1650 τοῖς
1521 1618 1650 1648 τοιούτοις
1672 1618 1818 1653 ὀνόμασιν,
1832 1619 1872 1644 οὐκ

1089 1667 1161 1694 ἔστιν
1176 1667 1262 1693 εἰπεῖν
1277 1666 1318 1691 ὅτι
1333 1664 1440 1700 ἀληθῶς
1461 1672 1504 1695 τις
1525 1663 1600 1699 παρὰ
1619 1663 1669 1698 τῆς
1683 1664 1772 1698 ὀργῆς
1789 1672 1871 1697 γεννη-

1090 1712 1156 1744 θεὶς,
1180 1712 1273 1738 τέκνον
1294 1710 1378 1745 ὀργῆς
1402 1709 1633 1745 προσηγόρευται·
1665 1709 1719 1735 οὐδ’
1742 1707 1781 1735 αὖ
1805 1709 1872 1735 πάλη

1087 1758 1196 1793 ἡμέραν
1217 1765 1259 1788 τις
1282 1755 1444 1791 σωματικῶς
1464 1755 1542 1790 ἔσχεν
1556 1754 1653 1781 ἑαυτοῦ
1677 1755 1798 1789 μητέρα,
1814 1754 1870 1780 Gym

1090 1803 1146 1834 υἱὸς
1159 1803 1258 1838 ταύτης
1273 1801 1456 1837 ὀνομασθῆναι
1473 1809 1480 1816 ο
1506 1800 1562 1826 ἀλλ’
1585 1800 1602 1834 ἡ
1621 1801 1674 1826 τῶν
1692 1801 1872 1835 προαιρέσεων

1089 1848 1204 1884 διαφορὰ
1218 1849 1333 1876 ποιεῖται
1352 1847 1386 1874 τὰ
1399 1847 1448 1880 τῆς
1460 1846 1586 1881 τοιαύτης
1604 1845 1768 1880 συγγενείας
1786 1846 1872 1880 ονομα·

1089 1903 1133 1920 τα.
1156 1893 1288 1920 Ἐνταῦθα
1311 1892 1339 1918 δέ
1360 1900 1441 1926 φησιν
1456 1892 1469 1918 ὁ
1491 1891 1620 1926 Εὖνόμιος
1633 1898 1640 1905 ·
1661 1891 1702 1917 ὅτι
1724 1891 1873 1923 Γεννητίιν

1090 1939 1162 1965 ὄντα
1181 1938 1233 1965 τὸν
1244 1938 1310 1965 υΙὸν
1323 1937 1452 1972 γέννημα
1471 1937 1571 1971 λέγειν
1585 1937 1621 1963 οὐ
1638 1937 1871 1970 ειταριιηνοὐμεθτι⁴

1089 1984 1145 2019 τῆς(
1168 1984 1381 2019 γεννηθείσης,
1415 1983 1515 2018 φησὶν.
1540 1982 1647 2014 οὐσίας
1673 1981 1722 2008 καὶ
1751 1981 1807 2014 τῆς
1831 1980 1872 2006 rcf-

1090 2030 1157 2057 υίοῦ
1177 2030 1379 2064 προσηγορίας
1405 2029 1461 2063 τὴν
1480 2030 1620 2059 τοιαύτην
1642 2027 1703 2060 τῶν
1726 2027 1872 2062 ὀνομάτων

1090 2076 1202 2110 σχέο-[ν
1225 2076 1440 2110 οἰκειουμένης.
1467 2076 1497 2101 Εἰ
1519 2072 1565 2101 οὖν
1581 2074 1625 2101 διὰ
1641 2074 1673 2100 τὸ
1691 2074 1802 2109 ἀληθῶς
1820 2073 1871 2106 7E;-

1090 2131 1165 2157 νημα
1181 2120 1250 2148 εἶναι
1266 2121 1311 2148 τὸν
1328 2121 1385 2148 υἱὸν
1407 2121 1531 2156 ὁμολογεῖ
1549 2120 1597 2155 τὴν
1612 2119 1740 2153 τοιαύτην
1757 2119 1812 2145 τῶν
1824 2119 1870 2144 ονε-

255 2164 428 2192 occasionem
438 2163 520 2190 talem
532 2162 674 2190 nominum
683 2169 793 2189 causam
804 2162 1037 2194 accommodandi,

1094 2168 1185 2203 μάτων
1198 2165 1362 2194 οἰκειοῦσθαι
1376 2165 1477 2200 σχέσιν,
1496 2164 1553 2195 πῶς
1567 2163 1622 2198 ἔχει
1645 2163 1744 2198 καιρὸν
1758 2163 1870 2197 ἐφαρμό-

254 2213 281 2237 et
292 2209 335 2236 his
350 2216 411 2241 quae
423 2216 470 2243 per
486 2207 690 2234 translationem
705 2211 733 2234 et
757 2207 870 2234 abusum
896 2207 1037 2238 dicuntur,

253 2258 281 2282 et
297 2254 340 2281 his
356 2253 456 2288 quibus
469 2253 601 2280 naturalis
616 2252 742 2290 allectio,
756 2252 813 2279 sive
829 2253 942 2286 relatio,
968 2254 1039 2280 sicut

255 2300 293 2327 ait
309 2299 469 2330 Eunomius,
483 2299 565 2326 talem
582 2299 709 2326 conciliat
725 2299 971 2333 nuncupationem?
983 2299 1038 2327 lloc

255 2345 338 2380 igitur
353 2352 446 2372 verum
460 2348 503 2372 est
520 2344 547 2371 in
568 2344 601 2371 iis
615 2344 683 2372 solis
696 2345 797 2379 quibus
811 2349 854 2371 est
871 2345 983 2372 conﬁnis
1005 2345 1039 2372 ad

255 2391 380 2417 virtutem
403 2395 430 2417 et
457 2389 552 2416 vitium
580 2394 677 2416 natura
693 2410 700 2422 ,
725 2390 752 2417 in
776 2390 875 2425 quibus
891 2398 962 2425 saape
977 2392 1038 2426 quis

256 2436 394 2464 contraria
412 2435 529 2463 assumit
547 2435 669 2467 nomina,
682 2436 852 2471 modolucis,
871 2437 951 2464 modo
974 2445 1038 2464 vero

258 2481 442 2513 tenebrarum,
464 2480 551 2508 factus
572 2480 654 2513 ﬁlius,
666 2485 778 2515 propter
793 2489 852 2508 eam
863 2489 944 2516 quam
958 2481 1039 2509 habet

255 2535 318 2554 cum
339 2526 453 2554 honesto
467 2527 508 2553 vel
525 2527 666 2554 contrario
680 2526 836 2554 alliuitatem
852 2531 878 2554 et
896 2528 1039 2562 cognatio-

255 2580 328 2600 nem.
347 2572 400 2600 Ubi
411 2579 476 2599 vero
493 2572 674 2600 contrarietas
691 2572 779 2599 locum
800 2580 855 2600 non
871 2573 961 2605 habet,
979 2575 1039 2601 nul-

256 2619 297 2646 lus
324 2618 440 2652 amplius
466 2617 513 2644 ﬁlii
539 2625 632 2645 vocem
659 2625 692 2645 ex
708 2619 888 2647 translatione
906 2620 1040 2648 celebrari

254 2665 338 2695 dicat.
350 2664 538 2694 instareorum
552 2665 599 2700 qui
615 2673 648 2693 ex
666 2665 792 2694 instituto
808 2671 835 2695 et
848 2667 953 2695 delectu
970 2668 1039 2696 hanc

253 2710 305 2738 sibi
322 2711 529 2745 appellationem
547 2711 705 2739 conciliant.
725 2711 784 2740 Non
801 2713 874 2740 enim
887 2713 982 2742 eadem
995 2719 1038 2742 est

296 2794 317 2810 "
335 2795 344 2823 Ι
360 2796 428 2833 Reg.
446 2806 476 2832 tt,
490 2798 535 2827 ‘22.
575 2799 595 2816 "
612 2798 699 2836 lites.
713 2809 731 2834 ι,
748 2799 790 2828 l6.

1093 2213 1148 2245 ζειν
1161 2213 1210 2247 τὴν
1223 2211 1350 2246 τοιαύτην
1365 2211 1419 2237 τῶν
1433 2210 1572 2245 ὀνομάτων
1588 2209 1677 2243 αἰτίαν
1692 2210 1748 2240 τοῖς
1765 2218 1796 2235 τε
1810 2209 1870 2234 κατὰ

1094 2258 1260 2294 μεταφορὰν,
1281 2258 1312 2284 ὲκ
1335 2257 1529 2292 καταχρήσεως
1552 2255 1718 2290 λεγομένοις,
1734 2255 1783 2281 καὶ
1807 2251 1869 2285 οἷςή

1092 2303 1194 2339 φυσικὴ
1216 2303 1316 2338 σχέσις,
1334 2301 1424 2333 καθὼς
1438 2310 1519 2337 φησιν
1531 2302 1545 2328 ὀ
1564 2301 1704 2335 Εὖνόμιος,
1723 2300 1772 2335 τὴν
1788 2299 1871 2326 τοιαύ-

1091 2358 1141 2384 την
1157 2349 1304 2376 οἰκειοῦται
1318 2348 1426 2383 κλῆσιν;
1450 2346 1554 2374 Οὐκοῦν
1567 2347 1613 2373 ἐπὶ
1630 2347 1718 2382 μόνων
1735 2346 1834 2381 ἀληθὲς
1848 2344 1870 2369 τὸ

1089 2395 1208 2422 τοιοῦτόν
1225 2395 1308 2427 ἐστιν,
1323 2391 1363 2424 οἷς
1380 2394 1502 2429 μεθόριος
1522 2393 1590 2428 πρὸς
1608 2393 1708 2428 ἀρετήν
1722 2401 1750 2418 τε
1767 2393 1815 2418 καὶ
1829 2400 1870 2417 it:-

1090 2441 1151 2467 κίαν
1168 2441 1184 2475 ἡ
1199 2440 1278 2473 φύσις
1290 2449 1297 2456 ·
1321 2440 1363 2473 ἐφ’
1377 2436 1414 2466 ὧν
1427 2439 1554 2470 πολλάκις
1566 2438 1601 2464 τὰ
1613 2438 1723 2464 ἐναντία
1737 2446 1778 2468 τις
1797 2445 1869 2471 μετι-

1090 2485 1222 2520 λαμϐἀνει
1245 2484 1299 2511 τῶν
1319 2484 1468 2519 ὀνομάτων,
1489 2483 1537 2509 νῦν
1561 2483 1610 2518 μὲν
1632 2483 1731 2517 φωτὸς,
1752 2483 1832 2508 πάλιν

1092 2531 1212 2564 σκότους,
1235 2530 1280 2557 διὰ
1300 2531 1348 2565 τῆς
1364 2530 1431 2565 πρὸς
1446 2529 1476 2556 τὸ
1497 2529 1576 2556 καλὸν
1597 2529 1614 2564 ἦ
1631 2529 1700 2564 πρὸς
1714 2529 1744 2555 τὸ
1758 2527 1871 2555 ἐναντίον

1090 2575 1262 2607 οἱκειὼσεως.
1277 2576 1369 2602 τέκνον
1385 2576 1533 2610 γινόμενος.
1556 2575 1643 2602 Ὅπου
1663 2575 1691 2601 δὲ
1707 2576 1735 2601 τὸ
1758 2573 1868 2601 ἐναντίοι

1091 2622 1182 2658 χώραν
1194 2621 1243 2648 οὐκ
1257 2621 1323 2656 ἔχει,
1337 2621 1424 2648 οὐκέτ’
1440 2621 1473 2648 ἄν
1487 2629 1528 2652 τις
1542 2620 1589 2647 τοῦ
1606 2620 1664 2646 υἰοῦ
1678 2620 1726 2655 τὴν
1741 2619 1828 2653 φωνὴν
1842 2619 1868 2643 ὲκ

1094 2668 1249 2703 μεταφορᾶς
1265 2667 1477 2702 ἐπιφημίζεσθαι
1493 2667 1577 2700 λέγοι,
1591 2666 1652 2693 καθ’
1665 2666 1809 2701 ὁμοιότητα
1820 2663 1867 2690 τῶι

1091 2714 1134 2741 διὰ
1148 2714 1330 2750 προαιρέσεως
1344 2713 1534 2748 οἰκειουμένων
1545 2712 1593 2748 τὴν
1609 2712 1714 2747 κλῆσιν.
1727 2711 1762 2738 Οὐ
1774 2710 1828 2745 γὰρ
1840 2709 1866 2735 ἆυ
