1920 3073
52 85 94 114 609

587 85 726 114 CONTRA
742 86 937 118 EUNOMIUM,
956 87 1021 116 LIB.
1039 87 1082 115 lll.

1592 90 1643 119 610

52 144 85 173 εις
97 140 178 167 τοῦτον
189 139 259 167 ἔλθοι
275 140 320 167 τὸν
334 141 422 175 λόγον.
436 142 476 169 ὅτι
488 142 581 179 ὥσπερ
597 143 738 180 ἄνθρωπος
748 144 803 172 ἀπο

863 146 944 177 ratio,
963 147 1035 180 quod
1057 146 1286 181 quemadmodum
1312 147 1391 174 homo
1407 155 1452 182 qui
1470 147 1641 175 .e..ehrarum

51 187 142 221 θέμενος
162 185 193 212 τὰ
216 186 284 221 ἔργα
305 187 351 213 τοῦ
376 187 497 219 σκότους,
521 189 564 214 διὰ
579 189 628 223 τῆς
645 190 810 225 εὐσχήμονος

50 232 110 265 ζωῆς
130 231 210 266 φωτὸς
226 232 329 266 γίνεται
345 233 439 259 τέκνον
452 242 458 248 -
483 233 553 260 οὓτω
569 235 615 261 καὶ
633 236 647 262 ὁ
665 235 811 270 μονογενὴς

50 278 111 309 Θεὸς,
124 278 152 303 ἐκ
166 277 313 313 μεταϐολῆς
326 278 358 304 ἐκ
375 278 422 305 τοῦ
439 279 557 314 χείρονος
577 281 768 315 ἀντιλαμϐάνει
780 281 811 308 τὸ

48 323 230 358 προτιμότερον.
255 324 412 359 Ἀνθρωπος
435 326 488 361 γάρ
511 335 553 358 τις
578 326 634 359 ὢν,
659 328 714 359 υἱὸς
742 327 809 354 Θεοῦ

47 369 149 401 γίνεται,
173 369 215 395 διὰ
240 369 290 404 τῆς
312 373 496 407 πνευματικῆς
519 373 671 407 γεννήσεως
701 373 809 409 Χριστῷ

45 413 224 448 συναπτόμενος
240 422 246 429 “
271 415 284 440 ὀ
306 415 335 442 δὲ
358 416 403 442 τὸν
426 416 566 452 ἄνθρωπον
587 418 620 444 δι’
637 418 719 446 αὑτοῦ
742 418 808 445 Θεοῦ

47 459 91 484 υἱὸν
104 458 188 490 ποιῶν,
206 459 285 491 αὐτὸς
300 459 380 487 ἄλλου
402 460 459 488 υἱοῦ
480 462 534 489 τοῦ.
544 463 721 498 χαριζομένου
735 464 809 498 αὑτῷ

44 503 82 538 τὴν
104 504 230 530 υἱοθεσίαν
256 505 302 531 οὐκ
327 506 471 538 ἐπιδέεται,
494 507 550 534 ἀλλ’
568 509 636 543 ὅπερ
659 510 717 535 ἐστὶ
739 510 808 536 κατὰ

43 549 109 582 οὖσιν
124 550 164 575 καὶ
177 550 347 584 ὀνομάζεται.
375 552 534 587 ’Ἄνθρωπος
550 554 598 588 μὲν
613 554 693 585 αὐτὸς
712 555 809 582 ἑαυτὸν

41 595 141 628 ἀμείϐει,
155 595 199 622 τοῦ
215 596 327 622 παλαιοῦ
342 597 387 623 τὸν
402 598 460 624 νέον
473 599 728 635 ἀπαλλασσόμενος.
742 600 808 632 Θεὸς

40 639 70 667 δὲ.
86 641 121 670 εὶς
135 640 158 665 τί
173 640 365 676 ἀλλαγήσεται,
385 641 456 668 ὥστε
476 643 490 668 ὂ
508 644 544 678 μὴ
564 644 620 679 ἔχει
635 645 808 680 προσκτήσα-

40 684 108 716 σθαι;
130 685 285 720 Ἄνθρωπος
308 686 356 721 μὲν
373 687 466 714 ἑαυτὸν
492 688 732 723 ἀπεκδυσάμενος,
758 690 806 725 τὴν

38 733 100 759 θείαν
116 733 267 761 ὲπενδύεται
282 734 370 769 φύσιν.
393 735 421 761 ’0
435 735 463 761 δὲ
481 736 524 761 ἀεὶ
537 735 665 766 ὡσαύτως
687 735 765 770 ἔχων,
781 735 806 763 τί

37 779 186 811 ἀποτίθεται,
201 780 217 815 ἢ
237 781 263 807 τί
279 781 486 816 περιὸἀλλεται;
504 781 663 816 Ἄνθρωπος
685 782 734 816 μὲν
749 782 806 813 υἱὸς

861 198 942 225 opera
974 191 1172 226 deposmt,per
1194 192 1334 219 honestam
1363 193 1451 219 vitam
1475 193 1543 220 lucis
1571 193 1644 223 ﬁlius

859 236 995 271 gignitur,
1017 236 1056 264 sic
1073 239 1154 264 etiam
1171 238 1329 272 unigenitus
1348 237 1428 267 Deus.
1446 246 1477 265 ex
1491 239 1644 266 mutatione

860 280 1015 308 adeteriori
1031 281 1103 315 quod
1128 281 1314 309 honorabilius
1337 288 1378 309 est
1401 283 1510 316 accipit.
1536 282 1641 310 Etenim

860 325 958 358 aliquis
973 334 1034 352 cum
1050 326 1084 353 sit
1101 327 1191 358 homo,
1211 327 1282 353 ﬁlius
1301 327 1346 354 Dei
1365 327 1501 359 efﬁcitur,
1516 335 1577 354 cum
1595 335 1640 362 per

859 371 1008 404 spiritalem
1026 372 1228 406 generationem
1251 372 1358 399 Christo
1378 373 1563 407 conjungilur.
1590 374 1642 406 Qui

860 419 950 442 autem
969 417 1106 443 hominem
1125 424 1172 451 per
1185 417 1305 451 seipsum
1316 417 1361 444 Dei
1379 418 1461 444 ﬁlium
1480 418 1572 448 efﬁcit.
1585 419 1643 453 ipse

859 461 913 487 alio
926 460 981 487 ﬁlio
992 462 1038 495 qui
1054 461 1078 488 ei
1090 462 1260 495 adoptionem
1278 462 1445 496 gratiﬁcetur
1460 470 1512 489 non
1529 463 1641 497 indiget.

859 507 908 534 sed
923 507 997 541 quod
1015 512 1057 534 est
1073 508 1222 534 secundum
1240 512 1377 538 naturam,
1397 508 1447 534 hoc
1463 508 1542 535 etiam
1556 509 1642 535 noriti-

858 557 951 579 natur.
971 553 1029 587 Ipse
1050 553 1160 588 quidem
1187 554 1268 580 homo
1290 553 1410 588 seipSum
1434 554 1576 584 immutat,
1593 562 1643 588 pro

858 603 948 626 vetere
961 606 1060 626 novum
1078 599 1229 626 vindicans.
1252 598 1324 625 Deus
1344 604 1433 626 autem
1451 599 1481 625 ad
1501 599 1563 633 quid
1581 607 1626 626 mu

859 644 980 675 labitur,
1000 644 1036 671 ita
1063 650 1092 672 ut
1114 645 1186 680 quod
1210 652 1264 671 non
1289 645 1369 671 habet
1397 645 1538 679 acquirat?
1556 644 1641 672 llomt‘

857 689 966 724 quidem
988 690 1108 724 seipsum
1129 698 1232 717 exuens
1248 690 1368 717 divinam
1388 690 1476 717 induit
1492 695 1617 718 naturam
1636 700 1639 704 ·

857 735 903 769 qui
921 743 986 762 vero
1001 743 1108 770 semper
1131 736 1225 762 eodem
1243 735 1324 762 modo
1341 743 1370 762 se
1385 736 1466 762 habet
1477 735 1541 769 quid
1560 735 1638 770 dep0<

857 781 907 810 nit.
927 781 967 807 vel
981 781 1186 809 cireumvcstit?
1203 781 1290 808 llomo
1305 780 1413 814 quidem
1432 780 1477 807 Dei
1497 781 1568 808 ﬁlius
1583 781 1642 808 elli-

35 824 91 850 Θεοῦ
105 825 202 859 γίνεται
221 826 380 861 προσλαϐὼν
395 827 412 854 ἃ
425 828 474 853 οὐκ
489 827 555 862 ἔχει,
570 827 617 853 καὶ
630 827 773 854 ἀποϐαλὼν
789 827 803 854 ἃ

857 827 938 858 citur,
957 833 1100 853 assumens
1118 834 1179 861 qua:
1199 834 1253 853 nou
1274 827 1365 856 habet.
1382 830 1409 852 et
1423 833 1483 860 qua:
1498 825 1579 852 habet
1595 825 1639 852 ab:

35 868 90 902 ἔχει.
109 869 136 895 ὐ
148 869 175 896 δὲ
189 870 324 905 μηδέποτε
338 870 457 905 γεγονὼς
472 872 500 897 ἐν
514 872 605 906 κακίᾳ,
622 871 683 898 οὔτε
697 872 712 898 ὃ
723 872 804 907 λάϐῃ,

34 914 84 941 οὗτε
105 916 119 942 ὅ
139 916 276 953 καταλίπῃ
304 917 370 952 ἔχει.
398 918 482 944 Πάλιν
498 919 512 944 ὁ
533 918 673 953 ἅνθρωπος
696 919 806 945 δύναται

34 960 64 994 πῆ
86 961 130 995 μὲν
149 962 255 997 ἀληθῶς
273 971 346 994 τινος
363 963 418 995 υἱὸς
437 963 572 997 λέγεσθαι,
588 964 652 990 ὅταν
674 964 741 999 πρὸς
757 964 805 999 τὴν

34 1006 100 1038 εύσιν
121 1006 224 1041 βλέπων
248 1017 288 1040 τις
312 1009 405 1043 λέγει,
433 1009 470 1044 πῆ
494 1009 522 1035 δὲ
545 1010 576 1036 ἐκ
600 1011 804 1045 καταχρήσεως,

34 1052 84 1078 Ξταν
99 1054 113 1088 ή
127 1054 171 1080 τοῦ
186 1054 245 1089 βίου
261 1055 419 1090 προαίρεσις
433 1055 547 1090 ἑπιόἀλῃ
570 1055 600 1081 τὸ
613 1055 709 1090 ὄνομα.
734 1056 762 1082 '0
776 1055 805 1081 δὲ

34 1097 95 1130 θεὸς,
112 1099 139 1125 ἐν
154 1100 192 1126 ὢν
214 1100 327 1134 ἀγαθὸν,
353 1101 382 1127 ὲν
407 1101 477 1136 ἁπλῇ
502 1109 530 1126 τε
546 1102 592 1127 καὶ
618 1101 755 1136 ἀσυνθέτῳ
772 1102 804 1136 τῇ

34 1143 105 1176 ῥύσει,
126 1145 241 1172 πάντοτε
265 1145 334 1182 πρὸς
357 1146 388 1172 τὺ
411 1146 477 1172 αὐτὸ
499 1145 602 1181 βλέπει,
618 1146 664 1173 καὶ
677 1146 804 1172 οὐδέποτε

34 1190 76 1218 ταῖς
89 1189 136 1224 τῆς
151 1191 339 1226 προαιρέσεως
353 1192 452 1226 ὁρμαῖς
470 1191 677 1226 μεταϐάλλεται,
692 1192 749 1218 ἀλλ’
762 1192 805 1218 ἀεὶ

34 1235 64 1260 ιαὶ
77 1235 196 1270 βούλεται
210 1238 282 1273 ὅπερ
300 1238 383 1270 ἐστὶν,
400 1238 447 1264 καὶ
459 1239 473 1265 ὃ
485 1239 542 1265 ἐστι
555 1238 664 1270 πάντως
680 1239 727 1265 καὶ
742 1238 804 1273 βού-

34 1289 98 1308 λεται.
123 1282 205 1309 Ὥστε
226 1283 262 1309 δι’
279 1284 439 1319 ἀμφοτέρων
454 1282 519 1316 Υἱὸς
541 1284 608 1311 Θεοῦ
634 1285 735 1317 κυρίως
758 1285 804 1311 καὶ

34 1325 120 1360 ιληθῶς
134 1327 334 1363 ὀνομάζεσθαι·
360 1329 409 1363 τῆς
424 1337 455 1354 τε
485 1329 591 1363 φύσεως
613 1330 641 1355 ὲν
667 1330 750 1364 ἑαυτῇ
774 1329 804 1355 τὸ

34 1371 112 1404 ῐγαθὸν
125 1373 253 1409 ἐχούσης,
280 1374 330 1408 τῆς
352 1383 381 1400 τε
405 1375 589 1410 προαιρέσεως
613 1375 663 1401 οὐκ
679 1375 805 1410 ἀπερρω-

34 1416 91 1448 ὐίας
110 1418 156 1444 τοῦ
182 1421 348 1454 κρείττονος.
378 1420 421 1451 Ὠς
441 1420 478 1455 μὴ
501 1421 533 1447 ἂν
554 1421 586 1446 ὲκ
608 1421 803 1455 καταχρήσεως

34 1462 86 1497 ηὺτῴ
109 1465 157 1500 τὴν
174 1466 272 1500 φωνὴν
299 1466 400 1501 ταύτην
422 1466 610 1502 ἐπικληθῆναι.
635 1466 738 1493 Οὐκοῦν
760 1467 804 1492 οὺ-

34 1509 105 1541 εμίαν
121 1509 176 1545 ἔχει
192 1510 301 1546 χώραν,
317 1512 387 1547 ἅπερ
402 1513 433 1538 ἐκ
447 1511 592 1547 προσώπου
607 1512 660 1539 τῶν
676 1511 803 1538 ἐναντίων

34 1556 122 1598 αυτοῖς⁴
135 1556 331 1592 ἀντεθήκαμεν
343 1577 349 1587 ,
374 1557 461 1584 ταῦτα
469 1557 514 1583 ἐπὶ
523 1557 615 1592 γραφῇ
668 1558 718 1592 τῆς
733 1558 804 1584 κατὰ

34 1598 89 1625 ηὑσιν
100 1601 270 1637 οἰκειότητος
289 1602 365 1638 παρά
381 1601 435 1628 τῶν
458 1602 586 1628 ἐναντίων
609 1603 801 1638 προφέρεσθαι.

52 1645 115 1675 Ἀλλ’
143 1647 193 1674 οὐκ
222 1645 276 1674 οἷδ’
306 1647 378 1679 ὅπως
407 1648 423 1683 ἦ
455 1648 521 1674 διότι
543 1648 684 1682 μισοῦντές
703 1657 733 1675 τε
758 1649 803 1675 καὶ

34 1693 241 1728 ποστρεφόμενοι
257 1693 308 1728 τὴν
323 1693 461 1729 ἀλήθειαν,
479 1694 536 1720 υἱὸν
551 1695 599 1728 μὲν
614 1694 694 1721 αὑτὸν
705 1695 803 1730 ὀνομά-

34 1743 106 1769 δυσιν,
126 1738 164 1770 ὡς
189 1738 212 1765 δ’
238 1739 274 1766 ἂν
300 1740 336 1775 μὴ
349 1739 380 1766 τὸ
401 1740 459 1766 κατ’
482 1741 576 1767 οὐσίαν
591 1740 679 1767 κοινὸν
695 1740 739 1767 διὰ
755 1740 803 1775 τῆς

34 1784 97 1818 iuvi];
114 1783 219 1819 ταύτης
237 1785 440 1821 μαρτυρηθείη,
459 1785 508 1820 τῆς
520 1786 683 1821 ἐγκειμένης
694 1786 733 1821 τῷ
743 1786 803 1812 ὸνόο

34 1835 71 1853 att
84 1831 224 1864 σημασίας
239 1826 293 1867 τὴν
308 1831 399 1866 φωνὴν
415 1831 592 1867 χωρίσαντες,
607 1831 685 1858 κενὸν
701 1831 730 1857 τὸ
743 1831 802 1858 ὅνο-

34 1883 46 1900 ει
60 1876 102 1902 τοῦ
119 1877 178 1903 υἱοῦ
203 1878 255 1905 καὶ
281 1879 438 1913 ἀσήμαντον
454 1878 493 1913 τῷ
512 1879 659 1912 Μονογενετ
675 1879 802 1905 καταλεί-

34 1928 95 1954 ουσι,
111 1923 192 1957 μόνον
207 1924 242 1950 αὖ
249 1923 288 1958 τῷ
297 1923 343 1950 τὸν
358 1923 442 1958 ψόφον
453 1924 502 1959 τῆς
515 1925 606 1959 φωνῆς
618 1924 800 1959 χαριζόμενοι.

34 1967 58 1992 αἱ
76 1968 115 1994 ὅτι
131 1969 223 1996 ταῦτα
239 1969 332 2004 ἀληθῆ
346 1969 429 2003 λέγω,
454 1969 502 1995 καὶ
515 1970 545 1996 οὐ
561 1970 802 2005 παραστοχάζομαι

34 2011 52 2036 νῦ
65 2014 164 2041 σκοποῦ
175 2014 234 2041 τῶν
249 2015 431 2046 ὑπεναντίων,
444 2014 568 2049 φανερῶς
583 2014 655 2040 ἐστιν
669 2014 698 2046 ἐξ
713 2014 802 2040 αὐτῶν

34 2060 279 2096 νκατεπιχειροῦσι
291 2060 342 2095 τῆς
357 2060 485 2095 ἀληθείας
500 2060 603 2094 μαθεῖν.
621 2059 738 2086 Τοιαῦτα
748 2060 802 2095 γάρ

34 2111 74 2129 ’τιν
89 2104 106 2131 ἃ
121 2105 188 2141 παρ’
205 2105 304 2132 αὐτῶν
328 2105 374 2131 ἐπὶ
389 2106 545 2140 κατασκευῇ
564 2105 613 2139 τῆς
630 2104 802 2140 βλασφημίας

817 1489 837 1516 C

855 872 973 906 jiciens:
987 873 1032 907 qui
1045 877 1134 899 autem
1146 873 1219 899 omni
1236 880 1342 906 semper
1358 871 1446 898 caruit
1462 872 1539 902 vitio,
1553 879 1641 905 neque

856 918 928 953 quod
949 920 1039 953 capiat
1057 918 1148 949 habet,
1166 926 1253 952 neque
1267 917 1339 952 quod
1361 918 1506 951 relinquat.
1534 917 1641 945 Rursus

857 963 939 990 homo
955 969 1045 998 potest
1063 964 1164 999 partim
1183 971 1246 991 vere
1262 963 1314 990 dici
1335 963 1406 990 lilius
1425 963 1558 997 alicujus,
1577 971 1640 989 cum

857 1009 890 1035 ad
903 1014 1030 1036 naturam
1047 1010 1198 1044 respiciens
1213 1010 1275 1044 quis
1290 1009 1366 1041 dicit,
1381 1010 1478 1043 partim
1492 1017 1523 1036 ex
1541 1010 1640 1041 abusu.

855 1062 916 1082 cum
932 1055 993 1082 vitae
1008 1056 1161 1082 institutum
1177 1055 1201 1082 ei
1219 1062 1318 1081 nomen
1337 1055 1477 1089 imposuit.
1499 1054 1570 1082 Deus
1593 1063 1643 1081 au-

856 1105 909 1128 tem
925 1101 970 1136 qui
981 1106 1023 1128 est
1033 1110 1115 1128 unum
1130 1101 1230 1128 bonum
1247 1102 1274 1127 in
1289 1101 1406 1136 simplici
1419 1105 1446 1128 et
1461 1102 1641 1136 incomposita

855 1148 963 1178 natura,
980 1152 1087 1180 semper
1098 1145 1130 1172 ad
1147 1146 1216 1173 idem
1241 1146 1380 1178 intuetur,
1405 1154 1494 1180 neque
1519 1155 1640 1180 unquam

855 1191 988 1226 propositi
1009 1191 1219 1226 impulsionihus
1234 1195 1435 1223 commutatur,
1469 1192 1514 1219 sed
1534 1199 1642 1226 seraper

854 1238 914 1264 vult
931 1238 956 1264 id
973 1237 1045 1272 quod
1065 1240 1117 1267 est.
1134 1241 1161 1263 ct
1180 1237 1252 1272 quod
1267 1242 1309 1264 est
1325 1238 1438 1264 omnino
1459 1238 1541 1264 etiam
1558 1239 1614 1264 vult
1632 1247 1639 1265 :

855 1284 893 1310 ita
914 1288 943 1310 ut
964 1291 1012 1318 per
1030 1288 1144 1318 utraque
1168 1278 1278 1318 proprie
1302 1287 1329 1310 et
1347 1291 1410 1311 vere
1431 1284 1475 1311 Dei
1492 1283 1577 1310 Filius
1599 1285 1640 1311 sic

854 1329 1022 1362 nominetur,
1048 1336 1110 1356 cum
1133 1333 1160 1356 et
1184 1329 1244 1363 ejus
1266 1335 1363 1356 natura
1381 1329 1407 1355 in
1425 1330 1513 1363 seipsa
1539 1330 1640 1356 bonum

854 1375 964 1406 habeat,
984 1379 1039 1401 tum
1057 1374 1129 1409 quod
1147 1375 1207 1409 ejus
1221 1375 1347 1401 voluntas
1358 1374 1392 1401 ab
1408 1382 1439 1401 eo
1455 1375 1526 1409 quod
1543 1375 1640 1401 melius

853 1423 906 1451 est,
923 1427 1063 1454 nunquam
1080 1419 1167 1455 possit
1191 1420 1326 1454 abrumpi.
1350 1419 1442 1454 Itaque
1460 1427 1510 1446 vox
1534 1420 1591 1446 haec
1607 1420 1641 1446 de

855 1466 915 1500 ipso
939 1473 992 1492 non
1017 1473 1050 1493 ex
1073 1466 1161 1492 abusu
1191 1466 1394 1500 pronuntietur.
1421 1465 1531 1492 Nullum
1557 1465 1641 1499 igitur

856 1511 956 1538 habent
970 1511 1059 1538 locum
1073 1519 1133 1546 quae
1145 1519 1176 1538 ex
1194 1518 1311 1545 persona
1325 1511 1544 1538 adversariorum
1561 1511 1641 1538 nobis

855 1557 923 1591 ipsis
946 1558 1138 1592 opposuimus,
1156 1562 1186 1583 ut
1212 1558 1268 1583 haec
1294 1557 1328 1584 ab
1344 1557 1508 1584 adversariis
1533 1565 1548 1583 e
1572 1557 1641 1584 scri-

854 1608 932 1639 ptura
947 1604 1120 1639 cognationis
1137 1604 1287 1631 secundum
1314 1609 1438 1630 naturam
1454 1604 1638 1638 proferantur.

890 1649 942 1677 Sed
966 1650 1057 1677 nescio
1075 1650 1211 1685 quomodo
1237 1649 1278 1676 vel
1305 1650 1481 1684 quamobrem
1507 1649 1569 1676 odio
1588 1650 1639 1676 ha-

853 1696 960 1727 bentes,
986 1695 1028 1723 vel
1054 1700 1212 1723 aversantes
1239 1695 1392 1727 veritatem,
1424 1694 1507 1721 ﬁlium
1530 1696 1639 1729 quidem

854 1742 943 1776 ipsum
964 1742 1118 1772 nominant.
1142 1749 1175 1768 ne
1192 1749 1256 1768 vero
1274 1741 1345 1775 quod
1375 1745 1401 1767 et
1427 1740 1577 1767 secundum
1595 1749 1640 1768 es-

853 1788 968 1815 sentiam
988 1795 1132 1814 commune
1159 1791 1201 1814 est
1229 1794 1276 1821 per
1296 1786 1366 1812 hanc
1392 1793 1484 1825 vocem
1508 1790 1638 1813 testatum

853 1837 936 1866 esset,
953 1834 988 1860 ab
1006 1833 1133 1867 imposita
1156 1833 1258 1859 nomini
1283 1832 1465 1866 signiﬁcantia
1483 1839 1576 1857 vocem
1596 1839 1640 1858 se-

852 1883 992 1913 paranles.
1024 1878 1105 1904 inane
1138 1877 1184 1903 ﬁlii
1208 1884 1306 1903 nomen
1331 1880 1358 1903 et
1381 1876 1448 1902 nihil
1479 1875 1638 1910 signiﬁcans

853 1924 1000 1959 Uuigenito
1018 1924 1185 1958 relinquunt,
1202 1923 1289 1949 solum
1305 1922 1380 1948 vocis
1395 1928 1492 1948 sonum
1516 1921 1539 1947 ei
1556 1922 1639 1956 grati-

853 1972 976 1998 ﬁcantes.
995 1970 1072 2003 Quod
1090 1970 1147 1997 haec
1170 1976 1233 1996 vera
1251 1969 1322 1999 dico,
1345 1976 1434 2003 neque
1459 1975 1473 1994 a
1492 1975 1574 2002 scopo
1593 1967 1639 1994 ad-

852 2017 1037 2045 versariorum
1054 2016 1162 2045 aberro.
1176 2015 1240 2042 licet
1255 2022 1287 2042 ex
1303 2014 1344 2042 bis
1361 2021 1421 2048 quae
1439 2013 1489 2047 ipsi
1507 2014 1638 2040 adversus

853 2063 995 2090 veritatem
1027 2061 1199 2090 moliuntur,
1225 2059 1330 2093 liquido
1362 2058 1528 2092 perdiscere.
1562 2057 1638 2085 Talia

852 2107 927 2135 enim
949 2109 1089 2140 suntquae
1114 2104 1148 2131 ab
1168 2105 1235 2139 ipsis
1255 2104 1287 2130 ad
1314 2103 1490 2130 astrueudam
1513 2103 1638 2137 blasphe-

34 2151 178 2186 κφέρεται,
194 2153 238 2178 ὃτι
255 2151 345 2178 πολλὰ
359 2152 404 2178 τοῦ
420 2151 588 2185 Μονογενοῦς
599 2150 716 2186 ὀνόματα
727 2151 801 2186 παρά

855 2152 935 2179 miam
961 2150 1148 2186 proferuntur,
1166 2149 1239 2184 quod
1264 2149 1349 2176 multa
1373 2147 1510 2183 Unigcuiti
1528 2149 1637 2175 nomina

37 2205 49 2227 ς
64 2196 136 2230 θείας
162 2198 284 2234 Γραφῆς
302 2197 491 2233 ἐδιδάχθημεν,
516 2197 598 2229 λίθον,
622 2197 726 2232 ἀξίνην,
749 2198 799 2224 πέ-

34 2249 74 2274 av,
92 2242 233 2278 θεμέλιον,
259 2243 356 2278 ἄρτον,
382 2242 512 2277 ἄμπελον,
537 2241 631 2277 θύραν,
650 2241 718 2274 ὁδὸν,
739 2250 799 2268 ποι-

34 2287 78 2319 να,
101 2290 206 2325 πηγὴν,
234 2289 330 2323 ξύλον,
361 2289 517 2321 ἀνάστασιν,
542 2287 708 2320 διδάσκαλον,
732 2287 799 2321 φῶς,

34 2334 46 2359 ,ἱ
58 2335 122 2362 ἄλλα
136 2336 258 2363 τοιαῦτα
272 2335 363 2362 πολλὰ
373 2343 380 2350 ·
396 2335 452 2360 ἀλλ’
467 2334 543 2360 οὐδὲν
555 2333 656 2360 τούτων
670 2333 740 2359 κατά
752 2333 800 2367 τὴν

34 2381 140 2416 ιόχειρον
164 2381 317 2418 σημασίαν
339 2380 448 2412 εὐσεϐές
473 2381 545 2407 ἐστιν
567 2379 612 2406 ἐπὶ
636 2379 682 2405 τοῦ
701 2379 800 2414 Κυρίου

34 2426 121 2460 ῠῦντας
136 2428 242 2463 λέγειν,
261 2425 306 2453 Ἦ
325 2426 378 2461 γὰρ
391 2426 424 2453 ἂν
441 2427 484 2461 εἴη
498 2426 552 2452 τῶν
565 2425 755 2456 ἀτοπωτάτων,
771 2425 801 2451 τὸ

35 2473 141 2508 (by-Mdv
151 2483 182 2501 ’τε
197 2473 250 2501 καὶ
265 2472 363 2504 ἆῡλον,
378 2471 479 2498 ἁπλοῦν
487 2480 515 2498 τε
527 2471 573 2497 καὶ
588 2471 800 2506 ἀσχημάτιστον,

34 2519 55 2550 ῖς
79 2519 307 2555 ἐμφαινομέναις
332 2518 386 2544 τισὶ
416 2517 470 2544 τῶν
493 2517 631 2552 ὀνομάτων
654 2516 801 2551 σημασίαις

34 2566 213 2600 ῑμορςροῦσθαι
238 2564 378 2599 νομίζειν.
404 2563 484 2589 Ὥστε
508 2562 600 2598 ἀξίνην
623 2562 799 2594 ἀκούσαντας,

51 2612 151 2638 τοιόνδε
177 2613 279 2646 σχῆμα
304 2609 354 2636 τοῦ
378 2609 487 2644 σιδήρου
502 2609 581 2640 νοεῖν,
606 2608 622 2642 ἢ
639 2608 698 2641 φῶς
711 2607 741 2633 τὸ
757 2609 800 2633 ὲν-

34 2663 97 2690 ριον,
114 2657 131 2692 ἢ
155 2656 290 2691 ἄμπελον
315 2653 366 2689 τὴν
388 2655 420 2680 ἐκ
435 2653 546 2688 φυτείας
562 2653 718 2687 κλημάτων,
737 2653 753 2688 ἦ
775 2661 801 2679 τι

34 2710 50 2726 ιν
65 2702 153 2728 ἄλλων
167 2702 308 2731 ἕκαστον,
335 2698 425 2729 καθὼς
442 2699 458 2733 ἡ
474 2697 600 2732 συνήθεια
615 2699 684 2723 νοεῖν
707 2698 801 2724 ὑποτί-

34 2754 82 2777 ται.
95 2747 154 2774 ἀλλ’
170 2747 220 2774 ἐπὶ
235 2746 269 2773 τὸ
282 2744 521 2779 θεοπρεπέστερον
535 2743 584 2774 τὰς
597 2743 650 2769 τῶν
663 2744 802 2778 ὀνομάτων

34 2791 97 2819 ίτων
111 2791 338 2828 μετενεγκόντες
350 2789 490 2824 ἐμφάσεις,
502 2787 565 2814 ἄλλο
578 2795 603 2813 τι
616 2786 739 2822 νοοῦμεν,
752 2787 801 2814 κᾶν

853 2205 886 2226 ex
902 2197 994 2224 divina
1013 2196 1155 2230 Scriptura
1175 2195 1334 2227 didicimus,
1360 2187 1636 2228 lapidcmfsecurim,

852 2247 972 2279 petram,
997 2241 1224 2272 fundamentum.
1248 2247 1365 2275 panem,
1391 2240 1492 2270 vitem.
1519 2240 1636 2272 ostium,

852 2293 1003 2324 pastorem.
1031 2287 1144 2317 fontem,
1169 2287 1284 2321 lignum,
1312 2286 1463 2315 doctorem.
1484 2286 1585 2316 lucem,
1611 2289 1637 2312 et

853 2334 905 2360 alia
926 2332 1061 2367 ejusmodi
1080 2331 1183 2364 multa;
1207 2331 1253 2358 sed
1271 2331 1368 2358 horum
1393 2331 1496 2359 milium
1511 2336 1637 2364 prompla

852 2383 878 2405 et
897 2380 996 2406 usitata
1013 2377 1212 2412 signiﬁcatione
1227 2377 1300 2410 pium
1323 2380 1364 2403 est
1379 2375 1412 2403 de
1427 2375 1540 2402 Domino
1558 2376 1637 2402 intel-

852 2424 979 2458 ligentem
1004 2421 1173 2449 dicere:vel
1198 2421 1270 2447 enim
1303 2420 1531 2447 absurdissimum
1555 2419 1638 2446 fuerit

852 2469 923 2503 quod
951 2468 1144 2501 incorporeum
1170 2469 1222 2498 est,
1247 2470 1274 2493 et
1297 2466 1417 2493 materiae
1443 2473 1551 2499 expers,
1576 2464 1639 2491 sim-

853 2515 969 2550 plexque
984 2517 1012 2540 et
1029 2513 1122 2548 ﬁgune
1135 2520 1243 2543 exsors,
1264 2511 1459 2546 apparentibus
1474 2510 1636 2544 quihusdam

852 2561 992 2587 nominum
1009 2558 1256 2594 signiﬁcationibus
1281 2562 1376 2591 putare
1390 2563 1469 2591 posse
1488 2554 1635 2582 ell'ormari.

852 2605 890 2632 Ita
910 2610 939 2632 ut
954 2604 1072 2631 securim
1098 2611 1160 2630 cum
1186 2602 1364 2631 audierimus.
1390 2601 1471 2628 talem
1488 2599 1553 2627 ferri
1569 2598 1637 2632 ligu-

853 2659 911 2678 ram
937 2654 1026 2677 mente
1050 2641 1255 2683 concipiamus‘,
1281 2648 1323 2674 vel
1347 2648 1433 2674 lucem
1460 2652 1520 2680 qnae
1541 2647 1583 2671 est
1607 2643 1635 2669 in

853 2705 926 2729 aere,
948 2697 989 2724 vel
1005 2696 1087 2723 vilem
1107 2703 1141 2723 ex
1162 2694 1330 2729 plantatione
1345 2692 1498 2728 palmitum,
1513 2690 1554 2717 vel
1572 2689 1637 2724 quid

854 2741 970 2776 aliopim
995 2738 1228 2774 unumquodque,
1257 2738 1328 2764 sicut
1356 2735 1527 2763 consuetudo
1553 2733 1636 2761 menti

853 2786 964 2821 sultjit-it
980 2794 985 2812 :
1002 2785 1048 2814 sed
1065 2785 1097 2812 ad
1122 2784 1148 2812 id
1163 2783 1236 2819 quod
1260 2783 1346 2818 magis
1368 2781 1423 2809 Deo
1444 2780 1590 2808 conveniat
1608 2780 1638 2806 et
