1920 3073
30 104 71 131 613

533 100 670 130 CONTRA
685 99 879 133 EUNOMIUM,
900 99 964 127 LIB.
986 100 1026 128 Ill.

1577 103 1626 133 6H

33 162 75 188 τῶν
85 160 162 189 ἄλλων
172 161 286 188 ἕκαστον
297 161 364 197 πρὸς
377 161 407 188 τὸ
420 161 568 197 θεοπρεπὲς
583 161 788 197 μεταλαὸόντες,

848 160 939 195 iusque
962 160 1060 187 horum
1079 161 1219 188 nominum
1237 151 1461 196 signiﬁcationem
1483 163 1629 198 quamdam

32 207 157 242 ἀθετοῦμεν
171 207 218 242 τὴν
232 208 376 243 πρόχειρον
389 208 432 234 ἐπ’
442 207 531 234 αὐτῶν
546 207 659 239 ἔννοιαν,
670 207 707 238 ὡς
723 207 791 242 μήτε

30 254 77 286 φῶς
95 252 188 283 ὑλικὸν.
214 254 281 288 μήτε
306 254 479 288 πατουμένην
505 253 572 283 ὁδὸν.
599 253 667 288 μήτε
690 252 735 278 τὸν
760 254 792 279 ὲκ

32 299 143 335 γεωργίας
158 299 249 334 ἄρτον,
269 299 337 334 μήτε
351 299 396 325 τὸν
409 299 452 327 διὰ
475 298 606 334 ῥημάτων
619 298 697 332 λόγον
710 319 717 331 ,
735 298 792 324 ἀλλ’

28 345 77 371 ἀντὶ
98 343 193 370 τούτων
217 345 307 370 ἐκεῖνα
333 344 452 379 νομίζειν
473 345 522 370 ὅσα
543 343 574 370 τὸ
591 344 732 379 μεγαλεῖον
743 344 792 378 τῆς

28 390 148 424 δυνάμεως
159 389 210 416 ’τοῦ
225 389 291 416 Θεοῦ
304 390 391 424 Λόγου
409 391 572 426 παρίστησιν
585 400 592 407 ·
615 390 701 422 οὕτως
713 390 740 416 εί
750 399 793 421 τις

26 435 118 470 ἀθετοίη
133 435 178 462 τοῦ
201 435 259 462 υἱοῦ
276 436 324 471 τὴν
342 436 443 472 συνήθη
459 437 506 464 καὶ
521 437 590 464 κατὰ
607 436 687 471 φύσιν
703 445 792 471 σημα-

28 481 85 513 σὲαν,
100 481 130 507 δι’
143 478 176 516 ἦς
190 481 220 507 τὸ
234 483 265 508 ἐκ
277 482 327 517 τῆς
348 481 440 513 οὐσίας
456 480 524 508 εἶναι
538 481 583 508 τοῦ
600 483 793 517 γεγεννηκότος

26 527 190 562 μανθάνομεν,
214 528 281 562 πρός
304 537 365 556 τινα
389 529 624 564 ϐεοπρεπεστέραν
647 529 792 564 ἑρμηνείαν

24 571 194 606 μεταλήψεται
218 572 325 603 πάντως
348 572 378 599 τὸ
400 572 494 608 ὄνομα.
527 573 633 608 Ἐπειδὴ
656 573 711 609 γὰρ
740 572 793 600 τῶν

22 617 98 643 ἄλλων
107 617 220 644 ἑκάστου
233 618 299 653 πρὸς
310 618 339 644 τὸ
353 618 517 654 ἐνδοξότερον
532 620 547 653 ἡ
564 619 713 654 μετάληψις
725 628 794 653 γινο-

21 663 79 697 μένη
93 663 159 697 πρὸς
173 663 220 698 τὴν
237 663 286 697 τῆς
300 663 373 695 θείας
383 664 523 700 δυνάμεως
540 664 649 697 ἔνδειξιν
662 665 791 700 ἥρμοσεν,

20 707 152 733 ἀκόλουθον
167 708 274 739 πάντως
290 708 348 734 ἐστὶ
365 709 410 735 καὶ
424 709 518 735 τούτου
537 709 583 735 τοῦ
601 710 732 745 ὀνόματος
747 710 793 736 ἐπὶ

20 753 43 778 τὸ
61 753 222 788 ὑψηλότερον
245 754 436 789 μετενεχθῆναι
458 755 488 781 τὸ
515 754 722 790 σημαινόμενον.
745 754 793 786 Τίς

20 799 46 824 ἂν
67 797 110 825 οὖν
134 799 239 833 γένοιτο
261 799 479 835 θεοπρεπεστὲρα
494 801 595 828 διάνοια
614 801 659 827 ἐπὶ
682 801 732 836 τῆς
745 801 792 828 τοῦ

20 844 72 870 1⁸ίοῦ
95 845 291 880 προσηγορίας,
314 846 338 871 εί
361 846 482 872 ἀθετοῖτο
498 847 568 873 κατὰ
582 847 626 873 τὸν
645 847 722 882 λόγρν
737 847 792 874 τῶν

20 891 175 917 ἓπεναντίων
189 891 205 926 ἡ
219 891 320 927 φυσικὴ
338 892 405 928 πρὸς
426 893 472 919 τὸν
496 894 662 929 γεννήσαντα
679 894 769 929 σχέσις
783 903 790 927 ;

20 935 83 970 Γάχα
96 937 151 972 γὰρ
165 937 252 968 οὕτως
266 937 353 969 οὐδεὶς
373 938 441 972 πρὸς
455 939 580 965 ἁσέὖειαν
594 939 738 974 τολμηρὸς,
755 939 792 971 ὡς

24 991 36 1007 ν
47 984 100 1013 τοῖς
113 983 180 1018 περὶ
195 983 244 1016 τῆς
256 982 331 1014 θείας
346 983 452 1018 φύσεως
466 984 555 1017 λόγοις
567 985 598 1011 τὸ
609 985 735 1012 ταπεινὸν
746 986 793 1011 καὶ

20 1028 173 1062 χαμαίζηλον
189 1028 245 1054 τῶν
262 1028 372 1063 ὑψηλῶν
385 1037 414 1055 τε
430 1029 476 1055 καὶ
489 1030 612 1064 μεγάλων
628 1030 792 1066 ἁρμοδιώτε-

20 1081 49 1098 ον
62 1073 177 1100 οἴεσθαι.
203 1073 307 1100 Οὐκοῦν
328 1075 353 1100 εἰ
370 1073 419 1109 μέν
434 1083 495 1100 τινα
509 1074 610 1109 ταύτης
625 1075 793 1110 μεγαλοφυε-

20 1119 100 1153 τέραν
113 1119 239 1146 διάνοιαν
256 1119 466 1154 ἐξευρίσκουσιν,
488 1120 526 1150 ὡς
538 1120 645 1152 ἀνάξιον
660 1118 729 1147 εἶναι
750 1121 792 1147 δο-

21 1165 58 1190 εῐν
75 1165 141 1200 περὶ
152 1158 202 1191 τοὺ
217 1165 384 1199 Μονογενοῡς
395 1167 474 1197 νοεῖν,
484 1166 514 1192 τὸ
526 1166 558 1193 ὲκ
566 1166 615 1201 τῆς
627 1166 733 1201 φύσεως
744 1165 792 1193 τοῦ

20 1210 106 1246 lupo;
123 1209 209 1243 εἶναι,
223 1211 378 1238 εἰπάτωσαν
394 1211 420 1238 εί
433 1221 458 1238 τι
473 1211 647 1246 γινώσκουσι,
662 1212 731 1239 κατὰ
743 1213 792 1248 τὴν

20 1255 157 1291 πόρῲςτον
171 1255 263 1282 αὐτῶν
280 1256 374 1290 σοφίαν
389 1256 438 1291 τῆς
451 1257 586 1292 πατρικῆς
604 1256 709 1291 φύσεως
723 1256 793 1291 ὑψη-

20 1301 108 1335 ότερον
121 1309 128 1316 -
145 1301 223 1327 ὥστε
242 1301 309 1336 πρὸς
327 1302 413 1328 ἐκεῖνο
429 1302 474 1328 τὸν
500 1302 629 1337 μονογενῆ
653 1302 718 1328 Θεὸν
745 1304 793 1328 ἐπ-

20 1353 129 1380 ραντας,
149 1346 204 1380 τῆς
219 1347 287 1381 πρὸς
298 1347 343 1373 τὸν
361 1347 469 1382 Πατέρα
485 1347 602 1382 σχέσεως
617 1347 696 1374 αὑτὸν
711 1348 793 1383 ὑπερ-

20 1400 70 1425 ραι.
99 1392 133 1418 Et
157 1392 188 1419 δὲ
214 1392 315 1424 παντὸς
335 1392 417 1427 ὕψους
440 1393 609 1428 ὑπέρκειται,
633 1394 680 1420 καὶ
704 1394 793 1420 πᾶσαν

20 1436 110 1471 ἱναμιν
134 1437 330 1473 θαυμαστικὴν
352 1438 509 1473 ὑπερϐαίνει
524 1438 572 1473 τῆς
583 1438 655 1469 θείας
688 1439 794 1473 φύσεως

20 1492 24 1507 ι
41 1483 206 1517 μεγαλεῖον,
237 1483 278 1514 τίς
293 1484 465 1510 ὑπολείπεται
485 1484 571 1518 λόγος,
590 1484 635 1510 ἐπὶ
657 1484 686 1509 τὺ
704 1483 794 1518 μεῖζον

20 1527 84 1562 ἕρων
95 1529 149 1563 τῆς
165 1527 218 1554 τοῦ
232 1527 296 1554 Υίοῦ
311 1529 430 1563 κλήσεως
442 1528 491 1563 τὴν
506 1527 668 1564 ἑρμηνείαν;
688 1527 796 1563 Ἐπειδὴ

20 1574 81 1600 κίνυν
99 1574 242 1608 ὁμολογεῖ
258 1573 346 1600 πᾶσαν
362 1573 425 1608 περὶ
442 1573 489 1600 τοῦ
508 1573 675 1607 Μονογενοῦς
692 1581 797 1608 σημαν-

20 1619 69 1653 κὴν
84 1619 177 1651 λέξιν,
194 1619 253 1645 κᾶν
266 1619 298 1645 ὲκ
313 1619 362 1654 τῆς
377 1619 451 1645 κάτω
468 1618 610 1654 συνηθείας
626 1619 797 1654 ὀνομάζεται,

20 1664 56 1693 δὸς
84 1664 118 1690 τὸ
142 1663 364 1699 μεγαλειότερον
385 1665 444 1695 ταῖς
464 1664 579 1694 ἐννοίαις
606 1663 817 1698 μετατεθεῖσαν.

20 1708 93 1744 ιρίως
107 1709 270 1743 λέγεσθαι·
290 1708 424 1735 δείκνυται
438 1708 466 1735 δὲ
480 1709 518 1744 μὴ
533 1708 660 1736 δύνασθαί
675 1717 735 1736 τινα
752 1717 800 1744 με-

20 1754 230 1790 ,λοφυεστέραν
256 1753 359 1781 ἔννοιαν
387 1750 435 1790 τῆς
456 1754 502 1781 τοῦ
524 1754 588 1781 Υῐοῦ
615 1754 799 1790 προσηγορίας

20 1801 77 1835 ρείν
92 1800 225 1836 ταύτης,
246 1799 263 1834 ἢ
286 1799 316 1826 τὸ
338 1801 448 1835 γνήσιον
465 1800 532 1836 πρὸς
553 1800 598 1827 τὸν
617 1800 798 1835 γεγεννηκότα

20 1847 162 1882 ,ρίστησιν
175 1855 182 1862 ⁸
206 1845 290 1872 οὐδὲν
303 1843 379 1880 οἶμαι
393 1845 491 1880 χρῆναι
509 1845 588 1871 πλέον
604 1845 798 1880 ἐπιδιατρίόειν

36 1893 129 1927 τόπῳ,
152 1891 270 1923 ἱκανῶς
282 1891 324 1917 διὰ
337 1891 390 1918 τῶν
405 1891 555 1927 εἰρημένων
573 1890 776 1926 ἀποδειχθέντος
789 1899 795 1906 ·

20 1947 23 1963 ι
45 1937 78 1963 οὐ
105 1938 266 1973 προσήκει
293 1936 353 1963 καθ’
377 1937 523 1972 ὁμοιότητα
543 1936 597 1963 τῶν
616 1936 717 1963 λοιπῶν
740 1937 799 1962 ὀνο-

20 1993 78 2011 ητων
99 1984 155 2011 καὶ
176 1983 238 2019 τὴν
256 1982 303 2009 τοῦ
323 1982 387 2010 Υίοῦ
410 1982 593 2018 προσηγορίαν
613 1982 799 2018 μεθερμηνεὺ-

20 2034 68 2059 ίᾶι.

842 207 966 241 subjecto
988 211 1083 234 mutuo
1106 207 1317 242 respondentem
1339 212 1366 236 et
1382 212 1576 244 congruentem
1591 210 1631 237 in-

842 253 957 287 spicere,
969 260 1003 279 ne
1017 259 1031 279 a
1057 256 1131 280 recta
1150 253 1327 288 intelligentia
1347 254 1506 282 aberrantes
1524 255 1550 282 in
1572 263 1630 282 ser-

843 303 949 324 monem
972 297 1078 332 pietatis
1104 305 1256 332 peccemus.
1284 298 1517 331 Quemadmodum
1547 301 1630 335 igitur

843 343 956 370 aliorum
976 343 1116 370 nominum
1134 343 1346 378 unumquodque
1362 345 1394 371 ad
1415 345 1441 371 id
1457 345 1528 378 quod
1545 346 1629 373 Deum

842 389 920 417 decet
946 397 1007 417 cum
1034 389 1263 421 transtulerimus,
1283 390 1369 424 prima
1390 391 1480 425 specie
1507 392 1533 418 in
1563 392 1630 426 ipsis

843 439 1016 470 apparentem
1032 435 1170 462 notionem
1186 436 1353 470 spernimus,
1374 437 1410 462 ita
1432 441 1460 463 ut
1485 445 1574 472 neque
1593 438 1631 464 lu-

843 489 900 509 cem
916 481 1094 513 materialem,
1111 489 1198 518 neque
1211 483 1282 508 viam
1298 490 1358 517 qua:
1371 482 1484 516 pedibus
1497 483 1629 515 calcatur,

843 535 930 562 neque
947 535 1044 563 panem
1058 527 1103 562 qui
1121 536 1153 554 ex
1178 528 1344 563 agricultura
1366 528 1519 560 conﬁtitnr,
1543 537 1631 564 neque

844 574 955 600 verbum
981 574 1053 608 quod
1071 573 1099 600 lit
1117 581 1148 601 ex
1162 574 1320 606 vocabulis,
1337 574 1383 601 sed
1400 582 1449 609 pro
1466 574 1508 601 liis
1523 575 1572 601 illa
1589 576 1630 602 in-

843 619 996 653 telligamus
1012 626 1180 653 quascunque
1202 618 1372 652 majestatem
1399 619 1524 652 potentias
1549 617 1629 645 Verbi

843 663 890 691 Dei
910 668 1107 698 repraesentant
1126 673 1132 691 :
1159 665 1196 691 ita
1222 664 1244 691 si
1259 664 1320 698 quis
1342 664 1473 698 despiciat
1494 670 1629 691 assuetam

843 709 890 736 ﬁlii
908 713 935 736 et
951 710 1102 737 naturalem
1117 709 1336 744 significandam,
1356 716 1404 743 per
1415 716 1495 743 quam
1509 709 1630 743 ejusdem

843 756 968 783 essentia:
992 763 1053 782 cum
1076 756 1197 790 genitore
1227 763 1288 782 esse
1308 754 1471 787 didicimus,
1495 754 1574 789 plane
1597 755 1630 781 ad

844 801 961 835 aliquam
993 800 1048 827 Deo
1076 800 1162 834 magis
1188 800 1315 827 decoram
1341 805 1367 826 et
1391 799 1630 833 congruentiorem

845 846 1096 880 interpretationem
1120 853 1221 872 nomen
1246 845 1298 872 hoc
1314 849 1501 872 transsumere
1518 853 1631 872 necesse

844 891 935 918 fuerit.
967 891 1107 926 Siquidem
1139 891 1211 918 enim
1240 891 1354 918 aliorum
1382 891 1514 926 cujusque
1543 891 1576 917 ad
1603 891 1631 918 id

844 937 916 972 quod
935 937 1067 964 illustrius
1083 941 1109 964 et
1131 937 1272 964 decentius
1295 937 1492 971 transsumptio
1509 935 1579 963 iacta
1597 937 1630 963 ad

844 983 941 1010 divina:
966 983 1094 1017 potentia:
1115 982 1374 1010 demonstrationem
1403 983 1630 1015 accommodavit,

843 1036 1014 1063 consequens
1029 1029 1141 1056 omnino
1152 1033 1194 1055 est
1219 1029 1299 1062 hujus
1313 1028 1394 1055 etiam
1411 1028 1530 1055 nominis
1547 1028 1632 1063 signi-

843 1074 951 1101 ﬁcatum
967 1075 999 1101 ad
1010 1074 1034 1100 id
1048 1075 1119 1109 quod
1135 1078 1177 1102 est
1193 1074 1327 1102 excelsius
1341 1076 1367 1101 et
1379 1075 1523 1103 sublimius
1540 1078 1630 1102 trans-

845 1119 918 1146 ferri.
931 1119 1060 1152 Quamam
1076 1120 1159 1154 igitur
1173 1127 1234 1146 esse
1248 1120 1349 1154 poterit
1359 1119 1413 1146 Deo
1426 1120 1631 1147 conrenientior

845 1166 985 1201 magisque
999 1166 1096 1193 decora
1113 1166 1289 1200 intelligentia
1305 1166 1332 1192 in
1358 1165 1418 1192 Filii
1441 1165 1631 1201 appellatione.

844 1211 866 1238 si
893 1212 1043 1239 secundum
1069 1211 1285 1238 adversariorum
1313 1219 1466 1245 sermonem
1498 1211 1633 1239 naturalis

844 1264 904 1283 cum
920 1257 1042 1291 genitore
1065 1256 1170 1284 ail'ertio
1191 1257 1248 1284 sive
1264 1257 1361 1283 relatio
1377 1256 1555 1291 repudietur?
1578 1256 1633 1284 for-

835 1304 917 1328 tasse
938 1301 1010 1328 enim
1035 1301 1126 1328 nullus
1148 1305 1202 1328 tam
1229 1302 1315 1329 audax
1335 1305 1362 1329 et
1379 1310 1498 1336 praeceps
1522 1302 1555 1329 ad
1582 1303 1634 1330 im-

845 1347 971 1382 pietatem
987 1346 1076 1378 iuerit,
1095 1347 1162 1374 utin
1178 1348 1351 1375 sermonibus
1365 1348 1397 1374 de
1415 1353 1510 1374 natura
1530 1348 1632 1378 divina.

844 1392 916 1427 quod
940 1393 993 1419 \ile
1015 1398 1041 1420 et
1061 1393 1196 1427 abjectum
1219 1398 1269 1425 est.
1296 1394 1401 1427 magnis
1422 1397 1448 1420 et
1472 1393 1632 1420 sublimibus

845 1438 1050 1465 convenientius
1076 1442 1103 1465 et
1129 1439 1219 1472 aptius
1243 1438 1378 1473 opinetur.
1406 1437 1587 1470 Quamobrem
1609 1439 1633 1466 si

810 1504 832 1533 Ο
848 1484 966 1518 aliquam
987 1483 1249 1518 magniﬁcentiorem
1273 1484 1480 1519 intelligentiam
1507 1484 1557 1511 hac
1575 1485 1634 1519 ipsa

847 1529 1012 1563 excogitant,
1025 1528 1060 1555 ita
1075 1529 1223 1563 utindigna
1235 1529 1359 1556 videatur
1373 1537 1432 1556 esse.
1442 1529 1475 1556 de
1489 1528 1635 1565 Unigenito

849 1574 934 1604 notio.
951 1581 1048 1609 nempe
1060 1581 1120 1601 esse
1140 1581 1172 1600 ex
1192 1573 1279 1601 Patris
1298 1578 1394 1600 natura
1410 1574 1512 1604 dicant.
1531 1575 1553 1602 si
1570 1575 1634 1610 quid

848 1624 1019 1654 cognoscunt
1030 1619 1182 1646 secundum
1197 1626 1275 1646 suam
1293 1626 1420 1646 arcanam
1452 1623 1479 1646 et
1505 1619 1634 1646 recondi-

850 1670 903 1691 tam
916 1669 996 1699 atque
1026 1664 1319 1692 incommemorabilem
1344 1665 1505 1699 sapientiam
1522 1669 1635 1699 paterna

852 1715 951 1737 natura
966 1709 1068 1745 aliquid
1087 1710 1223 1737 excelsius
1236 1715 1262 1737 et
1281 1710 1442 1738 sublimius:
1465 1714 1493 1736 ut.
1511 1711 1543 1737 ad
1569 1711 1635 1739 illud

853 1756 1022 1790 unigenitum
1043 1755 1126 1782 Deutn
1151 1756 1316 1787 attollentes,
1339 1763 1400 1782 eum
1423 1763 1504 1789 super
1525 1756 1636 1783 relatio-

851 1809 912 1829 nem
925 1809 1006 1836 quam
1029 1801 1062 1828 ad
1081 1800 1187 1828 Patrem
1213 1801 1292 1828 habet
1317 1801 1489 1828 extollamus.
1512 1801 1588 1833 Quod
1611 1801 1636 1829 si

851 1852 955 1874 naturae
968 1846 1205 1880 divinterttajestas
1220 1850 1247 1873 et
1268 1845 1417 1879 amplitudo
1445 1853 1551 1872 omnem
1573 1846 1637 1873 alti«

851 1893 970 1920 tudinem
988 1892 1181 1926 supereminet,
1193 1899 1356 1925 omnentque
1377 1891 1566 1918 admirabilem
1583 1892 1637 1919 vir-

853 1942 936 1965 tutem
950 1940 1078 1971 superat:
1096 1936 1158 1971 quis
1173 1936 1334 1974 relinquitur
1353 1943 1443 1962 sermo
1463 1935 1522 1962 Filii
1542 1937 1637 1970 appel-

853 1984 964 2011 lationis
985 1982 1236 2017 interpretationem
1260 1981 1294 2008 ad
1319 1981 1419 2016 aliquid
1451 1982 1542 2016 majus
1554 1982 1636 2009 extol-

853 2028 930 2055 lens?
946 2027 1080 2060 Quoniam
1092 2026 1280 2062 igiturfatdur
1292 2026 1567 2058 mnuemdictionem,
1583 2035 1635 2061 qna

24 2080 158 2114 igenitns
193 2076 386 2113 significatur.
406 2076 513 2104 tametsi
534 2084 567 2104 ex
592 2076 695 2112 vulgari
720 2075 918 2103 consuetudine
941 2075 1108 2106 nominatur,
1133 2074 1166 2100 ad
1194 2073 1452 2108 Inagnilicentiorem
1480 2081 1590 2100 sensum
1611 2077 1638 2100 et

20 2127 127 2155 tionem
171 2125 350 2154 translatam
378 2124 485 2159 proprie
508 2124 560 2151 dici
581 2132 588 2150 :

620 2124 788 2151 demonstrat
814 2127 904 2150 autem
943 2130 972 2150 se
1007 2128 1152 2155 nonposse
1183 2120 1368 2148 sublimiorem
1401 2125 1428 2146 et
1461 2119 1638 2155 magniﬁcen-

20 2183 77 2202 rem
109 2174 263 2202 notitiam
288 2172 369 2206 hujus
385 2169 453 2198 'Filii
483 2171 672 2206 appellationis
702 2171 835 2204 invenire,
856 2177 936 2206 quam
951 2176 1010 2197 eam
1027 2176 1086 2203 qua:
1101 2168 1172 2202 quod
1186 2171 1227 2194 est
1246 2175 1404 2202 germanum
1417 2171 1443 2194 et
1456 2168 1638 2202 propinquum

21 2232 37 2249 n
74 2230 112 2250 eo
157 2221 216 2256 qui
251 2219 348 2254 genuit
368 2217 492 2245 exhibeat
509 2227 515 2244 :
537 2217 602 2244 nihil
626 2222 692 2252 puto
713 2221 838 2252 oportere
855 2216 959 2244 diutius
977 2216 1004 2242 in
1018 2214 1070 2241 hoc
1087 2215 1146 2241 loco
1177 2213 1328 2244 immorari,
1347 2220 1408 2239 cum
1430 2220 1462 2240 ex
1493 2213 1572 2240 dit-tis
1589 2213 1638 2239 ab—

20 2272 48 2299 le
74 2271 155 2299 satis
176 2269 412 2299 demonstratum
433 2266 468 2293 sit
491 2265 563 2300 quod
579 2273 633 2292 non
655 2266 782 2293 convenit
802 2265 888 2292 instar
904 2264 1070 2298 reliquorum
1085 2262 1225 2289 nominum
1249 2261 1329 2288 etiam
1351 2260 1410 2287 Filii
1431 2260 1638 2295 appellationem

20 2321 136 2351 erpreta
142 2315 168 2342 ri
175 2335 183 2341 .

1078 2311 1088 2324 ἱ

20 2363 90 2390 Ἀλλ’
102 2362 158 2389 ἐπὶ
174 2360 213 2388 τὸ
227 2357 340 2394 βιϐλίον
353 2357 432 2385 πάλιν
446 2357 610 2384 ὲπανακτέον
619 2356 668 2392 τὴν
678 2356 792 2391 θεωρίαν

893 2354 945 2382 Sed
961 2355 993 2381 ad
1017 2353 1078 2389 ejus
1098 2353 1217 2380 libellum
1239 2351 1497 2386 contemplationem
1523 2351 1640 2379 transfe-

20 2418 31 2434 ι
56 2409 123 2434 ἔστι
147 2406 216 2433 τῶν
246 2402 355 2435 αὐτῶν,
371 2403 416 2428 τὸν
436 2401 563 2437 γεννητὸν
577 2401 699 2437 γέννημα
715 2402 804 2436 λέγειν

31 2451 264 2491 παραιτεῖσθαι
280 2457 287 2464 '
310 2451 365 2481 τοῖς
387 2449 441 2484 γὰρ
467 2449 578 2475 ἐκείνων
601 2448 738 2483 χρήσομαι
758 2448 806 2483 ῥή-

20 2510 60 2528 rw
74 2509 82 2516 ·
122 2499 191 2533 τῆς
213 2495 426 2532 τεννηθείσης
443 2492 536 2527 αὐτῆς
556 2494 663 2525 οὐσίας
684 2493 731 2520 καὶ
752 2492 806 2526 τῆς

20 2548 27 2574 ;
49 2547 127 2575 Γλοῦ
144 2539 379 2578 προσηγορίας
396 2538 454 2572 τὴν
471 2538 612 2571 τοιαύτην
625 2537 685 2564 τῶν
698 2537 805 2571 ὀνομά-

20 2603 33 2619 ν.
51 2589 302 2625 οιχειουμέινης
321 2585 439 2619 σχέσιν·
470 2583 514 2611 καὶ
533 2583 614 2610 πάλιν
629 2582 808 2618 μετατεθῆναι

20 2651 21 2654 η
38 2636 217 2675 προσφυεῖς
238 2630 398 2664 ὀνομασίας
415 2629 454 2660 είς
475 2629 607 2675 τροπικας
632 2628 806 2663 μεταλήψεις,

20 2694 45 2713 τε
61 2674 145 2713 δυοῖν
167 2681 320 2713 θάτερον,
337 2676 353 2710 ἢ
370 2675 400 2701 τὸ
413 2675 543 2710 πρότεμιν
556 2674 608 2700 τῶν
627 2674 807 2709 ἐπιχειρημά-

20 2742 28 2758 ι
55 2731 164 2760 αὐτοῖς
183 2723 402 2753 διαπέπτωκε,
427 2722 474 2746 καὶ
499 2719 586 2754 μάτην
608 2720 809 2754 καταφεύγουσι

20 2784 44 2809 th.
61 2778 118 2812 τὴν
143 2777 182 2802 ὲκ
198 2771 331 2807 φύσεως
344 2766 430 2797 τάξιν,
446 2767 484 2797 εἰς
507 2765 677 2800 κατασκευὴν
694 2765 739 2791 τοῦ
755 2765 809 2790 δεῖν

24 2810 106 2862 νημᾷ
128 2822 184 2848 τδν
202 2813 389 2853 γεννηθέντα
406 2811 615 2848 προσαγορεύειν
629 2820 635 2826 ⁸
660 2812 675 2846 ἦ
691 2812 714 2837 εί
733 2810 810 2837 τοῦτο

858 2408 963 2427 ramus.
976 2400 1035 2427 Non
1056 2403 1098 2427 est
1117 2397 1291 2429 eorumdem,
1310 2398 1429 2431 genitum
1457 2401 1484 2423 et
1507 2404 1640 2431 genuema

859 2444 1047 2480 (progeniem)
1073 2443 1164 2470 dicere
1187 2449 1242 2469 non
1269 2449 1396 2469 recusare
1421 2442 1541 2477 (illorum
1568 2442 1640 2469 enim

858 2491 949 2518 verbis
971 2490 1053 2524 utar),
1071 2498 1130 2516 cum
1147 2489 1233 2524 genita
1252 2489 1310 2522 ipsa
1330 2488 1443 2515 essentia
1462 2493 1487 2514 et
1510 2487 1574 2514 Filii
1592 2495 1641 2521 ap-

858 2536 967 2571 pellatio
982 2537 1061 2563 talem
1086 2536 1221 2562 nominum
1240 2534 1291 2561 sibi
1310 2534 1444 2568 propriam
1467 2533 1577 2559 vindicet
1599 2541 1641 2559 re-

861 2583 1005 2610 lationem:
1025 2584 1053 2608 et
1065 2589 1160 2608 rursus
1173 2581 1323 2608 transferre
1339 2580 1469 2614 genuinas
1482 2583 1508 2605 et
1530 2582 1637 2605 natura-

859 2629 899 2656 les
918 2628 1117 2655 nominationcs
1142 2627 1174 2654 ad
1191 2626 1310 2662 tropicas
1325 2624 1581 2658 transsumptiones,
1605 2622 1641 2648 ita

861 2679 890 2702 ut
906 2674 1022 2701 duorum
1044 2674 1170 2706 alterum,
1191 2673 1232 2701 vel
1253 2673 1328 2707 prius
1348 2671 1468 2705 ipsorum
1495 2675 1641 2702 argumen-

861 2723 917 2746 tum
929 2719 1040 2751 excidit,
1054 2718 1210 2753 frustraque
1225 2718 1258 2744 ad
1271 2721 1376 2744 natura:
1397 2713 1519 2741 ordinem
1545 2713 1642 2740 confu-

861 2766 939 2800 giunt
956 2765 989 2791 ad
1011 2764 1187 2792 astruendum
1213 2766 1338 2798 oportere
1360 2759 1479 2795 genitum
1507 2759 1642 2794 appellare

865 2819 995 2846 gcnnema
1011 2810 1206 2846 (progeniem):
1231 2807 1299 2842 quod
1323 2807 1345 2834 si
1362 2805 1427 2832 illud
1449 2806 1641 2832 convenienter
