1920 3073
39 130 77 157 (ἓΞΙ
565 123 702 152 CONTRA
722 122 914 154 EUNOMIUM,
936 123 1000 151 LIB.
1022 122 1064 150 IV.

1581 126 1635 153 622

39 187 113 214 φεται·
135 178 191 206 οὐδὲ
211 178 227 214 ή
243 178 312 214 πρὸς
332 179 431 207 κακίαν
454 183 543 219 τροπὴ
556 184 610 211 τῶν
628 183 794 220 ἀνθρώπων.

856 190 896 210 ter
919 190 1028 210 carnem
1043 183 1201 217 gignuntur,
1226 190 1280 211 non
1299 191 1396 218 purum
1419 187 1460 212 est
1483 184 1517 211 ab
1536 183 1632 213 aﬂectu

39 224 160 260 ἀμφίϐολον
175 225 221 250 ἐπὶ
231 224 280 259 τῆς
297 224 371 256 θείας
390 228 496 261 φύσεως
512 227 581 256 εἶναι
596 229 798 265 παρασκευάζει

38 270 62 296 τὸ
71 271 202 305 ἄτρεπτον·
217 269 277 296 οὐδὲ
291 269 353 296 ἄλλο
368 280 394 298 τι
408 272 462 299 τῶν
477 273 617 309 ἡμετέρων
629 274 676 301 καὶ
690 274 736 301 ἐπὶ
751 275 798 301 τὸν

39 312 90 339 θεὸν
105 312 280 347 μεταφέρεταί
293 334 300 346 ,
323 314 390 342 ἀλλά
405 324 447 347 τις
464 316 578 352 ἄμικτός
589 318 647 344 ἐστι
661 319 707 345 καὶ
721 319 795 345 ἀκοι-

38 357 134 390 νώητος
149 356 165 388 ἡ
182 357 281 394 ἰδιότης
296 359 345 394 τῆς
361 360 533 396 ἀνθρωπίνης
547 370 577 388 τε
592 363 638 389 καὶ
651 363 701 398 τῆς
723 362 797 395 θείας

39 401 109 435 ζωῆς·
131 403 174 428 καὶ
197 403 383 439 παρήλλακται
403 406 558 433 παντάπασι
575 407 609 434 τά
629 409 796 444 γνωριστικὰ

39 446 156 481 ἰδιώματα,
174 448 212 479 ὡς
222 450 292 484 μήτε
305 449 390 476 ταῦτα
400 450 443 477 ἐπ’
455 451 570 487 ἐκείνης,
588 453 657 488 μήτε
669 453 699 480 τὸ
708 454 796 490 ἐμπα-

38 491 71 516 λιν
84 491 124 518 ἐπὶ
135 491 233 528 ταύτης
250 495 340 520 ἐκεῖνα
355 494 618 530 καταλαμϐάνεσθαι.

849 230 913 257 dum
930 229 1015 264 gignit
1029 229 1068 256 vel
1085 229 1214 264 gignitur,
1235 229 1300 264 quid
1316 230 1366 257 hoc
1385 229 1418 257 ad
1441 234 1568 257 naturam
1583 231 1634 257 im-

849 275 988 310 patibilem
1004 278 1031 301 et
1047 274 1302 310 incorruptibilem?
1319 274 1378 302 Non
1396 275 1468 302 enim
1493 276 1565 310 quod
1584 283 1636 303 nos

849 320 978 347 mortales
990 326 1095 351 sumus,
1108 319 1238 355 Unigenae
1261 320 1492 348 immortalitatem
1510 321 1636 356 praescri-

849 365 907 398 bit;
926 372 1015 400 neque
1037 364 1175 392 hominum
1191 365 1225 392 ad
1240 366 1335 392 vitium
1355 366 1512 400 propensio,
1536 366 1635 392 divinae

849 415 954 438 natura
967 410 1214 438 immutabilitatem
1227 410 1338 438 dubiam
1355 411 1442 437 reddit
1455 418 1461 436 :
1479 417 1568 445 neque
1583 417 1633 436 no-

849 459 966 483 strorum
989 454 1135 489 quidquam
1157 455 1190 482 ad
1206 454 1288 482 Deum
1312 455 1488 482 transfertur.
1507 453 1559 482 Sed
1585 454 1635 480 bu-

849 507 936 528 πωπω
950 504 976 528 et
987 500 1086 527 divinae
1103 503 1206 527 natura:
1222 503 1297 526 certa
1311 500 1434 535 quaedam
1450 502 1492 526 est
1503 499 1632 530 immista,

36 540 183 568 insociabtlis
202 545 229 568 et
248 542 478 571 incommutabilis
500 545 651 580 proprietas
668 554 673 573 :
689 546 737 574 sed
757 548 845 576 modis
865 549 993 576 omnibus
1010 548 1144 583 ejusmodi
1173 548 1363 582 proprietates,
1391 547 1489 581 quibus
1521 550 1635 581 utraque

35 593 116 616 natura
142 588 319 624 distinguitur
342 595 368 619 et
393 599 408 618 a
429 600 459 620 se
484 594 604 629 invicem
637 595 816 629 discernitur,
851 597 931 632 longo
960 596 1102 624 intervallo
1134 595 1247 626 distant,
1269 600 1297 621 ut
1325 602 1412 629 neque
1441 595 1497 620 lucc
1524 594 1550 620 in
1578 594 1635 621 illa.

35 643 108 668 neque
128 643 222 663 rursus
243 636 302 663 vice
319 645 397 664 versa
423 639 450 665 in
470 640 520 666 hac
544 639 595 667 illa:
619 641 894 676 comprehendantur.

62 681 115 712 Πῶς
129 679 209 708 οὖνὸ
227 682 373 718 Εὑνόμιος,
397 684 445 718 τῆς
462 685 535 716 θείας
552 687 735 722 προκειμένης
757 687 796 723 τῷ

35 725 92 760 λόγῳ
103 727 265 761 γεννήσεως,
287 728 365 762 ἀφεὶς
393 728 424 755 τὺ
445 731 632 765 προκείμενον,
658 732 691 758 τὰ
713 733 741 759 ὲν
762 734 795 768 τῇ

34 771 61 805 γῇ
77 770 248 806 διεξέρχεται,
273 772 399 808 οὐδεμιᾶς
431 775 496 809 ἡμῖν
516 776 579 810 περὶ
603 776 705 803 τούτων
730 777 798 812 πρὸς

34 815 100 842 αὐτὸν
113 816 191 852 οΰσης
207 817 453 854 ἀμφισϐητήσεως
470 820 549 847 ’Λλλὰ
563 821 693 856 πρόδηλος
709 822 723 848 ὀ
735 831 798 849 σκο-

34 859 73 892 πὸς
92 861 135 887 τοῦ
152 862 288 896 τεχνίτου,
312 864 355 891 ἵνα
376 866 409 900 τῇ
439 865 507 901 πρὸς
531 866 561 892 τὸ
581 867 666 898 πάθος
687 867 795 903 διαϐολῇ

884 686 1025 720 Quomodo
1037 686 1119 721 igitur
1135 685 1284 715 Eunomius
1303 693 1363 714 cum
1377 685 1496 712 divinam
1517 690 1633 718 genera-

849 733 951 760 tionem
960 739 1089 759 enarrare
1103 732 1285 766 proposuerit,
1299 731 1400 758 omisso
1410 729 1562 765 proposito,
1575 735 1636 762 qua:

851 779 878 805 in
890 783 963 807 terra
985 777 1053 807 fiunt
1068 777 1192 804 Oratione
1206 777 1391 811 persequitur,
1414 783 1476 802 cum
1498 775 1567 801 inter
1585 781 1635 800 nos

851 825 885 852 de
901 824 944 852 his
959 824 1033 850 nulla
1047 823 1083 850 sit
1097 823 1300 850 controversia?
1315 820 1367 849 Sed
1379 821 1491 848 evidens
1506 825 1548 847 est
1565 819 1635 846 vafri

852 875 880 898 et
899 869 990 897 callidi
1007 869 1119 896 arlilicis
1131 875 1240 901 scopus,
1255 872 1286 895 ut
1300 867 1437 895 calumnia
1453 866 1512 900 ejus
1524 872 1637 900 genera-

34 907 184 943 παραγράψῃ
199 907 247 934 τοῦ
263 909 364 944 Κυρίου
376 910 425 945 τὴν
441 911 576 946 γέννησιν.
595 912 651 946 Ἐφ’
663 910 703 944 οἷς
715 913 802 947 ἔγωγε

856 915 935 943 tionis
951 922 1012 950 quat
1031 916 1059 941 lit
1075 923 1108 941 ex
1133 914 1230 941 atl‘cctu
1256 914 1314 941 sive
1343 912 1473 948 appetitu,
1500 914 1637 946 pervertat

34 949 56 975 τὸ
67 952 129 978 κατὰ
139 952 185 987 τὴν
200 953 373 989 βλασφημίαν
390 957 500 990 παρεὶς,
516 955 646 992 θαυμάζω
657 959 705 994 τῆς
721 960 800 994 ἀγχι-

34 998 92 1026 mia;
115 997 157 1022 τὸν
186 997 343 1032 ἄνθρωπον,
372 998 430 1030 πῶς
461 1001 597 1036 μέμνηται
622 1002 672 1036 τῆς
698 1003 801 1035 οίκείας

34 1042 143 1076 σπουδῆς,
154 1042 182 1073 ὃς
195 1043 226 1069 τὺ
237 1043 291 1069 δεῖν
306 1044 427 1079 γέννημα
442 1045 486 1072 τὸν
507 1046 569 1073 Υίὸν
583 1045 651 1074 εἶναι
666 1048 711 1074 καὶ
726 1049 801 1082 λέγε-

34 1087 99 1119 ῖθαι,
123 1088 166 1115 διὰ
193 1089 248 1115 τῶν
272 1091 479 1125 προειρημένων
505 1094 726 1126 κατασκευάσας,
754 1094 802 1121 νῦν

34 1133 84 1166 περὶ
110 1133 154 1159 τυῦ
179 1135 218 1170 μὴ
248 1135 344 1169 χρῆναι
364 1136 489 1171 γέννησιν
515 1138 577 1173 περὶ
600 1139 680 1164 αὐτὸν
701 1139 801 1165 ἐννοεῖν

34 1177 186 1210 ἱιγωνίζεται,
211 1180 243 1206 Εἰ
265 1180 319 1215 γὰρ
342 1181 416 1207 πᾶσα
438 1182 579 1217 γέννησις,
609 1184 697 1216 καθὼς
725 1180 802 1216 οὗτος

34 1222 110 1255 ιίεται,
125 1225 343 1260 συνεζευγμένην
357 1226 411 1261 ἕχει
426 1227 474 1262 τὴν
489 1229 559 1255 κατὰ
573 1229 603 1255 τὸ
617 1229 701 1261 πάθος
713 1230 802 1256 διάθε-

34 1277 76 1294 rw‘
88 1270 193 1306 ἀνάγκη
212 1272 288 1297 πᾶσα
311 1271 354 1298 διὰ
372 1273 473 1299 τούτων
491 1274 695 1309 ὁμολογεῖσθαι,
713 1277 753 1302 ὅτι
772 1276 802 1303 τὸ

34 1314 64 1341 τοῦ
87 1316 187 1348 πάθους
212 1317 354 1353 ἀλλότριον
376 1319 609 1356 συναλλοτριοῦται
626 1321 732 1353 πάντως
755 1322 802 1348 καὶ

34 1360 66 1394 εῆς
78 1363 241 1398 γεννήσεως.
258 1363 289 1389 Ei
302 1363 356 1398 γὰρ
374 1365 460 1391 ταῦτα
484 1366 660 1401 συνηγμένως
681 1367 739 1401 μετ’
756 1367 803 1393 ἀλ-

37 1406 102 1440 ἠλων
117 1408 262 1440 νοεῖται,τὺ
273 1409 357 1441 πάθος
371 1419 400 1436 τε
414 1410 460 1436 καὶ
475 1411 491 1446 ή
505 1411 628 1446 γέννησις
638 1433 644 1443 ,
658 1413 672 1438 ὸ
685 1412 731 1438 τοῦ
745 1411 803 1444 ἑνὸς

34 1452 114 1480 ούτων
133 1455 270 1490 ἀμέτοχος
294 1456 348 1482 οὐδ’
369 1455 400 1482 ἂν
424 1456 492 1491 πρὸς
507 1456 537 1482 τὸ
558 1457 650 1492 ἕτερον
680 1458 729 1493 τὴν
744 1466 802 1484 κοι-

36 1498 109 1538 ωνίαν
124 1499 190 1533 ἔχοι.
207 1500 273 1532 Πῶς
288 1498 335 1526 οὖν
355 1501 474 1536 γέννημα
495 1501 538 1527 διὰ
551 1502 599 1536 τὴν
618 1501 743 1536 γέννησιν
760 1503 803 1529 λέ-

34 1550 68 1575 τι,
84 1544 127 1570 τὸν
144 1545 185 1571 ὅτι
206 1547 258 1572 οὐκ
285 1546 416 1581 ἐγεννήθη
442 1546 486 1573 διὰ
501 1547 554 1573 τῶν
571 1547 617 1573 νῦν
639 1549 703 1583 παρ’
720 1548 802 1575 αὐτοῦ

34 1591 164 1625 εγομὲνων
188 1592 436 1627 ἀποδεικνύμενον;
460 1593 505 1619 καὶ
521 1593 590 1628 ὑπὲρ
602 1593 673 1625 τίνος
688 1595 803 1629 μάχεται
816 1588 837 1616 (ἶ

34 1635 81 1669 ipe;
100 1636 146 1662 τὸν
165 1637 331 1664 διδάσκαλον
351 1637 429 1672 ἡμῶν
449 1638 496 1665 τὸν
522 1639 738 1672 συμϐουλεύοντα
767 1640 804 1675 μὴ

35 1682 185 1718 ατατολμᾷν
214 1684 264 1709 ἐπὶ
284 1683 338 1710 τῶν
350 1683 430 1710 θείων
451 1684 593 1719 δογμάτων
607 1685 655 1720 τῆς
677 1685 805 1720 ὀνοματο-

34 1727 115 1762 ῖθιΐας,
130 1730 201 1756 ἀλλὰ
223 1729 407 1764 γεγεννῆσθαι
427 1730 475 1765 μὲν
489 1730 641 1765 ὁμολογεῖν,
657 1731 695 1766 μὴ
715 1740 805 1766 παρα-

34 1775 190 1809 χηματίξειν
208 1777 239 1803 δὲ
257 1777 307 1811 τὴν
320 1777 421 1802 ἔννοιαν
436 1777 536 1811 ταύτην
550 1777 590 1808 είς
608 1776 740 1812 ὀνόματος
761 1777 806 1804 τύ-

34 1828 62 1852 ον
72 1829 78 1835 ·
92 1821 163 1848 ὥστε
182 1823 312 1858 γέννημα
331 1823 376 1849 τὸν
397 1823 560 1858 γεννηθέντα
576 1823 804 1860 προσαγορεύειν,

34 1867 83 1898 itm;
96 1869 146 1902 τῆς
162 1871 263 1905 φωνῆς
275 1869 375 1903 ταύτης
387 1870 432 1895 ἐπὶ
448 1869 501 1896 τῶν
517 1869 638 1904 ἀψύχων,
655 1868 671 1904 ἢ
693 1869 738 1896 ἐπὶ
751 1869 807 1896 τῶν

34 1912 50 1942 ῖς
65 1914 157 1940 εἰκόνα
167 1914 309 1949 πονηρίας
320 1914 558 1949 παρειλημμένων,
572 1914 623 1940 ὑπὸ
634 1915 683 1948 τῆς
696 1913 807 1949 Γραφῆς

34 1959 203 1994 εταγμένης;
229 1959 304 1986 Ἀλλ’
322 1960 385 1986 ὅταν
403 1960 452 1994 μὲν
474 1959 538 1995 παρ’
553 1959 631 1994 ήμῶν
646 1959 757 1994 λέγηται
777 1959 808 1985 τὸ

34 2004 64 2029 ιῖν
78 2006 241 2032 σιωπᾶσθαι
257 2005 309 2040 τὴν
324 2006 414 2040 φωνὴν
424 2005 470 2036 τοῦ
485 2006 661 2040 γεννήματος,
675 2005 724 2040 τὴν
739 2005 808 2040 ἅμα·

34 2056 57 2075 ον
74 2051 186 2086 ἐκείνην
205 2051 361 2087 ῥητορικὴν
375 2051 588 2086 προχειρίζεται,
607 2050 808 2086 συμπαραλαμ-

34 2095 97 2122 άνων
116 2097 157 2128 εἰς
181 2096 352 2132 συμμαχίαν
367 2096 411 2123 καὶ
426 2097 475 2130 τὴν
490 2097 684 2132 γραμματικὴν
709 2096 809 2131 ψυχρο-

34 2143 115 2175 ῑγίανσ
133 2143 184 2170 καὶ
202 2143 251 2169 διὰ
268 2143 320 2177 τῆς
332 2143 456 2178 τεχνικῆς
467 2142 521 2169 τῶν
535 2142 673 2178 ὀνομάτων
691 2142 744 2168 εἴτε
758 2150 809 2168 πα-

34 2189 153 2222 ιγωγῆς,
169 2189 229 2216 εἴτε
245 2188 442 2223 παρωνυμίας,
468 2188 522 2214 εἴτε
541 2188 591 2214 οὐκ
610 2185 658 2214 οἷδ’
671 2188 744 2219 ὅπως
756 2187 811 2214 δεῖν

853 960 958 988 Domini
975 959 1188 995 generationem.
1210 957 1239 985 In
1263 958 1363 993 quibus
1375 965 1435 992 ego,
1453 955 1637 991 prfetermissa

851 1007 1033 1041 blasphemia,
1062 1005 1182 1032 hominis
1214 1004 1352 1039 ingenium
1376 1008 1403 1030 et
1428 1003 1566 1031 solertiam
1588 1001 1637 1028 ad-

851 1052 952 1083 miror,
987 1051 1125 1086 quomodo
1149 1051 1190 1077 sui
1210 1050 1293 1077 studii
1314 1049 1446 1077 meminit.
1473 1049 1518 1084 qui
1538 1047 1637 1075 Filium

852 1101 978 1132 oportere
993 1105 1054 1124 esse
1066 1096 1176 1131 dicique
1195 1103 1326 1130 gennema
1346 1095 1477 1130 (germen)
1499 1094 1556 1122 sive
1575 1101 1638 1128 pro-

851 1141 956 1176 geniem
981 1148 1013 1168 ex
1032 1141 1171 1175 pra-dictis
1198 1140 1307 1170 astruit,
1335 1147 1408 1166 nunc
1436 1146 1489 1165 non
1513 1132 1640 1172 opnriere

852 1187 1056 1222 generationem
1075 1188 1100 1213 in
1120 1187 1180 1220 ipSo
1196 1186 1346 1220 intelligere
1357 1185 1505 1211 contendit.
1526 1183 1554 1210 Si
1566 1183 1637 1210 enim

852 1232 941 1259 omnis
950 1233 1090 1267 generatio
1100 1251 1108 1264 ,
1123 1237 1152 1258 ut
1161 1232 1217 1265 ipse
1229 1234 1363 1262 autumat,
1373 1230 1546 1263 eonjunctam
1559 1228 1640 1254 habet

852 1285 884 1304 ex
903 1277 1000 1304 all‘ettu
1020 1277 1076 1304 sive
1095 1282 1167 1303 motu
1191 1276 1413 1310 dispositionem;
1441 1281 1488 1308 per
1507 1274 1563 1300 haec
1580 1280 1639 1299 om.-

854 1323 918 1349 nino
933 1330 1046 1350 necesse
1062 1322 1197 1353 conﬁteri,
1211 1321 1284 1356 quod
1300 1321 1333 1347 ab
1345 1321 1442 1348 aliectn
1458 1321 1575 1346 alienum
1586 1321 1638 1350 est.

853 1369 933 1396 simul
951 1368 1033 1395 etiam
1056 1375 1070 1394 ιι
1095 1367 1270 1402 generatione
1290 1366 1415 1393 alienari.
1441 1365 1469 1392 Si
1491 1365 1562 1392 enim
1584 1364 1640 1391 haec

853 1415 977 1449 copulate
994 1415 1065 1441 inter
1082 1422 1112 1441 sc
1128 1413 1320 1449 intelliguntur
1336 1417 1364 1439 et
1387 1411 1500 1438 affectus
1519 1414 1546 1438 et
1560 1418 1641 1445 gene-

852 1461 933 1491 ratio,
961 1460 1008 1495 qui
1034 1459 1132 1486 horum
1159 1459 1240 1485 unius
1262 1448 1303 1485 cst
1327 1465 1433 1492 expers,
1463 1464 1551 1491 neque
1576 1463 1639 1483 cum

853 1506 938 1533 altero
959 1506 1039 1532 habet
1056 1505 1288 1531 communionem.
1303 1503 1447 1536 Quomodo
1465 1502 1547 1537 igitur
1573 1510 1640 1535 gen-

854 1559 933 1578 nema
949 1550 1090 1586 (germen)
1109 1557 1156 1585 per
1171 1549 1373 1584 generationem
1393 1548 1459 1575 dicit
1476 1555 1537 1574 eum
1560 1554 1641 1581 quem

854 1604 907 1624 non
935 1596 1054 1631 genitum
1079 1603 1141 1623 esse
1159 1603 1191 1622 ex
1218 1595 1252 1622 iis
1277 1602 1337 1629 qua:
1352 1595 1433 1620 modo
1447 1593 1481 1620 ab
1501 1593 1562 1628 ipso
1578 1598 1643 1620 sunt

854 1643 924 1670 dicta
946 1641 1133 1670 demonstrat?
1153 1641 1237 1676 Cujus
1261 1648 1344 1668 causa
1360 1644 1454 1667 contra
1480 1639 1641 1673 magistrum

854 1692 979 1714 nostrum
1002 1691 1114 1723 pugnat,
1142 1687 1331 1714 consulentem
1357 1686 1384 1712 in
1401 1685 1500 1712 divinis
1524 1684 1643 1711 decretis

855 1740 908 1760 non
922 1732 1076 1760 audendum
1092 1740 1152 1759 esse
1174 1732 1284 1759 nomina
1305 1731 1422 1765 ﬁngere,
1451 1730 1497 1757 sed
1522 1730 1641 1764 genitqu

854 1778 963 1814 quidem
980 1785 1041 1806 esse
1056 1777 1253 1809 conﬁtendum,
1281 1777 1393 1804 minime
1411 1783 1475 1802 vero
1491 1775 1643 1810 ﬁngendam

856 1831 916 1852 esse
938 1823 1077 1851 notionem
1102 1823 1172 1850 hanc
1195 1823 1228 1849 ad
1251 1822 1370 1850 nominis
1391 1820 1524 1847 fortnam:
1553 1820 1589 1846 ita
1614 1825 1643 1846 nt

857 1869 975 1904 genitum
989 1876 1121 1904 gennema
1136 1868 1193 1896 sive
1212 1867 1369 1903 progeniem
1383 1866 1562 1901 appellemus,
1577 1872 1639 1891 etim

858 1914 915 1942 hare
928 1922 980 1941 vox
996 1914 1105 1949 proprie
1120 1914 1153 1941 de
1178 1913 1317 1946 inanimis,
1334 1913 1376 1939 vel
1393 1920 1442 1947 per
1455 1912 1642 1946 metaphOram

857 1959 891 1988 de
903 1959 945 1986 his
960 1959 1006 1993 qui
1022 1958 1055 1985 ad
1069 1958 1213 1993 imaginem
1229 1957 1411 1992 improbitatis
1424 1964 1512 1984 mores
1529 1955 1641 1990 lingunt,

858 2011 873 2032 a
886 2012 964 2033 sacra
976 2005 1117 2039 Scriptura
1130 2002 1265 2039 ponatur?
1281 2001 1331 2030 Sed
1342 2010 1403 2029 cum
1416 2009 1429 2028 a
1443 2001 1521 2028 nobis
1532 2000 1643 2033 dicitur,

859 2052 930 2079 hanc
951 2059 1050 2079 vocenr
1073 2056 1206 2086 gennema
1232 2048 1374 2083 (germen)
1399 2047 1507 2074 silentio
1534 2050 1645 2080 praeter-

859 2099 975 2126 eundam
1009 2105 1081 2128 esse,
1117 2096 1188 2122 hanc
1215 2093 1451 2129 inexpugnabilem
1480 2092 1667 2119 rhetoricauv

860 2143 973 2179 profert.
999 2147 1025 2170 ct
1044 2142 1077 2169 ad
1095 2141 1227 2168 auxiiium
1249 2140 1329 2167 etiam
1351 2139 1467 2166 assumit
1487 2137 1646 2173 granunati-

860 2198 922 2218 cum
942 2196 1096 2217 sermonem
1111 2186 1240 2222 frigidum
1258 2190 1285 2213 et
1300 2186 1408 2212 inanem
1421 2192 1427 2209 :
1447 2188 1527 2218 atque
1540 2189 1588 2218 per
1603 2190 1647 2209 ar-

34 2235 94 2268 Ξγειν
119 2235 212 2262 ταῦτα
240 2235 394 2270 προσήκει,
416 2233 460 2260 διὰ
480 2234 582 2260 τούτων
600 2234 662 2265 τοὺς
687 2233 804 2267 συλλογι-

861 2236 1006 2263 tiﬁciosam
1022 2234 1163 2262 nominum
1183 2233 1241 2260 sive
1260 2231 1466 2261 derivationem,
1490 2229 1547 2256 sive
1563 2229 1647 2256 deno-

34 2282 90 2313 ιοὺς
105 2290 137 2308 συ
141 2290 200 2316 μπε
206 2281 289 2317 ρειίνε
294 2289 312 2312 ι,
320 2281 400 2315 γέννη
405 2289 442 2315 μα
450 2279 495 2306 τὸν
507 2279 671 2315 γεννηθέντα
677 2279 766 2314 λέγειν
776 2276 808 2306 οὺ

34 2329 138 2363 ιραιτού
143 2338 242 2364 μενος.
266 2327 393 2354 Ἐπειδὰν
407 2327 436 2354 δὲ
451 2326 528 2353 τοῦτο
543 2326 683 2361 δεξάμενοι
697 2327 745 2362 τὴν
761 2326 809 2352 τοῦ

34 2373 135 2408 όματος
158 2374 276 2401 ἔννοιαν
298 2373 498 2408 θεωρήσωμεν,
522 2372 560 2403 ὡς
582 2371 629 2398 τοῦ
648 2371 738 2398 κοινοῦ
758 2371 809 2406 τῆς

34 2422 96 2453 ισίας
120 2420 258 2448 ἐντεῦθεν
289 2419 529 2455 συνδεικνυμένοψ
554 2418 633 2446 πάλιν
655 2419 810 2446 ἀνατίθεται

34 2474 52 2496 ις
66 2466 135 2498 ἰδίας
148 2465 263 2500 φωνὰς,
277 2464 329 2491 καὶ
343 2465 407 2499 περὶ
421 2463 467 2491 τοῦ
485 2464 521 2499 μὴ
532 2463 693 2499 γεννηθῆναι
707 2462 735 2489 τδ
746 2462 810 2496 γέν-

34 2520 75 2545 itu
87 2512 281 2542 διατεὶνεται,
301 2511 335 2545 τῇ
354 2509 465 2545 ῥυπώσῃ
483 2509 638 2544 φυσιολογίᾳ
649 2507 695 2535 τοῦ
719 2516 812 2542 σωμα-

34 2557 79 2583 κοῦ
96 2559 181 2584 τξικου
201 2557 257 2592 τὴν
283 2555 411 2591 καθαράν
427 2563 456 2582 τε
483 2555 530 2582 καὶ
554 2555 628 2581 θείαν
651 2554 698 2581 καὶ
718 2553 810 2589 ἅπαθῆ

34 2601 50 2628 νῦ
63 2604 172 2639 Κυρίου
197 2600 459 2637 παραγῳφὸμενος
471 2600 610 2635 γέννησιν·
626 2599 663 2631 ὡς
678 2599 728 2633 οὐκ
740 2599 812 2625 ἐνδε-

34 2657 115 2682 ιμενον
129 2648 166 2674 τὰ
179 2647 231 2674 δύο
248 2646 318 2673 κατ’
333 2645 413 2671 αὑτὸν
430 2646 475 2671 ἐπὶ
493 2644 540 2671 τοῦ
556 2644 622 2671 Θεοῦ
640 2644 811 2679 συνδραμεῖν,

34 2705 36 2714 ν
55 2701 84 2720 τε
109 2693 182 2730 πρὸς
197 2693 249 2720 τὸν
276 2691 391 2725 Πατέρα
405 2691 524 2726 γνήσιον,
548 2691 595 2717 καὶ
606 2690 655 2724 τὴν
670 2689 814 2718 ἀπάθειαν

34 2749 54 2773 ις
69 2740 200 2774 φύσεως·
221 2738 286 2767 ἀλλ’
313 2737 341 2763 εί
363 2737 411 2771 μὲν
427 2736 456 2763 τὸ
470 2736 573 2767 ἀπαθὲς
596 2737 654 2771 εἴη,
677 2737 726 2763 οὐκ
745 2735 815 2763 εἶναι

34 2795 53 2822 κν
69 2787 214 2823 γέννησιν,
239 2787 266 2813 εὶ
295 2785 329 2811 δὲ
344 2784 373 2809 τὸ
392 2783 501 2818 γνήσιόν
523 2792 564 2815 τις
588 2783 743 2819 ὁμολογοίη,
770 2784 815 2810 καὶ

34 2833 93 2864 ἀθος
107 2835 142 2870 τῇ
157 2833 297 2868 γεννήσει
312 2829 423 2860 πάντως
440 2828 703 2863 συμπαραδέχεσθαι.

861 2281 1050 2313 minutionem,
1075 2280 1133 2308 sive
1151 2278 1245 2306 nescio
1259 2277 1396 2312 quomodo
1412 2276 1469 2303 haec
1489 2275 1544 2302 sint
1561 2282 1648 2302 enun-

861 2328 954 2355 tianda
967 2349 973 2360 ,
991 2334 1039 2362 per
1060 2325 1118 2353 haec
1134 2324 1307 2361 syllogismos
1326 2322 1475 2354 concludit,
1495 2329 1548 2348 non
1570 2329 1648 2348 recu-

861 2382 926 2402 sans
940 2380 1000 2400 eum
1017 2372 1064 2407 qui
1079 2370 1188 2407 genitus
1201 2373 1242 2397 est
1259 2369 1350 2397 dicere
1366 2374 1497 2403 gennema
1519 2375 1566 2394 seu
1585 2374 1648 2401 ger-

861 2427 933 2446 men.
948 2417 1018 2445 Tum
1037 2424 1102 2444 vero
1118 2416 1142 2444 si
1168 2416 1220 2443 hoc
1246 2422 1344 2442 nomen
1360 2413 1537 2448 accipientes,
1566 2411 1649 2445 hujus

862 2465 1000 2491 notionem
1018 2462 1228 2497 perspiciamus,
1255 2464 1285 2488 ut
1311 2460 1393 2488 etiam
1415 2459 1476 2486 inde
1493 2457 1650 2485 conmmnio

862 2509 988 2538 essentne
1010 2509 1226 2540 demonstretur,
1249 2515 1345 2535 rursus
1364 2506 1488 2541 proprias
1505 2512 1585 2532 voces
1600 2512 1649 2530 cx-

863 2555 950 2590 ponit,
967 2558 995 2582 et
1011 2561 1143 2589 gennema
1165 2554 1197 2580 ad
1214 2552 1278 2580 illud
1295 2559 1404 2587 quoque
1416 2551 1487 2586 quod
1503 2557 1555 2576 non
1573 2549 1646 2583 geni-

864 2605 921 2628 tum
949 2603 990 2628 est
1012 2599 1144 2632 extendit,
1172 2599 1280 2626 sordida
1306 2597 1474 2633 physiologia
1498 2593 1649 2629 corporalis

865 2649 958 2680 partus
972 2652 1067 2679 puram
1079 2648 1106 2671 et
1116 2643 1234 2671 divinam
1246 2648 1273 2670 et
1283 2642 1425 2670 atiectibus
1437 2648 1489 2667 non
1501 2638 1647 2666 obnoxiam

865 2690 969 2717 Domini
992 2690 1194 2726 generationem
1218 2688 1378 2716 describens
1398 2694 1404 2711 :
1423 2693 1455 2713 ac
1476 2685 1499 2711 si
1520 2684 1576 2710 haec
1594 2683 1649 2710 duo

860 2737 937 2771 juxta
950 2736 1010 2771 ejus
1020 2736 1175 2771 opinionem
1185 2742 1239 2762 non
1252 2733 1357 2769 possint
1371 2733 1398 2760 in
1408 2731 1462 2759 Deo
1471 2737 1646 2763 concurrere,

864 2788 890 2810 et
902 2782 976 2817 quod
992 2789 1053 2808 cum
1071 2781 1151 2808 Patre
1167 2786 1325 2815 germanum
1340 2781 1393 2810 est,
1413 2780 1440 2806 et
1457 2779 1562 2803 natura:
1575 2774 1651 2802 ἀπά-

865 2827 950 2860 θειαν,
976 2826 1119 2854 ati‘ectuutn
1139 2825 1317 2853 vacuitatem:
1337 2822 1384 2850 sed
1408 2822 1430 2850 si
1453 2820 1526 2857 quod
1552 2819 1649 2847 aifectu
