1920 3073
42 143 96 170 ϋξὸ

42 245 120 282 εἴπῃ,
138 247 177 281 μὴ
191 245 265 281 πάσῃ
277 245 322 272 τοῦ
335 246 442 281 Πατρὸς
454 248 486 282 τῇ
500 247 606 283 θεότητι
626 249 837 287 συνθεωρεῖσϐαι

42 291 89 317 τὸν
105 291 203 325 Λόγον,
225 291 261 322 ὡς
279 291 312 317 ἂν
328 292 365 327 μὴ
381 292 429 319 τοῦ
442 292 509 320 Θεοῦ
527 294 557 320 τὸ
578 294 626 329 μὲν
639 296 668 321 ἐν
685 297 763 331 Λόγῳ
783 298 836 333 εἴη,

41 337 74 364 τὺ
92 337 120 363 δὲ
142 337 246 372 γυμνὸν
265 337 311 363 τοῦ
330 337 416 372 Λόγου
440 339 585 374 ἐλέγχοιτο.
615 341 699 367 Πάλιν
718 343 837 380 πατρική

43 383 90 409 τοῦ
113 382 236 409 Ἰωάννου
263 383 356 419 φωνὴ,
377 383 458 410 πάλιν
476 384 530 411 τῶν
551 387 737 421 νηπιαξόντων
759 388 837 423 τιθη-

45 430 128 455 νεῖται
141 428 192 464 τὴν
206 429 290 464 ἀκοὴν
303 429 317 455 ὁ
331 429 524 469 ειξιαγγελιστὴς
536 431 573 466 τῷ
584 432 750 468 κηρύγματι·
762 433 838 460 οὔπω

46 475 172 502 τοσοῦτον
201 475 360 510 ηὑξήθημεν
387 476 415 501 ὲν
443 478 501 508 ταῖς
523 477 644 512 πρώταις
664 480 772 513 φωναῖς,
801 481 838 512 ὡς

45 522 110 548 Υἰὸν
127 521 292 552 ἀκούσαντες
305 521 354 547 οὐκ
369 521 402 548 ἂν
414 521 575 557 ὁλὶσοοιμεν,
590 524 632 550 διὰ
646 525 695 559 τῆς
707 526 838 561 συνήθους

45 569 203 604 ἐμφάσεως.
227 568 275 594 Διὰ
290 567 368 594 τοῦτο
385 568 466 594 πάλιν
487 569 500 595 ὁ
517 569 605 604 κήρυξ
623 570 745 597 ἀναϐοῶν
760 572 788 597 ὲν
805 573 837 608 τῇ

44 614 126 650 τρίτῃ
140 615 216 649 φωνῇ
235 613 275 640 ἔτι
291 614 376 648 Λόγον
395 614 444 649 οὐχ
460 614 523 641 Υἱὸν
541 615 716 650 ἀνεχήρυξεν,
742 616 837 643 εἰπών·

45 661 101 688 Kal
119 661 192 693 Θεὸς
204 658 244 695 ἦν
260 660 276 686 ό
290 660 395 693 Λόγος.
412 659 523 694 Πρῶτον
538 658 613 687 εἶπεν
631 662 659 687 ἐν
679 658 700 695 ᾧ
716 659 760 697 ἦν,
780 659 839 688 εἷτα

44 707 115 743 πρὸς
138 707 200 733 τινα
222 705 265 742 ἦν,
287 706 334 732 νῦν
355 706 381 732 τί
401 706 475 732 ἐστιν
496 706 578 741 λέγει.
603 707 652 733 Διὰ
672 708 721 742 τῆς
745 707 839 743 τρίτης

44 755 242 790 ὲπαναλήψεως
259 755 329 781 τε).Ξί
343 755 388 781 τὸν
404 755 503 782 σκοπὸν
526 756 572 782 τοῦ
595 756 780 791 κηρύγματος.
800 757 837 783 Οὐ

43 801 99 837 γὰρ
116 802 212 836 Λόγον,
230 803 305 838 φησὶ,
326 803 385 830 τινὰ
401 804 456 829 τῶν
471 803 540 829 κατὰ
560 802 590 829 τδ
605 803 748 839 πρόχειρον
763 812 836 829 νοου-

45 848 146 881 μένων,
164 845 232 873 ἀλλὰ
243 847 309 873 Θεὸν
320 847 448 883 κηρύσσω
462 847 489 873 ὲν
502 847 540 882 τῷ
550 847 595 874 τοῦ
609 848 695 882 Λόγου
719 849 838 884 προσρή-

601 146 741 174 CONTRA
764 147 961 182 EUNOlllUll,
991 149 1055 176 [ΑΒ.
1079 149 1123 176 1V.

41 208 92 234 τος
106 200 182 235 ὅροις
197 200 243 226 καὶ
259 199 368 235 μέτροις
386 200 607 237 διαλαμϐάνεται.
627 205 663 230 Ob
684 205 737 240 γὰρ
750 204 782 231 ἄν
795 213 837 237 τις

895 206 1025 234 extendit!
1063 206 1174 234 Verbum
1192 213 1247 234 erat
1265 208 1334 242 apud
1355 208 1434 235 Deum
1452 217 1459 235 :

1627 152 1679 178 Ci’J

1490 208 1561 243 apud
1594 213 1680 237 totum

890 252 972 280 Deum
998 261 1110 288 prorsus
1124 257 1209 280 totum
1225 253 1355 281 Verbum.
1377 254 1447 289 Ergo
1460 259 1577 289 quantus
1593 254 1676 289 Deus,

890 302 995 325 tantum
1023 299 1221 333 proculdubio
1249 300 1330 326 etiam
1349 299 1477 333 Verbum,
1507 301 1579 335 quod
1609 300 1682 336 apud

888 344 977 379 ipsum
995 348 1046 372 est.
1072 344 1163 377 Quare
1175 345 1197 372 si
1215 345 1286 373 Deus
1311 346 1427 373 termino
1457 347 1682 382 circumscriptus

888 393 939 421 est,
950 389 1066 416 Verbum
1082 397 1189 424 quoque
1202 390 1228 417 in
1242 391 1367 417 termino.
1380 390 1456 424 Quod
1469 391 1490 418 si
1504 391 1549 418 Dei
1563 391 1682 420 immen—

889 434 957 460 sitas
985 434 1042 461 sive
1072 434 1194 461 inﬁnitas
1226 435 1373 462 terminum
1410 437 1568 470 pertransit,
1593 444 1682 471 neque

888 479 1006 506 Verbum
1019 480 1091 515 quod
1105 487 1167 507 cum
1182 480 1233 507 hoc
1246 485 1336 508 mente
1352 481 1483 513 cernitur,
1500 481 1619 509 termino
1633 486 1682 511 aut

889 526 1027 552 mensuris
1056 526 1305 560 comprehenditur.
1326 525 1412 554 Nemo
1429 527 1502 554 enim
1528 528 1681 562 negaverit,

888 571 1007 598 Verbum
1024 579 1084 598 cum
1098 572 1172 598 omni
1185 569 1273 600 Patris
1287 572 1388 600 deitate
1403 573 1482 599 simul
1496 574 1629 608 conspici,
1649 581 1684 601 ne

889 616 934 643 Dei
954 623 1017 651 pars
1029 616 1119 651 aliqua
1134 623 1194 643 esse
1207 616 1233 643 in
1255 616 1353 649 Verbo,
1373 624 1435 651 pars
1452 624 1515 644 vero
1528 617 1600 644 nuda
1616 616 1683 644 Ver-

890 661 924 688 ho
936 662 1123 697 redarguatur.
1139 661 1245 690 Rursus
1274 667 1388 698 paterna
1410 662 1523 690 Joannis
1539 671 1590 689 vox
1607 673 1612 690 :
1630 662 1683 690 ite-

889 715 949 734 rtnn
974 707 1118 735 infantium
1137 709 1260 735 auditum
1290 708 1454 742 evangelista
1471 716 1521 736 suo
1546 708 1684 743 prmconio

890 755 1062 782 nutricatur:
1094 756 1215 782 nondum
1253 759 1357 782 tantum
1388 754 1414 781 in
1439 755 1536 789 primis
1566 754 1680 781 vocibus

889 801 962 827 aucti
980 809 1084 834 sumus,
1101 803 1166 837 quin
1190 801 1212 828 si
1233 800 1331 828 Filium
1358 800 1540 833 audissemus,
1571 804 1683 835 propter

889 850 1049 873 consuetam
1066 850 1092 874 et
1119 846 1257 881 cognitam
1283 845 1512 881 signiﬁcationem
1536 845 1602 880 lapsi
1629 852 1683 871 non

46 899 111 926 ματι
123 900 129 906 ”
142 887 218 923 οὗτος
230 892 283 928 γὰρ
293 893 307 918 ὁ
320 893 414 927 Λόγος,
430 893 458 924 ὃς
469 893 498 918 ὲν
509 893 579 928 ἀρχῇ
595 891 638 928 ἦν,
653 893 699 919 καὶ
709 883 777 928 πρὸς
791 894 836 920 τὸν

895 892 1047 919 fuissemus.
1064 891 1212 927 Propterea
1229 900 1325 920 rursus
1341 898 1431 926 praeco
1454 891 1532 918 tertia
1547 898 1614 918 voce
1628 890 1687 917 cla-

43 935 111 961 Θεδν
126 934 171 970 ἦν,
184 937 233 962 οὐκ
248 936 312 963 ἄλλο
325 944 351 963 τι
367 937 440 972 παρὰ
455 936 499 963 τὸν
514 936 580 962 Θεὸν
592 934 636 972 ἦν,
652 936 719 963 ἀλλὰ
730 938 776 964 καὶ
789 932 837 964 ab;

42 981 90 1013 τις
116 981 182 1014 Θεὸς
211 979 254 1017 ἦν.
283 982 337 1008 Καὶ
357 982 475 1016 συνεχῶς
499 981 542 1008 διὰ
568 982 618 1017 τῆς
643 982 837 1018 ἐπαναλήψεως

42 1028 215 1062 ὲπακμάζων
230 1029 289 1059 ταῖς
310 1027 525 1063 μεγαλοφωνίαις
542 1029 556 1054 ὁ
573 1028 669 1063 κήρυξ,
687 1029 779 1055 τοῦτον
796 1028 838 1055 λέ-

43 1083 89 1108 γει
109 1074 155 1101 τὸν
170 1073 236 1100 Θεὸν
252 1073 297 1100 τὸν
315 1075 344 1100 ὲν
367 1073 406 1109 τῷ
428 1073 586 1110 κηρύγματι
609 1075 835 1110 προδηλούμενον.

42 1120 146 1147 Τοῦτον
160 1118 228 1146 εἶναι
241 1120 273 1146 δι’
286 1117 316 1147 οὗ
327 1119 361 1146 τὰ
375 1120 463 1147 πάντα
475 1120 592 1154 ἐγένετο,
610 1121 656 1146 καὶ
671 1121 742 1156 ζωὴν
758 1118 837 1154 εἶναι,

42 1167 92 1193 καὶ
104 1166 163 1201 φῶς
176 1166 336 1201 ἀνθρώπων.
349 1165 396 1193 καὶ
410 1166 468 1200 φῶς
482 1166 606 1202 ἀληθινὸν
619 1167 647 1193 ἐν
662 1167 756 1202 σκοτίᾳ
770 1167 839 1202 λάμ-

42 1221 114 1245 πον,
135 1213 183 1238 καὶ
200 1212 252 1239 ὑπο
268 1213 317 1247 τῆς
342 1212 450 1244 σκοτίας
473 1213 523 1239 οὐκ
547 1213 763 1249 ἀμαυρούμενον,
784 1214 838 1244 τοῖς

44 1258 122 1288 ἰδίοις
135 1256 331 1292 ἐπιδημοῦντα,
344 1257 390 1283 καὶ
404 1257 455 1283 ὑπὸ
467 1257 520 1284 τῶν
537 1257 607 1284 ἰδίων
619 1259 649 1284 οὐ
663 1258 838 1293 λαμϐανόμε-

42 1311 98 1334 νον,
113 1302 162 1329 καὶ
175 1303 264 1338 σάρκα
278 1302 433 1337 γενόμενον,
447 1302 493 1329 καὶ
507 1302 551 1329 διὰ
564 1303 613 1338 τῆς
631 1303 732 1338 σαρκὸς
746 1304 778 1338 τῇ
793 1303 839 1329 ἁν-

43 1349 169 1384 Ορωπίνῃ
187 1349 409 1384 κατασκηνοῦντα
423 1348 512 1383 φύσει.
528 1349 582 1375 Καὶ
590 1348 707 1375 τοσαῦτα
718 1349 840 1386 τεροδιειξξ⁴

43 1394 130 1420 ελϐὼν
145 1395 193 1420 καὶ
204 1394 325 1426 τοιαῦτα,
341 1394 400 1420 τότε
413 1395 523 1429 Πατέρα
534 1393 616 1428 λέγει,
637 1394 683 1421 καὶ
700 1395 839 1430 Μονογενῆ

42 1440 185 1476 ὀνομάζει,
201 1440 246 1466 ὅτε
261 1439 351 1466 οὐκέτι
365 1440 485 1471 κίνδυνος
495 1438 528 1475 ἦν
543 1448 583 1471 τις
596 1440 636 1474 τῷ
650 1439 693 1466 διὰ
706 1440 839 1467 τοσούτων

44 1486 337 1523 κεκαθαρμένῳκπρός
351 1494 411 1512 τινα
428 1485 556 1521 ρυπῶσαν
575 1485 768 1520 κατολισθῆσαι
782 1486 840 1513 διά-

43 1542 129 1566 νοιαν,
140 1534 172 1559 ὲκ
183 1532 232 1567 τῆς
242 1532 288 1558 τοῦ
298 1532 404 1568 Πατρὺς
413 1532 557 1567 σημασίας·
567 1532 765 1567 Ἐθεασάμεθιι
775 1532 838 1568 γὰρ,

891 945 980 969 mans,
1002 937 1091 963 adhuc
1104 935 1396 967 Vcrbum,nonFilium
1411 936 1506 968 edixit,
1522 936 1632 967 dicens,
1649 934 1684 961 Et

890 984 959 1020 Deus
990 989 1046 1010 erat
1079 982 1203 1010 Verbum.
1228 982 1349 1010 Primum
1382 982 1451 1009 dixit
1477 982 1504 1008 in
1530 988 1585 1016 quo
1611 984 1683 1013 erat,

889 1029 987 1058 deinde
1006 1029 1077 1065 apud
1095 1037 1186 1064 quem,
1203 1036 1277 1056 nunc
1291 1028 1357 1064 quid
1372 1031 1414 1056 est
1428 1027 1503 1055 dicit.
1523 1026 1615 1054 Tertia
1640 1033 1685 1053 rc-

890 1075 1021 1110 petitione
1048 1075 1177 1110 praeconii
1209 1082 1324 1110 scopum
1347 1075 1478 1102 absolvit.
1525 1072 1584 1100 Non
1611 1071 1692 1100 enim.

890 1122 1020 1155 Verbum,
1043 1122 1142 1157 inquit,
1160 1129 1256 1149 eorum
1281 1121 1392 1155 aliquod
1421 1127 1482 1156 quae
1498 1124 1623 1155 prompte
1642 1118 1686 1144 in~

890 1168 1059 1204 telliguntur,
1084 1168 1131 1196 sed
1156 1167 1240 1207 Deum
1259 1168 1378 1203 prmdico
1402 1167 1451 1194 hac
1477 1165 1557 1194 Verbi
1576 1164 1685 1201 (Λόγου)

889 1214 1009 1242 dictione
1027 1225 1034 1242 :
1052 1215 1103 1242 hoc
1132 1215 1204 1246 enim
1233 1214 1364 1246 Verbum,
1398 1213 1471 1248 quod
1495 1213 1522 1239 in
1548 1210 1688 1247 principio

889 1265 958 1293 erat,
975 1265 1001 1288 ct
1017 1261 1088 1296 apud
1104 1262 1186 1288 Deum
1204 1265 1273 1293 erat,
1289 1268 1344 1287 non
1357 1259 1429 1287 aliud
1450 1258 1599 1294 quidquam
1616 1263 1685 1291 prae-

890 1310 931 1333 ter
946 1306 1028 1333 Deum
1042 1311 1111 1337 erat,
1129 1306 1177 1333 sed
1193 1309 1220 1333 et
1246 1303 1336 1341 ipsum
1362 1304 1433 1332 Dens
1452 1307 1522 1332 erat.
1539 1303 1571 1329 Et
1583 1301 1690 1337 jugiter

891 1360 938 1387 per
955 1352 1167 1387 resumptionem
1199 1350 1352 1386 magnificis
1365 1350 1480 1377 vocibus
1510 1348 1686 1377 invalescens

891 1407 990 1434 praeco,
1016 1399 1089 1426 hunc
1103 1399 1184 1425 Deum
1200 1397 1276 1429 dicit,
1293 1397 1344 1424 hoc
1360 1395 1496 1431 praeconio
1517 1395 1575 1422 sive
1594 1393 1690 1421 edicto

891 1446 980 1480 palam
1004 1445 1184 1472 declaratum.
1214 1442 1271 1470 Hoc
1279 1450 1340 1470 esse
1353 1450 1400 1478 per
1416 1441 1490 1477 quod
1508 1439 1600 1467 omnia
1614 1437 1686 1465 facta

891 1494 965 1523 sunt,
978 1494 1004 1518 et
1020 1491 1100 1518 vitam
1114 1497 1175 1518 esse
1187 1493 1267 1524 atque
1280 1489 1370 1516 lucem
1386 1488 1538 1518 hominum,
1555 1489 1582 1513 et
1597 1485 1686 1512 lucem

892 1545 983 1564 veram
1016 1537 1044 1564 in
1065 1537 1188 1564 tenebris
1217 1537 1376 1571 fulgentem,
1396 1539 1422 1561 et
1449 1531 1600 1560 atenebris
1631 1537 1692 1557 non

44 1579 131 1613 φησι,
150 1578 209 1612 τὴν
232 1578 326 1609 δόξαν
344 1578 453 1610 αὑτοῦ,
473 1578 566 1610 δόξαν
589 1578 628 1611 ὡς
651 1578 837 1613 Μονογενοῦς

895 1583 1096 1614 hebescentem,
1123 1583 1149 1609 in
1164 1583 1222 1610 suis
1247 1588 1371 1612 versans,
1394 1583 1420 1607 et
1437 1587 1450 1606 a
1472 1578 1531 1606 suis
1544 1584 1598 1604 non
1612 1581 1689 1602 rece-

43 1624 126 1659 παρὰ
143 1625 269 1659 Πιιτριῗς.

893 1633 981 1664 ptum,
996 1633 1023 1656 et
1036 1637 1145 1657 carnem
1162 1628 1274 1660 factum,
1291 1632 1318 1655 et
1332 1635 1379 1662 per
1393 1633 1503 1653 earncm
1526 1624 1553 1651 in
1568 1623 1688 1650 humana

45 1676 146 1698 ratura
172 1671 358 1705 requiescens,
374 1671 438 1705 ,sive
457 1673 586 1705 tanquam
616 1670 642 1697 in
663 1670 840 1698 tabernaculo
860 1672 997 1702 habitans.
1026 1675 1116 1709 Atque
1131 1674 1196 1700 talia
1220 1680 1281 1700 cum
1307 1677 1370 1699 ante
1411 1669 1594 1705 exposuisset,
1628 1669 1687 1693 tum

43 1719 156 1746 Patrem
169 1718 246 1748 dicit,
263 1722 290 1745 et
306 1717 479 1752 Unigenitum
498 1717 632 1750 nominat,
650 1725 710 1744 cum
736 1718 841 1745 nullum
859 1721 976 1755 amplius
998 1722 1149 1756 periculum
1171 1720 1293 1747 imminet
1309 1719 1331 1746 ci
1350 1718 1396 1752 qui
1429 1724 1476 1750 per
1493 1715 1607 1742 totidem
1624 1719 1689 1748 pcr-

44 1770 183 1802 pnrgatus
198 1768 250 1796 est,
268 1771 303 1791 ne
330 1764 356 1791 in
371 1764 574 1791 sordesccntem
593 1764 724 1790 illabatur
742 1765 936 1800 cogitationem
953 1776 986 1796 ex
1002 1768 1091 1796 Patris
1120 1765 1304 1803 signiﬁcantia
1320 1774 1326 1792 :

45 1813 117 1847 quit,
135 1811 251 1845 gloriam
264 1810 331 1844 ejus,
346 1809 457 1844 gloriam
469 1809 544 1844 quasi
561 1807 695 1844 Unigeniti
711 1818 726 1836 a
747 1809 838 1838 Patre.

80 1858 154 1884 Εἰπὲ
176 1856 244 1891 πρὸς
258 1855 343 1882 ταῦτα
362 1855 401 1891 τῷ
424 1855 603 1890 εὐαγγελιστῇ
616 1876 622 1887 ,
640 1856 700 1882 εἰπὲ
718 1857 752 1884 τὰ
775 1857 844 1891 σοφά
874 1870 879 1874 ν

45 1913 93 1930 σου
107 1902 206 1933 ταῦτα,
221 1901 362 1936 Εὐνόμιος,
374 1901 414 1927 ὅτι
427 1900 483 1932 πῶς
498 1901 617 1936 Πατέρα,
643 1902 690 1928 καὶ
715 1902 772 1934 πῶς
786 1903 844 1941 M0:

44 1949 146 1984 νογενῆ
164 1946 359 1981 κατονομάζεις
376 1946 414 1982 τῷ
438 1945 523 1981 Mm;
545 1946 650 1980 Πάσης
673 1947 844 1982 σωματικῆς

45 1994 224 2030 γεννήσεως
244 1992 292 2019 διὰ
308 1991 421 2024 πάθους
436 1991 663 2026 ἐνεργουμένης.
686 1993 844 2029 Ἀποκρίνε-

44 2041 92 2069 ταί
114 2049 159 2067 σοι
170 2040 278 2070 πάντως
292 2035 360 2073 ὑπὲρ
377 2037 459 2064 αὑτοῦ
475 2038 491 2072 ὴ
508 2038 637 2073 ἀλήθεια·
659 2039 698 2064 ὅτι
713 2039 776 2065 ἄλλο
792 2039 846 2066 Oso-

45 2086 92 2122 λυγ
99 2086 146 2116 ίας
161 2083 221 2110 ἐστὶ
236 2082 394 2118 μυστήριον,
405 2082 458 2108 ,καὶ
470 2081 535 2117 mn
552 2082 606 2108 τῶν
621 2082 740 2117 ῥευστῶν
754 2083 846 2118 σωμά-

45 2140 102 2160 των
115 2128 288 2165 φυσιολογία.
306 2127 398 2163 Πολλῷ
414 2127 452 2163 τῷ
471 2127 544 2162 μέσῳ
559 2128 606 2154 ἀπ’
622 2127 743 2163 ἀλλήλων
760 2129 848 2157 ταῦτα

47 2175 290 2210 διατετείχισται’
320 2174 346 2200 τί
377 2173 521 2205 συνάπτεις
555 2173 598 2200 διὰ
626 2173 673 2199 τοῦ
701 2174 780 2208 λόγου
813 2175 849 2201 τὰ.

46 2224 177 2259 ἄμικτα;
196 2220 258 2252 Πῶς
271 2219 308 2254 τῷ
324 2218 444 2255 ῥυπῶντι
459 2218 528 2253 λόγῳ
542 2219 572 2245 τὺ
587 2219 705 2254 καθαρὸν
725 2218 849 2254 μολύνεις

45 2270 98 2305 τῆς
114 2267 194 2298 θείας
209 2266 378 2300 γεννήσεωςς
395 2264 457 2296 Πῶς
481 2264 525 2291 διὰ
547 2265 600 2291 τῶν
621 2264 713 2291 παθῶν
730 2265 776 2292 τοῦ
795 2265 849 2292 σώ-

49 2324 140 2350 ματος
159 2312 326 2348 τεχνολογεῖς
347 2311 377 2337 τὸ
396 2310 558 2346 ἀσώματον;
584 2312 630 2347 Μὴ
650 2311 682 2337 ἐκ
701 2311 754 2337 τῶν
774 2312 850 2338 κάτω

48 2358 212 2396 φυσιολόγει
225 2357 258 2383 τὰ
278 2357 342 2383 ἄνω.
358 2356 422 2383 Υἰὺν
439 2356 505 2383 Θεοῦ
521 2356 651 2392 κηρύσσω
669 2357 714 2383 τὸν
737 2356 848 2392 Κύριον,

48 2408 90 2435 ὃτι
105 2407 158 2432 καὶ
171 2404 202 2430 τὸ
216 2403 246 2435 ἐξ
265 2402 387 2438 οὐρανῶν
400 2402 566 2436 Εὑαγγέλιον
584 2402 628 2429 διὰ
644 2402 696 2437 τῆς
716 2404 850 2438 φωτεινῆς

48 2452 173 2487 νεφέλης
186 2449 271 2480 οὕτως
286 2447 432 2484 ἐκήρυξεν
445 2446 539 2480 Οὗτος
555 2448 609 2483 γὰρ
619 2468 626 2479 ,
639 2447 732 2483 φησιν,
745 2449 761 2474 ό
783 2449 850 2482 Υἱός

46 2508 110 2534 μου
125 2499 143 2524 ὀ
152 2495 315 2530 ἀγαπητός.
330 2495 366 2520 Οὐ
381 2494 429 2529 μὲν
443 2493 538 2529 ἐπειδὴ
548 2493 611 2520 Υἱδν
620 2493 770 2529 ἐδιδάχθην,
781 2494 849 2529 πρὸς

49 2547 102 2578 τὰς
118 2541 174 2571 ὧδε
186 2541 231 2569 τοῦ
247 2541 305 2568 υἱοῦ
321 2541 459 2576 σημασίας
476 2540 673 2576 καθειλκύσοην
689 2542 721 2568 ἐκ
731 2541 778 2567 τοῦ
793 2542 850 2568 ὀνό-

53 2597 158 2625 ματος,
173 2585 242 2614 ἀλλὰ
256 2586 302 2612 καὶ
320 2586 351 2611 ἐκ
368 2585 413 2612 τοῦ
429 2585 534 2621 Πατρὸς
550 2583 618 2620 οἴδα,
631 2586 677 2612 καὶ
689 2586 720 2612 ἐκ
740 2586 785 2612 τοῦ
799 2587 850 2613 πά-

51 2638 120 2669 θους
147 2635 199 2662 οὐκ
216 2632 286 2661 οἶδα.
313 2634 383 2667 Ἐγὼ
405 2633 433 2660 δὲ
452 2633 592 2660 καὶτοῦτο
616 2635 672 2666 τοῖς
695 2634 850 2670 εἰρημένοις

53 2681 224 2720 προσθήσω·
250 2680 291 2706 ὅτι
313 2676 372 2706 οἶδά
391 2687 452 2706 τινα
471 2679 519 2705 καὶ
543 2679 701 2715 σωματικὴν
724 2679 850 2715 γέννησιν

52 2726 270 2762 καθαρεύουσαν
288 2724 406 2758 πάθους,
422 2724 460 2756 ὡς
480 2724 525 2751 καὶ
544 2725 573 2752 ὲν
597 2724 683 2760 τούτῳ
701 2724 785 2760 ψευδῆ
804 2725 851 2752 τοῦ

52 2773 195 2809 Εὐωμίου
210 2772 261 2807 τῆς
275 2773 432 2808 σωματικῆς
445 2773 597 2808 γεννήσεως
614 2773 662 2808 τὴν
680 2772 853 2808 φυσιολογίαν

93 2859 215 2890 ‘Matth.
235 2866 276 2894 Ill,
288 2859 332 2887 l7.

1367 1763 1483 1791 Vidimus
1526 1760 1610 1791 enim,
1645 1758 1687 1784 in-

933 1855 973 1883 Ad
989 1856 1046 1883 haec
1059 1855 1104 1882 die
1122 1853 1305 1889 evangelistte,
1319 1859 1334 1878 ο
1348 1850 1473 1882 Eunomi,
1487 1849 1531 1876 (lic
1546 1854 1591 1876 tua
1606 1849 1685 1876 docta

897 1902 1017 1928 inventa.
1033 1898 1174 1931 Quomodo
1185 1897 1304 1929 Patrem,
1317 1894 1454 1930 quomodo
1471 1892 1620 1927 Unigenam
1639 1899 1688 1920 n0-

897 1947 985 1973 niinas
1000 1944 1148 1972 sermone?
1163 1951 1223 1970 cum
1235 1942 1320 1968 omnis
1335 1939 1484 1975 corporalis
1496 1937 1630 1973 generatio
1643 1945 1693 1972 per

898 1991 1020 2026 affectum
1046 1990 1182 2025 efﬁciatur.
1215 1988 1276 2015 Tibi
1302 1994 1352 2022 pro
1379 1986 1438 2020 ipso
1469 1983 1616 2019 respondet
1642 1991 1688 2011 ve-

897 2038 964 2064 ritas
982 2045 989 2063 :
1006 2038 1078 2071 quod
1096 2034 1168 2062 aliud
1195 2037 1237 2061 est
1268 2032 1410 2067 theologia:
1437 2030 1610 2066 mysterium,
1636 2029 1689 2056 alia

897 2091 1044 2119 corporum
1066 2091 1126 2119 quae
1143 2086 1208 2110 sunt
1234 2082 1261 2108 in
1286 2080 1359 2108 (luxu
1382 2077 1552 2115 physiologia
1572 2077 1690 2113 (natura:

899 2130 990 2165 ratio).
1005 2129 1098 2163 Longo
1129 2128 1220 2154 medio
1236 2127 1293 2153 hate
1309 2134 1324 2153 ιι
1349 2133 1379 2153 se
1396 2125 1525 2156 invicem,
1558 2127 1689 2158 tanquam

899 2183 977 2202 muro
989 2174 1147 2207 interjecto,
1169 2173 1267 2200 dissita
1289 2175 1353 2199 sunt
1376 2181 1381 2198 :
1400 2170 1465 2206 quid
1485 2169 1610 2196 oratione
1630 2176 1691 2203 qua:

899 2221 1009 2249 misceri
1033 2226 1058 2248 et
1087 2220 1186 2247 sociari
1218 2218 1291 2246 nullo
1316 2218 1396 2245 modo
1431 2219 1535 2252 queunt
1561 2215 1692 2242 consuis?

866 2272 886 2299 ι)
902 2267 1038 2303 quomodo
1053 2273 1180 2294 sermone
1196 2266 1302 2300 impuro
1319 2268 1345 2291 et
1360 2263 1473 2292 sordido
1489 2263 1590 2290 divinae
1609 2268 1691 2296 gene-

901 2313 1017 2341 rationis
1032 2313 1176 2348 puritatem
1201 2311 1389 2346 cnnspurcas?
1402 2309 1540 2345 quomodo
1563 2316 1612 2343 per
1630 2315 1691 2335 cor-
1739 2315 1742 2318 '

901 2360 976 2394 poris
987 2359 1101 2386 affectus
1118 2357 1190 2393 quod
1206 2362 1247 2384 est
1260 2357 1451 2391 incorporeum
1477 2352 1693 2382 architectaris?

901 2405 961 2432 Noli
978 2413 1009 2432 ex
1027 2405 1069 2431 liis
1080 2412 1140 2439 qua:
1158 2408 1222 2431 sunt
1235 2402 1328 2429 intima
1344 2406 1370 2429 ct
1387 2402 1515 2429 deorsum
1529 2401 1646 2430 caduca,
1658 2399 1692 2426 de

901 2451 1028 2486 supernis
1044 2456 1070 2477 ct
1084 2450 1184 2477 divinis
1214 2447 1411 2484 philosophari.
1437 2444 1488 2473 'Dei
1508 2445 1606 2472 Filium
1622 2452 1691 2480 prae-

903 2497 964 2524 dico
985 2496 1140 2527 Dominum,
1152 2495 1225 2530 quod
1241 2494 1322 2521 etiam
1337 2502 1352 2521 e
1369 2494 1440 2521 emlo
1457 2492 1632 2527 Evangelium
1646 2498 1693 2525 per

903 2541 1020 2568 lucidam
1043 2540 1170 2567 nebulam
1204 2539 1244 2566 sie
1273 2538 1377 2566 edixit:
1407 2537 1458 2564 llic
1481 2537 1564 2569 enim,
1590 2535 1692 2570 inquit,

904 2587 991 2614 Filius
1007 2594 1079 2613 meus
1094 2585 1206 2612 dilectus
1219 2584 1238 2611 ⁵.
1259 2583 1319 2611 Non
1329 2588 1420 2611 tamen
1433 2587 1575 2618 postquam
1591 2580 1691 2608 Filium

903 2633 1016 2660 edoctus
1034 2639 1104 2664 sum,
1120 2631 1152 2658 ad
1169 2631 1294 2665 vulgares
1307 2630 1354 2657 lilii
1379 2627 1575 2664 signiﬁcantias
1589 2634 1621 2653 ex
1642 2633 1692 2652 no-

905 2679 977 2706 mine
1004 2681 1136 2705 attractus
1154 2676 1204 2708 l‘ui,
1221 2675 1268 2703 sed
1287 2683 1319 2703 ex
1341 2674 1420 2702 Patre
1449 2673 1522 2705 novi,
1541 2680 1572 2700 ex
1594 2670 1692 2698 allecto

906 2733 959 2753 non
976 2725 1049 2752 novi.
1062 2723 1117 2760 Ego
1131 2729 1221 2751 autem
1237 2723 1289 2750 hoc
1298 2721 1378 2749 etiam
1390 2719 1471 2747 dictis
1486 2717 1582 2746 addam
1598 2726 1605 2745 :
1620 2715 1693 2752 quod

907 2771 989 2800 etiam
1022 2771 1079 2799 scio
1093 2771 1213 2806 aliquam
1229 2767 1399 2804 corporalem
1424 2764 1628 2802 generationem
1657 2763 1694 2792 ab
