1920 3073
58 129 111 158 6‘29

643 125 781 155 CONTRA
799 124 994 158 EUNOMIUM,
1013 125 1076 152 LIB.
1096 125 1140 152 ιν.

1641 121 1697 149 630

59 194 138 218 σεως.
160 185 194 212 Εἰ
207 181 254 212 οὖν
267 184 313 212 ἐπὶ
332 183 387 212 τῶν
404 183 510 220 μυρίων
526 182 573 211 τοῦ
590 183 693 220 κόσμου
709 182 795 211 ταῦτα
809 182 853 209 λέ-

912 185 998 218 :repet
1024 190 1039 209 a
1073 186 1154 210 terra;
1179 181 1372 210 subsistentia.
1389 180 1418 208 Si
1438 179 1521 215 igitur
1543 179 1571 206 in
1598 178 1693 206 mundi

59 240 118 266 γειν
135 230 236 266 ἀληθές
253 231 321 262 ἐστι,
334 231 375 263 τίς
393 231 432 258 ἔτι
450 232 573 259 λείπεται
585 232 650 267 περὶ
662 231 710 258 τοῦ
719 231 853 266 δόγματος

58 276 114 303 τῶν
129 276 261 304 ἐναντίων
276 276 443 312 ἀμφιδολία;
465 276 527 305 ’Ὁτι
550 277 631 313 μέχρι
647 277 777 313 ῥημάτων
790 275 854 302 Υἰὸν

59 322 254 358 ὀνομάζοντες,
281 322 311 349 ἓν
329 322 384 349 τῶν
403 323 447 350 διὰ
470 323 585 355 κτίσεως
613 323 763 358 γεγονότων
784 319 854 348 εῖναι

60 367 311 401 κατασκευάζουσι,
332 367 435 403 μόνοιςι
444 370 500 400 τοῖς
518 368 589 396 κατά
609 368 658 404 τὴν
673 368 750 400 τάξιν
771 374 855 402 πρεσ-

61 414 144 445 Sciat;
159 414 379 449 προτεταγμένον
395 414 449 441 τῶν
469 414 566 441 ἄλλων.
588 414 723 449 Καθάπερ
741 413 787 440 ἐπὶ
805 414 854 449 τῆς

61 459 242 495 χαλκευτικῆς
256 459 329 486 ἔστιν
343 461 440 493 εἰπεῖν,
459 461 547 487 πάντα
563 461 612 496 μὲν
627 461 659 487 ὲκ
672 459 774 495 ταύτης
785 458 856 486 εἶναι

61 506 96 531 τὰ
115 505 147 531 ἐκ
168 506 278 540 σιδήρου
295 506 556 540 κατασκευάσματα,
586 505 807 541 προγεγενῆσθαι
826 505 855 531 δὲ

60 551 113 585 τῆς
129 550 184 578 τῶν
198 551 298 578 λοιπῶν
310 551 492 587 ἀπεργασίας,
507 552 537 578 τό
549 561 579 578 τε
590 552 639 586 τῆς
653 551 795 587 πυράγρας
807 550 856 577 καὶ

60 597 91 622 τὺ
111 597 161 632 τῆς
176 596 282 632 σφύρας
303 597 429 633 ὄργανον,
450 597 484 624 δι’
508 594 545 624 ὧν
571 596 703 624 τυποῦται
723 596 790 632 πρὸς
805 595 854 631 τὴν

62 641 158 677 χρείαν
169 643 183 668 ό
197 642 304 678 σίδηρος
315 651 321 658 ·
337 643 368 668 οὐ
381 642 436 678 μὴν
454 642 547 678 ἐπειδὴ
561 641 694 678 πρωτεύει
709 641 787 668 τοῦτο
800 640 854 666 τῶν

61 687 166 720 ἄλλων,
190 688 242 724 ἤδη
266 697 308 721 τις
330 689 378 716 καὶ
401 689 516 724 διαφορὰ
543 688 612 715 κατὰ
630 688 678 723 τὴν
703 687 768 722 ὕλην
785 686 854 719 ἐστὶ,

62 733 111 760 τοῦ
123 742 153 760 τε
167 734 350 766 ἐκτυποῦντος
359 734 486 770 ὀργάνου,
500 734 547 761 καὶ
560 734 606 761 τοῦ
620 732 854 769 σχηματιζομένου

65 780 176 815 σιδήρου
190 781 261 808 κατὰ
274 781 304 807 τὸ
319 781 444 816 ὄργανον.
459 781 570 817 Σίδηρος
585 781 631 808 καὶ
644 779 721 806 τοῦτο
735 779 855 811 κάκεῖνο,

63 825 95 853 τὸ
110 826 138 852 δὲ
154 826 248 862 σχῆμα
261 827 471 863 προγενέστερον
485 827 531 854 τοῦ
546 827 638 864 ἑτέρου
655 826 685 853 τὺ
698 826 801 861 ἕτερον.

100 916 219 952 Τοιαύτη
244 917 292 952 τῆς
309 916 441 952 αἱρέσεως
457 917 474 951 ἡ
493 916 557 952 περὶ
576 916 623 942 τοῦ
639 915 705 942 Υἱοῦ
721 914 857 949 θεολογίαδ

62 961 95 988 τὴ
112 962 194 997 μηδὲν
207 961 311 989 οἴεσθαι
328 962 467 997 διαφέρειν
482 963 541 988 κατ’
556 961 649 988 οὐσίαν
666 961 747 988 αὐτόν
762 969 791 987 τε
813 960 857 987 τὸν

63 1007 168 1043 Κύριον
187 1008 234 1034 καὶ
252 1008 287 1034 τὰ
302 1009 367 1044 παρ’
384 1008 466 1035 αὑτοῦ
483 1008 623 1042 γεγονότα,
640 1008 709 1043 πλὴν
725 1008 773 1042 τῆς
788 1006 859 1034 κατὰ

62 1053 114 1088 τὴν
130 1053 207 1086 τάξιν
223 1053 363 1088 διαφορᾶς.
381 1054 428 1085 Τίς
444 1054 532 1080 τοίνυν
545 1053 598 1079 τῶν
615 1053 662 1080 καὶ
677 1052 801 1079 ὁπωσοῦν
818 1053 858 1083 εἰς

63 1098 246 1134 Χριστιανοὺς
279 1099 494 1132 συντελούντων,
526 1099 579 1126 τῶν
618 1107 648 1125 τε
682 1099 783 1134 μορίων
810 1097 857 1124 τοῦ

63 1144 170 1179 κόσμου
178 1163 185 1175 ,
197 1144 300 1171 καὶτοῦ
313 1145 493 1180 πεποιηκότος
502 1145 547 1171 τὸν
558 1145 658 1180 κόσμον
671 1144 716 1171 τὸν
727 1144 808 1171 αὑτὸν
820 1140 858 1169 εἷ-

63 1199 110 1218 ναι
120 1190 170 1225 τῆς
178 1191 273 1222 οὐσίας
280 1191 358 1225 λόγον
373 1191 535 1224 συντίθεται;
554 1191 623 1225 Ἐγὼ
633 1191 681 1226 μὲν
691 1190 745 1226 γάρ
756 1190 860 1225 φρίττω

62 1237 114 1272 τὴν
131 1237 307 1272 βλασφημίαν
316 1257 323 1269 ,
337 1236 412 1268 εἰδὼς
428 1237 468 1263 ὅτι
480 1233 517 1263 ὧν
532 1238 545 1263 ὁ
556 1237 634 1271 λόγος
646 1237 727 1268 αὐτὸς
738 1257 745 1269 ,
757 1235 858 1262 τούτων

65 1283 178 1315 πάντως
194 1283 255 1309 οὐδὲ
270 1284 286 1318 ἡ
312 1282 391 1317 φύσις
405 1282 541 1318 διάφορος.
567 1283 609 1314 Ὧς
624 1282 677 1318 γὰρ
694 1282 797 1317 Πέτρου
813 1281 860 1307 καὶ

73 1329 200 1356 Ἰωάννου
214 1329 260 1355 καὶ
274 1328 328 1354 τῶν
346 1328 446 1355 λοιπῶν
461 1329 611 1364 ἁνῡρώπων
631 1329 644 1355 ὃ
660 1337 691 1355 τε
715 1328 792 1362 λόγος
811 1327 859 1362 τῆς

68 1375 164 1407 οὐσίας
185 1375 285 1406 κοινὸς,
309 1375 355 1401 καὶ
376 1375 393 1410 ἡ
410 1374 489 1410 φύσις
511 1375 577 1409 μία·
601 1375 646 1402 τὸν
665 1374 746 1401 αὑτὸν
760 1373 860 1409 τρόπον

64 1421 90 1446 εἰ
108 1419 241 1452 ὡσαύτως
261 1420 317 1456 ἐχοι
338 1420 408 1446 κατὰ
424 1419 473 1455 τὴν
490 1420 569 1454 φύσιν
582 1420 596 1446 ὁ
616 1420 715 1455 Κύριος
735 1420 792 1451 τοῖς
812 1418 860 1445 τοῦ

65 1466 172 1502 κόσμου
189 1467 301 1502 μέρεσιν
314 1475 321 1482 ι
338 1466 410 1502 ἅπερ
427 1467 460 1493 ἂν
474 1468 502 1493 εν
518 1467 632 1498 ἐκείνοις
647 1466 859 1501 κατανοήσωσιν,

65 1512 171 1543 τούτοις
193 1511 352 1538 ὑποκεῖσθαι
369 1513 416 1538 καὶ
434 1512 526 1538 τοῦτον
547 1513 607 1538 κατ’
628 1512 750 1546 ἀνάγκην
767 1510 861 1545 ὁμολο-

65 1558 200 1591 γήσωσιν.
225 1556 304 1582 Ἀλλὰ
328 1557 380 1592 μὴν
397 1558 410 1583 ό
427 1557 528 1592 κόσμος
547 1557 596 1583 οὑκ
618 1557 703 1583 εἰσαεὶ
719 1556 839 1589 διαμένει
851 1565 858 1571 ·

65 1603 121 1638 ἄρα
137 1604 197 1629 κατ’
218 1603 316 1634 αὐτοὺς
333 1603 380 1629 καὶ
397 1604 410 1629 ὀ
427 1603 527 1638 Κύριος
542 1602 612 1638 μετὰ
625 1601 672 1628 τοῦ
687 1601 801 1637 ούρανοῦ
815 1601 862 1628 καὶ

66 1649 118 1683 τῆς
141 1649 193 1683 γῆς
219 1649 428 1684 παρελεύσεται’
455 1649 535 1684 εἴπερ
561 1648 724 1683 ὁμοιογενῶς
745 1647 801 1682 ἔχοι
824 1647 862 1682 τῷ

66 1695 176 1730 κόσμῳ.
191 1695 221 1721 Εἰ
238 1695 266 1721 δὲ
281 1695 361 1726 αὐτὸς
372 1695 455 1726 ἀΐδιος
469 1694 650 1730 ὁμολογεῖται,
666 1694 773 1729 ἀνάγκη
787 1694 863 1720 πᾶσα

68 1742 138 1777 μηδὲ
154 1742 200 1768 τὸν
220 1741 321 1776 κόσμον
337 1743 386 1776 τῆς
403 1741 476 1772 θείας
492 1741 598 1776 φύσεως
613 1741 726 1776 ἄμοιρον
743 1740 860 1767 οἴεσθαι·

67 1789 150 1824 εἴπερ
176 1787 216 1822 τῷ
247 1789 395 1821 Μονογενεί
424 1786 493 1814 κατὰ
517 1787 566 1823 τὴν
592 1786 681 1814 κτίσιν
708 1786 862 1822 συμϐαίνοι.

72 1835 157 1870 Ὁρᾷς
168 1834 237 1868 πρὸς
249 1834 262 1860 ὅ
275 1842 300 1860 τι
310 1833 420 1868 φέρεται
430 1833 480 1859 διὰ
486 1833 533 1868 τῆς
545 1833 630 1867 καλῆς
641 1832 742 1868 ταύτης
752 1832 863 1858 ακολου-

67 1879 131 1911 θίας
153 1880 167 1905 ὁ
182 1879 272 1913 λόγος,
286 1877 344 1906 οἷόν
361 1887 403 1911 τις
422 1879 494 1910 λίθος
508 1878 676 1914 ἀπορῤαγεὶς
696 1877 861 1913 ἀκρωρείας,

67 1925 118 1951 καὶ
137 1924 185 1951 ἐπὶ
204 1924 235 1950 τὸ
251 1924 352 1959 πρανὲς
375 1923 426 1949 ὑπὸ
443 1922 490 1949 τοῦ
509 1923 573 1950 ἰδίου
591 1923 688 1958 βάρους
704 1922 864 1949 συνελαυνό-

69 1979 162 2006 μενος.
187 1969 307 2004 Ἀνάγκη
333 1969 387 2005 γὰρ
401 1969 419 2004 ἢ
436 1968 483 1995 καὶ
496 1968 531 1995 τὰ
552 1968 600 1995 τοῦ
621 1968 724 2003 κόσμου
747 1969 865 2002 στοιχεῖα

69 2015 143 2043 κατὰ
152 2015 200 2050 τὴν
216 2014 374 2050 Ἑλληνικὴν
385 2014 553 2049 ματαιότητα
564 2013 698 2049 σεϐάσμια
711 2013 870 2048 φαίνεσθαι,

67 2060 86 2095 ἢ
113 2059 181 2095 μηδὲ
201 2058 247 2086 τὸν
264 2058 328 2085 Υἰὸν
348 2058 578 2094 προσκυνεῖσθαι·
596 2058 695 2085 οὑτωσὶ
712 2058 740 2084 δὲ
763 2058 878 2093 σκοπήω

69 2113 182 2141 σωμ-εν·
196 2104 227 2137 ἐξ
243 2105 293 2131 οὐκ
305 2105 390 2132 ὄντων
408 2104 573 2140 γεγενῆσθαι
593 2104 641 2140 τὴν
662 2103 751 2131 κτίσιν
763 2103 864 2139 φαμὲν,

67 2151 123 2185 τήν
142 2159 173 2177 τε
188 2151 286 2186 νοητὴν
302 2151 349 2177 καί
368 2151 419 2186 ὅση
438 2151 487 2185 τῆς
506 2150 640 2185 αἰσθητῆς
662 2151 720 2177 ἐστι
741 2150 865 2185 φύσεως·

70 2195 161 2222 ταῦτα
177 2195 311 2231 καὶπερὶ
326 2195 374 2222 τοῦ
398 2195 501 2231 Κυρίου
523 2195 700 2231 κηρύσσουσι.
726 2195 864 2230 Θελήματι

70 2241 144 2267 Θεοῦ
161 2240 250 2267 πάντα
272 2240 403 2276 συστῆναι
425 2241 460 2268 τὰ
479 2241 611 2275 γεγονότα
634 2241 763 2276 λέγομεν·
780 2240 866 2268 ταῦτα

70 2286 122 2314 καὶ
139 2286 204 2322 περὶ
223 2286 270 2312 τοῦ
291 2285 460 2321 Μονογενοῦς
479 2286 670 2322 διεξέρχονται.
685 2287 742 2314 Ούκ
764 2288 797 2313 ὲκ
817 2287 867 2322 τῆς

68 2332 171 2364 οὐσίας
196 2329 265 2359 εἶναι
288 2332 336 2359 τοῦ
356 2332 546 2367 πεποιηκότος,
563 2331 625 2359 οὕτε
646 2333 696 2368 τὴν
719 2333 867 2369 ἀγγελικὴν

70 2378 176 2410 κτίσιν,
193 2377 254 2404 οὔτε
265 2377 314 2413 τὴν
327 2377 472 2413 ὲγκόσμιον
487 2378 709 2412 πεπιστεύκαμεν
719 2387 726 2393 ⁸
744 2379 867 2405 κάκεῖνον

70 2423 178 2459 ὁμοίως
191 2424 241 2459 τῆς
252 2423 299 2450 τοῦ
312 2424 418 2459 Πατρῦς
431 2424 524 2457 οὐσίας
535 2423 714 2460 ἀλλοτριοῦσι.
727 2424 867 2451 Δουλεύειν

70 2471 110 2498 τὰ
133 2469 278 2504 σύμπαντα
293 2470 333 2504 τῷ
356 2470 487 2506 Θελήματι
504 2471 551 2498 τοῦ
573 2470 752 2506 πεποιηκότος
770 2471 866 2506 ὁμολο-

71 2515 182 2551 γοῦμεν
191 2524 198 2531 ·
215 2515 316 2551 ταύτην
329 2515 420 2551 ἔχουσι
436 2517 484 2543 καὶ
497 2517 561 2552 περὶ
576 2516 623 2543 τοῦ
637 2516 805 2551 Μονογενοῦς
818 2517 867 2553 τὴν

70 2562 208 2589 διάνοιαν.
223 2561 327 2588 Οὐκοῦν
337 2562 366 2595 ἐξ
379 2562 502 2598 ἀνάγκης
512 2562 557 2589 καὶ
570 2562 604 2589 τὰ
618 2562 685 2590 ἄλλα
700 2562 789 2589 πάντα
803 2563 867 2589 ὃσασ

74 2616 134 2643 περ
146 2606 180 2634 ἃν
192 2607 239 2633 ἐπὶ
255 2607 355 2642 ταύτης
370 2608 496 2642 νοήσωσι,
513 2608 599 2634 ταῦτα
611 2609 658 2635 καὶ
673 2607 711 2643 τῷ
721 2609 869 2643 Μονογενεί

73 2653 276 2688 ἐφαρμόσουσι,
297 2654 345 2680 καὶ
357 2654 425 2689 ὅπερ
436 2653 469 2680 ἂν
481 2654 577 2690 ἐκείνῳ
593 2654 773 2688 πιστεύσωσι,
790 2654 869 2682 τοῦτο

75 2698 126 2728 καὶ
140 2698 188 2724 ἐπὶ
197 2698 248 2732 τῆς
259 2698 372 2730 κτίσεως
387 2699 584 2734 ὑπολήψονται,
599 2699 670 2727 ὥστε
684 2701 708 2727 εἰ
726 2700 792 2727 Θεὸν
803 2700 870 2736 ὁμο-

74 2742 189 2777 λογοῦσι
197 2743 243 2769 τὸν
255 2740 365 2776 Κύριον,
377 2744 424 2771 ναὶ
435 2744 484 2780 τὴν
496 2745 592 2781 λοιπὴν
605 2746 693 2773 κτίσιν
704 2746 869 2781 θεοποιήσω-

75 2799 132 2817 σιν.
156 2790 188 2816 Εἰ
210 2789 339 2816 δὲταῦτα
362 2791 411 2826 τῆς
427 2790 502 2823 Θείας
523 2792 629 2826 φύσεως
645 2794 768 2828 ἀμοιρεῖν
787 2793 869 2828 διορί-

75 2835 183 2868 ζονται,
195 2835 244 2869 τὴν
259 2835 341 2870 αὐτὴν
354 2836 487 2872 ὑπόληψιν
502 2837 548 2864 καὶ
562 2839 624 2874 περὶ
642 2839 687 2866 τοῦ
702 2839 868 2874 Μονογενοῦς

904 228 1048 263 particulis
1073 227 1130 255 haec
1156 227 1247 255 dicere
1261 234 1356 254 verum
1379 229 1434 258 est,
1457 231 1582 260 quaenam
1603 224 1694 250 adhuc

904 275 989 299 restat
1010 271 1043 298 de
1064 270 1190 306 dogmate
1214 271 1434 298 adversariorum
1454 268 1611 297 dubitatio?
1630 268 1694 304 quia

904 317 987 344 verbo
1007 320 1088 344 tenus
1103 316 1202 344 Filium
1217 317 1402 348 nominantes,
1418 322 1502 343 unum
1518 321 1614 342 eorum
1631 320 1693 349 quae

905 371 953 399 per
973 364 1138 391 creationem
1155 364 1245 399 genita
1265 367 1329 391 sunt
1343 366 1482 395 astruunt,
1499 362 1568 389 solis
1586 360 1694 389 ordinis

905 411 1054 446 privilegiis
1071 415 1098 438 et
1123 410 1292 446 primigeniis
1321 409 1403 445 primi
1435 412 1462 437 et
1492 408 1603 435 maximi
1628 411 1696 434 natu

904 456 952 484 ﬁlii
973 457 1034 484 aliis
1056 457 1230 492 praepositum
1252 465 1259 483 :
1280 454 1510 491 quemadmodum
1537 453 1567 480 in
1590 452 1694 480 fabrica

905 502 1019 530 ferraria
1034 503 1096 530 licet
1109 503 1210 534 dicere,
1223 502 1315 529 omnia
1328 501 1438 536 quidem
1452 508 1485 528 ex
1499 500 1550 527 hac
1560 506 1622 526 esse
1634 505 1696 533 quae

905 557 937 577 ex
946 549 1018 578 ferro
1028 549 1158 577 fabricata
1170 552 1245 580 sunt,
1257 549 1333 584 prius
1352 551 1443 574 autem
1458 545 1574 574 conﬂata
1584 552 1647 580 qua:
1661 543 1697 570 ad.

906 595 1076 630 reliquorum
1090 601 1189 629 operas
1198 594 1388 629 requiruntur,
1407 596 1434 620 et
1448 591 1559 628 forcipis
1567 595 1594 618 et
1603 590 1695 617 mallei

906 641 1100 674 instrumenta,
1124 640 1225 676 quibus
1251 640 1285 667 ad
1306 646 1386 668 usum
1413 637 1517 666 ferrum
1541 636 1695 665 formatur;

905 695 961 715 non
985 692 1075 716 tamen
1098 687 1229 722 quoniam
1248 687 1300 714 hoc
1325 685 1386 713 aliis
1404 684 1499 716 anteit,
1523 683 1580 718 jam
1605 682 1696 716 aliqua

907 734 1058 761 secundum
1079 734 1221 761 materiam
1242 731 1398 760 diﬁ‘erentia
1423 729 1573 765 quaarenda
1598 732 1650 760 est,
1671 730 1698 754 et

907 779 1083 808 instrumenti
1108 778 1291 813 imprimentis
1306 781 1334 805 et
1350 777 1415 804 ferri
1433 776 1505 811 quod
1524 782 1573 811 per
1592 775 1698 802 instru-

907 830 1028 853 mentum
1050 826 1203 860 ﬁguratur:
1223 825 1326 852 ferrum
1342 824 1414 852 enim
1440 828 1466 850 el
1491 822 1543 849 hoc
1569 827 1595 848 et
1620 819 1702 848 illud,

871 864 894 893 Β
909 871 994 906 ﬁgura
1018 872 1133 899 alterum
1159 872 1244 899 altero
1272 871 1348 906 prius
1378 869 1502 905 genitum
1520 871 1573 895 est.

944 917 1019 946 Talis
1037 918 1071 946 de
1090 917 1161 945 Filio
1173 919 1309 946 haereseos
1318 920 1361 944 est
1374 914 1535 950 theologia:
1553 913 1616 948 quia
1632 911 1702 939 nihil

908 964 1058 992 secundum
1085 964 1233 992 essentiam
1259 962 1371 990 differre
1388 965 1465 996 putet
1487 963 1514 988 et
1532 960 1622 994 ipsum
1646 957 1700 985 Do—

908 1009 1012 1036 minum
1038 1013 1064 1036 et
1088 1016 1149 1044 qua:
1183 1008 1217 1036 ab
1245 1008 1304 1043 ipso
1328 1006 1460 1042 producta
1486 1008 1560 1037 sunt,
1585 1006 1698 1038 excepta

908 1054 1014 1082 ordinis
1028 1054 1194 1082 differentia.
1211 1054 1279 1087 Quis
1297 1053 1378 1088 igitur
1394 1055 1436 1079 est
1451 1058 1546 1078 eorum
1565 1050 1611 1085 qui
1628 1057 1699 1084 quo-

909 1107 1018 1134 cunque
1047 1099 1128 1126 modo
1160 1099 1232 1126 intcr
1255 1098 1428 1126 Christianos
1458 1100 1616 1128 censentur,
1651 1095 1699 1129 qui

909 1145 1003 1173 mundi
1018 1146 1134 1180 partium
1147 1149 1174 1173 et
1190 1145 1250 1180 ejus
1260 1144 1306 1180 qui
1321 1143 1453 1171 mundum
1471 1142 1610 1175 condidit,
1625 1149 1699 1169 eam-

910 1191 970 1219 dem
987 1199 1048 1219 esse
1067 1192 1201 1218 rationem
1216 1191 1344 1218 essentia:
1364 1189 1552 1218 assentiatur?
1569 1187 1625 1223 Ego
1637 1188 1699 1222 qui-

909 1239 970 1265 dem
998 1237 1195 1272 blasphemiam
1227 1235 1349 1264 referens
1378 1236 1573 1271 perhorresco,
1609 1233 1701 1260 sciens

910 1291 1026 1318 quorum
1044 1287 1086 1310 est
1098 1283 1193 1311 eadem
1218 1282 1300 1314 ratio,
1317 1281 1414 1309 borum
1436 1281 1549 1309 omnino
1572 1283 1699 1307 naturam

910 1337 966 1356 non
986 1328 1105 1356 differre.
1136 1328 1171 1355 Ut
1201 1329 1273 1355 enim
1301 1327 1373 1355 Petri
1397 1331 1423 1355 et
1447 1327 1561 1354 Joannis
1585 1326 1612 1354 ἐι
1637 1326 1700 1353 reli-

911 1381 1028 1410 quorum
1047 1374 1189 1401 hominum
1205 1374 1275 1402 ratio
1291 1374 1419 1401 essentne
1434 1373 1600 1405 communis,
1619 1373 1658 1400 sic
1674 1377 1701 1399 et

911 1425 1009 1448 natura
1035 1428 1108 1448 una:
1132 1421 1260 1448 similiter
1284 1420 1306 1448 si
1325 1419 1421 1448 eodem
1445 1419 1527 1447 modo
1542 1427 1571 1448 se
1590 1420 1701 1447 haberet

912 1467 1062 1494 secundum
1082 1471 1209 1493 naturam
1227 1466 1359 1495 Dominus
1379 1475 1440 1494 cum
1455 1467 1549 1494 mundi
1565 1466 1700 1502 partibus,

912 1520 974 1548 qua:
993 1512 1104 1547 quidem
1132 1512 1160 1539 in
1180 1512 1236 1539 illis
1253 1512 1447 1544 intellexerint,
1475 1512 1518 1540 his
1546 1513 1643 1547 subjici
1675 1516 1702 1540 et

913 1558 985 1585 hunc
1004 1557 1161 1586 necessario
1184 1558 1377 1585 conﬁteantur.
1401 1557 1483 1593 Atqui
1508 1558 1627 1585 mundus
1647 1565 1702 1585 non

913 1611 1021 1638 semper
1041 1603 1113 1630 idem
1138 1609 1305 1638 permanet:
1329 1611 1394 1639 ergo
1423 1603 1503 1638 juxta
1529 1612 1624 1631 eorum
1645 1603 1704 1639 opi—

913 1651 1032 1682 nionem,
1050 1650 1183 1678 Dominus
1204 1650 1286 1678 etiam
1303 1657 1365 1677 eum
1383 1650 1453 1678 coelo
1465 1654 1492 1678 et
1508 1655 1581 1678 terra
1594 1656 1704 1685 praeter-

913 1697 963 1725 ibit
984 1706 990 1724 :
1011 1696 1144 1730 siquidem
1161 1695 1285 1730 ejusdem
1302 1695 1411 1731 generis
1429 1699 1501 1724 esset
1516 1704 1578 1724 cum
1590 1696 1702 1724 mundo.

913 1742 992 1776 Quod
1008 1742 1031 1768 si
1058 1742 1116 1777 ipse
1141 1747 1262 1770 aaternus
1289 1745 1429 1773 censetur,
1455 1749 1568 1769 necesse
1591 1748 1632 1769 est
1646 1750 1704 1769 om-

913 1788 980 1815 nino
993 1795 1081 1822 neque
1092 1787 1164 1814 hunc
1179 1787 1310 1813 mumlum
1327 1787 1426 1814 divinae
1443 1791 1548 1814 naturae
1565 1793 1704 1822 expertem

914 1838 1010 1868 putare
1029 1844 1035 1861 :
1059 1832 1195 1868 siquidem
1218 1833 1269 1860 hoc
1293 1831 1441 1868 Unigenito
1464 1840 1512 1868 per
1535 1835 1704 1861 creationem

914 1879 1095 1914 contingeret.
1121 1878 1204 1906 Vides
1228 1886 1282 1914 quo
1305 1886 1336 1906 ex
1365 1879 1416 1906 hac
1442 1880 1574 1914 praeclara
1608 1888 1705 1908 conse-

914 1925 1026 1960 quentia
1035 1925 1120 1952 fertur
1134 1932 1236 1956 sermo,
1256 1926 1327 1952 sicut
1339 1925 1450 1960 quidam
1462 1925 1530 1960 lapis
1547 1933 1562 1953 e
1575 1933 1705 1960 promon-

914 1971 987 1998 torio
999 1971 1144 2006 abruptus,
1161 1978 1213 1998 suo
1228 1971 1256 1998 in
1268 1978 1389 2006 praeceps
1401 1971 1523 2006 pondere
1538 1971 1702 1999 devolvitur.

908 2017 1032 2046 Necesse
1062 2018 1135 2046 enim
1167 2017 1248 2044 etiam
1277 2017 1373 2044 mundi
1397 2017 1530 2045 elementa
1553 2017 1704 2044 secundum

916 2062 1037 2091 Graecam
1060 2062 1209 2090 vanitatem
1232 2062 1387 2090 veneranda
1412 2065 1439 2089 et
1464 2062 1579 2090 colenda
1607 2061 1704 2093 videri.

916 2109 959 2138 vel
983 2117 1072 2144 neque
1098 2108 1197 2136 Filium
1219 2109 1330 2136 adorari
1348 2119 1354 2136 :
1374 2108 1415 2137 sic
1437 2115 1527 2136 autem
1546 2108 1705 2136 considere-

917 2163 979 2184 mus
995 2163 1047 2183 :ex
1065 2155 1151 2183 nihilo
1175 2159 1331 2182 creaturam
1347 2154 1447 2182 factam
1462 2162 1523 2183 esse
1543 2154 1704 2187 asserimus.

881 2209 904 2236 ι)
918 2205 946 2228 et
967 2208 1028 2236 quae
1044 2206 1133 2229 mente
1146 2204 1174 2228 et
1186 2208 1247 2235 qum
1263 2208 1345 2229 sensu
1367 2200 1535 2235 percipitur;
1551 2200 1608 2228 hac
1622 2200 1705 2228 etiam

917 2247 952 2275 de
974 2247 1090 2274 Domino
1112 2247 1272 2282 praedicant.
1297 2246 1345 2274 Dei
1371 2247 1513 2274 voluntate
1539 2247 1629 2274 omnia
1646 2254 1707 2281 qua:

918 2298 983 2322 sunt
998 2293 1079 2327 facta,
1095 2293 1254 2322 constitisse
1267 2293 1385 2322 dicimus
1401 2294 1478 2321 :liaec
1493 2294 1576 2321 etiam
1592 2293 1626 2321 de
1640 2293 1706 2320 Uni-

918 2340 1010 2375 genito
1037 2343 1177 2368 enarrant.
1204 2339 1265 2367 Non
1284 2347 1318 2367 ex
1337 2339 1458 2368 essentia
1485 2339 1545 2374 ejus
1568 2340 1614 2375 qui
1634 2339 1708 2372 fecit,

918 2389 1055 2416 constare,
1074 2392 1162 2420 neque
1179 2388 1334 2413 creaturam
1353 2385 1514 2420 angelicam,
1535 2392 1624 2420 neque
1646 2392 1706 2420 qum

918 2431 946 2458 in
973 2431 1076 2459 mundo
1099 2435 1142 2459 est
1169 2435 1295 2458 naturam
1319 2431 1476 2466 credimus;
1496 2431 1573 2458 illum
1597 2437 1706 2466 quoque

918 2484 934 2504 a
958 2477 1049 2505 Patris
1071 2477 1192 2505 essentia
1208 2476 1327 2504 alienum
1342 2484 1403 2505 esse
1425 2480 1452 2504 et
1467 2476 1636 2512 disjunctum
1658 2483 1707 2503 vo-

918 2522 989 2549 lunt.
1012 2522 1123 2550 Cuncta
1149 2530 1210 2558 quas
1233 2526 1297 2551 sunt
1325 2523 1387 2558 ejus
1408 2523 1455 2558 qui
1481 2522 1545 2551 fecit
1572 2522 1706 2549 voluntati

919 2569 1023 2597 servire
1039 2569 1218 2604 conﬁtemur;
1244 2569 1317 2598 idem
1343 2570 1467 2598 sentiunt
1485 2570 1521 2597 de
1548 2568 1704 2604 Unigenito.

917 2614 1005 2650 Igitur
1026 2616 1185 2644 necessario
1209 2623 1379 2652 quaecunque
1409 2615 1461 2642 alia
1489 2614 1523 2642 de
1550 2614 1601 2641 hac
1625 2614 1706 2642 intel-

919 2661 1047 2692 lexerint.
1065 2661 1162 2689 eadem
1186 2662 1276 2689 omnia
1303 2661 1451 2697 Unigenito
1470 2660 1677 2688 accOmmodant
1696 2671 1703 2688 :

919 2708 946 2732 ct
964 2706 1035 2740 quod
1056 2707 1090 2733 de
1107 2706 1155 2733 illo
1166 2706 1344 2738 crediderint,
1371 2706 1423 2733 hoc
1437 2705 1518 2733 etiam
1535 2705 1562 2732 in
1579 2708 1705 2733 creatura

919 2750 1115 2785 opinahuntur.
1142 2751 1232 2785 Quare
1259 2752 1280 2780 si
1299 2751 1443 2779 Dominum
1468 2751 1551 2779 Deum
1570 2752 1706 2780 conﬁten-

920 2800 975 2828 tur,
999 2797 1131 2831 reliquam
1147 2797 1228 2824 etiam
1242 2802 1393 2824 creaturam
1412 2796 1609 2825 deiﬁcaverint.
1627 2797 1705 2830 Quod

921 2842 944 2869 si
966 2842 1023 2869 base
1040 2842 1138 2870 divina:
1161 2847 1265 2870 naturae
1280 2843 1402 2878 expertia
1418 2842 1561 2879 deﬁniunt,
1583 2843 1709 2872 eamdem
