1959 3075
240 118 290 146 655

857 113 885 141 S.
900 112 1064 142 GREGORII
1077 111 1223 142 NYSSENI
1574 133 1587 145 .

1810 115 1863 144 656

239 175 368 202 omnibus
395 175 499 202 circum
526 174 614 209 ipsum
638 175 780 200 adoratus.
806 171 951 206 Propterea
979 171 1024 206 qui

1078 170 1217 205 βασιλείας
1235 159 1450 206 μεγαλοπρεπῶς
1477 171 1704 207 προκαθήμενος,
1735 173 1786 200 καὶ
1811 174 1863 200 ὑπο

236 221 324 248 Semel
341 221 368 247 iu
385 220 478 247 orbem
493 220 645 254 ingressus,
658 218 856 253 primogenitus
880 217 967 244 factus
991 225 1025 244 ex

238 267 366 299 mortuis,
382 272 409 294 et
425 266 540 293 fratrum
557 269 584 293 et
598 266 688 292 omnis
703 268 835 292 creatura:
859 264 1024 299 primogeni-

239 317 295 344 tus,
322 319 385 339 cum
408 312 505 339 iterum
529 312 698 346 ingredietur
720 312 747 338 in
766 315 899 339 terrarum
919 311 1024 343 orbem,

239 357 368 392 judicans
399 357 489 392 ipsum
515 358 609 385 orbem
634 358 661 384 in
680 357 799 392 justitia,
816 356 888 384 sicut
911 360 1026 384 testatur

240 403 411 434 vaticinium,
429 411 483 430 non
502 403 627 437 repudiat
641 403 813 438 primogeniti
827 410 936 434 nomen,
952 402 1024 437 quod

241 449 324 475 semel
341 456 391 483 pro
402 449 482 476 nobis
494 449 618 484 acc‘epit:
634 449 681 476 sed
696 449 768 476 sicut
784 449 810 476 in
825 448 933 476 nomine
942 447 1024 475 δεδι]

240 501 321 521 omne
335 502 405 530 genu
432 502 461 522 se
488 499 582 522 curvat
601 495 626 522 ei
655 495 701 530 qui
729 502 812 529 supra
828 502 909 521 omne
927 501 1024 522 nomen

240 544 282 567 cst
300 539 358 556 ¹⁸’“
369 559 378 571 ,
394 539 435 567 sic
451 540 532 567 etiam
548 548 608 568 eum
627 540 672 575 qui
688 540 714 567 in
731 540 840 567 nomine
853 539 1024 574 primogeniti

240 584 325 616 venit,
348 585 438 612 omnis
463 585 623 620 angelorum
648 584 789 620 plenitudo
815 584 924 611 obviam
953 583 1024 611 facta

241 630 348 664 adorat,
362 631 398 658 ob
417 631 560 658 hominum
577 631 778 658 revocationem
794 630 894 657 affecta
914 630 1024 666 gaudio,

241 684 336 710 quam,
349 677 415 711 quia
431 677 465 703 sit
479 680 574 704 noster
590 675 679 704 factus
697 676 905 711 primogenitus,
929 683 1025 703 rursus

242 722 276 748 ad
289 722 404 757 gratiam
425 729 486 757 quae
500 729 514 748 a
532 721 669 756 principio
682 720 734 747 fuit
758 721 914 752 revocavit,
937 721 1026 756 siqui-

241 768 303 795 dem
319 768 447 804 gaudium
468 768 498 795 ﬁt
517 768 622 803 angelis
637 774 719 802 super
737 767 780 794 his
801 767 846 801 qui
862 775 894 794 ex
914 771 1026 802 peccato

243 814 438 848 resipiscentes
455 814 523 841 salvi
539 813 608 841 ﬁunt
626 813 648 829 "
659 833 666 840 .
681 813 818 846 Quocirca
839 820 926 848 usque
952 821 1025 840 nunc

244 860 423 894 congemiscit
450 863 578 886 creatura
603 859 659 890 illa,
681 863 708 886 et
734 859 906 886 condolescit
926 863 1026 886 nostrm

241 905 355 931 vanitati
376 905 397 920 ¹⁸
410 924 418 937 ,
445 906 559 932 multam
587 912 664 932 suam
681 908 707 931 et
727 904 920 932 detrimentum
953 905 1026 939 judi-

241 955 309 977 cans
321 954 442 978 nostram
456 951 646 985 perditionem,
662 958 724 977 cum
742 950 873 977 revelatio
881 949 950 977 facta
966 949 1025 977 fue-

242 995 278 1022 rit
290 995 407 1022 ﬁliorum
423 994 480 1027 Dei,
496 1003 576 1030 quam
592 1002 641 1030 pro
654 994 733 1022 nobis
746 1001 855 1029 semper
866 997 1026 1028 exspectant

241 1044 268 1067 ct
283 1040 486 1074 przestolantur,
503 1044 530 1067 et
546 1047 608 1066 cum
622 1040 697 1067 salva
713 1039 795 1066 fuerit
808 1040 867 1066 ovis
894 1047 956 1066 cum
983 1046 1026 1066 su-

241 1092 325 1119 perna
340 1085 385 1112 illa
398 1085 537 1112 centuria:
553 1085 614 1123 (nos
627 1090 718 1112 autem
733 1092 830 1112 omnes
847 1091 954 1116 sumus,
973 1084 1025 1110 hu-

240 1138 320 1158 mana
337 1135 445 1162 natura,
463 1131 518 1157 lxaac
535 1131 604 1162 ovis,
621 1138 713 1165 qtiam,
728 1130 793 1165 quia
805 1129 894 1158 factus
920 1131 1023 1165 primo-

244 1175 366 1209 genitns,
385 1175 474 1203 bonus
490 1180 582 1209 pastor
610 1176 729 1202 servavit
743 1174 866 1208 ”:)tunc
890 1175 1026 1210 praecipue

241 1221 268 1246 in
282 1221 434 1248 vehementi
448 1228 497 1255 pro
513 1220 593 1248 nobis
607 1221 757 1256 gratiarum
774 1221 881 1247 actione
895 1220 949 1248 Deo
961 1219 1026 1247 ado-

241 1266 374 1293 ratiouem
389 1266 525 1294 adducent
539 1266 582 1299 ei,
598 1266 644 1301 qui
662 1271 772 1301 propter
782 1266 1022 1301 primogenituram

242 1311 378 1339 revocavit
392 1320 453 1340 eum
469 1312 515 1347 qui
529 1319 544 1338 a
558 1312 646 1346 patrio
658 1312 713 1339 lare
726 1313 805 1347 longe
818 1312 1000 1339 abscesserat.
1035 1322 1038 1325 -

1076 216 1130 242 τῶν
1143 215 1265 249 ἀγγέλων
1290 215 1398 242 πάντων
1415 217 1478 252 περὶ
1503 217 1586 243 αὑτὸν
1613 218 1861 253 προσκυνούμενος.

1076 259 1125 286 Διά
1141 259 1219 286 τοῦτο
1235 260 1248 286 ὁ
1263 260 1335 292 ἅπαξ
1347 260 1474 287 εἰσελθὼν
1488 260 1528 292 είς
1538 260 1587 295 τὴν
1599 261 1773 296 οἰκουμένην,
1786 269 1864 296 πρω-

1075 305 1184 336 τότοκος
1203 305 1346 340 γενόμενος
1363 306 1395 331 ὲκ
1408 305 1462 331 τῶν
1479 305 1584 341 νεκρῶν
1606 314 1635 332 τε
1655 306 1702 332 καλ⁵
1727 306 1862 340 ἀδελφῶν,

1075 349 1123 375 καὶ
1138 349 1229 384 πάσης
1252 349 1302 385 τῆς
1321 349 1453 381 κτίσεως,
1467 349 1530 376 ’όταν
1546 349 1626 376 πάλιν
1647 350 1806 386 εἰσέρχηται
1823 350 1865 381 είς

1075 393 1123 429 τὴν
1138 393 1299 430 οἰκουμένην
1313 395 1327 421 ὁ
1343 393 1442 428 κρίνων
1465 393 1514 428 τὴν
1529 394 1692 430 οἰκουμένην
1717 396 1746 421 ἐν
1763 394 1864 421 δικαιο-

1076 440 1144 476 σύνῃ
1156 462 1163 473 ,
1180 439 1271 471 καθὼς
1281 440 1298 475 ἡ
1316 439 1470 475 προφητεία
1482 439 1555 473 λέγει
1565 460 1572 471 ,
1589 439 1639 466 οὐκ
1654 439 1803 466 ἀποϐάλλει
1816 439 1863 466 τοῦ

1076 485 1247 520 πρωτοτόκου
1266 485 1297 512 τὸ
1312 484 1397 520 ὄνομα
1408 506 1416 517 ,
1430 485 1444 512 ὃ
1462 485 1536 517 ἅπαξ
1558 485 1628 520 ὑπὲρ
1655 485 1732 519 ἡμῶν
1753 485 1864 512 κατεδέ-

1076 531 1139 564 ξατο
1151 540 1157 546 ·
1173 531 1230 558 ἀλλ’
1245 531 1282 563 ὡς
1298 532 1326 558 ὲν
1345 531 1456 566 ὀνόματι
1477 530 1564 566 Ἰησοῦ
1579 531 1632 557 πᾶν
1647 530 1711 565 γόνυ
1729 531 1864 565 κάμπτει,

1075 578 1114 613 τῷ
1131 578 1200 613 ὑπὲρ
1225 579 1279 604 πᾶν
1293 578 1349 604 ὄντι
1369 578 1454 612 ὄνομα
1465 598 1472 610 ,
1491 576 1578 608 οὕτως
1593 577 1699 604 καὶτὸν
1712 578 1742 603 ὲν
1759 576 1799 611 τῷ
1812 576 1864 603 ὀνό-

1077 624 1198 659 ματιτοῦ
1215 623 1389 660 πρωτοτόκου
1403 623 1547 658 γενόμενον
1571 623 1719 658 προσκυνεῖ
1733 622 1864 648 ἁπάντων

1076 670 1198 705 ἀγγέλων
1219 669 1249 696 τδ
1265 669 1411 704 πλήρωμα,
1427 670 1460 704 τῇ
1475 668 1622 703 ἀνακλήσει
1642 668 1696 695 τῶν
1709 667 1864 703 ἀνθρώπων

1077 715 1336 751 ὲπευφραινὸμενον,
1354 714 1388 749 ἣν
1400 713 1444 741 διὰ
1457 713 1504 741 τοῦ
1516 713 1642 748 γενέσθαι
1658 713 1737 749 ἡμῶν
1757 713 1865 749 πρωτόρ

1075 769 1154 792 τοκος
1165 781 1172 793 ,
1188 760 1269 787 πάλιν
1284 760 1323 792 είς
1342 760 1390 795 τὴν
1417 759 1447 792 ἐξ
1460 759 1547 795 ἀρχῆς
1565 760 1643 795 χάριν
1665 759 1861 786 ἀνεκαλέσατο.

1082 806 1191 842 Ἐπειδὴ
1214 806 1269 840 γὰρ
1288 805 1359 840 χαρὰ
1384 805 1488 839 γίνεται
1512 806 1568 836 τοῖς
1589 805 1714 839 ἀγγέλοις
1735 804 1783 831 ἐπὶ
1808 805 1863 836 τοῖς

1041 843 1293 887 Βάνασωζομένοις
1319 851 1348 883 ἐξ
1366 850 1515 886 ἁμαρτίας·
1540 850 1606 877 διότι
1634 851 1714 886 μέχρι
1739 849 1788 876 τοῦ
1815 850 1870 876 νῦνη

1075 899 1232 931 συστενάζει
1256 900 1271 934 ὴ
1291 899 1379 931 κτίσις
1395 899 1485 934 ἐκείνη
1511 899 1558 926 καὶ
1575 898 1713 924 συνωδίνει
1738 899 1772 933 τῇ
1801 897 1862 924 καθ’

1074 946 1148 981 ἡμᾶς
1173 945 1333 981 ματαιότητι
1346 965 1354 977 ,

1074 991 1210 1026 ἡμετέραν
1225 991 1372 1023 ἀπώλειαν,
1387 991 1450 1017 ὅταν
1465 992 1481 1026 ἡ
1497 991 1665 1025 ἀποκάλυψις
1678 990 1792 1024 γένηται
1808 990 1862 1016 τῶν

1073 1037 1139 1064 υἱῶν
1155 1037 1202 1063 τοῦ
1218 1037 1285 1064 Θεοῦ
1300 1057 1307 1068 ,
1324 1037 1357 1072 ἣν
1370 1037 1439 1072 ὑπὲρ
1461 1037 1541 1072 ἡμῶν
1558 1037 1602 1063 ἀεὶ
1621 1036 1805 1071 καραδοκοῦσι
1816 1035 1863 1062 καὶ

1074 1082 1279 1117 ἀπεκδέχονται,
1298 1083 1345 1109 καὶ
1360 1083 1424 1109 ὅταν
1440 1082 1569 1118 ἀποσωθῇ
1585 1084 1619 1117 τῇ
1635 1081 1691 1108 ἄνω
1703 1081 1862 1108 ἐκατοντάδι

1075 1128 1105 1155 τὸ
1129 1129 1280 1164 πρόϐατον·
1301 1130 1383 1164 ἡμεῖς
1403 1129 1430 1155 δὲ
1446 1129 1546 1160 πάντες
1563 1129 1645 1163 ἐσμὲν
1664 1129 1681 1163 ἡ
1703 1127 1866 1163 ἀνθρωπίνη

1076 1174 1156 1208 φύσις
1175 1174 1253 1200 τοῦτο
1275 1174 1306 1200 τὸ
1326 1174 1459 1210 πρόϐατον
1476 1174 1490 1200 ὃ
1515 1174 1558 1200 διὰ
1575 1174 1622 1201 τοῦ
1642 1173 1768 1208 γενέσθαι
1789 1182 1863 1208 πρω-

1075 1220 1199 1251 τότοκος,
1222 1220 1237 1246 ὀ
1259 1220 1360 1254 ἀγαοὺς
1382 1220 1483 1255 ποιμὴν
1505 1219 1678 1247 ἀνεσώσατο·
1694 1220 1756 1246 τότε
1772 1219 1864 1253 διαφε-

1079 1265 1178 1301 ρόντως
1194 1266 1224 1292 ὲν
1251 1265 1431 1301 ὲπιτεταμένῃ
1448 1267 1480 1300 τῇ
1499 1265 1568 1301 ὑπὲρ
1593 1265 1672 1301 ἡμῶν
1691 1264 1862 1300 εὐχαριστίᾳ,

1078 1311 1242 1346 προσάξουσι
1268 1311 1306 1346 τῷ
1331 1311 1390 1347 Θεῷ
1409 1312 1458 1344 τὴν
1474 1311 1658 1348 προσκύνησιν
1683 1311 1723 1346 τῷ
1746 1311 1790 1338 διὰ
1813 1310 1863 1346 τῆς

1391 946 1494 980 ζημίαν
1522 945 1624 972 οἰκείαν
1657 945 1790 980 κρίνουσα
1813 944 1862 980 τὴν

241 1358 426 1393 πρωτοτοκίσς
438 1357 590 1384 ἁνακαλεσα
595 1357 667 1392 μένῳ
678 1357 723 1383 τὸν
738 1357 786 1391 τῆς
799 1356 928 1391 πατρῴας
943 1356 1034 1387 ἑστίας
1049 1356 1278 1390 άποφοιτήσαντα.

276 1403 325 1430 llis
338 1411 352 1430 a
370 1403 449 1430 nobis
474 1403 514 1430 sic
534 1402 692 1433 intellectis.
715 1402 807 1429 nullus
825 1402 943 1436 amplius
975 1401 1024 1428 du-

242 1450 320 1482 bitet,
333 1449 412 1484 cujus
430 1449 515 1483 gratia
525 1457 558 1475 ex
574 1448 691 1475 mortuis
709 1447 737 1473 ﬁt
756 1447 963 1482 primogenitus,
983 1447 1024 1473 vel

1113 1401 1220 1428 Τούτων
1236 1401 1264 1427 δὲ
1290 1401 1375 1432 οὕτως
1400 1402 1466 1435 ἡμῖν
1483 1402 1630 1437 νοηοέντων
1644 1423 1651 1433 ,
1666 1402 1760 1429 οὐκέτ’
1776 1403 1808 1429 ἄν
1823 1411 1865 1434 τις

1079 1448 1144 1483 περὶ
1159 1447 1214 1473 τῶν
1236 1447 1336 1473 λοιπῶν
1353 1447 1531 1482 ἀμφιϐάλλοι,
1556 1449 1616 1474 ὅτου
1632 1448 1712 1483 χάριν
1727 1449 1744 1482 ἣ
1760 1448 1866 1483 νεκρῶν

241 1499 374 1522 creatura:
384 1494 423 1521 vel
435 1495 460 1520 in
471 1494 562 1520 multis
573 1493 712 1519 fratribus.
730 1491 791 1519 Haec
801 1492 872 1519 enim
888 1493 978 1519 omnia
992 1491 1026 1518 ad

1078 1492 1181 1526 γίνεται
1199 1492 1382 1527 πρωτότοκος,
1440 1493 1570 1524 κτίσεως,
1585 1493 1601 1527 ἢ
1625 1495 1653 1519 ἐν
1668 1493 1776 1524 πολλοῖς
1790 1493 1866 1519 ἀδελο

242 1540 367 1567 eumdem
377 1546 489 1573 scopum
501 1541 635 1572 spectant,
652 1537 703 1564 etsi
713 1538 740 1563 in
757 1545 920 1572 unoquoque
930 1544 1028 1564 secun-

241 1586 306 1612 dum
318 1585 511 1620 proprietatem
531 1583 645 1618 insignis
668 1582 790 1618 quaedam
812 1583 888 1609 notio
906 1586 1026 1617 apparet.

243 1630 445 1664 Primogenitus
454 1637 487 1657 ex
498 1629 614 1656 mortuis
629 1629 667 1660 ﬁt,
683 1628 730 1663 qui
744 1628 849 1663 primus
858 1636 905 1663 per
916 1635 1028 1655 seacres

245 1676 340 1702 mortis
351 1675 459 1702 dolores
469 1674 558 1705 solvit,
567 1678 595 1700 ut
602 1674 730 1701 omnibus
737 1673 818 1701 etiam
825 1673 896 1700 viam
908 1673 988 1700 faciat
995 1672 1028 1699 ad

245 1723 351 1754 partum
367 1719 412 1752 qui
428 1718 457 1745 lit
468 1726 500 1745 ex
514 1719 726 1745 resurrectione.
743 1718 771 1745 In
784 1717 914 1745 fratribus
931 1726 1028 1747 rursus

245 1764 444 1799 primogenitus
460 1763 559 1795 factus,
571 1763 619 1798 qui
635 1771 706 1791 novo
721 1764 937 1799 regenerationis
948 1768 1028 1799 partu

247 1810 324 1845 prior
335 1809 443 1844 genitus
463 1813 504 1837 cst
528 1810 555 1836 in
573 1817 655 1844 aqua,
671 1810 751 1844 cujus
766 1814 874 1845 partum
897 1810 1029 1840 columba:

243 1855 351 1883 volatus
371 1855 565 1883 obstetrieatus
579 1859 632 1883 est.
654 1855 705 1882 Per
728 1863 808 1890 quem
825 1863 873 1883 eos
901 1857 947 1891 qui
966 1863 1028 1884 cum

243 1902 303 1935 ipso
319 1901 419 1928 similis
432 1901 618 1936 generationis
635 1901 785 1936 participes
800 1905 876 1933 sunt,
898 1902 949 1929 sibi
970 1902 1027 1929 fra-

243 1951 299 1974 tres
317 1946 437 1979 asciscit,
458 1950 485 1974 et
502 1947 700 1982 primogenitns
723 1947 839 1974 eﬁicitur
860 1955 954 1975 eorum
981 1948 1026 1982 qui

243 1993 398 2028 postipsum
408 2000 439 2019 ex
448 2000 518 2027 aqua
526 1999 550 2019 et
559 1993 655 2027 spiritu
664 1997 822 2027 regenerant
829 2001 870 2019 ur.
881 1992 913 2018 Et
922 1996 950 2018 ut
957 2000 1029 2020 sum-

244 2037 337 2064 tuatim
346 2037 446 2068 dicam,
464 2044 526 2064 cum
543 2037 597 2064 sint
614 2041 670 2064 tres
692 2037 718 2063 in
734 2037 814 2064 nobis
827 2036 1026 2072 generationes,

242 2083 341 2117 quibus
349 2083 503 2110 viviﬁcatur
514 2082 632 2110 lmmana
641 2086 749 2114 natura,
767 2089 821 2109 una
831 2090 846 2109 e
854 2090 979 2117 corpore,
993 2082 1029 2109 al-

241 2133 298 2156 tera
306 2127 457 2156 secundum
472 2127 689 2163 regenerationis
705 2127 874 2162 mysterium,
887 2128 969 2155 tertia
981 2135 1028 2162 per

243 2178 378 2209 speratam
393 2181 427 2202 ex
445 2174 561 2201 mortuis
579 2173 669 2201 denuo
686 2174 926 2205 resurrectionem,
943 2174 970 2200 in
986 2173 1028 2200 his

241 2219 332 2246 tribus
355 2219 554 2253 primogenitus
563 2219 673 2245 dicitur.
691 2218 794 2252 Duplex
801 2219 909 2253 quidem
919 2226 980 2245 cum
992 2218 1029 2245 sit

244 2265 424 2300 regeneratio,
452 2272 513 2299 qua:
538 2272 586 2298 per
609 2268 755 2299 utrumque
782 2264 907 2296 efﬁcitur,
934 2267 961 2291 et
981 2271 1030 2298 per

244 2310 388 2343 baptisma,
403 2313 430 2336 et
444 2316 491 2344 per
505 2310 746 2344 resurrectionem,
759 2310 817 2345 ipse
835 2310 924 2338 factus
934 2310 987 2338 dux
1002 2314 1029 2337 et

245 2356 370 2390 princeps
403 2356 553 2383 secundum
590 2361 744 2392 utramque,
772 2358 799 2384 in
833 2364 916 2385 carne
937 2363 1027 2385 autem

245 2401 443 2436 primogenitus
457 2402 496 2434 ﬁt,
517 2402 622 2436 primus
644 2406 671 2429 et
686 2403 760 2430 solus
782 2403 903 2438 ignotum
923 2407 1028 2431 natum

243 2451 350 2480 partum
369 2447 395 2473 in
408 2447 498 2482 seipso
519 2455 566 2482 per
577 2447 715 2484 Virginem
726 2455 826 2476 novum
842 2449 963 2480 molitus,
979 2456 1027 2476 cu-

240 2492 287 2526 jus
300 2493 391 2520 nullus
406 2493 433 2519 in
460 2497 498 2520 tot
527 2493 666 2520 hominum
690 2494 911 2528 generationibus
933 2500 1027 2522 auctor

242 2539 356 2567 exstitit.
380 2538 406 2565 Si
426 2539 483 2566 haec
498 2540 646 2567 secundum
660 2540 795 2568 rationem
817 2539 956 2568 intellecta
968 2540 1027 2568 fue-

243 2585 316 2618 rint;
332 2593 421 2619 neque
435 2589 566 2613 creatura:
582 2586 776 2622 signiﬁcatum,
796 2585 875 2620 cujus
891 2585 1026 2622 primoge-

243 2631 317 2659 nitus
332 2635 373 2658 cst
384 2632 561 2666 ignorabitur.
575 2632 714 2667 Duplicem
728 2632 801 2659 enim
810 2636 915 2659 natura;
926 2636 1027 2660 nostrae

243 2676 408 2704 creationem
422 2677 617 2712 cognovimus:
637 2677 761 2711 primam,
777 2676 927 2704 secundum
944 2684 1026 2712 quam

244 2721 352 2749 formati
367 2730 463 2750 sumus
494 2726 522 2750 et
537 2723 697 2755 secundam,
723 2729 772 2758 per
785 2730 866 2758 quam
885 2722 1026 2751 reformati

1077 1539 1146 1572 φοῖς.
1163 1537 1254 1564 Πάντα
1268 1537 1326 1572 γὰρ
1344 1537 1430 1564 ταῦτα
1447 1538 1516 1573 πρὸς
1531 1539 1576 1564 τὸν
1591 1538 1671 1564 αὐτὸν
1687 1538 1789 1565 σκοπὸν
1805 1538 1867 1573 βλέ-

1077 1591 1134 1616 πει,
1153 1583 1205 1610 κᾶν
1218 1583 1325 1618 ἑκάστῳ
1337 1592 1364 1610 τι
1376 1584 1445 1610 κατά
1458 1584 1489 1610 τὸ
1507 1583 1605 1615 ἰδιάζον
1620 1584 1788 1619 ἐμφαίνηται
1803 1585 1866 1619 νόη-

1079 1636 1127 1664 μα.
1143 1629 1318 1664 Πρωτότοκος
1332 1629 1384 1665 γὰρ
1399 1629 1431 1655 ἐκ
1447 1629 1500 1656 τῶν
1519 1629 1624 1664 νεκρῶν
1641 1630 1746 1663 γίνεται
1758 1631 1773 1656 ὁ
1789 1631 1868 1665 πρῶ-

1077 1681 1122 1704 τος
1138 1674 1170 1700 δι’
1193 1674 1290 1700 ἑαυτοῦ
1304 1674 1353 1706 τὰς
1381 1675 1477 1706 ὠδῖνας
1496 1674 1543 1701 τοῦ
1564 1675 1678 1702 θανάτου
1696 1675 1781 1707 λύσας
1793 1696 1801 1708 ,
1823 1677 1869 1702 ἵνα.

1078 1719 1126 1746 κα)⁵
1138 1720 1220 1746 πᾶσιν
1233 1720 1377 1755 όδοποιήσῃ
1394 1720 1439 1747 τὸν
1462 1721 1492 1752 ἐξ
1518 1721 1692 1753 ἀναστάσεως
1710 1722 1800 1749 τόκον.
1823 1723 1864 1749 Ἐν

1077 1765 1201 1800 ἀδελφοῖς
1212 1766 1240 1792 δὲ
1252 1765 1333 1792 πάλιν
1352 1766 1522 1801 πρωτότοκος
1538 1768 1679 1802 γινόμενος
1693 1788 1699 1799 ,
1713 1769 1729 1794 ὁ
1742 1768 1790 1795 τοῦ
1805 1778 1864 1795 και-

1077 1809 1124 1837 νοῦ
1152 1812 1203 1846 τῆς
1226 1811 1435 1845 παλιγγενεσίας
1458 1812 1537 1838 τόκου
1563 1813 1757 1849 προ-γεννηθεὶς
1776 1815 1806 1840 ὲν
1827 1815 1865 1849 τῷ
1887 1827 1892 1834 ι

1079 1855 1175 1888 ὕδατι,
1202 1854 1232 1883 οὗ
1258 1856 1308 1888 τὰς
1333 1856 1430 1888 ὠδῖνας
1455 1858 1471 1892 ἡ
1499 1859 1597 1892 πτῆσις
1623 1859 1671 1894 τῆς
1701 1861 1865 1894 περιστερᾶς

1078 1901 1250 1936 ὲμαιεύσατο.
1274 1902 1312 1928 Δι’
1327 1899 1357 1928 οὗ
1380 1903 1442 1934 τοὺς
1466 1904 1706 1939 συμμετασχόντας
1720 1905 1797 1939 αὐτῷ
1818 1906 1864 1940 τῆς

1078 1947 1172 1982 ὁμοίας
1190 1948 1340 1983 γεννήσεως
1353 1947 1483 1982 ἀδελφοὺς
1497 1948 1594 1975 ἑαυτοῦ
1609 1950 1701 1981 ποιεῖ,
1718 1951 1767 1977 καὶ
1791 1959 1865 1985 πρω-

1078 1992 1186 2023 τότοκος
1206 1993 1308 2026 γίνεται
1322 1993 1375 2018 τῶν
1393 1994 1453 2024 μετ’
1469 1993 1549 2019 αὑτὸν
1574 1994 1751 2029 γεννωμένων
1772 1996 1805 2022 ὲκ
1819 1995 1864 2021 τοῦ

1079 2037 1174 2069 ὕδατός
1189 2046 1218 2064 τε
1235 2038 1282 2064 καὶ
1301 2038 1348 2064 τοῦ
1363 2038 1527 2073 πνεύματος.
1544 2040 1598 2066 Καὶ
1616 2039 1754 2066 συνελόντι
1771 2041 1869 2075 φάναι,

1078 2083 1160 2118 τριῶν
1177 2083 1264 2109 οὐσῶν
1288 2084 1316 2110 ὲν
1333 2085 1398 2118 ἡμῖν
1425 2084 1478 2110 τῶν
1501 2084 1652 2119 γεννήσεων
1665 2105 1673 2118 ,
1689 2085 1724 2112 δι’
1746 2083 1784 2113 ὧν
1800 2085 1867 2118 (uno

1079 2132 1194 2157 ποιεῖται
1211 2132 1227 2166 ή
1243 2131 1397 2166 ἀνθρωπίνη
1413 2131 1493 2166 φύσις
1507 2140 1515 2147 ·
1529 2132 1577 2167 τῆς
1593 2132 1643 2167 μὲν
1657 2132 1712 2159 ἀπὸ
1727 2133 1870 2168 σώματος,

1079 2176 1130 2211 τῆς
1146 2176 1174 2202 δὲ
1191 2176 1261 2202 κατά
1283 2176 1314 2202 τὺ
1333 2177 1380 2211 τῆς
1399 2177 1605 2211 παλιγγενεσίας
1625 2178 1795 2213 μυστήριον·
1816 2179 1869 2213 τῆς

1079 2221 1108 2247 δὲ
1120 2240 1128 2253 ,
1146 2221 1191 2247 διὰ
1207 2222 1257 2256 τῆς
1273 2221 1452 2257 ἐλπιζομένης
1467 2222 1500 2249 ὲκ
1516 2222 1570 2249 τῶν
1584 2222 1687 2257 νεκρῶν
1703 2223 1785 2250 πάλιν
1801 2224 1863 2251 ἀνα-

1081 2265 1216 2298 στάσεως,
1228 2266 1256 2292 sv
1271 2268 1330 2299 ταῖς
1342 2267 1415 2302 τρισὶ
1431 2267 1602 2302 πρωτότοκος
1618 2268 1734 2301 γίνεται.
1747 2269 1804 2304 Τῆς
1817 2269 1866 2304 μὲν

1079 2311 1174 2346 διπλῆς
1193 2311 1400 2346 παλιγγενεσίας
1412 2313 1462 2348 τῆς
1477 2313 1511 2339 δι’
1527 2313 1687 2348 ἀμφοτέρων
1699 2315 1863 2349 ἐνεργουμέ-

1079 2366 1127 2392 νης
1140 2378 1147 2391 ,
1163 2358 1207 2385 διά
1231 2367 1261 2385 τε
1277 2358 1324 2384 τοῦ
1340 2358 1526 2393 βαπτίσματος
1542 2360 1588 2385 καὶ
1613 2359 1657 2386 διὰ
1681 2359 1733 2394 τῆς
1749 2360 1865 2387 ἀναστά-

1080 2412 1148 2434 σεως
1159 2424 1167 2436 ,
1179 2403 1261 2435 αὐτὸς
1278 2404 1422 2438 γενόμενος
1445 2404 1565 2438 ἀρχηγὸς
1589 2404 1650 2431 καθ’
1671 2405 1804 2440 ἑκάτερον
1815 2426 1823 2438 ,
1837 2407 1867 2432 ὲν

1078 2447 1107 2474 δὲ
1123 2449 1155 2483 τῇ
1177 2448 1257 2483 σαρκὶ
1285 2449 1455 2483 πρωτότοκος
1471 2449 1574 2483 γίνεται
1587 2458 1594 2464 ·
1611 2449 1720 2485 πρῶτος
1743 2451 1791 2477 καὶ
1820 2451 1872 2486 μό-

1078 2502 1123 2525 νος
1137 2494 1183 2520 τὸν
1199 2493 1335 2528 ἄγνωστον
1349 2496 1382 2530 τῇ
1400 2494 1478 2529 φύσει
1495 2495 1572 2521 τόκον
1588 2495 1630 2529 ἐφ’
1644 2494 1743 2521 ἑαυτοῦ
1758 2495 1803 2522 διὰ
1818 2498 1865 2531 τῆς

1079 2538 1227 2574 παρθενίας
1241 2540 1457 2575 καινοτομήσας,
1474 2536 1505 2567 οὗ
1529 2540 1624 2575 μηδεὶς
1647 2540 1676 2566 ἐν
1692 2541 1754 2572 ταῖς
1770 2542 1863 2568 τοσαὼ

1078 2593 1139 2615 ταις
1155 2585 1209 2611 τῶν
1222 2585 1372 2621 ἀνθρώπων
1395 2587 1502 2620 γενεαῖς
1529 2585 1713 2621 καθηγήσατο.
1727 2587 1759 2612 El
1780 2587 1868 2614 ταῦτα

1079 2631 1169 2658 τοίνυν
1192 2632 1262 2658 κατά
1288 2632 1365 2665 λόγον
1380 2631 1523 2667 νενόηται,
1543 2631 1604 2658 οὐδὲ
1622 2632 1653 2658 τὸ
1675 2633 1725 2667 τῆς
1752 2632 1867 2662 κτίσεως

1081 2677 1279 2713 σημαινόμενον
1290 2697 1297 2710 ,
1313 2676 1347 2713 ἦς
1363 2678 1532 2713 πρωτότοκος
1546 2679 1620 2705 ἐστιν
1631 2698 1639 2711 ,
1654 2678 1864 2714 ἀγνοηθήσεται.

1080 2724 1182 2760 Διπλῆν
1204 2723 1256 2760 γὰρ
1273 2724 1322 2759 τῆς
1342 2723 1448 2758 φύσεως
1464 2723 1542 2760 ἡμῶν
1564 2724 1614 2760 τὴν
1630 2725 1718 2752 κτίσιν
1743 2725 1863 2759 ἐγνώκα-

281 2814 336 2830 ¹⁵·¹⁶
352 2813 467 2849 Philipp.
484 2822 513 2847 ιι,
534 2815 576 2841 l0.
616 2815 635 2830 ¹⁷
658 2814 751 2843 Matth.
769 2815 899 2849 "unto,
918 2815 959 2850 ll;
976 2815 1026 2843 Luc

1078 2823 1104 2849 ν,
1125 2815 1148 2844 7.
1189 2817 1210 2833 ³⁸
1224 2815 1303 2844 Rom.
1321 2824 1377 2850 vni,
1397 2818 1436 2844 19.
1478 2817 1498 2833 ’⁸
1519 2818 1612 2845 Matth.
1629 2825 1705 2850 xvnt,
1725 2818 1768 2846 ω.

227 2863 242 2878 λ
