1920 3073
67 143 122 171 637

628 141 767 170 CONTRA
789 141 982 175 EUNOMIUM,
1002 143 1064 171 LIB.
1084 143 1127 171 IV.

1646 147 1698 175 058

71 207 123 234 μεν
135 219 142 230 ,
166 198 215 233 τήν
231 207 260 224 τε
282 197 392 233 πρώτην
411 197 471 224 καθ’
484 197 516 233 ἢν
531 197 705 234 ὲπλάσθημεν
717 218 724 230 ,
749 198 795 225 καὶ
811 198 857 233 τὴν

912 197 1033 231 fuimus;
1059 198 1105 226 sed
1131 205 1184 225 non
1209 206 1278 234 opus
1300 203 1375 228 esset
1405 201 1525 229 secunda
1546 203 1697 236 creatione,

67 244 202 279 δευτέραν
225 243 284 271 καθ’
307 244 340 279 ἢν
363 243 582 280 ἀνεπλάσθημεν.
605 242 673 270 Ἀλλ’
690 244 739 271 οὐκ
766 243 798 270 ἂν
824 241 858 279 ἧν

86 289 120 324 ἧς
134 289 262 324 δευτέρας
276 288 353 323 ἡμῶν
365 288 478 321 κτίσεως
490 288 579 324 χρεία,
595 289 618 315 εἰ
636 288 673 324 μὴ
686 288 734 324 τὴν
749 288 857 324 πρώτην

70 335 115 362 διὰ
130 336 181 370 τῆς
195 335 338 372 παρακοῆς
352 335 550 372 ἡχρειώσαμεν.
569 337 689 371 Ἑκείνης
705 337 793 364 τοίνυν
808 347 856 364 τια-

69 382 236 418 λαιωθείσης
262 391 292 408 τε
320 383 367 410 καὶ
395 382 608 418 ἀφανισθείσης,
635 382 687 410 ἔδει
712 383 807 418 καινὴν
831 384 859 409 ἐν

69 427 185 462 Χριστῷ
197 427 323 461 γενέσθαι
342 427 440 459 κτίσιν,
454 427 544 459 καθώς
559 436 640 462 φησιν
653 428 668 454 ὁ
688 428 857 459 Ἀπόστολος.

69 473 157 499 Οὐδὲν
172 473 213 499 ἔτι
228 473 282 499 τῶν
294 472 526 508 πεπαλαιωμένων
537 474 583 500 ἐπὶ
598 473 646 510 τῆς
659 473 788 509 δευτέρας
802 473 859 500 κτί-

70 525 141 549 σεως
152 517 224 551 ἀξιοῖ
237 517 355 553 βλέπειν,
364 517 622 553 Ἀπεκδυσάμενοι,
633 518 731 553 λέγων,
740 519 793 546 τὸν
803 526 856 546 πα-

68 563 161 590 λαιὸν
172 563 338 598 ἄνθρωπον,
347 563 408 590 σὺν
415 564 480 597 ταῖς
487 563 614 598 πράξεσι
624 565 671 592 καὶ
683 565 746 597 ταῖς
757 564 859 592 ἐπιθυ-

67 609 153 644 μίαις
167 609 271 642 αὐτοῦ,
285 609 454 637 ἐνδύσασθε
465 610 517 636 τὸν
527 611 632 638 καινὸν
643 611 797 644 ἄνθρωπον
807 611 860 638 τὸν

70 655 150 682 κατὰ
163 655 238 683 Θεὸν
246 655 415 682 κτισθέντα·
427 656 526 685 καὶ,Εῑ
538 665 582 690 τις
597 657 632 683 ἐν
642 657 765 691 Χριστῷ,
781 658 858 692 φησὶ,

70 700 164 733 καινὴ
184 700 297 733 κτίσις·
312 700 348 728 τὰ
371 700 479 735 ἀρχαῖα
500 701 662 736 παρῆλθεν.
679 701 743 729 ἰδοὺ
756 702 859 738 γέγονε

70 746 164 772 καινὰ
174 754 180 759 ·
195 744 235 778 εἷς
250 746 304 781 γὰρ
317 746 364 773 καὶ
380 748 393 772 ὁ
407 747 487 779 αὐτὸς
502 747 552 782 τῆς
565 748 738 783 ἀνθρωπίνης
754 748 858 782 φύσεως

72 791 191 826 ποιητὴς
203 812 210 823 ,
226 791 272 817 καὶ
293 790 323 817 τὸ
339 791 399 818 κατ’
425 792 510 826 ἀρχὰς
529 792 576 818 καὶ
601 792 632 818 τὸ
659 792 728 827 μετὰ
751 792 836 819 ταῦτα
851 801 858 807 '

71 837 133 863 τότε
144 835 235 863 λαῦὼν
248 835 312 871 χοῦν
327 837 383 863 ἀπὺ
395 837 444 872 τῆς
455 838 506 872 γῆς
515 858 522 869 ,
535 838 579 864 τὸν
592 838 732 874 ἄνθρωπον
746 838 857 865 ἔπλασε·

910 243 961 270 nisi
979 243 1092 278 primam
1112 252 1159 279 per
1178 245 1429 278 praevaricationem
1459 247 1583 275 inutilem
1606 248 1698 276 reddi-

908 288 1055 316 dissemus.
1085 289 1132 316 llla
1154 290 1236 325 igitur
1254 290 1415 324 inveterata,
1439 292 1562 320 obsoleta
1585 297 1613 321 et
1633 302 1696 322 eva-

909 333 983 365 nida,
1005 342 1103 362 novam
1126 335 1152 362 in
1174 335 1282 363 Christo
1311 336 1369 364 ﬁeri
1394 342 1547 365 creaturam
1571 344 1629 367 erat
1647 348 1696 367 ne-

908 389 999 413 cesse.
1016 381 1085 408 sicut
1105 381 1142 408 ait
1156 381 1302 416 Apostolus
1321 392 1328 409 :
1350 384 1417 410 nihil
1435 384 1553 420 amplius
1572 389 1695 413 vetusto-

908 434 968 453 rum
982 426 1009 453 in
1021 427 1140 454 secunda
1156 432 1282 455 creatura
1301 433 1395 456 censet
1410 430 1510 458 intueri
1530 440 1536 458 ε
1551 430 1692 464 Exuentes,

909 473 1052 507 inquiens,
1074 478 1192 500 valerent.
1212 473 1341 501 hominem
1357 483 1415 501 cum
1430 476 1530 504 actibus
1549 481 1574 503 et
1594 478 1697 511 cupidi-

909 516 1008 544 tatibus
1023 525 1079 552 ejus
1089 538 1095 550 ,
1123 517 1225 545 induite
1240 527 1333 546 norum
1348 519 1477 547 hominem
1491 522 1536 557 qui
1554 522 1696 550 secundant

909 562 992 590 Deum
1003 569 1105 591 creatus
1117 569 1155 591 ρει
1164 564 1196 591 ³⁸.
1207 564 1248 597 Ει,
1260 565 1348 600 Siqua
1361 567 1387 593 in
1396 566 1511 600 Christo,
1522 569 1620 604 inquit,
1630 577 1696 596 nava

909 614 1049 636 creatura:
1064 616 1150 637 vetera
1160 612 1352 645 pra'tcricrunt,
1364 622 1421 640 ecce
1430 622 1495 641 nom
1508 614 1580 648 facta
1592 616 1694 648 sunt";

909 662 981 682 unus
997 655 1069 682 enim
1083 660 1111 682 et
1127 657 1196 684 idem
1212 657 1338 685 humanm
1353 664 1457 687 natura:
1479 660 1576 691 iactor,
1592 662 1639 696 qui
1657 661 1696 688 l‘e-

908 700 985 728 citet
1006 702 1077 736 quod
1096 703 1130 730 ab
1149 703 1237 735 initio,
1252 709 1278 732 et
1303 705 1375 739 quod
1396 710 1491 740 postea
1510 706 1609 733 factum
1634 712 1695 741 est,

909 749 974 773 tunc
984 754 1016 774 ex
1032 748 1143 782 pulvere
1166 755 1278 784 accepto
1302 750 1441 778 hominem
1471 752 1572 785 tinxit;
1598 760 1696 780 rursus

910 790 1020 824 pulvere
1039 799 1072 820 ex
1086 791 1196 828 Virgine
1215 800 1334 829 sumpto,
1354 803 1407 823 non
1423 796 1586 832 simpliciter
1608 798 1697 825 homi-

909 844 971 864 nem
982 837 1176 872 formavit,scd
1188 840 1239 867 sibi
1266 840 1317 875 ipsi
1343 840 1456 868 aiﬁnxit.
1480 841 1557 870 Tunc
1583 844 1696 875 creavit,

72 885 156 911 πάλιν
172 884 262 910 λαϐὼν
279 883 324 910 τὸν
336 884 368 910 ὲκ
448 871 593 918 παρθενίας
607 871 669 919 χοίὶν
682 905 690 916 ,
702 885 751 920 οὐχ
765 884 857 916 ἀπλῶς

912 887 1004 916 postea
1012 887 1120 911 creatus
1128 888 1170 912 est
1181 894 1187 918 ;
1199 889 1264 912 ttmc
1272 885 1388 914 Verbum
1400 895 1510 915 carnem
1518 887 1592 921 fecit,
1602 893 1696 923 postea

71 931 118 957 τὴν
145 930 288 965 ἄνθρωπον
317 929 452 961 ἔπλασεν,
481 929 539 956 ἀλλ’
565 929 653 965 ἑαυτῷ
681 930 856 966 περιέπλασε.

71 976 142 1003 Τότε
166 975 271 1003 ἔκτισεν
284 996 292 1009 ,
323 975 392 1010 μετὰ
417 975 502 1002 ταῦτα
519 976 629 1011 ἐκτίσθη
643 984 649 990 ·
665 975 724 1002 τότε
740 976 754 1002 ὁ
773 976 858 1010 Λόγος

72 1022 165 1057 σάρκα
182 1021 308 1056 ἐποίησεν
319 1041 327 1054 ,
344 1020 411 1056 μετὰ
427 1021 512 1047 ταῦτα
525 1022 538 1047 ὁ
555 1022 640 1055 Λόγος
657 1021 725 1057 σὰρξ
739 1021 856 1056 ἐγένετο,

72 1067 119 1093 ἵνα
140 1066 329 1102 μετασκευάσῃ
345 1066 413 1101 πρὸς
428 1065 535 1102 πνεῦμα
557 1066 606 1101 τὴν
619 1065 755 1102 ἡμετέραν
770 1066 858 1102 σάρκα

70 1110 118 1137 διὰ
135 1110 182 1137 τοῦ
195 1110 396 1146 συμμετασχεῖν
406 1111 472 1145 ἡμῖν
490 1110 654 1146 σαρκότητος
675 1110 721 1137 καὶ
732 1111 856 1146 αἵματος.

73 1156 184 1192 Ταύτης
200 1157 288 1183 τοίνυν
307 1156 356 1192 τῆς
369 1156 464 1191 καινῆς
489 1156 516 1182 ὲν
533 1155 643 1192 Χριστῷ
655 1156 782 1188 κτίσεως,
798 1154 831 1192 ἧς
844 1157 859 1182 ὁ

71 1203 156 1234 αὐτὸς
166 1203 341 1238 καθηγήσατο
353 1222 360 1233 ,
375 1202 545 1238 πρωτότοκος
561 1202 707 1238 ὠνομάσθη
720 1223 727 1235 ,
750 1203 859 1229 πάντων

72 1248 187 1284 ἀπαρχὴ
204 1249 349 1283 γενόμενος
360 1268 366 1278 ,
382 1248 428 1274 καὶ
451 1247 505 1274 τῶν
523 1248 563 1279 είς
580 1247 651 1283 ζωὴν
670 1248 857 1283 γεννωμένων,

73 1295 124 1322 καὶ
140 1294 194 1321 τῶν
211 1294 245 1320 δι’
259 1294 431 1325 ἀναστάσεως
448 1293 552 1328 νεκρῶν
569 1293 859 1329 ζωοποιουμένων,·ῐνα

72 1341 122 1367 καὶ
136 1329 243 1376 νεκρῶν
259 1339 305 1366 καὶ
326 1339 432 1371 ζώντων
449 1338 580 1375 κυριεύσῃ
591 1360 597 1371 ,
619 1340 666 1366 καὶ
679 1339 738 1366 ὅλον
753 1339 796 1366 διὰ
810 1340 859 1375 τῆς

72 1387 104 1412 ἐν
118 1385 207 1421 ἑαυτῷ
226 1385 351 1420 ἀπαρχῆς
370 1384 519 1420 συναγιάσῃ
541 1385 571 1411 τὸ
586 1384 710 1420 φύραμα.
730 1385 792 1411 Ὀτι
805 1385 859 1420 γὰρ

73 1432 104 1458 οὗ
129 1431 200 1457 κατά
221 1431 271 1466 τὴν
297 1430 458 1466 προαιώνιον
485 1430 600 1467 ὕπαρξιν
617 1430 801 1467 ὲφαρμὸζεται
821 1431 859 1466 τῷ

73 1477 133 1513 Υἱῷ
145 1478 176 1504 τὸ
199 1477 369 1514 πρωτότοκον
381 1499 387 1509 ,
407 1478 423 1512 ἡ
446 1477 493 1504 τοῦ
508 1477 674 1512 Μονογενοῦς
691 1478 860 1513 προσηγορία

71 1523 296 1559 διαμαρτύρεται.
313 1523 343 1550 '0
359 1523 412 1558 γὰρ
426 1523 533 1558 ἀληθῶς
557 1523 710 1558 Μονογενὴς
731 1523 860 1558 ἀδελφοὺς

71 1570 124 1596 οὐκ
140 1569 205 1604 ἔχει.
221 1569 281 1600 Πῶς
296 1567 343 1596 οὖν
357 1568 389 1595 ἄν
408 1577 450 1600 τις
468 1568 511 1603 εἴη
532 1568 677 1604 μονογενὴς
695 1570 723 1595 ὲν
738 1569 860 1603 ἀδελφοῖς

72 1614 293 1651 ἀριθμούμενοςς
309 1614 366 1640 ἀλλ’
377 1613 415 1645 ὡς
430 1613 538 1647 λέγεται
558 1614 624 1646 Θεὸς
645 1614 692 1641 καὶ
707 1614 858 1649 ἄνθρωπος,

73 1661 139 1693 Υἱὸς
153 1660 221 1688 Θεοῦ
237 1661 284 1688 καὶ
295 1661 358 1692 Υἱὸς
373 1660 531 1696 ἀνθρώπων
555 1660 646 1696 μορφὴ
661 1661 715 1696 γὰρ
730 1660 797 1687 Θεοῦ
813 1662 860 1694 καὶ

75 1707 168 1743 μορφὴ
184 1707 276 1733 δούλου
288 1727 295 1738 ,
316 1706 350 1732 τὰ
366 1707 414 1741 μιν
431 1705 502 1732 κατὰ
520 1705 568 1741 τὴν
585 1707 759 1742 ὑπάρχουσαν
779 1707 859 1741 φύσιν

68 1754 122 1785 ὢν,
139 1753 175 1778 τὰ
186 1753 214 1778 δὲ
233 1751 304 1778 κατὰ
316 1751 364 1787 τὴν
381 1751 570 1787 φιλάνθρωπον
585 1751 740 1786 οἰκονομίαν
751 1751 859 1786 γενόμε·

72 1807 134 1830 vos“
151 1798 224 1824 οὕτω
246 1797 293 1824 καὶ
308 1797 453 1832 μονογενὴς
465 1797 531 1828 Θεὸς
549 1796 597 1829 ὢν,
618 1797 789 1832 πρωτότοκος
806 1797 859 1824 πά-

73 1850 124 1878 σης
138 1843 254 1874 κτίσεως
275 1842 395 1876 γίνεται,
412 1841 566 1876 Μονογενὴς
584 1841 633 1876 μὲν
648 1841 685 1867 ὣν
701 1842 729 1867 ὲν
752 1841 790 1876 τῷ
807 1850 859 1868 πα-

72 1891 152 1926 τρῴῳ
167 1887 279 1922 κόλπῳ,
308 1888 336 1914 ὲν
352 1887 380 1913 δὲ
401 1888 456 1918 τοῖς
479 1886 523 1913 διὰ
549 1887 598 1922 τῆς
623 1887 719 1921 καινῆς
745 1886 858 1918 κτίσεως

71 1934 237 1969 σωζομένοις
262 1933 432 1968 πρωτότοκος
459 1932 508 1967 τῆς
523 1932 636 1964 κτίσεως
653 1932 699 1958 καὶ
713 1931 858 1966 γενόμενος

71 1977 119 2005 καὶ
136 1977 291 2012 λεγόμενος.
307 1977 338 2003 Εἰ
352 1976 391 2009 δὲ,
406 1976 495 2009 καθὼς
511 1977 527 2011 ὴ
542 1976 646 2012 αἵρεσις
659 1975 801 2011 βούλεται,
815 1975 858 2003 διὰ

71 2024 103 2050 τὸ
119 2022 390 2058 προκατεσκευασοαι
415 2022 465 2056 τῆς
483 2022 577 2057 λοιπῆς
593 2021 707 2054 κτίσεως
722 2021 857 2057 πρωτότο-

71 2079 119 2102 κος
133 2069 243 2103 λέγεται
255 2089 262 2101 ,
279 2069 311 2095 οὐ
323 2069 462 2103 συμφωνεῖ
475 2069 530 2099 τοῖς
545 2068 611 2103 παρ’
626 2067 715 2094 αὐτῶν
731 2067 794 2102 περὶ
809 2066 857 2094 τοῦ

71 2115 235 2149 μονογενοῦς
255 2113 323 2141 Θεοῦ
350 2113 631 2149 κατασκευαζομένοις
653 2113 683 2140 τὸ
707 2113 802 2148 ὄνομα.
819 2113 856 2139 Οὐ

70 2161 127 2199 γὰρ
143 2159 222 2188 τοῦτό
243 2168 335 2194 φησιν.
352 2160 392 2186 ὅτι
410 2159 488 2194 Παρά
502 2159 548 2185 τοῦ
566 2158 671 2194 [ἰατρὸς
688 2158 788 2194 ὁμοίως
803 2159 857 2185 ὅτε

907 935 972 954 vero
987 927 1103 956 Verbum
1122 937 1186 958 caro
1200 931 1301 958 factum
1318 936 1375 963 εει,
1405 937 1434 959 ut
1449 940 1559 962 carnem
1573 940 1695 962 nostram

909 973 942 1000 ad
955 974 1080 1008 spiritum
1099 980 1288 1010 converteret;
1309 977 1373 1011 quia
1395 978 1431 1005 sit
1447 978 1591 1006 nobiscum
1609 979 1695 1014 parti—

907 1025 972 1053 ceps
988 1017 1077 1046 factus
1091 1020 1183 1047 carnis
1195 1024 1221 1048 et
1242 1021 1395 1056 sanguinis.
1419 1021 1505 1057 Hujus
1522 1023 1604 1058 igitur
1620 1032 1696 1051 novae

908 1064 935 1091 in
954 1064 1063 1092 Christo
1071 1070 1215 1098 creaturae,
1226 1066 1306 1102 cujus
1324 1067 1383 1102 ipse
1397 1067 1453 1095 dux
1468 1067 1530 1100 fuit,
1556 1070 1694 1104 primoge-

908 1109 982 1136 nitus
993 1114 1036 1137 est
1052 1114 1176 1144 voeatus,
1195 1112 1318 1139 omnium
1334 1112 1422 1141 factus
1448 1114 1586 1149 primitiae,
1607 1119 1634 1141 et.
1649 1122 1697 1142 eo-

909 1163 969 1182 rum
990 1156 1036 1191 qui
1055 1157 1088 1184 ad
1106 1157 1190 1184 vitam
1210 1163 1388 1193 generantur,
1411 1164 1438 1187 et
1456 1167 1550 1188 eorum
1575 1161 1622 1196 qui
1648 1169 1696 1196 per

908 1203 1136 1230 resurrectionem
1168 1211 1200 1231 ex
1219 1201 1334 1232 mortuis
1363 1205 1547 1237 viviﬁcantur,
1577 1213 1606 1233 ut.
1624 1215 1696 1233 mor—

910 1247 965 1274 tuis
991 1252 1018 1275 et
1035 1249 1105 1276 vivis
1126 1249 1292 1282 dominetur,
1315 1255 1397 1286 atque
1416 1255 1445 1278 ut
1467 1255 1551 1279 totam
1578 1260 1626 1287 per
1642 1254 1696 1287 pri-

909 1293 1000 1320 mitias
1022 1294 1049 1321 in
1081 1295 1171 1330 seipso
1195 1296 1348 1324 sanetiticet
1373 1298 1694 1332 consperSionem.Quod

909 1340 982 1366 enim
1006 1348 1060 1367 non
1091 1342 1242 1368 secundum
1267 1346 1476 1370 ante-aeternam
1502 1344 1693 1373 exsistcntiam

910 1384 979 1412 Filio
992 1387 1168 1422 primogeniti
1184 1395 1282 1416 nomen
1306 1390 1468 1424 applicatur,
1492 1391 1628 1426 Uuigeniti
1651 1401 1695 1428 ap-

910 1430 1022 1464 pellatio
1047 1435 1174 1460 testatur.
1206 1432 1273 1460 Nam
1300 1434 1346 1468 qui
1368 1443 1431 1463 vere
1458 1435 1618 1471 Uuigenitus
1642 1442 1693 1469 est,

911 1474 1011 1503 fratres
1030 1484 1085 1503 non
1099 1477 1192 1505 habet.
1210 1477 1353 1510 Quomodo
1373 1480 1445 1507 enim
1465 1481 1528 1517 quis
1543 1487 1614 1510 esset
1630 1483 1692 1509 uni-

874 1523 1019 1566 cgenitus
1036 1523 1082 1558 qui
1107 1531 1169 1550 cum
1196 1524 1326 1553 fratribus
1357 1528 1575 1555 annumeratur?
1603 1528 1650 1556 sed
1665 1533 1694 1556 ut

912 1567 1012 1594 dicitur
1027 1568 1099 1597 Deus
1113 1575 1140 1597 et
1158 1569 1251 1601 homo,
1274 1570 1358 1598 Filius
1383 1571 1430 1599 Dei
1449 1577 1476 1600 et
1501 1572 1587 1600 Filius
1607 1574 1693 1602 homi-

911 1613 971 1647 nis;
991 1614 1078 1641 l'orma
1095 1615 1167 1642 enim
1188 1615 1234 1643 Dei
1252 1620 1278 1644 et
1305 1617 1392 1644 forma
1410 1619 1492 1651 servi,
1517 1620 1616 1654 partim
1633 1621 1694 1656 qui-

910 1657 970 1686 dem
991 1659 1141 1686 secundum
1161 1664 1286 1688 naturam
1302 1662 1478 1690 exsistentem
1492 1671 1553 1691 cum
1573 1666 1619 1698 sit,
1631 1674 1693 1701 par-

909 1702 959 1729 tim
973 1711 1038 1730 vero
1051 1711 1113 1731 cum
1130 1704 1167 1732 sit
1182 1705 1269 1733 factus
1287 1708 1438 1734 secundum
1455 1708 1634 1738 humanitatis
1643 1711 1694 1739 dis-

910 1749 1098 1783 pensationem
1115 1758 1121 1776 :
1142 1750 1182 1778 sic
1204 1751 1284 1778 etiam
1309 1752 1464 1786 unigenitus
1483 1753 1554 1782 Deus
1569 1763 1632 1783 cum
1646 1757 1691 1789 sit,

909 1793 1107 1828 primogenitus
1123 1795 1214 1822 omnis
1228 1800 1361 1824 creatura:
1384 1798 1509 1826 etlicitur.
1532 1799 1693 1837 Unigenitus

909 1838 1016 1873 quidem
1033 1839 1060 1866 in
1075 1843 1189 1874 paterno
1202 1841 1274 1874 sinu,
1292 1842 1319 1869 in
1340 1843 1382 1869 his
1397 1851 1460 1871 vero
1475 1846 1519 1879 qui
1535 1854 1584 1880 per
1595 1856 1692 1876 novam

909 1889 1061 1913 creaturam
1095 1883 1248 1919 servantur,
1278 1888 1476 1922 primogenitus
1508 1897 1644 1921 creaturae
1665 1899 1692 1921 ct

908 1931 998 1959 factus
1012 1935 1039 1958 et
1056 1930 1156 1958 dictus.
1171 1931 1249 1964 Quod
1266 1933 1299 1965 si,
1314 1936 1344 1959 ut
1358 1934 1417 1960 vult
1436 1934 1559 1968 lueresis,
1575 1938 1640 1972 quia
1656 1940 1692 1967 sit

908 1981 971 2004 ante
982 1983 1089 2004 omnem
1111 1981 1263 2004 creaturam
1279 1978 1418 2011 conditus,
1435 1981 1635 2017 primogenitus
1650 1985 1691 2012 di-

908 2022 990 2054 citur,
1003 2021 1045 2049 his
1063 2029 1124 2057 qua:
1137 2022 1171 2049 ab
1194 2022 1262 2057 ipsis
1279 2023 1313 2051 de
1328 2024 1469 2058 unigenito
1487 2026 1543 2054 Deo
1560 2033 1692 2057 astruun-

909 2070 953 2093 tur
972 2067 1148 2102 primogeniti
1164 2075 1262 2095 nomen
1288 2077 1342 2096 non
1368 2076 1512 2099 consonat.
1533 2073 1591 2100 Non
1617 2075 1691 2102 enim

908 2112 958 2140 hoc
974 2113 1070 2140 aiunt:
1084 2113 1152 2146 Quia
1169 2121 1184 2140 a
1204 2113 1285 2140 Patre
1299 2115 1426 2142 similiter
1442 2120 1470 2144 et
1493 2117 1578 2147 Filius
1601 2123 1628 2146 et
1649 2128 1691 2148 re-

908 2158 981 2193 liqua
999 2159 1090 2186 omnia
1107 2159 1176 2186 facta
1192 2164 1275 2193 sunt;
1301 2161 1348 2187 sed
1361 2160 1494 2189 facturam
1521 2162 1610 2192 Patris
1630 2166 1691 2192 uni-

69 2206 138 2238 Υἱὸς
154 2206 202 2233 καὶ
219 2205 254 2232 τὰ.
269 2206 357 2233 πάντα
380 2205 504 2239 ἐγένετο·
517 2204 586 2232 ἀλλὰ
613 2205 719 2240 ποίημα
743 2204 793 2239 μὲν
808 2203 856 2230 τοῦ

909 2203 1029 2238 genitum
1045 2203 1129 2231 Deum
1148 2204 1260 2238 dicunt;
1289 2204 1372 2238 hujus
1390 2209 1492 2239 autem,
1511 2215 1610 2244 nempe
1624 2209 1691 2237 Uni-

70 2251 180 2288 Πατρὺς
186 2251 232 2278 τὸν
243 2251 373 2287 μονογενῆ
380 2251 446 2279 Θεὸν
454 2250 588 2284 λέγουσιν,
597 2250 691 2277 τούτου
703 2250 732 2277 δὲ
742 2250 776 2277 τὰ
789 2249 857 2277 ἄλλα

72 2298 162 2325 πάντα
176 2306 183 2313 ·
200 2293 222 2331 ᾦ
240 2297 330 2327 τοίνυν
340 2296 414 2332 λόγῳ.
426 2296 568 2331 κτισθῆναι
582 2296 627 2323 τὺν
642 2295 705 2323 Υιὸν
727 2295 856 2330 δογματί-

71 2343 174 2376 ζοντες,
191 2342 301 2377 Πατέρα
316 2343 363 2372 τοῦ
376 2343 524 2379 κτίσματος
538 2341 582 2369 τὸν
604 2342 669 2373 Θεὸν
684 2341 854 2377 ὀνομάζουσι,

70 2387 109 2422 τῷ
125 2386 200 2422 αὐτῷ
210 2387 282 2423 λόγῳ
293 2387 401 2423 πάντως
415 2387 491 2423 παρά
503 2386 550 2414 τοῦ
569 2386 727 2422 μονογενοῦς
743 2386 810 2412 Θεοῦ
822 2386 856 2412 τὰ

71 2434 160 2460 πάντα
177 2432 393 2460 κατεσκευάσθαι
404 2432 544 2466 λέγοντες,
559 2432 589 2458 οὺ
614 2431 785 2467 πρωτότοκον
801 2431 856 2458 τῶν

70 2477 104 2504 δι’
113 2477 198 2504 αὑτοῦ
211 2476 411 2513 γεγενημένων,
425 2476 492 2503 ἀλλά
508 2476 617 2512 Πατέρα
630 2475 796 2511 κυριώτερον
809 2476 856 2504 αὺ-

69 2522 117 2549 τὸν
129 2522 307 2557 ὀνομάζουσι,
330 2522 380 2558 τῆς
404 2522 489 2557 αὐτῆς
503 2523 546 2549 ἐπ’
559 2522 722 2558 ἀμφοτέρων
742 2521 808 2557 προς
822 2521 856 2549 τὰ

71 2567 210 2603 κτίσματα
223 2568 358 2604 σχέσεως,
376 2568 426 2604 τὴν
454 2567 537 2604 αὐτὴν
563 2568 634 2595 κατὰ
656 2567 687 2594 τὸ
711 2567 856 2595 ἀκόλουθον

70 2613 259 2649 προσηγορίαν
289 2613 427 2648 ποιούσης.
454 2614 486 2642 Ei
505 2614 561 2650 γὰρ
587 2614 688 2650 κυρίως
713 2613 760 2640 τοῦ
790 2613 855 2641 ἰδίου

71 2659 220 2694 κτίσματος
233 2660 248 2686 ὁ
261 2659 306 2685 ἐπὶ
320 2659 428 2686 πάντων
442 2659 508 2692 Θεὸς
529 2659 559 2686 οὺ
583 2659 752 2695 πρωτότοκος
764 2679 771 2691 ,
788 2659 856 2686 ἀλλὰ

70 2703 166 2739 Πατὴρ
181 2703 359 2738 ὀνομάζεται,
371 2703 411 2739 τῷ
424 2704 498 2739 αὐτῷ
516 2703 588 2739 λόγῳ
602 2703 710 2736 πάντως
734 2704 781 2730 καὶ
802 2703 856 2731 τῶν

71 2749 143 2778 ἰδίων
156 2749 313 2784 κτισμάτων
332 2749 427 2786 Πατὴρ
445 2749 460 2776 ὁ
475 2747 622 2784 μονογενὴς
635 2749 703 2780 Θεὸς
735 2749 765 2776 οὐ
782 2757 855 2787 πρω-

105 2836 128 2854 '°
140 2835 250 2864 Coloss.
263 2843 304 2870 In,
321 2836 347 2869 9,
366 2836 408 2864 to.
448 2836 468 2852 ¹¹
488 2836 507 2862 ll
533 2835 597 2865 Cor.
617 2845 643 2869 ν,
663 2837 705 2864 l7.

909 2249 1005 2284 geniti,
1031 2249 1083 2276 alia
1109 2250 1212 2276 omnia.
1237 2249 1296 2283 Quo
1320 2250 1403 2285 igitur
1423 2258 1549 2281 sermone
1568 2260 1690 2282 creatum

908 2299 970 2320 esse
983 2291 1028 2319 Dei
1045 2291 1142 2319 Filium
1158 2294 1297 2326 docentes,
1324 2294 1432 2322 Patrem
1452 2300 1587 2324 creatura:
1605 2297 1690 2327 Deum

908 2337 1061 2368 nominant,
1081 2336 1177 2364 eodem
1192 2338 1272 2372 plane
1294 2345 1421 2366 sermone
1432 2339 1466 2367 ab
1480 2341 1622 2377 unigenito
1636 2343 1691 2370 Deo

908 2383 1001 2409 omnia
1018 2383 1126 2410 condita
1149 2390 1211 2411 esse
1236 2383 1369 2416 dicentes,
1396 2393 1452 2412 non
1479 2388 1690 2422 primogenitum

907 2436 1001 2461 eorum
1019 2436 1079 2463 qua:
1094 2435 1142 2463 per
1159 2429 1249 2463 ipsum
1267 2433 1332 2457 sunt
1348 2431 1492 2465 producta,
1517 2433 1564 2461 sed
1582 2433 1690 2462 Patrem

907 2474 994 2509 magis
1014 2474 1123 2509 proprie
1149 2475 1310 2509 nominant;
1337 2483 1398 2503 cum
1413 2477 1506 2504 eadem
1521 2486 1581 2513 quae
1599 2483 1642 2507 est
1662 2479 1690 2506 in

908 2520 1032 2554 utrisque
1045 2527 1108 2547 cum
1129 2520 1265 2548 creaturis
1281 2521 1389 2554 relatio,
1408 2523 1532 2550 eamdem
1545 2531 1578 2550 ex
1592 2531 1691 2552 conso-

906 2565 1016 2592 cutione
1030 2565 1240 2600 appellationem
1260 2565 1354 2594 faciat.
1370 2566 1399 2593 Si
1423 2567 1496 2594 enim
1511 2569 1620 2603 proprie
1643 2569 1689 2596 ille

907 2611 954 2646 qui
976 2615 1019 2638 est
1035 2611 1063 2638 in
1078 2612 1208 2639 omnibus
1226 2611 1310 2646 Deus,
1343 2613 1461 2647 prepriae
1477 2617 1609 2641 creatura:
1633 2622 1689 2642 non

908 2657 1117 2692 primogenitus,
1134 2656 1182 2685 sed
1193 2657 1272 2685 Pater
1285 2658 1454 2690 nominatur,
1477 2658 1570 2686 eadem
1584 2660 1689 2688 ratione

908 2703 1020 2730 omnino
1035 2706 1061 2730 et
1073 2703 1246 2738 propriarum
1262 2708 1450 2731 creaturarum
1470 2703 1551 2731 Pater
1561 2705 1689 2740 unigeni-

908 2751 953 2777 tus
968 2748 1039 2777 Deus
1061 2756 1114 2776 non
1130 2749 1239 2784 proprie
1261 2749 1459 2784 primogenitus
1476 2750 1665 2779 nominabitur
1681 2759 1688 2778 :
