1920 3073
204 117 254 144 ΰίό

814 110 841 137 S.
857 107 1020 137 GREGORII
1050 106 1194 135 NYSSENI

1778 105 1827 132 EH

205 171 331 207 pessioue
347 173 374 197 et
397 169 506 196 actione
525 169 749 196 communionem
774 168 901 195 essentia:
925 174 988 201 pro-

1054 167 1133 200 ξυρεῖν
1150 174 1207 196 πως
1223 165 1289 200 πρὸς
1308 164 1351 191 τὸν
1369 163 1552 198 γεγεννηκότα
1566 162 1598 189 τὸ
1610 162 1698 189 κοινὸν
1716 161 1767 197 τῆς
1783 163 1829 188 1ιύ-

207 217 335 244 uuntians
348 235 356 248 ,
384 214 492 242 videtur
517 221 572 241 non
591 214 679 241 solum
700 213 726 240 ei
749 213 795 248 qui
813 213 921 248 genitus
945 215 988 239 est

206 262 355 289 attribuere
369 260 487 294 quodam
507 259 589 287 modo
606 267 668 286 cum
682 266 714 286 eo
729 258 776 294 qui
793 257 889 293 genuit
905 264 989 284 com-

207 314 314 334 munem
331 306 490 336 essentiam,
508 312 602 332 verum
615 305 697 331 etiam
714 311 821 331 omnem
834 305 988 330 creaturam

205 360 267 378 cum
280 359 312 378 eo
331 351 376 386 qui
395 351 458 378 fecit
483 351 606 385 ejusdem
623 349 751 377 essentia:
771 348 882 376 facere?
897 347 990 381 Siqui-

205 398 266 424 dem
283 397 356 432 quod
374 397 430 432 agit
441 400 468 423 et
482 395 555 431 quod
570 395 674 430 patitur
685 395 781 422 eodem
796 400 897 429 genere
919 393 991 419 inter

206 452 235 471 se
246 443 347 470 habere
358 442 509 470 secundum
522 445 647 468 naturam
658 441 761 468 deﬁnit.
772 440 864 474 Itaque
873 446 920 474 per
930 446 991 472 qua:

205 489 342 517 construit
352 488 424 523 quod
438 488 506 520 vult,
521 495 568 522 per
578 488 635 514 [nec
645 487 761 514 destruit
774 490 801 513 et
812 486 910 513 evertit
918 483 990 518 quod

205 535 326 562 studiose
338 533 489 566 contendit,
501 540 549 560 sua
560 533 737 568 repugnantia
747 530 890 566 ὁμοουσίου
899 529 991 564 (simul

204 579 371 614 essentialis)
381 578 493 612 gloriam
503 577 647 604 ﬁrmiorem
657 574 815 603 reddens.Si
824 574 895 601 enim
903 581 934 600 ex
944 573 992 599 ali-

205 633 260 660 quo
277 624 419 660 generatio
442 623 501 658 ejus
508 623 553 658 qui
562 622 655 658 genuit
663 621 807 649 essentiam
815 615 844 647 in
853 627 885 647 eo
893 619 939 654 qui
950 627 993 653 ge-

207 671 278 697 nitus
288 675 329 697 est
344 669 530 696 demonstrat:
543 667 692 694 artiﬁcialis
706 669 797 693 autem
810 664 991 696 constructio,

206 723 266 750 quae
278 723 325 750 per
338 715 472 741 actionem
481 717 508 740 et
518 713 671 748 passionem
680 711 829 747 perﬁcitur,
843 711 991 738 secundum

207 761 289 795 hujus
304 761 438 786 rationem
462 759 496 786 ad
516 758 643 786 essentia:
658 755 879 784 cominunionem
907 755 993 782 addu-

208 808 247 835 cit
263 812 290 834 et
304 806 331 833 id
342 805 415 840 quod
431 804 497 832 facit
520 808 546 832 et
570 804 598 830 id
616 803 689 838 quod
715 802 848 834 el'licilur;
869 801 991 836 genitum

1043 211 1119 243 σίας·
1137 211 1204 238 ἀλλὰ
1230 211 1277 238 καὶ
1301 211 1391 237 πᾶσαν
1414 209 1463 245 τὴν
1487 209 1575 236 κτίσιν
1599 209 1638 244 τῷ
1663 210 1831 244 πεποιηκςτι

1043 259 1128 285 ποιεῖν
1143 257 1282 292 ὁμούσιον;
1294 257 1379 292 Εἴπερ
1390 257 1419 282 τὸ
1434 255 1527 282 ποιοῦν
1540 256 1587 282 καὶ
1603 255 1633 281 τὺ
1647 255 1752 290 πάσχον
1765 256 1829 290 ὁμο.

1042 303 1128 337 γενῶς
1141 300 1214 338 ἔχειν
1227 302 1350 338 ἀλλήλοις
1363 302 1433 329 κατὰ
1450 302 1499 336 τὴν
1515 301 1594 336 φύσιν
1609 300 1739 336 ὁρίζεται.
1758 302 1826 327 οὐκ-

1043 348 1090 375 οὖν
1111 349 1142 375 δι’
1174 346 1212 376 ὧν
1238 347 1435 379 κατασκευάζει
1454 347 1468 373 ὃ
1487 346 1623 382 βούλεται,
1659 346 1704 373 διὰ
1726 346 1830 374 τούτων

1043 394 1190 430 ἀνατρέπει
1211 394 1241 420 τὺ
1262 393 1487 427 σπουδαζόμενον,
1513 392 1688 427 ἰσχυροτέραν
1703 393 1737 426 τῇ
1763 396 1830 426 παρ’

1043 439 1139 466 ἑαυτοῦ
1160 440 1234 476 μάχῃ
1249 440 1333 467 ποιῶν
1344 439 1392 474 τὴν
1406 438 1453 465 τοῦ
1468 438 1608 473 ὁμοουσίου
1620 437 1710 469 δόξαν.
1727 438 1758 463 Εἰ
1774 437 1828 470 γὰρ

1043 486 1059 520 ὴ
1078 485 1126 520 μὲν
1136 485 1168 512 ἐκ
1181 494 1252 517 τινος
1262 475 1388 519 γέννησις
1401 485 1450 519 τὴν
1464 484 1511 510 τοῦ
1529 483 1724 519 γεγεννηκότος
1733 484 1827 510 0555m-

1044 532 1072 558 ὲν
1083 532 1122 567 τῷ
1134 531 1289 566 γεννηθέντι
1303 531 1450 558 δείκνυσιν’
1466 531 1482 566 ἡ
1495 530 1523 557 δὲ
1534 530 1642 565 τεχνικὴ
1659 532 1829 564 κατασκευὴ.

1043 576 1077 603 δι’
1093 577 1233 612 ἐνεργείας
1249 585 1279 603 τε
1293 577 1340 603 καὶ
1351 576 1452 612 πάθους
1466 575 1667 610 ἁποτελονμένη
1677 595 1684 607 ,
1700 576 1773 602 κατὰ
1787 577 1831 602 τὸν

1043 621 1138 649 1τοιίνιου
1156 622 1233 656 λόγον
1246 624 1285 654 είς
1301 623 1442 649 κοινωνίαν
1458 622 1554 653 οὐσίας
1571 622 1632 656 ἄγει
1647 622 1678 648 τὺ
1692 621 1789 648 ποιοῦν
1804 631 1833 648 τε

1045 668 1138 694 καὶτὸ
1150 668 1307 704 γινόμενον
1326 667 1505 702 γεγεννῆσθαι
1517 668 1563 694 τὸν
1586 668 1687 702 Κύριον
1708 667 1833 702 πολλαχῆ

1045 715 1100 741 τῶν
1118 714 1191 740 ἰδίων
1206 713 1430 749 συγγραμμάτων
1445 714 1459 740 ὁ
1475 713 1642 748 λογογράφος
1659 715 1833 741 κατασκευα-

1049 759 1113 790 ζων.
1133 759 1204 794 Ἀρα
1229 759 1262 785 δι’
1280 755 1318 785 ὧν
1333 758 1467 793 ἀλλοτριοῖ
1485 758 1535 792 τῆς
1553 757 1599 785 τοῦ
1617 758 1724 793 Πατρδς
1739 759 1834 790 οὐσίας

1046 804 1091 830 τὸν
1108 803 1220 839 Κύριον,
1235 804 1278 830 διὰ
1289 804 1390 830 τούτων
1402 803 1476 839 αὐτῷ
1488 805 1693 840 προσμαρτυρεῖ
1710 804 1759 839 τὴν
1774 813 1835 830 σειν-

208 861 270 881 csse
288 853 432 879 Dominum
446 850 548 886 passim
563 850 591 877 in
611 849 670 877 suis
683 848 793 882 scriptis
808 848 860 874 iste
873 847 993 880 scriptor

1054 849 1151 883 ἱφειαν.
1177 849 1208 876 Et
1224 849 1278 884 γὰρ
1295 849 1333 884 μὴ
1349 849 1392 875 διὰ
1409 850 1576 884 γεννήσεως,
1596 850 1664 884 μήτε
1684 849 1729 876 διὰ
1751 852 1835 876 κατα-

210 903 349 927 astruens.
383 897 454 933 Ergo
470 904 518 932 per
533 903 593 931 qua:
610 903 624 921 a
648 895 737 922 Patris
757 893 876 921 essentia
899 891 991 919 Domi-

209 952 273 972 num
291 944 404 975 alienat,
428 950 476 977 per
493 942 550 968 haec
567 941 620 975 ipsi
642 939 833 967 eoluerentiam
847 938 906 964 sive
925 944 993 964 con-

209 990 353 1017 nexiouem
366 987 502 1015 attribuit.
518 986 547 1013 Si
561 987 635 1013 enim
656 992 745 1019 neque
767 991 815 1018 per
840 983 995 1018 generatio-

208 1044 281 1067 nem,
307 1042 396 1069 neque
415 1041 463 1068 per
480 1033 549 1059 artis
575 1031 784 1058 fabricationem
804 1030 882 1063 juxta
908 1027 992 1062 hujus

210 1079 342 1106 rationem
359 1077 486 1105 essentia
502 1076 639 1111 separatio
649 1074 828 1109 conspicitur.
845 1072 918 1107 quod
932 1073 996 1106 qui-

209 1123 271 1150 dem
287 1123 311 1150 si
323 1122 428 1150 dederit
442 1129 515 1152 esse,
540 1120 683 1148 Dominum
711 1120 768 1146 sive
792 1122 912 1145 creatum
940 1118 997 1144 sive

209 1175 356 1203 gennema,
387 1168 414 1194 id
448 1171 490 1194 est
534 1164 828 1201 progenicm,dixerit,
855 1170 902 1197 per
917 1162 998 1188 ambo

1048 893 1148 928 σκευῆς
1162 893 1232 920 κατὰ
1247 893 1292 920 τὸν
1302 892 1398 919 τούτου
1412 893 1489 927 λόγον
1501 895 1515 920 ό
1528 894 1578 928 τῆς
1591 894 1684 926 οὐσίας
1694 894 1835 929 χωρισμὸς

1047 939 1210 974 καθορᾶται·
1224 939 1293 974 ὅπερ
1307 938 1339 965 ἂν
1348 939 1386 974 δῴ
1399 937 1468 966 εἶναι
1477 939 1521 966 τὸν
1531 940 1643 975 Κύριον,
1657 941 1711 966 εἴτε
1727 941 1836 966 amat?”

1047 985 1103 1012 εἴτε
1115 985 1247 1020 γέννημα,
1261 985 1294 1011 δι’
1307 987 1408 1021 ἀμφοῖν
1416 987 1446 1013 τὸ
1460 987 1519 1013 κατ’
1533 987 1627 1013 οὐσίαν
1635 988 1735 1013 οίκεῐον
1751 995 1835 1022 προσ-

1048 1029 1246 1064 εμαρτύρησεν,
1263 1031 1276 1056 ὁ
1290 1031 1318 1056 ὲν
1331 1030 1371 1065 τῷ
1390 1031 1509 1058 ποιοῦντι
1525 1030 1573 1058 καὶ
1595 1032 1744 1066 πάσχοντι,
1775 1040 1836 1065 γεν-

1050 1074 1130 1100 νῶντι
1155 1075 1201 1101 καὶ
1212 1075 1393 1110 γεννωμένῳ,
1415 1075 1465 1111 τὴν
1487 1077 1536 1111 τῆς
1563 1076 1669 1110 φύσεως
1694 1077 1836 1103 κοινωνίαν

1050 1118 1256 1153 τεχνολογήσας.
1287 1119 1360 1146 Αλλὰ
1377 1120 1444 1156 πρὸς
1455 1121 1486 1147 τὸ
1500 1121 1597 1156 ὲιρεξῆς
1615 1120 1662 1148 τοῦ
1679 1121 1759 1154 λόγου
1775 1129 1836 1155 τρε-

1053 1164 1178 1198 πὼμεθα.

210 1214 283 1249 quod
301 1218 343 1241 est
367 1213 517 1241 secundum
541 1211 689 1239 essentiam
714 1209 851 1245 proprium
878 1212 993 1235 testatus
1013 1213 1065 1240 est.
1103 1210 1149 1244 qui
1183 1211 1210 1237 in
1230 1216 1326 1245 agente
1347 1216 1373 1238 et
1388 1212 1518 1246 patiente,
1545 1212 1572 1239 in
1593 1216 1741 1247 generante
1758 1215 1784 1239 et
1805 1219 1836 1238 eo

210 1260 257 1294 qui
275 1259 408 1294 gignitur,
425 1264 529 1285 naturm
541 1257 763 1284 communionem
789 1260 847 1282 arte
887 1262 936 1282 sua
956 1255 1079 1283 tradidit.
1098 1257 1150 1284 Sed
1186 1258 1219 1284 ad
1249 1257 1274 1284 id
1305 1259 1377 1292 quod
1405 1258 1534 1293 deinceps
1554 1259 1679 1293 sequitur
1712 1259 1739 1285 in
1777 1258 1837 1292 ejus

211 1305 335 1332 oratione
349 1311 504 1339 pergamus.

246 1350 344 1379 Oralos
369 1351 447 1377 velim
464 1350 579 1377 lectores
597 1357 650 1376 non
669 1356 740 1384 aegre
766 1348 836 1376 ferre
855 1349 998 1375 examina-

213 1396 297 1423 tionis
314 1396 520 1427 sublimitatem,
543 1403 604 1430 quae
623 1395 650 1421 in
664 1394 835 1421 immodicam
853 1395 999 1429 prolixitu-

213 1441 304 1468 dinem
329 1449 382 1467 non
401 1445 498 1475 sponte
518 1447 672 1468 sermonem
689 1440 832 1474 protrahit.
851 1439 910 1466 Non
926 1441 998 1467 enim

213 1487 248 1514 de
267 1486 434 1521 quibuslibet
454 1486 667 1521 perieulumest,
681 1488 710 1511 ut
727 1485 748 1512 si
766 1484 834 1512 forte
849 1485 914 1519 quid
930 1493 998 1520 prae-

215 1532 415 1560 termiserimus
427 1539 522 1558 eorum
538 1538 598 1565 qua:
610 1530 780 1557 accuratiore
795 1530 918 1565 indigent
936 1538 1002 1558 eon-

215 1577 462 1612 templationedeve
471 1576 600 1602 damnum
611 1575 753 1611 faciamus,
763 1576 810 1603 sed
819 1576 852 1603 de.
865 1577 922 1610 spei
933 1583 1004 1603 sum-

216 1629 259 1649 ma
275 1621 470 1656 periclitamur.
496 1620 663 1655 Proponitur
675 1622 747 1647 enim
761 1621 800 1648 vei
814 1625 842 1648 ut
856 1621 1004 1648 Christiani

215 1667 314 1697 simus.
335 1674 389 1693 non
406 1667 440 1692 ab
467 1665 595 1693 haeretica
611 1666 732 1700 pernicie
754 1666 872 1700 perversi
889 1676 895 1693 :
911 1667 952 1693 vel
976 1671 1005 1692 ut

217 1712 328 1740 omnino
341 1712 374 1739 ad
389 1711 518 1738 Judaicas
529 1712 569 1738 vel
586 1711 700 1746 gentiles
727 1712 870 1746 opiniones
900 1716 1005 1746 pertra-

219 1758 316 1784 hamur
338 1767 344 1784 :
363 1761 391 1785 ιιι
407 1758 489 1792 igitur
505 1758 584 1784 nobis
599 1762 726 1784 neutrum
740 1758 836 1785 horum
853 1758 1004 1794 contingat,

220 1811 253 1830 ne
267 1810 314 1837 per
328 1802 537 1837 abnrgationem
556 1802 616 1829 Filii
643 1810 704 1829 rere
719 1804 803 1837 geniti
819 1803 940 1831 .ludaicis
957 1804 1007 1830 do-

219 1848 354 1875 cumentis
385 1848 622 1879 circumferamur,
636 1856 724 1883 neque
757 1856 803 1882 per
819 1849 1005 1877 adorationem

219 1897 351 1921 creatura:
381 1893 529 1920 exbibitam
556 1893 582 1920 in
603 1894 780 1928 praecipitium
808 1894 950 1928 gentilium
967 1895 1007 1921 si-

219 1939 348 1967 mulacris
378 1939 557 1966 servientium
593 1947 772 1972 corruamus;
791 1940 951 1968 necessario
979 1940 1006 1967 iu

219 1984 404 2019 disputatione
417 1992 448 2012 ea
463 1983 496 2011 de
513 1992 541 2012 re
555 1989 682 2019 suscepta
698 1985 916 2016 immorabimur,
935 1985 1008 2019 posi-

219 2030 255 2058 tis
271 2029 395 2057 Eunomii
421 2031 522 2061 verbis.
550 2038 611 2065 qua:
633 2030 673 2058 sic
700 2030 827 2057 habent:
860 2030 911 2057 "is
922 2031 1009 2065 itaque

220 2075 257 2101 sic
271 2074 374 2107 divisis,
405 2076 499 2102 merito
524 2076 655 2110 quispiam
681 2075 779 2102 dixerit
812 2075 1008 2109 principalissi-

221 2128 291 2146 utam
306 2125 330 2147 et
346 2121 459 2154 primani
484 2126 508 2148 et
523 2121 608 2147 solum
623 2125 686 2147 actu
701 2120 793 2148 Patris
821 2121 1008 2148 subsistentem

1088 1347 1278 1382 Ιῐαραιτηῦμαι
1293 1347 1320 1374 δὲ
1337 1349 1399 1379 τοὺς
1417 1349 1628 1383 ἐντυγχάνοντας
1645 1349 1681 1384 μὴ
1696 1349 1837 1385 δυσχεραί-

1052 1402 1108 1419 νειν
1126 1394 1159 1428 τῇ
1176 1393 1303 1428 ἀκριϐείᾳ.
1326 1394 1375 1428 τῆς
1399 1393 1562 1426 ἐξετάσεως,
1583 1395 1622 1426 είς
1639 1395 1740 1430 πλῆθος
1756 1396 1837 1422 ἀκοί-

1053 1447 1109 1465 σιον
1124 1438 1316 1473 προσαγούσης
1329 1438 1374 1464 τὸν
1399 1439 1486 1472 λόγον.
1503 1440 1540 1466 οὐ
1560 1440 1614 1474 γὰρ
1639 1441 1703 1474 περὶ
1718 1441 1774 1467 τῶν
1792 1449 1840 1467 τυ-

1053 1484 1152 1518 χόντων
1171 1484 1185 1509 ὁ
1202 1483 1332 1516 κίνδυνος,
1348 1483 1419 1509 ὥστε
1443 1492 1469 1510 τι
1486 1484 1713 1520 παραδραμόντας
1726 1486 1782 1512 τῶν
1798 1495 1840 1520 φι-

1053 1529 1240 1564 λοπονωτέρας
1263 1528 1399 1564 δεομένων
1417 1529 1469 1563 τῆς
1486 1530 1601 1565 θεωρίας
1614 1551 1620 1561 ,
1641 1532 1670 1557 ὲν
1689 1531 1772 1566 ὀλίγῳ
1792 1532 1840 1566 τὴν

1054 1574 1155 1609 ζημίαν
1175 1574 1281 1606 παθεῖν,
1299 1575 1357 1601 ἀλλ’
1372 1575 1447 1609 αὺτῷ
1463 1575 1503 1608 τῷ
1516 1576 1654 1611 κεφαλαίῳ
1674 1578 1723 1612 τῆς
1736 1577 1840 1609 ἐλπίδος

1055 1620 1285 1656 ὲγκινδυνεύομεν.
1305 1620 1450 1656 Πρόκειται
1465 1621 1520 1656 γὰρ
1535 1622 1552 1656 ἢ
1569 1622 1749 1657 Χριστιανοὺς
1761 1621 1840 1654 εἶναι,

1056 1667 1094 1701 μὴ
1118 1666 1335 1702 παρενεχθέντας
1351 1666 1403 1692 ὑπὸ
1424 1667 1474 1701 τῆς
1489 1667 1632 1702 αἰρετικῆς
1652 1668 1805 1699 ἀπωλείας·
1824 1669 1841 1703 ἢ

1055 1713 1162 1744 πάντως
1175 1712 1228 1748 πρὸ
1252 1712 1400 1744 Ἰουδαϊκάς
1411 1720 1440 1738 τε
1453 1713 1498 1738 καὶ
1519 1712 1679 1747 Ἑλληνικὰς
1693 1713 1842 1749 ὑπολήψεις

1056 1757 1250 1792 κατασυρῆναι.
1273 1757 1323 1788 ’Ὡς
1337 1757 1370 1784 ἂν
1392 1755 1438 1784 οὖν
1458 1757 1604 1792 μηδέτερον
1631 1757 1765 1792 πάθοιμεν
1787 1759 1842 1784 τὼν

1056 1803 1258 1838 ἀπειρημένων,
1288 1803 1356 1838 μήτε
1378 1803 1421 1829 διὰ
1439 1803 1489 1837 τῆς
1509 1803 1650 1838 ἀρνήσεως
1672 1803 1718 1829 τοῦ
1736 1803 1843 1838 ἀληθῶς

1056 1848 1230 1883 γεννηθέντος
1250 1847 1326 1879 Tim"),
1345 1849 1402 1878 τοῖς
1423 1848 1577 1879 Ἰουδαϊκοῖς
1596 1848 1714 1884 δόγμασι
1739 1857 1842 1884 συμφε-

1058 1894 1176 1929 ρόμενοι,
1194 1895 1262 1929 μήτε
1278 1893 1322 1920 διὰ
1346 1894 1395 1928 τῆς
1407 1894 1455 1920 τοῦ
1472 1893 1619 1929 κτίσματος
1634 1896 1843 1930 προσκυνήσεως

1057 1940 1095 1974 τῷ
1108 1939 1235 1974 πτώματι
1249 1939 1303 1965 τῶν
1323 1939 1588 1976 είδωλολατρούντων
1610 1941 1845 1974 συγκαταπίπτον-

1057 1992 1112 2015 τες,
1124 1983 1279 2018 ἀναγκαίως
1288 1984 1516 2019 προδιατρίψομεν
1526 1984 1565 2019 τῷ
1575 1985 1638 2019 περὶ
1647 1985 1750 2012 τούτων
1763 1986 1843 2021 λόγῳ,

1035 2066 1038 2067 ν
1058 2029 1154 2061 θέντες.
1164 2029 1247 2064 αὐτὴν
1259 2029 1305 2056 τοῦ
1320 2030 1451 2065 Εὖνομίηυ
1467 2030 1517 2065 τὴν
1532 2031 1610 2065 ῥῆσιν
1623 2030 1738 2065 ἔχουσαν
1749 2032 1842 2062 οὕτως·

1060 2076 1141 2101 Οὕτω
1159 2075 1193 2101 δὲ
1214 2076 1327 2102 τούτων
1345 2075 1544 2110 διῃρημένων,
1563 2077 1683 2109 εἰκότως
1705 2073 1779 2111 φαίη
1802 2087 1845 2110 τις

1058 2120 1097 2147 ἂν
1111 2120 1169 2154 τὴν
1183 2120 1367 2154 κυριωτάτην
1382 2121 1429 2147 καί
1442 2120 1561 2154 πρώτην
1573 2121 1622 2147 καί
1636 2123 1746 2156 μόνην,
1764 2123 1845 2156 ιιι-ερ-

220 2166 363 2192 esscntiam
381 2167 408 2192 in
423 2167 535 2200 seipsnm
551 2167 665 2201 recipere
679 2168 840 2201 gennematis
855 2167 913 2194 sive
932 2168 1000 2202 geni-

1059 2165 1122 2198 γειᾳ
1138 2165 1191 2191 τοῦ
1207 2165 1321 2199 Πατρύς
1342 2165 1521 2193 ὑποστᾶσαν
1542 2167 1662 2200 οὐσίαν,
1678 2169 1721 2200 εἰς
1736 2169 1845 2202 ἑαυτὴν

222 2214 290 2237 tura:
307 2215 332 2237 et
353 2211 465 2245 factum
479 2216 503 2237 et
520 2216 649 2238 creatura:
665 2211 863 2246 appellationes.
879 2213 912 2240 Et
931 2214 1010 2248 paulo

223 2260 295 2290 post,
330 2255 408 2282 Solus
437 2261 525 2283 autent
553 2256 650 2289 Filius,
672 2257 724 2289 ait,
752 2257 843 2284 Patris
867 2263 929 2285 actu
949 2267 1011 2286 con-

221 2301 316 2327 sistens
346 2301 618 2329 incommunicabilem
646 2302 724 2330 habet
749 2307 889 2335 naturam,
906 2309 931 2331 et
950 2313 1010 2331 cum

222 2355 251 2374 eo
267 2348 312 2381 qui
327 2349 414 2381 genuit
432 2348 596 2375 relationem.
621 2348 653 2374 Et
665 2349 691 2374 in
706 2349 921 2383 prmcedentibus
937 2359 943 2376 :
961 2350 1011 2377 Ge-

222 2393 306 2419 nitum
314 2401 446 2427 gennemai
453 2392 510 2420 sive
516 2393 674 2429 genituram,
682 2394 767 2420 dicere
776 2403 826 2421 non
836 2395 1011 2422 recusandum

221 2445 277 2463 esse
295 2438 392 2472 inquit,
411 2446 469 2464 cum
492 2439 604 2466 essentia
623 2439 681 2473 ipsa
697 2440 785 2474 genita
802 2444 827 2467 et
842 2439 906 2466 Filii
923 2441 1011 2475 appel—

223 2483 288 2509 latio
305 2484 383 2510 talem
399 2485 533 2511 ncminnm
551 2485 718 2519 a/fectionem
736 2485 786 2512 sibi
806 2487 931 2519 vindicet,
951 2494 1011 2520 pro-

221 2530 355 2564 priamque
384 2530 486 2556 reddat.

257 2622 323 2648 Cum
345 2622 427 2656 igitur
450 2627 503 2647 tam
521 2626 612 2656 aperta
637 2627 663 2648 et
683 2622 756 2648 clara
772 2621 807 2648 sit
825 2622 851 2648 in
875 2622 917 2650 his
931 2622 1012 2650 dictis

223 2666 419 2701 repugnantia.
443 2666 524 2700 hujus
554 2666 688 2700 dogmatis
717 2666 888 2693 laudatorum
919 2667 1010 2694 soler—

222 2705 287 2736 tirim
319 2715 345 2737 et
381 2711 559 2738 subtilitatem
592 2710 665 2737 subit
698 2711 838 2738 admirari.
877 2710 1011 2747 Incertqu

222 2755 294 2780 enim
323 2755 404 2782 fuerit
432 2756 465 2782 ad
493 2755 566 2790 quod
592 2764 686 2784 eorum
714 2764 774 2790 quae
800 2756 834 2783 ab
860 2756 920 2791 ipso
949 2762 1013 2784 sunt

223 2799 294 2828 dicta
322 2800 390 2828 versi
416 2808 468 2827 non
493 2801 519 2827 in
540 2798 672 2835 retiquum
699 2806 821 2837 peccent.
850 2801 928 2829 l‘rior
953 2811 1009 2830 ser-

1060 2209 1202 2244 δέχεσοαι
1216 2211 1267 2243 τὰς
1285 2211 1339 2237 τοῦ
1353 2211 1536 2246 γεννήματος
1551 2213 1598 2238 καὶ
1618 2213 1785 2247 ποιήματος
1799 2215 1845 2240 καί

1061 2256 1224 2290 κτίσματος
1245 2258 1455 2292 προσηγορίας.
1476 2258 1530 2284 Καὶ
1551 2259 1611 2293 μετ’
1630 2259 1727 2293 ὀλίγα,
1751 2262 1846 2293 Maro;-

1061 2301 1095 2327 δὲ
1109 2303 1125 2329 ό
1145 2302 1219 2335 Υἱὸς,
1235 2303 1328 2338 φησὶν,
1341 2303 1377 2337 τῇ
1392 2304 1444 2330 τοῦ
1459 2304 1572 2337 Πατρὸς
1585 2304 1715 2338 ἐνεργείᾳ
1730 2306 1846 2338 συστὰς

1061 2347 1264 2382 ἀκοινώνητον
1273 2348 1336 2382 ἔχει
1350 2349 1407 2384 τήν
1415 2357 1446 2375 τε
1459 2349 1564 2383 φύσιν,
1574 2350 1622 2376 καὶ
1639 2349 1696 2383 τὴν
1709 2352 1785 2384 πρὸς
1796 2352 1847 2378 τὸν

1062 2394 1262 2427 γεγεννηκότα
1277 2393 1398 2428 σχέσιν.
1422 2395 1467 2422 Ἑν
1484 2394 1511 2420 δὲ
1524 2396 1580 2426 τοῖς
1598 2395 1651 2430 πρὸ
1664 2396 1778 2423 τούτοιν
1795 2397 1847 2424 Τὸν

1061 2438 1207 2473 γεννητὸν
1223 2438 1356 2474 γέννημα
1369 2439 1469 2475 λέγειν
1479 2440 1522 2475 μὴ
1541 2441 1747 2474 παραιτεῖσθαι
1787 2441 1857 2475 φησὶ,

1062 2486 1117 2519 τῆς
1128 2486 1324 2520 γεννηθεισης
1340 2485 1435 2520 αὐτῆς
1457 2486 1566 2519 οὐσίας
1580 2487 1627 2513 καὶ
1643 2486 1698 2520 τῆς
1713 2487 1770 2514 τοῦ
1782 2487 1848 2514 Υιοῦ

1062 2532 1264 2565 προσηγορίας
1278 2531 1335 2565 τὴν
1342 2533 1483 2566 τοιαύτην
1493 2532 1552 2558 τῶν
1562 2533 1714 2567 ὀνομάτων
1725 2534 1847 2560 οἰκειου-

1059 2575 1157 2610 μένης
1168 2575 1288 2610 σχέσιν.

1098 2620 1177 2647 Οὖτω
1196 2621 1284 2647 τοίνυν
1304 2612 1438 2656 προδῆλου
1452 2621 1501 2656 τῆς
1517 2622 1546 2648 ὲν
1561 2623 1616 2653 τοῖς
1637 2622 1792 2657 εἰρημένοις
1803 2621 1847 2648 οὗ·

1064 2674 1113 2700 σης
1126 2667 1322 2702 ἐναντιότητος,
1335 2666 1483 2701 θαυμάζειν
1497 2666 1584 2693 ἔπεισί
1597 2676 1641 2702 μοι
1654 2668 1704 2702 τῆς
1712 2667 1847 2702 ἀγχινοίας

1063 2712 1125 2742 τοὺς
1143 2711 1290 2741 ὲπαινετὰς
1315 2711 1410 2738 τούτου
1428 2712 1474 2738 τοῦ
1496 2712 1641 2747 δόγματος.
1658 2713 1776 2749 Ἀπορον
1796 2712 1847 2747 γὰρ

1064 2757 1097 2784 ἂν
1111 2756 1156 2792 εἴη
1169 2757 1237 2792 πρὸς
1248 2758 1262 2783 ὃ
1272 2765 1297 2783 τι
1307 2757 1360 2783 τῶν
1379 2758 1532 2793 εἰρημένων
1549 2759 1619 2793 παρ’
1631 2758 1714 2785 αὐτοῦ
1731 2758 1845 2794 τραπέν-

1064 2811 1118 2834 τες,
1135 2802 1184 2829 οὐκ
1198 2800 1229 2827 ἓν
1247 2802 1430 2838 πλημμελοῖεν
1444 2804 1484 2836 εἰς
1500 2804 1530 2830 τὸ
1548 2803 1716 2839 λειπόμενον.
1740 2804 1768 2830 '0
1783 2802 1846 2838 πρό-
