1920 3073
61 112 124 140 ’ϐίῢ

629 110 769 138 CONTRA
787 108 983 142 EUNUMIUM,
1004 109 1067 136 LIB.
1091 109 1124 137 ιν

1649 111 1699 139 646

63 179 148 207 τερος
163 170 346 203 κατεσκεύαζε
360 170 437 204 λόγος
448 168 537 204 αὐτῷ,
551 169 600 204 τὴν
615 168 789 204 γεννηθεῖσαν
812 168 858 195 καὶ

912 175 956 194 mo
976 167 1001 196 ei
1017 168 1166 199 astruebat.
1180 170 1299 204 genitam
1321 170 1468 197 essentiam
1495 175 1521 198 et
1541 170 1588 197 ﬁlii
1609 172 1700 207 appel-

66 217 118 252 τὴν
129 215 178 244 τοῦ
187 215 253 242 Υιοῦ
267 214 449 250 προσηγορίαν
458 213 507 249 τὴν
517 212 644 249 τοιαύτην
654 213 708 240 τῶν
719 213 857 248 ὀνομάτων

66 260 236 288 οἰκειοῦσθαι
270 260 377 295 σχέσιν·
400 260 417 295 ἡ
437 258 484 285 νῦν
507 258 663 293 τεχνολογία
682 258 712 284 τὺ
737 258 857 284 ἐναντίον

69 307 163 341 φησὶν,
185 306 395 339 Ἀκοινώνητον
405 305 487 340 ἔχειν
499 305 552 331 τὸν
566 304 637 331 Υἱὸν
646 304 703 337 τὴν
718 304 792 337 πρὸς
801 303 856 330 τὸν

68 352 274 387 γεγεννηκότα
288 351 410 386 σχέσιν.
418 351 480 378 Ἐὰν
492 350 529 385 τῷ
546 350 647 386 πρώτῳ
664 349 856 381 πιστεύσωσιν,

67 399 100 425 οὺ
112 397 310 433 παραδέξονται
321 397 429 429 πάντως
439 396 469 422 τδ
479 395 604 431 δεύτερον
616 404 622 412 ·
638 395 687 421 ἐὰν
698 395 766 430 πρὸς
780 395 858 422 τοῦτο

69 443 184 478 ρέψωσι,
201 441 272 468 κατὰ
286 442 334 476 τῆς
348 440 457 477 πρώτης
473 440 631 476 ὑπολήψεως
646 440 798 475 στήσονται.
809 439 857 471 Τίς

67 489 162 520 αὐτοῖς
176 487 297 514 διαλύσει
311 488 360 522 τὴν
377 486 485 522 utimr;
510 486 559 517 Τίς
576 485 732 521 μεσιτεύσει
748 485 787 520 τῷ
805 486 857 520 ὲμ-

68 534 155 570 φυλίῳ
173 533 284 568 πολέμῳ
292 542 303 565 .;
316 533 364 565 Τίς
376 532 538 567 συμὸιῦάσει
551 532 618 566 πρὸς
634 531 792 566 συμφωνίαν
807 531 857 566 τὴν

67 580 182 613 στάσιν;
201 579 285 615 αὐτῆς
297 579 348 614 τῆς
371 579 453 613 εὐχῆς
470 578 538 612 πρὸς
556 578 655 612 ἑαυτὴν
669 578 701 604 ὲκ
715 577 768 603 τῶν
781 576 857 611 λεγο-

69 626 159 660 μένων
177 625 372 660 μεριζομένης,
389 624 436 651 καὶ
458 622 526 659 πρδς
539 624 590 658 τὴν
605 624 780 659 ἐναντιότητα
803 623 857 650 τῶν

66 669 211 704 δογμάτων
233 668 423 703 διελκομένων.
448 668 484 694 Ἢ
510 667 590 694 τοῦτο
609 668 659 703 τῆς
686 668 857 704 προφητείας

61 714 126 740 ἐστὶ
149 714 221 748 τάχα
242 714 375 748 αἴνιγμα,
390 713 404 740 ὃ
422 714 485 748 περὶ
507 714 561 740 τῶν
584 713 717 740 Ἰουδαίων
741 713 824 749 φησὶν
843 715 857 740 ὁ

67 757 171 785 Δαϐίδ·
196 759 236 785 ὅτι
257 759 481 793 Διεσχίσθησαν
502 759 551 786 καὶ
576 760 612 786 οὑ
634 759 855 794 κατενύγησαν.

73 804 139 830 Ἰδοὺ
154 803 210 840 γὰρ
225 804 286 830 οὐδὲ
301 804 369 840 πρὸς
393 804 443 839 τὴν
458 804 615 832 ἐναντίωσιν
640 805 694 831 τῶν
714 805 857 840 δογμάτων

910 213 1037 241 lationem
1067 213 1148 241 talem
1173 216 1314 245 nominum
1335 217 1386 243 sibi
1407 217 1542 244 asciscere
1563 223 1590 244 et
1613 218 1699 245 vlndi-

910 266 973 286 care
986 259 1157 292 relationem,
1171 265 1198 287 at
1218 268 1338 295 praesens
1355 262 1414 296 ejus
1428 263 1576 290 artificiosa
1595 263 1698 291 disser-

910 304 979 331 tatio
995 305 1162 332 contrarium
1180 313 1251 332 nunc
1274 307 1373 334 asserit
1400 304 1696 334 :Iucommuuicabilem

910 349 998 384 inquit
1027 349 1122 377 Filium
1144 350 1238 378 habere
1256 360 1314 378 cum
1332 360 1362 379 eo
1379 351 1423 386 qui
1437 353 1522 386 ipsum
1539 353 1626 387 genuit
1654 361 1697 379 rc-

910 395 1044 424 lationem.
1074 395 1103 423 Si
1132 397 1219 431 primo
1237 396 1316 423 fidem
1345 397 1453 429 habent,
1482 397 1555 424 nullo
1584 405 1698 432 prorsus

910 441 992 467 modo
1011 441 1161 468 secundum
1191 440 1355 473 admittent;
1382 441 1404 468 si
1433 441 1466 468 ad
1496 442 1547 468 hoc
1574 447 1697 477 vergant,

910 486 1041 514 adversus
1059 487 1173 521 primam
1206 486 1361 522 opinionem
1393 487 1514 515 stabunt.
1548 487 1615 521 Quis
1632 488 1699 523 ipsis

910 540 1028 567 pugnam
1056 533 1184 560 dirimet?
1200 532 1267 566 Quis
1284 533 1354 560 bello
1378 534 1449 560 civili
1463 534 1566 561 tnedius
1582 534 1699 562 interve-

910 576 986 604 niet?
1002 577 1063 612 quis
1081 577 1244 605 seditionem
1262 578 1294 605 ad
1318 577 1492 605 concordiam
1509 579 1584 605 coire
1598 571 1698 612 faciet,

909 630 972 650 cum
993 623 1044 650 hoc
1061 627 1155 650 votum
1172 623 1206 650 ad
1223 624 1343 658 seipsum
1362 632 1394 651 ex
1412 625 1495 651 dictis
1508 625 1546 652 sit
1565 625 1697 658 divisum,

910 667 938 696 ct
953 669 980 696 in
998 670 1165 696 contrarium
1188 670 1316 704 dogmata
1340 671 1395 698 sint
1415 671 1564 709 distracta?
1588 672 1628 698 An
1648 672 1699 700 hoc

910 713 1060 748 prophetiae
1076 713 1192 741 fortasse
1205 717 1247 741 est
1264 715 1388 749 aenigma,
1406 715 1477 750 quod
1497 716 1531 743 de
1541 715 1642 744 Iudaeis
1659 717 1699 743 in-

910 757 968 792 quit
990 757 1090 791 David,
1108 758 1179 793 quod
1194 758 1278 786 Divisi
1295 760 1355 786 su'nt
1375 764 1399 786 et
1430 769 1481 786 non
1503 760 1699 795 compunctt‘"‘.

910 802 980 831 Ecce
1002 804 1074 831 enim
1090 812 1179 839 neque
1201 804 1235 832 ad
1247 805 1405 840 dogmatum
1422 807 1642 834 contrarietatem
1659 806 1698 834 di-

65 848 267 884 διασχιζόμενοι
297 849 347 884 τὴν
377 849 425 875 τοῦ
455 849 691 885 πλημμελήματος
727 850 855 884 αἴσθησιν

912 850 998 882 scissi,
1011 850 1054 877 sui
1066 850 1170 878 erroris
1182 858 1292 878 sensum
1301 851 1417 884 habent;
1437 852 1485 879 sed
1506 853 1698 887 amphorarum

66 894 185 929 ἔχουσιν.
221 894 299 921 Ἀλλὰ
322 895 450 930 φέρονται
471 895 516 922 διὰ
537 895 592 922 τῶν
609 895 704 928 ὤτων,
726 895 857 931 ἀμφορῶν

60 940 147 974 δίκην
167 940 237 975 πρὸς
249 939 279 966 τὸ
295 940 390 967 δοκοῦν
406 940 445 976 τῷ
467 941 637 975 μετατιθέντι
653 941 856 976 περιαγόμενοι.

69 986 206 1020 Ἤρεσκεν
232 985 306 1020 αὐτῷ
328 985 377 1020 τὴν
403 975 578 1021 γεννηθεῖσαν
598 987 690 1013 οὐσίαν
712 987 858 1022 προσφυῶς

65 1030 116 1065 τὴν
129 1029 176 1056 τοῦ
189 1030 255 1056 Υίοῦ
272 1032 457 1066 προσηγορίαν
476 1032 548 1066 ἔχειν
563 1033 660 1064 εἰπεῖν,
684 1033 764 1064 εὐθὺς
790 1032 858 1060 καθ-

67 1076 141 1110 άπερ
150 1076 175 1101 οἱ
190 1075 365 1107 νυστάζοντες
379 1077 435 1107 τοῖς
447 1078 601 1113 εἰρημένοις
618 1078 765 1105 ἐπένευσαν
774 1087 781 1094 θ
795 1087 857 1113 μετ-

66 1120 148 1147 έῡετο
180 1120 262 1147 πάλιν
276 1121 344 1155 πρὸς
363 1121 518 1149 τούναντίον
529 1123 574 1149 τὸν
592 1123 670 1157 λόγον
683 1132 689 1139 ·
706 1124 752 1150 καὶ
769 1124 859 1160 ἀρνεῖ-

66 1175 113 1193 ται
129 1166 177 1192 τοῦ
194 1166 260 1193 Υἱοῦ
275 1167 324 1201 τὴν
342 1166 409 1202 πρὸς
426 1167 471 1193 τὸν
486 1169 670 1203 γεγεννηκότα
683 1169 790 1204 σχέσιν·
805 1169 858 1196 πά-

67 1211 110 1237 λιν
136 1212 161 1237 οἱ
189 1211 313 1246 φίλτατοι
336 1212 382 1238 καὶ
396 1211 483 1247 τούτῳ
509 1213 698 1246 συννεύουσιν,
721 1214 814 1249 ὥσπερ
830 1215 858 1241 al

65 1258 122 1284 τῶν
135 1258 270 1293 σωμάτων
287 1257 378 1290 σκιαὶ,
395 1259 427 1293 τῇ
441 1259 588 1294 αὐτομάτῳ
603 1260 719 1296 μιμήσει
732 1260 800 1296 πρὸς
809 1261 859 1296 τὴν

65 1303 113 1329 τοῦ
127 1303 292 1338 προάγοντος
304 1305 643 1339 συμμεταοχηματίζονται
653 1305 770 1342 κίνησιν,
792 1305 859 1341 ὁπη-

68 1358 123 1384 περ
140 1349 173 1376 ἂν
186 1349 263 1385 ἐθέλῃ
287 1350 355 1385 προς
371 1349 449 1376 τοῦτο
463 1349 601 1386 ῥέποντες.
622 1350 673 1377 κᾶν
697 1350 787 1385 ἑαυτῷ
806 1350 858 1385 μά-

68 1403 163 1429 χηται,
182 1395 230 1422 καὶ
250 1394 328 1421 τοῦτο
352 1395 569 1430 καταδεχόμενοι.
599 1396 695 1428 Ἄλλος
717 1405 759 1428 τις
779 1393 858 1428 οὗτος

75 1441 227 1477 Ὁμηρικὸς
246 1441 367 1473 κυκεὼν,
384 1441 414 1468 οὑ
429 1441 462 1468 τὰ
477 1441 590 1477 σώματα
605 1442 658 1469 τῶν
681 1451 860 1477 φαρμακευθ-

70 1487 161 1522 μένων
176 1486 317 1514 ἀλλάσσων
331 1488 371 1518 είς
384 1487 489 1521 ἀλόγων
504 1487 623 1522 μορςςὰς,
639 1487 708 1514 ἀλλὰ
720 1487 790 1514 κατὰ
805 1487 860 1514 τῶν

68 1533 166 1569 ψυχῶν
180 1534 299 1569 ἐνεργῶν
314 1534 362 1570 τὴν
383 1534 428 1561 ἐπὶ
446 1534 477 1560 τὺ
491 1534 587 1568 ἄλογον
612 1534 700 1561 αὐτῶν
723 1533 859 1569 μεταμορ-

69 1588 170 1614 φωσιν.
188 1579 256 1614 Περὶ
272 1579 321 1614 μὲν
332 1579 386 1615 γὰρ
399 1580 512 1606 ἐκείνων
526 1580 540 1606 ὁ
554 1580 631 1614 λόγος
649 1580 742 1615 φησὶν,
759 1581 799 1606 ὅτι
816 1580 860 1615 βέ-

69 1626 150 1656 Sate;
176 1625 265 1652 αὐτῶν
288 1626 301 1652 ὁ
327 1625 388 1658 νοῦς
407 1624 453 1661 ἦν,
471 1625 661 1657 ἀλλοιωῦέντος
683 1625 751 1660 πρὸς
767 1625 797 1652 τὺ
813 1625 862 1661 θη-

73 1671 171 1706 ριῶδες
182 1671 228 1697 τοῦ
241 1671 338 1702 εἴδους.
360 1670 491 1698 Ἐνταῦθα
504 1671 531 1697 δὲ
546 1670 599 1697 τῶν
619 1671 757 1706 σωμάτων
771 1671 862 1704 αὐτοῖς

72 1717 104 1743 ὲν
115 1716 154 1752 τῷ
165 1716 235 1743 κατὰ
247 1716 327 1751 φύσιν
339 1716 528 1752 διαμενόντων,
544 1717 611 1752 πρὸς
622 1717 652 1743 τὺ
664 1716 759 1751 ἄλογον
770 1717 798 1744 αἱ
815 1717 863 1752 ψυ-

70 1762 121 1797 χαὶ
139 1762 387 1797 μεταπλᾶσσονται.
403 1761 459 1789 Καὶ
471 1761 566 1797 ὥσπερ
585 1762 644 1788 ἐκεῖ
657 1771 738 1797 φησιν
751 1763 768 1798 ὴ
785 1771 865 1798 ποιη-

71 1807 137 1843 τικὴ
155 1807 283 1842 τερατεία
294 1827 302 1839 ,
319 1808 358 1838 είς
373 1807 508 1842 διαφόρων
522 1807 623 1842 θηρίων
639 1807 696 1843 εἴδη
708 1808 771 1839 τοὺς
793 1816 863 1843 φαρ-

73 1852 263 1888 μακευθέντας
275 1853 467 1885 ἀλλάσσεσθαι,
478 1852 546 1879 κατὰ
558 1853 587 1879 τὸ
597 1853 713 1888 ἀρέσκον
727 1854 759 1888 τῇ
772 1861 864 1888 παραυ

74 1899 241 1935 σοφιζομένῃ
254 1899 303 1934 τὴν
315 1899 408 1933 ψύσιν·
421 1899 455 1926 τὰ
464 1899 532 1925 αὐτὰ
547 1899 595 1924 καὶ
608 1897 655 1924 νῦν
668 1898 773 1932 γίνεται
786 1900 863 1934 παρὰ

73 1945 122 1970 τοῦ
138 1944 273 1979 Κιρκαίου
291 1944 384 1970 τούτου
409 1944 555 1980 κρατῆρος.
580 1944 611 1969 Οἱ
632 1943 687 1978 γὰρ
703 1943 864 1978 ἑμπίνοντες

74 1991 129 2026 τῆς
153 1991 376 2026 γεγοητευμένης
390 1990 497 2024 ἀπάτης
509 1990 541 2016 ὲκ
555 1989 601 2015 τοῦ
619 1989 700 2016 αὐτοῦ
720 1990 863 2024 συγγράμ-

77 2044 175 2070 ματος,
189 2037 229 2067 εἰς
242 2035 375 2070 διαφόρων
390 2035 532 2070 δογμάτων
549 2034 655 2069 μορφὰς
680 2034 861 2067 ἁλλοιοῦνται,

75 2081 124 2107 νῦν
141 2081 191 2116 μὲν
206 2080 305 2116 τούτῳ,
320 2080 400 2107 πάλιν
411 2080 439 2107 δὲ
453 2080 493 2116 τῷ
504 2080 588 2116 ἑτέρῳ
602 2079 794 2115 μορφούμενοι.
811 2080 866 2106 Καὶ

77 2127 124 2153 ἐπὶ
137 2126 243 2158 τούτοις
264 2126 288 2153 oi
304 2126 466 2160 γλυκύτατοι
482 2126 552 2153 κατὰ
566 2126 615 2161 τὴν
635 2125 681 2152 τοῦ
697 2126 782 2161 μύθου
806 2125 865 2153 δια-

908 895 997 923 instar
1013 903 1061 930 per
1089 903 1170 924 aures
1196 895 1332 930 feruntur,
1361 896 1394 923 ad
1408 897 1550 924 arbitrium
1575 898 1636 932 ejus
1652 898 1699 933 qui

907 945 1080 969 transversos
1112 942 1168 977 agit
1194 942 1364 970 circumacti.
1396 942 1503 970 Placuit
1532 943 1584 978 ipsi
1607 944 1699 971 dicere

909 984 1026 1022 genitam
1044 988 1192 1015 essentiam
1215 988 1361 1022 conjuncte
1377 989 1434 1015 sive
1448 988 1556 1016 adhaese
1572 988 1632 1016 Filii
1653 997 1700 1024 ap-

908 1034 1081 1068 pellationem
1096 1034 1207 1066 habere,
1222 1041 1284 1062 mox
1297 1034 1388 1062 instar
1399 1034 1606 1062 dormitanlium
1619 1035 1700 1063 dictis

909 1084 1065 1108 annuerunt
1095 1089 1101 1107 :
1130 1081 1230 1108 iterum
1275 1080 1303 1107 in
1332 1081 1503 1108 contrarium
1544 1089 1699 1109 sermonem

908 1127 1059 1157 transtulit.
1084 1130 1111 1154 et
1126 1131 1206 1161 negat
1222 1125 1286 1154 Filii
1311 1134 1373 1154 cum
1389 1135 1422 1154 eo
1452 1127 1498 1162 qui
1515 1127 1611 1162 genuit
1630 1127 1701 1154 rela-

908 1172 1010 1199 tionem
1028 1179 1034 1198 :
1058 1170 1119 1198 huic
1149 1179 1246 1199 rursus
1268 1172 1403 1200 carissimi
1428 1172 1700 1206 condicunt,quem-

908 1215 1054 1243 admodum
1075 1222 1220 1250 corporum
1244 1216 1346 1243 umbrae
1376 1220 1526 1250 spontanee
1542 1216 1694 1242 imitatione

909 1260 943 1288 ad
967 1264 1069 1287 motum
1086 1261 1286 1295 progredientis
1300 1261 1518 1296 conﬁgurantur,
1536 1268 1700 1296 quocttnque

910 1306 1027 1334 voluerit
1041 1306 1075 1334 ad
1089 1306 1117 1333 id
1130 1314 1191 1334 sese
1208 1307 1400 1334 contrahentes
1416 1311 1443 1334 et
1456 1312 1609 1342 vergentes,
1628 1311 1701 1333 tam-

909 1353 960 1380 etsi
981 1353 1039 1387 ipse
1064 1353 1116 1380 sibi
1150 1357 1295 1387 repugnet,
1323 1352 1375 1380 hoc
1393 1353 1476 1380 etiam
1506 1353 1698 1386 approbantes.

909 1398 1001 1426 Altera
1018 1405 1083 1426 sane
1095 1402 1138 1426 est
1151 1398 1274 1433 quaedam
1292 1398 1435 1426 I'lomerica
1459 1398 1632 1425 miscellanea
1648 1405 1697 1432 po-

911 1444 959 1477 tio,
975 1451 1030 1470 uon
1047 1450 1162 1478 corpora
1181 1450 1275 1470 eorum
1291 1443 1337 1478 qui
1353 1449 1456 1470 veneno
1470 1442 1629 1469 tnficiuutur
1645 1441 1698 1468 im-

911 1495 1020 1518 mutans
1052 1491 1079 1517 in
1104 1490 1247 1517 brulorum
1272 1489 1431 1517 animalium
1456 1489 1567 1523 ﬁguras,
1597 1487 1645 1515 sed
1672 1487 1700 1514 in

911 1537 1016 1564 animas
1033 1536 1104 1564 vices
1120 1543 1184 1564 suas
1202 1543 1341 1566 exserens,
1360 1539 1387 1562 et
1401 1535 1428 1561 in
1443 1534 1469 1561 id
1496 1534 1568 1569 quod
1586 1534 1698 1561 brutum

911 1585 987 1610 estet
1000 1583 1104 1609 ratione
1118 1585 1194 1609 caret
1211 1581 1486 1609 transformationem
1510 1580 1638 1608 cﬂiciens.
1663 1579 1701 1607 De

913 1627 967 1655 illis
980 1628 1051 1655 enim
1082 1627 1173 1654 fabula
1191 1627 1239 1658 ait,
1272 1627 1344 1662 quod
1364 1626 1441 1653 [irrita
1469 1626 1591 1661 ipsorum
1622 1633 1702 1653 mens

912 1676 981 1703 erat,
997 1671 1137 1698 immutata
1153 1671 1179 1698 in
1198 1671 1313 1698 ferinam
1329 1672 1448 1698 humana
1464 1671 1561 1712 forma.
1575 1667 1624 1697 Hic
1636 1678 1701 1698 vero

914 1717 1073 1751 corporibus
1101 1716 1129 1743 in
1151 1717 1269 1743 naturali
1303 1717 1388 1752 ﬁgura
1415 1716 1649 1751 permanentibus,
1672 1715 1701 1742 in

913 1762 1020 1789 brutam
1029 1764 1055 1788 et
1072 1760 1187 1788 rationis
1198 1765 1337 1795 expertem
1353 1765 1477 1788 naturam
1496 1761 1593 1787 animae
1609 1763 1702 1786 trans-

915 1806 1078 1833 formamur.
1105 1806 1138 1832 Et
1154 1810 1183 1833 ut
1205 1807 1261 1833 illic
1290 1811 1383 1832 narrat
1412 1806 1517 1840 poetica
1545 1805 1702 1840 prodigiosa

914 1850 1016 1882 fabula,
1042 1850 1069 1877 in
1085 1850 1269 1878 differentium
1291 1850 1443 1877 belluarum
1459 1851 1565 1885 species
1594 1859 1701 1878 veneno

914 1896 1031 1924 infectos
1047 1896 1105 1923 sive
1132 1896 1286 1923 incantatos
1310 1895 1460 1928 immutari,
1490 1896 1562 1925 sicut
1576 1896 1701 1930 placebat

914 1941 1041 1970 venefica:
1056 1946 1180 1968 naturam
1192 1941 1353 1968 adulteranti
1367 1948 1398 1968 ac
1414 1942 1576 1976 perrertenti
1589 1950 1595 1970 :
1606 1941 1700 1969 eadem

915 1987 995 2014 etiam
1011 1994 1084 2014 nunc
1096 1987 1162 2013 liunt
1176 1993 1190 2013 a
1202 1986 1306 2014 Circaeo
1326 1985 1409 2020 hujus
1439 1986 1549 2021 poculo;
1565 1986 1611 2021 qui
1629 1987 1701 2013 cnim

916 2032 1067 2060 maleficum
1092 2039 1213 2060 errorem
1228 2035 1255 2059 et
1284 2032 1436 2067 prmstigias
1456 2040 1489 2059 ex
1513 2032 1573 2066 ejus
1597 2033 1702 2067 scripto

902 2073 1022 2110 'bibunt,
1035 2079 1062 2105 in
1078 2078 1247 2106 diversorum
1260 2077 1415 2113 dogmatum
1442 2077 1543 2105 formas
1561 2081 1703 2105 transmu-

917 2128 1025 2152 tantur:
1039 2132 1112 2151 nunc
1124 2124 1233 2159 quidem
1244 2123 1270 2150 in
1283 2123 1345 2156 hoc,
1356 2131 1453 2152 rursus
1464 2131 1530 2151 vero
1541 2125 1568 2151 in
1586 2125 1701 2151 alterum

79 2172 192 2207 σκευὴν,
210 2171 352 2206 ἀγαπῶσιν
362 2171 402 2199 ἔτι
418 2172 463 2198 τὸν
477 2171 525 2207 τῆς
541 2171 668 2206 τοιαύτης
684 2171 796 2205 ἀλογίας
815 2171 861 2198 αὑ-

919 2169 1118 2197 transformati.
1132 2169 1220 2204 Atque
1246 2169 1273 2196 in
1302 2168 1346 2196 his
1371 2169 1536 2200 dulcissimi,
1550 2169 1701 2196 secumlum

77 2219 134 2249 τοῖς
149 2216 344 2252 ἐξηγούμενον.
362 2217 417 2244 Καὶ
436 2214 491 2243 οἶόν
506 2225 567 2243 τινα
583 2216 686 2251 καρπὸν
701 2216 830 2252 κρανίας,
847 2216 865 2252 ἢ

79 2261 207 2296 βάλανον,
226 2262 290 2292 τοὺς
313 2261 556 2297 διαρριπτομένους
577 2262 637 2296 παρ’
663 2261 745 2287 αὑτοῦ
773 2260 868 2294 λόγους

79 2307 286 2341 ὑποκεκυφότες
304 2307 461 2341 ὲκλέγουσιν
474 2316 482 2323 υ
501 2306 573 2333 συῶν
591 2306 668 2342 δίκην
682 2306 750 2342 πρὸς
766 2305 801 2332 τὰ
819 2314 867 2340 χαρ

81 2353 219 2388 μαιρμφῆ
245 2352 299 2378 τῶν
325 2352 466 2388 δογμάτων
482 2352 642 2387 λαιμάργως
663 2351 866 2387 ἐπιτρέχοντες,

80 2399 135 2429 τοῖς
151 2398 181 2424 δὲ
200 2397 313 2432 ὑψηλοῖς
331 2406 360 2424 τε
385 2397 432 2424 καὶ
453 2397 587 2432 οὐρανίοις
603 2397 764 2429 ὲνατενίζειν
787 2396 868 2430 φύσιν

81 2443 131 2469 οὐκ
142 2443 264 2478 ἔχοντες.
279 2444 327 2470 Διὰ
342 2443 422 2469 τοῦτο
436 2443 485 2478 τὴν
502 2444 549 2469 ἐπὶ
561 2443 594 2469 τὰ
610 2442 718 2469 ἐναντία
730 2442 777 2468 τοῦ
789 2442 868 2475 λόγου

83 2487 264 2523 παρατροπὴν
278 2488 326 2522 οὐχ
350 2488 465 2523 ὁρῶσιν,
482 2488 549 2514 ἀλλὰ
574 2487 603 2514 τὸ
619 2488 660 2514 ἐπ’
678 2488 775 2518 αὐτοὺς
793 2487 869 2513 ἐλθὸν

83 2533 271 2565 ἀνεξετάστως
284 2534 461 2568 ἁρπάζουσιν.
478 2531 539 2560 Οἷον
551 2533 572 2560 δ’
586 2532 618 2559 ἂν
637 2533 671 2568 ἢν
687 2533 733 2558 καὶ
746 2532 870 2568 καθάπερ

84 2580 149 2613 φασὶ
172 2579 230 2605 τῶν
254 2578 297 2605 διὰ
324 2579 510 2614 μανδραγόρου
531 2578 731 2614 κεκαρωμένων
763 2578 870 2612 κώματὶ

84 2633 135 2651 τινι
144 2626 192 2651 καὶ
200 2624 362 2659 δυσκινησίᾳ
375 2624 536 2660 κρατεῖσῡαι
548 2624 581 2650 τὸ.
594 2623 707 2658 σώματα
716 2631 722 2638 ·
731 2623 777 2649 τὸν
790 2623 870 2650 αὐτὸν

84 2671 184 2706 τρόπον
199 2670 248 2696 καὶ
263 2670 365 2702 τούτοις
378 2670 511 2698 διάκειται
529 2670 564 2696 τὰ
580 2671 627 2705 τῆς
642 2669 731 2704 ψυχῆς
743 2668 872 2704 αἰσθητή-

88 2724 133 2751 ρια
144 2736 152 2748 ,
171 2715 240 2751 πρὸς
255 2715 304 2750 τὴν
319 2715 424 2743 σύνεσιν
443 2716 492 2751 τῆς
506 2716 613 2751 ἀπάτης
631 2714 870 2750 ἁποναρκήταντα.

120 2807 162 2822 ¹²⁸
179 2805 248 2833 Psal.
269 2813 358 2839 xxxn',
377 2805 417 2833 l6.

919 2215 1016 2243 fabula:
1033 2219 1204 2250 apparatum,
1220 2217 1313 2242 amant
1331 2218 1412 2241 etiam
1434 2222 1496 2242 eum
1524 2214 1569 2248 qui
1590 2222 1620 2241 se
1636 2214 1703 2249 ipsis

918 2261 1019 2289 erroris
1034 2265 1061 2287 et
1075 2259 1202 2287 amentiae
1229 2259 1325 2286 ducem
1346 2263 1372 2286 et
1400 2259 1562 2294 magistrum
1590 2260 1702 2293 praebet.

919 2306 952 2333 Et
982 2306 1065 2333 veluti
1093 2305 1236 2340 quemdam
1267 2305 1343 2332 corni
1366 2304 1484 2331 fructum
1511 2305 1551 2332 vel
1566 2305 1703 2339 glandem,

920 2350 998 2386 proni
1025 2354 1053 2377 et
1077 2351 1112 2378 ab
1144 2350 1204 2385 ipso
1226 2349 1363 2384 projectos
1391 2356 1533 2377 sermones
1560 2349 1588 2376 in
1603 2353 1703 2376 terram

919 2396 998 2423 curvi
1014 2396 1154 2431 colligunt,
1169 2403 1314 2430 porcorum
1329 2395 1427 2429 instar,
1445 2394 1478 2422 ad
1491 2395 1566 2422 humi
1583 2395 1705 2430 projecta

919 2441 1046 2476 dogmata
1071 2441 1158 2468 avidis
1184 2440 1308 2468 faucibus
1337 2441 1527 2473 adcurrentes,
1547 2442 1580 2467 ad
1597 2441 1706 2468 excelsa

920 2491 1010 2514 autem
1025 2492 1050 2514 et
1066 2487 1188 2514 coelestia
1207 2487 1321 2514 intentis
1339 2487 1427 2514 oculis
1445 2486 1569 2514 contueri
1591 2490 1618 2513 et
1644 2494 1707 2521 spe-

921 2537 995 2560 ctare
1022 2537 1203 2567 nequeuntes.
1235 2532 1407 2567 Quapropter
1436 2532 1470 2558 ad
1486 2532 1623 2559 contraria
1640 2539 1704 2558 ora-

922 2579 1004 2606 tionis
1021 2579 1220 2613 Derversionem
1250 2586 1304 2605 nou
1329 2578 1432 2609 vident,
1452 2577 1499 2605 sed
1515 2577 1645 2611 quidquid
1672 2577 1706 2603 ad

923 2624 997 2659 ipsos
1017 2625 1132 2657 venerit,
1165 2624 1333 2659 inexplorato
1360 2623 1508 2658 abripiunt.
1524 2621 1708 2654 Quemadmo-

922 2669 986 2697 dum
1012 2670 1089 2697 aiunt
1115 2677 1228 2704 corpora
1244 2677 1337 2697 eorum
1361 2669 1409 2703 qui
1438 2668 1634 2704 mandragore
1656 2675 1706 2706 esu

924 2716 1058 2743 veternosi
1085 2715 1149 2743 facti
1167 2720 1241 2747 sunt,
1266 2714 1407 2750 profundo
1428 2713 1545 2748 quodam
1563 2721 1662 2747 snpore
1681 2720 1708 2741 et
