1920 3073
51 92 102 118 (ιω

594 96 732 125 CONTRA
752 97 944 131 EUNOMIUM,
967 99 1030 126 LIB.
1052 99 1096 127 IV.

1626 108 1679 136 650

52 155 108 177 ρων
124 147 179 182 ἔχει
198 148 243 175 καὶ
255 147 289 175 τὰ
304 149 371 176 ἄλλα
385 151 473 178 πάντα
490 152 560 179 κατὰ
573 153 618 180 τὸν
631 154 712 181 αὐτὸν
726 155 834 190 τρόπον.

892 157 1028 191 proprium
1051 160 1093 184 est
1112 164 1165 185 non
1190 157 1289 186 habent
1305 162 1332 187 et
1351 161 1455 196 reliqua
1468 162 1634 197 huiusmodi.
1649 165 1677 193 in

52 193 221 230 Βεὸρωκέναι
242 204 284 227 τις
306 196 376 223 κατὰ
395 197 443 232 τὴν
458 198 581 226 ἐνύπνιον
598 201 746 234 φαντασίαν
761 200 838 234 λέγε-

50 248 94 267 ται
105 248 111 255 ’
129 239 187 266 ἀλλ’
204 240 254 266 οὐκ
267 240 325 267 ἐστι
339 242 436 276 κυρίαν
451 242 552 279 βρῶσιν
565 245 614 280 τὴν
630 245 778 280 φαντασίαν
801 246 839 272 εί-

50 286 118 313 πείν.
144 286 250 322 Ὠσπερ
273 287 363 314 τοίνυν
386 289 484 324 ἐπίσης
506 289 553 316 δύο
575 290 657 317 τινῶν
688 290 839 327 ἀνθρώπων

49 332 118 359 κατὰ
134 332 215 367 φύσιν
230 333 430 369 ὑφεστηκότων,
445 335 574 371 ἑκάτερον
588 336 677 363 αὐτῶν
691 336 792 372 κυρίως
805 338 838 372 τῇ

49 379 124 413 φωνῇ
139 378 378 414 προσαγορεύομεν
392 379 439 406 τοῦ
452 380 607 416 ἀνθρώπου,
632 382 693 409 εἰδὲ
708 383 756 418 τὴν
769 384 838 418 ἀψυ-

48 423 94 458 χόν
117 432 161 454 τις
185 424 276 450 εὶκόνα
295 425 363 460 πρὸς
385 425 431 452 τὸν
455 427 527 453 κατὰ
552 427 679 463 ἀλήθειαν
698 429 838 464 ἄνθρωπον

49 468 155 500 συνθεὶς
172 469 365 505 ’ἀριθμήσειεν,
382 470 428 497 δύο
444 471 492 506 μὲν
508 472 541 499 ἃν
557 472 642 505 εἴποι,
658 474 705 501 τόν
721 483 750 501 τε
773 475 839 511 ἀλη-

48 513 102 545 θῶς
109 514 173 541 ὄντα
183 515 229 541 καὶ
245 515 274 542 τὸ
294 516 429 552 ὁμοίωμα,
447 518 537 544 οὐκέτι
547 518 569 545 δ’
586 518 619 546 ἂν
636 520 684 546 καὶ
700 520 730 546 τὸ
746 521 839 558 κύριον

47 559 213 594 ἀμφοτέροις
231 563 513 598 προσμαρτυρήσειεν⁸
535 563 621 596 οὕτως
638 565 718 602 εἴπερ
737 566 800 593 ἄλλο
813 576 838 594 τι

48 604 125 639 παρὰ
140 604 189 639 τὴν
201 604 248 631 τοῦ
260 606 366 641 Πατρὸς
380 607 473 634 οὐσίαν
489 609 506 643 ὴ
522 608 568 635 τοῦ
577 608 745 643 Μονογενοῦς
759 611 839 645 φύσις

48 649 197 681 ὑπενοεῖτο,
207 650 256 677 οὑκ
265 650 298 677 ἂν
307 652 479 688 κυριωτάτην
498 654 632 690 ἑκατέραν
641 655 696 683 τῶν
707 657 805 684 οὐσιῶν
824 659 839 684 ὀ

47 695 218 730 λογογράφος
229 696 365 732 ὠνόμασε.
382 698 445 730 Πῶς
457 699 511 735 γὰρ
526 700 559 728 ἄν
574 709 615 733 τις
626 702 660 729 τὰ
674 702 836 739 διαφέροντα

47 742 81 776 τῇ
91 741 180 775 φύσει,
193 743 224 778 τῇ
240 744 383 779 ταυτότητι
391 744 445 771 τῶν
453 745 591 781 ὀνομάτων
601 748 760 783 σημάνειεν;
771 751 838 777 Ἀλλ’

889 201 994 228 somnis
1018 201 1128 236 quidam
1152 202 1242 231 edisse
1264 211 1312 238 per
1337 206 1468 234 visionem
1489 208 1604 242 dicitur,
1627 213 1675 238 sed

889 246 1022 274 visionem
1061 247 1119 275 sive
1149 248 1371 284 imaginationem
1403 259 1459 280 non
1493 253 1556 281 licet
1587 254 1679 284 dicere

888 292 1025 327 propriam
1059 300 1162 321 escam.
1191 293 1427 327 Quemadmodum
1458 298 1543 333 igitur
1570 300 1678 329 duobus

889 346 966 373 aeque
981 339 1139 367 hominibus
1154 341 1304 368 secundum
1325 347 1451 370 naturam
1467 345 1677 378 exsistcntibus.

889 387 1037 419 utrumque
1054 384 1176 419 ipsorum
1197 386 1308 420 proprie
1327 386 1378 414 hac
1389 395 1455 415 voce
1478 389 1615 418 hominem
1631 399 1679 426 ap-

890 429 1033 464 pellamus,
1064 430 1133 464 quod
1151 430 1175 458 si
1198 431 1348 459 inanimum
1370 433 1433 468 quis
1456 434 1600 470 imaginem
1616 444 1677 464 cum

890 475 1000 502 homine
1022 475 1174 503 secundum
1195 476 1339 504 veritatem
1360 485 1530 514 componens
1551 488 1680 509 numera-

890 519 969 553 verit,
985 519 1055 547 duos
1069 520 1180 555 quidem
1197 520 1308 554 dixerit,
1327 525 1427 550 etcum
1444 524 1491 558 qui
1506 532 1568 552 vere
1582 531 1635 557 est,
1652 532 1680 554 et

889 571 939 599 per
956 564 1165 592 similitudinem
1181 565 1301 599 dicitur;
1326 567 1373 594 sed
1391 575 1444 594 non
1464 569 1580 604 amplius
1594 571 1679 598 utris-

889 617 943 644 que
959 610 1032 645 quod
1047 610 1130 646 hujus
1140 611 1261 639 nominis
1275 616 1317 640 est
1335 613 1474 647 proprium
1489 615 1679 650 assignaverit:

897 655 936 683 sic
962 657 985 683 si
1003 656 1068 691 quid
1093 657 1168 685 aliud
1196 662 1223 685 et
1246 658 1386 687 diversum
1412 667 1427 686 a
1442 660 1534 688 Patris
1556 663 1679 690 essentia

890 700 1028 737 Unigcniti
1046 708 1144 730 natura
1162 707 1252 731 mente
1266 705 1468 739 conciperetur,
1490 713 1544 733 non
1565 707 1680 742 amplius

891 747 1008 774 maxime
1026 748 1163 782 propriam
1181 751 1326 784 utramque
1340 750 1488 777 essentiam
1504 750 1548 778 hic
1562 752 1681 787 scriptor

48 787 139 813 ἔοικεν
164 789 182 823 ἡ
206 788 319 824 ἀλήθεια
342 789 388 816 καὶ
410 790 455 817 διὰ
478 791 531 818 τῶν
557 793 747 829 πολεμούντων
770 796 837 832 αὐτῇ

894 791 1073 819 nominasset.
1092 791 1234 825 Quomodo
1249 793 1321 820 enim
1342 794 1405 829 quis
1420 803 1481 829 qua:
1508 800 1607 823 natura
1627 797 1680 826 dit-

48 832 245 869 φανεροῢσθαι,
264 834 301 870 μὴ
328 835 477 871 δυναμένου
494 837 621 871 καθάπαξ
645 840 713 876 μηδὲ
727 841 756 867 ἐν
781 844 841 874 ταῖς

46 877 103 904 τῶν
131 879 236 915 ἐχθρῶν
261 881 365 915 φωναῖς
389 882 564 919 ὑπερισχύειν
585 886 634 921 τῆς
651 887 777 922 ἀληθείας
793 888 841 915 τοῦ

45 924 175 958 ψεύδους.
205 924 255 952 Διὰ
276 926 355 954 τοῦτο
372 927 410 963 τῷ
431 929 544 965 στόματι
569 931 622 958 τῶν
647 933 841 969 ἀντικειμένων

46 971 95 1016 καὶ
118 971 156 1006 μὴ
178 972 286 999 εἰδότων
305 972 323 1000 ἃ.
344 973 466 1008 λέγουσιν
485 977 499 1003 ό
515 976 566 1009 τῆς
585 970 842 1016 εὐσεϐείαςάνακη-

46 1015 179 1051 ρύσσεται
205 1016 301 1051 λόγος·
328 1019 454 1056 καθάπερ
480 1022 527 1048 καὶ
547 1023 593 1049 ἐπὶ
613 1024 660 1050 τοῦ
688 1024 797 1061 Καῖάφα
812 1027 843 1053 τὸ

45 1062 184 1098 σωτήριον
207 1063 277 1099 ὑπὲρ
299 1064 378 1100 ἡμῶν
403 1065 451 1092 τοῦ
477 1067 579 1101 Κυρίου
610 1069 694 1101 πάθος
721 1072 841 1107 προηγό-

45 1117 142 1143 ρευτο,
167 1109 217 1135 οὐκ
241 1109 340 1142 εἰδότος
363 1111 376 1137 ὃ
401 1111 486 1146 λέγει.
513 1113 617 1141 Οὐκοῦν
643 1116 667 1141 εί
694 1116 782 1143 κοινὸν
799 1118 842 1143 ἐπ’

43 1153 215 1190 ἀμφοτέρων
229 1156 278 1190 τῆς
301 1156 393 1188 οὐσίας
415 1157 446 1184 τὺ
465 1157 642 1194 κυριώτατον.
665 1161 712 1188 τοῦ
737 1162 843 1196 Πατρὸς

43 1198 121 1232 λέγω
136 1200 184 1226 καὶ
196 1199 242 1226 τοῦ
259 1200 324 1227 Υἰοῦ
334 1210 340 1216 ·
359 1202 419 1229 τίνα
433 1202 525 1239 χώραν
537 1204 593 1239 ἔχει
606 1205 637 1231 τὺ
651 1206 842 1241 παρηλλάχθαι

43 1244 96 1274 τὰς
120 1244 217 1275 οὐσίας
244 1245 365 1280 ἀλλήλων
387 1247 495 1281 λέγειν;
521 1249 556 1275 Ἣ
581 1249 639 1281 πῶς
664 1250 693 1276 ὲν
716 1251 842 1286 αὐταῖςὴ

42 1289 117 1324 πρὸς
132 1289 164 1315 τὺ
177 1289 359 1326 δυνατώτερόν
374 1299 402 1317 τε
415 1293 462 1318 καὶ
477 1293 568 1327 μεῖζον
581 1294 628 1320 καὶ
647 1295 843 1331 προτιμότερον

42 1334 223 1369 ἑνοεωρεῖται
246 1334 371 1370 διαφορὰ,
395 1335 445 1370 τῆς
466 1337 637 1373 κυριωτάτης
658 1339 751 1370 οὐσίας
766 1339 842 1366 οὐδε-

42 1379 115 1413 μίαν
134 1379 358 1415 παραδεχομένης
374 1381 538 1414 ὲλάττωσιν;
565 1383 601 1409 Τὸ
618 1384 671 1420 γὰρ
686 1385 788 1417 ἀτελῶς
802 1385 841 1418 ὃν,

40 1425 146 1459 ὅτιπερ
169 1424 203 1451 ἂν
224 1423 252 1461 ᾖ,
272 1425 373 1459 κυρίως
388 1426 438 1453 οὐκ
453 1427 535 1459 ἔστιν,
554 1428 583 1454 οὐ
600 1428 690 1462 φύσις,
713 1430 744 1456 οὐ
761 1430 842 1458 δύνα-

893 835 985 864 ferunt
1006 836 1102 865 iisdem
1125 837 1283 865 nominibus
1304 839 1489 873 significaret?
1509 840 1562 868 Sed
1579 842 1680 869 veritas

892 882 973 910 etiam
992 890 1041 917 per
1063 890 1111 910 cos
1133 883 1180 918 qui
1205 884 1291 919 ipsam
1317 885 1389 912 bello
1416 885 1556 913 lacessunt
1573 887 1681 915 videtur

893 928 1073 962 mauil‘estari,
1097 930 1162 963 quia
1182 937 1235 957 non
1251 933 1342 965 potest
1359 931 1472 958 omnino
1485 939 1574 966 neque
1596 931 1678 959 etiam

894 974 921 1001 in
937 974 1111 1002 inimicorum
1133 975 1248 1002 vocibus
1271 976 1378 1003 veritati
1401 976 1548 1011 praevalere
1569 977 1681 1005 menda-

893 1019 976 1045 cium.
1003 1019 1109 1047 Idcirco
1129 1020 1350 1048 adversariorum
1368 1028 1415 1048 ore
1437 1029 1498 1057 qua:
1513 1022 1609 1050 dicunt
1634 1031 1681 1050 ne-

893 1065 1037 1092 scientium
1060 1066 1169 1100 pietatis
1197 1073 1287 1094 sermo
1309 1067 1682 1102 przedicaturzquemadmo-

893 1110 957 1137 dum
973 1110 1000 1137 in
1019 1110 1123 1145 Caipha
1146 1111 1278 1138 salutaris
1296 1119 1345 1146 pro
1363 1112 1444 1140 nobis
1467 1112 1575 1140 Domini
1590 1114 1681 1148 passio

893 1156 1135 1190 prmnuntiabatur,
1157 1157 1296 1184 nesciente
1313 1157 1377 1192 quid
1393 1157 1495 1184 diceret
1507 1158 1544 1184 ".
1562 1157 1632 1193 Ergo
1659 1159 1680 1185 si

893 1207 1040 1228 commune
1055 1205 1097 1228 est
1117 1200 1144 1228 in
1158 1201 1295 1236 utrisque,
1309 1202 1382 1236 quod
1402 1203 1528 1229 essentia:
1543 1207 1585 1230 est
1604 1203 1681 1237 prin-

894 1246 1104 1280 cipalissimum,
1123 1246 1205 1273 Patre
1226 1247 1290 1273 dico
1312 1250 1339 1273 et
1363 1247 1434 1274 Filio
1448 1256 1454 1274 :
1469 1255 1550 1281 quam
1568 1254 1680 1274 causam

894 1290 975 1317 habet
989 1292 1124 1318 essentias
1145 1298 1160 1318 a
1178 1299 1207 1318 se
1225 1291 1341 1318 invicem
1360 1292 1513 1326 disjunctas
1527 1297 1553 1319 et
1571 1300 1682 1327 separa-

894 1337 936 1361 tas
946 1342 1007 1362 esse
1021 1335 1149 1362 dicendi?
1164 1335 1204 1362 vel
1217 1335 1356 1370 quomodo
1369 1335 1396 1362 in
1410 1336 1477 1370 ipsis
1488 1343 1551 1363 cum
1562 1344 1595 1363 co
1608 1336 1680 1371 quod

894 1380 1031 1414 potentius
1053 1384 1080 1407 ct
1098 1380 1187 1415 majus
1202 1384 1229 1407 et
1252 1380 1434 1414 praestabilius
1456 1385 1508 1413 est,
1536 1381 1683 1416 inspicitur

894 1424 1064 1457 diﬂereutia,
1090 1432 1152 1452 cum
1176 1422 1408 1460 principalissima
1430 1426 1550 1454 essentia
1577 1428 1680 1454 nullam

41 1479 106 1505 μις,
124 1470 176 1497 οὐκ
191 1470 309 1505 ἀξίωμα,
325 1471 373 1497 οὐκ
385 1471 449 1499 ἄλλο
465 1481 490 1498 τι
503 1473 557 1498 τῶν
571 1473 631 1500 καθ’
647 1474 761 1501 ἕκαστον
776 1475 839 1502 Οεω-

894 1470 1113 1497 imminutionem
1140 1470 1287 1498 admittat?
1317 1471 1395 1504 Quod
1419 1471 1493 1499 enim
1521 1473 1682 1508 imperfecte

41 1516 193 1551 φυμὲνων
217 1516 308 1543 οὐδέν·
339 1516 409 1543 ὥστε
431 1519 447 1553 ἡ
471 1518 531 1545 κατ’
549 1519 642 1546 οὐσίαν
666 1521 713 1546 τοῦ
735 1522 842 1556 Πατρδς

39 1561 183 1597 ὑπεροχὴ,
200 1562 292 1594 καθὼς
316 1563 332 1598 ή
350 1563 454 1598 αἵρεσις
479 1562 612 1598 βούλεται,
637 1564 667 1591 τὸ
686 1565 779 1598 ἀτελὲς
793 1567 842 1601 τῆς

38 1608 144 1640 οὐσίας
158 1608 205 1635 τοῦ
224 1609 394 1643 Μονογενοῠς
415 1609 556 1644 διελέγχει.
575 1611 606 1636 El
622 1608 668 1638 οὖν
685 1611 793 1647 ἀτελὴς,
811 1612 841 1638 οὐ

39 1654 151 1690 κυρία·
180 1655 204 1680 εί
231 1654 259 1681 δὲ
284 1655 451 1690 κυριωτάτη,
470 1656 516 1682 καὶ
531 1656 620 1682 τελεία
648 1657 767 1688 πάντως.
793 1657 843 1683 Τέ-

39 1701 121 1727 λειον
139 1699 194 1734 γὰρ
216 1700 246 1726 τὺ
271 1701 379 1733 ἐλλιπὲς
404 1701 583 1737 ὀνομάζεσθαι
609 1701 690 1737 φύσιν
711 1703 761 1730 οὐκ
776 1703 841 1738 ἔχει.

45 1745 127 1772 Ἀλλ’
155 1746 215 1772 οὐδὲ
240 1746 422 1782 συγκριτικῶς
437 1747 715 1783 ἁντιπαρατιθεμένου
739 1749 842 1775 τελείου

37 1791 121 1827 πρὸς
137 1792 250 1823 τέλειον,
270 1792 400 1828 διαφοράν
415 1801 477 1819 τινα
490 1793 560 1820 κατὰ
583 1793 752 1829 πλεονασμὸν
766 1794 782 1829 ἦ
799 1794 843 1821 ἐλ-

36 1836 139 1871 λειψιν
158 1836 303 1872 γινομένην
316 1837 427 1864 δυνατόν
447 1839 520 1864 ἐστιν
542 1838 699 1874 ὲπινοῆσαιζ
712 1839 769 1866 Μία
789 1839 847 1875 γὰρ

894 1520 945 1548 est,
962 1515 1148 1551 quodcunque
1164 1515 1257 1548 fuerit,
1276 1516 1387 1551 proprie
1411 1525 1468 1544 non
1489 1521 1542 1549 est,
1559 1525 1616 1545 non
1633 1526 1683 1546 na-

893 1565 964 1595 tura,
983 1569 1038 1589 non
1054 1562 1105 1595 vis,
1125 1569 1179 1589 non
1201 1561 1333 1597 dignitas,
1359 1570 1415 1589 non
1440 1562 1515 1590 aliud
1531 1563 1682 1599 quidquam

893 1615 987 1636 eorum
1003 1616 1063 1643 qua:
1075 1608 1103 1636 in
1124 1615 1290 1643 unoquoque
1308 1611 1476 1643 spectantur.
1494 1607 1532 1635 Ita
1551 1613 1580 1636 ut
1594 1609 1682 1637 Patris

893 1661 954 1689 qua:
966 1658 1009 1682 cst
1024 1654 1178 1682 secundum
1198 1653 1347 1681 essentiam
1362 1654 1522 1687 eminentia,
1540 1656 1613 1683 sicut
1626 1654 1683 1682 vult

894 1701 1016 1732 hatresis,
1034 1699 1220 1735 imperfectam
1244 1699 1381 1733 Uuigcniti
1399 1700 1548 1727 essentiam
1573 1703 1681 1735 arguat.

894 1744 923 1772 Si
935 1745 1017 1781 igitur
1032 1745 1203 1780 imperfecta.
1217 1752 1272 1772 non
1287 1750 1329 1772 est
1343 1745 1505 1780 principalis
1519 1749 1546 1773 et
1560 1746 1680 1780 propria.

895 1791 924 1819 Si
944 1797 1032 1824 autem
1047 1791 1277 1826 principalissima
1298 1794 1340 1819 est
1374 1795 1401 1818 et
1425 1789 1543 1818 mallimc
1559 1792 1681 1826 propria.

893 1837 975 1864 etiam
994 1836 1115 1871 perfecta
1134 1836 1255 1862 omnino.
1283 1835 1362 1868 Quod
1383 1835 1456 1862 enim
1481 1835 1574 1863 deﬁcit
1595 1835 1683 1871 perfe-

35 1881 91 1906 ἐπ’
114 1881 228 1915 ἀμφοῖν,
253 1881 348 1916 ὥσπερ
367 1882 413 1908 ἐπὶ
435 1882 556 1915 κανόνος,
580 1884 597 1919 ὴ
622 1883 768 1919 τελειότης,
783 1883 839 1910 οὔτε

894 1886 967 1910 ctum
983 1881 1118 1909 nominari
1134 1885 1233 1909 natura
1249 1888 1302 1907 non
1315 1883 1415 1915 potest.
1432 1880 1485 1907 Sed
1500 1888 1588 1914 neque
1604 1888 1683 1906 com-

35 1925 243 1961 κοιλαινομένη
269 1926 308 1960 τῷ
333 1926 470 1960 λείποντι,
498 1927 560 1954 οὔτε
592 1928 773 1964 ὰνωμαλοῦσα
804 1929 839 1964 τῷ

896 1932 999 1964 parate,
1027 1928 1050 1955 si
1078 1935 1141 1955 cum
1162 1926 1284 1962 perfecto
1310 1925 1463 1961 perfectum
1486 1930 1681 1961 componatur,

34 1971 238 2004 πλεονάζοντι.
267 1972 323 2007 Τὴν
352 1972 402 2008 μὲν
428 1970 475 2000 οὖν
506 1973 576 2008 ὑπὲρ
607 1974 654 2000 τοῦ
684 1973 745 2001 καθ’
771 1975 839 2010 ἡμᾶς

896 1973 1076 2001 diﬂ‘erentiam
1094 1973 1213 2008 aliquam
1239 1980 1287 2008 per
1314 1972 1522 1999 redundantiam
1543 1971 1584 2000 vel
1608 1972 1683 1999 del'e—

33 2019 187 2053 δὸγματος
203 2018 251 2044 τοῦ
276 2018 409 2054 Εὑνομίου
432 2019 604 2054 συνηγορίαν,
624 2019 722 2052 ἱκανῶς
746 2021 778 2047 ἐκ
790 2020 839 2048 τῶν

895 2024 969 2047 ctum
993 2019 1092 2046 factum
1109 2019 1151 2047 fas
1173 2023 1215 2046 est
1231 2018 1393 2054 intelligere.
1411 2018 1470 2045 Una
1484 2018 1557 2046 enim
1582 2018 1610 2045 in
1627 2025 1683 2044 am-

33 2064 207 2100 εῐρημένων
223 2062 297 2091 ἐστιν
314 2064 377 2090 ἰδεῖν
387 2073 393 2080 ·
414 2064 512 2099 μᾶλλον
525 2064 553 2090 δὲ
568 2065 598 2091 οὐ
615 2065 664 2099 τὴν
681 2065 751 2100 ὑπὲρ
765 2066 843 2100 ἡμῶν

33 2108 183 2143 σπουδὴν,
201 2108 269 2134 ἀλλὰ
287 2108 336 2144 τὴν
359 2109 426 2143 πρὸς
448 2108 546 2143 ἑαυτὴν
563 2108 662 2143 μάχην.
686 2109 724 2135 Δι’
738 2106 775 2136 ὦν
789 2110 843 2146 γὰρ

109 2155 244 2190 ἡμέτερον
269 2154 357 2189 δόγμα
386 2155 441 2185 τοῖς
470 2154 544 2185 ἰδίοις
573 2154 713 2189 συνίστησι
740 2154 842 2188 λόγοις,

29 2199 111 2226 καθ’
129 2199 227 2226 ἑαυτοῦ
241 2199 337 2234 τρέπει
351 2199 385 2225 τὰ
401 2201 594 2235 μηχανήματα.
612 2200 707 2234 Ἡμεῖς
719 2199 748 2226 δὲ
763 2200 843 2227 πάλιν

26 2247 102 2277 τοῖς
123 2244 327 2279 γεγραμμένοις
343 2245 402 2271 κατ’
418 2244 501 2280 αὐτὴν
516 2245 564 2280 τὴν
579 2244 649 2276 λέξιν
664 2244 844 2280 ἀκολουθήσο-

29 2300 114 2327 μεν,
139 2290 178 2322 ὡς
203 2290 237 2317 ἂν
262 2291 377 2326 φανερὸν
390 2291 493 2325 γένοιτο
514 2292 614 2321 πᾶσιν,
637 2291 678 2318 ὅτι
703 2291 772 2327 πλὴν
795 2292 843 2318 τοῦ

27 2335 196 2372 βούλεσθαι
212 2337 386 2373 κακουργεῖν,
401 2336 528 2371 οὐδεμίαν
552 2336 627 2372 ίσχὺν
649 2337 716 2372 πρὸς
731 2337 779 2373 τὴν
793 2346 843 2365 κα-

24 2382 114 2408 κίειν
137 2381 153 2407 ὁ
177 2382 244 2416 παρ’
260 2381 349 2408 αὐτῶν
364 2381 441 2416 λόγος
458 2381 524 2417 ἔχει.

30 2155 68 2181 τὸ

896 2066 994 2095 bobus.
1017 2065 1090 2092 sicut
1108 2065 1135 2092 in
1159 2072 1267 2096 norma,
1293 2064 1425 2099 perfectio
1441 2067 1495 2097 est,
1514 2071 1574 2099 quae
1595 2072 1683 2099 neque

896 2115 1010 2138 cavatur
1036 2110 1094 2138 sive
1119 2113 1251 2137 vacuatur
1280 2113 1392 2145 propter
1415 2109 1564 2142 defectum,
1595 2117 1683 2144 neque

897 2156 973 2184 rudis
1001 2161 1044 2183 est
1091 2159 1119 2183 et
1151 2154 1293 2189 inaequalis
1323 2159 1432 2189 propter
1461 2154 1682 2181 redundantiam.

897 2202 988 2235 Quare
1008 2209 1059 2236 pro
1079 2205 1174 2228 nostro
1203 2200 1330 2235 dogmate
1351 2200 1476 2227 Eunomii
1501 2200 1699 2237 patrocinium,

897 2246 1005 2274 abunde
1028 2246 1096 2274 satis
1120 2254 1153 2273 ex
1177 2245 1219 2273 his
1239 2253 1300 2280 quae
1314 2245 1388 2272 dicta
1412 2248 1476 2272 sunt
1494 2245 1558 2273 licet
1579 2245 1684 2280 perspi-

897 2300 968 2321 cere.
982 2292 1037 2320 lmo
1049 2300 1113 2320 vero
1128 2300 1182 2319 non
1198 2299 1248 2327 pro
1263 2291 1342 2329 nobis
1364 2290 1496 2324 studium,
1516 2290 1564 2318 sed
1584 2298 1678 2319 secum

897 2338 1053 2366 dissidium.
1080 2338 1132 2365 Per
1154 2344 1214 2372 quae
1236 2336 1308 2364 enim
1340 2339 1465 2363 nostrum
1492 2335 1591 2370 dogma
1623 2335 1682 2362 suis

897 2383 1071 2411 commendat
1089 2382 1275 2414 sermonibus,
1298 2381 1326 2408 in
1342 2381 1464 2416 seipsum
1480 2381 1561 2408 vertit
1579 2380 1683 2407 machi-

25 2430 184 2456 namenta
206 2431 233 2454 et
258 2433 346 2455 astus.
362 2427 418 2456 Nos
442 2433 532 2455 autem
558 2435 654 2456 rursus
676 2429 779 2464 scripta
807 2430 840 2458 ad
861 2430 973 2458 verbum
998 2436 1156 2464 sequemur,
1181 2432 1211 2455 ut
1243 2427 1419 2455 manifestum
1453 2433 1480 2454 et
1501 2427 1613 2462 planum
1638 2426 1683 2453 tiat

22 2474 194 2506 omnibus,
218 2473 292 2509 quod
317 2481 413 2502 eorum
432 2482 523 2503 sermo
549 2475 653 2503 nullam
678 2474 761 2502 habet
787 2475 841 2502 vim
862 2475 944 2503 aliam
971 2474 1005 2501 ad
1032 2474 1141 2506 vitium,
1164 2481 1247 2509 quam
1284 2472 1421 2499 malitiose
1445 2475 1472 2499 et
1509 2471 1604 2499 dolose
1631 2479 1681 2498 no-

21 2520 133 2551 cendi
151 2520 331 2548 voluntatem.

81 2565 268 2601 ’Δκούσωμεν
298 2566 388 2594 τοίνυν
420 2566 473 2593 τῶν
509 2567 671 2604 είρημένων.
711 2568 839 2600 Εἰκότως

933 2565 1084 2593 Audiamus
1099 2563 1181 2599 igitur
1196 2569 1228 2590 ea
1246 2568 1306 2597 qua:
1323 2565 1388 2589 sunt
1412 2561 1446 2587 ab
1460 2560 1501 2588 eis
1521 2560 1603 2587 dicta.
1623 2558 1680 2585 Me-

18 2614 127 2651 φαίη
146 2621 191 2645 τις
205 2611 244 2639 ἂν·
260 2611 318 2646 τὴν
335 2612 517 2647 κυριωτάτην
531 2613 580 2640 καὶ
596 2612 716 2648 πρώτην
730 2613 779 2640 καὶ
791 2613 839 2647 μό-

892 2613 943 2640 rito
972 2611 1071 2638 dixerit
1091 2609 1188 2644 aliquis
1216 2609 1331 2635 niaxime
1356 2607 1490 2641 propriam
1516 2609 1541 2632 et
1565 2607 1679 2638 primum

19 2650 106 2694 «λι-ην
123 2658 257 2692 ἐνεργείᾳ
274 2658 327 2685 τοῦ
347 2660 461 2692 Πατρός
477 2659 656 2687 ύποστᾶσαν
671 2659 781 2686 οὐσίαν
799 2659 839 2692 εις

892 2659 1003 2686 etsolum
1017 2663 1076 2684 actu
1088 2655 1178 2682 Patris
1190 2654 1370 2681 subsistentem
1378 2652 1517 2679 essentiam
1526 2650 1560 2676 ad
1568 2650 1679 2684 seipsam

19 2703 169 2737 ἑαυτὴν
191 2703 332 2738 δέχεσθαι
354 2704 408 2737 τὰς
429 2705 482 2732 τοῦ
503 2703 688 2740 γεννήματος
708 2704 756 2732 καὶ
777 2712 839 2732 ποι-

892 2705 1028 2732 αιίηιίιιρνε
1050 2701 1212 2738 gennematis
1242 2700 1299 2728 sive
1316 2697 1446 2734 geniturae
1465 2700 1489 2722 et
1513 2695 1626 2729 factum
1655 2698 1680 2722 et

70 2791 107 2810 ι’
130 2789 208 2817 Joan.
227 2798 266 2822 xx,
281 2790 325 2816 51.

222 2837 356 2867 ΡΑτιιοι..
373 2835 429 2867 Gn.
451 2835 538 2867 XLV.

915 2829 917 2832 ’
1484 2829 1518 2859 21
