1959 3075
275 119 332 150 ‘85!

908 121 937 150 S.
956 123 1122 153 GREGORH
1139 123 1184 152 ΝΥ
1190 123 1286 153 SSENI

1851 126 1895 154 65‘:

279 185 408 208 creatura:
429 180 625 215 appellationes.
648 180 716 214 Quis
736 181 844 216 ignorat
864 187 998 211 creaturae
1020 192 1068 211 vo-

1124 185 1231 219 ἤματος
1243 184 1293 212 καὶ
1308 183 1470 219 κτίσματος
1486 183 1700 219 προσηγορίας.
1713 183 1763 216 Τίς
1779 184 1828 212 οὐκ
1840 184 1898 215 οἶδεν

280 234 337 253 cem
354 226 381 253 in
400 225 446 253 Dei
463 225 530 252 Filio
540 225 640 253 dictam
657 225 683 253 id
697 234 758 254 esse
775 227 847 262 quod
864 227 1012 255 Ecclesium
1034 229 1068 255 ab

280 271 376 299 Interesi
395 271 526 306 separet?
545 271 728 304 Quamobrem
743 279 805 299 cum
825 272 861 300 sit
883 273 952 307 apud
970 281 1066 301 omnes

279 321 354 344 certa
383 324 570 352 coueessaque
596 318 747 345 secundum
773 317 871 354 dogma
900 318 1066 351 ditferentia,

279 370 341 389 eum
357 363 404 397 qui
424 362 615 391 demonstrare
639 363 737 390 nititur
761 371 827 391 suas
847 365 992 399 opiniones
1017 371 1068 391 n0-

279 409 345 436 stris
365 408 498 441 veriores,
521 409 586 444 quid
605 417 686 444 agere
705 410 903 445 congruentius
924 410 1005 438 erat?
1027 410 1069 437 An

279 455 387 482 scilicet
404 455 544 489 proprium
568 462 725 482 sermonem
745 455 893 489 conficere,
910 464 942 483 ex
967 456 1003 483 iis
1026 463 1071 482 ra-

280 501 402 528 tionibus
426 501 526 536 quibus
549 501 740 528 demonstrare
765 501 853 536 possit
875 505 1002 536 oportere
1018 501 1070 528 Do-

280 546 386 573 minum
415 547 575 574 existimare
604 552 728 574 creatum
760 547 842 574 esse?
870 554 905 574 an
932 554 998 574 vero
1020 547 1072 573 hoc

281 592 478 627 praetenuisso.
499 592 677 620 audientibus
696 592 863 627 persuadere
877 597 904 620 et
924 592 1068 624 afﬁrmare,

280 638 354 673 quod
377 645 408 665 ea
429 646 490 673 qua:
507 638 591 665 dubia
615 641 680 666 sunt
704 642 731 665 et
748 642 936 670 controversa,
957 637 1070 664 omnino

281 687 347 712 sunt
367 687 453 715 certa,
481 691 544 710 vera
566 686 593 709 et
616 683 768 710 concessa?
790 682 857 710 Illud
879 682 1008 718 equidem
1032 682 1071 709 af-

283 730 362 756 firmo
378 737 384 756 :
399 729 516 756 fortasse
535 734 625 755 autem
648 729 729 755 etiam
745 736 840 755 omnes
859 729 958 763 quibus
971 733 1014 755 est
1030 728 1072 754 in-

282 776 452 810 telligentia.
489 775 541 802 hoc
574 782 588 802 a
619 774 872 802 contradicentibus
906 774 1071 809 exquirent,

283 824 314 848 ut
336 821 408 856 quod
432 820 635 848 dissertationis
662 819 830 855 principium
856 823 909 851 est,
931 819 958 846 id
980 819 1070 854 primo

1120 232 1160 258 ὅτι
1174 231 1204 258 τδ
1218 230 1332 267 χωρίζον
1351 230 1405 257 ἀπὸ
1421 231 1469 265 τῆς
1483 230 1615 265 αἱρέσεως
1628 230 1676 266 τὴν
1699 230 1868 265 Ἐκκλησίαν,
1884 235 1897 269 ἡ

1119 277 1166 304 τοῦ
1191 277 1340 312 κτίσματος
1359 277 1415 303 ἐστι
1441 277 1517 312 φωνὴ
1537 276 1583 303 ἐπὶ
1600 275 1646 303 τοῦ
1673 276 1736 303 ι’ἱοῦ
1759 276 1898 313 λεγομένης

1120 322 1226 350 Οὖκοῦν
1242 322 1458 358 ὀμολογουμένης
1486 321 1562 358 παρὰ
1585 322 1652 348 πᾶσι
1668 322 1718 357 τῆς
1741 321 1812 348 κατὰ
1827 323 1855 349 τὺ
1866 323 1900 350 (Ἆ-

1119 376 1178 402 γμα
1193 367 1333 402 διαφορᾶς,
1351 367 1397 393 τὸν
1412 366 1601 402 επιχειροῦντα
1617 365 1748 393 δεικνύειν
1770 366 1824 392 τῶν
1844 367 1899 402 ἠμε-

1119 413 1206 448 τέρων
1219 413 1267 444 τὰς
1283 412 1349 444 ἰδίας
1364 411 1511 447 ὑπολήψεις
1525 411 1720 447 ἀληθεστέρας,
1738 411 1764 438 τί
1783 411 1900 447 πράττειν

1121 457 1302 494 εὐλογώτερον
1325 455 1377 493 ﬁt;
1395 456 1618 488 Κατασκευάζειν
1638 457 1759 492 δηλονότι
1779 457 1824 483 τὸν
1846 457 1900 484 ῐδιον

1121 502 1208 538 λόγον,
1223 503 1257 530 δι’
1272 500 1309 530 ὢν
1333 500 1388 530 οἷόν
1413 511 1443 528 τε
1465 500 1512 537 ἦν,
1528 501 1723 537 ἀποδεικνύντα
1741 502 1848 528 κτιστδν
1863 503 1900 529 τὸν

1121 549 1222 585 Κύριον
1239 546 1308 576 εἶναι
1325 547 1379 574 δεῖν
1397 547 1517 579 οἴεσθαι;
1534 547 1569 573 Ἢ
1585 547 1665 573 τοῦτο
1681 547 1814 582 παρέντα,
1831 556 1901 582 νομο‹

1122 594 1208 621 θετεῖν
1228 595 1283 625 τοῖς
1307 592 1462 624 ἀκούουσιν,
1488 593 1525 625 ὼς
1549 592 1752 628 ὁμολογούμενα.
1775 591 1810 618 τὰ
1829 592 1902 627 ἀμφι-

1122 638 1275 674 ϐαλλόμενα
1284 637 1395 672 ’λέγειν;
1418 637 1488 671 Ἐγὼ
1504 638 1552 673 μὲν
1575 637 1662 664 ἐκεῖνό
1685 645 1775 673 φημι·
1791 637 1860 672 τάχα
1879 637 1902 663 δὲ

1122 685 1169 712 καὶ
1194 684 1295 716 πάντες
1313 681 1354 715 οἷς
1378 683 1488 719 μέτεστι
1505 683 1633 714 διανοίας,
1657 683 1737 709 τοῦτο
1762 682 1838 717 παρὰ
1857 682 1903 708 τῶν

1122 728 1318 763 ἀντιλεγόντων
1342 727 1545 763 ἐπιζητήσουσι,
1561 727 1591 753 τδ
1606 727 1654 762 τὴν
1670 727 1757 762 ἀρχὴν
1771 727 1818 753 τοῦ
1834 727 1902 760 λόγον

1107 774 1230 810 ,πρῶτον
1251 774 1297 800 ἐπί
1314 782 1386 805 τινος
1408 773 1605 808 ἀναντιρῤήτου
1623 772 1727 807 βάσεως
1751 773 1904 807 στήσαντας,

1131 819 1215 851 ὂῦτως
1233 820 1289 851 τοῖς
1303 818 1458 850 ἀκολούθοις
1476 817 1697 852 ὲναγωνίζεσοαι.
1714 818 1813 844 Οὑτοσὶ
1826 818 1903 844 τοίνδν

281 867 422 894 stabiliant
451 874 535 901 super
558 866 650 900 aliqua
675 866 734 893 basi
761 869 789 893 et
816 865 995 893 fundamento
1026 864 1071 892 cui

1124 865 1202 900 ἀφεὶς
1219 864 1268 900 τὴν
1289 864 1353 900 περὶ
1378 864 1424 890 τοῦ
1448 863 1547 899 χρῆναι
1573 862 1680 889 κτιστδν
1705 862 1788 890 αὑτὸν
1812 862 1904 888 οἴεσθαι

281 912 433 940 contradici
460 920 515 940 non
537 913 626 948 possit
643 922 649 939 :
665 911 718 939 hoc
744 916 834 939 autem
858 911 898 939 sic
919 911 1072 938 constituto

283 965 340 986 tum
364 959 475 986 demum
500 959 527 986 in
544 959 577 986 iis
597 966 657 993 quae
681 963 834 993 sequuntur
856 958 957 985 acriter
971 958 1072 984 instent

282 1009 309 1032 et
335 1004 489 1032 decertent.
513 1003 564 1030 Hic
591 1007 692 1036 autem,
709 1003 812 1030 omisso
836 1002 883 1029 illo
906 1001 1073 1029 stabilimine

283 1049 357 1085 quod
373 1052 500 1084 oporteat
524 1049 613 1084 ipsum
636 1052 760 1076 creatum
774 1056 835 1076 esse
853 1053 959 1084 putare,
973 1052 1071 1075 caetera

283 1095 467 1130 persequitur,
493 1102 549 1121 non
575 1094 738 1122 subsistenti
760 1093 941 1129 propositioni
962 1093 1073 1121 ratioci-

284 1140 427 1166 nationum
463 1139 688 1173 consequentiam
725 1139 965 1166 accommodans:
993 1139 1073 1174 quale

283 1184 348 1219 quid
366 1192 416 1211 usu
435 1185 509 1212 venit
527 1184 570 1212 bis
582 1184 627 1219 qui
644 1184 724 1211 vanis
739 1184 936 1219 cupiditatibus
951 1186 1072 1212 animum

284 1230 454 1265 applicantes
474 1229 610 1264 profunde
626 1229 759 1264 cogitant,
782 1228 824 1256 vel
840 1228 874 1256 ad
896 1237 1010 1264 regnum
1031 1230 1072 1257 vel

284 1275 318 1302 ad
342 1275 418 1302 aliud
443 1274 574 1309 quiddam
591 1281 686 1302 eorum
711 1282 771 1308 quae
794 1275 969 1304 vehementer
991 1284 1073 1310 cxpe-

287 1324 384 1348 tuntur
405 1320 617 1355 cogitationibus
641 1319 732 1347 ell‘usi.
756 1320 817 1347 Non
840 1324 869 1347 ut
888 1321 955 1355 ipsis
970 1321 1074 1356 aliquid

282 1374 379 1394 eorum
394 1373 454 1400 quae
477 1373 585 1393 summo
607 1365 699 1393 studio
712 1368 846 1401 expetunt
871 1366 992 1398 eveniat,
1014 1366 1073 1401 agi-

282 1416 341 1440 tant
356 1412 459 1444 animo,
476 1411 523 1439 sed
535 1415 664 1445 tanquam
680 1418 713 1438 eo
728 1416 860 1445 praesente
879 1411 1000 1446 sibiipsis
1017 1412 1074 1439 dis-

282 1463 391 1493 ponunt
411 1462 438 1484 et
458 1457 620 1492 dispensant
640 1463 690 1491 pro
714 1457 829 1484 arbitrio
854 1457 970 1484 fortuna:
988 1457 1075 1484 fcliciv

282 1508 365 1531 tatem
383 1503 541 1537 :voluptate
555 1501 672 1537 quadam
688 1502 715 1528 in
740 1502 808 1529 falsa
828 1509 922 1530 rerum
937 1503 1029 1537 specie
1047 1506 1074 1530 et

283 1549 402 1583 imagine
424 1547 548 1574 ludentes
573 1547 664 1573 animo
679 1551 824 1582 vagantur.
851 1547 897 1575 Sic
921 1548 1001 1576 nobis
1027 1555 1072 1575 sa-

283 1594 362 1629 piens
390 1593 442 1619 iste
464 1593 592 1627 scriptor,
621 1592 713 1618 tritam
743 1593 860 1619 multum
884 1598 910 1620 ct
935 1594 1072 1628 vulgatam

284 1646 363 1666 suam
385 1638 556 1666 dialecticam
578 1638 671 1664 nescio
696 1638 741 1664 ubi
767 1639 890 1673 sopiens.
914 1640 1071 1674 priusquam

285 1684 311 1711 id
328 1683 361 1711 de
382 1691 436 1718 quo
449 1683 581 1718 quzeritur
601 1683 840 1716 demonstraverit,
862 1688 991 1719 tanquam
1011 1692 1073 1719 par-

285 1730 357 1757 vulis
375 1730 537 1765 quibusdam
551 1730 645 1764 pueris
664 1730 816 1764 captiosum
841 1730 912 1757 banc
928 1734 955 1758 et
979 1731 1073 1758 incon—

285 1776 370 1803 ditam
397 1775 438 1802 sui
464 1775 600 1810 dogmatis
624 1775 780 1802 futilitatem
806 1776 863 1804 sive
889 1777 1072 1812 importunam

285 1821 478 1855 loquacitatem
504 1819 706 1847 confabtiiando
727 1821 860 1853 obtrudit,
880 1823 955 1848 velut
978 1829 1074 1849 narra-

284 1867 387 1894 tionem
401 1866 545 1901 quamdam
559 1866 726 1900 petulantem
738 1872 764 1893 et
777 1867 908 1894 lascivom
923 1875 1072 1902 exponens.

285 1911 355 1939 Dicit
370 1911 442 1939 enim
463 1910 553 1939 Patris
571 1916 633 1938 actu
658 1912 855 1941 subsistentem
868 1914 1015 1941 essentiam
1029 1921 1073 1940 re-

285 1958 377 1992 cipere
400 1953 570 1993 gennematis
587 1958 743 1993 (geniturae)
765 1961 793 1985 et
819 1958 932 1986 factum
953 1963 980 1986 et
999 1966 1076 1986 erea-

285 2007 355 2030 turaa
380 2002 601 2038 appellationem.
627 2002 757 2036 Quaenam
784 2004 853 2031 ratio
879 2003 1075 2031 demonstravit

285 2050 359 2076 velut
374 2048 463 2076 fabrili
480 2049 599 2084 quadam
618 2050 778 2083 operatione
791 2049 889 2077 Filium
902 2051 1052 2078 subsistere
1067 2060 1073 2077 :

285 2093 376 2122 Patris
391 2101 458 2121 vero
475 2097 602 2120 naturam
618 2092 788 2120 inefficacem
804 2094 878 2120 velut
901 2093 935 2120 ad
949 2093 1011 2121 Filii
1027 2094 1076 2129 hy-

287 2139 418 2173 postasim
440 2137 573 2165 manere?
590 2137 642 2164 boc
663 2137 736 2164 enim
759 2142 819 2165 erat
837 2138 871 2165 de
884 2146 939 2173 quo
953 2138 1076 2174 ambige-

1123 910 1304 945 κατασκευὴν,
1315 910 1350 936 τὰ
1366 909 1464 944 ἐφεξῆς
1482 908 1663 944 διεξέρχεται·
1680 908 1720 944 τῷ
1736 909 1904 943 ὰνυποπάτῳ

1122 957 1246 993 λήμματι
1263 956 1311 991 τὴν
1328 956 1381 982 τῶν
1403 954 1542 990 λογισμῶν
1566 953 1742 981 ἀκολούθειαν
1769 954 1902 989 ἁρμόζωνι

1122 1001 1177 1030 οἶόν
1191 1012 1216 1029 τι
1231 1003 1379 1037 πάσιουσιν
1392 1002 1417 1028 οἱ
1430 1002 1490 1032 ταῖς
1513 999 1641 1035 ματαίαις
1656 999 1820 1035 ἐπιθυμίαις
1843 1001 1904 1026 κατὰ

1122 1048 1210 1084 ψυχὴν
1231 1045 1466 1083 ἐμϐαθύνοντες,ἢ
1483 1046 1550 1081 πρὸς
1569 1045 1707 1081 βασιλείαν
1721 1045 1739 1080 ἦ
1760 1045 1829 1080 πρὸς
1850 1045 1905 1072 ἄλλο

1123 1095 1209 1122 τιτῶν
1223 1092 1446 1128 σπουδαζομένων
1463 1092 1522 1123 ταῖς
1535 1092 1650 1123 ἐννοίαις
1662 1091 1844 1126 διαχεόμενοι.
1859 1091 1906 1126 Οὐχ

1123 1142 1196 1172 ὅπως
1205 1140 1239 1166 ἂν
1247 1139 1350 1174 γένοιτό
1358 1147 1384 1165 τι
1393 1140 1448 1164 τῶν
1463 1137 1687 1173 σπουδαζομένων
1696 1138 1788 1169 αὺτοῖς
1797 1138 1907 1164 ἐπινοοῦ-

1124 1196 1166 1214 σιν
1176 1195 1183 1202 ·
1194 1185 1251 1213 ἀλλ’
1268 1185 1306 1217 ὡς
1319 1184 1413 1211 τούτου
1429 1184 1562 1219 παρόντος
1570 1182 1734 1210 διατιθέασιν
1745 1183 1853 1214 ἑαυτοῖς
1867 1183 1908 1209 καὶ

1123 1231 1292 1267 οἰκονομοῦσι
1318 1231 1386 1266 πρὸς
1409 1229 1439 1256 τὸ
1453 1228 1548 1256 δοκοῦν
1562 1228 1592 1255 τὸ
1611 1228 1765 1264 εὐτύχημα,
1785 1229 1830 1256 διά
1844 1238 1908 1259 τινος

1124 1277 1220 1313 ἡδονῆς
1251 1278 1306 1307 τοῖς
1340 1276 1524 1309 ἀνυπάρκτοις
1555 1275 1792 1309 ἐπιπλανώμενοι.
1823 1274 1908 1306 Οὕτως

1123 1323 1188 1358 ἡμῖν
1218 1321 1265 1348 καὶ
1288 1321 1302 1347 ὀ
1329 1320 1409 1354 σοφὸς
1434 1319 1601 1355 λογογράφος
1623 1319 1671 1355 τὴν
1696 1319 1908 1355 πολυθρύλλητον

1124 1368 1220 1396 ἑαυτοῦ
1246 1369 1417 1404 διαλεκτικὴν
1443 1368 1492 1394 οὐχ
1518 1365 1576 1394 οἶδα
1604 1368 1670 1394 ὅπου
1696 1369 1908 1402 κατακοιμήσας,

1124 1416 1189 1450 πρὶν
1213 1415 1342 1451 ἀποδείξῃ
1360 1415 1423 1450 περὶ
1446 1413 1493 1440 τοῦ
1511 1413 1692 1449 ζητουμένου,
1718 1413 1847 1449 καθάπερ
1861 1414 1910 1439 τισὶ

1124 1461 1240 1492 παιδίοις
1255 1459 1487 1495 διαμυθολογεῖται
1503 1459 1552 1495 τὴν
1577 1459 1718 1494 ἁπατηλὴν
1737 1459 1842 1494 ταύτην
1867 1459 1908 1485 καὶ

1125 1506 1311 1534 ἀκατάσκευον
1331 1505 1378 1532 τοῦ
1403 1505 1464 1532 καθ’
1490 1505 1584 1532 ἑαυτὸν
1609 1505 1744 1540 δόγματος
1768 1505 1908 1539 φλυαρίαν,

1125 1549 1179 1578 οἷον
1202 1551 1324 1586 διήγημά
1346 1559 1372 1577 τι
1396 1551 1535 1586 παροίνιον
1557 1550 1740 1584 ἐκτιθέμενος.
1759 1550 1844 1583 Λέγει
1862 1550 1910 1584 γὰρ

1122 1597 1171 1632 τὴν
1194 1597 1318 1632 ἐνεργείᾳ
1342 1595 1388 1622 τοῦ
1406 1595 1512 1631 Πατρὺς
1535 1596 1691 1622 ὑποστᾶσαν
1707 1594 1804 1621 οὐσίαν
1844 1594 1910 1629 δέχε-

1124 1643 1185 1669 σθαι
1199 1642 1247 1678 τὴν
1261 1642 1307 1669 τοῦ
1327 1642 1493 1677 γεννήματος
1507 1642 1553 1668 καὶ
1568 1642 1720 1677 ποιήματος
1732 1641 1782 1667 καὶ
1801 1641 1910 1675 κτίσμα-

1122 1697 1168 1720 τος
1199 1687 1394 1723 προσηγορίαν.
1433 1687 1480 1718 Τίς
1512 1686 1637 1720 ἀπέδειξε
1673 1686 1753 1720 λόγος
1792 1685 1912 1722 ἐνεργείᾳ

1123 1734 1176 1759 τινὶ
1198 1733 1435 1768 κατασκευαστικῇ
1466 1731 1511 1758 τὸν
1539 1732 1603 1758 Υιὸν
1633 1731 1800 1765 ὑποστῆναι,
1820 1731 1867 1765 τὴν
1888 1730 1912 1756 δὲ

1124 1779 1204 1814 φύσιν
1229 1779 1276 1806 τοῦ
1293 1779 1398 1815 Πατρδς
1421 1778 1600 1814 ἀνενέργητον
1628 1777 1665 1809 ὡς
1689 1777 1758 1812 πρὸς
1783 1777 1834 1812 τὴν
1854 1777 1913 1802 ὑπά-

1125 1833 1218 1850 στςισιν
1244 1823 1291 1850 τοῦ
1317 1824 1381 1850 Υἱοῦ
1410 1824 1519 1858 μεῖναι;
1545 1823 1581 1849 Τὸ
1603 1823 1657 1858 γὰρ
1679 1822 1913 1858 ἀμφιδαλλόμενὸν

1123 1879 1153 1897 τε
1170 1870 1216 1897 καὶ
1232 1869 1407 1906 ζητούμενον,
1423 1869 1501 1896 τοῦτο
1516 1867 1548 1903 ἧν
1561 1877 1568 1884 ο
1592 1869 1647 1894 εἴτε
1662 1869 1678 1903 ὴ
1699 1868 1781 1895 οὐσία
1798 1867 1846 1894 τοῦ
1866 1868 1914 1893 Πα-

1124 1917 1186 1952 196,-
1201 1917 1329 1951 ἐγέννησε
1344 1915 1390 1942 τδν
1412 1915 1488 1947 Υἰὸν,
1502 1914 1557 1940 εἴτε
1576 1923 1602 1940 τι
1615 1913 1668 1940 τῶν
1682 1913 1784 1946 ἔξωθεν
1798 1921 1914 1949 παρεπο-

1126 1963 1225 1998 μένων,
1240 1963 1273 1998 τῇ
1292 1961 1371 1996 φύσει
1387 1961 1480 1987 τοῦτον
1497 1959 1653 1995 εἰργάσατο.
1673 1959 1728 1994 Τῆς
1743 1958 1838 1985 τοίνυν
1857 1958 1914 1984 Ἐκ-

1125 2008 1238 2043 κλησίας
1265 2007 1335 2034 κατὰ
1357 2007 1407 2042 τὴν
1434 2005 1509 2033 Θείαν
1532 2004 1705 2032 διδασκαλίαν
1722 2004 1836 2039 ἀληθῶς
1857 2002 1915 2029 Θεὸν

1125 2052 1194 2081 εἶναι
1217 2053 1263 2079 τδν
1290 2052 1430 2087 Μονογενῆ
1454 2050 1645 2085 πιστευούσης,
1661 2050 1711 2086 τὴν
1735 2049 1766 2076 δὲ
1792 2048 1916 2076 πολύθεον

1125 2097 1334 2132 δεισιδαιμονίαν
1359 2096 1591 2132 βδελυσσομένης,
1620 2095 1668 2122 καὶ
1696 2094 1740 2121 διὰ
1768 2094 1851 2121 τοῦτο
1873 2094 1916 2127 τὴν

1125 2143 1180 2169 τῶν
1196 2142 1304 2177 φύσεων
1326 2142 1456 2177 διαφορὰν
1470 2141 1500 2168 οὐ
1523 2140 1754 2177 προσδεχομένης,
1771 2140 1810 2172 ὼς
1829 2140 1862 2167 ἂν
1885 2138 1916 2174 μὴ

287 2185 388 2217 batur,
411 2188 438 2210 et
461 2182 535 2219 quod
560 2183 754 2218 quaerebatur,
782 2188 873 2210 utrum
898 2184 1073 2212 subsistentia

1127 2190 1160 2224 τῇ
1176 2187 1337 2224 παραλλαγῇ
1352 2187 1406 2214 τῶν
1422 2187 1522 2214 οὐσιῶν
1537 2187 1589 2213 ὑπὸ
1605 2186 1722 2222 ἀριθμὸν
1737 2187 1767 2212 αἱ
1783 2186 1916 2220 θειότητες

287 2228 376 2256 Patris
405 2227 505 2255 Filium
535 2228 649 2262 genuit,
679 2232 772 2255 utrum
801 2229 866 2264 quid
893 2237 987 2257 eorum
1015 2238 1076 2265 qua:

287 2275 461 2302 extrinsecus
476 2274 645 2301 comitantur
660 2281 797 2307 naturam,
820 2275 893 2303 hunc
910 2275 984 2304 fecit.
1000 2276 1076 2309 Quo-

288 2323 361 2347 niam
385 2320 469 2356 igitur
484 2319 606 2348 Ecclesia
629 2319 722 2347 divina
738 2320 862 2348 doctrina
884 2323 991 2349 erudita
1009 2322 1076 2350 Uni-

288 2366 411 2400 genitum
431 2365 520 2392 credit
533 2373 596 2393 vere
611 2373 672 2393 esse
695 2365 790 2400 Deum,
810 2371 837 2394 et
856 2366 969 2395 deorum
984 2368 1077 2395 multi-

290 2411 412 2439 tudinem
427 2411 615 2444 abominatur,
632 2416 659 2440 et
677 2417 821 2449 propterea
838 2419 998 2441 naturarum
1018 2415 1077 2442 dis-

289 2458 395 2485 crimen
425 2465 480 2485 non
498 2458 636 2492 admittit,
660 2467 694 2486 ne
715 2460 901 2487 essentiarum
924 2459 1078 2488 diﬂerentia

290 2505 318 2531 in
339 2513 484 2532 nurerum
511 2505 669 2534 divinitatcs
694 2506 831 2540 incidant,
865 2507 935 2540 quod
959 2507 1077 2542 ,quidem

289 2557 344 2578 non
359 2555 400 2578 est
416 2551 489 2578 aliud
505 2558 586 2586 quam
601 2551 714 2579 deorum
731 2552 836 2579 turbam
857 2553 884 2579 in
898 2553 980 2580 vitam
996 2554 1078 2580 indu-

289 2597 438 2625 eere:luec
450 2596 532 2632 igitur
551 2597 674 2625 Ecclesia
701 2607 764 2625 cum
784 2599 953 2634 populariter
971 2600 1076 2632 doceat,

288 2643 363 2677 quod
374 2650 406 2670 cx
430 2643 548 2670 essentia
577 2644 632 2671 veri
658 2644 717 2676 Dei,
736 2652 819 2671 verus
838 2644 908 2672 Deus
925 2646 1077 2672 secundum

289 2688 436 2714 essentiam
458 2688 625 2724 Unigenitus
656 2695 698 2716 est
721 2689 807 2722 Dens,
828 2697 888 2717 eum
913 2695 1004 2718 autem
1032 2691 1077 2726 qui

289 2733 334 2760 bis
363 2735 503 2762 concessis
535 2738 562 2762 et
593 2735 711 2769 cognitis
739 2735 858 2762 decretis
887 2741 1022 2772 repugnat
1052 2741 1076 2765 et

290 2779 463 2813 contradicit,
482 2780 622 2815 quomodo
635 2780 813 2815 anticipatam
828 2782 984 2816 opinionem
1000 2791 1078 2810 ever-

292 2829 348 2853 tere
362 2826 526 2862 oportebat?
539 2826 634 2855 Nonnc
645 2826 740 2855 debuit
753 2828 907 2863 oppesitum
923 2837 1078 2858 sermonem

1127 2234 1262 2267 πίπτοιεν,
1290 2234 1376 2269 ’ὅπερ
1401 2234 1476 2260 οὐδέν
1498 2234 1571 2260 ἐστιν
1596 2232 1700 2269 ἕτερον,
1726 2231 1743 2267 ἢ
1766 2232 1818 2267 τὴν
1844 2231 1918 2258 πολυ-

1127 2280 1202 2306 θεῖαν
1218 2279 1299 2306 πάλιν
1322 2279 1478 2314 ἐπεισάγειν
1500 2279 1540 2314 τῷ
1560 2278 1622 2314 βίῳ·
1651 2277 1739 2304 Ιταῦτα
1766 2277 1858 2304 τοίνυν
1875 2277 1917 2310 τῆς

1133 2324 1295 2360 Ἐκκλησίας
1321 2323 1461 2356 ἰδιωτικῶς
1485 2323 1674 2358 διδασκούσης,
1700 2323 1742 2349 ὅτι
1758 2324 1793 2349 ὲκ
1815 2322 1866 2357 τῆς
1879 2321 1917 2348 οὐ·

1128 2369 1188 2401 σίας
1204 2368 1250 2395 τοῦ
1269 2367 1396 2404 ἀληθινοῦ
1422 2368 1501 2400 Θεοῦ,
1525 2368 1652 2403 ἀληθινὸς
1667 2367 1733 2399 Θεὸς
1752 2375 1807 2394 κατ
1832 2366 1915 2394 οὐσία-

1128 2415 1308 2450 όΜονογενής
1325 2416 1381 2440 ἐστι
1397 2414 1473 2446 Θεόςο
1493 2413 1539 2441 τὸν
1558 2413 1745 2440 ἀντιϐαίνοντα
1763 2414 1823 2445 τοῖς
1841 2413 1917 2447 ἐγνω-

1130 2461 1249 2497 σμένοις,
1270 2461 1329 2492 πῶς
1352 2460 1515 2496 ἀνατρέπειν
1542 2459 1595 2486 ἔδει
1621 2458 1671 2495 τὴν
1696 2458 1918 2494 προειλημμένην

1129 2507 1279 2542 ὑπόληψιν;
1297 2506 1364 2541 Οὐχὶ
1378 2505 1408 2532 τὸ
1425 2505 1639 2537 κατασκευάζειν
1663 2505 1708 2531 τὸν
1732 2505 1917 2539 ἀντικείμενον

1128 2553 1205 2587 λόγον
1233 2552 1278 2579 διὰ
1302 2560 1374 2582 τινος
1399 2550 1618 2586 ὁμολογουμένης
1643 2549 1729 2585 ἀρχῆς
1762 2549 1918 2576 συναποδει-

1129 2600 1242 2628 κνύοντα
1255 2599 1285 2625 τὸ
1299 2598 1463 2633 ἁμφίϐολον;
1481 2598 1538 2624 Οὐκ
1562 2597 1595 2624 ἂν
1616 2595 1692 2632 οἶμαί
1706 2605 1768 2623 τινα
1782 2596 1840 2622 τῶν
1863 2595 1919 2622 νοῦν

1129 2645 1243 2680 ἐχόντων
1257 2645 1350 2680 ἕτερόν
1368 2653 1392 2670 τι
1410 2643 1484 2679 παρὰ
1505 2643 1592 2670 ταῦτα
1607 2643 1734 2678 ζητῆσαι.
1761 2643 1834 2669 Ἀλλ’
1847 2638 1920 2672 οὗτος

1129 2691 1182 2717 ἀπὸ
1204 2690 1257 2716 τῶν
1279 2689 1542 2725 ἀμφισϐητουμένων
1562 2689 1684 2724 ἄρχεται,
1702 2689 1750 2715 καὶ
1771 2689 1810 2719 ὡς
1825 2687 1920 2715 ’ἀποδε-

1129 2736 1289 2771 δειγμένων,
1313 2735 1400 2771 ἀρχὴν
1426 2735 1464 2771 τῷ
1487 2735 1588 2770 ἐφεξῆς
1613 2734 1702 2762 δίδωσι
1726 2735 1810 2769 λόγῳ.
1845 2734 1922 2760 Ἀπο-

1129 2782 1278 2817 δειχθέντος
1294 2781 1348 2818 γὰρ
1366 2782 1496 2817 πρότερον
1516 2782 1557 2808 ὃτι
1580 2782 1624 2809 διά
1649 2790 1722 2813 τινος
1745 2781 1889 2815 ἐνεργείας
1909 2779 1922 2804 6

1131 2829 1194 2860 Υἱὸς
1210 2828 1314 2864 ὑπέστη
1325 2836 1331 2843 ”
1347 2827 1390 2860 τίς
1404 2827 1436 2855 ἂν
1450 2826 1484 2863 ἦν
1500 2827 1573 2863 μάχη
1590 2827 1658 2864 πρὸς
1676 2828 1707 2855 τὸ
1729 2827 1876 2863 ἑπόμενον,
1895 2824 1922 2852 τὺ
