1959 3075
250 114 307 142 655

873 98 917 138 's.
937 109 1103 138 cneconu
1121 108 1270 138 NYSSENt

1835 102 1885 131 656

252 180 315 201 esse
338 170 489 201 secundum
508 176 601 197 vocem
622 172 650 196 et
673 168 806 205 linguam,
833 169 908 204 quod
928 169 1038 205 quidem

1103 171 1239 202 isixvuctv,
1265 169 1315 196 οὐκ
1332 167 1498 204 ἀρνούμεθα.
1517 167 1591 194 Ὠτία
1614 166 1654 199 δὲ,
1671 164 1765 196 καθώς
1783 172 1862 199 φησιν
1873 165 1887 189 ὸ

253 219 289 246 de
313 218 392 245 nobis
415 217 587 244 demonstrat
612 214 712 247 oratio,
730 222 786 242 non
802 215 967 243 inﬁciamur.
982 215 1040 242 Au-

253 265 358 291 riculas
385 265 486 293 autem,
515 261 588 288 sicut
613 260 652 287 ait
668 259 815 296 Propheta,
834 260 914 288 nobis
935 264 1040 296 aptatas

252 317 315 337 esse
329 313 356 336 et
368 307 536 342 compositas
557 306 590 334 ad
615 306 739 334 auditum
756 307 826 335 bene
846 307 1040 342 intelligentem

253 353 426 380 conﬁtemur.
441 351 587 386 Propterea
599 358 647 386 per
657 358 814 386 compagem
827 351 969 384 nominum
982 358 1042 386 qua:

254 398 357 426 nullam
382 398 452 424 inter
475 405 505 425 se
528 397 633 424 habent
652 397 885 429 communionem,
907 396 941 424 ad
958 397 1043 432 signi-

255 444 398 471 ﬁcatorum
410 442 600 470 confusionem
614 442 773 477 neutiquam
791 442 957 470 inducimur.
974 441 1042 469 Nam

253 489 308 517 etsi
327 497 442 524 magnus
455 489 604 524 Apostolus
616 488 644 516 in
661 488 756 517 eodem
768 488 900 516 orationis
914 492 1042 515 contextu

257 535 380 563 nominet
400 535 473 571 ligna
489 540 515 562 et
528 534 620 562 fenum
637 539 664 562 et
680 534 820 569 stipulam,
848 541 1000 569 aurumque
1016 538 1043 561 et

256 587 399 618 argentum
421 586 449 610 et
474 581 578 617 lapides
600 581 734 616 pretiosos
750 580 808 613 “';
833 585 923 608 tamen
937 584 965 608 et
996 588 1044 608 nu-

257 636 363 655 merum
380 635 476 655 eorum
502 635 563 662 quae
589 627 728 654 recensuit
746 626 903 654 summatim
929 634 1044 662 compu-

255 677 360 705 tamus,
374 677 456 708 atque
471 673 553 699 etiam
571 676 696 699 naturam
711 679 808 699 eorum
823 679 885 706 quae
900 672 1043 699 nominata

258 723 323 746 sunt
338 719 448 754 proprie
469 723 495 746 et
517 718 693 754 singulariter
706 721 786 753 prout
801 719 901 752 cuique
915 718 1044 745 convenit

261 772 315 791 non
343 764 545 800 ignorabimus;
564 764 604 791 sic
629 764 710 791 etiam
726 771 800 791 nunc
814 771 945 799 gennema
959 767 987 790 et
1004 763 1045 790 fa-

260 815 338 838 ctura
352 819 414 838 cum
432 811 465 839 de
482 810 578 838 eodem
597 810 736 838 nominata
755 810 820 842 sint,
834 818 867 838 ex
883 810 997 837 vocibus
1013 809 1045 836 ad

1096 217 1251 252 Προφήτης,
1280 214 1461 250 κατηρτίσθαι
1485 215 1534 240 καὶ
1555 214 1621 249 ἡμῖν
1644 213 1715 248 πρὸς
1740 210 1826 246 ἀκοὴν
1841 210 1886 236 εὐ-

1096 261 1215 294 σύνετον,
1242 260 1436 295 ὁμολογοῦμεν.
1457 259 1558 294 Διόπερ
1585 258 1660 285 οὐδὲν
1685 257 1731 284 διὰ
1752 257 1804 292 τῆς
1828 264 1888 282 συν-

1095 307 1192 341 αφείας
1215 306 1270 332 τῶν
1287 305 1476 340 ἀκοινωνήτων
1497 303 1636 338 ὀνομάτων
1654 303 1694 334 εἰς
1711 302 1762 337 τὴν
1777 300 1832 326 τῶν
1841 309 1889 335 ση-

1097 353 1266 388 μαινομένων
1280 351 1410 387 σύγχυσιν
1426 349 1588 385 ὑπαγόμεθα
1601 357 1608 364 ο
1625 348 1692 376 ἀλλὰ
1705 347 1758 374 κᾶν
1773 347 1789 373 ό
1803 346 1888 381 μέγας

1103 398 1260 430 Ἀπόστολος
1269 397 1338 424 κατὰ
1355 397 1453 424 ταύτὸν
1479 396 1599 431 ὀνομάσῃ
1624 394 1690 428 ξύλα
1708 393 1758 420 καὶ
1782 391 1886 427 χόρτον,

1096 445 1143 472 καὶ
1157 445 1292 481 καλάμην,
1308 444 1407 480 χρυσόν
1429 451 1459 481 τε
1481 443 1527 470 καὶ
1545 442 1665 477 ἄργυρον
1680 441 1728 467 καὶ
1746 438 1837 470 λίθους
1848 446 1888 464 τι-

1098 491 1175 527 μίους
1184 498 1190 505 ·
1205 491 1251 517 καὶ
1265 490 1311 517 τδν
1323 489 1438 525 ἀριομδν
1449 488 1503 516 τῶν
1519 486 1762 524 μνημονευθέντων
1784 485 1830 510 ἐπὶ
1841 492 1886 510 κε-

1097 526 1210 571 φαλαίου
1229 535 1450 571 συλλογιζόμεθα,
1469 535 1514 562 καὶ
1533 534 1582 569 τὴν
1598 533 1679 568 φύσιν
1703 531 1821 558 ἑκάστου
1836 530 1888 556 τῶν

1097 582 1350 618 κατωνομασμένων
1373 580 1526 612 ἰδιαζόντως
1547 580 1596 606 οὑκ
1619 578 1806 613 ἀγνοήσομεν·
1820 575 1890 601 οὓτω

1097 628 1144 654 καὶ
1160 627 1207 654 νῦν
1217 627 1385 662 γεννήματος
1398 626 1446 653 καὶ
1466 626 1618 661 ποιήματος
1626 623 1696 650 κατὰ
1708 621 1809 649 ταύτὸν
1822 628 1890 655 μνη-

1099 673 1292 708 μονευθέντων,
1313 673 1345 699 ἐκ
1369 671 1424 699 τῶν
1453 671 1549 706 φωνῶν
1573 670 1621 696 ἐπὶ
1642 668 1676 695 τὰ
1702 666 1889 703 σημαινόμενα

1099 718 1277 754 μεταϐάντες,
1293 718 1323 745 οὐ
1333 717 1382 753 τὴν
1396 717 1480 752 αὐτὴν
1503 716 1611 750 ἑκάστῳ
1629 714 1682 741 τῶν
1694 713 1837 748 ὀνομάτων
1849 713 1890 737 ὲν-

1098 763 1255 799 Θεωροῦμεν
1283 763 1412 790 διάνοιαν.
1428 762 1510 789 ’Λλλο
1534 762 1589 797 γάρ
1609 769 1636 787 τι
1659 760 1688 787 τὸ
1712 759 1826 794 κτίσμα,
1844 757 1890 783 καὶ

1097 811 1190 844 ἕτερον
1211 809 1340 845 σημαίνει
1362 810 1392 836 τὺ
1409 810 1530 845 γέννημα
1546 817 1553 824 ·
1569 807 1642 834 ὥστε
1653 807 1706 833 κᾶν
1723 806 1827 836 ἐκεῖνος
1848 812 1891 838 μι-

261 857 411 891 signiﬁcata
435 860 620 888 transeuntes,
645 863 699 882 non
729 856 854 883 eamdem
878 856 907 883 in
935 863 1045 890 quoque

1103 854 1164 891 τνύῃ
1175 855 1209 882 τὰ
1226 856 1346 890 ἄμικτα·
1361 856 1375 881 ό
1393 854 1502 885 συνετὸς
1521 853 1659 889 ἀκροατὴς
1674 849 1891 885 διακεκριμένως

229 931 231 934 ,
260 902 402 929 nominum
427 902 636 937 intelligentiam
668 901 807 928 intuemur
833 910 841 928 :
871 901 945 929 aliud
970 901 1043 928 enim

259 945 290 972 τὸ
306 946 409 982 κτίσμα
431 945 593 981 (creatura),
614 946 687 973 aliud
710 954 775 973 vero
795 945 931 981 signiﬁcat
945 946 975 973 τὸ
986 946 1049 979 γέν-

259 999 334 1026 νημα
371 991 507 1026 (genitura
535 991 592 1020 sive
617 991 768 1030 progenies)
810 990 849 1018 lta
875 995 906 1018 ut
933 991 984 1019 etsi
1005 992 1050 1020 ille

261 1036 375 1064 misceat
406 1043 439 1063 ea
462 1043 523 1072 quae.
544 1040 686 1071 nequeunt
711 1036 884 1064 commisceri
908 1046 915 1065 :
950 1037 1051 1065 intelli-

261 1089 331 1116 gens
357 1081 468 1110 auditor
490 1082 621 1109 distincte
643 1081 736 1108 audiet
757 1085 785 1108 et
802 1081 1001 1110 demonstrabit
1012 1091 1045 1110 ex

262 1127 306 1155 his
332 1135 395 1156 esse
423 1135 484 1163 quae
511 1127 571 1155 ﬁeri
594 1135 649 1155 non
673 1130 800 1161 possunt,
819 1128 988 1162 γεννήματος
1000 1135 1047 1163 ge-

263 1173 361 1201 niturae
384 1177 412 1201 et
434 1173 581 1208 κτίσματος
602 1173 717 1200 iacturae
733 1172 942 1208 appellationem
965 1181 1045 1200 unam

263 1218 381 1253 aliquam
407 1219 435 1246 in
458 1219 577 1254 seipsam
606 1219 729 1252 recipere
753 1222 891 1245 naturam.
916 1217 946 1246 Si
973 1219 1046 1246 enim

263 1263 360 1290 horum
376 1263 492 1290 alterum
507 1270 571 1290 vere
581 1262 634 1290 dici
653 1265 756 1296 posset,
768 1261 941 1289 mendacium
953 1269 1048 1290 neces-

262 1309 336 1336 sario
349 1310 402 1336 erit
416 1309 542 1336 alterunt.
563 1307 653 1341 Quare
675 1307 697 1335 si
718 1307 821 1342 κτίσμα
839 1306 945 1334 factura
962 1313 1046 1340 esset,

1097 900 1242 928 ἀκούσεται
1257 901 1303 927 καὶ
1320 900 1401 933 δείξει
1411 900 1465 927 τῶν
1478 899 1617 926 ἀδυνάτων
1631 895 1700 924 εἶναι
1714 896 1763 930 τὴν
1775 894 1823 921 τοῦ
1832 902 1891 927 γεν-

1098 946 1217 982 νήματος
1237 946 1284 973 ita).
1306 945 1356 981 τὴν
1379 945 1426 972 τοῦ
1439 945 1588 980 κτίσματος
1608 941 1807 978 προσηγορίαν,
1831 939 1891 974 μίαν

1099 992 1159 1018 τινὰ
1182 992 1263 1026 φύσιν
1287 993 1327 1022 είς
1354 991 1453 1026 ἑαυτὴν
1475 989 1608 1025 δέχεσθαι.
1628 989 1659 1014 Εἰ
1682 987 1736 1022 γὰρ
1751 985 1783 1012 τὸ
1798 985 1892 1019 ἕτερον

1099 1037 1257 1072 ὰληθεύοιτο
1280 1037 1393 1070 τούτων,
1422 1036 1518 1072 ψεῦδος
1545 1036 1574 1069 ἐξ
1603 1034 1726 1068 ἀνάγκης
1758 1032 1836 1058 ἔσται
1864 1030 1893 1056 τὸ

1098 1083 1201 1118 ἕτερον.
1217 1084 1298 1110 Ὥστε
1319 1084 1343 1110 εί
1364 1082 1465 1118 κτίσμα
1481 1083 1534 1118 εἵη,
1556 1083 1593 1117 μή
1606 1078 1676 1107 εἶναι
1688 1079 1815 1113 γέννημα
1827 1085 1834 1092 ·
1848 1076 1893 1101 καί

1098 1129 1129 1155 τὸ
1142 1129 1270 1164 ἔμπαλιν,
1294 1130 1318 1169 εί
1339 1129 1462 1164 γέννημα
1481 1128 1597 1162 λέγοιτο,
1623 1123 1832 1160 ἀλλοτριοῦσθαι
1845 1121 1893 1155 τῆς

1098 1175 1256 1211 ἐπωνυμίας
1270 1175 1316 1202 τοῦ
1343 1175 1502 1210 κτίσματος.
1519 1173 1599 1200 Ἀλλά
1623 1172 1731 1207 φησινό
1749 1169 1891 1203 Εὐνόμιος.

1100 1222 1138 1252 εἰς
1150 1221 1248 1257 ἑαυτὴν
1273 1221 1398 1256 δέχεσθαι
1423 1220 1471 1247 τοῦ
1498 1220 1562 1246 Υἱοῦ
1578 1219 1626 1255 τὴν
1643 1218 1738 1245 οὐσίαν
1769 1215 1820 1247 τὰς
1848 1213 1892 1240 τοῖι

1100 1267 1270 1302 γεννήματος
1302 1267 1349 1294 καὶ
1375 1267 1526 1301 ποιήματος
1560 1265 1608 1292 καὶ
1633 1264 1785 1298 κτίσματος
1812 1267 1894 1294 προς-

1101 1312 1224 1347 ηγορίας.

263 1362 319 1382 non
331 1358 402 1382 esset
419 1354 541 1388 γέννημα
558 1352 705 1388 (genitura)
722 1361 729 1379 :
750 1357 777 1379 et
809 1352 869 1379 vice
887 1359 976 1384 versa,
1009 1353 1032 1380 si
1065 1354 1188 1391 γέννημα
1215 1356 1362 1392 (genitura)
1377 1356 1526 1388 diceretur,
1550 1355 1718 1382 alienantur
1741 1360 1757 1379 a
1784 1351 1895 1378 factum

263 1399 384 1426 nomine.
408 1397 464 1426 Sed
487 1397 526 1424 ait
555 1397 718 1429 Eunomius.
734 1397 761 1424 in
778 1396 898 1431 seipsam
922 1397 1044 1432 recipere

1103 1401 1131 1428 lii
1155 1402 1303 1430 essentiam
1327 1403 1496 1437 γεννήματος
1521 1400 1674 1436 (genitura)
1697 1403 1725 1426 et
1742 1398 1895 1434 ποιήματος

263 1444 398 1481 (facturae)
416 1448 442 1472 et
459 1444 607 1479 κτίσματος
629 1442 786 1478 (creaturae)
803 1441 1011 1477 appellationes.

299 1491 353 1520 Sed
374 1491 498 1527 nunquid
514 1499 562 1526 per
586 1498 618 1517 ea
644 1498 704 1525 quae
720 1495 874 1525 sequuntur
900 1490 974 1518 hunc
987 1491 1047 1518 sine

1135 1493 1180 1528 Μή
1193 1501 1219 1520 τι
1231 1493 1275 1520 διὰ
1288 1492 1342 1520 τῶν
1355 1491 1509 1519 ὑπολοίπων
1528 1489 1753 1526 κατησφαλίσατο
1767 1489 1815 1515 τδν
1835 1488 1895 1515 ἀκέ-

265 1537 356 1572 eapite
377 1541 404 1564 et
425 1537 484 1564 sine
506 1536 601 1563 radice
622 1543 779 1563 sermonem
797 1537 979 1568 conﬁrmavit,
1001 1536 1048 1571 qui

1103 1538 1186 1572 φαλον
1203 1538 1296 1565 τοῦτον
1310 1538 1356 1565 καὶ
1372 1537 1483 1574 ἄρριζον
1495 1537 1586 1571 λόγον.
1617 1534 1646 1567 ὃς
1661 1535 1776 1570 οὐδεμιᾷ
1787 1534 1833 1560 διὰ
1845 1534 1895 1560 τῶν

265 1582 375 1618 quidem
399 1582 482 1610 exiis
496 1589 556 1617 quze
571 1582 648 1616 prius
672 1581 746 1608 dicta
772 1585 837 1609 sunt
860 1582 935 1608 nullo
952 1582 1050 1610 robore

266 1627 397 1655 fundatus
421 1631 464 1655 est
502 1627 535 1654 ad
566 1626 593 1654 id
628 1626 701 1661 quod
723 1626 968 1660 superaediﬁcatum
998 1629 1055 1654 est?

265 1673 308 1701 An
333 1673 415 1700 etiam
430 1673 535 1708 reliqua
550 1671 644 1699 eadem
657 1671 779 1699 vanitate
792 1672 930 1704 laborant,
943 1679 958 1698 a
975 1672 1052 1699 nullo

266 1729 300 1748 ex
310 1719 464 1747 rationibus
474 1719 558 1754 petito
571 1718 672 1745 auxilio
684 1718 768 1745 robur
778 1717 894 1752 adepta;
907 1718 955 1744 sed
968 1718 1051 1745 latam

267 1771 294 1794 et
314 1765 480 1793 inconditam
503 1764 577 1792 velut
593 1764 620 1791 in
634 1763 803 1791 somniorum
825 1763 983 1790 narratione
998 1763 1053 1790 bla-

267 1812 398 1847 sphemiae
410 1811 611 1846 expositionem
634 1810 776 1837 habentia?
790 1809 862 1837 Dicit
881 1809 954 1837 enim
970 1809 1052 1837 dictis

266 1855 325 1882 haec
351 1858 502 1882 annectens
527 1864 534 1882 :
559 1853 747 1881 Immediatam
770 1855 874 1889 quidem
899 1855 952 1881 sive
979 1854 1053 1881 nullo

266 1901 456 1928 intercurrente
472 1899 557 1926 medio
575 1899 712 1926 habentem
727 1900 931 1933 generationem,
952 1900 1052 1933 impur-

267 1945 379 1972 tibiliter
391 1949 481 1971 autem
496 1948 642 1983 servantem
656 1951 715 1970 cum
728 1951 758 1970 eo
775 1944 819 1978 qui
832 1944 922 1979 genuit
941 1948 966 1971 et
981 1944 1052 1978 fecit,

267 1994 291 2017 et
307 1990 403 2017 creavit
420 1990 586 2016 relationem.
599 1988 628 2016 Si
642 1989 725 2020 enim.
741 1996 773 2016 eo
784 1989 895 2024 dempto
908 1997 963 2024 quo
975 1989 1052 2022 dicit,

267 2036 449 2063 immediatum
461 2040 486 2062 et
499 2034 698 2069 impartibilem,
721 2033 809 2069 ipsam
832 2034 860 2061 in
881 2035 971 2070 seipsa
991 2042 1053 2061 ver-

267 2081 364 2108 borum
389 2080 555 2107 sententiam
581 2084 746 2113 spectemus,
778 2079 949 2107 inveniemus
977 2079 1052 2113 quod

268 2126 371 2161 ubique
391 2125 523 2153 doctrinae
545 2125 670 2152 delirium
683 2129 711 2151 et
725 2131 816 2151 meras
827 2131 914 2158 nugas
926 2124 1056 2159 nulloque

269 2170 387 2198 rationis
409 2173 549 2196 momento
564 2169 754 2196 conlirmatum
771 2176 926 2196 sermonem
941 2169 1055 2197 auribus

1104 1585 1220 1620 πρώτων
1237 1585 1389 1619 κατεσλήθη
1402 1583 1469 1618 πρὸς
1485 1582 1516 1609 τὸ
1531 1580 1808 1614 κατασκευαζόμενον
1818 1579 1895 1606 δυνὰ-

1106 1636 1164 1662 μει;
1176 1628 1209 1654 "ll
1225 1629 1272 1655 καὶ
1286 1627 1320 1654 τὰ
1331 1627 1411 1654 λοιπὰ
1425 1626 1476 1662 τῆς
1493 1626 1577 1659 αὐτῆς
1593 1624 1684 1660 ἔχεται
1703 1624 1896 1659 ματαιότητος,

1104 1673 1154 1699 οὐκ
1168 1674 1222 1700 ἀπό
1238 1682 1308 1706 τινος
1319 1674 1368 1708 τῆς
1391 1673 1424 1700 ὲκ
1443 1672 1497 1699 τῶν
1517 1671 1653 1706 λογισμῶν
1667 1670 1833 1705 συμμαχίας
1851 1671 1897 1704 τήν

1106 1720 1182 1754 ἰσχὺν
1198 1719 1384 1755 προλαϐόνταδ
1415 1718 1484 1746 ἀλλὰ
1508 1717 1658 1751 διεξοδικὴν
1677 1725 1708 1742 τε
1725 1716 1775 1742 καὶ
1796 1715 1898 1742 ἀκατά-

1106 1773 1202 1791 σκευον
1217 1764 1311 1800 ὥσπερ
1322 1765 1368 1791 ἐπὶ
1374 1764 1425 1799 τῆς
1434 1763 1488 1790 τῶν
1501 1763 1613 1798 ὀνείρων
1623 1762 1778 1797 διηγήσεως
1790 1762 1841 1796 τὴν
1851 1760 1897 1794 τῆς

1107 1810 1279 1845 βλασφημίας
1294 1809 1399 1836 ἔκθεσιν
1420 1808 1531 1843 ﬁxos/ra;
1547 1809 1628 1842 Λέγει
1642 1807 1696 1843 γὰρ
1713 1809 1772 1838 τοῖς
1785 1807 1896 1841 εἰρημέ-

1105 1863 1160 1887 νοις
1170 1855 1338 1890 ὲπισυνάψας
1349 1854 1436 1882 ταῦτα
1448 1863 1455 1870 ·
1470 1855 1511 1881 ὅτι
1525 1854 1729 1889 Ἁλιεσίτευτον
1737 1852 1798 1887 μὲν
1813 1853 1898 1886 ἔχου-

1106 1909 1167 1927 σαν
1187 1900 1244 1934 τὴν
1270 1900 1432 1936 γέννησιν,
1447 1900 1611 1934 ἀμερίστως
1627 1898 1661 1924 δὲ
1671 1897 1835 1927 σώζουσαν
1846 1895 1898 1929 τὴν

1107 1948 1180 1982 πρὸς
1204 1948 1257 1974 τὸν
1285 1947 1483 1982 γεγεννηκότα
1504 1945 1552 1972 καί
1569 1943 1756 1977 πεποιηκότα
1772 1942 1823 1969 καὶ
1839 1942 1898 1968 κτί-

1107 2000 1204 2020 σαντα
1217 1992 1337 2027 σχέσιν.
1353 1992 1384 2018 Εἰ
1409 1990 1464 2026 γὰρ
1483 1989 1513 2017 τδ
1526 1988 1703 2024 ἀμεσίτευτόν
1715 1996 1745 2014 τε
1767 1988 1817 2014 καὶ
1833 1987 1898 2022 ἁμέ-

1109 2047 1200 2072 ριστον
1221 2038 1426 2068 καταλιπόντες,
1439 2035 1523 2071 αὐτὴν
1537 2035 1579 2069 ἐφ’
1595 2034 1694 2069 ἑαυτῆς
1706 2034 1897 2069 θεωρήσαιμεν

1107 2083 1156 2118 τὴν
1171 2083 1226 2108 τῶν
1242 2083 1372 2118 ῥημάτων
1391 2081 1522 2114 διάνοιαν,
1541 2080 1692 2116 εὑρήσομεν
1706 2079 1747 2105 ὅτι
1762 2078 1897 2113 πανταχοῦ

1107 2127 1138 2154 τὸ
1151 2127 1269 2163 ληρῶδες
1281 2127 1331 2162 τῆς
1348 2125 1520 2157 διδασκαλίας
1536 2125 1569 2152 δι’
1586 2123 1692 2155 οὐδενὸς
1710 2123 1897 2158 ίσχυροποιού-

1111 2181 1190 2208 μενον
1201 2173 1277 2206 λόγου
1293 2173 1351 2203 ταῖς
1363 2172 1458 2203 ἀκοαῖς
1469 2171 1523 2197 τῶν
1537 2169 1725 2204 ἀπατωμένων
1733 2169 1898 2204 προσρίπτε-

269 2216 446 2249 deceptorum
474 2213 592 2249 projicit.
622 2213 690 2240 Eum
706 2213 750 2247 qui
775 2214 872 2248 genuit,
901 2214 1002 2249 inquit,
1028 2223 1048 2242 ei

1106 2227 1161 2245 ται.
1187 2218 1243 2244 Τὸν
1269 2217 1477 2251 γεγεννηκότα,
1499 2215 1577 2251 φησὶ,
1605 2215 1652 2241 καὶ
1679 2214 1832 2240 κτίσαντα
1852 2214 1896 2240 καὶ

268 2260 316 2295 qui
339 2259 446 2292 creavit,
480 2262 505 2285 et
533 2259 578 2293 qui
604 2258 676 2292 fecit.
700 2257 763 2285 Haec
795 2259 846 2285 etsi
878 2259 930 2286 tria
961 2259 1057 2286 viden-

272 2315 327 2341 tur,
339 2309 457 2336 duorum
472 2313 562 2335 tamen
575 2315 706 2335 sensuum
720 2306 929 2342 signiﬁcantiam
944 2307 1056 2340 habent,

271 2355 336 2389 quia
359 2354 421 2382 duae.
440 2357 505 2381 sunt
521 2361 554 2381 ex
576 2353 618 2380 eis
643 2359 724 2380 vooes
751 2360 812 2387 qua:
839 2352 1004 2387 aequivalent
1030 2356 1057 2380 et

271 2398 440 2426 conveniunt
457 2399 528 2425 inter
539 2404 567 2425 se
582 2397 610 2424 in
623 2397 717 2424 eodem
730 2404 822 2424 sensu.
839 2396 905 2423 Nam
918 2397 948 2423 τὸ
958 2397 1055 2430 ποιεῖν,

273 2444 325 2471 hoc
343 2447 386 2470 est
401 2443 498 2478 facere,
512 2446 539 2470 et
551 2442 581 2468 τὸ
591 2442 693 2474 κτίζειν
709 2442 759 2478 (a),
775 2442 801 2469 id
816 2446 858 2469 est
870 2449 972 2474 creare,
987 2442 1058 2470 idem

272 2495 314 2517 esl
335 2497 465 2525 prorsus;
483 2497 578 2516 verum
592 2489 733 2523 generatio
768 2488 858 2516 differt
876 2488 912 2515 ab
923 2488 1057 2523 utrisque.

272 2537 342 2564 Cum
365 2535 449 2570 igitur
472 2535 627 2562 communis
651 2534 792 2562 hominum
813 2533 907 2568 opinio
927 2533 960 2560 ad
981 2533 1058 2560 diﬁ‘e-

273 2582 391 2609 tentiam
404 2588 501 2609 sensus
510 2588 543 2607 ex
554 2581 698 2608 verborum
711 2578 892 2612 signiﬁcantia
903 2578 1058 2612 dividatur;

309 2661 343 2676 "‘
358 2660 367 2687 Ι
383 2659 447 2688 Cor.
465 2667 507 2692 tu,
526 2659 570 2686 12.

310 2741 349 2775 (a)
361 2740 417 2768 Hoc
431 2741 546 2768 verbum
561 2744 603 2768 est
618 2738 770 2775 secundum
779 2737 901 2775 Graecam
921 2738 1060 2775 phrasim;

277 2773 338 2802 nam
368 2783 417 2810 pro
441 2776 536 2802 eodem
563 2775 594 2801 τὸ
619 2773 720 2810 κτίζειν
746 2777 775 2810 et
801 2774 831 2800 τὸ
859 2775 946 2800 ποιεῖν
973 2773 1060 2801 Grmci

277 2809 391 2846 ponunt.
403 2810 493 2838 Latini
516 2813 606 2837 autem
625 2809 734 2837 diﬁ'erre
751 2809 847 2837 dicunt
860 2817 867 2836 :
880 2816 942 2836 nam
958 2816 1052 2836 creare

1110 2261 1290 2297 ποιήσαντα.
1319 2259 1410 2288 Ταῦτα
1430 2260 1482 2286 κᾶν
1508 2259 1571 2294 τρία
1590 2259 1673 2289 δοκεῖ,
1692 2258 1741 2284 δύο
1756 2258 1898 2293 νοημάτων

1110 2308 1167 2342 ἔχει
1195 2307 1245 2342 τὴν
1267 2307 1414 2342 σημασίαν,
1437 2305 1476 2340 τῷ
1494 2304 1543 2336 τὰς
1562 2304 1608 2331 δύο
1622 2304 1713 2338 φωνὰς
1730 2304 1897 2338 ἰσοδυναμεῖν

1109 2353 1237 2388 ἀλλήλαις
1251 2352 1320 2379 κατὰ
1336 2353 1385 2388 τὴν
1397 2352 1510 2378 ἔννοιαν.
1520 2351 1557 2377 Τὸ
1568 2350 1621 2386 γὰρ
1632 2350 1744 2384 ποιῆσαι
1755 2350 1797 2385 τῷ
1812 2350 1897 2376 κτίσαι

1109 2400 1206 2426 ταύτόν
1220 2401 1292 2426 ἐστιν
1303 2407 1308 2413 ·
1321 2399 1413 2434 ἕτερον
1425 2399 1454 2425 δὲ
1463 2400 1496 2425 τὰ
1505 2398 1580 2433 παρὰ
1591 2397 1722 2432 εἰρημένα
1731 2398 1748 2431 ἡ
1764 2397 1896 2432 γέννησις.

1110 2446 1165 2480 Τῆς
1177 2444 1223 2472 οὖν
1238 2445 1331 2480 κοινῆς
1346 2445 1400 2471 τῶν
1413 2444 1564 2480 ἀνθρώπων
1576 2443 1748 2478 ὑπολήψεως,
1762 2443 1833 2478 πρὸς
1848 2443 1898 2469 δια-

1110 2492 1208 2526 φόρους
1221 2491 1324 2522 ὲννοίας
1340 2491 1371 2517 ὲκ
1393 2490 1442 2525 τῆς
1456 2489 1509 2516 τῶν
1522 2489 1652 2524 ῥημάτων
1670 2488 1813 2523 σημασίας
1825 2496 1898 2523 μερι-

1110 2537 1235 2572 ζομένης,
1260 2537 1302 2568 τίς
1324 2537 1390 2571 ήμῖν
1420 2535 1540 2568 ἐπέδειξε
1565 2535 1643 2569 λόγος
1662 2533 1764 2561 ταύτὸν
1780 2531 1850 2560 εἶναι
1867 2534 1896 2567 τῇ

1109 2583 1235 2617 γεννήσει
1263 2581 1293 2608 τὸ
1321 2580 1440 2616 ποίημα·
1470 2580 1514 2607 ἴνα
1535 2579 1584 2615 τὴν
1608 2579 1672 2615 μίαν
1689 2578 1787 2605 οὐσίαν
1801 2580 1835 2614 τῇ
1850 2578 1897 2604 τῶν

1113 2744 1222 2779 proprie
1238 2743 1349 2775 dicitur,
1371 2751 1406 2770 ex
1427 2742 1525 2776 nihilo,
1550 2741 1640 2769 facere
1661 2747 1727 2768 vero
1748 2747 1784 2768 ex
1811 2740 1895 2776 aliqua

1113 2778 1237 2815 Subiecta
1261 2778 1386 2806 materia.
