1959 3075
41 165 97 192 ΰ57

591 166 731 194 CONTRA
748 166 944 202 EUNOMIUM,
964 168 1031 196 LIB.
1050 167 1093 195 IV.

1624 164 1677 193 658

44 223 179 260 ῥημάτων
197 223 314 259 διαφορᾷ
345 222 601 258 προσαρμόσωμεν;
619 223 691 256 Ἕως
705 223 759 260 γὰρ
772 225 804 251 ἂν
821 225 838 260 ή

894 231 950 260 quae
973 217 1042 252 ratio
1061 225 1141 253 nobis
1167 225 1290 253 ostendit
1311 224 1383 252 idem
1400 231 1461 252 esse
1480 231 1542 251 cum
1558 231 1675 259 genera-

44 268 166 304 συνήθης
183 271 272 305 κρατῇ
290 269 413 304 σημασία
425 268 480 295 τῶν
502 268 612 300 λέξεων,
628 270 676 296 καὶ
688 270 784 305 μηδεὶς
794 269 839 296 εὑ-

47 306 172 348 ρίσκεται
200 313 280 348 λόγος
294 315 308 341 ό
323 314 533 350 μετασκευάζων
548 315 589 346 είς
603 314 634 341 τὸ
653 315 774 342 ἐναντίον
789 315 839 347 τὰς

43 360 101 386 τῶν
129 359 260 396 ῥημάτων
284 360 435 396 έμφάσεις”
449 360 499 387 οὐκ
527 360 665 396 ἐνδέχεται
691 361 756 395 μίαν
777 361 840 388 τινὰ

46 407 131 442 φύσιν
149 407 218 442 πρὸς
241 407 291 442 τὴν
317 407 364 434 τοῦ
385 407 538 442 ποιήματος
552 407 599 433 καὶ
612 408 781 442 γεννήματος
796 407 840 434 ἐν-

46 460 122 479 νοιαν
141 452 339 488 διασχισθῆναι.
359 452 468 488 Ἐπειδὴ
483 453 536 488 γὰρ
560 453 603 486 ἐφ’
615 453 712 479 ἑαυτοῦ
726 453 841 488 λεγόμε-

46 506 94 524 νον
105 497 210 525 τούτων
225 498 363 532 ἑκάτερον,
383 496 536 529 ἰδιάζουσαν
548 497 604 532 ἔχει
621 497 670 533 τὴν
681 498 839 533 ἑρμηνείαν,

47 543 158 579 ἀνάγκη
171 544 258 575 πᾶσα,
277 543 381 570 οἰκείαν
395 552 425 570 τε
444 543 491 570 καὶ
513 543 633 578 συγγενῆ
651 545 708 575 τοῖς
727 543 841 579 ὀνόμασι

48 589 265 616 ωνεπινοεῖσθαι
280 589 326 616 καὶ
347 589 397 624 τὴν
419 589 546 625 σχετικὴν
560 588 700 624 συζυγίαν.
718 589 773 616 Καὶ
787 589 842 624 γὰρ

47 634 84 661 τὰ
104 635 187 661 λοιπὰ
211 634 265 661 τῶν
283 635 352 670 πρός
367 643 394 661 τι
409 634 575 670 λεγομένων,
591 634 622 661 οὐ
637 634 705 670 πρὸς
718 634 749 661 τὸ
763 635 838 662 ἀλλό-

47 681 125 716 τριόν
139 690 168 708 τε
180 681 227 708 καὶ
243 681 428 716 ἀκατάλληλον
441 681 497 716 ἔχει
512 682 562 717 τὴν
577 681 742 716 οἰκειότητα.
761 681 842 708 Ἀλλὰ

49 726 102 753 κᾶν
122 726 245 762 σιωπηθῇ
263 727 331 762 πρὸς
349 727 364 753 ὅ
382 727 502 761 λέγεται,
526 726 687 762 αὐτομάτως
705 726 773 762 μετὰ
794 727 840 754 τοῦ

48 772 230 807 πρωτοτύπου
245 772 291 798 καὶ
304 771 334 798 τὺ
344 771 557 808 συνεζευγμένον
567 771 696 799 ἀκούεται
708 779 714 786 ·
729 769 785 798 οἷον
795 772 842 807 δη-

50 817 192 852 μιουργὸς,
212 816 314 849 δοῦλος,
328 818 413 852 φίλος,
430 818 496 850 υίὸς,
507 817 600 844 καὶτὰ
615 817 737 845 τοιαῦτα.
751 818 841 844 Πάντα

47 862 103 897 γὰρ
115 861 168 889 ὃσα
181 863 215 898 τῇ
232 862 298 898 πρὸς
314 862 407 898 ἕτερον
424 863 549 898 ἀναφορᾷ
570 862 723 898 θεωρεῖται,
739 862 788 897 τὴν
800 863 841 889 ol-

47 895 127 933 κείαν
141 895 266 940 ἓκαστονῑ,
281 909 328 935 καὶ
346 895 521 944 συνημμένην
532 895 579 936 τοῦ
595 895 841 944 δηλουμένου-συγι
856 895 879 924 Β

48 952 158 985 γένειαν
177 953 220 979 διὰ
243 953 293 988 τῆς
315 953 498 989 προσηγορίας
519 953 700 989 παρίστησιν,
726 955 842 989 ἄμικτον

49 998 148 1033 ἔχοντα
161 999 210 1034 τὴν
232 999 300 1034 πρὸς
318 999 348 1025 τὸ
362 999 517 1035 ἑτερογενὲς
537 999 690 1026 κοινωνίαν.
705 999 774 1026 Οὔτε
787 999 842 1034 γὰρ

47 1043 97 1070 τοῦ
111 1043 281 1079 δημιουργοῦ
294 1044 325 1070 τὸ
343 1044 428 1079 ὄνομα
442 1044 481 1079 τῷ
503 1044 554 1080 υἱῷ
576 1045 764 1078 συνέζευκται,
779 1045 842 1073 οὔτε

48 1089 65 1123 ή
78 1087 128 1115 τοῦ
142 1088 238 1114 δούλου
249 1089 325 1124 φωνὴ
346 1089 414 1124 πρὸς
426 1089 471 1115 τὸν
489 1088 654 1124 δημιουργὸν
664 1089 841 1125 ἀναφέρεται,

46 1133 111 1160 οὔτε
126 1134 142 1159 ὀ
157 1133 234 1168 φίλος
244 1134 289 1161 τὸν
302 1134 394 1161 δοῦλον
413 1135 558 1169 ἐδήλωσεν,
571 1134 633 1162 οὔτε
645 1136 659 1162 ὁ
674 1136 732 1167 υίὸς
743 1136 788 1163 τὸν
801 1136 843 1162 δε-

50 1179 156 1214 σπότην
165 1187 172 1194 ·
185 1179 253 1206 ἀλλὰ
265 1179 385 1216 φανερὰν
395 1181 441 1207 καὶ
450 1181 573 1217 διακεκρι
577 1180 660 1216 μένην
670 1181 771 1209 τούτων
781 1183 844 1209 ἑκά-

50 1232 114 1251 στου
127 1225 178 1260 τὴν
192 1225 259 1260 πρὸς
279 1226 310 1252 τὸ
331 1226 498 1261 κατάλληλον
520 1225 652 1261 συζυγίαν
667 1227 844 1261 ἐπιγινώσκο-

51 1278 111 1303 μεν,
126 1270 252 1303 νοοῦντες
266 1271 311 1298 διὰ
327 1271 376 1307 μὲν
391 1272 438 1298 τοῦ
457 1272 534 1306 φίλου
553 1272 645 1308 ἕτερον
656 1273 744 1307 φίλον,
755 1273 799 1300 διὰ
814 1273 842 1300 δὲ

48 1314 96 1341 τοῦ
105 1315 201 1342 δούλου
209 1317 255 1343 τὸν
268 1317 362 1352 κύριον
370 1325 376 1332 ·
385 1317 416 1344 τὸ
426 1317 454 1343 δὲ
466 1317 546 1352 ἔργον
557 1317 601 1344 διὰ
608 1317 656 1344 τοῦ
665 1318 841 1353 δημιουργοῦ,

49 1359 97 1386 καὶ
109 1360 154 1386 διὰ
163 1360 211 1386 τοῦ
232 1360 290 1387 υίοῦ
303 1361 348 1388 τὸν
363 1361 482 1396 πατέρα.
498 1360 576 1388 Οὕτω
584 1359 673 1388 τοίνυν
680 1362 727 1389 καὶ
737 1362 768 1388 τὸ
781 1361 843 1396 γέν-

49 1414 124 1440 νημα
136 1406 206 1441 πρός
219 1415 245 1432 τι
261 1406 310 1442 τὴν
318 1406 416 1442 κυρίαν
432 1406 551 1442 ἔμφασιν
567 1407 634 1443 ἔχει.
662 1407 768 1435 Οὐκοῦν
783 1416 843 1435 συν‹

49 1450 179 1482 ἔζευκται
191 1451 230 1487 τῷ
243 1452 292 1488 μὲν
304 1453 454 1488 γεννήματι
470 1453 484 1479 ὁ
499 1453 644 1488 γεννήσας,
660 1453 700 1488 τῷ
713 1453 843 1488 κτίσματι

47 1495 62 1520 ὁ
72 1495 171 1527 κτίσας
187 1495 237 1527 (α).
245 1497 300 1524 Καὶ
307 1496 347 1524 δεῖ
357 1496 533 1531 πάντως,εῖγε
543 1497 580 1532 μὴ
591 1496 735 1532 μέλλοιμεν
743 1495 843 1531 σύγχυ-

50 1540 92 1565 σίν
124 1548 187 1566 τινα
207 1538 261 1565 τῶν
286 1539 458 1574 πραγμάτων
487 1540 531 1566 διὰ
552 1542 603 1575 τῆς
622 1541 676 1567 τῶν
704 1541 842 1577 ὀνομάτων

888 271 963 298 tione
987 271 1119 298 facturam
1135 289 1144 303 ,
1169 271 1205 298 ita
1230 275 1259 298 ut
1287 278 1368 298 unam
1389 271 1566 304 eamdemque
1582 277 1678 297 essen—

890 317 955 344 tiam
971 317 1114 344 verborum
1129 316 1290 344 dill'erentia:
1306 316 1566 344 accommodcmus?
1586 315 1677 343 Donec

889 361 962 389 enim
973 361 1125 389 dictionum
1142 361 1286 389 familiaris
1297 361 1480 397 significantia
1492 361 1676 396 praevaluerit,

890 411 917 436 et
937 407 1011 435 nulla
1031 407 1188 435 inveniatur
1209 407 1280 434 ratio
1298 414 1358 442 qua:
1384 407 1530 434 verborum
1556 406 1583 433 in
1609 414 1676 433 con-

891 453 1005 480 trarium
1022 455 1188 480 transmutet
1205 456 1285 480 notas
1305 452 1533 487 significationes,
1547 459 1602 479 non
1619 452 1676 479 ﬁeri

891 502 979 534 potest
994 503 1024 526 ut
1039 506 1093 526 una
1106 499 1196 534 aliqua
1209 502 1309 525 natura
1326 498 1360 525 ad
1375 498 1489 526 factum
1503 502 1530 526 et
1545 498 1678 534 genitura:

891 545 1016 573 notitiam
1044 545 1216 573 discindatur
1240 553 1247 571 :
1275 544 1498 580 quandoquidem
1526 545 1554 572 in
1581 545 1673 579 seipso

891 597 954 617 cum
979 588 1080 617 dicitur
1103 589 1201 616 horum
1225 593 1385 623 utrumque,
1408 588 1574 624 peculiarem
1597 589 1678 616 habet

892 636 1157 671 interpretationem,
1182 642 1298 662 necesse
1317 639 1360 662 est
1382 641 1506 669 prorsus,
1525 634 1678 669 pr0priam-

891 689 945 718 que
960 685 988 710 et
1001 685 1144 716 cognatam
1165 688 1228 708 cum
1249 680 1408 708 nominibus
1425 683 1517 707 mente
1534 680 1678 714 concipere

892 731 1013 755 mutuam
1022 731 1049 754 et
1059 726 1200 754 relativam
1214 726 1448 761 conjugationem.
1460 724 1528 751 Nam
1538 725 1677 759 etreliqua

892 780 953 807 qua:
976 772 1061 799 relata
1078 771 1220 803 dicuntur,
1236 778 1291 798 non
1304 771 1337 797 ad
1353 770 1406 798 alia
1425 777 1486 805 qua:
1502 769 1604 797 diversi
1623 770 1680 796 sint

892 818 1000 853 generis
1027 816 1188 845 relationem
1213 816 1270 844 sive
1300 815 1533 844 necessitudinem
1560 814 1677 846 habent;

893 863 941 892 sed
964 863 1072 891 etiamsi
1101 863 1251 890 relatorum
1274 861 1390 888 alterum
1419 865 1554 893 taceatur,
1579 861 1681 888 nihilo-

893 908 983 935 minus
1006 911 1104 942 sponte
1126 913 1188 933 cum
1223 906 1362 941 primitivo
1390 906 1471 933 ctiam
1503 904 1679 940 conjugatum

892 954 1063 989 intelligitur.
1083 953 1172 980 Veluti
1193 952 1298 987 opifex,
1326 959 1434 984 servus,
1453 951 1568 982 amicus,
1594 950 1679 983 filius.

891 1004 919 1028 et
935 1006 996 1035 quae
1014 1003 1078 1027 sunt
1098 999 1243 1035 ejusmodi.
1261 997 1360 1025 Omnia
1377 997 1449 1024 enim
1467 1004 1528 1032 quae
1549 1004 1597 1031 per
1611 996 1680 1024 rela-

892 1045 994 1073 tionem
1016 1044 1050 1072 ad
1063 1045 1180 1072 alterum
1204 1043 1568 1078 considerantur,propriam
1588 1046 1616 1070 et
1631 1050 1679 1069 co—

892 1091 1041 1118 haerentem
1058 1090 1092 1117 ad
1107 1089 1136 1117 id
1159 1088 1232 1123 quod
1247 1087 1405 1116 declaratur
1420 1087 1612 1123 cognationem
1630 1094 1679 1122 per

893 1135 1101 1171 appellationem
1116 1134 1209 1162 animo
1221 1136 1431 1168 repraesentant,
1445 1133 1604 1167 nullamque
1619 1139 1679 1158 om-

892 1182 958 1210 nino
982 1189 1045 1209 cum
1064 1189 1097 1209 eo
1110 1181 1183 1216 quod
1199 1184 1241 1208 est
1259 1180 1361 1208 diversi
1377 1179 1485 1214 generis
1507 1178 1679 1205 communio-

892 1235 954 1255 nem
965 1231 1081 1262 possunt
1095 1226 1250 1254 admittere.
1265 1225 1360 1261 Neque
1375 1225 1450 1253 enim
1464 1223 1572 1259 opiﬁcis
1580 1231 1686 1251 nomen.

893 1280 955 1300 eum
989 1272 1050 1299 filio
1073 1272 1250 1307 conjugatum
1273 1275 1333 1304 est;
1356 1277 1446 1305 neque
1470 1270 1543 1297 servi
1565 1277 1616 1296 vox
1645 1269 1678 1296 ad

892 1316 1017 1352 opiﬁcem
1027 1316 1156 1350 refertur,
1168 1324 1258 1351 neque
1271 1316 1377 1343 amicus
1394 1322 1502 1343 servum
1521 1315 1678 1346 declaravit.

892 1369 982 1396 neque
1006 1361 1078 1389 filius
1106 1361 1246 1388 dominum
1268 1369 1275 1388 :

892 1414 964 1437 ctam
981 1409 1081 1437 horum
1102 1409 1236 1444 cujusque
1252 1409 1322 1437 inter
1350 1416 1380 1436 se
1395 1407 1614 1443 conjugationem
1634 1415 1681 1435 co-

891 1455 1061 1490 gnoscimus,
1077 1461 1125 1489 per
1133 1454 1251 1481 anticum
1262 1457 1353 1480 mente
1361 1452 1549 1487 concipientes
1561 1451 1678 1479 alterum

892 1499 1022 1530 amicum,
1054 1502 1082 1526 et
1107 1506 1155 1533 per
1180 1505 1299 1531 servum,
1323 1497 1464 1525 dominum
1491 1506 1496 1524 :
1525 1505 1595 1531 opus
1615 1504 1682 1524 vero

893 1551 941 1579 per
962 1544 1098 1579 Opiﬁcem.
1121 1550 1168 1579 per
1197 1544 1293 1576 tilium,
1324 1547 1440 1578 patrem.
1464 1542 1509 1569 Sic
1534 1542 1615 1578 igitur
1630 1542 1680 1578 hoc

49 1585 210 1620 ὑπαλλαγῆς
225 1585 357 1619 ἐμποιεῖν,
377 1585 474 1618 σώζειν
482 1586 589 1622 ἑκάστῳ
604 1587 658 1613 τῶν
671 1587 739 1623 πρός
757 1596 783 1613 τι
799 1587 842 1614 λε-

894 1595 994 1616 nomen
1016 1588 1140 1624 γέννημα
1156 1589 1303 1624 (genitura)
1327 1596 1389 1616 cum
1412 1588 1506 1622 aliquo
1529 1585 1680 1619 confertur,

54 1630 174 1665 γομένων
187 1631 218 1657 τὺ
229 1631 336 1663 οἰκείως
351 1640 436 1667 συσση
442 1632 613 1668 μαινόμενον.

894 1636 922 1660 et
945 1640 1008 1660 cum
1027 1640 1060 1660 eo
1082 1633 1163 1660 habet
1176 1633 1316 1668 propriam
1332 1632 1570 1667 signiﬁcationem.
1588 1631 1681 1667 Itaque

50 1677 94 1704 ille
107 1677 156 1711 qui
174 1677 268 1712 genuit
294 1677 334 1714 τῷ
352 1678 502 1713 γεννήματι
518 1677 671 1712 (geniturae)
684 1678 848 1713 conjunctus
873 1682 925 1710 est,
952 1682 979 1706 et
1001 1682 1110 1706 creator
1138 1681 1274 1706 creaturae
1298 1676 1434 1707 cohaeret,
1461 1681 1488 1705 et
1509 1677 1563 1704 nisi
1589 1685 1680 1705 rerum

49 1720 242 1748 confusionem
254 1721 399 1757 quamdam
413 1729 460 1757 per
474 1722 614 1749 nominum
630 1722 848 1750 immutationem
868 1722 999 1751 inducere
1012 1723 1140 1755 velimus,
1153 1721 1266 1748 omnino
1278 1724 1386 1756 oportet
1404 1721 1503 1756 cuique
1533 1723 1681 1750 relatorum

51 1772 129 1792 suam
149 1770 177 1794 et
200 1767 338 1802 propriam
364 1775 475 1796 servare
490 1768 729 1804 significationem.

84 1811 210 1847 Φανερᾶς
223 1811 268 1840 οὖν
281 1812 364 1849 οὔσης
380 1814 430 1849 τῆς
442 1814 599 1847 τῶνλέξεων
607 1815 709 1842 τούτων
724 1815 839 1848 ἑννοίας,

52 1856 119 1892 πρὸς
133 1857 148 1884 ὂ
160 1865 187 1883 τι
199 1857 302 1891 βλέπει,
313 1859 372 1891 πῶς
390 1859 405 1885 ὁ
421 1859 465 1887 διὰ
477 1860 526 1895 τῆς
544 1860 655 1895 λογικῆς
671 1861 842 1896 τεχνολογίας

53 1902 182 1936 προάγων
193 1902 227 1929 τὰ
239 1903 373 1939 δόγματα,
400 1904 447 1940 τὴν
468 1906 573 1932 οἰκείαν
587 1905 642 1932 τῶν
657 1906 728 1942 πρός
745 1915 772 1933 τι
783 1906 842 1933 διά-

52 1956 137 1980 νοιαν,
151 1948 197 1974 ἐπὶ
208 1949 262 1975 τῶν
276 1949 415 1985 ὀνομάτων
425 1951 529 1978 τούτων
536 1952 566 1977 οὐ
580 1951 759 1986 κατενόησεν;
771 1951 841 1978 Ἀλλ’

52 1992 185 2028 ἁρμόζειν
204 1994 290 2021 οἴεται
309 1995 348 2030 τῷ
372 1997 533 2031 πεποιηκότι
554 1997 584 2023 τὸ
598 1997 731 2032 γέννημα,
746 1996 784 2031 τῷ
797 2005 843 2031 γε-

54 2039 197 2074 γεννηκότι
210 2039 240 2066 τὸ
257 2041 374 2076 ποίημα,
392 2041 479 2076 λέγων
493 2041 539 2069 τοῦ
556 2042 622 2069 Υίοῦ
637 2042 686 2077 τὴν
697 2042 790 2070 οὐσίαν
802 2043 842 2074 εἰς

55 2085 155 2121 ἑαυτὴν
167 2086 292 2122 δέχεσθαι
308 2087 357 2119 τὰς
378 2088 426 2115 τοῦ
442 2089 611 2123 γεννήματος
628 2088 676 2115 καὶ
693 2089 843 2124 ποιήματος

56 2133 102 2159 καὶ
121 2133 272 2168 κτίσματος
297 2135 499 2170 προσηγορίας·
525 2135 671 2170 ἀμέριστον
693 2135 723 2162 δὲ
746 2134 842 2166 σώζειν

53 2179 102 2213 τὴν
115 2179 185 2214 πρὸς
193 2179 237 2205 τὸν
245 2181 427 2215 γεγεννηκότα
438 2181 484 2207 καὶ
493 2181 643 2216 ποιήσαντα
655 2181 701 2208 καὶ
713 2180 843 2208 κτίσαντα

927 1811 995 1839 Cum
1019 1810 1055 1838 sit
1077 1810 1170 1845 itaque
1191 1810 1288 1838 harum
1308 1810 1461 1838 dictionum
1476 1809 1571 1837 notitia
1594 1808 1683 1835 mani—

893 1858 963 1886 festa
986 1857 1020 1884 ad
1044 1856 1117 1891 quod
1140 1857 1252 1891 respicit
1279 1856 1335 1889 hic,
1358 1856 1404 1891 qui
1430 1863 1478 1890 per
1501 1854 1676 1881 dialecticum

893 1902 1040 1930 artiﬁcium
1052 1901 1180 1937 dogmata
1197 1901 1312 1936 profert.
1329 1900 1470 1935 quomodo
1487 1899 1626 1934 propriam
1643 1907 1682 1925 re-

893 1950 1011 1976 latorum
1029 1948 1084 1976 vim
1105 1951 1132 1975 et
1153 1947 1316 1975 sententiam
1336 1947 1364 1974 in
1381 1946 1424 1974 his
1445 1945 1605 1973 nominibus
1623 1952 1678 1971 non

894 1992 1107 2021 animadvertit?
1125 1991 1178 2019 Sed
1205 1991 1357 2027 genituram
1378 1989 1476 2017 factori
1499 1993 1525 2016 et
1547 1989 1680 2016 facturam

893 2038 1009 2074 genitori
1027 2030 1176 2072 conjugare
1191 2039 1315 2063 autumat
1334 2034 1440 2068 dicens,
1455 2034 1517 2062 Filii
1533 2034 1680 2061 essentiam

894 2084 923 2110 in
953 2083 1071 2118 seipsam
1101 2082 1245 2109 admittere
1271 2081 1442 2116 γεννήματος
1468 2080 1620 2115 (geniturae)
1654 2083 1681 2106 et

895 2129 1046 2165 ποιήματος
1071 2127 1205 2163 (facturae)
1229 2132 1258 2154 et
1283 2126 1454 2161 (κτίσματος)
1483 2129 1616 2153 οτεοιυηε
1633 2132 1680 2161 ap—

894 2175 1070 2209 pellationes;
1090 2172 1286 2207 impartibilem
1303 2178 1367 2199 vero
1380 2177 1494 2198 servare
1507 2178 1569 2197 cum
1587 2178 1619 2198 eo
1635 2171 1680 2205 qui

56 2225 158 2259 σχέσιν.
173 2225 210 2251 Τὸ
222 2225 277 2260 γὰρ
294 2225 322 2251 ἒν
344 2226 461 2261 πρᾶγμα
482 2225 550 2260 πρὸς
562 2226 706 2261 διαφόρους
725 2235 842 2262 καταμε-

895 2219 989 2254 genuit
1004 2223 1031 2246 et
1041 2218 1087 2254 qui
1103 2217 1177 2250 fecit,
1193 2222 1220 2245 et
1233 2217 1338 2244 creavit
1350 2216 1521 2244 relationem.
1533 2215 1597 2243 Rem
1608 2216 1681 2243 enim

56 2269 181 2304 ρισθῆναι
206 2269 286 2303 φύσιν
300 2269 349 2296 οὐκ
360 2269 427 2305 ἔχει.
447 2270 515 2297 Ἀλλ’
532 2271 546 2296 ό
561 2270 614 2306 μὲν
626 2266 689 2301 Υίὸς
701 2270 740 2306 τῷ
756 2271 843 2306 Πατρὶ

56 2315 273 2349 προσῳκείωται,
289 2315 376 2342 καὶτὸ
388 2315 516 2351 γεννηθὲν
532 2315 569 2351 τῷ
583 2316 743 2351 γεννήσαντι
754 2325 762 2332 ι
775 2316 805 2343 τὸ
815 2316 842 2343 δὲ

56 2360 160 2395 ποίημα
182 2360 251 2395 πρὸς
277 2360 323 2387 τὸν
341 2361 509 2396 πεποιηκότα
534 2361 583 2397 τὴν
604 2362 742 2397 ἀναφορὰν
765 2362 822 2397 ἔχει
835 2370 841 2377 ·

56 2406 124 2441 πλὴν
136 2407 162 2432 εί
174 2407 211 2441 μή
230 2415 291 2433 τινα
312 2407 480 2443 κατάχρησιν
502 2407 531 2434 ὲν
555 2408 694 2443 ἀδιαφόρῳ
713 2408 767 2435 τινῖΙ
782 2417 844 2437 συν-

56 2451 135 2487 ηθείᾳ
149 2452 279 2487 ῥημάτων
287 2452 456 2489 κυριωτέραν
468 2453 559 2489 ἡγοῖτό
574 2462 616 2486 τις
624 2451 748 2489 εἴναιτῆς
759 2461 843 2489 προσ-

57 2497 138 2531 φυοῦς
155 2498 301 2534 σημασίας-
308 2517 327 2525 ..

92 2631 146 2658 Τ...
163 2629 201 2666 (b)
214 2627 262 2657 οὖν
276 2630 480 2666 ).ογισμοῖς,κα“ι
488 2631 585 2663 ποίοις,
594 2631 663 2658 κατὰ
678 2631 727 2666 τὴν
741 2630 844 2666 ἄμαχον

58 2675 226 2712 διαλεκτικὴν
235 2676 345 2712 εκείνην
354 2677 393 2708 εἰς
401 2677 553 2703 τούναντίον
563 2672 610 2708 τάξ
620 2676 698 2709 δόξας
710 2676 764 2703 τῶν
780 2675 845 2702 πολ-

59 2720 110 2748 λῶν
123 2723 296 2758 μεταστήσας
310 2723 396 2750 ταῦτα
405 2722 616 2755 κατεξουσιάσας
630 2722 753 2754 διέξεισιν
766 2729 773 2737 ·
804 2720 845 2747 ὃτι

60 2766 105 2794 τοῦ
117 2768 162 2795 ἐπὶ
174 2769 286 2796 πάντων
301 2768 369 2795 Θεοῦ
383 2769 429 2795 καὶ
453 2768 561 2796 κτίστου
585 2768 632 2794 καὶ
650 2767 756 2802 [lat-pb;
771 2774 846 2793 νοου-

86 2823 129 2865 (ut
141 2822 216 2865 Lege
229 2830 270 2865 “ex
287 2821 357 2865 cod.‘
369 2821 503 2865 Bavarico
525 2829 568 2864 ap.
589 2820 724 2865 (ΣΙ-ειεξιτ,
739 2818 848 2865 ὀὐκοῦν

57 2853 139 2900 svi/tt.
155 2853 197 2895 τῷ
211 2854 263 2895 μὲν
279 2858 457 2894 γεννήματιὸ
473 2853 616 2892 γεννήσας,
630 2857 643 2882 ὁ
659 2855 687 2883 δὲ
703 2854 798 2886 κτίσας
811 2853 848 2889 τῷ

57 2902 188 2926 γτισματι.

896 2273 978 2292 unam
997 2265 1029 2292 ad
1052 2265 1175 2292 diversas
1194 2263 1342 2291 relationes
1364 2262 1492 2290 distribui
1507 2266 1611 2288 naturae
1627 2269 1680 2288 non

895 2315 938 2339 est
947 2315 1173 2339 consentaneum.
1186 2309 1238 2337 Sed
1254 2308 1340 2336 Filius
1352 2308 1462 2343 quidem
1473 2307 1547 2334 Patri
1564 2306 1681 2334 naturali

895 2357 1098 2386 necessitudine
1107 2356 1270 2384 conciliatus
1281 2359 1332 2387 est,
1347 2353 1420 2389 quod
1431 2353 1557 2388 genitum
1565 2355 1607 2379 est
1620 2359 1681 2379 cum

895 2411 928 2431 eo
949 2402 996 2438 qui
1048 2403 1152 2438 genuit,
1169 2401 1275 2428 factura
1298 2407 1360 2428 cum
1380 2407 1413 2427 eo
1427 2398 1474 2434 qui
1519 2398 1583 2427 fecit
1599 2398 1681 2425 habet

894 2452 1017 2476 mutuam
1043 2448 1224 2481 relationem;
1247 2447 1300 2474 nisi
1328 2445 1444 2473 fortasse
1469 2445 1589 2479 aliquam
1614 2444 1682 2472 abu-

895 2496 999 2523 sionem
1026 2495 1054 2522 in
1076 2493 1250 2521 indiﬂ'ercnte
1265 2491 1381 2527 quadam
1399 2491 1546 2519 verborum
1564 2497 1682 2517 consue-

895 2539 990 2567 tudine
1011 2538 1099 2573 magis
1117 2538 1254 2572 propriam
1280 2537 1343 2572 quis
1368 2543 1429 2564 esse
1443 2535 1582 2562 existimet
1599 2541 1680 2568 quam

895 2586 932 2613 sit
951 2585 1084 2612 naturalis
1109 2583 1282 2619 significatio.

929 2631 1034 2664 Quibus
1054 2629 1139 2665 igitur
1160 2627 1326 2660 rationibus,
1340 2631 1365 2654 el
1382 2625 1510 2662 qualibus
1529 2623 1680 2652 secundum

894 2675 1131 2711 inexpugnabilem
1157 2673 1232 2701 illam
1260 2672 1433 2700 dialecticam
1457 2670 1484 2697 in
1511 2668 1680 2696 contrarium

894 2721 1036 2756 opiniones
1054 2720 1203 2748 multorum
1228 2721 1417 2746 transmutans
1442 2717 1501 2743 hate
1524 2722 1574 2750 pro
1604 2713 1682 2740 libito

893 2766 1076 2802 persequitur.
1097 2765 1176 2800 Quod
1192 2773 1253 2794 cum
1274 2766 1301 2792 in
1326 2764 1454 2792 omnibus
1473 2763 1545 2791 Deus
1564 2766 1591 2790 et
1605 2768 1682 2788 crea-

935 2819 972 2855 (b)
990 2820 1063 2847 Idem
1088 2821 1160 2855 (δοκι,
1179 2820 1255 2847 Τῖσιν
1272 2816 1317 2845 οὖν
1338 2816 1478 2852 λογισμοῖς
1502 2824 1528 2841 κ.
1552 2824 1595 2849 an,
1615 2812 1688 2849 quod

898 2854 1036 2891 interpres
1048 2855 1125 2884 vidit.

1310 1361 1358 1388 sed
1385 1365 1506 1395 apertam
1534 1363 1561 1387 et
1580 1359 1679 1388 distin-
1724 1380 1726 1383 .
