1959 3075
271 152 323 179 659

885 148 914 177 S.
926 145 1089 176 GREGORII
1107 145 1252 175 NYSSENI
1825 146 1864 173 660

269 212 323 238 tor,
332 210 358 234 et
368 205 446 232 Pater
456 205 624 241 intelligatur
633 210 660 233 ct
670 205 876 240 dicatur,Filius
885 206 917 234 ad
927 210 1057 241 utrasque

1114 204 1189 240 μένου
1204 213 1235 232 τε
1251 205 1298 231 καὶ
1314 204 1472 239 λεγομένου.
1488 204 1503 230 ό
1516 202 1580 235 Υἱὸς
1591 202 1658 238 πρὸς
1671 201 1816 238 ἀμφοτέρας
1828 206 1866 235 τὰς

270 250 464 285 appellat‘mnes
480 251 604 285 apposite
622 254 650 279 et
663 257 845 287 congruenter
860 259 891 280 se
905 252 1014 284 habeat,
1029 255 1057 278 et

270 300 396 323 creatura
407 297 490 324 simul
504 301 531 324 et
545 297 669 332 genitura
692 298 810 327 dicatur.
834 297 900 327 Nam
912 305 974 325 cum
988 304 1055 325 con-

271 342 388 369 suetudo
418 346 446 370 et
470 348 566 370 exacta
588 344 717 379 loquendi
747 344 834 372 l'orma
861 345 918 372 haec
946 343 1057 371 nomina

271 391 332 420 apte
354 388 505 422 discernat,
522 392 550 416 et
577 390 761 425 generationis
782 397 882 418 nomen
899 392 1015 425 usurpet
1030 389 1057 416 in

272 432 315 459 his
338 440 399 467 quae
418 433 570 469 gignuntur
589 443 624 463 ex
639 436 699 471 ipsa
722 436 857 469 essentia;
878 443 978 463 nomen
994 433 1059 462 vero

271 483 406 506 creatura:
429 479 456 506 in
477 480 520 508 his
547 489 609 516 quae
633 481 700 510 foris
721 486 747 509 et
774 485 851 509 extra
872 481 1059 509 construentis

272 527 398 551 naturam
419 526 586 554 consistunt.
605 526 778 562 Quapropter
799 527 826 554 in
843 526 990 554 traditione
1013 535 1061 554 co-

272 571 404 605 gnitionis
427 572 485 605 Dei,
507 573 633 609 dogmata
654 573 747 601 divina
777 573 856 601 nobis
877 573 1047 601 tradiderunt

272 614 380 643 Patrem
403 621 430 644 et
452 616 561 650 Filium,
590 626 644 646 non
671 622 823 646 creatorem
847 621 875 645 et
905 618 1059 653 opiﬁcium;

274 668 309 689 ne
327 662 390 696 quis
407 663 506 691 mentis
520 663 644 691 alienata:
657 671 734 692 error
753 663 786 690 ad
802 663 998 698 blasphemiam
1015 663 1062 691 tle-

273 709 326 738 ret,
350 707 373 734 si
397 707 430 734 ad
454 708 572 736 alienum
590 712 618 736 et
641 708 818 744 peregrinum
838 708 998 743 hujusmodi
1015 715 1062 743 ap-

275 752 385 789 pellatio
409 752 506 781 Filium
530 753 690 789 depelleret,
705 757 733 781 et
759 761 794 782 ne
816 753 920 780 aditum
940 753 1060 786 aliquem

276 797 408 826 haberent
436 799 494 826 haec
519 800 603 835 impia
632 800 771 836 dogmata,
798 807 859 835 quae
886 799 1061 835 Unigenitum

276 843 366 871 Patris
390 851 405 871 a
431 844 617 873 familiaritate
634 845 692 874 sive
715 845 918 874 necessitudine
940 852 1002 880 qua:
1020 849 1062 873 est

1107 250 1293 286 προσηγορίας
1312 250 1472 285 ἐπιτηδείως
1495 248 1562 284 ἔχει,
1575 248 1622 275 καὶ
1645 248 1746 281 κτίσμα
1764 247 1804 274 καί
1817 249 1866 282 γέν·

1107 304 1181 332 νημα
1215 295 1286 323 κατὰ
1307 295 1337 322 τὺ
1355 295 1414 322 ίσον
1439 295 1594 329 λεγόμενος.
1609 294 1665 328 Τῆς
1678 293 1732 328 γὰρ
1743 293 1785 320 τοῦ
1804 294 1867 329 λόγου

1108 341 1252 377 συνηθείας
1267 350 1297 368 τε
1313 341 1359 368 καὶ
1382 341 1524 376 ἀκριϐείας
1537 339 1644 371 οίκείως
1658 339 1832 375 διακρινούσης
1842 341 1868 368 τὰ

1108 389 1219 416 τοιαῦτα
1244 389 1300 416 τῶν
1322 389 1474 424 ὀνομάτων,
1494 388 1541 414 καὶ
1554 387 1585 414 τὺ
1607 387 1656 423 μὲν
1675 387 1725 421 τῆς
1743 389 1869 424 γεννήσεως

1108 435 1193 471 ὄνομα
1210 436 1256 462 ἐπὶ
1275 435 1329 462 τῶν
1345 435 1374 468 εξ
1389 434 1475 469 αὐτῆς
1490 434 1540 468 τῆς
1552 433 1645 465 οὐσίας
1663 434 1827 468 γεννωμένων
1838 435 1870 461 λε-

1109 481 1211 515 γούσης
1222 488 1230 496 ·
1245 480 1274 507 τὺ
1292 480 1320 507 δὲ
1336 480 1386 516 τῆς
1406 479 1521 511 κτίσεως
1539 479 1585 506 ἐπὶ
1601 478 1655 505 τῶν
1670 477 1766 510 ἔξωθεν
1780 479 1822 514 τῆς
1834 479 1870 505 τοῦ

1110 526 1362 558 κατασκευάζοντος
1395 526 1503 561 φύσεως
1540 524 1738 560 ἐπισταμένων.
1765 524 1814 551 Καὶ
1838 525 1872 551 διὰ

1109 571 1189 598 τοῦτο
1197 571 1251 598 τῶν
1264 571 1344 599 θείων
1362 571 1506 606 δογμάτων
1521 571 1550 597 ὲν
1563 571 1595 606 τῇ
1611 569 1757 604 παραδόσει
1775 570 1817 605 τῆς
1828 569 1872 596 θεο-

1111 615 1229 651 γνωσίας
1237 615 1344 651 Πατέρα
1352 616 1399 642 καὶ
1408 616 1471 642 Υίὸν
1482 615 1722 651 παραδεδωκότων,
1732 613 1762 640 οὐ
1773 613 1873 649 κτίστην,

1111 662 1159 690 καὶ
1172 661 1268 698 ἔργον·
1284 662 1322 694 ὡς
1333 661 1366 689 ἂν
1389 662 1426 698 μή
1445 670 1487 694 τις
1499 661 1603 696 γένοιτο
1623 659 1770 696 παραφορὰ
1786 660 1843 696 πρὸς
1851 661 1874 686 τὸ

1113 707 1280 743 βλάσφημον,
1294 708 1334 740 είς
1347 707 1378 734 τὸ
1393 707 1532 742 ἀλλότριόν
1543 715 1573 733 τε
1588 706 1634 733 καὶ
1658 705 1733 739 ξένον
1748 705 1794 741 τῆς
1807 706 1876 732 τοιαύ-

1111 763 1162 790 της
1191 753 1375 790 προσηγορίας
1398 753 1445 780 τὸν
1474 753 1538 780 Υίδν
1566 751 1741 787 ἀπωθούσης,
1757 751 1817 786 μηδέ
1828 760 1875 778 τινα

1112 798 1228 834 πάροδον
1243 797 1320 825 λάϐοι
1338 798 1373 825 τὰ
1393 798 1460 825 ἄθεα
1471 797 1604 833 δόγματα,
1617 797 1651 823 τὰ
1664 797 1715 831 τῆς
1733 796 1790 823 καθ’
1803 797 1876 823 οὐσίαν

1112 845 1276 880 οἰκειότητος
1289 843 1334 870 τὸν
1357 843 1498 878 Μονογενῆ
1522 842 1570 869 τοῦ
1594 842 1701 878 Πατρδς
1728 842 1876 877 ἀφορίζοντα.

276 888 426 916 secundum
442 890 590 917 essentiam
608 895 738 925 separant
764 894 791 919 et
812 877 977 918 distrahunt.
993 889 1060 917 Nam

1119 892 1149 918 '0
1163 877 1250 926 λέγων
1263 889 1302 926 τῷ
1318 889 1374 925 Υίῷ
1385 889 1435 925 τὴν
1448 877 1497 916 τού
1510 889 1662 924 ποιήματος
1673 887 1800 923 ἁρμόζειν
1812 895 1878 922 προσ-

275 933 322 969 (ιιιιί
348 934 415 962 dicit
436 935 551 963 factum
570 936 779 971 appellationem
807 936 877 964 Filio
900 944 1061 973 congruere,

276 979 348 1007 dicet
359 981 454 1015 procul
473 982 556 1010 dubio
574 990 622 1018 per
638 984 862 1018 consequentiam
880 983 960 1011 etiam
975 983 1063 1011 tactu-

277 1033 314 1053 ηε
342 1025 403 1054 Filii
426 1028 636 1063 appellationem
665 1034 763 1057 natura
789 1030 946 1058 convenire.
973 1030 1063 1063 Quare

276 1071 298 1098 si
326 1071 412 1100 Filius
434 1077 477 1101 est
492 1079 628 1107 creatura,
649 1075 730 1103 etiam
747 1075 847 1103 ccelum
869 1075 952 1107 illius.
967 1079 994 1104 et
1006 1076 1063 1103 sin-

276 1117 339 1152 gula
362 1126 423 1154 quae
447 1119 518 1147 facta
544 1126 608 1148 sunt
631 1129 645 1148 a
671 1121 785 1149 Domino
811 1122 961 1150 secundum
991 1121 1063 1150 hunc

276 1163 438 1199 scriptorem
451 1165 498 1193 lilii
510 1167 690 1202 appellatione
698 1169 934 1203 cognominantur.
948 1167 976 1196 Si
990 1169 1062 1196 enim

276 1209 332 1241 ille,
353 1217 408 1238 non
425 1210 489 1245 quia
510 1218 682 1240 communem
700 1220 762 1240 cum
787 1220 820 1240 eo
840 1213 888 1249 qui
906 1213 1001 1249 genuit
1015 1221 1063 1241 na-

268 1257 366 1281 rturam
389 1255 497 1288 habeat,
522 1256 576 1284 hoc
601 1258 712 1285 nomine
736 1259 897 1294 appelletur,
922 1259 970 1287 sed
998 1259 1062 1293 quia

276 1304 385 1328 creatus
406 1304 460 1334 est,
471 1300 560 1330 Filius
576 1302 736 1331 nominatur
758 1313 765 1331 :
779 1304 874 1332 eadem
889 1304 965 1331 dabit
982 1305 1062 1337 ratio,

275 1349 302 1372 et
325 1352 436 1379 agnum,
461 1349 489 1373 et
520 1352 627 1378 canem,
651 1351 678 1375 et
701 1355 808 1382 ranam,
836 1352 864 1376 et
895 1355 1064 1384 quaecunque

274 1389 417 1418 voluntate
442 1390 571 1419 facientis
600 1392 766 1424 subsistunt,
809 1392 857 1420 ﬁlii
882 1393 1064 1428 appellatione

275 1435 421 1463 nominari.
447 1435 526 1469 Quod
546 1437 569 1464 si
588 1436 685 1464 horum
703 1437 917 1473 unumquodque
939 1438 1002 1473 quia
1028 1438 1065 1466 sit

275 1484 354 1509 extra
394 1482 443 1509 lilii
472 1485 612 1514 naturam,
639 1483 712 1511 ﬁlius
736 1491 792 1511 non
813 1487 873 1517 est;
889 1491 978 1518 neque
993 1483 1063 1511 Deus

276 1526 380 1554 dicitur
404 1531 608 1562 consequenter
620 1529 744 1562 omnino,
765 1529 811 1563 qui
828 1536 891 1556 vere
913 1532 940 1556 et
955 1529 1064 1564 proprie

275 1575 319 1600 est
344 1571 440 1605 Filius,
465 1577 609 1607 propterea
629 1573 701 1608 quod
722 1581 756 1601 ex
774 1574 868 1602 eadem
891 1578 987 1601 natura
1001 1582 1063 1601 cnm

276 1624 310 1644 co
331 1618 378 1652 qui
406 1619 500 1653 genuit
527 1622 645 1651 constet,
670 1619 756 1647 Filius
783 1623 837 1652 est,
862 1623 888 1647 et
912 1619 985 1647 Deus
1004 1627 1065 1647 esse

277 1663 421 1692 asseritur.
447 1663 500 1692 Sed
512 1665 700 1700 generationis
719 1666 860 1693 notionem
878 1665 1063 1699 abominatur,

276 1713 303 1737 et
325 1710 379 1738 hoc
398 1718 497 1739 nomen
516 1711 666 1741 criminans
687 1713 808 1741 carnalis
834 1717 939 1742 naturae
956 1714 1065 1742 ratione

278 1763 293 1782 a
325 1755 426 1784 divinis
460 1757 573 1785 secretis
605 1763 716 1793 separat
742 1767 751 1786 :
778 1759 826 1787 sed
858 1759 967 1788 abunde
997 1761 1065 1789 satis

278 1802 307 1828 in
332 1802 558 1831 antecedentibus
586 1811 636 1838 pro
660 1803 703 1832 his
727 1812 818 1834 sermo
843 1806 973 1838 ostendit,
993 1807 1065 1842 quod

277 1847 426 1874 secundum
451 1847 632 1883 Prophetam,
671 1849 733 1876 lilia
767 1851 960 1885 trepidaverunt
987 1853 1065 1879 timo-

277 1899 306 1919 u
332 1891 377 1918 ubi
399 1900 450 1919 non
471 1897 528 1920 erat
558 1894 637 1920 timor
657 1894 690 1921 ’³.
712 1894 741 1922 Si
765 1896 837 1923 enim
854 1897 881 1924 in
907 1897 1066 1926 hominibus

279 1944 334 1965 non
363 1945 470 1966 omnem
495 1941 697 1975 generationem
725 1941 943 1971 demonstratum
967 1949 1010 1971 est
1032 1952 1065 1972 ex

278 1984 375 2012 alfeclu
395 1985 452 2013 sive
471 1986 600 2021 passione
618 1991 756 2021 constare,
785 1988 833 2016 sed
857 1989 938 2016 aliam
956 1985 1065 2025 quidem

277 2030 446 2058 materialem
472 2038 521 2066 per
540 2031 682 2065 allectum;
712 2033 794 2060 aliam
821 2040 886 2062 vero
913 2035 1064 2070 spiritalem

278 2083 374 2111 puram
392 2079 419 2104 et
435 2076 634 2112 incorruptam.
660 2077 738 2110 Quod
758 2079 832 2106 enim
847 2084 1007 2114 generatum
1024 2085 1066 2108 est

277 2129 312 2148 ex
333 2121 443 2157 spiritu,
462 2121 577 2157 spiritus
594 2127 622 2150 et
644 2130 700 2149 non
724 2130 789 2151 caro
811 2125 947 2160 gignitur;
964 2126 991 2152 in
1007 2125 1065 2161 spi-

278 2165 332 2193 ritu
356 2166 430 2193 nulla
454 2165 575 2206 patibilis
598 2167 768 2202 conspicitur
793 2168 912 2197 aﬂ’ectio.
931 2170 1066 2204 Quoniam

1113 937 1237 973 ηγορίαν,
1253 937 1310 972 ὲρεῖ
1326 937 1435 967 πάντως
1453 935 1525 962 κατά
1536 934 1567 961 τὸ
1580 933 1726 961 ἀκόλουθον
1739 933 1782 959 καὶ
1794 933 1834 959 ἐπὶ
1844 933 1878 959 re}

1102 983 1264 1020 ’ποιήματος
1275 983 1324 1018 τὴν
1332 982 1379 1009 τοῦ
1388 982 1453 1009 Υίοῦ
1464 981 1560 1016 κλῆσιν
1567 979 1713 1016 προσφυῶς
1725 978 1879 1014 ἔχειν.”Ωστε,

1113 1031 1137 1057 εί
1149 1031 1163 1058 ὁ
1173 1029 1237 1061 Tib;
1251 1029 1364 1064 κτίσμα,
1379 1028 1426 1055 καὶ
1435 1027 1548 1064 οὐρανὸς
1562 1026 1630 1058 υίὸς,
1648 1026 1695 1053 καὶ
1708 1025 1744 1052 τὰ
1760 1025 1815 1052 καθ’
1830 1025 1880 1052 ἐκα-

1114 1084 1176 1102 στον
1190 1075 1245 1101 τῶν
1254 1074 1405 1109 γεγονότων
1420 1073 1523 1109 κυρίως
1539 1073 1610 1100 κατὰ
1623 1073 1668 1100 τὸν
1682 1072 1842 1107 λογογράφον
1857 1073 1881 1107 τῇ

1113 1120 1160 1148 τοῦ
1176 1120 1234 1147 υίοῦ
1249 1119 1421 1156 προσηγορίᾳ
1444 1119 1669 1154 κατονομάζεται.
1686 1119 1717 1146 Et
1733 1118 1786 1154 γὰρ
1800 1118 1883 1149 ἐκεῖνος

1113 1166 1172 1202 οὐχὶ
1187 1166 1227 1202 τῷ
1238 1167 1376 1193 κοινωνεῖν
1400 1165 1440 1200 τῷ
1462 1165 1644 1200 γεγεννηκότι,
1657 1165 1707 1200 τῆς
1722 1164 1823 1199 φύσεως
1839 1164 1883 1199 ἔχει

1112 1213 1144 1240 τὸ
1153 1213 1250 1248 ὄνομα,
1258 1212 1327 1239 ἀλλὰ
1337 1211 1404 1239 καθὸ
1412 1211 1519 1243 κτιστός
1531 1212 1599 1243 ἐστι,
1608 1210 1679 1238 κατὰ
1688 1209 1768 1237 τοῦτο
1775 1210 1832 1240 Υἱὸς
1840 1209 1884 1235 ὀνο-

1115 1259 1230 1295 μάζεται
1240 1267 1246 1274 ·
1260 1259 1275 1284 ὁ
1286 1257 1366 1289 αὐτὸς
1376 1257 1457 1284 δώσει
1475 1257 1563 1291 λόγος,
1580 1257 1628 1284 καὶ
1645 1256 1743 1292 ἀμνὸν,
1759 1256 1804 1282 καὶ
1819 1255 1884 1286 κύνα,

1115 1306 1162 1333 καὶ
1173 1304 1317 1341 βάτραχον.
1329 1303 1375 1331 καὶ
1389 1303 1478 1330 πάντα
1490 1303 1540 1330 ὅσα
1556 1302 1689 1337 θελήματι
1701 1303 1750 1328 τοῦ
1759 1300 1884 1335 πεποιηκό-

1114 1359 1159 1382 τος
1173 1349 1289 1384 ὑπέστη,
1303 1347 1390 1384 τῇτοῦ
1406 1347 1465 1374 υἱοῦ
1478 1347 1648 1382 προσηγορίᾳ
1661 1343 1884 1379 κατονομάζεσθαι,

1115 1397 1146 1423 El
1158 1396 1187 1423 δὲ
1199 1396 1303 1422 τούτων
1315 1395 1429 1421 ἕκαστον
1437 1393 1480 1419 διὰ
1490 1392 1520 1419 τὸ
1533 1391 1585 1423 ἔξω
1599 1391 1649 1425 τῆς
1661 1390 1708 1417 τοῦ
1716 1389 1787 1425 ξυίοῦ
1799 1389 1887 1423 φύσεως

1115 1440 1186 1470 εἶναι
1205 1441 1265 1473 ,υίὸς
1278 1441 1328 1467 οὐκ
1340 1440 1414 1466 ἐστιν
1425 1447 1432 1455 ·
1449 1439 1510 1466 οὐδὲ
1523 1437 1589 1469 Θεὸς
1603 1437 1713 1471 λέγεται
1725 1434 1794 1462 κατὰ
1804 1434 1830 1461 τὸ
1839 1433 1887 1460 ἀκό-

1115 1488 1208 1515 λουθον
1226 1487 1335 1518 πάντως
1352 1487 1367 1513 ὁ
1388 1485 1490 1521 κυρίως
1502 1484 1579 1517 Υἱὸς,
1591 1483 1634 1510 διὰ
1649 1483 1678 1509 τὺ
1692 1482 1723 1515 ἐξ
1738 1481 1821 1516 αὐτῆς
1833 1478 1888 1507 εἷναι

1115 1534 1163 1561 τοῦ
1177 1533 1372 1569 γεγεννηκότος
1392 1532 1442 1567 τῆς
1468 1530 1584 1565 φύσεως,
1602 1529 1665 1560 Υίός
1681 1528 1767 1559 ἐστιν,
1784 1527 1828 1553 καὶ
1837 1526 1888 1557 Θεὸς

1116 1577 1186 1606 εῖναι
1199 1578 1380 1614 ὁμολογεῖται.
1397 1575 1476 1603 Ἀλλά
1497 1575 1664 1610 μυσάττεται
1683 1573 1734 1608 τὴν
1750 1572 1798 1607 τῆς
1812 1571 1890 1605 γεννή-

1116 1634 1185 1658 σεως
1208 1625 1321 1656 ἔννοιαν,
1338 1623 1385 1651 καὶ
1405 1622 1532 1658 ἀφορίζει
1544 1621 1598 1648 τῶν
1620 1620 1698 1647 θείων
1716 1619 1852 1654 δογμάτων
1865 1617 1890 1651 τῇ

1116 1670 1250 1707 σαρκώδει
1260 1669 1418 1705 φυσιολογίᾳ
1431 1668 1581 1695 διαὸἀλλων
1597 1666 1627 1693 τὸ
1640 1666 1739 1700 ὃνομα.
1764 1664 1829 1691 Ἀλλ’
1843 1663 1891 1689 ικα-

1116 1717 1168 1749 νῶς
1182 1716 1252 1751 ὑπὲρ
1265 1715 1366 1742 τούτων
1378 1715 1407 1741 ἐν
1422 1715 1478 1746 τοῖς
1485 1713 1620 1748 φθάσασιν
1634 1713 1648 1739 ό
1662 1712 1745 1746 λόγος
1758 1708 1891 1740 ἀπέδειξεν,

1115 1763 1156 1789 δτι
1169 1762 1239 1789 κατὰ
1263 1760 1310 1787 τὸν
1332 1759 1489 1797 Προφήτην,
1505 1757 1668 1785 Φοϐοῦνται
1689 1756 1787 1790 φόϐον
1801 1751 1834 1781 οὖ
1849 1753 1893 1780 οὐκ

1115 1808 1180 1835 ἐστι
1192 1806 1292 1841 φόϐος.
1310 1805 1342 1831 Et
1354 1804 1408 1840 γὰρ
1415 1804 1460 1830 ἐπὶ
1473 1803 1527 1830 τῶν
1541 1801 1693 1838 ἀνθρώπων
1708 1801 1741 1827 οὺ
1761 1800 1833 1826 πᾶσα
1845 1797 1893 1831 γέν-

1116 1859 1193 1886 νησις
1215 1849 1321 1885 ἐδείχθη
1347 1849 1417 1876 κατὰ
1432 1849 1517 1880 πάθος
1535 1845 1734 1881 συνισταμένη·
1754 1844 1839 1878 ἀλλ’ἢ
1856 1841 1894 1876 μὲν

1117 1896 1196 1932 ὑλικὴ
1207 1895 1251 1922 διὰ
1264 1895 1377 1926 πάθους,
1395 1894 1450 1930 ἡδὲ
1464 1891 1635 1928 πνευματικὴ
1653 1890 1765 1938 καθαρά
1779 1889 1824 1916 καὶ
1840 1888 1894 1938 ἀκή-

1117 1950 1208 1979 ρατος.
1218 1941 1255 1968 To
1262 1941 1316 1976 γὰρ
1323 1938 1520 1974 γεγεννημένον
1526 1938 1558 1964 ἐκ
1567 1936 1614 1964 τοῦ
1626 1935 1794 1967 πνεύματος,
1803 1935 1896 1967 πνεῦμα

1117 1989 1165 2016 καὶ
1178 1987 1238 2022 οὐχὶ
1252 1985 1321 2022 σὰρξ
1332 1983 1496 2020 γίνεται,¹τῷ
1509 1983 1538 2010 δὲ
1545 1983 1681 2017 πνεύματι
1695 1980 1812 2016 οὐδεμία
1824 1979 1896 2012 παθη-

1116 2034 1180 2069 τικὴ
1198 2031 1390 2067 συνθεωρεῖται
1411 2028 1543 2061 διάθεσις.
1575 2026 1686 2062 Ἐπειδὴ
1715 2026 1762 2053 διὰ
1778 2025 1830 2052 τῶν
1846 2022 1895 2050 καθ’

1117 2080 1191 2116 ἡμᾶς
1205 2076 1412 2111 ὑποδειγμάτων
1423 2075 1572 2109 ἀναγκαῖον
1585 2073 1672 2108 ἐφάνη
1690 2072 1731 2107 τῷ
1750 2069 1897 2116 λογογράφῳ

1116 2114 1167 2160 τὴν
1200 2123 1275 2150 Θείαν
1302 2119 1505 2155 ὲπιλογίζεσθαι
1530 2118 1657 2154 δύναμιν,
1674 2117 1800 2144 πεισάτω
1816 2114 1896 2160 ἑαυτόν

1117 2158 1151 2196 ὲκ
1163 2168 1210 2196 τοῦ
1229 2167 1324 2204 ἑτέρου
1345 2167 1397 2202 τῆς
1420 2165 1572 2201 γεννήσεως
1589 2163 1691 2199 τρόπου
1720 2163 1752 2189 τὸ
1774 2161 1838 2196 περὶ
1859 2158 1897 2193 τὴν

279 2209 363 2245 igitur
400 2217 449 2245 per
468 2204 592 2246 exempla
615 2216 709 2239 nostra
731 2214 916 2242 necessarium
939 2203 1063 2251 apparuit

1118 2214 1193 2242 θείαν
1207 2203 1333 2249 γέννησιν
1346 2211 1450 2243 ἀπαθὲς
1463 2210 1573 2237 ἐννοεῖν.
1600 2208 1681 2235 Ἀλλά
1692 2207 1745 2239 τὰς
1759 2207 1832 2252 spei}
1843 2203 1896 2252 ταὺ-

278 2255 344 2283 huic
368 2255 519 2283 vanissimo
544 2257 673 2292 scriptori
701 2258 755 2285 vim
773 2258 892 2287 divinam
913 2267 945 2287 ac
973 2265 1065 2296 poten-

279 2300 345 2328 tiam
359 2300 587 2329 considerandam
602 2309 674 2335 esse,
692 2303 779 2331 discat
797 2308 823 2332 et
837 2304 889 2332 sibi
903 2305 1066 2340 persuadeat

279 2353 312 2374 ex
330 2346 384 2374 alio
410 2347 594 2381 generationis
615 2348 697 2376 modo
724 2349 752 2377 in
772 2349 864 2378 divina
891 2351 1066 2386 generatione

279 2392 353 2427 quod
375 2391 488 2421 atiectus
512 2393 547 2420 sit
567 2401 664 2429 expers
690 2395 852 2431 intelligere.
871 2396 924 2424 Sed
946 2397 996 2425 has
1011 2401 1066 2426 tres

279 2438 351 2466 inter
371 2446 401 2466 se
426 2439 620 2474 appellationes
649 2441 832 2475 confundens,
863 2449 979 2477 quarum
1005 2443 1067 2471 duae

279 2492 371 2520 aequas
397 2484 498 2513 habent
524 2486 597 2514 vires
617 2506 625 2520 ,
646 2491 723 2523 putat
740 2495 770 2515 se
792 2488 931 2516 auditores
947 2489 1067 2524 arripere

279 2537 328 2565 per
348 2530 463 2558 duarum
491 2538 588 2559 vocum
611 2533 762 2560 secundum
786 2533 968 2568 signiﬁcatum
994 2543 1068 2563 com-

279 2578 448 2611 munionem,
475 2577 512 2605 ita
536 2583 566 2605 ut
590 2578 698 2605 tertiam
726 2578 798 2606 idem
821 2579 978 2615 signiﬁcare
994 2581 1067 2610 arbi-

278 2627 396 2652 trentur.
419 2623 555 2657 Quoniam
578 2624 651 2651 enim
677 2623 792 2652 facturae
815 2629 844 2654 et
866 2630 1000 2655 creaturae
1018 2635 1066 2663 ap-

279 2669 399 2705 pellatio,
425 2669 453 2697 id
473 2670 546 2704 quod
571 2668 675 2696 factum
699 2674 742 2698 est
767 2674 845 2699 extra
865 2678 991 2700 naturam
1006 2673 1067 2708 ejus

279 2713 326 2748 qui
344 2713 408 2741 fecit
434 2721 495 2741 esse
519 2713 700 2748 demonstrat,
725 2714 769 2742 his
786 2722 880 2743 vocem
900 2717 947 2743 τοῦ
971 2718 1067 2754 γεννή-

279 2766 364 2795 ματος
378 2757 534 2794 [geniturae]
549 2758 659 2795 adaptat
669 2782 678 2795 ,
695 2765 723 2788 ut
738 2762 791 2791 hoc
802 2762 882 2790 etiam
891 2770 989 2791 nomen
1005 2770 1066 2791 cum

314 2835 339 2851 ’δ
352 2834 424 2862 Psal.
440 2843 500 2864 nu.
513 2836 542 2863 5.

1116 2268 1165 2291 τας
1193 2259 1251 2294 μετ’
1272 2257 1394 2292 ἀλλήλων
1415 2255 1599 2295 προσηγορίας
1618 2253 1742 2288 συγχέας
1767 2252 1798 2284 ἑξ
1810 2248 1844 2278 ὧν
1858 2250 1898 2275 ἰσο-

1117 2303 1280 2340 δυναμοῦσιν
1291 2303 1319 2329 αἱ
1327 2303 1387 2329 δύο⁴
1401 2300 1585 2336 συναρπάζειν
1596 2299 1681 2326 οἴεται
1691 2299 1757 2329 τοὺς
1765 2296 1897 2324 ἀκούοντας

1117 2351 1161 2378 διὰ
1178 2350 1228 2384 τῆς
1243 2349 1298 2375 τῶν
1311 2348 1358 2375 δύο
1383 2346 1479 2382 φωνῶν
1502 2344 1573 2372 κατὰ
1590 2345 1622 2371 τὸ
1639 2343 1841 2379 σημαινόμενον
1851 2348 1898 2366 κοι-

1120 2383 1227 2429 νωνίας,
1239 2395 1270 2422 τὺ
1288 2394 1337 2422 καὶ
1346 2393 1394 2429 τὴν
1409 2393 1505 2429 τρίτην
1518 2390 1649 2422 ὡσαύτως
1661 2388 1781 2416 οἴεσθαι.
1805 2383 1898 2417 Ἐπειδὴ

1120 2443 1174 2478 γὰρ
1189 2443 1206 2477 ή
1218 2441 1266 2469 τοῦ
1276 2441 1428 2475 ποιήματος
1441 2438 1488 2465 καὶ¹
1504 2437 1651 2471 κτίσματος
1663 2433 1838 2470 προσηγορία
1858 2430 1899 2463 ἔξω

1118 2489 1168 2523 τῆς
1175 2486 1221 2514 τοῦ
1234 2485 1414 2521 πεποιηκότος
1426 2484 1533 2518 φύσεως
1548 2481 1618 2508 εῖναι
1628 2480 1658 2508 τδ
1669 2479 1854 2514 πεποιημένον
1866 2478 1899 2502 ὲν·

1119 2534 1265 2565 δείκνυται,
1287 2531 1439 2568 προσάπτει
1454 2529 1559 2560 τούτοις
1575 2524 1624 2564 τὴν
1643 2527 1738 2563 φωνὴν
1750 2526 1801 2553 τοῦ
1820 2523 1902 2559 γεννή-

1121 2587 1206 2615 ματος
1215 2587 1222 2593 ·
1237 2578 1275 2610 ὡς
1294 2577 1326 2604 ἀν
1341 2575 1472 2603 καὶτοῦτο
1480 2575 1536 2606 τοῖς
1545 2573 1761 2610 προειρημένοις
1778 2578 1902 2606 συνερμη-

1119 2624 1234 2652 νεύοιτο.
1253 2621 1332 2649 Ἀλλὰ
1338 2621 1368 2648 τὸ
1376 2620 1496 2648 τοιοῦτον
1508 2617 1578 2651 εἶδος
1592 2618 1640 2646 τοῦ
1648 2618 1730 2653 λόγου
1746 2615 1902 2651 κακουργία,

1120 2671 1168 2698 καὶ
1185 2669 1277 2705 ἀπάτη
1301 2668 1348 2695 καὶ
1368 2666 1535 2702 φενακισμὺς
1551 2664 1731 2700 όνομάζεται,
1749 2663 1782 2690 οὐ
1798 2668 1903 2697 πεφρονα

1119 2715 1233 2752 τισμένη
1257 2714 1304 2742 καὶ
1323 2713 1432 2750 τεχνική
1446 2721 1488 2744 τις
1508 2711 1654 2744 ἀπόδειξις.
1669 2710 1750 2746 Μόνη
1767 2709 1823 2745 γὰρ
1841 2705 1904 2743 ἡδιά

1121 2762 1177 2791 τῶν
1186 2761 1409 2799 ὁμολογουμένων
1422 2758 1576 2796 φανεροῦσα
1590 2758 1620 2786 τδ
1635 2757 1834 2793 ἀγνοούμενον,
1845 2752 1903 2781 ἀπό-
