1959 3075
62 122 114 150 ﬁCl
610 121 748 149 CONTRA
764 121 962 155 EUNOMIUM,
982 122 1046 150 LIB.
1067 123 1112 150 IV.
1643 121 1698 149 66‘!

59 181 145 214 δειξις
157 179 276 214 λέγεται.
289 179 326 206 Τὸ
345 179 373 206 δὲ
394 179 621 216 παραλογίζεσθαι
636 181 679 207 διὰ
691 181 856 216 κακουργίας

916 181 1045 209 medicus
1068 181 1161 209 eadem
1175 181 1399 218 interpretatione
1409 179 1629 216 comprehendat.
1641 179 1696 208 Sed

62 228 111 254 καὶ
120 225 301 252 ὑποκλέπτειν
314 225 359 252 τὸν
371 225 491 260 ἔλεγχον,
502 226 548 252 καὶ
556 227 664 261 συγχεῖν
680 228 708 253 ἐν
722 228 783 258 ταῖς
795 228 856 253 ἑπι-

916 225 971 253 .alis
987 226 1091 261 species
1107 227 1242 255 sermonis
1257 228 1371 259 malitia,
1384 232 1410 254 et
1423 226 1498 254 fraus
1510 230 1536 253 et
1546 225 1696 260 impostura

61 270 186 302 πολαίοις
202 270 321 302 ἀπάταις
339 269 388 305 τὴν
410 270 530 297 διάνοιαν
549 270 613 304 τῶν,
634 270 723 303 καθώς
740 279 822 307 φησιν
843 272 857 297 ὀ

916 272 1079 304 nominatur,
1101 280 1156 300 non
1178 274 1325 308 prudenter
1345 277 1372 300 ct
1396 277 1525 300 accurate
1543 271 1695 306 excogitata

68 315 245 348 ’Δπόστολος,
257 315 489 352 κατεφθαρμένων
502 317 547 342 τὸν
555 316 627 348 νοῦν,
641 317 691 343 οὐκ
704 318 736 344 ἄν
747 326 788 349 τις
803 317 856 345 τῶν

916 323 935 346 :t
950 318 1098 346 artiﬁciosa
1110 319 1324 353 demonstratio;
1341 319 1399 347 sola
1414 319 1486 347 enim
1499 326 1559 353 qua:
1570 325 1602 345 ex
1614 317 1697 344 certis

64 361 276 397 σωφρονούντων
293 361 430 394 ἀπόδειξιν
442 363 569 398 τεχνικὴν
580 363 753 398 ὀνομάσειεν.-

916 368 938 392 :t
959 365 1100 393 concessis
1130 369 1158 393 et
1177 365 1262 398 notis,
1293 366 1322 394 id
1352 365 1426 400 quod
1452 366 1596 400 ignoratur
1623 364 1698 390 clare

64 407 157 440 docet,
171 409 368 453 demonstratio
384 410 496 442 dicitur,
515 411 561 439 sed
577 419 625 446 per
641 411 773 439 malitiam
791 411 860 439 falsa
881 413 1118 448 argumentatione
1140 413 1181 440 uti
1210 417 1237 440 et
1272 413 1412 448 surripere
1436 416 1638 447 argumentum,
1671 415 1698 438 ct

63 450 263 489 apparentibus
277 455 394 484 fallaciis
425 456 593 485 confundere
614 457 819 493 intelligentiam
839 465 944 491 eorum,
966 458 1024 493 qui,
1048 462 1078 485 ut
1101 458 1139 486 ait
1157 458 1304 494 Apostolus
1317 457 1370 490 “‘,
1388 462 1504 484 mentem
1521 457 1698 491 depravatam

64 505 93 528 et
111 502 264 536 improbam
282 500 394 535 habent,
411 503 504 531 nullus
522 511 617 531 eorum
635 504 682 538 qui
698 504 820 532 modeste
839 497 947 540 sapiunt
961 505 1137 532 artiﬁciosam
1157 504 1415 533 demonstrationem
1433 502 1590 530 nominarit.

107 548 189 575 Ἀλλὰ
204 549 270 585 πρὸς
284 550 333 585 τὴν
353 549 527 577 ἀκολούθειαν
543 551 725 587 μετέλθωμεν.
745 553 858 587 Ἀμεσί-

65 603 174 622 τευτον
186 595 220 622 δέ
235 603 329 630 φησιν
341 594 418 623 εἶναι
434 596 489 631 τῆς
505 598 613 631 οὐσίας
633 598 690 632 τὴν
703 597 857 633 γέννησιν,

67 640 117 667 καὶ
131 641 299 676 ἀμερίστως
313 641 416 672 σώζειν
430 643 487 676 τὴν
502 643 577 677 πρὸς
593 644 644 670 τὸν
660 645 858 678 γεγεννηκότα

68 685 118 712 καὶ
132 686 301 719 ποιήσαντα
323 687 373 714 καὶ
389 688 535 715 κτίσαντα
557 688 676 723 σχέσιν.
693 689 725 715 Εἰ
747 689 796 725 μὲν
812 687 859 716 οὖν

67 731 98 758 τὸ
114 731 264 767 ἀμέριστόν
275 742 304 759 τε
326 733 373 760 καὶ
393 733 568 768 ἁμεσίτευτον
593 734 676 762 εἰπὼν
690 725 739 770 τῆς
753 735 856 769 οὐσίας,

68 776 97 801 ἓν
119 776 207 811 τούτῳ
225 776 271 803 τὸν
294 776 372 811 λόγον
388 777 512 812 ἔστησεν,
532 778 582 804 οὐκ
603 777 636 805 ἂν
657 778 706 813 τῆς
731 778 858 810 εὐσεϐοῦς

71 821 232 856 ὑπολήψεως
250 822 423 858 παρετράπη,
441 823 501 850 ἐπεὶ
521 824 567 850 καὶ
586 824 651 859 παρ’
672 824 750 859 ἡμῶν
767 825 860 859 ὁμολο-
877 840 897 868 Β

69 869 158 901 γείται
176 867 224 894 τοῦ
238 868 302 895 Υῑοῦ
319 868 349 895 τὸ
365 869 432 904 πρὸς
447 869 493 896 τὸν
509 870 617 906 Πατέρα
632 871 748 905 συναφές
762 879 791 897 τε
813 871 860 897 καὶ

69 912 264 947 ἁμεσίτευτον·
282 912 320 944 ὠς
340 913 422 949 μηδὲν
446 911 514 940 εἶναι
538 913 569 940 τὸ
589 914 633 941 διὰ
656 914 738 950 μέσου
759 914 862 941 τούτων

70 959 308 997 παρενειρόμενον,
334 959 349 986 ὃ
374 959 474 994 μεταξὺ
495 960 545 995 τῆς
569 959 616 987 τοῦ
636 960 700 987 Υἰοῦ
726 960 793 996 πρὸς
815 960 860 987 τὸν

70 1003 182 1039 Πατέρα
206 1004 350 1038 συναφείας
378 1005 553 1040 εὑρίσκεται,
583 1005 620 1042 μὴ
649 1007 861 1042 διαστηματικόν

70 1058 95 1076 τι
108 1050 207 1084 νόημα,
226 1050 262 1085 μὴ
281 1050 345 1077 αὐτὸ
364 1050 393 1076 τὸ
406 1051 507 1086 ἀκαρές
522 1060 552 1078 τε
572 1052 618 1078 καὶ
639 1052 750 1087 ἄτομον,
764 1052 778 1078 ὃ
799 1053 860 1088 διχῆ

68 1095 239 1130 τεμνομένου
261 1095 307 1122 τοῦ
323 1096 431 1131 χρόνου,
453 1096 491 1131 τῷ
512 1097 687 1132 παρῳχηκότι
706 1105 736 1123 τε
757 1097 803 1124 καὶ
821 1097 861 1132 τῷ

71 1139 208 1174 μέλλοντι,
227 1141 296 1168 κατὰ
309 1141 339 1167 τὸ
353 1141 467 1177 ὲνεστῲς
481 1141 592 1177 ἁμερῶς
614 1142 656 1176 ἐφ’
676 1142 772 1168 ἑαυτοῦ
792 1144 861 1169 νοεῖ-

68 1193 126 1216 τειι,
140 1185 203 1212 οὗτε
226 1184 272 1212 τοῦ
298 1187 501 1221 παρῳχηκότος,
526 1186 587 1213 οὔτε
611 1187 752 1222 μέλλοντος
779 1188 861 1223 μέρος

69 1229 197 1263 γενέσθαι
210 1230 365 1265 δυνάμενον,
379 1231 422 1257 διὰ
442 1231 472 1257 τὸ
487 1229 556 1257 εἶναι
575 1231 688 1258 καθόλου
703 1232 861 1259 ἀδιάστατον

70 1283 99 1301 τε
114 1275 163 1301 καὶ
188 1275 297 1310 ἄτομον,
322 1275 369 1303 καὶ
389 1276 458 1311 ὅπερ
478 1277 511 1303 ἂν
531 1276 676 1311 προστεθῇ,
691 1277 859 1312 ἀνεπίδηλον.

70 1319 107 1345 Τὸ
119 1317 167 1346 οὖν
179 1319 306 1355 καθαρῶς
321 1320 432 1356 ἄμεσον,
447 1320 534 1347 οὐδενὶ
547 1320 658 1356 τοιούτῳ
674 1321 861 1356 μσιτεὺεσθαι

70 1366 197 1401 λέγομεν.
217 1366 254 1393 Οὐ
278 1365 332 1402 γὰρ
353 1365 384 1392 ἃν
408 1365 449 1392 ἑτι
469 1365 570 1401 ἆμεσον
592 1367 635 1401 εῐη
657 1366 688 1392 τὺ
715 1366 790 1401 μέσῳ
808 1367 861 1393 τινὶ

68 1412 267 1447 διειργόμενον.
285 1412 314 1438 Et
336 1411 424 1438 τοίνυν
447 1412 571 1443 κάκεῖνος
594 1411 769 1447 ἁμεσίτευτον
792 1410 862 1439 εἶναι

70 1457 157 1484 εἰπὼν
172 1457 218 1484 τοῦ
236 1457 300 1484 Υἱοῦ
318 1457 367 1492 τὴν
378 1457 512 1493 γέννησιν,
535 1457 616 1492 μηδὲν
637 1457 691 1484 τῶν
711 1457 861 1492 εἰρημένων

947 551 999 579 Sed
1015 552 1048 580 ad
1065 559 1097 580 ea
1112 559 1174 586 quae
1189 555 1343 586 sequuntur
1357 555 1540 577 transeamus.
1554 547 1696 575 lmmedia-

910 602 966 624 tam
979 602 1004 625 et
1022 597 1095 624 nullo
1118 598 1309 624 intercurrente
1325 595 1409 622 medio
1426 594 1593 628 coniunctam
1610 601 1698 621 essen-

911 644 954 671 tia:
968 643 1162 679 generationem
1177 643 1292 673 asserit;
1308 645 1385 676 atque
1413 638 1611 674 impartibiliter
1637 645 1696 665 ter-

911 697 973 716 vure
995 697 1054 715 cum
1071 697 1101 716 eo
1125 688 1169 723 qui
1187 687 1275 722 genuit
1293 692 1318 714 et
1346 686 1390 720 qui
1405 685 1466 719 fecit
1485 689 1510 711 et
1527 683 1571 718 qui
1598 683 1697 709 creavit

911 733 1074 760 relationem.
1097 732 1125 760 Si
1140 740 1202 759 cum
1227 730 1391 766 impartibile
1410 728 1538 756 essentia:
1559 730 1585 754 et
1603 726 1698 753 imme-

911 780 1015 807 diatum
1029 779 1109 811 dixit,
1131 778 1158 805 in
1174 785 1206 805 co
1222 783 1377 805 sermonem
1393 775 1514 804 sisteret,
1533 779 1588 799 non
1612 779 1627 797 a
1652 771 1696 805 pia

912 829 938 853 et
954 825 1081 860 religiosa
1107 824 1236 859 opinione
1250 822 1416 854 deﬂecteret,
1436 821 1500 855 quia
1517 818 1599 846 etiam
1614 824 1628 844 a
1646 825 1696 843 no-

912 870 953 898 bis
970 869 1128 897 conceditur
1138 869 1198 896 Filii
1213 875 1275 895 cum
1295 867 1376 894 Patre
1408 864 1542 893 connexio
1561 867 1588 891 et
1604 863 1700 889 immev

911 915 1006 946 diatio,
1023 914 1086 949 quia
1102 914 1170 941 nihil
1184 914 1219 941 sit
1237 912 1308 948 quod
1322 919 1368 946 per
1382 911 1478 938 borum
1494 908 1611 937 medium
1627 907 1699 934 inse-

911 966 998 993 ratur,
1015 960 1087 995 quod
1116 961 1187 986 inter
1204 958 1265 986 Filii
1294 965 1356 984 (-um
1381 955 1462 982 Patre
1481 952 1621 988 compagis
1641 952 1698 979 sive

911 1006 1090 1034 connexionis
1115 1005 1234 1033 medium
1263 1003 1426 1031 inveniatur.
1458 1000 1518 1027 Non
1553 997 1696 1026 intervallo

911 1053 1041 1080 distincta
1058 1051 1148 1085 notio,
1169 1057 1223 1077 non
1253 1049 1341 1083 ipsum
1371 1047 1515 1074 minimum
1544 1048 1570 1070 et
1599 1041 1698 1070 indivi~

911 1099 1005 1130 duum,
1022 1097 1094 1133 quod
1111 1102 1200 1131 neque
1216 1094 1304 1122 secari
1319 1100 1407 1127 neque
1425 1090 1515 1118 ~dividi
1531 1088 1567 1115 ob
1593 1086 1698 1122 exigui-

911 1149 994 1172 tatem
1011 1148 1099 1179 potest
1112 1152 1120 1176 ;
1135 1150 1197 1169 cum
1210 1145 1317 1175 tempus
1327 1138 1453 1166 bifariam
1465 1135 1613 1166 dividatur,
1627 1140 1697 1168 prae-

911 1191 992 1218 terito
1009 1195 1037 1217 et
1052 1190 1155 1220 futuro,
1172 1193 1293 1223 praesens
1321 1185 1349 1212 in
1376 1183 1468 1218 seipso
1500 1179 1699 1215 impartibiliter

912 1235 1071 1270 intelligitur
1085 1233 1159 1270 quod
1175 1240 1260 1267 neque
1277 1229 1418 1266 praeteriti,
1435 1234 1522 1262 neque
1537 1224 1621 1253 futuri
1637 1230 1700 1259 pars

912 1289 975 1310 esse
996 1269 1096 1316 potest.
1112 1279 1176 1315 quia
1196 1278 1271 1306 omni
1295 1274 1465 1304 dimensione
1481 1275 1582 1303 careat,
1612 1269 1700 1304 sitque

912 1314 1074 1354 continuum
1091 1314 1315 1355 etrindividuum,
1332 1328 1359 1351 et
1374 1316 1475 1354 siquid
1488 1316 1624 1352 adjectum
1642 1314 1700 1342 fue-

912 1370 1184 1407 rit,inconspicuum.
1200 1367 1278 1401 Quod
1299 1365 1381 1401 igitur
1397 1371 1464 1399 pure
1490 1361 1572 1389 medii
1604 1368 1700 1395 expers

912 1421 965 1451 est,
980 1417 1056 1444 nullo
1070 1415 1116 1443 tali
1146 1414 1347 1441 intercurrente
1366 1409 1455 1437 medio
1485 1407 1570 1434 dividi
1590 1410 1700 1442 potest;

913 1471 967 1491 non
981 1462 1054 1490 enim
1070 1460 1188 1495 amplius
1204 1461 1277 1486 esset
1294 1456 1376 1484 medii
1388 1462 1496 1491 expers,
1514 1452 1586 1488 quod
1610 1452 1701 1486 aliquo

70 1503 220 1538 ἐπήνεγκε,
234 1503 284 1538 τὴν
298 1503 416 1535 εὐσεϐῶς
428 1503 574 1539 νοουμένην
589 1503 637 1530 τοῦ
658 1502 722 1530 Υίοῦ
736 1503 803 1538 πρὸς
816 1503 862 1530 τὸν

916 1508 1004 1536 mcdio
1020 1510 1175 1535 coercetur.
1192 1504 1221 1531 Si
1245 1504 1327 1539 igitur
1358 1502 1403 1529 ille
1417 1500 1463 1536 qui
1488 1506 1550 1527 cum
1566 1498 1634 1526 dixit
1650 1498 1702 1524 im-

70 1548 182 1583 Πατέρα
197 1548 342 1583 συνάφειαν
363 1549 549 1584 ὲδογμάτιζεν.
570 1549 678 1584 Ἐπειδὴ
695 1549 723 1575 δὲ
736 1548 861 1584 καθάπερ

71 1593 272 1629 μεταμεληθεὶς
289 1594 330 1629 ἐφ’
344 1591 385 1626 οἷς
403 1594 523 1630 εἴρηκεν,
544 1594 625 1626 εὐθὺς
650 1594 798 1630 ἐπήγαγεν,
821 1595 862 1620 ὅτι

70 1638 157 1670 Σώζει
172 1639 230 1673 τὴν
240 1640 313 1674 πρὸς
327 1640 381 1667 τὸν
392 1641 591 1675 γεγεννηκότα
606 1641 655 1667 καὶ
669 1640 860 1674 πεποιηκότα,

71 1685 121 1712 καὶ
149 1685 296 1713 κτίσαντα
310 1686 440 1720 σχέσιν,
458 1687 570 1722 ὲμόλυνε
593 1687 647 1718 τοῖς
670 1686 805 1722 δευτέροις
828 1686 862 1712 τὰ

71 1731 205 1766 πρότερα,
227 1730 265 1766 τῷ
288 1732 400 1767 καθαρῷ
425 1732 496 1768 λόγῳ
520 1732 569 1767 τὴν
592 1732 749 1767 βλάσφημον
771 1731 862 1766 φωνὴν

71 1776 221 1810 ὲπεμέσας.
244 1776 328 1812 Δῆλον
342 1777 395 1813 γὰρ
417 1777 550 1805 ὅτικὰκεῑ
570 1778 601 1804 τὸ
621 1778 808 1813 ὰμεσίτευτον,
831 1778 861 1804 οὺ

72 1822 143 1857 πρὸς
157 1822 188 1848 τὸ
202 1823 312 1855 εὐσεῦὲς
327 1823 428 1858 βλέπει.
445 1824 514 1851 Ἀλλ’
528 1824 566 1856 ὡς
577 1824 610 1852 ἄν
622 1833 661 1856 τις
674 1824 748 1858 λέγοι
762 1824 861 1859 μεταξὺ

71 1868 118 1894 τοῦ
134 1868 201 1903 ἧλον
216 1870 262 1896 καὶ
284 1869 330 1896 τοῦ
349 1869 470 1904 χαλκέως
502 1870 652 1906 μεσιτεύειν
673 1870 722 1906 τὴν
741 1869 860 1904 σφύραν·

71 1912 176 1948 ταύτης
188 1913 216 1940 δὲ
234 1911 303 1940 εἶναι
320 1914 369 1950 τὴν
383 1915 553 1951 κατασκευὴν
575 1915 760 1950 ἀμεσίτευτον.
781 1914 864 1942 Οὔπω

72 1961 128 1995 γὰρ
141 1960 195 1986 τῶν
208 1958 330 1996 ὀργάνων
345 1961 398 1987 ὑπὸ
411 1961 461 1995 τῆς
478 1961 577 1997 τέχνης
592 1961 790 1997 ἐξευρημένων,
803 1962 863 1988 ἐπι-

73 2005 133 2042 νοίᾳ
148 2005 202 2032 τινὶ
216 2005 264 2041 τὴν
284 2005 389 2041 σφύραν
402 2006 436 2033 δι’
448 2007 542 2041 ἐτέρου
556 2007 628 2039 τινος
652 2007 767 2043 ὀργάνου
789 2007 864 2042 παρὰ

74 2051 120 2078 τοῦ
139 2052 259 2087 τεχνίτου
273 2051 384 2088 πρώτην
401 2051 537 2086 γενέσθαι,
556 2053 602 2079 καὶ
619 2052 690 2079 οὕτω
705 2052 749 2079 διὰ
763 2052 865 2087 ταύτης

73 2096 108 2123 τὰ
121 2095 201 2123 ἄλλα.
215 2096 308 2124 Ταῦτα
324 2098 371 2124 καὶ
385 2097 449 2132 περὶ
461 2096 507 2123 τοῦ
521 2096 688 2131 Μονογενοῦς
704 2097 773 2124 νοεῖν
785 2097 802 2132 ἡ
817 2096 864 2123 τοῦ

74 2143 272 2177 ἀμεσιτεύτου
291 2143 362 2176 λέξις
380 2142 425 2170 τὸν
442 2142 610 2178 λογογράφον
624 2142 798 2170 ἐνδείκνυται.
811 2142 864 2169 Καὶ

914 1554 1061 1581 mediatam
1077 1559 1138 1580 esse
1153 1550 1213 1577 Filii
1225 1546 1512 1584 generationem,nibil
1528 1551 1626 1573 eorum
1642 1551 1702 1579 quae

914 1600 949 1627 ab
961 1600 1021 1634 ipso
1035 1598 1107 1626 dicta
1125 1600 1189 1625 sunt
1219 1594 1367 1626 intulisset,
1398 1599 1459 1620 eam
1483 1598 1543 1625 qua
1570 1590 1613 1625 pie
1639 1596 1702 1616 cum

915 1646 994 1672 Patre
1014 1642 1176 1678 intelligitur
1199 1640 1261 1668 Filii
1289 1637 1486 1667 connexionem
1502 1643 1552 1663 suo
1576 1635 1703 1670 dogmate

914 1691 1129 1726 comprobasset.
1158 1686 1212 1715 Sed
1237 1685 1367 1722 quoniam
1384 1683 1458 1711 velut
1476 1681 1639 1718 paenitentia
1654 1680 1703 1707 du-

915 1742 976 1765 ctus
990 1737 1025 1764 ob
1038 1743 1070 1763 ea
1095 1741 1156 1770 quae
1172 1732 1252 1764 dixit,
1279 1730 1411 1758 continuo
1442 1728 1594 1763 subjunxit,
1629 1726 1702 1760 quod

916 1786 1005 1811 servat
1020 1789 1078 1809 cum
1092 1788 1122 1807 eo
1136 1780 1180 1815 qui
1195 1778 1295 1814 genuit,
1313 1780 1337 1803 et
1352 1776 1425 1810 fecit,
1442 1779 1467 1802 et
1495 1774 1591 1801 creavit
1603 1793 1610 1806 ,
1635 1771 1704 1798 rela-

915 1829 1022 1859 tionem,
1044 1824 1245 1862 posterioribus
1270 1822 1362 1857 priora
1393 1818 1600 1852 contaminavit,
1632 1816 1703 1844 etin

917 1878 1069 1900 sermonem
1085 1876 1183 1904 purum
1198 1866 1396 1902 blasphemiam
1417 1869 1445 1892 et
1471 1863 1582 1898 impiam
1610 1869 1704 1889 vocem

915 1915 1046 1945 evomuit.
1083 1912 1261 1948 Perspicuum
1288 1911 1361 1939 enim
1391 1909 1447 1936 illic
1471 1908 1501 1935 τὸ
1529 1906 1705 1942 ἀμεσίτευτον

918 1959 1147 1996 (immediatum)
1165 1965 1227 1986 cum
1252 1956 1331 1990 dixit,
1346 1962 1402 1984 non
1417 1954 1491 1990 quod
1507 1954 1581 1989 pium
1597 1956 1639 1980 est
1663 1959 1706 1979 re—

918 2008 1033 2043 spicere,
1053 2005 1099 2033 sed
1117 2003 1185 2032 utsi
1202 2002 1264 2037 quis
1279 2001 1381 2028 diceret
1398 2000 1470 2027 inter
1492 1999 1600 2026 clavum
1624 2001 1650 2025 et
1668 2005 1705 2025 ae-

918 2042 1021 2080 rarium
1035 2050 1141 2078 fabrum
1153 2048 1271 2076 medium
1287 2043 1455 2074 intervenire
1471 2043 1611 2074 malleum,
1624 2042 1706 2077 hujus

917 2101 1007 2124 autem
1030 2099 1196 2124 structuram
1209 2098 1236 2121 et
1256 2091 1466 2120 fabricationem
1495 2089 1585 2116 medio
1599 2095 1704 2116 carere.

917 2142 1042 2170 Nondum
1056 2140 1128 2168 enim
1145 2138 1334 2167 instrumentis
1349 2137 1383 2163 ab
1400 2139 1458 2163 arte
1471 2135 1589 2162 inventis
1619 2134 1707 2161 soler-

74 2189 104 2214 οὐ
122 2188 202 2223 μόνος
215 2188 243 2214 ἐν
256 2188 342 2224 τούτῳ
355 2182 524 2223 πεπλάνητσί
539 2188 609 2215 κατὰ
624 2188 672 2224 τὴν
687 2189 801 2215 ἀτοπίαν
818 2187 863 2214 τοῦ

919 2189 955 2215 tia
970 2186 1088 2222 quadam
1118 2185 1246 2212 malleum
1262 2191 1311 2220 per
1339 2183 1413 2210 aliud
1439 2181 1577 2218 quoddam
1601 2181 1706 2208 instru-

75 2234 211 2272 δόγματος
224 2234 238 2259 ὁ
253 2233 400 2269 Εὑνόμιος·
415 2233 471 2260 ἀλλ’
483 2233 542 2260 ἐστι
565 2233 612 2260 καὶ
634 2234 663 2260 ὲν
679 2233 735 2264 τοῖς
747 2232 868 2267 Θεογνώ-

78 2287 132 2313 στῳ
149 2278 348 2313 πεπονημένοις
370 2278 400 2305 τὺ
420 2275 478 2305 ἶσον
492 2279 597 2313 εὑρεῖν·
619 2278 648 2310 ὃς
664 2286 730 2313 φησι
742 2277 787 2304 τὸν
802 2278 868 2304 Θεὸν

78 2324 238 2359 βουλόμενον
262 2324 322 2350 τόδε
348 2324 378 2351 τὸ
397 2325 450 2351 πᾶν
474 2324 687 2356 κατασκευάσαι,
703 2322 809 2358 πρῶτον
823 2323 868 2350 τὸν

77 2371 141 2397 Υίὺν
156 2368 212 2397 οἷον
230 2379 290 2397 τινα
305 2370 404 2398 κανόνα
425 2371 474 2406 τῆς
497 2369 674 2405 δημιουργίας
695 2370 868 2405 προῦποστή-

79 2415 187 2443 σασθαι.
202 2416 269 2443 Οὐδὲ
288 2417 391 2448 ἐκεῖνος
404 2416 514 2443 συνιδὼν
527 2417 556 2443 ὲν
567 2415 606 2451 τῷ
617 2416 689 2451 λόγῳ
704 2416 734 2442 τὸ
752 2415 865 2443 ἄτοπον·

77 2463 119 2488 ὅτι
136 2461 166 2488 τὸ
185 2461 222 2497 μὴ
236 2462 332 2488 ἑαυτοῦ
345 2461 435 2497 χάριν,
449 2461 517 2488 ἀλλὰ
536 2461 569 2487 δι’
590 2461 654 2488 ἄλλο
669 2470 694 2488 τι
709 2460 868 2496 ἁτιμότερόν

79 2508 137 2534 ἐστι
151 2507 261 2539 πάντως
270 2507 317 2534 τοῦ
331 2507 364 2534 δι’
378 2507 391 2534 ὃ
404 2507 518 2541 γίνεται,
532 2507 569 2539 ὡς
582 2507 612 2534 τὸ
622 2506 773 2542 γεωργικὸν
787 2507 868 2541 ἔργα·

79 2553 150 2579 λεῖον
162 2553 214 2588 τῆς
229 2552 302 2588 ζωῆς
324 2553 402 2589 χάριν
427 2543 636 2588 ἐπιτηδεύομεν
648 2553 678 2579 οὐ
700 2552 751 2587 μὴν
771 2551 869 2587 ἐπίσης

79 2600 192 2634 τιμᾶται
207 2600 240 2634 τῇ
262 2598 317 2634 ζωῇ
333 2599 380 2626 καὶ
395 2600 424 2626 τὺ
443 2599 567 2635 ἄροτρον.
586 2598 664 2626 Οὕτω
679 2599 766 2625 τοίνυν
783 2597 830 2624 καὶ
846 2597 870 2623 ει

79 2645 123 2671 διὰ
147 2645 194 2672 τὸν
215 2645 318 2680 κόσμον
337 2646 352 2672 ὁ
373 2645 484 2682 Κύριος,
509 2645 556 2672 καὶ
576 2645 637 2680 οὐχ).
656 2644 689 2671 δι’
712 2645 815 2671 ἐκεῖνον
838 2642 871 2671 τὰ

80 2690 181 2722 πάντα,
203 2690 388 2726 προτιμότερα
411 2691 444 2718 ἂν
470 2691 513 2726 είη
533 2690 580 2718 τοῦ
602 2690 701 2726 Κυρίου
722 2689 822 2721 πάντα,
835 2685 872 2716 ὧν

79 2736 160 2772 χάριν
170 2736 275 2763 ἐκεῖνον
288 2737 414 2770 γενέσθαι
424 2737 541 2772 λέγουσι.
553 2737 638 2764 Τοῦτο
652 2737 698 2764 καὶ
710 2736 756 2763 νῦν
768 2735 812 2762 διὰ
825 2735 872 2762 τοῦ

78 2781 159 2817 λόγου
181 2782 416 2814 κατασκευάζουσι
434 2782 468 2809 δι’
487 2779 524 2811 ὧν
547 2783 724 2818 ἀμεσίτευτον
746 2781 818 2817 ἔχειν
830 2781 875 2808 τὸν

115 2862 151 2878 ’δ’
170 2859 253 2889 Rom.
270 2867 290 2894 ι.
307 2859 354 2893 29,
369 2859 414 2888 30.

917 2237 1038 2261 mentum
1061 2232 1096 2260 ab
1112 2231 1217 2258 artiﬁce
1239 2230 1357 2265 primum
1375 2228 1477 2255 factum
1507 2234 1579 2258 esse,
1613 2231 1640 2254 et
1667 2226 1708 2254 sic

916 2287 964 2315 per
979 2279 1052 2306 hunc
1064 2278 1126 2305 alia.
1143 2276 1206 2304 llaec
1219 2277 1253 2303 de
1266 2274 1411 2310 L'nigenito
1429 2281 1530 2301 vanum
1545 2273 1619 2300 hunc
1638 2280 1708 2300 scrt-

917 2330 1021 2361 ptorem
1035 2324 1184 2358 intelligere
1202 2322 1285 2350 dictio
1300 2319 1477 2356 ἁμεσιτεύτου
1495 2318 1594 2353 (medio
1609 2325 1706 2345 caren-

921 2370 1112 2409 tis)ostendit.
1129 2369 1183 2397 Nec
1216 2368 1291 2396 solus
1315 2367 1344 2394 in
1366 2366 1418 2394 boc
1435 2373 1484 2400 per
1510 2364 1708 2400 absurditatcm

922 2416 1056 2452 dogmatis
1080 2416 1209 2449 deceptus
1233 2416 1275 2441 est
1300 2411 1467 2444 Eunomius,
1502 2410 1550 2439 sed
1578 2410 1659 2438 etiam
1681 2408 1708 2436 in

922 2460 1000 2488 libris
1015 2468 1030 2487 a
1045 2461 1219 2496 Theognosto
1231 2457 1396 2492 conscriptis
1436 2456 1501 2491 quid
1531 2455 1620 2483 simile
1647 2454 1711 2481 licet

921 2505 1054 2537 invenire,
1070 2505 1115 2539 qui
1130 2503 1196 2531 dicit
1208 2502 1292 2531 Deum
1311 2503 1446 2531 volentem
1464 2503 1517 2529 hoc
1549 2501 1707 2528 universum

923 2555 1091 2584 construere,
1109 2551 1227 2586 primum
1245 2549 1344 2577 Filium
1372 2549 1446 2576 velut
1472 2547 1617 2583 quamdam
1645 2553 1711 2573 nor-

923 2603 995 2624 mam
1014 2595 1114 2632 opilicii
1132 2595 1208 2631 prius
1221 2594 1408 2623 substituisse.
1430 2593 1485 2621 Nec
1499 2593 1545 2620 ille
1574 2591 1710 2619 sermonis

924 2643 1007 2678 hujus
1022 2640 1216 2669 absurditatem
1233 2640 1375 2671 intellexit,
1391 2638 1464 2673 quod
1483 2644 1580 2672 nempe
1597 2643 1651 2662 non
1667 2638 1710 2662 est

925 2690 967 2717 sui
980 2688 1066 2724 ipsius
1082 2686 1180 2722 gratia,
1197 2686 1245 2713 sed
1260 2691 1371 2722 propter
1391 2683 1465 2710 aliud
1482 2683 1611 2718 quiddam
1628 2682 1710 2709 vilius

925 2738 968 2762 est
982 2741 1094 2769 prorsus
1105 2740 1138 2760 eo
1151 2736 1261 2767 propter
1277 2730 1348 2766 quod
1378 2729 1503 2761 efﬁcitur,
1519 2727 1594 2756 velut
1627 2726 1710 2754 rusti-

927 2787 990 2808 cum
1009 2778 1119 2815 aliquod
1136 2778 1347 2806 instrumentum
1366 2775 1426 2804 vitae
1453 2775 1540 2810 gratia
1567 2780 1709 2804 curamus.
