1959 3075
246 129 299 158 633

858 126 886 154 S.
901 126 1065 155 GREGOR‘II
1084 97 1230 155 ίνγδεΕΝι
1275 121 1283 129 “

1829 125 1878 153 ϐω

245 197 300 217 non
319 193 407 215 tamen
424 186 482 222 pari
504 186 607 213 honore
624 185 741 212 adicitur
756 188 876 212 aratrum
890 193 944 221 quo
963 187 1028 213 vita.

1092 185 1146 213 Γὶὸν
1160 185 1301 221 τὴνιπρδς
1321 184 1365 211 τὸν
1385 183 1513 211 κτίσαντα
1535 183 1582 210 καὶ
1599 182 1768 218 πεποιηκότα
1786 184 1878 219 σχέσιν

247 234 292 261 Sic
307 234 399 268 igitur,
428 233 450 258 si
482 236 592 266 propter
615 231 746 259 mundum
775 231 909 259 Dominus
933 235 960 259 et
980 239 1034 259 non

1088 230 1308 266 διισχυρίζονται.

247 282 356 314 propter
385 277 460 303 illum
487 277 591 309 omnia,
626 277 729 305 honore
755 277 858 312 majore
877 281 970 305 essent
994 277 1131 313 dignanda
1146 283 1228 312 quam
1252 276 1382 304 Dominus
1412 275 1502 302 omnia
1533 281 1649 310 quorum
1679 275 1768 310 gratia
1803 275 1879 302 illum

245 324 365 360 genitum
382 330 442 350 esse
456 327 594 351 asserunt.
610 323 667 351 Hoc
685 323 767 351 etiam
784 331 857 351 nunc
881 331 931 358 per
958 324 1032 351 hunc

1057 330 1211 351 sermonem
1245 325 1422 355 construunt,
1443 329 1498 356 quo
1514 320 1677 349 conﬁrmant
1703 319 1804 347 Filium
1831 319 1881 346 ha-

246 369 309 397 bere
325 367 502 404 ἀμεσίτευτον
520 370 528 401 (
542 369 726 398 immediatam
739 370 748 404 )
762 377 824 396 cum
845 377 878 397 eo
893 369 940 405 qui
966 376 1039 397 creat

1092 373 1110 397 ιι
1123 369 1188 396 fecit
1204 369 1375 396 relationem.

280 417 332 444 Sed
349 417 466 451 benigne
479 421 506 444 et
525 418 641 445 comiter
649 417 704 452 agit
723 417 750 444 in
765 417 890 452 reliquis,
904 421 930 445 et
946 417 1013 445 dicit
1027 425 1034 443 :

245 461 310 489 Cum
329 461 402 488 nullo
416 470 506 489 earum
523 471 583 498 quae
598 471 644 497 per
663 463 786 498 ipsumet
800 467 858 497 post
874 463 942 490 hanc
961 463 1035 498 facta

245 512 306 534 sunt
317 509 477 542 comparari.
492 508 569 535 Talia
584 508 700 536 Domino
732 509 815 536 veluti
836 509 969 537 satellites
995 509 1031 536 fe-

245 555 310 580 runt
328 556 356 580 et
370 552 529 580 ministrant
544 553 667 581 veritatis
685 553 786 581 inimici
804 561 852 588 per
865 561 926 589 qure
945 553 1034 581 mani-

247 597 343 625 iestins
360 597 540 632 blasphemia,
556 599 583 626 id
602 603 653 631 est,
667 599 780 634 impium
795 599 944 626 convitium
966 607 1033 626 con—

247 643 375 669 struitur.
400 642 449 670 Dic‘
465 644 544 676 mihi,
561 643 691 679 quidnam
710 647 752 672 est
770 652 803 672 ex
830 645 942 680 reliquis
973 653 1034 681 qua:

247 692 313 715 sunt
329 687 480 716 secundum
495 693 659 722 creaturam,
676 689 748 724 quod
766 697 828 717 cum
852 690 938 717 altero
960 698 1035 718 com-

247 736 417 771 parationem
448 735 571 762 habeat?
598 742 660 762 cum
678 735 791 762 omnino
818 735 845 762 in
872 743 1037 771 unoqqune

248 787 378 817 appareat
399 781 567 818 proprietas.
595 787 656 816 quas
672 787 726 808 non
745 785 854 815 appetat
870 788 933 808 cum
955 782 1037 810 rebus

249 830 283 858 iis
300 838 360 865 quae
382 833 446 857 sunt
473 828 573 856 diversi
591 828 700 863 generis
717 829 949 856 communionem.
977 827 1036 854 Non

249 882 311 902 cum
332 880 404 903 terra
432 875 501 902 coelo
517 878 559 902 est
588 873 766 909 comparatio,
784 882 838 901 non
869 878 948 901 terrae
974 880 1036 901 cum

249 921 345 953 stellis,
364 929 418 948 non
446 920 584 948 sideribus
613 927 674 946 cum
693 919 773 950 mari.
792 927 847 947 non
875 927 952 954 aquae
976 926 1036 946 cum

250 965 348 1000 lapide,
364 972 419 992 non
437 964 601 992 animalibus
614 972 676 991 cum
692 964 849 996 arboribus,
873 972 927 991 non
951 968 1039 991 terre-

250 1011 353 1039 stribus
370 1019 431 1038 cum
448 1011 615 1044 volatilibus,
643 1019 698 1038 non
731 1011 955 1047 quadrupedibus
975 1017 1037 1037 cum

249 1057 419 1089 natatilibus,
434 1063 488 1083 non
506 1056 594 1084 brutis
615 1064 678 1084 cum
711 1057 828 1084 rationis
845 1055 1036 1091 participibus.

250 1102 283 1130 Et
296 1102 361 1137 quid
373 1109 485 1129 necesse
500 1102 526 1129 in
541 1102 657 1137 singulis
669 1106 820 1130 morantem
832 1102 910 1137 plura
924 1101 1039 1129 dicendo

251 1148 389 1183 persequi,
407 1152 434 1175 ct
454 1148 598 1176 ostendere
621 1147 656 1175 de
686 1148 803 1184 singulis
830 1148 912 1175 rebus
941 1147 1039 1175 creatis

251 1191 321 1219 idem
350 1199 430 1227 posse
450 1192 528 1219 dici?
555 1191 633 1225 Quod
661 1193 771 1227 quidem
803 1196 832 1220 ut
864 1192 995 1220 eximium
1013 1197 1040 1220 et

251 1237 416 1272 przecipuum
439 1236 584 1272 Unigcnito
604 1238 756 1272 projectum
780 1241 832 1270 est,
853 1237 926 1272 quod
943 1245 1040 1272 nempe

251 1289 312 1309 cum
331 1282 405 1309 nullo
429 1289 523 1310 eorum
554 1289 613 1316 quae
635 1286 695 1316 post
715 1283 814 1317 ipsum,
833 1285 860 1309 et
887 1289 934 1316 per
950 1282 1038 1316 ipsum

253 1327 325 1355 facta
342 1332 406 1355 sunt
422 1329 655 1363 comparationem
671 1328 780 1355 habeat.
797 1327 972 1355 Manifestum
998 1331 1040 1356 est

252 1374 334 1406 enim,
353 1374 424 1408 quod
444 1373 577 1409 quidquid
590 1374 738 1408 separatim
751 1377 778 1400 et
792 1374 819 1400 in
840 1373 932 1408 seipso
947 1373 1040 1400 consi-

252 1419 407 1452 deraveris,
440 1427 490 1447 nec
516 1427 578 1447 cum
606 1419 735 1447 universo
755 1426 805 1447 nec
835 1427 898 1445 cum
927 1418 1040 1453 singulis

251 1464 386 1491 creaturis
403 1467 493 1498 potest
524 1463 688 1498 comparari.
711 1463 743 1490 Et
774 1462 847 1498 quod
867 1463 895 1490 in
921 1462 1041 1497 qualibet

252 1513 379 1537 creatura
395 1517 488 1536 verum
504 1509 665 1542 estdicere,
687 1509 739 1536 hoc
764 1509 838 1536 velut
864 1508 990 1535 idoneum
1015 1512 1042 1535 et

254 1554 392 1582 suiliciens
407 1553 439 1581 ad
466 1554 598 1588 honorem
615 1558 643 1581 et
671 1553 796 1588 gloriam,
823 1552 960 1587 unigenito
989 1551 1044 1579 Deo

255 1600 288 1626 ab
310 1599 430 1627 inimicis
443 1599 568 1626 veritatis
588 1599 754 1634 assignatur.
771 1597 834 1624 llaec
853 1603 879 1625 et
903 1597 1043 1633 ejusmodi

255 1646 318 1672 c'um
336 1644 482 1677 adstruxit,
495 1644 529 1671 de
546 1649 645 1672 caetero
660 1643 788 1672 inanibus
804 1643 892 1678 ipsum
901 1646 980 1678 auget
996 1643 1045 1670 ho-

256 1690 378 1722 noribus,
395 1690 538 1717 hominum
554 1693 581 1717 et
608 1688 784 1725 Unigenitum
817 1689 968 1724 appellans,
997 1688 1044 1716 scd

255 1744 289 1763 ne
301 1743 350 1770 per
367 1736 424 1763 haec
436 1736 548 1762 nomina
564 1735 655 1770 aliqua
669 1735 712 1770 pia
728 1734 907 1769 intelligentia
923 1737 951 1761 et
967 1734 1043 1769 cogi-

255 1782 323 1809 tatio
340 1781 512 1809 auditoribus
526 1781 713 1816 ingencrelur,
736 1781 809 1807 illico
825 1780 869 1808 his
886 1779 1044 1807 honoratio-

212 1823 218 1827 “
257 1828 333 1855 ribus
352 1825 582 1862 appellationibus
597 1826 769 1860 blasphema.
787 1825 814 1852 id
836 1829 888 1858 est,
910 1824 992 1860 impia
1017 1827 1045 1851 et

257 1872 425 1900 exsecranda
442 1871 524 1899 verba
553 1871 700 1898 immiscet.
725 1871 764 1898 Ita
793 1871 845 1898 fert
874 1874 964 1898 autem
984 1869 1044 1905 ejus

255 1917 343 1944 oratio
357 1926 363 1942 :
383 1915 488 1950 Ulpole,
505 1916 604 1950 inquit,
619 1923 679 1942 cum
694 1923 774 1950 neque
789 1915 902 1942 essentia
919 1919 1044 1950 generata

255 1963 377 1997 cuiquam
402 1962 482 1990 alteri
507 1961 593 1987 locum
609 1961 643 1986 ad
669 1961 879 1988 communionem
913 1960 1044 1994 relinquat

254 2007 410 2043 tunigenita
429 2007 499 2034 enim
520 2006 574 2041 est)
590 2027 596 2038 ,
619 2013 700 2040 neque
715 2006 772 2040 ejus
786 2006 832 2040 qui
850 2006 913 2040 [ait
929 2013 1043 2032 commu-

256 2053 296 2081 m‘s
318 2053 434 2087 operatio
462 2057 595 2080 cernatur.
612 2051 635 2079 Ο
664 2052 877 2079 contumeliam!
912 2057 943 2079 ut
973 2053 1044 2080 inter

256 2099 351 2126 brutos
366 2104 392 2126 et
405 2098 551 2129 belluinos,
566 2097 609 2125 vel
624 2098 738 2125 insanos
762 2101 789 2125 ct
819 2097 909 2125 fatuos
930 2098 1042 2124 concio-

257 2150 337 2172 nalus
351 2145 451 2179 quibus
468 2151 522 2170 non
539 2147 581 2171 est
599 2143 789 2178 intelligentia,
808 2150 858 2178 pro
890 2151 942 2171 suo
967 2144 1042 2172 arbi-

255 2191 309 2217 trio
323 2198 371 2225 per
381 2189 521 2216 contraria
537 2195 692 2216 sermonem
707 2188 876 2224 circumagit.
893 2188 949 2216 lmo
976 2197 1043 2218 vero

255 2236 326 2262 idem
341 2235 364 2262 ei
382 2234 482 2261 accidit
496 2234 569 2269 quod
583 2234 644 2261 visu
660 2234 785 2268 privatis,
801 2235 931 2269 quoniam
952 2239 979 2262 et
1003 2235 1042 2261 illi

256 2287 327 2315 saepe
341 2280 368 2306 in
387 2279 474 2307 oculis
488 2279 658 2306 cernentium
672 2278 800 2314 indecore
812 2286 841 2306 se
857 2283 968 2315 gerunt,
979 2280 1042 2314 quia

255 2332 343 2359 neque
357 2324 408 2359 ipsi
428 2323 547 2357 videant,
571 2331 659 2358 neque
685 2331 715 2350 se
743 2323 829 2351 videri
856 2323 1041 2358 suspicentur.

255 2369 322 2401 Quis
338 2369 410 2396 enim
430 2369 457 2396 in
472 2368 516 2396 his
529 2376 590 2403 quae
602 2369 674 2396 dicta
690 2372 754 2396 sunt
772 2377 825 2396 non
846 2368 920 2396 videt
936 2373 1044 2396 contra-

256 2414 493 2447 rietatem?Quia'
504 2415 540 2442 sit
554 2419 694 2450 generata,
721 2415 821 2450 inquit,
842 2415 972 2447 essentia,
1003 2415 1044 2442 lo-

255 2468 317 2487 cum
336 2461 398 2488 aliis
412 2461 446 2488 ad
472 2461 690 2488 communionem
708 2469 763 2488 non
779 2460 929 2496 relinquit;
948 2461 1043 2496 unige-

255 2505 312 2532 nila
326 2507 410 2534 enim.
427 2506 460 2533 Et
480 2506 532 2533 hoc
553 2507 662 2535 locutus
689 2510 720 2533 ut
746 2513 822 2539 vera,
843 2506 885 2534 vel
915 2506 972 2541 ipse
988 2513 1041 2533 non

255 2553 378 2584 intuens,
393 2553 436 2580 vel
451 2560 504 2580 non
519 2559 619 2588 putans
634 2560 664 2580 se
679 2552 776 2585 videri,
795 2560 856 2588 qum
868 2553 970 2580 nullam
992 2552 1041 2579 ha-

255 2598 321 2626 bent
336 2606 397 2625 cum
413 2599 550 2633 prmdictis
565 2598 797 2631 communionem,
814 2603 844 2626 ut
867 2599 969 2634 optime
996 2606 1043 2626 co-

255 2644 385 2672 haerentia
410 2648 437 2671 ct
456 2644 553 2672 ordine
583 2644 761 2679 procedentia
790 2644 876 2676 addit,
902 2643 1041 2678 Unigeniti

256 2690 382 2717 essentia:
396 2690 455 2725 ejus
467 2691 513 2726 qui
528 2690 592 2717 fecit
607 2689 792 2724 operationem
810 2690 1020 2717 accommodans
1033 2700 1039 2717 :

257 2735 364 2769 genitus
377 2738 448 2764 enim
461 2743 522 2764 cum
541 2742 573 2762 eo
586 2735 632 2769 qui
649 2735 788 2770 genuit,ct
806 2736 970 2770 Unigenitus
980 2743 1041 2762 cum

258 2777 337 2806 Patre
355 2787 389 2807 ex
403 2779 599 2806 consecutionc
631 2779 744 2807 omnino
759 2780 839 2808 habet
870 2780 1040 2808 relationem.

260 2822 291 2850 Et
308 2825 354 2858 qui
367 2831 462 2851 verum
485 2824 542 2852 vult
559 2825 660 2858 videro,
690 2833 743 2854 non
763 2826 876 2854 factoris
903 2826 1040 2862 operatio-

834 2964 844 2978 \

1127 416 1208 444 Ἀλλὰ
1221 415 1472 452 φιλανθρωπεύεται
1485 415 1540 446 τοῖς
1551 413 1707 445 ὑπολοίποις
1721 413 1768 440 καὶ
1784 411 1878 447 φησίν·

1087 462 1194 490 οὐδενὶ
1209 461 1268 488 τῶν
1285 461 1322 488 δι’
1337 460 1432 496 αὐτῆς
1446 460 1494 487 καὶ
1515 460 1579 495 μετ’
1602 459 1699 493 αὐτὴν
1714 457 1882 494 γενομένω·

1078 507 1311 542 συγκρίνεσθαι.
1339 505 1463 533 Τοιαῦτα
1478 505 1671 541 δορυφοροῦσιν
1693 505 1717 530 οἱ
1742 504 1792 538 τῆς
1813 502 1880 537 ἀλη-

1085 553 1158 584 θείας
1185 552 1276 588 ἐχθροὶ
1298 551 1337 586 τῷ
1359 552 1463 587 Κυρίῳ,
1489 551 1522 578 δι’
1543 548 1581 577 ὧν
1606 548 1835 585 περιφανέστερον
1865 548 1882 582 ή

1084 598 1242 633 βλασφημία
1267 597 1506 628 κατασκευάζεται.
1530 596 1562 623 Τί
1584 596 1646 631 γὰρ,
1663 594 1724 631 εἰπέ
1745 603 1801 629 μοι,
1823 593 1879 618 τῶν

1085 644 1259 676 ὑπολοίπων,
1283 643 1333 669 ὅσα
1362 642 1432 669 κατὰ
1460 642 1508 678 τὴν
1533 642 1620 668 κτίσιν
1645 640 1714 671 ἐστὶ,
1737 639 1791 674 τὴν
1815 639 1883 674 πρὸς

1085 689 1178 724 ἕτερον
1194 688 1336 724 σύγκρισιν
1353 687 1425 722 ἔχει;
1443 687 1564 714 Καθόλου
1579 687 1628 722 τῆς
1643 686 1671 712 ἐν
1695 684 1803 719 ἑκάστῳ
1821 693 1883 718 ψαι-

1087 734 1204 770 νομὲνης
1219 733 1357 768 ἰδιότητος,
1378 733 1409 759 οὐ
1427 732 1608 769 προσιεμένης
1621 732 1670 766 τὴν
1685 730 1753 766 πρὸς
1768 730 1802 756 τὰ
1824 730 1883 755 ἐτε-

1091 781 1187 816 ρογενῆ
1210 779 1361 806 κοινωνίαν.
1390 778 1447 805 Οὐκ
1468 778 1575 813 οὐρανῷ
1599 777 1667 812 πρὸς
1689 777 1742 811 γῆν
1766 777 1841 803 ἐστιν
1866 776 1884 810 ἡ

1053 840 1075 870 Β
1091 825 1243 860 σύγκρισις,
1259 824 1289 851 οὐ
1304 823 1388 859 ταύτῃ
1404 823 1472 858 πρὸς
1487 823 1550 854 τοὺς
1571 823 1699 858 ἀστέρας,
1713 822 1743 848 οὔ
1768 821 1836 856 πρὸς
1851 821 1885 846 τὰ

1089 871 1194 906 πελάγη
1209 872 1264 902 τοῖς
1278 871 1396 906 ἄστροις,
1408 870 1438 896 οὔ
1454 869 1521 909 πρὸς
1540 869 1585 896 τὸν
1601 869 1673 896 λίθον
1687 868 1726 903 τῷ
1740 867 1817 895 ὕδατι
1828 876 1835 882 ·
1853 868 1885 893 οὗ

1089 917 1156 952 πρὸς
1174 916 1208 943 τὰ
1226 915 1321 951 δένδρα
1332 917 1388 948 τοῖς
1406 915 1495 948 ζώοις,
1516 915 1547 941 ού
1575 915 1642 950 πρδς
1662 913 1696 940 τὰ
1718 913 1809 948 πτηνὰ
1830 914 1886 943 τοῖς

1088 962 1237 998 χερσαίοις,
1251 962 1281 988 οὐ
1294 961 1362 997 πρὸς
1375 962 1410 988 τὰ
1421 961 1507 997 νηκτὰ
1518 962 1574 993 τοῖς
1589 961 1761 996 τετράποσιν,
1774 959 1804 985 οὗ
1818 958 1886 993 πρὸς

1088 1007 1122 1034 τὰ
1136 1006 1232 1041 λογικὰ
1244 1008 1301 1039 τοῖς
1313 1007 1429 1041 ἀλόγοις.
1450 1007 1505 1033 Καὶ
1526 1007 1552 1033 τί
1573 1006 1605 1034 ἂν
1623 1014 1664 1037 τις
1680 1006 1745 1040 περὶ
1758 1004 1812 1032 τῶν
1825 1004 1886 1030 καθ’

1089 1053 1203 1080 ἕκαστον
1221 1052 1307 1086 λέγων
1325 1052 1472 1087 διατρίϐοι,
1496 1051 1602 1083 δεικνὺς
1623 1051 1663 1078 ὅτι
1688 1050 1789 1077 ταύτόν
1817 1050 1887 1076 ἐστιν

1089 1099 1131 1132 ἐφ’
1144 1098 1258 1125 ἑκάστου
1279 1097 1332 1124 τῶν
1353 1098 1381 1124 ἐν
1403 1099 1435 1133 τῇ
1465 1098 1553 1125 κτίσει
1575 1097 1769 1133 θεωρουμένων
1781 1097 1887 1125 είπεῖν;

1091 1141 1179 1176 Ὅπερ
1201 1141 1238 1172 ὡς
1259 1141 1396 1176 ἐξαίρετον
1420 1141 1458 1177 τῷ
1483 1142 1629 1176 Μονογενεῖ
1653 1141 1837 1177 προσερῤίφη,
1855 1141 1889 1166 τὸ

1090 1188 1158 1222 πρὸς
1174 1187 1255 1222 μηδὲν
1271 1187 1325 1214 τῶν
1350 1188 1407 1223 μετ’
1426 1188 1516 1220 αὑτὸν,
1542 1189 1590 1215 καὶ
1616 1188 1650 1215 δι’
1668 1188 1751 1215 αὑτοῦ
1771 1197 1887 1223 γεγενηση

1092 1232 1179 1266 μένων
1196 1232 1245 1268 τὴν
1265 1232 1408 1267 σύγκρισιν
1432 1233 1513 1268 ἔχειν.
1538 1234 1655 1268 Φανερὸν
1673 1234 1728 1270 γάρ
1743 1235 1888 1266 ἐστινιδτι

1090 1278 1144 1303 πᾶν
1167 1277 1235 1311 ὅπερ
1260 1277 1293 1303 ἂν
1319 1278 1362 1311 ἐφ’
1395 1277 1499 1304 ἑαυτῶν
1523 1278 1632 1314 νοήσῃς,
1649 1278 1814 1313 ἀσύγκριτόν
1829 1278 1888 1304 ἐστι

1090 1322 1129 1356 τῷ
1149 1322 1229 1348 παντί
1242 1330 1271 1349 τε
1296 1323 1343 1349 κα)¹
1362 1323 1417 1354 τοῖς
1444 1323 1505 1350 καθ’
1519 1323 1644 1351 ἕκαστον.
1672 1324 1727 1350 Καὶ
1751 1324 1820 1358 ὅπερ
1841 1324 1890 1350 ἐπὶ

1090 1366 1137 1393 τοῦ
1150 1367 1276 1402 τυχόντος
1288 1367 1436 1402 κτίσματος
1450 1368 1557 1403 άληθῶς
1570 1368 1643 1395 ἐστιν
1656 1369 1753 1398 εἰπεῖν,
1771 1369 1808 1400 ὡς
1824 1369 1886 1395 ἱκα-

1091 1412 1135 1438 νόν
1150 1412 1208 1439 ἐστι
1220 1412 1298 1438 τοῦτο
1313 1412 1359 1439 καὶ
1375 1412 1509 1448 αὔταρκες
1526 1413 1566 1444 εἰς
1579 1413 1662 1448 τιμὴν
1681 1414 1726 1439 καὶ
1746 1413 1836 1445 δόξαν,
1850 1413 1889 1448 τῷ

1093 1458 1233 1491 μονογενεῖ
1245 1457 1304 1492 Θεῷ
1325 1458 1400 1494 παρὰ
1415 1459 1469 1485 τῶν
1488 1458 1592 1494 ἐχθρῶν
1609 1459 1657 1494 τῆς
1678 1459 1808 1494 ἀληῦείας
1823 1459 1890 1486 ἁπο-

1056 1510 1077 1538 c
1093 1501 1249 1537 κληροῦται.
1264 1502 1319 1528 Καὶ
1335 1502 1447 1530 τοιαῦτα
1466 1503 1684 1535 κατασκευάσας,
1696 1503 1778 1531 πάλιν
1793 1505 1822 1530 ἐν
1834 1506 1891 1534 τοῖς

1096 1548 1251 1579 ὑπολοίποις
1264 1549 1324 1580 ταῖς
1340 1548 1473 1581 διακένοις
1492 1549 1572 1576 αὐτὸν
1587 1549 1770 1584 ἀποσεμνύνει
1784 1551 1889 1585 τιμαῖς,

1095 1593 1197 1629 Κύριον
1217 1594 1265 1621 καὶ
1280 1595 1420 1630 Μονογενῆ
1441 1595 1608 1631 προσειπών·
1622 1596 1679 1622 ἀλλ’
1691 1598 1729 1627 ὡς
1747 1596 1780 1623 ἂν
1797 1597 1834 1631 μή
1849 1604 1892 1625 τις

1095 1639 1209 1676 εὐσεϐὴς
1221 1640 1324 1667 διάνοια
1347 1641 1390 1667 διὰ
1411 1641 1465 1668 τῶν
1485 1641 1625 1676 ὀνομάτων
1636 1641 1737 1668 τούτων
1750 1643 1805 1674 τοῖς
1823 1643 1891 1676 ἀη-

1096 1685 1185 1712 κοόσιν
1197 1686 1346 1720 ἐγγένοιτο,
1364 1686 1447 1718 εὐθὺς
1466 1687 1650 1722 καταμίγνυσι
1669 1689 1726 1718 τοῖς
1743 1688 1892 1722 εὐσημοτέ-

1097 1739 1153 1766 ροις
1168 1731 1203 1757 τὰ
1218 1731 1373 1767 βλάσφημα,
1393 1733 1470 1767 Ἔχει
1486 1732 1514 1758 δὲ
1530 1732 1616 1764 οὕτως
1631 1733 1648 1768 ἡ
1667 1732 1824 1764 λέξις’Ἇτε
1841 1732 1890 1765 δὴ,

1095 1775 1172 1810 φησὶ,
1185 1775 1261 1810 μήτε
1288 1775 1344 1810 τῆς
1363 1777 1560 1811 γεννηθείσης
1589 1777 1696 1810 οὐσίας
1721 1776 1811 1811 ἑτέρῳ
1834 1777 1890 1803 τινὶ

1094 1820 1195 1854 χώραν
1214 1822 1258 1854 εις
1273 1822 1433 1848 κοινωνίαν
1449 1822 1699 1856 καταλειπούσης,
1721 1822 1891 1857 μονογενὴς

1095 1867 1160 1901 γὰρ,
1172 1866 1249 1901 μήτε
1266 1865 1320 1900 τῆς
1341 1866 1395 1893 τοῦ
1413 1867 1596 1900 ποιήσαντος
1617 1868 1769 1902 ἐνεργείας
1789 1867 1891 1900 κοινῆς

1095 1912 1308 1947 θεωρουμένης.
1326 1913 1359 1938 Ὢ
1388 1913 1438 1947 τῆς
1466 1912 1584 1947 ὖόρεωςί
1608 1913 1647 1945 ὡς
1683 1914 1712 1939 έν
1738 1913 1846 1948 ἀλόγοις
1874 1913 1890 1948 ῆ

1094 1958 1218 1993 ἀνοήτοις
1233 1958 1407 1993 δημηγορῶν,
1423 1955 1462 1990 οἷς
1488 1958 1537 1984 οὐκ
1555 1958 1612 1985 ἔστι
1637 1958 1755 1991 σύνεσις,
1772 1960 1832 1985 κατ’
1847 1959 1891 1991 ἐξ·

1093 2003 1188 2029 ουσίαν
1203 2003 1247 2030 διὰ
1265 2003 1318 2030 τῶν
1331 2003 1460 2030 ἐναντίων
1477 2003 1603 2039 περιάγει
1618 2005 1663 2031 τὸν
1679 2005 1773 2039 λόγον·
1792 2005 1892 2040 μᾶλλον

1093 2050 1121 2076 δέ
1138 2049 1235 2077 ταύτὸν
1249 2050 1347 2085 πάσχει
1362 2051 1418 2081 τοῖς
1434 2049 1626 2085 ἐστερημένοις
1644 2050 1698 2077 τῶν
1715 2050 1814 2085 δψεων,
1831 2052 1892 2077 ἐπεὶ

1093 2095 1212 2122 κάκεῖνοι
1230 2094 1359 2126 πολλάκις
1375 2095 1403 2122 ἐν
1416 2094 1566 2130 ὀφθαλμοῖς
1578 2095 1633 2122 τῶν
1647 2095 1800 2130 βλεπόντων
1810 2096 1892 2130 ἀσχη-

1095 2141 1220 2176 μονοῦσι⁸
1248 2141 1292 2167 διὰ
1315 2141 1346 2167 τὸ
1374 2141 1411 2176 μὴ
1440 2140 1548 2175 βλέπειν
1574 2141 1662 2173 αὐτοὶ,
1682 2141 1751 2177 μηδὲ
1774 2141 1890 2177 ὁρᾶσθαι

1094 2187 1293 2222 ὑποτιθέμενοι.
1317 2186 1396 2218 Τίνος
1416 2187 1470 2222 γὰρ
1497 2187 1547 2213 οὐκ
1573 2186 1630 2213 ἔστι
1655 2187 1772 2213 συνιδεῖν
1793 2188 1843 2221 τὴν
1862 2188 1890 2213 ἐν

1092 2234 1148 2264 τοῖς
1163 2232 1317 2268 εἰρημένοις
1332 2232 1522 2268 ἐναντιότητας
1539 2232 1589 2259 Διὰ
1602 2232 1631 2259 τὸ
1646 2232 1822 2268 γεννηθῆναι,
1837 2242 1889 2268 φη-

1094 2277 1147 2310 σὶν,
1165 2278 1182 2313 ἡ
1207 2277 1286 2304 οὐσία
1302 2277 1392 2313 χώραν
1417 2277 1456 2309 είς
1479 2277 1620 2305 κοινωνίαν
1640 2278 1743 2312 ἑτέροις
1758 2280 1788 2305 οὐ
1806 2287 1890 2304 κατα-

1093 2321 1198 2348 λείπει’
1220 2322 1367 2357 μονογενὴς
1387 2321 1458 2357 γάρ’
1483 2323 1531 2348 καὶ
1550 2322 1628 2349 τοῦτο
1650 2322 1735 2349 εἰπὼν
1755 2322 1794 2354 ὡς
1821 2323 1890 2350 κατὰ

1093 2368 1230 2404 ἀλήθειαν,
1243 2368 1260 2404 ἢ
1276 2368 1312 2404 μὴ
1328 2367 1434 2403 βλέπων
1445 2368 1537 2400 αὐτὸς,
1550 2369 1565 2403 ἢ
1584 2368 1621 2404 μὴ
1635 2368 1753 2403 νομίζων
1763 2369 1888 2404 ὁρᾶσθαι,

1092 2413 1127 2440 τὰ
1151 2413 1285 2449 μηδεμίαν
1307 2413 1399 2448 ἔχοντα
1427 2413 1568 2439 κοινωνίαν
1590 2412 1628 2444 ὡς
1650 2413 1811 2447 ποιχοῦντα
1835 2415 1889 2445 τοῖς

1093 2459 1248 2494 είρημένοις
1272 2458 1450 2495 προστίθησι,
1479 2459 1512 2494 τῇ
1537 2457 1584 2485 τοῦ
1603 2458 1776 2492 Μονογενοῦς
1810 2460 1888 2492 οὐσίᾳ

1094 2506 1143 2541 τὴν
1170 2505 1217 2532 τοῦ
1239 2505 1418 2541 πεποιηκότος
1437 2507 1578 2541 ἐνέργειαν
1599 2505 1772 2540 ἐφαρμόσας.
1795 2505 1825 2532 '0
1839 2505 1888 2540 γὰρ

1094 2550 1232 2585 γεννηθεὶς
1258 2551 1326 2586 πρὸς
1351 2551 1397 2578 τὸν
1420 2551 1611 2585 γεγεννηκότα,
1633 2551 1681 2577 καὶ
1703 2551 1718 2576 ὁ
1737 2550 1889 2585 Μονογενὴς

1094 2596 1162 2632 πρὸς
1183 2596 1228 2623 τὸν
1249 2596 1359 2632 Πατέρα
1387 2596 1460 2623 κατὰ
1483 2596 1513 2622 τὺ
1538 2596 1682 2623 ἀκόλουθον
1706 2596 1817 2627 πάντως
1843 2595 1888 2630 τὴν

1093 2641 1230 2678 ἀναφορὰν
1250 2643 1316 2678 ἔχει·
1330 2643 1377 2669 καὶ
1399 2643 1467 2678 πρὸς
1490 2642 1540 2677 τήν
1569 2641 1696 2677 ἀλήθειαν
1723 2641 1841 2677 βλέπων,
1858 2641 1886 2666 οὐ

1093 2689 1272 2727 πεποιηκότος
1287 2688 1436 2724 ἐνέργειαν,
1457 2688 1525 2714 ἀλλὰ
1550 2688 1731 2723 γεννήσαντος
1754 2687 1836 2721 φύσιν
1860 2686 1887 2712 ἐν

1093 2736 1125 2770 τῇ
1141 2734 1187 2760 τοῦ
1203 2733 1268 2761 Υἱοῦ
1283 2734 1382 2769 θεωρεῖ
1397 2733 1546 2768 συστοιχίᾳ.
1567 2733 1597 2759 '0
1612 2733 1640 2760 δὲ
1657 2732 1785 2768 καθάπερ
1800 2730 1886 2766 φυτῶν

1093 2780 1110 2815 ἦ
1128 2780 1309 2815 σπερμάτων,
1326 2780 1343 2814 ἡ
1364 2788 1435 2812 τινος
1459 2780 1539 2806 ἄλλου
1561 2778 1615 2805 τῶν
1638 2778 1709 2806 κατὰ
1731 2777 1782 2813 τὴν
1803 2776 1885 2803 κτίσιν

1095 2824 1283 2862 ἐπιμνησθεὶς,
1302 2825 1350 2862 τὴν
1369 2825 1415 2852 τοῦ
1439 2826 1599 2861 ποιήσαντος
1616 2824 1757 2860 ἐνέργειαν
1773 2824 1808 2858 τῇ
1822 2823 1883 2850 ὐπο-
