1959 3075
104 111 157 140 665

673 117 811 146 CONTRA
824 117 1016 152 EUNOMIUM,
1039 120 1103 148 LIB.
1123 120 1168 148 lV.

1689 123 1740 151 666

103 173 201 199 στάσει
216 172 263 199 τοῦ
278 173 446 207 Μονογενοῦς
467 156 656 210 παρατίθησιν.
676 175 708 202 Et
730 175 779 211 μὲν
792 176 845 212 γάρ
859 175 892 203 λί-

952 185 1024 210 nem,
1040 178 1087 205 sed
1105 179 1238 213 genitoris
1258 183 1384 207 naturam
1409 180 1436 207 in
1453 177 1515 207 Filii
1544 179 1741 217 coniugatione

104 219 151 248 eo;
163 219 180 254 ἢ
196 219 284 252 ξύλον,
300 219 317 254 ἦ
332 219 396 246 ἄλλο
408 229 434 246 τι
448 220 568 251 τοιοῦτον
583 222 615 256 τῇ
632 221 733 258 θεωρίᾳ
747 221 899 258 προέκειτο·

103 265 254 292 ἀκόλουθον
267 263 300 301 ἦν
315 267 484 301 προεπινοεῖν
504 267 553 302 τὴν
571 267 616 293 τοῦ
633 268 810 303 πεποιηκότος
825 268 900 303 ἐνέρ-

102 319 194 344 γειαν.
211 311 242 337 Ei
259 310 286 337 δὲ
302 311 530 346 ὁμολογεῖταικαὶ
547 313 621 348 παρὰ
635 313 688 339 τῶν
705 313 870 340 ὑπεναντίων
886 314 900 340 ό

105 355 254 391 μονογενὴς
271 356 346 388 Θεὸς,
360 357 423 389 Υἱός
437 366 465 383 τε
484 355 552 384 εἶναι
569 358 616 384 καὶ
634 359 761 394 γεννητὸς
783 359 901 394 ὑποστῆ-

103 410 164 428 ναι·
181 402 239 434 πῶς
254 403 419 439 ἁρμόζουσιν
434 405 463 430 αι
476 405 558 431 αὑταὶ
571 406 657 439 φωναὶ
674 405 770 441 τούτῳ,
785 406 830 432 καὶ
844 407 900 437 τοῖς

102 447 159 473 τῶν
175 449 277 483 μορίων
298 450 347 484 τῆς
365 449 479 482 κτίσεως
502 451 644 485 ἐσχάτοις;
668 451 724 477 Καὶ
745 452 813 486 ὅπερ
835 452 900 487 περὶ

102 493 152 519 τοῦ
166 493 320 530 μύρμηκος,
334 494 350 530 ἦ
367 494 413 522 τοῦ
437 494 566 528 κώνωπος
581 496 688 531 ἀληθῶς
703 496 776 523 ἐστιν
794 497 881 524 εἰπεῖν
891 505 898 513 '

102 538 186 565 τοῦτο
200 540 247 566 καὶ
261 541 325 576 περὶ
342 540 388 567 τοῦ
405 540 508 576 Κυρίου
533 541 623 575 Ιλέγειν
645 542 754 573 εὐσεῦὲς
770 540 838 570 εἶναι
857 552 900 570 νο-

105 583 242 619 μίζουσιν.
265 585 294 612 Ei
315 587 368 622 γάρ
384 595 425 623 τις
445 587 597 621 καταμάθοι
613 588 663 623 τὴν
685 587 734 614 τοῦ
755 588 898 624 μύρμηκος

103 629 187 664 φύσιν
202 629 243 663 οἷς
259 631 352 663 ίδιάζει
369 632 437 668 πρὸς
455 633 489 660 τὰ
513 633 593 660 λοιπὰ
615 633 669 660 τῶν
689 633 776 667 ζώων,
797 634 846 661 οὐκ
866 634 899 662 ἂν

103 676 159 710 ἔξω
178 678 228 713 τῆς
246 678 372 712 ἀληθείας
392 679 463 705 εἴποι
485 680 535 715 τὴν
553 680 600 706 τοῦ
621 680 799 716 πεποιηκότος
818 681 898 708 αὑτὸν

104 723 248 758 ἐνέργειαν
267 725 360 760 κοινὴν
385 725 453 760 πρὸς
474 725 508 752 τά
530 725 598 752 ἄλλα
619 725 656 761 μὴ
679 725 849 762 θεωρεῖσθαι.
866 727 899 752 Ἀ

103 769 195 796 τοίνυν
206 769 252 796 ἐπὶ
269 770 323 796 τῶν
336 771 463 798 τοιούτων
486 771 603 806 λέγεται,
617 772 702 799 ταῦτα
726 773 773 799 κα)⁸
791 773 837 799 ἐπὶ
850 773 897 800 τοῦ

103 814 274 849 Μονογενοῦς
286 816 493 851 ἀποφαίνονταιθ
517 818 563 844 καὶ
583 817 707 854 καθάπερ
725 819 750 845 οί
767 819 898 854 θηρεύον-

103 868 150 892 τες
165 860 288 895 λέγονται
304 862 410 897 βόθροις
423 863 494 889 τισὶν
509 859 709 899 ὑπολαμϐάνειν
725 865 778 891 τῶν
795 864 896 900 θηρίων

103 906 154 942 τὴν
172 907 300 942 πάροδον
321 908 453 943 κρύπτειν
466 909 494 936 δὲ
508 909 557 945 τὴν
575 909 718 945 ἐπιϐουλὴν
730 910 775 937 διὰ
789 911 896 946 σαθρῶν

103 959 185 978 τινων
199 953 246 979 καὶ
262 953 454 980 ἀνυποστάτων
468 953 503 980 τά
519 955 639 990 στόματα
651 954 704 982 τῶν
719 955 821 990 βάθρων
838 956 897 982 ἐπι-

103 997 287 1030 καλύπτοντες
300 1018 307 1031 ,
334 999 372 1031 ὡς
391 998 423 1026 ἂν
449 999 583 1032 ὐπόπεδος
604 1001 724 1035 φαίνοιτο
748 1001 786 1036 τῷ
806 1010 895 1037 παρα-

103 1044 225 1080 κειμένῳ
232 1045 246 1071 ὀ
254 1045 359 1080 βόθρος·
368 1045 489 1072 τοιοῦτόν
497 1055 522 1072 τι
535 1047 688 1082 μηχανᾶται
697 1047 766 1074 κατὰ
780 1047 834 1073 τῶν
849 1047 895 1074 ἀν-

103 1088 222 1125 θρώπων
237 1091 253 1126 ή
267 1091 384 1126 αἵρεσις,
397 1091 441 1118 τὸν
457 1091 552 1126 βόθρον
568 1093 617 1128 τῆς
632 1093 760 1124 ἀσεϐείας
781 1092 824 1119 διὰ
841 1094 896 1120 τῶν

102 1136 235 1170 εὐφήμων
249 1136 351 1163 τούτων
366 1137 413 1164 καὶ
427 1138 546 1164 εὐσεϐῶν
560 1138 710 1173 ὀνομάτων,
724 1136 779 1165 οἷον
798 1139 841 1166 διά
856 1147 896 1165 τι-

103 1190 148 1212 νος
175 1182 332 1209 ἐπιπολαίου
355 1183 454 1218 στέγης
476 1184 711 1217 ὲπικαλύπτουσα,
738 1185 808 1212 ὥστε
833 1185 896 1216 τοὺς

103 1227 292 1264 άλογωτέρους
310 1229 406 1256 ταύτὸν
419 1227 488 1256 εἶναι
503 1231 535 1265 τῇ
557 1230 669 1266 ἀληθινῇ
683 1231 771 1257 πίστει
789 1230 820 1257 τὸ
834 1231 909 1257 τούς,

102 1280 158 1299 των
171 1273 302 1308 κήρυγμα
319 1273 363 1300 διὰ
378 1275 427 1308 τῆς
447 1274 501 1300 τῶν
519 1275 647 1310 ῥημάτων
663 1275 805 1310 ὁμολογίας
820 1276 896 1311 νομί-

103 1318 210 1350 ζοντας,
230 1319 299 1354 πρὸς
311 1319 388 1354 ψιλὸν
403 1319 434 1346 τὸ
445 1319 530 1355 ὄνομα
547 1320 593 1346 τοῦ
609 1320 672 1347 Υἱοῦ
687 1321 734 1347 καὶ
747 1320 794 1347 τοῦ
808 1321 895 1348 Μονο-

102 1365 198 1399 γενοῦς
213 1365 429 1401 ὲπιδραμόντας,-
447 1367 645 1402 κενεμϐατῆσαι
670 1367 708 1403 τῷ
732 1367 830 1404 βόθρῳ,
846 1369 895 1403 τῆς

101 1412 156 1438 τῶν
170 1413 358 1448 προσηγοριῶν
378 1413 513 1448 σημασίας
529 1414 579 1449 οὐχ
595 1414 789 1450 ὖπερειδούσης
805 1414 894 1441 αὐτῶν

100 1457 151 1493 τὴν
166 1458 254 1493 βάσιν,
277 1459 335 1485 ἀλλ’
354 1460 394 1490 εἰς
416 1459 446 1485 τὸ
467 1459 517 1494 τῆς
541 1460 680 1496 ἀρνήσεως
702 1460 749 1487 τοῦ
776 1460 893 1495 Χριστοῦ

101 1504 240 1540 βάραθρον
256 1505 472 1541 καταφερούσης.
487 1505 536 1532 Διὰ
559 1506 637 1536 τοῦτο
652 1507 828 1542 γεννηθείσης
847 1507 892 1532 οὺ-

101 1551 163 1582 σίας
190 1551 335 1586 μέμνηται,
358 1551 451 1587 μηδενὶ
475 1551 566 1586 χώραν
590 1552 630 1582 εἰς
649 1552 791 1579 κοινωνίαν
813 1561 894 1579 κατα-

100 1595 242 1632 λιπούσης,
254 1597 301 1623 καὶ
314 1596 449 1632 Μονογενῆ
461 1596 596 1632 ὀνομάζει.
612 1596 704 1624 Ταῦτά
722 1598 780 1624 ἐστι
793 1597 828 1624 τὰ
845 1597 892 1624 τοῦ

100 1642 199 1678 βόθρου
214 1642 390 1678 καλύμματα.
412 1643 535 1670 Ἐπειδὰν
551 1643 578 1670 δέ
602 1652 645 1675 τις
663 1643 805 1679 παραστὰς
827 1644 893 1679 πρὶν

101 1687 290 1722 ὑποληφθῆναι
313 1687 351 1723 τῷ
373 1688 503 1724 χάσματι,
521 1688 645 1724 καθάπερ
666 1688 728 1715 τινὰ
750 1690 828 1724 χεῖρα
842 1689 891 1724 τὴν

99 1733 144 1759 διὰ
157 1733 205 1760 τοῦ
226 1733 305 1769 λόγου
323 1735 419 1770 πεῖραν
441 1735 570 1771 ἐπαγάγῃ
586 1734 624 1770 τῷ
638 1735 718 1770 λόγῳ,
733 1735 826 1770 βλέπει
845 1735 898 1762 τὸν

99 1779 149 1814 τῆς
161 1779 378 1817 εἰδωλολατρείας
391 1780 499 1816 ὄλεθρον
511 1781 706 1816 ὑπωρυγμένον
717 1781 755 1816 τῷ
765 1781 888 1815 δόγματι.

105 1825 150 1858 Ὧς
165 1826 218 1862 γὰρ
233 1827 292 1862 Θεῷ
315 1827 362 1853 καὶ
383 1826 441 1861 Υἱῷ
458 1826 526 1853 Θεοῦ
547 1827 775 1862 προσερχόμενος,
789 1827 891 1861 κτίσμα

99 1871 169 1898 Θεοῦ
195 1872 316 1907 εὑρίσκει
339 1873 372 1907 τῇ
394 1872 506 1908 λατρεία
528 1873 716 1908 προκείμενον.
738 1873 787 1899 Διὰ
813 1872 891 1899 τοῦτο

99 1918 157 1945 ἄνω
178 1918 225 1944 καὶ
239 1917 314 1945 κάτω
331 1918 362 1945 τὸ
375 1918 459 1954 ὄνομα
473 1917 520 1944 τοῦ
539 1918 707 1953 Μονογενοῦς
727 1918 891 1954 περιφέρου-

100 1973 154 1996 σιν,
177 1964 210 1990 ἵν’
231 1965 431 2000 εὐπαράδεκτος
451 1965 563 2001 γένηται
583 1965 637 1996 τοῖς
662 1963 854 1997 άπατωμένοις
876 1963 891 1990 ὁ

98 2009 220 2046 ὄλεθρος,
233 2010 270 2042 ὡς
291 2011 318 2037 εἴ
331 2019 373 2043 τις
394 2010 469 2046 ἄρτῳ
489 2011 520 2037 τὺ
540 2010 702 2046 δηλητήριον
724 2009 888 2044 καταμίξας,

99 2055 208 2092 θανάτῳ
229 2057 291 2088 τοὺς
305 2056 447 2092 δεομένους
463 2057 512 2092 τῆς
524 2056 628 2092 τροφῆς
650 2055 818 2088 δεξιώσαιτο·
841 2055 891 2081 οὐκ

97 2100 132 2128 ἂν
143 2100 305 2136 δεξαμένους
321 2101 422 2137 γυμνὸν
443 2101 602 2138 προσίεσθαι
616 2100 647 2127 τδ
669 2099 827 2135 φθοροποιὸν
841 2100 889 2135 δη-

97 2147 226 2183 λητήριον
243 2148 280 2183 μὴ
303 2147 493 2180 δελεασθέντας
518 2147 586 2183 πρὸς
606 2147 638 2173 τὸ
659 2146 828 2181 φαινόμενον.
845 2146 890 2173 Σο-

950 224 1160 258 contemplatur.
1178 223 1228 252 Hic
1239 220 1331 252 autem'
1346 226 1420 254 velut
1436 227 1592 261 plantarum
1608 228 1649 254 vel
1661 229 1742 256 semi-

950 276 1027 301 num,
1041 269 1082 296 vel
1099 269 1216 304 alicujus
1238 270 1307 298 alius
1335 279 1429 298 eorutn
1457 279 1518 306 qua:
1549 277 1613 299 sunt
1645 277 1738 300 creata

950 315 1090 342 mentione
1105 315 1188 347 facta,
1203 317 1390 354 operationem
1414 317 1527 345 factoris
1554 319 1740 347 subsistentia:

951 359 1089 393 Unigeniti
1119 361 1241 394 apponit.
1269 356 1392 388 Si‘enim
1412 362 1481 397 lapis
1505 363 1546 390 vel
1566 363 1680 398 lignum,
1698 364 1740 391 vel

950 405 1015 440 quid
1029 405 1082 432 tale
1099 406 1324 440 contemplationi
1339 412 1411 434 esset
1426 409 1596 443 propositum
1611 418 1618 436 :
1643 417 1741 436 conse-

949 458 1036 485 quens
1054 455 1127 478 esset
1140 455 1230 478 mente
1249 452 1390 487 percipere
1404 453 1464 487 ejus
1483 454 1529 488 qui
1561 454 1625 481 fecit
1641 462 1740 489 opera-

950 497 1062 524 tionem.
1078 496 1156 530 Quod
1175 497 1198 524 si
1218 498 1300 524 etiam
1327 497 1476 525 adversarii
1492 500 1657 527 conﬁtentur
1673 500 1739 527 uni-

949 543 1070 578 genitum
1087 543 1171 570 Deum
1186 548 1212 570 et
1232 543 1330 570 Filium
1350 551 1410 571 esse
1429 548 1456 571 et
1489 546 1610 580 genitum
1647 547 1739 574 subsi-

950 592 1042 616 stere:
1062 588 1199 624 quomodo
1211 590 1310 616 eaedem
1328 597 1409 618 voces
1427 590 1491 617 huic
1514 596 1684 626 congruunt,
1711 596 1739 619 et

949 633 1050 661 inﬁmis
1064 639 1197 661 creaturze
1213 634 1359 669 partibus?
1374 640 1402 662 et
1420 636 1494 670 quod
1508 636 1542 663 de
1559 636 1671 663 formica
1694 638 1737 665 vel

949 681 1038 708 culice
1052 687 1114 707 vere
1131 684 1221 714 potest
1235 675 1300 712 dici,
1324 680 1377 708 hoc
1391 681 1474 708 etiam
1493 681 1526 708 de
1549 681 1665 709 Domino
1693 680 1749 709 di-‘

949 733 1012 753 cere
1027 726 1101 761 pium
1116 733 1177 753 esse
1190 726 1361 753 existimant.
1384 726 1413 753 Si
1429 727 1501 754 enim
1519 727 1656 762 quispiam
1679 728 1735 755 for-

949 771 1026 797 micae
1041 775 1167 797 naturam
1185 770 1373 805 perdidicerit,
1398 770 1499 805 quibus
1525 771 1736 806 proprietatibus

949 816 1123 851 peculiariter
1140 824 1155 842 a
1174 816 1288 851 reliquis
1314 816 1478 844 animalibus
1502 821 1655 852 separatur,
1681 826 1736 845 non

947 867 1022 890 extra
1036 862 1178 888 veritatem
1199 861 1300 888 dixerit
1313 861 1384 896 ejus,
1402 861 1448 896 qui
1467 861 1532 889 fecit
1554 863 1651 897 ipsam,
1671 870 1737 898 ope-

947 909 1081 936 rationem
1103 915 1274 935 communem
1302 915 1363 934 cum
1379 908 1442 935 aliis
1468 916 1524 935 non
1548 909 1645 936 videri.
1671 909 1737 942 Quae

947 953 1029 989 igitur
1049 953 1083 980 de
1098 952 1199 980 talibus
1215 952 1356 983 dicuntur,
1375 952 1432 980 haec
1451 953 1484 980 de
1508 952 1655 988 Unigenito
1672 962 1735 988 pro-

946 999 1130 1026 nuntiantzet
1158 998 1388 1033 quemadmodum
1419 1002 1563 1027 venatores
1589 999 1736 1034 praeripere

946 1045 1033 1073 foveis
1049 1045 1215 1080 quibusdam
1231 1044 1350 1072 ferarum
1365 1052 1507 1072 accessum
1522 1045 1663 1077 dicuntur,
1693 1045 1735 1071 in-

946 1091 1032 1119 sidias
1047 1095 1138 1118 autem
1154 1091 1271 1126 putridis
1292 1090 1456 1125 quibusdam
1472 1091 1609 1126 operculis
1624 1095 1650 1118 et
1671 1091 1735 1118 soli-

945 1136 1058 1164 ditatem
1080 1143 1135 1163 non
1158 1136 1324 1163 habentibus
1342 1135 1445 1162 oriﬁcia
1464 1136 1604 1163 fo‘vearum
1636 1143 1735 1171 coope-

946 1183 1048 1210 rientes
1067 1182 1219 1214 occultare,
1238 1185 1268 1208 ut
1284 1181 1393 1216 planum
1413 1181 1549 1215 adjacenti
1569 1180 1732 1215 profundum

946 1228 1090 1255 videatur:
1108 1228 1160 1255 tale
1177 1228 1308 1261 quiddam
1333 1228 1465 1254 adversus
1482 1227 1606 1254 homines
1623 1226 1734 1254 haeresis

946 1273 1133 1306 machinatur,
1157 1274 1262 1301 foveam
1280 1273 1428 1309 impietatis
1453 1279 1501 1307 per
1515 1273 1573 1300 haec
1589 1272 1677 1299 fausta
1706 1276 1734 1299 et

947 1320 991 1354 pia
1007 1320 1118 1346 nomina
1134 1319 1217 1347 veluti
1236 1320 1354 1355 quodam
1375 1318 1563 1354 superﬁciaria
1580 1323 1652 1346 tecto
1667 1325 1734 1346 con-

946 1370 1059 1402 tegens:
1077 1366 1113 1393 ita
1130 1370 1160 1393 ut
1182 1366 1228 1401 qui
1263 1366 1354 1394 minus
1370 1366 1483 1393 rationis
1509 1365 1614 1400 judicio
1630 1365 1732 1398 valent,

947 1411 1018 1439 idem
1035 1419 1096 1438 cum
1111 1419 1175 1439 vera
1191 1411 1243 1438 ﬁde
1268 1411 1365 1438 horum
1384 1411 1548 1446 prazconium
1565 1418 1613 1445 per
1634 1411 1734 1437 verbo-

948 1465 1007 1484 rum
1023 1457 1223 1485 confessionem
1238 1457 1404 1489 existiment,
1422 1457 1454 1484 ad
1471 1457 1542 1484 exile
1555 1464 1654 1483 nomen
1670 1456 1732 1483 Filii

946 1507 972 1530 et
989 1502 1126 1537 Unigeniti
1142 1506 1328 1535 accnrrentes,
1358 1510 1408 1537 per
1433 1509 1548 1529 vacuam
1573 1507 1598 1529 et
1622 1502 1732 1529 inanem

947 1549 1052 1576 foveam
1069 1548 1183 1580 vadunt,
1207 1547 1420 1584 appellationum
1440 1548 1639 1583 signiﬁcatione
1658 1555 1734 1582 gres-

947 1600 1007 1620 sum
1024 1593 1146 1628 ipsorum
1161 1599 1214 1619 non
1236 1592 1372 1625 ﬁrmante,
1400 1592 1447 1620 sed
1469 1591 1503 1619 ad
1531 1591 1634 1619 Christi
1650 1592 1734 1619 abne-

944 1638 1063 1673 gationis
1092 1637 1250 1667 barathrum
1277 1637 1432 1672 praecipites
1459 1641 1565 1672 agente.
1585 1635 1733 1670 Propterea

944 1684 1041 1719 genitae
1056 1683 1182 1711 essentia:
1202 1683 1336 1715 meminit,
1359 1683 1425 1709 nulli
1451 1682 1485 1709 ad
1511 1689 1732 1709 communionem

944 1728 1033 1754 locum
1061 1727 1258 1762 relinquentis,
1287 1732 1367 1762 atque
1395 1726 1570 1761 Unigenitum
1599 1727 1730 1754 nominat.

943 1772 1006 1800 llaec
1026 1777 1091 1800 sunt
1106 1772 1190 1800 foveae
1213 1773 1391 1808 operimenta.
1421 1773 1488 1800 Cum
1518 1776 1607 1800 autem
1632 1772 1732 1807 aliquis

943 1818 1066 1850 adstans,
1095 1818 1256 1853 priusquam
1283 1818 1360 1845 hiatu
1389 1822 1416 1845 et
1436 1818 1566 1853 voragine
1586 1818 1731 1853 subreptus

942 1863 1036 1896 fuerit,
1054 1864 1137 1891 veluti
1155 1863 1302 1898 quamdam
1327 1871 1451 1896 manum,
1468 1871 1567 1897 nempe
1594 1870 1644 1898 per
1672 1871 1732 1890 scr-

942 1916 1050 1936 monem
1070 1908 1169 1935 factam
1185 1909 1395 1943 experientiam,
1427 1909 1546 1935 sermoni
1563 1909 1730 1942 adjunxerit,

942 1954 1104 1982 idololatria:
1116 1954 1256 1982 interitum
1269 1954 1396 1989 dogmate
1414 1954 1561 1981 sulfossum
1579 1954 1730 1988 perspicit;

941 2000 982 2028 sic
998 2001 1071 2027 enim
1087 1999 1121 2027 ad
1140 1999 1226 2027 Deum
1257 2003 1284 2027 et
1303 1999 1349 2027 Dei
1379 1999 1478 2027 Filium
1508 1999 1652 2031 accedens,
1683 2000 1729 2027 Dei

940 2049 1095 2073 creaturam
1111 2046 1198 2073 cultui
1214 2045 1384 2080 propositam
1400 2045 1515 2073 invenit.
1531 2045 1651 2080 Ideoque
1666 2053 1729 2072 sur-

941 2099 1001 2119 sum
1025 2094 1053 2118 et
1076 2091 1205 2119 deorsum
1231 2090 1370 2127 Unigeniti
1390 2099 1489 2118 nomen
1519 2090 1728 2123 circumferunt,

941 2137 1102 2164 utincautis
1116 2140 1143 2164 et
1160 2136 1283 2172 deceptis
1306 2137 1435 2164 interitus
1465 2136 1619 2172 plausibilis
1648 2135 1729 2164 facile

97 2182 347 2228 (pdiqr'reivovrxaré
370 2202 402 2228 γε
423 2193 469 2220 τὸν
493 2182 588 2220 ἑαυτὸν
605 2192 672 2228 πρὸς
687 2192 718 2218 τὸ
740 2191 887 2223 σπουδαζό-

943 2186 1109 2217 acceptetur,
1127 2182 1210 2210 veluti
1230 2183 1253 2209 si
1277 2183 1340 2217 quis
1369 2182 1512 2210 mortifero
1536 2189 1641 2209 veneno
1665 2183 1726 2216 pani

99 2248 180 2275 μενον
206 2239 309 2275 βλέπει.
333 2240 365 2266 Et
390 2239 444 2275 γάρ
471 2238 609 2270 παντελῶς
630 2237 738 2271 satsat;
760 2237 807 2264 τοῦ
826 2237 887 2264 καθ’

96 2286 193 2314 ἑαυτὸν
210 2286 344 2321 δόγματος
364 2285 414 2321 τὴν
436 2285 483 2312 τοῦ
498 2284 564 2312 Υίοῦ
581 2280 682 2320 (ῥωνὴν,
699 2284 888 2320 ἀπαράδεκτος

95 2333 112 2368 ἠ
127 2333 220 2367 ἀπάτη
233 2333 289 2363 τοῖς
300 2331 453 2368 ἀνθρώποις
465 2332 578 2365 ἐγίνετο,
593 2330 718 2366 φανερῶς
735 2329 887 2365 διαϐοωμέ-

95 2387 144 2414 νης
155 2379 207 2414 τῆς
221 2379 363 2414 ἀρνήσεως
389 2379 418 2405 ὲν
441 2377 566 2413 προδήλῳ
586 2376 758 2413 κηρύγματι·
779 2376 837 2403 νυνὶ
858 2375 886 2402 δὲ

94 2424 252 2452 καταλιπὼν
269 2424 348 2459 μόνον
362 2424 392 2450 τὸ
403 2423 498 2459 ὄνομα,
509 2423 540 2450 τὺ
559 2422 588 2449 δὲ
605 2422 802 2458 σημαινόμενον
818 2421 887 2456 πρὸς

93 2473 142 2508 τὴν
162 2472 213 2507 τῆς
237 2471 351 2503 κτίσεως
375 2471 479 2498 ἔννοιαν
502 2469 674 2506 μεταγαγὼν,
690 2469 736 2496 καὶ
759 2468 887 2504 κατορθοῖ

92 2519 142 2553 τὴν
167 2517 408 2553 είδωλολατρείαν,
431 2516 478 2544 καὶ
501 2515 665 2543 ὑποκλέπτει
696 2515 741 2542 τὸν
764 2514 884 2550 ἔλεγχον.

98 2564 168 2590 Ἀλλ’
182 2564 276 2599 ἐπειδὴ
292 2563 321 2590 οὐ
339 2563 440 2598 χείλεσι
457 2563 539 2598 τιμᾷν
555 2561 600 2588 τὸν
614 2561 681 2588 Θεὸν
696 2560 884 2595 προσετάχθη-

92 2619 152 2645 μεν,
166 2610 226 2636 οὐδὲ
239 2611 268 2636 ὲν
286 2609 344 2644 ἥχῳ
359 2609 450 2644 φωνῆς
471 2609 488 2644 ἡ
513 2608 639 2635 εὐσέϐεια
663 2607 800 2643 κρίνεται·
818 2605 885 2633 ἀλλὰ

90 2658 143 2692 χρὴ
168 2657 278 2692 πρῶτον
301 2657 333 2691 τῇ
362 2651 460 2691 καρδίᾳ
485 2655 661 2690 πιστευθῆναι
690 2654 735 2680 τὸν
759 2653 823 2680 Υἱὸν
845 2654 884 2684 είς

89 2703 275 2738 δικαιοσύνην,
291 2703 339 2729 καὶ
362 2702 423 2729 τότε
437 2702 635 2737 ὁμολογηθῆναι
655 2701 694 2736 τῷ
716 2700 828 2736 στόματι
844 2701 884 2731 είς

89 2749 238 2785 σωτηρίαν,
255 2749 303 2775 καὶ
316 2749 341 2774 οἱ
363 2749 391 2775 ὲν
414 2748 511 2784 καρδίᾳ
533 2747 657 2781 λέγοντες
671 2747 707 2782 μὴ
722 2743 790 2773 εἶναι
805 2745 881 2777 Θεὸν,

89 2795 147 2827 κᾶν,
167 2794 208 2830 τῷ
233 2794 348 2829 στόματι
374 2793 475 2829 Κύριον
498 2793 659 2829 ὁμολογῶσι,
689 2792 880 2828 διεφθάρησαν,

88 2840 178 2873 κλοὼς
207 2841 221 2868 6
247 2839 393 2876 Προφήτης
418 2841 491 2876 φησί.
514 2840 561 2867 Διὰ
586 2840 663 2868 τοῦτό
689 2848 758 2876 emt:
784 2838 881 2874 χρῆναι

940 2228 1058 2257 admisto
1074 2233 1186 2264 egentes
1202 2228 1264 2256 cibo
1280 2228 1313 2255 ad
1330 2232 1444 2255 mortem
1464 2228 1593 2256 invitatos
1615 2227 1727 2256 dextera

939 2284 1180 2320 apprehendisset.
1200 2284 1268 2317 Quia
1283 2284 1336 2312 nisi
1354 2283 1470 2312 inescati
1485 2287 1578 2311 essent
1590 2288 1615 2311 et
1634 2284 1727 2319 specie

937 2331 1054 2366 decepti,
1069 2331 1254 2366 perniciosum
1280 2336 1307 2358 et
1329 2330 1408 2358 letale
1436 2338 1571 2358 venenum
1586 2338 1726 2365 nunquam

938 2377 1124 2406 admisissent.
1142 2377 1295 2404 Prudenter
1309 2377 1393 2412 igitur
1412 2381 1439 2404 et
1462 2376 1496 2403 ad
1514 2380 1630 2404 mentem
1646 2384 1724 2404 suam

937 2424 1061 2458 apposite
1077 2423 1111 2450 ad
1127 2423 1155 2450 id
1168 2422 1240 2458 quod
1258 2421 1383 2453 intendit,
1396 2423 1519 2458 respicit.
1534 2421 1563 2449 Si
1578 2422 1650 2449 enim
1666 2421 1726 2449 fun-

936 2469 1010 2497 ditus
1029 2477 1044 2497 e
1057 2476 1108 2496 suo
1125 2469 1252 2504 dogmate
1267 2468 1327 2496 Filii
1342 2475 1435 2496 vocem
1455 2468 1627 2500 exclusisset,
1646 2475 1724 2495 error

936 2511 1095 2541 hominibus
1110 2522 1165 2541 non
1180 2519 1308 2549 acceptus
1323 2513 1430 2546 fuisset,
1460 2513 1550 2549 palam
1580 2513 1724 2548 negatione

935 2559 1102 2587 reclamante
1122 2562 1216 2594 aperto
1240 2563 1268 2586 et
1297 2559 1441 2594 propatulo
1470 2558 1627 2594 pratconio:
1649 2566 1722 2585 nunc

935 2608 1025 2631 autem
1044 2603 1103 2631 solo
1123 2604 1218 2631 relicto
1231 2603 1352 2635 nomine,
1372 2603 1526 2637 signiﬁcato
1541 2603 1574 2629 ad
1589 2607 1722 2630 creatura:

934 2649 1060 2676 notitiam
1073 2649 1211 2682 traducto,
1239 2649 1340 2677 falsum
1361 2649 1474 2676 deorum
1493 2648 1596 2675 cultum
1616 2648 1721 2675 instau-

934 2700 976 2722 rat
993 2699 1020 2723 et
1039 2695 1280 2731 reprehensionem
1297 2695 1424 2723 declinat.
1442 2693 1495 2721 Sed
1509 2693 1638 2728 quoniam
1666 2701 1719 2720 non

933 2741 1014 2769 labiis
1031 2740 1116 2769 Deum
1128 2741 1219 2769 colere
1232 2741 1303 2776 jussi
1319 2749 1414 2769 sumus
1428 2749 1435 2767 :
1453 2747 1542 2775 neque
1557 2739 1634 2767 vocis
1651 2747 1719 2767 sono

934 2794 1020 2829 pietas
1044 2799 1182 2827 censetur,
1200 2794 1247 2821 sed
1264 2789 1371 2829 oport‘et
1387 2794 1506 2829 primum
1521 2793 1604 2821 corde
1617 2793 1644 2820 in
1675 2792 1719 2820 Fi-

933 2840 999 2868 lium
1013 2840 1124 2868 credere
1139 2840 1171 2868 ad
1184 2840 1330 2876 justitiam,
1350 2844 1470 2876 tuncque
1486 2847 1533 2868 ore
1546 2839 1670 2868 confiteri
1684 2838 1716 2865 ad
