1959 3075
236 115 290 144 667

872 107 901 135 S.
915 105 1079 135 GREGORII
1098 105 1248 134 NYSSENI

1809 99 1862 126 668

236 177 351 206 salutem
363 177 404 210 ’δι
430 179 456 203 et
472 174 518 210 qui
542 172 625 201 corde
650 171 746 200 dicunt
762 177 817 198 non
835 177 896 198 esse
916 168 1000 196 Deum
1013 188 1021 200 ,

1082 167 1142 203 τρὸς
1153 168 1271 194 τὸννοῦν
1286 167 1393 203 βλέπειν
1414 167 1457 194 διὰ
1477 166 1526 201 τῆς
1546 164 1654 210 “EF-(61
1817 160 1864 187 καὶ

235 225 289 253 etsi
304 232 352 251 ore
365 223 508 249 Dominum
521 219 699 251 conﬁtentur,
715 223 806 245 tamen
819 215 942 251 corrupti
959 217 1023 243 sunt

236 275 263 298 et
282 276 414 304 nequam,
435 267 506 294 sicut
535 265 573 293 ait
599 263 778 300 Propheta".
802 262 937 296 Quocirca
961 260 1023 288 dico

237 320 363 351 oportere
377 317 495 341 mentem
509 311 666 347 perspicere
681 318 730 346 per
744 309 903 339 dictionem,
930 309 1024 333 noster

237 363 282 389 hic
292 368 382 388 sermo
394 363 436 387 est
447 363 475 386 et
494 364 550 385 non
572 356 799 385 adversariorum.
825 351 904 384 Quod
925 353 948 379 si
962 351 1023 385 quis

239 406 299 433 Filii
318 412 417 432 nomen
435 405 570 430 creaturae
597 398 721 435 apponit,
748 395 882 423 falsorum
911 394 1023 422 deorum

237 447 392 476 cultoribus
399 445 580 473 adscribctur.
592 443 658 470 Nam
670 441 742 469 etilli
752 440 990 476 etDagon,ethl,
999 445 1026 467 et

1074 213 1135 248 οὐχὶ
1146 213 1198 238 τῶν
1213 210 1340 238 ἐναντίων
1353 212 1411 238 ἐστὶ
1421 210 1458 245 (a)
1469 210 1557 243 λόγος.
1568 207 1600 235 Et
1610 208 1638 235 δὲ
1644 216 1687 240 τις
1698 206 1767 235 Υίοῦ
1779 205 1866 239 δνομα

1074 259 1107 294 τῇ
1124 257 1209 286 κτίσει
1222 256 1335 288 τίθεται,
1353 256 1382 282 ὲν
1403 256 1459 287 τοῖς
1482 253 1688 288 εἰδωλολάτραις
1709 249 1864 282 τετάξεται.

1075 304 1129 330 Kal.
1143 303 1198 338 γὰρ
1213 303 1311 329 ἐκεῖνοι
1330 303 1377 329 καὶ
1390 302 1434 328 τὸν
1449 301 1554 335 Δάγων,
1568 299 1615 326 καὶ
1638 298 1684 325 τὸν
1701 297 1800 332 Βηλὺν,
1819 295 1868 322 καὶ

1075 348 1119 375 τὸν
1135 347 1270 384 δράκοντα
1285 347 1350 374 Θεὸν
1367 346 1517 382 ὠνόμαζον,
1532 345 1588 372 ἀλλ’
1611 343 1641 370 οὒ
1659 343 1703 370 διὰ
1719 342 1799 369 τοῦτο
1820 341 1867 368 καὶ

1074 394 1120 421 τὸν
1135 394 1200 421 Θεὸν
1217 394 1410 430 προσεκύνουν.
1426 393 1464 419 υῦ
1481 392 1534 428 γὰρ
1549 391 1614 422 Θεὸς
1633 389 1663 417 τδ
1680 389 1770 423 ξύλον,
1786 388 1834 415 καὶ
1853 387 1868 414 ό

1079 439 1179 476 χαλκὸς
1191 439 1239 465 καὶ¹
1252 437 1282 464 τὸ
1297 437 1401 473 θηρίον.

237 493 387 520 draconem
399 491 483 518 Deum
499 489 688 520 nominabant,
707 486 755 514 sed
774 493 828 514 non
840 490 986 522 propterea
994 485 1079 512 Deum
1092 482 1258 515 adorabant;
1272 489 1326 510 non
1343 482 1417 510 enim
1427 482 1660 516 Deuslignum,et
1674 486 1712 506 aes
1727 483 1755 506 ct
1770 477 1871 505 bellua.

274 533 327 560 Sed
355 532 420 567 quid
438 539 552 559 necesse
581 535 624 559 est
655 531 824 564 coniecturis
859 529 1024 558 sententiam

237 582 393 614 qumrentcs
407 585 536 605 sermone
557 576 678 603 abditam
706 575 842 603 fallaciam
856 574 987 606 revelare,
1001 577 1028 601 ct

238 625 357 652 fortasse
369 623 528 651 occasiones
545 623 666 658 praebere
680 621 864 653 audientibus,
879 620 952 656 quod
967 625 1028 647 tan-

237 677 320 704 quam
346 676 401 696 non
420 675 484 696 vere
499 675 550 695 nos
563 669 619 694 ha>c
632 666 753 694 inimicis
776 665 942 702 objicimus?
957 664 1028 692 Ecce

238 716 311 744 enim
340 715 420 742 nobis
443 713 546 741 nudam
567 713 680 748 exponit
712 712 919 747 blasphemiam,
953 710 1028 738 nullo
1046 734 1065 762 Β

238 761 372 793 velamine
389 761 481 788 dolum
498 761 556 788 sive
570 759 694 787 fraudem
708 759 862 791 occultans,
878 758 924 786 sed
941 757 1027 785 auda-

239 811 297 834 cter
311 806 429 834 absurda
442 806 557 841 loquens
573 805 658 832 libera
670 812 757 832 voce:
777 804 818 832 sic
834 804 907 832 enim
927 804 1030 838 scripta

240 851 340 880 habent
354 861 360 879 Ζ
381 851 438 878 Nos
452 851 582 886 equidem,
599 851 697 886 inquit,
714 851 780 877 nihil
797 850 871 877 aliud
897 850 1028 877 inuenien-

240 902 276 924 tes
290 902 387 932 praeter
400 898 540 925 essentiam
558 896 622 924 Filii
639 896 708 931 quod
722 898 913 931 generationem
930 896 1029 929 capiat,

239 944 266 970 in
292 943 383 971 eadem
414 944 528 970 essentia
553 947 678 977 putamus
694 947 811 976 oportere
839 942 1029 977 appellatione:

240 989 373 1022 ordinare,
387 989 440 1016 sive
454 988 532 1015 nudis
543 993 566 1015 et
577 988 688 1015 exilibus
702 989 784 1015 uerbis
795 988 914 1014 dicamus
930 986 1030 1014 Filium

239 1040 263 1062 et
279 1035 404 1070 genitum,
422 1035 475 1061 sive
490 1034 547 1061 ha'c
557 1034 589 1060 ab
606 1035 721 1061 essentia
745 1034 914 1064 divellamus,
927 1041 964 1066 ea:
989 1034 1030 1061 his

241 1081 344 1106 incitati
365 1081 493 1107 essentias
510 1088 526 1106 a
541 1088 569 1106 se
584 1081 693 1107 invicem
708 1084 845 1114 separatas
868 1079 970 1106 distare
982 1079 1029 1114 ﬁr-

241 1127 317 1152 miter
343 1130 470 1153 tenemus.
496 1125 568 1152 Nihil
587 1132 726 1161 opusesse
740 1129 806 1160 puto
833 1125 1029 1153 absurditatem

240 1177 301 1204 qua!
324 1170 351 1197 in
366 1170 409 1198 his
426 1170 509 1197 dictis
525 1173 578 1203 est,
613 1169 717 1196 nostris
746 1170 921 1197 sermonibus
937 1177 1031 1204 repre-

241 1215 334 1242 hendi.
358 1215 419 1250 Ipsa
435 1215 509 1242 cnim
536 1215 704 1250 scriptorum
730 1214 813 1242 lectio
836 1215 905 1243 satis
940 1219 1031 1250 potest

240 1259 437 1294 blasphemiam
475 1264 589 1292 notare;
628 1259 669 1287 sic
705 1260 779 1287 enim
818 1261 1030 1295 perspiciamus:

241 1304 381 1332 Essentias
400 1303 490 1332 Patris
505 1308 533 1331 et
547 1303 608 1332 Filii
636 1308 778 1339 separatas
794 1312 808 1331 a
827 1312 856 1332 se
864 1304 973 1333 ditl‘erre
982 1311 1031 1331 au-

241 1354 339 1378 tumat.
353 1349 422 1383 Quid
438 1349 520 1384 igitur
535 1356 583 1384 per
596 1349 823 1384 παρηλλαγμένον
854 1349 892 1383 (id
908 1352 960 1381 est,
975 1349 1031 1378 dis-

1121 525 1200 552 ’Λλλὰ
1212 526 1237 552 τί
1251 525 1303 560 χρὴ
1318 524 1602 560 καταστοχαζομένους
1615 524 1664 559 τῆς
1673 525 1793 557 διανοίας
1804 526 1868 552 ἀνα-

1080 572 1228 599 καλύπτειν
1252 572 1291 606 τῷ
1306 571 1378 607 λόγῳ
1402 571 1452 607 τὴν
1466 571 1659 607 κεκρυμμένην
1682 571 1803 606 ἀπάτην.
1822 573 1869 598 καὶ

1081 618 1210 654 παρέχειν
1227 618 1292 649 ῐσως
1307 617 1435 652 ἀφορμὰς
1451 618 1507 649 τοῖς
1526 617 1679 649 ἁκούουσιν,
1694 617 1731 649 ὡς
1741 617 1792 644 οὐκ
1807 618 1870 653 ἀλη-

1081 664 1136 696 θῶς
1145 664 1223 700 ἡμῶν
1236 663 1321 690 ταῦτα
1332 665 1388 694 τοῖς
1398 662 1502 699 ἐχθροῖς
1515 663 1723 698 προφερόντων;
1736 663 1803 690 Ἰδοὺ
1815 664 1869 699 γὰρ

1081 712 1186 747 γυμνὴν
1206 712 1271 747 ἡμῖν
1287 710 1423 737 ἐκτίθεται
1440 710 1489 744 τὴν
1503 709 1688 745 βλασφημίαν,
1710 710 1745 736 δι’
1762 710 1870 742 οὐδενὸς

1080 758 1312 794 προκαλύμματος
1340 757 1386 783 τὸν
1417 756 1490 784 δόλον
1523 756 1775 792 ἐπικρυπτόμενος,
1812 755 1866 783 ἀλλ’

1080 803 1372 840 ἐμπαρῤησιαζόμενος
1396 803 1453 834 τοῖς
1477 802 1587 834 ἀτόποις
1613 802 1744 838 ἐλευθέρᾳ
1771 803 1868 837 φωνῇ’

1079 850 1151 877 οὕτω
1164 849 1192 876 δὲ
1209 850 1264 884 ἔχει
1283 849 1317 875 τὰ
1333 847 1532 884 γεγραμμένα¹
1545 847 1642 882 Ἡμεῖς
1658 847 1717 882 μὲν
1732 844 1802 880 οὖν,
1819 856 1870 882 φη-

1081 897 1132 928 σὶν,
1150 895 1239 922 οὐδὲν
1257 894 1361 928 ἕτερον
1377 894 1570 928 εὑρίσκοντες
1593 894 1673 928 παρὰ
1687 893 1745 927 τὴν
1759 894 1870 920 οὐσίαν

1079 940 1132 968 τοῦ
1151 939 1219 966 Υἰοῦ
1233 938 1265 965 τὸ
1282 938 1446 972 δεχόμενον
1464 937 1522 971 τὴν
1535 937 1688 973 γέννησιν,
1711 937 1759 964 ἐπ’
1775 937 1870 971 αὐτῆς

1080 985 1134 1020 τῆς
1145 985 1252 1016 οὐσίας
1264 984 1379 1011 τάττειν
1388 984 1507 1018 οἰόμεθα
1516 982 1580 1010 δεῖν
1590 983 1643 1016 τὰς
1653 983 1868 1017 προσηγορίας,

1079 1031 1140 1064 εἴγε
1156 1029 1203 1056 καὶ
1219 1028 1322 1063 ψιλοῖς
1335 1028 1450 1062 ῥήμασι
1469 1028 1597 1063 λέγομεν
1616 1028 1684 1054 Υἱὸν
1695 1028 1743 1054 καὶ
1764 1036 1870 1062 γεννη-

1080 1074 1143 1107 τὸν,
1157 1074 1184 1101 ει
1199 1082 1230 1109 γε
1245 1073 1339 1100 ταῦτα
1353 1072 1407 1106 τῆς
1423 1073 1531 1105 οὐσίας
1544 1073 1736 1107 χωρίσαιμεν,
1756 1072 1791 1098 ἐκ
1805 1072 1870 1099 τού-

1081 1128 1140 1146 των
1157 1118 1317 1153 ὁρμώμενοι
1336 1118 1385 1144 καί
1409 1117 1442 1144 τὸ
1464 1117 1673 1151 παρηλλάχθαι
1693 1117 1747 1150 τὰς
1763 1117 1869 1150 οὐσίας

1080 1165 1225 1198 ἀλλήλων
1246 1165 1439 1198 πιστούμεθα.
1457 1163 1539 1190 Οὐδὲν
1560 1161 1634 1198 οἶμαι
1654 1163 1753 1198 χρῆναι
1775 1164 1826 1199 τὴν
1842 1164 1870 1189 ὲν

1081 1210 1136 1240 τοῖς
1149 1208 1303 1244 εἰρημένοις
1317 1207 1431 1234 ἀτοπίαν
1441 1207 1486 1234 διὰ
1495 1207 1549 1234 τῶν
1560 1207 1700 1242 ἡμετέρων
1712 1207 1870 1243 ἐλέγχεσθαι

1081 1255 1178 1289 λόγων.
1206 1254 1280 1289 Αὐτὴ
1304 1255 1359 1289 γὰρ
1379 1255 1396 1288 ἡ
1420 1253 1474 1280 τῶν
1493 1253 1693 1288 γεγραμμένων
1717 1254 1871 1287 ἀνάγνωσις

1082 1300 1162 1335 ίκανὴ
1177 1299 1348 1335 στηλιτεῦσαι
1369 1299 1418 1334 τὴν
1439 1297 1622 1333 βλασφημίαν.
1644 1298 1750 1325 Οὑτωσὶ
1767 1298 1797 1325 δὲ
1815 1298 1867 1325 δια-

1083 1346 1279 1381 σκοπήσωμεν’
1290 1343 1484 1380 Παρηλλάχθαι
1496 1343 1570 1378 λέγει
1581 1343 1629 1375 τὰς
1644 1344 1738 1376 οὐσίας
1748 1345 1870 1380 ἀλλήλων

241 1402 356 1429 crepans
377 1398 403 1422 et
421 1393 571 1429 diversum)
592 1393 783 1430 signiﬁcatur?
804 1393 925 1420 Primum
944 1394 1028 1429 ipsam

1082 1391 1127 1418 τοῦ
1142 1390 1206 1417 Υίοῦ
1221 1398 1251 1416 τε
1270 1390 1317 1416 καὶ
1342 1389 1389 1415 τοῦ
1405 1389 1520 1426 Πατρός.
1543 1389 1576 1415 Τί
1590 1389 1678 1416 τοίνυν
1693 1390 1737 1416 διὰ
1750 1391 1800 1417 τοῦ
1816 1399 1870 1417 πα-

241 1441 370 1468 dictionis
384 1440 440 1468 vim
455 1445 481 1467 et
492 1439 719 1475 signiﬁcationem
736 1440 881 1475 separatim
892 1440 1031 1467 examine-

241 1494 313 1518 mus,
329 1490 358 1513 ut
376 1486 463 1520 magis
493 1493 542 1520 per
558 1486 642 1520 hujus
670 1485 748 1512 verbi
778 1485 1030 1520 interpretationem

241 1532 354 1567 impium
371 1531 521 1558 com-ilium
545 1531 698 1566 delegatur.
714 1530 820 1558 Dicitur
843 1539 908 1566 ergo
925 1531 953 1558 in
967 1539 1032 1558 con-

242 1576 397 1605 suetudinis
433 1576 565 1604 abusione
605 1577 657 1603 hoc
682 1583 781 1603 nomen
815 1576 865 1612 τῆς
893 1575 1032 1611 παραλλα-

241 1623 305 1658 γῆς,
326 1622 354 1649 in
373 1622 536 1657 corporibus
560 1622 682 1657 quidem,
694 1622 803 1657 quando
817 1630 850 1649 ex
866 1622 1033 1650 resolutione

242 1668 284 1695 vel
298 1667 350 1694 alia
368 1667 544 1702 perpessione
571 1667 724 1695 membrum
737 1667 850 1702 aliquod
872 1675 888 1695 a
913 1668 1032 1695 naturali

241 1717 376 1740 concentu
407 1720 563 1748 perversum
582 1716 610 1740 et
636 1713 775 1740 detortum
793 1713 887 1741 luerit.
917 1713 984 1740 Nam
999 1721 1033 1741 ex

240 1757 382 1785 contraria
409 1757 544 1793 positione
569 1757 658 1785 allecti
681 1758 797 1786 membri
820 1766 882 1786 cum
903 1766 936 1786 eo
959 1759 1032 1794 quod

241 1811 343 1833 nanum
369 1807 420 1837 est,
453 1803 481 1830 in
502 1803 622 1830 deterius
645 1804 850 1838 perrersionem
869 1804 930 1838 ejus
960 1805 1032 1840 quod

243 1856 402 1884 perpessum
421 1848 470 1876 fuit
484 1849 666 1884 παραλλαγήν
684 1850 869 1877 nominamus.
885 1849 914 1877 In
927 1850 969 1877 bis
985 1858 1033 1878 au-

242 1899 297 1921 tem
310 1895 356 1929 qui
372 1895 400 1921 in
426 1894 549 1922 moribus
574 1895 726 1922 secundum
739 1895 867 1922 virtutem
886 1900 914 1922 et
934 1896 1032 1922 vitium

239 1939 383 1973 .ditlerunt,
411 1947 474 1966 cum
500 1939 686 1978 intemperans
703 1940 758 1967 vita
781 1947 856 1975 purae
875 1945 902 1968 et
928 1945 1032 1975 tempo-

242 1985 315 2012 ranti
336 1985 494 2020 opponitur,
520 1985 651 2020 veljuito
676 1985 807 2020 injustas,
832 1985 875 2013 vel
889 1991 1032 2014 mansueto

242 2036 270 2058 et
285 2031 398 2065 paciﬁco
414 2035 442 2058 et
456 2030 561 2067 quieto,
579 2031 742 2063 iracundus,
764 2031 924 2064 bellicosus,
939 2035 967 2058 et
984 2032 1031 2066 qui

243 2078 311 2104 iram
329 2077 477 2104 recondere
497 2084 552 2104 non
578 2081 690 2112 potest:
709 2081 736 2104 et
761 2078 874 2104 omnino
899 2077 1031 2112 quidquid
1048 2070 1070 2097 ι)

243 2122 363 2150 melioris
375 2122 547 2156 oppositione
562 2121 590 2148 in
602 2121 668 2148 vitio
682 2125 828 2148 accusatur
843 2121 1032 2156 παρηλλάχθαι

243 2168 344 2195 dicitur
352 2168 388 2203 (id
395 2173 435 2195 est
447 2167 625 2201 discrepare).
634 2166 703 2200 Quia
712 2174 766 2193 non
780 2167 833 2194 illis
840 2167 954 2194 invicem
964 2169 1035 2195 acci-

244 2214 310 2240 dunt
327 2221 387 2248 qua:
402 2213 430 2240 in
445 2213 569 2247 utrisque
580 2217 644 2240 sunt
657 2212 776 2247 insignia
790 2210 890 2239 indicia
902 2233 909 2245 ,
926 2213 1032 2240 honesti

245 2259 307 2286 dico
313 2264 341 2286 et
348 2259 502 2286 deterioris.
512 2258 646 2285 Prarterea
656 2258 845 2293 παρηλλάχθαι
854 2259 1032 2294 (discrepare)

245 2304 363 2330 dicimus
380 2303 525 2338 qualitates
537 2310 598 2338 qua:
616 2304 643 2330 in
653 2303 794 2330 elementis
811 2303 1032 2338 considerantur,

247 2357 306 2384 quae
321 2357 352 2376 ex
364 2349 502 2377 eontrario
516 2349 568 2377 sibi
580 2349 695 2376 invicem
709 2354 868 2382 occurrunt,
881 2350 1033 2384 corruptri-

247 2402 304 2420 ccm
319 2394 372 2420 vim
398 2397 494 2420 mutuo
514 2393 656 2426 habentes,
672 2397 702 2420 ut
717 2393 836 2420 calidum
847 2399 874 2422 et
890 2393 1030 2430 frigidum,

246 2440 289 2467 vel
305 2439 409 2467 siccum
435 2444 460 2466 et
483 2439 636 2471 humidum,
655 2439 698 2466 vel
717 2439 828 2466 omnino
845 2439 936 2474 siquid
955 2439 1033 2467 alteri

244 2485 388 2512 contrario
414 2485 561 2520 opponitur
588 2487 616 2512 et
645 2483 718 2519 quod
748 2483 776 2510 in
798 2483 841 2510 his
864 2484 940 2511 nullo
953 2483 1034 2511 modo

246 2533 337 2565 potest
351 2531 435 2564 coire,
451 2531 625 2566 παραλλαγῆς
645 2530 755 2557 nomine
789 2529 827 2564 (id
838 2533 890 2562 est,
906 2529 1035 2557 dill‘ereu-

247 2578 302 2609 tim,
317 2578 375 2605 sive
390 2578 592 2613 discrepantia)
611 2577 836 2611 interpretamur.
858 2576 890 2603 Et
905 2576 1035 2611 quidquid

247 2631 359 2661 prorsus
372 2624 495 2651 dissonat
509 2624 542 2651 ab
555 2624 640 2650 altero
655 2623 682 2650 in
697 2622 740 2649 his
755 2621 874 2655 iudiciis,
887 2629 920 2651 ex
934 2622 1034 2659 quibus

280 2673 303 2689 "
314 2671 395 2701 Rom.
408 2681 437 2705 x,
454 2673 498 2700 10.
536 2672 560 2688 ¹⁶
575 2671 647 2699 Psal.
660 2669 747 2702 sunt
767 2677 826 2705 sqq.

281 2721 320 2756 (a)
336 2720 431 2761 Poenus.
441 2721 481 2749 sic
492 2718 723 2761 restituendus‘e‘x
735 2719 798 2761 cod.
806 2719 903 2761 Beia}.
912 2739 920 2747 .
930 2738 937 2746 .
948 2739 958 2761 ._
967 2719 1037 2761 πρός

243 2753 292 2784 τὸν
306 2753 369 2782 νοῦν
387 2756 496 2790 βλέπειν
519 2755 573 2782 τῶν
593 2753 821 2790 προϐαλλομένων
836 2755 916 2790 δῆθεν
931 2755 965 2790 τὰ
988 2753 1038 2789 τῆς

245 2792 363 2835 πίστεως
378 2789 499 2851 Qua-ca,
510 2790 547 2825 μὴ
559 2789 688 2832 πρδςιτὰς
700 2789 792 2833 φωνὰς
801 2789 985 2833 δελεᾶςεσθσι.
1006 2790 1037 2817 El

245 2835 291 2851 ουν
305 2826 368 2851 Υιδν
390 2845 394 2851 .
412 2834 467 2851 γων
474 2834 504 2851 ου
514 2825 581 2851 πρὸς
589 2833 693 2851 κτισιια
704 2825 797 2851 ϐΑέπει
806 2825 850 2851 οιὰ
864 2834 914 2851 της
927 2824 1036 2851 λέξεως.

243 2824 1036 2874 anIsmariasesesese:regisregis;

247 2861 378 2893 ἡμέτερος
402 2860 447 2887 καὶ
467 2860 527 2893 οὐχὶ
538 2859 592 2887 τῶν
609 2859 737 2889 ἐναντίων
751 2861 834 2889 ἐστίν.
854 2859 920 2897 Quae
939 2859 1038 2888 Latine

1077 1435 1290 1471 ρηλλαγμένου
1315 1435 1492 1470 σημαίνεται;
1518 1435 1632 1470 Πρῶτον
1655 1436 1740 1471 αὐτὴν
1756 1437 1807 1472 τὴν
1823 1437 1871 1472 τῆς

1081 1484 1180 1516 λέξεως
1199 1483 1317 1519 ἔμφασιν
1335 1483 1376 1517 ἐφ’
1388 1483 1491 1511 ἑαυτῶν
1506 1482 1686 1518 ἐξετάσωμεν,
1701 1484 1740 1516 ὼς
1758 1484 1794 1511 ἂν
1807 1485 1871 1520 μᾶ).-

1081 1530 1126 1556 λον
1145 1529 1189 1556 διὰ
1201 1530 1250 1564 τῆς
1272 1529 1319 1556 τοῦ
1343 1529 1464 1565 ῥήματος
1479 1529 1626 1565 ἑρμηνείας
1645 1529 1830 1565 ἑκκαλυφθείη
1841 1530 1872 1557 τὺ

1083 1576 1251 1612 βλάσφημον.
1276 1576 1393 1610 Λέγεται
1415 1575 1504 1603 τοίνυν
1522 1577 1551 1602 ὲν
1569 1577 1602 1612 τῇ
1633 1577 1803 1612 καταχρήσει
1823 1577 1870 1611 τῆς

1083 1623 1225 1658 συνηθείας
1239 1622 1269 1649 τὸ
1287 1623 1362 1658 ῥῆμα
1384 1622 1433 1657 τῆς
1454 1622 1639 1658 παραλλαγῆς,
1660 1623 1708 1649 ἐπὶ
1733 1622 1867 1657 σωμάτων

1084 1669 1143 1703 μὲν,
1165 1668 1229 1695 ὅταν
1256 1668 1288 1694 ὲκ
1314 1667 1492 1703 παραλύσεως
1517 1666 1535 1703 ἡ
1557 1675 1629 1699 τινος
1651 1667 1745 1702 ἑτέρου
1770 1667 1870 1698 πάθους

1083 1714 1250 1750 παρατραπῇ
1264 1722 1289 1740 τι
1307 1713 1387 1749 μέλι-ς
1404 1714 1453 1748 τῆς
1468 1713 1585 1749 φυσικῆς
1597 1713 1739 1748 ἁρμονίας.
1758 1713 1807 1740 Ἐκ
1818 1713 1869 1749 γὰρ

1082 1760 1131 1795 τῆς
1152 1759 1220 1794 πρὸς
1244 1759 1275 1785 τὺ
1294 1759 1413 1793 ὑγιαῖνον
1429 1759 1476 1786 τοῦ
1501 1758 1665 1790 πεπονθότος
1689 1758 1870 1794 ἀντιπαραθέσ

1083 1813 1152 1836 σεως
1167 1805 1216 1840 τὴν
1232 1804 1300 1840 πρὸς
1316 1804 1346 1831 τδ
1360 1805 1450 1840 χεῖρον
1461 1803 1639 1840 παρατροπὴν
1648 1803 1695 1830 τοῦ
1719 1803 1871 1838 παραδεξα-

1084 1851 1165 1886 μένου
1185 1850 1216 1876 τδ
1236 1850 1330 1882 πάθος,
1355 1849 1532 1885 παραλλαγὴν
1553 1848 1732 1884 ὀνομάζομεν.
1758 1849 1821 1875 Ἐπὶ
1843 1849 1871 1876 δὲ

1081 1897 1136 1923 τῶν
1151 1896 1180 1922 ὲν
1199 1896 1259 1932 nos;
1285 1897 1344 1923 κατ’
1360 1896 1459 1931 ἀρετὴν
1485 1895 1533 1922 καὶ
1556 1894 1657 1921 κακίαν
1677 1894 1871 1929 διαφερόντων,

1081 1941 1144 1968 ὅταν
1156 1942 1170 1968 ὁ
1183 1941 1332 1972 ἀκόλαστος
1345 1940 1400 1976 βίος
1415 1939 1692 1975 ἀντιπαρατιθέμενος
1705 1939 1745 1974 τῷ
1759 1939 1872 1974 καθαρῷ

1081 1995 1111 2013 τε
1128 1987 1175 2013 καὶ
1197 1986 1325 2022 σώφρονι,
1347 1986 1364 2021 ἢ
1383 1986 1422 2021 τῷ
1440 1986 1536 2021 δικαίῳ
1556 1986 1570 2012 ό
1588 1985 1689 2018 ἄδικος,
1705 1985 1722 2021 ἦ
1739 1985 1808 2020 πρὸς
1829 1985 1872 2011 τὸν

1083 2032 1169 2068 πρᾷόν
1183 2040 1212 2058 τε
1228 2032 1275 2059 καὶ⁸
1287 2033 1423 2067 εἰρηνικόν
1437 2040 1467 2058 τε
1478 2032 1525 2058 καὶ
1537 2032 1658 2067 ἡσύχιον,
1676 2032 1690 2058 ό
1702 2031 1833 2066 θυμώδης
1843 2039 1871 2058 τε

1084 2078 1131 2104 καὶ
1150 2077 1308 2112 πολεμικὸς,
1329 2078 1376 2104 καὶ
1395 2077 1443 2112 τὴν
1455 2077 1538 2113 ὀργὴν
1562 2077 1726 2113 ἀταμίευτος
1736 2085 1744 2093 ·
1757 2077 1806 2103 καὶ
1821 2077 1872 2104 πᾶν

1083 2124 1151 2155 ὅλως
1166 2123 1196 2150 τὸ
1208 2125 1240 2158 τῇ
1258 2122 1407 2159 παραθέσει
1419 2123 1465 2150 τοῦ
1478 2124 1631 2158 κρείττονος
1643 2124 1672 2149 ἐν
1685 2123 1771 2158 κακία
1790 2131 1873 2158 κατη-

1083 2168 1264 2204 γορούμενον.
1293 2167 1483 2203 παρηλλάχθαι
1513 2167 1648 2202 λέγεται·
1670 2167 1709 2202 τῷ
1738 2167 1777 2203 μὴ
1804 2175 1872 2202 συμ-

1084 2213 1186 2240 6αίνειν
1202 2212 1326 2248 ἀλλήλοις
1341 2212 1376 2239 τὰ
1396 2213 1438 2239 ἐπ’
1453 2212 1614 2248 ἀμφοτέρων
1624 2212 1815 2247 γνωρίσματα,
1826 2211 1870 2238 τοῦ

1085 2266 1115 2284 τε
1136 2257 1217 2284 καλοῦ
1238 2266 1310 2293 φημι
1330 2257 1440 2284 καὶτοῦ
1455 2257 1584 2293 χείρονος.
1602 2257 1662 2282 Ἔτι
1681 2256 1871 2292 παρηλλάχθαι

1087 2303 1176 2338 φαμὲν
1195 2303 1242 2330 xal.
1255 2304 1304 2335 τὰς
1318 2303 1364 2330 ἐπὶ
1378 2304 1433 2330 τῶν
1447 2302 1583 2338 στοιχείων
1595 2302 1789 2337 θεωρουμένας
1801 2301 1872 2328 ποιό-

1085 2358 1178 2385 τητας,
1192 2350 1252 2376 ὅσαι
1271 2349 1343 2376 κατὰ
1363 2349 1393 2376 τὸ
1411 2349 1530 2376 ἐναντίον
1554 2348 1770 2383 ἀντιποιχοῦσιν
1794 2348 1872 2382 ltili)—

1085 2395 1155 2428 λαις,
1171 2395 1322 2431 φθαρτικὴν
1337 2397 1398 2422 κατ’
1416 2394 1536 2430 ἀλλήλων
1557 2394 1665 2430 ἔχουσαι
1679 2394 1807 2429 δύναμιν.
1819 2391 1872 2420 οἷον

1081 2442 1113 2468 τὺ
1124 2441 1223 2476 θερμόν
1235 2450 1263 2468 τε
1271 2440 1353 2468 καὶτὸ
1364 2441 1475 2476 ψυχρὸν,
1487 2440 1502 2475 ἢ
1512 2439 1543 2466 τὸ
1554 2439 1634 2475 ξηρόν
1643 2439 1727 2466 τεκαὶ
1738 2439 1770 2465 τὸ
1781 2439 1871 2474 ὑγρὸν,

1083 2487 1100 2522 ἦ
1113 2487 1190 2520 ὅλως,
1205 2487 1231 2513 εί
1241 2495 1267 2514 τι
1289 2487 1374 2523 ἑτέρῳ
1394 2487 1461 2522 πρὸς
1472 2485 1503 2512 τὸ
1515 2486 1634 2512 ἐναντίον
1648 2485 1872 2519 ἅντικαθὲστηκε,

1085 2532 1131 2559 καὶ
1147 2533 1178 2559 τὸ
1198 2533 1227 2559 ἐν
1253 2532 1358 2565 τούτοις
1374 2531 1541 2567 ἀσύμϐατον,
1563 2531 1603 2567 τῷ
1624 2531 1675 2567 τῆς
1695 2530 1874 2565 παραλλαγῆς

1084 2577 1296 2614 διερμηνεύομεν
1316 2578 1427 2614 ῥήματι.
1449 2577 1504 2605 Καὶ
1526 2578 1580 2605 πᾶν
1598 2577 1667 2608 ὅλως
1681 2576 1711 2602 τὸ
1724 2574 1873 2609 διαφωνοῦν

1089 2624 1156 2660 πρὸς
1167 2624 1198 2650 τὺ
1209 2625 1302 2659 ἕτερον
1316 2624 1345 2650 ὲν
1359 2625 1414 2656 τοῖς
1430 2622 1674 2658 ὲπιθεωρουμένοις
1689 2621 1872 2657 γνωρίσμασι,

1091 2719 1132 2757 sic
1142 2725 1232 2748 vertcs
1248 2730 1254 2748 :
1274 2720 1343 2748 Eam
1357 2722 1387 2749 ob
1403 2730 1511 2749 causam
1531 2722 1591 2749 dico
1613 2722 1810 2757 respiciendum
1827 2730 1878 2750 esu

1087 2754 1127 2793 ad_
1133 2760 1245 2793 mentem
1256 2764 1347 2784 eorum
1366 2758 1411 2792 qui
1424 2757 1552 2793 vocabula
1565 2757 1628 2793 fidei
1639 2754 1817 2792 proferunt,“
1831 2765 1878 2784 non

1086 2790 1152 2828 solis
1167 2791 1274 2828 vocibus
1284 2790 1410 2828 inesca‘ri.
1428 2791 1459 2820 Si
1470 2793 1553 2828 igitur
1565 2790 1611 2828 qui
1631 2790 1732 2821 Filium
1748 2794 1877 2824 nominat,

1086 2824 1134 2851 hac
1147 2826 1324 2864 vocabulo_ad
1339 2824 1491 2857 creaturam
1504 2836 1555 2857 non
1571 2824 1688 2864 respicit,
1700 2833 1791 2857 noster
1806 2833 1844 2857 est
1854 2832 1877 2856 τι

1087 2868 1138 2889 non
1150 2862 1375 2890 adt'ct'sariorum.
