1959 3075
78 127 132 155 669

645 128 783 157 CONTRA
806 127 998 161 EUNOMIUM,
1021 127 1085 155 LIB.
1105 128 1151 156 IV.

1660 129 1711 157 670

79 185 134 213 τῶν
156 186 395 222 παρηλλαγμένων
416 185 505 213 ἐστίν’
524 186 562 217 ὼς
587 186 676 221 ὑγίεια
700 187 767 222 πρὸς
785 188 870 219 νόσον,

923 186 982 221 ejus
998 186 1039 213 vis
1057 189 1083 213 et
1101 189 1201 224 natura
1230 185 1400 220 dignoscitur
1415 185 1486 212 inter
1500 184 1636 221 nomnen
1645 186 1711 221 μένα

80 232 128 258 καὶ
139 232 209 266 πρὸς
228 231 342 258 θάνατον
354 232 370 266 ή
380 230 446 266 ζωὴ,
462 231 508 258 καὶ
519 231 587 267 πρὸς
596 232 706 268 εἰρήνην
721 233 734 259 ὁ
747 233 873 268 πόλεμος,

82 277 127 306 καὶ
142 278 231 314 ἀρετὴ
251 277 320 314 πρὸς
337 279 446 312 κακίαν,
465 279 511 305 καὶ
523 279 572 307 ὅσα
582 279 683 310 τούτοις
698 279 770 306 ἐστὶν
785 279 875 314 ὁμοιό-

82 333 180 360 τροπα.

115 369 228 396 Τούτων
246 369 275 396 δὲ
296 370 362 404 ἡμῖν
378 370 449 397 οὕτω
466 369 718 406 διευκρινηθέντων,
741 370 874 405 κατανοή-

82 424 172 450 σωμεν
190 416 240 442 καὶ
252 416 298 442 ἐπὶ
317 416 499 451 λογογράφου,
514 416 573 447 πῶς
589 416 777 451 παρηλλάχθαι
799 415 873 449 λέγει

83 461 128 493 τὰς
142 462 241 493 οὐσίας
257 462 377 497 ἀλλήλων
391 463 436 489 ἐπὶ
457 462 504 489 τοῦ
518 462 625 498 Πατρός
638 471 667 489 τε
682 463 728 489 καὶ
742 461 816 488 Υίοῦ.
839 461 873 488 Τί

82 507 159 535 τοῦτο
173 507 280 542 λέγων;
303 507 365 543 ⁷Δρ”
380 508 417 540 ὡς
440 509 487 535 τοῦ
504 509 610 544 Πατρὺς
630 509 679 544 μὲν
702 509 777 540 ὄντος
801 508 873 535 κατὰ

83 553 171 588 φύσιν,
185 553 235 580 τοῦ
250 554 280 580 δὲ
299 554 365 581 Υἱοῦ
382 554 608 590 παρηλλαγμένον
626 555 676 589 τῆς
690 554 818 589 φύσεως
836 555 871 581 Ἦ

83 600 130 635 τὴν
143 600 193 634 τῆς
205 600 308 636 ἀρετῆς
318 601 496 636 παρατροπὴν
506 600 544 635 τῷ
555 601 656 636 ῥήματι
668 599 754 635 τούτῳ
763 600 872 635 διερμη-

82 646 162 678 νεύει,
176 646 305 681 χωρίζων
318 646 357 682 τῷ
370 646 420 681 τῆς
435 645 611 681 παραλλαγῆς
626 646 735 681 ὀνόματι
744 646 774 672 τὸ
787 645 871 673 κακὸν

84 691 135 718 ἀπὸ
149 690 196 717 τοῦ
213 691 380 726 κρείττονος,
396 691 434 722 ὡς
446 691 546 726 ταύτην
564 691 614 727 μὲν
629 692 659 718 ὲν
677 691 715 727 τῷ
733 691 807 726 καλῷ
822 691 871 726 τὴν

83 737 172 764 οὐσίαν
189 736 313 771 βλέπειν,
329 737 357 763 ὲν
365 737 399 764 δὲ
419 737 457 773 τῷ
473 737 585 773 ὲναντίῳ
598 737 647 772 τὴν
661 737 755 773 ἇλλην;
768 737 784 772 ἢ
801 737 871 764 κατὰ

84 782 127 809 τὸν
143 782 221 816 λόγον
242 782 293 817 τῆς
309 782 363 809 τῶν
385 783 524 818 στοιχείων
539 781 732 815 ἐναντιώσεως,
755 783 802 809 καὶ
821 783 870 818 τὴν

85 828 156 854 θείαν
171 827 269 854 οὐσίαν
286 828 473 863 παρηλλάχθαι
488 828 538 864 τὴν
556 829 651 864 ἑτέραν
666 830 699 856 ὲκ
712 830 760 864 τῆς
774 829 869 864 ἐτέρας

86 873 279 908 διισχυρίζεται
288 873 320 908 ;ἢ
335 874 374 905 ὡς
388 874 443 909 ἔχει
455 874 524 910 πρὸς
539 875 649 910 εἰρήνην
660 875 679 901 ὁ.
687 875 813 910 πόλεμος,
825 875 871 901 καὶ

87 918 150 954 πρὸς
164 917 282 945 θάνατον
296 919 312 954 ἡ
329 919 396 955 ζωὴ,
412 919 459 946 καὶ
470 919 518 956 τὴν
529 920 597 955 πρὸς
611 920 645 947 τὰ
657 921 767 948 τοιαῦτα
782 920 872 948 πάντα

88 965 123 1000 τῷ
141 964 254 999 τοιούτῳ
265 965 359 1000 τρόπῳ
371 965 460 1001 μάχην
473 967 553 1002 ἐνορᾷ
569 968 628 998 ταῖς
640 967 761 1001 οὐσίαις;
777 967 820 999 Ὠς
833 967 871 1004 μὴ

87 1009 117 1036 ἂν
133 1010 217 1041 αὑτὰς
234 1011 296 1045 μετ’
311 1010 432 1047 ἀλλήλων
445 1011 595 1047 συμϐῆναι·
613 1011 651 1047 τῷ
665 1012 714 1048 τὴν
731 1012 803 1048 μίξιν
817 1013 871 1040 τῶν

89 1055 210 1082 ἐναντίων
235 1056 423 1093 δαπανητικὴν
444 1057 515 1084 κατὰ
533 1058 587 1084 τῶν
605 1059 777 1093 μιγνυμένων
800 1059 872 1094 ἔχειν

88 1100 132 1135 τὴν
145 1100 269 1135 δύναμιν.
290 1101 388 1133 Καοώς
403 1110 469 1136 φησι
489 1102 552 1137 περὶ
566 1102 613 1128 τοῦ
634 1102 752 1129 τοιούτου
769 1103 871 1138 δόγμα-

90 1145 158 1180 τοςή
178 1146 367 1182 παροιμιώδης
383 1147 477 1180 Σοφία,
492 1148 532 1174 ὅτι
555 1147 627 1182 ὕδωρ
646 1149 693 1175 καὶ
709 1148 763 1184 πῦρ
781 1150 811 1176 οὐ
833 1150 871 1185 μὴ

90 1190 206 1224 εἴπωσιν,
218 1191 321 1225 Ἀρκεῖ·
341 1191 388 1227 τὴν
406 1193 519 1228 ίσοπαλῆ
535 1201 563 1219 τε
578 1194 624 1220 καὶ
650 1194 799 1221 ἰσοστάσιον
818 1195 872 1222 τῶν

91 1235 212 1262 ἐναντίων
224 1236 317 1270 φύσιν,
329 1237 377 1264 καὶ
391 1237 439 1273 τὴν
449 1240 507 1265 κατ’
521 1238 643 1275 ἀλλήλων
654 1239 756 1275 φθορὰν
769 1241 812 1268 διὰ
823 1242 871 1268 τοῦ

92 1280 243 1316 αἰνίγματος
256 1282 523 1317 ἐρμηνεύουσα·κατ’
536 1284 612 1310 οὐδὲν
624 1285 726 1311 τούτων
745 1283 814 1312 εἶναι
827 1286 871 1312 λέ-

90 1335 130 1360 γει
144 1326 191 1361 τὴν
212 1328 242 1354 ὲν
262 1329 324 1358 ταῖς
342 1327 446 1360 οὐσίαις
465 1329 584 1361 ὲκείναις
609 1329 787 1365 παραλλαγὴν
807 1331 872 1358 καθ-

92 1371 166 1406 opim;
181 1371 288 1397 Ούκοῦν
300 1372 404 1399 εἰπάτω
417 1373 446 1399 τὺ
457 1373 531 1409 παρὰ
539 1374 624 1401 ταῦτα
631 1375 784 1411 νοούμενον.
803 1377 871 1403 Ἀλλ’

92 1415 135 1441 οὐκ
152 1415 183 1441 ἂν
197 1417 287 1443 εἰπεῖν
301 1417 357 1452 ἔχοι
371 1425 377 1431 ·
392 1417 443 1444 κᾶν
459 1417 493 1444 τὰ
507 1418 609 1455 συνήθη
623 1419 695 1454 λέγει
705 1428 712 1434 ·
727 1421 768 1447 ὅτι
779 1422 793 1447 ὁ
808 1421 872 1454 Υἱὸς

94 1461 154 1496 πρὸς
165 1460 209 1488 τὸν
219 1463 406 1497 γεγεννηκότα
420 1463 620 1499 παρήλλακται.
632 1465 724 1501 Τούτῳ
738 1466 791 1502 γὰρ
809 1467 874 1501 μᾶλ-

927 232 964 268 (id
978 235 1029 264 est.
1039 231 1186 267 disjuncta)
1197 232 1316 266 ponitur,
1329 235 1358 259 ut
1371 232 1476 260 sanitas
1486 239 1500 259 a
1512 232 1646 263 morbo.et
1657 233 1712 260 vita

925 286 940 305 a
956 282 1052 310 morte,
1066 281 1092 305 et
1114 285 1129 304 a
1147 285 1214 311 pace
1237 277 1348 309 bellum,
1364 283 1390 305 et
1404 279 1490 306 virtus
1501 286 1516 305 a
1527 278 1636 312 vitio,et
1651 287 1713 314 qua:

925 327 989 351 sunt
1000 321 1121 357 ejusdem
1131 322 1214 353 modi,
1226 322 1316 349 omnia
1327 330 1341 349 a
1353 330 1384 350 se
1400 322 1516 350 invicem
1527 323 1673 351 dissident.

961 368 1009 397 His
1025 373 1113 396 antetn
1130 368 1169 395 sic
1186 367 1324 396 distinctis
1338 368 1365 394 in
1392 368 1445 395 hoe
1462 369 1596 403 scriptore
1607 369 1711 403 cogite-

925 423 996 447 mus,
1005 414 1141 449 quomodo
1150 414 1216 440 dicit
1226 414 1358 440 essentias
1366 413 1392 439 in
1403 412 1481 440 Patre
1491 421 1522 440 ac
1530 413 1597 440 Filio
1607 413 1713 448 παρηλ-

923 458 1277 495 1&10at(disjunctas)esse
1286 466 1300 484 a
1312 466 1341 485 se
1352 458 1477 485 invicem.
1495 458 1550 484 Cur
1563 458 1613 485 hoc
1626 458 1712 485 dicit?

923 513 957 532 an
966 505 1028 540 quia
1038 504 1116 532 Pater
1124 510 1166 532 est
1175 503 1323 531 secundum
1332 507 1469 535 naturam,
1481 507 1505 530 et
1520 503 1603 533 Filius
1610 505 1712 539 παρηλ-

922 551 1055 586 λαγμένος
1081 549 1259 586 (discrepans)
1275 557 1289 575 a
1305 551 1418 576 natura?
1439 549 1481 575 vel
1499 549 1607 576 virtutis
1621 558 1712 584 παρα-

921 598 1026 633 τροπήν
1041 595 1266 631 (perversionem)
1282 596 1334 622 hoc
1348 596 1429 622 verbo
1444 595 1650 630 interpretatur,
1666 603 1710 623 se-

922 649 1022 677 parans
1030 641 1207 677 παραλλαγῆς
1217 639 1396 675 (diﬂcrentize)
1404 640 1524 672 nomine,
1531 640 1603 674 quod
1612 641 1711 668 malum

921 691 963 715 est
979 695 994 714 a
1011 687 1133 718 meliore,
1155 690 1183 713 ut
1197 686 1265 713 hanc
1280 685 1306 712 in
1319 685 1434 720 pulchro
1448 689 1474 713 et
1487 686 1601 713 honesto
1619 694 1713 714 essen-

921 734 985 761 tiam
1004 733 1148 767 inspiciat,
1161 732 1188 759 in
1199 732 1338 759 contrario
1349 739 1414 759 vero
1426 732 1554 759 alteram?
1562 732 1601 759 vel
1614 739 1713 760 secun-

921 780 985 806 dum
1014 779 1147 806 rationem
1175 778 1379 806 contrarietatis
1407 778 1604 805 elementorum
1629 778 1712 805 etiam

921 824 1041 852 divinant
1062 825 1210 852 essentiam
1230 824 1342 851 alteram
1360 823 1394 850 ab
1416 823 1500 850 altera
1523 822 1712 858 παρηλλάχθαι

887 861 908 888 Β
924 870 1102 907 (discrepare)
1125 869 1286 897 conﬁrmat?
1297 877 1331 895 an
1345 873 1373 895 ut
1389 876 1419 896 se
1441 869 1522 896 habet
1537 869 1636 896 bellum
1651 876 1712 896 cum

921 925 998 952 pace,
1010 921 1038 944 et
1054 916 1109 944 vita
1134 924 1194 944 cum
1209 919 1306 948 morte,
1332 920 1359 943 et
1375 923 1493 951 pugnam
1519 923 1582 943 cum
1612 916 1712 944 talibus

921 967 948 991 et
961 963 1090 991 omnibus
1115 963 1167 990 hoc
1183 962 1264 989 modo
1281 962 1308 988 in
1322 962 1451 990 essentiis
1478 962 1614 990 intuetur?
1627 962 1665 989 lta
1683 966 1713 990 ut

922 1009 988 1044 ipsa:
1002 1017 1058 1037 non
1087 1009 1157 1036 inter
1172 1017 1202 1036 se
1220 1012 1329 1040 coeant,
1350 1008 1414 1043 quia
1431 1008 1632 1036 contrariorum
1645 1009 1713 1036 mis-

921 1056 1024 1083 tionem
1055 1055 1285 1089 consumptricem
1319 1054 1436 1082 habeant
1469 1055 1619 1082 secundum
1658 1055 1712 1082 vim

922 1109 1015 1128 eorum
1028 1108 1088 1136 quae
1107 1100 1268 1128 miscentur.
1288 1100 1366 1128 Sicut
1391 1101 1425 1128 de
1439 1101 1487 1128 tali
1503 1101 1627 1136 dogmate
1648 1109 1714 1136 pro-

922 1147 1050 1174 verbialis
1062 1148 1100 1173 ait
1114 1145 1264 1182 Sapientia,
1278 1147 1350 1182 quod
1366 1154 1436 1182 aqua
1450 1151 1477 1174 et
1493 1147 1562 1182 ignis
1573 1155 1713 1182 nunquam

922 1192 1055 1219 dixerint:
1066 1191 1215 1227 Sufﬁcit";
1230 1192 1361 1228 aequalem
1370 1192 1396 1219 in
1409 1199 1498 1227 pugna
1510 1196 1537 1219 et
1545 1193 1713 1227 aquilibrem

922 1238 1123 1266 contrariorum
1139 1242 1263 1265 naturam
1290 1242 1317 1265 et
1333 1242 1455 1265 mutuam
1474 1238 1545 1265 inter
1574 1246 1604 1266 sc
1620 1238 1713 1272 perni-

922 1284 991 1311 ciem
1020 1283 1072 1311 hoc
1086 1284 1228 1318 aenigmate
1241 1283 1409 1318 signiﬁcans.
1426 1284 1466 1310 An
1482 1283 1557 1310 nullo
1575 1283 1671 1311 horum
1684 1283 1713 1310 in

923 1331 978 1358 illis
1004 1330 1132 1358 essentiis
1163 1329 1341 1365 παραλλαγήν
1370 1329 1572 1364 (differentiam)
1598 1329 1664 1356 dicit
1683 1337 1714 1357 se

922 1375 1101 1411 conspicere?
1117 1376 1190 1403 dicat
1204 1375 1286 1411 igitur
1306 1375 1379 1410 quod
1395 1379 1493 1410 praeter
1507 1375 1565 1403 haec
1586 1375 1714 1410 intelligi—

924 1423 1044 1456 tur-,sed
1059 1430 1113 1449 non
1132 1421 1223 1449 dicere
1250 1421 1349 1457 possit.
1361 1420 1440 1454 Quod
1460 1421 1483 1448 si
1503 1421 1631 1448 inusitata
1646 1429 1713 1456 pro-
1768 1454 1775 1457 _

924 1467 1003 1500 ferat,
1020 1468 1093 1503 quod
1111 1467 1196 1495 Filius
1216 1468 1248 1495 ad
1278 1475 1340 1495 eum
1359 1468 1406 1502 qui
1434 1467 1527 1503 genuit
1555 1467 1714 1502 παρήλλακ-

93 1507 133 1534 λον
147 1509 162 1543 ἡ
176 1508 277 1535 ἀτοπία
290 1509 343 1535 τῶν
359 1509 423 1544 παρ’
439 1509 520 1536 αὐτοῦ
544 1509 697 1545 λεγομένων
712 1511 851 1547 ἐλέγχεται
863 1520 870 1528 ο

923 1524 968 1542 ται
982 1514 1107 1550 (differt):
1121 1514 1172 1542 hoc
1195 1514 1267 1541 enirn
1285 1514 1366 1541 etiam
1382 1515 1468 1549 magis
1482 1521 1577 1541 eorum
1600 1522 1661 1549 qua:
1679 1514 1714 1542 ab

93 1554 116 1580 τί
128 1554 178 1590 γὰρ
193 1554 264 1581 οὕτω
285 1555 431 1590 προσφυῶς
445 1563 475 1581 τε
495 1555 542 1582 καὶ
562 1556 699 1591 ἁρμοδίως
718 1556 788 1592 ἄλλῳ
809 1557 873 1584 ἄλλο

94 1599 217 1634 ὲμφύεταί
240 1609 273 1626 τε
288 1600 335 1626 καὶ
358 1600 548 1636 ἐναρμόζεται,
567 1601 604 1633 ὡς
627 1603 644 1638 ἡ
672 1603 782 1639 σχετικῆ
805 1604 873 1639 πρὸς

95 1644 134 1670 τὸν
146 1645 251 1680 Πατέρα
268 1645 314 1671 τοῦ
326 1645 390 1672 Υἱοῦ
406 1646 545 1681 σημασία;
563 1647 709 1680 Ἀπόδειξις
723 1649 751 1675 δὲ
766 1649 872 1683 τούτου,

96 1690 131 1716 ﬁt
148 1691 197 1718 κᾶν
215 1692 251 1727 μὴ
272 1692 307 1719 τὰ
318 1691 364 1718 δύο
379 1692 448 1728 ῥηθῇ
464 1692 550 1720 ταῦτα
573 1693 702 1728 ὀνόματα,
721 1694 760 1730 τῷ
771 1695 811 1721 ἐνὶ
826 1695 874 1721 καὶ⁹

98 1737 124 1763 τδ
147 1730 303 1773 παρατεθὲν
324 1738 556 1773 συσσημαίνεται·
575 1739 661 1772 οὕτως
684 1739 805 1774 ἔγκειται
827 1741 873 1767 καὶ

96 1782 251 1817 ἐνήρμοσται
263 1782 304 1818 τῷ
315 1783 401 1819 ἑτέρῳ
414 1783 445 1809 τὸ
457 1783 561 1819 ἕτερον,
579 1784 625 1811 καὶ
645 1785 673 1811 ὲν
691 1784 730 1820 τῷ
752 1785 792 1812 ἑνὶ
806 1785 874 1811 καθ-

97 1829 184 1863 ορᾶται
199 1829 352 1864 ἀμφότερα,
363 1829 401 1860 ὡς
415 1829 451 1865 μὴ
462 1829 494 1856 ἂν
508 1829 550 1863 ἐφ’
564 1829 660 1856 ἑαυτοῦ
672 1830 800 1865 νοηθῆναι
812 1830 875 1856 τού-

97 1882 144 1899 των
162 1881 188 1899 τι
206 1875 290 1909 χωρὶς
306 1874 352 1900 τοῦ
371 1874 461 1901 ἄλλου.
482 1874 519 1901 Τὸ
539 1875 567 1901 δὲ
583 1875 819 1910 παρηλλαγμένον,
835 1875 874 1911 τῷ

98 1919 232 1954 ἀρμόζοντι
245 1920 353 1951 πάντως
370 1919 399 1952 ἐξ
417 1919 540 1956 ἐναντίου
557 1920 605 1947 καὶ
620 1922 718 1947 νοεῖται
731 1921 777 1948 καὶ
797 1921 874 1956 λέγε-

98 1973 145 1992 ται.
171 1963 230 1992 Οἴον
252 1966 270 2001 ὴ
297 1965 417 2001 σπάρτος
442 1966 510 2001 πρὸς
535 1966 584 2001 τὴν
610 1966 715 1993 εὐθεῖαν
738 1967 874 2003 ἁρμοδίως

99 2010 163 2045 ἔχει·
182 2011 211 2037 τὸ
230 2011 258 2038 δὲ
287 2011 392 2038 σκολιὸν
414 2011 452 2046 τῷ
474 2011 548 2038 εὐθεῖ
572 2012 798 2048 παρατιθέμενον,
825 2015 874 2049 οὐχ

99 2057 250 2092 ἁρμόζεταιε
271 2059 387 2090 καὶτοῖς
403 2059 543 2094 μουσικοῖς
563 2058 679 2094 σύνηθες
692 2059 741 2094 τὴν
762 2068 874 2096 συμφω-

99 2101 151 2129 νίαν
163 2103 213 2129 τῶν
223 2104 307 2131 τόνων
321 2104 453 2139 ἁρμονίαν
468 2104 692 2140 προσαγορεύειν,
704 2105 873 2141 ἀνάρμοστον

99 2146 124 2173 δὲ
137 2147 164 2174 zz:
177 2148 306 2184 ἔκτροπόν
321 2158 350 2176 τε
372 2150 418 2176 καὶ
439 2147 633 2184 ἀπρόσχορδον.
653 2149 757 2177 Οὐκοῦν
777 2151 873 2178 ταύτόν

925 1561 984 1595 ipso
1002 1560 1131 1587 dicuntur
1158 1559 1314 1587 absurditas
1345 1560 1529 1595 redarguitur.
1545 1560 1616 1593 Quid
1640 1561 1713 1588 enim

923 1607 960 1634 ita
976 1609 1084 1641 agnate,
1099 1609 1162 1640 apte
1176 1609 1203 1632 et
1215 1609 1400 1640 congruenter
1411 1605 1484 1632 aliud
1501 1605 1546 1632 alii
1560 1605 1714 1635 innascitur

923 1656 951 1680 et
964 1651 1102 1683 convenit,
1127 1659 1209 1686 quam
1225 1651 1338 1678 rclativa
1356 1658 1418 1677 cum
1435 1649 1516 1678 Patre
1531 1650 1591 1679 Filii
1611 1651 1716 1687 signiﬁ-

924 1698 1037 1726 cantia?
1063 1697 1140 1730 Quod
1159 1696 1198 1724 sic
1218 1696 1401 1724 demonstrari
1431 1700 1536 1731 potest:
1570 1705 1633 1724 nam
1661 1697 1714 1726 etsi

924 1744 981 1771 haec
995 1743 1049 1771 duo
1061 1743 1171 1770 nomina
1187 1742 1260 1769 dicta
1288 1750 1342 1769 non
1358 1742 1469 1774 fuerlnt,
1488 1750 1536 1775 per
1549 1750 1633 1770 unum
1650 1743 1716 1771 alte-

923 1797 985 1817 rum
1007 1788 1079 1823 quod
1102 1788 1127 1815 ei
1150 1787 1310 1822 adiunctum
1339 1793 1382 1815 est
1408 1788 1641 1823 consigniﬁcatur.
1669 1788 1716 1817 Sic

923 1834 1057 1862 incumbit
1083 1837 1110 1861 et
1141 1833 1269 1868 congruit
1293 1833 1369 1860 alteri
1399 1834 1527 1866 alterum,
1556 1838 1583 1861 et
1609 1835 1636 1862 in
1659 1842 1716 1862 uno

924 1885 1040 1915 utraque
1054 1879 1276 1914 conspiciuntur,
1290 1884 1320 1906 ut
1332 1879 1400 1905 nihil
1413 1879 1508 1906 horum
1522 1880 1548 1906 in
1558 1880 1617 1914 ipso
1637 1880 1717 1908 intel-

923 1926 969 1962 ligi
992 1926 1080 1961 possit
1111 1925 1172 1952 sine
1197 1925 1293 1952 altero.
1313 1924 1391 1957 Quod
1406 1928 1495 1951 autem
1517 1925 1716 1961 παρηλλαγμέ-

923 1979 968 1998 νον
983 1971 1154 2006 (discrepans
1167 1970 1209 1997 vel
1223 1969 1415 2004 disjunctum),
1427 1970 1587 2004 congruenti
1600 1978 1721 2005 prorsus;

923 2024 955 2044 ex
973 2015 1113 2043 contrario
1130 2019 1157 2042 et
1174 2014 1334 2049 intelligitur
1351 2017 1377 2040 et
1394 2013 1513 2048 dicitur;
1531 2019 1561 2042 ut
1576 2015 1721 2044 funiculus

923 2061 957 2089 ad
975 2065 1077 2089 rectam
1095 2061 1193 2088 lineam
1210 2063 1393 2095 congruenter
1408 2068 1437 2088 se
1448 2060 1531 2089 habet
1548 2070 1555 2095 ;
1572 2061 1714 2096 obliquum

922 2114 989 2134 vero
1005 2110 1080 2133 recto
1091 2113 1153 2132 cum
1172 2104 1302 2139 adjicitur
1316 2111 1370 2131 non
1390 2105 1527 2139 congruit.
1546 2106 1616 2138 Quin
1631 2107 1715 2134 etiam

924 2152 1036 2180 musicis
1060 2150 1196 2178 familiare
1213 2154 1256 2177 est
1282 2150 1490 2177 consonantiam
1522 2151 1658 2185 appellare
1673 2155 1716 2180 to-

100 2193 150 2219 ἐστι
172 2195 396 2230 παρηλλαγμένον
418 2204 449 2222 τε
475 2195 561 2222 εἰπεῖν
577 2195 624 2222 καὶ
645 2195 824 2232 ἀνάρμοστον.
840 2197 872 2224 Et

924 2204 1023 2224 norum
1043 2195 1225 2226 harmoniam.
1242 2193 1270 2221 id
1301 2197 1344 2221 est
1370 2198 1535 2222 concentum
1563 2195 1620 2223 sive
1644 2204 1714 2224 con-

99 2236 139 2265 οὖν
152 2240 334 2276 παρήλλακται
350 2241 421 2267 κατὰ
435 2240 480 2267 τὸν
498 2240 548 2276 τῆς
566 2241 696 2277 αἱρέσεως
711 2241 789 2276 λόγον
805 2243 872 2278 πρὸς

99 2285 141 2320 τὴν
150 2287 192 2313 τοῦ
208 2288 313 2323 Πατρὸς
328 2287 433 2319 οὐσίαν,
449 2287 465 2322 ἡ
480 2286 526 2313 τοῦ
546 2288 705 2322 μονογενοῦς
729 2288 795 2315 Θεοῦ
822 2289 874 2324 φύ-

101 2339 145 2363 σις,
161 2331 216 2357 οὐδὲ
230 2332 378 2367 ἁρμόζεται
399 2332 507 2363 πάντως
517 2339 523 2345 ·
544 2331 575 2358 τὸ
590 2331 618 2358 δὲ
641 2332 807 2368 ἑνάρμοστον
823 2334 874 2360 οὐκ

100 2377 127 2402 ἂν
147 2378 250 2413 γένηται
266 2379 295 2406 ὲν
314 2378 411 2413 ἐκείνῳ
433 2374 455 2412 ᾧ
479 2377 679 2414 ὲναρμοσθῆναι
703 2378 733 2405 ού
752 2378 872 2406 δύναται.

102 2422 194 2459 Ὥσπερ
208 2424 260 2459 γὰρ
284 2424 349 2459 μιᾶς
373 2422 456 2458 οῠσης
476 2423 593 2458 μορφῆς,
609 2423 655 2449 ὲπί
671 2431 701 2449 τε
721 2423 767 2450 τοῦ
787 2425 872 2459 κηροῦ

102 2468 143 2494 καὶ
155 2468 200 2503 τῆς
214 2471 242 2496 ὲν
254 2471 287 2505 τῇ
302 2468 432 2505 σφενδόνῃ
450 2469 589 2502 γλυφίδος,
605 2468 669 2495 ὅταν
681 2468 777 2504 ὲντεθῇ
793 2469 873 2496 πάλιν

103 2514 130 2548 τῇ
141 2515 270 2552 σφενδόνῃ,
283 2515 298 2541 ὁ
311 2514 479 2546 ὲκτυπωθεὶς
493 2513 569 2549 παρὰ
577 2513 680 2548 ταύτης
697 2522 731 2549 κη
736 2513 780 2549 pb;
792 2514 873 2549 ἐναρ-

105 2558 171 2592 μόζει
182 2561 224 2589 τὸν
235 2561 298 2596 περὶ
307 2561 401 2588 ἑαυτὸν
419 2559 579 2596 χαρακτῆρα
595 2559 634 2595 τῷ
644 2559 796 2596 περιέχοντι
811 2561 873 2592 τοὺς

106 2605 175 2638 ἰδίους
190 2607 402 2643 καταλαμϐάνων
415 2607 517 2638 τύπους
528 2607 557 2634 ὲν
572 2606 610 2642 τῷ
621 2606 789 2642 χαράγματι,
805 2606 873 2642 πρός

103 2657 128 2675 τε
144 2651 173 2677 τὰ
185 2653 257 2680 κοῖλα
272 2653 455 2688 διαδυόμενος,
473 2652 521 2680 καὶ
533 2651 582 2683 τὰς
599 2651 693 2687 ἐξοχὰς
705 2652 753 2687 τῆς
767 2651 872 2686 γλυφῆς

107 2694 169 2727 ἰδίοις
187 2697 375 2733 ἀναδεχόμενος
396 2698 501 2729 τύποις.
520 2698 552 2724 Et
569 2697 596 2724 δὲ
614 2697 689 2730 ξένος
701 2706 743 2728 τις
763 2697 811 2724 καὶ
827 2697 873 2724 ἁλ-

106 2738 196 2775 λάτριος
205 2743 286 2775 τύπος
298 2743 418 2777 ὲντεθείη
429 2744 463 2778 τῇ
476 2743 565 2778 γλυφῇ
581 2743 630 2778 τῆς
641 2743 795 2778 σφενδόνης,
807 2751 874 2778 τρασ

106 2785 226 2820 χύνεικαὶ
251 2790 343 2824 συγχεῖ
358 2788 407 2825 τὴν
431 2789 498 2817 ἰδίαν
523 2788 629 2826 μορφὴν
653 2789 708 2822 τοῖς
731 2789 872 2824 ἀνοικείοις

140 2841 158 2858 ⁸⁷
170 2843 243 2874 Prov.
258 2855 322 2880 xxx,
342 2846 385 2874 15.

924 2240 1056 2272 cordiam,
1069 2240 1176 2267 discors
1193 2243 1283 2266 autem
1295 2238 1322 2265 id
1335 2238 1407 2273 quod
1421 2239 1615 2267 inconcinnum
1633 2245 1675 2269 est
1687 2245 1716 2269 et

923 2287 1064 2315 dissonum
1081 2292 1132 2312 nec
1155 2284 1252 2312 ﬁdibus
1284 2292 1446 2320 congruum.
1475 2284 1546 2320 Ergo
1579 2285 1650 2313 idem
1673 2290 1716 2315 est

923 2333 1013 2360 dicere
1043 2330 1270 2366 παρηλλαγμένον
1297 2330 1335 2365 (id
1349 2335 1402 2363 est,
1428 2330 1546 2358 alienum
1559 2335 1586 2358 et
1600 2332 1715 2361 inusita-

924 2379 1003 2414 tum).
1018 2381 1044 2405 et
1061 2377 1222 2411 discrepans
1239 2380 1266 2404 et
1280 2376 1398 2404 discors.
1420 2376 1449 2404 Si
1463 2377 1547 2412 igitur
1563 2378 1717 2406 secundum

923 2425 1059 2453 haereseos
1073 2430 1228 2451 sermonem
1250 2430 1311 2450 cum
1327 2422 1417 2451 Patris
1440 2425 1560 2451 essentia
1581 2425 1718 2458 unigeniti
1771 2454 1775 2459 ,

923 2470 970 2497 Dei
1000 2474 1098 2496 natura
1138 2468 1327 2504 παρήλλακται
1358 2469 1506 2504 (disiuncta
1541 2471 1594 2504 est)
1626 2478 1719 2506 neque

923 2522 1036 2551 prorsus
1051 2515 1179 2549 congruit
1196 2523 1202 2541 :
1222 2522 1374 2550 congruum
1392 2520 1482 2544 autem
1502 2516 1568 2551 quid
1585 2524 1647 2544 esse
1659 2525 1715 2545 non

923 2564 1012 2596 potest
1026 2568 1087 2588 cum
1117 2560 1164 2587 illo
1192 2560 1237 2588 cui
1253 2568 1309 2589 non
1333 2565 1422 2596 potest
1451 2570 1602 2598 congruere
1625 2571 1716 2598 nequo

922 2605 1057 2642 adaptari.
1087 2605 1321 2638 Quemadmodum
1346 2607 1418 2634 enim
1434 2608 1458 2634 si
1484 2615 1539 2635 una
1563 2608 1716 2644 eademque

923 2650 1010 2679 forma
1029 2649 1113 2677 fuerit
1126 2653 1153 2677 et
1166 2650 1194 2677 in
1219 2657 1281 2678 cera
1297 2655 1325 2678 et
1351 2651 1470 2679 incisura
1495 2652 1554 2680 sive
1572 2653 1715 2688 sculptura

922 2704 983 2732 quae
1011 2699 1053 2724 est
1068 2695 1096 2723 in
1122 2696 1216 2723 annuli
1237 2697 1309 2732 pala,
1327 2704 1389 2725 cum
1407 2705 1506 2726 rursus
1531 2698 1617 2725 indita
1634 2698 1716 2728 fuerit

923 2743 1001 2778 palm,
1016 2749 1147 2778 expressa
1163 2742 1198 2769 ab
1209 2750 1241 2770 ea
1252 2750 1314 2770 cera
1323 2744 1510 2772 characterem
1525 2745 1584 2772 sive
1601 2744 1716 2780 ﬁguram

922 2788 996 2817 circa
1012 2787 1132 2824 seipsam
1159 2787 1281 2825 adaptat,
1296 2789 1412 2818 circuitu
1433 2797 1485 2819 suo
1515 2790 1666 2828 impressas
1681 2791 1721 2823 ab
