1959 3075
224 135 272 162 671

857 130 886 159 S.
908 129 1072 159 GREGORII
1092 130 1236 158 NYSSENI

1803 131 1858 158 672

225 195 284 229 ipso
295 193 395 228 tiguras
410 198 547 226 occupans
563 195 589 218 el
602 191 788 226 complectens
804 190 832 218 in
846 191 986 226 sculptura
1003 212 1010 224 ,

1065 190 1223 226 χαράγμασι
1242 190 1415 226 περιγλὺφων
1431 189 1460 216 τὸ
1479 187 1558 222 εἶδος.
1582 188 1661 216 ’Δλλὰ
1675 173 1730 225 μὴν
1744 190 1760 216 ὸ
1777 191 1806 216 ἐν
1820 191 1856 225 τῇ

223 245 249 267 et
279 239 312 266 ad
329 245 394 265 cava
421 237 544 268 subiens,
562 240 588 263 et
603 236 751 271 sculptura;
776 236 939 264 eminentias
955 236 1013 264 suis

224 284 320 311 formis
343 283 495 318 excipiens.
513 281 592 314 Quod
618 281 641 309 si
655 281 798 317 peregrina
819 282 909 317 aliqua
925 282 1012 309 aliena

224 329 309 364 figura
328 328 410 355 fuerit
424 327 510 354 indita
526 327 675 362 sculptura:
690 327 759 362 palm
774 327 880 358 annuli,
896 333 1013 361 exaspe-

222 380 266 402 rat
298 378 325 401 et
357 373 500 401 confundit
528 373 667 408 propriam
694 372 810 399 formam
826 371 924 399 alienis
939 371 1013 399 notis

223 419 342 454 speciem
359 418 666 452 circumsculpenlibus.
688 417 893 445 Verumtamem
911 416 956 451 qui
972 419 1014 444 est

223 467 249 493 in
270 465 356 493 forma
372 463 420 491 Dei
438 472 493 491 non
525 463 580 491 aiio
606 463 724 498 quodam
741 463 900 490 charactere
915 466 1014 497 praeter

226 512 334 539 Patrem
353 510 487 537 formatus
504 510 630 544 est,quia
645 509 682 536 sit
696 509 838 536 character
853 507 1014 536 substantiae

221 557 364 590 Patris";
390 555 475 582 forma
492 559 581 582 autem
605 555 653 582 Dei
674 555 745 582 idem
761 554 871 589 penitus
890 557 932 582 est
951 561 1013 581 cum

223 604 386 633 substantia.
403 602 438 630 Ut
455 602 528 629 enim
546 601 574 628 in
588 601 676 628 forma
691 601 762 628 servi
773 600 862 628 iactus
875 600 902 627 in
918 607 1015 628 essen-

222 650 259 677 tia
275 648 347 676 servi
365 647 498 675 formatus
513 650 556 674 est
572 647 614 674 "z
630 653 685 674 non
700 646 801 673 nudam
820 650 847 673 et
862 645 1013 680 simplicem

223 697 250 722 in
273 695 364 729 seipso
397 694 512 721 formam
532 693 693 728 assumpsit,
724 697 750 719 et
768 691 802 718 ab
819 691 938 719 essentia
954 691 1013 719 dis-

220 742 356 776 junctam,
370 740 416 768 sed
430 740 548 767 essentia
557 739 639 767 simul
651 746 713 766 cum
725 738 813 765 forma
824 738 1011 773 signiﬁcatur:

223 787 264 814 sic
279 794 393 821 prorsus
410 785 456 820 qui
472 785 541 811 dixit
552 785 641 820 ipsum
663 783 690 810 in
713 783 799 810 forma
816 781 863 810 Dei
881 790 952 815 esse,
966 790 1014 817 per

224 833 349 865 formam,
375 831 522 860 essentiam
543 829 684 857 indicavit.
710 828 739 855 Si
770 827 855 863 igitur
870 828 896 854 ie
925 827 1012 854 forma

1066 238 1156 272 μορφῇ
1170 236 1217 263 τοῦ
1234 236 1301 263 Θεοῦ
1320 236 1459 272 ὑπάρχων,
1477 235 1528 262 οὐκ
1542 234 1613 271 ἄλλῳ
1627 236 1679 262 τινὶ
1696 236 1856 271 χαρακτῆρι

1064 281 1139 317 παρὰ
1151 282 1196 308 τὸν
1211 281 1320 318 Πατέρα
1332 281 1521 317 μεμόρφιιηαι,
1538 281 1681 316 χαρακτὴρ
1696 280 1735 307 ὢν
1747 281 1799 316 τῆς
1806 281 1855 307 τοῦ

1064 326 1171 362 Πατρὸς
1186 327 1375 358 ὑποστάσεως·
1390 327 1406 362 ἡ
1420 326 1449 353 δὲ
1466 326 1557 362 μορφὴ
1567 325 1615 352 τοῦ
1626 325 1693 352 Θεοῦ
1709 325 1808 352 ταύτὸν
1820 326 1854 360 τῇ

1063 370 1142 406 οὐσίᾳ
1161 371 1269 403 πάντως
1286 372 1370 399 ἐστίν.
1388 371 1432 403 Ὠς
1447 371 1502 407 γὰρ
1516 372 1545 398 έν
1565 373 1599 406 τῇ
1621 372 1712 407 μορφῇ
1728 371 1776 397 τοῦ
1791 371 1853 397 δού-

1063 416 1109 443 λου
1127 417 1280 452 γενόμενος,
1295 418 1328 453 τῇ
1343 417 1423 453 οὐσίᾳ
1440 416 1487 444 τοῦ
1509 415 1601 443 δούλου
1619 415 1810 451 ὲνεμορφώθη,
1822 416 1854 442 οὐ

1062 463 1144 499 ψιλὴν
1159 463 1302 491 ἀναλαϐὼν
1325 463 1367 498 ἐφ’
1383 463 1480 490 ἑαυτοῦ
1504 462 1554 498 τὴν
1582 462 1700 498 μορφὴν,
1715 462 1777 488 οὐδὲ
1803 463 1855 497 τῆς

1063 509 1157 540 οὐσίας
1176 508 1371 544 διεζευγμένην
1382 516 1389 523 ·
1404 509 1461 535 ἀλλ’
1478 510 1494 544 ἡ
1507 508 1585 535 οὐσία
1599 510 1632 544 τῇ
1647 509 1737 543 μορφῇ
1756 516 1855 542 συσση-

1065 555 1206 590 μαίνεται·
1228 554 1314 586 οὕτως
1327 554 1435 586 πάντως
1446 555 1493 582 καὶ
1505 554 1520 580 ὁ
1534 553 1618 581 εἰπὼν
1627 553 1708 580 αὑτὸν
1719 555 1748 580 ἐν
1762 555 1853 588 μορφῇ

1062 600 1130 628 Θεοῦ
1146 598 1225 632 εἶναι,
1249 601 1299 636 τὴν
1318 601 1412 628 οὐσίαν
1426 601 1470 627 διὰ
1489 601 1539 636 τῆς
1563 600 1670 636 μορφῆς
1691 600 1853 632 ἐνεδείξατο.

1063 645 1095 672 Et
1115 644 1162 674 οὖν
1184 647 1212 673 ὲν
1225 648 1259 682 τῇ
1278 648 1367 682 μορφῇ
1388 646 1434 673 τοῦ
1451 646 1518 673 Θεοῦ
1533 647 1590 672 ἐστι
1610 646 1657 672 καὶ
1669 647 1698 672 ὲν
1709 646 1748 681 τῷ
1767 646 1855 681 Πατρὶ

1063 691 1100 719 ὣν
1120 693 1301 728 ἑσφράγισται
1314 694 1347 728 τῇ
1363 693 1477 728 πατρῴᾳ
1491 692 1565 728 δόξῃ,
1576 691 1667 724 καθώς
1681 700 1764 726 φησιν
1777 693 1794 726 ὴ
1807 692 1854 718 τοῦ

1063 738 1229 772 Εὑαγγελίου
1241 739 1316 775 φωνὴ
1323 740 1340 774 ἡ
1349 738 1477 772 λέγουσα·
1487 738 1597 765 Τοῦτον
1607 739 1624 764 ὀ
1631 737 1732 772 Πατὴρ
1742 738 1856 771 ἐσφρά-

1063 791 1149 818 γισεν
1163 786 1179 811 ὁ
1198 785 1271 818 Θεός
1281 793 1289 801 ⁸
1310 785 1351 812 διὸ
1367 785 1414 811 καὶ
1426 785 1440 811 ὁ
1457 783 1587 819 ἑωρακὼς
1599 784 1644 810 τὸν
1661 784 1724 810 Υἱὸν
1740 785 1792 819 ὁρᾷ
1810 784 1855 810 τὸν

1064 830 1175 866 Πατέρα
1185 838 1191 844 ·
1209 831 1226 865 ἠ
1241 830 1290 865 τῆς
1312 830 1479 865 ἀγαθότητος
1492 829 1584 860 εἰκὼν,
1599 829 1687 856 καὶτὸ
1702 830 1753 863 τῆς
1776 829 1855 865 δόξης

223 880 270 907 Dei
284 883 337 912 cst,
352 883 378 906 et
390 879 418 905 in
432 878 513 904 Patre
529 878 644 908 cumsit,
657 879 769 910 paterna
784 875 870 910 gloria
887 874 1012 909 signatus

1065 874 1245 909 ἀπαύγασμα,
1261 875 1309 901 καὶ
1324 876 1412 901 πάντα
1433 875 1482 901 ὅσα
1499 873 1621 906 τοιαῦτα,
1634 874 1664 900 τὸ
1680 874 1718 909 μὴ
1730 875 1855 909 ἀναρμό-

222 930 275 957 est,
294 925 366 952 sicut
385 924 423 950 ait
434 930 487 950 vox
503 921 642 956 Evangelii
661 928 721 956 qua:
735 920 812 952 dicit,
832 920 910 947 Hunc
930 919 1012 948 Pater

207 968 334 1006 signavit
366 969 433 996 Deus
448 968 486 999 “,
518 966 647 1003 quocirca
672 966 718 1001 qui
739 966 808 993 vidit
822 965 921 993 Filium
937 965 1010 993 videt

1066 928 1136 952 στως
1155 920 1227 955 ἔχειν
1249 920 1296 947 τοῦ
1320 920 1385 947 Υἱοῦ
1407 920 1457 955 τὴν
1470 919 1564 946 οὐσίαν
1591 915 1658 955 πρὸς
1682 920 1729 946 τὸν
1743 919 1854 955 Πατέρα

1065 966 1243 1002 μαρτύρεται.

223 1016 357 1044 Patrem"
377 1025 384 1042 :
402 1014 534 1042 bonitatis
562 1013 662 1048 imago,
682 1015 709 1039 et
728 1011 822 1047 gloriae
853 1012 999 1046 splendor,
1016 1016 1044 1040 et
1070 1013 1161 1040 omnia
1193 1019 1364 1048 quaecunque
1388 1013 1523 1048 ejusmodi
1540 1014 1600 1043 Filii
1617 1015 1767 1043 essentiam
1792 1022 1854 1042 cum

223 1064 302 1091 Patre
319 1071 373 1090 non
388 1062 489 1089 habere
511 1059 724 1094 discrepantiam
736 1062 884 1086 testantur.

257 1110 329 1144 Ergo
345 1111 436 1143 aperte
451 1111 478 1135 ct
493 1106 637 1142 perspicue
652 1105 830 1140 blasphemiae
841 1105 1013 1133 adversario-

223 1161 284 1180 rum
318 1151 486 1179 instabilitas
513 1155 540 1178 et
566 1150 679 1177 [utilitas
709 1157 741 1177 ex
760 1150 842 1178 dictis
869 1150 1012 1178 refellitur.

224 1198 252 1224 Si
267 1196 339 1224 enim
360 1203 420 1230 quae
432 1195 527 1222 dissita
542 1199 607 1222 sunt
633 1201 689 1221 non
707 1199 861 1228 congruunt
875 1203 882 1227 ;
899 1195 945 1230 qui
963 1203 1013 1223 au-

222 1247 277 1270 tem
306 1250 321 1269 a
345 1241 424 1269 Patre
460 1241 583 1276 signatus
605 1245 649 1268 est
679 1244 707 1268 et
735 1241 762 1267 in
789 1241 880 1276 seipso
904 1240 1012 1269 Patrem

224 1288 355 1319 ostendit.
384 1291 411 1315 et
427 1287 454 1314 in
471 1287 551 1314 Patre
577 1291 631 1318 est,
657 1290 738 1321 atque
761 1286 788 1313 in
811 1287 901 1322 seipse
931 1287 1014 1314 habet

222 1333 310 1365 illum,
327 1340 376 1367 per
392 1332 483 1358 omnia
495 1331 616 1358 ostendit
629 1330 703 1365 quod
719 1333 818 1358 natura
834 1331 1011 1366 conjunctum

221 1382 274 1411 est,
287 1383 314 1405 et
328 1384 445 1404 concors
459 1380 485 1403 et
501 1383 664 1411 congruum.
681 1376 732 1404 Per
744 1376 802 1404 haec
817 1376 900 1411 igitur
916 1376 1012 1404 adver-

221 1423 358 1451 sariorum
398 1421 555 1450 absurditas
594 1421 771 1450 vehementer
802 1421 1009 1457 redarguitur:

222 1471 293 1497 sicut
308 1468 381 1497 enim
396 1468 616 1496 demonstratum
629 1472 672 1495 est
686 1468 717 1494 τὸ
729 1467 957 1503 παρηλλαγμένον
973 1467 1011 1502 (id

221 1521 273 1549 est,
296 1515 368 1550 quod
394 1515 522 1542 dissitum
546 1513 600 1548 est)
619 1513 802 1549 incongruum
819 1517 847 1540 et
869 1513 1011 1541 dissonum

221 1569 283 1589 esse
296 1570 303 1589 :
318 1562 358 1589 sic
371 1561 430 1588 vice
445 1558 759 1596 versa‘contradictorie
773 1559 845 1594 quod
860 1560 929 1587 bene
945 1567 1013 1587 con-

221 1606 295 1641 gruit
310 1610 337 1632 et
350 1610 440 1640 aptum
454 1609 504 1636 est,
518 1604 679 1631 conceditur
693 1605 805 1632 omnino
833 1605 1012 1640 ἀπαράλλακ-

221 1660 268 1678 ¹ιτον
294 1650 472 1681 (indivulsum
503 1650 561 1677 sive
588 1649 836 1685 incommutabile.)
878 1650 913 1677 Ut
939 1651 1010 1678 enim

222 1697 296 1732 quod
316 1695 454 1727 dissitum,
482 1702 537 1721 non
554 1695 690 1730 congruit,
707 1696 747 1723 sic
757 1695 831 1730 quod
845 1697 972 1732 congruit
986 1700 1013 1723 et

221 1744 342 1770 cohaeret
357 1749 412 1768 non
426 1741 596 1775 disjuuctum
617 1744 660 1769 cst
676 1750 682 1768 :
698 1741 744 1776 qui
762 1746 852 1769 autem
865 1742 931 1770 dicit
945 1742 1012 1770 Uni—

223 1788 307 1824 geniti
319 1790 444 1815 naturam
474 1786 672 1821 παραλλάττειν
703 1786 822 1821 (diﬂerre
837 1786 894 1814 sive
907 1787 1013 1814 discre-

224 1833 299 1869 pare)
315 1841 330 1860 a
343 1833 432 1860 Patris
452 1832 522 1860 bona
540 1831 670 1864 essentia,
691 1833 718 1858 in
732 1832 792 1866 ipso
811 1832 883 1859 bono
900 1839 1013 1866 prorsus

1103 1107 1174 1142 Ἀρα
1197 1107 1337 1144 προδήλως
1357 1108 1387 1136 τὸ
1399 1110 1450 1144 τῆς
1471 1109 1644 1145 βλασφημίας
1655 1110 1711 1136 τῶν
1733 1110 1854 1136 ἀντικει-

1067 1152 1155 1187 μένων
1187 1153 1339 1181 ἁσύστατον
1370 1154 1415 1182 διὰ
1442 1155 1498 1182 τῶν
1521 1155 1672 1191 εἰρημένων
1701 1155 1852 1190 ἐλέγχεται.

1064 1198 1097 1224 Et
1125 1199 1180 1234 γὰρ
1200 1199 1234 1226 τὰ
1258 1200 1472 1236 παρηλλαγμένα
1497 1201 1528 1228 οὐ
1560 1202 1769 1238 συναρμόζεται,
1795 1203 1810 1228 ὸ
1826 1202 1855 1228 δὲ

1065 1245 1243 1279 σφραγισοεὶς
1263 1247 1315 1273 ὑπὸ
1325 1247 1372 1274 τοῦ
1395 1248 1510 1284 Πατρὸς,
1532 1249 1580 1275 καὶ
1598 1250 1627 1275 ὲν
1646 1248 1735 1283 ἐαυτῷ
1748 1249 1854 1280 δεικνὺς

1063 1290 1108 1316 τὸν
1120 1291 1240 1326 Πατέρα,
1255 1293 1302 1319 καὶ
1314 1293 1343 1319 ὲν
1360 1293 1399 1328 τῷ
1411 1294 1498 1329 Πατρὶ
1511 1294 1560 1327 ὢν,
1575 1295 1622 1320 καὶ
1639 1295 1668 1320 ὲν
1682 1293 1773 1328 ἑαυτῷ
1786 1293 1854 1328 ἔχων

1065 1336 1179 1369 ἐκεῖνον,
1193 1336 1238 1363 διὰ
1249 1338 1356 1365 πάντων
1367 1339 1486 1366 δείκνυσι
1497 1339 1527 1366 τὸ
1543 1340 1665 1375 συμφυὲς
1679 1340 1726 1366 καὶ
1737 1339 1855 1375 εὐάρμο-

1065 1389 1135 1407 στον.
1154 1382 1225 1418 Ἀρα
1240 1383 1284 1410 διὰ
1304 1383 1407 1411 τούτοιν
1423 1385 1439 1420 ὴ
1455 1386 1553 1412 ἀτοπία
1567 1386 1622 1412 τῶν
1642 1386 1770 1412 ἐναντίων
1786 1386 1855 1412 κατὰ

1066 1426 1165 1461 κράτος
1177 1427 1326 1463 ἐλέγχεται.
1347 1429 1391 1461 Ὧς
1403 1429 1456 1466 γὰρ
1467 1430 1572 1466 ἐδείχθη
1583 1431 1614 1457 τὸ
1629 1431 1856 1466 παρηλλαγμένον

1066 1471 1247 1507 ἀνάρμοστον,
1267 1473 1338 1501 οὕτω
1353 1475 1384 1501 τὸ
1403 1475 1520 1510 ἔμπαλιν
1539 1477 1742 1512 ἀναντιρρήτως
1758 1476 1854 1511 ὁμολο-

1063 1519 1152 1550 γεῖται
1163 1518 1193 1545 τὸ
1207 1519 1374 1555 εὐάρμοστον
1386 1521 1596 1557 ἀπαράλλακτον
1608 1523 1726 1555 πάντως.
1744 1523 1790 1554 Ὧς
1801 1522 1854 1558 γὰρ

1062 1564 1093 1590 τὸ
1111 1565 1338 1601 παρηλλαγμένον
1357 1568 1406 1603 οὐχ
1424 1568 1585 1604 ἁρμόζεται,
1604 1569 1675 1596 οὕτω
1687 1569 1719 1596 τὸ
1734 1568 1854 1604 ἁρμοζό-

1065 1618 1145 1644 μενον
1157 1611 1188 1637 οὑ
1211 1612 1416 1647 παρήλλακταν
1433 1615 1447 1640 ὁ
1465 1614 1493 1640 δὲ
1512 1614 1597 1649 λέγων
1615 1615 1666 1649 τῆς
1687 1614 1795 1650 ἀγαθῆς
1808 1614 1854 1640 τοῦ

1064 1655 1171 1690 Πατρδς
1199 1656 1292 1685 οὐσίας
1317 1657 1366 1693 τὴν
1393 1659 1440 1685 τοῦ
1461 1660 1631 1694 Μονογενοῦς
1655 1660 1855 1695 παραλλάττειν

1064 1699 1155 1733 φύσιν,
1174 1700 1203 1726 ὲν
1222 1701 1297 1736 αὑτῷ
1317 1702 1357 1737 τῷ
1369 1702 1464 1738 ἀγαθῷ
1481 1704 1529 1739 τὴν
1549 1704 1727 1740 παραλλαγὴν
1747 1705 1854 1736 πάντως

1065 1744 1168 1779 βλέπει.
1184 1745 1222 1772 Τὸ
1243 1746 1271 1772 δὲ
1291 1747 1338 1773 τοῦ
1358 1748 1460 1782 ἀγαθοῦ
1483 1750 1720 1785 παρηλλαγμένον,
1738 1750 1766 1776 τί
1788 1751 1853 1781 ἐστι,

1063 1790 1214 1824 Νοήσατε,
1230 1793 1258 1819 οἱ
1275 1792 1392 1828 ἄκακοι,
1410 1794 1467 1829 τὴν
1482 1797 1704 1832 πανουργίαν-,ἠ
1721 1796 1854 1831 παροιμία

1064 1836 1156 1869 φησίν.

223 1879 401 1914 παραλλαγήν
424 1877 660 1913 (discrepantiam)
679 1877 762 1905 videt.
789 1877 868 1910 Quod
890 1883 981 1905 autem
1001 1887 1015 1906 a
1036 1880 1109 1909 bono
1126 1881 1272 1918 discrepat,
1288 1885 1354 1920 quid
1370 1890 1422 1919 est,
1443 1886 1662 1922 Animadvertite,
1681 1897 1695 1915 ο
1715 1889 1779 1915 boni
1795 1889 1853 1921 viri,

221 1928 405 1960 calliditatem,
420 1927 454 1954 ait
473 1927 614 1962 parmmia.

258 1973 312 2002 Sed
328 1974 386 2001 hac
410 1977 440 2000 ut
455 1965 629 2008 perspicuam
656 1971 788 1999 habentia
808 1972 1008 2001 absurditatem

222 2018 356 2046 orationis
377 2025 461 2045 cursu
477 2017 628 2052 superabo;
658 2017 730 2051 quod
758 2020 848 2044 autem
872 2017 928 2045 haec
941 2026 1011 2052 prae-

222 2065 294 2093 cedit
317 2064 516 2092 examinemus.
545 2061 621 2089 Nihil
648 2063 737 2098 inquit
764 2063 878 2090 alterunt
901 2064 1012 2091 inveniri

222 2116 318 2146 praeter
327 2111 469 2138 essentiam
490 2108 566 2142 Filii,
581 2108 651 2143 quod
663 2109 856 2143 generationem
875 2109 1017 2137 admittat:
1032 2106 1038 2115 “

223 2156 288 2192 quid
305 2155 461 2190 intelligens
477 2155 535 2181 h:cc
556 2153 639 2181 dicit?
661 2153 720 2180 Duo
745 2153 818 2181 enim
849 2153 1011 2182 discernens

222 2211 237 2230 a
254 2210 283 2230 se
299 2202 416 2229 invicem
432 2196 555 2231 nomina,
569 2206 684 2234 quaeque
696 2206 744 2234 per
751 2199 808 2227 haec
820 2199 1012 2234 signiﬁcantur

1103 1975 1183 2002 Ἀλλὰ
1194 1975 1281 2002 ταῦτα
1303 1976 1353 2011 μὲν
1367 1976 1405 2008 ὡς
1418 1976 1549 2013 πρόδηλον
1567 1977 1663 2013 ἔχοντα
1675 1979 1725 2014 τὴν
1737 1980 1853 2008 ἀτοπίαν

1064 2021 1298 2057 παρώραμοῦμαι
1314 2022 1353 2057 τῷ
1367 2022 1451 2058 λόγῳ,
1464 2023 1494 2049 τὺ
1505 2024 1534 2049 δὲ
1550 2024 1602 2058 πρὸ
1616 2024 1705 2051 αὐτῶν
1722 2025 1856 2057 ἐξετάσω-

1066 2074 1126 2102 μεν.
1145 2067 1240 2095 οὺδέν
1260 2076 1342 2103 φησιν
1361 2068 1464 2102 ἓτερον
1483 2070 1675 2103 εὑρίσκεσθαι
1697 2071 1781 2105 παρὰ
1800 2072 1855 2107 τὴν

1064 2112 1176 2140 οὐσίαν
1187 2113 1241 2140 τοῦ
1260 2113 1329 2140 Υίοῦ
1342 2114 1376 2141 τὸ
1397 2114 1560 2149 δεχόμενον
1578 2116 1635 2149 τὴν
1649 2116 1814 2152 γέννησιν·
1829 2119 1855 2145 τί

1064 2156 1133 2183 νοῶν
1151 2157 1237 2184 ταῦτα
1252 2158 1340 2193 λέγει;
1360 2159 1412 2186 Δύο
1433 2160 1487 2196 γὰρ
1506 2161 1553 2187 ἀπ’
1570 2161 1692 2197 ἀλλήλων
1712 2163 1854 2199 διακρίνας

1065 2202 1196 2237 ὀνόματα,
1211 2203 1258 2230 καὶ
1272 2204 1307 2231 τὰ
1320 2204 1355 2231 δι’
1365 2205 1456 2232 αὐτῶν
1476 2207 1662 2242 σημαινόμενα
1676 2209 1855 2246 συνδιαχωρί-

222 2247 304 2277 simul
323 2254 470 2275 secernens
489 2245 623 2279 oratione,
636 2246 663 2272 in
680 2245 771 2280 seipse
785 2249 933 2281 utrumque
948 2254 1012 2281 pro-

1066 2256 1115 2280 σας
1130 2248 1168 2284 τῷ
1186 2249 1267 2286 λόγῳ,
1283 2251 1326 2285 ἐφ’
1341 2250 1424 2278 αὐτοῦ
1436 2251 1566 2288 ἑκάτερον
1578 2253 1733 2286 ίδιαζόντως
1749 2256 1855 2282 ἐκτίθε-

222 2295 281 2330 prie
294 2298 321 2321 et
334 2292 480 2328 separatim
505 2291 626 2326 exponit.
646 2290 735 2318 Unum
759 2299 858 2319 nomen
878 2295 920 2319 est
934 2299 1016 2327 gene-

222 2341 305 2371 ratio.
336 2340 452 2366 alterum
474 2345 573 2365 nomen
601 2337 731 2365 essentia.
762 2337 882 2373 Accipit,
914 2338 1012 2373 inquit,

222 2387 341 2414 essentia
369 2383 582 2420 generationem,
598 2388 628 2410 ut
643 2391 705 2419 quas
721 2383 757 2411 sit
767 2383 842 2410 aliud
859 2382 925 2418 quid
938 2383 1013 2410 vide—

223 2432 287 2459 licet
299 2438 380 2466 quam
409 2430 560 2466 generatio.
582 2428 611 2456 Si
637 2429 709 2457 enim
724 2429 866 2465 generatio
893 2429 1014 2456 essentia

223 2482 305 2509 esset,
338 2477 409 2512 quod
426 2476 535 2511 quidem
564 2475 674 2504 assidue
701 2474 890 2502 aﬂirmatzita
908 2478 939 2502 ut
951 2474 1013 2502 duae

223 2523 421 2559 appellationes
440 2523 511 2550 inter
525 2530 554 2550 se
569 2521 699 2557 aequalem
713 2521 766 2548 vim
782 2520 900 2547 habeant
912 2527 1012 2548 secunv

223 2570 288 2597 dum
314 2569 558 2604 signiﬁcationem;
587 2575 640 2595 non
668 2566 768 2593 dixerit
796 2565 870 2601 quod
890 2565 1012 2594 essentia

223 2614 428 2650 generationem
457 2613 573 2648 accipit;
599 2611 703 2646 aequale
731 2610 805 2637 enim
824 2614 897 2638 esset
921 2611 1013 2639 dicere

224 2660 296 2695 quod
312 2659 459 2687 essentiam
475 2657 596 2686 essentia
621 2655 703 2691 capit,
715 2655 756 2682 vel
772 2656 844 2690 quod
861 2657 1013 2691 generatio-

225 2712 287 2732 nem
300 2696 438 2739 generatio
455 2704 566 2738 accipit,
586 2703 609 2729 si
618 2702 689 2729 idem
703 2704 775 2729 esset
789 2702 909 2729 essentia
920 2706 947 2730 et
964 2710 1011 2738 ge-

226 2750 342 2778 neratio.
359 2750 443 2786 igitur
456 2749 530 2777 aliud
545 2748 674 2783 quiddam
690 2747 892 2783 generationem
909 2748 1011 2776 intelli-

227 2797 275 2832 git,
291 2797 364 2824 aliud
394 2804 458 2825 vero
471 2795 537 2831 quid
563 2794 709 2822 essentiam
733 2802 793 2830 qua:
806 2795 1008 2830 generationem

1064 2302 1120 2326 ται,
1132 2294 1161 2322 ἓν
1179 2295 1297 2332 ὄνομα-ἠ
1308 2296 1443 2332 γέννησις,
1456 2297 1504 2324 καὶ
1525 2297 1618 2334 ἕτερον
1639 2299 1725 2334 ὄνομα
1736 2301 1752 2336 ἡ
1767 2301 1853 2327 οὐσία.

1064 2339 1189 2374 Δέχεται,
1204 2340 1296 2374 φησὶν,
1315 2341 1331 2375 ἡ
1348 2341 1426 2367 οὐσία
1446 2342 1496 2376 τὴν
1510 2341 1645 2377 γέννησιν,
1663 2343 1728 2370 ἄλλο
1742 2352 1769 2370 τι
1789 2343 1855 2371 οὖσα

1065 2383 1185 2419 δηλονότι
1199 2385 1275 2420 παρὰ
1285 2385 1334 2421 τὴν
1344 2385 1480 2422 γέννησιν.
1497 2387 1528 2413 Et
1542 2387 1623 2423 γὰρὴ
1637 2388 1765 2423 γέννησις
1780 2390 1856 2417 οὐσία

1064 2427 1109 2465 ἦν,
1132 2430 1200 2466 ὅπερ
1221 2430 1253 2466 δὴ
1278 2431 1398 2466 συνεχῶς
1420 2431 1616 2467 ἀποφαίνεται·
1642 2433 1712 2460 ὥστε
1735 2435 1786 2466 τὰς
1811 2435 1856 2461 δύο

1067 2475 1251 2511 προσηγορίας
1265 2476 1434 2512 ἰσοδυναμεῖν
1443 2477 1564 2512 ἀλλήλων
1577 2479 1648 2505 κατὰ
1659 2479 1709 2514 τὴν
1723 2479 1856 2515 ἔμφασιν,

1064 2521 1115 2548 οὐκ
1131 2521 1164 2548 ἂν
1183 2518 1260 2548 εἶπεν
1275 2523 1317 2549 ἂι
1332 2522 1439 2558 δέχεται
1453 2524 1469 2559 ὴ
1483 2523 1562 2551 οὐσία
1575 2524 1625 2560 τὴν
1643 2525 1786 2560 γέννησιν·
1797 2524 1855 2553 ἶσον

1064 2567 1119 2603 γὰρ
1131 2567 1164 2594 ἄν
1185 2565 1219 2604 ἧν
1235 2568 1265 2595 τὸ
1279 2569 1376 2602 εἰπεῖν,
1398 2570 1438 2597 ὅτι
1457 2570 1507 2606 τὴν
1526 2571 1621 2598 οὐσίαν
1639 2572 1656 2607 ὴ
1673 2572 1763 2605 οὐσία,
1782 2573 1799 2608 ἢ
1815 2573 1855 2599 ὅτι

1064 2614 1113 2649 τὴν
1127 2614 1254 2649 γέννησιν
1273 2615 1290 2651 ἡ
1305 2615 1430 2651 γέννησις
1443 2616 1561 2651 δέχεται,
1577 2617 1656 2654 εῐπερ
1672 2620 1757 2655 ταύτῃ
1773 2617 1807 2655 ἦν
1821 2621 1851 2655 τῇ

1063 2659 1143 2694 οὐσίᾳ
1160 2660 1176 2695 ἡ
1195 2659 1330 2696 γέννησις.
1349 2661 1454 2688 Οὐκοῦν
1467 2662 1529 2689 ἄλλο
1545 2662 1595 2698 μέν
1609 2672 1635 2690 τι
1654 2665 1710 2690 νοεῖ
1725 2665 1776 2699 τὴν
1795 2673 1854 2699 γεν-

1065 2713 1154 2740 νησιν,
1169 2705 1233 2732 ἄλλο
1246 2706 1273 2733 δέ
1292 2715 1319 2733 τι
1334 2706 1384 2742 τὴν
1400 2707 1493 2735 οὐσίαν
1505 2708 1523 2743 ἡ
1540 2708 1590 2744 τὴν
1599 2708 1725 2745 γέννησιν
1735 2710 1850 2745 δέχεται.

1064 2751 1102 2778 Οὐ
1118 2751 1172 2786 γὰρ
1192 2752 1225 2778 ἃν
1241 2749 1276 2788 ἦν
1296 2753 1378 2780 ταὺτὸ
1394 2754 1433 2789 τῷ
1454 2754 1646 2790 ὕποδεχομένῳ
1664 2755 1697 2782 τὸ
1719 2754 1852 2791 λαμϐανό-

1066 2800 1154 2831 μενον,
1171 2797 1256 2824 Τοῦτο
1272 2799 1320 2834 μὲν
1334 2797 1380 2827 οὖν
1396 2801 1412 2836 ὴ
1435 2798 1504 2835 σοφὴ
1516 2800 1562 2828 τοῦ
1577 2801 1747 2838 λογογράφου
1765 2810 1852 2838 τεχνοσ

261 2851 284 2868 ⁸⁸
299 2852 381 2880 llcbr.
395 2860 414 2885 l,
427 2853 454 2879 '5.
493 2851 514 2867 ¹⁹
529 2850 645 2886 Philipp.
661 2858 690 2884 ll,
707 2851 731 2878 'I.
771 2851 793 2867 ³⁸³
808 2851 886 2879 Joan.
903 2859 941 2884 vl,
957 2853 1002 2880 27.

1079 2853 1158 2882 Joan.
1174 2861 1229 2889 ην,
1247 2855 1274 2883 9.
