1959 3075
86 99 130 127 675

624 93 763 123 CONTRA
779 92 974 128 EUNOMIUM,
995 94 1059 122 [ΑΒ.
1079 94 1124 123 ιν.

1637 96 1690 124 674

87 155 151 189 λογία
165 151 249 187 φησίν.
269 150 299 177 Εἰ
315 149 343 177 δέ
358 159 399 182 τις
414 151 533 185 ἔγκειται
546 151 607 184 νοῦς
621 154 676 185 τοῖς
687 154 852 189 εἰρημένοις,

906 152 1016 187 accipit;
1036 160 1090 180 non
1104 152 1177 180 enim
1190 156 1263 181 esset
1279 152 1350 180 idem
1360 159 1423 180 cum
1436 159 1470 180 eo
1485 153 1556 187 quod
1572 154 1689 188 suscipit

87 203 99 228 δ
107 198 196 235 κρίνειν
205 195 407 230 ἑπεσκεμμένος
419 197 612 232 ὲπισκεψάσθω
620 198 664 226 τὸν
670 198 757 233 λόγον.
767 198 850 226 Πάλιν

88 247 111 274 δὲ
121 244 147 272 τὺ
161 242 234 279 ῥηθὲν
249 241 430 277 ἀναλήψομαι.

117 376 200 405 οὐδὲν
209 374 310 409 ἕτερον
325 375 479 409 εὑρίσκειν
492 375 565 410 λέγει
580 375 659 410 παρὰ
673 375 730 410 τὴν
743 376 853 404 οὐσίαν

87 424 130 452 τοῦ
148 421 209 449 Υιοῦ
232 421 263 447 τὸ
279 420 443 455 δεχόμενον
467 420 524 455 τὴν
546 420 700 456 γέννησιν.
727 421 806 449 Ἀλλὰ
823 422 853 449 τὺ

88 468 203 506 μηδεμίαν
221 467 360 502 ἐγκεῖσθαι
380 469 435 499 τοῖς
450 468 604 504 εἰρημένοις
628 468 756 500 διάνοιαν,
771 469 852 496 παντὶ

86 515 151 550 δῆλόν
165 515 217 540 ἐστι
236 512 275 548 τῷ
293 512 340 539 καὶ
355 512 479 539 ὁπωσοῦν
498 513 620 540 ἐπαΐοντι
634 512 728 547 λόγον·
746 513 848 540 ὑπόλοι-

87 568 128 588 πον
140 559 164 585 δὲ
177 558 206 585 ἂν
223 557 264 592 εἴη
280 557 329 593 τὴν
352 557 525 593 βλασφημίαν
544 559 584 590 εἰς
599 559 630 585 τὸ
650 559 770 594 ἐμφανὲς
784 560 852 593 ἀγα-

86 608 142 640 γεῖν,
157 605 187 640 ἢν
206 603 246 630 διὰ
273 604 326 630 τῶν
347 603 510 639 ἀδιανοήτων
531 603 633 630 τούτων
654 604 852 637 κατασκευάζει

86 651 208 688 ῥημάτων.
223 650 350 677 Βούλεται
364 650 430 685 γὰρ,
445 651 470 677 εί
491 650 538 677 καὶ
558 649 596 686 μὴ
614 650 735 682 δύναται,
749 651 792 677 διὰ
804 650 852 686 τὴν

86 697 264 734 ἑρμηνευτικὴν
276 697 396 730 ἀτονίαν,
409 698 511 733 ταύτην
522 698 670 734 ἐμποιῆσαι
684 700 740 730 τοῖς
751 699 849 734 ἀκροα-

85 745 133 776 ταῖς
151 743 196 778 τὴν
208 742 336 776 διάνοιαν,
362 743 402 770 ὅτι
421 744 630 779 κατασκευαστή
645 745 703 771 ἐστι
726 744 772 770 τοῦ
787 744 850 771 Υιοῦ

85 788 236 824 ήσημασία·
259 788 386 824 γέννησιν
410 789 438 815 δὲ
457 789 505 824 τὴν
524 790 696 825 κατασκευὴν
712 790 849 825 ὀνομάζει,

905 197 931 225 id
943 197 1017 232 quod
1034 197 1160 224 sumitur.
1176 196 1233 225 Hoc
1243 197 1352 232 quidem
1368 197 1449 232 hujus
1465 197 1609 232 scriptoris
1623 199 1690 225 arti-

903 243 997 270 ﬁciosa
1006 243 1154 278 disputatio
1163 244 1271 271 asserit.
1280 243 1357 276 Quod
1364 244 1386 271 si
1395 252 1448 279 qua
1457 243 1538 272 dictis
1546 244 1645 272 insidet
1652 245 1691 272 in-

903 289 1063 323 telligentia,
1070 289 1246 324 quijudicare
1256 289 1398 326 diligenter
1406 290 1553 317 meditatus
1559 294 1610 322 est,
1620 298 1690 318 con-

903 335 1005 363 sideret
1017 343 1183 363 sermonem.
1191 335 1290 363 [terum
1298 336 1370 371 quod
1379 337 1481 363 dictum
1490 340 1531 364 est
1541 344 1690 364 resumam.

939 380 1017 407 Nihil
1040 381 1114 408 aliud
1141 382 1200 409 licet
1230 383 1355 414 invenire,
1387 383 1486 418 inquit,
1514 388 1691 418 prwterquam

902 426 1045 452 essentiam
1074 424 1142 452 Filii
1164 427 1233 462 quod
1258 427 1384 454 admittat
1412 430 1616 462 generationem.
1636 429 1689 457 Sed

906 470 1011 497 nullum
1033 471 1148 499 subesse
1177 471 1220 500 his
1247 472 1329 500 dictis
1350 481 1461 501 sensum
1478 475 1564 502 cuivis
1587 475 1692 510 perspi-

903 523 986 542 cuum
1015 519 1075 548 est,
1100 517 1140 544 vel
1168 525 1332 553 quocunque
1355 519 1435 546 modo
1464 527 1614 548 sermonem
1642 530 1691 548 au-

902 562 997 590 dienti.
1022 563 1166 598 Reliquum
1185 563 1267 590 fuerit
1289 564 1485 599 blasphemiam
1514 566 1541 592 in
1566 571 1690 601 apertum

903 607 1035 643 proferre,
1062 616 1142 643 quam
1158 617 1205 644 per
1219 609 1278 636 hinc
1289 610 1371 636 verba
1386 610 1489 637 nullum
1505 618 1615 638 sensum
1643 612 1691 638 lia-

903 653 994 680 bentia
1014 655 1159 681 construit.
1177 653 1241 680 Vult
1262 654 1346 686 enim,
1371 655 1422 681 etsi
1444 662 1499 682 non
1523 660 1622 690 potest.
1642 665 1691 691 per

902 699 1137 734 interpretativam
1166 700 1379 728 imbecillitatem
1409 701 1480 728 hanc
1520 703 1690 731 auditoribus

903 744 1023 772 inserere
1031 746 1281 781 sententiam,quod
1292 746 1352 773 Filii
1361 747 1523 781 signiﬁcatio
1534 753 1689 776 constructa

902 793 955 821 est,
985 790 1012 817 id
1030 794 1072 818 est
1083 791 1148 825 quid
1164 791 1302 819 conditum
1328 791 1453 820 indicans
1466 802 1474 826 ;
1488 793 1690 828 generationem

83 837 110 870 τῇ
132 834 295 872 εύσημοτάτῃ
313 836 388 870 φωνῇ
411 835 441 860 τὸ
462 835 576 870 φρικτὸν
601 836 783 871 περιστέλλων
802 838 852 872 τῆς

905 835 974 862 enim
982 840 1147 863 structuram
1160 837 1280 864 nominat
1291 838 1541 873 signiﬁcantissima
1550 846 1614 867 voce
1626 839 1690 866 hor-

84 878 237 915 βλασφημίας
246 887 253 893 ·
271 878 309 910 ὡς
328 878 361 905 ἂν
375 879 575 914 εὖπαράδεκτος
591 880 696 914 γένοιτο
708 882 725 916 ἡ
746 881 793 908 τοῦ
805 882 850 908 ὲκ-

83 925 159 951 τίσθαι
177 924 221 950 τὸν
238 923 341 958 Κύριον
356 924 564 958 συγκατάθεσις,
579 927 613 961 τῇ
630 926 680 961 τῆς
699 927 852 962 γεννήσεως

83 971 141 1003 λέξει
154 971 199 1005 τῆς
217 971 390 1006 κατασκευῆς
407 971 584 1007 δηλουμένης,
604 973 685 1006 Λέγει
701 973 791 999 τοίνυν
810 974 851 1000 ὅτι

82 1019 94 1051 ή
108 1016 176 1043 οὐσία
190 1016 236 1050 τὴν
257 1016 384 1050 γέννησιν
398 1008 514 1051 δέχεται,
535 1017 568 1043 ἶν’
586 1016 679 1052 ὥσπερ
693 1018 723 1044 ὲν
740 1018 852 1044 ὑποκει-

82 1062 145 1097 μένῳ
157 1062 206 1088 τινὶ
224 1061 368 1096 πράγματι
387 1062 461 1088 πᾶσα
479 1063 634 1097 κατασκευὴ
649 1063 793 1099 θεωρῆται.
814 1064 851 1090 Οὺ

81 1108 126 1143 γὰρ
147 1108 177 1134 ἄν
193 1115 234 1138 τις
262 1108 334 1133 εῐποι
352 1098 571 1134 κατεσκευάσθαι
594 1108 607 1134 ὃ
624 1108 662 1144 μὴ
688 1098 850 1144 ὑφέστηκεν,

81 1153 154 1184 οὕτως
163 1151 214 1179 οἷόν
225 1161 251 1179 τι
260 1152 476 1188 κατασκεύασμα
484 1153 532 1189 τὴν
546 1153 592 1180 τοῦ
603 1154 773 1188 Μονογενοῦς
783 1154 851 1182 Θεοῦ

82 1199 150 1232 φύσιν
167 1198 310 1233 προτείνας
325 1197 363 1233 τῷ
376 1199 448 1234 λόγῳ
459 1198 508 1233 τὴν
524 1198 644 1234 ποίησιν.
659 1200 690 1225 Et
703 1199 790 1226 τοίνυν
803 1200 853 1235 τὴν

81 1244 192 1279 γέννησιν
203 1243 309 1278 δέχεται
324 1243 436 1279 ταύτην,
449 1244 525 1279 φησὶ,
540 1244 644 1271 τοιοῦτο
655 1246 776 1280 σημᾶναι
792 1246 854 1280 βου-

80 1290 177 1324 λόμενος
192 1290 232 1316 ὅτι
252 1289 303 1316 οὐκ
317 1289 349 1316 ἂν
372 1287 415 1325 ἦν,
428 1290 453 1315 εἰ
477 1289 514 1325 μὴ
531 1290 746 1326 κατεσκευάσθη.
768 1291 800 1317 Τί
824 1291 853 1317 δὲ

80 1334 133 1361 ἄλλο
148 1335 198 1361 τῶν
212 1335 239 1361 ὲν
253 1335 288 1370 τῇ
302 1335 389 1361 κτίσει
407 1334 600 1370 θεωρουμένων
616 1335 674 1362 ἐστὶ
687 1335 725 1371 μὴ
738 1336 852 1371 γενόμε-

79 1388 129 1412 νον;
147 1380 275 1416 Οὐρανὸς,
292 1382 338 1416 γῆ,
357 1380 421 1416 ἀὴρ,
440 1379 567 1413 θάλαττα,
590 1381 644 1408 πᾶν
655 1381 705 1408 ὄτί
717 1382 770 1417 πέρ
782 1383 850 1415 ἐστι,

79 1425 209 1460 γενόμενον
224 1426 334 1458 πάντως
349 1426 434 1453 ἐστίν.
448 1422 498 1453 Ὧν
517 1426 591 1453 οὐδὲν
609 1426 641 1453 ἂν
653 1424 697 1462 ἦν,
712 1428 736 1454 εἰ
756 1427 794 1462 μὴ
806 1435 853 1461 γε·

78 1471 175 1506 νόμενον
192 1470 235 1508 ἦν.
251 1472 316 1503 Πῶς
335 1469 381 1499 οὖν
398 1472 436 1504 ὡς
454 1471 591 1508 ἐξαίρετόν
611 1481 636 1499 τι
649 1474 681 1508 τῇ
697 1473 745 1499 τοῦ
767 1474 852 1500 Μονο-

77 1517 161 1550 γενοῡς
175 1517 352 1554 ”ὲνεθεώρησε
372 1518 461 1552 φύσει,
479 1518 509 1544 τὺ
534 1519 573 1550 είς
587 1519 670 1554 αὐτὴν
689 1519 737 1554 τὴν
758 1519 852 1546 οὐσίαν

77 1563 239 1598 ἀναδέχεσθαι
247 1563 300 1599 τὴν
310 1563 449 1599 γέννησιν;
466 1563 544 1590 Οὕτω
556 1563 608 1600 γάρ
621 1564 669 1599 τὴν
680 1565 852 1600 κατασκευὴν

77 1608 201 1643 ὀνομάζει,
216 1608 253 1640 ὼς
281 1608 327 1634 τοῦ
348 1608 493 1644 βομϐυλίου
516 1609 562 1636 καὶ
585 1608 633 1635 τοῦ
654 1608 784 1641 κώνωπος
803 1610 854 1636 οὐκ

76 1655 110 1686 εἰς
133 1655 233 1686 ἑαυτὸν,
266 1655 323 1681 ἀλλ’
342 1655 383 1686 εὶς
411 1654 503 1690 ἔτερόν
517 1664 542 1681 τι
565 1655 630 1690 παρ’
653 1656 750 1682 ἑαυτὸν
774 1654 852 1686 δεξα-

79 1700 148 1734 μένου
163 1700 210 1736 την
224 1700 362 1736 γέννησιν.
383 1700 486 1727 Ούκοῦν
500 1700 670 1736 ὁμολογεῖται
683 1700 728 1727 διὰ
741 1701 794 1728 τῶν
808 1709 854 1735 γε-

77 1746 241 1782 γραμμένων,
259 1747 301 1773 ὃτι
315 1746 362 1773 καὶ
376 1747 444 1782 πρὸς
462 1746 496 1773 τὰ
511 1747 661 1782 μικρότατα
677 1748 726 1782 τῆς
738 1747 854 1778 κτίσεως

80 1791 161 1827 μόρια,
177 1793 366 1819 κοινοποιείται
390 1792 456 1827 παρ’
477 1791 565 1818 αὐτῶν
580 1791 627 1818 τοῦ
652 1792 819 1826 Μονογενοῢς
834 1793 852 1828 ἡ

77 1838 154 1871 οὐσία,
169 1838 214 1865 καὶ
232 1839 288 1864 πᾶν
301 1838 467 1873 ἐπιχείρημα
485 1837 518 1865 δι’
531 1834 562 1864 οὗ
584 1839 817 1871 κατασκευάζεται
835 1841 852 1875 ή

78 1883 138 1918 πρὸς
160 1883 204 1910 τὸν
218 1884 330 1919 Πατέρα
343 1884 391 1910 τοῦ
414 1882 480 1910 Υἱοῦ
494 1883 680 1919 ἀλλοτρίωσις,
701 1885 761 1920 ἴσην
777 1886 854 1920 ἰσχὺν

78 1930 117 1956 καὶ
132 1929 175 1956 ἐπὶ
191 1929 244 1956 τῶν
264 1929 325 1956 καθ’
338 1929 452 1956 ἕκαστον
473 1929 540 1964 ἔχει.
558 1930 606 1962 Τίς
619 1928 665 1957 οὖν
679 1931 753 1966 αὐτῷ
775 1932 854 1966 χρεία

76 1977 119 2010 τῆς
129 1976 248 2011 ποικίλης
260 1975 364 2011 ταύτης
376 1975 556 2011 λεπτουργίας
567 1977 606 2008 εις
622 1977 794 2012 κατασκευὴν
805 1978 854 2013 τῆς

77 2021 138 2048 κατὰ
159 2023 239 2057 φύσιν
255 2022 477 2057 ἀλλοτριότητος,
502 2022 563 2051 δέον
582 2021 632 2058 τὴν
650 2021 781 2057 σύντομον
805 2023 855 2058 τῆς

76 2067 205 2102 ἀρνήσεως
221 2067 282 2094 ὁδὸν
303 2067 439 2102 τραπῆναι
459 2066 498 2102 τῷ
519 2067 644 2102 φανερῶς
661 2067 789 2094 ἀπειπεῖν
816 2067 855 2103 μὴ

75 2112 123 2138 δεῖν
133 2112 322 2148 ὁμολογεῖσθαι
342 2112 390 2139 τοῦ
409 2113 476 2139 Υἱοῦ
493 2112 523 2139 τὸ
544 2112 639 2148 ὖνομα,
657 2112 725 2148 μηδὲ
746 2113 793 2140 τὸν
806 2122 854 2148 μο-

903 880 1008 909 ribilem
1022 881 1218 916 blasphemiam
1232 885 1432 916 communiens,
1447 888 1477 911 ut
1489 885 1692 919 sitacceptissi-

903 933 946 952 ma
961 927 1086 954 assensio
1098 926 1171 961 quod
1182 926 1314 954 Dominus
1328 927 1363 955 sit
1374 932 1492 960 creatus,
1506 928 1689 963 generationis

902 970 1021 998 dictione
1041 975 1207 998 structuram
1224 972 1391 1000 dcclarante.
1422 973 1491 1000 Dicit
1505 974 1597 1008 itaque
1616 973 1689 1008 quod

902 1020 1021 1047 essentia
1035 1022 1237 1054 generationem
1262 1020 1373 1055 accipit,
1390 1024 1419 1047 ut
1434 1025 1563 1055 tanquam
1592 1021 1620 1047 in
1640 1021 1690 1046 ali-

902 1073 956 1100 qua
970 1073 1000 1092 re
1027 1065 1150 1099 subjecta
1170 1065 1260 1092 omnis
1274 1066 1443 1094 constructio
1465 1070 1614 1101 spectetur.
1631 1066 1690 1093 Non

902 1109 974 1136 enim
989 1109 1051 1144 quis
1065 1109 1165 1136 dixerit
1187 1113 1377 1137 constructum
1392 1118 1452 1138 esse
1466 1111 1536 1145 quod
1555 1118 1608 1138 non
1623 1111 1690 1137 sub-

903 1154 994 1186 sistat,
1010 1154 1050 1182 sic
1063 1154 1136 1181 velut
1150 1154 1285 1188 quoddam
1309 1154 1452 1181 aediﬁcium
1478 1153 1526 1181 Dei
1554 1153 1689 1189 Unigcniti

903 1203 1028 1226 naturam
1049 1199 1212 1234 protendens
1238 1207 1364 1227 sermone
1385 1199 1526 1226 facturam.
1546 1198 1574 1226 Si
1595 1199 1687 1234 igitur.

903 1245 1002 1281 inquit,
1028 1245 1230 1280 generationem
1247 1244 1317 1272 hanc
1334 1245 1444 1279 accipit,
1462 1245 1512 1272 hoc
1533 1245 1690 1280 signiﬁcare

903 1291 1008 1324 volens,
1026 1291 1098 1325 quod
1114 1298 1168 1317 non
1185 1295 1267 1322 esset,
1294 1298 1391 1326 nempe
1407 1289 1542 1326 Unigeniti
1558 1292 1688 1323 essentia,

903 1336 956 1364 nisi
970 1337 1079 1363 condita
1093 1339 1176 1364 esset.
1194 1335 1264 1368 Quid
1283 1341 1372 1363 autem
1389 1336 1462 1362 aliud
1478 1344 1572 1364 eorum
1587 1344 1648 1371 qum
1661 1337 1689 1364 in

903 1387 1029 1410 creatura
1055 1382 1261 1417 conspiciuntur
1285 1386 1328 1410 est
1347 1389 1402 1408 non
1430 1381 1531 1409 factum
1546 1382 1557 1408 ?
1571 1382 1688 1415 Caelum,

903 1431 986 1460 terra,
998 1435 1057 1460 aer,
1071 1435 1157 1460 mare,
1173 1428 1306 1462 quidquid
1325 1431 1377 1461 est,
1394 1428 1507 1455 omnino
1518 1427 1618 1455 factum
1630 1433 1688 1456 est:

904 1480 1019 1507 quorum
1033 1472 1099 1499 nihil
1116 1477 1189 1501 esset
1199 1473 1250 1500 nisi
1265 1472 1365 1500 factum
1384 1476 1466 1500 esset.
1482 1471 1623 1505 Quomodo
1637 1473 1689 1508 igi-

905 1523 948 1546 tur
964 1523 994 1546 ut
1013 1519 1144 1546 eximium
1163 1519 1293 1554 quiddam
1315 1519 1341 1546 in
1364 1518 1503 1553 Unigeniti
1518 1524 1617 1546 natura
1631 1527 1691 1554 spc-

903 1564 1011 1591 eulatus
1025 1567 1077 1596 est,
1095 1572 1192 1598 nempe
1205 1572 1265 1591 eam
1287 1564 1374 1598 ipsam
1392 1563 1543 1591 essentiam
1566 1565 1691 1599 aecipere

902 1610 1106 1645 generationem
1124 1610 1135 1636 ’ί
1152 1610 1199 1638 Sic
1217 1610 1290 1638 enim
1320 1610 1488 1637 creationem
1502 1610 1642 1642 nominat,
1661 1615 1692 1638 ut

903 1655 1033 1691 bombylii
1067 1656 1222 1692 (cujusdam
1239 1656 1298 1691 apis
1328 1656 1505 1691 ohstreperae)
1525 1660 1553 1684 et
1581 1657 1689 1689 culicis,

904 1708 958 1728 non
989 1701 1017 1728 in
1033 1701 1227 1737 seipsum,sed
1247 1701 1275 1728 in
1309 1701 1425 1728 alterum
1455 1701 1582 1736 quiddam
1609 1710 1691 1737 quam

904 1747 1023 1782 seipsum
1041 1748 1088 1782 qui
1100 1748 1205 1782 accepit
1219 1747 1432 1782 generationem.
1445 1747 1529 1782 Igitur
1542 1748 1690 1775 conﬁtetur
1716 1740 1719 1746 ”

904 1799 953 1827 per
962 1793 1063 1827 scripta
1082 1792 1156 1827 quod
1172 1793 1254 1820 etiam
1269 1799 1331 1819 cum
1345 1792 1467 1819 minimis
1479 1797 1610 1820 creaturae
1625 1801 1690 1828 par-

904 1838 996 1866 ticulis
1004 1838 1038 1866 ab
1046 1838 1112 1873 ipsis
1124 1837 1261 1872 Uuigeniti
1273 1838 1392 1866 essentia
1399 1838 1553 1865 communis
1560 1839 1689 1867 etIicitur:

904 1884 1048 1919 omnisque
1060 1884 1259 1919 argumentatio
1275 1891 1328 1918 qua
1345 1884 1378 1910 ad
1394 1883 1499 1911 Patrem
1509 1883 1568 1911 Filii
1588 1885 1690 1912 aliena-

904 1930 943 1957 tio
962 1929 1132 1957 construitur
1151 1929 1178 1956 in
1192 1929 1308 1963 singulis
1332 1929 1416 1956 rebus
1431 1929 1486 1955 vim
1507 1929 1586 1956 habet
1600 1937 1692 1964 aaqua-

905 1975 968 2003 lem.
985 1975 1056 2008 Quid
1072 1975 1155 2010 igitur
1173 1975 1198 2002 ei
1221 1975 1272 2001 fuit
1299 1982 1368 2010 opus
1390 1975 1441 2002 hac
1457 1975 1533 2001 varia
1546 1979 1578 2005 et.
1598 1976 1691 2004 subtili

905 2025 975 2053 arte,
995 2024 1025 2048 ut
1045 2024 1151 2048 astruat
1182 2020 1245 2048 Filii
1267 2020 1417 2048 essentiam
1444 2028 1459 2048 a
1474 2024 1573 2048 natura
1602 2021 1692 2049 Patris

905 2066 1022 2093 alienam
1043 2073 1123 2099 esse;
1154 2073 1217 2092 cum
1245 2068 1385 2100 oporteret
1409 2065 1640 2100 compendiariam
1664 2070 1692 2094 et

905 2110 1014 2138 brevem
1027 2110 1099 2137 viam
1115 2109 1305 2145 abnegationis
1318 2109 1423 2143 ingredi
1439 2110 1472 2136 ad
1483 2113 1575 2144 aperte
1590 2118 1693 2145 negan-

76 2159 162 2194 νογενῆ
177 2159 244 2185 Θεὸν
264 2159 294 2185 ὲν
304 2159 364 2190 ταῖς
386 2159 558 2194 Ἐκκλησίαις
571 2159 770 2193 κηρύσσεσθαι,
786 2159 852 2187 ἀλλά

906 2154 971 2181 dum
980 2158 1007 2182 et
1024 2153 1171 2181 dicendum
1180 2161 1234 2181 non
1244 2161 1306 2181 esse
1316 2152 1378 2180 Filii
1389 2161 1488 2181 nomen
1496 2154 1691 2188 conﬁtendum,

75 2197 118 2238 τὴν
137 2203 285 2239 Ἰουδαῖκὴν
308 2203 433 2239 λατρείαν
449 2202 620 2239 κυριωτέραν
641 2203 690 2238 τῆς
710 2202 765 2229 τῶν
785 2203 855 2238 Χρι-

76 2249 181 2276 στιανῶν
201 2249 308 2284 κρίνειν
325 2249 479 2284 ὁμολογίας,
503 2249 551 2276 καὶ
569 2248 648 2284 μόνον
669 2249 781 2284 κτίστην
806 2249 855 2276 καὶ

75 2293 231 2330 δημιουργὸν
258 2293 455 2328 ὁμολογοῦντας
472 2293 530 2320 -τὸν
557 2293 682 2329 Πατέρα,
710 2293 744 2321 τὰ
773 2294 855 2321 λοιπά

75 2340 156 2367 πάντα
172 2339 213 2375 τῷ
228 2340 280 2375 τῆς
294 2339 410 2371 κτίσεως
426 2340 541 2374 ὑπάγειν
555 2339 665 2375 ὀνόματί
684 2348 714 2366 τε
734 2340 781 2367 καὶ
794 2340 855 2375 νοή-

77 2393 150 2418 ματι·
165 2385 242 2420 ὲνὶδὲ
266 2385 372 2416 τούτοις
396 2384 427 2411 τὸ
451 2384 506 2411 τῶν
527 2384 615 2412 ἄλλων
637 2384 855 2419 προτεταγμένον

74 2429 146 2464 ἔργον
156 2431 265 2466 ποίημα
278 2430 367 2465 λέγειν
377 2430 421 2457 διά
432 2438 504 2461 τινος
519 2431 770 2463 κατασκευαπικῆς
781 2430 852 2465 ὲνερ⁴

75 2474 144 2507 γείας
158 2476 320 2510 γενόμενον,
336 2476 382 2502 καὶ
398 2475 598 2511 πρωτόκτιστον
612 2476 673 2502 ἀντὶ
695 2474 856 2510 μονογενοῦς

75 2517 136 2545 Θεοῦ
149 2520 195 2546 καὶ
212 2519 341 2554 ἀληθινοῦ
358 2519 422 2547 Υιοῦ
438 2519 702 2555 προσαγορεύοντας

906 2207 995 2234 neque
1010 2199 1180 2234 unigenitum
1193 2199 1276 2227 Deum
1284 2200 1311 2226 in
1326 2198 1455 2227 Ecclesiis
1469 2199 1670 2234 pradicandum
1683 2210 1692 2235 ;

905 2244 954 2272 sed
971 2242 1128 2270 Judazorum
1146 2243 1249 2270 cultum
1271 2243 1449 2277 judicandum
1463 2251 1524 2280 esse
1551 2244 1691 2278 proprium

905 2289 992 2324 magis
1007 2296 1089 2323 quam
1105 2287 1326 2316 Christianorum
1341 2287 1554 2320 confessionem,
1569 2288 1616 2324 qui
1632 2288 1694 2323 qui-

905 2334 967 2362 dem
979 2333 1065 2362 Judaei
1082 2334 1170 2362 solum
1199 2337 1350 2361 creatorem
1378 2337 1405 2361 et
1421 2333 1545 2368 opiﬁcem
1567 2334 1693 2362 condito—

905 2388 1018 2416 remque
1036 2379 1143 2407 Patrem
1157 2379 1331 2413 conﬁtentur,
1350 2379 1456 2414 reliqua
1471 2380 1562 2407 omnia
1590 2380 1694 2408 nationi
1716 2394 1719 2395 ν

909 2430 937 2454 et
951 2426 1057 2454 nomini
1070 2429 1203 2453 creaturae
1219 2433 1281 2453 esse
1295 2425 1479 2461 subjicienda;
1493 2426 1520 2453 iu
1533 2426 1576 2453 his
1590 2430 1692 2458 autem,

909 2471 982 2507 quod
1002 2472 1064 2499 aliis
1083 2471 1258 2507 prapositum
1284 2475 1328 2499 est
1351 2472 1409 2499 sive
1434 2472 1512 2507 prius
1538 2472 1694 2498 ordinatum

910 2527 980 2555 opus
993 2519 1138 2547 dicendum
1153 2518 1258 2554 ποίημα
1273 2519 1416 2552 facturam,
1427 2519 1501 2546 velut
1519 2519 1636 2554 quadam
1653 2518 1693 2545 fa-

76 2564 131 2592 brili
143 2565 350 2593 constructione
362 2565 461 2592 factam
474 2574 481 2592 :
496 2569 523 2592 et
538 2565 599 2592 loco
618 2564 752 2601 unigeniti
767 2564 814 2593 Dei
827 2567 854 2592 et
864 2565 922 2593 veri
933 2565 995 2593 Filii
1010 2564 1210 2600 πρωτόκτιστον
1228 2564 1328 2599 (primo
1342 2564 1474 2599 creatum)
1485 2564 1695 2599 appellandum?

106 2611 211 2638 Τούτων
228 2611 287 2647 γὰρ
297 2611 530 2647 κεκρατηκότων,
554 2611 665 2638 εὐκολία
682 2611 767 2646 πολλὴ
777 2611 857 2647 πρὸς

75 2656 116 2683 τὸν
132 2658 231 2684 σκοπὸν
244 2657 337 2684 αὐτῶν
353 2657 577 2692 συμπερανθῆναι
587 2656 621 2683 τὰ
636 2657 774 2692 δόγματα,
790 2657 856 2684 πάν-

943 2611 994 2639 His
1013 2611 1086 2639 enim
1112 2611 1332 2646 praevalentibus,
1358 2610 1485 2637 facillime
1509 2610 1544 2637 ad
1571 2609 1694 2644 ipsorum

909 2664 1022 2692 scopum
1050 2656 1178 2692 dogmata
1194 2656 1405 2688 concluduntur,
1428 2655 1555 2682 omnibus
1580 2660 1610 2683 ut
1626 2663 1694 2684 con-

74 2711 124 2729 των
143 2703 214 2730 κατὰ
233 2703 266 2729 τὸ
290 2703 363 2734 είκδς
383 2704 416 2729 ὲκ
436 2703 484 2738 τῆς
498 2702 625 2738 τοιαύτης
646 2702 733 2738 ἀρχῆς
746 2702 814 2737 πρὸς
827 2701 852 2728 τὲ

909 2706 1072 2733 sentaneum
1087 2710 1120 2730 ex
1135 2702 1183 2729 tali
1208 2702 1343 2737 principio
1368 2701 1401 2728 ad
1416 2700 1443 2727 id
1454 2701 1526 2735 quod
1541 2705 1583 2728 est
1599 2709 1695 2729 conse-

75 2747 215 2775 ἀκόλουθον
236 2748 440 2784 ὁδηγουμένων·
462 2749 503 2775 ὅτι
517 2748 563 2776 τὸν
584 2748 653 2783 μήτε
678 2747 857 2783 γεννηθέντα,

909 2755 997 2784 quens
1009 2747 1121 2775 directis
1137 2755 1217 2774 :eum
1239 2754 1336 2781 nempe
1346 2746 1392 2782 qui
1409 2753 1497 2780 neque
1509 2746 1628 2780 genitus.
1645 2754 1695 2774 nc-

76 2792 141 2829 μήτι
160 2794 225 2822 Υίὺν
244 2794 328 2828 ὂντα,
351 2793 395 2835 διά
412 2793 440 2835 δέ
463 2802 535 2837 τινος
549 2793 689 2830 ἐνεργείας
706 2793 852 2821 ὑποστάντα

913 2802 968 2830 que
986 2793 1072 2822 Filius
1090 2797 1142 2827 est,
1158 2792 1205 2822 sed
1220 2792 1268 2828 qui
1287 2793 1444 2828 operatione
1464 2792 1581 2828 quadam
1601 2791 1694 2821 subsi-
