1959 3075
278 97 329 126 6Ἱ5
367 117 369 122 ,

880 90 923 133 \s.
943 73 1266 118 cnsaomn’nvssem

1849 94 1891 121 676

276 158 335 188 stit,
355 159 528 183 communem
548 157 610 178 eum
641 147 697 176 Deo
725 147 826 176 habere
839 148 988 176 essentiam
1010 154 1059 174 non

1116 148 1255 173 κοινωνεῖν
1270 145 1308 182 τῷ
1321 145 1381 182 Θεῷ
1394 147 1443 183 τῆς
1455 147 1549 180 οὐσίας
1569 148 1618 184 οὐχ
1628 146 1682 176 οἷόν
1697 157 1737 176 τε.
1754 149 1821 180 Ἕως
1834 149 1853 175 δ’
1866 150 1892 176 ἂν

277 210 367 240 posse.
383 201 478 234 Quoad
505 202 595 226 autem
612 196 822 232 Evangeliorum
838 203 920 223 voces
935 195 1066 231 ιιι-πνείε-

277 251 353 280 bunt,
368 247 469 283 quibus
485 245 570 272 Filius
584 247 612 271 et
630 244 791 278 Unigenitus
803 247 830 271 et
843 251 875 271 ex
891 242 971 270 Patre
989 247 1016 270 et
1033 250 1065 269 ex

277 295 341 324 Deo,
382 297 411 320 et
452 292 519 319 talia
553 290 718 326 praedicatur
751 298 759 317 :
800 289 902 316 frustra
939 287 1066 316 delirabit

275 341 395 375 seipsum
423 342 449 366 et
479 345 544 365 SuOs
577 337 677 364 talibus
707 335 786 371 nugis
816 334 914 362 fallens
937 338 965 362 et
990 334 1065 361 deci-

275 388 364 422 piens.
379 384 445 412 Nam
469 391 531 411 cum
548 383 608 410 Filii
625 382 770 418 appellatio
793 388 885 408 veram
902 388 964 407 cum
987 379 1066 406 Patre

275 432 433 459 relationem
450 429 583 460 clamitet,
612 428 674 463 quis
692 428 729 454 ita
757 426 883 460 stupidus
902 429 929 453 et
956 432 1064 455 vecors,

275 482 304 505 ut
329 477 435 504 Joanne
462 479 490 503 et
509 475 603 507 Paulo,
621 478 648 501 et
671 473 777 507 reliquo
800 472 885 498 choro
905 475 1064 498 sanctorum

274 530 417 560 germanas
434 522 484 549 has
499 528 579 548 voces
593 525 620 547 et
644 518 856 546 necessitudinis
874 517 978 545 indices
994 523 1063 551 prae-

274 569 430 598 dicantibus
450 575 504 595 non
519 566 553 593 ad
572 566 634 593 illos
646 565 784 600 respiciat,
800 564 847 591 sed
864 563 992 590 inanibus
1005 570 1064 589 cre-

274 614 401 650 pitaculis
427 613 535 640 illectus
567 610 727 638 cavillorum
757 608 884 634 Eunomii
910 608 1063 634 doctrinam

274 661 454 696 amplectatur
467 669 473 686 :
486 660 630 694 ipsumque
642 655 804 682 Eunomium
817 655 950 681 veriorem
967 653 1064 680 docto-

273 714 331 734 rem
361 706 498 733 existimet
524 704 565 730 his
583 703 629 737 qui
648 709 661 727 a
683 700 786 735 Spiritu
803 699 885 726 alilati
914 699 1064 732 loquuntur

274 751 413 787 mysteria,
444 753 470 776 et
486 749 622 775 Christum
640 748 666 774 in
686 746 785 781 seipsis
813 745 941 780 portant?
960 743 1063 777 Quem-

273 805 337 826 nam
353 797 425 824 hunc
441 793 622 822 Eunomium?
634 792 711 820 Unde
719 792 751 819 ad
763 791 915 818 docendum
929 790 1062 817 Christia-

273 851 324 871 nos
340 840 464 869 elatum?
479 840 525 867 sed
547 840 604 866 haec
621 838 731 873 quidem
742 839 914 865 omittantur.
932 836 1020 871 Atque
1033 841 1062 863 ut

273 889 331 916 ﬁeri
348 890 436 923 potest
466 885 587 913 studium
610 884 685 910 circa
700 883 838 918 proposita
861 890 910 909 cor
936 886 1060 909 nostrum

270 934 408 969 explanet,
424 931 484 958 ﬁdei
500 931 558 957 zelo
569 934 596 957 et
611 929 708 956 ardore
724 928 855 955 adversus
870 927 1062 962 blaspheman-

270 985 313 1009 tes
335 987 417 1014 supra
436 978 545 1005 modum
563 981 680 1004 tumens.
698 976 842 1009 Quomodo
857 975 928 1002 enim
943 974 976 1001 ad
991 975 1060 1001 iram

269 1031 300 1055 et
316 1026 408 1054 odium
428 1032 482 1051 non
497 1023 710 1053 concitarcmur,
727 1021 851 1049 videntes
865 1021 949 1048 Deum
965 1024 992 1048 et
1009 1019 1061 1048 Do-

273 1071 389 1102 minum,
399 1073 426 1097 et
439 1068 586 1100 viviﬁcum,
596 1073 623 1096 et
636 1067 808 1095 Servatorem
821 1066 856 1093 ab
869 1066 929 1094 istis
944 1067 1062 1093 homun-

273 1116 343 1143 culis
356 1113 474 1142 ludibrio
489 1112 568 1145 alﬁci,
584 1116 612 1139 et
624 1112 705 1139 veluti
721 1118 800 1138 coeno
814 1111 992 1146 conspurcari
1008 1110 1062 1137 ?Si

272 1161 343 1188 enim
360 1159 425 1186 mihi
447 1162 552 1194 patrem
567 1158 659 1185 carnis
688 1157 816 1184 convitiis
845 1156 1006 1188 incesseret,
1020 1155 1063 1183 vel

269 1206 300 1232 in
317 1211 406 1231 meum
439 1202 641 1230 benefactorem
668 1201 807 1229 hostiliter
834 1209 865 1229 se
889 1201 1014 1234 haberet,
1027 1209 1062 1228 an

272 1249 469 1285 imperturbata
495 1248 586 1274 animo
615 1254 723 1281 possem
756 1247 824 1273 iram
853 1247 1004 1280 continere,
1035 1251 1062 1275 et

273 1296 343 1323 ferre
354 1302 433 1330 :equo
440 1294 531 1321 animo
540 1297 634 1320 contra
646 1293 762 1320 dilectos
770 1296 796 1319 et
804 1293 903 1320 charos
915 1292 1062 1327 injuriam?

271 1342 349 1376 Quod
366 1342 391 1369 si
401 1342 498 1368 animae
515 1347 583 1367 meae
605 1339 745 1370 Dominus,
760 1339 807 1374 qui
829 1340 916 1374 ipsum
935 1345 996 1367 ante
1006 1347 1060 1367 non

268 1387 447 1416 exsistentem
462 1385 523 1413 fecit
554 1384 714 1414 subsistere.
731 1388 759 1411 et
778 1384 805 1411 in
837 1385 996 1412 servitutem
1016 1392 1060 1412 re—

270 1432 378 1460 dactam
393 1430 526 1459 redemit:
556 1430 604 1465 qui
620 1429 683 1456 vitm
699 1429 841 1464 praesentis
857 1433 969 1465 gustum
995 1438 1061 1465 pne-

1121 192 1256 228 κρατῶσιν
1269 192 1362 220 αἰτῶν
1379 194 1551 228 Εὑαγγελιων
1569 195 1666 229 φωναὶ,
1679 195 1713 221 δι’
1727 191 1765 221 ὧν
1783 194 1841 226 Tib;
1854 195 1893 221 καὶ

1119 238 1272 274 Μονογενὴς
1286 239 1332 266 καὶ
1348 241 1380 266 ὲκ
1393 240 1440 266 τοῦ
1462 241 1569 275 Πατρδς
1594 242 1641 268 καὶ
1657 242 1689 268 ὲκ
1702 241 1749 267 τοῦ
1769 241 1840 272 Θεοῦ,
1855 241 1894 268 καὶ

1118 284 1152 311 τὰ
1167 284 1279 312 τοιαῦτα
1304 287 1489 322 κηρύσσεταιο
1507 287 1593 323 μάτην
1616 287 1729 323 ληρήσει
1740 309 1747 320 ,
1765 287 1853 315 ἑαυτὸν
1867 297 1893 314 τε

1119 329 1166 356 καὶ
1181 330 1244 361 τοὺς
1266 329 1326 356 καθ’
1352 330 1448 357 ἑαυτὸν
1467 331 1510 358 διὰ
1533 331 1588 358 τῶν
1611 332 1738 358 τοιούτων
1762 332 1894 367 φληνάφων

1119 377 1368 411 παρακρουόμενος.
1392 377 1448 413 Τὴν
1472 377 1527 413 γὰρ
1546 377 1632 413 ἀληθῆ
1654 378 1722 413 προς
1736 379 1781 405 τὸν
1798 379 1895 414 Πατέρα

1120 421 1212 456 σχέσιν
1228 422 1278 457 τῆς
1293 422 1341 449 τοῦ
1355 423 1421 449 Υίοῦ
1435 423 1622 459 προσηγορίας
1640 424 1755 459 βοὼσης,
1770 424 1810 456 τίς
1821 424 1894 456 οὕτως

1118 467 1236 502 ἠλίθιος,
1249 467 1287 499 ὡς
1307 468 1430 495 Ἰωάννου
1446 469 1493 495 καὶ
1509 469 1615 496 Παύλου
1630 470 1679 496 καὶ
1692 470 1738 496 τοῦ
1751 470 1840 496 λοιποῦ
1854 478 1895 505 χο-

1119 513 1166 549 ροῦ
1185 513 1239 540 τῶν
1256 513 1340 548 ἁγίων
1354 513 1402 545 τὰς
1419 514 1533 550 γνησίας
1549 514 1650 547 ταύτας
1671 515 1762 550 φωνὰς
1786 516 1829 542 καὶ
1851 516 1895 550 τῆς

1117 560 1282 595 οίκειότητος
1296 561 1464 593 ὲνδεικτικὰς
1479 562 1678 596 κηρυσσόντων,
1697 562 1733 597 μὴ
1754 562 1819 597 πρὸς
1832 562 1895 588 ὲκείμ

1117 615 1178 638 νους
1193 606 1312 641 βλέπειν,
1329 607 1398 634 ἀλλὰ
1416 608 1472 639 τοῖς
1488 607 1620 640 διακένοις
1631 598 1773 643 κροτάλοις
1787 608 1837 642 τῶν
1850 609 1896 635 Εὑ-

1117 653 1210 689 νομίου
1234 654 1409 688 σοφισμάτων
1431 654 1615 687 διδασκαλίαν,
1638 655 1692 681 τῶν
1703 655 1746 682 διὰ
1758 654 1805 681 τοῦ
1820 655 1897 682 Ilvati-

1119 708 1203 734 ματος
1221 698 1372 726 λαλούντων
1389 700 1536 735 μυστήρια,
1555 700 1602 726 καὶ
1622 700 1740 735 Χριστὸν
1756 701 1784 726 ὲν
1801 701 1896 732 ἑαυτοῖς

1117 745 1264 781 φερόντων,
1288 746 1419 780 Εὐνόμιον
1434 745 1613 781 ἀληθέστερον
1627 746 1748 778 οῐεσθαι;
1764 747 1829 773 Τίνα
1840 746 1896 773 τοῦ-

1118 800 1163 818 τον
1180 791 1326 826 Εὐνόμιονς
1350 791 1402 818 Τὸν
1426 790 1507 818 πόθεν
1524 792 1564 823 εἰς
1582 791 1613 818 τό
1635 792 1812 827 καθηγεῖσθαι
1834 793 1896 828 Χρι-

1078 824 1102 854 B
1118 824 1426 872 octavobc'érrapeéwa;
1447 836 1528 863 Ἀλλὰ
1551 837 1637 863 ταῦτα
1660 824 1718 873 μὲν,
1733 838 1833 864 ὲάσθω·
1855 824 1897 864 καὶ

1116 882 1154 914 ὡς
1167 881 1224 908 ἐστι
1236 881 1348 908 δυνατὸν
1361 883 1378 917 ἡ
1401 891 1434 908 πε
1439 882 1467 918 pl.
1479 882 1514 910 τὰ
1526 883 1692 918 προκείμενα
1705 883 1807 919 σπουδὴ
1821 892 1898 911 κατα-

1116 927 1244 954 λεαινέτω
1258 927 1307 962 τὴν
1318 927 1430 963 καρδίαν
1443 919 1532 963 ἡμῶν,
1549 927 1622 963 ζήλῳ
1635 928 1686 964 τῆς
1697 929 1815 960 πίστεως
1834 929 1898 955 κατὰ

1116 973 1170 1000 τῶν
1189 972 1420 1008 βλασφημούντων
1435 974 1686 1009 ὑπεροιδαίνουσαν.
1701 975 1764 1006 Πῶς
1779 976 1832 1010 γὰρ
1845 974 1898 1001 ἐστι

1118 1018 1155 1054 μὴ
1167 1018 1386 1054 παρακινηθῆναι
1400 1019 1468 1054 πρὸς
1480 1019 1564 1055 ὀργὴν
1580 1019 1627 1046 καὶ
1645 1020 1804 1055 ἀπέχθειαν,
1819 1021 1846 1047 ἐν
1862 1020 1899 1055 τῷ

1115 1065 1160 1091 τὸν
1185 1064 1252 1091 Θεὸν
1279 1064 1358 1100 ἡμῶν
1384 1065 1431 1091 καὶ
1456 1065 1611 1100 Δεσπότην,
1634 1065 1680 1092 καὶ
1694 1065 1835 1098 ζωοποιὸν,
1854 1067 1898 1092 καὶ

1115 1111 1246 1146 Σωτῆρα,
1262 1110 1339 1145 παρὰ
1357 1110 1412 1137 τῶν
1431 1110 1628 1146 ἀνθρωπίσκων
1644 1111 1746 1138 τούτων
1764 1112 1897 1147 προπηλα-

1113 1156 1253 1189 κίζεσθαις
1278 1157 1310 1183 Εί
1324 1156 1379 1191 γάρ
1397 1165 1440 1190 μοι
1456 1156 1502 1183 τὸν
1520 1156 1571 1191 τῆς
1586 1157 1686 1192 σαρκὸς
1703 1157 1832 1194 ἐλοιδόρει
1850 1167 1897 1185 πα-

1113 1202 1190 1238 τέρα.
1202 1202 1219 1237 ἢ
1235 1202 1303 1237 πρὸς
1315 1202 1360 1229 τὸν
1373 1202 1519 1238 εὐεργέτην
1537 1200 1593 1237 εἶχε
1608 1202 1654 1229 τὸν
1671 1203 1737 1238 ὲμὺν
1753 1204 1897 1238 δυσμενῶς,

1114 1246 1168 1283 ἆρα
1184 1247 1296 1274 δυνατὸν
1306 1245 1342 1283 ἦν
1355 1247 1468 1279 ἀπαθῶς
1480 1247 1612 1283 βαστάσαι
1623 1249 1672 1284 τὴν
1685 1250 1756 1276 κατὰ
1771 1250 1826 1276 τῶν
1837 1251 1898 1284 ἁγα-

1114 1293 1247 1328 πωμένων
1256 1293 1341 1329 ὀργήν
1351 1301 1358 1326 ς
1372 1294 1403 1319 Εἰ
1413 1293 1440 1319 δὲ
1453 1295 1468 1320 ό
1478 1295 1526 1329 τῆς
1542 1294 1632 1329 ψυχῆς
1641 1296 1691 1330 τῆς
1701 1295 1773 1330 ὲμῆς
1790 1295 1896 1331 Κύριος,

1115 1338 1152 1373 μὴ
1167 1335 1248 1365 οὖσαν
1261 1337 1346 1373 αὐτὴν
1360 1338 1517 1374 ὑποστήσας
1527 1358 1533 1370 ,
1547 1339 1594 1365 καὶ
1613 1339 1793 1367 δουλωθεῖσαν
1806 1340 1896 1376 ἐξαγο-

1115 1385 1200 1418 ράσας
1209 1391 1216 1397 ·
1232 1384 1246 1411 ό
1257 1384 1306 1419 τῆς
1313 1392 1343 1410 τε
1353 1383 1493 1419 παρούσης
1504 1385 1606 1418 γεύσας
1616 1385 1698 1420 ζωῆς,
1715 1386 1764 1412 καὶ
1779 1386 1828 1421 τὴν
1840 1387 1898 1421 μὲλ-

1113 1428 1212 1455 λουσαν
1228 1431 1441 1465 παρασκευάσας
1451 1437 1458 1445 ·
1472 1430 1486 1455 ό
1501 1429 1570 1465 πρὸς
1585 1430 1724 1465 βασιλείαν
1739 1431 1841 1464 καλῶν,
1856 1433 1898 1459 καὶ

270 1479 341 1511 buit,
355 1481 382 1506 et
396 1477 516 1505 futuram
530 1476 692 1511 praeparavit
704 1484 711 1509 ;
732 1476 778 1510 qui
797 1476 829 1503 ad
845 1484 958 1511 regnum
970 1482 1057 1509 vocat,

1114 1475 1187 1506 ὅπως
1201 1475 1233 1502 ἂν
1247 1475 1395 1510 φεύγοιμεν
1409 1475 1459 1510 τὴν
1468 1476 1518 1510 τῆς
1532 1476 1644 1511 γεέννης
1655 1477 1821 1513 κατάκρισιν
1835 1487 1897 1514 παρ-

270 1528 298 1553 et
312 1524 448 1560 quomodo
465 1523 594 1558 gehenna:
619 1522 753 1557 judicium
776 1521 912 1557 fugiamus
931 1523 1058 1557 mandat;

271 1578 354 1606 parva
373 1570 435 1596 dico
452 1569 520 1601 haec,
540 1575 628 1602 neque
658 1567 747 1594 adhuc
773 1567 928 1595 communis
953 1567 1060 1595 Domini

271 1615 415 1649 majestate
437 1613 519 1648 digna
533 1621 540 1639 :
557 1613 603 1647 qui
617 1612 650 1639 ab
666 1611 740 1639 omni
767 1616 891 1638 creatura
917 1612 1058 1645 adoratur,

269 1660 440 1691 caelestibus,
453 1658 639 1690 terrestribus,
655 1657 896 1689 subterrestribus,
912 1658 956 1684 cui
975 1657 1061 1685 adsti-

271 1709 364 1735 terunt
382 1705 570 1732 ministrorum
599 1703 754 1731 caelestium
779 1703 874 1731 decem
897 1703 982 1730 millia
1001 1712 1007 1730 :
1025 1704 1058 1731 ad

271 1757 351 1785 quem
366 1756 527 1776 conversum
541 1751 583 1775 est
595 1752 681 1776 totum
704 1747 755 1775 hoc
766 1755 847 1775 omne
861 1748 934 1783 quod
948 1748 994 1776 hic
1011 1748 1059 1776 ad-

271 1791 443 1818 ministratur
453 1793 480 1817 et
493 1789 599 1816 honesti
623 1789 760 1817 desiderio
781 1794 904 1822 tenetur;
930 1790 953 1817 si
974 1790 1018 1818 hic
1030 1791 1058 1818 in

269 1837 420 1865 convitium
431 1835 587 1863 hominibus
600 1836 756 1870 exponitur,
773 1835 874 1870 quibus
888 1843 941 1863 non
959 1836 1059 1864 suﬂicit

270 1883 358 1910 solum
388 1882 493 1916 seipsos
514 1881 657 1916 particulae
684 1881 767 1915 hujus
794 1886 936 1917 apostatze,
956 1882 984 1909 id
1003 1886 1057 1915 est,

269 1927 426 1959 defectoris,
443 1927 640 1958 adhaerescere,
662 1928 709 1954 sed
734 1927 865 1955 damnum
890 1928 1058 1956 arbitrantur

269 1981 326 2000 non
344 1973 425 2000 etiam
443 1972 514 1999 alios
531 1979 623 1999 secum
640 1971 669 1999 in
699 1972 856 2000 barathrum
879 1973 937 2001 sive
949 1974 1054 2009 voragi-

268 2026 331 2047 nem
354 2019 411 2045 suis
430 2017 541 2052 scriptis
551 2018 728 2052 pertraxisse,
748 2022 778 2045 ut
794 2019 911 2053 posteris
935 2027 990 2046 non
1010 2020 1059 2047 de-

268 2065 343 2093 ﬁciat
358 2064 391 2091 ad
417 2064 559 2090 interitum
575 2062 703 2090 deductio
724 2071 732 2090 :
763 2064 885 2099 nunquid
904 2065 966 2100 quis
987 2065 1057 2093 iram

266 2111 296 2140 in
305 2117 354 2138 eos
369 2113 528 2143 conceptam
544 2107 654 2143 culpat“!
672 2107 724 2136 Sed
741 2109 774 2136 ad
789 2116 821 2136 ea
832 2117 893 2144 quae
904 2115 1058 2146 sequuntur

266 2162 451 2185 recurramus.

300 2199 469 2227 Criminatur
484 2197 556 2225 enim
572 2197 599 2224 in
618 2197 798 2232 sequentibus
821 2206 872 2227 nos
886 2207 986 2230 rursus
1001 2202 1055 2230 hu-

268 2245 357 2272 manis
377 2243 606 2271 similitudinibus
629 2242 691 2270 Filii
713 2244 916 2278 generationem
937 2246 1055 2276 dedeco-

266 2299 340 2323 rare,
356 2294 437 2325 atque
447 2297 541 2316 eorum
553 2297 613 2324 quae
625 2296 641 2316 a
655 2292 751 2317 nostro
763 2294 840 2325 patre
853 2291 886 2320 de
899 2292 942 2320 his
953 2294 1055 2329 scripta

267 2341 332 2365 sunt
348 2335 488 2363 meminit:
506 2336 536 2362 in
552 2335 663 2370 quibus,
683 2336 781 2372 inquit,
798 2337 853 2364 duo
869 2345 933 2365 cum
950 2340 1055 2374 signiﬁ-

266 2386 364 2409 cenlur
375 2389 409 2408 ex
419 2380 484 2408 Filii
501 2388 578 2413 voce,
592 2388 690 2416 nempe
705 2389 736 2409 ea
747 2390 808 2417 quae
825 2382 854 2410 ﬁt
867 2391 916 2418 per
927 2383 1053 2413 affectum

267 2427 423 2463 productio,
438 2432 465 2454 et
477 2434 509 2454 ea
527 2434 587 2462 qua:
604 2434 666 2454 cum
683 2435 716 2455 eo
728 2429 774 2463 qui
794 2429 889 2463 genuit
907 2429 1055 2458 intercedit

266 2474 455 2509 germanitas:
474 2472 540 2500 illud
557 2473 666 2508 quidem
682 2473 754 2508 quod
777 2473 934 2502 indecorum
952 2480 980 2503 et
993 2483 1054 2503 car-

267 2519 329 2547 nale
345 2523 397 2552 est,
413 2519 440 2546 in
457 2519 557 2546 divinis
574 2519 748 2547 sermonibus
761 2527 814 2546 non
829 2519 989 2555 admittere;
1002 2521 1053 2550 hoc

266 2572 331 2592 vero
342 2569 473 2599 quantum
492 2565 525 2592 ad
542 2565 728 2592 testimonium
744 2565 836 2599 gloriae
850 2565 986 2602 Unigeniti
999 2573 1051 2600 est,

266 2610 318 2637 hoc
333 2610 419 2637 solum
443 2610 469 2637 in
485 2611 602 2638 excelsis
621 2610 793 2637 documentis
815 2618 966 2639 assumere.
984 2612 1052 2645 Quis

266 2656 349 2691 igitur
364 2656 491 2683 humanis
507 2656 683 2690 opinionibus
703 2655 764 2682 Filii
782 2657 984 2691 generationem
1002 2658 1052 2686 dea

265 2701 386 2734 decorat,
403 2702 450 2736 qui
470 2701 542 2736 quod
559 2701 689 2736 passibile
702 2705 744 2728 est
758 2705 786 2728 et
799 2701 948 2729 humanum
963 2708 1052 2730 exter-

265 2746 351 2773 minat
370 2754 385 2772 a
407 2746 499 2772 divina
518 2745 710 2780 generatione,
731 2746 936 2782 impassibiliter
959 2751 1049 2775 autem

264 2791 363 2820 Filium
376 2799 439 2819 cum
453 2798 486 2819 eo
498 2791 545 2827 qui
567 2791 660 2828 genuit
673 2792 783 2827 copulat
796 2800 802 2819 :
816 2800 852 2821 an
865 2794 911 2829 qui
927 2801 1050 2822 commu-

1111 1520 1217 1555 εγγυῶν
1237 1520 1335 1556 (μικρὰ
1347 1520 1418 1555 λέγω
1429 1520 1515 1547 ταῦτα
1528 1521 1575 1547 καὶ
1587 1521 1663 1548 οὔπω
1677 1523 1727 1556 τῆς
1746 1522 1795 1548 τοῦ
1811 1523 1897 1550 κοινοῦ

1111 1566 1245 1593 Δεσπότου
1276 1566 1470 1602 μεγαλωσύνης
1493 1567 1619 1603 ἐπάξια),
1649 1567 1702 1594 ὑπὸ
1732 1568 1825 1604 πάσης
1851 1569 1898 1604 τῆς

1111 1613 1226 1644 κτίσεως
1240 1612 1488 1648 προσκυνούμενος,
1503 1614 1681 1650 ἐπουρανίων,
1694 1615 1835 1649 ἐπιγείων,
1853 1626 1900 1643 κα-

1110 1656 1272 1693 ταχθονίωψ
1291 1655 1313 1692 ᾦ
1337 1659 1545 1694 παρεστήκεσαν
1563 1658 1618 1685 τῶν
1639 1660 1700 1686 κατ’
1719 1661 1834 1696 οὖρανὺν
1847 1661 1899 1688 λει-

1109 1703 1232 1738 τουργῶν
1257 1702 1404 1738 μυριάδες·
1420 1703 1488 1738 πρὸς
1508 1702 1538 1729 ὃν
1561 1703 1749 1739 ἐπέστραπται
1768 1706 1822 1732 πᾶν
1841 1706 1900 1732 ὅσον

1110 1748 1160 1775 ὧδε
1171 1749 1285 1775 οἰκεῖται
1296 1749 1345 1775 καὶ
1363 1748 1410 1775 τοῦ
1425 1748 1507 1775 καλοῦ
1517 1749 1567 1784 τὴν
1578 1749 1671 1784 ἔφεσιν
1687 1750 1744 1785 ἔχει
1756 1760 1764 1766 ι
1782 1753 1808 1778 εὶ
1825 1748 1900 1784 οὗτος

1110 1794 1232 1821 ἔκκειται
1258 1794 1325 1829 πρὸς
1340 1794 1473 1830 λοιδορίαν
1493 1794 1663 1831 ἀνθρώποις,
1688 1793 1730 1828 οἷς
1744 1797 1796 1823 οὐκ
1823 1797 1901 1833 ἀρκεῖ

1111 1839 1191 1874 μόνον
1204 1838 1234 1865 τὺ
1258 1839 1369 1870 ἑαυτοὺς
1387 1841 1419 1874 τῇ
1441 1839 1529 1874 μερίδι
1551 1840 1598 1866 τοῦ
1619 1841 1773 1868 ἀποστάτου
1791 1851 1901 1877 προσοι-

1109 1884 1238 1918 κειῶσαι,
1262 1884 1331 1911 ἀλλὰ
1349 1885 1450 1920 ζημίαν
1467 1885 1606 1912 ποιοῦνται
1629 1886 1660 1912 τὸ
1677 1886 1715 1921 μὴ
1737 1888 1786 1914 καὶ
1804 1888 1901 1920 ἄλλους

1107 1931 1148 1962 είς
1159 1931 1190 1957 τδ
1203 1930 1285 1956 αὐτοῦ
1300 1930 1435 1966 βάραθρον
1447 1931 1506 1965 μεθ’
1517 1931 1621 1958 ἑαυτῶν
1636 1933 1843 1966 ὲιρελκύσασθαι
1858 1935 1901 1961 διὰ

1107 1977 1158 2012 τῆς
1168 1977 1350 2012 λογογραφίας
1360 1984 1367 1991 ·
1380 1976 1418 2008 ὡς
1432 1976 1465 2003 ἂν
1482 1976 1518 2012 μὴ
1530 1976 1617 2003 λείποι
1629 1979 1685 2009 τοῖς
1700 1979 1902 2015 ἐπιγινομένοις

1108 2023 1125 2058 ἡ
1145 2023 1213 2058 πρὸς
1231 2022 1278 2048 τὸν
1291 2022 1400 2058 ὅλεθρον
1419 2022 1602 2058 χειραγωγία·
1628 2021 1685 2058 ἆρά
1703 2032 1747 2055 τις
1763 2026 1902 2060 μέμφεται

1107 2069 1156 2104 τὴν
1171 2069 1218 2095 ἐπὶ
1235 2067 1340 2100 τούτοις
1358 2067 1463 2104 ὀργήν;
1482 2068 1563 2095 Ἀλλὰ
1586 2069 1653 2102 πρὸς
1671 2069 1721 2104 τὴν
1736 2071 1901 2099 ἀκολουθίαν

1110 2113 1357 2150 ὲπαναδράμωμεν.

1146 2201 1288 2230 Διαὸάλλει
1297 2201 1353 2237 γὰρ
1368 2201 1397 2227 ὲν
1408 2201 1465 2232 τοῖς
1478 2202 1578 2237 ἑφεξῆς
1594 2202 1675 2230 πάλιν
1695 2205 1772 2240 ἡμᾶς
1785 2206 1827 2238 ὡς
1845 2209 1904 2239 ταῖς

1109 2248 1292 2284 ἀνθρωπίναις
1312 2247 1466 2282 ὁμοιότησιν
1492 2248 1674 2283 ἀτιμάζοντας
1695 2250 1744 2277 τοῦ
1771 2252 1842 2279 Υίοῦ
1857 2255 1904 2288 τὴν

1108 2295 1250 2330 γέννησιν,
1276 2293 1323 2320 καὶ
1348 2293 1484 2329 μέμνηται
1506 2302 1539 2328 γε
1561 2295 1616 2321 τῶν
1639 2299 1849 2332 γεγραμμένων
1868 2300 1905 2334 τῷ

1107 2340 1234 2376 ἡμετέρῳ
1244 2339 1328 2375 πατρὶ
1338 2340 1402 2375 περὶ
1410 2340 1512 2366 τούτων
1523 2348 1531 2356 ·
1545 2342 1574 2368 ὲν
1590 2339 1631 2373 οῖς
1651 2351 1728 2378 φησι,
1739 2344 1789 2370 δύο
1801 2353 1905 2380 σημαιι

1107 2384 1228 2420 νομένων
1247 2385 1280 2410 ὲκ
1293 2384 1342 2418 τῆς
1357 2384 1405 2410 τοῦ
1419 2384 1483 2411 Υίοῦ
1503 2386 1595 2421 φωνῆς
1605 2406 1612 2418 ,
1625 2387 1677 2422 τῆς
1688 2396 1717 2414 τε
1734 2389 1780 2415 διὰ
1799 2389 1904 2419 πάθους

1107 2429 1276 2461 συστάσεως,
1304 2429 1351 2455 καὶ
1367 2429 1417 2463 τῆς
1436 2429 1505 2464 πρὸς
1528 2429 1572 2456 τὸν
1589 2432 1775 2467 γεγεννηκότα
1793 2433 1904 2468 γνησιό-

1105 2482 1184 2509 τητος
1195 2482 1202 2489 ο
1217 2473 1248 2500 τὸ
1265 2473 1314 2509 μὲν
1328 2474 1451 2510 ἀπρεπὲς
1466 2476 1514 2502 καὶ
1536 2477 1675 2512 σαρκῶδες
1689 2478 1719 2504 ἐν
1738 2480 1800 2511 τοῖς
1821 2479 1903 2511 θείοις

1107 2520 1144 2555 μὴ
1158 2520 1317 2554 προσίεσθαι
1332 2520 1420 2555 λόγοις
1431 2530 1438 2537 ·
1455 2522 1485 2549 τὸ
1502 2522 1531 2548 δὲ
1545 2523 1606 2549 ὅσον
1622 2525 1662 2555 εἰς
1678 2526 1839 2561 μαρτυρίαν
1855 2526 1903 2560 τῆς

1105 2566 1152 2592 τοῦ
1171 2566 1339 2600 Μονογενοῦς
1349 2567 1427 2602 δόξης
1443 2567 1509 2600 ἐστὶ,
1526 2569 1604 2595 τοῦτο
1622 2570 1702 2604 μόνον
1716 2572 1746 2597 ὲν
1757 2573 1818 2603 τοῖς
1834 2571 1903 2605 ὑψη-

1105 2611 1161 2643 λοῖς
1190 2612 1449 2647 παραλαμϐάνεσθαι
1470 2613 1597 2649 δόγμασι.
1620 2615 1667 2653 Τίς
1689 2613 1736 2643 οὖν
1768 2616 1900 2651 ἀτιμάζει

1104 2659 1165 2688 ταῖς
1181 2657 1365 2693 ἀνθρωπίναις
1380 2659 1527 2695 ὑπολήψεσι
1547 2660 1592 2686 τοῦ
1609 2660 1673 2687 Υίοΰ
1688 2662 1738 2697 τὴν
1758 2664 1900 2697 γέννησιν,

1105 2702 1119 2728 ό
1132 2702 1259 2738 ἐξορὶζων
1271 2703 1321 2738 τῆς
1338 2704 1414 2736 θείας
1458 2706 1594 2741 γενῆσεως
1604 2707 1634 2733 τὺ
1650 2708 1773 2744 παθητὸν
1789 2709 1838 2735 καὶ
1851 2708 1900 2735 ἀντ

1104 2747 1249 2784 θρώπινον,
1268 2750 1381 2782 ἀπαθῶς
1400 2751 1429 2777 δὲ
1450 2752 1592 2779 συνάπτων
1611 2753 1657 2779 τὸν
1673 2753 1738 2780 ne»
1750 2755 1790 2789 τῷ
1802 2753 1899 2789 γεννίΓ

1104 2800 1193 2821 σαντι·
1210 2794 1226 2830 ἤ
1246 2796 1260 2822 ὁ
1275 2795 1430 2835 κοινοποιῶν
1446 2796 1513 2834 πρᾷς
1533 2798 1584 2834 τὴν
1603 2799 1677 2827 κάτω
1695 2801 1786 2838 κτίσιν
1801 2802 1850 2828 τὸν
1865 2800 1900 2826 τὰ
