1959 3075
102 110 151 138 671

660 105 803 135 CONTRA
821 105 1020 140 EUNOMIUM,
1039 106 1105 134 LIB.
1125 106 1157 134 ν.

1673 103 1725 132 678

103 170 184 196 πάντα
201 163 394 202 παραγαγόντα
411 164 451 196 εἰς
467 163 589 198 γένεσιν;
613 164 692 192 Ἀλλά
707 164 738 192 τὸ
755 165 885 198 τοιοῦτον,

943 172 998 192 nem
1011 165 1077 192 facit
1087 171 1149 192 eum
1166 163 1212 199 qui
1226 164 1318 192 omnia
1333 163 1366 191 ad
1380 163 1583 199 generationem
1610 163 1724 191 adduxit

100 214 136 245 ὡς
150 212 252 242 ἔοικεν,
268 210 285 245 ἡ
310 209 390 245 καινὴ
407 208 476 244 αὕτη
498 210 578 244 σοφία
597 209 664 246 πρὸς
685 210 797 246 ἀτιμίαν
812 210 884 238 ἔοικε

102 259 219 295 βλέπειν,
237 256 265 283 τὸ
279 257 312 291 τῇ
341 255 528 291 μεγαλειότητι
551 255 598 282 τοῦ
624 256 731 292 Πατρός
750 257 796 284 τὸν
820 258 884 284 Υἰὺν

100 304 240 335 οἰκειῶσαι,
259 302 329 337 μέγα
345 302 373 328 δὲ
396 302 443 329 καὶ
459 302 559 337 ὑψηλὸν
576 302 606 328 τὸ
622 305 787 337 καταγαγεῖν
804 303 883 330 αὐτὸν

100 351 136 382 εἰς
147 348 287 385 ὀμοτιμίαν
304 348 352 383 τῆς
365 349 432 383 ἡμῖν
446 348 589 383 ὁμοδούλου
605 349 729 380 κτίσεως.
747 350 778 376 Ὢ
798 349 884 376 κενῶν

99 395 286 431 ὲγκλημάτωνί
311 395 450 427 Βασίλειος
472 395 509 427 ὡς
526 395 667 431 ἀτιμάζων
683 396 728 423 τὸν
744 396 808 423 Υἱὺν
826 397 884 423 δια-

99 442 228 473 ϐάλλεται,
254 441 269 466 ὀ
297 441 384 476 τιμῶν
407 440 488 467 αὐτὸν
511 440 601 472 καθὼς
620 442 731 477 τιμᾶται
749 439 762 467 ὁ
777 444 882 478 Πατήρ.

99 487 148 514 Καὶ
167 486 295 520 Εὐνόμιος
311 486 361 521 τῆς
375 486 457 521 τιμῆς
472 485 518 512 τοῦ
540 486 707 520 Μονογενοῦς
725 487 884 523 ὑπερμάχε-

98 541 154 565 ται,
168 532 182 558 ὁ
204 532 254 567 τῆς
279 531 386 566 ἀγαθῆς
413 531 520 565 φύσεως
540 531 586 557 τοῦ
613 532 718 568 Πατρδς
733 533 881 567 ἀφανίζων.

98 577 224 612 Τοιαύτην
240 576 302 612 ἔσχε
323 577 371 603 καὶ
392 576 497 607 Παῦλος
522 576 611 602 αἰτίαν
638 578 702 610 παρ’
733 577 882 612 Ἀθηναίοις

98 623 157 650 ποτὲ
173 623 240 658 πρὸς
255 623 341 658 αὐτὴν
361 622 473 649 ἐκείνων
488 623 725 659 κατηγορούμενος
735 645 741 655 ,
759 623 797 656 ὡς
822 624 883 657 ξένα

97 668 284 702 καταγγέλλων
303 668 447 706 δαιμόνια,
462 669 506 695 ὅτε
527 669 575 704 τὴν
593 670 656 706 περὶ
676 670 738 701 τοὺς
754 670 884 705 δαίμονας

98 714 194 748 πλάνην
207 713 262 740 τῶν
277 713 528 748 είδωλομανούντων
543 713 668 748 διήλεγχε
688 714 735 741 καὶ
748 714 816 748 πρὸς
835 715 883 750 τὴν

97 758 219 794 ἀλήθειαν
249 757 439 794 ἐχειραγώγει,
464 758 656 792 καταγγέλλων
670 759 700 786 ὲν
716 761 755 795 τῷ
780 761 882 796 Ἀρειο-

97 805 170 839 πάγῳ
182 804 232 839 τὴν
251 804 410 831 ἀνάστασιν.
427 803 519 830 Ταῦτα
535 805 582 831 καὶ
597 805 644 831 νῦν
662 805 686 831 οἱ
701 805 756 834 νέοι
767 805 883 833 Στωϊκοὶ

935 218 996 238 cum
1007 214 1133 237 creatura
1146 209 1259 236 inﬁma?
1271 209 1323 237 Sed
1337 210 1388 237 hoc
1401 210 1498 241 tale,ut
1509 214 1724 236 consentaneum

933 261 985 288 est,
1003 263 1072 284 nova
1090 255 1146 283 haec
1162 256 1293 290 sapientia
1307 255 1341 282 ad
1359 255 1536 291 ignominiam
1555 255 1663 282 videtur
1679 254 1725 282 in-

934 302 1015 333 tueri,
1030 308 1126 336 nempe
1140 300 1274 334 majestati
1288 300 1377 327 Patris
1387 298 1486 326 Filium
1497 299 1655 330 conciliare,
1665 305 1724 325 ma-

934 354 1016 382 gnum
1034 350 1123 373 autem
1140 349 1166 372 et
1182 345 1318 372 excelsum
1331 345 1418 379 ipsum
1433 345 1568 372 adducere
1583 344 1615 371 ad
1631 351 1724 379 aequa-

935 393 986 420 lem
1005 392 1133 419 honorem
1149 393 1282 418 creaturae
1296 391 1374 418 nobis
1386 398 1534 418 conservae.
1551 390 1573 417 Ο
1585 398 1654 418 vana
1670 390 1723 417 cri-

935 439 1007 466 mina
1019 439 1026 465 !
1046 437 1163 465 Basilius
1176 440 1204 464 ut
1220 436 1318 464 Filium
1331 436 1463 463 dedecore
1475 436 1595 463 alliciens
1609 436 1724 463 insimu-

935 486 1016 518 latur,
1033 484 1079 520 qui
1095 484 1160 511 colit
1176 484 1276 518 ipsum,
1292 483 1362 510 sicut
1374 483 1473 509 colitur
1483 482 1572 510 Pater.
1588 482 1621 509 Et
1635 481 1725 509 Euno-

934 530 1006 557 mius
1020 537 1070 565 pro
1086 529 1189 556 honore
1206 527 1341 562 Unigeniti
1358 532 1469 563 pugnat,
1490 529 1535 563 qui
1551 529 1620 556 bona
1636 527 1725 556 Patris

934 577 1031 600 natura
1044 574 1132 608 ipsum
1146 573 1243 608 privat.
1263 572 1426 607 Hujusmodi
1443 573 1544 600 crimen
1562 573 1632 607 apud
1644 574 1727 600 Athe-

934 620 1044 647 nienses
1057 618 1194 654 quondam
1210 618 1311 646 Paulus
1328 618 1490 645 incurrit":
1505 626 1567 645 eum
1581 626 1726 646 accusare-

935 670 979 693 tur
989 666 1059 700 quod
1072 665 1214 699 peregrina
1226 665 1400 691 annuntiaret
1410 664 1553 696 dzemonia,
1562 668 1725 691 cumtamen

934 713 1007 739 circa
1022 711 1158 739 daemones
1173 718 1295 738 errorem
1307 717 1401 737 eorum
1416 709 1461 744 qui
1479 710 1575 736 insano
1591 709 1724 737 idolorum

933 757 1017 785 cultui
1036 760 1115 783 erant
1136 756 1230 788 dediti,
1255 755 1475 790 reprehenderet,
1492 759 1519 782 et
1532 754 1567 781 ad
1583 754 1725 782 veritatem

934 812 1016 831 manu
1029 803 1151 834 duceret,
1169 802 1335 830 annuntians
1351 802 1378 828 in
1396 802 1536 836 Areopago
1547 801 1727 828 resurrectio-

97 850 138 876 καὶ
157 848 338 884 Ἐπικούρειοι
350 848 388 884 τῷ
406 850 512 885 μιμητῇ
529 848 576 876 τοῦ
591 848 698 876 Παύλου
712 849 882 884 προσφέρου-

943 856 1007 876 iem.
1016 847 1079 876 Haec
1088 848 1169 875 etiam
1179 855 1251 875 nunc
1261 848 1322 874 novi
1331 847 1415 875 Stoici
1425 852 1448 874 et
1461 847 1585 882 Epicurei
1595 847 1726 874 imitatori

98 904 144 926 σιν,
163 896 187 921 ol
204 895 245 926 εἰς
261 895 338 921 οὐδὲν
361 894 455 930 ἕτερον
475 894 683 931 εὐκαιροῦντες,
704 891 796 926 καθὼς
820 895 885 930 περὶ

96 939 145 966 τῶν
162 939 314 974 Ἀθηναίων
335 939 352 974 ἡ
370 939 474 975 ἱστορία
497 939 598 974 φησὶν,
617 939 633 975 ἢ
648 941 688 971 εις
705 940 734 966 τὸ
750 939 838 973 λέγειν
858 949 884 966 τι

44 985 46 992 ¹
97 985 139 1011 καὶ
145 983 254 1010 ἀκούειν
266 984 471 1019 καινότερον.Τί
479 984 533 1020 γὰρ
540 984 573 1011 ἂν
581 985 610 1011 εὐ
616 985 707 1020 ρεθείη
715 985 816 1011 τούτων
824 993 885 1011 και-

97 1030 214 1065 νότερον,
234 1030 300 1061 Υἱὸς
323 1030 473 1065 ἐνεργείας,
491 1031 537 1058 καὶ
552 1031 647 1067 Πατὴρ
662 1031 821 1067 κτίσματος,
839 1031 886 1057 καὶ

95 1074 157 1106 Θεὸς
173 1075 331 1110 πρόσφατος
347 1075 379 1101 ἐκ
392 1075 440 1102 τοῦ
468 1076 505 1111 μὴ
522 1076 598 1107 ὕντος
623 1076 824 1111 ἀναφυόμενος,
839 1076 885 1102 καὶ

96 1120 190 1154 ἀγαθὸν
203 1119 308 1154 ἀγαθοῦ
322 1119 559 1156 παρηλλαγμένον;
576 1117 656 1147 Οὗτοί
667 1122 735 1147 εἰσιν
745 1121 768 1147 οἱ
783 1121 826 1148 διὰ
837 1121 884 1147 τοῦ

97 1165 131 1201 μὴ
142 1163 209 1192 εἶναι
231 1165 315 1192 αὑτὸν
329 1165 430 1200 λέγειν,
447 1167 516 1202 ὅπερ
529 1165 603 1192 ἐστὶν
614 1167 631 1202 ἡ
648 1165 694 1192 τοῦ
705 1167 886 1202 γεννήσαντος

96 1210 185 1245 φύσις,
202 1211 287 1246 τιμᾷν
304 1210 531 1245 προσποιούμενοι
553 1211 614 1242 ταῖς
633 1210 818 1246 καθηκούσαις
844 1217 886 1236 τι-

97 1257 164 1292 μαῖς.
182 1253 247 1291 Ἆρ’
278 1255 393 1282 αἰδεῖται
411 1256 442 1282 τὸ
458 1254 528 1288 εἶδος
551 1255 602 1291 τῆς
625 1256 753 1290 τοιαύτης
773 1256 856 1291 τιμῆς
872 1257 886 1282 ὁ

96 1301 241 1337 Εὺνόμιος,
263 1301 288 1328 εἰ
313 1302 351 1337 μὴ
375 1301 444 1337 προς
460 1301 506 1328 τὸν
528 1301 639 1337 Πατέρα
661 1301 736 1336 λέγοι
750 1310 792 1333 τις
805 1302 886 1328 αὑτὸν

95 1346 284 1373 οἰκειώσασθαι
299 1348 332 1382 τῇ
348 1346 438 1381 φύσει,
451 1346 519 1373 ἀλλά
534 1346 602 1382 πρός
618 1356 644 1373 τι
654 1347 708 1374 τῶν
720 1347 886 1383 ἑτερογενῶν

94 1392 140 1427 τὴν
154 1392 298 1419 κοινωνίαν
312 1392 403 1427 ἔχειν;
424 1393 455 1419 Ei
471 1393 526 1428 γὰρ
545 1394 559 1419 ὁ
572 1393 640 1428 πρὸς
658 1393 707 1428 τὴν
723 1393 811 1420 κτίσιν
830 1402 887 1420 κοι-

95 1437 206 1464 νοποιῶν
227 1437 277 1464 τὸν
305 1437 356 1473 τῆς
373 1438 488 1469 κτίσεως
502 1437 614 1473 Κύριον,
638 1439 721 1474 τιμᾷν
738 1439 767 1465 ὲν
783 1438 886 1470 τούτοις

95 1482 170 1509 αὐτὸν
181 1482 343 1519 διορίζεται,
358 1484 484 1519 τιμάσθω
499 1484 546 1511 καὶ
561 1481 638 1516 οὗτος
651 1484 719 1520 πρὸς
746 1484 776 1510 τὸ
791 1484 886 1518 ἀλογον

95 1526 111 1563 ἢ
129 1518 293 1564 ἀναίσθητον
318 1518 394 1557 κατάγ
406 1529 455 1565 τὴν
478 1530 559 1564 φύσιν
581 1518 826 1565 κοινοττοιούμενος.
852 1531 884 1557 Et
899 1518 920 1546 θ

94 1573 121 1601 δὲ
140 1574 226 1610 τούτῳ
249 1575 367 1612 χαλεπὸν
388 1577 434 1602 καὶ
456 1576 619 1612 ὲφύὸριστον
636 1577 653 1612 ἡ
668 1577 736 1613 πρὸς
748 1576 778 1603 τὸ
794 1577 884 1612 χεῖρόν

48 1641 52 1643 _
96 1620 148 1646 ἐστι
160 1621 300 1652 κοινωνία,
317 1621 375 1654 πῶς
389 1621 428 1657 τῷ
447 1621 634 1649 δεσποτεύοντι
648 1625 676 1649 ὲν
689 1624 721 1658 τῇ
741 1623 886 1659 δυναστείᾳ

95 1666 172 1693 αὑτοῦ
186 1667 233 1694 τοῦ
261 1667 377 1701 αἰῶνος,
395 1667 486 1699 καθώς
503 1676 586 1703 φησιν
606 1668 620 1694 ὁ
637 1667 801 1703 Προφήτης,
818 1669 884 1704 τιμή

96 1711 160 1743 ἐστι,
175 1712 205 1738 τὺ
224 1714 259 1748 τῇ
276 1713 423 1748 ὑποχειρίῳ
437 1713 484 1740 καὶ
504 1713 666 1749 δουλευούσῃ
682 1713 762 1747 φύσει
781 1723 885 1749 συγκα-

94 1758 292 1794 τατάττεσθαι;
311 1759 392 1786 Ἀλλὰ
405 1759 491 1787 ταῦτα
507 1760 558 1795 μὲν
573 1761 613 1792 είς
625 1759 760 1788 τοσοῦτον.

131 1859 152 1874 ³¹
165 1859 224 1887 Act.
240 1867 310 1893 xvu,
323 1859 357 1886 17
382 1867 444 1894 sqq.

936 895 1012 922 Pauli
1026 895 1169 930 objiciunt,
1182 895 1215 921 ad
1230 894 1297 921 nihil
1308 893 1382 921 aliud
1396 893 1499 924 idonei.
1517 898 1588 921 sreut
1601 893 1635 920 de
1645 893 1727 920 Athe-

935 940 1078 967 niensibus
1093 939 1206 967 historia
1224 938 1319 971 refert,
1339 946 1421 973 quam
1441 943 1471 965 ut
1487 939 1549 965 novi
1562 938 1666 973 aliquid
1681 937 1726 964 vel

935 987 1059 1013 dicereut
1082 986 1124 1013 vel
1140 985 1277 1012 audirent.
1298 985 1369 1017 Quid
1390 985 1433 1012 his
1454 992 1554 1011 novum
1579 984 1664 1018 magis
1683 983 1725 1010 in-

935 1032 1022 1059 veniri
1045 1036 1149 1066 posset,
1167 1039 1249 1066 quam
1279 1030 1364 1058 Filius
1392 1031 1573 1066 operationis,
1592 1035 1619 1058 et
1645 1030 1727 1058 Pater

936 1082 1079 1110 creatum,
1099 1082 1127 1104 et
1140 1077 1212 1104 Deus
1225 1085 1323 1104 recens
1338 1084 1372 1104 ex
1389 1084 1442 1103 non
1458 1079 1522 1103 ente
1535 1084 1678 1107 enascens,
1699 1079 1728 1103 et

936 1123 1037 1151 bonum
1053 1131 1068 1150 a
1086 1123 1158 1150 bono
1169 1122 1339 1156 disjunctum
1354 1121 1396 1150 vel
1408 1121 1647 1157 discrepans?lpsi
1662 1124 1728 1148 sunt

936 1169 984 1204 qui
1003 1169 1067 1203 quia
1088 1169 1184 1196 dicunt
1207 1169 1296 1204 ipsum
1313 1176 1368 1196 non
1393 1175 1454 1195 esse
1478 1168 1504 1194 id
1522 1167 1594 1202 quod
1610 1172 1651 1194 est
1666 1167 1727 1202 ejus

936 1215 983 1249 qui
999 1214 1093 1249 genuit
1108 1218 1217 1247 natura,
1232 1214 1322 1242 colere
1341 1221 1371 1241 se
1391 1213 1524 1241 simulant
1538 1214 1727 1240 convenienti-

937 1259 990 1286 bus
1002 1259 1164 1286 honoribus.
1176 1258 1305 1293 Nunquid
1317 1258 1381 1286 talis
1395 1258 1507 1286 honoris
1518 1259 1637 1293 speciem
1651 1265 1728 1285 vere-

937 1308 982 1331 tur
997 1304 1159 1335 Eunomius,
1177 1304 1201 1331 si
1217 1311 1272 1331 non
1288 1311 1351 1331 cum
1367 1303 1448 1331 Patre
1463 1304 1525 1339 quis
1541 1304 1615 1330 dicat
1638 1304 1726 1338 ipsum

937 1355 1036 1378 natura
1063 1350 1266 1378 necessitudine
1291 1349 1434 1382 devinciri.
1462 1350 1510 1378 sed
1538 1357 1600 1377 cum
1632 1350 1724 1384 aliquo

937 1404 1032 1424 eorum
1047 1404 1107 1431 quae
1121 1401 1186 1424 sunt
1197 1396 1297 1424 diversi
1319 1396 1425 1431 generis
1442 1396 1662 1423 communionem
1681 1395 1728 1422 ha-

937 1443 1022 1470 bere?
1042 1441 1071 1469 Si
1086 1443 1159 1470 enim
1175 1442 1221 1477 qui
1237 1449 1299 1469 cum
1315 1447 1442 1469 creatura
1466 1449 1639 1469 communem
1664 1441 1728 1468 facit

939 1488 1083 1516 Dominum
1099 1493 1242 1521 creaturae,
1264 1487 1355 1514 colere
1373 1487 1401 1514 in
1417 1487 1460 1514 his
1482 1487 1570 1522 ipsum
1586 1486 1726 1519 deﬁnitur,

938 1533 983 1560 hic
995 1533 1078 1560 etiam
1093 1541 1155 1560 eum
1171 1533 1276 1560 honore
1290 1531 1399 1564 alliciat,
1413 1531 1460 1566 qui
1476 1539 1538 1559 cum
1552 1532 1631 1559 bruto
1645 1532 1726 1559 ratio-

937 1579 981 1606 nis
996 1582 1117 1613 experte,
1131 1578 1175 1605 vel
1189 1585 1251 1605 cum
1273 1585 1357 1605 sensu
1373 1581 1484 1604 carente
1511 1577 1662 1605 secundum
1680 1584 1729 1604 na-

936 1628 1025 1650 turam
1038 1622 1102 1650 facit
1116 1629 1300 1650 communem.
1312 1621 1389 1655 Quod
1405 1622 1428 1649 si
1443 1622 1506 1648 huic
1519 1621 1618 1649 acerba
1629 1625 1656 1649 et
1665 1629 1729 1649 con-

938 1669 1082 1696 tumeliosa
1102 1668 1209 1696 videtur
1223 1675 1285 1695 cum
1302 1667 1438 1695 deteriore
1456 1667 1635 1700 communio;
1660 1675 1728 1702 quo-

937 1713 1019 1741 modo
1037 1713 1190 1741 dominanti
1212 1713 1240 1740 in
1263 1716 1405 1748 potentatu
1423 1712 1510 1746 ipsius
1531 1712 1633 1743 saeculi,
1656 1713 1728 1740 sicut
1774 1745 1777 1749 _

939 1759 977 1785 ait
993 1758 1140 1793 Propheta,
1162 1758 1250 1785 honor
1270 1761 1313 1784 est
1338 1757 1366 1784 in
1391 1757 1507 1784 subdita:
1534 1761 1562 1784 et
1581 1757 1726 1784 servientis

939 1807 1045 1832 natura:
1057 1804 1179 1832 ordinem
1193 1802 1300 1838 redigi?
1315 1802 1369 1830 Sed
1383 1802 1441 1830 haec
1459 1802 1568 1837 quidem
1582 1803 1725 1830 hactenus.

517 2033 668 2079 ΚΑΤΑ
698 2034 994 2078 ΕΥΝΟΜΙΟΥ
1031 2033 1216 2077 ΛΟΓΟΣ
1252 2033 1327 2079 Εἰι

884 2135 940 2155 ε-ς

342 2209 584 2256 CONTRA
604 2207 938 2255 EUNOMIUM
966 2208 1147 2253 LIBER
1169 2209 1465 2261 QUINTUS.

885 2317 921 2326 ~

169 2384 362 2411 ΚΕΦΛΛΑΙΛ
383 2383 454 2411 ΤΟΥ
472 2384 652 2412 ΠΕΜΠΤΟΥ
667 2385 807 2414 ΛΟΓΟΥ.

94 2443 126 2466 α’.
147 2441 181 2477 Ὁ
192 2439 227 2466 δὲ
254 2439 388 2477 πέμπτος
407 2441 498 2477 λόγος
520 2441 556 2468 τὰ
572 2442 651 2477 παρὰ
673 2441 729 2475 τῆς
742 2441 797 2469 τοῦ
810 2442 884 2469 ἀπο-

126 2476 240 2512 στάζου
261 2476 379 2512 Πέτρου
399 2475 503 2512 φωνῆς
521 2475 653 2510 ρηθέντα
668 2477 884 2512 ἐπαγγέλλεται

126 2510 232 2547 εἰπεῖν,
250 2511 451 2547 ἀναϐάτιλεται
466 2511 508 2538 δέ.
519 2512 573 2538 Kal
585 2510 735 2547 πρότερον
744 2510 803 2547 μὲν
817 2513 885 2546 περὶ

127 2545 181 2579 τῆς
193 2546 321 2581 κτίσεως
340 2545 516 2581 διαλέγεται,
542 2548 586 2574 ὅτι
595 2545 692 2581 μηδὲν
707 2545 801 2581 αὐτῆς
820 2545 886 2574 ἐστι

127 2580 305 2615 σεϐάσμιον,
316 2581 384 2608 ἀλλ’
399 2583 566 2614 ἀπαιδεύτῳ
577 2580 625 2609 καὶ
637 2582 760 2610 ἀσθενεῖ
770 2582 886 2616 διανοίᾳ

128 2616 334 2649 πλανηθέντες
342 2618 367 2643 οί
379 2617 536 2651 ἄνθρωποι,
551 2618 598 2644 καί
612 2618 645 2643 τὸ
665 2618 779 2650 κάλλος
791 2617 886 2651 αὐτῆς

129 2651 351 2690 θαυμῴιζαντες,
375 2652 412 2690 τὰ
428 2652 503 2690 μέρη
516 2653 582 2690 iter?
597 2653 713 2690 κόσμου
732 2653 885 2690 memigm-

128 2692 199 2722 gajr.
224 2686 276 2722 Ἐγ
297 2686 320 2718 ᾧ
345 2687 393 2713 καὶ
413 2687 470 2720 τὴν
494 2688 613 2715 Ἡσαΐου
629 2686 726 2722 ῥῆσιν
746 2688 790 2721 τὸ,
814 2687 884 2722 Ἐγὼ

127 2719 193 2757 Θερς
209 2720 334 2757 πρῷτοςη
343 2719 502 2757 παγκάλως
517 2719 746 2756 διηρμιῇιεὶνσεν.

95 2753 285 2793 ﬂagitati”
294 2753 406 2793 Πέτροὺ
421 2753 543 2789 διέξεισι
554 2753 657 2792 ῥῆσιν,
671 2757 825 2793 ὅτι-Κύριον
837 2758 885 2785 κα)⁸

127 2789 276 2828 Χριστὸχλὸ
289 2789 356 2828 Osos
382 2792 461 2819 αὑτὸν
485 2789 622 2828 εποίησεν.
643 2794 694 2819 Ἐν
708 2790 732 2826 ᾧ
753 2789 803 2820 καὶ
827 2793 885 2828 τὴν·

126 2825 207 2859 παρὰ
221 2826 371 2862 Εὐνομιον
386 2825 572 2863 ἀπίρῤησινί,
586 2827 627 2863 ἣν
639 2829 714 2856 κατὰ
731 2828 784 2856 τοῦ
797 2825 883 2865 ἀγίόυ

973 2383 1107 2412 εΑΡιΤΑ
1125 2383 1196 2412 SEU
1211 2383 1405 2412 SUMMARIA
1421 2384 1527 2412 LIBRI
1540 2386 1690 2419 QUINTI.

939 2442 965 2469 Ι.
978 2441 1093 2478 Quintus
1108 2442 1174 2468 liber
1185 2442 1397 2476 explanationem
1407 2443 1472 2470 dicti
1489 2444 1627 2478 cujusdam
1640 2446 1727 2472 sancti

972 2477 1046 2514 Petri
1073 2478 1184 2514 apostoli
1207 2479 1347 2514 promittit,
1371 2479 1416 2505 sed
1432 2477 1531 2513 differt.
1552 2480 1590 2506 Ac
1608 2481 1725 2514 primum

971 2513 1076 2547 quidem
1095 2513 1127 2540 de
1141 2518 1264 2540 creatura
1280 2513 1402 2544 disserit;
1424 2515 1526 2540 nullam
1544 2513 1643 2541 sci/ibet
1662 2515 1724 2542 illa-

972 2555 1031 2584 rum
1057 2547 1232 2575 venerandam
1257 2557 1313 2575 esse
1334 2549 1439 2584 (nempe
1463 2550 1548 2575 instar
1572 2549 1652 2584 Dei);
1678 2550 1725 2576 sed

973 2582 1091 2610 homines
1105 2584 1202 2617 partim
1220 2582 1343 2614 inscitia,
1365 2584 1464 2618 partim
1478 2585 1570 2611 memis
1586 2582 1725 2611 imbecilli-

975 2623 1029 2644 tate
1048 2619 1074 2644 in
1090 2627 1205 2646 errarent
1222 2619 1358 2653 abductos,
1377 2624 1464 2652 partes
1481 2619 1571 2645 mumli
1583 2619 1613 2645 ob
1632 2628 1724 2646 earum

973 2654 1197 2687 pulchritudinem
1226 2655 1252 2680 in
1284 2653 1392 2680 deorum
1422 2662 1560 2680 numerum
1590 2655 1722 2681 retulisse.

976 2687 1026 2715 Ubi
1042 2689 1122 2725 etiam
1141 2689 1240 2715 dictum
1254 2688 1321 2715 illud
1336 2688 1434 2715 Isaiw:
1462 2688 1518 2723 Ego
1534 2689 1604 2716 Deus
1617 2690 1726 2725 primus

974 2731 1044 2754 sum,
1059 2723 1202 2750 admodum
1220 2725 1283 2750 scite
1295 2725 1491 2757 interpretatur.

937 2758 965 2786 2.
980 2758 1053 2785 Illud
1069 2758 1102 2785 ι).
1111 2759 1186 2785 Petri
1201 2758 1300 2785 dictum
1312 2755 1527 2794 explicattauod
1545 2759 1621 2794 Deus
1632 2766 1724 2794 ipsum

973 2794 1117 2820 Dominum
1131 2797 1158 2821 et
1166 2794 1305 2821 Christum
1319 2793 1423 2821 fecerit.
1440 2793 1489 2820 Ubi
1507 2795 1587 2821 etiam
1597 2793 1725 2821 Eunomii

973 2829 1203 2864 oppugnationem,
1229 2836 1281 2864 qua
1304 2829 1335 2857 ob
1354 2828 1456 2861 dictum
1475 2829 1523 2857 hoc
1543 2828 1573 2857 S.
1592 2829 1725 2857 Basiliam
