1959 3075
93 101 133 131 631

631 100 770 128 CONTRA
789 99 986 135 EUSOSHUM,
1007 100 1072 131 LIB.
1093 101 1125 131 ν.

1647 109 1697 137 6-32

91 159 150 186 κατὰ
160 155 184 183 ελ
194 155 274 190 δόγμα
285 155 337 182 τῶν
350 155 516 184 ὑπεναντίων
529 157 575 184 καὶ
589 158 602 183 ὁ
617 159 724 191 κτιστὸς
738 167 851 195 προσκν-

907 168 966 195 ίμιτε
989 165 1052 187 sunt
1079 160 1106 186 in
1130 159 1285 195 Evangeliis
1311 161 1453 194 miracula,
1472 162 1571 196 quibus
1597 163 1630 190 ad
1654 173 1698 192 eo.

90 205 149 231 νῡὶτο
167 201 234 232 Θεὸς,
261 201 387 236 οὐδεμίαν
413 202 441 227 ἐν
468 203 500 238 τῇ
518 203 596 237 φύσει
623 204 671 239 τὴν
692 205 856 240 προτίμησιν

90 251 148 285 ἔχων
168 248 213 282 τῆς
228 246 308 281 ἄλλης
329 247 461 278 κτίσεως·
485 249 530 275 καὶ
547 250 570 275 εὶ
591 249 668 275 τοῦτο
686 251 856 285 κρατήσειεν,

88 298 121 327 είς
136 292 255 329 ἀναρχίαν
276 293 337 319 τινὰ
354 294 440 329 πάντη
458 294 504 320 καὶ
527 294 730 331 δημοκρατικὴν
749 295 857 322 αὐτονο-

90 342 143 378 μίαν
166 339 197 366 τὰ
221 339 339 373 δόγματα
367 341 417 375 τῆς
446 340 586 371 εὐσεϐείας
621 341 854 377 μετενεχθήσεται.

88 386 160 414 Ὅταν
173 384 222 420 γὰρ
243 383 280 419 μὴ
290 384 358 420 ’μίαν
373 383 442 412 εἶναι
459 385 507 420 τὴν
521 386 762 422 προσκυνουμένην
776 386 856 422 φύσιν

88 429 247 457 πιστεύσωσιν
259 429 282 454 οξ
293 428 441 465 ἄνθρωποι,
451 430 508 457 ἀλλ’
523 431 561 462 είς
570 428 719 466 διαφόρους
727 431 856 467 θεότητας

86 479 134 508 ταῖς
142 476 246 506 ἐννοίαις
252 475 447 511 ἁπενεχθῶσιν,
456 476 506 502 οὐκ
515 476 586 503 ἔστιν
595 477 624 508 ὃς
632 478 724 512 στήσει
733 478 781 513 τὴν
793 479 855 512 περὶ

86 523 110 550 τὸ
123 523 189 549 Θεῖον
204 521 333 556 ὑπόληψιν
353 522 498 557 προϊοῦσαν
518 523 562 549 διὰ
575 523 624 558 τῆς
637 523 752 554 κτίσεως
762 533 769 540 ·
787 524 855 551 ἀλλᾶ

85 569 109 594 τὸ
120 567 233 603 νομισθὲν
244 566 272 592 ἐν
287 567 319 601 τῇ
333 566 419 592 κτίσει
432 567 514 599 θεῖον,
526 567 636 603 ἀφορμὴ
650 568 716 603 πρὸς
729 569 776 604 τὴν
792 569 853 603 ἴσην

86 613 200 648 ὑπόληψιν
225 612 261 647 τῷ
287 614 344 648 μετ’
370 613 458 640 ἐκεῖνο
490 613 668 649 θεωρουμένῳ
693 616 853 650 γενήσεται·

85 661 178 687 κάκεῖνο
191 659 227 694 τῷ
241 658 339 694 ἐφεξῆς
349 679 356 690 ,
370 659 418 686 καὶ
438 660 481 686 διὰ
495 660 612 692 πάντων,
626 661 658 687 ἐκ
677 661 726 696 τῆς
741 661 853 688 ἀκολου-

86 706 134 737 illa;
154 704 248 738 ταύτης
277 705 293 739 ή
320 705 407 740 πλάνη
426 705 640 741 διενεχθήσεται·
668 706 718 742 τῆς
743 707 855 742 πρώτης

84 752 184 786 ἀπάτης
195 751 236 778 διὰ
259 751 312 778 τῶν
335 752 545 788 παρακειμένων
560 752 640 788 μέχρι
654 753 708 779 τῶν
730 753 853 788 ἐσχάτων

83 797 223 832 διεξιούσης.

909 206 1018 232 lcudum
1033 210 1059 232 et
1071 206 1104 232 ad
1120 206 1288 232 adorandum
1304 215 1365 233 eum
1381 207 1427 242 qui
1443 207 1469 234 in
1483 207 1535 236 illis
1547 210 1695 244 revelatur,

908 251 1078 283 inducimur;
1104 258 1215 278 necesse,
1233 255 1284 284 est,
1307 252 1430 287 inquam,
1449 254 1506 288 pari
1521 254 1625 282 honore
1641 256 1698 283 alli-

907 304 968 324 cere
983 297 1054 331 quod
1073 301 1196 324 creatum
1211 301 1263 328 est.
1281 303 1307 325 et
1324 299 1395 333 quod
1411 299 1575 327 increatum.
1595 301 1622 328 Si
1634 302 1696 337 qni-

907 343 967 370 dem
983 342 1133 370 secundum
1147 342 1367 370 adversariorum
1383 345 1480 380 dogma
1494 346 1575 373 etiam
1587 352 1697 376 creatus

907 388 979 416 Dens
994 388 1167 420 adorarctur,
1194 389 1296 416 nullam
1316 389 1342 416 in
1366 394 1463 417 natura
1489 393 1694 428 praerogativam

906 435 1019 462 haberet
1037 443 1092 469 pra:
1111 435 1162 462 alia
1179 439 1326 462 creatura:
1345 437 1417 471 quod
1436 437 1458 464 si
1475 437 1527 465 hoc
1545 440 1695 473 praevalue=

906 480 951 512 rit,
971 479 1004 506 ad
1028 480 1187 507 anarehiam
1209 484 1283 507 certe
1304 484 1331 507 et
1354 481 1535 510 multitudinis
1560 483 1696 511 cili-enata:

906 524 1051 558 quamdam
1064 532 1177 558 prorsus
1192 525 1341 556 licentiam,
1356 531 1380 552 et
1396 526 1552 560 popularem
1568 529 1625 556 suis
1635 529 1696 563 legi-

906 570 958 597 bus
976 578 1025 605 pro
1049 571 1162 597 libidine
1181 575 1300 598 utentem
1320 576 1420 598 statuat
1445 573 1553 607 pietatis
1570 574 1695 609 dogmata

906 617 1117 643 transferentur.
1139 616 1207 643 Cum
1234 616 1306 643 enim
1325 625 1380 644 non
1397 625 1478 644 ttnam
1495 627 1556 646 esse
1570 624 1694 646 naturam

906 669 966 695 qua:
980 662 1110 689 adoretur
1127 661 1295 689 crediderint
1312 662 1445 694 homines,
1461 663 1509 691 sed
1527 665 1560 691 ad
1575 665 1696 692 diversas

906 706 1021 735 Deitatis
1048 712 1163 735 naturas
1178 707 1283 735 notitiis
1299 709 1390 735 animo
1414 709 1568 737 inl‘ormatis
1591 710 1694 744 abrepti

907 754 1016 785 fuerint.
1044 762 1099 781 non
1123 759 1165 782 est
1188 754 1234 789 qui
1253 754 1445 789 procedentem
1466 763 1514 790 per
1541 760 1694 782 creaturam

907 802 1057 830 divinitatis
1077 802 1234 837 opinionem
1257 801 1343 836 possit
1368 802 1485 835 sistere;
1513 802 1560 829 sed
1579 803 1651 837 quod
1668 803 1695 829 in

82 849 189 873 creatura
199 845 318 872 divinum
337 845 524 873 existimatum
541 846 634 878 fuerit,
650 846 721 875 utde
733 842 766 875 eo
776 848 848 883 quod
870 854 931 884 post
951 849 1018 876 illud
1034 849 1224 876 consideratur
1237 849 1332 876 eadem
1346 849 1438 884 opinio
1471 849 1569 876 animis
1608 849 1697 876 homi-

82 893 325 927 numingeueretur,
339 893 449 921 occasio
464 894 526 927 ﬁet;
542 898 569 921 et
581 894 646 921 illud
657 895 681 922 ei
695 895 767 930 quod
781 896 919 932 deinceps,
937 897 1032 932 sicque
1048 904 1095 932 per
1109 897 1200 924 omnia
1221 904 1254 924 ex
1293 897 1344 923 hac
1382 897 1577 924 consecutioue
1617 905 1695 925 error

81 939 240 969 dillundetur,
256 939 345 973 prima
357 939 463 966 fallacia
475 948 522 974 per
533 941 686 976 propinqua
699 942 756 969 sive
769 944 893 977 apposita
907 952 993 978 usque
1006 943 1039 970 ad
1055 947 1177 970 extrema
1191 947 1381 977 percurrente.

108 985 155 1013 Kal
167 985 207 1011 ὅτι
227 985 277 1011 οὐκ
296 984 347 1017 ἔξω
366 994 392 1012 τι
407 985 455 1012 ’τοῦ
477 986 579 1018 είκότος
597 989 849 1025 παραστοχόιζομαι,

937 989 1014 1023 Quod
1031 995 1121 1017 autem
1139 997 1153 1016 a
1181 998 1246 1016 vero
1275 989 1397 1016 alienum
1419 989 1532 1016 minime
1558 989 1691 1023 conjicio.

79 1035 215 1067 ἀξιόπιστον
236 1033 284 1060 τοῦ
308 1034 388 1068 λόγου
415 1036 625 1071 παραστήσομαι
650 1037 785 1073 μάρτυρα,
803 1037 852 1073 τὴν

80 1081 148 1115 μέχρι
157 1080 199 1105 τοῦ
213 1080 259 1106 νῦν
275 1080 476 1116 ἐπικρατοῦσαν
493 1081 521 1107 ὲν
534 1082 589 1113 τοῖς
607 1081 718 1117 Ἕλλησι
736 1083 850 1118 πλάνην.

84 1125 176 1161 Ἐπειδὴ
193 1125 246 1160 γὰρ
262 1125 419 1161 ἀπαιδεύτῳ
436 1127 483 1153 καὶ
509 1128 654 1162 μικροφυεῖ
666 1128 769 1164 διανοίᾳ
785 1129 852 1164 πρὸς

77 1172 105 1198 tit
114 1173 157 1207 τῆς
177 1173 292 1204 κτίσεως
320 1172 405 1208 κάλλη
420 1172 613 1206 θαυμαστίνκῶς
634 1174 791 1209 διετέθησαν
802 1195 808 1207 ,
821 1176 850 1202 οὐ

78 1217 221 1253 χειραγωγῷ
239 1226 270 1244 τε
294 1218 340 1244 καὶ
357 1218 447 1253 ὁδηγῷ
465 1218 503 1253 τῷ
520 1217 638 1254 θαύματι
657 1219 711 1245 τῶν
723 1220 852 1255 φαινομέ-

77 1263 192 1298 νωνπρὸς
206 1264 254 1298 τὴν
274 1263 319 1290 τοῦ
333 1265 530 1300 ὑπερκειμένου
551 1264 666 1295 κάλλους
689 1265 852 1300 κατανόησιν

77 1311 297 1345 συγχρησάμενον
311 1311 377 1337 ἀλλὰ
399 1311 477 1346 μέχρι
497 1310 551 1338 τῶν
569 1311 852 1348 καταλαμϐανομένων

75 1356 176 1391 ἔστησαν
191 1357 295 1383 ἑαυτῶν
320 1358 369 1392 τὴν
388 1357 518 1390 διάνοιαν,
534 1359 580 1385 καὶ
599 1359 713 1386 ἕκαστον
731 1360 780 1394 τῆς
795 1361 852 1386 κτί-

76 1410 133 1433 σεως
146 1402 224 1438 μέρος
244 1403 401 1435 ἰδιαζόντως
415 1403 582 1438 ἐθαύμασαν.
598 1405 646 1432 Διὰ
664 1405 743 1432 τοῦτο
757 1406 808 1432 οὐκ
823 1406 851 1431 ἐν

74 1446 107 1472 ἐνί
126 1455 174 1473 τινι
199 1448 275 1483 μόνῳ
294 1448 348 1474 τῶν
373 1450 542 1484 φαινομένων
567 1449 616 1484 τὴν
637 1450 700 1485 περὶ
728 1450 760 1476 τὸ
775 1450 851 1476 Θεῐον

74 1492 192 1527 ὑπόληψιν
211 1494 330 1528 ἔστησαν
346 1502 352 1509 ·
370 1494 438 1520 ἀλλὰ
455 1495 508 1521 πᾶν
528 1495 558 1521 τὸ
578 1496 606 1521 ἐν
624 1497 657 1531 τῇ
683 1495 768 1522 κτίσει
792 1495 851 1530 βλε-

73 1538 178 1573 πόμενον
211 1539 284 1566 θεῖον
310 1540 448 1575 ἐνόμισαν.
468 1541 523 1567 Καὶ
547 1540 618 1567 οὕτω
642 1541 699 1572 τοῖς
729 1540 778 1573 μὲν
805 1539 851 1567 Αί-

73 1585 182 1617 γυπτῐοις
209 1586 275 1620 περί¹
302 1586 335 1612 τὰ
363 1587 444 1622 νοερὰ
472 1587 563 1614 πλεῖον
585 1586 778 1622 ὲνεργηθείσης
802 1588 851 1622 τῆς

73 1631 173 1665 πλάνης,
184 1633 211 1658 αἱ
240 1632 337 1668 μυρίαι
355 1633 408 1659 τῶν
429 1633 562 1668 δαιμόνων
578 1634 681 1669 μορφαὶ
701 1634 740 1665 είς
755 1633 851 1668 φύσεις

73 1678 131 1705 θεῶν
150 1680 354 1715 ἠριθμήθησαν.
375 1680 437 1710 Τοῖς
456 1679 483 1705 δὲ
500 1679 681 1711 Βαϐυλωνίοις
696 1680 712 1715 ἡ
729 1680 850 1714 ἀπλανὴς

72 1725 110 1751 τοῦ
132 1726 209 1752 πόλου
242 1726 381 1762 περιφορὰ
408 1726 475 1758 Θεὸς
503 1726 648 1761 ἐνομίσθη,
673 1726 702 1752 ὃν
721 1727 768 1753 καὶ
797 1726 851 1761 Βὴλ

71 1769 212 1805 ὠνόμασαν.
227 1772 308 1798 Οὕτω
323 1772 408 1798 δὲκαὶ
427 1762 489 1803 τοὺς
508 1771 607 1806 ἑφεξῆς
624 1771 692 1797 ἑπτὰ
702 1791 708 1801 ,
724 1772 740 1806 ἡ
759 1771 850 1806 Ἐλλη-

72 1816 123 1851 νική
136 1818 283 1853 ματαιότης
299 1817 454 1849 ἰδιαζόντως
466 1817 658 1853 θεοποιήσασα,
672 1817 750 1845 ἄλλον
762 1817 851 1849 ἄλλοις

70 1863 131 1888 κατά
144 1872 203 1890 τινα
235 1863 289 1898 τῆς
307 1864 415 1899 ἀπάτης
444 1864 578 1896 ίδιάζοντα
603 1864 680 1898 λόγον
694 1883 701 1895 ,
718 1864 849 1897 ὑπέκυψε.

70 1908 164 1940 Πάντας
188 1909 241 1945 γὰρ
260 1909 375 1941 τούτους
399 1911 428 1936 ὲν
449 1909 574 1944 ἀλλήλοις
600 1910 851 1946 ἀναστρεφομένους

68 1953 123 1985 τοὺς
138 1954 252 1986 κύκλους
274 1956 490 1990 κατανοήσαντες
503 1974 509 1986 ,
528 1955 621 1991 ἐπειδὴ
641 1955 706 1990 περὶ
723 1955 753 1981 τὸ
769 1956 851 1991 ἀκρό-

70 2007 138 2026 τατον
148 2001 348 2036 ἐπλανήθησαν,
360 2001 392 2028 δι’
401 2000 546 2028 ἀκολούθου
563 2001 609 2027 καὶ
619 2000 700 2036 μέχρι
713 2000 760 2027 τοῦ
773 2002 854 2036 ἐσχά-

68 2053 107 2070 τιυ
120 2045 166 2081 τὴν
180 2047 266 2082 αὐτὴν
281 2047 385 2082 πλάνην
402 2047 622 2074 συνδιεσώσαντο.
641 2048 697 2074 Καὶ
710 2048 778 2084 πρὸς
788 2048 851 2075 τού-

68 2097 116 2122 τοις
127 2091 203 2118 αὑτόν
217 2100 248 2118 τε
261 2092 308 2118 τὸν
321 2092 427 2127 αἰθέρα,
436 2093 483 2118 κα)¹
496 2091 542 2119 τὸν
551 2092 756 2128 ὑποκεχυμένον
771 2093 850 2129 ἀέρα,

66 2136 108 2170 τήν
126 2145 152 2163 τε
176 2138 230 2172 γῆν
248 2138 297 2164 καὶ
325 2137 373 2173 τὴν
395 2137 537 2167 θάλασσαν
559 2138 606 2165 καλ¹
625 2138 674 2174 τὴν
692 2138 851 2174 ὑποχθόνιον

67 2181 143 2216 λῆξιν,
154 2183 200 2209 καὶ
211 2184 298 2219 αὐτῆς
313 2184 340 2210 δὲ
349 2184 397 2219 τῆς
406 2185 457 2219 γῆς
471 2185 520 2211 ὅσα
533 2184 649 2221 χρειώδη
660 2185 706 2212 καὶ
717 2186 851 2219 ἀναγκαῖα

65 2228 125 2262 πρὸς
135 2229 183 2264 τὴν
198 2230 375 2265 ἀνθρωπίνην
391 2231 449 2257 ἐστὶ
465 2230 548 2266 ζωὴν,
564 2231 640 2258 οὐδὲν
656 2232 704 2258 ὅτι
719 2232 767 2267 τῆς
776 2231 851 2263 θείας

65 2274 211 2310 ἀπόκληρον
226 2275 298 2303 εἶναι
321 2276 428 2310 φύσεως
444 2276 635 2312 ὲδογμάτισαν.
659 2278 727 2304 Ἀλλ’
744 2279 851 2314 ἑκάστῳ

905 1036 955 1063 [ide
968 1035 1079 1071 dignum
1095 1039 1190 1063 testem
1207 1035 1476 1070 producam,nempe
1491 1035 1523 1061 ad
1538 1035 1589 1062 hoc
1606 1043 1694 1070 usque

904 1087 1010 1116 tempus
1026 1081 1096 1108 inter
1111 1080 1220 1109 Grmcos
1243 1082 1433 1116 prtevalentem
1450 1089 1585 1109 errorem.
1613 1081 1692 1109 Post-

903 1135 984 1162 quam
1001 1127 1072 1154 enim
1088 1127 1212 1161 homines
1230 1127 1354 1162 imperita
1377 1131 1403 1154 et
1420 1127 1517 1162 pusilla
1529 1128 1694 1161 cogitatione.

904 1181 935 1200 ac
951 1174 1086 1201 sententia
1108 1173 1141 1200 ad
1162 1177 1296 1201 creaturze
1321 1173 1543 1208 pulchritudines
1561 1174 1693 1200 mirabili~

903 1223 944 1246 ter
955 1219 1045 1247 allecti
1064 1223 1138 1251 sunt,
1155 1226 1209 1246 non
1225 1227 1320 1247 eorum
1348 1227 1408 1254 qua:
1431 1219 1616 1246 cernebantur
1644 1219 1694 1246 ad—

903 1264 1049 1294 miratione
1065 1272 1114 1291 ceu
1134 1264 1333 1291 manuductore
1350 1268 1377 1291 et
1398 1264 1500 1299 optimo
1516 1265 1585 1292 duce
1601 1264 1634 1291 9d
1646 1272 1694 1291 su»

902 1311 1097 1345 pcreminentis
1113 1311 1325 1345 pulchritudinis
1346 1311 1528 1345 cognitionem
1550 1315 1616 1338 sunt
1631 1312 1690 1344 usi.

903 1357 949 1384 sed
963 1357 996 1384 ad
1013 1364 1044 1384 ea
1061 1365 1147 1392 usque
1160 1364 1220 1392 qua:
1239 1360 1329 1384 mente
1349 1357 1545 1392 comprehendi
1561 1362 1689 1391 possunt.

903 1411 980 1430 suam
1002 1403 1210 1438 intelligentiam
1227 1404 1374 1436 stiterunt;
1394 1407 1420 1430 et
1434 1407 1566 1430 creatura:
1585 1407 1691 1438 partem

903 1457 1124 1484 unamquamque
1151 1450 1329 1484 peculiariter
1356 1449 1485 1475 admirati
1515 1453 1590 1477 sunt.
1619 1449 1693 1483 Qua-

902 1500 1014 1531 propter
1029 1503 1082 1523 non
1103 1496 1131 1522 in
1152 1503 1207 1522 uno
1221 1495 1341 1530 quodam
1359 1495 1418 1522 solo
1432 1503 1526 1522 eorum
1543 1503 1604 1530 quae
1623 1503 1691 1522 ocu-

903 1542 936 1569 lis
966 1545 1119 1569 ccrnuntnr
1141 1542 1294 1569 divinitatis
1323 1541 1479 1577 opinionem
1499 1543 1691 1574 stabilicrnnt;

902 1588 949 1615 sed
968 1589 1102 1624 quidquid
1126 1589 1153 1616 in
1170 1592 1298 1616 creatura
1315 1589 1450 1621 cernitur,
1470 1597 1573 1616 numen
1596 1589 1692 1616 existi-

903 1639 1057 1662 maverunt.
1072 1634 1105 1661 Et
1125 1635 1165 1662 sic
1188 1634 1325 1670 {Egyptiis
1355 1635 1464 1670 quidem
1484 1635 1557 1662 circa
1578 1639 1693 1662 naturas

902 1681 1102 1709 intellectuales
1133 1682 1250 1716 amplius
1269 1682 1454 1709 invalesccnte
1481 1689 1586 1714 errore,
1611 1681 1692 1709 innu-

903 1727 1046 1755 merabiles
1073 1727 1228 1755 daamonum
1261 1726 1354 1754 formae
1376 1728 1409 1754 ad
1430 1728 1544 1755 deorum
1579 1731 1693 1754 naturas

903 1778 1092 1801 annumeratte
1105 1778 1179 1801 sunt.
1195 1773 1273 1808 Apud
1286 1772 1449 1809 Babylonios
1463 1782 1528 1801 vero
1539 1774 1614 1801 orbis
1628 1773 1690 1800 cceli

902 1819 1029 1847 inerrans
1055 1819 1125 1846 Deus
1152 1819 1327 1847 existimatus
1353 1823 1405 1850 est,
1432 1827 1512 1853 quem
1539 1819 1621 1846 etiam
1646 1819 1690 1846 Bel

903 1865 1125 1891 nominaverunt.
1150 1862 1195 1891 Sic
1210 1864 1290 1890 etiam
1307 1864 1387 1890 orbes
1404 1863 1549 1890 inferiores
1573 1868 1689 1898 septem,

902 1910 1058 1937 Grzccorum
1075 1911 1182 1938 vanitas
1202 1910 1283 1937 modo
1298 1909 1432 1944 peculiari
1451 1917 1513 1935 cum
1530 1909 1596 1936 deos
1611 1909 1692 1936 lccis-'

904 1960 956 1989 set,
978 1956 1023 1982 alii
1044 1956 1127 1983 alium
1149 1955 1299 1983 secundum
1322 1955 1426 1982 erroris
1443 1954 1587 1989 quamdam
1607 1955 1692 1982 ratio-

903 2009 964 2028 nem
998 2001 1161 2035 peculiarem
1190 2000 1318 2035 subjecit.
1343 1999 1411 2026 Nam
1436 2007 1497 2026 cum
1519 2000 1568 2027 bos
1595 2008 1692 2027 omnes

903 2048 984 2074 orbes
1000 2048 1027 2074 in
1051 2048 1156 2082 scipsos
1171 2047 1242 2074 volvi
1268 2046 1538 2077 animadvertissent.
1563 2046 1690 2080 quando-

903 2092 1012 2128 quidem
1029 2092 1101 2119 circa
1117 2100 1253 2120 summum
1267 2094 1438 2123 erraverunt,
1451 2100 1498 2126 per
1506 2099 1691 2126 consequens,

905 2146 992 2173 usque
1009 2138 1041 2165 ad
1058 2138 1184 2165 ultimum
1207 2143 1233 2165 et
1264 2138 1388 2165 citimnm
1419 2137 1548 2165 eumdem
1569 2145 1690 2164 errarent

902 2186 1109 2209 conseri-erunt.
1127 2181 1262 2209 Prteterca
1275 2181 1365 2217 ipsum
1381 2182 1520 2214 aetherem,
1534 2186 1615 2216 atque
1627 2182 1693 2210 sub-

903 2225 994 2254 fusum
1009 2233 1110 2260 aerem,
1126 2231 1284 2262 terramque
1299 2232 1325 2254 et
1338 2235 1413 2255 mare
1431 2232 1457 2254 et
1479 2228 1690 2255 subterraneam

904 2277 1006 2300 sortem
1023 2273 1080 2300 sive
1108 2273 1319 2306 extremitatem,
1346 2277 1373 2300 et
1398 2274 1482 2308 hujus
1508 2274 1595 2308 ipsius
1612 2277 1693 2301 terrae

63 2319 156 2346 τούτων
177 2321 341 2356 ὑπέκυψαν,
360 2322 393 2349 δι’
416 2322 475 2354 ἑνός
494 2331 566 2354 τινος
585 2323 638 2349 τῶν
660 2323 688 2349 ὲν
704 2325 737 2359 τῇ
761 2324 849 2350 κτίσει

904 2326 1073 2353 quaecunque
1087 2318 1119 2345 ad
1135 2319 1217 2345 vitam
1228 2319 1375 2346 humanam
1391 2320 1520 2347 tuendam
1538 2324 1565 2348 et
1579 2325 1693 2348 susten-

64 2367 285 2402 προφαινομένων
307 2369 388 2395 πᾶσιν
413 2368 525 2400 ἑαυτοὺς
539 2370 594 2400 τοῖς
611 2369 709 2404 ἐφεξῆς
723 2369 773 2404 τῆς
792 2369 850 2396 κτί-

63 2419 124 2443 ςῖως
148 2413 255 2448 μορίοις
281 2414 541 2447 καταδουλώσαντες.
565 2415 609 2446 Ὠς
634 2414 691 2449 είγε
713 2416 849 2448 κάκείνοις

63 2457 183 2491 ἀθέμιτον
201 2459 231 2491 ἐξ
249 2461 337 2496 ἀρχῆς
352 2462 489 2496 κατεφάνη
503 2461 532 2488 τὸ
548 2461 613 2496 πρὸς
622 2462 670 2497 τὴν
686 2462 775 2488 κτίσιν
790 2462 850 2497 βλέ-

64 2509 134 2535 πειν,
153 2504 204 2530 οὐκ
219 2505 254 2531 ἂν
270 2506 311 2536 εἰς
334 2505 383 2540 τὴν
399 2506 543 2533 πολυθεῖαν
561 2507 663 2542 ταύτην
678 2507 786 2542 ἀπάτην
798 2507 850 2534 ἀπ-

63 2546 262 2584 επλανήθησαν.
285 2551 328 2581 Ὠς
351 2550 384 2577 ἂν
404 2548 450 2577 οὖν
477 2551 514 2586 μὴ
534 2551 621 2578 ταύτὰ
646 2551 778 2586 πάθοιμεν
802 2553 850 2578 καὶ

63 2591 138 2626 ἡμεῖς
153 2595 177 2620 οἱ
199 2595 272 2631 πρὸς
294 2596 343 2631 τὴν
359 2596 487 2632 ἀληθινὴν
505 2597 619 2632 θεότητα
641 2597 749 2632 βλέπειν
775 2597 850 2633 παρὰ

64 2639 108 2672 τῆς
132 2640 246 2677 Γραφῆς
266 2642 462 2678 διδασκόμενοι,
479 2645 533 2670 πᾶν
550 2644 579 2670 τὺ
605 2644 711 2671 κτιστὸν
732 2644 784 2676 ἔξω
802 2644 851 2680 τῆς

65 2685 133 2718 θείας
143 2687 254 2722 φύσεως
270 2690 338 2716 νοεῖν
354 2689 562 2726 ἐπαιδεύθημεν,
573 2690 656 2725 μόνην
673 2690 700 2717 δὲ
713 2691 762 2725 τὴν
778 2691 852 2718 ἄκτι-

65 2738 121 2757 στον
144 2731 226 2766 φύσιν
242 2734 386 2769 λατρεύειν
405 2743 434 2761 τε
457 2736 504 2762 καὶ
531 2735 702 2767 σεὸάζεσθαι,
719 2733 753 2771 ἦς
771 2743 854 2770 χαρα-

65 2776 128 2812 κτήρ
148 2778 207 2804 ἐστι
221 2779 277 2808 καὶ⁴
285 2780 429 2816 γνώρισμα
441 2781 469 2807 τὸ
494 2781 561 2816 μήτε
575 2782 705 2817 ἄρχεσθαι
719 2780 765 2807 τοῦ
784 2779 852 2807 εἷναί

65 2828 145 2854 ποτε,
167 2823 239 2858 μήτε
265 2824 398 2851 παύεσθαι
424 2823 502 2853 εἶναι.
533 2826 625 2858 Οὕτως
657 2826 703 2853 τοῦ
734 2826 851 2862 μεγάλου

222 2871 359 2903 Pnaoc.
381 2872 439 2903 Gn.
463 2874 559 2905 XLV.

903 2365 1013 2392 tandam
1034 2368 1098 2391 sunt
1118 2364 1195 2392 utilia
1216 2368 1242 2392 et
1269 2366 1437 2398 necessaria,
1466 2366 1535 2392 nihil
1551 2371 1593 2393 est
1619 2365 1694 2400 quod

903 2412 1003 2439 divina:
1018 2416 1123 2439 naturre
1137 2420 1232 2440 exsors
1253 2419 1314 2440 esse
1330 2411 1490 2445 docuerint;
1528 2412 1575 2440 scd
1595 2420 1694 2439 unum-

903 2458 1031 2493 quodque
1056 2458 1152 2485 horum
1173 2462 1201 2485 ut
1226 2457 1310 2485 Deum
1331 2458 1452 2485 venerati
1473 2460 1557 2492 sunt;
1579 2461 1691 2492 propter

903 2512 988 2531 unum
1004 2504 1101 2531 horu'm
1126 2504 1234 2539 aliquod
1251 2512 1312 2539 qua:
1330 2505 1357 2531 in
1379 2509 1503 2532 creatura
1518 2503 1692 2539 praafulgent.

904 2552 1009 2585 Seipsos
1032 2549 1160 2578 omnibus
1178 2550 1412 2585 subsequentibus
1430 2550 1528 2578 ordine
1559 2551 1693 2577 creatura:

905 2596 1028 2631 partibus
1043 2596 1070 2622 in
1088 2596 1247 2624 servitutem
1264 2596 1433 2624 addicentcs.
1452 2595 1531 2628 Quod
1549 2596 1572 2622 si
1587 2602 1602 2621 a
1620 2594 1693 2629 priri-

905 2643 976 2677 cipio
992 2641 1069 2670 nefas
1085 2642 1174 2670 visum
1193 2642 1291 2670 fuisset
1305 2643 1332 2670 in
1349 2647 1505 2670 creaturam
1521 2642 1616 2669 oculos
1626 2649 1692 2668 con-

904 2689 1020 2720 vertere,
1041 2695 1095 2715 non
1114 2689 1142 2715 in
1160 2689 1229 2715 hanc
1241 2687 1426 2715 multitudinis
1444 2687 1556 2714 deorum
1568 2686 1691 2714 I'randem'

907 2740 933 2763 et
951 2737 1130 2770 imposturam
1152 2735 1295 2763 erroribus
1326 2733 1433 2769 decepti
1458 2733 1631 2761 incidissent.
1654 2731 1692 2760 Ne

906 2781 987 2817 igitur
1001 2781 1082 2809 etiam
1102 2781 1181 2809 nobis
1199 2781 1294 2809 eadem
1319 2779 1543 2816 contingant,qu
1561 2780 1691 2807 iuverant

907 2829 1033 2857 deitatem
1045 2828 1145 2856 intueri
1170 2836 1185 2856 a
1201 2836 1280 2856 sacra
1296 2827 1437 2863 Scriptura
1455 2829 1602 2861 docemur;
1617 2820 1692 2862 quid:

1519 2874 1557 2901 ἓ]
