1959 3075
45 140 89 169 639
611 136 749 165 CONTRA
771 137 968 173 EUNOMIUM,
991 139 1053 167 LIB.
1072 139 1104 167 ν.

1609 143 1664 171 690

45 198 86 226 καὶ
108 195 225 231 Χριστὸν,
243 194 481 230 ἀναγκασθήσεται
509 194 618 226 πάντως
643 195 741 226 εἰπεῖν,
764 195 816 231 πρὸ

891 205 942 225 xus
960 202 1011 229 est,
1031 203 1210 232 posteaquam
1235 202 1300 225 sunt
1316 198 1387 226 facta
1411 199 1502 226 omnia
1520 208 1526 226 :
1543 199 1597 227 duo
1621 209 1664 228 Se.

45 243 89 278 τῆς
102 243 128 268 ἐν
141 240 218 276 σαρκὶ
241 239 390 273 παρουσίας
406 239 442 275 μὴ
463 237 532 265 εἶναι
547 239 593 265 τὸν
618 239 680 265 Υίὺν
704 239 817 275 Κύριον.

52 288 120 316 Ἀλλὰ
134 287 184 322 γὰρ
198 287 221 312 εἰ
241 286 286 312 καὶ
296 285 440 321 Βασιλείῳ,
457 287 503 312 καὶ
519 287 574 317 τοῖς
590 284 650 312 κατ’
663 285 743 312 αὐτὸν
759 285 820 311 ἀπί-

43 343 110 367 etot;
121 333 164 359 δύο
180 331 276 366 Κύριοι
299 331 345 358 καὶ
361 331 475 366 Χριστοὶ
498 330 729 364 καταγγέλλονται
752 329 820 364 ψευ-

47 379 100 411 δῶς,
115 379 167 405 ἀλλ’
181 378 246 413 ἡμῖν
260 385 292 411 γε
307 374 347 409 εἷς
361 377 463 413 Κύριος
485 376 532 403 καὶ
549 376 679 412 Χριστὸς,
691 376 723 402 δι’
736 372 767 402 οὗ
786 375 821 401 τὰ

48 427 124 454 πάντα
138 425 254 459 γέγονεν⁷
266 424 297 450 οὐ
312 424 382 450 κατὰ
393 423 533 460 προκοπὴν
547 423 692 458 γενόμενος
707 422 819 457 Κύριος,

49 474 107 502 ἀλλὰ
131 472 181 507 πρὸ
199 471 289 507 πάσης
307 471 434 503 κτίσεως,
451 471 498 497 καὶ
518 470 569 505 πρὸ
591 470 699 496 πάντων
716 469 821 496 αἰώνων

49 519 153 551 ὑποστὰς
167 518 267 554 Κύριος
289 517 445 553 Ἰησοῦς,δι’
459 515 490 544 οὗ
504 517 538 544 τὰ
554 517 651 544 πάντα·
661 516 740 542 τοῦτο
756 516 823 542 πάν-

48 576 94 594 των
104 566 171 602 ἡμᾶς
188 565 241 591 τῶν
254 565 339 599 ἁγίων
363 562 516 599 συμφώνως
531 563 755 594 ὲκδιδασκόντων,
776 562 823 588 καὶ

35 610 270 646 -καταγγειλάντων
293 610 435 644 δογμάτων
453 609 484 636 τὸ
503 609 657 635 κάλλιστον.
676 608 710 634 "0
724 616 753 633 τε
769 607 824 642 γὰρ

52 659 167 695 μακάριος
193 657 317 692 Ἰωάννης
331 656 376 684 τὸν
395 656 460 682 Θεὸν
478 655 574 689 Λόγον,
591 655 624 681 δι’
640 651 670 682 οὗ
686 655 720 682 τὰ
736 655 824 680 πάντα

50 704 154 738 γέγονεν,
170 702 197 729 ὲν
212 701 294 736 σαρκὶ
307 700 472 735 γεγενῆσθαι
488 700 617 728 διδάσκει.
633 699 733 732 λέγων’
746 699 798 725 Καὶ
809 700 825 725 o'

51 750 131 784 Λόγος
143 747 219 781 σὰρξ
229 746 348 782 ἐγένετο
359 755 365 760 ·
383 747 397 772 ὂ
414 755 443 773 τε
463 745 686 780 Θαυμασιώτατος
708 744 824 776 Παῦλος,

51 797 82 826 είς
96 793 335 829 ταπεινοφροσύνην
350 793 454 827 ὲνάγων
469 793 531 824 τοὺς
553 792 735 827 προσέχοντας
752 791 826 827 αὐτῷ

51 843 87 868 τὸν
97 841 161 871 νοῦν,
184 840 301 875 Χριστὸν
323 839 425 876 Ἰησοῦν
445 839 517 873 λέγει
535 839 580 865 τὸν
597 839 625 865 ὲν
644 839 735 874 μορφῇ
758 837 825 864 Θεοῦ

52 887 188 922 ὑπάρχοντα
199 907 205 917 ,
223 887 271 912 καὶ
299 886 456 912 κενώσαντα
474 885 568 912 ἑαυτὸν
590 885 629 916 εἰς
651 883 744 910 δούλου
760 892 826 919 μορ-

52 933 103 968 φὴν,
116 933 161 959 καὶ
174 931 392 958 ταπεινωθέντα
399 932 487 966 μέχρι
498 931 638 963 θανάτου,
650 929 780 958 θανάτου
791 929 825 955 δὲ

51 979 182 1013 σταυροῦ·
205 979 254 1005 καὶ
270 978 351 1005 πάλιν
369 979 397 1004 ἐν
416 977 538 1014 ἑτέροις,
558 977 659 1012 Κύριον
677 977 725 1012 τῆς
746 976 826 1012 δόξης

51 1026 160 1060 ὀνομάζει
175 1025 218 1051 τὸν
231 1024 433 1060 σταυρωθέντα.
449 1026 483 1052 Ei
498 1024 553 1059 γὰρ
570 1024 718 1058 ἔγνωσαν,
732 1023 824 1058 φησὶν,

51 1073 96 1099 οὐκ
108 1071 142 1098 ἂν
154 1071 205 1098 τὸν
226 1072 337 1105 Κύριον
356 1070 409 1104 τῆς
431 1071 524 1104 δόξης
541 1071 754 1104 ἐσταύρωσαν·
779 1070 827 1096 καὶ

51 1117 107 1143 πολύ
124 1125 152 1150 γε
176 1116 271 1143 τούτου
299 1117 466 1152 γυμνότερον
487 1116 572 1151 αὐτὴν
589 1116 638 1151 τὴν
657 1114 751 1142 οὐσίαν
767 1115 826 1141 ὀνο-

53 1163 120 1198 μάζει
146 1164 259 1198 Κύριον,
282 1162 380 1189 εἰπών’
403 1162 433 1188 '0
459 1161 494 1188 δὲ
522 1163 627 1196 Κύριος
648 1161 681 1188 τὸ
709 1160 827 1195 πνεῦμά

52 1210 131 1236 ὲσῖιν.
157 1210 185 1236 Εἰ
201 1210 294 1236 τοίνυν
309 1210 338 1235 ἐν
361 1209 431 1244 ἀρχῇ
451 1208 546 1242 Λόγος.
562 1207 629 1234 καθὸ
647 1206 828 1241 πνεῦμα,Κύ-

55 1265 99 1291 pta;
117 1256 159 1288 καὶ
176 1255 224 1290 τῆς
245 1254 326 1289 δόξης
345 1254 446 1290 Κύριος
459 1263 465 1269 ·
486 1254 579 1281 τοῦτον
603 1254 631 1280 δὲ
657 1254 702 1281 τὸν
724 1253 826 1289 Κύριον

54 1303 92 1329 καὶ
109 1302 216 1338 Χριστὸν
240 1302 372 1335 εποίησεν
389 1302 402 1327 ὸ
419 1301 483 1332 Θεός
496 1309 502 1315 ·
521 1301 585 1326 αὐτὸ
605 1300 636 1326 τὸ
653 1299 761 1334 πνεῦμα
780 1301 827 1326 καὶ

55 1347 161 1373 meam
178 1347 262 1380 Λόγον
281 1346 408 1380 ἐποίησεν
420 1347 434 1373 ὁ
447 1346 530 1377 Θεὸς,
549 1345 595 1372 κα)⁸
609 1345 658 1371 οὐκ
673 1345 752 1371 ἄλλον
768 1345 828 1371 τινὰ

56 1394 155 1429 Κύριον,
167 1393 196 1419 ὃν
210 1392 379 1427 ὀνειροπολεῖ
393 1392 540 1423 Βασίλειος,
567 1401 575 1416 ι

872 243 992 270 cundum
1017 244 1105 278 ipsum
1132 244 1238 271 Domini
1256 250 1282 272 ct
1307 242 1413 272 Christi
1430 255 1436 273 :
1453 245 1527 272 hunc
1552 245 1664 281 quidem

872 289 946 316 nulla
965 290 1108 316 excusabit
1128 290 1228 322 oratio,
1252 294 1307 317 tam
1333 295 1433 326 apertae
1457 297 1485 320 et
1509 292 1665 322 manifesta:

873 335 1020 370 impietatis
1033 336 1090 362 sive
1105 335 1280 370 blasphemia:
1295 344 1383 364 reum.
1397 338 1475 370 Quod
1491 338 1514 365 si
1532 340 1595 374 quis
1612 339 1665 367 hoc

873 381 1070 409 commendans
1096 382 1196 409 dixerit
1227 383 1352 410 eumdem
1378 392 1440 411 esse
1474 393 1535 412 cum
1562 387 1609 420 qui
1639 387 1665 413 in

873 427 1010 463 principio
1030 432 1090 455 erat
1106 427 1237 459 Verbum.
1264 433 1291 456 ct
1315 429 1415 456 factum
1437 429 1593 464 Dominum,
1619 433 1666 459 sed

874 481 923 508 per
949 473 1043 501 carnis
1068 475 1287 509 assumptiouem
1314 481 1341 501 et
1368 476 1542 510 prmscntiam
1564 476 1666 504 factum

873 529 935 548 esse
956 520 1100 548 Dominum
1123 526 1150 548 et
1175 521 1316 549 Christum
1334 532 1339 548 :
1357 527 1471 557 cogetur
1491 525 1605 551 omnino
1623 525 1665 551 di-

875 575 937 595 cere
953 572 1016 595 ante
1030 568 1179 596 adventum
1200 569 1227 595 in
1246 577 1330 596 carne
1353 577 1406 595 non
1422 576 1484 597 esse
1500 570 1597 597 Filium
1614 571 1666 598 1)οτ

875 610 990 636 minum.
1019 609 1262 637 Vcrumenimvcro
1291 611 1400 638 tametsi
1437 611 1538 638 Basilio
1569 616 1595 638 ct
1625 620 1668 639 se—

876 657 996 683 cundum
1023 657 1112 691 ipsutn
1135 656 1292 684 infidelibus
1311 657 1366 684 duo
1388 656 1497 683 Domini
1522 661 1548 684 et
1565 657 1670 685 Christi

878 703 947 729 falso
964 702 1175 735 annuntiantur,
1193 707 1285 729 tamen
1307 703 1388 729 nobis
1405 711 1477 729 unus
1492 702 1625 730 Dominus
1642 707 1670 730 ct

877 748 1017 780 Christus,
1041 756 1089 782 pcr
1103 756 1184 784 quem
1205 749 1298 776 omnia
1317 753 1381 776 sunt
1403 749 1484 780 facta,
1505 757 1558 775 non
1573 756 1672 776 secun-

878 795 943 821 dum
959 794 1113 829 profectum
1131 795 1189 823 sive
1215 802 1393 830 progressum
1412 795 1502 822 fat-tus
1526 794 1670 826 Dominus,

878 841 925 869 sed
945 847 1007 868 ante
1030 849 1139 869 onmem
1156 845 1313 867 creaturam
1329 845 1357 867 et
1382 845 1444 868 ante
1459 840 1550 866 onmia
1572 839 1672 866 saecula

842 899 863 926 Β
877 887 1014 914 exsistcns
1029 886 1160 914 Dominus
1172 885 1265 918 Jesus,
1280 894 1328 921 per
1343 894 1424 921 quem
1438 885 1541 918 omnia,
1558 885 1608 911 hoc
1622 893 1672 911 nos

879 932 1008 959 omnibus
1041 933 1144 960 sanctis
1167 940 1222 959 una
1250 932 1436 967 concordique
1464 939 1532 959 voce
1554 935 1581 958 ct
1605 938 1672 957 con-

880 986 962 1006 sensu
978 979 1141 1006 docentibus
1163 984 1244 1014 atque
1266 979 1440 1007 decretorum
1459 978 1675 1014 pulcherrimum

881 1026 1110 1053 annuntiantibus
1136 1026 1299 1054 :interdum
1325 1026 1398 1053 enim
1428 1026 1526 1052 beatus
1554 1024 1674 1051 Joannes

882 1072 967 1100 Deum
994 1072 1127 1106 Verbum,
1154 1081 1202 1109 per
1228 1082 1310 1109 quem
1337 1074 1430 1101 omnia
1457 1073 1530 1100 facta
1555 1077 1629 1103 sunt,
1647 1072 1673 1098 in

882 1126 964 1146 carne
980 1119 1080 1147 iactum
1095 1127 1157 1148 esse
1173 1120 1330 1151 docet,dum
1342 1120 1420 1151 dicit,
1434 1119 1467 1146 Et
1486 1119 1597 1146 Verbum
1613 1126 1677 1145 cara

883 1164 983 1198 factum
1001 1165 1066 1193 est“.
1087 1165 1119 1192 Et
1136 1165 1237 1193 Paulus
1259 1166 1381 1193 omnium
1403 1165 1676 1195 admirabilissimus,

883 1209 917 1236 ad
947 1209 1130 1238 humilitatem
1156 1212 1307 1239 exhortans
1328 1219 1376 1239 eos
1399 1211 1446 1246 qui
1476 1211 1526 1246 ipsi
1557 1214 1676 1238 mentem

882 1255 1023 1289 adhibent,
1048 1257 1189 1285 Christum
1203 1258 1295 1286 Jesum
1310 1257 1377 1285 dicit
1397 1265 1459 1284 cum
1477 1257 1526 1292 qui
1543 1257 1570 1283 in
1590 1256 1677 1283 forma

882 1301 929 1328 Dri
947 1303 1067 1335 exsistit,
1085 1308 1112 1330 et
1127 1303 1174 1338 qui
1194 1304 1373 1338 semetipsum
1394 1302 1546 1330 exinanivit
1561 1302 1679 1328 formam

883 1349 955 1376 servi
985 1350 1147 1384 accipiens:
1164 1350 1195 1377 Et
1213 1351 1257 1386 qui
1280 1350 1430 1377 liumiliat-it
1453 1350 1569 1383 seipsunt
1590 1348 1678 1382 fartus

883 1392 1004 1420 obediens
1031 1402 1110 1429 usque
1126 1395 1160 1421 ad
1182 1400 1302 1426 mortem,
1327 1399 1438 1421 mortem
1457 1398 1542 1420 autem
1561 1392 1678 1419 crucis’.

58 1440 82 1468 Et
95 1448 180 1468 rursus
192 1441 218 1468 in
233 1439 295 1466 aliis
308 1459 316 1472 ,
336 1438 482 1466 Dominum
500 1439 593 1474 gloriae
614 1437 737 1465 nominat
755 1444 816 1464 eum
832 1438 879 1472 qui
899 1439 925 1466 in
942 1447 1052 1467 crucem
1070 1446 1147 1468 actus
1166 1446 1218 1469 est.
1239 1441 1267 1468 Si
1282 1441 1352 1468 enint
1369 1440 1561 1476 cognovissent,
1579 1438 1679 1472 inquit.

58 1487 179 1513 Dominum
199 1487 307 1522 gloriaz.
323 1495 375 1513 non
396 1483 625 1519 cruciﬁxissent“.
644 1484 677 1510 Et
707 1482 760 1509 hoc
792 1484 879 1511 multo
893 1484 995 1513 nudius
1016 1487 1102 1521 ipsam
1125 1488 1274 1515 essentiam
1309 1487 1432 1514 nominat
1453 1486 1597 1512 Dominum
1617 1491 1680 1511 cum

58 1533 133 1559 dixit:
150 1532 273 1565 Dominus
298 1537 385 1559 autem
407 1531 516 1565 spiritus
535 1533 584 1556 est.
606 1528 635 1556 Si
654 1528 738 1563 igitur
751 1531 798 1564 qui
821 1529 848 1556 in
865 1530 1002 1566 principio
1024 1537 1084 1560 erat
1102 1532 1233 1566 Verbum,
1249 1538 1385 1568 quatenus
1410 1531 1535 1566 spiritus,
1550 1529 1681 1556 Dominus

58 1583 129 1606 estet
144 1579 234 1615 gloria:
255 1578 388 1606 Dominus
417 1576 513 1603 :hunc
553 1579 645 1602 autem
677 1574 821 1602 Dominum
863 1580 890 1603 et
915 1576 1056 1605 Christum
1084 1578 1150 1607 fecit
1176 1579 1264 1607 Deus:
1294 1586 1360 1614 ergo
1382 1581 1422 1606 ct'
1438 1578 1526 1613 ipsum
1554 1576 1682 1611 spiritum

59 1631 79 1652 et
94 1625 168 1654 Deum
187 1626 306 1653 Verbum
335 1625 399 1652 iecit
416 1623 498 1656 Deus,
521 1630 571 1650 nec
590 1622 673 1649 alium
694 1621 840 1656 quemdam
857 1621 1007 1651 Dominum
1024 1633 1105 1660 quem
1123 1626 1242 1653 somniat
1258 1625 1376 1652 Basilius
1388 1624 1436 1659 (α).
1458 1633 1467 1649 ›

91 1672 120 1698 'il
137 1672 181 1707 μὲν
189 1672 220 1708 δὴ
233 1671 398 1707 κατηγορία,
415 1669 538 1704 τοιαύτη.
558 1669 635 1695 Δοκεί
654 1669 682 1695 δέ
700 1676 745 1704 μοι
764 1668 832 1703 χρῆ-

920 1672 1067 1700 Aecusatio
1092 1672 1201 1707 quidem
1223 1672 1286 1699 talis
1305 1676 1357 1699 est.
1379 1671 1444 1697 Mihi
1465 1674 1555 1697 autem
1577 1660 1684 1696 videtur

60 1726 95 1744 ναι
109 1718 209 1753 πρῶτον
233 1719 280 1745 ἐπὶ
312 1717 469 1751 κεφαλαίων
490 1716 605 1742 ἕκαστον
629 1714 682 1741 τῶν
707 1715 836 1750 ἐπενηνε-

61 1764 152 1799 γμένων
168 1766 195 1791 ἐν
213 1764 297 1802 ὀλίγῳ
312 1763 456 1796 διεξελθεῖν
469 1771 475 1777 ·
494 1760 544 1788 εἷθ’
563 1761 648 1793 οὕτως
668 1760 779 1788 εὐθῦναι
799 1759 837 1796 τῷ

62 1811 119 1846 nam,
131 1811 163 1838 τὰ
177 1811 321 1846 εἰρημένα,
336 1810 374 1842 ὡς
398 1809 431 1836 ἂν
454 1810 511 1841 τοῖς
527 1817 555 1835 τε
570 1808 692 1844 κρίνουσι
707 1807 756 1843 τὴν
770 1807 838 1842 ἀλή-

62 1856 124 1883 θειαν
138 1857 351 1892 εὐμνημόνευτος
369 1857 385 1891 ἠ
401 1855 463 1882 καθ’
485 1854 563 1891 ἡμῶν
578 1855 620 1889 εἴη
633 1853 726 1889 γραφὴ
736 1874 743 1886 ,
760 1853 830 1888 πρὸς

63 1902 89 1936 ἦν
102 1902 316 1937 ἀπολογήσασθαι
330 1903 382 1937 χρή
393 1909 401 1917 ⁸
418 1901 464 1928 καὶ
479 1901 559 1935 ἡμεῖς
580 1900 608 1926 ὲν
623 1899 699 1931 τάξει
713 1899 760 1925 καὶ
774 1899 840 1925 ἀκο-

64 1947 142 1984 λουθία
155 1948 207 1974 τῶν
221 1948 405 1983 ἐγκλημάτων
420 1947 535 1973 ἕκαστον
549 1945 736 1980 διαλύσαιμεν.
751 1944 842 1970 Ἐπαι-

66 1995 192 2029 σχύνεσθαί
207 2003 290 2031 φησιν
309 1995 383 2029 ἡμᾶς
396 1993 435 2029 τῷ
451 1991 563 2028 σταυρῴ
579 1991 626 2018 τοῦ
639 1990 758 2027 Χριστοῦ
771 2012 778 2024 ,
794 1990 842 2017 καὶ

65 2042 209 2077 κατηγορεῖν
220 2041 284 2073 τοὺς
301 2040 396 2074 ἁγίους
405 2061 412 2073 ,
424 2039 471 2066 ml.
486 2038 629 2073 ἄνθρωπον
643 2038 683 2069 εἰς
697 2037 842 2073 ἄνθρωπον

66 2087 212 2114 κεκενῶσθαι
227 2087 337 2122 λέγειν,
354 2086 401 2113 καὶ
420 2085 473 2121 πρὸ
490 2085 538 2120 τῆς
553 2084 596 2111 διὰ
621 2083 721 2119 σαρκὸς
737 2091 842 2119 παρου-

68 2134 116 2166 σίας
127 2135 173 2170 τὴν
182 2135 228 2162 τοῦ
236 2131 335 2162 δούλου
349 2134 456 2170 μορφὴν
473 2133 544 2168 ἔχειν
556 2133 602 2160 τὸν
615 2131 716 2168 Κύριον
727 2131 842 2163 οίεσθαι,

66 2180 104 2206 καὶ
118 2181 248 2217 ἀνθρώπῳ
260 2181 419 2208 ἀνατιθέναι
431 2180 482 2215 τὴν
497 2179 641 2215 λύτρωσιν,
658 2179 704 2205 καὶ
716 2178 763 2205 δύο
776 2178 845 2213 Χρι-

68 2226 134 2259 πούς
144 2236 172 2254 τε
184 2228 229 2254 καὶ
242 2228 364 2263 Κυρίους
379 2227 408 2254 ὲν
423 2226 463 2262 τῷ
476 2226 590 2261 δόγματι
606 2225 696 2260 λέγειν
707 2233 714 2239 ·
735 2224 752 2259 ἢ
766 2224 791 2250 εἰ
807 2223 844 2258 μὴ

67 2272 140 2305 τοῦτο,
158 2273 208 2308 πρὸ
220 2273 268 2300 τοῦ
285 2272 389 2305 πάθους
406 2273 443 2308 μὴ
459 2272 549 2306 λέγειν
561 2269 629 2298 εἶναι
647 2270 692 2297 τὸν
714 2268 844 2305 μονογενῆ

69 2318 167 2353 Χριστόν
191 2328 221 2347 τε
244 2319 292 2346 καὶ
306 2319 419 2354 Κύριον.
439 2319 483 2356 Ὦς
499 2318 534 2345 ἂν
557 2315 604 2344 οὖν
632 2317 763 2351 φύγωμεν
789 2315 839 2349 τὴν

70 2364 226 2400 βλασφημίαν
238 2365 343 2400 ταύτην
354 2386 361 2398 ,
379 2357 548 2400 ’πεποιῆσθαι
563 2371 631 2398 φησι
648 2362 703 2389 δεῖν
716 2361 764 2388 τοῦ
780 2360 844 2387 Υἰοῦ

69 2410 110 2445 τὴν
120 2412 207 2438 οὐσίαν
223 2413 376 2448 ὁμολογεῖν,
392 2411 430 2443 ὡς
442 2411 489 2437 καὶ
504 2409 551 2437 τοῦ
564 2409 728 2436 ’Λποστόλου
740 2408 845 2443 Πέτρου

69 2457 94 2483 τὸ
111 2458 206 2485 τοιοῦτο
227 2459 318 2494 δόγμα
331 2459 364 2493 τῇ
387 2457 440 2493 ἰδίᾳ
464 2455 636 2492 βεϐαιοῦντος
651 2455 738 2491 φωνῇ.
754 2453 846 2480 Ταῦτα

70 2504 110 2538 τῆς
125 2505 287 2541 κατηγορίας
302 2505 360 2532 ἐστὶ
372 2504 407 2531 τὰ
421 2503 559 2538 κεφάλαια
569 2511 575 2517 ·
591 2501 625 2529 τὰ
641 2501 695 2537 γὰρ
708 2501 758 2527 ὃσα
778 2499 848 2535 πρὸς

70 2548 111 2584 τὴν
132 2550 189 2576 καθ’
210 2550 290 2586 ἡμῶν
304 2549 436 2585 λοιδορίαν
453 2547 666 2584 πεφιλοπόνηται
678 2568 685 2579 ,
705 2546 744 2578 ὼς
770 2545 848 2572 οὐδὲν

74 2596 234 2624 συντελοῦντα
259 2597 330 2633 πρὸς
350 2596 396 2624 τὸν
420 2587 538 2626 σκοπδνι
566 2593 750 2629 σιωπήσομαι.
772 2590 849 2626 Τάχα

72 2641 118 2678 γὰρ
137 2644 152 2678 ἠ
167 2644 278 2678 τοιαύτη
295 2643 350 2670 τῶν
365 2643 452 2677 λόγων
469 2639 610 2676 καταφορὰ
621 2659 629 2670 ,
644 2638 716 2666 κατά
731 2645 792 2664 τινα
804 2645 850 2663 τε.-

74 2689 155 2726 χνικὴν
169 2691 284 2728 θεωρίαν
298 2691 417 2726 συνήθης
433 2689 492 2717 ἐστὶ
507 2690 562 2720 τοῖς
576 2686 764 2724 ῥητορεύουσι,
782 2684 850 2720 πρὸς

103 2770 112 2785 ⁸
144 2770 219 2799 Joan.
240 2780 260 2804 I,
275 2772 320 2799 Μ.
357 2772 367 2788 ⁷
380 2771 496 2806 Philipp.
518 2778 547 2803 ιι,
560 2770 586 2798 8.
624 2769 635 2784 "
651 2768 661 2796 Ι
675 2769 738 2796 Cor.
760 2776 789 2799 ιι,
805 2767 832 2795 8.

890 1721 1018 1753 oportere
1042 1719 1162 1754 primum
1186 1719 1326 1754 sigillatim
1347 1716 1563 1752 unumquodque
1589 1722 1686 1743 eorum

889 1772 952 1799 quae
973 1765 1048 1792 illata
1063 1769 1129 1792 sunt
1145 1765 1221 1792 brevi
1236 1772 1364 1792 sermone
1381 1770 1544 1798 percurrere
1563 1770 1569 1787 :
1587 1760 1685 1788 dcindc

890 1810 930 1838 sic
952 1810 1078 1838 oratione
1100 1819 1161 1846 quae
1178 1814 1242 1838 sunt
1264 1809 1336 1836 dicta
1360 1808 1530 1835 adamussim
1554 1806 1684 1841 dirigere.

892 1860 922 1883 ut
941 1861 968 1884 et
988 1857 1131 1884 veritatem
1157 1856 1347 1891 judicantibus
1368 1858 1522 1883 memoratu
1544 1852 1634 1879 facilis
1651 1851 1687 1877 sit

893 1906 988 1929 contra
1005 1910 1056 1930 nos
1069 1906 1204 1937 suscepta:
1223 1901 1408 1929 accusationis
1420 1899 1540 1932 libellus,
1559 1898 1591 1924 ad
1605 1905 1688 1932 quem

893 1949 1019 1977 defensio
1035 1949 1156 1983 paranda
1174 1952 1227 1980 cst,
1248 1952 1275 1975 ct
1296 1951 1325 1974 nt
1348 1954 1399 1973 nos
1419 1945 1517 1972 ordine
1537 1948 1564 1971 et
1584 1943 1688 1978 optima

894 1995 978 2028 serie,
995 1995 1143 2023 criminum
1158 1994 1377 2029 unumquodque
1402 1992 1550 2019 diluamus.
1573 1989 1629 2016 Nos
1651 1990 1689 2017 ait

894 2050 978 2077 super
995 2050 1078 2070 cruce
1094 2041 1198 2069 Christi
1221 2041 1385 2068 erubcsecre
1406 2043 1433 2066 et
1455 2041 1567 2065 sanctos
1593 2035 1688 2062 crimi-

895 2089 956 2116 nari
972 2092 999 2116 et
1016 2088 1155 2115 hominem
1172 2088 1199 2114 in
1218 2087 1357 2114 hominem
1377 2084 1549 2112 exinanitum
1568 2089 1629 2109 csse
1645 2081 1688 2108 di-

896 2140 970 2166 cere,
988 2137 1071 2168 atquc
1084 2137 1148 2160 ante
1161 2132 1310 2159 adventum
1327 2138 1375 2165 per
1391 2136 1501 2156 carnem
1512 2148 1520 2159 ,
1543 2127 1689 2154 Dominum

896 2181 968 2208 servi
990 2180 1106 2208 formam
1122 2180 1225 2207 habere
1239 2183 1354 2213 putare;
1371 2181 1398 2204 et
1411 2174 1515 2202 homini
1527 2173 1690 2208 redemptio-

897 2235 960 2255 nem
977 2226 1138 2258 attribuerc,
1153 2226 1279 2261 duosque
1303 2224 1429 2251 Christos
1449 2225 1477 2249 et
1502 2219 1635 2247 Dominos
1662 2218 1690 2246 in

898 2273 1026 2309 dogmate
1040 2280 1180 2304 asserere;
1196 2271 1239 2299 vel
1255 2271 1279 2298 si
1298 2278 1353 2297 non
1377 2269 1429 2296 hoc
1451 2267 1616 2299 asserimus,
1636 2265 1692 2292 sal-

899 2324 954 2348 tem
971 2320 1049 2347 illum
1066 2323 1131 2347 ante
1145 2318 1304 2354 passionem
1321 2324 1375 2344 non
1400 2316 1492 2344 dicere
1518 2313 1691 2348 unigenitum

899 2372 963 2393 esse
979 2364 1119 2392 Christum
1142 2367 1169 2391 et
1194 2363 1352 2391 Dominum.
1371 2360 1405 2389 Ut
1422 2360 1505 2395 igitur
1524 2360 1595 2386 hanc
1619 2357 1694 2385 blas-

901 2409 1037 2445 phemiam
1054 2409 1112 2437 sive
1127 2409 1238 2443 impiam
1257 2407 1434 2435 (-tfcnsionem
1453 2405 1601 2440 fugiamus.
1612 2409 1694 2437 opor-

900 2460 958 2484 tere
971 2459 1096 2483 autumat
1112 2462 1163 2482 nos
1177 2453 1303 2482 contiteri
1320 2452 1419 2480 factam
1441 2459 1502 2479 esse
1523 2449 1584 2476 Filii
1597 2455 1693 2476 essen-

900 2502 978 2533 tiam,
994 2509 1056 2529 cum
1077 2501 1117 2529 sic
1136 2502 1219 2528 etiam
1235 2499 1334 2528 Petrus
1353 2498 1497 2535 apostolus
1518 2495 1573 2522 tale
1594 2493 1694 2528 dogma

900 2549 1011 2586 propria
1028 2556 1096 2576 voce
1109 2547 1262 2576 conﬁrmet.
1278 2547 1341 2574 Hme
1365 2542 1552 2572 accusationis
1568 2543 1632 2568 sunt

902 2583 976 2628 pilai;
994 2600 1058 2620 nam
1072 2599 1243 2628 quotcunque
1253 2591 1287 2618 ad
1304 2588 1522 2618 maledicentiam
1536 2590 1562 2613 et
1575 2583 1696 2612 convitia

903 2644 1000 2666 contra
1014 2647 1065 2666 nos
1079 2642 1144 2666 sunt
1158 2638 1299 2665 elaborata
1311 2658 1318 2669 ,
1339 2640 1369 2663 ιιι
1387 2636 1419 2662 ad
1438 2641 1494 2662 rem
1521 2632 1588 2659 nihil
1612 2629 1695 2665 perti-

905 2686 996 2713 nentia
1014 2684 1116 2712 tacitus
1133 2683 1290 2720 prmteribo.
1306 2681 1444 2710 Fortassis
1463 2680 1534 2707 enim
1547 2677 1610 2704 talis
1634 2682 1696 2702 ora—

76 2870 80 2874 ,
106 2837 139 2870 (α)
158 2837 307 2874 llucusquc
328 2839 410 2866 verba
434 2840 498 2866 sunt
515 2836 641 2864 EnnOmii
664 2835 794 2863 adversus
816 2833 943 2862 Basiliam
967 2833 1002 2861 Μ.
1028 2841 1043 2860 a
1064 2831 1195 2867 Gregorio
1212 2829 1336 2866 Nysscno
1361 2827 1393 2855 ad
1421 2825 1532 2854 verbum
1556 2824 1642 2851 relata
1667 2826 1694 2850 et

76 2878 81 2896 Ι
85 2877 175 2901 mena.
