1959 3075
97 123 145 153 695

653 122 793 151 CONTRA
806 120 1002 154 EUNOMIUM,
1022 122 1086 151 LIB.
1110 123 1141 150 ν.

1662 123 1714 152 ΟΜ.
1729 144 1732 147 .

96 181 190 214 πίνοις
210 180 437 212 πολιτεύεσθαι,
463 180 596 214 σταυρὸν
622 179 756 215 ἐνεγκεῖν
769 200 776 213 ,
803 178 872 207 ἴσον

925 181 1049 215 rt’qualem
1061 181 1114 207 luci
1129 181 1222 207 lucent.
1239 181 1305 215 Quis
1324 184 1408 218 igitur
1422 189 1511 210 CI'UCIS
1529 177 1633 217 pudore
1651 182 1711 210 alli-

95 226 198 261 Jspérw
213 225 250 259 τῷ
265 226 337 261 φωτὶ
356 225 389 253 τὸ
414 225 486 261 φῶς.
507 225 556 258 Τίς
576 223 623 252 οὖν
640 226 654 251 ὁ
676 226 874 261 ὲπαισχυνόμε-

96 282 136 304 νος
154 272 192 308 τῷ
215 271 341 308 assumi);
359 273 373 298 ὁ
392 273 438 299 καὶ
464 272 532 307 μετά
549 272 579 299 τὸ
606 272 691 303 πάθος
712 273 874 308 προσκυνῶν

95 317 137 346 ἶσα
151 319 235 354 Πατρὶ
248 319 293 345 τὸν
307 319 372 345 Υῐὸν
384 338 391 352 ,
410 318 427 353 ἦ
441 319 454 344 ὁ
472 319 519 346 καὶ
544 319 597 354 πρὸ
613 319 659 345 τοῦ
680 319 782 351 πάθους
797 319 874 354 ὑδρί-

96 365 144 398 ζων
156 385 162 396 ,
183 365 213 391 οὐ
229 364 309 400 μόνον
323 366 357 400 τῇ
382 365 450 401 πρὸς
464 365 513 400 τὴν
530 365 617 391 κτίσιν
644 364 772 400 ὁμοτιμία
784 386 791 398 ,
806 364 874 392 ἀλλά

95 411 137 438 καὶ
160 410 198 445 τῷ
216 409 430 442 κατασκευάζειν
456 410 506 445 τῆς
530 410 671 445 ὲμπαθοῦς
697 411 777 437 αὐτὸν
804 408 873 445 εἶναι

95 457 209 493 φύσεως,
230 457 266 492 μὴ
279 456 426 484 ἀνελθόντα
453 457 521 492 πρὸς
546 457 595 492 τὴν
620 457 674 483 τῶν
704 457 873 492 παθημάτων

95 505 193 540 πεῖραν,
209 504 232 529 εξ
249 503 286 538 μὴ
296 503 422 538 δεκτικὴν
435 501 491 538 εἶχε
507 503 561 530 τῶν
575 503 702 530 τοιούτων
717 504 766 538 τὴν
782 503 872 538 φύσιν;

99 551 187 585 Ἡμεῖς
205 550 253 584 μὲν
270 549 323 584 γὰρ
344 549 391 576 καὶ
411 549 441 575 τὸ
456 548 535 584 σῶμα
591 549 621 575 τὸ
646 549 731 581 πάθος
754 550 872 581 ἐδέξατο,

94 597 122 631 τῇ
145 594 203 630 θείᾳ
219 594 298 629 φύσει
315 594 506 629 κατακραοὲν,
535 595 622 621 ἐκεῖνο
640 595 805 630 πεποιῆσθαι
823 603 874 628 φα-

95 649 139 676 μεν
153 639 195 667 aut
213 640 263 675 τῆς
282 640 474 675 ἀνακράσεως,
489 639 558 674 ὅπερ
576 640 592 674 ἠ
610 639 780 666 ἀναλαϐοῦσα
793 639 873 673 φύσις

93 687 154 713 ἐστι.
167 685 298 712 Τοσοῦτον
311 686 450 721 ἀπέχομεν
464 685 510 712 τοῦ
526 686 622 722 μικρύν
636 694 663 712 τι
677 685 741 720 περὶ
758 685 804 712 τὸν
825 693 872 720 μο-

93 732 180 767 νογενῆ
194 732 260 758 Θεὸν
273 732 371 758 ὲννοεῑν
381 752 388 764 ,
406 732 442 763 ὼς
460 731 487 758 εἴ
502 740 529 758 τι
552 732 598 759 καὶ
612 732 660 766 τῆς
676 731 751 758 κάτω
766 731 874 765 φύσεως

92 777 131 804 διὰ
144 777 190 812 τὴν
211 777 402 812 φιλάνθρωπον
428 776 604 812 προσελήφθη
628 776 799 811 οἰκονομίαν,
826 776 874 802 καὶ

92 823 162 850 τοῦτο
185 822 324 850 πιστεύειν
349 823 583 858 μεταπεποιῆσθαι
613 821 680 857 πρὸς
702 822 732 848 τὸ
747 821 818 847 θεῖόν
840 830 869 848 τε

93 871 133 898 καὶ
145 870 281 905 ἀκήρατον
292 877 300 885 ο
317 870 330 895 ὁ
342 869 370 895 δὲ
387 871 499 904 σημεῖον
519 869 569 904 τῆς
590 868 657 905 πρὸς
675 868 704 894 τὸ
718 868 873 894 ταπεινότε-

94 923 134 951 ρον
155 915 213 941 κατ⁹
238 915 332 941 οὐσίαν
360 913 539 949 παραλλαγῆς
564 913 594 940 τὸ
618 913 681 949 περὶ
696 913 741 939 τὸν
759 913 873 947 σταυρὸν

91 961 169 992 πάθος
181 961 338 997 πεποίηται.
356 960 414 987 Οὐκ
426 957 485 986 οἶδα
495 960 569 991 ὅπως
585 959 635 995 τὴν
650 958 873 994 ὑπερϐάλλουσαν

91 1007 135 1042 τῆς
148 1007 286 1042 δυνάμεως
297 1006 446 1042 ἐνέργειαν,
463 1006 523 1032 καθ’
539 1005 573 1041 ἢν
588 1006 636 1032 καὶ
650 1005 729 1031 τοῦτο
741 1005 872 1041 ἠδυνήθη,

91 1054 231 1089 τεκμήριον
246 1053 386 1084 ἀσθενείας
400 1053 559 1088 ποιούμενος
571 1061 578 1068 ”
598 1053 659 1079 οὐδὲ
681 1052 759 1078 τοῦτο
772 1051 871 1083 συνεὶς,

91 1099 126 1125 ὅτι
139 1099 210 1125 οὐδὲν
225 1097 297 1125 κατά
311 1098 361 1133 τὴν
378 1096 474 1124 ἑαυτοῦ
497 1097 577 1132 φύσιν
598 1097 756 1132 κινούμενον
773 1097 810 1128 ὡς
827 1096 873 1122 ἐπὶ

90 1144 225 1180 παραδόξῳ
240 1143 425 1180 θαυμάζεται·
443 1143 500 1170 ἀλλ’
527 1144 577 1170 ὅσα
591 1145 655 1175 τοὺς
678 1144 758 1178 ὄρους
777 1142 872 1170 ἐκϐαί-

89 1198 126 1217 νει
140 1190 187 1226 τῆς
204 1190 329 1224 φύσεως,
347 1190 433 1217 ταῦτα
451 1190 568 1225 μάλιστα
584 1190 691 1217 πάντων
707 1190 735 1216 ὲν
753 1189 872 1224 θαύματι

91 1237 204 1271 γίνεται,
225 1238 274 1264 καὶ
303 1237 370 1272 πρὸς
388 1236 475 1263 ταῦτα
499 1237 573 1263 πᾶσα
600 1236 649 1272 μὲν
679 1236 873 1271 ἐπιστρέφεται

90 1283 153 1319 ἀκοὴ
164 1303 171 1315 ,
186 1283 262 1309 πᾶσα
278 1282 306 1309 δὲ
322 1283 425 1309 διάνοια
447 1282 562 1308 τείνεται
586 1283 616 1308 τὸ
633 1282 784 1317 παράδοξον
806 1281 872 1307 θαυ-

91 1328 214 1363 μάζουσα.
231 1328 277 1354 Διὺ
298 1327 344 1354 καὶ
362 1327 463 1358 πάντες
480 1328 504 1353 οἱ
521 1327 566 1353 τὸν
582 1326 660 1360 λόγον
678 1320 871 1361 κηρύσσοντες,

90 1375 115 1400 ὲν
127 1374 209 1409 τούτῳ
224 1373 256 1399 τὸ
271 1373 362 1408 θαῦμα
387 1373 432 1399 τοῦ
461 1372 611 1408 μυστηρίου
627 1372 848 1407 καταμηνύουσιν
863 1391 871 1404 ,

89 1421 126 1447 ὃτι
141 1420 203 1452 Θεὸς
226 1419 388 1456 ἐφανερώθη
412 1421 441 1447 ὲν
461 1420 560 1455 σαρκὶ,
577 1420 618 1445 ὅτι
638 1419 664 1445 '0
681 1420 776 1454 Λόγος
794 1418 872 1452 σὰρξ

89 1466 198 1501 ἐγένετο
211 1487 218 1498 ,
234 1467 277 1493 ὅτι
300 1466 331 1492 τὸ
354 1466 411 1500 φῶς
429 1467 457 1492 ὲν
477 1467 510 1501 τῇ
527 1465 621 1500 σκοτίᾳ
638 1465 774 1500 ἔλαμψεν,
790 1465 830 1491 ὃτι
855 1465 871 1500 ὴ

89 1511 140 1547 ζωὴ
154 1512 267 1540 θανάτου
281 1512 421 1546 ἐγεύσατο,
435 1511 481 1538 καὶ
493 1512 580 1538 πάντα
596 1511 629 1537 τὰ
647 1511 759 1537 τοιαῦτα
775 1509 871 1544 βοῶσιν

89 1559 111 1585 οἱ
124 1559 260 1594 κήρυκες,
277 1559 310 1585 δι’
331 1555 368 1584 ὧν
391 1558 566 1590 πλεονάζεται
588 1557 618 1584 τὸ
643 1558 734 1592 θαῦμα
758 1556 805 1583 τοῦ
827 1556 871 1582 διὰ

89 1604 137 1630 τῶν
149 1605 199 1636 ἔξω
213 1605 264 1640 τῆς
276 1604 382 1638 φύσεως
392 1604 423 1630 τὸ
435 1604 529 1639 περιὸν
550 1603 599 1638 τῆς
618 1602 757 1637 δυνάμεως
773 1601 870 1629 ἑαυτοῦ

89 1650 301 1686 φανερώσαντος.
310 1649 391 1676 Ἀλλά
404 1649 456 1676 κᾶν
472 1649 586 1680 ἐκείνοις
597 1647 717 1683 ὑϐρίζειν
730 1647 773 1673 διὰ
785 1646 871 1674 ταῦτα

89 1697 165 1732 δοκῇ,
184 1697 230 1723 καὶ
246 1697 296 1731 τῆς
319 1696 386 1732 πρὸς
404 1695 449 1722 τὸν
468 1694 578 1730 Πατέρα
597 1693 741 1729 ὀμοτιμίας
757 1692 800 1719 διὰ
822 1692 871 1728 τὴν

90 1742 148 1778 περὶ
166 1743 210 1768 τὸν
233 1742 352 1777 crat)pr
368 1740 523 1775 οἰκονομίαν
542 1739 587 1766 τὸν
599 1739 663 1765 Υἱξιν
677 1738 871 1773 ἀποσχοινίζω-

91 1797 145 1816 σιν·
162 1789 240 1824 ἡμεῖς
269 1787 360 1818 καθὼς
380 1786 542 1823 παρέδωκαν
569 1786 633 1820 ἡμῖν
663 1786 687 1811 ol
712 1785 759 1811 ἀπ’
784 1785 872 1820 ἀρχῆς

90 1834 212 1861 αὐτόπται
224 1834 272 1861 καὶ
286 1833 422 1869 ὑπηρέται
438 1833 485 1859 τοῦ
500 1832 579 1866 λόγου
592 1832 743 1866 γενόμενοι,
760 1830 803 1857 διὰ
816 1830 870 1856 τῶν

89 1881 167 1914 ἁγίων
195 1880 313 1916 Γραφῶν
340 1879 561 1914 πεπιστεύκαμεν
587 1878 627 1904 ὅτι
651 1878 665 1904 ὁ
683 1878 710 1904 ἐν
734 1878 804 1912 ἀρχῇ
834 1876 872 1903 ὢν

89 1927 162 1959 Θεὸς,
179 1927 246 1962 μετὰ
263 1927 358 1958 ταῦτα,
371 1926 462 1956 καθώς
476 1934 558 1960 φησιν
573 1926 587 1951 ὁ
600 1925 724 1959 Βαροὺχ,
750 1925 799 1953 ἐπὶ
818 1922 873 1957 τῆς

88 1972 140 2006 γῆς
157 1972 238 2007 ὤφθη
252 1993 260 2003 ,
283 1972 333 1998 καὶ
359 1971 421 2004 τοῖς
440 1970 604 2004 ἀνθρώποις
625 1969 871 2003 συνανεστράφη,

90 2018 258 2053 ἀντάλλαγμα
273 2017 320 2044 τοῦ
333 2018 469 2053 ἡμετέρου
487 2017 601 2044 Θανάτου
623 2017 781 2052 γενόμενος,
795 2016 872 2042 ἔλυσε

89 2064 130 2091 διὰ
141 2065 188 2100 τῆς
199 2065 267 2097 ἰδίας
282 2064 456 2096 ἀναστάσεως
471 2063 505 2090 τὰ
522 2063 610 2098 δεσμὰ
623 2063 670 2089 τοῦ
684 2063 809 2094 θανάτου,
825 2063 873 2089 καὶ

90 2111 230 2147 ὡδοποίησε
256 2112 332 2147 πάσῃ
360 2110 441 2144 σαρκὶ
463 2111 495 2137 δι’
522 2110 617 2137 ἑαυτοῦ
642 2110 691 2145 τὴν
714 2109 871 2141 ἀνάστασιν,

90 2157 228 2194 ὸμύθρονός
243 2166 274 2184 τε
301 2157 348 2184 καὶ
362 2157 488 2192 ὁμόδοξος
501 2155 538 2184 ὣν
557 2155 597 2192 τῷ
613 2157 671 2190 ἰδίῳ
692 2156 794 2191 Πατρὶ,
812 2156 872 2182 κατ’

926 229 1016 256 citur?
1036 229 1081 256 ille
1100 230 1145 263 qui
1162 233 1222 264 post
1237 231 1391 264 passionem
1408 229 1506 257 Filium
1525 230 1667 264 aequaliter
1681 238 1712 257 ac

925 274 1031 302 Patrem
1048 275 1154 308 adorat,
1171 284 1203 303 an
1217 277 1239 304 is
1252 276 1296 312 qui
1311 277 1392 303 etiam
1409 281 1472 304 ante
1484 277 1639 311 passionem
1653 284 1714 303 eon-

925 321 1069 348 tumeliose
1086 321 1182 353 allicit.
1205 330 1259 350 non
1277 323 1365 349 solum
1379 330 1441 350 cum
1458 327 1583 350 creatura
1599 322 1727 350 honoris-

924 367 1089 402 aequalitate,
1106 376 1200 395 verum
1216 369 1298 396 etiam
1312 369 1472 396 allirmando
1485 369 1573 404 ipsum
1589 376 1649 396 esse
1666 377 1715 395 na—

925 417 992 440 tura:
1007 413 1150 442 affectibus
1167 415 1302 447 obnoxia},
1318 423 1371 441 non
1384 415 1491 442 venisse
1507 415 1539 441 ad
1556 415 1713 449 passionum

924 459 1141 494 experientiam,
1166 460 1219 487 nisi
1243 461 1383 487 habuisset
1407 464 1533 487 naturam
1552 460 1646 487 talium
1670 467 1714 486 ca-

926 506 1038 541 pacem?
1054 505 1110 533 Nos
1124 506 1233 539 quidem
1254 507 1335 533 etiam
1353 514 1463 541 corpus,
1481 514 1535 541 quo
1556 506 1714 541 passionem

925 551 1056 586 suscepit,
1074 550 1172 578 divinae
1193 556 1296 578 naturae
1321 555 1573 586 contemperatum,
1591 551 1655 578 illud
1673 551 1715 578 ia-

924 597 997 622 ctum
1006 602 1067 623 esse
1076 602 1122 629 per
1138 596 1362 630 temperationem
1372 596 1499 627 dicimus,
1517 595 1589 630 quod
1605 595 1713 630 quidem

924 644 965 667 est
982 646 1078 668 natura
1095 649 1156 676 qum
1170 642 1328 677 assumple
1347 641 1464 668 Tantum
1494 642 1571 669 abest
1595 645 1624 668 ut
1649 641 1719 676 quid‘

924 687 1051 721 exiguum
1074 687 1108 714 de
1133 688 1273 723 unigenito
1296 687 1350 715 Deo
1378 688 1531 715 sentiamus
1550 696 1556 715 :
1579 688 1615 714 ita
1640 692 1669 714 ut
1691 687 1714 714 si

923 731 988 766 quid
1003 732 1086 758 etiam
1107 736 1211 759 natura:
1224 731 1323 760 infima:
1338 737 1508 767 assumptum
1528 736 1580 762 est,
1603 736 1715 767 propter

924 778 1156 813 dispensationem
1173 779 1314 806 hominum
1339 779 1431 814 generi
1456 779 1635 812 benevolam,
1662 780 1732 810 hoc,

924 825 1006 852 etiam
1026 826 1172 853 credamus
1186 825 1220 853 ad
1237 826 1262 853 id
1279 826 1350 861 quod
1370 826 1492 853 divinmn
1509 830 1551 852 est
1565 829 1591 852 et
1604 826 1716 852 immcr~

925 871 978 898 tale
996 871 1220 903 transformatum
1240 880 1300 899 esse
1321 881 1326 898 :
1346 872 1389 898 hic
1411 877 1500 899 autent
1523 871 1555 898 ad
1581 871 1607 898 id
1641 870 1715 905 quod

925 916 1056 944 humilius
1076 921 1117 944 est
1146 917 1295 944 secundum
1321 919 1467 944 essentiam
1492 916 1652 944 mutationis
1675 916 1714 944 si-

925 970 1008 997 gnum
1038 962 1097 990 sive
1119 966 1310 998 argumentum
1328 962 1391 990 fecit
1408 962 1563 998 passionem
1583 969 1665 997 quam
1686 962 1714 989 in

925 1016 1006 1036 cruce
1023 1005 1143 1036 sustulit.
1161 1008 1260 1036 Nescio
1278 1016 1332 1044 quo
1346 1009 1427 1036 modo
1437 1014 1648 1044 exsuperantem
1667 1017 1715 1044 po-

925 1055 1015 1082 tentiae
1041 1055 1227 1082 eilicacitatem
1254 1055 1312 1083 sive
1337 1056 1539 1090 operationem,
1563 1055 1714 1083 secundum

924 1108 1006 1135 quam
1023 1101 1074 1127 hoc
1085 1101 1168 1129 etiam
1185 1102 1289 1136 potuit,
1310 1107 1415 1129 certum
1445 1101 1615 1128 infirmitatis
1642 1101 1716 1128 indi—

924 1146 997 1172 cium
1015 1145 1095 1178 facit;
1111 1153 1199 1180 neque
1215 1145 1267 1172 hoc
1284 1145 1440 1180 intelligens
1457 1145 1531 1180 quod
1553 1145 1621 1172 nihil
1641 1145 1715 1180 quod

924 1191 1075 1220 secundum
1109 1196 1235 1219 naturam
1263 1195 1404 1224 movetur,
1440 1190 1586 1218 admodum
1626 1191 1709 1218 mira-

923 1237 977 1264 bile
986 1240 1138 1272 praaterque
1148 1237 1304 1272 opinionem
1322 1237 1449 1264 videtur:
1469 1237 1517 1264 sed
1545 1244 1716 1271 quacunque

923 1287 1029 1310 natura:
1049 1283 1116 1311 ﬁnes
1132 1286 1272 1317 superant,
1290 1283 1346 1310 haec
1364 1282 1481 1310 maxime
1502 1284 1625 1310 omnium
1649 1287 1716 1310 sunt

923 1329 951 1355 in
969 1328 1159 1360 admiratione,
1175 1332 1202 1356 et
1217 1329 1249 1356 ad
1265 1329 1322 1356 haec
1337 1330 1427 1357 omnis
1441 1329 1552 1357 auditus
1575 1329 1714 1356 converti-

924 1378 977 1401 tur.
997 1373 1093 1402 Omnis
1114 1376 1186 1402 cnim
1213 1375 1393 1410 intelligentia
1424 1375 1561 1407 tenditur,
1580 1374 1646 1402 dum
1664 1375 1715 1401 ali-

924 1419 987 1454 quid
1003 1420 1165 1447 inusitatum
1182 1424 1209 1448 et
1226 1421 1394 1456 inopinabile
1412 1421 1529 1456 suspicit
1551 1425 1577 1448 et
1595 1420 1716 1447 admira-

924 1469 978 1492 tur.
992 1464 1128 1498 Quocirca
1141 1473 1237 1493 omnes
1252 1467 1298 1501 qui
1311 1466 1426 1493 verbum
1442 1467 1604 1501 prazdieant,
1621 1465 1649 1492 in
1663 1465 1715 1491 hoc

923 1511 1087 1538 miraculum
1106 1512 1228 1547 mysterii
1253 1512 1392 1539 declarant
1409 1521 1416 1538 :
1432 1511 1505 1546 quod
1530 1511 1602 1539 Deus
1627 1510 1716 1538 mani-

923 1557 1038 1584 festatus
1055 1561 1098 1584 est
1115 1558 1141 1584 in
1156 1558 1269 1589 carne”,
1292 1557 1364 1592 quod
1391 1557 1503 1586 Verbum
1526 1566 1588 1586 caro
1615 1559 1716 1594 factum

921 1611 960 1633 es:
978 1603 1000 1618 ¹⁰
1023 1611 1029 1628 :
1045 1603 1118 1637 quod
1135 1603 1181 1630 lux
1200 1604 1227 1630 in
1249 1604 1370 1631 tenebris
1392 1603 1550 1638 splenduit,
1567 1604 1639 1639 quod
1657 1604 1711 1630 vita

922 1652 1038 1690 mortem
1059 1650 1196 1684 gustavit,
1219 1650 1365 1684 omniaque
1389 1649 1548 1684 hujusmodi
1575 1657 1715 1684 prrecones

922 1695 1073 1727 clamitant,
1091 1703 1139 1730 per
1161 1703 1222 1730 quae
1239 1696 1360 1723 exundat
1384 1696 1546 1723 miraculum
1567 1696 1644 1730 ejus,
1667 1695 1714 1730 qui

922 1749 970 1776 per
987 1748 1018 1768 ea
1033 1748 1094 1776 quae
1117 1747 1182 1768 sunt
1199 1747 1276 1768 extra
1303 1745 1429 1768 naturam
1453 1741 1638 1769 manifestavit
1659 1748 1715 1768 suze

923 1787 1052 1822 potentiae
1062 1787 1294 1822 exsuperantiam.
1308 1787 1500 1815 Verumtamen
1511 1788 1574 1814 licet
1584 1787 1639 1814 illis
1649 1793 1716 1813 con-

923 1833 1063 1860 tumeliam
1078 1833 1169 1860 facere
1184 1838 1295 1868 propter
1304 1833 1361 1860 haec
1377 1832 1512 1865 videatur,
1528 1837 1555 1860 et
1570 1833 1604 1859 ab
1615 1832 1714 1867 aequali

923 1880 1028 1907 honore
1043 1887 1105 1906 eum
1117 1879 1197 1906 Patre
1210 1887 1257 1914 per
1268 1879 1360 1906 crucis
1368 1879 1598 1914 dispensationem
1614 1878 1714 1905 Filium

924 1931 1055 1961 tanquam
1072 1925 1194 1953 funiculo
1214 1925 1391 1960 disjungant;
1411 1933 1460 1952 nos
1475 1925 1714 1952 autemsicuttra—

925 1973 1055 2000 diderunt
1073 1972 1153 1999 nobis
1172 1972 1219 2006 qui
1236 1972 1270 1998 ab
1288 1971 1366 1998 initio
1383 1970 1483 1998 oculati
1497 1974 1581 1997 testes
1603 1975 1629 1997 et
1655 1977 1713 2005 spe-

924 2022 1055 2050 ctatores,
1072 2021 1099 2045 et
1107 2016 1429 2045 administratoresverbi
1445 2016 1567 2048 fuerunt,
1584 2023 1633 2051 per
1647 2023 1712 2043 san-

924 2068 986 2092 ctas
999 2064 1158 2099 Seripluras
1172 2063 1352 2096 credidimus,
1370 2062 1443 2098 quod
1458 2062 1504 2097 qui
1519 2067 1578 2089 erat
1596 2061 1623 2088 in
1640 2062 1716 2097 prin-

925 2111 997 2146 cipio
1012 2110 1105 2143 Deus,
1130 2110 1318 2145 postea,sieut
1342 2109 1508 2136 vaticinatur
1531 2107 1639 2135 Barueb
1654 2128 1661 2140 ,
1688 2108 1716 2135 in

926 2162 997 2184 terra
1013 2156 1083 2183 visus
1098 2159 1148 2188 est,
1165 2159 1190 2182 et
1204 2163 1263 2181 cum
1276 2154 1425 2182 hominibus
1446 2158 1614 2181 conversatus
1632 2157 1671 2181 est
1682 2154 1719 2186 “,.

90 2203 161 2235 ἀξίαν
186 2203 240 2230 τῶν
260 2202 445 2238 βεϐιωμένων,
471 2203 500 2228 ὲν
516 2203 550 2238 τῇ
574 2201 666 2237 ἡμέρᾳ.
688 2202 737 2237 τῆς
755 2201 872 2236 κρίσεως

926 2206 1027 2231 nostrae
1043 2201 1140 2230 mortis
1164 2201 1330 2237 permutatio
1352 2201 1409 2228 sive
1431 2200 1583 2236 redemptio
1608 2200 1715 2233 factus,

90 2250 189 2284 ποιήσει
203 2250 252 2285 τὴν
266 2248 357 2284 ψῆφον
374 2250 430 2280 τοῖς
444 2248 623 2283 κρινομένοις.

927 2256 976 2284 per
998 2256 1076 2276 suam
1102 2247 1333 2274 resurrectionem
1360 2246 1456 2273 mortis
1475 2247 1586 2274 vincula
1616 2247 1716 2277 solvit.

89 2297 208 2331 viamque
226 2296 302 2323 omni
318 2296 393 2323 carni
410 2296 507 2322 stravit
527 2303 574 2329 per
589 2302 668 2322 suam
691 2296 932 2327 resurrectionem,
947 2295 975 2321 in
995 2295 1089 2322 eodem
1108 2294 1188 2326 solio.
1216 2293 1243 2320 in
1275 2292 1369 2320 eadem
1402 2292 1488 2328 gloria
1525 2297 1553 2320 et
1572 2293 1718 2328 splendore

89 2349 145 2368 eum
172 2348 222 2369 suo
248 2340 330 2367 Patre
355 2340 463 2372 sedens,
489 2347 539 2374 pro
561 2339 660 2366 merito
686 2343 713 2366 et
741 2339 875 2375 dignitate
894 2347 990 2367 eorum
1007 2347 1069 2374 quae
1087 2339 1115 2366 in
1129 2339 1185 2365 vita
1202 2342 1279 2373 gesta
1294 2341 1368 2370 sunt,
1384 2337 1413 2364 in
1433 2337 1582 2373 diejudicii
1612 2338 1645 2366 iis
1672 2340 1720 2373 qui

88 2386 278 2420 judicabuntur
293 2386 455 2414 sententiam
474 2386 580 2413 laturus
597 2391 648 2413 est.

120 2432 210 2459 Ταῦτα
223 2433 289 2468 περὶ
302 2432 348 2458 τὸν
363 2431 568 2467 ἐσταυρωμένον
590 2432 671 2466 ἡμεῖς
685 2431 870 2458 πεπιστεύκα-

91 2487 151 2512 μεν·
168 2479 215 2505 καὶ
227 2478 273 2504 διὰ
283 2477 361 2505 τοῦτο
374 2477 576 2512 ὑπερυψοῦντες
600 2476 670 2503 κατὰ
688 2476 719 2502 τὸ
738 2477 872 2513 ἡμέτερον

90 2524 135 2560 τῆς
150 2524 290 2560 δυνάμεως
302 2523 400 2559 μέτρον
414 2523 468 2549 οὐκ
489 2523 677 2558 ὰπολήγομεψ
694 2522 735 2548 ὅτι
749 2523 763 2548 ὁ
779 2522 873 2557 μηδενὶ

90 2571 207 2606 χωρητὺς
224 2569 270 2596 διὰ
285 2569 334 2604 τὴν
345 2570 483 2604 ἄφραστον
502 2567 584 2595 αὑτοῦ
600 2568 646 2595 καὶ
660 2568 806 2604 ἀπρόσιτον
825 2576 874 2602 με-

91 2615 258 2651 γαλειότητα,
276 2615 344 2650 πλὴν
358 2614 445 2650 ἑαυτῷ
463 2614 509 2641 καὶ
521 2613 560 2649 τῷ
574 2613 661 2650 Harp).
675 2614 722 2640 καὶ
736 2613 775 2648 τῷ
789 2612 874 2640 Πνεύ-

92 2669 152 2691 tam.
178 2661 218 2697 τῷ
252 2661 342 2696 ἁγίῳ,
377 2657 454 2692 οὗτος
478 2661 526 2687 καὶ
557 2660 626 2696 πρὸς
653 2659 795 2687 κοινωνίαν
827 2660 876 2694 τῆς

91 2706 226 2739 ἀσθενείας
251 2707 331 2743 ἡμῶν
348 2706 488 2734 κατελθεῖν
510 2706 640 2742 ἠδυνήθη.
657 2707 689 2733 Οἱ
715 2706 743 2733 δὲ
772 2705 875 2741 ταύτην

91 2753 222 2786 ἀπόδειξιν
232 2753 282 2789 τῆς
296 2753 366 2780 κατὰ
379 2752 428 2788 τὴν
441 2752 522 2788 φύσιν
534 2752 739 2788 ἀλλοτριότητος
750 2752 796 2779 τοῦ
811 2751 874 2778 Υἱοῦ

142 2841 365 2877 '1Timoth.1u,
383 2841 426 2870 16.
484 2842 506 2857 ¹⁰
528 2840 607 2869 Joan.
626 2848 644 2875 ι,
664 2841 706 2869 Η.

962 2427 1024 2463 Haec
1039 2435 1090 2455 nos
1106 2427 1139 2455 de
1155 2427 1288 2455 cruciﬁxo
1305 2427 1461 2461 credimus;
1483 2431 1510 2455 et
1530 2431 1641 2462 propter
1666 2426 1718 2454 hoc

925 2482 977 2510 pro
986 2472 1068 2500 modo
1081 2477 1183 2500 nostra:
1198 2473 1337 2502 facultatis
1354 2473 1569 2508 superextollere
1583 2481 1637 2501 non
1649 2473 1718 2501 desi-

926 2520 1037 2552 nimus;
1060 2519 1190 2554 quoniam
1213 2519 1259 2553 qui
1288 2526 1302 2545 a
1324 2519 1400 2546 nullo
1416 2519 1476 2553 capi
1502 2523 1595 2553 potest
1609 2523 1719 2553 propter

925 2565 1090 2593 ineil‘abilem
1106 2565 1166 2598 ejus
1181 2568 1208 2592 et
1223 2565 1441 2592 inaccessibilem
1463 2565 1644 2597 maiestatem.
1665 2565 1717 2592 nisi

928 2620 943 2639 a
956 2612 1049 2646 seipso
1069 2615 1096 2638 et
1118 2610 1198 2638 Patre
1214 2615 1241 2638 et
1256 2611 1358 2646 Spiritu
1376 2615 1471 2638 sancto
1490 2620 1497 2638 :
1513 2611 1558 2637 hic
1579 2610 1660 2636 etiam
1683 2609 1720 2637 ad

928 2657 1096 2685 inﬁrmitatis
1107 2662 1209 2684 nomae
1216 2657 1436 2684 communionem
1447 2654 1717 2689 descenderepotuit.

928 2703 977 2731 Isti
994 2710 1060 2731 vero
1081 2703 1133 2730 hac
1153 2703 1387 2731 demonstratione
1411 2705 1535 2733 utuntur,
1555 2704 1585 2726 ut
1602 2699 1718 2735 probent

930 2749 1041 2778 alterius
1053 2757 1113 2778 esse
1125 2754 1229 2778 natura:
1237 2749 1336 2777 Filium
1352 2756 1414 2776 cum
1429 2747 1521 2781 Patre,
1534 2746 1607 2784 quod
1621 2753 1718 2781 nempe

775 2841 796 2857 “
818 2839 926 2868 Baruch
951 2847 992 2875 ιιι,
1012 2823 1059 2867 28..
