1959 3075
227 113 281 141 653

834 115 862 143 S.
883 115 1048 144 GREGORII
1065 115 1210 143 NYSSENI

1815 109 1864 137 096

230 170 315 199 Filius
332 178 380 208 per
398 179 509 200 carnem
525 176 551 199 et
566 179 674 200 crucem
692 171 826 201 Dominus
843 177 885 201 est
907 173 1022 201 manife-

1076 173 1142 208 πρὸς
1158 172 1204 199 τὸν
1215 171 1325 207 Πατέρα
1340 171 1495 203 ποιοῦνταί,
1511 170 1541 197 ab
1551 170 1595 197 διὰ
1608 170 1709 206 σαρκὸς
1725 169 1774 198 καὶ
1789 179 1865 196 στεν-

230 222 338 250 status;
354 219 428 254 quod
444 218 533 246 Patris
550 218 659 254 quidem
676 223 774 246 natura
788 228 855 255 pura
872 221 900 247 in
917 220 1018 255 impas-

230 264 361 291 sihilitate
375 267 554 298 permaneat;
571 263 658 292 Filius
671 272 735 292 vero
747 266 811 300 quia
830 266 864 293 ad
878 266 1019 293 humilita-

231 314 284 335 tem
297 312 394 335 natura
406 312 590 336 transmutata
604 309 666 342 fuit,
679 314 707 337 et
717 310 750 338 ad
766 311 858 339 carnis
868 311 1020 346 mortisque

229 353 426 389 etperientiam
441 354 534 382 venire
549 363 603 382 non
623 356 830 390 impossibiliter
847 364 877 384 se
895 357 993 385 habeat
1011 367 1017 385 :

230 400 309 436 quasi
334 408 388 428 non
415 409 513 436 magna
542 402 612 430 facta
637 403 673 430 sit
702 407 790 430 status
815 404 948 437 mutatio;
973 404 1021 431 sed

230 446 434 481 quodammodo
446 448 479 474 ad
500 454 645 483 cognatum
661 453 688 476 et
701 449 854 476 contribule
876 458 910 476 ex
937 449 1019 477 simili

229 491 390 524 transierit,
416 501 450 520 ex
475 501 508 520 eo
530 494 603 529 quod
627 499 746 522 creatatu
767 495 878 530 quidem
894 500 1019 522 naturam

231 538 391 570 humanam,
406 543 526 566 creatam
544 541 625 567 etiam
643 540 780 576 Unigeniti
803 545 930 568 naturam
955 549 1020 576 sup-

230 587 325 618 ponat.
342 583 409 612 Uter
424 585 508 620 igitur
521 585 584 620 jure
597 592 754 620 accusatur,
773 587 808 614 ob
828 595 936 614 crucem
958 596 1021 615 eru-

231 631 362 658 bescere?
377 639 410 658 an
427 631 451 659 is
465 632 512 667 qui
524 632 557 660 de
574 633 666 667 seipse
683 633 745 660 vilia
763 637 790 660 et
807 633 919 660 humilia
937 632 1022 660 dicit?

232 683 265 703 an
283 676 327 704 ille
343 677 389 712 qui
404 677 438 704 de
461 678 668 706 sublimioribus
690 678 850 706 contendit?
874 679 972 706 Nescio
998 679 1021 706 si

231 723 276 750 hic
291 728 435 752 accusator
447 723 522 751 Pauli
537 732 662 760 magnam
675 733 768 752 vocem
785 725 890 753 audivit
905 735 910 753 :
925 726 970 761 qui
983 726 1022 753 sic

232 769 317 797 Deum
327 771 353 798 in
368 778 451 798 cruce
467 772 607 806 cognitum
623 772 760 808 deprimit,
775 773 866 807 qualia
881 778 909 801 ct
921 778 1022 809 quanta

232 816 283 843 ille
301 824 348 844 ore
365 817 541 852 magniloquo
563 817 596 845 de
616 824 699 845 cruce
719 823 842 846 enarrat.
872 819 924 852 Qui
948 820 1020 846 enim

231 869 282 896 per
299 866 374 889 tanta
391 867 419 890 et
436 863 499 890 talia
514 863 645 891 miracula
670 865 790 899 seipsqu
813 870 907 892 notum
931 866 1022 893 facere

233 912 322 941 potest
338 917 345 935 :
359 909 445 940 Absit,
464 909 562 944 inquit,
582 911 608 936 in
626 911 681 938 alio
701 912 814 946 gloriari
835 913 887 939 nisi
902 913 928 938 in
946 920 1023 939 crure

232 954 296 981 Iesu
315 954 457 987 Christi",
475 959 502 983 et
520 955 554 983 ad
574 955 734 985 Corinthios
751 958 817 984 dicit
835 958 946 985 verbum
963 966 1023 985 cru-

232 999 272 1026 cis
303 1000 430 1028 virtutem
448 1000 493 1028 Dei
510 1009 581 1035 esse,
599 1002 641 1030 his
652 1003 699 1037 qui
721 1003 788 1031 salvi
808 1003 876 1031 [lunt
888 1004 919 1031 ι’.
937 1003 1023 1039 Ephe-

232 1045 281 1073 siis
296 1050 387 1073 autem
410 1047 538 1074 virtutem
565 1048 698 1083 quidquid
721 1052 763 1076 est
794 1054 968 1084 superantem
996 1055 1023 1078 et

231 1092 417 1120 continentem
442 1094 532 1121 crucis
558 1093 642 1129 figura
670 1094 802 1122 describit
817 1097 848 1128 ιδ,
872 1096 898 1123 in
922 1096 1021 1131 quibus

231 1137 290 1164 vult
314 1138 389 1172 ipsos
415 1139 548 1167 exaltatos
574 1148 655 1167 nosse
671 1147 883 1176 exsuperantem
906 1142 1021 1177 gloriam

232 1184 341 1211 virtutis
371 1184 667 1219 liuiuszaltitudinem
694 1190 720 1214 ct
754 1186 965 1221 profunditatem
995 1191 1022 1214 et

233 1228 403 1256 latitudinem
419 1234 447 1256 et
464 1230 662 1266 longitudinem
679 1233 822 1260 nominans
839 1240 1021 1268 unumquem-

232 1282 285 1309 que
299 1275 404 1310 apicem
417 1283 512 1303 eorum
523 1285 583 1311 quae
595 1277 621 1304 in
634 1278 726 1305 crucis
742 1278 827 1314 figura
845 1280 1021 1314 conspiciun-

233 1327 287 1354 tur,
305 1322 424 1357 propriis
440 1323 582 1358 appellans
609 1325 766 1352 nominibus
780 1345 788 1356 ,
807 1325 843 1351 ita
869 1329 898 1352 ut
916 1329 1020 1360 partem

232 1375 379 1402 supernam
397 1369 569 1396 altitudinem
591 1369 685 1401 dicat,
713 1370 928 1405 profunditatem
956 1378 1022 1398 vero

232 1413 305 1446 quod
319 1419 379 1448 post
390 1421 549 1449 compagem
563 1415 720 1448 subjicitur,
730 1419 918 1449 transversum
931 1420 1021 1442 autent

233 1466 282 1494 per
295 1462 442 1494 utrumque
456 1461 560 1494 apicem
577 1461 634 1488 sive
647 1466 794 1488 antennam
808 1461 985 1496 longitudinis
997 1466 1023 1489 ct

1072 219 1118 254 ροῦ
1133 218 1323 254 φανερωθῆναι
1347 217 1393 244 τὸν
1409 217 1528 252 Κύριον
1550 216 1587 248 ὡς
1610 216 1659 252 τῆς
1683 216 1732 251 μὲν
1757 215 1864 250 φύσεως

1070 264 1118 292 τοῦ
1144 264 1249 300 Πατρὺς
1275 264 1399 300 καθαρᾶς
1416 265 1444 290 ὲν
1461 263 1582 298 ἀπαθείᾳ
1600 261 1780 297 διαμενούσης
1793 270 1801 278 ·
1819 261 1864 288 τοῦ

1070 312 1098 338 δὲ
1115 311 1179 338 Υἱοῦ
1196 311 1240 338 διὰ
1256 311 1286 338 τὸ
1310 310 1378 346 πρὸς
1403 310 1433 336 τὸ
1458 309 1647 343 ταπεινότερον
1673 307 1863 342 παρηλλάχθαι

1070 359 1118 394 τὴν
1135 358 1214 392 φύσιν
1225 378 1231 390 ,
1247 348 1315 393 πρὸς
1337 356 1438 392 σαρκός
1464 364 1493 382 τε
1509 356 1555 382 καὶ
1571 355 1686 382 θανάτου
1702 356 1802 390 πεῖραν
1817 354 1864 381 οὐκ

1071 403 1264 434 ἀδυνατοῦντος
1287 402 1393 429 ὲλθεῖν’
1414 402 1451 433 ὡς
1475 401 1505 428 οὗ
1522 401 1622 436 πολλῆς
1639 400 1793 435 γενομένης
1815 400 1865 434 τῆς

1073 449 1264 485 μεταστάσεως
1277 469 1284 480 ,
1305 448 1373 475 ἀλλὰ
1395 448 1495 482 τρόπον
1517 447 1577 473 τινὰ
1596 447 1664 482 πρὸς
1681 447 1710 474 τὸ
1735 447 1864 480 συγγενὲς

1072 495 1118 522 καὶ
1132 494 1264 530 ὁμόφυλον
1281 495 1313 520 ὲκ
1328 493 1374 520 τοῦ
1391 493 1485 528 ὁμοίου
1503 492 1716 528 μεταχωροὺσης
1728 512 1735 523 ,
1759 491 1804 518 διὰ
1818 491 1865 517 τοῦ

1072 541 1183 574 κτιστὴν
1202 540 1249 575 μὲν
1275 539 1323 574 τὴν
1348 539 1521 574 ἀνθρωπίνην
1535 559 1541 571 ,
1560 538 1672 573 κτιστὴν
1693 537 1721 563 δὲ
1746 537 1795 564 καὶ
1818 537 1866 572 τὴν

1072 585 1118 612 τοῦ
1137 584 1305 619 Μονογενοῦς
1321 584 1496 610 ὑποτίθεσθαι
1512 583 1603 618 φύσιν.
1618 583 1666 615 Τίς
1681 583 1771 609 τοίνυν
1794 583 1866 608 εἰκός

1072 641 1125 663 τως
1142 631 1352 666 ἐπαισχύνεσθαι
1374 630 1412 666 τῷ
1434 630 1542 666 σταυρῷ
1565 631 1779 665 κατηγορεῖται;
1802 631 1816 656 ὁ
1833 629 1866 655 τὰ

1072 677 1188 704 ταπεινὰ
1203 678 1267 713 περὶ
1288 676 1384 703 ἑαυτοῦ
1407 676 1503 710 λέγων,
1519 676 1560 711 ἢὸ
1580 675 1643 710 περὶ
1663 675 1716 701 τῶν
1738 675 1869 710 ὑψηλοτέ-

1075 732 1128 757 ρων
1146 722 1345 757 ἀγωνιζόμενος
1360 731 1366 755 ;
1387 722 1444 748 Οὐκ
1464 720 1522 749 οἶδα
1547 722 1571 747 ει
1586 722 1635 756 τῆς
1650 721 1758 747 Παύλου
1782 729 1866 755 μεγα‹

1073 770 1206 804 λοφωνξας
1220 770 1234 795 ό
1249 769 1400 804 κατήγορος
1413 768 1541 802 ἤκουσεν,
1558 767 1572 793 ὁ
1586 767 1657 793 οὕτω
1673 766 1867 802 κατασμικρὺ-

1074 824 1126 842 νων
1139 815 1184 842 τὸν
1199 816 1245 841 ἐπὶ
1261 815 1306 841 τοῦ
1325 814 1440 849 σταυροῦ
1462 813 1647 849 γνωρισθέντα
1663 813 1729 839 Θεὸν
1740 833 1747 845 ,
1763 810 1807 840 οἷα
1821 813 1869 839 καὶ

1076 861 1126 887 ὅσα
1151 861 1253 891 ἐκεῖνος
1272 859 1310 894 τῷ
1333 859 1427 894 ὑψηλῴ
1452 858 1566 893 στόματι
1585 858 1650 894 περὶ
1672 857 1720 884 τοῦ
1749 856 1868 892 σταυροῆ

1076 906 1261 942 διεξέρχεται’
1277 907 1290 932 ὁ
1310 905 1365 941 γὰρ
1383 905 1426 931 διὰ
1440 905 1575 931 τοσούτων
1595 905 1642 930 καὶ
1656 903 1786 930 τοιούτων
1801 902 1868 928 θαά-

1079 953 1169 988 μάτων
1189 952 1283 978 ἑαυτὸν
1298 951 1442 987 γνωρίζειν
1459 950 1539 986 ἔχων,
1558 949 1604 982 Μὴ
1625 949 1758 983 γένοιτο,
1775 948 1868 983 φησὶν,

1075 999 1126 1025 ἐπι
1141 1007 1199 1025 τινι
1213 999 1297 1030 ἄλλῳ
1310 996 1499 1032 καυχᾶσθαι,
1515 997 1541 1023 εί
1557 997 1599 1031 μὴ
1621 996 1667 1022 ἐπὶ
1690 995 1732 1028 τῷ
1747 993 1869 1028 (Nam?)

1076 1044 1128 1072 τοῦ
1154 1044 1299 1078 Χριστοῦ·
1327 1044 1374 1070 καὶ
1393 1043 1462 1078 πρὶς
1486 1043 1646 1078 Κορινθίους
1661 1041 1736 1076 λέγει
1757 1041 1804 1068 τὸν
1826 1041 1869 1071 λι,

1076 1099 1123 1124 γον
1153 1090 1200 1117 τοῦ
1228 1089 1346 1126 σταυροῦ
1376 1089 1490 1124 δύναμιν
1518 1089 1585 1116 Θεοῦ
1615 1089 1671 1120 τοῖς
1702 1088 1868 1123 σωζομένοις

1076 1136 1162 1164 εἶναι·
1183 1137 1317 1171 Ἐφεσίοις
1332 1137 1359 1163 δὲ
1373 1137 1422 1172 τὴν
1441 1136 1471 1162 τὸ
1496 1137 1549 1162 πᾶν
1561 1135 1760 1171 διακρατοῦσάν
1778 1143 1807 1161 τε
1824 1135 1869 1161 καὶ

1077 1184 1240 1218 συνέχουσαν
1262 1183 1388 1218 δύναμιν,
1413 1182 1452 1217 τῷ
1467 1182 1586 1217 σχήματι
1603 1181 1651 1208 τοῦ
1678 1180 1798 1216 σταυροῦ
1821 1190 1867 1208 κα-

1076 1230 1220 1266 ταγράᾳει,
1239 1230 1268 1255 ὲν
1283 1226 1330 1260 οἷς.
1341 1228 1466 1263 βούλεται
1480 1228 1579 1259 αὐτοὺς
1594 1227 1752 1262 ὑψωθέντας
1767 1227 1869 1261 γνῶναι

1076 1276 1124 1312 τὴν
1156 1275 1377 1303 ὑπερϐάλλουσαν
1403 1274 1482 1307 δόξαν
1505 1275 1554 1309 τῆς
1579 1274 1719 1309 δυνάμεως
1747 1274 1869 1309 ταύτης,

1077 1323 1142 1357 8".(0;
1159 1323 1203 1349 καὶ
1218 1321 1298 1356 βάθος
1309 1341 1316 1353 ,
1339 1322 1387 1348 καὶ
1408 1321 1526 1352 πλάτος,
1542 1321 1588 1347 καὶ
1609 1321 1695 1356 μῆκος
1716 1321 1869 1355 κατονομά-

1077 1370 1140 1402 ζων,
1159 1369 1277 1403 ἑκάστην
1289 1367 1402 1402 κεραίαν
1414 1368 1468 1394 τῶν
1486 1367 1556 1394 κατὰ
1569 1368 1599 1393 τὸ
1615 1367 1708 1402 σχῆμα
1723 1367 1771 1393 τοῦ
1789 1375 1869 1393 σταιμ

1079 1416 1123 1451 ροῦ
1152 1415 1365 1451 θεωρουμένων,
1393 1414 1468 1446 ἰδίοις
1493 1414 1704 1449 προσαγορεύων
1727 1414 1870 1448 ὀνόμασιν

1076 1461 1114 1493 ὡς
1131 1462 1160 1488 τὸ
1184 1462 1232 1496 μὲν
1258 1462 1313 1488 ἄνω
1335 1461 1432 1496 μέρος,
1455 1460 1522 1495 ὕψος
1546 1461 1650 1486 εἰπεῖν·
1668 1459 1750 1494 βάθος
1774 1460 1815 1492 δὲ,
1840 1460 1870 1486 τὸ

233 1504 386 1532 latitudinis
408 1506 518 1533 nomine
536 1506 696 1541 significans
709 1507 758 1542 (a).
781 1507 820 1534 Ita
844 1512 874 1535 ut
898 1516 947 1543 per
970 1507 1022 1535 hoc

1079 1506 1148 1542 μετὰ
1174 1507 1222 1542 τὴν
1243 1507 1382 1542 συμϐολὴν
1397 1507 1579 1541 ὑποκείμενον
1592 1514 1598 1519 ·
1613 1505 1662 1540 τὴν
1678 1505 1706 1532 δὲ
1721 1505 1869 1541 ἐγκάρσιον

234 1557 361 1585 magnum
371 1551 531 1586 mysterium
541 1552 742 1585 manifestetur,
752 1553 816 1587 quia
822 1555 954 1587 cmlestia,
962 1554 1024 1581 sub-

234 1599 360 1622 terranea
372 1599 399 1622 et
413 1595 505 1622 omnia
519 1604 614 1623 eorum
635 1605 697 1632 quae
710 1603 774 1625 sunt
787 1603 910 1625 extrema
930 1600 1022 1627 conti-

235 1645 336 1668 nentur
351 1646 377 1668 et
388 1646 551 1669 coercentur
579 1643 613 1670 ab
629 1651 663 1670 eo
683 1644 729 1678 qui
755 1644 826 1671 hanc
859 1644 1022 1672 ineffabilem

235 1691 262 1714 et
277 1695 403 1723 magnam
419 1687 548 1715 virtutem
567 1689 594 1715 in
613 1689 663 1716 hac
686 1691 777 1718 crucis
793 1689 878 1725 ﬁgura
893 1691 1023 1719 ostendit.

237 1731 290 1760 Sed
311 1732 339 1759 in
360 1732 403 1759 his
422 1733 662 1761 criminationibus
681 1742 735 1761 non
754 1735 870 1769 amplius
880 1735 1025 1763 decertan—

236 1776 300 1803 dum
316 1785 389 1805 ‘esse
410 1778 539 1810 arbitror,
569 1786 804 1813 supervacaneum
827 1780 958 1814 judicatus
973 1782 1023 1808 ad-

237 1829 334 1851 versus
347 1823 513 1850 calumniam
525 1824 696 1858 argumentis
715 1825 816 1853 obnixe
832 1830 859 1853 et
879 1827 1026 1855 vehemen-

237 1872 278 1896 ter
295 1869 472 1902 contendere,
489 1871 641 1906 praasertim
659 1879 722 1898 cum
737 1872 837 1900 veritas
854 1873 950 1908 paucis
975 1874 1024 1902 de-

237 1920 388 1944 monstrata
405 1916 446 1944 sit.

271 2007 363 2040 Quare
375 2008 409 2035 ad
423 2008 538 2035 alterum
550 2010 736 2038 accusationis
747 2014 829 2045 caput
840 2015 1024 2040 transeamus.

236 2053 307 2081 Dicit
325 2054 417 2089 itaque
442 2059 548 2081 sanctos
572 2063 588 2081 a
611 2056 686 2082 nobis
710 2055 738 2083 in
763 2057 889 2084 invidiam
911 2059 980 2092 rapi,
1001 2063 1026 2085 et

236 2107 282 2134 ρει
302 2100 466 2128 calumniam
490 2102 554 2135 peti.
585 2100 638 2129 Sed
659 2103 682 2130 si
699 2102 757 2137 ipse
781 2103 893 2136 audivit,
922 2105 1023 2132 calum-

238 2146 373 2174 niantium
391 2148 474 2175 verba
499 2149 617 2182 referat;
635 2149 708 2183 quod
736 2150 758 2177 si
774 2158 824 2178 nos
841 2151 902 2179 aliis
923 2151 1027 2180 dixisse

1076 1553 1136 1579 καθ’
1149 1553 1277 1588 ἑκάτερον
1293 1552 1422 1588 κεραίαν,
1435 1552 1473 1587 τῷ
1495 1551 1540 1578 τοῦ
1563 1552 1665 1587 μήκους
1686 1560 1716 1578 τε
1737 1551 1785 1578 καὶ
1803 1551 1869 1578 στὶ-ἀ.

1075 1607 1138 1630 τους
1151 1599 1261 1633 ὀνόματι
1279 1598 1480 1633 διασημαίνων-
1499 1597 1536 1628 ὡς
1555 1597 1588 1623 ἂν
1611 1597 1653 1623 διὰ
1670 1597 1766 1623 τούτου
1789 1605 1869 1631 φανε-

1077 1643 1175 1679 ρωοείη
1192 1644 1222 1670 τὸ
1238 1643 1309 1679 μέγα
1326 1644 1474 1679 μυστήριον
1487 1663 1494 1674 ,
1510 1643 1551 1669 ὅτι
1568 1643 1614 1668 καὶ
1640 1642 1675 1669 τὰ
1691 1642 1807 1676 οὐράνια
1824 1642 1870 1667 καὶ

1076 1689 1109 1717 τὰ
1123 1689 1296 1725 κατιχθόνια,
1314 1690 1360 1716 καὶ
1375 1690 1463 1716 πάντα
1476 1689 1530 1715 τῶν
1543 1689 1628 1715 ὄντων
1645 1687 1676 1714 τὰ
1693 1688 1800 1723 πέρατα
1809 1689 1869 1721 Qa.-

1076 1737 1216 1771 κρατεῖται
1242 1736 1290 1763 καὶ
1314 1735 1455 1770 συνέχεται
1478 1735 1553 1770 παρὰ
1569 1734 1616 1761 τοῦ
1636 1734 1686 1769 τὴν
1711 1734 1868 1768 ἀπόρρητοι

1076 1781 1123 1807 καὶ
1137 1781 1258 1816 μεγάλην
1274 1780 1376 1815 ταύτην
1398 1780 1512 1815 δύναμιν
1529 1780 1557 1806 ὲν
1577 1779 1616 1814 τῷ
1631 1779 1709 1814 τύπῳ
1725 1778 1774 1804 τοῦ
1793 1787 1868 1804 σταν-

1078 1827 1124 1862 ροῦ
1145 1827 1366 1862 παραδείξαντος.
1398 1826 1467 1852 Ἀλλ’
1491 1826 1565 1852 οὐδὲν
1595 1824 1673 1861 οἶμαι
1702 1825 1758 1852 δεῖν
1789 1825 1868 1851 πλέοι

1076 1875 1134 1904 ταῖς
1152 1874 1250 1904 αἰτίαις
1265 1873 1376 1905 ταύταις
1391 1872 1614 1906 ἐναγωνίζεσθαι,
1630 1872 1758 1908 περιττὸν
1769 1872 1869 1906 κρίνων

1077 1919 1381 1955 ἔμφιλοτιμεῖσθαιίτοξ
1392 1919 1462 1946 κατὰ
1473 1919 1522 1954 τῆς
1536 1919 1719 1954 συκοφαντίας
1734 1918 1866 1953 ἐλέγχοις,

1078 1968 1123 1992 καὶ
1135 1965 1168 1992 δι’
1186 1966 1283 2000 ὀλίγων
1297 1966 1346 2000 τῆς
1365 1965 1494 2000 ἀληθείας
1509 1964 1672 2000 δειχθείσης.

1113 2011 1217 2038 υὺκοῦν
1232 2011 1299 2046 πρὸς
1321 2011 1414 2046 ἕτερον
1433 2010 1558 2045 ἔγκλημα
1581 2009 1620 2045 τῷ
1635 2009 1708 2045 λόγῳ
1729 2010 1864 2045 μετέλθω-

1079 2066 1138 2092 μεν·
1161 2057 1375 2083 Διαϐἀλλεσθιιι
1395 2055 1468 2090 λέγει
1489 2056 1558 2090 παρ’
1575 2055 1661 2090 ἡμῶν
1670 2056 1743 2089 τοὺς
1753 2057 1866 2091 ἁγίους.

1085 2103 1153 2130 Ἀλλ’
1169 2105 1193 2130 εἰ
1213 2103 1261 2137 μὲν
1278 2102 1358 2134 αὐτὸς
1380 2103 1494 2136 ἀκήκοε,
1515 2101 1617 2136 λεγέτω
1632 2102 1667 2128 τὰ
1691 2103 1805 2137 ῥήματα
1821 2102 1868 2136 τῆς

1080 2149 1265 2184 κατηγορίας·
1293 2150 1317 2175 εί
1340 2148 1368 2174 δὲ
1385 2148 1453 2183 πρὸς
1481 2147 1590 2182 ἑτέρους
1619 2148 1760 2183 εἰρηκέναι
1785 2148 1866 2182 λέγει,

238 2191 346 2224 asserit,
362 2198 410 2226 per
430 2196 516 2219 testes
530 2200 623 2220 veram
639 2194 746 2229 culpam
763 2196 910 2223 ostendat:
927 2197 949 2223 si
962 2206 1022 2225 vero

1078 2196 1192 2229 δειξάτω
1213 2196 1258 2222 διὰ
1280 2196 1334 2222 τῶν
1356 2195 1566 2231 μαρτυρούντων
1584 2195 1670 2231 ἁληθῆ
1693 2195 1742 2229 τὴν
1767 2194 1866 2221 αἰτίαν.

237 2244 270 2264 ex
290 2238 323 2264 iis
341 2244 402 2272 qua:
416 2238 580 2272 scripsimus
596 2238 776 2272 demonstrat.
803 2240 898 2268 recitet
911 2241 1027 2272 dicta,et

239 2283 349 2317 culpam
362 2283 544 2318 recipiemus;
562 2285 636 2318 atqui
650 2285 717 2312 nihil
731 2285 785 2312 tale
801 2286 924 2320 proferre
934 2293 1026 2321 queat.

239 2329 337 2357 Nostra
350 2329 422 2354 enim
434 2329 536 2364 scripta
551 2330 639 2358 cuivis
651 2330 831 2357 examinanda
845 2334 870 2358 et
888 2331 1028 2365 probanda

239 2379 439 2409 proponuntur.
454 2374 481 2402 Si
499 2375 582 2410 igitur
596 2384 684 2411 neque
701 2376 725 2402 ei
740 2376 842 2403 dictmn
863 2383 915 2409 est,
940 2386 1028 2413 neque

238 2421 273 2448 ab
286 2421 346 2448 aliis
360 2421 475 2454 audivit,
492 2429 581 2457 neque
597 2429 631 2449 ex
647 2423 758 2457 scriptis
776 2423 880 2451 nostris
896 2428 1026 2459 tanquam

239 2467 393 2502 obsignatis
417 2468 526 2495 tabellis
548 2471 638 2502 potest
655 2469 829 2501 convincere,
847 2472 938 2497 tacere
962 2475 1028 2505 puto

239 2518 367 2548 oportere
395 2522 457 2542 eum
484 2515 531 2549 qui
555 2513 742 2542 defensionem
772 2515 931 2543 instituerit.
959 2516 1025 2544 Nam

239 2559 374 2588 adversus
398 2561 502 2587 crimen
520 2559 593 2595 quod
610 2560 684 2586 nulla
706 2560 866 2595 probatione
889 2561 1025 2595 subsistit,

241 2606 371 2640 praeclara
388 2613 455 2633 sane
478 2605 601 2633 defensio
609 2607 780 2639 est,omnino
788 2606 878 2633 silere.
890 2607 1028 2634 [‘etrusiu-

238 2653 293 2689 quit
301 2654 452 2689 apostolus,
467 2652 638 2680 Dominumet
647 2652 782 2681 Christum
789 2653 861 2681 Deus
876 2650 937 2685 fecit
959 2652 1026 2679 hunc

240 2697 326 2730 ipsum
349 2696 442 2723 letum
462 2703 538 2730 quem
559 2705 603 2724 vos
626 2698 652 2724 in
678 2706 781 2724 crucem
801 2698 891 2733 egistis
907 2699 938 2725 ¹⁸.
964 2698 1026 2726 Hch

1077 2243 1106 2269 Εί
1123 2242 1150 2268 δὲ
1167 2242 1211 2275 ἀφ’
1227 2238 1263 2268 ὧν
1278 2242 1496 2276 γεγραῳήκαμεν
1509 2241 1708 2272 ἀποδείκνυσιν,
1721 2240 1866 2274 ἀναγνώτω

1076 2287 1110 2314 τὰ
1127 2286 1270 2322 εἰρημένα,
1287 2287 1335 2313 καὶ
1350 2286 1398 2322 τὴν
1415 2286 1504 2312 αἰτίαν
1520 2285 1652 2321 δεξόμεθα
1665 2294 1671 2300 “
1697 2286 1756 2312 ἀλλ’
1771 2286 1821 2312 οὐκ
1837 2285 1867 2311 ἄν

1076 2343 1101 2360 τι
1118 2334 1236 2360 τοιοῦτον
1257 2334 1450 2368 προσενεγκεῖν
1472 2333 1539 2368 ἔχοι.
1555 2333 1702 2368 Πρὸκειται
1719 2333 1775 2368 γὰρ
1791 2332 1867 2359 παντὶ

1076 2378 1114 2412 τῷ
1131 2378 1284 2413 βουλομένῳ
1297 2377 1330 2405 τὰ
1348 2378 1412 2412 παρ’
1426 2377 1504 2412 ἡμῶν
1520 2379 1559 2408 εἰς
1574 2377 1705 2409 ἐξέτασιν.
1730 2377 1762 2403 Et
1775 2378 1802 2403 δὲ
1816 2377 1866 2411 μή·

1076 2432 1106 2450 τε
1122 2423 1191 2459 πρὸς
1206 2423 1286 2450 αὑτὸν
1301 2423 1420 2458 εἴρηται,
1441 2423 1509 2458 μήτε
1528 2422 1630 2458 ἑτέρων
1648 2423 1780 2456 ἀκήκοεν,
1801 2422 1865 2457 μήτε

1076 2469 1120 2497 διὰ
1133 2469 1188 2496 τῶν
1208 2470 1410 2505 γεγραμμένων
1425 2469 1482 2504 ἔχει
1495 2469 1540 2495 τὸν
1558 2468 1680 2503 ἔλεγχον,
1697 2468 1777 2503 σιγᾷν
1793 2466 1866 2502 οἶμαι

1077 2518 1173 2554 χρῆναι
1188 2517 1233 2544 τὸν
1252 2517 1322 2552 ὑπὲρ
1338 2517 1441 2543 τούτων
1466 2515 1696 2550 ἀπολογούμενον.
1723 2514 1797 2549 Πρὸς
1816 2514 1866 2548 γὰρ

1075 2564 1106 2590 τὸ
1131 2563 1314 2590 ἀνυπόστατον
1341 2562 1476 2598 ἔγκλημα,
1498 2561 1641 2597 πρέπουσα
1664 2561 1776 2592 πάντως
1797 2560 1865 2586 ἐστὶι

1079 2609 1209 2642 ἀπολογία
1236 2609 1253 2644 ἡ
1281 2609 1382 2644 σιωπή.
1412 2609 1515 2644 Πέτρος
1548 2608 1631 2643 φησὶν
1659 2607 1674 2634 ὁ
1702 2606 1864 2636 ἀπόστολος.

1079 2656 1187 2689 Κίτιον
1202 2655 1251 2682 καὶ
1274 2655 1402 2688 Χριστὸν
1421 2657 1437 2682 ό
1457 2654 1529 2688 Θεὸς
1546 2654 1672 2687 ἐποίησε
1690 2653 1800 2680 τοῦτον
1817 2651 1866 2678 τᾶν

1086 2700 1206 2733 Ἰησοῦν
1217 2701 1254 2727 ὃν
1264 2700 1347 2735 ὑμεῖς
1359 2699 1578 2735 ἑσταιφώσατε.
1597 2699 1693 2735 Ἡμεῖς
1706 2697 1794 2726 ταῦτα
1806 2695 1864 2730 παρ’

295 2777 316 2790 ¹²
334 2775 424 2803 Galat.
444 2783 481 2807 vv,
504 2775 546 2803 Η.
587 2775 625 2801 ³³1
639 2775 702 2803 Cor.
718 2784 735 2808 ι,
756 2776 798 2803 18.
839 2776 860 2791 ⁸⁸
880 2776 977 2810 Epiros.
992 2787 1020 2806 ιιι

1077 2799 1084 2806 .
1123 2780 1145 2796 ¹⁸
1162 2780 1221 2807 Aet.
1236 2787 1267 2812 Il,
1280 2779 1324 2806 56.

280 2852 318 2887 (ιι)
338 2851 408 2886 idem
427 2853 513 2882 fusius
530 2853 607 2881 docet
624 2852 653 2880 1).
673 2854 751 2890 Grcg.
773 2854 849 2890 l\’_vss.
869 2854 895 2882 in
914 2854 1077 2884 Cum/mira
1095 2857 1214 2884 oratione
1233 2864 1258 2884 c.
1275 2856 1320 2884 52.
