1959 3075
90 123 136 152 €97
637 120 778 151 CONTRA
795 120 862 150 EUN

918 119 991 156 IUM,
1011 123 1076 151 LIB.
1098 123 1130 151 V.

1655 127 1710 156 698

89 180 162 209 αεὶτοῦ
180 179 366 216 μεμαθηκότες
387 180 487 215 φαμὲν,
508 181 570 215 περὶ
593 180 621 206 ἒν
643 181 732 207 πᾶσαν
757 180 862 215 βλέπειν

919 187 969 207 nos
984 180 1018 208 ab
1033 189 1066 208 eo
1083 181 1183 215 edocti,
1209 181 1327 210 dicimus
1351 181 1378 209 in
1397 189 1481 210 unum
1500 189 1608 210 omnem
1621 183 1708 210 dicto-

89 227 136 255 τῶν
148 226 294 262 εἰρημένων
307 227 355 261 τὴν
370 227 536 262 σύμφρασιν,
550 226 630 253 αὐτόν
640 235 668 253 τε
680 226 725 252 τὸν
739 226 863 261 σταυρὸν,

90 273 131 300 καὶ
153 272 180 298 τὸ
203 271 371 305 ἀνθρώπινον
396 271 499 307 ὄνομα,
522 265 578 298 ’καὶ
604 272 633 298 τὸ
656 271 788 298 δεικτικὸν
815 272 865 306 τῆς

89 319 181 354 φωνῆς.
207 317 257 344 Δὺο
270 318 325 354 γὰρ
339 319 491 354 πράγματα
507 319 570 354 περὶ
581 318 610 345 ἒν
627 319 772 353 πρόσωπον
789 319 802 344 ὁ
816 319 864 353 τῆς

89 366 189 401 Γραφῆς
200 364 277 398 λόγος
289 365 471 400 γεγεννῆσθαί
483 373 560 401 φησι·
579 365 654 400 παρὰ
671 365 719 400 μὲν
732 364 786 391 τῶν
801 364 865 391 Ἰου-

88 411 159 438 δαίων
171 411 200 437 τὸ
222 410 318 442 πάθος,
333 411 409 446 παρὰ
420 411 448 438 δὲ
472 411 519 438 τοῦ
538 411 606 438 Θεοῦ
623 411 673 446 τὴν
688 411 771 446 τιμήν
784 418 791 426 ·
816 411 864 445 οὐχ

87 457 120 488 ὡς
138 456 214 482 ἄλλου
242 456 292 491 μὲν
317 456 491 488 πεπονθότος,
516 457 610 492 ἑτέρου
632 457 661 483 δὲ
681 457 726 484 διὰ
749 457 798 492 τῆς
819 457 865 484 ἀν·-

87 502 206 537 υψώσεως
221 503 402 537 τετιμημένου
413 509 419 516 '
439 503 486 530 καὶ
502 503 668 539 σαφέστερον
683 503 864 539 ὲφερμηνεύει

87 549 163 582 λέγων
185 549 227 576 διὰ
249 549 303 575 τῶν
322 549 440 584 ὲφεξῆς’
461 549 501 584 Τῇ
519 549 603 583 δεξιᾷ
618 550 680 585 γὰρ,
699 550 792 584 φησὶν,
811 549 863 576 τοῦ

87 595 152 623 Θεοῦ
167 596 306 629 ὑψωθείς.
329 596 350 621 Τ
354 596 376 628 ίς
388 593 435 622 οὖν
458 595 570 631 nomen;
604 596 633 622 'U
649 595 775 627 ταπεινὸς
791 596 828 628 δὲ,
846 596 862 631 ἢ

85 643 96 669 6
109 641 229 676 ὕψιστος
244 643 277 669 Τί
291 643 318 669 δὲ
329 643 392 670 ἄλλο
405 642 480 678 παρὰ
488 642 518 669 16
527 642 603 669 Θεῑόν
612 643 684 668 ἐστιν
693 643 707 668 ὁ
715 642 844 676 "nimo:
855 651 861 675 ;

91 687 163 713 Ἀλλὰ
180 688 231 722 μὴν
245 689 261 714 ὁ
275 687 340 719 Θεὺς
356 688 496 724 ὑψωθῆναι
517 688 548 714 οὗ
567 687 666 720 δέεται,
690 687 799 722 ὕψιστος
813 687 861 714 ὧν.

87 733 150 767 "Ap:
164 733 193 759 τὸ
215 733 387 769 ἀνθρώπινον
407 735 421 761 6
461 734 610 766 ἀπόστολος
633 734 758 769 ὐψῶσϐαι
778 734 861 768 λέγει.

91 777 189 813 ’Υψὼθη
213 778 241 805 δὲ
259 779 302 805 διὰ
321 779 367 805 τοῦ
392 779 494 815 Κύριος
514 780 562 807 καὶ
585 780 702 815 Χριστὸς
725 779 860 814 γενέσθαι.

84 825 126 851 Διὰ
137 825 211 851 τοῦτο
224 825 254 851 δὲ
271 825 341 860 μετὰ
355 825 385 852 τὸ
406 825 492 857 πάθος
504 826 622 860 ἐγένετο.
641 825 755 858 Οὐκοῦν,
770 827 799 852 οὐ
814 826 863 861 τὴν

920 233 981 253 rum
997 226 1117 261 pbrasim
1130 227 1283 262 respicere;
1303 232 1329 255 et
1341 228 1427 263 ipsam
1444 236 1565 262 crucem,
1577 234 1602 256 et
1612 229 1707 256 huma-

922 279 987 298 num
1005 279 1116 305 nomen,
1140 277 1168 301 et
1183 273 1238 300 vim
1262 274 1338 301 vocis
1355 273 1611 302 demonstrativam.
1636 275 1708 302 Duas

918 317 991 344 enim
1009 325 1054 345 res
1079 319 1152 346 circa
1176 326 1257 345 unam
1277 326 1422 354 personam
1442 320 1590 355 Scriptura:
1617 328 1708 348 sermo

919 363 1018 390 asserit
1033 363 1118 391 fuisse
1137 363 1236 396 factas,
1250 372 1264 391 a
1288 363 1390 392 Judreis
1412 365 1522 400 quidem
1540 367 1706 401 passionem,

919 416 934 434 a
952 407 1006 435 Deo
1034 414 1124 436 autem
1148 409 1300 436 honorem:
1331 418 1387 438 non
1404 411 1477 445 quod
1503 411 1573 439 alius
1597 412 1706 447 qttidrul

919 460 1018 488 passus
1027 454 1073 485 sit,
1091 454 1162 481 alius
1171 462 1235 481 vero
1243 462 1291 489 per
1302 455 1493 483 cxaltationem
1503 457 1537 484 sit
1545 457 1706 487 honoratus.

918 499 991 533 quod
1012 499 1114 526 clarius
1132 500 1223 528 verbis
1235 501 1415 535 sequentibus
1427 503 1631 536 interpretatur,
1643 505 1706 530 dum

919 543 995 576 dicit,
1015 543 1115 571 Dextra
1131 543 1181 571 Dei
1197 545 1342 572 exaltalus.
1367 545 1434 579 Quis
1464 546 1546 580 igitur
1573 547 1708 575 exaltalus

917 591 979 630 est}
1003 590 1151 618 ltulnilisne
1176 599 1209 618 an
1243 592 1418 619 altissimus?
1434 592 1504 625 Quid
1522 597 1611 622 autem
1635 594 1708 620 aliud

918 643 1000 669 quali)
1015 635 1086 663 Deus
1101 641 1144 664 est
1161 637 1207 664 ille
1223 637 1270 671 qui
1290 637 1518 664 estAltissimns?
1532 637 1613 672 Atqui
1637 637 1708 668 Deus

918 682 1070 710 altissimus
1082 690 1142 709 cum
1159 683 1206 714 sit,
1222 691 1277 710 non
1297 683 1399 718 indiget
1418 687 1447 709 ut
1463 683 1624 710 sublimetnr
1639 693 1644 710 :
1660 683 1709 719 igi-

918 731 965 755 tur
986 729 1129 763 apostolus
1144 729 1216 764 quod
1235 729 1384 756 humanum
1408 733 1460 762 cst,
1475 730 1622 756 exaltatum
1650 739 1710 757 esse

919 774 998 801 dicit.
1019 774 1163 802 Exaltatus
1181 779 1224 802 est
1237 779 1339 807 autem,
1355 775 1418 810 quia
1437 775 1569 804 Dominus
1585 780 1610 803 ct
1631 777 1710 804 Chri~

918 824 979 848 stus
997 821 1087 848 factus
1103 825 1154 849 est.
1175 821 1291 856 Propter
1317 822 1369 849 hoc
1398 826 1487 850 autem
1512 827 1574 857 post
1601 824 1709 857 paSsio-

85 870 234 906 τιροαιώνιον
252 871 369 907 ὕπαρξιν
380 871 425 898 τοῦ
441 872 545 908 Κυρίου
559 872 602 899 διὰ
616 872 662 898 τοῦ
674 873 800 907 ἐποίησε
813 873 862 907 ῥή-

916 874 977 894 nem
1001 866 1090 895 factus
1115 871 1166 895 est.
1191 868 1374 900 Quamobrem
1403 869 1545 904 apostolus
1573 877 1626 896 non
1657 869 1710 896 Do-

85 926 158 951 ματος
177 917 344 953 παρίστησιν
358 919 372 944 6
400 918 562 951 ἀπόστολος,
587 918 656 945 ἀλλὰ
677 918 725 954 τὴν
745 919 792 945 τοῦ
814 928 862 946 τα-

83 963 165 991 πεινοῦ
182 963 248 999 πρὸς
268 964 298 990 τὸ
314 964 414 1000 ὑψηλὸν
438 965 626 1000 μεταπαίησιν,
649 965 693 993 διὰ
707 965 757 1000 τῆς
774 964 863 997 δεξιᾶς

81 1008 122 1035 τοῦ
135 1008 198 1034 Θεοῦ
212 1010 602 1046 γεγενημένην.Σαφηνίζεται
617 1010 672 1046 γὰρ
685 1011 731 1037 καὶ
744 1010 787 1037 διὰ
802 1011 863 1037 τού-

81 1062 121 1080 του
132 1054 174 1080 τοῦ
191 1055 313 1090 ῥήματος
326 1056 355 1082 τὸ
370 1056 417 1091 τῆς
431 1056 570 1088 εὐσεᾶείας
587 1058 744 1093 μυστήριον.
765 1057 794 1083 'O
809 1056 862 1092 γὰρ

82 1100 156 1126 εἰπὼν
176 1101 216 1127 ὅτι
235 1102 271 1136 τῇ
289 1100 364 1136 δεξιᾷ
385 1101 431 1128 τοῦ
446 1101 514 1128 Θεοῦ
530 1102 657 1137 ὑψωθεὶς,
675 1103 800 1138 φανερῶς
817 1104 862 1129 ὲκ-

81 1146 202 1174 καλύπτει
216 1146 268 1182 τὴν
283 1148 438 1183 ἀπόρρητον
456 1147 502 1174 τοῦ
528 1149 678 1183 μυστηρίου
694 1149 860 1184 οἰκονομίαν.

81 1192 135 1219 Ὅτι
149 1193 164 1227 ἡ
179 1191 252 1225 δεξιὰ
269 1192 316 1219 τοῦ
328 1193 394 1219 Θεοῦ
407 1194 424 1228 ὴ
438 1194 566 1229 ποιητικὴ
582 1194 691 1221 πάντων
702 1194 755 1221 τῶν
765 1194 860 1227 ὄντων,

81 1238 175 1273 ῇὲστιν
195 1239 210 1264 6
232 1238 346 1274 Κύριος,
363 1239 396 1265 δι’
412 1237 442 1267 οὗ
462 1239 497 1266 τὰ
513 1239 601 1266 πάντα
617 1241 742 1275 ἐγένετο,
763 1241 811 1268 καὶ
831 1238 862 1268 οὗ

81 1286 156 1320 χωρὶς
171 1285 275 1321 ὑπέστη
298 1285 352 1317 τῶν
374 1285 458 1312 ὄντων
483 1286 569 1318 οὐδὲν,
584 1286 653 1322 αὑτὴ
667 1286 713 1314 τὸν
729 1286 862 1314 ἑνωθέντα

81 1329 141 1364 πρὸς
155 1329 238 1364 αὐτὴν
259 1329 402 1366 ἄνθρωπον
418 1331 457 1362 είς
475 1331 505 1357 τὸ
519 1331 584 1359 ἴδιον
605 1331 671 1365 ὕψος
687 1332 808 1366 ἀνήγαγε
819 1332 862 1358 διὰ

80 1375 122 1410 τῆς
136 1375 322 1410 ἀνακράσεως,
349 1376 418 1411 ὅπερ
434 1375 508 1403 ἐστὶν
524 1376 593 1412 αὑτὴ
615 1376 686 1403 κατὰ
708 1377 757 1412 τὴν
770 1377 861 1411 φύσιν,

80 1420 194 1446 κάκεῖνον
209 1420 360 1454 ποιήσασα.
378 1420 455 1446 Ἔστι
469 1420 497 1446 δὲ
512 1421 577 1447 αὐτὸ
594 1421 702 1454 Κύριος
713 1420 760 1447 καὶ
774 1420 863 1447 Βασι-

79 1466 286 1501 λεύς-Χριστὸς
312 1465 366 1502 γὰρ
389 1467 402 1492 6
427 1466 554 1501 βασιλεὺς
579 1466 756 1502 δνομάζεταιι
775 1466 862 1493 ταῦτα

81 1512 194 1542 κάκεῖνον
216 1513 354 1548 ἐποίησεν.
377 1513 483 1548 ’Ὠσπερ
498 1513 552 1549 γὰρ
569 1513 598 1540 ἐν
612 1513 772 1551 τῷιὺψίστῳ
787 1513 862 1548 γενό-

82 1567 153 1593 μενος
166 1558 345 1595 ὑπερυψώθη,
362 1559 434 1586 οὕτω
448 1560 494 1586 καὶ
508 1560 543 1587 τὰ
556 1559 623 1586 ἄλλα
640 1560 729 1586 πάντα
743 1559 861 1594 ἐγένετο,

81 1604 106 1630 ἐν
126 1604 162 1639 τῷ
184 1604 314 1640 ἀθανάτῳ
337 1605 479 1637 ἀθάνατος,
503 1605 532 1631 ὲν
550 1604 590 1640 τῷ
606 1605 675 1640 φωτὶ
698 1604 766 1639 φῶς,
782 1605 810 1630 ὲν
823 1605 863 1639 τῷ

80 1650 201 1686 ἀφθάρτῳ
221 1651 372 1687 ἄφθαρτος,
395 1653 424 1678 ὲν
438 1651 476 1686 τῷ
496 1651 604 1688 ἀοράτῳ
625 1652 750 1686 ἀόρατος,
771 1652 800 1678 ὲν
824 1650 863 1686 τῷ

81 1696 181 1732 Χριστῷ
194 1697 321 1732 Χριστὸς,
338 1699 366 1724 ἐν
383 1698 421 1732 τῷ
437 1697 531 1734 Κυρίῳ
546 1697 658 1733 Κύριος.
679 1697 788 1731 Πέφυκε
808 1697 862 1733 γὰρ

80 1742 120 1768 ἐπὶ
142 1743 193 1769 τῶν
218 1743 385 1778 σωματικῶν
410 1743 602 1778 ᾲνακράσεων,
627 1743 690 1770 ’όταν
713 1742 802 1777 πολλῷ
824 1743 863 1778 τῷ

82 1789 164 1825 μέτρῳ
176 1790 205 1815 τὸ
227 1789 323 1825 ἕτερον
340 1789 482 1821 πλεονάζει
505 1790 598 1825 μέρος,
622 1789 691 1825 πρὸς
703 1789 734 1816 τὸ
748 1790 862 1825 ἐπικρα-

80 1834 135 1861 τοῦν
151 1835 258 1868 πάντως
277 1836 483 1871 μεταποιεῖσθαι
506 1836 536 1862 τὸ
555 1836 761 1871 ἐλαττούμενον.
778 1835 864 1863 Τοῦτο

81 1881 121 1907 καὶ
134 1881 178 1908 ὲπὶ
190 1881 236 1908 τοῦ
253 1881 386 1917 μυστικοῦ
403 1882 483 1917 λόγου
500 1881 592 1917 σαφῶς
612 1882 655 1908 διὰ
669 1882 717 1917 τῆς
741 1882 787 1908 τοῦ
809 1883 862 1909 Πέ-

80 1934 136 1961 τρου
162 1927 253 1963 φωνῆς
274 1927 466 1963 διδασκόμεθα,
494 1928 535 1954 ὅτι
559 1928 590 1954 τὸ
615 1928 741 1960 ταπεινὸν
762 1928 809 1956 τοῦ
834 1929 863 1962 ἐξ

80 1971 210 2004 ὰσοενείας
236 1972 451 2007 σταυρωθέντος,
476 1973 493 2008 ἡ
516 1972 544 1999 δὲ
558 1972 685 1999 ἀσθένεια
706 1972 756 2008 τὴν
774 1973 864 2008 σᾴρκα.

79 2017 154 2052 δηλοῖ,
169 2018 261 2051 καθὼς
284 2020 349 2054 περὶ
365 2018 412 2046 τοῦ
431 2018 534 2054 Κυρίου
548 2018 715 2054 ἠκούσαμεν.
737 2019 821 2045 Τοῦτο
834 2019 863 2045 δὲ

79 2063 116 2090 διὶι
131 2065 177 2099 τῆς
194 2065 263 2100 πρὸς
278 2065 310 2091 τὸ
321 2065 433 2101 ἄπειρόν
447 2074 476 2092 τε
494 2066 540 2092 καὶ
554 2065 680 2100 ἀόριστον
699 2065 746 2092 τοῦ
760 2065 862 2099 ἀγαθοῦ

80 2110 257 2146 ἀνακράσεως,
284 2111 376 2138 οὐκέτι
399 2111 505 2147 ἔμεινεν
528 2112 557 2138 ἐν
581 2113 636 2143 τοῖς
656 2111 730 2144 ἰδίοις
754 2112 864 2147 μέτροις

79 2156 120 2182 καὶ
135 2156 276 2192 ἰδιώμασιν
290 2165 297 2173 ⁸
320 2157 388 2184 ἀλλὰ
406 2159 439 2193 τῇ
461 2157 535 2192 δεξιᾷ
550 2157 596 2183 τοῦ
611 2157 679 2184 Θεοῦ
693 2157 861 2193 συνεπήρθη,

80 2203 120 2228 καὶ
133 2203 239 2237 ἐγένετο
261 2203 323 2230 ἀντὶ
341 2203 497 2239 ὑποχειρίου
518 2203 635 2239 Χριστὸς
650 2204 786 2238 βασιλεὺς,
802 2204 862 2231 ἀντ¹ί¹

78 2249 195 2282 ταπεινοῦ
211 2250 335 2285 ὕψιστος,
352 2250 413 2276 ἀντὶ
435 2250 580 2285 ἀνθρώπου
595 2251 672 2282 Θεός.
690 2251 757 2277 Τίνα
773 2250 862 2277 τοίνυν

78 2294 89 2320 6
108 2295 174 2332 ὑπὲρ
195 2296 250 2323 τῶν
279 2295 438 2327 ἀποστόλων
458 2295 585 2331 πολεμεῖν
611 2297 678 2331 ἡμῖν
698 2296 863 2332 σχηματιζό-

79 2349 161 2375 μενος,
179 2339 258 2378 εὗρεν
275 2343 308 2368 ὲκ
328 2341 381 2368 τῶν
397 2341 600 2377 γεγραμμένων
617 2341 687 2372 κατὰ
703 2342 757 2368 τῶν
778 2342 863 2376 ἁγίων

78 2386 170 2422 λαϐήν;
204 2388 288 2414 Ἀλλὰ
311 2387 459 2416 σιωώσθω
491 2388 538 2417 καὶ
561 2387 639 2417 τοῦτο
663 2388 694 2414 16
715 2387 841 2423 ἔγκλημα
855 2396 861 2402 ·

79 2434 167 2473 μικρὸν
187 2434 242 2469 γὰρ
262 2432 340 2469 οἶμαι
357 2433 404 2460 καὶ
420 2434 532 2468 ἀγεννὲς
547 2432 626 2465 εἷναι,
645 2434 714 2470 πρὸς
727 2433 761 2460 τὰ
774 2433 859 2469 ψευδῆ

76 2487 103 2504 τε
117 2481 161 2506 καὶ
176 2481 360 2507 ἀναπόδεικτα
379 2479 434 2506 τῶν
454 2480 607 2515 λεγομένων
631 2479 767 2506 ἵστασοαι.
790 2479 858 2506 Ἀλλ’

77 2523 155 2550 ὲπὶτὺ
170 2524 350 2560 σφοδρότερον
364 2525 412 2560 τῆς
429 2524 597 2561 κατηγορίας
613 2524 795 2560 μετέλοωμεν.

107 2613 170 2648 Φησὶ
180 2633 187 2645 ,
204 2613 258 2640 τὸν
278 2613 435 2647 ἄνθρωπον
451 2612 638 2641 κεκενῶσθαι
652 2613 754 2648 λέγειν
766 2613 859 2648 ἡμᾶς,

77 2657 119 2684 καὶ
130 2659 181 2685 τὸν
195 2659 229 2692 ἐξ
244 2659 381 2693 ὑπακοῆς
392 2659 502 2686 ἑαυτὸν
516 2657 743 2685 ταπεινώσαντα
754 2658 792 2693 τῇ
808 2658 860 2685 τοῦ

75 2702 178 2732 δούλου
194 2705 308 2740 μορφῇ,
322 2705 501 2740 σύμμορφον
516 2702 592 2731 εἶναι
606 2704 668 2737 τοῖς
684 2704 859 2738 ἀνθρώποις,

76 2750 120 2777 καὶ
139 2751 209 2785 πρὶν
231 2752 344 2786 ταύτην
363 2751 526 2779 ἀναλαϐεῖν
547 2751 604 2785 τὴν
624 2751 754 2786 μορφήν.
776 2751 857 2777 Οὐδὲν

916 913 982 943 mini
991 914 1180 945 exsistentiam
1189 922 1248 949 quae
1256 916 1402 943 antecessit
1413 916 1523 948 smcula,
1533 923 1581 950 per
1594 916 1708 945 verbum

916 959 989 994 fecit,
1006 965 1194 995 repraesentat,
1215 961 1262 988 scd
1281 962 1391 989 humilis
1414 962 1446 989 ad
1461 963 1598 990 excelsum
1620 969 1710 990 muta-

916 1005 1018 1032 tionem
1036 1013 1084 1040 per
1097 1005 1237 1033 dexteram
1255 1006 1301 1035 Dei
1327 1007 1436 1035 factam.
1465 1008 1536 1041 Quin
1548 1010 1630 1036 etiam
1661 1017 1710 1044 per

916 1050 968 1078 hoc
998 1051 1111 1078 verbum
1129 1052 1241 1087 pietatis
1265 1053 1427 1088 mysterium
1461 1054 1627 1082 declaratur.
1655 1055 1708 1088 Qui

916 1096 989 1124 enim
1013 1097 1083 1125 dixit
1102 1099 1176 1133 quod
1193 1098 1289 1126 dextra
1318 1099 1365 1127 Dei
1387 1100 1536 1133 exaltatus,
1563 1101 1708 1131 manifeste

917 1141 1082 1170 inell‘abilcm
1104 1144 1226 1180 mystcrii
1247 1145 1483 1180 dispensationem
1499 1146 1607 1174 evolvit.
1631 1146 1708 1180 Quod

917 1187 1032 1218 dextera
1053 1188 1098 1217 Dei
1115 1191 1236 1218 omnium
1256 1199 1318 1225 qua:
1343 1197 1408 1220 sunt
1423 1196 1465 1218 est
1488 1191 1620 1224 eﬂ‘ectrix,
1647 1201 1709 1228 quae

916 1234 1027 1270 quidem
1059 1239 1102 1262 est
1129 1235 1274 1270 Dominus,
1301 1245 1348 1272 per
1375 1245 1455 1272 quem
1483 1238 1575 1267 omnia
1597 1238 1708 1265 conditu

917 1287 992 1314 sunt,
1009 1286 1037 1309 et
1052 1282 1112 1310 sine
1137 1290 1191 1318 quo
1204 1283 1273 1310 nihil
1291 1290 1386 1310 eorum
1409 1291 1469 1318 qua:
1485 1288 1549 1310 sunt
1568 1284 1706 1314 subsistit.

916 1328 981 1355 Haec
995 1329 1103 1356 unitum
1121 1337 1213 1356 secum
1233 1329 1369 1356 hominem
1387 1329 1421 1356 ad
1446 1330 1582 1365 propriam
1597 1330 1709 1361 celsitu-

916 1373 1007 1402 dinem
1024 1382 1071 1409 per
1085 1376 1311 1410 temperationem
1328 1376 1438 1408 extulit,
1456 1376 1529 1410 quod
1543 1377 1654 1411 quidem
1667 1382 1709 1406 est

916 1420 976 1455 ipsa
993 1421 1144 1448 secundum
1164 1425 1304 1454 naturam,
1327 1422 1409 1450 etiam
1423 1422 1499 1449 illum
1528 1421 1642 1451 faciens.
1661 1424 1709 1451 Est

917 1470 1008 1494 autem
1023 1467 1111 1501 ipsum
1129 1467 1259 1495 Dominus
1279 1473 1307 1496 et
1330 1467 1401 1500 Rex,
1420 1467 1547 1496 Christus
1566 1470 1638 1496 enim
1660 1477 1709 1496 rcx

917 1512 1086 1544 nominatur,
1102 1513 1160 1540 hmc
1179 1515 1262 1541 etiam
1291 1514 1368 1541 illum
1396 1513 1503 1547 ell‘ccit;
1534 1518 1563 1541 ut
1580 1515 1651 1541 enim
1680 1515 1708 1546 in

917 1558 1053 1585 altissimo
1070 1558 1172 1590 factus,
1193 1559 1414 1594 superexaltatus
1430 1563 1482 1591 est,
1499 1559 1540 1586 sic
1555 1560 1639 1587 etiam
1656 1561 1708 1588 alia

916 1605 1008 1632 omnia
1018 1604 1106 1632 factus
1116 1609 1168 1637 est,
1177 1606 1203 1632 in
1211 1606 1360 1633 immortali
1369 1606 1542 1637 immortalis,
1551 1606 1577 1633 in
1585 1607 1707 1638 lucelux.

917 1650 944 1677 in
955 1650 1156 1685 incorruptibili
1165 1651 1382 1687 incorruptibilis
1393 1660 1399 1679 :
1411 1651 1438 1678 in
1449 1651 1580 1679 invisibili
1590 1652 1709 1680 invisibi-

917 1695 963 1728 lis;
973 1695 1000 1722 in
1008 1695 1117 1725 Christo
1138 1697 1265 1725 Christus
1276 1706 1283 1731 ;
1294 1697 1321 1724 in
1331 1696 1446 1724 Domino
1453 1696 1595 1726 Dominus.
1604 1697 1671 1725 Nam
1681 1698 1709 1727 in

917 1742 1369 1778 corporalibustemperationibus.
1384 1751 1446 1771 cum
1457 1752 1520 1779 pars
1528 1744 1613 1771 altera
1623 1744 1708 1775 multa

917 1793 1046 1814 mensura
1079 1786 1223 1820 exuberat,
1249 1795 1310 1822 qua:
1335 1788 1426 1815 minor
1453 1793 1497 1816 est
1516 1788 1708 1816 transformari

916 1832 986 1858 solet
1003 1830 1030 1858 in
1049 1838 1109 1858 eam
1122 1835 1227 1866 partem
1250 1840 1311 1867 qua:
1323 1834 1467 1868 praevalet:
1496 1834 1548 1862 hoc
1579 1834 1662 1862 etiam
1681 1835 1707 1867 in

917 1877 1035 1912 mystico
1048 1885 1174 1905 sermone
1185 1878 1266 1913 plane
1285 1887 1333 1914 per
1350 1887 1445 1907 vocem
1464 1880 1538 1908 Petri
1565 1880 1707 1914 docemur,

917 1924 990 1959 quod
1010 1924 1152 1952 humilitas
1175 1924 1236 1960 ejus
1251 1926 1298 1960 qui
1314 1934 1347 1953 ex
1375 1926 1535 1954 inﬁrmitate
1560 1927 1709 1957 cruciﬁxus

917 1975 970 2003 est,
992 1971 1051 2006 ipsa
1067 1975 1157 1998 autem
1182 1971 1328 2000 inﬁrmitas
1344 1979 1454 2001 carnem
1481 1972 1611 2005 declarat,
1637 1973 1708 2000 sicut

917 2017 951 2046 de
979 2016 1095 2044 Domino
1115 2015 1287 2049 audivimus;
1317 2017 1368 2044 hoc
1391 2021 1482 2045 autem
1503 2025 1552 2053 per
1572 2022 1709 2053 tempera-

917 2061 1020 2091 tionem
1040 2069 1102 2088 cum
1119 2061 1228 2089 inliuito
1243 2066 1270 2088 et
1285 2062 1461 2089 interminato
1487 2069 1542 2089 non
1561 2062 1663 2090 mansit
1681 2064 1707 2094 iu

917 2107 1035 2143 propriis
1046 2107 1183 2134 mensuris
1196 2111 1222 2134 et
1237 2108 1465 2143 proprietatibus,
1484 2107 1532 2136 sed
1547 2108 1645 2136 dextra
1659 2109 1706 2137 Dr-i

916 2153 1034 2180 sublime
1047 2153 1150 2181 elatum
1165 2156 1216 2185 est,
1233 2157 1315 2189 atque
1339 2153 1412 2181 servi
1432 2154 1492 2182 loco
1514 2154 1646 2183 Dominus
1669 2155 1708 2187 fa-

917 2204 978 2226 ctus
993 2203 1046 2230 est,
1061 2203 1088 2226 ct
1105 2207 1154 2234 pro
1168 2200 1278 2227 subdito
1291 2200 1419 2228 Christus
1435 2208 1482 2228 rex
1500 2210 1506 2229 :
1528 2209 1632 2236 proque
1656 2202 1706 2229 hu-

915 2245 972 2272 mili
989 2245 1154 2277 altissimus,
1177 2251 1204 2273 et
1229 2254 1279 2281 pro
1307 2246 1419 2273 homine
1444 2246 1527 2275 Deus.
1555 2247 1707 2281 Quamnam

913 2299 979 2327 ergo
993 2291 1039 2326 qui
1056 2299 1106 2327 pro
1129 2292 1264 2327 apostolis
1278 2293 1379 2320 bellum
1397 2293 1477 2321 nobis
1497 2293 1600 2321 inferre
1621 2295 1708 2321 simu-

913 2337 963 2370 lat,
977 2345 1010 2369 ει
1030 2337 1141 2372 scriptis
1160 2343 1257 2366 contra
1272 2342 1384 2366 sanctos
1406 2346 1501 2366 ansam
1526 2343 1627 2367 nactus
1645 2342 1709 2368 est?

915 2383 969 2413 Sed
994 2383 1048 2410 hoc
1063 2383 1168 2411 crimen
1187 2384 1298 2411 silentio
1316 2384 1488 2412 involvatur:
1508 2386 1617 2420 angusti
1634 2387 1706 2414 enim

914 2433 941 2456 et
956 2429 1101 2464 degeneris
1115 2430 1200 2456 animi
1215 2437 1278 2458 esse
1292 2437 1365 2462 reor.
1387 2435 1484 2458 contra
1500 2431 1569 2459 falsa
1591 2436 1618 2459 et
1633 2433 1707 2461 nulla

913 2474 1148 2502 demonstratione
1163 2475 1269 2503 ﬁrmata
1283 2476 1399 2503 crimina
1425 2480 1508 2505 stare.
1527 2477 1580 2505 Sed
1606 2479 1639 2505 ad
1659 2487 1707 2504 ar-

913 2520 1066 2548 cusationis
1093 2520 1284 2549 vehementius
1306 2527 1334 2549 et
1359 2522 1477 2550 validius
1494 2523 1578 2551 telum
1610 2531 1706 2558 μοι-εει-

911 2573 984 2593 IDUS.

945 2612 991 2640 Ait
1023 2619 1070 2639 nos
1112 2613 1150 2648 (a)
1173 2613 1303 2640 hominem
1331 2614 1358 2641 in
1386 2614 1517 2641 hominem
1541 2614 1705 2642 exinanitmu

909 2666 965 2685 esse
987 2658 1136 2693 affirmare.
1164 2663 1241 2694 atque
1259 2667 1318 2686 eum
1339 2660 1385 2694 qui
1406 2660 1572 2694 semetipsum
1589 2667 1621 2686 ea:
1647 2660 1703 2686 οΙ-ικ

909 2704 1010 2732 dientia
1029 2704 1152 2732 submisit
1167 2706 1234 2733 servi
1247 2706 1335 2740 [arma
1352 2712 1468 2740 summa,
1483 2698 1704 2734 hominibusmil-

913 2752 1021 2785 lormem
1035 2760 1101 2785 esse,
1117 2753 1198 2780 etiam
1219 2753 1370 2787 priusquam
1392 2753 1458 2779 hanc
1472 2752 1585 2787 formam
1604 2761 1705 2780 assura-

107 2852 142 2888 (υ)
156 2851 186 2880 ι).
206 2852 338 2882 Basilium
355 2853 491 2890 intelligit,
504 2853 551 2890 qui
565 2852 599 2882 de
613 2852 708 2885 eodem
725 2852 837 2881 disserit
851 2852 898 2882 lib.
912 2861 942 2887 ιι,
964 2857 1056 2884 contra
1072 2852 1242 2881 Eunomium.
