1959 3075
240 121 294 150 699

867 116 897 146 S.
918 116 1081 145 GllEGORll
1098 115 1245 145 NYSSENI

1832 116 1878 145 730

243 183 347 216 psisset.
365 180 438 209 Nihil
449 180 482 208 dc
491 180 610 208 dictione
621 179 809 208 submutatum
819 179 880 212 fuit,
889 179 936 207 sed
943 179 1039 206 eadem

1093 179 1252 214 ὑπημείφθη
1275 179 1325 214 τῆς
1341 177 1440 211 λέξεως
1449 166 1460 194 ι’
1484 179 1541 206 ἀλλ’
1558 178 1625 206 αὐτὰ
1640 179 1674 206 τὰ
1691 179 1805 215 ῥήματα
1821 179 1881 215 παρ’

245 228 326 255 verba
340 236 354 254 a
367 228 448 254 nobis
465 227 598 254 translata
628 230 692 253 sunt
720 234 754 253 ex
768 226 843 254 illius
859 233 985 254 sermone
1009 226 1037 252 in

246 278 391 302 nostrum:
405 273 427 301 si
446 273 520 300 enim
538 272 606 308 quid
624 273 651 300 in
671 273 776 300 nostris
790 273 900 308 scriptis
910 276 952 299 est
973 272 1037 305 tale,

243 322 351 352 (nostra
373 319 447 346 enim
464 319 527 346 dico
543 327 603 354 quae
625 323 690 347 sunt
706 319 829 347 doctoris
840 317 960 352 ,)nullus
976 325 1040 346 ora-

243 367 295 393 tori
312 366 478 393 calumniam
496 366 623 400 imputet,
649 373 757 393 omnem
781 365 898 401 imploro
915 365 1039 392 veritatis

245 419 360 445 curam;
383 415 411 438 et
432 419 482 439 nos
507 412 680 439 testabimur.
702 411 780 445 Quod
806 411 828 438 si
853 411 952 438 horum
971 411 1039 438 nihil

244 461 287 484 cst
302 456 329 483 in
346 456 450 483 nostris
465 456 588 491 scriptis,
612 457 701 484 oratio
730 465 784 484 non
801 456 898 485 exilem
930 457 1038 491 culpam

245 503 361 530 inducit.
378 502 430 530 Sed
448 506 577 538 tanquam
592 503 698 539 liquido
722 508 749 532 et
767 504 846 540 plane
866 503 1039 531 demonstra-

245 549 280 576 tis
300 552 447 576 succenset
472 553 499 576 et
529 548 699 585 indignatur,
719 550 893 585 prodigiosas
917 550 1040 585 loquaci-

245 600 317 623 tates
332 595 412 630 nugis
425 599 451 621 et
468 595 675 630 perturbatione
691 597 796 631 plenas,
813 600 841 623 et
865 595 996 627 salebras,
1013 600 1041 622 ct

245 645 310 672 talia
326 652 439 673 vocans.
458 643 529 677 Quid
540 643 675 678 agendum
690 643 724 670 sit
739 650 793 670 non
805 642 893 669 video.
905 641 1041 675 Quemad-

250 691 362 718 modum
381 691 413 719 ad
430 690 595 725 improvisas
614 690 671 717 iras
684 689 838 728 phrenitide
857 688 1039 716 laborantium

248 743 276 766 ct
296 738 457 769 furentium,
476 737 550 764 anxii
576 740 603 764 et
619 737 741 772 perplexi
769 743 823 763 non
846 735 948 762 habent
974 733 1040 769 quid

247 785 354 812 consilii
371 787 498 818 captent:
516 782 556 809 sic
572 791 623 818 ego
640 783 698 817 ipse
711 782 844 809 adversus
859 781 930 808 hanc
942 780 1041 816 despe-

247 831 382 858 rationem
400 829 469 857 nihil
484 829 593 856 consilii
605 833 631 857 et
647 827 762 856 remedii
777 827 898 855 invenio.
917 827 962 854 Ait
982 834 1042 853 ma-

1094 226 1172 261 ήμῶν
1195 226 1388 261 μετενήνεκται
1411 224 1465 251 ἀπὸ
1482 224 1529 251 τοῦ
1544 224 1648 251 ἐκείνου
1663 225 1743 259 λόγου
1760 225 1828 260 προς
1842 226 1881 252 τὸν

1091 272 1235 308 ἡμέτερον.
1252 271 1284 298 Εἰ
1297 271 1347 306 μέν
1363 271 1420 298 ἐστί
1434 280 1460 298 τι
1474 271 1595 298 τοιοῦτον
1617 271 1645 297 ἐν
1659 273 1714 303 τοῖς
1731 271 1797 307 παρ’
1810 272 1881 306 ἡμῶν

1092 319 1296 354 γεγραμμένοις
1306 318 1440 354 (ἡμέτερα
1451 318 1505 354 γὰρ
1517 318 1551 345 τὰ
1560 318 1608 344 τοῦ
1619 318 1780 345 διδασκάλου
1794 320 1881 354 φημὶ),

1093 365 1187 401 μηδεὶς
1219 365 1368 400 ὲγκαλείτω
1390 365 1571 399 συκοφαντίαν
1597 364 1636 400 τῷ
1657 365 1770 401 ῥήτορι,
1799 366 1883 392 πᾶσαν

1093 412 1160 438 αἰτῶ
1179 412 1307 447 φροντίδα
1321 411 1372 446 τῆς
1387 411 1514 446 ἀληθείας
1527 419 1534 426 ’
1555 411 1603 438 καὶ
1617 411 1698 446 ἡμεῖς
1716 411 1885 447 μαρτυρήσο-

1094 466 1153 494 μεν.
1178 458 1210 484 Et
1231 458 1259 484 δὲ
1281 457 1384 484 τούτων
1403 457 1452 492 μέν
1471 457 1544 483 ἐστιν
1565 457 1594 482 ὲν
1609 457 1665 488 τοῖς
1683 456 1885 491 γεγραμμένοις

1091 504 1178 537 οὐδὲν,
1195 504 1209 530 6
1226 503 1305 538 λόγος
1320 503 1348 530 δὲ
1365 503 1414 530 οὐκ
1431 503 1521 529 αἰτίαν
1538 502 1636 536 ἐπάγει
1650 502 1742 538 ψιλήν.
1767 502 1839 528 Ἀλλ’
1851 502 1885 534 ὡς

1092 550 1139 576 ἐπὶ
1160 550 1285 586 φανερῶς
1306 550 1544 585 ἀποδεδειγμένοις
1565 551 1714 584 ἀγανακτεῖ
1739 550 1789 576 καὶ
1813 549 1886 584 ὀργε-

1093 596 1179 628 ζεται,
1207 597 1360 633 τερατείας,
1384 597 1430 623 καὶ
1447 597 1541 633 λήρου,
1557 597 1604 624 καὶ
1623 597 1745 632 ταραχῆς
1765 595 1885 631 πλήρεις,

1095 643 1141 669 καὶ
1152 643 1319 678 ἀνωμαλίας.
1337 642 1384 669 καί
1402 643 1436 670 τὰ
1453 643 1567 670 τοιαῦτα
1581 642 1671 669 καλῶν
1681 650 1690 658 ·
1702 642 1728 668 τί
1741 642 1796 678 χρὴ
1808 643 1888 677 πράτ-

1091 697 1148 715 τειν
1173 689 1202 715 οὐ
1226 689 1340 724 συνορῶ.
1367 689 1502 724 Καθάπερ
1527 690 1551 716 οἱ
1570 689 1638 725 πρὸς
1659 688 1708 720 τὰς
1731 689 1885 725 ἀπροφασὶ-

1096 743 1175 766 στους
1201 734 1286 770 ὀργὰς
1309 735 1364 762 τῶν
1390 735 1598 771 φρενιτιζόντων
1617 734 1826 771 ἀμηχανοῦντες
1843 735 1886 761 οὖν

1093 780 1200 816 ἔχουσιν
1211 781 1225 807 ὅ
1236 789 1261 807 τι
1274 781 1474 815 βουλεύσονται,
1484 781 1570 813 οὕτως
1580 781 1639 808 οὐδὲ
1648 781 1728 813 αὐτὸς
1741 781 1888 816 ἐξευρίσκω

1093 827 1153 854 τινὰ
1167 826 1236 862 πρὸς
1250 827 1299 862 τὴν
1315 827 1472 863 ἀμηχανίαν
1488 827 1589 862 ταύτην
1607 825 1743 854 ἐπίνοιαν.
1771 827 1858 862 Φησὶν
1874 829 1886 854 ὁ

247 877 331 912 gister
353 877 460 912 (rursus
477 878 550 904 enim
571 875 603 902 ad
622 875 733 903 verbum
749 874 810 909 ejus
825 881 980 901 sermonem
999 864 1041 900 re-

1094 874 1253 905 διδάσκαλος
1275 874 1369 909 (πάλιν
1385 874 1439 910 γὰρ
1461 875 1508 901 ἐπὶ
1530 874 1628 908 λέξεως
1644 875 1727 902 αὑτοῦ
1749 875 1796 902 τὸν
1813 875 1888 909 λόγον

246 922 346 958 petam)
358 923 429 958 quod
445 931 497 950 non
514 922 650 957 theologia:
666 921 772 947 modum
789 920 864 947 nobis
884 919 978 951 tradit,
997 919 1041 946 sed

246 968 451 1003 dispensationis
468 970 595 996 rationes.
611 969 662 996 Iste
679 971 770 994 autem
791 969 936 994 accusator
953 974 985 993 ex
1000 966 1043 993 his

247 1014 382 1049 impulsus
394 1022 444 1041 nos
455 1018 579 1042 astruere
590 1014 729 1041 hominem
739 1013 908 1041 exinanitum
917 1013 943 1039 in
953 1013 1042 1040 homi-

246 1068 309 1087 ncm
318 1060 469 1088 contendit.
482 1060 548 1094 Quae
563 1060 659 1087 horum
670 1064 696 1086 et
711 1059 820 1086 illorum
828 1059 985 1086 communio
995 1058 1043 1086 ?Si

247 1105 365 1133 dicimus
373 1106 526 1141 apostolum
536 1113 591 1133 non
601 1106 680 1133 nobis
687 1105 797 1132 modum
807 1104 950 1140 theologia:
959 1104 1045 1132 tradi-

247 1151 333 1182 disse,
353 1151 399 1178 sed
423 1157 474 1178 suo
489 1158 616 1178 sermone
633 1149 867 1184 dispensationem
891 1149 1043 1177 secundum

247 1196 404 1230 passionem
417 1195 634 1227 subostendissc,
647 1199 757 1230 propter
766 1195 817 1222 hoc
830 1194 948 1222 hominis
957 1194 985 1221 in
993 1194 1043 1221 ho-

249 1243 349 1269 minem
360 1243 576 1269 exinanitionem
585 1246 613 1269 et
621 1242 692 1269 servi
704 1241 820 1268 fortnam
831 1245 894 1269 ante
905 1242 1004 1268 sazcula
1016 1245 1044 1269 et

248 1289 366 1316 adventu
381 1289 407 1315 in
417 1296 500 1316 carne
512 1288 693 1324 antiquiorem
708 1295 742 1315 ex
756 1287 838 1314 Maria
849 1287 986 1314 hominem
1003 1286 1044 1314 di-

249 1343 312 1362 cere
324 1335 498 1362 damnamur.
512 1335 564 1362 Sed
573 1341 807 1369 supervacaneum
818 1341 878 1361 esse
887 1333 1006 1360 arbitror
1015 1333 1043 1360 in

248 1381 333 1408 ccrtis
345 1385 371 1408 ct
387 1380 524 1408 confessis
538 1381 697 1413 immorari;
721 1379 873 1415 praesertim
902 1387 964 1406 eum
985 1379 1043 1414 ipsa

247 1428 352 1455 vcritas
376 1435 427 1454 nos
454 1427 488 1454 ab
503 1429 576 1454 omni
602 1427 715 1454 crimine
734 1427 840 1454 liberet.
869 1426 946 1453 Tunc
970 1427 1043 1453 enim

249 1473 446 1501 accusantibus
461 1473 592 1500 resistere
604 1473 840 1508 oportet,quando
855 1473 918 1507 quis
929 1472 956 1499 in
967 1481 996 1499 se
1007 1473 1044 1507 ip~

249 1527 309 1547 sum
322 1520 513 1547 calumniatori
530 1527 625 1546 ansam
638 1519 805 1554 praebuerit:
824 1519 851 1546 in
868 1519 970 1554 quibus
993 1526 1044 1546 au-
1057 1540 1079 1569 ε

248 1569 304 1594 tem
321 1566 426 1593 nullu-m
444 1570 486 1593 est
498 1566 651 1600 periculum
661 1565 819 1600 suspicandi
833 1564 936 1600 aliquid
946 1565 1044 1593 absur-

249 1611 287 1643 di,
302 1619 355 1639 non
372 1611 431 1638 l'alsi
444 1611 568 1638 criminis
579 1611 638 1645 ejus
650 1611 696 1646 qui
706 1611 876 1638 calumniose
885 1615 1043 1644 accusatur,

250 1655 298 1682 sed
330 1657 491 1683 accusantis
521 1655 624 1683 furoris
657 1660 684 1682 et
712 1655 826 1683 insania:
855 1656 1043 1691 reprehensio,

250 1702 394 1729 accusatio
412 1702 601 1729 constituitur.
616 1702 668 1729 Sed
687 1701 918 1735 quemadmodum
938 1702 972 1730 ob
981 1710 1045 1729 cru-

249 1755 309 1775 ccm
325 1748 508 1776 erubescendi
535 1748 650 1776 crimine
676 1748 746 1776 falso
768 1748 902 1781 accusati,
931 1756 980 1784 per
1013 1756 1044 1775 ea

249 1802 311 1829 quae
325 1799 389 1822 sunt
407 1795 563 1822 examinata
584 1795 611 1821 in
627 1794 796 1822 contrarium
815 1801 980 1822 conversum
999 1803 1043 1822 re-

248 1840 308 1876 geri
341 1841 498 1868 accusatori
524 1840 629 1868 crimen
654 1840 927 1869 demonstravimus:
953 1840 993 1868 sic
1017 1845 1044 1868 et

249 1887 320 1913 hanc
336 1886 444 1921 culpam
462 1886 489 1912 in
506 1891 683 1913 accusatores
692 1885 837 1913 transferri
850 1886 1041 1919 ostendemus,

248 1932 323 1967 quod
342 1932 383 1959 illi
398 1939 453 1959 non
469 1939 520 1958 nos
532 1931 662 1960 exlsimili
680 1931 711 1957 ad
728 1931 820 1958 simile
833 1930 894 1959 Filii
910 1931 1043 1959 mutatio-

249 1986 311 2005 nem
330 1978 357 2004 in
378 1977 533 2006 (economia
550 1976 595 2011 (id
611 1980 652 2004 est
668 1977 892 2014 dispensatione)
905 1977 1043 2012 passionis

248 2024 408 2052 doceamus.
434 2022 661 2050 Examinabimus
682 2023 756 2051 enim
777 2030 839 2059 qua:
861 2023 896 2050 ab
916 2023 1042 2058 utrisque

248 2070 378 2098 dicuntur
392 2071 514 2105 inter'se
536 2072 696 2103 comparata
716 2073 744 2096 et
763 2069 920 2096 summatim
939 2070 1040 2105 posita.

248 2115 305 2143 Nos
330 2115 447 2142 dicimus
470 2114 641 2149 unigenitum
666 2113 752 2141 Deum
777 2114 823 2152 qui
849 2122 897 2149 per
920 2116 1042 2150 seipsum

249 2162 378 2198 produxit
388 2161 482 2188 omnia
497 2169 504 2188 :
520 2167 605 2187 unum
623 2163 715 2187 autem
733 2167 828 2188 eorum
845 2168 906 2196 quae
923 2161 958 2188 ab
982 2161 1042 2196 ipso

1095 920 1327 956 ἐπαναλήψομαι),
1352 922 1391 948 ὅτι
1410 921 1479 955 οὺχί
1494 922 1647 956 θεολογίας
1667 921 1740 956 ἡμῖν
1763 920 1887 955 παραδί-

1094 967 1167 993 δωσι
1187 968 1308 1001 τρόπον,
1330 967 1411 994 ἀλλὰ
1428 967 1502 1000 τοὺς
1516 967 1571 1001 τῆς
1586 968 1756 1002 οἰκονομίας
1768 968 1887 1002 λόγους.

1101 1011 1129 1039 Ὀ
1141 1012 1170 1039 δὲ
1184 1013 1336 1048 κατήγορος
1351 1014 1383 1039 ὲκ
1397 1013 1500 1040 τούτων
1514 1013 1658 1049 ὁρμηθεὶς,
1681 1014 1827 1048 ἄνθρωπον
1852 1013 1888 1045 εἰς

1095 1057 1239 1093 ἄνθρωπον
1264 1058 1433 1085 κεκενῶσθαι
1459 1059 1534 1093 λέγει
1555 1059 1775 1092 κατασκευάζειν
1805 1059 1887 1094 ἡμᾶς.

1095 1104 1143 1135 Τίς
1151 1104 1277 1131 κοινωνία
1287 1104 1389 1131 τούτων
1398 1105 1548 1138 κάκείνων,
1563 1105 1594 1132 Εἰ
1606 1105 1696 1140 φαμὲν
1708 1105 1754 1131 τὸν
1780 1104 1892 1131 ἀπόστο-

1094 1151 1139 1177 λον
1160 1151 1197 1186 μὴ
1212 1150 1352 1185 θεολογίας
1374 1152 1438 1186 ἡμῖν
1454 1151 1676 1188 παραδεδωκέναι
1699 1150 1812 1187 τρόπον,
1825 1149 1889 1176 ἀλλὰ

1094 1196 1144 1232 τὴν
1157 1197 1227 1224 κατὰ
1236 1197 1266 1223 τὸ
1277 1197 1364 1229 πάθος
1376 1198 1533 1233 οἰκονομίαν
1547 1198 1683 1230 ὑποδεῖξαι
1698 1196 1738 1232 τῷ
1753 1197 1838 1231 λόγῳ,
1850 1196 1888 1222 διὰ

1094 1242 1174 1268 τοῦτο
1198 1242 1343 1278 ἀνθρώπου
1370 1244 1410 1275 εἰς
1428 1243 1571 1279 ἄνθρωπον
1593 1243 1718 1276 κένωσιν,
1734 1243 1783 1270 καὶ
1798 1241 1889 1268 δούλου

1097 1288 1204 1323 μορφὴν
1231 1288 1403 1324 προαιώνιον,
1433 1289 1480 1316 καὶ
1505 1290 1556 1325 τῆς
1579 1291 1608 1316 ὲν
1631 1289 1714 1326 σαρκὶ
1738 1289 1890 1324 παρουσίας

1095 1333 1281 1369 πρεσῦύτερον
1298 1335 1342 1361 τὸν
1357 1336 1388 1361 ἐκ
1402 1335 1511 1370 Μαρίας
1523 1335 1664 1372 ἄνθρωπον
1679 1335 1769 1369 λέγειν
1784 1334 1891 1361 διαϐαλ-

1094 1379 1206 1414 λόμεθα.
1240 1380 1321 1407 Ἀλλὰ
1337 1381 1465 1416 περιττὸν
1482 1379 1559 1416 οἶμαι
1581 1382 1636 1413 τοῖς
1661 1380 1890 1416 ὁμολογουμένοις

1096 1425 1284 1460 ἐνδιατρίϐειν,
1301 1426 1385 1460 αὐτῆς
1404 1427 1455 1462 τῆς
1472 1426 1602 1462 ἀληθείας
1615 1427 1741 1462 ἀφιείσης
1755 1427 1831 1462 ἡμᾶς
1846 1426 1888 1452 τοῦ

1094 1471 1277 1507 ἐγκλήματος.
1304 1473 1371 1499 Τότε
1387 1473 1441 1508 γὰρ
1459 1472 1511 1509 χρὴ
1528 1474 1584 1505 τοῖς
1599 1473 1802 1508 κατηγοροῦσιν
1819 1473 1890 1499 ἀντι-

1095 1517 1293 1550 καθίστασθαι,
1325 1518 1388 1545 ὅταν
1414 1527 1457 1550 τις
1488 1518 1616 1554 παράσχῃ
1640 1518 1700 1545 καθ’
1726 1517 1827 1544 ἑαυτοῦ
1854 1517 1890 1553 τῷ

1097 1564 1252 1600 συκοφάντῃ
1278 1556 1383 1598 λαϐήν-
1409 1563 1453 1598 ἐφ’
1471 1560 1508 1591 ὧν
1530 1564 1558 1590 δὲ
1578 1564 1699 1596 κίνδυνός
1715 1565 1791 1591 ἐστιν
1806 1564 1890 1595 οὐδεὶς

1096 1610 1279 1645 ὑπονοηθῆναι
1291 1619 1316 1637 τι
1331 1610 1386 1636 τῶν
1399 1610 1517 1643 ἀτόπων,
1534 1611 1563 1637 οὐ
1581 1611 1629 1646 τῆς
1643 1610 1690 1637 τοῦ
1709 1619 1890 1645 συκοφαντουι

1098 1656 1180 1690 μένου
1196 1656 1334 1691 διαϐολῆς,
1352 1656 1419 1682 ἀλλὰ
1433 1657 1483 1692 τῆς
1496 1656 1543 1683 τοῦ
1558 1656 1776 1692 κατηγοροῦντος
1795 1657 1890 1692 μανίας

1095 1701 1205 1737 ἔλεγχος
1229 1702 1245 1738 ἠ
1267 1702 1418 1738 κατηγορία
1445 1702 1618 1731 καθίσταται.
1639 1703 1708 1729 Ἀλλ’
1722 1703 1818 1738 ὥσπερ
1841 1704 1889 1729 ἑπ-

1095 1748 1271 1782 αισχύνεσθαι
1285 1747 1325 1784 τῷ
1343 1748 1452 1784 σταυρῷ
1461 1749 1510 1784 τὴν
1521 1749 1608 1776 αἰτίαν
1625 1748 1732 1784 ἔχοντες
1751 1749 1890 1783 ἐδείξαμεν

1095 1793 1138 1820 διὰ
1152 1794 1207 1821 τῶν
1220 1794 1413 1830 ὲξητασμὲνων
1438 1796 1478 1826 εἰς
1489 1795 1642 1822 τούναντίον
1657 1795 1889 1832 περιτρεπόμενον

1095 1840 1133 1876 τῷ
1145 1841 1290 1877 κατηγόρῳ
1302 1841 1332 1868 τὸ
1340 1841 1423 1878 ἒγκλη
1429 1850 1476 1877 μα’
1489 1841 1560 1869 οὓτω
1569 1842 1614 1869 καὶ
1625 1842 1673 1877 τὴν
1687 1843 1778 1868 αἰτίαν
1790 1841 1888 1877 ταύτην

1095 1889 1135 1919 εἰς
1150 1887 1213 1919 τοὺς
1223 1887 1392 1922 κατηγόρους
1407 1889 1665 1923 ὲπαναστρέφουσαν
1686 1888 1828 1924 δείξομεν·
1853 1889 1888 1919 ὡς

1095 1934 1205 1961 ἐκείνων
1222 1935 1270 1970 οὐχ
1287 1935 1365 1971 ἡμῶν
1382 1936 1432 1970 τὴν
1443 1935 1472 1968 ἐξ
1483 1936 1578 1971 ὁμοίου
1600 1936 1668 1972 πρὸς
1684 1936 1715 1962 τὸ
1733 1937 1828 1971 ὅμοιον
1840 1936 1885 1962 τοῦ

1094 1980 1160 2007 Υἱοῦ
1171 1981 1337 2016 μετάστασιν
1347 1983 1375 2008 ἐν
1385 1983 1419 2019 τῇ
1429 1976 1500 2009 κατὰ
1509 1982 1540 2009 τὺ
1549 1982 1634 2014 πάθος
1643 1983 1785 2018 οἰκονομία
1793 1983 1888 2018 δογμα-

1093 2027 1234 2060 τιζόντων.
1252 2027 1431 2064 Ἐξετάσομεν
1439 2029 1493 2065 γὰρ
1508 2028 1668 2065 παράλληλα
1683 2029 1776 2062 θέντες
1783 2030 1829 2056 ἐπὶ
1843 2037 1887 2056 κε-

1093 2072 1210 2108 φαλαίου
1224 2073 1260 2100 τὰ
1278 2075 1344 2109 παρ’
1359 2075 1499 2110 ἑκατέρων
1520 2075 1666 2111 λεγόμενα.
1686 2076 1786 2111 Ἡμεῖς
1801 2084 1887 2112 φαμεν

1093 2119 1139 2145 τὸν
1158 2119 1292 2155 μονογενῆ
1301 2119 1368 2146 Θεὸν
1379 2120 1412 2146 δι’
1423 2120 1521 2148 ἑαυτοῦ
1535 2121 1730 2158 παραγαγόντα
1741 2121 1777 2148 τὰ
1791 2122 1884 2151 πάντα,

1093 2165 1122 2192 ἓν
1132 2165 1160 2191 δὲ
1170 2164 1224 2191 τῶν
1237 2166 1300 2201 παρ’
1316 2165 1398 2192 αὑτοῦ
1413 2167 1572 2201 γεγονότων,
1589 2167 1635 2194 καὶ
1648 2168 1699 2202 τὴν
1713 2167 1884 2202 ἀνθρωπίνην

250 2209 321 2235 facta
340 2211 415 2238 sunt,
437 2210 464 2234 et
481 2206 628 2233 humanam
646 2209 773 2234 naturam
790 2213 862 2239 esse,
891 2215 952 2242 quae
974 2214 1037 2234 cum

1096 2203 1201 2246 φύσιν,’
1211 2209 1246 2248 ἧς
1266 2211 1333 2248 πρδς
1350 2212 1447 2239 κακίαν
1464 2213 1659 2250 άπορρυείοης,
1687 2214 1735 2240 καὶ
1754 2213 1799 2240 διὰ
1812 2213 1885 2240 τοῦτο

251 2254 278 2280 in
297 2257 439 2288 peccatum
457 2253 531 2287 lapsa
545 2251 652 2284 fuisset,
671 2253 770 2280 ctideo
791 2253 819 2280 in
833 2254 932 2281 mortis
951 2261 1044 2281 corru-

250 2300 370 2337 ptionem
381 2298 535 2330 incidisset,
545 2305 642 2325 rursus
654 2298 741 2333 ipsam
755 2306 803 2332 per
816 2299 995 2334 semetipsum
1008 2299 1042 2326 ad

251 2345 436 2377 immortalem
453 2345 537 2371 vitam
559 2345 678 2371 traxisse
692 2351 740 2379 per
761 2344 912 2377 hominem,
935 2346 961 2372 in
987 2354 1042 2380 quo

252 2395 382 2425 tanquam
407 2389 583 2417 tabernaculo
608 2390 720 2422 mansit,
736 2393 792 2417 tota
820 2390 989 2418 humanitate
1014 2391 1041 2417 in

251 2436 343 2470 scipso
357 2438 510 2470 assumpta,
541 2438 623 2469 atque
649 2442 727 2462 suam
751 2435 886 2463 viviticam
912 2436 1040 2464 virtutem

250 2481 357 2509 mortali
379 2485 406 2509 et
431 2480 604 2516 corruptibili
629 2485 734 2509 natura}
760 2482 960 2515 admiscuisse;
991 2491 1042 2510 no-

249 2533 390 2562 stramque
413 2527 650 2556 mortiﬁcationem
666 2535 714 2562 per
729 2529 985 2564 attemperationcm
1007 2529 1040 2557 ad

249 2582 278 2601 se
295 2574 321 2600 in
335 2573 446 2600 vitalem
463 2573 578 2609 gratiam
593 2579 620 2602 et
632 2575 760 2602 virtutem
774 2578 989 2604 transmutasse.
1005 2575 1040 2604 Ει

249 2619 301 2646 hoc
317 2619 468 2646 asscrimus
486 2628 548 2648 csse
569 2621 721 2649 secundum
742 2629 852 2649 carnem
872 2621 1041 2658 Dominimy-

247 2665 380 2692 sterium:
399 2667 463 2701 quia
484 2667 529 2701 qui
548 2671 588 2694 est
601 2667 838 2695 incommutabilis
866 2669 892 2695 in
915 2669 1039 2696 mutabili

248 2711 381 2746 gignitur,
410 2717 440 2739 ut
465 2713 499 2740 ab
524 2720 556 2740 eo
581 2713 654 2748 quod
677 2713 797 2741 deterius
824 2718 866 2742 est
890 2715 917 2742 in
941 2715 1039 2743 melius

248 2756 418 2785 transferens
448 2763 475 2786 et
503 2759 654 2786 immutans
685 2759 831 2786 admistam
865 2760 1038 2796 dispositioni

247 2803 369 2830 mutabili
379 2804 569 2836 vitiositatem,
586 2805 708 2833 aboleret
722 2813 736 2832 a
756 2809 852 2834 natura
865 2807 1038 2843 absumptum

247 2847 377 2886 ipseipso
395 2853 548 2885 peccatum.
574 2850 640 2878 Nam
663 2851 734 2879 licus
751 2857 845 2881 noster
876 2853 946 2889 ignis
971 2862 1037 2882 con-

1093 2258 1242 2294 γενομένης
1256 2258 1285 2285 ὲν
1299 2259 1332 2294 τῇ
1348 2258 1394 2284 τοῦ
1407 2259 1522 2286 θανάτου
1538 2259 1636 2295 φθορᾷ,
1654 2260 1734 2286 πάλιν
1751 2260 1837 2296 αὐτὴν
1853 2261 1884 2286 δι’

1093 2304 1190 2330 ἑαυτοῦ
1204 2304 1272 2340 πρὸς
1297 2304 1346 2340 τὴν
1370 2305 1506 2332 ἀθάνατον
1531 2305 1603 2340 ζωὴν
1625 2306 1828 2340 ὲνρελκὺσασθαι
1843 2306 1884 2333 διὰ

1092 2350 1138 2376 τοῦ
1161 2351 1317 2386 ἀνθρώπου,
1341 2347 1363 2384 ᾧ
1388 2352 1608 2387 κατεσκήνωσεν,
1630 2352 1690 2379 ὅλον
1717 2354 1883 2381 ἀναλαϐόντα

1093 2396 1161 2430 πρὸς
1177 2395 1272 2422 ἑαυτὸν
1286 2396 1316 2422 τὺ
1329 2395 1508 2431 ἀνθρώπινον,
1528 2398 1575 2424 καὶ
1593 2397 1641 2433 τὴν
1656 2397 1790 2429 ζωοποιδν
1804 2399 1880 2426 αὑτοῦ

1090 2442 1206 2477 δύναμιν
1218 2443 1250 2477 τῇ
1268 2442 1351 2478 θνητῇ
1366 2443 1412 2469 καὶ
1427 2444 1553 2480 ἐπικήρῳ
1565 2444 1712 2479 καταμίξαι.
1725 2445 1806 2479 φύσει
1819 2455 1825 2461 ³
1840 2447 1883 2473 καὶ

1090 2489 1139 2524 τὴν
1151 2489 1288 2524 ἡμετέραν
1299 2489 1434 2525 νέκρωσιν
1447 2489 1490 2516 διὰ
1504 2491 1555 2525 τῆς
1571 2492 1637 2525 πρὸς
1651 2491 1749 2518 ἑαυτὸν
1765 2493 1882 2529 ἀνακρά-

1092 2542 1161 2565 σεως
1178 2535 1218 2566 εἰς
1240 2534 1359 2570 ζωτικὴν
1384 2536 1569 2571 μεταποιῆσαι
1593 2537 1673 2573 χάριν
1691 2538 1737 2564 καὶ
1760 2539 1881 2574 δύναμιν.

1090 2579 1146 2606 Καὶ
1160 2578 1238 2606 τοῦτό
1256 2588 1346 2615 φαμεν
1361 2578 1431 2608 εἶναι
1446 2581 1477 2608 τὸ
1494 2582 1565 2609 κατά
1591 2583 1639 2618 τὴν
1661 2584 1752 2620 σάρκα
1767 2585 1814 2612 τοῦ
1830 2586 1882 2612 Κυ-

1091 2625 1150 2662 ρίου
1168 2627 1318 2662 μυστήριον
1330 2636 1337 2642 ·
1365 2627 1405 2654 ὅτι
1422 2628 1436 2654 ὁ
1456 2628 1592 2664 ἄτρεπτος
1612 2630 1641 2656 ἑν
1665 2630 1705 2666 τῷ
1719 2631 1831 2667 τρεπτῷ
1844 2631 1883 2666 γί-

1089 2680 1174 2704 νεται,
1198 2672 1241 2699 ἵνα
1268 2673 1336 2708 πρὸς
1357 2673 1387 2699 τὸ
1410 2675 1534 2710 κρεῖττον
1550 2675 1717 2710 ἀλλοιώσας,
1743 2678 1791 2704 καὶ
1809 2687 1883 2714 μετα-

1090 2717 1179 2744 ϐαλὼν
1203 2719 1235 2744 ἐκ
1258 2718 1305 2745 τοῦ
1328 2719 1450 2755 χείρονος
1463 2721 1512 2757 τὴν
1526 2721 1710 2758 ὲμμιχθεῖσαν
1725 2725 1758 2759 τῇ
1781 2726 1881 2760 τρεπεῇ

1081 2754 1207 2790 ⁸διαθέσει
1220 2763 1331 2798 κακίαν,
1349 2754 1502 2802 ὲξαφανίσῄ
1652 2754 1761 2803 φύσεως
1775 2754 1806 2797 ἐν
1823 2754 1883 2797 ἑαυζ

1089 2808 1128 2843 τῷ
1145 2808 1175 2835 τὸ
1188 2809 1273 2837 κακὸν
1285 2810 1456 2847 δαπανήσας.
1471 2812 1500 2839 '0
1513 2813 1566 2849 γὰρ
1579 2814 1646 2846 Θεὸς
1659 2815 1738 2850 ἡμῶν
1753 2815 1809 2852 πῦρ
1822 2824 1883 2843 κατι

1089 2854 1233 2882 αναλίσκον
1258 2856 1340 2890 ἐστὶν,
1359 2854 1380 2891 ᾧ
1398 2858 1584 2892 ὲναφανίζεται
1605 2861 1679 2888 πᾶσα
1704 2862 1804 2894 κακίας
1823 2861 1880 2895 ὕλη·
