1959 3075
116 98 160 126 ’101

674 93 814 122 CONTRA
832 93 1028 128 EUNOMIUM,
1045 93 1109 122 LIB.
1125 93 1154 122 V.

1690 91 1743 118 702

123 156 150 183 '0
163 152 291 189 ἡμέτερος
314 151 402 185 λόγος.
423 151 452 178 '0
470 151 499 177 δὲ
514 150 667 186 κατήγορος
688 151 715 177 τί
735 160 839 186 φησιν;
858 151 899 178 Οὐ

967 158 1064 178 umens
1078 155 1121 178 est
1137 150 1159 166 ”
1173 170 1180 182 ,
1205 157 1260 185 quo
1280 148 1385 185 peccati
1411 149 1526 176 materia
1553 149 1643 176 omnis
1676 155 1742 176 con-

117 199 165 227 τὸν
178 197 321 231 ἅτρεπτόν
334 205 366 223 te
378 196 426 223 καί
441 196 584 222 ἅκτιστον
597 195 637 229 τῷ
650 195 699 222 διὰ
714 196 840 228 κτίσεως
853 204 900 230 τε-

118 245 218 282 γυνότι,
240 243 290 269 καὶ
309 242 358 270 διὰ
376 242 463 269 τοῦτο
481 242 555 276 πρὸς
574 243 682 268 κακίαν
696 240 898 274 ἀλλοιωθέντι,

118 289 322 325 καταμιχθῆναι
331 297 337 304 '
352 288 433 316 ἀλλὰ
443 288 492 314 καὶ
504 288 598 316 αὐτὸν
609 287 733 314 murth
743 287 815 314 ὄντα
827 286 902 320 πρὸς

117 337 148 364 τὸ
161 334 303 369 συγγενὲς
316 333 416 360 ἐλθεῖν
432 332 527 365 ἐαυτῷ
545 333 594 360 καί
609 333 774 367 ὁμόφυλον,
796 332 851 358 οὐκ
866 330 901 363 ἐξ

117 381 315 416 ὑπερεχούσης
331 381 452 414 φύσεως
466 379 514 405 διὰ
534 379 759 414 φιλανθρωπίαν
775 377 832 412 τὴν
849 386 900 404 τα-

119 427 284 460 πεινοτέραν
296 426 451 454 ὑποδύντα
464 425 568 460 φύσιν,
580 425 649 452 ἀλλ’
661 424 735 458 ὅπερ
750 424 801 458 ἦν,
813 424 902 451 τοῦτο

118 473 281 510 γενόμενον.
309 472 354 507 Τῷ
379 471 433 506 γὰρ
457 470 558 505 γενικῷ
580 471 630 505 τῆς
649 469 852 505 προσηγορίας,
873 468 902 496 ἓν

118 520 182 552 κατὰ
196 519 303 545 πάντων
319 517 377 543 ἐστὶ
392 516 446 543 τῶν
463 517 495 543 ὲκ
508 516 555 542 τοῦ
574 516 611 551 μὴ
625 516 701 547 δντος
716 515 900 547 ὑποστάντων,

116 567 143 593 τὸ
156 566 202 601 τῆς
215 565 329 595 κτίσεως
342 563 442 598 ὄνομα·
460 563 488 589 αἱ
503 562 532 589 δὲ
547 561 658 598 μερικαὶ
668 561 722 588 τῶν
733 562 761 588 ἐν
771 562 803 596 τῇ
815 560 902 587 κτίσει

117 610 304 646 Θεωρουμένων
326 608 465 644 διαφοραὶ,
479 609 540 640 ταῖς
552 607 607 634 τῶν
624 607 778 642 ἰδιωμάτων
797 606 903 641 παραλ-

116 657 221 690 λαγαῖς,
246 654 327 690 ἑτέρα
355 654 405 689 τῆς
430 653 528 691 ἑτέρας
549 652 744 688 διενηνόχασιν.
772 651 853 678 Ὥστε
878 652 903 678 εἰ

116 701 218 732 κτιστὺς
236 701 284 736 μὲν
302 701 416 731 ἐκεῖνος,
433 699 541 730 mm;
556 699 584 725 δὲ
599 698 751 733 ἄνθρωπος,
768 697 850 728 αὐτὸς
864 697 904 728 είς

117 747 205 775 ἑαυτὸν
220 747 340 783 ἐκενώθη
357 746 427 773 κατὰ
449 746 498 782 τὴν
518 745 651 780 Εὐνομίου
668 745 760 780 φωνήν
773 752 780 759 ·
804 743 851 770 καὶ
872 743 903 770 οὒ

117 794 180 830 πρὸς
200 793 228 819 τὸ
251 793 380 819 ταπεινὸν
404 793 437 819 ἐκ
458 792 505 819 τοῦ
524 791 714 828 ὑπερέχοντος,
735 790 793 818 ἀλλ’
812 791 843 817 ἐκ
857 789 903 816 τοῦ

117 824 202 874 ὁμοίου
217 839 286 874 πρὸς
299 839 330 865 τὸ
340 839 470 874 ὁμότιμον
484 824 668 874 μετεχῶρῆσε,
683 837 751 873 πλὴν
766 837 816 872 τῆς
833 835 904 865 κατὰ
920 824 941 851 Β

117 886 144 913 τὸ
157 885 232 921 σῶμα
243 886 290 912 καὶ
304 885 334 912 τὺ
347 885 491 919 ἀσώματον
503 884 643 918 ἰδιότητος.
659 883 732 918 Πρὸς
744 883 804 909 τίνα
813 883 902 910 τοίνυν

117 931 229 966 ἠδικαία
246 930 301 957 τῶν
315 930 480 962 δικαζόντων
495 929 669 965 ὲνεχῡήσεται
694 929 801 964 ψῆφος
824 928 840 964 ἢ
862 928 903 960 τίς

116 978 167 1008 τοῖς
181 976 351 1012 ἐγκλήμασιν
374 976 487 1008 ἐκείνοις
507 975 657 1007 ὑπεύθυνος
678 975 902 1010 ἁναφανήσεταις

122 1024 148 1050 '0
162 1024 236 1058 παρὰ
254 1023 303 1050 τοῦ
319 1023 387 1050 Θεοῦ
405 1023 452 1050 τοῦ
475 1022 603 1050 ἀκτίστου
626 1022 671 1050 τὸν
687 1021 794 1049 κτιστὺν
819 1022 904 1048 σεσῶ-

118 1071 175 1097 σθαι
197 1070 296 1102 λέγων,
324 1070 341 1106 ἢ
365 1070 379 1095 ὁ
395 1069 433 1104 τῷ
447 1070 577 1105 κτίσματι
593 1069 644 1104 τῆς
667 1068 804 1104 σωτηρίας
826 1068 904 1106 ἡμῶν

117 1117 248 1153 ἀνατιθεὶς
264 1117 313 1152 τὴν
326 1117 416 1143 αἰτίαν
427 1125 434 1149 ;

154 1207 221 1234 Ἀλλ’
243 1207 294 1234 οὐκ
311 1206 407 1240 ἄδηλος
430 1205 484 1233 τῶν
506 1205 691 1232 εὐσεϐούντων
711 1207 727 1240 ὴ
750 1205 849 1241 κρίσις.
878 1205 907 1231 ὐ

117 1250 167 1288 γὲἷρ
183 1252 308 1287 ἁκριὸῶς
320 1247 507 1286 ’ἐπιστάμενος
523 1251 571 1287 τὴν
588 1251 718 1286 διαφορὰν
733 1251 780 1278 τοῦ
797 1251 907 1278 κτιστοῦ

117 1298 235 1335 πρὸς-τὺ
263 1298 408 1325 ἄκτιστον·
433 1294 471 1324 ὧν
491 1298 508 1332 ἡ
523 1297 685 1332 παραλλαγὴ
698 1297 840 1333 κυριότητι
861 1298 908 1324 καὶ

116 1344 219 1379 δουλείᾳ
235 1342 486 1379 χαρακτηρίζεται·
509 1343 555 1369 τοῦ
571 1343 620 1378 μὲν
635 1343 764 1370 ἁκτίστου
780 1343 846 1369 Θεοῦ
864 1343 908 1370 δε-

118 1389 261 1421 σπόζοντος
279 1391 307 1415 ἐν
323 1391 355 1424 τῇ
372 1389 516 1424 δυναστείᾳ
533 1389 614 1415 αὐτοῦ
632 1388 679 1415 τοῦ
695 1388 802 1420 αἰῶνος,
818 1388 909 1420 καθώς

116 1445 194 1472 φησιν
209 1437 223 1463 ὁ
237 1435 384 1471 Προφήτης
396 1443 403 1450 ’
425 1435 533 1462 πάντων
546 1435 573 1462 δὲ
587 1435 640 1461 τῶν
657 1436 685 1461 ὲν
700 1436 733 1470 τῇ
750 1434 836 1462 κτίσει
850 1435 910 1461 δου-

951 201 1058 230 sumpta
1075 199 1225 222 evanescit.
1243 194 1293 222 Hie
1308 199 1403 222 noster
1420 198 1461 221 est
1491 202 1591 222 sermo.
1619 194 1742 221 Accusa-

951 245 995 268 tor
1010 246 1100 268 autem
1113 241 1179 276 quid
1195 241 1252 268 ait?
1277 241 1339 268 Non
1369 241 1565 268 immutabilem
1593 245 1618 268 et
1639 241 1743 267 increa-

952 290 1008 312 tum
1035 286 1058 312 ei
1076 286 1121 320 qui
1133 293 1178 319 per
1193 287 1352 312 creationem
1370 286 1456 320 factus
1484 290 1533 319 est,
1559 290 1583 313 et
1614 284 1645 312 ob
1666 286 1692 312 id
1716 286 1744 312 in

952 331 1046 359 vitium
1066 336 1180 362 mutato,
1204 332 1349 358 admistum
1363 332 1497 359 θεοειδέα
1510 337 1535 359 et
1560 332 1645 366 ipsum
1669 340 1744 358 crea—

954 385 1007 406 tum
1014 380 1183 406 exsistcnlem
1192 379 1225 405 ad
1233 379 1282 405 sibi
1294 384 1434 413 cognatum
1445 385 1468 406 et
1481 379 1626 406 contribule
1634 380 1743 410 venisse,

954 433 1006 452 non
1021 433 1054 452 ea:
1070 425 1274 459 supereminenti
1291 429 1389 450 natura
1408 430 1514 459 propter
1540 425 1744 452 benevolentiam

953 473 980 500 in
996 481 1076 508 genus
1091 472 1236 498 humanum
1254 471 1436 504 humiliorem,
1448 470 1546 506 inquit,
1560 471 1672 498 subiisse
1694 479 1745 497 na—

955 523 1054 550 turam,
1071 517 1199 552 sedquod
1211 522 1282 549 erat,
1309 518 1358 543 hoc
1388 516 1500 550 factum.
1529 516 1596 543 Nam
1626 516 1744 551 generali

955 566 1148 601 appellatione,
1165 572 1250 591 unum
1273 563 1307 591 de
1320 563 1450 591 omnibus
1467 567 1509 590 est
1525 570 1619 590 eorum
1635 571 1696 598 qua:
1713 571 1744 590 ex

955 611 1042 639 nihilo
1066 611 1260 642 substiterunt,
1281 613 1416 637 creaturae
1431 616 1543 641 nomen,
1565 609 1612 636 scd
1627 609 1747 644 particu-

954 657 1027 683 lares
1038 663 1131 683 eorum
1143 663 1202 690 qua:
1217 656 1243 682 in
1259 659 1386 682 creatura
1394 654 1606 681 considerantur
1618 654 1748 681 differen-

955 702 1009 734 tize,
1033 702 1232 736 proprietatum
1249 700 1458 728 discriminibus
1476 700 1537 727 alite
1555 700 1589 726 ab
1605 700 1668 726 aliis
1690 700 1747 727 dis-

955 751 1080 782 crepant.
1095 747 1186 780 Quare
1201 746 1223 773 si
1240 751 1348 773 crcalus
1364 746 1472 781 quidem
1490 745 1544 778 ille,
1559 750 1667 772 creatus
1683 752 1749 772 vero

955 794 1044 824 homo.
1072 794 1131 828 ipse
1156 794 1182 820 in
1199 793 1321 828 seipsum
1351 798 1503 820 evacuatus
1532 795 1574 819 est
1597 791 1748 818 scentulum

957 841 1084 868 Eunomii
1098 848 1192 867 vocem
1205 849 1212 873 ;
1228 847 1277 867 nec
1290 839 1323 866 ad
1334 839 1436 866 humile
1448 847 1482 866 ex
1503 838 1748 874 superexcellente,

959 888 1007 916 sed
1025 895 1057 915 ex
1074 887 1159 915 simili
1187 886 1220 913 ad
1235 886 1259 912 id
1290 885 1361 920 quod
1380 885 1407 912 in
1436 885 1540 912 honore
1561 885 1666 919 aequale
1697 888 1748 916 est,

959 934 1080 966 transiit,
1096 937 1211 968 excepta
1225 932 1392 967 proprietate
1410 939 1470 966 quae
1483 935 1525 958 est
1538 930 1663 965 corporis
1679 929 1712 957 ad
1723 929 1750 956 id

960 979 1033 1014 quod
1049 969 1174 1014 corporis
1195 983 1237 1005 est
1255 985 1364 1011 expers.
1380 977 1408 1003 ln
1424 985 1504 1012 quem
1524 977 1606 1012 igitur
1619 977 1692 1011 justa
1704 976 1750 1010 ju-

959 1026 1110 1053 dicantium
1136 1025 1273 1054 sententia
1294 1024 1407 1056 feretur,
1439 1024 1480 1050 vel
1499 1023 1562 1058 quis
1586 1023 1750 1050 criminibus

959 1073 1013 1100 illis
1031 1071 1168 1099 obnoxius
1188 1069 1435 1106 pronuntiabilur?
1450 1070 1491 1096 An
1519 1070 1564 1097 ille
1588 1069 1634 1104 qui
1659 1077 1674 1096 a
1696 1068 1751 1096 Deo

959 1119 1084 1146 inereato
1095 1121 1217 1145 creatum
1235 1117 1341 1144 salvum
1359 1116 1462 1143 factum
1483 1123 1544 1143 esse
1558 1115 1636 1147 dicit,
1654 1122 1688 1142 an
1704 1115 1750 1150 qui

957 1166 1055 1194 salutis
1069 1169 1171 1192 nostra:
1189 1171 1302 1191 causam
1320 1166 1458 1190 creaturae
1484 1163 1628 1198 assignat?

992 1212 1044 1239 Sed
1072 1218 1126 1238 non
1143 1210 1291 1237 obscurum
1306 1212 1347 1237 est
1362 1209 1405 1245 pie
1416 1209 1591 1236 sentientium
1605 1209 1751 1243 judicium.

957 1258 1008 1292 Qui
1027 1258 1099 1287 enim
1115 1260 1211 1284 exacte
1223 1257 1275 1284 scit
1291 1256 1376 1284 creati
1396 1264 1458 1283 cum
1481 1256 1604 1283 increato
1625 1256 1753 1283 diﬁcren-

958 1305 1036 1336 tiam,
1055 1311 1172 1338 quorum
1194 1302 1382 1337 discrepantia
1396 1303 1583 1330 dominatione
1610 1308 1636 1330 et
1666 1302 1753 1330 servi-

963 1354 1020 1378 tute
1031 1353 1159 1381 notatur;
1182 1356 1245 1376 cum
1266 1348 1405 1376 increatus
1416 1348 1488 1376 Deus
1499 1347 1656 1376 dominetur
1668 1348 1695 1375 in
1709 1356 1756 1383 ρος

963 1402 1062 1426 testate
1077 1405 1125 1425 sua
1147 1397 1174 1424 in
1190 1396 1322 1424 saeculum
1338 1396 1441 1428 saeculi,
1459 1397 1531 1423 sicut
1548 1395 1585 1422 ait
1603 1395 1752 1429 Propheta:

963 1452 1060 1472 omnes
1074 1451 1139 1471 vero
1153 1447 1287 1471 creatura:
1309 1442 1441 1475 serviant,
1463 1442 1613 1470 secundum
1631 1441 1754 1476 ejusdem

116 1482 244 1519 λευόντων
269 1482 341 1509 κατὰ
365 1481 414 1517 τὴν
431 1480 478 1508 τοῦ
500 1481 582 1508 αὑτοῦ
604 1481 748 1518 Προφήτου
773 1481 873 1517 φωνὴν,
891 1481 908 1516 ἦ

964 1490 1102 1525 Prophetze
1111 1497 1215 1520 vocem,
1227 1496 1288 1524 quae
1301 1488 1353 1515 ait:
1367 1488 1463 1518 Omnia
1475 1488 1591 1515 serviunt
1606 1487 1652 1514 tibi
1663 1487 1755 1522 ιτς(ιυί

117 1538 205 1566 φησιν,
228 1530 272 1556 ὅτι
296 1530 333 1557 Τὰ
351 1530 513 1564 σύμπαντα
535 1529 632 1556 δοῦλα
652 1529 711 1556 σά’
729 1530 743 1556 ὀ
755 1529 841 1556 ταῦτα
856 1528 910 1555 τοί-

116 1586 160 1604 νυν
173 1577 204 1604 Bt‘
219 1576 380 1612 ἐπιμελείας
393 1577 562 1612 κατανοήσας
576 1577 626 1602 οὐκ
639 1577 732 1610 ἀγνοεῖ
744 1575 853 1608 πάντως
865 1576 909 1603 τὸν

116 1623 147 1650 ὲκ
161 1622 285 1654 δουλείας
304 1623 344 1654 εἰς
358 1621 479 1649 δουλείαν
495 1622 540 1649 τὸν
553 1622 693 1657 Μονογενῆ
710 1621 908 1657 μετοικίζοντα.

116 1670 146 1696 El
160 1669 214 1705 γὰρ
226 1669 347 1696 δουλεύει
368 1669 417 1704 μὲν
430 1670 446 1705 ἡ
461 1668 550 1700 κτίσις
565 1670 640 1696 πᾶσα
656 1669 726 1695 κατὰ
737 1670 781 1695 τὸν
793 1668 909 1700 Παῦλον,

118 1717 210 1752 κτιστὴ
225 1717 253 1743 δὲ
268 1717 329 1743 κατ’
349 1716 478 1751 Εὐνόμιον
495 1715 542 1742 τοῦ
559 1715 728 1750 Μονογενοῦς
741 1717 757 1750 ή
777 1717 865 1747 οὐσία,
880 1716 910 1743 οὺ

118 1763 254 1798 Δεςπότην
270 1762 474 1797 καταμιχθῆναι
485 1762 599 1795 δούλοις,
619 1762 687 1789 ἀλλὰ
700 1761 792 1788 δοῦλον
806 1763 834 1788 ὲν
852 1761 912 1788 δού-

118 1808 171 1840 λοις
188 1809 317 1843 γενέσθαι
337 1808 380 1835 διὰ
395 1807 448 1834 τῶν
465 1808 607 1844 δογμάτων
625 1809 650 1834 οἱ
665 1808 780 1835 ἐναντίοι
803 1808 912 1839 πάντως

119 1855 379 1887 κατασκευάζουσιν.
410 1855 489 1882 Ἀλλὰ
511 1855 564 1890 μὴν
582 1854 611 1881 τὸ
634 1854 686 1889 προ
706 1854 755 1888 τῆς
780 1854 808 1880 ἐν
831 1854 913 1890 σαρκὶ

120 1901 272 1936 παρουσίας
287 1902 317 1928 ὲν
331 1901 424 1927 δούλου
440 1902 530 1936 μορφῇ
547 1900 637 1934 λέγειν
656 1897 726 1926 εἶναι
739 1900 784 1926 τὸν
800 1900 911 1935 Κύριον,

120 1944 175 1972 ἶσόν
205 1948 266 1973 ἐστι
297 1946 336 1982 τῷ
365 1946 516 1973 διαϐάλλειν
540 1946 614 1981 ἡμᾶς
642 1945 679 1977 ὡς
706 1945 825 1980 μέλανας
851 1946 914 1977 τοὺς

121 1992 248 2028 ἀστέρας,
262 1993 311 2018 καὶ
327 1991 432 2026 ζοφώδη
447 1991 493 2018 τὸν
506 1991 591 2026 ἥλιον,
605 1990 652 2017 καὶ
668 1990 714 2016 τὸν
722 1989 835 2025 οὐρανὸν
850 1989 915 2024 χθα-

122 2038 214 2072 μαλὸν,
233 2038 282 2064 καὶ
304 2037 334 2064 τὸ
357 2037 429 2072 ὕδωρ
445 2036 538 2072 ξηρὸν,
562 2036 610 2062 καὶ
633 2035 722 2062 πάντα
739 2034 867 2069 λέγοντας
881 2035 915 2062 τὰ

119 2084 241 2111 τοιαῦτα.
274 2084 304 2110 '0
327 2084 382 2118 γὰρ
400 2083 450 2109 οὐκ
475 2082 505 2115 ἐξ
521 2078 558 2108 ὧν
574 2081 677 2116 ἀκήκοέ
699 2089 725 2107 τι
744 2081 917 2108 κατασκευά-

121 2129 185 2161 ζων,
203 2127 274 2155 ἀλλὰ
296 2128 356 2154 κατ’
373 2127 440 2153 ἰδίαν
455 2126 543 2167 ὁρμὴν
556 2128 587 2153 τὸ
607 2126 702 2153 δοκοῦν
724 2125 915 2158 ἀναπλάσσων,

965 1537 1023 1563 hate
1048 1536 1133 1571 igitur
1158 1535 1306 1570 diligenter
1334 1534 1537 1566 animadvertit,
1571 1542 1623 1560 non
1650 1533 1757 1568 ignorat

965 1583 1077 1611 omnino
1090 1591 1152 1609 eum
1170 1582 1217 1617 qui
1233 1580 1406 1616 Unigenitum
1420 1589 1451 1608 ex
1471 1581 1602 1608 servitute
1625 1580 1651 1606 in
1671 1579 1758 1607 servi-

965 1633 1050 1656 tutem
1068 1629 1185 1664 migrare
1206 1627 1280 1654 facit.
1296 1627 1324 1655 Si
1336 1627 1408 1654 enim
1422 1626 1511 1654 omnis
1522 1630 1647 1653 creatura
1660 1625 1755 1657 servit,

969 1680 997 1702 ut
1010 1675 1050 1702 ait:
1067 1674 1171 1701 Paulus
1182 1695 1188 1707 ,
1205 1677 1299 1701 creata
1316 1676 1358 1700 est
1370 1677 1460 1700 autem
1477 1671 1757 1707 Unigenitiesseulia,

967 1725 996 1748 ut
1010 1724 1104 1747 censet
1122 1719 1273 1746 Eunomius
1292 1727 1298 1745 :
1316 1726 1370 1745 non
1390 1717 1535 1744 Dominum
1554 1717 1641 1744 servis
1660 1717 1760 1751 permi-

967 1770 1052 1797 stum.
1071 1765 1118 1792 sed
1145 1772 1253 1792 servum
1283 1764 1354 1790 inter
1367 1770 1462 1790 servos
1494 1762 1595 1789 factum
1623 1770 1684 1790 esse
1702 1763 1760 1790 suis

967 1813 1086 1840 decretis
1107 1812 1220 1839 munitio
1240 1810 1392 1838 adversarii
1409 1813 1549 1836 astruunt.
1564 1809 1760 1836 Verumtamen

968 1863 1032 1886 ante
1046 1858 1194 1894 adventum
1214 1857 1242 1884 in
1259 1864 1341 1884 carne
1353 1857 1381 1883 in
1398 1856 1470 1883 servi
1485 1855 1573 1882 forma
1590 1863 1652 1882 esse
1667 1854 1760 1882 Domi-

969 1912 1033 1932 num
1045 1903 1189 1935 allirmare,
1207 1903 1319 1938 perinde
1327 1906 1368 1930 est
1382 1902 1443 1929 acsi
1454 1901 1690 1928 calumniarentur
1707 1909 1758 1928 nos

968 1952 1061 1980 dicere
1078 1951 1171 1985 nigras
1192 1950 1286 1978 stellas
1302 1954 1329 1977 et
1349 1949 1529 1985 caliginosum
1548 1948 1634 1976 solem
1651 1953 1679 1976 et
1705 1956 1762 1976 cce-

969 2000 1025 2027 lum
1042 1998 1075 2026 ad
1088 2001 1189 2025 terram
1201 1997 1374 2032 depressum,
1389 2001 1417 2024 et
1425 2004 1524 2031 aquam
1538 1996 1653 2028 siccam,
1667 1999 1694 2022 et
1703 2003 1763 2022 om-

970 2048 1014 2075 nia
1032 2053 1092 2081 quae
1109 2047 1177 2072 sunt
1198 2043 1336 2079 ejusmodi
1351 2053 1358 2071 :
1373 2044 1421 2079 qui
1436 2043 1510 2072 enim
1529 2050 1583 2070 non
1606 2050 1640 2070 ex
1659 2041 1763 2070 auditis

970 2090 1037 2127 quid
1051 2088 1162 2121 astruit,
1188 2088 1236 2116 sed
1253 2095 1302 2123 pro
1314 2095 1365 2115 suo
1386 2088 1506 2123 impulsu
1523 2087 1596 2123 quod
1611 2088 1663 2114 sibi
1687 2087 1763 2117 vide:

970 2139 1017 2162 tur
1031 2133 1121 2169 ﬁngit,
1136 2140 1226 2167 neque
1240 2135 1336 2166 parcat
1354 2136 1451 2160 contra
1468 2140 1519 2160 nos
1544 2131 1679 2167 ejusmodi
1706 2133 1764 2164 cri-

122 2175 188 2212 μηδὲ
199 2175 255 2202 τῶν
270 2174 398 2201 τοιούτων
411 2173 543 2209 φειδέσθω
557 2173 617 2200 καθ’
633 2173 711 2209 ἡμῶν
724 2173 906 2208 ὲγκλημάτων

971 2179 1046 2207 mina
1060 2177 1214 2205 intendere.
1232 2176 1306 2204 Nihil
1322 2177 1395 2204 enim
1411 2177 1528 2205 interest
1542 2181 1633 2205 utrum
1651 2185 1701 2212 pro
1720 2177 1766 2208 his

120 2219 192 2248 Ἴσον
219 2221 276 2256 γάρ
300 2221 374 2247 ὲστιν
403 2219 472 2255 ὑπὲρ
496 2227 528 2253 γε
556 2218 659 2245 τούτων
685 2219 758 2254 ἡμᾶς
780 2218 827 2245 καὶ
849 2217 919 2253 ὑπὲρ

122 2267 233 2293 ἐκείνων
252 2265 428 2297 εὐθύνεσῧαι,
440 2265 478 2300 τῷ
495 2266 577 2301 μηδὲν
594 2264 694 2292 τούτων
716 2265 765 2296 τὰς
784 2263 870 2299 ἀρχὰς
888 2265 920 2290 ὲκ

121 2313 174 2340 τῶν
191 2313 338 2348 ἡμετέρων
355 2311 437 2347 ἔχειν.
463 2311 492 2337 ⁴0
514 2311 567 2345 γὰρ
581 2312 609 2337 ὲν
625 2312 658 2346 τῇ
672 2310 719 2337 τοῦ
735 2310 842 2346 Harpe;
857 2309 920 2345 δόξῃ

121 2359 167 2386 τὸν
191 2359 321 2395 ἀληθινὴν
343 2358 407 2385 Υίὸν
429 2355 500 2384 εἶναι
527 2357 720 2394 διοριζόμενος,
746 2357 805 2387 πῶς
834 2357 867 2383 ἂν
892 2357 921 2382 ὲν

125 2408 215 2442 μορφῇ
242 2405 340 2432 δούλου
364 2405 413 2440 τὴν
435 2405 544 2432 αἰώνιον
567 2403 615 2438 τοῦ
639 2403 810 2438 Μονογενοῦς
842 2403 921 2436 δόξαν

124 2454 249 2489 ὐῆρίζοι;
280 2452 390 2487 Ἐπειδὴ
407 2452 496 2479 τοίνυν
512 2452 584 2479 δοκεῖ
600 2451 640 2486 τῷ
653 2451 817 2486 λογογράφῳ
830 2450 920 2485 λέγειν

123 2499 229 2531 κακῶς,
250 2498 391 2534 φροντίζει
413 2497 442 2526 δὲ
467 2497 513 2524 τοῦ
540 2497 627 2524 δοκεῖν
655 2495 848 2531 εὐπροσώπους
873 2495 921 2527 τὰς

124 2545 214 2576 (αἰτίας
240 2543 474 2575 κατασκευάζειν,
501 2543 578 2569 οὐδὲν
603 2541 728 2577 περιττὸν
752 2541 785 2569 ἂν
806 2543 848 2578 εἴη
874 2542 922 2569 καὶ

124 2591 264 2626 ἄχρηστον
279 2591 336 2622 τοῖς
351 2589 513 2621 ἀσυστάτοις
527 2588 581 2616 τῶν
598 2588 779 2624 ἐγκλημάτων
794 2587 924 2623 ἐναγωνί-

126 2635 231 2668 ζξσοαι.

163 2682 217 2708 Καὶ
243 2681 303 2717 γὰρ
329 2682 345 2716 ἡ
372 2680 473 2716 ἐφεξῆς
502 2681 653 2716 κατηγορία
681 2681 870 2716 παραπλήσιον
894 2681 923 2707 τὸ

129 2728 288 2764 τῖλράλογον
306 2726 361 2762 ἔχει
372 2735 379 2742 ·
395 2727 441 2753 δύο
457 2726 511 2762 γὰρ
531 2727 664 2761 Χριστοὺς
685 2728 731 2754 καὶ
745 2727 791 2753 δύο
806 2727 924 2762 Κυρίους

183 2819 206 2835 ιθ
229 2818 318 2846 Hebr.
338 2826 388 2851 xu,
406 2818 452 2849 29.
493 2819 512 2834 ”
537 2817 608 2846 Psal.
636 2826 730 2850 cwru,
753 2818 798 2846 9i.

969 2233 1003 2252 an
1018 2231 1068 2259 pro
1087 2223 1286 2258 illisjudicium
1300 2223 1458 2256 subeamus,
1488 2225 1553 2258 quia
1570 2224 1638 2251 nihil
1665 2224 1764 2253 borum

968 2279 1002 2298 ex
1028 2270 1138 2306 iisquae
1154 2271 1306 2298 asserimus
1338 2271 1504 2306 principium
1534 2271 1634 2299 habere
1664 2274 1762 2306 potest.

970 2315 1021 2348 Qui
1036 2316 1108 2343 enim
1126 2316 1153 2343 in
1169 2315 1258 2343 Patris
1277 2316 1363 2351 gloria
1377 2316 1586 2350 verumFilium
1603 2324 1664 2344 esse
1680 2317 1766 2344 deter-

971 2363 1068 2395 minat,
1083 2361 1223 2397 quomodo
1239 2363 1266 2390 in
1281 2363 1354 2390 servi
1371 2362 1458 2390 forma
1473 2367 1604 2391 aeternam
1626 2363 1765 2398 Unigeniti

971 2408 1089 2443 gloriam
1107 2407 1276 2435 contumelia
1301 2407 1440 2435 alliceret?
1456 2407 1590 2441 Quoniam
1613 2415 1678 2434 vero
1702 2408 1767 2434 huic

971 2453 1152 2489 scriptitatori
1182 2454 1273 2489 placet
1294 2454 1448 2482 maledictis
1473 2455 1630 2483 incessere:
1657 2454 1767 2491 ipsique

971 2505 1013 2529 est
1030 2508 1103 2528 cura:
1118 2504 1148 2527 ut
1163 2499 1290 2527 videatur
1304 2499 1465 2535 plausibiles
1479 2504 1507 2528 et
1524 2500 1663 2535 speciosas
1685 2507 1767 2526 accu-

973 2547 1093 2576 sationes
1121 2546 1278 2574 instruere:
1314 2553 1369 2573 non
1403 2552 1635 2580 supervacaneum
1670 2548 1697 2572 et
1726 2545 1774 2573 in-..

974 2593 1042 2620 utile
1058 2592 1151 2625 fuerit,
1178 2592 1341 2620 criminibus
1364 2592 1540 2621 instabilibus
1559 2597 1586 2621 et
1603 2591 1680 2619 falsis
1699 2591 1768 2619 resie

980 2643 1060 2667 stere.

1016 2684 1121 2713 Etenim
1142 2693 1261 2721 sequens
1281 2685 1419 2713 accusatio
1440 2684 1528 2712 simile
1551 2685 1700 2713 absurdum
1724 2684 1769 2711 ha—

981 2731 1025 2759 bet
1036 2739 1042 2765 ;
1057 2731 1126 2763 duos
1135 2732 1342 2760 enim‘Christos
1352 2735 1379 2760 et
1392 2732 1461 2760 duos
1475 2731 1605 2759 Dominos
1616 2731 1707 2760 dicere
1717 2738 1767 2762 nos
