1959 3075
223 148 275 174 703

822 144 850 172 S.
873 143 1036 172 GREGOBII
1056 144 1201 172 NYSSENI

1801 142 1851 169 τοι

223 205 404 238 insimulavit,
435 213 487 233 uou
504 213 537 232 cx
553 205 654 232 nostris
677 204 786 240 scriptis
805 204 1008 232 accusationem

1063 203 1150 238 λέγειν
1164 204 1236 239 ἡμᾶς
1250 203 1391 240 ᾐτιάσατο,
1404 204 1453 231 οὐκ
1468 204 1502 231 ἐκ
1512 204 1565 230 τῶν
1577 203 1718 239 ἡμετέρων
1731 202 1852 238 ἐλέγχειν

223 254 379 284 instituens.
408 253 453 281 sed
477 252 510 279 ad
536 252 680 279 arbitrium
702 260 749 288 pro
776 260 826 279 suo
851 253 913 287 jure
933 259 1010 278 men—

223 299 301 326 dacio
330 303 418 325 utens.
444 297 578 331 Quoniam
599 297 682 332 igitur
700 299 726 325 in
743 298 802 333 ejus
819 302 952 334 potestate
968 300 1010 325 est

223 343 354 379 quidquid
370 344 444 371 lubet
470 343 572 375 dicere,
602 352 652 371 cur
675 351 756 378 parce
774 347 800 371 et
822 344 916 371 stricte
932 352 1009 371 men-

222 390 298 419 titur.
316 390 385 416 duos
401 389 473 416 solos
490 389 615 417 Christos
633 398 647 416 a
660 389 740 417 nobis
755 390 846 417 induci
862 390 1011 418 aﬂirmans?

222 435 295 461 dicat
308 442 356 469 pro
368 442 418 462 suo
431 434 503 468 jure,
519 434 540 462 si
557 436 580 461 ei
594 434 710 466 videtur,
723 442 773 461 nos
784 435 876 462 decem
886 435 1009 462 Christos

223 488 357 511 asserere,
381 484 408 507 et
427 480 518 507 decies
534 481 657 512 totidem,
678 485 705 507 et
725 481 757 507 ad
777 481 849 507 mille
866 488 1008 508 numerum

222 526 365 561 producat,
394 530 423 552 ut
446 525 593 560 juvenilius
610 530 636 552 et
660 526 891 554 inconsideratius
907 526 1011 552 calum-

221 571 293 597 niam
327 571 524 605 apprehendat.
538 570 604 597 Nam
621 571 790 606 blasphemia
810 571 837 598 iu
864 571 971 599 duobus
984 575 1010 597 et

221 616 247 644 iu
268 617 392 653 pluribus
405 616 524 643 Chrislis
541 617 645 651 aequale
662 617 754 648 habet,
769 617 938 651 criminaque
956 624 1008 643 non

221 663 344 697 probata,
364 670 414 690 nec
434 662 622 689 demonstrata
647 663 776 690 similiter
797 663 911 697 azqualia
934 667 1009 690 sunt.

221 707 354 735 Ostendat
378 709 461 743 igitur
485 716 536 735 nos
561 716 721 736 asseverare
745 709 815 737 duos
836 708 967 736 Dominos
984 713 1010 736 et

221 755 291 781 duos
310 754 446 786 Christos,
473 759 501 781 ut
523 755 556 782 de
580 755 672 782 decies
696 755 770 782 mille
794 756 1010 790 reprehensione

221 800 293 826 facta
315 805 410 826 contra
437 808 486 827 nus
505 800 667 828 sententiam
692 800 770 828 ferat.
791 800 844 828 Sed
860 802 1010 829 cxnostris

222 845 333 879 scriptis
356 853 406 872 nos
430 845 592 872 convincere
611 845 761 872 contendit.
791 845 897 873 ltursus
917 853 978 880 quze
995 853 1010 872 a

222 891 356 925 magistro
370 891 442 918 dicta
459 895 522 918 sunt
533 891 722 926 dispiciamus,
738 898 786 926 per
801 899 861 926 qute
877 892 927 918 iste
943 899 1010 918 con-
1027 879 1047 906 Β

221 940 262 963 tra
289 944 338 963 nus
362 941 438 970 putat
463 937 578 964 crimina
606 937 754 963 intentare.
789 936 849 964 Non
874 937 1010 972 theologia:

221 982 326 1008 modum
352 983 426 1010 nobis
452 983 544 1014 tradit,
570 984 669 1018 inquit,
701 983 746 1010 sed
777 985 927 1011 oeconomia:
957 985 1011 1011 sive

220 1028 423 1061 dispensationis
445 1030 578 1061 rationes,
600 1031 645 1063 qui
671 1029 749 1062 dicit,
775 1030 844 1065 quod
868 1030 1010 1058 Dominum

220 1075 306 1108 ipsum
328 1079 353 1100 et
380 1074 514 1101 Christum
541 1075 602 1110 fecit
631 1075 699 1102 Deus
730 1075 798 1102 hunc
820 1075 921 1103 Filium
934 1085 1009 1112 quem

222 1129 266 1148 eos
288 1121 461 1155 cruci/incisus
481 1130 490 1148 :
511 1130 570 1148 voce
598 1121 807 1149 demonstrativa
833 1123 868 1150 ad
890 1123 916 1149 id
940 1123 1010 1158 quod

223 1166 366 1192 humanum
389 1171 427 1193 est
440 1171 463 1193 ct
482 1166 550 1201 quod
569 1167 685 1194 cernitur
703 1167 823 1194 onlnibus
846 1167 1008 1195 incumbens.

224 1211 285 1238 lltcc
302 1211 385 1246 igitur
396 1214 459 1238 sunt
474 1212 587 1246 scripta.
604 1211 636 1238 lli
654 1219 720 1238 vero
739 1211 792 1239 duo
807 1211 920 1243 Christi,
938 1212 1009 1238 unde

221 1257 255 1282 ab
279 1255 411 1283 Eunomio
437 1263 485 1291 per
501 1256 527 1283 id
545 1256 617 1291 quod
633 1256 737 1283 dictum
753 1261 795 1284 est
812 1256 911 1284 intrusi
926 1255 1008 1284 sunt?

222 1305 312 1329 ηιι-ιιιιι
334 1301 427 1329 dicere
442 1302 687 1330 demonstrativam
702 1310 812 1334 vocem,
836 1303 869 1330 ad
895 1302 921 1330 id
936 1303 1009 1337 quod

221 1351 332 1381 apparet
347 1348 504 1376 incumbere
515 1367 522 1379 ,
550 1348 602 1375 hoc
616 1348 734 1375 duorum
754 1348 926 1376 Christorum
944 1357 1010 1376 con-

221 1393 372 1420 stitulionis
384 1397 487 1419 certam
499 1392 581 1419 habet
593 1393 801 1427 probationem?
813 1394 897 1428 Igitur
910 1401 1010 1428 negare

221 1439 297 1465 decet
312 1443 338 1465 et
355 1438 417 1470 hoc,
441 1446 540 1473 nempe
562 1439 796 1473 superexaltatum
811 1446 872 1466 esse
894 1439 929 1466 ab
950 1439 1010 1473 ipso

221 1489 281 1518 post
309 1484 464 1519 passionem
480 1483 636 1516 Dominum,
655 1492 689 1511 ne
709 1485 779 1511 duos
801 1483 955 1511 Altissimos
968 1485 1010 1511 di-

222 1537 284 1557 cere
310 1537 483 1557 accuscmur.
513 1528 653 1564 Siquidem
666 1529 823 1558 Altissimus
838 1531 947 1565 quidem
962 1531 1010 1566 qui

223 1575 250 1602 in
272 1575 408 1610 principio
423 1580 465 1602 est
490 1575 608 1602 Verbum
625 1575 707 1608 Deus,
725 1577 944 1611 superexaltatus
959 1584 1010 1603 au-

221 1623 276 1647 tem
302 1624 363 1655 post
386 1621 543 1655 passionem
568 1622 615 1655 qui
641 1628 675 1647 ex
703 1621 818 1648 mortuis
851 1622 1009 1654 resurrexit,

223 1665 294 1692 sicut
321 1666 359 1692 ait
384 1667 544 1700 Apostolus.
574 1666 595 1693 Ε
623 1666 732 1694 duobus
757 1667 829 1694 enim
856 1669 1011 1695 necessario

223 1712 338 1739 alterum
355 1713 508 1747 eligendum
524 1717 576 1746 est,
592 1713 634 1741 vel
648 1713 764 1741 dicendo
780 1714 1010 1749 superexaltatum

223 1765 285 1785 esse
302 1762 362 1792 post
376 1759 544 1793 passionem,
560 1759 633 1794 quod
646 1760 756 1794 quidem
772 1760 877 1794 aequale
891 1763 933 1787 est
948 1760 1012 1787 huic

225 1803 383 1837 assertioni,
405 1804 550 1832 Dominum
571 1805 671 1833 factum
683 1813 745 1833 esse
759 1809 786 1832 et
797 1806 947 1837 Christum,
962 1806 1012 1833 im-

224 1850 332 1883 pietatis
358 1851 428 1885 apud
461 1851 623 1878 Eunomium
650 1859 725 1879 reum
749 1852 852 1882 vocari,
869 1852 910 1878 vel
926 1859 1011 1878 accu-

223 1895 355 1923 sationem
375 1897 537 1924 declinando
550 1897 665 1924 inliciari
688 1897 894 1925 confessionem
913 1905 1012 1932 super-

223 1942 399 1969 exaltationis
417 1943 478 1977 ejus
503 1944 548 1978 qui
570 1951 677 1978 ,passus
696 1950 747 1971 est.

263 1988 316 2016 Sed
333 1988 366 2016 ad
378 1989 435 2016 haec
455 1997 552 2017 rursus
560 1993 666 2024 oportet
674 1991 845 2017 accusatoris
859 1998 1013 2018 sermonem

227 2039 328 2062 nostra:
353 2044 442 2063 causae
467 2036 595 2064 dictionis
625 2037 807 2070 patrocinium
832 2038 1012 2073 praestituere.

226 2082 291 2114 (μευ
314 2082 406 2116 itaque
434 2086 499 2109 sunt
523 2082 558 2109 ab
583 2082 630 2109 illo
655 2083 741 2117 posita
765 2083 798 2110 ad
823 2083 936 2111 verbum
968 2091 1012 2111 re-

226 2127 383 2159 citabimus,
410 2135 458 2162 per
481 2135 542 2162 qum
557 2132 652 2155 noster
667 2136 757 2156 sermo
777 2130 965 2162 constituitur,
980 2130 1014 2157 ad

227 2174 299 2201 hunc
321 2174 560 2202 moduszealus
583 2173 712 2207 Joannes,
729 2175 828 2209 inquit,
847 2175 928 2203 Deum
952 2176 1014 2203 Ver-

1060 250 1109 285 τὴν
1124 249 1211 276 αἰτίαν
1224 249 1304 285 ἔχων,
1321 249 1388 276 ἀλλὰ
1402 249 1470 286 πρὸς
1488 249 1518 276 τὸ
1534 249 1628 276 δοκοῦν
1648 249 1708 275 κατ’
1729 248 1851 280 ἐξουσίαν

1061 296 1099 331 τῷ
1116 295 1207 330 ψεύδει
1222 295 1370 332 χρώμενος.
1395 297 1471 322 Ἐπεὶ
1488 294 1533 323 οὖν
1547 296 1589 322 ἐπ’
1606 296 1678 331 αὐτῷ
1690 296 1808 321 ποιεῖται
1822 294 1852 322 τὸ

1060 342 1149 376 λέγειν
1165 342 1183 369 ἃ
1201 342 1340 377 βούλεται,
1359 342 1384 368 τί
1407 342 1575 377 μικρολόγως
1595 343 1671 376 φέρει
1695 340 1725 366 τὸ
1743 339 1851 375 ψεῦδος,

1060 388 1106 415 δύο
1117 387 1212 423 μόνους
1226 389 1359 423 Χριστοὺς
1372 387 1497 422 λέγεσθαι
1511 388 1574 422 παρ’
1589 387 1666 422 ἡμῶν
1682 386 1851 413 κατασκευά-

1061 433 1240 468 ζωνςὶεγέτω
1261 435 1321 460 κατ’
1341 433 1475 466 ἐξουσίαν,
1491 434 1516 460 εἰ
1528 433 1618 464 δοκεῖ,
1634 433 1680 458 καὶ
1701 432 1767 458 δέκα
1785 432 1859 471 Χρι-Δ

1062 480 1140 511 etab;
1154 480 1315 516 πρεσὸεύειν
1338 481 1423 515 ἡμᾶς,
1439 480 1486 506 καὶ
1500 479 1610 510 δεκάκις
1622 479 1764 510 τοσούτους
1776 499 1783 510 ,
1808 480 1853 505 καὶ

1061 527 1100 558 εἰς
1113 527 1214 561 χιλίους
1236 526 1280 553 τὸν
1300 526 1415 562 ἀριθμὸν
1429 526 1582 558 ἐκτεινέτω,
1594 526 1632 557 ὡς
1645 525 1677 552 ἂν
1692 526 1852 553 νεανικώτε-

1063 581 1108 607 ρον
1139 573 1187 608 τῆς
1224 573 1404 606 συκοφαντίας
1430 572 1664 607 ἀντιλαμϐάνοιτο.
1688 573 1724 599 Ἥ
1747 581 1777 598 τε
1800 572 1852 609 γὰρ

1063 619 1220 654 βλασφημία
1231 639 1238 651 ,
1257 618 1304 645 καὶ
1323 618 1369 645 ἐπὶ
1384 618 1430 644 δύο
1447 617 1494 645 καὶ
1514 618 1559 644 ὲπὶ
1576 618 1704 644 πλειόνων
1728 618 1852 654 Χριστῶν

1061 664 1090 691 τὸ
1105 661 1163 690 ἴσον
1178 663 1245 698 ἔχει,
1264 664 1310 690 καὶ
1329 664 1359 690 τὸ
1382 664 1574 690 ἀναπόδεικτον
1591 664 1645 690 τῶν
1672 663 1854 698 ἐγκλημάτων

1061 709 1191 741 ὡσαύτως
1202 707 1262 736 ἶσόν
1277 710 1344 736 ἐστι,
1362 709 1457 742 Δείξας
1468 709 1558 736 τοίνυν
1576 710 1607 736 τὸ
1621 709 1667 736 δύο
1679 709 1769 743 λέγειν
1782 710 1854 744 ἡμᾶς

1061 755 1180 791 Κυρίους
1208 756 1255 782 καὶ
1284 756 1331 782 δύο
1359 756 1504 792 Χριστοὺς,
1521 756 1559 788 ὡς
1582 756 1646 792 περὶ
1675 756 1780 792 μυρίων
1810 755 1853 782 τὸν

1061 801 1169 836 ἔλεγχον
1189 802 1387 837 ποιησάμενος,
1401 802 1450 837 τὴν
1467 801 1527 828 καθ’
1549 802 1627 837 ἡμῶν
1641 801 1730 837 ψῆφον
1756 802 1850 836 ἐχέτω.

1067 847 1136 874 Ἀλλ“
1153 848 1183 873 ἐκ
1195 847 1249 874 τῶν
1260 847 1401 882 ἡμετέρων
1418 847 1491 882 ἡμᾶς
1505 847 1653 882 διελέγχειν
1673 848 1750 883 φησι.
1770 846 1852 873 Πάλιν

1061 892 1114 927 γὰρ
1135 892 1168 919 τὰ
1191 892 1321 928 εἰρημένα
1342 892 1379 927 τῷ
1398 893 1550 928 διδασκάλῳ
1567 893 1778 928 διασκεψώμεθα
1789 913 1802 925 ,,
1820 893 1851 919 δι’

1061 936 1098 966 ὧν
1109 935 1185 970 οὗτος
1197 939 1282 965 οῐεται
1301 940 1384 966 κινεῖν
1399 938 1459 964 καθ’
1477 939 1555 974 ἡμῶν
1572 938 1605 964 τὰ
1623 939 1795 974 ἐγκλήματα.
1812 940 1851 966 οὐ

1062 986 1216 1019 θεολογίας
1235 984 1307 1020 ἡμῖν
1321 984 1505 1018 παραδίδωσι
1520 985 1754 1019 τρόπον,.φησὶν,
1775 984 1851 1011 ἀλλά

1061 1031 1132 1065 τοὺς
1146 1031 1200 1066 τῆς
1215 1031 1387 1065 οἰκονομίας
1404 1032 1524 1066 λόγους,
1540 1033 1556 1058 ό
1571 1032 1669 1066 λέγων
1682 1031 1726 1058 ὅτι
1745 1032 1852 1064 Κύριον

1061 1076 1155 1103 αὐτὸν
1172 1076 1220 1103 καὶ
1237 1076 1365 1110 Χριστὸν
1379 1075 1524 1109 ἐποίησεν
1540 1077 1557 1102 ὁ
1577 1077 1663 1109 Θεὸς,
1675 1075 1785 1102 τοῦτον
1802 1076 1851 1102 τὸν

1061 1123 1129 1150 Υίὸν
1149 1123 1184 1149 ὃν
1206 1122 1291 1157 ὑμεῖς
1309 1123 1536 1157 ὲσταιψὼσατε,
1563 1121 1599 1156 τῇ
1615 1121 1750 1156 δεικτικῇ
1768 1121 1850 1157 φωνῇ

1061 1170 1136 1204 πρὸς
1146 1170 1178 1196 τὸ
1188 1170 1376 1204 ἀνθρώπινον
1388 1169 1481 1196 αὐτοῦ
1493 1168 1541 1196 καὶ
1552 1169 1746 1203 ,βλεπόμενον
1759 1168 1850 1196 πᾶσιν

1060 1217 1296 1251 ἐπερειδόμενος.
1316 1217 1356 1243 Τὰ
1376 1217 1425 1252 μὲν
1440 1214 1486 1243 οὖν
1506 1215 1684 1251 γεγραμμένα
1702 1215 1791 1242 ταῦτα
1803 1223 1810 1230 '
1828 1216 1850 1241 οἱ

1060 1263 1088 1290 δὲ
1105 1263 1150 1289 δύο
1161 1264 1273 1299 Χριστοὶ
1293 1263 1374 1291 πόθεν
1391 1263 1466 1298 παρὰ
1483 1263 1528 1290 τοῦ
1544 1262 1676 1297 Εὖνομίου
1691 1261 1734 1288 δνὰ
1756 1261 1803 1287 τοῦ
1816 1263 1850 1287 είν

1062 1309 1180 1344 ρημένου
1209 1309 1455 1344 είσεκυκλήθησανς
1484 1307 1558 1344 ’Λρα
1584 1309 1614 1334 τὸ
1637 1308 1686 1343 τὴν
1716 1308 1851 1343 δεικτικὴ-ί

1062 1354 1154 1390 φωνὴν
1166 1355 1234 1390 πρὸς
1248 1355 1278 1381 τὸ
1290 1355 1450 1390 φαινόμενον
1463 1355 1550 1382 εἰπεῖν
1562 1354 1750 1389 ὲπερείδεσοαι
1759 1374 1766 1385 ,
1777 1354 1852 1380 τοῦτο

1060 1400 1110 1435 τῆς
1121 1400 1175 1427 τῶν
1190 1400 1236 1426 δύο
1246 1400 1370 1435 Χριστῶν
1387 1400 1559 1435 κατασκευῆς
1571 1400 1619 1436 τὴν
1632 1399 1768 1432 ἀπόδειξιν
1783 1400 1850 1435 Exn;

1062 1446 1167 1472 Οὐκοῦν
1187 1446 1326 1480 ἀρνεῖσθαι
1352 1447 1503 1482 προσήκει,
1527 1447 1574 1472 καὶ
1593 1445 1623 1472 τὸ
1643 1446 1850 1481 ὑπερυιζωθῆνιυ

1062 1492 1127 1527 παρ’
1143 1491 1225 1518 αὑτοῦ
1242 1492 1310 1527 μετὰ
1324 1492 1354 1518 τὸ
1367 1491 1452 1524 πάθος
1467 1491 1512 1518 τὸν
1534 1491 1644 1527 Κύριον,
1655 1491 1692 1522 ὡς
1707 1491 1740 1517 ἂν
1756 1492 1793 1526 μὴ
1809 1490 1852 1518 καῖ

1024 1545 1045 1574 ς
1062 1537 1108 1565 δύο
1120 1535 1359 1571 ’Υψίστουςλὲγειν
1370 1535 1795 1572 αἰτιαθείημεν·εἴπερἼᾋις-ὲος
1807 1535 1852 1570 μὲν

1062 1584 1076 1610 ὁ
1089 1583 1118 1610 ἐν
1131 1583 1203 1618 ἀρχῇ
1223 1582 1261 1611 ὢν
1279 1582 1364 1617 Λόγος
1376 1582 1452 1615 Θεὸς,
1468 1582 1680 1618 ὑπερύψωθῆναι
1701 1581 1729 1607 δὲ
1746 1581 1815 1616 μετὰ
1826 1582 1853 1608 τὺ

1063 1628 1148 1660 πάθος
1163 1629 1177 1654 ὁ
1191 1629 1223 1654 ἐκ
1235 1629 1340 1663 νεκρῶν
1354 1629 1483 1661 ἀναστὰς,
1496 1629 1588 1660 καθώς
1599 1637 1680 1663 φησιν
1693 1629 1708 1654 ὁ
1725 1629 1852 1654 Ἀπόστο-

1062 1674 1116 1706 λος.
1133 1674 1194 1700 Τῶν
1214 1674 1261 1701 δύο
1280 1675 1334 1710 γὰρ
1349 1674 1423 1701 ἔστιν
1442 1674 1472 1707 ἐξ
1490 1674 1613 1709 ἀνάγκης
1628 1674 1735 1700 ἑλέσθαι
1752 1674 1782 1700 τὸ
1797 1674 1852 1700 ’ἐτε-

1063 1729 1119 1756 ρον,
1141 1721 1157 1756 ἢ
1181 1721 1308 1754 λέγοντας
1325 1721 1518 1757 ὑπερυψῶσθαι
1539 1721 1607 1756 μετὰ
1621 1720 1651 1746 τὸ
1668 1720 1769 1752 πάθος,
1788 1721 1853 1755 ὅπερ

1062 1763 1121 1792 ἴσον
1133 1765 1172 1800 τῷ
1188 1766 1289 1802 Κύριον
1300 1767 1442 1801 γενόμενον
1453 1766 1499 1793 καὶ
1507 1765 1633 1802 Χριστὸν,
1643 1765 1770 1797 ἀσεϐείας
1783 1765 1854 1800 παρὰ

1063 1811 1101 1846 τῷ
1116 1812 1241 1849 Εὑνομίῳ
1262 1812 1354 1847 φέρειν
1377 1811 1496 1848 γραιρὴν,
1513 1812 1530 1846 ἦ
1550 1811 1600 1846 τὴν
1622 1810 1792 1846 κατηγορίαν
1811 1811 1854 1836 ὲκ-

1064 1857 1214 1888 κλίνοντας,
1230 1857 1369 1892 ἀρνεῖσθαι
1383 1858 1432 1893 τὴν
1443 1857 1588 1892 ὁμολογίαν
1601 1856 1649 1893 τῆς
1664 1855 1711 1882 τοῦ
1725 1855 1854 1887 παθόντος

1065 1903 1114 1929 om
1119 1903 1276 1938 ρυψώσεως.

1107 1990 1186 2018 Ἀλλά
1201 1991 1254 2026 χρὴ
1274 1991 1341 2026 πρὸς
1365 1990 1450 2017 ταῦτα
1467 1990 1548 2017 πάλιν
1566 1990 1612 2016 τὸν
1633 1988 1680 2016 τοῦ
1701 1989 1854 2024 κατηγόρου

1064 2038 1143 2072 λόγον
1166 2038 1314 2073 συνήγορον
1338 2037 1388 2072 τῆς
1412 2036 1549 2072 ἡμετέρας
1569 2035 1717 2069 ἀπολογίας
1739 2035 1856 2070 προστή-

1066 2082 1174 2109 σασθαι.
1193 2082 1297 2109 Οὐκοῦν
1311 2081 1428 2117 ἐροῦμεν
1449 2082 1494 2108 ἐπὶ
1510 2081 1608 2113 λέξεως
1622 2081 1656 2108 τὰ
1671 2082 1735 2116 παρ’
1752 2082 1853 2107 ἐκείνου

1065 2128 1185 2160 τεθέντα,
1207 2128 1240 2154 δι’
1263 2124 1300 2154 ὧν
1324 2127 1457 2163 ἡμέτερος
1478 2126 1634 2156 συνίσταται
1651 2127 1740 2160 λόγος,
1766 2127 1854 2153 τοῦτον

1065 2174 1111 2201 τδν
1120 2174 1219 2209 τρόπον
1231 2181 1238 2188 ·
1249 2174 1276 2200 '0
1284 2173 1440 2208 μακάριος,
1454 2174 1546 2208 φησὶν,
1561 2173 1705 2206 Ἰωάννης
1719 2172 1773 2198 τὸν
1786 2172 1856 2199 Θεὸν

227 2221 287 2246 bum
306 2228 352 2252 per
372 2228 448 2254 quem
469 2220 558 2246 omnia
577 2219 649 2253 facta
672 2225 744 2253 sunt,
766 2221 793 2246 in
816 2229 896 2247 carne
912 2221 1010 2255 factum

1067 2222 1173 2256 Λόγον,
1189 2220 1226 2247 δι’
1244 2218 1279 2248 οὗ
1295 2220 1331 2247 τὰ
1347 2220 1445 2248 πάντα
1462 2220 1594 2255 γέγονεν,
1613 2219 1648 2246 ἐν
1667 2219 1761 2253 σαρκὶ
1777 2227 1854 2254 γεγε‹

227 2275 282 2294 esse
300 2267 385 2297 docet,
403 2266 465 2292 dum
491 2266 556 2291 dicit
579 2273 611 2292 τι
639 2265 672 2291 Et
695 2265 808 2292 Verbum
832 2275 895 2293 caro
913 2266 1013 2301 factum

227 2318 265 2339 est
277 2313 307 2337 ³⁸.
321 2322 330 2338 ι
344 2312 384 2338 An
397 2311 550 2346 intelligens
563 2318 623 2345 quae
637 2311 741 2343 scribit,
758 2311 816 2339 haec
830 2312 947 2339 orationi
960 2320 1016 2340 sum

228 2358 338 2393 adjicit?
361 2357 493 2392 Equidem
510 2365 563 2384 non
578 2357 700 2384 arbitror
715 2358 804 2392 ipsum
830 2359 902 2386 scire
916 2359 1014 2386 horum

228 2404 372 2432 verborum
391 2402 564 2430 sententiam.
589 2402 654 2429 Nam
681 2403 705 2430 si
723 2404 784 2439 quis
806 2409 935 2432 accurate
955 2413 1016 2440 quae

227 2450 358 2476 dicuntur
385 2448 584 2478 consideraret,
613 2448 714 2475 nullam
741 2449 766 2475 in
795 2449 838 2477 bis
863 2453 890 2477 et
912 2458 973 2485 qua:
997 2457 1013 2477 a

229 2494 318 2527 nobis,
339 2498 366 2521 et
383 2501 442 2528 quae
457 2494 491 2520 ab
506 2493 552 2520 illo
565 2492 707 2525 dicuntur,
725 2494 796 2522 inter
813 2502 843 2522 se
855 2502 1011 2531 repugnan-

229 2541 293 2567 tiam
307 2540 450 2567 inveniret.
466 2539 522 2566 Nos
534 2539 605 2566 enim
619 2547 650 2567 ea
665 2541 746 2568 etiam
759 2549 819 2576 qua:
837 2549 886 2576 per
902 2549 1013 2570 carnem

227 2585 385 2619 dispensata
407 2588 471 2612 sunt
498 2585 612 2612 seorsim
638 2590 806 2620 spectamus,
834 2591 861 2614 et
891 2587 1011 2614 divinam

228 2632 356 2658 Virtutem
386 2631 413 2657 in
435 2630 524 2664 seipsa
546 2631 734 2667 intelligimus.
755 2631 803 2660 Ille
827 2633 963 2667 similiter,
983 2637 1012 2660 ut

230 2685 288 2708 nos,
309 2684 371 2704 cum
393 2676 440 2711 qui
465 2677 490 2703 iu
507 2677 643 2712 principio
665 2681 724 2705 erat
745 2677 864 2705 Verbum
881 2678 908 2705 in
928 2687 1012 2707 carne

229 2723 428 2750 manifestatum
455 2731 517 2750 esse
541 2723 619 2756 dicit,
646 2731 734 2758 neque
763 2723 833 2751 alius
864 2725 1011 2760 quisquam

229 2768 328 2802 ipsum,
355 2776 442 2803 neque
461 2769 520 2804 ipse
539 2768 660 2803 seipsum
679 2775 800 2804 unquam
816 2770 967 2802 accusavit,
982 2775 1013 2798 nt

284 2856 305 2875 "
321 2856 400 2889 Joati.
424 2865 442 2890 ι,
466 2857 508 2886 Μ.

1063 2266 1173 2301 νῆσθαι
1186 2266 1321 2293 διδάσκει
1332 2266 1446 2302 λέγων’
1461 2275 1471 2292 ι
1485 2266 1540 2293 Καὶ
1559 2267 1575 2292 ὀ
1596 2266 1691 2300 Λόγος
1705 2264 1786 2299 σὰρξ
1799 2265 1856 2299 ἐγέ-

1063 2321 1142 2340 νετο.
1157 2322 1166 2338 ι
1183 2310 1256 2349 τΔρα
1276 2312 1378 2344 συνιεὶς
1399 2311 1417 2339 ἃ
1431 2312 1542 2347 γράφει,
1559 2311 1646 2338 ταῦτα
1659 2310 1698 2346 τῷ
1713 2311 1772 2346 ἰδίῳ
1789 2311 1856 2345 λόγῳ

1065 2359 1256 2394 προστίθησιν;
1278 2358 1348 2393 Ἐγὼ
1367 2359 1416 2394 μὲν
1430 2359 1480 2385 οὐκ
1496 2356 1572 2393 οἶμαι
1585 2358 1630 2385 τὸν
1647 2358 1730 2386 αὑτὸν
1746 2358 1793 2385 καὶ
1810 2358 1856 2392 τὴν

1065 2403 1168 2430 τούτων
1185 2404 1285 2431 εἰδέναι
1299 2403 1426 2434 διάνοιαν,
1447 2403 1493 2430 καὶ
1509 2403 1576 2439 πρὸς
1592 2403 1638 2429 τὸν
1654 2403 1791 2438 ἡμέτερον
1805 2402 1856 2428 δια-

1068 2448 1202 2485 μάχεσθαι
1216 2448 1304 2482 λόγον.
1316 2448 1348 2474 Εἰ
1366 2447 1420 2482 γάρ
1432 2455 1474 2478 τις
1488 2446 1610 2482 ἀκριϐῶς
1628 2444 1807 2480 ἐπισκέψαιτο
1824 2445 1856 2470 τε

1065 2494 1216 2529 λεγόμενα,
1233 2493 1360 2528 οὐδεμίαν
1378 2493 1407 2519 ἐν
1423 2492 1528 2523 τούτοις
1542 2492 1654 2526 εὑρήσει
1671 2491 1741 2526 πρὸς
1759 2490 1855 2524 ἄλληλα

1065 2540 1120 2568 τῶν
1136 2549 1166 2567 τε
1183 2541 1247 2575 παρ’
1262 2539 1340 2574 ἡμῶν
1355 2539 1402 2566 καὶ
1417 2539 1472 2565 τῶν
1489 2538 1554 2573 παρ’
1570 2538 1674 2564 ἐκείνου
1706 2536 1855 2572 λεγομένων

1065 2586 1114 2620 τὴν
1131 2586 1230 2621 μάχην.
1249 2585 1345 2620 Ἡμεῖς
1358 2593 1387 2611 τε
1402 2585 1456 2619 γὰρ
1475 2585 1521 2610 καὶ
1534 2584 1568 2610 τὰ
1581 2583 1626 2610 διὰ
1645 2583 1747 2617 σαρκὸς
1761 2583 1855 2609 οἰκονο-

1068 2631 1188 2667 μηθέντα
1209 2632 1270 2658 κατ’
1287 2631 1355 2657 ίδίαν
1375 2631 1493 2666 ὁρῶμεν,
1515 2630 1563 2657 καὶ
1576 2629 1625 2664 τὴν
1648 2629 1724 2656 θείαν
1745 2628 1855 2662 δύναμιν

1066 2678 1108 2711 ἐφ’
1128 2677 1228 2712 ἑαυτῆς
1247 2676 1378 2712 νοοῦμεν
1398 2676 1500 2707 ὲκεῖνός
1520 2685 1550 2702 τε
1573 2675 1771 2710 παραπλησίως
1793 2675 1854 2709 ἡμῖν

1067 2724 1111 2750 τὸν
1127 2724 1156 2750 ὲν
1168 2724 1238 2759 ἀρχῇ
1250 2723 1335 2757 Λόγον
1351 2724 1379 2750 ἐν
1392 2723 1473 2759 σαρκὶ
1489 2721 1698 2758 πεφανερῶσθαι
1710 2721 1793 2756 λέγει,
1809 2721 1852 2747 καὶ

1067 2771 1128 2798 οὔτε
1149 2770 1227 2802 ἄλλος
1250 2779 1292 2802 τις
1318 2769 1409 2803 αὑτὸν,
1431 2770 1493 2796 οὔτε
1517 2769 1598 2801 αὐτὸς
1617 2769 1713 2796 ἑαυτὸν
1728 2767 1853 2804 ᾐτιάσατο
