1959 3075
114 95 156 126 7οἓ

658 89 803 122 CONTRA
818 90 1012 128 EUNONHUM,
1035 94 1098 121 LIB.
1122 90 1152 122 Υ.

1672 92 1722 125 706

114 156 218 184 πώποτε,
236 152 272 184 ὡς
287 151 333 178 δύο
348 151 450 186 Λόγους
465 151 646 188 κηρύσσοντα,
664 154 708 180 τόν
722 163 752 180 τε
769 155 797 180 ὲν
814 155 884 190 ἀρχῇ

943 154 991 181 ]ιιυ
1004 154 1089 181 Verba
1105 154 1307 189 praedicantem,
1325 157 1352 181 et
1367 152 1441 189 quod
1459 154 1485 181 in
1499 154 1637 191 principio
1652 161 1722 189 erat,

113 203 177 231 ὂντα,
190 198 233 226 καὶ
247 197 293 224 τὸν
311 197 399 232 σάρκα
411 197 564 233 γενόμενον.
577 196 636 225 Οἵδε
653 199 706 235 γὰρ
721 199 828 231 πάντως
844 200 884 226 ὅτι

112 249 123 274 ὁ
134 247 175 282 μὲν
187 244 267 277 Λόγος
280 245 294 270 ὁ
308 244 388 275 αύτός
403 244 460 270 ἐστι
473 243 511 278 τῷ
527 245 614 279 Λόγῳ,
627 246 640 271 ὁ
656 246 684 270 ὲν
699 245 780 279 σαρκὶ
792 245 884 278 φανεὶς

112 293 144 328 τῷ
158 290 218 326 πρὸς
228 289 293 316 Θεὸν
303 289 370 317 ὄντι.
386 290 417 316 Ἡ
427 290 455 316 δὲ
471 289 538 325 σὰρξ
548 291 623 326 ούχὴ
636 292 704 326 αὑτὴ
715 293 747 327 τῇ
761 292 865 326 θεότητι
877 300 883 307 ·

112 339 167 373 πρὶν
183 336 391 372 μεταποιηθῆναι
413 336 459 363 καὶ
479 336 581 372 ταύτην
600 337 667 371 πρὸς
686 337 735 372 τὴν
760 338 883 373 θεότητςι,

111 385 143 415 ὡς
157 382 182 415 ἐξ
196 381 316 416 ἀνάγκης
337 381 403 408 ἄλλα
424 381 473 416 μὲν
487 382 652 417 ἐφαρμόζειν
666 382 704 418 τῷ
720 383 779 418 Θεῷ
793 384 883 419 Λόγῳ,

111 430 181 464 ἔτερα
193 427 220 454 δὲ
241 428 273 462 τῇ
291 427 338 453 τοῦ
361 427 454 453 δούλου
475 429 577 462 μορφῇ.
596 428 625 454 Et
647 426 693 454 οὖν
713 429 815 460 ἐκεῖνος
835 429 885 455 οὐκ

111 473 209 509 ἐγκαλεῖ
219 472 291 507 αὐτῷ
306 471 350 498 διὰ
365 473 414 507 τῆς
428 472 555 508 τοιαύτης
573 473 716 508 ὁμολογίας
730 474 784 500 τῶν
792 474 885 508 Λόγων

111 521 192 552 δυάδα,
215 519 272 550 πῶς
294 519 374 554 ἡμεῖς
402 518 469 554 πρὸς
491 518 537 545 δύο
563 519 697 554 Χριστοὺς
720 520 885 555 διαμερίζειν

110 567 152 601 τὴν
171 564 257 591 πίστιν
282 563 496 598 διαϐαλλόμεθα;
530 564 555 589 οἱ
579 563 625 590 τὸν
653 565 685 590 ὲκ
708 564 754 590 τοῦ
782 565 885 598 πάθους

111 609 319 646 ὑπερυψωθέντα,
334 609 427 635 τοῦτον
444 608 544 644 Κύριον
557 618 586 635 τε
607 611 652 636 καὶ
673 607 787 645 Χριστὸν
804 619 885 645 γεγετ-

110 655 194 691 νῆσθαι
209 653 342 688 λέγοντες,
361 654 404 680 διὰ
417 654 466 688 τῆς
481 654 549 689 πρὸς
564 654 609 680 τὸν
625 653 707 686 ὅντως
721 654 821 690 Κύριον
838 656 885 682 καὶ

109 701 214 738 Χριστὸν
227 700 360 732 ἑνώσεως,
372 700 472 732 ειδότες
486 700 520 727 δι’
534 697 570 726 ὧν
588 701 798 736 μεμαθήκαμεν,
814 702 854 728 ὅτι
868 703 884 737 ἡ

111 748 153 783 μὲν
173 747 229 773 θεία
254 746 334 780 φύσις
356 746 398 772 ἀεὶ
418 746 466 781 μία
493 746 539 772 καὶ
562 748 578 781 ἡ
598 746 666 780 αὑτὴ
686 747 732 773 καὶ
756 746 884 779 ὡσαύτως

109 792 212 828 ἔχουσα·
232 792 248 826 ὴ
264 791 292 817 δὲ
312 790 379 825 σὰρξ
393 790 453 817 καθ’
468 790 566 825 ἑαυτὴν
583 791 631 826 μέν
648 792 706 817 ἐστι
720 792 807 823 τοῦτο,
818 793 885 828 ὅπερ

939 204 965 227 et
990 200 1061 235 quod
1089 200 1116 227 in
1142 208 1224 227 carne
1244 199 1345 227 factum
1366 205 1420 228 est.
1448 195 1529 228 Novit
1553 202 1625 228 enim
1645 210 1724 237 pror-u

939 252 986 272 sus
1009 245 1078 272 idem
1099 244 1217 272 Verbum
1240 253 1312 277 esse,
1340 246 1413 280 quod
1434 246 1460 272 in
1489 254 1572 273 carne
1598 249 1723 282 apparuit

938 298 1000 318 cum
1022 298 1054 318 eo
1077 290 1151 325 quod
1176 295 1234 318 erat
1252 290 1323 325 apud
1340 291 1435 318 Deum.
1460 292 1530 318 Caro
1553 297 1644 319 autem
1667 301 1721 320 non

938 336 1031 362 cadent
1067 341 1107 362 est
1132 343 1193 362 cum
1224 335 1393 363 divinitate:
1420 336 1579 371 priusquam
1608 338 1664 365 ha‘c
1688 340 1721 365 ad

938 381 1106 408 divinitatem
1124 381 1266 413 transiret,
1291 385 1320 408 ut
1332 382 1488 409 necessario
1508 383 1598 417 aliqua
1613 384 1721 418 quidem

939 425 994 453 Deo
1008 422 1098 453 Verbo
1119 430 1312 461 congruerent,
1333 427 1385 453 alia
1404 435 1468 454 vero
1483 427 1574 455 [omne
1591 430 1672 457 servi.
1694 429 1721 457 Si

938 470 1021 507 igitur
1046 473 1090 500 ille
1114 480 1168 500 non
1190 473 1278 507 ipsum
1302 476 1415 500 accusat
1439 481 1486 508 per
1510 475 1589 501 talem
1615 476 1722 512 confes-

939 518 1043 544 sionem
1061 516 1212 545 Verborum
1235 518 1394 545 tlualitatcm
1423 517 1561 552 inducere,
1585 523 1722 555 quomodo

938 569 989 588 nos
1012 562 1046 589 ad
1072 562 1140 589 duos
1159 561 1283 590 Christos
1301 562 1380 590 ﬁdem
1394 561 1531 598 dispertiri
1546 573 1593 599 per
1613 567 1716 593 calum-

938 605 1011 634 niam
1030 607 1165 636 dicimur?
1185 608 1231 643 qui
1262 608 1494 643 superexaltatum
1519 618 1550 637 ex
1580 613 1718 645 passione,

938 661 1000 681 eum
1017 654 1158 681 Dominum
1178 660 1204 682 et
1219 654 1358 681 Christum
1373 654 1472 682 factum
1488 663 1549 683 esse
1564 658 1730 690 asserimus,

938 707 987 733 per
1005 699 1134 726 unionem
1149 707 1209 726 cum
1236 708 1300 727 vero
1316 699 1432 727 Domino
1449 705 1476 727 et
1499 700 1618 735 Christo,
1634 704 1722 731 scien-

939 749 980 773 tes
999 753 1031 772 ex
1050 746 1083 773 iis
1097 753 1158 780 quae
1175 745 1333 777 didicimus,
1352 747 1423 781 quod
1439 747 1529 774 divina
1550 749 1657 782 quidem
1675 758 1721 776 na-

939 794 1000 817 tura
1027 799 1134 825 semper
1163 798 1216 817 una
1244 791 1394 826 eademque
1418 797 1445 819 et
1465 792 1559 820 eodem
1585 794 1665 821 modo
1694 803 1723 823 se

109 836 300 872 καταλαμϐάνει
318 836 381 871 περὶ
394 834 481 871 αὐτῆς
492 834 598 870 ὁ’λόγος
611 845 640 862 τε
659 836 703 863 καὶ
718 837 734 872 ὴ
750 836 885 872 αἴσθησις·

943 834 1038 869 habet;
1055 844 1121 864 caro
1140 844 1205 864 vero
1222 844 1270 871 per
1283 837 1458 872 semetipsam
1477 840 1526 866 hoc
1544 840 1653 874 quidem
1670 841 1722 871 est,

108 882 280 917 ἁνακραθεῑσα
299 881 327 907 δὲ
346 881 414 916 πρὸς
428 881 457 907 τὸ
468 881 553 913 Θεῖον,
572 881 662 907 οὐκέτι
678 883 706 908 ὲν
721 883 776 914 τοῖς
788 882 886 917 ἑαυτῆς

108 929 172 964 ὅροις
185 936 214 954 τε
226 928 274 954 καὶ
286 927 411 962 ίδιώμασι
427 926 512 962 μένει,
526 923 593 953 ἀλλὰ
604 927 671 963 πρὸς
683 927 712 954 τὺ
723 927 886 963 ἐπικρατοῦν

107 979 133 1001 τε
147 974 188 1001 καὶ
204 974 338 1009 ὑπερέχον
349 972 576 1009 ἀντιλαμϐάνεται.
589 975 714 1009 Διαμένει
729 974 756 1000 δὲ
769 974 888 1009 ἀσύγχυ-

108 1028 148 1052 τος
159 1019 210 1046 τῶν
224 1028 254 1045 τε
267 1020 316 1054 τῆς
329 1019 430 1055 σαρκὸς
444 1021 490 1046 καὶ
502 1019 555 1046 τῶν
567 1019 616 1054 τῆς
634 1019 758 1055 θεότητος
778 1020 888 1055 ίδιωμίέι⁸

107 1066 184 1101 τωνή
200 1065 310 1101 θεωρία,
326 1064 378 1097 ἕως
395 1065 427 1092 ἂν
448 1067 489 1100 ἐφ’
507 1066 610 1092 ἑαυτῶν
630 1066 770 1101 θεωρεῖται
787 1064 887 1092 τούτων

108 1110 236 1145 ἑκάτερον
248 1107 304 1136 οἶόν
318 1119 344 1136 τι
355 1109 452 1144 λέγων’
469 1110 498 1136 Ὀ
509 1110 593 1144 Λόγος
604 1110 657 1146 πρὸ
667 1111 720 1138 τῶν
728 1111 832 1138 αἰώνων
842 1109 886 1146 ἦν’

107 1157 121 1192 ἠ
133 1155 196 1190 σὰρξ
207 1155 234 1182 δὲ
252 1156 298 1182 ἐπὶ
312 1155 366 1182 τῶν
380 1156 502 1191 ἐσχάτων
514 1155 620 1190 ἐγένετο
637 1156 749 1192 χρόνων.
764 1156 818 1183 Kai.
838 1157 888 1183 οὐκ

106 1200 136 1228 ἄν
148 1209 186 1232 τις
199 1200 373 1235 ἀναστρέψας
392 1201 473 1234 εἴποι,
487 1202 503 1238 ἢ
518 1200 620 1236 ταύτην
633 1201 794 1237 προαιώνιον
807 1200 886 1234 εἶναι,

106 1246 162 1282 ἢέν
181 1248 236 1278 τοῖς
258 1246 381 1282 ἐσχάτοις
404 1246 568 1283 γεγενῆσθαι
583 1246 627 1274 τὸν
642 1246 737 1282 Λόγον,
765 1248 798 1274 Ἦ
820 1247 888 1283 σὰρξ

107 1294 256 1328 παθητικῆς
271 1294 331 1320 ἐστι
344 1293 463 1328 φύσεως·
477 1290 656 1329 ὲνεργητικῆς
667 1293 694 1320 δὲ
705 1295 719 1320 6
730 1294 824 1328 Λόγος.
835 1295 889 1321 Καὶ

108 1341 163 1367 οὕτε
170 1340 243 1375 -αύτὴ
256 1340 288 1375 δη
294 1339 440 1375 μιουργικὴ
451 1340 503 1367 τῶν
514 1340 607 1372 ὄντων,
624 1339 685 1366 οὗτε
702 1341 718 1375 ἡ
737 1340 830 1375 θεότης
841 1348 890 1366 πα-

107 1386 212 1422 θητικὴν
225 1377 283 1421 ἔχει
294 1386 343 1422 τὴν
361 1385 484 1421 δύναμιν.
507 1387 555 1412 Ἑν
568 1385 647 1420 ἀρχῇ
661 1386 735 1420 πρὸς
749 1386 801 1413 τὸν
816 1386 890 1412 Θεὸν

108 1432 120 1458 6
134 1431 234 1465 Λόγος·
250 1431 280 1457 ὲν
297 1432 329 1466 τῇ
346 1430 392 1457 τοῦ
408 1430 522 1457 Θανάτου
539 1430 621 1466 πείρᾳ
646 1432 659 1457 6
673 1430 822 1466 ἄνθρωπος·
843 1431 890 1457 καὶ

107 1476 163 1503 οὔτε
179 1477 207 1509 ἐξ
222 1476 306 1503 ἀϊδίου
319 1476 348 1502 τὸ
363 1475 532 1512 ἀνθρώπινον
544 1496 551 1508 ,
569 1475 630 1503 οὔτε
646 1476 742 1511 θνητὸν
757 1477 788 1503 τὸ
802 1476 888 1502 Θεῖον.

937 881 1009 916 quod
1027 881 1060 908 de
1074 882 1131 916 ipsa
1150 882 1276 917 ratioque
1290 886 1316 910 et
1331 890 1429 910 sensus
1444 885 1575 917 assumit;
1593 886 1639 913 sed
1660 894 1721 913 cum

938 925 1079 954 divinitate
1100 931 1253 963 temperata
1271 936 1326 956 non
1341 930 1457 964 amplius
1473 931 1498 957 in
1524 931 1581 960 suis
1600 933 1721 961 terminis

937 977 964 999 et
978 973 1189 1007 proprietatibus
1202 978 1304 1005 manet.
1321 976 1367 1002 sed
1383 975 1416 1002 ad
1434 975 1460 1003 id
1475 977 1546 1010 quod
1559 979 1685 1012 praevalet
1696 984 1724 1007 et

937 1018 1125 1051 Supcreminet
1137 1019 1298 1047 assumitur.
1309 1019 1405 1047 Carnis
1425 1024 1514 1048 tamen
1529 1026 1555 1049 et
1572 1023 1724 1052 divinitatis

938 1063 1134 1097 proprietatum
1164 1064 1307 1092 inconfusa
1339 1071 1479 1100 permanet
1507 1069 1722 1103 contemplatio,

938 1109 1058 1143 quandiu
1088 1109 1116 1136 in
1139 1118 1168 1137 se
1197 1111 1265 1145 ipsis
1291 1109 1388 1138 horum
1414 1115 1558 1147 utrumque
1574 1118 1724 1148 spectatur:

938 1154 991 1182 tale
1007 1156 1070 1190 quid
1086 1154 1181 1184 dicens
1203 1165 1209 1183 :
1229 1155 1348 1184 Verbum
1364 1161 1426 1185 ante
1442 1159 1541 1186 szecula
1562 1163 1637 1191 erat,
1658 1167 1723 1187 caro

937 1207 1004 1227 vero
1028 1200 1055 1226 in
1079 1201 1211 1228 extremis
1236 1203 1405 1236 temporibus
1429 1203 1498 1230 facta
1520 1208 1572 1231 est.
1592 1204 1647 1232 Nec
1662 1206 1723 1240 quis

941 1250 1126 1274 retrovertens
1142 1247 1253 1279 dixerit,
1273 1248 1314 1275 vel
1342 1248 1412 1275 hanc
1429 1252 1492 1276 ante
1510 1250 1609 1277 steettla
1625 1250 1722 1284 fuisse,

940 1291 981 1319 vel
1001 1291 1027 1318 in
1042 1293 1198 1320 novissimis
1217 1293 1385 1328 temporibus
1398 1292 1517 1322 Verbum
1534 1295 1633 1323 factum
1650 1305 1722 1326 esse.

939 1336 1010 1363 Caro
1030 1337 1151 1371 patibilis
1166 1341 1208 1365 est
1221 1339 1340 1372 naturae;
1356 1339 1467 1366 verbum
1481 1345 1570 1368 autem
1588 1345 1629 1369 est
1640 1350 1724 1378 agen-

941 1382 985 1409 tis.
1009 1381 1102 1417 Neque
1125 1383 1184 1418 ipsa
1207 1387 1248 1411 est
1269 1389 1361 1411 eorum
1384 1393 1444 1420 quae
1468 1389 1532 1413 sunt
1556 1385 1645 1421 opifex
1666 1388 1723 1416 sive

941 1428 1089 1460 conditrix,
1108 1436 1197 1464 neque
1232 1429 1360 1457 divinitas
1381 1431 1434 1457 vim
1464 1429 1602 1466 patibilem
1629 1432 1723 1462 habet.

942 1472 974 1500 In
993 1474 1121 1508 principio
1143 1474 1212 1507 apud
1240 1474 1321 1501 Deum
1347 1480 1405 1503 erat
1434 1475 1601 1506 Verbumzin
1629 1481 1724 1510 mortis

106 1519 156 1548 Καὶ
168 1523 200 1549 τὰ
216 1523 283 1549 ἄλλα
303 1523 390 1549 πάντα
407 1523 477 1549 κατὰ
499 1523 544 1549 τὸν
563 1523 644 1549 αὐτὸν
667 1523 808 1558 θεωρεῖται
827 1522 889 1558 τρό-

943 1518 1127 1553 experimento
1152 1523 1194 1546 est
1218 1519 1317 1546 homo:
1337 1527 1425 1555 neque
1449 1521 1483 1548 ab
1505 1526 1606 1551 trterno
1631 1524 1725 1553 huma-

107 1574 168 1594 πονε
182 1567 241 1594 οὔτε
255 1569 382 1600 ζωοποιεῖ
395 1568 441 1595 τὸν
451 1568 576 1604 Λάζαρον
592 1569 608 1603 ἡ
623 1567 781 1604 ἀνθρωπίνη
797 1567 889 1602 φύσις,

106 1613 163 1640 οὔτε
182 1613 295 1650 δακρύει
311 1615 355 1641 τον
372 1614 497 1649 κείμενον
521 1615 538 1650 ὴ
562 1614 670 1649 ἀπαθὴς
688 1614 811 1647 ἐξουσία,
833 1614 890 1640 ἀλλ’

106 1659 166 1686 ξδιον
180 1660 227 1686 τοῦ
244 1660 295 1695 μὲν
322 1659 465 1694 ἀνθρώπου
488 1660 519 1686 τὸ
539 1660 670 1695 δάκρυον·
690 1661 706 1696 ἡ
725 1660 753 1686 δὲ
771 1660 826 1696 ζωὴ
842 1662 891 1695 τῆς

107 1706 184 1737 ὅντως
207 1706 296 1742 ζωῆς·
319 1707 349 1732 ού
368 1707 462 1742 τρέφει
478 1706 527 1737 τὰς
546 1706 667 1741 χιλιάδας
690 1707 706 1740 ὴ
734 1705 890 1741 ἀνθρωπίνη

108 1752 233 1786 πτωχεία,
253 1751 317 1778 οὗτε
332 1751 421 1787 τρέχει
436 1751 482 1778 ἐπὶ
496 1751 544 1786 τὴν
557 1751 643 1786 συκῆν
657 1752 674 1787 ἡ
691 1751 893 1786 παντοδύναμος

108 1796 220 1829 ἐξουσία.
240 1797 290 1829 Τίς
305 1798 318 1823 ὁ
333 1797 436 1823 κοπιῶν
450 1798 482 1824 ὲκ
498 1797 548 1832 τῆς
560 1796 729 1833 ὁδοιπορίας,
751 1796 797 1824 καὶ
818 1797 860 1828 τίς
878 1798 893 1823 6

108 1840 210 1872 ἀπόνως
229 1840 291 1867 ὅλον
307 1840 352 1867 τὸν
367 1839 469 1876 κόσμον
489 1841 644 1874 ὑποστήσας
658 1841 697 1876 τῷ
710 1840 800 1877 λόγῳ;
816 1842 849 1867 Τί
864 1841 894 1868 τὸ

108 1884 155 1919 τῆς
177 1885 256 1920 δόξης
281 1884 469 1921 ἀπαύγασμα;
495 1885 527 1912 Τί
558 1886 589 1912 τὸ
614 1887 670 1917 τοῖς
692 1885 766 1921 ἥλοις
791 1886 895 1912 διαπει-

110 1930 238 1965 ρόμενον;
259 1930 330 1957 Ποία
355 1930 447 1966 μορφὴ
466 1930 512 1957 ἐπὶ
534 1930 581 1957 τοῦ
610 1930 711 1962 πάθους
735 1931 893 1966 ῥαπίςεται,

108 1975 152 2001 καὶ
177 1975 242 2002 ποία
265 1975 298 2008 ἐξ
316 1976 403 2003 ἀϊδίου
424 1975 581 2009 δοξάζεται;
607 1975 711 2011 φανερὰ
733 1976 787 2010 γὰρ
810 1976 896 2003 ταῦτα

108 2019 157 2047 κᾶν
187 2021 225 2056 μή
253 2029 297 2052 τις
327 2021 517 2056 ὲφερμηνεύσῃ
544 2020 584 2054 τῷ
615 2020 759 2056 λόγῳ,ὅτι
792 2022 819 2047 αἱ
847 2021 897 2056 μὲν

109 2064 208 2101 πληγαὶ
231 2067 281 2093 τοῦ
299 2067 409 2098 δούλου,
428 2067 456 2092 ὲν
470 2063 492 2100 ᾧ
510 2067 524 2093 6
542 2066 698 2102 Δεσπότης·
716 2067 744 2093 αἱ
769 2067 797 2093 δὲ
820 2067 898 2102 τιμαί¹

107 2111 152 2138 τοῦ
176 2112 316 2139 Δεσπότου
340 2112 404 2147 περὶ
425 2112 455 2138 ὃν
473 2113 487 2138 6
507 2111 615 2143 δοῦλος·
636 2111 673 2143 ὡς
694 2111 739 2137 διὰ
763 2111 811 2146 τὴν
835 2120 897 2138 συν-

108 2157 202 2192 άφειάν
219 2167 249 2185 τε
267 2158 316 2184 καὶ
335 2158 472 2193 συμφυΐαν
488 2157 566 2183 κοινὰ
587 2157 709 2191 γίνεσθαι
721 2157 855 2192 ἑκατέρας
864 2157 898 2184 τὰ

942 1563 1013 1591 nitas
1038 1567 1090 1596 est,
1120 1572 1207 1595 neque
1233 1563 1362 1592 divinitas
1388 1569 1430 1592 est
1454 1568 1588 1595 mortalis.
1616 1568 1648 1595 Et
1672 1570 1724 1597 alia

941 1610 1032 1637 omnia
1048 1610 1141 1637 eodem
1158 1610 1238 1637 modo
1252 1613 1426 1644 spectantur;
1443 1619 1531 1646 neque
1546 1613 1661 1640 humana
1678 1623 1726 1642 na-

942 1660 1003 1682 tura
1034 1654 1152 1681 viviticat
1180 1654 1324 1685 Lazarum,
1357 1663 1445 1689 neque
1474 1656 1609 1691 jacentem
1639 1659 1726 1693 plorat

943 1701 1103 1736 impatibilis
1123 1704 1255 1735 potestas.
1280 1699 1334 1727 Sed
1358 1700 1476 1729 hominis
1501 1703 1609 1738 propria
1629 1708 1670 1731 est
1686 1705 1725 1731 la-

943 1754 1053 1782 cryma;
1080 1747 1135 1773 vita
1159 1753 1223 1773 vero
1242 1749 1285 1773 est
1309 1746 1371 1773 vitae
1393 1754 1454 1781 quae
1476 1755 1568 1774 revera
1591 1753 1643 1776 est.
1667 1749 1726 1777 Non

944 1791 1063 1818 humana
1083 1791 1244 1818 mendicitas
1260 1791 1349 1825 pascit
1364 1791 1450 1817 multa
1465 1791 1605 1819 hominum
1625 1794 1727 1825 millia:

944 1845 1001 1864 non
1026 1837 1060 1864 ad
1089 1837 1169 1863 ticum
1199 1837 1286 1863 currit
1311 1837 1485 1871 omnipotens
1509 1841 1640 1872 potestas.
1661 1839 1727 1872 Quis

947 1882 1076 1918 fatigatur
1090 1890 1123 1910 ex
1146 1882 1254 1913 itinere,
1273 1885 1299 1908 et
1314 1882 1375 1916 quis
1391 1883 1495 1917 absque
1515 1884 1607 1912 labore
1622 1886 1729 1913 univer-

946 1936 1006 1956 sum
1041 1927 1173 1954 mundum
1192 1927 1276 1954 verbo
1290 1927 1440 1956 subsistere
1456 1928 1539 1955 facit?
1553 1929 1620 1962 Quis
1636 1931 1730 1965 gloria:

946 1974 1093 2010 splendor?
1115 1973 1184 2006 Quid
1207 1974 1278 2008 quod
1304 1974 1388 2001 clavis
1401 1977 1442 2001 est
1459 1975 1620 2003 transfixum
1634 1978 1646 2004 ἲ
1663 1977 1729 2010 Qua!

947 2020 1031 2048 facies
1054 2020 1081 2046 in
1107 2020 1233 2055 passione
1257 2019 1380 2054 colaphis
1403 2020 1552 2054 inﬂigitur?
1579 2027 1606 2048 et
1621 2031 1681 2058 quae
1696 2025 1730 2050 ab

947 2070 1048 2093 aeterno
1069 2064 1254 2100 gloriﬁcatur?
1278 2063 1342 2091 H:ec
1356 2065 1429 2091 enim
1446 2069 1511 2091 sunt
1523 2065 1607 2099 clara,
1622 2067 1730 2095 etiamsi

948 2111 1011 2146 quis
1033 2117 1160 2137 sermone
1188 2117 1241 2136 non
1266 2109 1383 2144 explicet
1397 2129 1404 2142 ,
1429 2109 1501 2144 quod
1521 2111 1605 2146 plaga:
1628 2117 1654 2139 et
1670 2121 1732 2140 vera

948 2157 1014 2184 bera
1035 2157 1098 2183 sunt
1115 2155 1197 2188 servi,
1224 2155 1251 2182 in
1267 2163 1322 2190 quo
1344 2155 1492 2189 Dominus;
1507 2156 1625 2185 honores
1642 2162 1731 2186 autem

107 2203 259 2239 ἀμφότερα,
271 2201 320 2229 τοῦ
334 2202 468 2229 Δεσπότου
481 2201 543 2233 τοὺς
556 2202 694 2233 δουλικοὺς
707 2201 843 2237 μώλωπας
855 2203 890 2234 εἰς

949 2201 1066 2232 Domini,
1093 2201 1167 2228 circa
1197 2207 1276 2235 quem
1302 2208 1422 2228 servus:
1454 2201 1489 2228 ita
1515 2205 1545 2228 ut
1577 2209 1625 2236 per
1656 2210 1733 2230 emn‘

107 2249 198 2276 ἑαυτὸν
214 2248 462 2284 ἀναλαμϐάνοντος,
476 2248 525 2274 καὶ
537 2247 584 2274 τοῦ
595 2247 687 2274 δούλου
701 2249 733 2283 τῇ
748 2248 896 2284 Δεσποτικῇ

106 2293 283 2329 δοξαζομένου
297 2295 363 2330 τιμῇ
374 2303 381 2310 ·
395 2293 440 2320 διὰ
455 2293 533 2320 τοῦτο
545 2294 599 2329 γὰρ
609 2293 656 2320 καὶ
670 2292 716 2320 τοῦ
732 2293 834 2329 Κυρίου
849 2294 899 2329 τῆς

105 2339 182 2375 δόξης
195 2341 210 2367 6
226 2340 346 2375 σταυρὸς
361 2339 478 2374 λέγεται,
493 2340 542 2366 καὶ
555 2341 630 2366 πᾶσα
648 2338 758 2374 γλῶσσα
775 2339 899 2375 ἐξομολο-

106 2386 204 2418 γεῖται,
227 2386 270 2412 ὅτι
287 2385 386 2420 Κύριος
407 2384 510 2420 Ἰησοῦς
533 2384 650 2420 Χριστὸς
674 2385 714 2416 είς
735 2383 812 2417 δόξαν
830 2383 898 2410 Θεοῦ

107 2431 223 2467 Πατρός.

139 2520 171 2546 Εἰ
185 2520 215 2547 δὲ
229 2520 287 2556 χρὴ
301 2520 348 2546 καὶ
362 2519 395 2547 τὰ
405 2520 486 2547 λοιπὰ
501 2521 571 2548 κατὰ
582 2521 627 2548 τὸν
638 2521 719 2547 αὑτὸν
729 2520 824 2546 διελεῖν
838 2519 901 2555 τρό-

109 2574 164 2598 πον,
185 2566 367 2601 σκεψώμεθα,
383 2565 408 2592 τί
423 2566 453 2592 τὸ
469 2567 638 2602 ἀποθνῆσκον
649 2586 656 2599 ,
673 2566 719 2608 καὶ
731 2566 758 2593 τί
773 2566 804 2592 τὸ
818 2574 902 2592 κατα-

108 2609 168 2638 λύον
181 2612 227 2639 τὸν
244 2613 378 2640 θάνατον·
400 2612 426 2639 τί
443 2612 473 2638 τὸ
493 2612 737 2648 ἀνακαινούμενον·
757 2613 805 2639 καὶ
825 2612 851 2638 τί
871 2612 901 2638 τὸ

109 2657 284 2692 κενούμενον.
300 2657 431 2685 Κενοῦται
450 2657 497 2693 μὲν
514 2658 569 2694 γὰρ
613 2657 717 2692 θεότης,
734 2658 777 2685 ἵνα
792 2656 901 2693 χωρητὴ

108 2703 140 2739 τῇ
153 2702 320 2738 ἀνθρωπίνῃ
334 2701 412 2737 φύσει
429 2701 549 2738 γένηται”
565 2703 754 2729 ἀνακαινοῦται
767 2702 794 2729 δὲ
810 2702 840 2728 τὸ
855 2702 902 2729 ἀν-

146 2804 166 2819 ¹⁹
182 2803 309 2838 Philipp.
319 2809 348 2836 ιι,
361 2802 401 2829 Η.

948 2254 1042 2282 pagem
1055 2250 1082 2274 et
1093 2253 1191 2273 nexum
1210 2246 1358 2273 naturalem
1375 2246 1529 2273 communia
1547 2246 1611 2274 ﬁant
1630 2248 1733 2276 utrius-

947 2299 1000 2327 que
1018 2295 1143 2326 utraque,
1154 2288 1270 2317 Domino
1288 2290 1400 2317 serviles
1413 2291 1517 2318 vibices
1531 2297 1697 2324 assumente,
1708 2296 1734 2320 et

948 2344 1027 2364 servo
1040 2335 1181 2363 Dominico
1201 2335 1304 2362 honore
1314 2334 1464 2369 gloriﬁcato
1477 2345 1484 2363 :
1500 2335 1535 2363 ob
1549 2343 1608 2363 eam
1624 2345 1733 2364 causam

948 2382 1020 2410 enim
1036 2386 1063 2409 et
1076 2381 1181 2408 Domini
1192 2380 1284 2416 gloriae
1299 2388 1365 2407 crux
1375 2380 1486 2412 dicitur,
1499 2384 1525 2407 et
1539 2382 1628 2409 omnis
1644 2383 1734 2418 lingua

950 2427 1104 2458 conﬁtetur,
1128 2428 1190 2462 quia
1210 2426 1341 2453 Dominus
1361 2425 1442 2454 Jcsus
1468 2427 1593 2456 Christus
1607 2428 1634 2456 in
1650 2429 1734 2464 gloria

950 2477 992 2501 est
1013 2474 1059 2500 Dei
1080 2472 1169 2500 Patris
1196 2473 1228 2501 ".

987 2519 1066 2552 Quod
1091 2519 1114 2546 si
1128 2522 1236 2553 oportet
1254 2520 1358 2552 reliqua
1374 2519 1455 2546 etiam
1472 2519 1566 2546 eodem
1584 2519 1665 2546 modo
1681 2519 1737 2546 dis-

952 2565 1086 2599 tinguere,
1102 2563 1309 2592 consideremus
1324 2565 1389 2599 quid
1403 2564 1475 2599 quod
1488 2565 1614 2596 moritur,
1630 2569 1657 2592 et
1673 2566 1736 2599 quid

954 2610 1026 2646 quod
1053 2614 1166 2637 mortem
1193 2610 1341 2637 dissolvit:
1365 2610 1430 2645 quid
1449 2610 1530 2637 etiam
1549 2610 1577 2637 id
1603 2610 1674 2645 quod
1693 2619 1736 2637 re-

954 2659 1082 2687 novatur,
1101 2659 1127 2682 et
1139 2655 1204 2690 quid
1218 2656 1291 2690 quod
1306 2656 1474 2683 exinanitur.
1492 2655 1654 2682 Exinanitur
1664 2656 1737 2683 enim

954 2701 1092 2733 divinitas,
1112 2705 1141 2727 ut
1163 2700 1222 2735 capi
1244 2701 1331 2734 possit
1351 2701 1378 2727 in
1406 2700 1526 2728 humana
1549 2705 1669 2728 natura:
1693 2708 1737 2729 re-
