1920 3073
203 109 256 144 2'07

829 112 858 144 S.
880 114 1044 144 GREGORII
1061 109 1209 143 Missam

1779 110 1824 138 703

203 182 321 204 nevatur
340 182 404 203 vero
427 174 500 210 (ιιιοά
515 175 663 202 humanum
677 179 730 207 est,
747 182 807 201 cum
827 175 855 202 fit
872 175 992 202 divinum

1048 174 1195 210 ορὼπινον,
1216 173 1259 200 διὰ
1275 173 1323 208 τῆς
1340 170 1406 209 πρὸς
1422 172 1452 200 τὸ
1465 170 1543 199 Θεῗον
1563 171 1743 206 ἀνακράσεως
1765 171 1827 198 Θεῖῑν

205 231 253 259 per
266 221 491 257 tcmpera:ioncn1
505 229 568 249 cum
588 221 739 250 divinitate.
757 222 991 254 Quemadmodum

205 270 279 296 enim
302 275 350 295 aer
377 267 434 295 sive
458 267 574 302 spiritus
596 266 624 295 in
649 274 720 301 aqua
748 275 802 294 non
825 267 992 300 continetur,

206 323 269 342 cum
293 314 385 348 aliquo
407 313 526 348 graviori
541 320 657 347 corpore
674 313 822 341 conclusus
840 318 867 341 et
882 318 992 341 contra-

205 366 267 387 ctus
293 360 319 386 in
347 366 426 393 aqum
448 357 635 392 profunditate
653 359 766 386 relictus
785 359 877 391 fuerit,
894 360 940 387 sed
960 359 992 387 ad

205 409 352 441 cognatum
376 405 429 433 sibi
450 405 569 432 recurrit
593 405 771 440 principium,
807 414 878 441 aqua
902 410 993 433 autem

205 460 276 487 sa‘pe
302 460 363 479 cum
393 458 507 478 recursu
531 451 646 486 spiritus
674 452 819 482 attollitur,
847 452 874 479 in
900 451 993 479 subtili

204 498 321 533 quadam
345 501 371 524 ct
392 498 419 523 in
441 497 550 523 modum
571 496 735 524 membranae
759 497 832 524 tenui
849 497 994 532 superﬁcie

205 543 279 571 aerio
303 543 407 569 circulo
431 543 572 569 incurvata
593 551 598 569 :
624 542 663 569 sic
688 543 770 569 etiam
797 550 861 570 vera
885 543 941 570 vita
966 543 992 570 in

205 597 286 616 carne
312 589 366 616 sita
391 588 424 615 ad
451 589 569 622 seipsam
592 591 653 623 post
677 589 833 622 passionem
863 597 925 616 cum
949 597 993 617 re.

205 635 292 662 currit
311 643 317 661 :
334 634 416 661 etiam
438 641 503 661 caro
529 641 590 668 quae
616 634 719 661 circum
750 634 836 669 ipsam
860 642 875 661 a
901 634 993 662 divina

205 679 412 707 immortalitate
429 679 456 706 in
472 678 555 706 altum
578 678 684 706 sublata
701 682 753 712 est,
778 687 793 706 a
817 680 993 714 corruptione

205 725 238 752 ad
254 726 281 754 id
295 725 368 760 quod
383 728 426 753 est
443 725 650 759 incorruptibile
662 728 774 752 sursum
790 725 944 760 compulsa.
961 725 994 752 Et

205 770 436 806 quemadmodum
462 771 490 798 in
517 770 592 806 ligno
619 770 691 806 ignis
720 770 791 798 intra
821 771 992 806 superﬁciem

206 818 333 846 conditus
343 821 369 846 et
386 817 503 852 sopitus,
515 817 666 845 videntium
681 817 723 845 vel
737 818 905 852 tangentium
925 813 992 844 fallit

206 871 277 896 saepe
300 871 428 895 sensum;
451 862 601 890 susoitalus
625 866 716 889 autem
745 866 878 899 apparet:
902 862 942 889 sic
966 862 992 889 in
1010 857 1030 884 Β

205 913 303 942 morte,
328 917 411 944 quam
427 908 492 936 fecit
509 916 559 943 pro
573 916 622 935 sua
643 912 791 943 potestate.
809 908 855 943 qui
875 909 993 935 animam

205 963 283 983 suam
303 962 318 981 τι
342 962 458 990 corpore
481 954 627 989 disjunxit,
642 962 704 981 cum
722 954 756 981 ad
771 954 881 982 Patrem
904 954 992 981 dixit:

206 999 299 1032 Pater,
320 1000 366 1026 tibi
391 1000 418 1025 in
438 1007 533 1026 manus
550 999 701 1026 commendo
717 1000 839 1034 spiritum
856 1007 940 1026 meum
952 999 992 1032 ¹⁰;

205 1047 262 1081 qui,
289 1045 359 1073 sicut
379 1045 457 1077 dixit,
484 1048 648 1079 potestatem
673 1045 754 1073 habet
784 1045 883 1072 iterum
907 1045 993 1079 ipsam

205 1091 329 1119 sumendi
348 1099 355 1117 :
378 1090 423 1117 hic
449 1090 613 1118 confusione
636 1098 697 1126 qua:
715 1091 748 1118 ab
770 1091 928 1118 hominibus
952 1094 994 1118 est

205 1141 372 1172 contempta,
393 1136 457 1172 quia
483 1137 518 1164 sit
542 1136 674 1164 Dominus
701 1137 807 1172 glorixe,
830 1136 912 1164 veluti
932 1136 994 1163 vitae

204 1184 233 1212 in
253 1187 349 1211 natura
361 1183 484 1218 corporis
500 1185 629 1210 contecto
642 1182 831 1215 suscitabulo,
850 1183 908 1209 sive
922 1182 992 1217 igni—

205 1229 283 1263 culo,
308 1229 336 1256 in
363 1228 569 1264 dispensatione
584 1227 737 1256 secundum
756 1232 872 1255 mortem
895 1235 994 1255 rursus

205 1277 340 1309 accendit,
359 1281 385 1304 et
403 1275 547 1304 suscitavit
562 1275 682 1310 potentia
703 1282 760 1302 suae
780 1275 903 1307 deitatis,
921 1275 994 1310 quod

205 1323 397 1350 mm-titicatum
422 1325 482 1349 erat
503 1321 641 1353 refovens,
666 1327 693 1349 et
714 1322 754 1349 sic
772 1321 800 1348 in
827 1321 926 1348 divinm
945 1329 994 1356 po-

206 1369 296 1396 tentize
321 1367 484 1395 inﬁnitatem
518 1367 602 1395 breve
629 1367 696 1395 illud
717 1372 822 1395 natura:
846 1373 947 1395 nostra
962 1368 994 1394 li—

205 1414 362 1442 bamentum
383 1422 447 1441 eum
472 1413 582 1445 infudit,
608 1413 680 1449 quod
705 1414 815 1449 quidem
840 1415 898 1450 ipse
923 1418 992 1448 erat,

205 1461 258 1488 boc
281 1467 308 1489 et
334 1460 400 1488 illud
429 1460 505 1493 fecit,
527 1461 652 1488 servilem
676 1460 804 1492 formam,
825 1460 992 1488 Dominum:

203 1511 231 1534 et
250 1507 387 1534 hominem
411 1515 444 1534 ex
467 1506 551 1533 Maria
571 1509 676 1539 natum,
698 1506 854 1538 Christum;
879 1510 906 1534 et
929 1514 994 1534 cru-

206 1552 318 1580 cifixum
333 1560 365 1580 ex
380 1551 578 1584 imbecillitate,
594 1551 677 1578 vitam
691 1555 718 1579 et
733 1551 881 1586 potentiam
894 1560 899 1577 :
911 1556 994 1587 atque

204 1598 296 1625 omnia
310 1605 480 1633 quaecunque
492 1598 520 1624 in
535 1597 591 1624 Deo
609 1596 697 1624 Verbo
713 1598 756 1632 pie
774 1597 993 1631 considerantur,

203 1644 285 1671 etiam
299 1643 326 1670 in
341 1647 483 1678 assumpto
498 1650 514 1670 a
530 1642 621 1670 Verbo
635 1643 749 1671 faciens.
773 1640 812 1670 Ita
832 1648 861 1670 ut
877 1650 931 1670 non
947 1651 994 1678 per

204 1687 366 1715 divisionem
390 1687 567 1722 peculiariter
590 1688 618 1714 in
636 1691 751 1722 utroque
771 1687 829 1714 haec
851 1688 994 1715 videantur

204 1740 276 1764 esse,
300 1733 347 1760 sed
375 1739 436 1759 cum
456 1731 599 1759 divinitate
619 1733 827 1768 temperatione,
843 1732 993 1760 secundum

204 1777 232 1806 id
251 1777 323 1813 quod
353 1778 552 1813 prmpotentius
577 1781 620 1806 est
654 1781 776 1806 recreata
804 1778 994 1812 corruptibilis

204 1828 313 1856 natura.
334 1824 463 1859 potentiae
489 1823 600 1851 deita'iis
622 1823 760 1859 particeps
783 1823 855 1850 facta
880 1824 927 1855 sit,
960 1827 990 1850 ut

204 1871 228 1898 si
250 1870 312 1906 quis
329 1871 414 1902 dicat,
438 1870 507 1898 aceti
525 1874 628 1905 guttam
648 1874 724 1898 vasto
744 1869 814 1897 mari
835 1870 992 1903 immistam,

204 1925 252 1952 per
264 1917 422 1952 huiusmodi
438 1917 592 1945 mistionem
610 1917 694 1944 maris
702 1917 849 1952 qualitates
858 1917 992 1950 induisse,

204 1964 268 1998 quia
285 1971 338 1991 non
358 1963 477 1998 amplius
495 1963 645 1991 secundum
661 1966 788 1990 naturam
806 1962 887 1996 hujus
904 1962 992 1997 liquo-

204 2009 243 2036 ris
260 2009 380 2045 qualitas
394 2009 420 2036 in
443 2009 628 2036 immensitate
639 2007 817 2043 przepotentls
831 2007 991 2036 immaueat.

205 2054 251 2083 Sic
276 2060 369 2082 noster
393 2060 484 2081 sermo
508 2061 562 2080 non
587 2060 732 2080 numerum
753 2051 937 2084 Cbristorum.
963 2057 993 2079 ut

204 2100 365 2127 criminatur
389 2099 550 2130 Eunomius,
577 2098 624 2126 sed
643 2099 772 2126 unionem
791 2098 912 2127 hominis
930 2106 992 2126 cum

203 2145 259 2173 Deo
281 2145 429 2177 aﬂirmans,
450 2144 575 2172 mortalis
588 2151 651 2170 cum
666 2143 826 2176 immortali,
842 2143 914 2172 servi
930 2151 992 2171 cum

1044 219 1196 254 γινόμενον.
1225 219 1268 251 Ὠς
1283 219 1337 254 γὰρ
1358 219 1387 245 οὺ
1403 219 1542 254 κρατεῖται
1563 217 1671 251 πνεῦμα
1694 217 1723 242 ὲν
1749 216 1827 247 ὕδατι,

1044 266 1108 292 ὅταν
1132 265 1186 292 τινὶ
1204 265 1258 292 τῶν
1286 265 1444 301 βαρυτέρων
1471 262 1716 298 συγκατασπασθὲν
1739 263 1828 289 ἐναπε-

1043 310 1139 346 λειφοῇ
1159 311 1198 347 τῷ
1222 311 1299 346 βάοει
1322 311 1370 337 τοῦ
1395 309 1500 341 ὓδατος,
1519 309 1576 335 ἀλλ’
1597 308 1642 334 ἐπὶ
1659 307 1690 334 τὸ
1708 307 1829 341 συγγενὶς

1045 358 1198 394 ἀνατρέχει”
1222 358 1252 384 τὺ
1276 357 1304 384 δὲ
1324 357 1394 392 ὕδωρ
1420 354 1549 387 πολλάκις
1571 356 1603 390 τῇ
1627 354 1767 390 ἁναδρομῇ
1790 353 1827 378 τιιῖ

1045 405 1200 439 πνεύματος
1217 403 1420 438 συνεπαίρεται,
1434 403 1462 428 ὲν
1477 401 1561 436 λεπτῇ
1577 409 1628 426 τινι
1645 399 1692 426 καὶ
1707 398 1828 434 ὑμενιῖιίξι

1044 451 1076 485 τῇ
1094 449 1239 485 ἐπιφανείᾳ
1256 449 1368 485 ἀερώδει
1381 447 1473 483 κύκλῳ
1488 445 1752 482 περικυρτούμενον·
1768 443 1829 470 οὕτω

1045 496 1092 523 καὶ
1105 496 1156 530 τῆς
1170 495 1299 531 ἀληθινῆς
1311 494 1383 529 ζωῆς
1393 494 1441 529 τῆς
1456 492 1618 528 ἐγκειμένης
1627 492 1661 526 τῇ
1676 491 1757 526 σαρκὶ
1770 490 1830 525 ﬁgi;

1046 541 1143 576 ἑαυτὴν
1167 542 1235 576 μετὰ
1257 541 1287 567 τὸ
1304 540 1388 572 πάθος
1410 537 1638 574 ἀναδραμούσης·
1665 537 1712 563 καὶ
1732 537 1749 571 ἡ
1774 536 1829 571 περὶ

1045 589 1129 625 αὐτὴν
1153 588 1221 624 σὰρξ
1242 587 1397 623 συνεπῄροη
1422 586 1473 613 ὑπο
1491 585 1540 621 τῆς
1562 584 1654 619 θεῖκῆς
1679 582 1829 614 ἀθανασίας,

1045 635 1099 661 ἀπὸ
1110 636 1157 670 τῆς
1172 634 1274 670 φθορᾶς
1291 632 1491 660 συνανωσθεῖσα
1508 632 1553 658 ἐπὶ
1572 631 1602 657 τὸ
1619 629 1768 665 ἄφθαρτον.
1784 629 1830 655 Καὶ

1045 680 1139 716 ὦτπερ
1154 681 1184 707 τὸ
1202 681 1230 707 ἐν
1247 679 1286 716 τῷ
1306 680 1377 715 ξύλῳ
1397 673 1453 714 πῧρ
1471 678 1546 710 ἐντὸς
1563 677 1693 708 πολλάκις
1709 676 1760 712 τῆς
1781 677 1831 702 km-

1045 726 1158 761 φανείας
1171 725 1357 760 κρυπτόμενον
1367 745 1374 758 ,
1394 723 1520 750 λανθάνει
1534 722 1588 749 τῶν
1612 722 1738 757 ὁρώντων
1754 722 1770 757 ἢ
1785 721 1832 748 τῶν

1044 769 1205 808 ἁπτομένων
1218 771 1267 808 τὴν
1282 771 1405 806 αἴσθησιν
1417 778 1423 785 ·
1436 769 1700 804 ἀναζωπυρούμενον
1714 769 1744 795 δὲ
1759 777 1831 802 φανε-

1046 819 1139 854 ροῦται
1149 826 1156 833 ”
1171 816 1258 849 οὕτως
1275 816 1322 844 καὶ
1343 817 1372 844 ὲν
1387 816 1425 851 τῷ
1448 816 1555 850 θανάτῳ
1570 814 1599 841 ὃν
1614 814 1764 849 πεποίηται
1780 813 1832 841 κατ’

1045 865 1166 898 ἐξουσίαν
1179 865 1192 891 ὁ
1205 863 1347 896 διαζεύξας
1363 863 1411 898 τὴν
1426 862 1514 898 ψυχὴν
1531 861 1585 888 ὰπὸ
1603 860 1649 887 τοῦ
1671 860 1806 895 σώματος,
1822 860 1832 886 6

1044 911 1128 939 εἰπὼν
1147 911 1215 947 προς
1229 910 1274 937 τὸν
1292 909 1356 937 ἴδιον
1379 909 1505 944 Πατέρα,
1532 909 1573 935 ὅτι
1596 907 1644 933 Ἐν
1663 908 1728 939 ταῖς
1755 906 1833 941 χερσί

1044 967 1102 985 σου
1114 957 1292 992 παρατίθημι
1309 955 1341 982 τὸ
1359 954 1474 989 πνεῦμά
1489 962 1567 989 μου·
1589 955 1612 986 ὁ,
1634 953 1724 984 καθὼς
1748 961 1832 987 φησιν,

1044 1004 1166 1038 ἐξουσίαν
1189 1003 1257 1039 ἔχων
1283 1002 1363 1030 πάλιν
1377 1002 1471 1028 λαϐεῖν
1487 999 1573 1035 αὐτὴν
1590 1021 1597 1032 ,
1613 996 1691 1030 οὗτος
1710 1000 1724 1025 ὁ
1743 999 1792 1033 τῆς
1810 998 1834 1023 ἐν

1043 1050 1196 1086 ἀνθρώποις
1211 1048 1340 1084 αἰσχύνης
1357 1048 1569 1083 καταφρονήσας
1579 1066 1585 1078 ,
1602 1045 1646 1072 διὰ
1659 1046 1689 1071 τὺ
1704 1043 1775 1071 εἶναι
1792 1044 1834 1079 τῆς

1043 1097 1121 1132 δόξης
1139 1095 1238 1132 Κύριος
1251 1115 1258 1128 ,
1280 1095 1361 1121 οἱονεὶ
1384 1092 1558 1128 συγκαλύψας
1577 1092 1607 1119 τὸ
1626 1091 1677 1126 τῆς
1693 1091 1768 1126 ζωῆς
1791 1091 1834 1125 ἐμ.-

1043 1142 1172 1178 πύρευμα
1192 1143 1225 1177 τῇ
1253 1141 1333 1175 φύσει
1351 1139 1398 1166 τοῦ
1426 1138 1570 1174 σώματος,
1597 1139 1625 1164 ὲν
1649 1138 1682 1172 τῇ
1701 1136 1775 1163 κατὰ
1797 1136 1835 1162 τὶν

1044 1190 1158 1217 θάνατον
1175 1187 1326 1222 οἰκονομίᾳ,
1343 1186 1422 1213 πάλιν
1438 1185 1524 1220 ἀνῆψέ
1539 1193 1567 1211 τε
1584 1184 1631 1211 καὶ
1643 1182 1834 1217 ἀνεζωπύρησε

1042 1234 1077 1270 τῇ
1103 1233 1216 1268 δυνάμει
1242 1233 1291 1267 τῆς
1320 1228 1387 1263 ἰδίας
1413 1230 1550 1266 θεότητος,
1568 1226 1597 1256 τδ
1619 1229 1758 1263 νεκρωθὲν
1778 1229 1835 1254 ἀνα-

1044 1280 1157 1315 Θάλψας,
1175 1279 1222 1307 καὶ
1239 1279 1324 1310 οὕτως
1342 1277 1381 1314 τῷ
1401 1277 1508 1312 ἀπείρῳ
1523 1276 1572 1311 τῆς
1588 1275 1681 1310 Οεῐχῆς
1698 1275 1835 1310 δυνάμεως

1043 1327 1093 1363 τὴν
1115 1327 1244 1362 βραχεῖαν
1269 1324 1376 1359 ἐκείνην
1403 1321 1452 1358 τῆς
1479 1322 1586 1356 φύσεως
1612 1320 1691 1356 ἡμῶν
1713 1320 1835 1356 ἀπαρχὴν

1044 1373 1178 1408 ἀναχέας’
1193 1372 1261 1407 ὅπερ
1281 1370 1361 1402 αὐτὸς
1377 1367 1422 1405 ἦν,
1438 1368 1516 1395 τοῦτο
1530 1368 1640 1394 κάκεῖνο
1655 1365 1779 1402 ἐποίησε,
1792 1365 1835 1399 τὴν

1044 1418 1171 1453 δουλικὴν
1189 1417 1297 1453 μορφὴν
1316 1416 1435 1450 Κύριον·
1456 1414 1502 1440 καὶ
1520 1413 1564 1440 τὸν
1582 1412 1726 1448 ἄνθρωπον
1746 1411 1791 1438 τὸν
1808 1412 1835 1436 ἐκ

1043 1465 1153 1500 Μαρίας
1172 1458 1304 1499 Χριστόν·
1324 1462 1371 1488 καὶ
1385 1460 1429 1487 τὸν
1446 1458 1636 1495 σταυρωθέντα
1654 1457 1684 1489 ἐξ
1698 1456 1835 1487 ἀσῡενείας

1046 1510 1117 1546 ζωὴν
1130 1510 1177 1537 καὶ
1196 1509 1327 1544 δύναμιν·
1344 1507 1390 1534 καὶ
1409 1507 1497 1533 πάντα
1514 1507 1563 1532 ὅσα
1584 1505 1612 1531 ἐν
1630 1504 1668 1540 τῷ
1685 1504 1748 1539 Θεῷ
1763 1505 1835 1538 Λόγῳ

1045 1557 1117 1584 κατὰ
1129 1556 1159 1583 τὸ
1174 1555 1283 1587 εὐσεϐὲς
1307 1554 1467 1590 Θεωρεῖται,
1492 1552 1539 1579 καὶ
1558 1553 1585 1578 ὲν
1604 1552 1643 1586 τῷ
1659 1551 1835 1587 ἀναληφθέντι

1044 1601 1120 1638 παρὰ
1141 1601 1188 1628 τοῦ
1214 1600 1302 1634 Λόγου
1319 1600 1444 1634 ποιήσας.
1474 1598 1517 1629 Ὠς
1541 1597 1578 1633 μὴ
1609 1596 1681 1623 κατὰ.
1706 1596 1835 1630 διαίρεσιν

1046 1648 1199 1680 ἰδιαζόντως
1211 1647 1253 1682 ἐφ’
1269 1646 1398 1681 ἑκατέρου
1416 1644 1502 1671 ταῦτα
1521 1643 1610 1670 δοκεῖν
1629 1641 1709 1675 εἶναι,
1727 1642 1796 1669 ἀλλὰ
1807 1643 1834 1676 τῇ

1044 1694 1112 1729 πρὸς
1126 1682 1158 1720 τὸ
1175 1693 1251 1719 Θεῖον
1273 1691 1423 1727 ἀνακράσει
1448 1690 1518 1716 κατὰ
1538 1689 1568 1716 τὸ
1589 1688 1757 1724 ἐπικρατοῦν
1776 1689 1835 1715 ἀνι-

1044 1738 1201 1774 ποιηοεῖσαν
1215 1736 1263 1773 τὴν
1281 1737 1413 1772 ἐπίκηρον
1428 1735 1508 1770 φύσιν
1519 1755 1526 1767 ,
1547 1733 1708 1770 μεταλαϐεῖν
1792 1733 1835 1767 τῆς

1044 1784 1168 1819 θεότητος
1184 1782 1298 1818 δύναμιν
1310 1801 1317 1814 ,
1335 1781 1372 1812 ὡς
1393 1781 1418 1807 εῐ
1430 1789 1471 1812 τις
1487 1780 1576 1818 λέγοι,
1595 1779 1636 1805 ὅτι
1655 1779 1706 1814 τὴν
1724 1779 1835 1812 σταγόνα

1043 1829 1090 1856 τοῦ
1105 1829 1181 1861 ὅξους
1196 1827 1377 1864 ὲμμιχθεῐσαν
1393 1826 1431 1862 τῷ
1443 1825 1566 1860 πελάγει,
1583 1824 1722 1852 θάλασσαν
1735 1825 1752 1860 ἠ
1769 1823 1835 1860 μίξις

1044 1873 1171 1906 Emimus,
1187 1873 1227 1908 τῷ
1253 1871 1351 1908 μηκέτι
1370 1872 1419 1905 τὴν
1445 1870 1517 1897 κατὰ
1536 1870 1616 1905 φύσιν
1638 1870 1772 1904 ποιότητα
1793 1868 1835 1895 τοῦ

1044 1918 1127 1955 ὑγροῦ
1144 1918 1238 1945 τούτου
1252 1918 1281 1944 ὲν
1297 1918 1330 1953 τῇ
1349 1915 1461 1952 ἀπειρίᾳ
1475 1915 1522 1943 τοῦ
1539 1915 1755 1951 ἐπικρατοῦντος
1773 1923 1836 1948 συμ-

1045 1964 1153 1999 μένειν·
1175 1963 1262 1995 οὕτως
1283 1964 1297 1989 ὁ
1312 1962 1445 1998 ἡμέτερος
1464 1961 1542 1996 λόγος
1562 1961 1612 1988 οὐκ
1632 1959 1751 1995 ἀριθμὸν
1773 1960 1836 1994 Χριε

1045 2010 1125 2042 στῶν,
1136 2009 1226 2041 καθὼς
1239 2009 1389 2043 κατηγορεῖ
1406 2009 1420 2034 ὀ
1436 2007 1580 2043 Εὑνόμιος,
1598 2006 1665 2033 ἀλλὰ
1682 2006 1782 2032 ἕνωσιν
1793 2005 1835 2031 τοῦ

1043 2054 1187 2092 ἀνθρώπου
1203 2055 1271 2091 πρὸς
1287 2055 1316 2081 τὸ
1333 2054 1409 2081 Θεῖον
1427 2053 1596 2089 πρεσϐεύων,
1609 2053 1658 2088 τὴν
1678 2052 1726 2078 τοῦ
1742 2051 1835 2087 θνητοῦ

1043 2103 1110 2138 πρὸς
1126 2103 1156 2128 τὸ
1169 2101 1313 2132 ἀθάνατον,
1331 2101 1376 2127 καὶ
1393 2100 1441 2136 τὴν
1455 2099 1502 2127 τοῦ
1522 2099 1614 2126 δούλου
1634 2098 1703 2134 πρὸς
1723 2099 1769 2125 τὸν
1782 2097 1834 2124 Κύ-

1045 2156 1112 2183 ριον,
1126 2147 1172 2174 καὶ
1185 2146 1234 2183 τὴν
1245 2147 1293 2182 τῆς
1305 2145 1441 2182 ἁμαρτίας
1457 2145 1524 2181 πρὸς
1534 2145 1583 2179 τὴν
1593 2144 1781 2179 δικαιοσύνην,
1792 2144 1836 2170 καὶ

204 2189 331 2222 Domino,
359 2189 464 2223 peccati
490 2196 552 2215 cum
567 2187 694 2223 justitia;
714 2188 914 2218 exsecrationis
930 2196 992 2217 cum

1044 2193 1093 2229 τὴν
1126 2194 1175 2228 τῆς
1209 2193 1330 2229 κατάρας
1356 2192 1424 2228 πρὸς
1459 2192 1508 2228 τὴν
1538 2190 1683 2225 εὐλογίαν,
1709 2199 1759 2219 και
1791 2190 1836 2225 τὴν

205 2235 409 2268 benedictione;
437 2235 558 2262 hominis
580 2241 642 2262 cum
659 2233 772 2272 Christo
787 2236 994 2264 transmutatio-

204 2289 279 2314 nem,
305 2281 440 2308 facturam
468 2281 610 2307 nominat.
626 2280 694 2314 Quis
716 2279 799 2315 igitur
817 2281 994 2316 sycophantis

204 2327 369 2362 relinquitur
382 2326 575 2360 sermo?Quod
589 2334 640 2354 nos
651 2327 720 2354 duos
732 2326 856 2355 Cbristos
866 2327 994 2362 dogmate

203 2376 300 2400 nostro
322 2372 502 2406 praedicamus
525 2381 531 2398 :
559 2371 583 2399 si
609 2379 670 2399 eum
692 2372 738 2408 qui
763 2380 779 2399 a
803 2373 937 2408 principio
956 2373 994 2401 in-

204 2417 359 2445 creabiliter
386 2422 429 2445 est
452 2417 480 2443 in
507 2416 596 2450 Patre,
619 2416 765 2445 Dominum
787 2422 815 2446 et
840 2417 991 2451 Christum,

203 2468 231 2491 ct
255 2462 374 2491 Verbum
399 2462 483 2490 Deum
508 2462 609 2489 factum
633 2469 693 2491 esse
713 2471 854 2499 negamus.
879 2464 991 2492 Beatum

203 2517 269 2537 vero
283 2508 392 2537 Petrum
406 2508 527 2536 breviter
541 2508 691 2537 secundum
707 2517 817 2538 carnem
831 2511 990 2546 mysterium

204 2556 292 2583 obiter
308 2555 542 2583 demonstrantem
568 2554 669 2588 dicere,
695 2556 845 2584 secundum
861 2561 924 2584 ante
942 2556 990 2584 de—

205 2606 381 2630 monstratam
400 2600 617 2636 intelligentiam.
633 2601 817 2630 deﬁnivimus.
834 2601 902 2635 Quia
918 2602 991 2635 quod

204 2655 237 2674 ex
255 2647 444 2675 imbecillitate
467 2645 629 2673 cruciﬁxum
653 2652 706 2679 est,
729 2652 757 2675 et
771 2648 860 2684 ipsum
882 2652 992 2683 propter

205 2694 396 2728 praevalentem
420 2692 600 2720 inhabitantis
625 2694 773 2728 potentiam
800 2695 867 2722 illud
888 2693 989 2721 factum

204 2743 257 2782 est,
281 2739 353 2774 quod
378 2739 424 2767 ille
446 2738 494 2774 qui
523 2739 684 2767 inhabitavit
699 2744 742 2768 est
768 2744 795 2768 et
821 2741 988 2772 nominatur,

203 2783 331 2814 Christus
352 2790 379 2813 et
401 2785 543 2817 Dominus,
568 2785 639 2813 sicut
663 2786 792 2814 diximus.

240 2843 262 2859 ¹⁰
275 2841 342 2872 Luc.
365 2851 443 2878 mu,
472 2843 524 2879 46;
547 2843 618 2872 Psal.
637 2852 702 2878 xxx,
719 2845 746 2872 6.

1044 2238 1092 2265 τοῦ
1112 2238 1255 2276 ἀνθρώπου
1282 2238 1349 2275 πρὸς
1372 2237 1418 2265 τδν
1443 2236 1559 2272 Χριστὸν
1583 2238 1835 2272 μεταστοιχείωσιν,

1046 2284 1156 2320 ποίησιν
1187 2283 1338 2320 ὀνομάζων.
1368 2284 1417 2316 Τίς
1447 2282 1494 2311 οὖν
1518 2283 1558 2311 ἔτι
1577 2285 1632 2316 τοῖς
1657 2285 1836 2319 συκοφάνταις

1044 2326 1220 2357 ὑπολείπεται
1238 2330 1334 2365 λόγος;
1357 2330 1401 2362 Ὠς
1421 2329 1469 2357 δύο
1492 2329 1626 2366 Χριστοὺς
1647 2329 1728 2365 ἡμῶν
1750 2331 1780 2356 ὲν
1801 2329 1836 2364 τῷ

1044 2376 1158 2411 δόγματι
1175 2376 1376 2412 κηρυσσόντων,
1392 2376 1416 2403 εἰ
1434 2372 1478 2402 τὸν
1493 2374 1523 2407 ἐξ
1541 2375 1628 2412 ἀρχῆς
1648 2375 1786 2406 ἁκτίοτως
1807 2375 1835 2401 ἐκ

1045 2421 1091 2448 τοῦ
1106 2421 1211 2456 Πατρὸς
1222 2421 1296 2452 ὄντα,
1309 2420 1412 2456 Κύριον
1426 2421 1473 2447 καὶ
1488 2420 1678 2457 Χριστὺνηκαὶ
1691 2420 1778 2454 Λόγον
1793 2420 1836 2446 καὶ

1045 2466 1111 2493 Θεὸν
1121 2466 1152 2493 οὺ
1168 2466 1283 2502 λέγομεν
1295 2466 1468 2501 πεποιῆσθαι.
1484 2466 1534 2492 Τὸν
1545 2466 1573 2492 δὲ
1588 2465 1723 2500 μακάριον
1735 2465 1835 2500 Πέτρον

1044 2513 1073 2540 ὲν
1090 2512 1187 2548 βραχεῖ
1202 2512 1231 2538 τὸ
1251 2511 1321 2538 κατὰ
1338 2511 1388 2547 τὴν
1409 2511 1497 2547 σάρκα
1515 2511 1666 2546 μυστήριον
1682 2510 1835 2546 παροδικῶς

1044 2556 1247 2591 ἐνδεικνύμενον
1261 2556 1351 2590 λέγειν
1370 2555 1553 2591 διοριζόμεθα,
1566 2556 1637 2582 κατὰ
1650 2556 1700 2591 τὴν
1716 2564 1835 2591 προαποα

1040 2601 1213 2638 δεδειγμένην
1236 2602 1366 2630 διάνοιαν.
1392 2602 1453 2630 Ὅτι
1471 2602 1501 2630 τὺ
1522 2602 1679 2639 σταυρωῡὲν
1703 2602 1731 2635 ἐξ
1755 2601 1835 2628 ἀσθε-

1039 2648 1123 2680 νείας,
1150 2649 1197 2675 καὶ
1215 2648 1279 2675 αὐτὸ
1302 2648 1346 2675 διὰ
1376 2647 1425 2684 τὴν
1452 2648 1676 2683 ἐπικρατήσασαν
1697 2646 1742 2673 τοῦ
1771 2647 1834 2673 ὲνοι·

1039 2694 1173 2729 κήσαντος
1189 2692 1319 2729 δύναμιν,
1337 2695 1425 2720 ἐκεῖνο
1438 2693 1547 2728 γέγονεν
1560 2694 1628 2729 ὅπερ
1648 2695 1662 2720 ὁ
1685 2692 1826 2728 ὲνοικήσας

1040 2740 1095 2766 ἐστι
1109 2747 1138 2764 τε
1151 2738 1199 2765 καὶ
1214 2738 1394 2774 ὀνομάζεται,
1414 2739 1530 2774 Χριστὸς
1543 2739 1590 2766 καὶ
1609 2739 1720 2775 Κύριος,
1733 2736 1827 2770 καθὼς

1043 2785 1204 2821 εἰρήκαμεν.
