1920 3073
203 95 206 97 ⁷
246 108 294 139 m

842 105 877 138 ‘S.
896 103 1062 138 CREGORII
1081 103 1229 138 NYSSENi
1810 102 1850 135 7!?

247 170 344 200 legem,
360 166 503 207 anathema
523 166 564 203 (id
580 170 621 195 est
642 175 761 201 sacrum,
778 166 910 201 devotum,
926 167 1034 194 delectat

1092 166 1243 202 πτίσθημεν
1257 165 1350 200 ονομα.
1366 163 1403 190 Οὐ
1419 163 1472 199 μὴν
1483 162 1577 198 ἐπειδὴ
1587 162 1699 198 κρείττω
1710 162 1757 197 τῆς
1767 162 1850 198 ἀνθρω-

248 212 454 248 bilem).Neque
480 213 551 241 enim
582 211 683 240 Paulus
715 220 764 247 pro
788 212 867 240 nobis
891 211 1040 239 cruciﬁxus

245 264 287 286 est
299 268 306 292 ;
319 266 406 293 neque
420 258 607 286 inhumanum
622 266 722 286 nomen
742 266 821 286 sacro
839 258 948 286 lavacro
958 258 1035 285 tineti

245 311 352 332 sumus.
379 303 455 331 llaud
474 308 567 332 tamen
585 305 717 340 quoniam
731 304 786 331 vim
800 303 903 331 Christi
922 303 1038 330 salutem

246 351 364 378 humana
376 354 473 378 natura
486 351 706 386 prmstantiorem
723 358 785 378 esse
797 349 969 380 conﬁtemur,
983 348 1039 383 jam

245 397 466 424 adversariorum
490 397 588 432 dogma
610 401 704 424 contra
726 397 866 424 veritatem
885 395 1035 431 przcvalct:

245 442 287 470 his
310 444 380 470 enim
402 443 557 478 propositus
584 448 626 471 cst
662 451 773 478 scapus,
799 446 964 477 prtestruere
988 448 1038 476 per

244 490 346 520 omnia,
374 488 435 516 Filii
464 490 610 517 essentiam
633 497 647 516 a
668 485 761 516 Patris
779 488 898 517 essentia
920 488 1037 514 alienam

245 542 307 563 esse
331 540 357 561 et
385 535 521 561 diversam
548 542 554 560 τ
582 542 634 562 nec
658 535 746 562 solum
766 534 848 569 geniti
871 540 934 559 cum
960 533 1036 567 inge-

247 581 305 607 nito
335 581 499 613 differentia,
526 589 619 608 verum
634 581 713 608 etiam
733 580 854 615 patibilis
875 587 936 606 cum
951 579 1039 613 impa-

249 626 319 653 ιῑι›ῑιῑ
350 627 530 662 oppositione,
551 626 622 661 quod
649 626 798 654 secundum
821 625 968 653 essentiam
995 628 1038 651 est

245 672 390 706 dissimile,
421 673 611 699 demonstrare
627 672 728 699 obnixe
744 671 922 698 contendunt.

247 719 375 745 struitur.

282 764 341 791 Non
361 764 451 791 minus
465 768 546 791 etiam
563 771 611 799 per
624 771 655 791 ea
674 771 733 798 qua:
748 771 822 791 nunc
837 763 966 790 dicuntur
988 768 1046 789 ma—

246 810 377 837 nil'estum
393 812 444 837 est.
456 808 524 836 Nam
541 809 564 836 si
575 816 622 837 eos
645 809 691 843 qui
708 812 812 836 naturae
830 809 954 836 humanae
974 814 1039 843 pas-

247 857 352 884 sionem
361 856 514 883 attribuunt
523 860 649 883 accusat:
661 855 745 890 ipsam
753 854 1040 883 omniuodivinitatem

247 902 369 938 passioni
383 902 438 929 vult
450 902 598 937 subjicere.
612 902 681 929 Cum
692 902 763 929 enim
778 902 813 930 sit
834 901 933 936 duplex
949 905 976 929 et
987 908 1049 928 ain-

247 946 327 981 bigua
338 945 439 981 opinio,
450 950 541 972 utrum
558 945 687 973 divinitas
702 954 735 972 an
748 945 902 973 humanitas
912 953 1040 981 perpessa

247 991 331 1019 fuerit
342 1001 348 1018 :
358 992 455 1018 borum
468 991 550 1018 unius
562 992 712 1024 accusatio,
726 991 786 1026 ejus
796 992 868 1027 quod
879 992 1041 1027 relinquitur

247 1037 328 1073 plane
350 1037 377 1064 tit
395 1037 577 1072 prazstructio.
607 1037 635 1064 Si
658 1037 740 1072 igitur
755 1045 803 1065 eos
820 1038 866 1073 qui
884 1038 1039 1073 passionem

248 1083 276 1110 in
293 1083 402 1110 homine.
416 1084 556 1110 intuentur
572 1087 714 1116 accusant,
729 1083 789 1110 illos
803 1091 916 1118 prorsus
923 1082 968 1117 qui
979 1083 1039 1110 Filii

249 1128 420 1156 divinitatem
448 1128 604 1163 passibilem
633 1129 746 1160 dicunt,
774 1128 932 1156 laudabunt.
962 1128 1038 1160 Ouod

249 1177 337 1201 autem
355 1177 495 1206 astruitur,
511 1174 690 1209 patrocinium
707 1174 883 1203 absurditatis
903 1174 1040 1209 dogmatis

248 1221 369 1255 ipsorum
385 1220 509 1247 edicitur.
530 1220 558 1248 Si
579 1221 650 1247 enim
665 1221 744 1256 juxta
764 1220 874 1249 illorum
907 1221 1038 1248 rationem

247 1267 351 1300 patitur
363 1265 423 1293 Filii
439 1266 583 1300 divinitas;
606 1266 697 1294 Patris
714 1272 779 1294 vero
801 1267 828 1294 in
844 1267 919 1294 omni
936 1267 1046 1302 impas-.

248 1313 378 1340 sibilitate
405 1313 557 1341 secundum
577 1314 724 1340 essentiam
744 1313 919 1341 custoditur:
939 1312 1040 1348 impas-

249 1359 337 1387 sibilis
374 1359 457 1394 igitur
502 1363 599 1386 natura
634 1359 668 1386 ab
707 1367 739 1387 ea
773 1367 833 1395 qum
868 1359 1039 1394 perpessioni

249 1405 366 1432 obnoxia
394 1409 436 1433 est
467 1406 612 1433 alienatur.
637 1405 866 1441 Quandoquidem
889 1406 941 1433 hoc
965 1405 1040 1441 quod

248 1450 359 1482 dicitur,
387 1455 520 1486 quantum
552 1449 643 1477 verbis
671 1450 921 1483 circumsciribitur,
957 1449 1040 1478 breve

250 1496 359 1532 quidem
375 1501 428 1530 est,
446 1496 491 1524 sed
511 1497 600 1524 omnis
615 1497 640 1524 in
661 1497 787 1532 dogmate
805 1497 951 1532 pravitatis
965 1497 1040 1532 prin-
1053 1503 1074 1532 ς

249 1543 319 1577 cipia
333 1536 360 1570 et
374 1543 541 1578 hypotheses
557 1543 679 1578 prrebet:
698 1543 802 1576 justum
821 1543 903 1570 fuerit
921 1544 1037 1572 lectores

250 1596 303 1615 non
321 1595 481 1622 responsum
497 1588 638 1615 concisum
657 1592 684 1614 et
710 1588 802 1619 breve,
819 1589 866 1616 sed
882 1589 954 1623 quod
974 1589 1038 1616 vali-

249 1632 314 1658 dum
339 1636 380 1659 est
406 1636 432 1658 et
457 1636 544 1659 tutum
574 1633 724 1667 postulare.
751 1632 807 1660 Nos
842 1633 924 1669 igitur
948 1642 1036 1670 neque

250 1675 352 1703 homini
373 1676 489 1703 salutem
520 1681 643 1703 nostram
667 1677 859 1708 attribuimus.
882 1686 971 1713 neque
996 1679 1036 1706 in-

248 1719 454 1756 corruptibilem
483 1723 510 1749 et
542 1722 662 1749 divinam
696 1728 822 1750 naturam
854 1724 993 1758 patibilem
1009 1729 1035 1752 et

248 1766 452 1801 corruptibilem
467 1774 527 1795 esse
540 1765 718 1799 admittimus,
732 1767 777 1794 sed
790 1768 916 1802 quoniam
934 1769 1035 1797 divinis

247 1812 361 1839 vocibus
395 1812 508 1839 omnino
544 1817 570 1839 et
602 1812 790 1840 indubitanter
815 1818 923 1848 oportet
954 1814 1033 1842 tidem

247 1856 357 1889 habere,
390 1862 450 1892 quae
477 1858 560 1885 Deum
601 1856 720 1885 Verbum
752 1859 778 1886 in
810 1860 945 1896 principio
974 1868 1035 1888 esse

246 1904 405 1935 praedicant,
433 1909 494 1939 post
519 1912 583 1931 vero
599 1904 717 1932 Verbum
741 1913 851 1932 carnem
879 1905 980 1933 factum
1006 1906 1034 1933 in

246 1953 318 1976 terra
334 1950 422 1976 visum
439 1957 500 1977 esse
520 1954 546 1976 et
566 1957 627 1976 cum
645 1949 801 1978 hominibus
829 1954 1031 1983 conversatum,

246 1996 438 2023 convonientes
455 1996 515 2022 voci
525 1995 624 2022 divina:
633 1996 759 2023 notiones
770 1997 796 2023 in
808 1996 859 2024 [ide
871 1997 1030 2032 accipimus.

244 2040 312 2067 Cum
336 2041 407 2068 enim
433 2041 570 2072 audimus.
592 2041 663 2075 quod
688 2041 734 2068 lux
750 2047 801 2073 est,
828 2046 855 2069 et
880 2042 979 2074 virtus,
1006 2047 1033 2070 et

241 2086 359 2120 justitia,
376 2090 403 2113 et
416 2086 480 2118 vita,
495 2090 521 2113 et
534 2087 645 2118 veritas,
665 2087 793 2121 quodque
818 2087 909 2114 omnia
925 2096 973 2122 per
990 2089 1031 2123 ip-

244 2139 304 2158 sum
336 2132 406 2158 facta
440 2135 514 2163 sunt,
545 2132 601 2158 haec
632 2132 722 2158 omnia
755 2136 783 2159 et
816 2133 950 2167 ejusmodi
980 2133 1032 2161 tide

965 669 1053 704 Atque

1090 213 1172 247 πίνης
1185 212 1292 246 φύσεως
1302 209 1371 238 εἷναι
1381 210 1430 246 τὴν
1441 209 1628 245 σωτήριοντοῦ
1638 208 1751 244 Χριστοῦ
1760 210 1850 246 δύναμιν

1090 258 1284 294 ὁμολογοῦμεν,
1299 257 1350 292 ἤδη
1367 257 1397 283 τὸ
1409 256 1497 291 δόγμα
1509 256 1563 282 τῶν
1579 255 1743 282 ὑπεναντίων
1758 256 1785 281 τὸ
1798 256 1851 283 κατᾶ

1091 304 1140 338 τῆς
1158 303 1287 338 ἀληθείας
1302 302 1474 338 κρατύνεταιι
1494 301 1556 332 Τοῖς
1573 301 1622 336 μὲν
1637 300 1691 336 γὰρ
1706 301 1796 333 σκοπός
1808 302 1850 328 tm

1091 349 1134 376 διὰ
1152 349 1261 376 πάντων
1276 348 1480 375 κατασκευάσαι
1497 347 1547 382 τὴν
1569 348 1618 382 τῆς
1638 346 1731 378 οὐσίας
1749 347 1791 373 τοῦ
1804 347 1850 373 lia]

1080 393 1159 429 ἱπρὸς
1174 393 1222 428 τὴν
1239 393 1285 419 τοῦ
1306 392 1412 428 [ἰατρὸς
1435 391 1623 428 ἀλλοτρίωσιν,
1642 391 1689 417 καὶ
1703 392 1731 417 οὺ
1749 392 1816 427 μόνον
1828 394 1850 427 τῇ

1090 439 1136 466 τοῦ
1151 437 1283 474 γεννητοῦ
1299 438 1367 474 πρὸς
1384 437 1415 464 τὸ
1430 437 1578 473 ἀγέννητον
1598 437 1736 472 διαστολῇ,
1751 437 1808 463 ἀλλὰ
1819 438 1852 463 καὶ

1089 487 1122 520 τῇ
1139 485 1184 512 τοῦ
1207 485 1329 520 παθητοῦ
1346 485 1416 520 πρὸς
1437 478 1466 512 τδ
1481 478 1585 515 ἀπαθὲς
1599 483 1752 515 ἀντιθέσει,
1768 483 1793 509 τὸ
1807 483 1850 508 κατ’

1089 531 1182 558 οὐσίαν
1197 531 1320 566 ἀνόμοιον
1334 529 1520 557 ἀποδεικνύειν
1531 529 1719 561 σπουδάζουσι.
1734 529 1784 554 Καὶ
1794 528 1851 554 τοῦτο

1093 578 1212 613 γυμνότε
1216 586 1263 613 ρον
1279 577 1328 613 μὲν
1345 578 1374 604 ὲν
1386 578 1442 609 τοῖς
1455 576 1621 608 τελευταίοις
1632 575 1679 602 τοῦ
1701 575 1776 610 λόγου
1788 583 1852 601 κατα-

1093 623 1264 656 σκευάζεται.

1093 668 1145 696 hoc
1163 669 1190 696 in
1214 668 1362 703 postremis
1381 667 1517 695 sermonis
1540 667 1665 702 partibus
1692 667 1786 694 nudius
1803 673 1853 694 con-

1133 753 1253 793 Φανερὸν
1268 758 1296 785 δὲ
1313 757 1360 784 καὶ
1376 757 1419 784 διὰ
1435 757 1488 784 τῶν
1504 757 1551 784 νῦν
1571 757 1724 793 λεγομένων
1738 759 1782 794 οὑχ
1793 756 1852 795 ﬁuit

1093 805 1179 832 ἐστιν.
1195 805 1226 830 Et
1240 803 1295 839 γὰρ
1311 804 1430 830 αἰτιᾶται
1451 804 1515 835 τοὺς
1527 803 1557 830 τὸ
1575 804 1662 836 πάθος
1676 806 1710 841 τῇ
1726 805 1852 840 ἀνθρωπίνῃ

1091 850 1171 884 φύσει
1184 848 1360 880 ἀνατιθέντας
1370 870 1376 881 ,
1391 849 1514 884 βούλεται
1531 850 1640 881 πάντως
1651 850 1735 886 αὐτὴν
1745 851 1781 886 τῷ
1795 851 1854 877 πάθει

1092 895 1244 930 ὑπαγαγεῖν
1255 895 1304 931 τὴν
1316 895 1447 931 Θεότητα.
1463 895 1565 931 Διπλῆς
1577 896 1631 931 γὰρ
1645 896 1729 932 οὔσης
1741 898 1782 924 καὶ
1793 898 1853 932 ἀμφι-

1091 941 1168 967 ϐόλου
1180 941 1230 976 τῆς
1247 940 1417 976 ὑπολήψεως,
1432 941 1487 968 εἴτε
1502 941 1532 968 τὸ
1542 936 1618 969 δεῖον
1630 943 1687 969 εῐτε
1701 943 1730 970 τὸ
1744 943 1853 979 ἀνθρώπι-

1092 994 1137 1012 νον
1153 987 1183 1013 ὲν
1205 985 1286 1012 πάθει
1301 986 1422 1020 γέγονεν,
1437 987 1453 1021 ὴ
1475 985 1521 1012 τοῦ
1539 987 1597 1019 ἑνὸς
1612 989 1771 1023 κατηγορία,
1791 997 1853 1015 κατα-

1092 1031 1176 1067 σκευὴ
1189 1033 1299 1064 πάντως
1312 1031 1359 1059 τοῦ
1376 1031 1537 1067 λειπομένου
1553 1032 1668 1067 γίνεται.
1686 1034 1717 1060 Et
1732 1034 1810 1060 τοίνυν
1823 1035 1851 1059 αξη

1090 1077 1200 1105 τιῶνται
1216 1078 1278 1109 τοὺς
1289 1078 1319 1104 τὸ
1331 1078 1415 1109 πάθος
1430 1079 1495 1113 περὶ
1507 1078 1551 1105 τὸν
1566 1078 1712 1113 ἄνθρωπον
1725 1079 1853 1115 βλέποντας.

1091 1124 1264 1151 ἐπαινέσουσι
1281 1123 1389 1155 πάντως
1401 1124 1464 1155 τοὺς
1480 1124 1589 1160 ἐμπαθῆ
1607 1124 1740 1159 λέγοντας
1752 1125 1793 1152 τοῦ
1807 1125 1854 1152 1⁸ῐοῦ

1090 1170 1139 1205 τὴν
1160 1169 1285 1205 θεότητα,
1309 1168 1345 1195 Τὸ
1367 1169 1395 1195 δὲ
1419 1169 1707 1205 κατασκευαζόμενον,
1736 1170 1854 1206 συνηγορῖα

1090 1215 1140 1249 τῆς
1164 1213 1210 1241 τοῦ
1231 1215 1365 1250 δόγματος
1391 1215 1480 1241 αὐτῶν
1502 1215 1615 1248 ἀτοπίας
1637 1217 1753 1249 γίνεται.
1778 1218 1803 1244 ΕΞ
1817 1220 1854 1251 γὰρ

1091 1261 1192 1296 πάσχει
1212 1261 1260 1295 μὲν
1279 1260 1350 1287 κατὰ
1363 1260 1408 1286 τὸν
1426 1260 1505 1294 λόγον
1527 1261 1618 1287 αὐτῶν
1635 1261 1684 1288 τοῦ
1702 1262 1762 1288 Υίοῦ
1777 1263 1791 1296 ἡ
1814 1262 1855 1288 θεὸ-

1091 1315 1139 1341 της
1152 1314 1158 1321 ·
1175 1307 1191 1341 ὴ
1207 1306 1235 1332 δὲ
1249 1306 1296 1332 τοῦ
1314 1305 1420 1342 Πατρὸς
1441 1306 1469 1332 ὲν
1486 1305 1606 1341 ἀπαθείᾳ
1626 1307 1705 1343 πάσῃ
1719 1307 1854 1341 φυλάσσεται

1091 1352 1162 1380 κατὰ
1189 1352 1238 1387 τὴν
1263 1351 1357 1379 οὐσίαν
1372 1360 1378 1366 ·
1408 1353 1424 1387 ἡ
1443 1351 1553 1386 ἀπαθὴς
1569 1352 1623 1387 ἄρα
1642 1353 1726 1387 φύσις
1748 1353 1808 1388 πρὸς
1821 1352 1855 1386 τὴν

1091 1398 1316 1434 παραδεχομένην
1333 1398 1364 1424 τὸ
1386 1397 1471 1430 πάθος
1495 1398 1643 1434 ἀλλοτρίως
1673 1400 1740 1435 ἔχει.
1771 1400 1854 1433 Ἐπειδὴ

1090 1444 1180 1471 τοίνυν
1195 1443 1281 1480 βραχὺ
1298 1444 1346 1479 μὲν
1366 1445 1427 1471 ὅσον
1448 1445 1476 1470 ὲν
1493 1446 1525 1480 τῇ
1542 1447 1704 1481 περιγραφῇ
1721 1446 1772 1473 τῶν
1786 1446 1855 1482 ῥημά-

1090 1499 1144 1517 των
1159 1491 1217 1516 ἐστὶ
1232 1490 1261 1516 τὸ
1275 1489 1428 1525 λεγόμενον,
1445 1490 1536 1526 πάσης
1549 1491 1577 1517 δὲ
1591 1491 1641 1526 τῆς
1666 1493 1732 1527 περὶ
1751 1492 1777 1518 τι
1790 1487 1854 1525 δόγμα

1092 1536 1190 1567 κακίας
1203 1535 1252 1567 τὰς
1272 1535 1359 1571 ἀρχὰς
1373 1536 1421 1562 καὶ
1441 1535 1491 1568 τὰς
1504 1536 1646 1568 ὑποθέσεις
1663 1539 1816 1573 παρέχεται,
1829 1538 1855 1563 r35-

1091 1590 1168 1608 καιον
1183 1582 1215 1608 ἂν
1229 1581 1270 1616 εἴη
1287 1581 1350 1612 τοὺς
1366 1581 1578 1616 ἐντυγχάνοντας
1594 1582 1632 1617 μὴ
1647 1583 1679 1609 τὸ
1691 1583 1811 1619 σύντομον
1822 1584 1855 1617 ςῆέ

1091 1627 1270 1662 ἀποκρίσεως,
1290 1625 1358 1652 ἀλλὰ
1373 1626 1402 1652 τὸ
1421 1626 1540 1660 ἀσφαλὲς
1555 1628 1694 1654 ἀπαιτεῖν.
1716 1620 1803 1664 Ἡμεῖς
1816 1628 1855 1654 τοῖ-

1090 1680 1136 1698 νυν
1151 1671 1211 1698 οὔτε
1227 1670 1362 1707 ἀνθρώπῳ
1375 1671 1424 1706 τὴν
1440 1672 1576 1708 σωτηρίαν
1589 1674 1696 1701 ἑαυτῶν
1709 1674 1855 1709 ἀνα-τίθεμεν.

1089 1716 1150 1742 οὔτε
1168 1716 1215 1752 τὴν
1233 1716 1371 1752 ἀκήρατον
1388 1718 1434 1743 καὶ
1450 1717 1526 1744 θείαν
1540 1719 1621 1752 φύσιν
1636 1720 1749 1755 ἐμπαθῆ
1762 1720 1802 1747 καὶ
1814 1719 1856 1745 ἐπί-

1090 1771 1173 1798 κηρον
1193 1761 1261 1789 εἶναι
1276 1763 1493 1798 καταδεχόμεθα·
1510 1764 1567 1790 ἀλλ’
1591 1765 1688 1801 ἐπειδὴ
1705 1766 1756 1802 χρὴ
1773 1765 1855 1794 πάντως

1089 1809 1226 1836 πιστεύειν
1240 1811 1299 1841 ταῖς
1314 1809 1400 1841 Θείαις
1423 1811 1525 1844 φωναῖς
1537 1830 1544 1842 ,
1563 1811 1591 1837 αἳ
1613 1811 1681 1838 Θεὸν
1698 1813 1742 1839 τὸν
1763 1814 1788 1839 ὲν
1802 1812 1854 1845 ἀρχῇ

1088 1855 1154 1882 ὂντα
1169 1856 1254 1890 Λόγον
1271 1855 1470 1891 κηρύσσουσιν·
1490 1857 1557 1892 μετὰ
1578 1858 1667 1884 ταῦτα
1688 1860 1718 1886 δὲ
1737 1859 1778 1886 τὸν
1790 1859 1854 1891 Λόγου

1090 1903 1179 1937 σάρκα
1193 1902 1338 1937 γενόμενον
1353 1902 1398 1928 εει
1419 1902 1470 1937 τῆς
1483 1903 1534 1938 γῆς
1548 1899 1666 1938 ὀφθῆναι
1681 1925 1688 1935 ,
1706 1905 1751 1931 καὶ
1763 1906 1812 1935 τοῖς
1821 1903 1855 1929 ἀν-

1089 1946 1208 1982 θρώποις
1223 1946 1490 1981 συναναστραφῆναι,
1514 1947 1548 1973 τὰ
1571 1949 1718 1984 πρόσφορα
1734 1949 1778 1984 τῆς
1799 1947 1854 1976 θείας

1088 1993 1179 2028 φωνῆς
1192 1993 1314 2028 νοήματα
1330 1993 1362 2027 τῇ
1379 1993 1468 2018 πίστει
1488 1992 1635 2028 δεχόμεθα,
1661 1995 1746 2021 Ὅταν
1759 1995 1802 2030 μὲν
1815 1993 1854 2027 γὰρ

1087 2039 1230 2074 ἀκούωμεν
1242 2039 1282 2065 ὅτι
1298 2038 1355 2072 φῶς
1368 2039 1437 2070 ἐστι,
1451 2039 1498 2065 καὶ
1509 2039 1633 2075 δύναμις,
1647 2041 1695 2067 καὶ
1710 2040 1852 2073 δικαιοσύνη.

1087 2086 1133 2112 καὶ
1142 2085 1208 2121 ζωὴ,
1221 2085 1267 2111 καὶ
1278 2084 1399 2120 ἀλήθεια,
1411 2085 1458 2111 καὶ
1469 2086 1509 2111 ὅτι
1522 2085 1610 2113 πάντα
1618 2087 1652 2112 δι’
1662 2087 1744 2114 αὐτοῦ
1757 2086 1852 2120 ἐγένετο*

1087 2132 1174 2159 πάντα
1189 2131 1274 2158 ταῦτα
1291 2132 1338 2158 καὶ
1355 2132 1388 2158 τὰ
1410 2131 1522 2158 τοιαῦτα
1539 2133 1621 2159 πιστᾶ
1648 2134 1811 2168 ποιούμεθα,
1824 2133 1852 2162 εἰς

243 2177 324 2212 digna
336 2181 362 2203 et
376 2181 452 2203 certa
470 2176 585 2204 facimus
597 2177 629 2204 ad
643 2176 760 2204 Verbum
772 2178 855 2205 Deum
869 2178 1029 2207 referentes.

1087 2177 1128 2204 τὸν
1145 2178 1229 2211 Λόγον
1245 2176 1291 2203 τὸν
1311 2177 1377 2204 Θεδν
1400 2177 1592 2214 ἀναφέροντες.
1613 2179 1700 2206 Ὅταν
1723 2180 1750 2206 δὲ
1772 2179 1850 2212 λύπην.

243 2222 310 2249 Cum
326 2229 390 2248 vero
400 2222 531 2253 dolorem,
546 2225 572 2248 et
585 2229 722 2255 somnum,
734 2226 761 2248 et
775 2227 932 2257 egestatem,
950 2224 1031 2251 etiam

244 2266 439 2300 turbationem,
453 2270 480 2294 et
506 2267 638 2300 vincula,
666 2271 693 2294 et
724 2268 827 2298 clavos.
847 2274 874 2295 et
896 2269 1030 2301 lanceam,

243 2317 269 2339 et
287 2313 459 2346 sanguinem,
488 2316 514 2340 et
529 2313 652 2345 vulnera,
670 2317 696 2340 et
721 2314 900 2348 sepulturam,
920 2318 947 2342 et
971 2323 1030 2342 mo-

244 2360 420 2388 numentum,
449 2360 477 2384 et
511 2365 681 2392 quaecunque
712 2359 765 2385 alia
798 2359 948 2393 ejusmodi,
978 2360 1030 2387 etsi

243 2404 319 2436 prius
339 2402 543 2435 demonstratis,
561 2404 641 2431 modo
659 2404 853 2432 subcontrario
875 2405 977 2432 habere
1001 2413 1031 2434 se

242 2447 399 2474 videantur:
412 2448 591 2476 nihilominus
607 2453 634 2476 et
649 2449 699 2477 [ide
709 2450 790 2484 digna
806 2455 893 2484 certa,
909 2459 1031 2486 veraque

242 2493 417 2526 nﬂirmamus,
428 2494 462 2521 ad
477 2502 587 2521 carnem
600 2499 765 2530 spectantes,
780 2504 862 2530 quam
873 2504 921 2531 per
937 2497 1016 2524 [idem

242 2546 303 2566 cum
328 2539 411 2566 verbo
436 2541 603 2575 accepimus.
630 2541 865 2574 Quemadmodum
888 2550 942 2570 non
967 2543 1030 2572 licet

241 2585 332 2613 carnis
349 2585 531 2620 proprietates
547 2587 574 2614 in
592 2585 682 2614 Verbo
696 2587 769 2622 quod
782 2588 878 2615 eratin
894 2588 1028 2623 principio

241 2631 437 2666 contemplari:
456 2633 496 2659 sic
510 2636 616 2664 contra,
635 2641 724 2668 neque
738 2640 769 2660 ea
786 2641 847 2668 qua:
874 2639 940 2661 sunt
959 2635 1029 2662 divi-

243 2677 335 2702 nitatis
348 2676 468 2711 propria,
483 2676 509 2703 in
531 2680 629 2704 natura
645 2677 738 2705 carnis
750 2677 791 2705 fas
807 2682 849 2706 est
863 2678 1025 2713 intelligere.

240 2723 421 2755 Quamobrem
447 2732 509 2751 cum
530 2724 564 2752 de
592 2724 705 2752 Domino
728 2725 853 2752 doctrina
870 2726 1027 2760 evangelica

240 2767 276 2794 sit
287 2768 377 2800 mista,
394 2774 421 2796 et
435 2778 466 2796 ex
492 2770 667 2801 sublimibus,
689 2770 798 2806 Deoque
815 2771 1025 2806 quadrantibus,

240 2817 321 2849 atque
336 2821 367 2842 ex
389 2815 537 2844 humilibus
552 2823 696 2852 utrumque
718 2817 900 2850 intellectum,
917 2817 1026 2852 utrique

1083 2223 1131 2250 καὶ
1145 2222 1239 2254 ὒπνον,
1256 2222 1304 2249 καὶ
1319 2222 1432 2255 ἔνδειαν,
1446 2224 1492 2250 καὶ
1504 2224 1636 2260 ταραχὴν,
1653 2226 1702 2252 καὶ
1714 2226 1803 2260 δεσμὰ,
1818 2223 1851 2250 καὶ

1083 2269 1174 2304 ἥλους,
1193 2269 1238 2295 καὶ
1250 2268 1360 2303 λόγχην,
1377 2270 1425 2295 καὶ
1442 2267 1521 2304 αἷμα,
1538 2270 1584 2296 καὶ
1596 2270 1752 2305 τραύματα.
1766 2270 1851 2297 καὶτι-

1083 2315 1146 2350 φὴν,
1161 2315 1207 2341 καὶ
1218 2316 1359 2349 μνημεῖον,
1371 2315 1417 2341 καὶ
1425 2315 1476 2341 ὅσα
1489 2315 1555 2342 ἄλλα
1569 2316 1692 2349 τοιαῦτα,
1704 2317 1754 2343 κᾶν
1763 2317 1851 2342 {mam-

1082 2360 1146 2392 τίως
1168 2360 1218 2396 ἔχῃ
1233 2362 1287 2391 τοῖς
1309 2361 1587 2396 προαποδεδομένοις,
1601 2362 1679 2389 οὐδὲν
1696 2361 1774 2399 ἦττον
1787 2361 1851 2388 πιστά

1081 2415 1111 2432 τε
1134 2407 1180 2433 καὶ
1195 2407 1281 2442 ἀληθῆ
1301 2405 1370 2433 εἶναι
1391 2407 1525 2442 δεχόμεθα
1537 2428 1544 2440 ,
1566 2409 1634 2443 πρὸς
1647 2410 1698 2444 τὴν
1713 2410 1795 2445 σάρκα
1807 2406 1850 2442 βλέ-

1082 2461 1187 2484 ποντες,
1204 2453 1236 2488 ἣν
1251 2453 1284 2488 τῇ
1301 2453 1391 2479 πίστει
1408 2453 1477 2488 μετὰ
1492 2453 1538 2481 τοῦ
1554 2454 1633 2488 λόγου
1651 2453 1848 2489 παρεδεξάμεθι

1088 2497 1131 2528 Ὠς
1141 2498 1192 2524 οὐκ
1204 2497 1261 2524 ἐστι
1274 2498 1308 2525 τὰ
1320 2498 1370 2532 τῆς
1383 2499 1484 2533 σαρκὸς
1500 2498 1632 2534 ἰδιώματα
1641 2500 1680 2536 τῷ
1688 2502 1717 2527 ὲν
1730 2501 1794 2536 ἀρχῇ
1806 2498 1849 2524 5w:

1081 2543 1301 2579 ἐπιθεωρηθῆναι
1323 2543 1402 2579 Λόγῳ
1413 2552 1420 2558 ·
1436 2544 1521 2575 οὕτως
1540 2543 1572 2572 αὖ
1588 2546 1671 2572 πάλιν
1683 2546 1745 2573 οὐδὲ
1766 2545 1795 2571 τὰ
1813 2543 1849 2576 τῆς

1081 2589 1206 2623 θεότητος
1225 2588 1277 2615 ἴδια
1296 2590 1326 2615 ὲν
1350 2590 1383 2625 τῇ
1399 2589 1449 2624 τῆς
1465 2590 1566 2625 σαρκὸς
1589 2591 1670 2626 φύσει
1694 2590 1847 2624 κατανοῆσαι.

1080 2634 1125 2661 Διὸ
1147 2634 1323 2670 μεμιγμένης
1340 2635 1391 2669 τῆς
1413 2636 1592 2671 εὐαγγελικῆς
1610 2637 1674 2672 περὶ
1694 2637 1741 2663 τοῦ
1764 2635 1848 2671 Κυρίσι

1079 2678 1252 2710 διδασκαλίας
1271 2679 1315 2706 διά
1330 2688 1359 2706 τε
1385 2680 1439 2707 τῶν
1461 2681 1571 2716 ὑψηλῶν
1591 2690 1620 2707 τε
1643 2682 1690 2708 καὶ
1712 2679 1848 2716 θεοπρεπῶν

1080 2725 1126 2751 καὶ
1141 2725 1185 2751 διὰ
1196 2725 1249 2751 τῶν
1269 2726 1414 2759 ταπεινῶν,
1434 2727 1563 2763 ἑκάτερον
1576 2727 1631 2754 τῶν
1645 2728 1784 2763 νοημάτων
1798 2727 1847 2752 ἑκε·
1889 2755 1890 2758 η

1078 2771 1150 2806 τέρῳ
1169 2771 1222 2798 τῶν
1247 2772 1276 2799 ἐν
1298 2772 1337 2808 τῷ
1359 2774 1503 2809 μυστηρίῳ
1524 2775 1676 2810 νοουμένων
1694 2773 1846 2807 καταλλήλυὸ

1080 2817 1244 2852 ἁρμόζομεν,
1263 2818 1292 2845 τὸ
1305 2819 1354 2854 μὲν
1368 2819 1537 2855 ἀνθρώπινον
1551 2821 1590 2857 τῷ
1605 2822 1779 2856 ἀνθρωπίνῳ.
1790 2817 1845 2846 τὺδὲ
