1920 3073
32 116 78 144 't2l
584 115 726 145 CONTRA
748 115 944 148 EUNOMIUM,
965 116 1030 144 LIB.
1053 117 1096 145 Vl.

1607 115 1660 143 τυ

34 173 82 208 tu}
92 171 138 198 τὸν
161 172 189 199 ἒν
212 172 250 208 τῷ
267 172 353 209 [Ia-:91
368 172 441 206 ὅντα,
462 172 541 200 αὐτὴν
560 173 664 201 ἐκεῖνον
686 175 815 210 ἑωρακὼς

872 183 975 210 semper
1001 175 1083 202 idem.
1109 174 1142 201 Et
1166 174 1188 203 si
1216 174 1268 202 hoc
1295 173 1407 206 videris,
1432 174 1521 209 ipsum
1550 172 1659 201 Pati-rm

34 220 104 246 ίεται
114 218 161 246 τδν
175 216 233 254 ὲνῷ
243 220 308 255 εἰμι,
321 219 360 255 τῷ
372 220 417 247 τὸν
427 220 507 247 αὑτὸν
517 221 679 257 χαρακτῆρα
696 221 745 256 τῆς
758 221 817 247 θεό-

34 273 108 299 τητος
121 264 164 290 ἐπ’
178 264 280 300 ἀμφοῖν
291 266 467 302 καθορᾶσθαι.
494 266 549 302 Τὴν
562 264 607 293 οὖν
622 267 758 302 ἀκήρατον
771 267 818 294 καὶ

34 310 122 345 ἀπαθῆ
136 311 182 337 καὶ
198 310 325 338 ἄκτιστον
346 312 436 346 φύσιν,
458 313 487 340 ὲν
508 313 546 348 τῷ
564 312 678 348 παθητῷ
696 314 746 349 τῆς
760 313 818 340 κτί-

36 364 100 388 σεως
117 357 282 392 γεγενῆσθαι
301 358 482 390 πιστεύοντες,
508 359 553 386 καὶ
568 360 599 385 ὲκ
612 359 714 386 τούτων
729 359 819 386 νοοῦν-

33 411 75 434 τες
99 401 145 438 τὴν
174 402 335 430 ἀλλοίωσινο
360 404 419 436 πῶς
444 404 524 431 αὑτὸν
550 405 589 436 εἰς
615 405 710 431 ἑαυτὸν
738 413 818 432 κεκε-

34 447 129 474 νῶσθαι
148 447 238 482 λέγειν
262 449 489 485 κατηγορούμεθα
525 450 600 486 παρὶι
614 450 667 477 τῶν
692 450 738 476 τὸν
754 450 819 476 ἴδιον

32 491 105 526 λόγον
118 493 175 523 τοῖς
192 493 336 529 ἡμετέροις
355 494 486 529 δόγμασιν
501 495 752 530 ἐπιορυλλούντωνς
765 495 817 521 Τοῦ

32 537 82 572 γὰρ
101 538 209 564 κτιστοῦ
226 539 293 573 πρὸς
314 539 359 565 τὸν
379 540 488 566 κτιστον
512 541 529 576 ἡ
546 540 681 573 κοινωνία,
706 541 818 576 οὐδεμία

32 583 116 616 δεξιᾶς
143 585 217 611 ἐστιν
237 584 389 618 ἀλλοίωσις.
431 585 550 622 Κτιστὴν
577 586 630 622 γὰρ
656 586 746 620 δεξιὰν
770 587 819 621 τῆς

32 629 152 656 ἀκτῖσι-ου
169 630 275 664 φύσεως
287 631 386 665 λέγειν,
400 632 531 668 Εὐνομίαν
546 632 637 668 μόνου,
653 633 700 659 καὶ
716 633 770 659 τῶν
784 632 817 659 τὰ

32 676 105 710 ὃμοια
128 676 217 711 τούτῳ
241 677 410 712 φρονούντων
431 678 513 705 ἐστίν.
549 679 578 705 '0
603 679 657 714 γὰρ
676 678 814 714 ὀςρθαλμὺν

33 721 94 757 ἔχων
107 722 177 758 πρὸς
193 723 242 758 τὴν
258 723 385 758 ἀλήθειαν
400 723 540 758 βλέποντα,
551 723 607 751 οἷον
624 724 670 751 τὸν
688 724 818 759 Ὕψιστον

32 769 86 803 ὁρᾷ,
98 768 228 804 τοιαύτην
243 768 289 795 καὶ
301 769 351 804 τὴν
367 769 455 802 δεξιὰν
465 769 645 804 τοῦΎψίστου
661 769 817 804 κατόψεται,

32 814 154 841 ἅχτιστον
164 813 302 846 ἀκτίστου,
315 814 418 849 ἀγαθοῦ
431 815 546 851 ἀγαθὴν,
560 815 646 842 ἀϊδίου
660 815 754 848 ἀΐδιον,
769 823 818 850 μη-

32 860 70 886 δὲν
88 859 138 895 τὴν
155 862 294 898 ἁῖδιότητοι
316 860 363 888 τοῦ
385 861 521 896 γεννητῶς
547 859 616 888 εῖναι
632 861 716 896 αὐτὴν
734 861 762 887 ὲν
781 860 819 896 τῷ

33 907 112 942 Ila:sz
132 908 378 939 καταϐλάπτοντος.
396 907 476 934 Ὥστε
488 907 598 942 λέληθεν
616 907 712 934 ἑαυτὸν
726 907 740 933 ό
754 915 819 933 κατ-

32 953 121 987 ήγορος
132 955 189 985 τοῖς
198 953 271 986 ἰδίοις
277 953 391 980 ὀνείδεσι
403 952 461 979 καθ’
472 953 548 989 ἡμῶν
558 952 708 989 χρώμενος,
716 952 782 988 πρὸς
791 951 819 978 δὲ

30 999 85 1030 τοὺς
97 998 138 1034 τῷ
152 999 234 1026 πάθει
248 999 476 1035 προσπταίοντας,
496 999 544 1026 καί⁸
557 999 600 1026 διὰ
615 998 711 1026 τούτου
732 1007 819 1026 κατα-

31 1044 209 1076 σκευάζοντας
229 1044 279 1080 τὴν
300 1045 356 1072 τῶν
381 1044 480 1071 οὐσιῶν
506 1045 675 1080 ἑτερότητα·
705 1045 742 1076 ὼς
772 1044 819 1071 τοῦ

30 1089 132 1124 Πατρὸς
148 1090 198 1126 μὲν
213 1090 257 1117 διὰ
279 1091 308 1118 τὸ
324 1091 458 1126 ὑπερέχον
485 1091 536 1125 τῆς
552 1091 660 1125 φύσεως
683 1092 712 1118 οὺ
734 1099 818 1126 παρα-

30 1135 171 1170 δεχομένου
191 1136 222 1163 τὸ
246 1137 342 1169 πάθος,
361 1137 405 1163 τοῦ
427 1136 492 1164 Υίοῦ
517 1137 546 1163 δὲ
565 1136 609 1163 διὰ
634 1137 664 1163 τὸ
685 1136 817 1168 καταδεὲς

31 1183 72 1208 καὶ
86 1183 313 1219 παρηλλαγμένον
329 1184 397 1219 πρὸς
410 1182 457 1219 τὴν
470 1183 525 1210 τῶν
541 1183 710 1219 παθημάτων
723 1191 817 1209 κοινω-

30 1229 84 1255 νίαν
100 1229 294 1263 συγκατιόντος
300 1249 308 1257 μ

869 228 949 254 quem
975 220 1076 255 quaeris
1091 219 1196 252 videre,
1216 220 1336 247 intuitus
1355 228 1396 248 es.
1421 219 1474 253 Qui
1496 219 1568 246 enim
1592 219 1660 246 videt

869 274 909 292 me
925 265 967 299 ’⁸,
997 273 1050 293 non
1070 274 1133 293 eum
1159 266 1206 301 qui
1232 270 1343 301 apparet
1369 266 1397 293 in
1426 267 1588 297 mutatione,
1612 267 1659 293 sed

869 319 931 338 vere
950 319 1002 345 tne,
1020 312 1066 346 qui
1086 319 1147 339 sum
1171 311 1198 338 in
1223 311 1314 343 Patre,
1342 311 1428 347 ipsum
1456 313 1533 339 illurn
1558 312 1661 340 videbit

870 357 896 384 in
922 364 975 392 quo
998 365 1070 389 sum.
1091 357 1155 392 quia
1185 357 1256 385 idem
1288 357 1432 385 character
1453 357 1607 386 divinitatis
1631 359 1658 385 in

869 403 1000 430 ambobus
1015 403 1196 438 conspicitur.
1220 404 1403 432 Immortalem
1420 405 1503 440 igitur
1524 408 1551 432 et
1571 405 1659 438 impa-

870 448 974 475 tibilcm
996 453 1023 477 et
1047 449 1197 477 increatam
1220 453 1347 476 naturam
1364 449 1391 477 in
1407 450 1511 484 patibili
1531 455 1659 477 creatura

869 495 1023 527 credentes,
1040 499 1068 522 et
1085 494 1112 522 in
1134 494 1177 522 his
1195 495 1374 522 mutationem
1389 495 1581 531 intelligentes,
1592 503 1658 530 quo-

869 540 951 567 modo
976 541 1063 575 ipsum
1090 541 1116 568 in
1143 541 1265 577 seipsum
1292 541 1461 569 exinanitum
1480 550 1542 570 esse
1567 542 1659 570 dicere

870 585 1062 613 insitnulamur
1102 586 1136 613 ab
1155 587 1189 614 iis
1214 587 1261 622 qui
1281 595 1359 614 suam
1382 587 1514 614 rationem
1540 595 1594 622 prae
1610 595 1659 614 no-

870 632 934 659 stris
961 631 1082 660 decretis
1107 633 1268 661 venditant?
1286 633 1377 661 Creati
1393 634 1465 661 enim
1488 634 1521 661 ad
1537 639 1659 661 creatum

870 677 1038 709 communio,
1058 677 1134 704 nulla
1146 682 1189 706 cst
1205 677 1310 706 dextra:
1323 679 1447 706 mutatio.
1461 678 1528 706 Nam
1539 684 1659 706 creatam

869 721 992 749 dextram
1019 722 1146 750 increatze
1177 727 1283 752 naturae
1316 728 1471 757 autumare,
1504 725 1592 752 solius
1616 729 1659 752 est

869 767 1010 802 Eunontii,
1029 774 1056 798 et
1081 778 1177 798 eorum
1198 771 1244 805 qui
1262 771 1362 799 similia
1379 778 1442 798 cum
1465 779 1500 799 eo
1524 771 1658 798 sentiunt.

870 814 920 847 Qui
940 815 1013 842 enim
1033 816 1142 843 oculum
1163 816 1244 843 habet
1257 816 1291 843 ad
1306 815 1448 843 veritatem
1468 820 1656 848 contuentetn,

870 861 979 894 qualem
989 859 1162 889 Altissimum
1180 862 1262 895 videt,
1278 862 1359 890 talem
1379 866 1407 890 et
1425 861 1564 890 dexteram
1577 861 1659 890 Altis-

869 907 932 934 simi
952 908 1182 942 contemplabitur
1197 914 1204 932 :
1219 907 1367 936 iucrcatam
1385 908 1510 940 increati.
1533 908 1596 936 boni
1612 908 1659 935 bo-

869 959 943 984 nam,
968 956 1097 980 ;eternam
1116 954 1222 985 arterni,
1240 961 1302 980 cum
1321 953 1389 981 nihil
1405 954 1583 981 aeternitatem
1598 953 1658 988 ejus

868 997 1002 1030 oﬂ'endat,
1024 998 1096 1033 quod
1116 1006 1164 1033 per
1183 998 1294 1026 modum
1311 1000 1496 1034 generationis
1514 999 1551 1027 sit
1565 999 1594 1027 in
1607 999 1660 1026 Pa-

870 1049 922 1072 tre.
940 1043 1031 1078 Quare
1042 1044 1139 1072 fefellit
1152 1045 1272 1080 seipsum
1283 1049 1440 1077 accusator,
1459 1045 1523 1072 dum
1541 1045 1658 1080 propriis

869 1090 1004 1118 conviciis
1020 1095 1047 1117 et
1064 1090 1174 1126 probris
1193 1095 1289 1118 contra
1305 1099 1355 1119 nos
1373 1091 1470 1124 utitur,
1486 1091 1613 1119 nesciens
1629 1098 1659 1118 se

869 1136 922 1163 hoc
946 1135 1072 1171 proferre
1089 1136 1223 1164 adversus
1244 1144 1293 1164 eos
1315 1137 1362 1172 qui
1381 1138 1408 1164 in
1429 1137 1584 1172 passionem
1608 1136 1660 1163 im-

869 1183 995 1218 pingunt,
1011 1187 1037 1209 et
1049 1190 1096 1217 per
1110 1182 1162 1210 hoc
1175 1183 1357 1210 essentiarutn
1373 1183 1562 1211 diversitatem
1580 1182 1659 1218 (alte-

874 1229 993 1263 ritatem)
1021 1231 1188 1263 praestruunt
1202 1238 1209 1255 z
1234 1228 1313 1263 quasi
1330 1228 1409 1255 Pater
1423 1228 1533 1264 quidem
1550 1232 1658 1264 propter

30 1279 129 1302 natura:
167 1274 357 1302 excellentiam
384 1274 440 1303 sive
466 1275 639 1303 eminentiam
681 1276 837 1312 passionem
875 1283 930 1303 non
956 1274 1095 1308 admittat,
1124 1274 1211 1302 Filius
1237 1282 1300 1302 vero
1331 1278 1442 1310 propter
1466 1274 1603 1302 defectum
1632 1279 1661 1302 οι

31 1319 204 1347 immutatum
218 1323 320 1348 statum
344 1320 377 1347 ad
402 1322 610 1356 perpessionum
631 1324 853 1350 communionem
870 1320 1029 1349 descendat.

61 1365 155 1393 Ταῦτα.
170 1367 330 1401 προσθεῖναι
347 1366 478 1402 βούλομαι
499 1369 555 1400 τοῖς
578 1369 750 1404 εἰρημένοις,
775 1369 815 1396 ὅτι

30 1412 100 1439 οὐδὲν
115 1412 187 1441 κατὰ
209 1412 337 1448 ἀλήθειαν
350 1413 434 1446 πάθος
450 1414 523 1441 ἐστὶν
537 1414 551 1440 ὃ
567 1414 604 1450 μὴ
623 1416 663 1447 εἰς
680 1415 816 1450 ἁμαρτίαν

30 1459 112 1494 φέρει.
131 1459 200 1486 Οὐδὲ
223 1459 325 1494 κυρίως
341 1458 373 1486 ἄν
400 1468 441 1491 τις
462 1460 507 1487 τὸν
529 1460 678 1494 ἀναγκαῖον
695 1462 745 1496 τῆς
766 1461 817 1496 φύ-

902 1367 966 1394 llaec
984 1366 1066 1394 dictis
1089 1365 1209 1401 adjicere
1228 1367 1287 1395 rolo
1308 1376 1314 1395 :
1342 1366 1415 1402 quod
1443 1368 1596 1396 secundum
1612 1377 1659 1397 ve-

866 1414 975 1442 ritatem
998 1413 1074 1440 nulla
1099 1417 1142 1441 cst
1168 1413 1273 1448 passio,
1301 1422 1361 1449 quae
1387 1422 1442 1442 non
1462 1415 1494 1442 ad
1514 1420 1659 1450 peccatum

866 1459 946 1488 ferat.
978 1458 1072 1493 Neque
1098 1459 1210 1493 proprie
1242 1459 1305 1494 quis
1338 1460 1524 1487 necessariam
1555 1465 1661 1488 natura:

31 1513 94 1536 σεως
113 1505 210 1540 εἱρμὸν
228 1503 312 1536 πάθος
329 1504 412 1539 λέγοι,
429 1505 535 1540 βλέπων
558 1505 609 1541 ὁδῷ
627 1506 773 1541 προϊοῦσαν
789 1507 817 1532 ἐν

872 1506 978 1537 seriem,
991 1505 1087 1537 πάθος,
1105 1504 1131 1531 id
1143 1508 1185 1532 est
1198 1505 1366 1540 passionem,
1378 1512 1427 1532 seu
1444 1505 1572 1533 allectum
1585 1506 1661 1534 dixe-

30 1550 99 1583 τάξει
114 1551 169 1577 τινὶ
186 1550 232 1576 καὶ
244 1550 388 1586 ἀκολουθίᾳ
405 1551 453 1586 τὴν
469 1551 698 1586 σύνθετονφύσιν.
717 1552 748 1578 Ἥ
762 1551 816 1587 γὰρ

30 1595 80 1622 τῶν
99 1596 256 1631 ἑτεροφυῶν
283 1597 421 1631 στοιχείων
447 1597 514 1632 πρὸς
538 1598 640 1633 ἄλληλα
668 1598 815 1634 συνδρομὴ,

31 1641 96 1668 κατὰ
117 1641 169 1677 τὴν
192 1640 238 1667 τοῦ
256 1640 381 1676 σώματος
400 1642 477 1677 ἡμῶν
495 1644 676 1678 κατασκευὴν,
693 1643 816 1676 σύνθεσίς

32 1686 67 1718 τίς
84 1688 141 1714 ἐττι
156 1687 201 1714 διὰ
216 1687 348 1714 πλειόνων
366 1688 500 1723 ἀνομοίων
513 1689 696 1725 ἁρμοζομένη.
722 1690 800 1716 Ἐκλυ
810 1706 816 1710 -

32 1731 118 1768 θεέ-,της
137 1733 166 1760 δὲ
189 1733 228 1769 τῷ
250 1733 395 1769 καθήκοντι
413 1734 500 1770 καιρῷ
522 1736 570 1770 τῆς
585 1735 745 1771 συνδεούσης
768 1736 817 1771 τὴν

32 1777 81 1804 τῶν
105 1779 244 1814 στοιχείων
262 1779 415 1815 συνδρομὴν
437 1780 586 1816 ἁρμονίαις,⁵
605 1781 685 1808 πάλιν
710 1782 740 1808 τὸ
757 1781 818 1808 σύν-

33 1823 104 1850 θετον
123 1825 164 1855 εις
187 1824 220 1851 τὰ
242 1824 271 1857 ἐξ
297 1822 334 1852 ὢν
359 1826 521 1862 συνέστηκεν
538 1826 691 1855 ἀναλύεται.
717 1827 817 1862 Ἔργον

32 1865 75 1894 οὖν
92 1869 150 1896 ἐστι
166 1870 245 1896 τοῦτο
262 1869 372 1904 μᾶλλον,
388 1871 434 1897 καὶ¹
450 1871 510 1906 οὐχὶ
526 1871 611 1903 πάθος
627 1872 676 1906 τῆς
699 1871 816 1906 φύπως.

34 1913 117 1939 Μόνον
137 1913 193 1948 γὰρ
213 1913 243 1940 τὸ
256 1913 285 1946 ἐξ
299 1915 420 1941 ἐναντίου
435 1916 468 1951 τῇ
484 1916 554 1942 κατὰ
567 1916 616 1951 τὴν
632 1916 731 1952 ἀρετὴν
747 1917 817 1943 ἀποι-

34 1959 89 1995 θεῐᾳ
114 1960 269 1996 νοούμενον,
285 1961 389 1997 κυρίως
405 1961 644 1997 προσαγορεύομεν
666 1962 766 1993 πάθος·
788 1959 818 1989 οὗ

35 2005 77 2030 καὶ
91 2006 119 2031 ὲν
134 2006 168 2041 τῇ
186 2006 311 2041 κοινωνίᾳ
329 2006 380 2041 τῆς
402 2006 539 2041 ἡμετέρας
561 2007 667 2041 φύσεως
686 2008 818 2043 ἀμέτοχον

34 2050 165 2086 διαμεῖναι
188 2051 233 2078 τὸν
252 2052 301 2087 τὴν
321 2051 458 2087 σωτηρίαν
480 2052 545 2087 ἡμῖν
562 2052 740 2088 χαριζόμενον
769 2062 818 2080 πε-

35 2096 227 2132 πιστεύκαμεν,
246 2097 290 2124 τὸν
318 2098 536 2133 πεπειρασμένον
556 2098 625 2125 κατὰ
645 2099 732 2126 πάντα
759 2099 818 2127 καθ’

34 2143 176 2178 ὁμοιότητα
194 2144 276 2178 χωρὶς
296 2145 442 2179 ἁμαρτίας.
458 2145 511 2170 Τοῦ
535 2144 584 2180 μὲν
601 2142 647 2171 οῦν
664 2144 733 2172 κατὰ
753 2145 821 2181 ἁλή-

871 1550 916 1583 rit,
937 1554 1066 1584 spectans
1080 1550 1123 1577 via
1141 1550 1359 1585 progredientem
1381 1550 1408 1577 in
1426 1550 1526 1578 ordine
1541 1551 1660 1586 quodam

870 1599 896 1621 et
913 1594 1109 1621 eonsccutione
1122 1594 1302 1628 compositam
1316 1599 1452 1622 naturam.
1463 1595 1530 1622 Nam
1543 1596 1661 1624 elemen-

871 1644 962 1667 torum
984 1640 1084 1668 diversi
1108 1640 1219 1675 generis
1244 1640 1315 1667 inter
1335 1647 1366 1668 se
1389 1641 1538 1668 concursio
1550 1640 1583 1668 ad
1599 1648 1662 1669 cor-

871 1687 946 1722 poris
966 1686 1054 1714 nostri
1080 1686 1325 1717 constructionem,
1353 1686 1519 1721 compositio
1538 1687 1661 1722 quaedam

871 1737 913 1760 cst
933 1741 966 1760 ex
982 1733 1107 1767 pluribus
1129 1732 1313 1760 dissimilibus
1328 1738 1510 1767 congruenter
1533 1733 1661 1760 conlluta.

871 1777 1001 1806 Resoluta
1019 1780 1109 1804 autctn
1125 1776 1299 1804 convenienti
1316 1781 1449 1812 tempore.
1471 1785 1532 1812 quae
1543 1778 1663 1805 elemen-

871 1827 963 1850 torum
992 1829 1160 1850 cout-ursum
1193 1820 1341 1856 colligabat
1372 1820 1535 1853 harmonia;
1565 1828 1663 1848 rursus

871 1868 1055 1903 co:npositum
1071 1867 1098 1894 in
1114 1875 1144 1894 ea
1162 1874 1194 1894 ex
1215 1866 1315 1901 quibus
1333 1866 1476 1893 constabat
1491 1865 1660 1893 dissolvitur.

872 1912 930 1940 lloc
951 1913 1034 1948 igitur
1053 1916 1159 1939 natura:
1184 1912 1276 1946 potius
1294 1919 1364 1946 opus
1389 1916 1431 1938 est
1456 1919 1538 1946 quam
1565 1911 1651 1943 πάθος

873 1960 899 1988 id
921 1965 964 1988 est
991 1960 1094 1994 passio,
1121 1959 1178 1987 sive
1201 1958 1321 1985 aﬂ‘ectio.
1340 1957 1434 1984 Solum
1450 1959 1522 1984 enitn
1535 1958 1607 1992 quod
1629 1965 1661 1985 ex

872 2006 1011 2034 contrario
1023 2006 1047 2033 ei
1059 2012 1121 2040 qua:
1132 2003 1281 2032 secundum
1292 2003 1419 2030 virtutem
1432 2007 1485 2034 est,
1497 2004 1529 2038 τῇ,
1538 2002 1662 2038 ἀληθείᾳ,

872 2051 1084 2087 impassibilitati
1108 2050 1279 2085 intelligitur,
1307 2049 1418 2085 proprie
1444 2048 1661 2083 ardeae-massic-

873 2106 935 2126 nem
952 2105 1092 2130 vocamus,
1107 2097 1187 2132 cujus
1206 2096 1289 2123 etiam
1310 2096 1338 2122 in
1351 2094 1545 2124 communione
1562 2097 1663 2121 nostra:

874 2148 979 2171 natura:
999 2146 1138 2177 expertem
1157 2142 1344 2177 permansisse
1359 2148 1421 2168 eum
1434 2140 1479 2175 qui
1492 2140 1571 2168 nobis
1588 2140 1663 2168 sale-

36 2187 106 2215 θειαν
119 2189 231 2221 πάθους,
247 2189 261 2216 ὃ
278 2190 462 2226 προαιρέσεώς
479 2192 537 2218 ἐστι
562 2191 649 2223 νόσος,
672 2192 721 2218 οὐκ
749 2192 818 2218 ἐκοι-

873 2193 929 2217 tem
944 2189 1125 2224 gratiﬁcatur,
1139 2187 1319 2219 credidimus,
1337 2187 1383 2222 qui
1400 2195 1449 2222 per
1462 2187 1552 2214 omnia
1565 2194 1663 2214 secun-

36 2234 169 2270 νώνησεν·
200 2235 352 2270 Ἀλιαρτίαν
375 2238 441 2271 γὰρ,
471 2237 562 2273 φησὶν,
587 2238 643 2264 οὐκ
667 2237 820 2272 ἐποίησεν,

35 2280 102 2307 οὐδὲ
121 2281 228 2316 εὑρέθη
255 2282 345 2314 δόλος
362 2282 397 2309 ἐν
420 2283 460 2316 τῷ
486 2283 612 2318 στόματι
633 2284 746 2311 αὑτοῦ·
767 2283 822 2310 τῶν

35 2327 60 2353 δὲ
76 2328 125 2362 τῆς
150 2328 255 2362 φύσεως
277 2329 354 2364 ἡμῶν
381 2329 543 2365 ἰδιωμάτων,
566 2330 584 2357 ἃ
598 2330 642 2357 διά.
660 2339 734 2362 τινος
759 2338 823 2357 συν-

36 2374 127 2409 ⁴ηθείας
147 2375 192 2401 καὶ
217 2376 409 2411 καταχρήσεως
425 2376 576 2411 ὁμωνύμως
595 2376 704 2410 λέγεται
727 2376 798 2412 πάθη
813 2395 820 2408 ,

35 2419 134 2446 τούτων
155 2422 298 2456 μεταςχεῖν
319 2421 502 2457 ὁμολογοῦμεν
528 2423 572 2448 τὸν
593 2421 704 2458 Κύριον,
726 2422 823 2458 γεννή-

38 2473 112 2497 σεως,
138 2466 185 2492 καὶ
206 2467 317 2502 τροφῆς,
335 2467 382 2494 καὶ
399 2467 549 2503 αὐξήσεως,
568 2467 653 2494 ὕπνου
673 2476 702 2494 τε
718 2468 764 2494 καὶ
780 2467 826 2494 κό-

38 2519 94 2541 που,
112 2512 160 2538 καὶ
173 2512 222 2538 ὅσα
241 2513 306 2547 πρὸς
321 2512 370 2544 τὰς
385 2512 542 2548 σωματικὰς
558 2513 707 2549 ἀχθηδόνας
721 2514 737 2548 ἡ
752 2512 825 2548 ψυχὴ

39 2556 158 2589 Quanti);
180 2557 394 2583 συνδιατίθεσθαι
418 2557 534 2591 πέφυκε,
559 2557 609 2593 τὴν
625 2558 671 2585 τοῦ
691 2558 826 2588 ἐνδέοντος

40 2600 128 2634 ἔφεσιν
153 2602 183 2628 ἐκ
201 2602 246 2629 τοῦ
265 2601 388 2638 σώματος
413 2603 458 2629 ἐπὶ
474 2602 523 2639 τὴν
544 2602 631 2638 ψυχὴν
645 2603 694 2638 τῆς
708 2603 824 2637 ὀρέξεως

43 2646 229 2683 ῗιατεινούσης,
246 2649 293 2674 καὶ
313 2648 400 2683 λύπης
418 2648 554 2684 αἴσθησιν,
570 2649 617 2676 καὶ
632 2649 732 2676 δειλίαν
756 2650 823 2685 πρὸς

40 2692 162 2726 θάνατον,
178 2694 223 2720 καὶ
238 2694 287 2721 ὅσα
298 2693 418 2727 τοιαῦτα,
431 2694 499 2730 πλὴν
513 2696 536 2722 εί
553 2695 590 2730 μή
606 2704 633 2722 τι
651 2693 717 2731 πρὸς
732 2695 823 2730 ἀμαρ-

40 2738 97 2770 τίας
111 2739 270 2766 ἀκολουθίαν
281 2739 368 2774 φέρει.
382 2740 485 2776 Ὠσπερ
498 2741 586 2768 τοίνυν
596 2740 645 2773 τὴν
660 2740 704 2767 διὰ
716 2740 822 2767 πάντων

77 2830 98 2846 “
119 2829 197 2859 Joan.
214 2839 270 2864 τιν,
285 2833 312 2860 9.
370 2833 391 2849 ¹⁷
413 2832 493 2861 llebr.
512 2841 548 2867 tv,
572 2832 613 2861 l5.

874 2235 939 2262 dum
952 2233 1161 2261 similitudinem
1174 2237 1295 2260 tentatus
1313 2237 1367 2264 est,
1384 2233 1489 2267 absque
1505 2236 1616 2267 peccato
1630 2233 1662 2259 ”.

874 2280 942 2315 Ejus
963 2281 1047 2316 igitur
1062 2279 1108 2315 qui
1124 2287 1187 2306 vere
1205 2283 1248 2306 est
1263 2279 1390 2309 atfectus,
1404 2279 1451 2314 qui
1466 2278 1575 2313 quidem
1591 2286 1661 2305 tuor-

875 2326 928 2354 bus
943 2329 986 2353 est
1000 2325 1144 2353 electionis
1158 2325 1216 2352 sive
1227 2324 1349 2355 consilii,
1366 2332 1420 2351 non
1439 2324 1576 2359 particeps
1593 2324 1644 2351 fuit
1657 2333 1663 2350 :

877 2372 1018 2400 Peccatum
1035 2371 1104 2398 enim
1129 2369 1240 2406 (inquit)
1261 2378 1311 2396 non
1328 2370 1399 2403 lecit.
1430 2378 1475 2397 nec
1494 2370 1521 2396 in
1546 2377 1590 2396 ore
1606 2369 1664 2403 ejus

875 2418 953 2444 dolus
970 2417 1089 2444 inventus
1106 2421 1145 2443 est
1160 2416 1182 2431 ⁸⁸
1197 2425 1203 2443 :
1224 2417 1422 2450 proprietatum
1440 2418 1532 2442 autem
1546 2418 1662 2448 naturai,

875 2472 936 2499 qua:
970 2471 1018 2498 per
1044 2463 1164 2497 aliquam
1195 2461 1421 2490 consuetudinem
1452 2465 1478 2489 et
1505 2461 1663 2489 abusionem

875 2510 1014 2544 teqnivoce
1031 2509 1161 2536 dicuntur
1178 2508 1263 2543 πάθη,
1281 2508 1308 2534 id
1323 2511 1376 2539 est,
1396 2507 1548 2541 passiones,
1564 2506 1663 2533 harum

877 2555 1036 2591 participem
1060 2553 1147 2582 fuisse
1172 2553 1316 2581 Dominum
1340 2554 1513 2585 conﬁtemur,
1535 2555 1564 2578 ut
1583 2559 1665 2586 gene-

877 2602 1004 2633 rationis,
1025 2601 1195 2632 nutritionis,
1210 2599 1385 2630 accretionis,
1403 2599 1548 2633 somnique
1564 2602 1590 2624 et
1610 2597 1666 2625 las-

877 2647 1019 2678 situdinis,
1039 2651 1066 2673 et
1083 2646 1199 2673 aliorum
1220 2646 1320 2681 quibus
1337 2644 1499 2672 naturaliter
1518 2643 1608 2669 anima
1630 2643 1663 2670 ad

877 2701 1025 2729 cor-porcas
1052 2693 1195 2721 molestias
1219 2697 1246 2720 et.
1273 2693 1383 2720 dolores
1408 2691 1476 2718 solet
1500 2688 1580 2721 allici,
1602 2689 1663 2723 ejus

876 2741 947 2776 quod
973 2747 1042 2775 opus
1057 2744 1099 2767 cst
1116 2739 1292 2772 desiderium,
1305 2745 1337 2765 ex
1353 2743 1467 2771 corpore
1479 2732 1521 2763 'ad
1541 2734 1663 2763 anitnatu

654 2832 674 2848 ⁸³
693 2831 787 2860 H‘clt‘.
805 2839 834 2866 ιι,
846 2831 898 2866 22;
915 2832 969 2861 lsa.
983 2840 1040 2866 ιιιι,
1055 2831 1081 2860 9.
