1920 3073
53 128 104 157 725

609 131 748 159 CONTRA
767 132 960 168 EUNOMIUM,
979 133 1041 161 LIB.
1060 133 1104 160 Vl.

1614 132 1666 159 726

51 188 142 222 λόγος·
167 187 213 214 καὶ
240 187 326 214 πάντα
342 188 386 215 τὸν
407 188 517 225 Πατέρα
543 189 705 224 ἐργάζεσθαι
727 191 824 225 λέγων·

883 191 1071 226 Ενιιιιειξιίοοιῐι
1089 191 1240 219 doetrinam
1254 191 1401 223 reveletur,
1418 190 1488 217 sicut
1502 190 1539 216 ait
1555 188 1670 224 Aposto.

51 235 94 261 καὶ
108 234 190 269 χωρὶς
203 234 249 261 τοῦ
265 235 329 261 Υίοῦ
343 235 463 269 γίνεσθαι
479 237 532 263 τῶν
547 236 631 264 ὄντων
643 237 718 264 οὐδέν
727 246 734 253 ’
752 239 767 272 ἡ
779 238 832 274 γὰρ

49 281 98 316 τῆς
118 280 257 315 δυνάμεως
275 281 408 317 ἐνέργεια,
423 282 463 313 είς
478 282 524 308 τὸν
537 280 567 310 οὗ
587 283 659 309 ἐστιν
680 284 696 317 ἡ
719 283 832 319 δύναμις

49 326 95 360 τὴν
107 326 243 361 ἀναφορὰν
257 326 322 364 ﬁat.
348 327 422 354 Ἐπεὶ
441 326 487 354 οὖν
501 328 615 364 δύναμις
635 329 682 355 τοῦ
698 329 803 365 Πατρδς
818 331 832 357 ὁ

50 370 128 403 Υίός⁶
154 371 242 398 πάντα
263 373 296 398 τὰ
320 372 387 408 ἔργα
411 373 457 400 τοῦ
474 373 548 406 Υἱοῦ,
569 374 617 401 τοῦ
639 375 743 410 Πατρός
759 376 832 402 ἐστιν

48 416 123 451 ἔργα.
146 416 205 443 ’Ότι
219 417 272 452 γὰρ
285 418 345 453 οὐχὶ
360 418 468 452 φύσεως
483 419 618 455 ἀσθενείᾳ,
634 420 701 455 πρὸς
723 420 771 456 τὴν
783 421 830 447 τοῦ

49 461 148 493 πάθους
160 462 324 497 οἰκονομίαν,
342 463 399 489 ἀλλ’
415 463 524 499 ἐξουσίᾳ.
541 463 692 500 θελήματος
709 465 829 501 ἔρχεται,

49 507 145 543 μυρίας
161 508 232 534 ἐστιν
249 509 282 535 ἐκ
290 508 335 535 τοῦ
353 509 518 544 Εὐαγγελίου
541 511 712 545 παραθέσθαι
727 510 828 545 φωνὰς,

45 553 77 585 ἃς
89 555 219 587 σιωπήσω
231 554 274 581 διὰ
289 555 319 580 τὺ
336 556 476 591 πρόδηλον,
490 557 528 588 ὡς
550 557 583 583 ἂν
601 556 637 592 μὴ
660 558 717 588 τοῖς
737 557 828 591 ὁμολο-

46 600 184 634 γουμένοις
210 600 392 635 ἐνδιατρίϐων,
416 603 430 628 ὁ
454 601 532 636 λόγος
549 602 704 637 μηκύνοιτο.
733 603 764 628 Ei
781 602 830 637 μὲν

45 644 88 671 οἷν
110 645 196 672 κακον
216 646 246 672 τὸ
261 639 412 682 γινόμενον,
426 647 456 674 οὑ
470 648 515 674 τὸν
532 648 640 683 Πατέρα
660 648 749 682 μόνον,
762 648 829 675 ἀλλὰ

45 690 88 716 καὶ
101 691 146 717 τὸν
178 690 242 718 Υἰὸν
256 691 302 717 τοῦ
324 691 409 718 κακοῦ
425 693 582 728 χωριστέον.
599 694 630 719 El
645 694 672 720 δὲ
694 693 794 727 ἁγαοὸν
812 694 827 728 ή

45 737 162 771 σωτηρία
178 736 231 763 τῶν
245 737 480 771 ὰπολωλότων,καὶ
493 739 521 764 οὐ
538 738 638 770 πάθος,
655 738 720 765 ἀλλὰ
736 738 828 773 φιλαν-

44 782 147 817 Θρωπία
175 783 205 808 τὸ
233 783 413 818 γεγενημένον
444 784 518 810 ἐστί·
547 785 574 810 τί
599 784 748 820 ἀλλοτριοίς
783 785 827 811 τὸν

43 827 148 863 Πατέρα
164 828 211 863 τῆς
228 829 273 854 ἐπὶ
287 830 320 864 τῇ
337 829 458 864 σωτηρίᾳ.
479 829 557 864 ήμῶν
571 829 762 865 εὐχαριστίας,
783 830 827 855 τὸν

41 873 82 899 διὰ
95 875 144 909 τῆς
162 874 228 906 ἰδίας
243 873 393 910 δυνάμεως,
412 876 472 910 ἥτις
497 877 569 902 ἐστὶν
589 877 602 902 ὁ
627 876 754 911 Χριστὸς,
774 877 823 912 τὴν

42 920 70 945 ὲκ
83 919 126 946 τοῦ
150 919 266 947 θανάτου
284 921 437 955 ἐλευθερίαν
451 923 505 953 τοῖς
518 916 670 957 ἀνθρώποις
691 931 825 958 κατεργα-

42 964 175 999 σάμενον;
202 965 270 992 Ἀλλ’
297 967 437 993 ἐπανιτέον
467 967 546 994 πάλιν
570 968 616 994 ἐπὶ
641 968 686 994 τὸν
712 969 825 1004 σφοδρὸν

41 1010 218 1046 λογογράφον,
244 1012 291 1038 καὶ
312 1012 361 1048 τὴν
386 1013 509 1040 σύντονον
533 1013 640 1049 ἐκείνην
664 1014 724 1041 καθ’
747 1015 824 1051 ἡμῶν

41 1056 181 1090 ῥητορείαν
204 1057 371 1091 ἀναληπτέον
386 1058 460 1092 ἡμῖν.
480 1058 604 1085 Δῑτιειται
627 1058 658 1084 τὸ
683 1059 719 1094 μὴ
735 1059 823 1093 λέγειν

40 1102 200 1136 πεποιῆσθαι
221 1101 265 1129 τοῦ
281 1102 346 1129 Υίοῦ
360 1103 408 1139 τὴν
422 1104 515 1129 οὐσίαν
530 1104 612 1138 ἡμᾶς,
626 1103 665 1135 ὡς
683 1105 821 1131 ἐναντιου-

41 1146 131 1180 μένους
145 1148 178 1182 τῇ
193 1149 267 1184 φωνῇ
284 1148 396 1183 Πέτρου,
410 1149 518 1182 Κύριον
531 1149 623 1175 αὐτὸν
633 1149 681 1176 καὶ
694 1150 822 1183 Χριστὸν

38 1192 173 1225 ἐποίησε,
189 1194 295 1220 τοῦτον
314 1195 368 1221 τὸν
390 1195 506 1228 Ἰησοῦν
520 1194 556 1221 ὃν
574 1195 658 1229 ὑμεῖς
674 1196 822 1230 ἐσταυρώ-

37 1246 116 1265 σατε.
139 1240 195 1265 Καὶ
215 1239 296 1271 πολύς
313 1241 386 1266 ἐστιν
408 1240 568 1274 ἀγανακτῶν
582 1242 628 1268 ἐπὶ
646 1241 752 1273 τούτοις
773 1243 820 1269 ναὶ

39 1284 247 1320 λοιδορούμενος,
277 1286 324 1312 καὶ
345 1286 543 1319 κατασκευάζει
567 1286 600 1313 δι’
623 1283 659 1313 ὧν
675 1288 757 1315 οἴεται
779 1290 819 1317 δι-

38 1328 155 1363 ελέγχειν
172 1329 218 1355 τὸν
235 1330 366 1366 ἡμέτερον
381 1331 470 1365 λόγον.

883 238 925 266 lus
941 238 974 269 '°,
995 237 1052 264 sive
1073 241 1160 264 totum
1183 237 1313 264 mundum
1336 236 1476 271 inspicias,
1498 236 1556 263 sive
1578 240 1668 270 partes

882 284 975 311 mundi
989 291 1050 318 quae
1064 287 1149 310 totum
1167 284 1313 319 complent,
1331 283 1386 310 haec
1400 281 1490 309 omnia
1502 286 1565 309 sunt
1579 281 1670 310 Patris

882 337 974 365 opera,
990 330 1120 365 potentiae
1133 330 1218 365 ipsius
1238 337 1319 364 opera
1343 329 1425 361 facta,
1444 328 1539 363 sicque
1555 329 1587 355 de
1603 336 1668 355 aui—

881 375 968 402 bobus
992 382 1054 402 vere
1079 375 1145 402 dicit
1169 381 1268 406 sermo,
1296 374 1360 401 dum
1385 374 1422 400 ait
1444 373 1551 400 Patrem
1576 373 1667 400 omnia

880 420 1002 454 operari,
1023 423 1050 447 et
1064 420 1124 448 sine
1145 419 1213 447 Filio
1227 419 1295 446 nihil
1315 427 1409 446 eorum
1431 427 1491 453 quae
1506 422 1569 445 sunt
1592 418 1666 446 ﬁeri:

881 465 1005 500 potentia
1031 466 1103 493 enirn
1120 465 1266 492 eﬂicacitas
1303 464 1336 491 ad
1363 472 1425 492 eum
1453 465 1532 498 cujus
1556 469 1597 491 est
1621 473 1668 499 po-

881 511 965 538 tentia
990 511 1149 539 relationem
1181 511 1272 538 habet.
1304 510 1438 543 Quoniam
1468 511 1548 545 igitur
1578 510 1667 536 Patris

879 556 1002 591 potentia
1017 555 1102 583 Filius
1120 559 1173 588 est,
1195 555 1286 582 omnia
1306 562 1388 589 opera
1410 553 1470 580 Filii
1493 557 1554 581 sunt
1576 553 1666 580 Patris

879 609 971 636 opera.
988 601 1066 634 Quod
1079 601 1152 628 enim
1170 608 1223 627 non
1249 603 1352 627 naturae
1370 599 1527 626 inﬁrmitate
1549 599 1582 624 ad
1605 606 1666 633 pas-

879 647 965 676 sionis
992 647 1238 682 dispensationem,
1272 645 1319 673 sed
1352 648 1487 680 potestate
1518 645 1665 671 voluntatis

879 693 964 725 vertit,
979 693 1100 720 inﬁnitas
1114 699 1197 720 voces
1212 699 1245 719 ex
1261 691 1406 726 Evangelio
1422 688 1544 724 proferre
1561 689 1664 720 liceret.

878 747 947 774 quas
965 739 1100 770 omittam,
1127 738 1191 774 quia
1211 736 1261 764 hoc
1286 737 1353 764 satis
1370 735 1542 771 perspicuum
1566 739 1667 768 est,nc.

879 785 905 811 in
929 785 1012 812 certis
1035 788 1063 811 et
1087 783 1223 812 confessis
1250 784 1409 814 immorans,
1440 789 1530 809 sermo
1558 781 1666 816 longius

878 831 1064 866 protrahatur.
1077 831 1154 864 Quod
1170 831 1193 858 si
1208 830 1309 857 malum
1324 833 1365 857 est
1378 829 1403 856 id
1413 828 1484 864 quod
1496 828 1596 855 factum
1611 832 1664 858 est,

844 865 864 892 Β
880 887 933 906 non
954 879 1041 906 solum
1065 876 1184 909 Patrem,
1204 876 1252 904 sed
1272 876 1353 903 etiam
1370 875 1467 901 Filium
1491 882 1506 900 a
1526 874 1597 900 malo
1621 881 1664 900 se-

880 932 977 960 parare
990 927 1106 958 oportet.
1124 922 1152 949 Si
1171 927 1260 949 autem
1279 922 1380 949 bonum
1400 927 1495 948 eorutn
1511 920 1557 954 qui
1578 919 1665 954 peric-

878 975 941 997 ruut
965 970 1058 1003 salus,
1083 977 1137 996 non
1159 968 1268 1003 passio,
1295 967 1342 995 sed
1369 967 1396 993 in
1414 966 1553 994 hominum
1578 973 1664 1000 genus

877 1023 953 1042 amor
969 1020 996 1042 et
1010 1014 1196 1042 benevolentia
1212 1013 1283 1048 quod
1299 1012 1399 1040 factum
1415 1016 1475 1039 est:
1490 1018 1539 1038 cur
1555 1010 1664 1036 Putrem

876 1069 890 1089 a
905 1062 1054 1097 gratiarum
1073 1061 1181 1088 actione
1200 1059 1235 1086 ob
1259 1059 1376 1086 salutem
1400 1060 1522 1084 nostram
1541 1055 1643 1082 alienas
1655 1075 1663 1087 ,

875 1107 921 1141 qui
941 1114 999 1141 per
1026 1105 1166 1140 propriam
1199 1103 1366 1138 potentiam,
1394 1108 1454 1137 qua:
1484 1100 1594 1136 quidem
1622 1104 1663 1127 est

874 1151 1010 1182 Christus,
1028 1151 1179 1178 libertatem
1202 1157 1218 1176 a
1241 1153 1328 1176 morte
1356 1147 1514 1174 hominibus
1535 1152 1662 1182 operatus

873 1198 937 1224 est?
951 1196 1002 1224 Sed
1014 1196 1047 1223 ad
1063 1196 1247 1224 vehementem
1265 1193 1418 1222 orationum
1437 1193 1600 1228 scriptorem
1623 1200 1663 1218 re-

873 1243 1010 1270 deundum
1023 1246 1074 1275 est,
1090 1246 1117 1269 et
1130 1241 1265 1268 concitata
1278 1239 1323 1266 illa
1336 1243 1431 1266 contra
1447 1247 1497 1265 nos
1506 1237 1661 1273 eloquentia

872 1289 1035 1317 resumenda
1056 1288 1135 1315 nobis
1151 1291 1203 1315 est.
1220 1287 1338 1313 Accusat
1354 1293 1413 1317 nos,
1427 1288 1569 1319 propterea
1589 1283 1662 1318 quod

873 1342 928 1362 non
945 1334 1069 1361 dicamus
1087 1332 1234 1360 essentiam
1258 1330 1320 1358 Filii
1335 1330 1434 1357 factam
1457 1337 1529 1362 esse,
1547 1333 1576 1356 ut
1589 1328 1660 1355 Petri

39 1374 93 1400 voci
108 1374 287 1403 adversantes
299 1377 427 1407 dicentis.
439 1376 582 1404 Dominum
594 1378 679 1412 ipsum
689 1384 713 1405 et
725 1378 858 1406 Christum
870 1380 942 1415 fecit,
951 1380 1019 1406 hunc
1029 1379 1120 1406 Iesum
1129 1387 1203 1413 quem
1212 1385 1255 1406 vos
1263 1377 1443 1411 cruciﬁxistis.
1456 1375 1610 1410 Nullusque
1620 1381 1662 1405 est

38 1420 70 1446 ob
82 1420 137 1448 haec
153 1421 266 1456 indigne
281 1421 382 1455 ferens,
393 1428 420 1450 et
428 1423 559 1451 conviciis
567 1425 758 1458 proscindens,
771 1430 798 1453 et
811 1426 947 1454 construit
958 1433 988 1453 ea
999 1425 1098 1460 quibus
1109 1428 1186 1460 putat
1194 1431 1223 1451 se
1234 1427 1357 1451 nostrum
1369 1429 1520 1450 sermonem
1531 1421 1659 1448 refutare.

71 1468 186 1502 Ἴδωμεν
210 1468 296 1495 τοίνυν
311 1469 365 1496 τῶν
379 1470 599 1505 ἐπιχειρημάτων
613 1471 662 1507 τὴν
686 1471 799 1508 δύναμιν
810 1481 816 1487 “
832 1476 853 1505 C

39 1512 88 1538 Ital
114 1513 173 1545 τίς,
196 1513 293 1550 φησὶν,
318 1512 342 1541 ὦ
364 1515 484 1542 πάντων
505 1515 590 1549 ὑμεῖς
612 1516 821 1551 ῥᾳθυμότατοι,

38 1559 153 1594 μερμὴν
171 1560 250 1594 ἔχων
265 1561 386 1593 δούλου,
398 1562 520 1596 μορφὴν
538 1563 739 1596 ἀναλαμϐάνει
754 1564 822 1591 δού-

39 1607 107 1637 va;
125 1606 220 1638 Οὐδεὶς
234 1607 288 1632 τῶν
304 1606 365 1633 νοῦν
381 1608 505 1642 ἐχόντων,
529 1608 596 1643 πρὸς
611 1608 691 1635 αὐτὸν
706 1609 821 1645 ὲροῦμεν

38 1651 123 1684 ἡμεῖς,
137 1651 170 1677 τὸ
183 1652 302 1679 τοιοῦτον
316 1653 348 1680 ἂν
361 1653 450 1685 εἴποι,
470 1654 538 1690 πλὴν
553 1655 576 1680 ε]
602 1654 638 1689 μή
663 1664 734 1687 τινες
755 1657 823 1683 καθ-

38 1695 94 1722 όλου
102 1697 151 1732 τῆς
162 1697 268 1729 ἐλπίδος
281 1698 335 1725 τῶν
347 1699 515 1734 Χριστιανῶν
523 1699 727 1738 ἡλλοτρίωνται.
742 1697 821 1728 Οὗτοι

76 1743 135 1768 ἐστε
149 1743 230 1777 ὑμεῖς
251 1743 274 1770 οἱ
289 1744 464 1777 ἐγκαλοῦντες
480 1745 616 1781 ρᾳθυμίαν
630 1748 706 1783 ἡμῖν.
721 1747 761 1774 ὅτι
783 1747 820 1782 μὴ

39 1787 142 1813 anno».
150 1787 196 1813 τὸν
205 1788 314 1824 κτίστην
322 1790 533 1825 καταδεχόμεοα.
544 1793 575 1819 Εἰ
583 1793 638 1828 γὰρ
647 1794 684 1828 μὴ
693 1793 819 1827 ψεύδεται

37 1831 78 1858 διὰ
95 1833 141 1859 τοῦ
167 1834 303 1869 προφήτου
316 1834 402 1870 λέγων
415 1836 447 1862 τὸ
459 1837 570 1872 Πνεῦμα
581 1839 611 1864 τὸ
626 1839 712 1873 ᾶέγιον,
727 1839 766 1865 ὅτι
781 1839 821 1865 T‘x

40 1877 182 1908 σύμπαντα
200 1878 279 1905 δοῦλα
303 1879 346 1911 σὰ,
372 1880 417 1906 καὶ
441 1881 514 1907 πᾶσα
538 1883 554 1917 ἡ
578 1882 664 1915 κτίσις
691 1883 820 1915 δουλεύει,

40 1923 142 1974 κτιστδς
149 1922 180 1949 δὲ
190 1923 250 1950 καθ’
263 1924 334 1975 alia;
349 1925 363 1950 ό
382 1925 443 1958 re;
452 1945 460 1957 ο
484 1926 627 1961 ὁμόδουλός
641 1929 698 1955 ἐστι
712 1927 826 1960 πάντως·

39 1968 90 1998 τοῖς
112 1967 248 2002 σύμπασι,
271 1967 310 2004 τῷ
333 1971 469 1996 κοινωνεῖν
492 1972 541 2007 τῆς
569 1972 701 2004 κτίσεως,
728 1974 767 2004 εὶς
792 1974 822 2000 τὸ

40 2013 173 2038 κοινωνεῖν
189 2013 234 2039 καὶ
248 2013 296 2048 τῆς
309 2013 430 2045 δουλείας
445 2016 705 2051 συγκαθελκόμενος.
729 2017 773 2052 Τῷ
793 2017 825 2044 δὲ,

39 2055 108 2082 δουλε
115 2057 186 2083 ύοντι
211 2058 318 2090 πάντως
334 2059 412 2094 ὑμεῖς
430 2059 477 2086 καὶ
495 2060 543 2096 τὴν
563 2061 688 2098 δουλικὴν
715 2063 821 2098 μορφὴν

39 2102 208 2137 περιθήσετε,
223 2104 259 2129 Οὐ
273 2104 326 2140 γὰρ
341 2105 381 2131 δεῖ
402 2105 492 2133 δοῦλον
505 2106 700 2142 ὁμολογοῦντας
718 2109 750 2143 τῇ
771 2109 822 2142 φύ-

907 1472 1054 1500 Videamus
1069 1473 1154 1507 igitur
1166 1471 1220 1499 vim
1236 1473 1456 1506 argumentorum
1470 1477 1475 1495 :
1491 1467 1603 1504 Ecquid,
1619 1468 1661 1495 in-

873 1519 940 1553 quit,
958 1527 973 1545 ο
996 1517 1149 1545 ἰηενιὶεδὶιηί
1172 1517 1311 1544 omnium!
1336 1516 1404 1542 servi
1426 1515 1540 1550 formam
1562 1513 1659 1541 habens

872 1563 986 1597 formam
1004 1563 1070 1590 servi
1090 1561 1205 1597 accipit?
1217 1561 1272 1589 Nos
1283 1561 1307 1588 ei
1321 1559 1554 1595 respondebimus.
1565 1557 1660 1586 Nullus

872 1617 966 1637 eorum
995 1609 1042 1644 qui
1064 1614 1154 1636 mente
1176 1611 1241 1635 sunt
1259 1606 1364 1642 praediti
1388 1605 1442 1633 tale
1464 1604 1529 1640 quid
1549 1604 1659 1635 dixerit,

872 1655 926 1682 nisi
949 1662 1044 1682 eorum
1069 1654 1166 1689 aliqui.
1190 1654 1237 1689 qui
1262 1653 1375 1681 omnino
1399 1659 1414 1678 a
1440 1651 1660 1679 Christianorum

873 1708 921 1736 spe
935 1700 1045 1728 alienati
1058 1700 1170 1727 fuerint.
1185 1699 1239 1727 Sed
1253 1706 1300 1726 vos
1317 1699 1360 1726 isti
1380 1698 1447 1725 estis
1463 1697 1510 1732 qui
1524 1704 1574 1724 nos
1587 1696 1661 1722 iner-

871 1746 916 1773 tia:
932 1750 959 1773 et
974 1746 1096 1780 stuporis
1119 1745 1267 1778 accusatis,
1296 1744 1342 1779 qui
1362 1747 1484 1771 creatum
1502 1741 1659 1769 Creatorem

871 1800 925 1820 non
951 1792 1132 1819 admittimus.
1158 1791 1187 1818 Si
1205 1791 1278 1818 enim
1298 1798 1352 1817 non
1379 1789 1508 1817 mentitur
1534 1788 1581 1822 qui
1612 1794 1661 1821 per

872 1838 1031 1873 prophetam
1057 1837 1123 1864 dicit
1148 1836 1267 1872 Spiritus
1286 1839 1422 1863 sanctus:
1449 1833 1524 1868 quod
1550 1832 1656 1859 Cuncta

871 1882 1002 1913 serviunt,
1020 1885 1046 1908 et
1061 1881 1150 1908 omnis
1164 1884 1288 1908 creatura
1305 1879 1408 1913 servit;
1432 1881 1540 1906 creatus
1564 1883 1656 1904 autem

871 1927 1021 1955 secundum
1044 1934 1093 1954 vos
1119 1925 1213 1958 Filius,
1242 1932 1393 1953 conservus
1413 1923 1522 1959 penitus
1538 1926 1580 1951 est
1595 1930 1658 1949 cum

871 1974 1016 2004 universis.
1034 1973 1098 2008 quia
1125 1979 1187 1999 eum
1212 1976 1338 1999 creatura
1353 1969 1548 2002 communicat,
1571 1973 1597 1997 et
1623 1968 1656 1995 ad

870 2019 1010 2048 servitutis
1024 2018 1243 2046 communionem
1266 2016 1346 2044 simul
1365 2016 1492 2050 adigitur.
1511 2014 1542 2041 Ei
1566 2017 1656 2041 autem

870 2065 915 2099 qui
937 2063 1021 2091 servit
1036 2071 1148 2098 prorsus
1162 2070 1211 2090 vos
1225 2062 1351 2090 servilem
1367 2060 1482 2087 formam
1501 2060 1658 2094 circumpo-

871 2110 946 2137 nitis.
965 2109 1024 2136 Non
1038 2109 1110 2136 enim
1126 2108 1182 2143 jam
1197 2115 1305 2135 servum
1323 2110 1420 2134 natura
1435 2105 1608 2136 conﬁtentes,
1623 2105 1657 2132 ob

41 2155 78 2173 σει
100 2149 138 2183 τῷ
165 2150 327 2186 προσωπείῳ
342 2151 391 2186 τῆς
406 2151 526 2184 δουλείας
548 2154 819 2189 ἐπαισχυνθήσεσθαι.

875 2155 1013 2190 servitutis
1032 2161 1175 2188 personam
1190 2153 1350 2182 erubescere
1375 2160 1424 2180 vos
1448 2155 1565 2187 oportet.
1589 2151 1657 2184 Quis

41 2193 82 2225 Τίς
99 2192 155 2227 οὖν,
180 2192 202 2221 ὦ
222 2196 380 2230 δριμύτατοι
403 2197 534 2233 ῥητόρων,
551 2199 565 2225 ὀ
589 2200 620 2225 ἑκ
633 2200 682 2235 τῆς
697 2199 821 2235 δουλικῆς

41 2240 144 2275 μορφῆς
158 2240 203 2266 τὸν
217 2240 281 2268 Υἰὺν
295 2242 334 2273 εἰς
357 2241 439 2277 ἄλλην
452 2243 544 2269 δούλου
557 2244 745 2278 μεταϐιϐάζων
760 2253 823 2280 μορ-

40 2285 100 2318 φὴν,
116 2286 130 2312 ὁ
151 2286 181 2312 τὸ
202 2286 327 2314 ἄκτιστον
348 2288 422 2324 αὺτῴ
446 2289 674 2325 προσμαρτυρῶν,
697 2288 778 2324 ᾧκαὶ
791 2291 822 2317 τὸ

42 2329 76 2364 μὴ
97 2330 233 2358 δουλεύειν
257 2333 513 2367 συναποδείκνυται;
537 2335 571 2360 Ἢ
588 2334 688 2369 μᾶλλον
706 2336 732 2362 οι
747 2336 822 2370 διαῤ-

41 2375 120 2410 ρἡην
143 2376 258 2411 βοῶντες
281 2378 360 2412 ὑμεῖς
384 2378 476 2405 δοῦλον
497 2377 566 2406 εἶναι
584 2379 631 2406 τοῦ
655 2380 759 2416 Πατρὸς
777 2381 822 2407 τὸν

41 2420 109 2455 Υἰὸν,
126 2423 174 2450 καὶ
188 2424 239 2458 πρὸ
254 2424 303 2459 τῆς
317 2424 363 2451 τοῦ
380 2424 472 2451 δούλου
494 2425 599 2460 μορφῆς
616 2425 661 2453 καὶ
675 2426 719 2452 ὑπ’
739 2426 821 2453 αὑτοῦ

40 2467 226 2502 mgna-55:0“;
253 2470 290 2496 Οὐ
305 2470 399 2505 δέομαι
421 2470 554 2498 δικαστῶν
575 2472 685 2507 ἑτέρων,
708 2472 749 2499 σοὶ
772 2473 822 2508 τὴν

40 2515 101 2548 περὶ
112 2514 213 2541 τούτων
225 2515 363 2551 ἐπιτρέπω
375 2516 474 2551 ψῆφον.
491 2514 573 2551 Οἶμαι
587 2517 640 2552 γὰρ
654 2518 691 2553 μὴ
707 2518 740 2545 ἂν
751 2518 822 2545 οὕτω

40 2559 104 2593 πρδς
125 2560 174 2595 τὴν
194 2561 323 2596 ἀλήθειαν
346 2561 462 2593 ἀναιδῶς
480 2571 554 2593 τινας
579 2563 658 2598 ἔχειν,
676 2563 746 2590 ὥστε
766 2565 822 2595 τοῖς

39 2604 259 2639 ὁμολογουμένοις
280 2606 313 2633 δι’
325 2607 513 2642 ἀναισχυντίας
529 2608 694 2635 ἐνίστασθαι.
716 2609 821 2644 Πρόδη-

41 2649 83 2674 λτιν
115 2649 170 2685 γὰρ
202 2651 281 2677 παντὶ
306 2651 336 2677 τὸ
367 2652 530 2687 λεγόμενον,
557 2653 598 2679 ὅτι
624 2653 653 2679 τὸ
674 2653 766 2680 δοῦλον
788 2655 820 2690 τῇ

42 2694 127 2725 ιρύσει,
147 2696 201 2727 τοῖς
227 2696 351 2731 ξδιώμαει
370 2697 419 2731 τῆς
438 2697 557 2729 δουλείας
579 2697 820 2733 χαρακτηρὲζεται,

42 2739 103 2766 ῑδιον
120 2740 175 2777 γὰρ
200 2741 318 2774 δουλείας
339 2743 356 2778 ἡ
378 2741 475 2775 κτίσις.
504 2744 533 2769 '0
557 2741 603 2770 οὖν
626 2744 717 2770 δοῦλον
742 2745 822 2770 αὐτὸν

41 2785 103 2812 ὅντα
138 2786 186 2822 τὴν
214 2788 350 2824 ἡμετέραν
385 2789 469 2824 λέγων
497 2790 690 2825 ὑπεληλυθέναι
705 2791 820 2826 μορφὴν,

75 2865 96 2881 ¹⁹
119 2865 226 2901 Ruunt,
251 2867 289 2895 18.

872 2201 965 2236 igitur,
980 2209 996 2228 ο
1011 2204 1150 2227 oratorum
1167 2199 1335 2232 acutissime,
1351 2207 1384 2227 ex
1405 2198 1497 2227 servili
1514 2198 1600 2225 forma
1614 2196 1658 2224 Fi-

872 2245 939 2272 lium
957 2245 983 2272 in
1003 2245 1081 2272 aliam
1100 2245 1215 2272 formam
1238 2244 1309 2272 servi
1331 2243 1471 2276 transfert,
1495 2251 1528 2270 an
1548 2243 1592 2270 ille
1610 2242 1657 2277 qui

872 2291 897 2319 ei
923 2291 1070 2318 increatam
1098 2295 1224 2318 naturam
1250 2290 1386 2322 attribuit,
1415 2298 1467 2322 qua
1493 2289 1574 2317 etiam
1602 2296 1657 2315 non

873 2337 976 2365 servire
1005 2337 1086 2365 simul
1109 2335 1332 2364 demonstratur?
1358 2344 1392 2363 an
1419 2336 1510 2370 potius
1536 2342 1586 2362 vos
1610 2335 1657 2369 qui

872 2382 1021 2409 clamantes
1037 2382 1186 2417 propalatis
1197 2381 1285 2409 Patris
1308 2381 1407 2408 Filium
1421 2389 1528 2408 scrvum
1543 2387 1615 2413 esse,
1631 2384 1659 2407 et

872 2432 935 2454 ante
959 2427 1031 2454 servi
1053 2426 1178 2459 formam,
1205 2427 1290 2462 ipsius
1320 2427 1434 2462 imperio
1458 2425 1572 2460 subjici?
1598 2424 1657 2452 Non

872 2473 1058 2508 aliosjudices
1082 2473 1200 2508 postulo,
1215 2473 1264 2500 tibi
1285 2474 1319 2500 de
1338 2473 1371 2500 iis
1385 2472 1526 2501 committo
1546 2476 1657 2499 senten-

872 2519 949 2546 tiam.
975 2518 1115 2546 Neminem
1141 2519 1214 2546 enim
1241 2519 1359 2547 arbitror
1379 2519 1418 2546 sic
1434 2519 1565 2546 adversus
1589 2516 1658 2544 veri-

872 2568 955 2592 tatem
971 2564 1142 2599 impudenter
1156 2565 1240 2598 afﬁci,
1256 2568 1285 2592 ut
1299 2566 1380 2592 certis
1397 2567 1424 2591 et
1443 2563 1581 2591 concessis
1603 2568 1658 2596 pra:

873 2609 1040 2644 impudentia
1053 2610 1245 2637 incunctanter
1253 2610 1391 2637 adversari
1404 2609 1479 2636 velit.
1492 2607 1568 2640 Quod
1584 2607 1656 2633 enim

872 2654 973 2681 dicitur
995 2654 1082 2682 cuivis
1103 2659 1197 2682 notum
1220 2659 1261 2682 est
1287 2659 1314 2682 et
1335 2654 1525 2689 perspicuum:
1543 2651 1616 2686 quod
1632 2651 1658 2678 id

873 2701 943 2735 quod
967 2703 1066 2728 natura
1086 2708 1194 2728 servum
1215 2704 1266 2732 est.
1291 2699 1430 2727 servitutis
1447 2695 1658 2733 proprietatibus

872 2751 899 2774 ct
916 2747 989 2774 notis
1012 2747 1180 2782 insigniter;
1202 2746 1341 2781 proprium
1363 2744 1434 2772 enim
1461 2741 1600 2770 servitutis
1617 2745 1659 2768 est

873 2797 994 2820 creatum
1018 2800 1088 2820 esse.
1107 2792 1159 2825 Qui
1176 2793 1255 2826 igitur
1276 2792 1363 2826 ipsum
1390 2797 1497 2818 servum
1522 2788 1588 2815 dicit
1610 2795 1659 2814 no-
