1920 3073
60 150 106 178 7:79
606 144 746 173 CONTRA
763 142 957 177 EUNOMIUM,
978 143 1043 171 LIB.
1067 143 1108 171 VI.

1626 143 1676 171 πο

62 211 164 243 θρωπες
184 205 331 233 ἐκένωσεν
347 205 456 233 ἑαυτόν
475 207 518 239 εἷς
534 205 646 234 δούλου
658 205 778 241 μορφήν
789 213 796 221 ⁸
817 207 834 232 ὁ

893 209 971 231 tatem
991 204 1138 231 exiuanivit
1160 204 1273 238 scipsum
1298 205 1324 231 in
1348 204 1415 231 servi
1437 204 1561 238 fortnam,
1586 204 1612 230 in
1630 203 1678 229 ho-

61 255 90 281 δέ
104 252 228 284 κενώσας
239 251 347 279 ἑαυτὸν
354 251 515 282 εὶς-δούλου
524 253 657 288 μορφὴν,
671 254 714 286 εὶς
728 251 837 286 ἀνθρώ-

61 308 114 326 που
128 298 242 333 γένεσιν
254 296 403 324 ἐκένωσεν
410 298 518 325 ἑαυτόν
527 307 534 313 ·
553 300 569 325 ό
579 298 768 332 ,ϐλεπόμενος
784 296 838 323 ἅν-

61 347 166 379 θρωπος
187 345 230 376 εὶς
253 342 409 377 ἀνθρώπου
422 343 542 378 γένεσιν
556 343 704 370 ἐκένωσεν
718 342 836 370 ἑαυτόν.

94 391 123 416 Ὢ
134 389 190 421 πῶς
203 389 338 424 μέμνηται
357 390 406 424 τῆς
428 389 610 425 προκειμένης
629 388 765 422 σπουδῆςί
780 387 839 419 πῶς

62 435 124 463 κατὰ
148 435 246 462 σκοπὸν
280 435 459 471 συμπεραίνει
481 435 526 462 τὸν
541 435 638 470 λόγονί
659 434 775 470 Χριστὸν
789 442 838 460 πεο

63 481 179 517 ποιῆςθαι
194 481 241 508 καὶ
255 482 326 508 κατὰ
346 482 391 507 τὸν
407 481 573 517 βλεπόμενον
588 481 741 516 ἄνθρωπον,
757 481 839 515 φησὶν

61 527 190 562 εἰρηκέναι
215 527 260 553 τὸν
297 525 442 554 ἀπόστολον
466 528 480 553 6
505 527 660 558 Βασίλειος⁶
676 528 690 553 6
707 526 736 553 δὲ
754 525 839 557 δεινὸς

61 571 128 604 οὗτος
150 573 195 600 καὶ
221 573 346 609 ἀγχίνους
360 574 413 600 τῶν
432 574 584 608 εἰρημένων
606 572 789 607 ἀνατροπεύς
807 572 839 598 Εἰ

63 619 96 655 μὴ
109 619 154 654 τὴν
165 618 267 650 οὐσίαν,
282 619 359 654 φησὶ,
372 618 417 645 τοῦ
441 619 470 645 ὲν
491 619 562 654 ἀρχῇ
586 618 660 650 δντος
675 617 838 653 πεποιῆσθαι

61 664 126 699 λέγει
141 665 154 690 6
169 665 281 700 Πέτρος,
296 665 429 692 ἐκένωσεν
444 665 540 692 ἑαυτὸν
555 664 719 700 βλεπόμενος
735 664 839 700 ἄνθρω-

62 720 106 743 πος
124 711 160 741 εἰς
176 710 268 737 δούλου
287 711 402 746 μορφήν.
426 710 456 737 '0
472 710 501 737 δὲ
526 709 648 742 κενώσας
674 710 768 737 ἑαυτὸν
801 710 838 741 εἰς

61 757 144 785 δούλου
160 756 276 792 μορφὴν,
289 757 328 788 είς
351 755 495 792 ἀνθρώπου
508 757 614 790 γένεσιν
628 756 764 783 ἐκένωσεν
779 756 839 782 ἑαυ-

61 803 110 831 τόν.
129 802 284 838 Ἠττήμεθα
301 802 349 837 τῆς
358 802 465 838 ἀμάχου
476 801 578 837 ταύτης
593 802 698 837 σοφίας,
711 802 836 837 Εὐνόμιε.

68 848 271 882 ’Λπελήλεγκται
286 847 356 874 κατὰ
367 847 468 883 κράτος
481 847 512 874 τὺ
525 847 561 884 μὴ
578 848 646 883 πρὸς
657 848 702 874 τὸν
716 847 746 879 ἐξ
757 847 838 874 ἀσθε-

890 251 967 277 minis
989 251 1179 285 generationem
1206 251 1319 284 seipsum
1342 251 1487 278 exiuanivit
1506 257 1515 276 :
1532 250 1575 281 qui
1596 250 1677 284 igitur

889 295 989 322 videtur
1003 297 1090 328 homo,
1106 296 1132 323 in
1143 295 1256 323 hominis
1275 296 1467 331 generationem
1491 298 1604 330 sciptum
1627 297 1678 323 cxi-

890 342 1004 368 nanirit.
1276 354 1288 376 -π

925 384 946 412 0
960 386 1097 420 quomodo
1112 386 1244 422 propositi
1257 386 1339 413 studii
1352 394 1456 414 memor
1471 391 1512 414 est
1522 387 1529 413 Σ
1541 386 1677 420 quomodo

890 433 1040 459 secundum
1051 440 1163 467 scopum
1177 433 1380 460 conclusionem
1397 432 1523 459 coniicit!
1539 432 1677 459 Christum

890 476 993 504 factum
1008 484 1069 505 esse
1090 481 1117 504 et
1136 477 1286 504 secundum
1314 477 1450 504 hominem
1475 477 1521 512 qui
1545 478 1677 508 cernitur,

890 524 1044 558 apostolum
1067 524 1168 551 dixisse
1193 525 1231 550 ait
1254 523 1390 551 Basilius:
1413 524 1457 551 hic
1483 529 1574 551 autetn
1595 524 1677 550 vehe-

891 578 968 598 mens
979 575 1006 598 et
1017 571 1104 597 solers
1117 570 1251 597 dictorum
1259 578 1370 597 eversor
1383 579 1389 596 :
1407 570 1435 597 Si
1452 578 1504 597 non
1519 570 1676 601 essentiam,

890 617 988 651 inquit,
1005 616 1065 651 ejus
1080 616 1126 651 qui
1149 619 1208 643 erat
1228 616 1255 643 in
1270 616 1403 650 principio
1425 614 1524 642 factam
1538 623 1599 643 esse
1614 616 1679 643 dicit

891 658 998 692 Petrus,
1015 659 1060 695 qui
1078 660 1166 688 oculis
1180 660 1303 687 cernitur
1318 660 1400 687 homo
1415 661 1442 687 in
1457 660 1529 687 servi
1548 660 1664 687 formam

891 705 1010 740 seipsum
1034 706 1193 733 exinanivit.
1218 705 1269 739 Qui
1295 711 1385 734 autem
1401 706 1552 734 exinanivit
1577 712 1678 734 semet-

895 753 985 789 ipsum
1006 753 1032 780 in
1057 753 1129 781 servi
1149 752 1263 780 formam
1289 754 1316 780 in
1333 753 1452 780 hominis
1478 754 1680 788 generationem

891 801 1012 834 seipsum
1026 799 1185 826 exinanivit.
1207 799 1228 825 0
1247 798 1373 830 Eunomi,
1401 799 1452 826 hac
1477 799 1679 834 inexpugnabili

892 846 1023 880 sapientia
1039 846 1102 874 victi
1118 853 1223 873 sunms.
1240 844 1368 873 ltefutata
1385 850 1449 872 sunt
1473 850 1608 880 potenter,
1635 853 1681 880 per

61 894 126 925 νείας
148 893 336 928 σταυρωθέντα
353 893 461 928 βλέπειν
482 893 528 920 τοῦ
560 892 708 920 ἀποστόλου
735 893 780 920 τὸν
797 893 840 919 λό-

893 899 923 918 ea
943 892 1043 926 quibus
1068 892 1226 924 didicimus,
1245 891 1360 926 apostoli
1376 899 1528 919 sermonem
1558 899 1613 918 non
1637 898 1681 918 re-

62 939 154 974 γον,δι’
165 936 200 966 ὧν
216 939 366 975 ἐμάθομεν.
382 940 444 967 ’Ὁτι
461 940 494 966 ἂν
508 939 586 966 τοῦτο
604 939 687 971 οὕτως
704 939 776 974 ἔχειν
795 948 839 965 πι-

62 984 218 1020 στεύσωμεν,
249 985 330 1011 πάλιν
352 986 365 1011 6
389 985 552 1020 βλεπόμενος
579 984 720 1020 ἄνθρωπος
748 984 840 1019 ἕτερος

61 1030 165 1065 γίνεται,
192 1031 234 1062 είς
265 1030 346 1065 ἄλλην
375 1029 520 1065 ἀνθρώπου
543 1029 704 1063 κενούμενος
722 1029 839 1063 γένεσιν.

61 1075 93 1101 UO
113 1075 199 1110 παύσῃ
219 1075 286 1101 ποτὲ
312 1075 416 1107 παίζων
438 1074 508 1101 κατὰ
526 1074 579 1100 τῶν
595 1074 770 1109 ἀτολμήτων;
784 1074 840 1100 Οὐκ

61 1119 218 1156 ὲρυῡριάσεις
228 1119 335 1146 ἐνοῢτω
352 1120 464 1154 γελοίοις
478 1120 624 1154 σοφίσμασι
639 1119 684 1145 τὸν
696 1119 750 1146 τῶν
762 1118 840 1145 οείων

63 1166 207 1201 μυστηρίων
216 1166 322 1192 ἐκλύων
329 1166 410 1200 φόϐον
419 1175 424 1198 ;
434 1166 490 1192 Οὐκ
497 1166 687 1201 ὲπιστραφήσῃ
702 1165 748 1192 νῦν
763 1165 839 1199 γοῦν,

61 1213 81 1237 εί
107 1212 150 1238 καὶ
175 1211 212 1247 μὴ
233 1212 363 1247 πρότερον
387 1211 453 1247 πρὸς
467 1211 610 1245 τὸγνῶναι
628 1212 669 1237 ὅτι
692 1212 706 1238 ὁ
728 1219 839 1246 μονογε--

61 1257 102 1292 γῆς
117 1258 191 1289 Θεὸς,
205 1259 219 1284 6
231 1257 268 1284 ὢν
281 1258 309 1284 ὲν
320 1258 375 1288 τοῖς
392 1257 502 1289 κόλποις
518 1256 563 1283 τοῦ
581 1256 694 1292 Πατρὸς,
707 1257 792 1290 Λόγος
804 1255 840 1282 ὢν

62 1304 103 1330 καὶ
121 1303 242 1338 βαειλεϋς
258 1304 304 1330 καὶ
323 1302 436 1338 Κύριος.
460 1302 505 1329 καὶ
520 1304 573 1329 πᾶν
593 1303 694 1338 ὑῂλὸν
712 1301 798 1336 ὄνομα
812 1310 841 1328 τε

63 1347 103 1373 καί
115 1347 208 1382 νόημα,
224 1347 302 1373 οῦδὲν
324 1346 378 1373 τῶν
396 1346 506 1380 ἀγαοῶν
526 1346 652 1381 γενέσθαι
669 1346 840 1382 προσδέεται,

62 1392 134 1424 αὐτὸς
143 1392 178 1419 ὢν
195 1392 250 1419 τῶν
262 1392 372 1427 ἀγαθῶν
391 1392 499 1418 πάντων
510 1393 540 1418 τὸ
554 1392 700 1428 πλήρωμα.
718 1393 747 1418 'O
764 1392 791 1418 δὲ
804 1392 842 1424 εἰς

62 1438 84 1464 τί
107 1438 345 1474 μεταϐαλλόμενος,
363 1439 449 1465 ἐκεῖνο
457 1438 560 1472 γίνεται
572 1438 586 1464 ὃ
602 1438 638 1473 μὴ
651 1438 780 1474 πρότερον
790 1435 841 1472 ἦν;

64 1484 160 1519 Ὠσπερ
173 1482 217 1511 οὖν
234 1486 248 1511 ὁ
270 1483 307 1519 μὴ
328 1485 408 1518 γνοὺς
428 1484 575 1519 ἁμαρτίαν,
590 1483 711 1520 ἁμαρτία
727 1483 841 1518 γίνεται,

64 1529 102 1556 ἵνα
114 1531 164 1570 ἄρῃ
185 1531 233 1566 τὴν
258 1530 395 1565 ἁμαρτίαν
419 1529 466 1556 τοῦ
487 1530 600 1564 κόσμου,
621 1529 706 1561 οὕτως
731 1529 842 1565 πάλινὴ

63 1575 185 1611 δεξαμένη
201 1577 245 1603 τὸν
258 1576 360 1611 Κύριον
375 1575 454 1611 σὰρξ,
469 1576 584 1611 Χριστος
598 1576 645 1602 καὶ
660 1575 761 1610 Κύριος
775 1575 844 1610 γίνε-

64 1631 112 1655 ται,
125 1623 138 1649 ὃ
155 1623 190 1658 μὴ
202 1620 235 1658 ἦν
259 1623 292 1657 τῇ
314 1622 391 1656 φύσει
409 1622 449 1653 εις
472 1620 550 1648 τοῦτο
571 1622 788 1657 μεταποιουμένη
799 1622 843 1648 διὰ

63 1670 105 1704 τῆς
117 1670 301 1704 ἀνακράσεως.
330 1669 368 1694 Δι’
387 1664 425 1695 ὧν
446 1667 627 1702 μανθάνομεν,
641 1668 681 1694 ὅτι
698 1667 753 1694 οὔτ’
766 1669 798 1695 ἂν
813 1669 842 1694 ὲν

65 1716 137 1751 σαρκὶ
151 1717 164 1742 ὁ
177 1716 241 1747 Θεὸς
251 1713 422 1750 ἐφανερώθη,
435 1715 459 1740 εί
469 1715 527 1750 μὴὸ
537 1715 622 1748 Λόγος
636 1713 704 1750 σὰρξ
717 1715 824 1748 ἐγένετο
834 1723 840 1730 ’

64 1761 111 1787 οὔτ’
129 1761 159 1788 ἂν
176 1760 341 1797 μετεποιήθη
359 1760 427 1796 πρὸς
442 1761 473 1786 τὸ
497 1760 574 1787 Θεῖον
591 1761 608 1795 ἡ
623 1761 688 1796 περὶ
702 1761 782 1788 αὑτὸν
794 1761 841 1787 τοῦ

64 1807 194 1844 ἀνθρώπου
209 1807 288 1843 σὰρξ,
303 1807 327 1833 εί
339 1806 376 1842 μὴ
389 1806 420 1833 τὸ
433 1807 593 1842 φαινόμενον
610 1807 717 1840 ἐγένετο
727 1807 843 1842 Χριστός

63 1861 89 1879 τε
106 1854 149 1880 καὶ
161 1853 274 1889 Κύριος.
292 1844 656 1879 Ἀλλὰδιαπτύουσιτδνὶδί...
666 1853 704 1889 (ιι)
715 1853 761 1879 τοῦ
775 1854 843 1889 ἠμε-

63 1897 134 1933 τέρου
149 1899 336 1934 κηρύγματος,
347 1897 372 1923 οι
381 1898 413 1933 τῇ
428 1896 508 1932 οὐσίᾳ
517 1896 565 1923 τοῦ
574 1897 641 1923 Θεοῦ
656 1897 700 1923 διὰ
710 1897 764 1924 τῶν
781 1898 842 1924 συλ-

63 1942 188 1979 λογισμῶν
203 1943 412 1979 ἐμϐατεύοντες,
427 1942 474 1969 καὶ
490 1942 628 1977 βούλονται
642 1942 688 1969 τὸν
707 1943 795 1970 πάντα
808 1943 843 1970 τὰ

64 1989 120 2015 ivra.
133 1990 334 2025 διαπαρὰγοντα
345 1989 385 2019 είς
400 1988 517 2022 γένεσιν,
525 1988 607 2014 αὐτὸν
614 1987 751 2020 ἀποδεῖξαι
760 1989 842 2025 μέρος

63 2035 119 2062 ὄντα
129 2036 176 2070 τῆς
194 2036 320 2068 κτίσεως,
335 2035 381 2061 καὶ
393 2034 535 2070 σύμμαχον
549 2035 598 2070 τῆς
612 2035 742 2070 τοιαύτης
759 2044 843 2062 σπουο

63 2080 116 2115 δής,
138 2081 185 2117 τὴν
213 2081 306 2117 φωνὴν
325 2080 372 2107 τοῦ
393 2081 496 2116 Πέτρου
519 2081 587 2116 πρὸς
603 2081 775 2116 κατασκευὴν
793 2083 841 2117 τῆς

65 2126 227 2162 βλασφημίας
241 2127 410 2162 ἐφέλκοντες,
421 2126 468 2153 τοῦ
479 2126 546 2162 πρὸς
556 2127 619 2158 τοὺς
638 2126 780 2158 Ἰουδαίους
794 2127 842 2163 φή-

65 2180 159 2206 σαντος,
173 2174 213 2200 ὅτι
225 2172 370 2200 Γνωστὸν
383 2173 462 2199 ἔστω
471 2172 560 2199 παντὶ
573 2172 612 2205 τῷ
627 2173 697 2206 οἴκῳ
710 2173 840 2206 Ἰσραὴλ.

891 938 998 972 spicere
1017 938 1050 965 ad
1063 945 1124 965 eum
1139 938 1184 972 qui
1203 945 1235 965 ex
1253 938 1410 964 inﬁrmitate
1425 936 1572 964 crucifixus
1588 940 1630 964 est
1645 938 1679 963 ".

891 983 967 1017 Quod
982 985 1004 1012 si
1019 985 1070 1012 hoc
1094 985 1130 1012 ita
1157 992 1219 1013 esse
1238 984 1444 1016 crediderimus,
1459 991 1557 1011 rursus
1579 983 1625 1018 qui
1641 982 1680 1009 vi-

891 1030 970 1057 detur
986 1030 1078 1062 homo.
1092 1031 1161 1058 alius
1178 1031 1308 1066 gignitur,
1327 1031 1353 1058 in
1371 1031 1451 1057 aliam
1471 1029 1587 1056 hominis
1601 1036 1680 1064 gene-

892 1076 1025 1103 rationem
1044 1077 1211 1104 exinanitus.
1224 1075 1282 1103 Non
1296 1076 1417 1104 cessabis
1429 1074 1575 1110 aliquando
1589 1074 1682 1100 ludere

891 1126 986 1149 contra
998 1129 1051 1150 non
1066 1122 1210 1150 audenda?
1225 1129 1278 1149 non
1292 1123 1438 1149 erubesces
1449 1121 1475 1148 in
1488 1125 1543 1148 tam
1560 1120 1682 1146 ridiculis

890 1167 996 1195 cavillis
1004 1168 1156 1195 divinorum
1164 1167 1353 1203 mysteriorum
1361 1167 1500 1195 exsolvere
1509 1164 1682 1193 metnmhmn

892 1214 1061 1242 converteris
1072 1221 1145 1241 nunc
1155 1219 1240 1246 certe,
1253 1213 1384 1249 siquidem
1392 1221 1446 1240 non
1459 1213 1534 1248 prius
1545 1212 1577 1239 ad
1588 1219 1682 1246 cogno-

892 1259 1024 1286 scendum
1048 1260 1122 1294 quod
1144 1260 1304 1295 unigenitus
1323 1259 1394 1287 Deus
1421 1258 1545 1293 quierat
1568 1258 1594 1284 in
1620 1257 1682 1285 sinu

892 1303 992 1335 Patris,
1021 1303 1149 1336 Verbum,
1168 1304 1250 1331 etiam
1277 1312 1323 1331 rex
1350 1309 1376 1331 et
1396 1303 1538 1336 Dominus,
1557 1306 1584 1330 et
1601 1309 1682 1329 omne

892 1349 1029 1377 excelsum
1044 1357 1142 1376 nomen
1157 1353 1184 1376 et
1198 1348 1365 1384 COgitamen,
1386 1349 1452 1376 nihil
1469 1349 1602 1376 bonorum
1625 1347 1682 1374 ﬁeri

893 1395 1006 1431 indiget,
1023 1395 1080 1430 ipse
1098 1403 1161 1422 eum
1178 1395 1214 1423 sit
1233 1395 1352 1422 omnium
1373 1396 1506 1422 bonorum
1528 1394 1681 1430 plenitudo.

893 1440 943 1468 llic
957 1445 1048 1468 autem
1064 1442 1091 1467 in
1108 1441 1173 1476 quid
1191 1441 1291 1468 mutari
1311 1445 1410 1476 potest,
1427 1445 1456 1468 ut
1469 1441 1513 1468 ﬁat
1527 1441 1592 1468 illud
1608 1440 1681 1476 quod

893 1487 969 1521 prius
993 1494 1044 1514 non
1073 1487 1150 1513 erat?
1177 1487 1414 1520 Quemadmodum
1444 1487 1527 1522 igitur
1554 1488 1599 1522 qui
1627 1495 1682 1514 non

895 1534 969 1561 novit
992 1538 1143 1568 peccatum,
1171 1538 1312 1568 peccattun
1329 1533 1368 1564 ﬁt,
1389 1536 1417 1560 ut
1438 1533 1514 1560 tollat
1540 1538 1681 1568 peccatum

896 1579 1010 1607 mundi:
1040 1579 1080 1606 sic
1105 1587 1201 1606 rursus
1224 1586 1288 1605 caro
1315 1586 1374 1613 qua:
1400 1578 1544 1606 Dominum
1566 1579 1680 1614 accepit,

895 1625 1022 1652 Christus
1047 1628 1074 1652 et
1094 1623 1225 1651 Dominus
1242 1624 1366 1657 eﬂicitur,
1391 1623 1463 1658 quod
1482 1631 1536 1650 non
1557 1628 1614 1651 erat
1635 1631 1681 1650 na-

896 1675 957 1697 tura
986 1670 1012 1697 in
1035 1670 1085 1696 hoc
1112 1673 1292 1696 transmutata
1315 1677 1364 1704 per
1391 1669 1625 1703 temperationem.
1644 1669 1681 1696 Ex

896 1717 996 1752 quibus
1012 1716 1156 1748 discimus,
1178 1716 1248 1751 quod
1266 1715 1336 1743 Deus
1357 1723 1411 1742 non
1428 1716 1454 1742 in
1469 1723 1552 1743 carne
1569 1715 1682 1743 manife-

896 1768 984 1790 status
1000 1766 1083 1794 esset,
1100 1762 1153 1790 nisi
1166 1761 1284 1789 Verbum
1301 1769 1367 1788 caro
1378 1761 1477 1788 factum
1490 1766 1576 1795 esset;
1595 1770 1682 1797 neque

895 1815 960 1835 caro
972 1807 1091 1835 hominis
1104 1815 1162 1842 quae
1175 1806 1354 1834 circumdedit
1371 1807 1460 1841 ipsqu
1475 1807 1502 1833 in
1513 1807 1681 1834 divinitatem

896 1856 1077 1880 transmutata
1097 1852 1204 1883 fuisset,
1236 1852 1288 1879 nisi
1315 1852 1387 1886 quod
1410 1851 1558 1886 apparebat
1581 1851 1682 1878 factum

895 1903 967 1927 esset
978 1902 1005 1926 et
1019 1898 1146 1926 Christus
1160 1903 1186 1925 et
1201 1897 1340 1925 Dominus.
1381 1895 1433 1925 Sed
1464 1898 1622 1934 despuunt...
1633 1904 1681 1924 no-

895 1949 959 1972 strze
970 1943 1182 1979 przedicationis,
1195 1942 1241 1977 qui
1255 1950 1301 1976 per
1313 1942 1484 1977 syllogismos
1497 1941 1524 1968 in
1533 1943 1681 1969 essentiam

895 1991 942 2018 Dei
955 1991 1074 2021 irruunt,
1088 1995 1115 2017 et
1131 1989 1226 2015 volunt
1242 1996 1302 2016 eum
1320 1988 1366 2023 qui
1383 1987 1475 2014 omnia
1492 1996 1553 2023 qum
1568 1993 1632 2016 sunt
1647 1989 1680 2015 ad

895 2041 984 2064 ortum
1003 2036 1125 2068 adduxit,
1155 2035 1343 2062 demonstrare
1370 2034 1460 2068 ipsum
1489 2037 1592 2069 partem
1620 2041 1682 2062 esse

895 2086 1037 2112 crealurm,
1065 2085 1146 2116 atque
1169 2081 1196 2107 in
1213 2080 1344 2108 auxilitum
1366 2080 1429 2107 talis
1453 2085 1568 2107 conatus
1586 2087 1680 2107 vocem

895 2128 968 2155 Petri
990 2128 1023 2154 ad
1046 2127 1222 2162 blasphemiae
1247 2126 1481 2161 prmstructionem
1509 2125 1680 2160 pertrahunt,

895 2174 940 2209 qui
957 2174 988 2200 ad
1006 2173 1114 2201 Judzeos
1126 2173 1211 2200 dixit:
1231 2172 1332 2199 Notum
1347 2172 1382 2199 si!
1393 2173 1464 2199 omni
1477 2172 1569 2199 domui
1583 2171 1680 2204 Israel,

67 2219 78 2243 ἱ
82 2226 104 2244 τι
115 2220 221 2253 Κύριον
237 2219 330 2246 αὐτὸν
348 2218 397 2245 καὶ
416 2218 544 2252 Χριστὸν
566 2219 706 2251 ἐποίησε,
734 2219 840 2246 τοῦτον

894 2220 962 2255 quod
979 2219 1121 2246 Dominum
1140 2219 1225 2252 ipsum
1240 2223 1264 2246 et
1280 2217 1415 2246 Christum
1430 2218 1491 2252 fecit
1506 2218 1574 2244 hunc
1590 2217 1680 2244 Jesuut

64 2262 111 2288 τὸν
127 2264 239 2298 Ἰησοῦν
262 2263 298 2290 ὃν
322 2263 406 2297 ὑμεῖς
430 2262 639 2297 ἐσταῳώσατε
657 2269 664 2276 “
676 2263 777 2299 ταύτην
795 2263 841 2290 τοῦ

65 2310 167 2345 κτιοτὴν
181 2308 250 2336 εἶναι
267 2309 315 2336 τοῦ
335 2308 496 2345 μονογενοῦς
507 2308 574 2334 Θεοῦ
592 2309 641 2343 τὴν
650 2309 753 2341 οὐσίαν,
776 2318 843 2346 προ-

65 2353 196 2382 ῦάλλονται
219 2356 269 2390 τὴν
292 2354 437 2388 ἀπόδειξιν.
460 2354 492 2380 Τί
521 2352 576 2384 οῦν,
595 2354 656 2380 εἰπέ
669 2363 724 2389 μοι,
739 2355 775 2390 μὴ
792 2356 844 2392 πρὸ

65 2399 151 2431 αἰῶνος
161 2401 184 2427 ot
201 2400 321 2427 Ἰουδαῖοι
332 2400 400 2436 πρὸς
413 2399 459 2431 οὓς
470 2401 483 2427 6
497 2399 574 2433 λόγος
589 2400 712 2434 ἐγένετο;
730 2401 766 2436 μὴ
778 2410 845 2437 προ-

65 2446 167 2481 κὸςμιος
184 2448 198 2473 6
219 2447 332 2482 σταυρός
347 2455 353 2479 ;
374 2446 416 2481 Μὴ
432 2445 486 2481 πρὸ
500 2446 590 2481 πάσης
605 2446 718 2478 κτίσεως
733 2448 748 2473 ὁ
763 2447 844 2474 Πιλά-

65 2499 116 2524 τος;
143 2493 186 2528 Μὴ
206 2493 314 2528 πρῶτον
333 2492 446 2527 Ἰησοῦς,
470 2492 518 2518 καὶ
544 2491 613 2526 μετὰ
636 2492 722 2519 ταῦτα
737 2493 842 2526 Λόγος;

67 2537 98 2572 μὴ
116 2539 286 2574 πρεσϐυτέρα
313 2539 330 2574 ἡ
355 2537 422 2573 σὰρξ
442 2537 490 2572 τῆς
515 2537 654 2572 θεότητος;
670 2539 716 2573 Μὴ
732 2539 785 2574 πρὸ
797 2539 844 2565 τοῦ

65 2583 157 2618 κόσμου
186 2584 200 2609 ὁ
219 2583 339 2619 Γαϐριὴλ
360 2585 393 2620 τῇ
413 2583 506 2619 Μαρίᾳ
523 2583 744 2617 εὑαγγελίζεται;
761 2584 816 2619 Οὐχ
831 2585 845 2611 6

66 2628 107 2662 μὲν
132 2629 200 2656 κατὰ
229 2630 346 2665 Χριστὸν
361 2629 514 2665 ἅνθρωπος,
526 2629 572 2655 ἐπὶ
589 2629 726 2664 Καίσαρος
739 2630 844 2664 Αὐγού-

65 2682 118 2701 στου
133 2675 181 2710 τὴν
195 2674 421 2710 ἁρχὴνλαμὸάνει
434 2674 478 2701 διὰ
487 2675 672 2710 γεννήσεως,ὸ
686 2675 714 2702 δὲ
727 2676 755 2701 ὲν
769 2677 839 2712 ἀρχῇ

66 2717 94 2744 2w
107 2719 186 2754 Λόγος
201 2720 277 2752 Θεὸς,
289 2720 414 2756 βασιλεὺς
435 2720 512 2756 ἡμῶν
530 2720 703 2756 προαιώνιος,
723 2722 813 2755 καθὼς
826 2725 841 2751 ὁ

94 2790 114 2804 ¹¹
136 2789 155 2815 ll
171 2789 232 2818 Cor.
246 2799 302 2824 ’(ςιι,
323 2791 349 2818 4.
390 2790 411 2805 ’³
432 2790 490 2817 Act.
506 2798 534 2822 ιι,
556 2790 601 2818 56.

96 2863 130 2898 (ιι)
152 2862 220 2900 Lege
239 2865 391 2902 ῖδιωτισμὸν
407 2874 438 2894 ex
451 2866 545 2894 codice
559 2865 701 2892 Bavarico.

893 2273 968 2300 quem
990 2273 1033 2292 vos
1058 2265 1284 2299 cruciﬁxistis”:
1301 2264 1352 2292 hac
1379 2271 1446 2291 voce
1477 2263 1609 2298 unigeniti
1635 2262 1681 2290 Dei

893 2311 1040 2338 essentiam
1056 2314 1176 2338 creatam
1190 2317 1251 2337 esse
1265 2309 1454 2337 demonstrare
1470 2309 1680 2344 praetendentes.

893 2357 962 2391 Quid
978 2357 1071 2392 igitur,
1088 2356 1131 2383 die
1148 2355 1226 2386 mihi,
1243 2363 1307 2382 num
1325 2359 1388 2382 ante
1403 2355 1532 2383 sarculum
1548 2354 1633 2382 Judtei
1648 2355 1681 2382 ad

892 2410 962 2438 quos
978 2402 1065 2428 factus
1079 2405 1121 2428 est
1141 2401 1251 2428 sermo?
1270 2408 1334 2428 num
1356 2405 1420 2428 ante
1444 2400 1575 2428 mundum
1597 2402 1683 2428 crux?

894 2456 958 2474 num
977 2451 1039 2474 ante
1055 2455 1165 2474 omnem
1178 2451 1332 2474 creaturam
1349 2446 1474 2474 Pilatus?
1485 2455 1548 2474 num
1564 2448 1680 2482 primum

893 2494 984 2524 Jesus,
999 2497 1026 2520 et
1046 2497 1138 2528 postea
1158 2492 1295 2520 Verbum?
1308 2500 1372 2519 num
1387 2492 1530 2520 divinitate
1543 2493 1680 2528 antiquior

894 2540 979 2566 caro?
998 2546 1063 2565 num
1082 2543 1146 2565 ante
1171 2538 1302 2565 mundum
1324 2538 1433 2566 Gabriel
1450 2537 1541 2565 Maria:
1561 2538 1680 2564 faustum

894 2585 1057 2612 annuntiat?
1084 2583 1142 2611 Non
1169 2583 1213 2611 hic
1239 2585 1348 2619 quidem
1368 2585 1520 2612 secundum
1541 2584 1680 2611 Christum

895 2631 985 2662 homo,
1001 2631 1153 2665 imperante
1163 2630 1270 2658 Caesare
1279 2630 1411 2665 Angusto,
1422 2629 1585 2665 principium
1598 2629 1679 2656 sumit

895 2684 944 2712 per
968 2677 1182 2711 generationem,
1214 2676 1260 2703 sed
1281 2676 1325 2703 hic
1349 2676 1396 2710 qui
1421 2676 1447 2702 in
1472 2675 1607 2710 principio
1622 2679 1678 2702 erat

896 2721 1014 2750 Verbum
1034 2721 1104 2750 Deus
1119 2721 1175 2750 Rex
1189 2727 1289 2752 noster,
1308 2725 1369 2749 ante
1386 2725 1514 2755 aeternus,
1531 2721 1602 2749 sicut
1615 2720 1678 2748 νιο-
