1920 3073
43 97 98 142 τω

580 105 722 135 CONTRA
737 108 933 141 EUNUMIUM,
954 108 1020 136 LIB.
1043 109 1095 134 VII.

1609 112 1662 139 750

40 157 83 189 εἰς
105 158 137 184 τὸ
158 158 197 193 μὴ
217 157 246 185 ὃν
267 159 446 187 διεσκέδασεν.
468 161 548 196 Λέγει
575 162 629 196 γὰρ
650 165 706 195 τοῖς
727 164 824 200 ῥήμασι

882 167 909 191 et
932 168 1034 191 temere
1051 162 1116 190 dum
1138 162 1225 191 fertur
1247 163 1346 197 oratio,
1365 169 1393 193 et
1416 171 1449 193 ex
1468 164 1616 200 improviso
1635 166 1662 193 in

39 202 158 234 τούτοις·
175 203 224 235 Τίς
236 203 322 240 οὕτως
335 205 448 239 ἠλίθιος,
463 206 509 233 καὶ
524 207 574 242 τῆς
590 208 763 245 ἀνθρωπίνης
777 219 829 237 κα-

39 248 199 281 ταστάσεως
214 249 291 282 ἐκτὸς
301 269 309 283 ,
333 250 370 288 ὡς
384 252 448 287 περὶ
461 252 612 288 ἀνθρώπων
629 253 827 290 διαλεγόμενος,

39 293 86 319 τὸν
98 293 149 329 μὲν
159 295 243 321 εἰπεῖν
252 295 402 331 ἄνθρωπον,
411 296 455 324 τὸν
466 297 495 324 δὲ.
504 298 593 332 ἵππον,
605 298 692 326 καλῶν
700 302 709 312 ·
717 301 830 336 συγκρί-

40 347 111 370 νων;
127 339 239 374 Είποιμι
256 339 289 366 ἂν
312 340 380 376 πρὸς
394 341 474 368 αὐτὸν
489 342 544 377 ἐγώ
554 351 560 357 ·
576 343 673 375 Καλῶς
687 345 829 380 ὀνομάζεις

18 387 20 403 ῑ
40 383 146 417 ἠλίθιον
168 383 215 410 τὸν
229 384 314 416 οὕτως
327 386 390 421 περὶ
402 386 450 418 τὰς
461 388 551 422 φωνὰς
564 389 764 424 ἁμαρτάνοντα,
782 392 829 417 καὶ

40 429 184 463 χρήσομαι
195 429 262 464 πρὸς
274 431 436 467 συνηγορίαν
447 433 496 468 τῆς
507 433 634 469 ἀληθείας
648 435 765 471 μάρτυρι
778 436 827 465 σοί.

38 473 70 499 Εί
81 473 138 509 γὰρ
152 475 201 509 τῆς
212 475 328 511 ἐσχάτης
338 477 411 503 ἐστὶν
422 477 599 514 ἠλιθιότητος,
618 481 663 506 τὸν
675 482 723 516 μὲν
736 482 827 514 ἵππον,

37 518 82 564 τὸν
95 519 124 545 δὲ
141 519 284 555 ἄνθρωπον
300 521 399 555 λέγειν.
414 522 493 561 εἴπερ
509 524 647 560 ἄνθρωποι
669 527 740 554 κατὰ
763 528 829 564 ἀλή-

37 561 114 588 θειαν
130 563 186 590 εἶεν
201 564 362 601 ἀμφότεροιο
378 567 428 602 τῆς
444 567 504 602 ἴσης
516 569 626 604 πάντως
638 561 829 608 παραπληξίας

36 608 105 640 ἐστὶ,
127 608 263 644 OSOS-usu
276 611 322 637 τοῦ
340 612 455 647 Πατρὸς,
476 614 543 641 Θεοῦ
568 615 596 642 δὲ
611 616 658 643 τοῦ
675 617 741 644 Υἱοῦ
758 615 828 646 εἶναι

35 654 274 688 πεπιστευμένου,
299 656 346 681 τὸν
371 657 420 691 μὲν
441 659 559 691 κτιστδν,
583 660 629 686 τὸν
651 661 679 687 δὲ
703 662 828 689 ἄκτιστον

35 696 138 731 λέγειν,
151 698 189 731 ὡς
201 700 259 725 ἐκεῖ
272 701 321 736 τῆς
331 701 547 738 ἀνθρωπότητος,
560 704 646 738 οὕτως
654 706 700 732 καὶ
713 707 827 734 ἐνταῦθα

33 743 85 779 τῆς
103 743 230 780 θεότητος
249 746 300 773 οὐκ
322 747 516 785 ἐπιδεχομένης
536 750 586 786 τὴν
603 751 671 787 πρὸς
690 752 719 779 τὺ
738 753 828 789 ἑτερο-

33 789 115 822 γενὲς
135 791 314 827 παρατροπὴν
330 793 376 819 τοῦ
400 794 541 829 ὀνόματος.
569 796 602 823 Ὃ
622 797 676 832 γάρ
699 797 774 825 ἐστιν
797 798 828 825 τὸ

32 833 134 880 ἄλογον
150 835 219 870 πρὸς
233 836 278 863 τὸν
295 838 448 874 ἄνθρωπον,
463 841 542 868 τοῦτο
556 841 602 871 καὶ
618 844 634 877 ὴ
653 843 741 875 κτίσις
760 844 828 880 πρὸς
843 833 864 860 Β

31 879 85 915 τὴν
103 879 237 916 θεότητα,
259 883 329 909 κατὰ
351 884 381 910 τὸ
397 882 455 911 ἴσον
475 885 513 921 μὴ
529 886 663 924 δυναμένη
686 889 732 916 τὸν
747 879 827 918 αὐτὸν

33 925 212 958 ἐπιδέξασθαι
224 927 263 963 τῷ
279 930 425 964 προάγοντι
449 931 538 966 λόγον.
561 934 617 960 Καὶ
632 934 670 966 ὡς
689 935 739 962 οὐχ
754 935 828 963 ἔστιν

32 970 80 996 τὸν
95 971 179 998 αὑτὸν
199 973 353 1009 ἐφαρμόσαι
366 976 428 1011 ὅρον
444 977 483 1012 τῷ
500 977 601 1014 λογικῷ
617 988 646 1006 τε
664 981 710 1009 καὶ
727 980 766 1016 τῷ
782 990 826 1008 τε-

32 1016 151 1051 τράποδι
175 1017 318 1052 (διίσταται
341 1021 395 1056 γὰρ
412 1023 532 1056 φυσικῶς
554 1024 683 1060 ἑκάτερον
707 1027 761 1054 ἀπὸ
780 1026 826 1054 τοῦ

32 1063 131 1098 ἑτέρου
147 1063 187 1098 τῷ
205 1064 352 1100 ἰδιάζοντι),
365 1067 451 1100 οὕτως
465 1069 525 1096 οὐδὲ
541 1069 590 1105 τὴν
605 1073 718 1107 κτιστὴν
734 1081 763 1099 τε
780 1074 826 1101 καὶ

31 1108 162 1134 ἀκτιστον
179 1109 271 1136 οὐσίαν
294 1111 337 1138 διὰ
354 1112 407 1139 τῶν
433 1114 522 1141 αὐτῶν
549 1116 746 1151 ἐρμηνεύσεις,
772 1118 827 1145 τῶν

31 1153 80 1178 ἐπὶ
91 1153 195 1188 ταύτης
207 1154 360 1190 λεγομένων
375 1157 425 1192 τῆς
439 1158 550 1191 οὐσίας,
563 1160 613 1186 οὐκ
629 1162 827 1198 ὲιρευρισκομέ-

30 1206 87 1223 νων
101 1199 136 1234 τῇ
151 1199 228 1234 ἄλλῃ¹
252 1200 288 1231 ὡς
305 1202 358 1236 γὰρ
375 1202 423 1237 οὐχ
439 1203 595 1238 εὑρίσκεται
615 1205 646 1232 τὸ
667 1207 775 1241 λογικὸν
797 1209 826 1235 ἐν

31 1242 121 1277 ἵππῳ,
135 1243 194 1270 οὐδὲ
206 1244 234 1270 ὲν
247 1245 295 1271 ἀνθ
301 1245 383 1281 ρώπῳ
397 1247 426 1274 τὸ
441 1248 602 1285 μονώνυχονο
619 1251 704 1284 οὕτως
719 1253 781 1280 οὔτε
792 1256 825 1290 τῇ

30 1287 123 1314 κτίσει
135 1290 151 1324 ἡ
166 1288 269 1324 θεύτης,
284 1290 344 1317 οὔτε
358 1294 390 1327 τῇ
403 1292 509 1329 θεότητι
521 1296 551 1322 τὸ
563 1296 606 1323 διὰ
618 1298 732 1330 κτίσεως
746 1287 824 1326 εἷναι-⁵

31 1333 92 1359 ἀλλ’
105 1334 130 1359 εἰ
142 1334 226 1367 Oak,
248 1336 356 1369 πάντως
371 1338 417 1364 καὶ
429 1338 565 1374 ἄκτιστος,
580 1342 604 1368 εί
620 1342 648 1369 δὲ
664 1344 782 1375 κτιστὸς,
794 1345 824 1371 οὺ

29 1379 110 1425 βεός.
127 1381 159 1408 Εἰ
176 1382 212 1417 μή
227 1390 269 1414 τις
282 1383 334 1418 ἄρα
346 1383 389 1410 διὰ
399 1385 524 1420 χρήσεώς
536 1395 608 1420 τινος
626 1389 672 1415 καὶ
683 1390 826 1425 συνηθείας

29 1424 130 1458 λόγων,
152 1425 229 1456 ψιλὸν
250 1428 296 1454 ἐπὶ
319 1429 368 1472 τὴν
390 1431 479 1458 κτίσιν
502 1432 563 1466 ἄγοι
578 1433 608 1460 τὸ
634 1435 684 1469 τῆς
701 1435 825 1472 θεότητος

29 1471 136 1506 ὖνομα,
151 1472 277 1509 καθάπερ
291 1468 337 1501 καί
349 1475 442 1511 ἵπποις
459 1477 514 1504 τισὶ
542 1479 576 1505 τὰ
593 1468 750 1515 ἀνθρώπινα

29 1515 176 1551 ὀνομάτων
205 1519 282 1554 παρὰ
308 1520 363 1547 τῶν
390 1523 513 1550 ἱππικῶν
546 1524 738 1562 ὲπιῦἐδληται⁸
766 1528 823 1555 ἀλλ’

29 1561 95 1588 οὗτε
112 1562 126 1589 ὁ
142 1563 226 1595 ἵππος
240 1564 393 1600 ἄνθρωπος,
410 1567 461 1594 κᾶν
477 1568 634 1606 ἀνθρωπίνῃ
652 1574 824 1609 προσηγορίᾳ

30 1609 259 1644 κατονομάζεται,
270 1611 331 1638 οὔτε
348 1613 378 1639 τὺ
390 1614 493 1649 κτίσμα
512 1615 577 1648 Θεὸς
587 1636 594 1648 ,
614 1617 666 1644 κᾶν
682 1627 825 1654 προσμαρ-

28 1653 153 1698 ¹ιευρῶσιν
166 1654 240 1690 αὖτῷ
251 1664 322 1687 τινες
332 1657 381 1692 τὴν
396 1659 488 1694 φωνὴν
498 1661 548 1695 τῆς
562 1660 697 1697 θεότητος,
707 1653 824 1698 φθόγγον

30 1696 156 1725 διάκενον
178 1700 206 1726 ἐν
225 1700 300 1727 δυάδι
318 1702 457 1730 συλλαϐῶν
476 1705 659 1741 χαριζόμενοι.
687 1696 824 1736 ἘπεὶἺοῦν

31 1744 185 1780 συνηνέχθη
203 1747 273 1773 κατὰ
288 1747 318 1773 τὸ
333 1748 484 1784 αὐτόματον
503 1752 517 1777 ὁ
530 1751 579 1786 τῆς
594 1753 725 1788 αἱρέσεως
747 1755 823 1789 λόγος

30 1789 102 1824 πρὸς
117 1790 167 1825 τὴν
177 1791 316 1827 ἀλήθειαν,
332 1794 413 1826 αὐτὸς
427 1796 515 1831 ἐαυτῷ
529 1805 559 1823 συ
564 1798 756 1832 μὸουλευσάτω
767 1803 824 1833 τοῖς

29 1835 144 1867 οἰκείοις
169 1837 307 1871 ὲμμένειψ
332 1839 378 1865 καὶ
402 1841 462 1875 μηδ’
483 1842 512 1868 ὲν
533 1843 626 1878 τρόπῳ
653 1845 702 1876 τὰς
726 1846 822 1872 ἑαυτοῦ

29 1880 126 1925 φωνὰς
147 1882 339 1916 ἀνατίθεσθαι,
362 1886 431 1913 ἀλλὰ
449 1887 488 1922 τῷ
512 1888 568 1915 ὄντι
585 1890 704 1924 νομίζειν
720 1889 823 1925 ὴλίοιον

30 1924 103 1953 εἶναι
118 1927 166 1953 καὶ
181 1929 404 1965 παρεξεστηκότα
415 1951 423 1964 ,
436 1933 481 1959 τὸν
493 1933 523 1959 τὸ
539 1934 717 1970 ὑποκείμενον
786 1937 822 1969 ὡς

29 1971 105 1997 ἑστιν
129 1972 311 2007 ὀνομάζοντα,
333 1975 389 2002 ἀλλ’
413 1977 473 2003 ἀντὶ
495 1977 637 2013 ἀνθρώπου
661 1980 753 2014 ἵππον,
766 1971 822 2009 καὶ

29 2016 89 2042 ἀντὶ
105 2017 223 2052 οὐρανοῦ
240 2019 386 2052 θάλασσαν,
405 2022 452 2048 καὶ
469 2022 528 2048 ἀντὶ
547 2023 613 2050 Θεοῦ
630 2023 742 2059 λέγοντα
764 2028 821 2053 κτίσ

30 2069 88 2096 σμα
99 2070 108 2078 ο
125 2063 172 2089 καὶ
192 2064 284 2099 μηδεὶς
297 2065 394 2093 οἰέσθω
410 2067 488 2103 παρὰ
500 2068 577 2102 λόγον
600 2070 821 2106 ἀντιδιαιρείσθαι

27 2108 68 2142 τῷ
91 2108 154 2143 Θεῷ
178 2110 226 2144 τὴν
248 2111 348 2142 κτίσιν,
365 2112 433 2139 ἀλλὰ
453 2114 521 2149 πρὸς
534 2115 597 2146 τοὺς
619 2118 761 2152 προφήτας
774 2119 820 2146 καὶ

881 208 1020 234 veritatem
1037 207 1152 242 allapsa,
1171 207 1243 235 hanc
1261 208 1417 236 instabilem
1436 213 1462 236 et
1482 210 1662 243 ampullarem

872 253 1014 294 ~mendacii
1029 253 1253 281 constitutionem
1269 253 1296 283 in
1311 253 1428 280 nihilum
1442 254 1598 289 dissipavit.
1613 255 1663 282 llis

878 300 951 326 enim
967 298 1058 326 verbis
1073 299 1157 326 dicit:
1175 298 1244 332 Quis
1265 299 1303 326 ita
1326 299 1454 334 stupidus
1474 303 1502 327 et
1520 308 1617 328 vecors
1637 305 1665 328 et

880 343 1056 372 humanitatis
1072 351 1178 376 exsors,
1206 348 1237 372 ut
1262 343 1296 371 de
1324 345 1481 373 hominibus
1507 345 1662 376 disserens.

879 389 952 416 hunc
967 389 1077 424 quidem
1092 390 1241 422 hominem,
1256 389 1332 416 illum
1350 397 1416 417 vero
1435 399 1536 425 equum
1552 391 1663 424 dixerit,

880 434 1004 469 ipsorum
1020 435 1224 469 comparatione
1239 434 1375 462 facta?At
1389 443 1440 471 ego
1459 437 1509 471 ipsi
1526 437 1642 464 dixerint
1655 445 1662 463 :

880 478 1013 507 Praeclare
1029 480 1156 507 nominas
1174 480 1302 507 stolidum
1320 486 1347 508 et
1359 480 1495 514 hebetetn,
1510 487 1537 509 et
1549 482 1663 509 bardum

881 525 921 553 sic
933 525 1007 552 circa
1027 532 1107 552 voces
1123 526 1295 553 aberrantem
1314 535 1321 552 ι
1337 529 1364 553 et
1381 526 1413 553 ad
1430 526 1555 554 veritatis
1569 531 1664 562 patro-

879 570 981 597 cinium
998 573 1024 598 te
1040 575 1102 597 utar
1119 575 1198 598 teste.
1216 570 1244 597 Si
1261 571 1333 598 enim
1350 575 1393 598 est
1413 577 1542 599 extremae
1555 572 1670 600 stolidi-'

881 616 947 643 tatis
964 620 991 643 et
1007 615 1154 648 fatuitatis,
1168 617 1241 644 hunc
1256 616 1367 651 quidem
1379 624 1492 652 equutu,
1509 617 1586 645 illum
1598 626 1663 646 vero

879 659 1014 699 hominem
1025 661 1126 691 dicere,
1139 662 1162 688 si
1175 656 1283 696 quidem
1295 669 1358 689 vere
1375 662 1456 689 ambo
1469 667 1562 689 essent
1577 663 1664 690 bomi-

878 712 927 732 nes
945 715 951 732 :
968 706 1084 740 :equalis
1099 713 1214 741 prorsus
1231 707 1352 741 stuporis
1369 711 1412 734 est
1430 714 1493 734 cum
1510 707 1582 735 Deus
1602 710 1663 743 qui-

879 750 937 777 dem
952 750 1042 783 Pater,
1069 751 1140 779 Deus
1160 759 1225 779 vero
1239 751 1325 779 Filius
1346 759 1408 780 esse
1428 753 1566 785 credatur.
1592 754 1664 780 hunc

881 796 989 830 quidem
1010 801 1144 830 creatum,
1170 797 1246 825 illum
1268 804 1332 825 vero
1348 798 1501 824 increatum
1517 798 1662 829 altirmar'e.

879 849 941 868 cum
961 849 1011 869 nec
1027 842 1084 869 illic
1107 842 1337 879 bumanitas,nec
1361 843 1405 871 hic
1426 844 1567 874 divinitas.
1584 844 1618 870 ad
1636 845 1663 872 id

879 887 951 922 quod
980 887 1083 915 diversi
1108 889 1218 923 generis
1243 892 1285 915 est
1311 888 1432 916 nominis
1457 889 1662 924 perversionem

879 932 965 965 possit
980 932 1136 960 admittere.
1149 932 1227 966 Quod
1243 933 1316 960 enim
1333 937 1375 961 est
1390 933 1507 961 rationis
1519 941 1616 968 expers
1629 935 1663 960 ad

878 976 1028 1011 hominem,
1044 978 1095 1005 hoc
1109 979 1190 1006 etiam
1206 984 1333 1006 creatura
1346 979 1380 1006 ad
1398 979 1580 1012 divinitatem,
1600 987 1662 1006 cum

877 1031 909 1050 ex
924 1031 1002 1058 aequo
1018 1032 1071 1051 non
1088 1024 1177 1060 possit
1189 1025 1332 1052 admittere
1348 1024 1470 1052 eamdem
1483 1033 1546 1051 cum
1563 1026 1664 1060 produ-

877 1073 954 1096 cente
990 1070 1132 1098 rationem.
1165 1071 1198 1097 Et
1234 1070 1463 1104 quemadmodum
1489 1078 1543 1097 non
1574 1075 1663 1105 potest

876 1114 971 1141 eadem
986 1115 1118 1151 _dcﬁnitio
1142 1114 1296 1150 congruere
1328 1115 1444 1142 rationis
1474 1116 1613 1151 participi,
1637 1120 1663 1143 et

877 1149 1045 1194 quadrupedi
1063 1169 1069 1187 :
1088 1160 1173 1188 distat
1183 1149 1258 1187 enim
1275 1159 1393 1187 alterum
1408 1160 1443 1186 ab
1455 1149 1540 1186 altero
1555 1149 1664 1186 natura-

877 1204 939 1231 liter
955 1212 1004 1232 sua
1019 1205 1151 1239 peculiari
1169 1206 1337 1240 proprietate
1355 1214 1362 1232 :
1381 1206 1421 1232 sic
1439 1213 1526 1240 neque
1541 1210 1660 1232 creatam

876 1254 903 1276 et
915 1249 1065 1276 increatam
1079 1251 1227 1278 essentiam
1245 1259 1294 1286 per
1309 1251 1403 1278 eadetn
1426 1252 1660 1286 interpretaberis.

876 1301 938 1321 cum
955 1302 985 1322 ea
1001 1303 1061 1330 qua:
1076 1297 1108 1322 de
1128 1296 1179 1323 ista
1196 1295 1326 1323 dicuntur
1346 1297 1465 1323 essentia
1476 1317 1483 1328 ,
1507 1304 1560 1323 non
1586 1297 1662 1324 inve-

876 1340 986 1367 niantur
1010 1340 1038 1367 in
1057 1342 1108 1368 alia
1126 1349 1133 1367 :
1149 1342 1219 1368 sicut
1234 1343 1305 1368 enim
1320 1342 1346 1368 in
1362 1349 1433 1376 equo
1454 1342 1586 1369 rationale
1607 1350 1661 1370 non

876 1385 1031 1420 invenitur;
1050 1395 1137 1421 neque
1155 1387 1181 1414 in
1199 1387 1317 1418 homine,
1339 1387 1410 1422 quod
1436 1395 1517 1416 unam
1533 1388 1662 1415 Solidum-

877 1437 928 1464 que
941 1430 1022 1458 habet
1038 1432 1167 1466 ungulam
1186 1441 1192 1458 :
1210 1432 1250 1459 sic
1266 1440 1353 1466 neque
1372 1433 1398 1459 in
1416 1437 1540 1460 creatura
1560 1433 1661 1460 divini-

875 1479 928 1506 tas.
947 1484 1035 1511 neque
1055 1477 1080 1503 in
1103 1476 1244 1504 divinitate.
1262 1477 1333 1512 quod
1353 1485 1400 1512 per
1416 1478 1580 1509 creationem
1602 1486 1661 1505 esse

875 1522 1052 1556 comperimr.
1073 1522 1125 1549 Sed
1141 1522 1162 1550 si
1181 1522 1252 1550 Deus
1264 1529 1316 1555 est,
1330 1524 1410 1550 etiam
1428 1531 1541 1558 prorsus
1556 1524 1662 1553 increa-

875 1571 920 1594 tus
938 1577 944 1594 :
963 1568 985 1595 si
1009 1573 1120 1595 creatus
1145 1574 1197 1601 est,
1213 1577 1267 1596 non
1287 1575 1329 1597 est
1353 1569 1434 1596 Deus.
1451 1568 1508 1596 Nisi
1532 1570 1593 1604 quis
1610 1577 1661 1597 usu

875 1613 992 1648 quodam
1014 1619 1040 1642 et
1065 1615 1265 1642 consuetudine
1291 1615 1419 1650 loquendi
1453 1621 1534 1642 tenue
1560 1624 1660 1644 nomen

874 1659 1026 1688 divinitatis
1044 1660 1078 1688 ad
1096 1665 1250 1688 creaturam
1271 1661 1374 1693 trahat,
1391 1662 1620 1696 quemadmodum
1635 1667 1662 1689 ct

874 1707 953 1740 equis
969 1706 1149 1741 quisbusdam
1166 1707 1285 1734 humana
1308 1709 1419 1734 nomina
1435 1709 1469 1734 ab
1485 1716 1545 1743 equi
1556 1709 1661 1736 stribns

875 1755 939 1778 stmt
957 1752 1042 1779 indita
1057 1762 1063 1780 :
1081 1753 1128 1780 sed
1156 1761 1244 1788 neque
1259 1761 1346 1788 equus
1367 1753 1458 1785 homo,
1475 1756 1524 1782 ctsi
1542 1755 1660 1785 humana

874 1797 1054 1832 appellatione
1062 1799 1229 1832 nominatur,
1240 1807 1326 1834 neque
1337 1804 1461 1826 creatura
1473 1799 1554 1831 Deus,
1567 1809 1660 1835 quain-

874 1843 914 1870 vis
933 1843 958 1870 ei
970 1844 1080 1878 quidam
1101 1853 1193 1874 vocem
1217 1845 1365 1872 divinitatis
1380 1847 1540 1878 attribuant,
1563 1855 1659 1873 sonum

874 1888 983 1915 inanem
1002 1889 1026 1915 in
1041 1889 1209 1923 syllabarum
1225 1890 1357 1917 dnalitate
1371 1892 1568 1926 gratificantes.
1586 1893 1660 1925 Quo-

873 1934 947 1960 niam
973 1934 1056 1969 igitur
1083 1940 1183 1963 temere
1210 1942 1237 1963 et
1263 1936 1376 1963 fortuito
1403 1937 1540 1965 hzcrescos
1568 1947 1660 1966 serum

876 1980 984 2007 veritati
1002 1982 1154 2014 consensit,
1174 1982 1232 2017 ipse
1248 1982 1300 2009 sibi
1321 1983 1448 2010 consulat
1464 1985 1581 2019 propriis
1606 1985 1659 2011 im-

872 2033 1000 2056 manere:
1018 2034 1067 2054 nec
1083 2035 1131 2062 per
1153 2032 1261 2063 tropum
1280 2029 1337 2056 sive
1355 2029 1468 2064 ﬁguram
1489 2038 1553 2056 suas
1577 2038 1659 2057 voces

871 2073 1030 2104 attribuere,
1049 2074 1096 2100 sed
1117 2081 1178 2101 rere
1192 2079 1217 2101 et
1235 2075 1344 2102 realiter
1358 2077 1514 2103 existimare
1529 2077 1657 2103 stolidum

872 2125 943 2148 esse,
970 2126 1059 2153 neque
1080 2120 1123 2146 sui
1149 2126 1313 2155 compotem,
1340 2128 1401 2148 eum
1427 2122 1472 2156 qui
1496 2129 1549 2148 non
1572 2128 1600 2148 Ill.
1615 2127 1658 2150 est

28 2153 99 2187 πρὸς
117 2155 179 2185 τοὺς
198 2156 360 2196 ᾁποστόΜυς
379 2158 509 2193 βλεπέτω.
532 2160 560 2186 '0
579 2161 628 2196 μὲν
646 2163 698 2198 γὰρ
714 2165 819 2200 προφὴ-

875 2164 1030 2198 subjectum
1052 2166 1185 2199 nominat,
1215 2167 1263 2194 sed
1287 2175 1334 2202 pro
1360 2168 1469 2196 homine
1494 2175 1605 2202 equum,
1631 2173 1658 2195 ct

27 2207 79 2234 της
102 2200 185 2234 φησὶν
205 2202 237 2228 ἐκ
254 2203 398 2237 προσώπου
421 2204 467 2231 τοῦ
490 2206 613 2242 Πατρὸς,
631 2209 672 2236 ὅτι
701 2210 734 2237 Ἦ
755 2212 818 2246 χείρ

26 2253 86 2278 μου
101 2244 227 2279 ἐποίησε
246 2248 344 2274 πάντα
362 2249 463 2281 ταῦτα,
479 2253 556 2287 χεῖρα
569 2252 618 2288 τὴν
635 2254 683 2281 τοῦ
701 2244 819 2290 Μονόγέ-

27 2289 93 2322 νοῦς
107 2291 221 2327 δύναμιν
242 2294 280 2328 τῷ
302 2295 441 2332 αἰνίγματι
457 2297 559 2332 λέγων·
577 2299 590 2325 ὀ
611 2299 639 2325 δὲ
661 2289 820 2334 ’Λπόστολος

27 2337 60 2363 ὲκ
74 2337 124 2363 τοῦ
138 2338 243 2374 Πατρὺς
256 2337 324 2366 εἶναι
339 2341 374 2368 τὰ
398 2342 496 2376 πάντα,
519 2344 565 2370 καὶ
578 2344 622 2372 διὰ
640 2345 686 2372 τοῦ
702 2346 767 2373 Υίοῦ
786 2348 820 2375 τὰ

26 2383 121 2409 ’πάντα
134 2383 218 2417 λέγει·
232 2386 374 2423 συμϐαίνει
387 2388 414 2414 δέ
426 2397 483 2421 πως
494 2389 524 2416 τὸ
535 2392 703 2426 προφητικὸν
712 2393 819 2428 πνεῦμα

26 2431 60 2465 τῇ
77 2430 244 2467 ἀποστολικῇ
258 2432 415 2469 διδασκαλίᾳ.
436 2436 483 2462 καὶ
497 2437 583 2473 ταύτῃ
602 2437 645 2464 διὰ
665 2439 820 2475 πνεύματος

27 2476 172 2513 γενομένῃ.
193 2478 265 2504 Ἐκεῖ
276 2487 305 2505 τε
317 2479 371 2515 γὰρ
385 2480 418 2507 τὰ
431 2481 518 2509 πάντα
532 2483 580 2518 τῆς
594 2484 685 2518 χειρὸς
697 2485 763 2520 ἔργα
773 2486 819 2512 τοῦ

27 2522 75 2547 ἐπὶ
100 2522 209 2550 πάντων
228 2525 242 2550 ὁ
262 2526 405 2561 προφήτης
421 2527 514 2561 εἰπὼν,
530 2528 677 2556 διαστέλλει
697 2531 744 2566 τὴν
767 2532 820 2558 τῶν

26 2567 181 2601 γεγονότων
201 2569 282 2604 φύσιν
298 2571 363 2607 πρὸς
375 2573 420 2599 τὸν
433 2574 592 2610 ποιήσαντα.
615 2575 644 2601 ’0
659 2576 686 2602 δὲ
704 2578 819 2612 ποιήσας

28 2612 88 2638 ἐστὶ
111 2611 154 2639 διὰ
176 2614 226 2649 τῆς
245 2614 312 2646 ἰδίας
329 2616 417 2652 χειρὸς
437 2617 472 2644 τὰ
489 2619 588 2650 πάντα,
609 2622 623 2646 ὁ
645 2620 690 2646 ἐπὶ
711 2611 819 2648 πάντων

27 2657 115 2689 Θεός·
131 2658 179 2694 τὴν
195 2660 244 2694 μὲν
268 2662 345 2696 χεῖρα
366 2662 444 2698 ἔχων,
469 2663 503 2690 τὰ
526 2664 553 2690 δὲ
576 2665 665 2692 πάντα
686 2666 719 2693 δι’
736 2667 820 2702 αὐτῆς

28 2702 223 2738 ἐργαζόμενος.
240 2706 295 2732 Καὶ
310 2707 427 2734 ἐνταῦθα
446 2708 526 2735 πάλιν
546 2709 561 2735 ὁ
591 2711 750 2744 ’Λπὸστολος
770 2713 820 2749 τὴν

27 2748 114 2783 αὐτὴν
131 2751 248 2777 ποιεῖται
264 2751 318 2779 τῶν
329 2752 413 2780 ὄντων
429 2755 527 2790 τομήν·
544 2755 578 2782 τὰ
602 2756 689 2784 πάντα
705 2757 755 2794 μὲν
770 2759 821 2795 τῆς

66 2794 90 2810 ¹⁵
107 2793 158 2824 isa.
173 2804 269 2831 xum,
288 2798 330 2825 I5.
369 2799 390 2815 ιο
402 2798 411 2825 l
423 2799 487 2827 Cor.
504 2807 565 2834 vni,
581 2800 607 2829 6.

873 2217 924 2244 pro
942 2211 1013 2238 creto
1039 2219 1124 2243 mare,
1149 2217 1177 2240 et
1196 2220 1246 2247 pro
1261 2213 1316 2240 Deo
1343 2219 1495 2241 creaturam
1520 2214 1657 2242 dircntlo:

871 2261 899 2282 et
915 2265 947 2283 ne
963 2257 1024 2291 quis
1039 2258 1178 2286 existimet
1193 2279 1201 2293 ,
1221 2263 1320 2294 prmter
1343 2260 1477 2287 rationem
1501 2266 1657 2288 creaturam

875 2301 928 2328 Di-o
950 2310 982 2329 ex
1009 2304 1124 2331 adverso
1139 2306 1250 2339 opponi,
1273 2306 1319 2333 sed
1342 2307 1374 2332 ad
1402 2307 1557 2341 prophetas.
1577 2311 1603 2334 ct
1624 2308 1657 2334 ad

875 2348 1013 2381 apostolos
1029 2349 1170 2383 respiciat.
1191 2349 1258 2377 Nam
1282 2352 1412 2386 propheta
1433 2352 1521 2386 inq'rit
1546 2361 1577 2378 cx
1596 2361 1657 2387 pcr-

869 2401 936 2421 sona
956 2394 1044 2422 Patris
1062 2403 1069 2422 :
1090 2395 1188 2424 Manus
1211 2405 1270 2424 mea
1289 2399 1345 2425 Iure
1368 2399 1457 2425 omnia
1480 2399 1539 2433 [rvit
1560 2400 1591 2429 ”,
1611 2407 1658 2434 per

869 2447 990 2472 manum,
1014 2441 1153 2476 Unigeniti
1179 2443 1307 2470 virtutem
1339 2445 1455 2472 obscure
1485 2445 1655 2480 Signini-aus.

869 2486 1017 2520 Apostolus
1034 2494 1099 2514 vero
1112 2496 1144 2514 ex
1158 2488 1240 2516 Patre
1257 2496 1317 2516 esse
1331 2491 1434 2521 omnia,
1448 2495 1474 2517 et
1493 2499 1539 2525 per
1556 2491 1624 2517 Filiu
1640 2500 1654 2515 ιι

869 2532 959 2568 omnia
973 2533 1037 2559 dicit
1054 2533 1092 2566 ¹⁶;
1108 2534 1284 2569 propheticus
1302 2541 1391 2562 autem
1408 2537 1519 2571 spiritus
1540 2544 1655 2562 consen-

868 2577 899 2603 tit
917 2579 1075 2612 apostolime
1096 2579 1237 2613 doctrinm,
1268 2589 1328 2616 qua:
1350 2583 1431 2609 etiam
1456 2590 1503 2616 per
1527 2581 1652 2608 eamdem

869 2623 994 2656 spiritum
1017 2623 1087 2651 facta
1105 2629 1157 2652 est.
1175 2626 1234 2653 Illic
1249 2627 1322 2654 enim
1340 2628 1429 2654 omnia
1455 2635 1537 2662 opera
1555 2635 1654 2652 manus

869 2669 931 2703 ejus
947 2670 993 2704 qui
1009 2675 1051 2697 est
1071 2670 1097 2698 in
1114 2672 1241 2699 ornnibus
1257 2673 1387 2708 propheta
1405 2681 1466 2700 cum
1483 2672 1561 2703 dixit,
1574 2677 1654 2698 natu-

870 2722 929 2742 ram
949 2724 1043 2743 eorum
1059 2725 1119 2753 qtle
1136 2718 1207 2745 facta
1225 2723 1300 2751 sunt,
1316 2719 1350 2746 ab
1367 2725 1398 2746 eo
1413 2717 1459 2753 qui
1477 2717 1542 2745 fecit
1555 2717 1654 2744 distin-

873 2761 933 2796 guit
954 2769 986 2790 ac
1006 2767 1126 2798 separat.
1154 2763 1205 2797 Qui
1229 2767 1318 2791 autem
1346 2771 1428 2791 manu
1452 2764 1561 2800 propria
1590 2763 1653 2792 facit
