1920 3073
75 107 125 137 753

614 115 751 144 CONTRA
773 117 968 151 EUNOMIUM,
988 119 1053 149 LIB.
1073 121 1129 148 VII.

1640 121 1692 150 754

74 164 151 193 λοιπὰ
165 163 218 190 τῶν
232 166 367 200 γεννητῶν
381 166 538 204 ἀποκρίνας,
559 170 615 197 ἀλλ’
629 172 847 209 ὁμοτίμωςμοιεῖ

908 175 1020 210 reliquis
1035 184 1095 211 quae
1109 184 1157 211 per
1172 176 1340 204 creationem
1359 176 1428 205 facta
1441 180 1515 210 sunt,
1527 177 1652 207 tribuens
1664 183 1692 208 et

73 219 116 238 ται
129 210 177 246 τὴν
191 211 257 245 πρὸς
273 211 339 238 Θεὸν
352 212 491 249 διαστολὴν
505 215 612 243 πάντων
629 217 681 245 τῶν
693 219 851 252 γεγονότων·

73 255 120 282 οὐκ
132 254 227 287 ἐξελὼν
247 255 292 282 τὸν
307 257 370 284 raw
391 258 443 285 τῶν
459 259 576 287 πάντων.
595 262 649 288 Καὶ
663 262 707 290 διὰ
729 263 778 297 τῆς
801 263 854 290 τῶν

73 300 177 337 ἀτόπων
196 301 276 336 δῆθεν
298 302 488 339 ἀναστροφῆς,
511 306 635 341 φανερῶς
659 307 704 335 τὸν
725 307 788 335 Υἱὺν
804 308 855 343 τῆς

74 345 146 376 Θείας
160 344 287 380 ἀφίστησι
306 347 423 381 φύσεως,
435 349 521 383 λέγων
537 351 604 386 μήτε
617 360 642 378 τι
655 351 708 378 τῶν
719 353 854 388 γεννητῶν

73 391 225 426 ἀγέννητον,
242 393 308 428 μήτε
320 393 365 420 τὸν
383 394 448 421 Θεὺν
466 395 558 432 Υίὸνῆ
575 398 701 433 γεννητὸν
717 398 852 433 λέγεσθαι,

34 449 38 454 ι
73 437 104 470 τῇ
118 435 308 471 ἀντιδιαιρέσει
323 438 416 472 σαφῶς
435 439 465 466 τὸ
480 441 592 475 φρικτὸν
611 442 788 470 ὲκκαλύπτων
804 444 854 478 τῆς

74 479 256 515 βλασφημίας·
273 481 426 515 διαστείλας
448 484 503 520 γάρ
524 486 558 513 τὰ
584 487 715 521 γεγονότα
737 489 803 524 πρὸς
825 491 854 516 τὸ

70 525 224 561 ἀγέννητον,
240 527 268 553 ὲν
284 528 317 563 τῇ
331 528 400 555 κατά
413 529 441 556 τὺ
454 530 630 566 ἀντίστροφον
647 533 776 569 ἐπαγωγῇ
789 535 853 560 οὑκ-

70 570 107 597 έτι
118 571 162 598 τὸν
175 572 332 608 ἀγέννητον,
345 575 412 602 ἀλλὰ
422 575 468 602 τὸν
482 576 547 603 Θεὸν
560 576 637 604 εἶπεν
650 579 713 605 Υἱὺν
725 580 741 614 ἢ
758 589 851 615 γεννη-

68 615 112 642 τδν
123 616 254 644 ἀδύνατον
263 616 332 646 εἶναι
344 619 444 654 λέγειν,
456 620 561 653 δεικνὺς
572 622 615 649 διὰ
626 623 678 649 τῶν
689 625 851 659 εἰρημένων,

68 661 106 687 ὅτι
119 662 149 687 τὸ
163 662 202 698 μὴ
216 663 363 699 ἀγέννητον
376 665 442 697 Θεὸς
453 666 502 692 οὐκ
521 666 576 692 ἔστι
587 687 593 697 ,
611 668 657 695 καὶ
672 668 712 694 ὃτι
728 669 852 695 τοσοῦτον

68 706 160 741 ἀπέχει
179 708 194 734 ὁ
212 710 358 744 μονογενὴς
377 710 443 741 Θεὸς
461 711 504 737 διὰ
525 711 555 737 τὸ
574 712 702 747 γεννητὸν
717 711 786 740 εῖναι
806 714 852 740 τοῦ

68 750 132 779 εἶναι
148 753 225 784 Θεὸς,
246 755 307 781 ὅσον
323 755 368 781 καὶ
381 757 395 782 ό
407 757 554 790 ἀγέννητος
573 757 619 784 τοῦ
635 758 763 793 γεννητὸς
782 758 851 786 εἶναι

67 799 82 833 ἢ
97 799 231 833 λέγεσθαι.
248 801 284 827 Οὐ
302 801 355 837 γὰρ
367 802 462 838 ἀγνοίᾳ
480 804 529 838 τῆς
548 804 618 831 κατὰ
631 805 676 832 τὸν
692 806 770 840 λόγον
785 808 849 833 ἀκο-

905 229 1062 254 secernens,
1079 223 1126 250 sed
1146 222 1279 258 aequalem
1297 222 1362 250 facil
1378 230 1473 250 eorum
1493 224 1616 251 omnium
1632 233 1692 259 qua:

905 274 952 301 per
965 267 1167 301 generationem
1184 268 1255 295 facta
1267 271 1331 295 sunt
1346 276 1408 296 eum
1424 268 1480 296 Deo
1493 269 1691 303 diﬂerentiam,

904 311 937 338 ab
951 312 1080 340 omnibus
1095 321 1149 340 non
1164 319 1279 349 excepto
1294 314 1374 341 Filio.
1397 314 1429 342 Et
1445 322 1493 350 per
1508 315 1690 343 absurdorum

904 361 977 385 certe
990 358 1174 386 inversionem
1190 360 1335 387 manifeste
1347 359 1447 387 Filium
1460 367 1475 387 ιι
1487 360 1578 388 divina
1592 366 1691 388 natura

906 401 1050 434 abstrahit,
1074 409 1137 429 cum
1155 402 1233 436 dicit,
1257 411 1346 438 neque
1366 404 1521 438 genitorum
1541 405 1690 439 quidquam

906 445 1068 479 ingenitum.
1090 455 1177 482 neque
1194 448 1289 480 Deum,
1308 447 1407 474 Filium
1425 450 1465 476 vel
1482 449 1603 484 genitum
1624 450 1689 481 diri,

905 490 956 517 hac
968 493 1154 526 oppositorum
1170 493 1306 521 divisione
1321 494 1479 521 horribilem
1492 495 1689 530 blasphemiam

904 541 997 570 aperle
1013 538 1166 565 recludens.
1186 538 1253 566 Cum
1269 540 1340 566 enim
1356 547 1386 566 ea
1405 547 1465 574 qua?
1488 540 1557 567 facta
1576 547 1638 568 sunt
1657 541 1690 567 al)

904 579 1026 614 ingenito
1040 581 1223 615 distinxisset,
1244 591 1304 610 mox
1323 584 1350 610 in
1369 592 1399 611 ea
1416 593 1475 619 qua:
1492 593 1540 619 per
1555 585 1690 613 inversio-

904 633 964 651 nem
989 625 1017 651 lit
1042 626 1212 659 inductione,
1236 636 1289 663 non
1317 629 1434 663 amplius
1460 629 1620 665 ingenitum,
1642 631 1689 658 sed

904 669 988 696 Deum
1007 670 1075 697 dixit
1096 671 1195 699 Filium
1214 674 1254 699 vel
1274 674 1394 708 genitum
1413 675 1488 701 nullo
1514 682 1594 709 posse
1608 676 1690 702 modo

903 715 969 748 dici,
991 725 1040 751 per
1066 717 1122 744 iure
1137 718 1208 745 dicta
1227 719 1430 750 demonstrans.
1446 720 1518 752 quod
1537 721 1602 747 illud
1617 721 1688 756 quod

904 766 1012 788 nonest
1032 762 1197 796 ingenitum,
1213 771 1266 790 non
1285 769 1326 791 est
1341 763 1424 798 Deus,
1449 768 1476 792 et
1494 765 1565 799 quod
1583 769 1688 792 tantum

904 805 990 838 abest,
1004 809 1034 832 ut
1049 807 1204 840 unigenitus
1221 807 1292 834 Deus
1312 808 1348 835 sit
1369 809 1450 840 Deus,
1475 809 1538 844 quia
1555 809 1590 835 sit
1615 810 1690 844 geni-

66 844 171 877 λουθίας
182 846 347 881 ἀσύμφωνον
366 857 395 873 τε
421 849 466 875 καὶ
480 849 649 885 ἀνάρμοστον
666 853 781 879 ποιεῖται
797 853 848 880 τῶν

903 854 965 883 tus,
1002 856 1133 886 quantum
1166 853 1249 880 etiam
1280 853 1416 889 ingenitus
1450 841 1490 880 ut.
1515 856 1550 882 sit
1581 841 1688 888 genitus

65 890 193 918 τεθέντων
208 891 255 926 τὴν
270 892 452 928 ἀναστροφὴν,
464 895 531 921 ἀλλά
542 896 703 932 κακουργῶν
713 897 762 932 τῆς
772 899 849 924 εὐσε-

65 935 135 968 ϐείας
148 936 195 962 τὸν
211 937 298 971 λόγον,
314 939 523 968 ἀντιδιαστέλλει
535 941 573 976 τῷ
590 943 712 977 γεννητῷ
727 943 776 979 τὴν
792 944 849 971 θεό-

65 989 138 1015 τητα,
159 982 242 1009 τοῦτο
260 983 292 1010 δι’
310 981 347 1011 ὧν
365 985 439 1019 λέγει
459 989 680 1021 κατασκευάζων,
706 990 746 1016 ὅτι
763 990 792 1015 τὸ
812 990 849 1025 μὴ

65 1026 207 1062 ἀγέννητον
219 1029 284 1061 Θεὸς
299 1030 348 1056 οὐκ
364 1030 445 1059 ἔστιν.
465 1030 502 1058 Ἦ
519 1033 572 1069 γὰρ
589 1034 690 1070 ἀληθὴς
705 1036 850 1064 ἀκολουθία

64 1071 107 1097 τοῦ
119 1071 198 1106 λόγου
214 1081 256 1104 τις
270 1071 314 1108 ἦν,
330 1075 441 1102 εἰπόντα
462 1077 543 1112 μηδὲν
559 1077 613 1104 τῶν
632 1079 767 1113 γεννητῶν
781 1079 849 1107 εἶναι

63 1117 218 1152 ἀγέννητον,
235 1119 382 1153 ἐπαγαγεῖν
393 1115 433 1147 ὃτι
447 1121 508 1148 οὐδὲ
522 1123 548 1148 εἰ
562 1131 587 1149 τι
602 1124 672 1150 κατά
685 1125 765 1158 φύσιν
776 1126 848 1152 ἐστὶν

63 1162 217 1198 ἀγέννητον,
236 1165 362 1198 γεννητὸν
378 1164 446 1192 ε’ίναι
460 1167 578 1194 δύναται.
604 1169 634 1194 'O
655 1169 708 1205 γὰρ
730 1171 848 1203 τοιοῦτος

63 1207 136 1240 λόγος
163 1209 214 1235 καὶ
225 1209 256 1235 τὸ
270 1210 368 1245 ἀληθὲς
386 1211 441 1246 ἔχει
452 1231 459 1242 ,
479 1212 526 1238 καὶ
541 1213 591 1248 τῆς
613 1214 785 1250 βλασφημίας
803 1225 848 1242 κε-

62 1252 202 1286 χώρισται.
215 1253 272 1279 Νῦν
282 1254 310 1280 δὲ
323 1255 361 1289 τῷ
373 1255 512 1291 προθεῖναι
526 1257 573 1291 μὲν
584 1259 623 1284 ὃτι
639 1259 694 1285 τῶν
711 1259 848 1295 γεννητῶν

62 1295 133 1322 οὐδέν
144 1296 220 1322 ἐστιν
229 1296 385 1332 ἀγέννητον,
395 1299 544 1334 ἐπαγαγεῖν
558 1300 586 1326 δὲ
598 1301 637 1327 ὅτι
649 1302 709 1328 οὐδὲ
721 1303 848 1338 γεννητὸς

62 1342 75 1367 ὁ
95 1341 159 1373 Θεὸς
171 1361 179 1373 ,
204 1342 295 1376 σαφῶς
313 1343 360 1370 τοῦ
382 1342 451 1371 εἶναι
470 1345 535 1372 Θεὸν
550 1346 595 1373 τὸν
627 1348 758 1383 μονογενῆ
781 1348 847 1375 Θεὸν

62 1386 191 1422 ἀφορίζει·
213 1387 258 1414 διὰ
268 1388 315 1414 τοῦ
331 1388 368 1424 μὴ
381 1390 526 1425 ἀγέννητον
538 1392 618 1418 αὑτὸν
637 1391 704 1420 εἶναι
715 1414 721 1425 ,
736 1393 765 1420 τὸ
780 1393 846 1428 μηδὲ

62 1431 123 1458 Θεὺν
138 1432 222 1459 αὐτὸν
237 1431 306 1459 εἶναι
320 1435 540 1468 κατασκευάζων.
555 1434 617 1472 Ἆρ’
632 1435 678 1464 οὖν
692 1439 793 1474 ἑτέρων
806 1439 846 1466 ἔτι

63 1476 126 1511 πρὸς
138 1477 277 1511 ἀπόδειξιν
296 1479 345 1514 τῆς
357 1479 472 1507 ὲκτόπου
493 1481 595 1516 ταύτης
608 1483 781 1519 βλασφημίας
794 1485 846 1510 τῶν

63 1522 177 1558 ἐλέγχων
188 1523 325 1558 δεόμεθα;
347 1525 401 1551 Καὶ
422 1526 472 1552 οὐκ
490 1528 570 1562 ἀρκεῖ
591 1528 671 1554 τοῦτο
690 1529 769 1564 μόνον
788 1530 848 1557 ἀντὶ

64 1568 158 1603 στήλης
171 1569 300 1602 γενέσθαι
313 1570 352 1605 τῷ
362 1571 556 1606 Χριπομάχῳ,
568 1572 606 1607 τῷ
619 1574 847 1606 κατασκευάζοντι

62 1613 102 1641 διὰ
120 1614 172 1641 τῶν
190 1615 344 1650 εἰρημένων
362 1617 398 1652 μὴ
419 1615 489 1643 εἶναι
508 1618 572 1645 Θεὸν
589 1619 633 1646 τὸν
652 1620 680 1646 ἐν
697 1619 767 1654 ἀρχῇ
784 1620 847 1647 ὄντα

62 1659 142 1693 Λόγον
154 1661 238 1693 Θεόν;
248 1662 280 1687 Τί
291 1660 336 1688 οὖν
351 1662 390 1689 ἔτι
404 1663 457 1699 χρὴ
475 1664 543 1698 πρὸς
557 1665 620 1696 τοὺς
632 1665 768 1696 τοιούτους
784 1675 848 1701 συμ-

63 1706 225 1738 πλέκεσθαι;
239 1707 311 1734 Ὸὺδὲ
323 1708 377 1744 γὰρ
387 1710 439 1740 τοῖς
455 1709 518 1744 περὶ
529 1710 562 1736 τά
578 1710 673 1737 εἴδωλα
687 1711 733 1737 καὶ
746 1711 775 1737 τδ
789 1712 847 1738 ἑπι-

63 1750 160 1785 6ώμιον
171 1752 270 1788 λύθρον
284 1753 490 1789 ἀσχολουμένοις
506 1755 718 1792 διαπλεκόμεθα,
735 1758 795 1793 οὺχ).
810 1758 848 1793 τῷ

65 1798 233 1824 συντίθεσθαι
247 1800 280 1834 τῇ
296 1799 418 1835 ἀπωλείᾳ
435 1801 488 1827 τῶν
510 1801 768 1837 είδωλομανούντων,
782 1804 848 1831 ἀλλά

64 1842 99 1877 τῷ
111 1842 263 1878 βαρυτέραν
281 1842 410 1880 εἶναιτὴν
429 1846 505 1872 νόσον
523 1847 612 1873 αὐτῶν
628 1847 678 1881 τῆς
691 1849 754 1883 παρ’
769 1848 848 1884 ἡμῶν

65 1886 220 1922 θεραπείας.
246 1888 350 1924 ’Ὠσπερ
373 1889 462 1916 τοίνυν
487 1891 536 1926 τὴν
558 1892 763 1928 εἰδωλολατρίαν
783 1894 849 1921 αὐτὸ

65 1934 232 1969 καταμηνύει
255 1934 286 1961 τὸ
308 1934 397 1970 ἔργον,
410 1936 457 1962 καὶ
471 1937 714 1973 προλαμϐανόντων
729 1939 783 1966 τῶν
801 1949 850 1967 κα-

64 1979 183 2014 τηγόρεον
193 1979 240 2006 τὸν
251 1979 360 2015 ἔλεγχον
373 1981 403 2007 τὺ
420 1982 504 2008 κακὸν
516 1983 544 2008 ὲν
559 1984 698 2019 παρῤησίᾳ
710 1985 850 2020 τολμώμε-

65 2032 114 2049 νον·
127 2023 200 2050 οὓτω
217 2025 263 2050 καὶ
274 2025 389 2052 ἐνταῦθα
402 2027 480 2062 σιγᾷν
494 2025 568 2062 οἶμαι
584 2024 638 2055 δεῖν
650 2030 695 2056 τὸν
709 2031 758 2064 τῆς
772 2031 850 2057 εὐσε-

64 2066 135 2099 ϐείας
149 2069 310 2103 συνήγορον,
323 2069 390 2104 πρὸς
402 2070 447 2096 τὸν
465 2070 568 2105 βοῶντα
585 2073 644 2099 καθ’
661 2074 756 2100 ἑαυτοῦ
771 2084 849 2111 περι-

64 2112 150 2144 φανῶς
163 2112 213 2148 τὴν
227 2113 364 2141 ἀσέϐειαν.
379 2115 513 2152 Καθάπερ
531 2118 579 2144 καὶ
599 2119 645 2144 ὲπὶ
661 2119 714 2146 τῶν
730 2120 768 2155 τῷ
783 2130 850 2156 καρ-

901 895 942 923 vel
954 896 1073 923 dicatur.
1094 896 1148 925 Nec
1163 898 1236 925 enim
1257 898 1427 933 ignoratione
1442 899 1502 933 ejus
1518 906 1579 934 quae
1592 907 1690 926 secun-

901 939 965 967 dum
990 941 1123 968 rationein
1145 945 1188 969 est
1206 945 1418 978 consequentiae,
1445 944 1637 971 iuconeinnam
1662 948 1689 972 ct

902 986 1080 1021 incongruam
1101 988 1166 1015 facit
1180 988 1332 1023 positorum
1350 989 1545 1022 inversionem,
1565 989 1612 1017 sed
1630 997 1688 1015 ma-

901 1031 991 1059 litiose
1017 1037 1044 1060 et
1070 1033 1165 1061 dolose
1193 1033 1304 1068 pietatis
1335 1042 1489 1062 sermonem
1521 1035 1687 1070 depravans,

901 1078 1014 1112 opponit
1031 1078 1122 1113 genito
1144 1079 1326 1111 divinitatem,
1351 1080 1403 1107 hoc
1428 1088 1475 1114 per
1491 1089 1521 1107 ca
1543 1088 1603 1115 qua:
1622 1081 1688 1107 dicit

901 1127 1068 1157 priestruens
1089 1133 1095 1150 ς
1112 1124 1185 1159 quod
1211 1125 1277 1151 illud
1295 1125 1367 1160 quod
1385 1135 1439 1152 non
1464 1130 1505 1153 est
1525 1126 1687 1161 ingenitum,

900 1175 954 1194 non
979 1174 1020 1196 est
1034 1169 1114 1196 Deus.
1131 1168 1198 1196 Nam
1219 1177 1280 1197 vera
1298 1170 1420 1205 quaedam
1439 1172 1495 1199 haec
1514 1175 1587 1199 esset
1607 1172 1687 1198 ratio-

900 1214 943 1240 nis
958 1215 1163 1249 consequentia,
1172 1215 1262 1242 dicere
1270 1215 1341 1249 quod
1351 1216 1417 1242 nihil
1427 1224 1520 1244 eorum
1531 1225 1590 1251 qlue
1598 1217 1688 1252 genita

899 1263 972 1291 sunt,
984 1259 1195 1294 estingenitum,
1210 1268 1241 1287 ac
1258 1261 1492 1295 proindeinl‘erre,
1509 1263 1580 1296 quod
1599 1270 1687 1296 neque

899 1305 922 1332 si
953 1305 1018 1340 quid
1035 1306 1186 1332 secundum
1203 1310 1329 1332 naturam
1355 1311 1397 1334 est
1427 1307 1576 1342 ingenitum
1608 1307 1686 1342 geni-

899 1353 955 1376 tum
969 1358 1030 1378 esse
1052 1355 1149 1384 potest.
1167 1351 1242 1378 Talis
1259 1352 1332 1378 enim
1353 1348 1442 1379 oratio
1459 1357 1486 1379 et
1504 1361 1597 1379 verum
1613 1361 1680 1380 con-

899 1397 966 1423 tinet
981 1400 1007 1423 et
1021 1404 1035 1423 a
1051 1397 1218 1431 blasphemia
1237 1402 1363 1432 separata
1381 1403 1433 1426 est.
1450 1398 1527 1426 Nunc
1541 1407 1603 1427 vero
1622 1407 1686 1434 pro-

899 1445 1056 1475 ponentem,
1078 1442 1151 1476 quod
1173 1450 1269 1470 eorum
1290 1451 1351 1478 quae
1366 1445 1457 1479 genita
1479 1449 1543 1472 sunt
1559 1445 1627 1472 nihil
1645 1450 1688 1472 est

900 1486 1060 1522 ingenitum,
1076 1487 1180 1515 inferre
1203 1488 1276 1523 quod
1294 1497 1383 1524 neque
1409 1489 1518 1525 genitus
1542 1495 1584 1517 est
1604 1491 1686 1523 Deus,

899 1532 1047 1560 manifesto
1062 1533 1096 1559 ab
1111 1541 1144 1561 eo
1164 1533 1238 1568 quod
1257 1538 1300 1562 est
1321 1534 1392 1563 Deus
1415 1535 1585 1570 unigenitum
1605 1535 1687 1563 Deum

899 1577 1060 1605 abstrahere
1070 1582 1132 1605 est:
1149 1578 1213 1605 dum
1228 1587 1260 1606 ex
1278 1586 1310 1607 eo
1323 1579 1395 1614 quod
1411 1580 1469 1614 ipse
1485 1587 1538 1607 non
1556 1584 1595 1607 est
1613 1581 1688 1614 inge—

899 1622 987 1654 nitus,
1005 1631 1096 1658 neque
1113 1624 1203 1658 ipsum
1225 1632 1286 1651 esse
1307 1624 1391 1652 Deum
1415 1626 1522 1652 astruit.
1543 1625 1583 1651 An
1607 1625 1690 1656 igitur

899 1668 962 1694 aliis
974 1667 1007 1694 ad
1023 1668 1283 1696 demonstrationem
1298 1669 1379 1703 hujus
1392 1673 1445 1696 tam
1458 1670 1605 1700 insolentis
1616 1670 1689 1697 blas-

900 1712 1013 1746 phemim
1028 1714 1199 1748 argumentis
1220 1715 1353 1748 egemus?
1374 1723 1425 1742 nec
1441 1715 1507 1741 illud
1525 1715 1614 1742 solum
1631 1714 1689 1740 suf-

901 1758 956 1785 ficit
972 1759 1061 1786 instar
1083 1759 1155 1794 eippi
1180 1760 1244 1786 huic
1259 1759 1362 1787 Christi
1377 1759 1569 1794 oppugnatori,
1587 1759 1633 1793 qui
1652 1766 1685 1785 ex

900 1804 982 1831 dictis
1008 1806 1148 1839 pra‘struit
1172 1813 1225 1832 non
1248 1813 1309 1833 esse
1326 1805 1421 1838 Deum,
1440 1806 1486 1839 qni
1504 1805 1530 1831 in
1551 1804 1687 1839 principio

899 1854 959 1877 erat
986 1850 1105 1877 Verbum
1126 1850 1216 1878 Deus?
1233 1850 1302 1883 Quid
1330 1851 1413 1885 igitur
1427 1850 1546 1885 amplius
1573 1856 1687 1876 necesse

900 1900 942 1923 est
960 1896 1092 1924 adversus
1116 1896 1273 1930 httjusulorli
1297 1896 1440 1924 haereticos
1467 1895 1620 1930 implicari?
1638 1903 1687 1922 ne-

900 1949 953 1976 que
968 1941 1040 1968 enim
1060 1949 1123 1968 cum
1147 1941 1188 1967 his
1214 1941 1261 1975 qui
1283 1941 1357 1968 circa
1377 1941 1447 1968 idola
1480 1945 1508 1967 et
1528 1948 1609 1975 super
1624 1947 1686 1967 aras

900 1988 1014 2016 ellusum
1031 1994 1158 2019 cruorem
1176 1990 1356 2020 occupantur,
1379 1986 1459 2013 nobis
1475 1990 1515 2013 est
1533 1985 1684 2020 negotium,

902 2041 954 2060 non
973 2032 1045 2067 quod
1063 2032 1185 2059 interitui
1202 2039 1309 2063 eorum,
1330 2031 1375 2066 qui
1399 2032 1496 2058 insano
1510 2030 1585 2057 cultu
1598 2030 1686 2056 idolo-

902 2086 961 2105 rum
980 2083 1120 2109 tenentur,
1146 2078 1341 2108 assentiamur,
1369 2077 1415 2104 scd
1438 2077 1501 2111 quia
1517 2076 1627 2111 gravior
1649 2074 1687 2102 sit

901 2132 995 2151 eorum
1011 2123 1123 2150 morbus
1144 2131 1225 2157 quam
1241 2122 1331 2149 omnis
1348 2126 1442 2149 nostra
1457 2120 1584 2148 medendi
1603 2119 1684 2146 ratio.
1707 2155 1714 2159 _

65 2155 166 2182 κινώδει
190 2156 273 2183 πάθει
299 2159 512 2193 κεκρατημένων
539 2160 679 2196 ἄπρακτος
702 2163 718 2198 ἠ
745 2155 848 2199 ἰατρεία

902 2168 1135 2202 Quemadmodum
1164 2168 1247 2202 igitur
1276 2167 1409 2194 idolorum
1434 2167 1536 2193 cultum
1565 2165 1686 2192 declarat.

65 2201 147 2235 μένει,
159 2202 204 2228 διὰ
214 2202 246 2228 τὸ
262 2203 435 2239 ὑπερισχύειν
448 2204 497 2240 τῆς
508 2205 606 2242 τέχνης
618 2208 666 2243 τὴν
676 2209 763 2243 νόσον.

901 2201 990 2248 ipsum
1004 2220 1083 2248 opus.
1100 2216 1128 2240 et
1143 2201 1336 2240 accusatorum
1349 2211 1483 2245 judicium
1497 2210 1619 2245 prreripit
1633 2209 1686 2236 cri-

63 2252 121 2274 men
136 2247 209 2282 quod
224 2249 251 2275 in
269 2248 353 2276 libera
370 2251 542 2278 contumacia
557 2252 689 2280 audenter
702 2257 880 2285 committitur
893 2268 899 2286 :
912 2247 953 2286 sic
967 2247 1085 2285 arbitror
1103 2258 1146 2285 hic
1162 2261 1289 2292 oportere
1304 2257 1413 2291 pietatis
1429 2261 1575 2291 patronum
1595 2255 1685 2282 conti-

63 2299 168 2321 cescere
189 2294 322 2323 adversus
335 2302 397 2322 eum
415 2297 463 2331 qui
484 2302 581 2325 contra
594 2299 714 2334 seipsum
732 2302 899 2337 impietatem
915 2304 941 2330 in
958 2303 1101 2339 propatulo
1116 2303 1292 2330 vociferatur.
1308 2302 1543 2335 Quemadmodum
1559 2302 1640 2329 etiam
1656 2301 1684 2328 in

64 2335 104 2364 bis
118 2337 164 2369 qui
180 2339 367 2367 carcinomate
382 2345 447 2367 sunt
457 2341 573 2373 obsessi,
584 2343 657 2371 iners
674 2349 701 2372 et
721 2335 867 2375 inofficiosa
882 2335 971 2375 manet
990 2349 1136 2378 medicina,
1151 2348 1214 2383 quia
1227 2349 1307 2375 docta
1327 2349 1387 2383 plus
1408 2348 1478 2375 valet
1493 2352 1551 2375 arte
1570 2349 1681 2374 malum.

96 2383 167 2418 Πλὴν
195 2384 288 2419 ἐπειδή
316 2393 341 2410 τι
362 2385 431 2419 μετὰ
457 2386 491 2413 τὰ
509 2388 642 2423 εἰρημένα
667 2391 715 2417 καὶ
745 2393 848 2428 ἰσχυρό-

63 2434 136 2461 τερον
148 2428 346 2462 ἐπαγγέλλεται
358 2429 457 2463 λέγειν,
475 2430 511 2463 ὡς
522 2431 555 2458 ἂν
568 2433 604 2468 μὴ
619 2434 693 2469 φόϐῳ
705 2436 756 2463 τῶν
769 2438 848 2465 δυνα-

62 2472 184 2508 τωτέρων
199 2473 360 2508 καθυφιέναι
379 2476 523 2511 δοκοίημεν
543 2478 591 2513 τὴν
608 2480 775 2516 ἀντίρρησιν,
796 2484 846 2510 κά-

63 2518 130 2562 κεῖνο
143 2519 201 2550 τοῖς
219 2520 373 2555 εἰρημένοις
391 2522 642 2557 προσεξετάσωμεν.
660 2526 748 2557 Ἔδει.
770 2529 845 2562 φησὶ,

64 2561 178 2589 πάντων
193 2562 351 2598 ἀφέμενον,
368 2565 418 2592 ἐπὶ
434 2566 487 2592 τὸν
501 2568 695 2602 Ισχιφότερον
713 2561 846 2605 χωρῆσαι

63 2607 160 2640 λόγον.
185 2608 296 2636 Ἐκεῖνα
305 2610 432 2645 φήσαιμι
446 2611 494 2643 ἂν,
508 2613 551 2640 ὅτι
566 2615 683 2642 καὶτῶν
695 2617 846 2645 ὑπἀὐτοῦ

63 2652 132 2686 πρὸς
146 2655 274 2688 ἔλεγχον
292 2657 518 2691 προϐληθέντων
541 2660 688 2694 ὀνομάτων
709 2663 846 2696 παραδει-

63 2698 201 2731 χθέντων,
225 2701 313 2728 οὐδὲν
333 2700 423 2737 ἧττον
437 2703 553 2738 ἀληθὴς
570 2706 586 2732 ό
606 2706 674 2740 παρ’
690 2707 773 2741 ἡμῶν
791 2717 845 2742 φα-

63 2745 257 2779 γεμοθήσεται
271 2749 368 2782 λόγος.
384 2749 406 2774 Ε
409 2749 474 2784 ἵπερ
491 2751 507 2784 ἡ
525 2752 702 2787 παραλλαγὴ
721 2753 778 2781 τῶν
792 2753 844 2787 τὰς

64 2787 210 2824 ἰδιότητας
230 2793 435 2826 (οιῃιαινόιτων
452 2795 603 2828 ἐντμάῖωι·
623 2796 678 2830 τίει·
696 2800 845 2831 παραλλα-

935 2393 1129 2423 Verumtamen
1153 2394 1282 2428 quoniam
1308 2399 1369 2428 post
1392 2401 1423 2420 ca
1438 2401 1499 2428 qua:
1519 2393 1575 2428 jam
1592 2393 1626 2420 ab
1649 2400 1682 2420 eo

896 2439 966 2466 dicta
981 2444 1055 2469 sunt,
1072 2439 1160 2466 adhuc
1176 2439 1278 2473 aliquid
1300 2440 1434 2467 valentius
1454 2440 1480 2466 in
1500 2441 1619 2466 medium
1637 2439 1685 2464 ad-

896 2485 1041 2511 ducturum
1059 2492 1087 2512 se
1105 2492 1165 2512 esse
1182 2485 1338 2519 pollicetur.
1355 2493 1389 2512 ne
1410 2489 1482 2511 metu
1499 2485 1682 2519 potentiorum

896 2530 1039 2556 videamur
1050 2531 1294 2557 contradictionem
1307 2531 1447 2558 remittere
1458 2536 1483 2557 et
1499 2529 1682 2565 prawaricari,

896 2574 961 2601 illud
978 2575 1061 2601 etiam
1077 2575 1193 2602 subinde
1208 2576 1434 2603 examinabimus.
1463 2575 1616 2609 Oporlcbm,
1642 2574 1683 2601 in-

896 2620 964 2654 quit.
992 2621 1113 2648 omnibus
1143 2622 1259 2651 antiasis,
1287 2622 1321 2648 ad
1347 2623 1514 2648 valentiorem
1543 2622 1674 2647 rationem

897 2666 991 2693 venire.
1011 2666 1065 2692 Illa
1089 2668 1178 2701 utique
1200 2668 1324 2699 dixerim,
1340 2667 1550 2703 quandoquidem
1569 2675 1627 2693 cum
1651 2676 1681 2694 cu

894 2719 952 2746 quw
969 2707 1001 2738 (ib
1020 2712 1075 2746 ipso
1092 2713 1125 2739 ad
1142 2714 1366 2746 reprehensionem
1379 2720 1496 2742 nostram
1511 2714 1682 2740 adducuntur

897 2758 1002 2784 nomina
1014 2764 1080 2785 recte
1092 2760 1275 2786 demonstrata
1293 2760 1401 2794 fuerint,
1416 2760 1588 2787 nihilominus
1606 2768 1680 2787 veru:

898 2807 984 2830 noster
1000 2805 1211 2838 mmd/brlabimr
1223 2813 1316 2833 sermo.
1332 2805 1464 2839 Siquidem
1478 2806 1610 2833 nmnirmm
1622 2813 1680 2840 qm:
