1920 3073
230 94 281 121 759

835 91 864 119 S.
882 89 1046 119 GREGORII
1065 87 1213 117 NYSSENI

1806 86 1856 114 760

229 157 279 186 per
294 151 416 185 exempla
439 159 453 178 a
473 151 555 179 rebus
571 151 759 179 materialibus
786 155 896 186 sumpta
923 159 1017 179 essen-

1076 149 1128 175 tar‘
1139 148 1231 176 οὐσίαν
1240 147 1376 182 ἀλλότριον
1389 145 1620 177 κατασκευάζοντι
1634 143 1862 180 συγχωρήσομεν,

232 197 332 224 tiarum
348 195 533 224 diversitatem
547 197 724 231 prtcstruenti
735 197 938 230 concedentus‘!
965 196 1020 224 Nos

231 245 320 269 autem
340 242 385 276 qui
404 249 452 276 per
465 241 588 276 exempla
606 249 666 277 quae
686 249 701 268 a
717 241 797 269 nobis
816 241 876 276 capi
891 245 1019 276 possunt,

230 293 334 315 natura
345 288 537 322 proprietatem
556 291 583 314 et
604 288 824 316 communionem
850 288 1020 315 demonstra-

209 323 215 329 .
229 341 302 367 mus,
323 333 483 368 repudiandi
503 334 621 361 sumus?

265 378 317 406 Sed
333 378 442 411 Petrus,
459 379 557 413 inquit,
576 383 603 406 et
621 378 721 406 Paulus
743 379 777 406 ab
793 378 949 406 hominibus
970 385 1020 406 no-

228 425 324 452 minati
339 428 414 457 sunt,
430 429 576 460 propterea
590 425 616 452 in
630 425 698 460 ipsis
716 425 914 460 appellationes
927 430 1020 460 potue-

228 473 293 497 runt
305 469 456 497 immutari.
482 470 618 503 Quidnam
634 477 728 497 eorum
743 478 803 505 qua:
820 473 884 497 sunt
902 478 955 497 non
977 473 1020 498 est

228 517 262 544 ab
275 516 431 544 hominibus
443 517 664 544 nominatum?te
676 517 810 544 sermonis
825 520 920 543 testetn
933 515 1018 542 addu-

228 570 272 590 co.
292 561 321 589 Si
336 562 409 590 enim
426 562 568 589 nominum
588 563 743 590 intmulatio
760 563 867 598 signum
883 567 910 589 et
934 569 1015 597 argu-

227 612 352 637 mentum
376 608 457 642 facis,
476 608 548 644 quod
564 608 598 636 ab
609 608 766 636 hominibus
779 617 823 636 res
843 608 898 636 sint
927 608 1015 635 nomi-

227 659 308 688 natae,
323 663 373 690 per
392 655 444 682 boc
461 655 574 682 omnino
587 655 760 682 conﬁteberis
782 662 863 682 omne
883 661 982 681 nomen
1000 660 1015 680 a

229 702 311 729 nobis
336 701 420 729 rebus
435 709 496 736 qute
510 705 574 728 sunt
592 700 707 728 inditum
725 708 796 732 esse,
825 708 857 727 ex
882 707 915 728 eo
944 699 1017 735 quod

228 754 285 774 non
301 747 401 775 eaedem
417 755 498 775 voces
513 751 539 775 et
555 747 750 782 appellationes
766 755 857 774 rerum
875 745 945 781 apud
961 753 1019 772 om-

229 799 278 819 nes
297 792 500 827 praeraluerint.
520 791 554 818 Ut
569 792 640 819 enim
656 791 768 824 Paulus,
785 791 830 826 qui
852 792 927 826 prius
947 790 1016 818 Sau-

1072 196 1153 230 ὴμεῖς
1176 195 1205 222 δὲ
1225 195 1269 221 διὰ
1287 194 1341 220 τῶν
1364 193 1495 229 χωρητῶν
1517 193 1582 228 ἡμῖν
1605 191 1818 226 ὑποδειγμάτων
1837 191 1863 217 τὸ

1071 242 1168 268 οἰκεῖον
1181 240 1230 276 τῆς
1248 241 1355 274 φύσεως
1369 238 1579 270 ἀποδεικνύντες
1591 237 1739 273 ἀπόὸλητοι
1750 247 1758 270 ;

1110 370 1189 398 Ἀλλὰ
1216 371 1327 407 Πέτρος,
1358 370 1434 406 (misi,
1453 371 1499 397 καὶ
1524 370 1628 401 Παῦλος
1654 369 1732 405 παρὰ
1752 369 1857 404 ἀνθρώ-

1070 425 1129 443 πων
1140 416 1400 452 κατωνομάσθησαν,
1413 417 1459 443 καὶ
1471 416 1515 442 διὰ
1529 415 1608 442 τοῦτο
1618 415 1664 441 καὶ
1681 414 1862 449 μετατεθῆναι

1069 462 1119 494 τὰς
1143 462 1327 498 προσηγορίας
1351 463 1393 488 ἐπ’
1414 462 1502 488 αὐτῶν
1527 462 1637 488 δυνατὸν
1660 461 1768 495 γέγονε.
1788 461 1822 487 Τί
1836 461 1863 487 δὲ

1068 508 1122 534 τῶν
1137 507 1220 534 ὄντων
1239 508 1269 534 οὐ
1286 508 1361 543 παρὰ
1374 507 1526 542 ἀνθρώπων
1548 507 1722 542 ὠνόμασται;
1739 506 1775 532 Σὲ
1792 507 1860 542 μὰρ-

1067 563 1137 589 τυρσ.
1155 554 1201 580 τοῦ
1219 553 1298 588 λόγου
1316 553 1498 590 προσάγομαι.
1518 554 1549 580 El
1561 553 1616 588 γὰρ
1635 553 1683 588 τὴν
1697 553 1753 578 τῶν
1767 553 1862 587 ὀνομα-

1067 608 1122 626 των
1147 599 1291 635 μετάθεσιν
1315 599 1428 633 σημεῖον
1459 599 1521 633 ποιῇ
1545 598 1592 624 τοῦ
1618 597 1694 631 παρὰ
1711 597 1864 632 ἀνθρώπων

1069 644 1277 680 κατωνομάσθαι
1306 643 1340 670 τὰ
1368 644 1529 679 πράγματα,
1548 635 1681 678 emam
1701 642 1747 669 διὰ
1768 642 1864 669 τούτου

1069 690 1178 722 πάντως
1195 691 1249 717 πᾶν
1265 690 1349 724 ὄνομα
1362 689 1427 723 παρ’
1455 689 1529 725 ἡμῶν
1548 688 1684 715 τεθεῖσθαι
1700 690 1759 720 τοῖς
1769 686 1863 719 οὖσιν,

1068 736 1100 762 ὲκ
1112 735 1159 761 τοῦ
1179 736 1215 770 μὴ
1231 736 1280 766 τὰς
1303 735 1386 767 αὑτὰς
1399 736 1453 761 τῶν
1475 735 1662 769 ὑποκειμένων
1678 734 1865 770 προσηγορίας

1068 780 1144 817 παρὰ
1159 781 1225 807 πᾶσι
1241 781 1452 815 κεκρατηκέναι.
1473 780 1516 812 Ὡς
1533 780 1587 816 γὰρ
1605 780 1721 812 Παῦλος,
1738 781 1753 805 ὁ
1767 780 1865 815 πρότε-

229 836 283 869 lus,
297 825 327 863 et
343 836 441 864 Petrus
462 844 493 863 ex
512 835 634 868 Simone,
653 836 693 863 sic
713 825 832 863 teri-alet
853 825 969 865 ccelum,
992 839 1019 861 et

1076 835 1117 861 οον
1132 826 1242 859 Σαῦλος,
1254 826 1301 853 καὶ
1315 826 1417 862 Πέτρος
1433 827 1465 852 ἐκ
1486 826 1618 861 Σίμωνος,
1634 825 1705 852 οὓτω
1777 834 1807 852 τε
1822 825 1866 851 καὶ

230 889 295 915 aer,
312 886 340 910 et
357 890 432 909 tuare
443 902 450 914 ,
464 885 492 909 et
511 888 607 909 omnes
621 886 752 909 creatura:
768 886 860 916 partes
872 889 926 908 non
942 880 1019 907 simi-

229 929 291 956 liter
306 929 376 964 apttd
392 936 488 957 omnes
501 929 648 956 nominatae
659 932 733 956 sunt.
753 927 805 955 Sed
817 927 896 955 aliter
909 926 1018 961 quidem

229 975 299 1010 apud
318 974 459 1007 Hebraeos,
480 974 562 1001 aliter
577 974 649 1009 apud
669 982 730 1005 nos,
753 979 780 1001 et
797 973 868 1009 apud
895 972 1019 1007 singulos

229 1020 419 1048 dill'erentibus
432 1021 587 1048 nominibus
600 1020 782 1055 appellantur.
799 1019 827 1047 Si
843 1020 925 1054 igitur
949 1019 1018 1046 vali-

230 1066 294 1092 dum
306 1070 349 1093 est
367 1066 493 1093 Eunomii
523 1071 725 1102 argumentum,
752 1066 787 1094 ob
813 1065 838 1093 id
854 1065 964 1092 Petrum
991 1067 1018 1092 et

229 1111 345 1138 Paulum
360 1112 400 1139 sic
421 1117 512 1147 postea
527 1117 637 1140 vocatos
654 1120 715 1140 esse
731 1112 930 1147 priestruentis,
948 1111 1013 1146 quia

231 1157 266 1183 ab
278 1156 437 1184 hominibus
458 1157 569 1184 nomina
586 1160 650 1184 sunt
667 1157 734 1191 ipsis
755 1155 901 1191 imposita;
922 1158 1018 1182 noster

232 1210 346 1238 prorsus
360 1203 510 1230 invalescet
524 1210 616 1229 sermo
628 1210 660 1229 ex
676 1202 811 1229 similibus
829 1201 1018 1237 progrediens,

230 1248 276 1283 qni
301 1248 394 1275 omnia
408 1255 422 1275 a
442 1247 521 1275 nobis
537 1255 598 1276 esse
617 1247 757 1274 nominata
779 1247 856 1280 dicit,
874 1252 1018 1282 propterea

231 1294 304 1330 quod
329 1293 529 1329 appellationes
543 1293 694 1321 secundmn
710 1293 830 1328 gentium
851 1292 1019 1320 dilferentias

230 1341 340 1376 penitus
356 1340 544 1377 immutentur.
563 1339 640 1372 Quod
656 1340 678 1365 si
695 1339 785 1366 omnia
802 1339 842 1366 sic
853 1346 882 1366 se
907 1339 1018 1371 habent,

231 1394 320 1422 neque
346 1385 466 1420 genitum
493 1392 607 1420 prorsus
631 1393 719 1420 neque
738 1385 886 1420 ingenitum
913 1384 1018 1412 aliter:

231 1433 365 1467 siquidem
381 1432 437 1459 haec
453 1432 534 1459 etiam
558 1435 622 1458 sunt
635 1440 666 1459 ex
686 1431 728 1458 Itis
750 1438 811 1466 quae
828 1430 1016 1457 nominantur.

232 1478 340 1505 Etenim
357 1486 416 1505 eam
440 1486 501 1513 qua:
516 1477 549 1504 de
562 1478 685 1512 subjecto
701 1477 779 1504 nobis
799 1476 953 1503 innascitur
964 1483 1014 1502 no-

233 1525 350 1561 tiouem,
360 1525 432 1552 sicut
445 1524 566 1551 nominis
579 1524 693 1551 fortnam
704 1527 887 1554 assumeutes,
901 1522 1021 1557 aliquan-

233 1570 270 1598 do
282 1570 371 1599 verbis
391 1570 453 1598 aliis
474 1569 546 1605 quod
567 1573 658 1596 mente
680 1573 846 1604 conceptum
869 1572 911 1595 est
936 1577 1022 1596 enun-

233 1617 393 1649 tiamus,res
410 1623 463 1642 non
485 1616 672 1648 immutantes,
691 1615 738 1642 sed
753 1622 835 1641 voces
854 1614 954 1648 quibus
978 1622 1022 1642 res

234 1662 421 1690 nominamus.
438 1660 506 1688 Nam
528 1669 571 1688 res
591 1665 619 1687 ut
631 1668 724 1688 earum
742 1660 792 1688 fert
811 1664 907 1687 natura
933 1661 959 1687 in
977 1668 1020 1688 se.

235 1706 305 1742 ipsis
329 1710 453 1738 manent.
482 1706 637 1734 intellectus
657 1709 746 1732 autem
773 1713 817 1733 res
842 1705 916 1740 ipsas
935 1705 1021 1732 attin-

237 1759 318 1787 gens,
337 1751 437 1786 quibus
453 1755 542 1787 potest
553 1752 645 1778 verbis
658 1759 768 1778 sensum
784 1758 862 1777 suum
880 1750 978 1785 aperit.
991 1749 1024 1776 Et

236 1797 464 1832 quemadmodum
486 1797 557 1825 Petri
580 1798 700 1825 essentia
723 1805 784 1824 cum
809 1797 958 1824 mutatione
973 1805 1023 1824 no-

236 1843 318 1871 minis
334 1851 388 1870 non
404 1848 605 1870 commutatur:
621 1842 661 1870 sic
677 1851 764 1878 neque
777 1842 848 1869 aliud
874 1843 1020 1877 quidquam

235 1897 330 1917 eorum
358 1897 418 1925 qua:
441 1890 652 1917 considerantur
674 1889 701 1916 in
725 1889 865 1916 nominum
888 1887 1022 1916 dill‘erenti

235 1936 368 1963 varietate
388 1940 570 1971 permittatur.
595 1935 778 1968 Quamobrem
799 1939 826 1962 et
845 1935 954 1969 ingeniti
977 1942 1023 1962 vo-

235 1988 294 2008 cem
313 1989 327 2008 a
343 1981 421 2009 nobis
443 1981 553 2015 inditam
572 1989 633 2009 esse
658 1981 775 2008 dicimus
803 1980 888 2013 Patri,
906 1988 972 2007 vero
996 1984 1023 2007 et

236 2027 325 2063 primo
339 2028 531 2056 universorum
550 2028 666 2059 auctori,
684 2028 845 2062 nullumque
861 2027 888 2054 in
906 2026 1023 2061 subjecti

236 2074 436 2110 significatione
460 2074 518 2101 lieri
540 2075 733 2102 detrimentum
749 2095 756 2107 ,
784 2074 805 2101 si
825 2082 856 2101 ex
879 2074 931 2100 alia
957 2081 1025 2100 voce

236 2121 308 2148 idem
333 2128 543 2156 cognoscamus.
576 2119 628 2147 Fas
654 2121 726 2147 enim
761 2123 802 2146 est
827 2120 885 2147 loco
912 2117 1024 2155 ingeniti

1071 874 1194 909 οὐρανὸς,
1223 873 1270 900 καὶ
1283 873 1347 908 ἀὴρ,
1369 873 1416 899 καὶ
1432 872 1565 904 θάλασσα,
1591 873 1637 898 καὶ
1654 872 1745 899 πάντα
1763 872 1799 899 τὰ
1818 872 1865 907 τῆς

1070 920 1185 950 κτίσεως
1203 919 1285 954 μέρη,
1297 919 1346 953 οὐχ
1363 919 1464 953 ὁμοίιος
1487 918 1563 954 παρὰ
1580 919 1663 944 πᾶσιν
1685 918 1844 952 ὠνόμασται
1856 925 1864 932 ·

1070 965 1126 992 ἀλλ’
1140 965 1240 999 ἑτέρως
1258 965 1305 999 μὲν
1317 964 1382 999 παρ’
1397 964 1542 999 Ἑϐραίοις,
1551 965 1653 999 ἑτέρως
1662 964 1691 990 δὲ
1701 966 1768 998 παρ’
1783 965 1861 998 ἡμῖν,

1070 1011 1117 1038 καὶ
1130 1010 1194 1046 παρ’
1209 1010 1333 1041 ἑκάστοις
1349 1010 1402 1037 τῶν
1412 1009 1496 1037 ἐθνῶν
1511 1009 1648 1045 διαφόροις
1660 1011 1719 1040 ταῖς
1732 1017 1868 1044 προσῆγον

1071 1056 1143 1092 ρίαις
1169 1055 1393 1091 κατονομάζεται,
1406 1056 1437 1083 Et
1452 1054 1498 1082 οὗν
1514 1055 1600 1090 ἰσχύει
1618 1055 1665 1082 τοῦ
1686 1055 1824 1090 Εὐνομίου
1839 1056 1866 1081 τὸ

1070 1102 1248 1137 ἐπιχείρημα,
1270 1101 1371 1137 Πέτρον
1394 1102 1441 1128 καὶ
1464 1101 1568 1129 Παῦλον
1588 1101 1632 1128 διὰ
1653 1102 1733 1128 τοῦτο
1749 1111 1865 1137 μετακε-

1070 1145 1184 1181 κλῆσοαι
1212 1146 1472 1178 κατασκευάζοντος,
1499 1146 1544 1173 διὰ
1565 1146 1594 1173 τὺ
1614 1146 1689 1182 παρὰ
1714 1147 1867 1183 ἀνθρώπων

1070 1191 1162 1223 αὐτοῖς
1184 1191 1235 1223 τὰς
1260 1191 1447 1228 προσηγορίας
1467 1192 1614 1225 τεθεῖσθαι,
1633 1192 1738 1228 ἰσχύσει
1756 1194 1867 1224 πάπως

1070 1238 1117 1264 καὶ
1133 1239 1146 1264 ὑ
1159 1237 1292 1273 ἡμέτερος
1317 1238 1396 1272 λόγος
1419 1239 1451 1265 ἐκ
1466 1239 1520 1265 τῶν
1542 1239 1642 1274 ὁμοίων
1666 1239 1839 1274 ὁρμώμενος,
1853 1241 1868 1266 ὁ

1070 1284 1158 1310 πάντα
1172 1284 1236 1320 παρ’
1255 1285 1332 1320 ἡμῶν
1349 1285 1557 1320 κατωνομάςθαι
1574 1285 1660 1319 λέγων
1676 1305 1684 1317 ,
1699 1285 1739 1321 τῷ
1757 1285 1868 1312 πάντων

1070 1330 1120 1361 τὰς
1138 1330 1320 1366 προσηγορίας
1337 1331 1407 1358 κατὰ
1414 1331 1463 1362 τὰς
1475 1331 1529 1357 τῶν
1545 1331 1629 1358 ἐθνῶν
1639 1331 1772 1366 διαφορὰς
1788 1332 1868 1367 ἐνηλ-

1071 1377 1179 1412 λάχθαι.
1208 1378 1239 1403 Et
1262 1377 1290 1403 δὲ
1309 1377 1341 1404 τὰ
1361 1378 1450 1404 πάντα
1478 1377 1575 1410 οὕτως,
1602 1377 1662 1404 οὐδὲ
1689 1378 1718 1404 τὺ
1738 1380 1868 1413 γεννητὸν

1072 1424 1180 1455 πάντως
1208 1424 1255 1450 καὶ
1279 1423 1427 1458 ἀγέννητον
1454 1424 1550 1455 ἄλλως.
1570 1424 1624 1450 Καὶ
1642 1424 1696 1459 γὰρ
1720 1424 1870 1451 καὶταῦτα

1071 1470 1125 1496 τῶν
1141 1469 1401 1505 μετονομαζομὲνων
1418 1469 1487 1496 ἐστί.
1498 1470 1535 1496 Τὸ
1549 1469 1602 1505 γὰρ
1615 1469 1791 1505 ἐγγινόμενον
1805 1471 1870 1506 ἡμῖν

1074 1515 1138 1551 περὶ
1163 1515 1210 1541 τοῦ
1239 1514 1420 1550 ὑποκειμένου
1447 1514 1547 1549 νόημα,
1575 1513 1612 1546 ὡς
1635 1514 1768 1549 ὀνόματος
1783 1515 1870 1541 τύπον

1075 1561 1335 1596 μεταλαμϐάνοντες,
1363 1561 1456 1588 ἄλλοτε
1473 1560 1562 1592 ἄλλοις
1593 1561 1697 1596 ῥήμασι
1716 1561 1749 1586 τὺ
1772 1561 1870 1596 νοηθὲν

1073 1607 1279 1642 ἐξαγγέλλομεν,
1300 1607 1361 1642 οὐχὶ
1386 1606 1596 1641 μεταποιοῦντες
1612 1606 1641 1633 τὸ
1655 1607 1784 1642 πρᾶγμα,
1803 1607 1872 1634 ἀλλὰ

1073 1653 1107 1680 τὰ
1122 1653 1231 1688 ῥήματα
1245 1653 1277 1679 δι’
1287 1649 1324 1680 ὧν
1337 1652 1518 1688 ὀνομάζομεν.
1533 1652 1574 1679 Τὰ
1589 1653 1638 1688 μὲν
1648 1653 1703 1688 γὰρ
1718 1652 1872 1688 πράγματα

1073 1698 1164 1731 καθὼς
1182 1699 1213 1726 ἃν
1228 1698 1285 1734 ἔχοι
1298 1698 1405 1733 φύσεως
1420 1700 1462 1733 ἐφ’
1477 1698 1583 1725 ἑαυτῶν
1595 1699 1679 1733 μένει·
1695 1698 1752 1734 ἡδὲ
1765 1699 1872 1725 διάνοια

1073 1745 1126 1772 τῶν
1141 1745 1224 1772 ὖντων
1241 1744 1392 1780 ἁπτομένη,
1409 1744 1443 1771 δι’
1462 1741 1499 1771 ὧν
1515 1744 1548 1771 ἂν
1562 1745 1673 1779 γένηται
1686 1744 1803 1771 δυνατὸν
1822 1746 1871 1781 ρη-

1075 1791 1178 1827 μάτων,
1191 1790 1376 1817 ἀνακαλύπτει
1387 1789 1417 1816 τὸ
1429 1783 1533 1825 νόημα(
1544 1790 1599 1816 Καὶ
1611 1789 1705 1826 ὥσπερ
1720 1790 1753 1816 οὐ
1767 1798 1873 1825 συμμε-

1072 1836 1190 1872 τεῦλήθη
1204 1837 1236 1872 τῇ
1254 1836 1389 1872 μεταῦολῇ
1407 1835 1454 1862 τοῦ
1469 1836 1600 1870 ὀνόματος
1621 1837 1637 1871 ἡ
1660 1835 1740 1862 οὐσία
1754 1836 1805 1863 τοῦ
1820 1837 1873 1863 Πέ-

1073 1892 1137 1918 τρου
1148 1892 1154 1898 ·
1167 1882 1253 1914 οὕτως
1263 1882 1324 1909 οὐδὲ
1332 1881 1396 1909 ἄλλο
1407 1891 1433 1908 τι
1448 1881 1502 1908 τῶν
1518 1881 1716 1918 θεωρουμένων
1729 1883 1759 1909 ὲν
1768 1884 1805 1918 τῇ
1818 1883 1874 1910 τῶν

1073 1929 1212 1963 ὀνομάτων
1235 1928 1374 1963 ἐπαλλαγῇ
1402 1927 1609 1963 μεταϐάλλεται.
1634 1928 1679 1954 Διὸ
1699 1928 1746 1954 καὶ
1756 1928 1811 1963 τὴν
1827 1929 1873 1955 τοῦ

1074 1975 1242 2010 ἀγεννήτιη)
1254 1974 1345 2010 φωνὴν
1357 1975 1422 2010 παρ’
1433 1973 1513 2009 ήμῶν
1525 1973 1710 2000 ὲπιτεθεῖσθαί
1728 1982 1824 2009 φαμεν
1837 1975 1874 2010 τῷ

1074 2020 1193 2055 ἀληθινῷ
1205 2021 1253 2047 καὶ¹
1269 2019 1368 2055 πρώτῳ
1381 2020 1467 2055 Πατρὶ
1481 2019 1520 2054 τῷ
1544 2018 1592 2046 τοῦ
1607 2019 1707 2051 παντὸς
1719 2019 1817 2055 αἰτίῳ,
1829 2022 1875 2047 καὶ

1077 2067 1212 2102 μηδεμίαν
1234 2068 1263 2093 ὲν
1277 2068 1308 2102 τῇ
1337 2066 1459 2101 σημασίᾳ
1482 2065 1529 2092 τοῦ
1547 2062 1730 2101 ὑποκειμένου
1747 2066 1874 2100 γίνεσθαι

1077 2112 1188 2148 βλάϐην,
1211 2113 1236 2138 εἰ
1255 2112 1285 2144 ἐξ
1314 2112 1411 2148 ἑτέρας
1432 2112 1524 2147 φωνῆς
1549 2112 1581 2138 τὸ
1591 2109 1650 2138 ἴσον
1671 2113 1872 2148 γνωρίσωμεν.

238 2167 357 2200 prinmm
386 2166 476 2201 ipsum
499 2170 639 2193 auctorem
668 2165 823 2201 appellare;
849 2167 891 2192 vel
914 2165 1021 2192 Patrem

1078 2158 1186 2191 Ἔξεστι
1200 2158 1255 2194 γὰρ
1263 2158 1324 2185 ἀντὶ⁵
1336 2157 1382 2184 τοῦ
1394 2158 1481 2184 εἰπεῖν
1492 2157 1648 2192 ἀγέννητον,
1666 2157 1775 2193 πρῶτον
1788 2159 1874 2185 αἴτιον

238 2212 390 2247 Uuigeniti,
411 2213 453 2240 vel
467 2220 530 2239 eum
551 2212 597 2247 qui
623 2211 697 2239 nulla
723 2219 754 2239 ex
774 2219 858 2239 causa
885 2212 1023 2244 subsistit,

239 2258 379 2292 multaque
396 2258 447 2285 alia
476 2265 537 2293 qua).
552 2257 586 2284 ad
602 2257 724 2285 eamdem
743 2257 946 2292 intelligentiam
967 2265 1025 2292 per-

240 2304 340 2331 tinent.
362 2303 535 2339 Quapropter
553 2311 601 2339 per
622 2304 731 2331 eosdem
759 2311 900 2335 sermones
927 2303 1027 2338 quibus

241 2349 384 2377 adversum
413 2357 463 2377 nos
488 2351 690 2377 accusationem
715 2350 845 2381 instituit,
884 2349 1029 2376 continuat

242 2400 337 2423 nostra
362 2396 499 2430 dogmata,
521 2403 583 2423 cmn
602 2396 681 2433 dicit.
702 2403 754 2422 non
782 2395 913 2423 didicisse
931 2403 1027 2422 nomen

241 2440 315 2476 quod
334 2440 371 2467 sit
388 2440 488 2467 dirinte
503 2445 609 2468 natura}
632 2440 856 2475 signiticativum.
884 2439 935 2467 Sed
956 2439 1027 2474 quod

242 2486 352 2522 quidem
369 2485 426 2522 ipsa
450 2486 488 2514 sit
505 2486 593 2514 edocti
617 2494 732 2520 sumus;
764 2486 817 2513 vim
850 2490 940 2513 autem
970 2487 1029 2513 sive

243 2532 392 2569 potentiam
411 2532 473 2566 talis
493 2532 694 2567 appellationis.
710 2540 763 2567 qua
781 2531 926 2560 inell'abilis
941 2536 967 2559 et
986 2533 1029 2558 in-

243 2578 355 2605 deﬁnita
373 2582 470 2604 natura
486 2577 738 2612 comprehenditur.
762 2577 804 2604 vel
820 2584 872 2603 non
889 2585 951 2604 esse
971 2585 1030 2605 om-

243 2624 309 2651 nino
325 2623 486 2656 asserimus,
509 2624 549 2650 rel
565 2623 643 2658 plane
664 2623 743 2651 nobis
767 2631 829 2650 esse
853 2623 1030 2658 incognitam.

244 2671 334 2701 Quare
349 2670 499 2697 familiares
521 2669 572 2696 sibi
590 2676 676 2703 nugas
691 2674 717 2695 et
738 2668 842 2695 fabulas
867 2669 1031 2702 praetermit-

244 2719 316 2745 tens.
331 2715 458 2742 ostendat
483 2714 682 2749 signiﬁcativas
705 2715 887 2743 cssentiarum
913 2715 1033 2750 appella-

245 2760 335 2788 tiones
357 2765 385 2788 et
411 2769 458 2796 per
476 2756 615 2788 nominum
638 2761 849 2796 discrepantiam
875 2761 1031 2796 subjectum

248 2815 355 2842 quoque
369 2807 471 2835 dividat
486 2815 515 2835 ac
528 2807 647 2836 divellat.
663 2807 715 2837 Sed
732 2815 875 2844 quousque
896 2814 977 2836 verus
990 2810 1031 2835 est

1077 2203 1157 2230 αὐτὸν
1174 2204 1332 2238 προσειπεῖν
1344 2210 1351 2217 ·
1376 2202 1392 2238 ἢ
1419 2203 1528 2238 Πατέρα
1544 2202 1590 2229 τοῦ
1608 2203 1790 2237 Μονογενοῦς,
1810 2205 1828 2239 ἦ
1845 2206 1874 2231 ἐκ

1079 2249 1212 2284 μηδεμιᾶς
1225 2249 1313 2280 αἰτίας
1331 2249 1511 2284 ὑφεστηκότα,
1528 2249 1574 2275 καὶ
1589 2248 1674 2275 πολλὰ
1687 2250 1805 2276 τοιαῦτα
1827 2252 1873 2276 ὅσα

1078 2295 1145 2330 πρὸς
1157 2295 1206 2330 τὴν
1225 2294 1309 2331 αὐτὴν
1320 2294 1438 2321 διάνοιαν
1454 2295 1542 2329 φέρει.
1561 2294 1641 2320 Ὥστε
1659 2294 1708 2321 καὶ
1723 2294 1757 2321 δι’
1774 2292 1815 2321 ὧν
1831 2297 1873 2329 ἑγ-

1079 2342 1154 2368 καλεί
1165 2342 1262 2376 λόγων,
1271 2340 1398 2376 κρατύνει
1410 2341 1444 2367 τὰ
1457 2341 1578 2375 ἡμέτερα
1588 2340 1710 2375 δόγματα
1718 2349 1725 2356 ·
1736 2342 1777 2368 ὅτι
1789 2342 1872 2375 ὄνομα

1079 2386 1128 2420 τῆς
1145 2386 1220 2417 θείας
1234 2386 1340 2419 φύσεως
1361 2385 1526 2421 σημαντικὸν
1544 2386 1594 2411 οὐκ
1622 2385 1771 2420 ἐμάθομεν.
1795 2387 1872 2412 ’Λλὶὰ

1079 2433 1110 2459 τὸ
1138 2433 1185 2468 μὲν
1211 2432 1280 2459 εἶναι
1295 2432 1380 2466 αὐτὴν
1399 2432 1587 2466 ἐδιδάχθημεν,
1605 2431 1720 2466 δύναμιν
1743 2432 1772 2458 δὲ
1789 2441 1871 2467 προπν

1081 2480 1194 2514 ηγορίας
1209 2479 1336 2514 τοιαύτης
1354 2479 1387 2505 δι’
1410 2476 1444 2514 ἦς
1467 2477 1738 2513 ὲμπεριλαμΰὰνεται
1759 2479 1777 2513 ὴ
1791 2479 1875 2512 ἄφρα-

1081 2527 1143 2558 στός
1167 2535 1196 2552 τε
1218 2526 1263 2552 καὶ
1279 2526 1403 2561 ἀόριστος
1427 2524 1516 2559 φύσις,
1536 2524 1551 2559 ἢ
1574 2525 1622 2550 οὐκ
1641 2522 1712 2550 εἶναι
1731 2524 1795 2551 καθ’
1815 2525 1872 2551 ὅλον

1082 2571 1205 2607 φαμὲν,ἣ
1219 2571 1326 2601 παντως
1343 2571 1408 2605 ἡμῖν
1429 2571 1566 2603 arm—.0»;
1583 2567 1663 2595 εἶναι.
1677 2570 1761 2596 Ὥστε
1775 2569 1873 2603 παρεὶς

1081 2619 1130 2654 τὴν
1151 2617 1250 2652 συνήθη
1273 2615 1447 2651 μυθολογίαν,
1476 2614 1605 2641 δεικνύτω
1633 2615 1683 2645 τὰς
1702 2614 1872 2649 σημαντικὰς

1082 2664 1135 2690 τῶν
1152 2661 1250 2689 οὐσιῶν
1268 2661 1462 2696 προσηγορίας,
1478 2661 1524 2686 καὶ
1539 2660 1576 2695 τῷ
1588 2660 1811 2695 παρηλλαγμένῳ
1820 2659 1873 2685 τῶν

1083 2709 1222 2744 ὀνομάτων
1239 2706 1446 2741 συνδιασχιζέτω
1462 2706 1492 2732 τὸ
1507 2707 1698 2740 ὑποκείμενον.
1721 2706 1794 2736 Ἕως
1806 2705 1827 2731 δ’
1840 2704 1872 2731 ἂν

1083 2757 1098 2783 ὀ
1106 2757 1153 2791 τῆς
1160 2754 1269 2790 Γραφῆς
1278 2752 1403 2788 ἀληθεύει
1411 2752 1500 2786 λόγος,
1509 2752 1549 2779 ὅτι
1565 2752 1690 2787 Ἀϐραὰμ
1701 2752 1748 2778 καὶ
1772 2751 1869 2782 Μωσῆς

1084 2804 1133 2831 οὐκ
1147 2802 1289 2839 ὲχώρηςαν
1301 2799 1349 2836 τὴν
1363 2799 1409 2828 τοῦ
1423 2800 1552 2835 ὀνᾶματος
1563 2798 1663 2833 γνῶσιν
1675 2807 1680 2812 ·
1695 2799 1743 2826 καὶ
1756 2798 1796 2824 ὅτι
1806 2795 1870 2822 Θεὺν
