1920 3073
85 77 132 105 ’161

626 75 763 106 comm
784 69 980 111 EUNoutuu,
1000 77 1063 110 un.
1086 77 1142 105 vu.

1655 81 1704 109 762

85 134 165 164 οὐδεὶς
179 134 285 170 ἑώρακε
301 133 423 166 πώποτε,
435 134 482 160 καὶ
493 131 561 160 εἶδεν
571 133 652 161 αὐτὸν
662 134 710 161 δινο
715 133 813 169 ρώπων
826 134 865 160 οὺι

919 132 1068 168 Scriptura:
1089 141 1180 162 sermo
1199 133 1244 169 qui
1263 133 1339 165 dicit,
1358 133 1430 167 quod
1446 134 1583 162 Abraham
1600 139 1627 163 et
1650 135 1704 162 Μο-

85 181 146 213 δεὶς,
158 179 219 206 οὗτε
248 180 310 206 ἰδεῖν
334 179 460 207 δύναται·
477 180 524 207 καὶ
544 180 585 206 ὅτι
597 179 627 206 τὸ
643 180 706 215 περὶ
717 179 798 206 αὑτὸν
812 179 870 214 φῶς

86 226 237 262 ἀπρόσιτον,
261 227 307 252 καὶ
327 227 377 261 τῆς
409 225 602 261 μεγαλωσύνης
618 225 700 252 αὑτοῦ
721 225 806 260 πέρας
820 225 870 252 οὐκ

85 273 162 305 ἐστιν,
177 273 229 304 ἓως
245 272 277 299 ἂν
288 272 375 299 ταῦτα
386 271 657 307 λαλῆταιπαρ¹ἡμῶν
674 272 721 298 καὶ
738 271 870 306 πιστεύη-

84 326 137 344 ται·
163 318 220 350 πῶς
249 318 327 352 λόγος
347 320 362 345 ὁ
371 318 516 353 περίληψίν
527 326 586 344 τινα
601 317 648 344 καὶ
662 316 810 352 ἑρμηνείαν
821 316 869 351 τῆς

81 363 204 398 ἀορίστου
217 363 322 398 φύσεως
332 364 375 391 διὰ
388 365 438 399 τῆς
447 364 627 400 ὀνομαστικῆς
636 363 771 397 σημασίας
784 363 868 397 ἐπαγ-

83 408 249 444 γελλόμενος,
267 410 359 445 ὅμοιός
387 411 445 436 ἐστι
469 409 508 445 τῷ
521 409 566 436 διὰ
584 409 633 444 τῆς
655 408 722 439 ιδίας
739 407 868 443 παλάμῃς

83 455 169 482 πᾶσαν
185 455 430 491 ὲκπεριλαμϐάνειν
441 456 555 492 οἰομένῳ
564 455 613 491 τὴν
624 455 760 482 θάλασσαν
772 463 780 487 ;
790 455 803 481 ὃ
813 455 867 490 γάρ

82 501 137 526 ἐστι
151 500 242 536 χειρὸς
266 496 366 537 κοτύλη
392 503 460 537 πρὸς
479 502 595 535 πέλαγος
618 501 686 531 ὅλον,
702 500 781 527 τοῦτο
793 501 866 528 πᾶσα

80 545 192 581 δύναμις
208 546 294 581 λόγων
318 548 386 583 πρὸς
401 548 450 582 τὴν
467 548 605 582 ἄφραστον
622 547 669 573 καὶ
682 546 866 581 ἀπερίληπτον

80 599 167 624 φύσιν.

919 186 964 206 ses
982 186 1037 206 non
1057 179 1177 206 nominis
1204 179 1358 206 habuerunt
1375 180 1569 214 cognitionem,
1594 176 1704 216 etquod

918 225 1002 252 Deum
1018 233 1099 253 nemo
1117 226 1184 253 vidit
1197 234 1317 261 unquam
1336 227 1357 241 ”
1370 246 1378 259 ,
1395 231 1422 253 et
1437 228 1511 254 novit
1527 228 1615 262 ipsimi
1640 228 1704 254 nul-

918 270 961 298 lus
980 271 1131 302 hominum.
1144 278 1231 305 neque
1248 271 1339 298 videre
1353 275 1442 305 potest
1456 272 1478 287 ¹¹⁸
1492 281 1498 298 :
1515 273 1642 307 quodque
1650 273 1704 306 cir;

918 324 980 344 cum
1004 316 1093 351 ipsum
1119 316 1164 343 lux
1184 317 1384 344 inaccessibilis
1408 321 1435 343 et
1463 318 1613 352 majestatis
1643 319 1703 352 ejus

918 361 1127 396 comprehensio
1152 369 1205 389 non
1221 367 1274 393 est,
1298 362 1420 397 quandiu
1442 362 1499 389 haec
1529 363 1704 397 proferuntur

918 415 934 435 a
963 408 1044 435 nobis
1069 411 1153 443 atque
1182 408 1342 442 creduntur,
1368 408 1511 441 (quomodo
1536 416 1625 436 sermo
1657 409 1703 443 qui

918 455 1035 490 aliquam
1052 453 1086 482 de
1101 454 1207 481 inﬁnita
1229 458 1327 482 natura
1343 462 1391 489 per
1412 455 1531 482 nominis
1547 455 1704 489 significan-

917 500 993 532 tiam,
1011 499 1285 534 comprehensionem
1310 503 1337 527 et
1351 499 1601 534 interpretationem
1626 500 1704 534 polli-

918 552 1006 577 cetur.
1022 546 1118 574 similis
1129 551 1172 573 est
1188 546 1213 572 ei
1228 546 1274 580 qui
1292 546 1402 581 propria
1419 553 1500 572 manu
1526 553 1606 576 omne
1626 549 1705 580 putat

919 591 1062 627 complecti
1076 593 1165 619 mare?
1197 592 1270 627 quod
1291 592 1363 619 enim
1387 597 1428 619 est
1458 599 1555 619 manus
1578 593 1638 618 vola
1669 591 1702 618 ad

80 642 163 664 totum
174 639 300 674 pelagus,
321 639 374 667 hoc
394 640 484 667 omnis
514 639 650 668 sermonis
666 639 707 666 vis
731 638 789 666 sive
816 638 935 673 potentia
972 638 1005 665 ad
1039 637 1203 665 inetiabilem
1234 641 1262 665 et
1297 638 1598 673 iueomprehensibilem
1625 642 1705 666 natu-

79 691 135 711 ram
140 704 147 710 .

111 730 205 758 Ταῦτα
215 721 244 758 δέ
258 738 358 766 φαμεν,
380 729 429 765 οὐχ
440 729 477 762 ὡς
493 729 655 766 ἀρνούμενοι
667 729 697 756 τὺ
711 729 866 764 ἀγεννήτως

79 775 144 804 εἶναι
157 777 206 804 τὸν
222 776 341 811 Πατέρα,
358 776 412 803 οὐδ’
428 776 465 808 ὡς
476 776 514 812 μὴ
529 775 712 811 συντιθέμενοι
723 775 761 810 τῷ
770 783 866 809 γεννη-

78 823 121 849 τὸν
135 821 205 850 εἶναι
218 822 264 849 τὸν
284 821 416 857 μονογενῆ
430 821 506 849 Θεόν.
527 821 606 848 Ἀλλὰ
617 821 662 848 καὶ
684 818 760 852 οὗτος
771 819 865 855 γεγέν-
882 812 902 838 Β

79 877 164 903 νηται,
183 869 306 899 κάκεῖνος
328 868 357 894 οὑ
371 868 544 903 γεγέννηται.
557 868 589 894 Τί
600 867 628 894 δὲ
644 867 713 894 κατὰ
723 867 772 902 τὴν
786 866 866 901 φύσιν

78 914 148 940 ἐστὶν
163 915 179 941 ὁ
188 915 249 949 δίχα
257 914 418 948 γεννήσεως
428 913 464 940 ὣν
476 914 523 941 καὶ
531 913 709 948 γεγεννῆσθαι
722 922 755 938 πε
760 921 867 939 πιστευ-

79 959 167 994 μένος,
185 960 217 986 ὲκ
226 959 277 994 τῆς
290 959 337 986 τοῦ
355 959 518 994 γεννηθῆναι
533 959 579 986 καὶ
598 958 636 995 μὴ
648 958 810 994 γεννηθῆναι
819 967 867 993 ση-

79 1005 177 1039 μασίας
205 1005 256 1032 οὑκ
279 1004 467 1040 ἐδιδάχθημεν.
486 1004 615 1036 Εἰπόντες
633 1005 687 1040 γὰρ
703 1005 743 1031 ὅτι
759 1001 865 1039 οὗτοςή

76 1050 247 1085 γεγέννηται,
258 1050 274 1085 ἥ
289 1050 318 1076 οὺ
329 1050 500 1084 γεγέννηται,
513 1049 610 1085 διπλῆν
624 1049 809 1085 ὲντυπούμεοα
822 1050 867 1076 διὰ

76 1095 128 1122 τῶν
142 1096 297 1131 εἰρημένων
311 1096 430 1123 διάνοιαν
441 1104 448 1111 ·
466 1096 505 1131 τῷ
523 1097 572 1132 μὲν
586 1096 714 1131 δεικτικῷ
728 1096 774 1123 τοῦ
786 1096 866 1130 λόγου

76 1141 142 1175 πρὸς
152 1141 185 1168 τὺ
198 1141 377 1176 ὑποκείμενον
395 1141 549 1176 βλέποντες,
561 1141 601 1177 τῷ
620 1141 648 1168 δὲ
668 1141 865 1177 Γεγέννηται,ἢ

76 1187 112 1213 Οὺ
127 1186 301 1222 γεγέννηται,
320 1186 350 1213 τὸ
370 1187 409 1222 τῷ
426 1187 598 1222 ὑποκειμένῳ
612 1187 866 1222 προσοεωρούμενον

75 1231 266 1266 διδασκόμεθα.
289 1232 332 1263 Ὦς
357 1232 421 1258 ἄλλο
445 1232 494 1267 μέν
509 1241 534 1258 τι
551 1232 615 1266 περὶ
631 1231 676 1257 τοῦ
693 1231 767 1263 δντος
786 1233 865 1264 νοεῖν,

75 1277 138 1304 ἄλλο
151 1278 182 1304 δέ
205 1286 233 1303 τι
249 1278 313 1313 περὶ
332 1278 378 1304 τοῦ
396 1278 629 1312 ὲπιῦεωρουμένου
648 1277 687 1312 τῷ
699 1277 764 1304 ὄντι.
788 1277 866 1305 Ἀλλὰ

75 1324 121 1350 καὶ
131 1323 213 1351 παντὶ
227 1323 339 1359 ὀνόματι
350 1323 389 1359 τῷ
402 1325 465 1359 περὶ
475 1325 525 1359 τὴν
539 1324 614 1356 θείαν
625 1324 761 1359 λεγομένῳ
775 1324 865 1359 φύσιν,

76 1369 105 1396 τὸ
121 1370 191 1397 ἐστι
204 1370 314 1401 πάντως
330 1370 555 1403 συνυπακούεται,
571 1367 625 1396 οἷον
637 1370 749 1402 δίκαιος,
760 1370 865 1405 ἄφθαρ-

75 1423 129 1447 τος,
146 1415 281 1446 ἀθάνατός
291 1424 322 1442 τε
339 1415 386 1442 καὶ
400 1416 557 1450 ἀγέννητος,
579 1416 626 1442 καὶ
638 1416 662 1442 εἴ
675 1424 702 1442 τι
716 1416 809 1451 ἓτερον
820 1416 865 1443 λέ-

75 1469 163 1495 γεται,
180 1461 234 1487 κᾶν
249 1460 286 1496 μὴ
310 1463 344 1496 τῇ
372 1463 446 1497 φωνῇ
478 1461 727 1497 συμπαρομαρτῶν
743 1462 812 1498 τύχῃ
836 1463 867 1489 τὸ

77 1506 152 1541 ῥῆμα
166 1506 256 1533 τοῦτο.
277 1506 344 1533 Ἀλλ’
362 1508 378 1541 ἠ
390 1507 493 1533 διάνοια
502 1507 610 1539 πάντως
621 1507 667 1533 τοῦ
682 1507 866 1542 φθεγγομένου

76 1553 121 1578 καὶ
136 1551 187 1578 τοῦ
199 1551 354 1584 ἀκούοντος,
366 1552 404 1587 τῷ
416 1552 482 1579 ἔστι
500 1553 714 1588 προσαπαρτίξει
731 1553 762 1578 τὸ
772 1553 866 1588 ὄνομα,

75 1596 146 1629 ὠςεὶ
161 1598 201 1632 μὴ
218 1597 297 1624 τοῦτο
312 1598 482 1633 προσκέοιτο,
494 1598 565 1624 κατὰ
579 1597 657 1624 κενοῦ
671 1597 718 1633 τὴν
733 1606 868 1633 προσηγο-

77 1643 137 1677 ρίαν
147 1644 270 1670 πίπτεινο
289 1640 343 1670 οἷον
354 1643 544 1679 (κρεῖττονγὰρ
554 1644 582 1669 ὲν
593 1643 770 1677 ὑποδείγματι
780 1652 868 1680 παρα-

76 1688 174 1723 στῆσαι
195 1687 242 1713 τὸν
262 1687 361 1723 λόγον),
373 1687 493 1720 εἰπόντος
507 1687 553 1713 τοῦ
574 1686 655 1714 Δαϐὶδ
668 1707 675 1720 ,
690 1688 730 1714 ὅτι
750 1688 780 1714 Ὀ
796 1689 867 1721 Θεὸς

60 1738 61 1741 ‘
75 1732 179 1766 κριτὴς
195 1732 309 1765 δίκαιος
319 1734 367 1759 καὶ
380 1732 559 1767 ισχυρὸςκαὶ
570 1733 775 1767 μακρόθυμος·
791 1734 816 1759 εἰ
830 1732 866 1768 μὴ

76 1777 293 1804 σννυπιικούοιτο
305 1777 358 1804 τῶν
372 1777 596 1812 κατειλημμένων
611 1777 750 1814 ὀνομάτων
760 1778 866 1814 ἑκάστῳ

74 1822 106 1849 τὸ
122 1822 204 1854 ἐστὶ,
233 1823 335 1858 ματαία
358 1823 421 1855 δόξα
435 1824 481 1850 καὶ
495 1823 679 1855 ἀνυπόστατος
690 1824 708 1859 ἡ
722 1823 776 1850 τῶν
786 1832 867 1860 προσ-

74 1869 197 1905 ηγοριῶν
214 1868 413 1905 ἁπαρίῡμησις.
437 1869 504 1905 πρὸς
520 1868 596 1895 οὐδὲν
609 1869 786 1904 ὑποκείμενον
795 1871 865 1905 ἐρει-

74 1915 173 1950 δομένη
187 1925 194 1931 ·
214 1915 468 1950 συνυπακουομένου
486 1915 515 1942 δὲ
535 1914 582 1941 τοῦ
597 1915 683 1941 ἐστὶν
694 1916 801 1951 ἑκάστῳ
811 1916 865 1943 τῶν

74 1961 228 1996 ὀνομάτων,
257 1961 360 1995 ἰσχύσει
376 1961 483 1992 πάντως
500 1960 533 1987 τὰ
559 1960 692 1996 εἰρημένα
715 1962 779 1996 περὶ
794 1962 824 1988 τὸ
836 1961 865 1988 ὃν

75 2005 264 2041 Θεωρούμενα.
279 2006 384 2041 Ὠσπερ
397 2005 485 2032 τοίνυν
499 2006 620 2037 εἰπόντες
634 2006 675 2032 ὅτι
687 2009 784 2042 κριτής
796 2007 863 2039 ἐστι,

73 2051 116 2078 διὰ
147 2051 198 2086 μὲν
226 2052 275 2086 τῆξ
301 2051 428 2086 κρίσεως,
450 2051 589 2087 ὲνέργειάν
615 2060 677 2078 τινα
693 2053 756 2087 περὶ
785 2053 864 2079 αὑτὸν

73 2097 239 2132 ὲνοήσαμενσ
266 2097 308 2123 διὰ
337 2096 365 2123 δὲ
387 2096 435 2123 τοῦ
462 2097 527 2124 ἐστὶ
559 2096 599 2132 τῷ
629 2096 800 2133 ὑποκειμένῳ
819 2099 864 2125 τὸν

957 724 1018 752 ΠίΕο
1030 732 1096 752 vero
1112 724 1239 757 dicimus,
1260 733 1314 752 non
1339 726 1410 760 quod
1429 726 1581 755 iniiciemur
1598 728 1703 756 Patrem

922 771 1004 798 modo
1033 770 1154 805 ingenito
1179 778 1257 804 esse;
1279 779 1366 806 neque
1389 777 1419 798 ut
1445 781 1499 800 non
1522 775 1705 802 assentiamur

925 817 1094 851 unigenitum
1110 815 1192 843 Deum
1224 818 1343 851 genitum
1358 825 1427 850 esse.
1451 817 1503 846 Sed
1517 824 1542 846 et
1559 819 1601 847 hic
1623 822 1699 855 geni-

919 865 963 889 tus
978 867 1018 889 est
1034 865 1060 889 et
1075 862 1121 889 ille
1142 870 1197 889 non
1212 862 1330 897 genitus.
1348 862 1418 895 Quid
1442 868 1531 891 autem
1555 867 1705 894 secundum

919 912 1043 946 naturam
1058 911 1100 934 est
1115 907 1187 942 quod
1207 908 1267 935 sine
1282 909 1459 942 generatione
1469 913 1496 937 et
1506 911 1626 945 genitum
1644 919 1706 939 esse

919 953 1050 985 creditur,
1065 960 1096 980 ex
1114 953 1313 987 signiﬁcatione
1326 954 1410 988 geniti
1425 959 1451 981 et
1467 963 1522 982 non
1540 956 1621 990 geniti
1648 965 1703 984 non

920 1007 1016 1026 sumus
1031 999 1131 1026 edocti.
1149 999 1217 1026 Cum
1238 999 1309 1026 enim
1324 1000 1510 1031 dicilnus.llic
1529 1003 1569 1029 vel
1598 1003 1706 1037 genitus

919 1048 971 1086 est,
989 1045 1030 1072 vel
1048 1053 1101 1071 non
1118 1049 1160 1072 est
1175 1045 1294 1080 genitus,
1313 1045 1448 1081 duplicem
1466 1047 1645 1076 informamus
1659 1057 1705 1084 per

920 1090 978 1117 haec
1005 1090 1077 1116 dicta
1101 1090 1328 1125 intelligentiam:
1352 1091 1569 1120 demonstrativo
1596 1095 1705 1128 quidem

920 1136 1093 1171 pronomine,
1110 1136 1143 1163 ad
1162 1136 1314 1170 subjectum
1327 1130 1516 1172 respicientes:
1534 1140 1617 1166 verbo
1642 1148 1707 1166 vero

920 1183 1029 1216 genitus
1041 1186 1093 1213 est,
1108 1182 1148 1208 vel
1164 1189 1218 1209 non
1227 1183 1335 1217 genitus
1350 1187 1402 1215 est,
1418 1183 1443 1210 id
1460 1184 1531 1218 quod
1544 1185 1571 1211 in
1582 1185 1707 1220 subjecto

920 1228 1114 1255 consideratur
1129 1227 1273 1255 docemur.
1291 1229 1327 1254 Ita
1349 1232 1377 1255 ut
1405 1230 1470 1263 quid
1497 1230 1569 1257 aliud
1596 1231 1704 1266 quidem

919 1273 953 1300 de
968 1281 1001 1300 eo
1012 1273 1086 1308 quod
1103 1277 1145 1300 est
1157 1273 1350 1307 intelligamus,
1365 1274 1437 1301 aliud
1453 1282 1517 1301 vero
1531 1275 1565 1302 de
1586 1283 1618 1302 eo
1633 1276 1704 1310 quod

919 1318 1119 1350 consideratur,
1150 1318 1176 1344 in
1199 1326 1231 1344 eo
1250 1318 1321 1353 quod
1340 1322 1389 1345 est.
1420 1318 1574 1351 Quinetiam
1595 1320 1621 1347 in
1646 1329 1705 1348 om-

926 1364 954 1391 ni
971 1364 1083 1391 nomine
1109 1364 1182 1398 quod
1205 1364 1237 1391 de
1259 1364 1351 1391 divina
1386 1369 1479 1391 natura
1502 1365 1612 1397 dicitur.
1632 1375 1705 1394 sem-

920 1417 967 1444 per
986 1409 1149 1437 subauditur
1165 1410 1278 1436 omnino
1295 1410 1347 1437 hoc
1365 1411 1476 1445 verbum
1493 1416 1542 1443 est,
1560 1413 1703 1447 utjustus.

923 1455 1111 1490 incorruptus,
1120 1456 1282 1483 inuuorlalis
1291 1460 1316 1483 et
1328 1456 1474 1491 ingenitus,
1484 1462 1510 1483 et
1520 1458 1542 1484 si
1553 1458 1618 1493 quid
1633 1460 1706 1487 aliud

880 1489 901 1517 (ἶ
919 1501 1030 1533 dicitur,
1051 1502 1157 1528 etiamsi
1174 1502 1223 1528 hoc
1237 1502 1348 1528 verbum
1360 1522 1367 1533 ,
1383 1510 1479 1536 nempe
1494 1508 1531 1530 est
1542 1523 1550 1534 .
1567 1511 1634 1531 voce
1651 1513 1705 1531 non

918 1548 1084 1574 enuntietur.
1107 1548 1159 1574 Sed
1180 1549 1356 1583 intriligrnlitl
1378 1553 1405 1576 et
1426 1557 1503 1576 mens
1524 1550 1659 1584 loquentis
1680 1555 1707 1578 et

920 1593 1058 1620 audientis
1076 1601 1176 1621 nomen
1191 1593 1302 1629 adoptat
1323 1594 1406 1621 verbo
1419 1600 1470 1625 est,
1487 1595 1523 1621 ita
1540 1600 1568 1622 ut
1588 1596 1639 1623 nisi
1655 1595 1707 1624 hoc

921 1639 1054 1672 adjaceat,
1081 1639 1219 1667 incassum
1243 1641 1388 1675 appellatio
1409 1641 1498 1667 cadat.
1522 1641 1600 1669 Verbi
1619 1643 1706 1677 gratia

920 1685 1043 1719 (praestat
1066 1685 1138 1712 enim
1164 1686 1315 1713 orationem
1339 1687 1470 1721 exemplis
1495 1687 1585 1714 animo
1608 1695 1707 1722 reptat-

917 1735 1036 1768 sentare)
1055 1741 1117 1761 cum
1132 1733 1201 1760 dixit
1218 1733 1311 1765 David,
1332 1734 1404 1768 quod
1426 1734 1494 1761 Deus
1518 1734 1602 1769 judex
1616 1731 1706 1769 justus

915 1783 939 1806 el
963 1779 1052 1813 fortis,
1080 1784 1104 1806 et
1133 1780 1291 1814 longanimis
1321 1780 1362 1815 ‘2;
1392 1780 1445 1807 nisi
1472 1781 1652 1808 subaudiatur
1678 1782 1705 1809 in

916 1833 1024 1860 quoque
1049 1825 1188 1853 nominum
1211 1833 1273 1860 qua;
1297 1825 1348 1853 hoc
1370 1825 1506 1853 versiculo
1528 1827 1707 1862 comprehen-

916 1870 1028 1902 duntur,
1051 1871 1163 1899 verbum
1185 1875 1239 1901 est,
1261 1878 1329 1896 vana
1353 1871 1460 1905 opinio,
1481 1877 1507 1898 et
1530 1880 1590 1906 qua:
1613 1873 1706 1908 nequit

916 1915 1066 1943 subsistere
1095 1915 1305 1950 appellationum
1332 1917 1519 1949 enumeratio,
1544 1925 1605 1944 eum
1631 1919 1706 1945 nullo

916 1961 1039 1995 subjecto
1057 1961 1092 1988 sit
1108 1961 1174 1988 fulta
1187 1966 1213 1988 et
1231 1961 1334 1988 innixa.
1354 1961 1382 1988 Si
1395 1970 1460 1989 vero
1476 1962 1502 1988 in
1522 1962 1638 1997 singulis
1657 1970 1704 1989 no-

915 2008 1035 2035 minibus
1058 2008 1101 2035 liis
1124 2008 1304 2035 subamliatur
1329 2008 1441 2034 verbum
1467 2012 1520 2039 est,
1549 2008 1602 2034 vim
1631 2012 1704 2036 certe

916 2052 1053 2079 habebunt
1073 2061 1104 2080 ea
1123 2061 1183 2086 quin
1204 2053 1274 2079 dicta
1297 2058 1361 2078 sunt
1381 2061 1442 2079 rum
1467 2053 1493 2079 in
1519 2061 1552 2080 c0
1576 2054 1646 2087 quod
1662 2057 1704 2080 est

914 2099 1133 2126 considerantur.
1149 2098 1382 2131 Quemadmodum
1398 2098 1470 2125 enim
1486 2106 1546 2124 cum
1564 2098 1682 2126 dicimus

73 2141 136 2168 νοῦν
161 2142 351 2177 ἐπεϐάλομεν,
372 2141 465 2176 σαφῶς
487 2141 672 2178 διδασκόμενοι
688 2143 731 2169 διὰ
750 2144 861 2176 τούτων,

917 2143 985 2177 quod
1004 2143 1086 2177 judex
1107 2148 1159 2173 est.
1179 2151 1225 2177 per
1242 2143 1374 2177 judicium
1390 2143 1498 2178 quidem
1516 2143 1702 2177 operationem

75 2187 111 2223 μὴ
128 2188 175 2214 τὸν
189 2187 272 2214 αὑτὸν
291 2187 412 2223 νομίζειν
423 2189 456 2223 τῇ
475 2187 610 2223 ἐνεργείᾳ.
621 2188 667 2214 τὸν
680 2189 728 2214 τοῦ
739 2187 807 2215 εἶναι
821 2189 864 2216 λό-

73 2241 133 2266 γον⁸
154 2233 242 2264 οὕτως
258 2233 306 2260 καὶ
320 2234 353 2259 ὲκ
364 2233 411 2259 τοῦ
429 2233 525 2265 εἰπεῖν,
541 2233 582 2260 ὅτι
593 2233 735 2267 γεννητὸς
750 2234 766 2270 ἢ
780 2233 865 2268 ἀγέν-

71 2280 164 2313 νητός
183 2281 239 2307 ἐστι
247 2299 254 2309 ,
267 2278 413 2315 μερίζομεν
423 2279 490 2314 πρὸς
497 2279 592 2314 διπλῆν
602 2279 734 2314 ὑπόληψιν
744 2281 791 2314 τὴν
805 2280 864 2306 διά-

72 2334 159 2351 νοιαν·
172 2325 218 2350 διὰ
232 2324 280 2360 μὲν
290 2324 336 2351 τοῦ
348 2324 413 2351 ἐστὶ
428 2325 550 2356 νοοῦντες
563 2325 593 2351 τὸ
617 2325 805 2360 ὑποκείμενον,
820 2325 864 2352 διὰ

70 2371 100 2397 δὲ
115 2371 165 2397 τοῦ
182 2370 328 2405 γεννητὸς
349 2371 366 2405 ἢ
383 2369 556 2405 ἀγέννητος,
576 2370 607 2396 τὺ
622 2370 722 2405 προσὸν
740 2370 779 2405 τῷ
797 2371 862 2396 ὑπο-

71 2417 194 2452 κειμένῳ
208 2416 471 2451 καταλαμϐἁνοντες.
489 2416 622 2451 Καθάπερ
634 2415 721 2441 τοίνυν
735 2416 831 2450 κριτὴν
844 2416 860 2450 ἣ

72 2463 252 2498 μακρόθυμον
265 2462 341 2497 παρὰ
356 2462 403 2489 τοῦ
417 2462 498 2488 Δαϐὶδ
509 2461 576 2488 εἶναι
592 2462 638 2488 τὸν
649 2462 713 2488 Θεὸν
725 2462 862 2497 διδαχθέν-

68 2514 125 2539 τες,
152 2507 185 2533 οὑ
210 2505 258 2541 τὴν
281 2505 355 2532 θείαν
380 2505 484 2538 οὐσίαν,
503 2506 570 2533 ἀλλά
585 2515 611 2532 τι
631 2506 685 2532 τῶν
702 2508 764 2542 περὶ
778 2508 862 2542 αὐτὴν

69 2552 268 2587 θεωρουμένων
293 2552 430 2587 ἐμάθομεν
442 2562 449 2568 θ
476 2552 560 2584 οὕτως
577 2552 623 2578 καὶ
637 2553 762 2583 ἐνταῦθα,
778 2553 808 2579 τὺ
826 2553 862 2588 μὴ

68 2599 252 2634 γεγεννῆσθαι
266 2599 441 2630 ἀκούσαντες.
465 2600 496 2625 οὑ
515 2599 543 2625 τὸ
560 2599 738 2633 ὑποκείμενον
752 2599 795 2626 διὰ
814 2599 862 2633 τῆς

69 2644 257 2679 ἀτεμφάσεως
272 2645 392 2680 ἔγνωμεν
403 2654 409 2660 ·
426 2645 492 2672 ἀλλά
511 2645 537 2671 τί
551 2645 581 2672 οὑ
599 2645 650 2680 χρὴ
668 2645 733 2679 περὶ
748 2645 778 2670 τὸ
794 2645 862 2670 ὑπο-

67 2680 199 2725 κειμένου
216 2693 284 2718 νοεῖν
298 2691 488 2727 ὼδηγὴοημεν.
503 2693 539 2718 Τὸ
552 2692 581 2718 δὲ
600 2692 658 2718 κατ’
675 2691 769 2717 οὐσίαν
785 2691 798 2717 ὅ
835 2688 861 2716 τί

105 2780 124 2796 ³⁷
137 2779 224 2810 Ioan.
243 2791 262 2816 ι,
285 2782 325 2810 l8.

915 2189 1059 2223 quamdam
1085 2189 1111 2215 in
1135 2190 1193 2223 ipso
1213 2189 1414 2220 intelleximus;
1436 2197 1481 2223 per
1505 2190 1615 2217 verbum
1639 2199 1702 2218 vero

912 2239 962 2265 est,
983 2235 1016 2261 ad
1034 2234 1186 2269 subjectum
1211 2239 1327 2262 mentem
1354 2235 1520 2270 appulimus,
1537 2240 1629 2269 aperte
1656 2244 1703 2270 per

914 2281 969 2307 haec
985 2274 1085 2311 edocti,
1108 2288 1161 2307 non
1180 2280 1303 2307 eamdem
1323 2288 1383 2307 esse
1405 2281 1563 2307 existimare
1584 2286 1662 2308 actus
1676 2286 1703 2308 et

911 2325 1038 2352 essentia:
1056 2325 1187 2352 rationem
1207 2334 1213 2353 :
1228 2325 1267 2352 sic
1283 2325 1366 2352 etiam
1383 2334 1416 2352 ex
1438 2334 1471 2352 eo
1488 2326 1559 2360 quod
1575 2327 1701 2360 dicimus,

912 2370 984 2405 quod
1004 2371 1106 2405 genitus
1130 2375 1179 2401 est,
1206 2371 1247 2398 vei
1270 2371 1412 2403 ingenitus,
1439 2371 1468 2397 in
1495 2371 1629 2406 duplicem
1655 2380 1699 2398 ιιοι

913 2416 1011 2443 tionem
1029 2415 1236 2451 intelligentiam
1257 2420 1378 2443 nostram
1396 2417 1546 2450 partimur;
1572 2425 1633 2443 nam
1657 2425 1696 2451 ρει

912 2462 1025 2497 verbum
1041 2467 1092 2493 est,
1107 2462 1284 2496 intelligimus
1296 2461 1450 2496 subjectum
1464 2470 1471 2495 ς
1486 2467 1508 2488 el
1523 2470 1570 2497 per
1581 2462 1700 2497 genitum

913 2507 954 2534 vel
971 2507 1132 2542 ingenitum,
1147 2507 1171 2533 id
1188 2507 1260 2542 quod
1283 2506 1361 2534 adest
1384 2507 1508 2541 subjecto
1528 2507 1702 2541 comprehcne

913 2553 1014 2581 dimus.
1033 2552 1266 2586 Quemadmodum
1279 2553 1361 2588 igitur
1373 2553 1502 2587 judicent,
1520 2553 1558 2579 vel
1577 2552 1700 2586 longani-

909 2605 979 2624 mcm
988 2605 1049 2625 esse
1060 2597 1142 2626 Deum
1158 2606 1172 2625 a
1188 2598 1290 2626 Davide
1301 2607 1363 2625 cum
1376 2599 1448 2626 (loeti
1459 2606 1565 2630 sumus,
1573 2590 1625 2625 non
1633 2599 1700 2626 divi-

909 2651 971 2670 nam
983 2645 1142 2675 essentiam.
1154 2645 1201 2672 sed
1213 2653 1306 2672 eorum
1317 2645 1418 2680 aliquid
1430 2653 1489 2679 qua:
1502 2645 1528 2671 in
1541 2644 1598 2679 ipsa
1607 2645 1698 2673 consi-

908 2689 1041 2718 derantur
1067 2691 1213 2719 didicimus
1229 2701 1234 2719 :
1248 2692 1288 2719 sic
1306 2696 1332 2718 ct
1357 2691 1403 2722 hic.
1414 2699 1467 2718 non
1495 2691 1615 2726 genitum
1637 2699 1698 2718 esse

371 2781 419 2819 f'l
443 2781 512 2810 Tim.
535 2789 571 2815 vl,
593 2782 633 2809 L6.
655 2781 694 2820 _‘°
721 2780 793 2808 Psal.
810 2787 899 2812 (λων,
917 2779 933 2807 8
