1923 3071
961 35 1044 47 μ--.

850 89 880 119 s.
899 87 1062 117 esseom:
1079 72 1222 115 urssstu

224 90 277 120 763

1803 89 1850 116 γει

223 149 377 182 audientes,
398 155 452 175 non
474 147 627 182 subjectum
644 153 692 182 per
709 145 779 173 hanc
799 145 1011 173 declarationem

1064 144 1128 171 ποτέ
1143 145 1226 176 ἐστιν,
1247 143 1323 170 οὐδὲν
1348 140 1430 179 ἧττον
1454 143 1484 169 ἐν
1503 142 1592 178 ἀδήλῳ
1615 142 1706 179 μένει·
1722 143 1851 171 οὕτωκαὶ

226 195 362 226 novimus,
379 192 426 221 sed
442 192 543 227 aliquid
560 191 705 226 quod-non
718 194 826 226 oportet
840 190 874 218 de
889 190 1012 224 subjecto

226 243 315 266 mente
330 238 474 272 concipere
496 236 601 263 inducti
624 243 738 263 sumus:
762 235 834 270 quod
852 239 943 262 autent
967 241 1013 262 se.

225 284 344 311 cundum
359 283 507 310 essentiam
521 282 651 317 quidnam
664 281 774 308 tandem
786 279 1013 308 estnihilominus

226 337 251 358 in
267 330 384 357 obscuro
399 333 498 356 manet.
515 329 562 356 Sic
582 328 664 363 etiam
679 335 739 354 cum
756 331 850 355 sattcta
871 326 1013 361 Scriptura

226 375 328 409 reliqua
355 374 446 404 divina
472 373 582 401 nomina
604 372 638 400 de
661 381 694 399 eo
719 372 791 408 quod
817 376 859 400 cst
880 373 1013 405 enuntiat,

226 420 312 454 ipsum
330 426 395 446 vero
416 418 610 446 innominabilc
626 417 691 445 Mosi
710 417 805 444 tradit.
819 417 870 450 Qui
885 425 951 452 ergo
966 424 1014 444 ua-

224 468 311 491 turam
321 464 380 498 ejus
395 463 467 498 quod
477 468 519 490 est
535 462 640 497 aperire
652 471 681 490 se
691 462 841 498 profitetur,
856 463 1013 496 neutiquam

224 517 255 538 ea
272 517 332 544 quae
349 513 413 537 sunt
425 509 458 536 dc
484 516 516 536 eo
541 508 612 543 quod
638 513 680 536 est
702 508 827 542 explicet,
857 507 904 535 sed
927 508 1014 542 ipsam

224 555 282 582 suis
296 555 386 582 verbis
401 555 424 581 si
441 559 529 590 potest
541 554 619 582 nobis
632 554 759 589 explanet
775 557 910 580 naturain.
925 553 1015 586 Quod-

224 609 332 636 cunque
352 601 424 628 enim
447 608 544 627 nomen
560 600 673 631 dixeris,
690 604 731 627 cst
747 600 780 627 de
803 607 836 627 eo
858 599 930 635 quod
951 603 1014 632 est;

225 655 278 674 non
294 646 360 673 illud
377 650 417 673 est
442 655 449 674 :
472 646 571 678 bonus,
594 645 742 680 ingenitus,
772 645 820 673 scd
841 646 913 680 quod
937 649 979 672 est
999 653 1014 671 a

225 693 301 719 nullo
321 692 418 718 horum
432 691 576 718 deseritur.
596 690 684 726 Hujus
705 692 785 726 igitur
800 691 845 725 qui
866 698 906 718 est
926 691 1015 718 bonus

225 741 252 764 et
275 737 321 771 qui
345 740 386 763 est
412 736 559 771 ingenitus,
585 736 665 762 sicuti
693 740 734 763 est
757 736 940 764 drﬁnitionem
968 736 1014 770 qui

226 782 395 809 redditurum
411 790 439 809 se
455 782 606 816 pollicetur,
624 790 708 809 vanus
723 783 812 813 fuerit,
830 783 893 809 dum
910 790 940 810 ea
954 791 1014 817 qua:

1063 191 1112 225 τῆς
1126 190 1207 224 άγίας
1221 189 1331 225 Γραφῆς
1351 190 1385 216 τὰ
1399 189 1449 224 μὲν
1462 189 1541 215 λοιπὰ
1553 188 1606 216 τῶν
1619 189 1699 216 θείων
1711 189 1851 225 ὀνομάτων

1062 235 1134 262 κατὰ
1152 235 1200 262 τοῦ
1225 235 1302 267 ὄντος
1321 235 1536 270 κατηγορούοης,
1552 235 1617 262 αὐτὸ
1633 235 1662 262 δὲ
1680 235 1710 262 τὸ
1724 235 1754 262 ὃν
1773 236 1852 262 ἀκατ-

1063 281 1212 316 ονόμαστον
1223 281 1262 317 τῷ
1276 281 1361 317 Μωοῇ
1374 281 1564 317 παραδίδωσιν.
1573 282 1602 308 Ὁ
1612 281 1701 308 τοίνυν
1716 281 1762 308 τοῦ
1779 281 1850 313 ὂντας

1063 327 1242 355 ὲκκαλύπτων
1267 327 1316 363 τὴν
1336 327 1426 362 φύσιν,
1445 327 1483 362 μὴ
1503 328 1538 354 τά
1557 328 1622 362 περὶ
1633 326 1663 353 τὸ
1683 325 1848 358 ὂνδιεξιέτω.

1064 373 1120 400 ἀλλ’
1144 373 1228 409 αὐτὴν
1246 374 1312 408 ἡμῖν
1339 373 1495 409 φανερούτω
1511 373 1544 400 δι’
1556 370 1594 400 ὧν
1609 373 1684 407 λέγει
1699 374 1749 408 τὴν
1761 373 1850 407 φύσιν.

1064 420 1123 446 Πᾶν
1138 419 1193 454 γὰρ
1203 419 1217 446 ὅ
1232 419 1258 446 τί
1281 428 1332 455 περ
1352 419 1384 446 ἂν
1397 420 1477 456 εἴπῃς
1490 419 1585 455 ονομα,
1603 421 1666 455 περὶ
1683 420 1714 446 τὸ
1724 420 1754 446 ὃν
1769 420 1849 451 ἐστιν,

1063 466 1114 491 οὐκ
1133 465 1221 492 ἐκεῖνό
1237 466 1309 491 ἐστιν
1321 473 1327 480 ·
1340 464 1450 499 ἁγαθὺς.
1464 465 1621 500 ἀγέννητος,
1634 464 1703 491 ἀλλὰ
1717 464 1748 491 τδ
1766 464 1850 494 ἐστὶν,

1065 511 1180 538 ἑκάστου
1197 510 1299 538 τούτων
1316 511 1366 537 οὐκ
1383 511 1568 538 ἀπολείπεται.
1585 511 1686 538 Τούτου
1701 511 1793 537 τοίνυν
1805 510 1851 537 τιιῦ

1064 558 1140 590 ῠντος
1163 557 1275 593 ἀγαθοῦ,
1292 557 1339 584 καὶ
1346 557 1431 589 ’ὄντος
1443 557 1601 592 ἁγεννήτου,
1615 556 1706 588 καθώς
1721 557 1791 587 ἔστι,
1807 557 1852 583 τδν

1065 603 1142 638 λόγον
1153 612 1194 634 τις
1205 602 1354 630 ἀποδώσειν
1362 603 1602 638 ἐπαγγειλάμενος.
1617 603 1731 638 μάταιος
1748 602 1782 629 ἂν
1792 602 1851 637 εἴη·

1064 649 1100 676 τὰ
1116 649 1164 684 μὲν
1174 648 1394 684 ὲπιθεωρούμενα
1416 649 1501 682 λέγων
1513 668 1521 680 ,
1538 648 1623 682 αὐτὴν
1637 648 1665 675 δὲ
1680 647 1790 674 σιωπῶν
1804 647 1854 682 τὴν

1065 694 1157 722 ουσίαν
1168 695 1201 730 ἦν
1216 694 1376 729 ἑρμηνεύειν
1395 694 1434 730 τῷ
1452 694 1523 729 λόγῳ
1542 693 1803 728 κατεπαγγέλλεται.
1818 693 1856 719 Τὸ

1066 740 1120 776 γὰρ
1130 741 1284 776 ἁγεννήτως
1301 738 1380 771 εἶναι,
1407 739 1435 766 ἓν
1455 739 1510 766 τῶν
1534 738 1779 774 ὲπιθεωρουμένων
1795 739 1855 764 ἐστὶ

1065 786 1104 822 τῷ
1129 787 1195 813 Evn.
1214 787 1309 818 Ἄλλος
1328 786 1356 813 δὲ
1376 785 1423 814 τοῦ
1442 784 1523 818 εἶναι,
1548 785 1595 812 καὶ
1621 785 1700 816 ἄλλος
1727 784 1775 810 τοῦ
1797 784 1855 814 πῶς

226 828 254 855 in
272 835 303 854 eo
317 827 387 862 quod
411 833 451 854 cst
473 827 691 857 considerantur.
710 836 836 855 sermone
855 833 965 860 ll‘uclul,
982 828 1013 855 de

1066 831 1133 859 εἶναι
1149 834 1163 859 ό
1177 832 1264 866 λόγος.
1277 834 1308 859 ὐ
1322 833 1402 868 μέχρι
1415 832 1462 859 τοῦ
1478 832 1525 858 νῦν
1538 831 1655 867 ἄρρητον
1668 839 1699 857 τε
1713 830 1761 857 καὶ
1775 830 1856 862 ἀνερ-

227 873 284 908 ipsa
305 881 369 901 vero
380 874 509 906 essentia,
529 881 609 908 quam
639 874 763 901 oratione
783 875 919 908 explicare
937 875 1015 909 polli-

226 924 304 948 Cetur
320 927 352 947 ne
367 919 478 946 verbum
496 919 616 954 quidem.
632 918 699 946 Nam
718 920 837 954 ingenite
855 927 915 946 esse
931 928 1014 946 unum

226 971 375 993 esteorum
390 973 450 1000 quae
470 965 497 992 in
519 974 551 992 co
575 965 621 1000 qui
646 970 687 993 est
711 966 927 993 considerantur.
956 966 1015 992 Alia

225 1012 297 1040 enim
318 1011 406 1038 oratio
428 1019 489 1046 qum
514 1011 581 1038 dicit
603 1019 665 1038 esse
687 1020 694 1045 ;
722 1011 774 1038 alia
799 1019 863 1038 vero
891 1019 951 1046 qua:
978 1011 1017 1038 ait

225 1057 345 1092 quodam
356 1056 436 1084 modo
445 1064 515 1084 esse.
526 1057 602 1089 Quod
612 1057 752 1091 hucusque
760 1060 800 1084 est
808 1056 951 1089 inell‘abile,
963 1065 1012 1084 nec

227 1111 273 1138 per
283 1111 313 1130 ea
329 1109 390 1136 qua:
405 1102 476 1128 dicta
488 1103 729 1136 suntcxplicahile.
744 1102 823 1129 Prius
836 1095 918 1136 igitur
934 1104 1012 1130 nobis

1065 879 1196 914 μήνευτον
1223 879 1255 904 ὲκ
1273 877 1326 904 τῶν
1343 879 1494 913 εἰρημένων
1516 878 1597 904 ἐστίν.
1612 875 1717 903 Οὐκοῦν
1730 884 1855 910 φανερω·

1064 925 1137 951 σάτω
1163 924 1293 960 πρότερον
1320 925 1384 959 ἡμῖν
1406 925 1441 951 τὰ
1459 924 1509 957 τῆς
1530 923 1624 954 οὐσίας
1648 922 1789 958 ὀνόματα·
1809 922 1856 948 καὶ

1063 971 1123 997 τότε
1137 971 1169 1005 τῇ
1187 970 1340 1005 παραλογίᾳ
1349 969 1403 996 τῶν
1421 968 1609 1004 προσηγοριῶν
1625 967 1794 1002 διατεμνέτω
1806 967 1857 1001 τὴν

1065 1015 1154 1050 φύσιν.
1173 1015 1245 1046 Ἕως
1258 1015 1280 1041 δ’
1291 1015 1324 1042 ἂν
1337 1014 1526 1050 ἀνεκφώνητον
1543 1015 1574 1040 τὸ
1590 1014 1757 1048 ζητούμενον
1774 1013 1856 1047 μένῃ,

1068 1060 1155 1095 μάτην
1169 1059 1244 1094 αὑτῷ
1258 1059 1292 1086 τὰ
1309 1060 1373 1096 περὶ
1393 1059 1446 1086 τῶν
1463 1059 1601 1094 ὀνομάτων
1621 1057 1856 1092 τετεχνολόγηται,

1065 1104 1119 1130 τῶν
1133 1099 1272 1138 ὀνομάτων
1293 1104 1343 1130 οὐκ
1354 1103 1450 1130 ὄντων.

225 1149 352 1176 essentia:
363 1150 472 1176 nomina
488 1148 652 1175 manifestct:
664 1153 720 1174 tmn
730 1148 839 1175 demum
849 1149 1059 1182 appellationum
1069 1149 1182 1177 fallaciis
1192 1155 1316 1176 naturam
1328 1149 1442 1177 dividat.
1455 1148 1545 1176 Donec
1553 1148 1625 1176 enim
1634 1148 1707 1183 quod
1716 1148 1852 1182 qua-ritur

226 1199 316 1222 manet
328 1203 380 1222 non
391 1201 562 1228 expressum,
573 1193 711 1220 incassum
721 1194 777 1220 hate
786 1193 819 1221 de
828 1195 983 1221 nominibus
992 1195 1025 1222 ab
1034 1196 1091 1230 ipso
1097 1195 1242 1222 artiﬁciose
1249 1196 1401 1230 excogitata
1414 1194 1590 1227 fuerint,cum
1599 1202 1653 1222 non
1665 1194 1721 1221 sint
1731 1202 1855 1221 nomina.

262 1240 336 1268 Talis
354 1241 435 1275 igitur
448 1239 586 1267 robustior
604 1240 648 1266 illa
667 1239 791 1266 Eunomii
805 1247 871 1268 ansa
881 1240 1012 1268 adversus

227 1287 387 1317 veritatem,
419 1293 482 1312 cum
510 1285 594 1312 multa
622 1285 648 1312 in
676 1285 727 1312 hac
756 1290 831 1321 parte
857 1286 1014 1320 scriptionis

226 1333 352 1367 dogmata
368 1333 476 1360 silentio
495 1332 550 1359 sitit
571 1332 713 1366 przelet'ita.
733 1331 798 1358 Nam
820 1332 885 1358 mihi
905 1331 1014 1366 quidem

226 1379 334 1406 videtur
348 1386 395 1405 eos
410 1378 507 1405 decere
524 1377 570 1411 qui
594 1377 620 1403 in
646 1377 696 1403 hoc
722 1385 860 1405 armorum
877 1377 1016 1405 curriculo

227 1427 372 1452 versantur
387 1423 517 1450 adversus
537 1423 660 1449 veritatis
676 1422 777 1456 hostes,
797 1427 825 1449 tit
848 1427 942 1450 contra
964 1430 1012 1450 eos

226 1469 335 1505 quidem
361 1472 500 1496 armentur
521 1468 567 1502 qui
588 1468 712 1502 speciosa
737 1467 854 1502 quadam
878 1467 1011 1495 mendacii
1028 1481 1050 1510 ρ

227 1515 420 1551 probabilitate
446 1514 542 1540 muniti
567 1521 627 1540 esse
646 1513 789 1547 videntur;
812 1513 924 1540 minimc
952 1521 1015 1540 vero

226 1567 381 1588 sermonem
406 1558 593 1585 contaminare
618 1558 644 1585 in
663 1558 838 1585 cadaver-usis
861 1566 892 1585 ac
914 1559 1016 1593 putidis

228 1605 343 1632 aliorum
358 1602 597 1631 notionibus.Nam
614 1607 708 1638 putare
722 1604 811 1630 omnia
823 1611 881 1638 qua:
892 1604 1016 1631 essentia:

228 1651 335 1677 ratione
362 1650 437 1676 unita
466 1653 530 1676 sunt
550 1648 661 1675 omnino
685 1648 765 1675 etiam
791 1655 929 1683 corporeae
953 1657 1016 1675 cor-

228 1694 349 1729 ruptioni
371 1694 477 1728 alligata
498 1701 559 1721 esse
572 1702 577 1719 :
592 1692 642 1719 hoc
655 1693 727 1720 enim
740 1693 811 1728 quod
833 1695 883 1720 hac
898 1694 924 1720 in
941 1698 1016 1728 parte

229 1741 277 1772 ait,
291 1744 320 1766 ut
331 1738 522 1765 cadavcrosani
545 1738 757 1773 graveoleutiam
773 1738 858 1765 libens
877 1743 1015 1774 transgre—

229 1785 291 1812 diar
308 1794 314 1812 :
335 1783 457 1819 cuthSVis
478 1788 543 1819 puto
559 1788 675 1811 tuentem
692 1784 827 1816 habentis,
846 1785 871 1811 in
888 1792 1014 1820 promp‘u

227 1831 387 1866 conspicere
401 1834 453 1862 est,
469 1830 540 1864 quod
558 1835 694 1857 mortuum
713 1834 754 1857 est
770 1835 796 1857 et
821 1831 970 1865 collapsum
987 1831 1014 1858 in

227 1877 287 1912 ejus
315 1876 450 1903 oratione.
476 1876 543 1908 Quis
567 1876 639 1903 enim
666 1876 771 1910 ignorat
796 1875 928 1903 inlinitam
954 1884 1014 1903 esse

227 1924 407 1950 humanarum
432 1922 584 1948 animarum
605 1921 825 1954 multitudinem,
846 1930 927 1948 unam
952 1930 1015 1949 vero

227 1969 374 1996 essentiam
390 1968 518 1995 omnibus
543 1967 660 2002 subjici;
687 1971 714 1994 et
734 1967 806 2002 quod
833 1968 859 1994 in
883 1967 951 2003 ipsis
973 1972 1015 1995 est

229 2015 394 2049 subjectum,
413 2021 426 2041 a
442 2021 586 2049 corporum
599 2014 658 2041 labe
677 2016 704 2040 et
722 2014 896 2048 corruptione
913 2014 1015 2040 aliena-

228 2065 284 2087 tum
302 2067 374 2093 csse,
399 2060 436 2087 ita
452 2065 481 2086 ut
505 2059 585 2086 etiam
605 2059 727 2094 parvulis
751 2062 831 2085 notus
854 2059 889 2085 sit
911 2067 1011 2092 sermo,

231 2104 301 2139 quod
323 2111 437 2138 corpora
462 2112 516 2131 non
542 2105 605 2138 quia
620 2105 675 2131 sint
689 2104 759 2131 inter
780 2112 810 2131 se
828 2104 950 2138 ejusdem
967 2112 1013 2132 es-

1102 1241 1134 1268 'H
1160 1242 1208 1276 μὲν
1228 1239 1273 1268 οὖν
1294 1241 1456 1277 ἰσχυροτέρα
1479 1240 1533 1267 τῶν
1557 1241 1691 1275 Εὐνομίου
1707 1240 1779 1267 κατὰ
1806 1241 1858 1275 τῆς

1062 1287 1190 1322 ἀληθείας
1217 1287 1286 1322 λασὴ
1325 1286 1448 1321 τοιαύτη,
1463 1285 1568 1312 πολλῶν
1586 1286 1656 1312 κατὰ
1677 1286 1759 1320 μέρος
1776 1285 1858 1312 τοῦτο

1062 1333 1112 1368 τῆς
1128 1333 1311 1368 λογογραφίας
1326 1332 1519 1367 σιιιιπηοέντων
1534 1332 1687 1366 δογμάτων.
1704 1333 1785 1358 Δοκεῖ
1802 1332 1857 1366 γάρ

1066 1388 1111 1414 μοι
1125 1379 1239 1413 πρέπειν
1250 1380 1306 1410 τοῖς
1314 1378 1358 1405 τὸν
1373 1378 1494 1405 ἐνόπλιον
1506 1378 1599 1404 τοῦτον
1607 1377 1677 1404 κατὰ
1684 1377 1738 1404 τῶν
1750 1378 1857 1412 ἐχθῴιν

1064 1425 1113 1460 τῆς
1127 1423 1255 1459 ἀληθείας
1270 1424 1395 1459 τρέχουσι
1406 1423 1516 1458 δρόμον,
1533 1421 1600 1457 πρὸς
1613 1422 1675 1453 τοὺς
1692 1422 1856 1456 πεφραγμέυ

1064 1478 1125 1501 νους
1140 1469 1229 1500 ποσῶς
1245 1471 1277 1505 τῇ
1304 1469 1461 1504 πιθανότητι
1480 1467 1528 1494 τοῦ
1549 1467 1660 1502 ψεύδους
1676 1467 1836 1499 ὁπλίζεσθαι
1848 1475 1855 1480 ·

1066 1517 1120 1547 τοῖς
1130 1516 1157 1542 δὲ
1173 1516 1277 1549 νεκροῖς
1290 1516 1337 1542 καὶ
1353 1515 1463 1541 ὁδωδόσι
1481 1514 1535 1540 τῶν
1549 1514 1702 1549 νοημάτων,
1718 1513 1756 1548 μὴ
1770 1514 1857 1548 ἐμμο-

1066 1560 1154 1587 λύνειν
1167 1561 1212 1586 τὸν
1234 1560 1321 1593 λόγον.
1339 1560 1376 1586 Τὸ
1391 1560 1445 1595 γὰρ
1462 1559 1563 1586 οἴεσθαι
1580 1559 1668 1586 πάντα
1681 1560 1732 1585 ὅσα
1746 1559 1789 1594 τῷ
1808 1558 1858 1592 τῆς

1065 1605 1159 1635 οὐσίας
1173 1605 1275 1640 ἥνωται
1290 1605 1371 1640 λόγῳ,
1382 1605 1489 1636 πάντως
1502 1604 1549 1631 καὶ
1564 1605 1592 1630 ὲν
1610 1605 1753 1639 σωματικῇ
1769 1603 1857 1638 φθορᾷ

1067 1649 1242 1684 συνεζεῦχθαι
1264 1650 1360 1684 (τοῦτο
1374 1650 1438 1685 γὰρ,
1454 1651 1468 1677 ὂ
1478 1652 1507 1678 ὲν
1515 1649 1554 1685 τῷ
1565 1649 1641 1684 μέρει
1657 1649 1746 1683 τούτῳ
1764 1650 1855 1684 φησιν,

1065 1697 1103 1726 ὡς
1120 1695 1241 1730 νεκρώδη
1260 1695 1406 1726 δυσωδίαν,
1425 1696 1495 1722 ἑκὼν
1517 1695 1732 1731 ὑπερθήσομαι),
1756 1695 1855 1725 myth;

1065 1738 1141 1775 οἶμαι
1157 1739 1202 1766 τοῦ
1223 1740 1284 1766 νοῦν
1312 1740 1416 1774 ἔχοντος
1441 1742 1487 1768 ’ἐκ
1495 1739 1541 1766 τοῦ
1569 1740 1714 1775 προχείρου
1738 1741 1856 1766 κατιδλν

1064 1785 1212 1820 δυναμένου
1229 1785 1259 1812 τὸ
1267 1785 1395 1820 τεθνηκός
1411 1795 1441 1812 τε
1453 1786 1499 1812 καὶ
1511 1785 1700 1817 διαπεπτωκὸς
1707 1786 1756 1812 τοῦ
1765 1786 1852 1819 λόγου.

1065 1830 1112 1862 Τίς
1123 1830 1177 1865 γὰρ
1192 1831 1241 1856 οὐκ
1256 1829 1325 1856 οἶδεν
1339 1831 1378 1856 ὅτι
1389 1830 1490 1864 πλῆθος
1500 1830 1548 1865 μὲν
1559 1830 1670 1865 ἄπειρον
1683 1830 1740 1856 τῶν
1752 1830 1855 1864 ἀνθρω-

1064 1875 1150 1902 πίνων
1168 1876 1226 1902 ὲστὶ
1243 1876 1347 1911 ψυχῶν,
1363 1876 1442 1902 οὐσία
1466 1876 1494 1902 δὲ
1511 1876 1612 1906 πάσαις
1627 1876 1773 1902 ὑπόκειται
1790 1876 1852 1910 μία·

1063 1920 1110 1946 καὶ
1124 1920 1153 1946 τὸ
1163 1921 1338 1956 ὑποκείμενον
1347 1920 1375 1946 ὲν
1385 1919 1479 1950 αὑταῖς
1491 1922 1499 1930 ⁸
1510 1920 1561 1955 τῆς
1569 1920 1732 1955 σωματικῆς
1745 1920 1855 1954 διαφθο-

1064 1966 1114 2000 ρᾶς
1142 1965 1336 2001 ἠλλοτρίωται,
1355 1965 1426 1993 ὥστε
1456 1966 1563 2001 νηπίοις
1587 1967 1705 2001 φανερὸν
1722 1964 1794 1992 εἶναι
1811 1967 1855 1991 τιν

1063 2011 1150 2045 λόγον,
1165 2012 1205 2038 ὅτι
1217 2011 1250 2038 τά
1262 2011 1375 2047 σώματα
1390 2012 1420 2039 οὐ
1432 2012 1476 2039 διὰ
1490 2013 1521 2039 τὸ
1542 2012 1674 2047 opm-Zama
1688 2011 1761 2040 εἶναι
1774 2012 1854 2047 ἀλλή-

1063 2058 1128 2090 λοις,
1155 2057 1340 2094 διαφθείρεται
1360 2066 1389 2084 τε
1417 2058 1463 2085 καὶ
1486 2057 1640 2084 διαλύεται·
1663 2058 1736 2085 ἀλλὰ
1757 2059 1800 2085 διὰ
1823 2058 1855 2084 τὸ

1064 2102 1191 2129 σύνθετον
1211 2103 1350 2138 εἰληφέναι
1376 2103 1426 2138 τὴν
1451 2102 1550 2136 φύσιν;
1567 2102 1662 2133 Ἀλλος
1686 2102 1714 2129 δὲ
1727 2103 1776 2129 τοῦ
1797 2111 1854 2128 ουν-

227 2149 322 2176 scntite
351 2153 565 2184 corrumpuntur
590 2153 617 2176 et
645 2149 851 2181 dissolvuntur,
879 2150 926 2177 sed
949 2151 1011 2185 quia

1065 2148 1154 2180 θέτου,
1171 2149 1219 2175 καὶ
1234 2149 1326 2184 ἕτερος
1341 2148 1387 2175 τοῦ
1402 2149 1582 2184 ὑποκειμένου
1591 2149 1640 2184 τῆς
1648 2149 1744 2181 οὐσίας
1759 2149 1833 2182 λόγος
1843 2156 1852 2162 ·

227 2196 405 2229 compositam
422 2195 530 2228 indepta
543 2198 608 2221 sunt
625 2195 766 2221 naturam?
776 2195 835 2221 Alia
846 2195 918 2222 enitn
937 2203 1014 2222 cout-

227 2242 319 2276 positi,
344 2241 396 2268 alia
419 2240 534 2275 subjecti
557 2241 683 2268 essentia-
702 2241 781 2266 ratio.
809 2241 899 2273 Quare
921 2241 1013 2269 dicere

226 2286 299 2321 quod
318 2293 432 2320 corpora
454 2292 513 2319 qua:
538 2289 601 2312 sunt
626 2284 748 2319 ejusdm
772 2285 931 2313 substantiae
949 2294 1013 2313 cor~

227 2332 344 2366 ruptioni
361 2335 425 2358 sunt
437 2331 564 2363 obnoxia,
582 2338 674 2357 verum
691 2335 742 2361 est,
761 2331 904 2359 conversio
921 2336 1011 2359 autem

226 2383 318 2403 verum
345 2383 400 2403 non
435 2375 524 2402 habet.
559 2375 636 2408 Quod
664 2376 796 2410 quidquid
821 2381 863 2403 est
889 2377 1011 2411 ejusdem

226 2421 396 2451 substantiae,
416 2421 467 2447 huc
484 2421 519 2447 sit
537 2421 649 2448 omnino
665 2422 861 2456 corruptibile:
880 2423 952 2450 sicut
964 2431 1010 2449 os-

226 2466 346 2494 tenditur
363 2467 389 2493 in
404 2466 514 2498 animis,
529 2474 644 2501 quorum
661 2475 713 2494 una
727 2472 767 2494 est
783 2468 913 2500 essentia,
934 2476 1009 2499 cmu-

225 2513 349 2540 munioni
364 2517 453 2540 tamen
469 2513 596 2540 essentia:
614 2513 739 2541 interitus
755 2521 808 2541 non
835 2515 915 2541 inest.
934 2514 1011 2547 Quod

224 2565 289 2584 vero
319 2556 354 2584 dc
376 2557 475 2584 animis
501 2557 692 2590 dctinivimns,
718 2559 743 2584 id
771 2559 851 2585 etiam
878 2558 913 2586 de
936 2560 1012 2586 omni

224 2602 401 2629 intcllcctuali
420 2602 576 2630 substantia
594 2611 654 2637 qua)
670 2603 696 2630 in
712 2608 837 2631 creatura
859 2608 1010 2638 spectatur,

222 2654 286 2676 vere
299 2652 326 2676 et
337 2649 444 2684 proprie
459 2649 512 2676 dici
529 2653 627 2684 potest.
646 2648 703 2676 Non
719 2650 807 2681 enim,
830 2654 860 2677 ut
884 2650 940 2676 vult
960 2649 1012 2676 Eu-

224 2695 341 2724 nomius,
356 2703 370 2721 a
389 2695 471 2722 Paulo
479 2696 600 2722 collecta:
614 2703 693 2723 voccs
709 2695 838 2722 virtutum
853 2700 1011 2723 transmon-

223 2738 355 2766 danarum
383 2746 495 2768 naturas
525 2741 631 2775 aliquas
658 2742 728 2768 inter
752 2750 781 2769 se
806 2741 962 2769 diderentcs
983 2746 1010 2768 et

222 2783 347 2820 dispares
358 2786 522 2821 signiﬁcant,
539 2787 586 2815 scd
602 2788 814 2824 appellationum
827 2787 1009 2823 signiﬁcantia

1064 2194 1134 2220 ὥστε
1157 2194 1188 2220 τὸ
1216 2194 1264 2229 μὲν
1288 2194 1418 2230 ὁμοούσια
1436 2195 1471 2221 τὰ
1483 2195 1591 2230 φθαρτὰ
1612 2194 1730 2229 σώματα
1753 2194 1853 2228 λέγειν,

1063 2239 1162 2275 ἀληθές
1184 2240 1266 2270 ἐστιν,
1289 2240 1305 2275 ἡ
1328 2240 1357 2266 δὲ
1379 2240 1535 2275 ἀναστροφὴ
1554 2240 1584 2267 τὸ
1600 2239 1702 2275 ἀληθὲς
1720 2241 1770 2267 οὐχ
1779 2241 1851 2274 ἔχει·

1064 2287 1117 2312 πᾶν
1144 2286 1174 2312 τὸ
1202 2286 1354 2321 ὁμοούσιον,
1375 2286 1454 2312 τοῦτο
1478 2287 1523 2312 καὶ
1533 2286 1652 2321 φθαρτόν
1664 2288 1724 2313 ἐστι
1737 2287 1852 2316 πάντως.

1069 2332 1113 2363 Ὠς
1129 2332 1176 2358 ἐπὶ
1190 2332 1244 2358 τῶν
1256 2332 1350 2368 ψυχῶν
1363 2333 1564 2365 ἀποδείκνυται,
1579 2330 1617 2360 ὧν
1633 2333 1682 2360 καὶ
1697 2334 1778 2359 οὐσία
1791 2335 1851 2368 μία,

1063 2378 1110 2403 καὶ
1122 2377 1209 2412 φθορὰ
1227 2380 1259 2414 τῇ
1284 2378 1418 2414 κοινάτητι
1438 2379 1488 2413 τῆς
1500 2379 1592 2410 οὐσίας
1604 2379 1635 2405 οὐ
1648 2379 1803 2413 πρόσεστιν.
1820 2378 1853 2403 ’0

1062 2422 1091 2448 δὲ
1111 2423 1173 2458 περὶ
1184 2423 1239 2449 τῶν
1249 2423 1343 2458 ψυχῶν
1358 2424 1500 2455 ἀποδοοεὶς
1521 2423 1609 2456 λόγος,
1624 2425 1672 2450 καὶ
1687 2425 1752 2459 περὶ
1763 2424 1854 2456 xm;

1063 2469 1159 2504 νοερᾶς
1187 2469 1362 2501 ὑποστάσεως
1376 2470 1426 2505 τῆς
1448 2472 1476 2496 ἐν
1493 2471 1526 2506 τῇ
1547 2470 1635 2497 κτίσει
1662 2470 1855 2505 θεωρουμένης

1061 2515 1167 2547 οἰκείως
1183 2515 1215 2542 ἂν
1241 2515 1307 2550 ἔχοι.
1333 2516 1370 2542 υύ
1384 2515 1438 2551 γὰρ
1453 2515 1543 2547 καθὼς
1564 2516 1696 2551 Εὑνόμιος
1717 2516 1852 2551 βούλεται,

1061 2561 1090 2586 αί
1106 2560 1181 2595 παρὰ
1193 2561 1239 2587 τοῦ
1251 2561 1357 2588 Παύλου
1377 2561 1583 2596 κατειλεγμέναι
1600 2563 1688 2596 φωναὶ
1702 2562 1756 2588 τῶν
1769 2562 1855 2594 ὑπερ-

1062 2607 1182 2641 κοσμίων
1209 2607 1348 2642 δυνάμεων
1371 2607 1465 2641 φύσεις
1478 2607 1552 2638 τινὰς
1567 2607 1690 2642 ἀλλήλων
1712 2607 1853 2642 1'4an:-

1061 2654 1165 2688 γμένας
1182 2653 1358 2688 σημαίνουσιν
1369 2662 1375 2668 ·
1390 2654 1446 2680 ἀλλ’
1462 2655 1479 2689 ἡ
1493 2654 1546 2680 τῶν
1559 2654 1750 2689 προσηγοριῶν
1759 2660 1855 2687 σημα-

1063 2699 1106 2725 σία
1122 2699 1214 2734 σαφῶς
1226 2699 1401 2732 ἐνδείκνυται,
1416 2699 1447 2726 τὸ
1458 2700 1495 2735 μὴ
1512 2699 1619 2735 φύσεων
1631 2697 1854 2736 διαφοράς,ἁλλὰ

1061 2744 1111 2779 τῆς
1124 2745 1284 2780 ἐπουρανίου
1298 2747 1426 2782 στρατιᾶς
1442 2747 1489 2778 τὶς
1502 2747 1627 2779 ποικίλας
1637 2747 1691 2774 τῶν
1705 2743 1852 2780 ἐνεργειῶν

1064 2789 1195 2826 ἰδιότητας
1214 2790 1253 2826 τῷ
1274 2791 1344 2826 λόγῳ
1367 2791 1554 2826 παρίστασθαι.
1579 2793 1674 2827 ’Λρχαὶ
1689 2791 1750 2828 γὰρ,
1766 2789 1850 2824 φησὶ,
