1959 3075
94 2846 112 2854 υ

122 109 168 138 769

617 105 756 134 CONTRA
772 104 953 134 EUNOMIUM
966 125 974 138 ,
993 105 1058 133 ιιιι.
1079 104 1145 133 VIII.

1674 103 1726 130 770

126 173 206 203 ριστον
222 165 249 190 ὲν
259 162 298 197 τῷ
313 161 380 189 εῖναι
394 162 645 198 καταλαμϐάνεται·
666 164 713 190 καὶ
727 164 781 190 πᾶν
791 163 820 190 τὺ
832 163 895 199 περὶ

953 163 1058 190 nitatem
1071 162 1098 189 in
1110 169 1173 190 esse
1184 160 1414 197 deprehenditur:
1432 163 1459 187 et
1476 158 1606 194 quidquid
1623 158 1649 185 in
1667 158 1726 192 ipso

125 209 183 238 αὐτὸ
194 208 374 242 θεωρούμενον
388 207 431 234 ἀεὶ
446 207 574 239 ὡσαύτως
589 207 656 242 ἔχει,
676 207 737 234 οὒτε
752 207 894 243 προσγινό-

126 262 198 290 μενον
216 251 274 278 οὔτε
299 253 502 287 ἀπογινόμενον.
529 252 611 279 Ὥστε
630 253 656 279 et
670 260 712 283 τις
732 253 806 286 λέγοι
830 250 918 286 πεᾱις

124 299 200 330 Θεοῦ,
218 299 257 324 ὃτι
275 297 405 333 πρότερον
424 294 536 334 μὲνῆν,
554 297 601 324 νῦν
615 298 643 324 δὲ
660 298 709 324 οὐχ
723 298 807 329 ἔστιν,
823 297 840 333 ἢ
854 298 894 324 ὃτι

124 345 166 373 νῦν
183 343 228 379 μὲν
241 343 309 374 ἐστι,
324 343 456 379 πρότερον
472 344 500 370 δὲ
511 344 560 370 οὐκ
578 342 622 379 ἦν,
638 345 734 379 ἐπίσης
746 344 823 371 ἄθεον
836 344 896 378 κρί-

123 398 195 425 νομεν
217 389 271 415 τῶν
303 389 454 424 εἰρημένων
480 389 627 424 ἑκάτερον
657 389 813 416 κολοϐοῠται
841 390 895 425 γὰρ

122 435 213 471 ὁμοίως
230 434 263 461 δι’
279 435 440 469 ἀμφοτέρων
455 435 469 460 ὁ
493 435 542 469 τῆς
557 435 705 469 ἀῖδιότητος
724 435 801 469 λόγος
813 455 819 467 ,
836 436 895 462 καθ’

122 482 241 515 ἑκάτερον
266 480 347 514 μέρος
363 480 465 515 ὁμοίως
481 479 520 514 τῷ
542 479 708 515 ἀνυπάρκτῳ
735 479 896 515 περικοπτό-

123 535 203 562 μενος.
223 526 253 552 El.
273 525 458 560 προσθεωροίη
473 534 514 556 τις
527 525 555 551 τὸ
572 525 610 560 μὴ
633 525 662 552 ὂν
682 525 728 551 τοῦ
742 525 826 558 ὄντος,
842 526 895 552 εἴτε

121 571 276 605 καταλήγειν
289 570 319 596 τὸ
334 570 364 596 ὃν
379 571 418 601 εἰς
430 571 463 596 τὸ
481 571 517 606 μὴ
535 570 563 597 ὃν
577 571 773 604 ἀποφαίνεται,
789 571 836 597 καὶ
849 572 896 598 οὑ-

120 619 159 645 δὲν
172 616 371 652 παραμυθεῖται
390 616 439 651 τὴν
454 616 539 651 ἀσείΞῆ
551 616 615 651 περὶ
626 617 656 643 τὸ
666 616 742 643 Θεῖον
753 617 895 651 ὑπόληψιν,

120 666 146 690 ὲν
163 661 277 698 πρώτοις
298 661 315 695 ἢ
335 661 499 692 τελευταίοις
521 661 764 696 ὲπιθρυλλούμενον
785 661 823 696 τῷ
838 662 897 697 Θεῷ

119 709 147 736 τὸ
172 707 353 742 ἀνύπαρκτον.
381 707 431 733 Διὰ
450 706 527 733 τοῦτο
544 706 595 742 τὴν
616 707 680 742 περὶ
701 707 747 733 τοῦ
769 706 810 742 μὴ.
829 706 897 733 εἷναί

120 763 179 781 ποτε
200 754 246 780 τὸν
267 753 351 784 ὅντως
373 753 437 779 ὂντα
460 753 651 788 κατασκευὴν,
673 753 786 788 ἅρνησίν
807 762 836 779 τε
851 754 898 780 καὶ

119 800 239 834 ἀθέτησιν
258 798 308 833 τῆς
322 798 451 833 ἀληθινῆς
473 797 597 833 θεότητος
616 796 686 824 εἶναι
711 797 897 833 διοριζόμεθα.
915 807 917 811 ·

947 212 1087 242 spectatur
1104 215 1211 242 semper
1229 207 1324 235 eodem
1344 206 1431 234 modo.
1443 214 1472 234 se
1486 205 1577 238 habet,
1593 212 1682 239 neque
1698 211 1726 230 in

946 261 979 281 eo
1003 254 1032 281 ilt
1045 253 1193 288 quidquam
1207 253 1248 280 vel
1265 253 1339 288 prius
1355 253 1397 280 vel
1415 252 1562 288 posterius.
1588 250 1677 284 Quare
1702 249 1727 277 si

947 299 1010 334 quis
1025 299 1098 326 dicat
1112 299 1147 326 de
1167 298 1220 326 Deo
1241 298 1314 333 quod
1331 298 1406 333 prius
1431 298 1539 332 quidem
1560 300 1629 328 erat,
1654 302 1727 322 nunc

948 350 1037 373 autent
1055 353 1108 372 non
1124 349 1166 372 cst
1185 364 1192 376 ,
1208 345 1250 371 vel
1266 345 1339 379 quod
1357 352 1428 371 nunc
1442 344 1550 379 quidem
1576 348 1628 373 est,
1651 342 1727 376 prius

948 395 1037 419 autem
1053 399 1107 418 non
1115 395 1173 418 erat
1188 400 1195 418 :
1211 399 1243 418 ex
1259 398 1336 426 aequo
1351 390 1462 425 impium
1477 394 1622 423 utrumque
1639 387 1728 413 dicto-

947 445 1008 465 rum
1025 444 1184 464 censemus:
1204 436 1306 471 pariter
1322 435 1394 463 enim
1411 443 1457 470 per
1479 431 1625 468 utrunnple
1646 437 1728 459 aiter-

949 482 1042 510 nitatis
1062 482 1133 509 ratio
1160 482 1312 512 mtttilatur,
1333 481 1366 508 ab
1391 485 1506 514 utraque
1524 483 1600 514 parte
1629 486 1645 505 ιι
1673 484 1728 504 non

948 529 1096 556 cxsistente
1109 527 1281 555 circumcisa.
1298 526 1325 554 Si
1341 526 1403 560 quis
1416 525 1571 560 prospicere
1586 524 1650 551 velit
1674 530 1728 550 non

948 582 997 601 ens
1013 574 1040 601 in
1055 577 1128 606 ente,
1158 573 1200 601 vel
1216 573 1331 600 deiicere
1345 579 1394 599 ens
1422 571 1449 598 in
1475 578 1528 597 non
1544 578 1593 598 ens
1607 577 1728 604 pronun-

949 620 1008 651 tiat,
1030 619 1075 646 ltic
1091 619 1200 654 impiam
1218 618 1251 646 de
1262 617 1317 644 Deo
1333 617 1488 651 opinionem
1505 615 1531 641 in
1548 615 1646 641 animis
1660 614 1728 641 insi-

950 670 1004 692 tam
1023 665 1091 692 nihil
1104 665 1190 699 juvat,
1207 665 1234 692 in
1254 663 1350 699 primis
1366 670 1413 689 seu
1426 661 1584 696 postremis,
1607 660 1633 686 id
1655 659 1728 694 quod

950 719 1005 738 non
1023 711 1132 738 exsistit
1151 711 1178 737 in
1199 709 1263 740 Deo,
1285 708 1385 743 passim
1405 702 1545 734 asserens.
1558 705 1729 739 Quapropter

950 763 1012 783 eum
1028 757 1074 790 qui
1092 763 1157 782 vere
1179 759 1222 782 est
1237 762 1291 781 non
1322 761 1384 781 esse
1403 757 1537 783 astruere,
1557 751 1728 786 negationem

951 805 1192 836 contemptumque
1203 808 1263 828 esse
1274 807 1344 828 verte
1351 799 1460 827 deitatis
1469 798 1570 825 diserte
1581 802 1607 824 et
1618 804 1730 831 expres-

125 844 227 879 Ἐπειδὴ
241 837 325 878 γὰρᾌ
340 844 388 878 μὲν
410 843 454 870 διὰ
470 843 517 870 τοῦ
532 843 619 878 φωτὸς
641 843 736 870 ἑαυτὸν
759 843 796 879 τῷ
813 845 898 879 Μωσῇ

953 855 980 875 se
999 847 1126 874 dicimus.
1161 846 1299 882 Siquidem
1339 846 1385 873 ille
1406 845 1452 881 qui
1480 844 1655 878 semetipsum
1682 849 1730 877 per

119 891 212 923 δείξας,
225 889 289 916 ὄντα
300 889 394 916 ἑαυτὸν
408 889 546 924 ὀνομάζει,
561 889 736 924 λέγων,Ἐγ-ώ
750 891 806 924 ειμι
816 891 833 917 ὀ
845 890 895 917 ὧν,

125 935 232 966 Ἡσαΐας
242 935 271 961 δὲ
281 934 405 969 καθάπερ
414 935 529 970 ὗργανον
536 934 582 961 τοῦ
591 935 619 961 ὲν
629 933 702 970 αὑτῷ
713 934 897 969 φθεγγομένου

119 980 258 1014 γενόμενος
268 998 277 1012 ,
291 980 323 1005 ὲκ
339 979 484 1014 προσώπου
506 979 578 1013 λέγει
594 979 641 1006 τοῦ
655 979 730 1011 ὄντος
740 1000 747 1012 ,
762 981 802 1006 ὃτι
822 980 896 1015 Ἐγὼ

119 1026 238 1060 πρῶτος,
251 1025 299 1052 καὶ
312 1025 370 1060 ἐγὼ
376 1026 451 1060 μετὰ
458 1025 560 1057 ταῦτα,
572 1026 610 1057 ὼς
619 1026 663 1053 διὰ
676 1025 772 1053 τούτου
780 1026 898 1053 νοεῖσθαι

119 1073 176 1099 καθ’
194 1072 326 1107 ἑκατέραν
343 1072 446 1098 ἔννοιαν
474 1072 519 1098 ἐπὶ
535 1071 602 1098 Θεοῦ
621 1072 651 1099 τὺ
664 1072 757 1100 ἀΐδιον.
784 1072 899 1107 Ὁμοίως

117 1118 144 1145 δὲ
155 1118 200 1145 καὶ
213 1118 230 1153 ἡ
245 1119 314 1153 πρὸς
325 1118 369 1144 τὸν
385 1118 483 1145 Μανωὲ
498 1117 629 1153 γενομένη
651 1118 738 1153 φωνὴ,
757 1117 788 1144 τὸ
805 1117 899 1152 ἀπερί-

118 1164 214 1198 ληπτον
225 1161 295 1189 εῖναι
307 1163 350 1189 διὰ
360 1163 409 1198 τῆς
422 1163 468 1190 τοῦ
484 1163 615 1198 ὀνόματος
628 1163 766 1198 σημασίας
780 1163 810 1190 τὺ
822 1163 898 1189 Θεῖον

118 1208 289 1238 ἐνδείκνυται.
301 1208 344 1234 ὅτε
354 1208 448 1243 μαθεῖν
459 1207 596 1240 ἀξιοῦντος
607 1207 653 1234 τοῦ
664 1208 763 1234 Μανωὲ
772 1208 802 1234 τὸ
815 1207 898 1241 ὄνομα

117 1253 152 1284 ὡς
164 1253 348 1288 προελθούσης
363 1254 403 1284 εις
417 1253 496 1288 ἔργον
505 1254 553 1288 τῆς
568 1253 730 1287 ἐπαγγελίας
741 1253 785 1279 ἐπ’
802 1253 899 1287 ὀνόμα-

118 1307 160 1330 τος
172 1299 269 1334 δοξάσῃ
284 1299 327 1325 τὸν
338 1299 495 1334 εὐεργέτην,
507 1299 581 1332 λέγει
595 1298 664 1333 πρὸς
675 1299 765 1325 αὐτόν·
777 1299 806 1325 Τί
815 1298 898 1325 τοῦτο

117 1343 223 1377 ἐρωτᾷς
239 1352 248 1375 ;
263 1344 313 1370 καὶ
331 1345 405 1371 αὑτό
421 1344 486 1370 ἐστι
503 1344 684 1378 θαυμαστόν·
697 1343 734 1374 ὡς
747 1343 791 1370 διὰ
804 1343 898 1370 τούτου

119 1388 220 1422 μαθεῖν,
241 1389 283 1415 ὃτι
304 1387 333 1415 ἓν
357 1389 414 1415 ἐστι
432 1389 598 1423 σημαντικὸν
621 1389 669 1423 τῆς
694 1388 769 1420 θείας
791 1387 899 1421 φύσεως

118 1433 215 1468 ὄνομα.
236 1434 268 1460 τὸ
287 1434 415 1470 ἀρρήτως
437 1434 502 1469 περὶ
526 1434 610 1469 αὐτῆς
627 1435 692 1468 ἡμῖν
709 1433 802 1468 θαῦμα
827 1433 898 1460 κατὰ

118 1479 202 1514 ψυχὴν
217 1480 403 1513 ἐγγινόμενον.
430 1479 564 1511 Ὡσαύτως
574 1479 602 1505 δὲ
617 1479 663 1506 καὶ
673 1479 687 1505 ὀ
705 1479 790 1514 μέγας
804 1478 898 1512 Δαὸὶδ,

952 894 1040 920 lucem
1057 892 1124 920 Mosi
1142 892 1349 924 demonstravit,
1368 896 1456 919 entem
1474 891 1593 924 seipsum
1609 889 1731 916 nominat

951 940 1061 970 dicens,
1083 938 1140 973 Ego
1156 946 1212 964 sum
1225 938 1269 972 qui
1284 945 1354 964 sum.
1366 937 1450 964 Isaias
1468 943 1532 963 vero
1546 940 1674 969 tanquam
1687 934 1730 961 in-

951 988 1136 1012 strumentum
1151 983 1221 1017 ejus,
1242 983 1287 1017 qui
1309 983 1335 1009 in
1356 989 1389 1009 eo
1406 981 1565 1016 loquebatur
1586 980 1673 1007 iactus
1697 987 1729 1006 ex

950 1037 1068 1064 persona
1086 1030 1146 1064 ejus
1154 1029 1204 1063 ‘qni
1227 1033 1268 1056 est
1283 1028 1349 1055 dicit
1366 1037 1372 1054 :
1392 1027 1445 1061 Ego
1458 1027 1558 1061 primus
1573 1031 1596 1052 et
1612 1034 1657 1061 ego
1672 1029 1729 1060 post

950 1075 1056 1108 hin",
1069 1079 1098 1101 ut
1121 1082 1168 1108 per
1193 1074 1245 1100 ltoc
1273 1073 1421 1100 secundum
1446 1076 1587 1104 utramque
1607 1071 1729 1098 notitiam

951 1119 1022 1153 quod
1037 1123 1167 1146 aeternum
1191 1122 1233 1146 cst
1274 1118 1301 1144 in
1319 1117 1372 1145 Deo
1397 1117 1574 1151 intelligatur.
1601 1115 1732 1142 Similiter

951 1162 1031 1188 etiam
1043 1169 1093 1188 vox
1107 1161 1151 1188 illa
1158 1168 1218 1195 qua:
1232 1161 1264 1188 ad
1272 1160 1367 1188 Manoe
1378 1160 1448 1187 facta
1459 1165 1513 1190 est.
1526 1159 1609 1187 Deum
1621 1159 1731 1186 essein-

951 1206 1232 1240 comprehensibilcm,
1240 1213 1286 1241 per
1295 1206 1411 1233 nominis
1421 1205 1628 1240 signilieantiam
1639 1209 1731 1231 osten-

951 1251 1000 1284 dit,
1009 1259 1070 1286 qutc
1077 1259 1139 1279 cum
1149 1252 1254 1279 discere
1264 1252 1341 1279 vellet
1349 1251 1444 1278 Manoe
1451 1258 1548 1277 nomen
1557 1251 1625 1284 ejus.
1635 1254 1662 1276 ut
1675 1257 1732 1284 pro-

952 1298 1080 1325 tnissrone
1092 1297 1238 1332 adtmpleta
1250 1297 1412 1324 nominatim
1427 1295 1627 1324 benefactorcm
1648 1295 1732 1331 glori-

953 1341 1056 1374 ﬁcarct,
1074 1342 1106 1368 ad
1117 1349 1179 1369 eum
1190 1342 1266 1375 dicit,
1285 1341 1354 1374 Quid
1368 1341 1415 1367 hoc
1430 1341 1597 1377 interrogas?
1609 1345 1633 1367 et
1648 1342 1732 1375 ipsum

951 1392 991 1415 est
1004 1387 1160 1414 admirabile
1177 1389 1198 1421 ',
1214 1387 1251 1414 ita
1272 1391 1301 1414 ut
1319 1395 1352 1414 ex
1366 1387 1418 1414 hoc
1431 1387 1537 1415 discere
1550 1387 1638 1420 liceat,
1660 1386 1732 1422 quod

953 1433 1187 1460 unumestdivinte
1198 1436 1302 1460 naturae
1311 1432 1522 1468 signiﬁcativum
1532 1441 1643 1465 nomen,
1658 1433 1730 1467 quod

954 1486 1051 1513 nempe
1063 1478 1098 1506 de
1115 1478 1174 1513 ipsa
1191 1478 1363 1506 inell'abiliter
1378 1483 1494 1506 mentem
1518 1483 1637 1506 nostram
1661 1479 1734 1506 subit

118 1525 146 1550 ἐν
166 1526 221 1556 τοῖς
237 1524 298 1551 καθ’
316 1524 410 1551 ἑαυτοῦ
434 1524 540 1559 λόγοις,
553 1525 584 1551 τὺ
599 1522 663 1551 ἴσον
681 1524 740 1559 βοᾷ,
756 1525 793 1555 ὼς
811 1524 901 1559 πάσης

955 1524 1110 1550 admiratio.
1128 1523 1258 1551 Similiter
1269 1524 1351 1551 etiam
1370 1531 1486 1559 magnus
1502 1523 1585 1551 David
1610 1524 1674 1551 dum
1702 1524 1735 1551 de

121 1569 168 1603 μὲν
179 1569 229 1604 τῆς
244 1569 359 1601 κτίσεως
372 1570 417 1596 ὑπ’
427 1569 509 1596 αὑτοῦ
524 1570 710 1605 παραχθείσης
726 1570 765 1601 εἰς
776 1569 881 1602 γένεσιν
893 1589 900 1602 ,

121 1615 198 1650 μόνον
213 1615 241 1641 δὲ
256 1614 304 1641 τοῦ
327 1615 394 1641 Θεοῦ
414 1614 544 1646 ὡσαύτως
558 1615 601 1641 ἀεί
616 1623 645 1641 τε
658 1614 744 1646 ὄντος,
758 1615 804 1640 καὶ
817 1614 903 1640 εἰσαεὶ

117 1660 290 1695 διαμένοντος
301 1668 308 1675 ·
325 1661 354 1687 ὲν
367 1659 407 1692 οἷς
423 1669 489 1695 φησι
498 1680 505 1692 ,
520 1661 561 1687 Σὺ
577 1660 610 1686 δὲ
621 1662 637 1687 ό
650 1660 741 1693 αὐτὸς
751 1659 790 1693 εἶ,
805 1661 854 1687 καὶ
866 1662 902 1688 τὰ

119 1704 169 1738 ἐτη
193 1713 251 1732 σου
270 1706 325 1732 οὐκ
343 1705 533 1739 Histricum.
558 1705 650 1732 Ταῦτα
669 1705 718 1732 καὶ
739 1706 773 1732 τὰ
793 1706 904 1733 τοιαῦτα

119 1750 193 1785 παρὰ
213 1751 269 1777 τῶν
286 1750 504 1786 θεοφορουμένων
521 1749 663 1782 ἀκούοντες
673 1770 680 1782 ,
696 1751 754 1782 πῶς
775 1751 824 1786 οὐχ
837 1751 851 1777 ὃ
866 1752 903 1786 μὴ

119 1794 148 1827 ἐξ
160 1796 246 1822 ἀϊδίου
266 1796 356 1828 ἐστὶν,
372 1796 409 1828 ὡς
426 1797 580 1831 πρόσφατόν
597 1805 628 1822 τε
640 1797 687 1823 καὶ
703 1797 842 1832 ἀλλότριον
856 1797 904 1832 τῆς

118 1841 250 1876 ἀληθινῆς
276 1841 423 1876 Θεότητος,
439 1843 494 1873 τοῖς
521 1841 726 1877 είδωλολάτραις
744 1844 905 1878 προσκυνεῖν

120 1886 320 1921 καταλείπομεν
329 1895 336 1919 ;
350 1886 385 1913 Τὸ
391 1887 444 1922 γὰρ
454 1886 499 1914 νῦν
506 1886 546 1917 ὂν,
555 1886 685 1922 πρότερον
693 1887 720 1913 δὲ
729 1887 764 1922 μὴ
774 1887 813 1920 ὃν,
823 1887 905 1922 πρόσι

119 1931 202 1964 φατόν
217 1932 279 1958 ἐστι
299 1931 406 1963 πάντως
418 1932 464 1958 καὶ
476 1932 525 1958 οὐκ
542 1932 636 1958 ἀΐδιον·
650 1933 680 1958 τὸ
691 1932 718 1958 δὲ
730 1933 798 1968 πρός
812 1941 838 1959 τι
849 1932 906 1959 τῶν

84 1980 90 1985 ·
121 1976 278 2010 προσφάτων
305 1977 380 2012 ὀρᾷν,
405 1977 537 2014 δαιμόνων
555 1977 681 2013 λατρείαν
699 1979 713 2004 ὁ
731 1978 833 2013 Μωσῆς
847 1978 905 2004 ὀνο-

121 2021 217 2056 μάζει,
240 2022 343 2056 λέγων·
364 2022 498 2049 "Em-trar-
521 2022 684 2057 δαιμονίοις
703 2023 750 2049 καὶ
768 2024 803 2049 οὺ
827 2022 905 2056 Θεῷ·

120 2065 197 2097 θεοῖς
206 2063 253 2098 οἷς
264 2067 319 2092 οὐκ
330 2066 456 2100 ᾔδεισαν
465 2068 491 2093 oi
502 2067 628 2101 πατέρες
637 2067 744 2099 αὐτῶν,
753 2067 849 2094 καινοὶ
859 2066 908 2093 καὶ

119 2111 288 2145 πρόσφατοι
304 2111 424 2144 ἥκασιν.
438 2112 469 2138 Ei
486 2111 532 2138 οὖν
547 2112 577 2138 τὸ
606 2112 762 2147 πρόσφατον
778 2113 807 2139 ὲν
826 2112 907 2138 σεϐά-

120 2163 213 2190 σματι,
225 2157 360 2191 δαιμόνων
374 2158 430 2184 ἐστὶ
440 2158 562 2193 λατρεία,
577 2158 624 2184 καὶ
637 2158 686 2192 τῆς
703 2158 830 2192 ἀληθινῆς
843 2157 907 2184 Θεό-

119 2209 198 2236 τητος
212 2202 392 2237 ἠλλοτρίωται
404 2212 410 2218 ·
426 2203 441 2230 ὃ
459 2203 487 2229 δὲ
508 2203 554 2229 νῦν
576 2203 624 2238 μέν
649 2204 737 2234 ἐστιν,
755 2203 798 2229 ἀεὶ
809 2203 839 2229 δὲ
857 2203 907 2229 οὐκ

118 2243 162 2279 ἦν,
176 2246 338 2281 πρόσφατόν
351 2247 409 2273 ἐστι
425 2247 472 2273 καὶ
485 2247 534 2273 οὐκ
555 2247 649 2278 ἀΐδιον,
663 2247 819 2280 ἀναγκαίως
839 2247 907 2282 πρὸς

118 2291 148 2317 τὸ
165 2291 195 2318 ὃν
209 2292 357 2327 βλέποντες
369 2314 376 2326 ,
389 2293 451 2325 τοὺς
467 2293 496 2328 το
510 2293 546 2328 μὴ
559 2293 588 2320 ὃν
600 2293 638 2333 τοῷ
653 2293 709 2320 ὖντι
727 2292 907 2328 συνθεωροῦν-

117 2344 166 2368 τας
183 2338 233 2363 καὶ
247 2337 386 2371 λέγοντας,
401 2339 442 2365 ὅτι
458 2338 523 2364 ποτε
539 2339 588 2364 οὐκ
604 2336 648 2373 ἦν,
659 2339 713 2370 τοῖς
727 2338 908 2373 θεραπευταῖς

119 2382 304 2412 τῷν⁸είδώλων
318 2384 545 2419 ἑγκαταλέγομεν.
564 2385 618 2411 Καὶ
628 2385 682 2419 γὰρ
693 2385 706 2411 ό
717 2384 803 2420 μέγας
819 2384 906 2411 Ἰωάν-

117 2436 166 2462 νης
176 2429 224 2455 τὸν
242 2430 374 2464 μονογενῆ
387 2430 452 2456 Θεὺν
468 2430 525 2464 ἰδίῳ
536 2430 727 2464 καταγγέλλων
742 2429 908 2465 κηρύγματι,

119 2475 258 2506 παντοίως
281 2476 326 2501 τὸν
346 2476 442 2502 ἑαυτοῦ
460 2476 689 2510 κατασφαλίζεται
708 2475 795 2510 λόγον,
814 2476 850 2507 ὡς
873 2476 910 2510 μή

118 2527 179 2545 τινα
197 2521 319 2555 πάροδον
339 2521 387 2556 τὴν
407 2521 454 2547 τοῦ
473 2521 509 2556 μὴ
535 2519 603 2547 εἶναι
622 2521 753 2555 ὑπόληψιν
769 2521 839 2548 κατὰ
861 2521 907 2546 τοῦ

119 2563 194 2595 eum;
210 2565 315 2592 λαϐεῖν.
328 2565 408 2599 Λέγει
428 2566 481 2601 γὰρ
491 2585 498 2597 ,
518 2566 557 2592 ὅτι
581 2565 624 2592 Ἐν
640 2566 709 2600 ἀρχῇ
722 2563 765 2601 ἦν,
783 2565 909 2600 καὶπρὸς

119 2610 164 2636 τὸν
178 2611 250 2636 Θεὺν
263 2609 307 2646 ἦν,
322 2613 369 2638 καὶ
384 2612 449 2642 Θεὸς
461 2610 505 2647 ἦν,
525 2612 572 2638 καὶ
587 2612 644 2646 φῶς
662 2609 706 2647 ἦν,
724 2612 770 2638 καὶ
788 2611 844 2646 ζωὴ
862 2612 909 2638 καὶ

119 2655 248 2688 ἀλήθεια,
267 2657 312 2682 καὶ
327 2656 415 2683 πάντα
430 2657 463 2682 τὰ
477 2656 566 2689 ἀγαθὰ
581 2656 694 2683 πάντοτε
709 2654 753 2691 ἦν,
769 2656 816 2682 καὶ
834 2656 909 2682 οὐδὲν

119 2700 252 2727 οὐδέποτέ
270 2710 294 2727 τι
308 2701 361 2728 τῶν
377 2702 465 2729 καλῶν
480 2703 529 2728 οὐκ
544 2700 593 2737 ἦν,
613 2703 627 2729 ὁ
641 2703 747 2729 πάντων
760 2702 814 2729 τῶν
836 2703 905 2737 ἁγα-

155 2787 164 2802 ¹
177 2789 185 2798 ⁰
199 2788 264 2817 lsai.
287 2798 346 2822 λιν,
436 2791 445 2806 ’
459 2790 548 2819 .ludic.
565 2798 624 2825 xui,
640 2790 684 2819 l8.
723 2791 732 2807 ³
745 2790 816 2819 Psal.
835 2798 872 2826 cr,
884 2791 928 2820 ι28.

953 1575 986 1596 eo
999 1568 1128 1601 loquitur,
1151 1568 1222 1596 idem
1239 1569 1381 1600 clamitat:
1407 1576 1514 1596 onmem
1530 1569 1639 1603 quidem
1657 1576 1735 1595 crea-

954 1618 1043 1640 turam
1059 1614 1093 1641 ab
1117 1614 1177 1648 ipso
1193 1613 1226 1640 ad
1254 1615 1458 1649 generationem
1472 1613 1617 1640 adductam
1639 1614 1734 1647 fuisse,

954 1661 1042 1687 solum
1054 1667 1120 1686 vero
1140 1660 1224 1687 Deum
1241 1661 1338 1687 eodem
1356 1660 1437 1688 modo
1458 1667 1564 1695 semper
1579 1668 1650 1692 esse,
1660 1669 1737 1687 eiun-

953 1707 1070 1741 denique
1088 1706 1114 1732 in
1129 1710 1287 1741 perpetuum
1304 1713 1475 1740 permanere.
1505 1706 1534 1734 ln
1552 1706 1653 1740 quibus
1680 1707 1735 1733 ait:

955 1751 995 1778 Tu
1013 1757 1101 1778 autent
1114 1751 1181 1778 idem
1196 1760 1222 1778 es
1236 1772 1243 1783 ,
1263 1756 1287 1778 et
1304 1752 1367 1777 antri
1386 1751 1424 1777 tui
1438 1759 1489 1777 non
1508 1751 1627 1786 deﬁcient
1640 1751 1660 1778 ³.
1675 1751 1737 1778 llaec

954 1802 981 1824 et
992 1797 1126 1831 ejusmodi
1144 1804 1177 1823 ex
1191 1797 1259 1824 viris
1279 1796 1325 1823 Dei
1343 1796 1440 1830 spiritu
1457 1793 1555 1824 amatis
1578 1804 1640 1824 cum
1662 1797 1738 1823 audi-

955 1849 1028 1873 mus,
1047 1842 1184 1880 quomodo
1200 1841 1226 1868 id
1237 1841 1308 1875 quod
1325 1841 1358 1868 ab
1366 1846 1467 1868 aeterno
1474 1849 1527 1868 non
1539 1846 1592 1874 est,
1603 1847 1632 1869 ut
1641 1850 1737 1872 recens

955 1891 983 1914 et
997 1887 1116 1914 alienum
1133 1894 1147 1913 a
1163 1894 1228 1914 vera
1258 1887 1371 1918 lli-italo,
1390 1887 1552 1920 idololatris,
1577 1888 1602 1915 id
1630 1893 1681 1922 est,
1706 1890 1737 1917 ii-

956 1933 1096 1960 ctitiorum
1110 1933 1223 1959 deorum
1236 1933 1386 1960 cultoribus
1401 1932 1567 1960 adorandum
1587 1942 1640 1961 non
1656 1935 1737 1962 relin-

956 1977 1086 2011 quimus?
1103 1977 1182 2009 Quod
1205 1978 1276 2004 enim
1303 1985 1376 2004 nunc
1407 1982 1459 2010 est,
1472 1979 1548 2013 prius
1569 1984 1657 2007 autent
1682 1990 1737 2008 non

957 2027 1024 2056 erat,
1056 2030 1152 2049 recens
1164 2026 1206 2050 est
1220 2023 1332 2049 omnino
1346 2030 1395 2050 nec
1409 2027 1540 2051 aeternum
1552 2034 1559 2059 ;
1577 2026 1676 2054 intueri
1690 2036 1739 2055 au.

958 2071 1011 2094 tem
1028 2067 1054 2094 in
1072 2067 1174 2102 aliquid
1192 2068 1353 2100 recentium,
1367 2068 1520 2096 dzemonum
1539 2071 1642 2098 cultum
1660 2077 1738 2100 vocat

959 2112 1060 2146 Moses,
1086 2112 1181 2140 dicens
1203 2122 1209 2140 :
1242 2111 1448 2140 Immolaverunt
1480 2113 1626 2148 dtrmoniir,
1641 2121 1665 2143 et
1687 2125 1739 2144 non

959 2158 1014 2185 Deo
1035 2165 1043 2184 :
1069 2157 1120 2185 diis
1139 2167 1203 2192 quos
1226 2159 1382 2193 ignorarunt
1409 2164 1496 2193 patres
1519 2161 1653 2195 ipsorum,
1680 2163 1739 2190 novi

959 2210 1122 2238 recentesque
1138 2209 1260 2231 venerunt
1286 2206 1307 2232 δ.
1325 2204 1353 2232 Si
1368 2205 1450 2240 igitur
1463 2207 1534 2240 quod
1550 2214 1644 2234 recens
1658 2214 1699 2236 est
1712 2209 1739 2236 in

956 2250 999 2277 liis
1013 2257 1073 2284 quae
1088 2251 1225 2282 coluntur,
1242 2251 1392 2278 daemonum
1406 2255 1448 2278 est
1465 2252 1580 2284 cultura,
1601 2257 1628 2280 et
1651 2261 1665 2280 a
1678 2262 1740 2282 vera

957 2293 1060 2321 Deitate
1083 2294 1202 2321 alienum
1217 2298 1278 2322 est:
1301 2295 1373 2330 quod
1392 2299 1481 2322 autem
1511 2304 1584 2323 nunc
1600 2301 1653 2329 est,
1671 2306 1742 2325 sem-

958 2347 1005 2374 per
1019 2343 1108 2366 :xutcm
1122 2347 1176 2366 non
1189 2343 1258 2370 erat,
1269 2347 1365 2366 recens
1379 2344 1420 2366 est
1441 2345 1468 2367 et
1480 2347 1532 2367 non
1545 2344 1673 2368 aeternum
1683 2350 1742 2369 :nc-

959 2385 1081 2412 cessario
1093 2392 1143 2412 nos
1158 2385 1204 2420 qtti
1220 2384 1245 2412 id
1253 2385 1326 2419 quod
1342 2389 1384 2412 est
1399 2386 1545 2416 intuemur,
1555 2393 1603 2413 eos
1613 2387 1658 2421 qui
1669 2387 1741 2421 quod

960 2439 1014 2458 non
1027 2434 1067 2458 est
1091 2438 1152 2457 cum
1165 2437 1198 2458 eo
1223 2430 1294 2465 quod
1308 2433 1348 2458 cst
1365 2431 1592 2465 contemplantur,
1611 2437 1636 2458 et
1648 2432 1743 2460 dicunt

960 2475 1031 2510 quod
1054 2474 1193 2510 quondam
1211 2482 1266 2501 non
1284 2479 1354 2506 erat,
1378 2475 1511 2502 idolorum
1524 2476 1674 2503 cultoribus
1694 2484 1742 2503 an-

960 2528 1149 2556 numeranius.
1171 2520 1412 2555 Etcnimmagnus
1431 2519 1550 2547 Joannes
1574 2521 1741 2556 unigenitum

963 2567 1047 2594 Deum
1061 2574 1111 2594 suo
1137 2566 1272 2601 praeconio
1303 2566 1481 2598 annuntians,
1510 2573 1589 2593 suum
1615 2567 1743 2594 erunibus

963 2612 1052 2640 modis
1066 2611 1210 2646 pratmunit
1225 2618 1390 2643 sermonem,
1404 2615 1434 2637 ιιι
1451 2610 1541 2637 nullus
1556 2611 1591 2637 sit
1606 2611 1697 2638 aditus
1710 2611 1743 2637 ad

965 2657 1119 2691 opinionem
1132 2656 1336 2690 concipiendam
1349 2660 1444 2682 contra
1465 2656 1490 2682 id
1505 2657 1576 2690 qttod
1593 2660 1634 2682 est
1655 2657 1743 2691 ipsum

963 2710 1017 2730 non
1034 2702 1180 2736 aliquando
1196 2701 1294 2729 tuisse:
1311 2694 1376 2728 dicit
1387 2701 1470 2734 enim,
1486 2702 1514 2729 ln
1533 2702 1665 2737 principio
1674 2705 1743 2734 erat,

967 2792 978 2807 "
996 2791 1074 2820 Deut.
1091 2800 1179 2827 χχιιι,
1194 2793 1237 2821 l7.
