1959 3075
226 99 276 125 ’ΠΙ

842 94 872 122 S.
885 93 1048 123 οιιιιοοιιιι
1066 93 1211 122 ΜεεΕΝι

1789 97 1840 124 ’172

222 160 251 182 et
265 153 336 190 apud
354 153 435 181 Deum
451 155 520 184 erat.
537 155 564 180 et
586 151 657 179 Deus
678 154 749 183 erat.
765 155 792 179 et
808 151 855 178 lux
890 156 968 183 erat,
981 160 996 179 e

1059 151 1114 178 θῶν
1127 152 1157 178 τὸ
1167 151 1304 187 πλήρωμα
1319 151 1366 184 ὣν,
1379 152 1427 179 καὶ
1440 153 1469 180 ιν
1481 153 1537 185 τοῖς
1547 152 1658 185 κόλποις
1670 150 1719 180 τοῦ
1733 154 1840 189 nam;

224 205 278 228 vtta
293 205 320 228 et
331 201 441 230 veritas,
452 203 479 226 et
491 198 582 225 omnia
597 198 668 225 bona
683 205 792 233 semper
805 203 864 225 erat
881 199 908 225 ':
925 204 951 226 et
963 198 1005 226 ni-

224 246 260 273 hil
276 251 395 279 unquam
419 243 569 278 quidquam
586 242 721 269 honorum
739 249 793 268 non
805 246 874 273 erat,
894 241 941 276 qui
964 246 1006 269 est

223 291 342 318 omnitnn
365 290 498 317 bonorum
513 288 665 323 plenitudo,
682 292 709 316 et
733 287 760 314 in
786 287 892 315 sinibus
907 285 1006 314 l’atris.‘

223 337 251 364 Si
283 337 367 371 igitur
390 335 480 362 Moses
496 335 571 362 velut
588 342 659 361 vera:
677 333 791 361 Deitatis
818 333 1001 360 characterem

221 383 339 416 aliquem
356 381 435 408 nobis
444 381 501 414 lege
511 380 613 411 sanxit,
630 379 695 407 nihil
710 386 806 413 nempe
819 378 892 405 aliud
904 379 936 406 de
948 378 1010 418 Deo.

220 434 385 462 cognoscere
407 433 487 460 quam
504 426 555 453 hoc
567 425 655 453 solum
678 424 750 459 quod
770 429 810 451 est
827 433 833 451 ε
855 425 907 451 hoc
929 425 1000 451 enim

220 474 401 503 demonstrat,
416 471 472 506 Ego
489 479 546 497 sum
561 470 605 505 qui
628 478 686 497 sum
712 470 731 496 ⁸.
745 470 829 497 isaias
845 473 935 496 autem
948 477 1001 496 un-

219 517 302 552 dique
317 517 477 544 infinitatem
494 517 564 542 entis
579 523 631 542 suo
654 515 794 550 praeconio
820 515 1000 549 pronuntiat,

219 571 307 598 neque
323 563 348 589 in
366 562 509 597 principio,
526 568 616 595 neque
627 561 653 587 in
673 561 724 587 line
738 568 787 587 ens
804 560 831 586 in
858 561 913 588 Deo
929 559 999 587 limi-

219 613 304 635 tatum
320 614 346 635 et
361 603 499 634 delinituni
513 607 632 634 intuens.
653 606 720 632 Nam
738 612 799 633 cum
828 604 893 631 dixit
910 613 916 631 :
945 603 1000 639 Ego

218 657 319 689 primus
333 659 356 680 et
370 661 416 688 ego
432 657 489 686 post
503 651 558 678 Iura
585 652 606 684 ⁷,
622 651 649 678 in
667 654 764 678 neutro
775 649 934 677 aeternitatis
950 654 1001 676 ter-

218 701 322 727 minum
340 699 446 726 statuit.
461 699 498 725 Ita
516 701 545 724 ut
557 704 645 731 neque
659 697 691 724 ad
705 696 869 731 principium
884 703 1000 722 cernen—

217 751 269 778 tes,
290 745 460 771 inveniamus
474 743 580 778 signum
599 742 706 777 aliquod
720 749 733 768 a
748 749 802 776 quo
824 749 885 769 esse
909 748 1000 774 cmpe-

217 791 263 823 rit,
277 795 303 817 et
319 789 460 824 postqnod
477 792 620 816 nouerat:
640 795 728 821 neque
742 787 775 813 ad
792 786 816 813 id
832 785 905 820 quod
919 786 998 812 dein-

1057 196 1104 223 ὢν.
1126 197 1156 223 Εἰ
1172 197 1263 224 τοίνυν
1276 197 1375 233 Μωσῆς
1392 198 1441 233 μὲν
1460 195 1515 225 οἷόν
1530 207 1592 225 τινα
1615 199 1775 234 χαρακτῆρα
1790 199 1841 234 τῆς

1057 241 1185 277 ἀληθινῆς
1207 241 1338 278 Θεότητος
1361 244 1426 278 ἡμῖν
1451 243 1600 279 νομοθετεῖ,
1618 244 1649 270 τὺ
1673 244 1755 280 μηδὲν
1777 244 1840 272 ἄλλο

1057 288 1121 323 περὶ
1133 287 1203 315 Θεοῦ
1217 288 1371 322 γινώσκειν.
1388 289 1404 324 ἢ
1419 289 1497 316 τοῦτο
1517 289 1596 324 μόνον
1613 290 1655 316 ὅτι
1669 290 1736 316 ἐστι.
1755 290 1840 316 Τοῦτο

1055 333 1110 368 γὰρ
1129 333 1295 361 ἐνδείκνυται
1314 335 1355 366 τὸ,
1365 335 1435 370 Ἐτὼ
1446 336 1541 370 clpa-6
1560 335 1612 361 ὢν.
1638 335 1752 367 Ἡσαΐας
1767 335 1795 362 δὲ
1810 335 1840 361 τὸ

1056 379 1225 414 πανταχόθεν
1243 380 1366 414 ἀόριστον
1384 380 1431 407 τοῦ
1449 381 1523 412 δντος
1543 380 1592 416 βοᾷ
1608 380 1647 416 τῷ
1664 381 1838 416 κηρύγματι,

1056 425 1125 459 μήτε
1141 424 1174 451 δι’
1193 425 1296 460 ἀρχῆς,
1316 426 1384 460 μήτε
1405 426 1449 453 διὰ
1469 426 1562 458 τέλους
1579 425 1684 460 βλέπων
1704 426 1733 452 τὸ
1749 426 1778 452 ὃν
1792 425 1839 452 ἐπὶ

1053 469 1100 495 τοῦ
1116 469 1182 496 Θεοῦ
1197 469 1361 505 ὁριζόμενον.
1371 471 1400 497 '0
1413 471 1466 506 γὰρ
1477 471 1571 503 εἰπὼν,
1583 471 1624 498 ὅτι
1643 471 1716 506 Ἐγὼ
1723 471 1839 505 πρῶτος·

1053 515 1103 541 καὶ
1117 516 1191 549 μετὰ
1205 516 1314 549 ταῦτα,
1332 517 1362 542 ὲν
1376 516 1510 552 οὐθετέρῳ
1523 517 1568 544 τὸν
1581 518 1644 552 ὅρον
1657 518 1706 552 τῆς
1721 518 1840 552 ἀῖδιὸτη-

1052 568 1098 591 τος
1113 560 1229 595 ἵστησιν·
1241 561 1279 593 ὡς
1295 562 1365 596 μήτε
1378 562 1446 597 πρὸς
1456 564 1505 598 τὴν
1516 563 1603 598 ἀρχὴν
1617 563 1738 598 ὁρῶντας
1747 563 1839 598 εὑρεῖν

1052 614 1080 631 τι
1096 607 1209 640 σημεῖον
1231 607 1277 641 ἀφ’
1300 604 1332 633 οὗ
1350 608 1426 640 ἐστι,
1445 608 1492 634 καὶ
1515 608 1574 643 μεθ’
1591 606 1620 635 οὗ
1637 608 1685 634 οὐκ
1704 605 1749 643 ἦν.
1769 609 1838 642 μήτε

1053 651 1122 687 πρὸς
1145 652 1175 678 τὸ
1198 652 1296 687 ἐφεξῆς
1316 654 1365 689 τὴν
1384 653 1504 680 διάνοιαν
1528 654 1694 687 ἀνάγοντας,
1707 654 1762 688 ὅρῳ
1784 653 1839 680 τινὶ

1052 696 1206 723 διακόπτειν
1223 697 1269 723 τοῦ
1280 698 1355 729 ὄντος
1373 698 1422 734 τὴν
1441 698 1486 725 ἐπὶ
1500 699 1530 725 τὸ
1545 699 1629 725 ἀΐδιον
1646 699 1773 734 πρόοδον⁸
1791 698 1838 725 τοῦ

1052 741 1080 768 δὲ
1094 743 1231 778 προφήτου
1247 744 1328 770 Δαϐὶδ
1344 744 1497 779 πρόσφατόν
1511 753 1537 770 τι
1552 745 1597 771 καὶ
1619 745 1758 780 ἀλλότριον
1777 744 1838 770 θεὸν

1039 802 1042 805 -
1055 788 1265 822 προσκυνεῖσθαι
1278 790 1494 825 ἀπαγορεύοντος
1504 810 1512 820 .
1529 787 1567 817 ὧν
1585 791 1715 826 ἑκάτερον
1729 791 1759 816 ὲν
1783 791 1838 821 τοῖς

217 843 280 870 ceps
297 835 422 869 sequitur
443 833 651 868 intelligentiam
672 832 850 867 appellantes.
883 832 996 857 termino

1049 833 1180 868 δόγμασιν
1190 835 1248 861 ἐστι
1261 835 1311 870 τῆς
1327 836 1466 871 αἱρέσεως.
1489 836 1532 862 Ἐν
1548 836 1597 871 μὲν
1609 835 1648 871 τῷ
1660 836 1697 871 μὴ
1711 835 1789 871 άῖδίῳ
1807 835 1838 861 τὸ

217 880 310 914 aliquo
324 880 383 913 ejus
405 878 477 914 quod
499 882 542 905 est
565 877 762 905 intercidamus
789 884 946 912 processum
972 876 996 902 in

1053 879 1219 913 πρόσφατον,
1243 881 1272 906 ἐν
1285 880 1312 907 δὲ
1327 880 1366 916 τῷ
1378 882 1427 916 τῆς
1439 881 1485 907 τοῦ
1499 881 1626 917 ἀληθινοῦ
1643 881 1710 907 Θεοῦ
1730 880 1838 914 φύσεως

215 931 354 954 αξιοι-ηοω.
379 925 446 955 Cum
456 924 606 960 praesertim
623 923 706 950 David
720 923 851 957 propheta
863 927 996 949 recentem

1053 924 1248 957 ἀπεξενῶσθαι,
1261 926 1292 952 τὺ
1301 926 1440 962 ἀλλότριον
1453 927 1544 962 σαφῶς
1560 927 1750 953 ἐπιδείκνυται.

213 977 243 1001 et
250 974 367 1000 alienum
387 972 466 999 deum
476 970 588 997 adorare
602 973 675 997 vetet
688 969 715 996 ⁸;
730 969 756 995 in
765 976 880 1004 quorum
891 975 1035 1003 utrumque
1044 970 1339 1006 impingunthagreseos
1348 973 1484 1007 dogmata.
1496 973 1563 1000 Nam
1573 973 1600 1000 in
1608 981 1639 1000 eo
1648 973 1721 1008 quod
1729 972 1837 1004 dicunt,

216 1026 271 1046 non
292 1026 353 1046 esse
366 1022 507 1048 :eternum,
525 1021 660 1043 recentem
673 1035 681 1048 ,
699 1016 726 1042 in
741 1023 774 1043 eo
791 1015 861 1050 qttod
879 1019 999 1042 anatnra
1010 1016 1065 1043 veri
1092 1017 1139 1044 Dei
1163 1018 1368 1051 abhorrentem,
1392 1019 1510 1047 alienum
1528 1025 1622 1055 aperte
1634 1020 1837 1047 demonstrant.

252 1064 314 1091 llmc
326 1065 478 1098 igiturcum
494 1063 529 1089 ita
543 1070 573 1090 se
586 1062 714 1093 habeant,
724 1061 855 1096 quidquid
869 1061 1003 1095 ejusmodi

216 1118 264 1146 per
285 1111 397 1136 cavillos
419 1112 596 1144 praestruunt,
618 1107 689 1142 quod
710 1107 835 1134 videlicet
856 1106 1003 1140 aliquando

216 1165 270 1184 non
286 1156 367 1183 fuerit
382 1156 426 1183 ille
441 1155 487 1190 qui
502 1162 566 1182 vere
579 1158 631 1185 est,
647 1154 712 1180 nihil
726 1153 800 1179 aliud
817 1160 898 1187 quant
913 1156 1003 1179 trans—

214 1203 382 1239 gressionem
398 1200 615 1231 Christianisnii,
631 1204 657 1226 et
669 1199 701 1225 ad
720 1199 852 1226 idolorum
866 1198 1001 1225 culturam

214 1250 396 1279 reversionem
410 1253 471 1273 esse
482 1245 638 1272 delinimns.
656 1243 723 1271 Cum
740 1244 812 1270 enim
832 1243 1001 1277 evangelista

213 1301 262 1330 per
276 1292 441 1327 theologiam
459 1291 579 1325 undique
597 1297 628 1316 ex
649 1297 681 1316 co
695 1289 767 1324 quod
781 1292 834 1320 est,
850 1288 922 1323 quod
942 1295 996 1315 non

213 1344 255 1367 est
280 1337 478 1368 cxterminarit,
509 1341 535 1363 et
560 1343 608 1370 per
634 1336 791 1363 continuam
815 1335 903 1366 verbi,
927 1339 995 1366 erat,

213 1385 414 1421 repetitionem,
430 1383 500 1418 quod
518 1390 572 1409 non
589 1382 636 1412 sit,
649 1381 806 1416 suspicandi
821 1380 996 1407 occasionem

212 1430 356 1465 diligenter
380 1428 552 1463 expunxerit,
571 1427 661 1461 ipsum
686 1433 751 1454 vero
768 1425 956 1460 Uuigenitnm,
969 1429 997 1452 et

213 1475 309 1508 Deutn,
332 1479 359 1501 et
376 1473 493 1501 Verbum
514 1473 570 1504 Dei,
589 1476 615 1499 ct
635 1471 733 1498 Filium
750 1471 808 1502 Dei,
823 1475 849 1497 et
865 1471 994 1505 :cqualcm

214 1522 280 1554 Deo,
297 1527 324 1549 et
338 1521 427 1548 omnia
446 1527 506 1555 qua!
520 1523 584 1547 sunt.
606 1518 764 1553 hnjttsmodi
789 1518 888 1552 ubique
909 1517 997 1543 nomi-

213 1568 330 1599 naverit,
353 1567 461 1593 ﬁrmum
478 1566 610 1592 habemus
636 1565 688 1591 hoc
711 1564 737 1591 in
755 1563 903 1598 nol-isipsis
921 1563 997 1597 judi-

212 1615 285 1641 cium
302 1618 382 1647 atque
399 1611 577 1642 immutabile,
596 1610 668 1645 quod
693 1610 716 1636 si
732 1609 803 1636 Deus
820 1613 861 1636 est
877 1609 997 1643 unigeni-

212 1663 259 1688 tus
276 1660 358 1690 Deus,
373 1665 480 1692 semper
494 1657 660 1684 credendum
675 1659 718 1683 est
733 1655 824 1690 ipsum
838 1663 900 1682 esse
911 1655 996 1682 Deum

212 1706 259 1742 qui
278 1705 399 1732 creditus
415 1707 466 1730 est.
483 1703 638 1736 Quinetiam
658 1702 680 1730 si
692 1709 754 1729 vere
767 1705 808 1729 est
826 1701 908 1734 Deus,
922 1709 995 1729 sem-

212 1759 260 1787 per
276 1751 387 1778 omnino
403 1753 454 1782 est,
470 1753 497 1776 et
511 1755 650 1783 nunquam
666 1754 719 1774 non
740 1753 802 1774 esse
816 1746 996 1781 comprehenv

212 1798 296 1825 ditur.
325 1797 395 1824 Deus
419 1795 502 1827 enim,
530 1794 601 1821 sicut
626 1801 697 1828 stepc
723 1792 853 1824 diximus,
875 1792 897 1819 si
922 1798 994 1818 nunc

211 1847 263 1875 est,
290 1846 317 1870 et
340 1848 449 1876 semper
471 1840 584 1867 omnino
608 1839 658 1865 l'uit
679 1838 775 1873 :qnod
798 1838 822 1866 si
846 1837 994 1873 aliquando

211 1898 263 1917 non
281 1887 342 1920 fuit,
358 1887 425 1914 nihil
446 1893 520 1914 nttnc
534 1889 574 1913 est
587 1885 720 1912 funditus.
739 1884 791 1912 Sed
805 1884 933 1919 quoniam
950 1882 996 1910 Fi-

211 1935 276 1961 lium
291 1940 353 1960 esse
372 1931 541 1966 unigenitum
560 1922 642 1957 Deum
660 1933 686 1957 et
708 1929 734 1955 in
757 1933 916 1964 perpetuum
933 1935 996 1963 per-

209 1987 333 2010 manere,
357 1978 437 2005 etiam
461 1978 495 2004 ab
519 1975 640 2003 inimicis
661 1974 785 2002 veritatis
809 1974 992 2001 conceditur:

210 2026 264 2053 hoc
287 2024 403 2051 dicimus
420 2022 493 2058 quod
511 2022 557 2056 qui
580 2029 689 2056 semper
705 2025 747 2048 est
767 2021 795 2047 in
820 2019 912 2053 Patre,
938 2027 994 2047 non

209 2070 360 2100 secundum
379 2076 463 2096 unum
486 2068 573 2095 solum
590 2071 632 2094 est
647 2068 673 2093 in
691 2066 761 2102 ipso,
780 2066 828 2094 sed
841 2065 992 2093 secundum

210 2117 302 2145 omnia
317 2123 377 2150 qua:
390 2115 470 2141 Pater
485 2121 545 2141 esse
557 2112 727 2147 intelligitur,
744 2120 791 2147 per
805 2112 895 2139 omnia
911 2116 953 2139 est
966 2112 992 2138 in

211 2163 282 2197 ipso.
300 2159 534 2194 Quemadmodum
552 2158 634 2192 igitur
650 2158 673 2185 is
685 2158 730 2193 qui
747 2158 774 2184 in
787 2157 992 2192 incorruptione

209 2207 300 2235 Patris
320 2210 374 2238 est,
395 2203 614 2238 incorruptibilis
645 2207 687 2231 est
711 2207 737 2230 et
760 2203 787 2229 in
802 2202 924 2229 bonitate
941 2203 991 2228 bo-

209 2261 272 2284 nus,
290 2255 317 2279 et
339 2252 366 2278 in
389 2253 524 2285 potestate
547 2241 653 2282 potens,
669 2251 696 2275 et
721 2248 749 2274 in
765 2255 873 2283 quoque
896 2254 991 2275 eorum

209 2306 269 2334 qua:
286 2295 476 2332 prarstantiora
493 2294 519 2320 in
536 2292 615 2320 Patre
628 2292 827 2327 intelliguntur,
843 2292 910 2319 illud
925 2295 967 2319 est
982 2299 990 2318 :

210 2345 250 2372 sic
277 2343 358 2370 etiam
382 2339 434 2376 qui
455 2340 482 2366 in
512 2339 664 2366 aeternitate
690 2339 778 2367 Patris
799 2344 850 2372 est,
880 2338 992 2366 omnino

208 2393 328 2416 aeternus
353 2390 405 2413 est.
426 2385 516 2413 Patris
538 2389 628 2414 autem
651 2385 791 2412 mternitas
807 2384 871 2411 inde
895 2384 991 2419 digno-

209 2435 307 2464 scitur,
324 2431 396 2466 quod
413 2430 539 2458 videlicet
557 2438 645 2465 neque
664 2438 695 2457 ex
713 2439 768 2457 non
783 2433 844 2457 ente
865 2431 990 2464 emperit,

208 2486 296 2513 neque
321 2477 349 2505 in
369 2477 394 2504 id
417 2476 490 2512 quod
516 2484 571 2504 non
584 2482 626 2503 est
647 2476 762 2504 desinat.
782 2475 853 2510 Ergo
874 2476 919 2503 ille
943 2475 990 2510 qni

207 2525 298 2552 omnia
314 2531 374 2558 qua:
388 2527 451 2550 sunt
465 2523 552 2550 Patris
571 2523 662 2554 habet,
678 2526 760 2557 atque
775 2522 802 2548 in
816 2521 889 2548 omni
903 2521 989 2557 gloria

207 2569 297 2596 Patris
323 2568 524 2599 consideratur,
548 2567 776 2602 quemadmodum
798 2566 934 2594 exsistens
961 2568 988 2594 in

208 2614 261 2639 vita
278 2613 367 2640 Patris
381 2612 431 2640 line
445 2612 576 2644 carentis,
590 2612 669 2638 tinem
684 2611 746 2637 vita:
764 2618 818 2637 non
831 2603 911 2638 habet
927 2621 933 2638 :
949 2612 989 2639 sic

207 2660 234 2687 in
252 2660 331 2686 Patre
346 2659 477 2694 eriginem
492 2666 546 2686 non
559 2657 687 2688 habente,
701 2657 806 2684 dierum
824 2657 986 2692 principium

207 2713 260 2734 non
276 2705 365 2739 habet,
382 2705 454 2733 sicut
468 2704 556 2740 inquit
571 2703 719 2738 Apostolus
741 2704 763 2736 ’,
782 2703 829 2731 sed
844 2708 871 2731 et
888 2711 921 2731 ex
937 2703 988 2732 Pa-

1010 1495 1033 1527 C

1008 2173 1030 2200 Ι)

1087 1063 1198 1090 Τούτων
1219 1063 1266 1091 οὖν
1286 1065 1374 1097 οὕτως
1395 1066 1521 1101 ἑχόντων,
1542 1067 1632 1093 πᾶσαν
1648 1065 1698 1101 τὴν
1721 1065 1764 1092 διὰ
1784 1065 1838 1092 τῶν

1052 1108 1226 1143 σοφισμάτων
1241 1111 1412 1146 κατασκευὴν
1430 1110 1478 1146 ἢν
1493 1111 1556 1146 περὶ
1569 1111 1615 1137 τοῦ
1636 1111 1673 1145 μὴ
1686 1109 1755 1137 εἷναί
1773 1118 1838 1136 ποτε

1050 1152 1096 1179 τὸν
1111 1153 1196 1186 ὅντως
1209 1154 1274 1182 ὂντα
1287 1175 1293 1187 ,
1306 1156 1382 1182 οὐδὲν
1400 1155 1464 1183 ἄλλο
1482 1156 1498 1191 ἢ
1525 1156 1680 1191 παράϐασιν
1704 1155 1751 1182 τοῦ
1770 1155 1839 1190 Χρι-

1051 1199 1222 1234 στιανισμοῠ,
1235 1201 1282 1227 καὶ
1295 1201 1444 1236 τροπὴνεις
1458 1201 1659 1237 είδωλολατρίαν
1672 1199 1742 1227 εἶναι
1754 1201 1839 1236 διορι-

1049 1243 1164 1278 ζόμεθα.
1187 1245 1241 1272 Τοῦ
1265 1246 1319 1281 γὰρ
1343 1246 1534 1280 εὐαγγελιστοῦ
1555 1246 1599 1273 διὰ
1624 1247 1674 1281 τῆς
1697 1246 1838 1279 θεολογίας

1051 1290 1218 1325 πανταχόθεν
1235 1291 1406 1326 ὲξορίσαντος
1421 1292 1451 1318 τὸ
1466 1291 1503 1327 μὴ
1519 1291 1549 1319 ὃν
1565 1293 1598 1318 ὲκ
1617 1291 1662 1318 τοῦ
1677 1291 1753 1322 ὄντος
1765 1311 1773 1323 ,
1788 1291 1837 1317 καὶ

1049 1333 1093 1361 διὰ
1112 1335 1162 1369 τῆς
1181 1335 1307 1371 συνεχοῦς
1323 1337 1370 1363 τοῦ
1387 1333 1427 1371 ἦν
1440 1338 1635 1373 ὲπαναλήψεως
1654 1337 1704 1374 τὴν
1726 1338 1773 1364 τοῦ
1797 1337 1836 1373 μὴ

1049 1379 1118 1407 εἶναι
1138 1381 1264 1408 ὑπόνοιαν
1286 1383 1423 1418 ἐπιμελῶς
1438 1384 1638 1419 ὲξαλείψαντος,
1659 1384 1789 1420 μονογενῆ
1807 1384 1838 1410 δὲ

1048 1425 1126 1456 Θεὸν,
1143 1427 1189 1453 καὶ
1199 1428 1283 1462 Λόγον
1294 1428 1370 1460 Θεοῦ,
1386 1429 1433 1455 καὶ
1449 1429 1513 1457 Υἰδν
1529 1429 1608 1461 Θεοῦ,
1626 1429 1673 1456 καὶ
1683 1427 1744 1456 ἶσον
1761 1429 1834 1464 Θεῷ,

1049 1473 1096 1498 καὶ
1113 1472 1202 1499 πάντα
1213 1474 1248 1500 τὰ
1262 1473 1372 1501 τοιαῦτα
1386 1475 1630 1510 κατονομάσαντος.
1645 1475 1748 1509 παγίαν
1769 1474 1832 1509 ἕχο-

1049 1526 1100 1552 μεν
1117 1520 1218 1554 ταύτην
1236 1520 1264 1546 ἐν
1286 1520 1391 1552 ἑαυτοῖς
1413 1520 1463 1556 τὴν
1484 1520 1574 1556 κρίσιν
1590 1521 1636 1547 καὶ
1654 1520 1836 1556 ἀμετάθετον,

1047 1563 1088 1589 ὄπι
1100 1564 1123 1590 εἰ
1138 1563 1204 1595 Θεός
1218 1565 1290 1591 ἐστιν
1300 1567 1313 1591 ὁ
1329 1565 1476 1602 μονογενὴς
1487 1565 1563 1598 Θεὸς,
1575 1566 1618 1592 ἀεὶ
1632 1565 1684 1601 χρὴ
1696 1565 1837 1592 πιστεύειν

1046 1607 1128 1634 αὐτὸν
1151 1605 1220 1634 εἶναι
1243 1608 1289 1635 τὸν
1319 1609 1385 1636 Θεὸν
1412 1610 1637 1645 πεπιστευμένον.
1671 1611 1751 1638 Ἀλλά
1780 1611 1837 1646 μὴν

1047 1651 1154 1688 ἀληθῶς
1177 1653 1236 1680 ἐστι
1253 1654 1335 1687 Θεὸς,
1353 1655 1397 1681 ἀεὶ
1410 1656 1498 1682 πάντα
1511 1656 1579 1687 ἐστὶ,
1600 1657 1647 1683 καὶ
1661 1656 1788 1683 οὐδέποτε
1803 1657 1834 1682 ὲν

1046 1697 1085 1732 τῷ
1099 1698 1136 1734 μὴ
1151 1697 1219 1725 εἷναι
1235 1700 1480 1734 καταλαμϐάνεται.
1497 1701 1562 1734 Θεὸς
1576 1702 1641 1737 γὰρ,
1657 1702 1750 1733 καθὼς
1767 1703 1836 1729 πολ-

1046 1741 1124 1774 λάκις
1140 1744 1299 1779 εἰρήκαμεν,
1318 1746 1343 1771 εἰ
1359 1746 1406 1772 νῦν
1421 1738 1490 1778 ἐστι,
1502 1748 1550 1774 καὶ
1563 1748 1607 1774 ἀεὶ
1622 1748 1731 1780 πάντως
1743 1747 1788 1785 ἧν,
1809 1749 1835 1776 ει

1045 1788 1074 1814 δέ
1088 1797 1153 1816 ποτε
1168 1790 1205 1826 μὴ
1219 1789 1263 1826 ἦν,
1273 1792 1333 1819 οὐδὲ
1345 1793 1391 1819 νῦν
1406 1794 1480 1820 ἐστιν
1495 1793 1571 1825 ὅλως.
1596 1795 1666 1820 Ἀλλ’
1682 1795 1777 1830 ἐπειδὴ
1787 1795 1835 1822 τὸν

1047 1834 1111 1862 Tib);
1123 1834 1190 1862 εῖναι
1214 1837 1260 1864 τὸν
1278 1839 1410 1873 μονογενῆ
1432 1839 1499 1866 Θεὸν
1512 1840 1558 1866 καὶ
1583 1840 1670 1867 εἰσαεὶ
1683 1841 1834 1876 διαμένειν,

1046 1880 1093 1907 καὶ
1113 1881 1189 1916 παρὰ
1211 1883 1266 1909 τῶν
1283 1884 1388 1920 ἐχθρῶν
1413 1886 1463 1920 τῆς
1487 1885 1616 1920 ἀληθείας
1640 1887 1838 1921 ὁμολογεῖταιν

1045 1927 1122 1954 τοῦτό
1151 1936 1249 1963 φαμεν,
1273 1929 1345 1956 ὅτιὸ
1363 1931 1393 1956 ἐν
1417 1930 1456 1966 τῷ
1477 1931 1565 1966 Πατρὶ
1594 1931 1648 1963 ὢν,
1670 1932 1702 1958 οὐ
1720 1932 1781 1959 καθ’
1804 1932 1835 1960 ιν

1047 1972 1126 2007 μόνον
1142 1974 1215 2000 ἐστὶν
1231 1975 1260 2001 ὲν
1281 1975 1355 2011 αὐτῷ
1366 1995 1373 2007 ,
1395 1976 1461 2002 ἀλλὰ
1475 1977 1545 2003 κατά
1564 1977 1652 2004 πάντα
1666 1978 1718 2004 ὅσα
1734 1979 1835 2005 νοεῖται
1849 1973 1860 1982 ’

1045 2017 1060 2043 ὁ
1075 2017 1177 2053 Πατὴρ,
1194 2018 1238 2045 διὰ
1260 2021 1368 2047 πάντων
1389 2021 1462 2047 ἐστὶν
1478 2021 1506 2048 ὲν
1526 2021 1609 2056 αὐτῷ.
1634 2022 1677 2054 Ὡς
1692 2021 1739 2049 οὖν
1753 2024 1782 2049 ὲν
1793 2023 1834 2058 τῷ

1045 2063 1175 2100 ἀφθάρτῳ
1189 2065 1236 2091 τοῦ
1258 2067 1364 2102 Πατρὸς
1384 2067 1431 2100 ὣν,
1447 2067 1583 2103 ἄφθαρτός
1601 2068 1674 2099 ἐστι,
1688 2069 1736 2095 καὶ
1754 2070 1782 2095 ἐν
1795 2069 1834 2104 τῷ

1045 2109 1140 2144 ἀγαθῷ
1163 2110 1279 2144 ἀγαθὸς,
1294 2112 1341 2138 καὶ
1362 2113 1390 2138 ὲν
1404 2112 1443 2147 τῷ
1463 2111 1568 2147 δυνατῷ
1589 2112 1718 2144 δυνατὸς.
1734 2114 1781 2140 καὶ
1804 2115 1833 2140 ἐν

1047 2154 1153 2190 ἑκάστῳ
1168 2155 1206 2183 ὢν
1220 2156 1275 2183 τῶν
1289 2157 1356 2192 πρὸς
1373 2158 1403 2184 τὸ
1417 2160 1540 2194 κρεῖττον
1555 2160 1584 2184 ἐν
1597 2159 1636 2194 τῷ
1654 2160 1743 2196 lla-.91
1757 2169 1832 2186 νοου-

1047 2199 1146 2234 μένων,
1160 2200 1247 2227 ὲκεῖνό
1266 2202 1339 2229 ἐστιν
1350 2210 1356 2217 ·
1370 2203 1456 2235 οὕτως
1472 2204 1518 2230 καὶ
1533 2204 1562 2230 ἐν
1574 2204 1613 2239 τῷ
1633 2205 1711 2240 ἀϊδίῳ
1724 2206 1832 2237 πάντως

1047 2246 1143 2278 ἀΐδιος.
1160 2247 1193 2272 Ἦ
1206 2247 1234 2273 δὲ
1246 2247 1293 2273 τοῦ
1313 2248 1418 2284 Πατρὸς
1431 2249 1550 2284 άῖδιὸτης
1563 2249 1592 2275 ἐν
1607 2249 1646 2284 τῷ
1659 2250 1727 2285 μήτε
1741 2251 1772 2277 ἐκ
1784 2250 1830 2277 τοῦ

1047 2292 1085 2326 μὴ
1113 2289 1189 2323 δντος
1210 2292 1361 2327 ἄρξασθαι,
1389 2293 1457 2329 μήτε
1484 2294 1524 2325 εἰς
1551 2294 1582 2320 τὸ
1605 2295 1642 2329 μὴ
1662 2294 1692 2321 ὃν
1715 2296 1831 2330 καταλή-

1044 2344 1104 2370 γειν
1128 2338 1298 2374 γνωρίζεται.
1322 2338 1426 2365 Οὐκοῦν
1442 2339 1456 2365 ό
1475 2339 1583 2371 πάντως
1598 2339 1632 2365 τὰ
1655 2340 1702 2366 τοῦ
1725 2341 1830 2376 Πατρὸς

1043 2381 1122 2417 ἔχων,
1147 2383 1195 2409 καὶ
1219 2384 1248 2410 ἐν
1272 2383 1346 2420 πάσῃ
1367 2385 1400 2419 τῇ
1425 2383 1488 2420 δόξῃ
1510 2384 1557 2411 τοῦ
1581 2385 1687 2420 Πατρὺς
1714 2378 1829 2421 οεῶρού-

1043 2437 1123 2463 μενος
1138 2448 1146 2461 ,
1174 2428 1268 2465 ὥσπερ
1292 2430 1321 2456 ὲν
1337 2429 1375 2465 τῷ
1399 2429 1568 2464 ἀτελευτήτῳ
1583 2430 1629 2456 τοῦ
1650 2431 1759 2466 Πατρὸς
1781 2431 1826 2462 ὣν,

1043 2473 1116 2508 Clu-71¢
1133 2473 1210 2506 τέλος
1225 2475 1274 2500 οὐκ
1289 2474 1345 2509 ἔχει
1358 2483 1364 2490 ·
1389 2475 1460 2502 οὕτω
1480 2475 1526 2502 καὶ
1545 2476 1573 2502 ὲν
1589 2475 1630 2510 τῷ
1652 2476 1765 2512 ἁνάρχῳ
1782 2477 1826 2503 τοῦ

1044 2519 1150 2554 Πατρὸς
1165 2519 1214 2551 ὢν,
1229 2520 1315 2555 ἀρχὴν
1328 2520 1439 2556 ἡμερῶν
1457 2521 1506 2547 οὐκ
1519 2519 1575 2556 ἔχει
1589 2541 1596 2552 ,
1612 2521 1704 2554 καθώς
1717 2531 1799 2557 φησιν
1813 2523 1826 2548 6

1049 2563 1217 2596 ’Δπόστολος,
1233 2565 1300 2592 ἀλλὰ
1315 2565 1360 2592 καὶ
1375 2566 1407 2592 ὲκ
1420 2566 1467 2592 τοῦ
1482 2566 1588 2601 Πατρός
1602 2567 1670 2597 ἐστι,
1687 2568 1735 2593 καὶ
1747 2567 1776 2594 ἐν
1795 2569 1824 2602 τῇ

1042 2609 1172 2643 ἀῖδιότητι
1182 2610 1228 2636 τοῦ
1247 2610 1353 2645 Πατρδς
1371 2611 1529 2646 καθορᾶται,
1545 2611 1593 2638 καὶ
1606 2611 1693 2646 τούτῳ
1711 2613 1824 2646 μάλιστα

1041 2653 1080 2688 τῷ
1096 2654 1198 2689 τρόπῳ,
1209 2654 1239 2681 τὺ
1251 2655 1293 2681 διὰ
1307 2656 1414 2682 πάντων
1428 2656 1477 2691 τῆς
1490 2656 1592 2687 εἰκόνος
1607 2657 1822 2692 ἀπαράλλακτον,

1041 2698 1108 2733 πρὸς
1121 2698 1167 2725 τὸν
1182 2696 1213 2726 οὗ
1222 2699 1296 2727 ἐστιν
1305 2700 1397 2732 εἰκὼν,
1413 2700 1565 2735 θεωρεῖται.
1575 2701 1631 2728 Καὶ
1643 2701 1747 2738 ἀληθὴς
1756 2703 1770 2728 ό
1780 2701 1822 2729 λό-

237 2783 246 2798 ’
267 2785 371 2818 Joann,
389 2785 402 2813 ι
431 2793 491 2819 sqq.
530 2783 540 2800 ⁶
554 2783 638 2813 Exod.
656 2792 699 2819 tu,
718 2785 761 2814 14.
801 2786 811 2802 ⁷
829 2786 900 2824 νΙρεί.
916 2795 979 2822 xu,
996 2789 1023 2817 5.
1061 2787 1072 2804 ⁸
1091 2787 1163 2816 Psal.
1178 2795 1261 2822 ειη,
1281 2788 1309 2818 9.
1341 2788 1352 2806 ⁸
1372 2787 1456 2817 Hebr.
1476 2795 1525 2822 vn,
1543 2789 1570 2817 5.
