1923 3071
106 125 160 154 ⁸175

647 125 785 155 CONTRA
804 125 996 159 ΕυΝοΜιυκ,
1019 124 1083 154 LIB.
1105 123 1169 153 Vill.

1684 125 1735 154 7η

105 189 152 216 γος
167 181 196 207 ὲν
210 180 315 213 τούτοις
330 181 502 217 εὑρίσκεται,
519 182 534 208 ὁ
545 180 641 214 εἰπὼν,
656 182 697 209 ὅτι
712 182 726 208 ὁ
745 179 890 216 Ἕωρακὼς

945 184 988 208 tre
1003 184 1057 214 est,
1078 183 1106 208 et
1123 180 1151 207 in
1175 178 1265 208 Patris
1279 178 1431 208 aeternitate
1445 180 1623 216 conspicitur,
1639 185 1667 210 et
1682 182 1735 210 hoc

104 227 156 262 ἐμὲ
163 226 273 261 ἑώρακε
281 227 334 254 τὸν
343 227 466 261 Πατέρα.
482 227 560 254 Ἀλλά
573 228 620 255 καί
629 228 659 255 τὸ
668 227 744 263 παρὰ
757 227 804 255 τοῦ
812 228 893 254 Ἀπο-

87 273 198 302 δτόλου
211 273 355 308 εξρημένον
383 272 468 304 οὕτως
485 273 519 299 ἂν
536 272 654 307 μάλιστα
667 273 774 309 νοηθείη
783 294 790 305 ,
803 272 902 305 καλῶς·

104 319 150 345 καὶ
164 318 312 354 προσφυῶς
324 318 398 353 ἔχον,
414 318 445 345 τὸ
453 318 622 353 ἀπαύγασμα
631 316 701 346 εἶναι
709 319 757 354 τῆς
765 318 842 354 δόξης
848 319 896 345 καὶ

108 364 274 400 χαρακτῆρα
287 364 338 399 τῆς
353 363 529 396 ὑποστάσεως
543 364 589 391 τὸν
604 364 677 392 Υιόν.
691 365 753 396 Τοῖς
767 364 821 400 γὰρ
833 365 896 391 ἁδυ-

103 409 232 437 νατοῦσιν
251 410 298 436 ἐπὶ
313 409 343 436 τὺ
359 409 427 444 ὕψος
447 410 496 445 τῆς
518 409 685 444 θεογνωσίας
704 410 750 437 τὸν
766 410 897 446 λογισμὸν

102 455 217 489 ἀγαγεῖν
230 455 274 482 διὰ
284 455 334 490 τῆς
345 456 401 482 τῶν
412 455 516 490 νοητῶν
527 455 643 491 θεωρίας
653 464 660 470 '
672 455 776 487 τούτοις
795 455 828 481 ἐκ
841 455 895 482 τῶν

101 503 136 537 τῇ
151 501 278 536 αἰσθήσει
292 501 514 536 προφαινομένων
525 502 635 537 ἐμποιεῖ
647 510 708 528 τινα
717 503 772 534 τοῖς
780 501 895 528 ἀκούου-

102 556 144 573 σιν
159 548 174 573 ὁ
194 547 354 579 Ἀπόστολος
363 549 410 575 τοῦ
424 547 541 583 ἀληθοῦς
557 547 719 582 φαντασίαν.
738 547 781 580 ὀς
796 548 850 583 γὰρ
864 547 895 575 τὸ

100 592 215 627 ἡλιακὸν
233 593 313 628 σῶμα
328 593 382 628 ὅλῳ
393 593 433 628 τῷ
446 593 600 629 περιέχοντι
616 592 710 629 κύκλῳ
722 593 895 629 χαρακτηρι-

101 639 189 671 (erat,
201 639 249 665 καὶ
265 639 279 665 ὁ
289 638 334 665 τὸν
348 639 448 665 κύκλον
461 638 533 671 ἰδὼν,
545 638 606 665 ὅλου
619 638 669 665 τοῦ
682 639 752 665 κατὰ
765 639 796 665 τὸ
811 638 895 673 βάθος

100 683 286 718 ὑποκειμένου
301 685 351 720 τὴν
370 684 520 711 ὑπόστασιν
540 684 585 711 διὰ
595 684 643 711 τοῦ
659 685 821 720 φαινομένου
851 685 896 712 ἁν-

100 729 258 763 ελογίσατο·
274 730 360 762 οὕτως
369 729 444 757 εἶπεν
455 731 483 757 έν
491 730 531 766 τῷ
541 730 650 766 μεγέθει
662 731 711 766 τῆς
724 731 769 757 τοῦ
779 730 843 757 Υἰοῦ
853 731 896 758 δυ-

99 775 211 810 νάμεως
221 775 252 802 τὸ
261 775 309 802 τοῦ
317 775 423 811 Πατρὶς
432 776 574 811 μεγαλεῖον
584 776 842 812 χαρακτηρίζεσθαι,
850 778 893 804 ἵνα

99 822 163 848 ὅσον
182 821 263 848 τοῦτο
278 822 446 857 γινώσκηται
457 841 464 854 ,
485 823 612 849 τοσοῦτον
626 820 695 849 εῖναι
722 823 835 850 κάκεῖνο
848 832 894 850 πιε

946 226 1067 254 maxime
1090 226 1173 254 modo
1186 225 1259 261 quod
1276 234 1325 259 per
1335 227 1521 254 omnimodam
1540 231 1567 255 et
1585 227 1735 256 invariabi-

945 269 998 297 lem
1021 270 1148 305 imaginis
1170 270 1388 305 similitudinem,
1412 279 1494 307 quam
1520 272 1681 300 habetcum
1701 281 1736 301 eo

945 315 1026 350 cujus
1045 318 1087 342 est
1107 315 1207 351 imago,
1224 319 1374 350 spectatur.
1391 315 1423 343 Et
1438 324 1520 344 verus
1535 316 1562 344 in
1587 317 1630 345 his
1643 324 1735 344 sermo

949 361 1098 394 invenitur,
1129 362 1175 397 qui
1202 362 1270 389 dixit
1286 361 1361 395 ιριιὶ
1381 362 1446 389 uidit
1474 363 1604 395 me,rt‘dit
1627 368 1651 390 et
1678 363 1734 390 Pa-

947 411 1014 434 trem
1028 407 1060 434 ¹⁰.
1079 406 1132 434 Sed
1155 410 1182 434 et
1198 407 1250 434 hoc
1267 407 1338 442 quod
1361 407 1464 435 dictum
1479 413 1521 436 est
1543 409 1577 436 ab
1591 408 1734 444 Apestolo,

946 453 986 481 sic
999 453 1112 488 intelligi
1130 456 1231 487 potest,
1246 452 1376 487 praeclare
1394 457 1421 481 et
1435 454 1558 488 apposite
1573 461 1603 482 se
1618 454 1732 487 habens,

945 499 1019 534 quod
1036 499 1165 526 nimirum
1188 498 1275 526 Filius
1292 499 1328 526 sit
1341 499 1470 534 splendor
1485 499 1588 536 gloriae,
1604 504 1632 528 et
1648 500 1734 535 figura

945 545 1107 573 substantia:
1121 544 1213 573 Patris
1229 545 1261 571 “.
1287 544 1336 572 llis
1349 545 1422 572 enim
1441 546 1487 580 qui
1512 546 1625 573 minime
1643 547 1735 573 valent

946 591 980 618 ad
1007 591 1199 629 celsitudinem
1227 590 1393 626 cognitionis
1416 590 1464 618 Dei
1494 591 1734 619 ratiocinationem

944 637 1063 665 educere
1080 644 1129 672 per
1146 637 1359 673 intelligibiliutn
1384 637 1601 672 speculationem
1619 645 1672 664 τοι
1691 638 1734 666 his

944 689 1006 717 qua:
1028 682 1155 710 sensibus
1179 686 1329 717 occurrunt
1351 681 1496 717 quamdam
1518 683 1574 710 veri
1600 683 1733 711 visionem

944 729 1003 756 sive
1016 729 1238 765 imaginationem
1255 729 1405 764 Apostolus
1427 730 1603 758 audientibus
1621 730 1734 765 ingene-

945 778 996 802 rat.
1020 773 1055 802 Ut
1076 775 1148 802 enitn
1167 775 1258 802 solare
1279 783 1381 811 corpus
1408 780 1465 803 toto
1490 776 1734 812 circumplectente

943 820 1048 847 circulo
1063 819 1205 854 ﬁguratur,
1220 824 1247 848 et
1262 821 1307 856 qui
1322 821 1455 848 circulum
1469 821 1546 854 vidit,
1565 823 1650 850 totius
1667 823 1734 850 sub-

100 867 241 903 στεὺηται.
253 869 308 895 Καὶ
322 868 402 895 πάλιν
414 869 451 901 ὡς
463 869 496 895 ἐκ
509 869 609 901 παντὸς
616 869 664 896 τοῦ
673 869 784 904 ἡλιακοῦ
793 869 890 896 κύκλου

945 864 1011 898 jecti
1036 865 1246 892 subsistentiam
1271 866 1424 893 secundum
1446 867 1674 901 profunditatem,
1699 875 1732 895 cx

99 914 133 948 τῇ
140 914 187 940 τοῦ
198 915 285 948 φωτὸς
296 914 447 950 λαμπηδόνι
456 914 658 947 ἀπαυγάζεται·
667 914 697 941 οὐ
705 914 795 949 γὰρτὸ
807 914 856 949 μέν
865 923 893 941 τι

99 957 216 991 λάμπει,
234 957 265 983 τὸ
279 957 308 984 δὲ
320 957 446 992 ἁλαμπές
466 959 524 985 ἐστι
538 958 585 984 τοῦ
598 957 698 984 κύκλου
711 965 719 973 '
737 957 824 989 οὕτως
843 957 891 994 ὅλη

100 1001 119 1034 ἠ
136 1001 200 1032 δόξα
213 1001 274 1036 ἥτις
287 1001 370 1032 ἐστὶν,
391 1002 405 1027 ὁ
420 1001 513 1037 Πατὴρ
525 1021 532 1032 ,
549 1001 587 1036 τῷ
600 1001 630 1033 ἐξ
649 1001 747 1036 ἑαυτῆς
765 1001 892 1036 ἀπαυγα-

101 1053 186 1080 σματι
198 1066 205 1078 ,
223 1046 296 1073 τοῦτ’
314 1047 372 1073 ἔστι
387 1047 427 1082 τῷ
443 1046 561 1082 ἀληθινῷ
575 1047 646 1081 φωτὶ
658 1047 827 1083 πανταχόθεν
842 1057 890 1074 πε-

101 1092 291 1126 ριαυγάζεται.
305 1093 361 1119 Καὶ
372 1093 410 1123 ὡς
426 1093 459 1119 ὲκ
473 1092 520 1119 τοῦ
541 1093 617 1128 ἡλίου
644 1092 695 1128 μέν
714 1094 788 1119 ἐστιν
801 1094 818 1128 ὴ
839 1093 892 1120 ἁκ-

102 1137 147 1168 τίς
158 1146 165 1152 ·
181 1137 212 1163 οὐ
228 1138 283 1172 γὰρ
294 1137 327 1164 ἂν
340 1135 375 1172 ἦν
389 1138 467 1169 ἀκτὶς
481 1156 488 1169 ,
505 1138 530 1164 εἰ
553 1137 590 1173 μὴ
609 1138 623 1163 ό
644 1138 718 1173 ἥλιος
733 1136 777 1174 ἦν,
791 1139 821 1164 οὐ
837 1139 890 1174 μήν

99 1191 167 1208 ποτε
180 1183 265 1218 χωρὶς
278 1184 327 1218 τῆς
348 1183 581 1219 ἀπαυγαζομένης
599 1184 708 1215 ἀκτῖνος
729 1184 772 1218 ἐφ’
791 1184 889 1212 ἑαυτοῦ

98 1231 200 1255 νοεῖται
211 1230 225 1256 ὁ
239 1229 313 1264 ἥλιος
323 1238 330 1244 ·
346 1229 417 1256 οὕτω
432 1230 462 1257 τὸ
473 1230 589 1264 συναφές
600 1238 629 1256 τε
641 1231 686 1256 καὶ
701 1230 786 1258 ἀΐδιον
796 1231 845 1266 τῆς
859 1231 891 1258 ἐκ

98 1275 148 1301 τοῦ
163 1275 269 1310 [ἰατρὸς
283 1276 426 1311 ὑπάρξεως
443 1275 492 1307 τοῦ
512 1275 683 1310 Μονογενοῦς
697 1276 861 1312 παραδιδοὺς
876 1277 891 1304 ὁ

106 1321 279 1354 Ἀπόστολος,
295 1321 465 1356 ἀπαύγασμα
475 1321 554 1357 δόξης
565 1321 610 1348 τὸν
623 1321 688 1348 Υἱδν
699 1322 887 1358 κατωνόμασε.

946 915 1095 946 apparentc
1111 911 1217 937 circulo
1239 911 1345 945 colligit
1360 920 1366 938 :
1383 911 1423 938 sic
1441 912 1523 941 etiam
1540 912 1610 939 dixit
1624 913 1650 939 in
1675 921 1734 940 ma-

946 956 1089 993 gnitudine
1117 957 1246 992 potentiae
1275 956 1354 988 Filii,
1378 955 1469 985 Patris
1504 958 1733 993 magniﬁcentiam

944 1002 1072 1037 exprimi,
1092 1007 1122 1029 ut
1150 1008 1251 1037 quanta
1277 1003 1334 1031 haec.
1355 1008 1550 1038 cognoscatur,
1575 1008 1650 1032 tanta
1671 1012 1734 1032 csse

945 1048 1026 1075 etiam
1040 1049 1084 1075 illa
1104 1049 1243 1077 credatur.
1259 1049 1298 1077 Ac
1312 1057 1409 1077 rursus
1422 1050 1496 1077 sicut
1508 1058 1540 1078 ex
1556 1050 1629 1077 omni
1650 1050 1732 1078 solari

946 1095 1053 1122 circulo
1075 1095 1146 1122 lucis
1167 1094 1272 1130 fulgore
1300 1095 1475 1130 resplendet:
1495 1103 1549 1123 non
1571 1096 1643 1123 enim
1668 1104 1734 1131 pars

945 1140 1035 1175 aliqtta
1061 1141 1144 1173 lueet,
1170 1148 1234 1176 pars
1256 1148 1320 1168 vero
1344 1141 1441 1168 circuli
1464 1141 1516 1168 alia
1533 1142 1651 1169 obscura
1669 1146 1732 1170 est:

945 1185 985 1213 sic
1001 1190 1215 1220 quantacunque
1235 1190 1274 1214 cst
1291 1187 1380 1213 omnis
1400 1186 1486 1221 gloria
1504 1189 1575 1221 ejus,
1593 1186 1684 1220 Pater,
1699 1195 1733 1214 ex

945 1231 1091 1266 splendore
1112 1232 1148 1260 ab
1169 1232 1228 1267 ipsa
1251 1236 1442 1267 promanante,
1469 1233 1521 1259 ltoc
1542 1237 1584 1259 est
1601 1240 1665 1260 vero
1688 1233 1732 1259 lu-

945 1277 1030 1309 mine,
1062 1277 1183 1314 undique
1207 1279 1312 1306 circum
1341 1278 1505 1305 illustratur.
1536 1278 1625 1314 Atque
1649 1282 1679 1305 ut
1700 1287 1733 1306 ex

945 1324 1003 1350 sole
1018 1323 1126 1358 quidem
1139 1328 1180 1351 cst
1193 1324 1303 1351 radius:
1317 1331 1370 1351 non
1382 1323 1454 1350 enim
1471 1328 1545 1351 esset
1559 1324 1663 1356 radius,
1680 1323 1733 1351 nisi

99 1369 142 1394 sol
159 1370 244 1399 esset,
260 1373 398 1402 nunquam
416 1367 492 1402 enim
513 1367 573 1394 sine
590 1367 739 1402 refulgente
761 1368 839 1395 radio
860 1367 888 1395 iu
908 1367 1001 1402 scipso
1017 1368 1057 1396 sol
1081 1368 1264 1404 intelligitur:
1281 1370 1322 1396 sic
1357 1369 1578 1404 conjunctionem
1611 1373 1638 1396 et
1661 1376 1733 1396 com-

100 1413 260 1440 ternilatem
285 1413 453 1440 exsislentite
469 1413 606 1448 Unigeniti
626 1420 641 1439 a
665 1412 745 1441 Patre
767 1413 879 1441 tradens
907 1414 1056 1449 Apostolus
1069 1415 1108 1448 ",
1129 1414 1301 1450 splendorem
1332 1413 1424 1450 glorite
1456 1413 1556 1442 Filium
1575 1414 1732 1449 appellavit.

135 1457 246 1485 Τούτων
262 1456 308 1485 οὖν
323 1459 389 1494 ἡμῖν
405 1458 475 1485 οὕτω
489 1458 676 1494 διῃρημένων,
697 1459 785 1486 οὐκέτ’
799 1460 831 1487 ἄν
847 1468 888 1492 τις

977 1459 1025 1488 llis
1049 1460 1133 1495 igitur
1153 1467 1168 1486 a
1188 1460 1268 1488 nobis
1292 1460 1329 1487 ita
1352 1460 1504 1491 distinctis.
1529 1468 1583 1486 non
1609 1460 1733 1494 amplius

99 1505 278 1540 ἀμφιϐάλλοι,
296 1505 354 1536 ταῖις
371 1505 417 1532 καὶ
428 1506 460 1531 ἐκ
470 1505 517 1531 τοῦ
531 1505 636 1541 Πατρδς
650 1505 804 1541 Μονογενὴς
814 1503 887 1532 εἶναι

99 1551 301 1583 πεπίστευται,
328 1551 375 1578 καὶ
397 1550 491 1582 ἀῖδιως
511 1551 569 1578 ἐστὶ
581 1572 589 1583 ,
603 1551 654 1578 κᾶν
670 1551 736 1587 δοκῇ
752 1552 822 1578 κατὰ
842 1552 890 1587 τὴν

99 1597 246 1632 πρόχειρον
260 1597 363 1623 ἔννοιαν
385 1597 422 1632 μὴ
436 1597 595 1632 συμϐαίνειν
606 1598 621 1624 ὁ
634 1597 711 1632 λόγος
720 1598 760 1634 τῷ
776 1598 846 1633 λόγῳ
855 1619 862 1629 ,
877 1599 891 1625 ὁ

99 1644 132 1670 ἐκ
149 1643 199 1669 τοῦ
225 1643 332 1679 Πατρὸς
347 1644 427 1670 αὐτὸν
449 1640 518 1670 εἶναι
537 1643 634 1677 λέγων,
650 1644 690 1679 τῷ
707 1644 890 1680 μαρτυροῦντι

100 1688 177 1723 αὐτῷ
191 1688 222 1714 τὺ
232 1688 326 1715 ἀΐδιον.
337 1689 369 1715 Εἰ
383 1688 411 1715 δὲ
420 1689 473 1724 χρὴ
488 1689 535 1716 καὶ
545 1689 630 1725 ἑτέρῳ
640 1690 685 1716 τὸν
698 1690 776 1724 λόγον
790 1689 891 1717 πιστώ-

101 1735 220 1766 σασθαι,
235 1734 346 1762 δυνατὸν
368 1735 402 1761 ἂν
421 1736 527 1769 γένοιτο
547 1735 643 1770 νοῆσαι
659 1736 690 1763 τὸ
708 1736 772 1771 περὶ
793 1736 890 1763 τούτου

100 1780 191 1815 δόγμα
218 1780 263 1807 διά
278 1789 358 1806 τινων
374 1781 429 1807 τῶν
446 1782 518 1808 κατὰ
530 1781 580 1816 τὴν
600 1781 725 1817 αἴσθησιν
742 1782 807 1817 ἡμῖν
819 1790 890 1816 γνω-

102 1826 263 1860 ριζομένων.
298 1826 401 1861 Μηδεὶς
421 1826 450 1852 δὲ
479 1827 655 1862 ὲπηρεαζέτω
677 1827 717 1862 τῷ
743 1827 828 1861 λόγῳ,
853 1827 890 1862 μὴ

99 1871 245 1906 δυναμένῳ
261 1872 389 1907 τοιαύτην
406 1872 436 1898 ὲν
456 1873 511 1904 τοῖς
531 1870 606 1899 οὖσιν
623 1872 714 1908 εὑρεῖν
737 1872 829 1898 εἰκόνα
843 1872 889 1898 τοῦ

100 1917 289 1953 ζητουμένου,
312 1918 329 1953 ἢ
352 1918 397 1945 διὰ
421 1918 530 1945 πάντων
551 1918 663 1954 ἀρκέσει
687 1918 721 1945 δι’
745 1918 890 1952 ἀναλογίας

98 1964 173 1995 τινὸς
198 1964 245 1990 καὶ
277 1964 436 1999 ὁμοιότητος
462 1964 530 2000 πρὸς
553 1963 602 1999 τὴν
631 1964 680 1991 τοῦ
708 1964 889 1999 προκειμένου

99 2009 284 2044 παράστασιν.
298 2009 454 2048 Βουλόμεθα
468 2010 523 2045 γὰρ
538 2010 600 2041 τοὺς
613 2010 740 2043 λέγοντας
755 2010 889 2045 πρότερον

99 2055 283 2090 βεϐουλῆσθαι
303 2055 348 2082 τὸν
369 2056 495 2092 Πατέρα,
523 2053 574 2082 εἷθ’
591 2055 677 2088 οὕτως
691 2057 777 2083 ἐλθεῖν
793 2057 839 2084 ἐπὶ
859 2057 889 2084 τὸ

97 2101 228 2136 γενέσθαι
247 2103 356 2137 Πατέρα
366 2122 374 2135 ,
389 2102 435 2129 καὶ
449 2102 494 2129 διὰ
508 2102 604 2129 τούτου
616 2103 646 2129 τὸ
660 2103 888 2138 μεταγενέστερον

940 1506 1085 1540 quisquam
1098 1505 1215 1537 dubitet,
1231 1505 1368 1539 quomodo
1382 1506 1464 1533 etiam
1480 1513 1512 1533 ex
1529 1505 1610 1533 Patre
1629 1504 1732 1541 Unige-

941 1552 1016 1579 nitus
1031 1559 1092 1579 esse
1109 1551 1232 1578 creditur
1246 1555 1274 1578 ct
1294 1556 1415 1579 aeternus
1431 1555 1484 1585 est,
1497 1552 1623 1586 quamvis
1638 1551 1732 1579 vidca-

942 1603 987 1625 tnr
1003 1599 1154 1626 secundum
1177 1606 1237 1625 eam
1252 1606 1312 1633 qua:
1330 1598 1419 1632 primo
1442 1601 1469 1625 et
1486 1598 1512 1624 itt
1537 1602 1664 1633 promptu
1681 1606 1732 1633 ap-

942 1648 1021 1678 paret
1036 1644 1174 1675 notitiam,
1192 1651 1286 1680 sermo
1301 1643 1420 1670 sermoni
1447 1650 1500 1669 non
1521 1643 1680 1676 convenire,
1704 1647 1732 1670 et

941 1689 988 1724 qui
1003 1697 1036 1716 ex
1060 1689 1140 1716 Patre
1154 1689 1244 1724 ipsum
1260 1697 1320 1717 esse
1339 1689 1416 1721 dicit,
1441 1693 1468 1715 et
1480 1689 1527 1724 qui
1549 1689 1730 1716 mternitatetn

941 1734 994 1769 ipsi
1013 1735 1150 1762 attribuit.
1168 1734 1245 1767 Quod
1269 1734 1293 1762 si
1317 1734 1372 1761 alio
1392 1738 1555 1769 argumento
1575 1741 1730 1762 sermonent

941 1784 1048 1815 oportet
1068 1771 1241 1813 confirmare,
1258 1780 1371 1815 intelligi
1391 1786 1483 1816 posset
1502 1780 1583 1814 hujus
1597 1781 1731 1808 assertio-

942 1827 984 1854 nis
1006 1827 1108 1854 veritas
1131 1834 1163 1853 ex
1195 1826 1360 1860 quibusdam
1374 1833 1435 1861 quae
1460 1826 1589 1854 sensibus
1612 1834 1626 1852 a
1650 1826 1730 1854 nobis

941 1871 1144 1906 percipiuntur.
1160 1871 1259 1899 Nullus
1274 1876 1365 1899 autent
1383 1880 1538 1900 sermonem
1565 1873 1622 1900 risu
1640 1877 1667 1900 et
1684 1879 1730 1899 ca-

940 1919 1050 1946 chinnis
1073 1918 1203 1953 excipiat,
1219 1919 1291 1952 qttod
1313 1922 1430 1953 nequeat
1452 1918 1576 1945 invenire
1601 1919 1683 1945 talem
1701 1918 1729 1945 in

941 1964 984 1991 bis
997 1971 1058 1998 qua:
1075 1969 1140 1991 sunt
1154 1964 1180 1990 in
1195 1971 1288 1991 rerum
1307 1968 1416 1996 natura,
1428 1963 1489 1998 ejus
1506 1963 1578 1999 quod
1596 1963 1730 1998 quaeritur

941 2009 1101 2043 imaginem,
1126 2016 1186 2044 quae
1213 2016 1262 2043 per
1285 2009 1377 2036 omnia
1405 2008 1530 2041 sullieiat,
1554 2009 1730 2044 proportione

940 2055 1056 2089 quadam
1079 2059 1107 2082 et
1128 2055 1308 2082 similitudine
1325 2055 1495 2090 propositum
1518 2059 1727 2090 rcprmscntare.

943 2100 1076 2128 Volumus
1098 2101 1172 2128 enim
1189 2105 1218 2128 ut
1236 2101 1280 2128 isti
1296 2101 1341 2136 qui
1357 2100 1452 2127 dicunt
1468 2100 1544 2136 prius
1560 2101 1666 2128 Patrem
1685 2109 1730 2129 vo-

97 2147 138 2183 τῷ
153 2149 234 2183 Λόγῳ
246 2148 515 2181 κατασκευάζοντας,
525 2150 618 2176 πεῖσαι
633 2149 664 2176 δι’
680 2146 718 2176 ὦν
734 2149 767 2176 ἂν
783 2150 889 2184 γένοιτο

943 2147 1038 2178 luisse,
1056 2146 1154 2174 deinde
1169 2147 1209 2174 sic
1225 2147 1334 2174 venisse
1349 2146 1383 2173 ad
1396 2146 1434 2179 id,
1449 2151 1478 2174 ut
1498 2145 1578 2174 Pater
1594 2147 1683 2179 iieret,
1698 2151 1726 2174 et

96 2193 212 2220 δυνατὸν
226 2195 292 2229 ἡμῖν
309 2195 526 2230 ὑποδειγμάτων,
543 2195 672 2230 μετάγειν
690 2195 758 2231 πρὸς
770 2196 800 2222 τὸ
815 2196 891 2222 εὐσε-

97 2240 144 2271 ϐὲς
158 2240 208 2275 τὴν
221 2240 341 2267 διάνοιαν
351 2249 358 2256 ·
373 2241 434 2267 οὔτε
455 2241 509 2276 γὰρ
522 2242 538 2276 ἡ
557 2242 658 2277 ἄμεσος
672 2241 741 2276 αὕτη
757 2243 889 2277 συνάφεια

96 2286 225 2313 ἐκϐάλλει
243 2286 291 2322 τὴν
308 2286 434 2322 βούλησιν
444 2287 490 2313 τοῦ
505 2287 668 2322 Πατρὸς,ὠς
683 2288 755 2315 κατά
768 2296 828 2314 τινα
841 2288 889 2323 (pti-

97 2341 169 2364 σεως
197 2332 319 2368 ἀνάγκην
345 2333 534 2368 ἀπροαιρέτως
559 2333 604 2360 τὸν
633 2334 697 2366 Ϊξὸν
723 2334 886 2370 ἐσχηκότος·

97 2377 161 2404 οὒτε
178 2379 195 2413 ἡ
209 2378 336 2414 βούλησις
349 2378 468 2415 διίστησι
483 2378 528 2405 τοῦ
544 2379 650 2414 Πατρδς
664 2379 710 2406 τὸν
722 2380 797 2413 Υἱὸν,
815 2381 852 2412 ὣς
861 2390 888 2408 τι

95 2423 236 2458 διάστημα
256 2423 356 2459 μεταξὺ
379 2423 621 2459 παρεμπίπτουσα,
646 2424 689 2456 Ὧς
705 2425 773 2460 μήτε
788 2425 888 2452 ἐκϐάλ-

95 2468 154 2495 λειν
166 2468 213 2495 τοῦ
227 2469 361 2504 δόγματος
378 2469 427 2504 τὴν
440 2469 486 2495 ἐπὶ
500 2468 539 2504 τῷ
554 2469 612 2504 Υἰῷ
627 2469 754 2505 βούλησιν
768 2471 815 2497 τοῦ
828 2480 889 2505 γεν-

96 2515 240 2549 νήσαντος,
258 2512 314 2541 οἷον
329 2514 582 2550 στενοχωρουμένην
596 2516 624 2541 ὲν
638 2517 671 2551 τῇ
689 2517 822 2552 συναφείᾳ
836 2517 888 2552 τῆς

96 2559 144 2586 τοῦ
159 2559 224 2586 Υῐοῠ
246 2560 313 2595 πρὸς
327 2559 372 2586 τὸν
392 2560 502 2596 Πατέρα
520 2560 654 2595 ὲνότητος,
675 2561 745 2596 μήτε
763 2562 816 2597 μὴν
835 2562 885 2598 τὴν

96 2605 258 2632 ἀδιάστατον
277 2604 394 2632 διαλύειν
414 2605 576 2639 συνάφειαν,
593 2605 657 2632 ὅταν
672 2605 839 2642 ὲνθεώρῆται
852 2608 885 2642 τῇ

62 2665 67 2668 -
96 2652 222 2686 γεννήσει
239 2650 375 2686 βούλησις.
389 2650 475 2677 Τοῦτο
487 2650 541 2686 γὰρ
561 2651 609 2686 τῆς
622 2651 732 2686 βαρείας
743 2651 821 2686 ἡμῶν
837 2653 884 2679 καὶ

89 2696 258 2731 νδυσκινήτου
278 2695 384 2730 φύσεώς
399 2696 470 2722 ἔστιν
485 2695 560 2729 ἴδιον,
571 2696 601 2722 τὸ
614 2696 650 2731 μὴ
670 2697 699 2723 ἐν
719 2697 810 2732 ταύτῷ
823 2697 884 2724 πολ-

98 2742 160 2774 λοὺς
174 2743 301 2778 παρεῖναι
314 2743 389 2778 ἡμῖν,
400 2741 447 2768 καὶ
454 2741 483 2768 τὸ
495 2741 566 2777 ἔχειν
579 2751 615 2775 τι,
626 2743 672 2769 καὶ
683 2742 714 2769 τὸ
724 2742 880 2778 βούλεσθαι·

135 2832 157 2848 ’⁸
171 2831 250 2860 Joan.
265 2839 322 2866 xw,
340 2831 366 2860 9.
409 2831 430 2847 ”
445 2829 526 2859 Hebr.
546 2839 565 2865 ι,
577 2831 604 2859 3.
643 2831 665 2849 ¹¹
682 2832 751 2862 ibid.

944 2200 993 2227 per
1017 2193 1068 2220 hoc
1084 2193 1315 2228 posterioritatem
1335 2191 1425 2220 Verbo
1444 2197 1588 2225 astruuut,
1612 2201 1729 2228 persua-

940 2246 1001 2266 Sum
1014 2233 1133 2266 habeant
1153 2242 1182 2265 ut
1198 2246 1230 2266 ex
1252 2238 1295 2266 his
1311 2245 1372 2273 quae
1393 2246 1542 2273 possumus
1556 2240 1582 2266 in
1607 2239 1727 2266 medium

939 2284 1063 2319 proferre
1077 2284 1221 2318 exemplis,
1240 2283 1436 2318 cogitationem
1457 2292 1534 2311 suam
1552 2285 1586 2312 ad
1608 2284 1633 2312 id
1653 2285 1727 2320 quod

939 2331 1013 2365 pium
1022 2335 1065 2358 est
1073 2329 1108 2357 de
1118 2329 1173 2357 Deo
1182 2330 1284 2357 sentire
1292 2329 1477 2363 transferant;
1489 2338 1576 2365 neque
1586 2330 1659 2358 enim
1670 2331 1726 2358 lucc

940 2376 1098 2404 immediate
1119 2376 1278 2411 conjunctio
1297 2375 1388 2404 Patris
1404 2376 1571 2404 voluntatem
1585 2377 1724 2408 excludit.

937 2426 966 2449 ut
980 2422 1098 2457 quadam
1115 2422 1279 2450 necessitate
1295 2427 1410 2454 naturae,
1426 2426 1454 2450 et
1474 2422 1660 2450 involuntarie
1676 2421 1724 2448 Fi-

936 2468 1003 2495 lium
1020 2468 1119 2495 habeat
1134 2477 1140 2495 :
1157 2475 1246 2503 neque
1261 2468 1389 2496 voluntas
1404 2467 1503 2495 Filium
1531 2475 1546 2494 a
1559 2467 1639 2495 Patre
1665 2467 1724 2494 dis-

935 2514 1035 2549 jungit,
1055 2517 1085 2540 ut
1103 2513 1277 2541 intervallum
1303 2513 1440 2548 quoddam
1467 2513 1659 2540 intermedium
1678 2512 1723 2539 in—

935 2559 1040 2587 cidens.
1059 2559 1151 2592 Quare
1166 2566 1257 2594 neque
1273 2559 1308 2587 ab
1323 2559 1375 2587 hoc
1390 2559 1515 2594 dogmate
1538 2559 1600 2585 licet
1628 2558 1723 2585 exclu-

935 2604 1001 2632 dere
1018 2605 1046 2631 in
1061 2603 1122 2632 Filii
1139 2604 1315 2640 generatione
1342 2604 1508 2632 voluntatem
1531 2602 1591 2636 ejus
1608 2602 1655 2637 qui
1676 2610 1720 2637 ge-

938 2650 1009 2682 nuit,
1024 2650 1108 2678 veluti
1125 2650 1153 2677 in
1172 2651 1316 2686 angustias
1341 2650 1484 2677 adductam
1501 2649 1528 2675 itt
1556 2648 1721 2675 cohaerentia

938 2696 1050 2724 unionis
1063 2695 1123 2723 Filii
1141 2704 1204 2724 cum
1218 2696 1307 2728 Patre,
1325 2703 1414 2730 neque
1437 2693 1632 2728 indisjunctam
1664 2694 1721 2721 dis-

937 2743 1043 2771 solvere
1056 2742 1250 2774 cohtesionem,
1263 2749 1324 2769 cum
1340 2741 1367 2768 in
1383 2739 1558 2776 generatione
1576 2739 1721 2775 inspicitur
