1923 3071
220 129 272 157 775

828 126 858 155 3.
873 126 1036 156 GREGORII
1058 126 1204 156 NYSSENI

1782 130 1832 156 7‘76

220 185 358 213 voluntas.
374 184 432 211 lloc
445 184 517 211 enim
533 186 575 211 est
592 187 694 210 nostra:
711 184 802 218 gravis
816 189 842 212 et
859 189 933 211 mottt
949 184 992 211 dif

1052 185 1118 211 ἀλλὰ
1133 185 1180 212 νῦν
1193 185 1241 220 μὲν
1252 185 1403 221 βουλόμεθα
1414 194 1439 212 τι
1452 185 1523 221 ἔχειν
1535 181 1573 214 ὧν
1585 187 1632 215 οὐκ
1643 187 1750 223 ἔχομεν,
1767 190 1835 222 μετὰ

221 231 301 258 ficilis
331 234 434 257 natum
462 229 614 264 proprium,
632 237 686 256 non
709 230 736 256 in
764 230 860 257 eodem
886 231 1001 257 instanti

221 278 316 305 adesse
332 276 409 303 nobis
441 276 550 307 mullos,
569 279 596 303 et
621 275 723 311 aliquid
741 276 840 303 habere
859 281 886 304 et
911 276 999 304 velle:

220 323 267 350 sed
286 322 366 349 modo
387 321 491 356 aliquid
515 329 609 348 eorum
628 328 689 356 qua:
704 329 758 348 non
778 321 909 349 habemus
922 321 1001 348 volu-

220 377 282 396 mus
297 369 407 400 habere,
426 373 486 403 post
502 374 566 394 vero
585 367 756 401 assequimur
767 373 798 393 ea
816 365 876 400 Quae
893 367 1001 393 minime

219 416 361 443 vellemus.
376 414 406 441 In
422 413 539 448 simplici
554 417 643 439 atttem
660 416 687 438 et
707 411 887 446 omnipotenti
904 415 1000 438 ttatura

219 460 301 488 simul
316 459 407 487 omnia
423 463 450 485 et
467 459 493 485 itt
513 457 606 485 eodem
628 457 739 484 instanti
755 457 953 492 intelliguntur,
975 461 1001 483 ct

223 507 292 533 velle
305 506 417 537 bonum,
437 507 464 531 et
479 504 578 530 habere
595 503 666 537 qttod
683 503 778 530 voluit.
796 502 913 530 Omnino
928 503 999 530 enim

218 552 312 579 etlicax
329 555 356 578 et
370 549 561 577 coessentialis
575 556 692 583 vereque
709 549 862 576 subsistens
876 549 903 576 in
926 553 1000 576 atter-

219 606 253 625 na
270 601 367 625 natura
392 597 464 624 bona
489 595 711 630 sempiternaque
740 594 931 621 consideratur
949 600 999 620 vo-

218 644 321 674 luntas,
339 649 429 677 neque
443 641 476 668 ab
494 640 548 667 alio
564 647 701 675 quoquam
718 642 845 674 separato
861 638 999 673 principio

219 688 383 718 innascitur,
402 693 490 722 neque
506 686 609 720 absque
632 692 664 711 eo
681 684 753 719 qttod
774 685 800 711 in
830 684 998 711 voluntatem

217 734 301 766 cadit,
316 734 357 760 vel
373 733 472 760 bonam
488 731 656 758 voluntatem
673 737 727 757 non
743 737 814 762 esse,
831 729 873 756 vel
898 729 997 756 bonum

1051 230 1137 256 ταῦτα
1159 231 1187 257 δὲ
1206 232 1374 266 τυγχάνομεν
1390 229 1427 258 ὧν
1446 233 1537 267 τυχεῖν
1559 232 1610 260 οὐκ
1633 233 1833 269 ὴΰουλήθημεν.

1058 276 1118 302 Ἐπὶ
1134 276 1162 302 δὲ
1178 277 1227 311 τῆς
1247 277 1336 311 ἁπλῆς
1350 277 1395 304 καὶ
1411 277 1615 313 παντοδυνάμου
1629 278 1752 313 φύσεως,
1768 280 1834 314 ὁμοῦ

1052 323 1086 348 τὰ
1106 323 1193 349 πάντα
1216 323 1263 349 καὶ
1278 323 1348 349 κατᾶ
1367 323 1463 350 ταύτὸν
1476 324 1586 355 νοεῖται,
1604 324 1652 350 καὶ
1666 324 1696 350 τὸ
1709 324 1794 350 θέλειν
1805 324 1834 350 ei)

1052 368 1167 401 ἀγαθὸν,
1193 369 1241 395 καὶ
1267 369 1297 395 τὸ
1314 369 1386 404 ἔχειν
1409 369 1477 404 ὅπερ
1507 369 1632 404 ἠθέλησε.
1655 369 1749 396 Πάντα
1777 369 1830 404 γὰρ

1050 414 1160 449 ἐνεργὸν
1189 414 1236 440 καὶ
1264 414 1394 445 ὲνούσιον,
1419 415 1466 440 καὶ
1490 415 1671 441 ὲνυπόστατον
1699 416 1733 450 τῇ
1761 415 1834 450 ἀϊδίῳ

1051 457 1130 491 φύσει
1145 457 1175 484 τὸ
1185 457 1285 492 ἀγαθόν
1294 466 1323 484 τε
1334 458 1421 485 καὶτὸ
1435 458 1518 485 ἀΐδιον
1532 459 1704 495 ὲνθεωρεῖται
1719 460 1833 494 θέλημα.

1049 502 1110 529 οὕτε
1127 503 1180 529 ἀπό
1197 511 1267 535 τινος
1291 503 1444 539 ίδιαζούσης
1463 504 1550 539 ἀρχῆς
1568 505 1757 540 ἐγγινόμενον,
1774 505 1834 531 οὔτε

1049 547 1111 582 δίχα
1125 548 1172 574 τοῦ
1187 548 1298 583 θελητοῦ
1313 549 1440 584 νοηθῆναι
1463 549 1621 584 δυνάμενον.
1639 550 1707 577 Οὐδὲ
1723 551 1778 585 γὰρ
1792 552 1834 578 ὲν-

1048 592 1156 627 δέχεται
1171 593 1246 628 παρὰ
1259 593 1297 628 τῷ
1308 594 1378 628 Θεῷ,
1393 594 1410 629 ἢ
1424 594 1455 620 τὸ
1469 594 1572 628 ἀγαθὸν
1585 594 1690 630 θέλημα
1706 596 1746 631 μὴ
1757 595 1833 626 εἶναι.

1048 638 1064 673 ἢ
1084 638 1121 673 μὴ
1138 640 1257 665 συνεῖναι
1272 639 1312 674 τῷ
1329 640 1476 675 θελήματι·
1493 640 1621 676 οὐδεμιᾶς
1632 642 1724 673 αἰτίας
1733 642 1793 669 οὐδὲ
1805 643 1834 669 τὸ

1049 683 1153 718 πρέπον
1161 684 1201 719 τῷ
1214 685 1301 720 Πατρὶ
1315 685 1351 720 μὴ
1361 685 1449 712 πάντα
1458 683 1528 713 εἶναι
1540 686 1678 722 μειούοης,
1691 687 1756 714 οὔτε
1767 688 1834 724 πρὸς

1048 730 1078 756 τὸ
1091 729 1164 764 ἔχειν
1175 730 1206 756 τὸ
1223 730 1351 765 βουλητὸν
1369 730 1578 766 ἐμποδιζούσης.
1601 733 1678 759 Ἐπεὶ
1693 730 1742 759 οὖν
1757 733 1834 767 φύσει

218 779 299 807 simul
323 786 384 805 cttm
404 777 542 804 voluntate
559 783 614 803 non
632 774 747 802 adesse:
772 782 835 801 cum
863 774 937 800 nulla
963 774 994 801 sit

1047 773 1077 800 τὸ
1091 773 1201 806 ἀγαθὸν,
1223 774 1322 809 μᾶλλον
1334 774 1362 801 δὲ
1377 775 1476 807 παντὸς
1494 775 1596 809 ἀγαθοῦ
1612 777 1741 804 ἐπέκεινα
1758 778 1773 804 ὁ
1789 787 1835 812 μο-

218 832 313 854 causa,
332 831 391 858 quae
407 822 478 857 quod
493 821 566 848 Patri
583 820 719 852 convenit,
742 819 889 855 quominus
912 824 994 846 totum

1047 820 1159 854 νογενὴς
1169 820 1244 853 Θεὸς,
1254 821 1304 847 οὐκ
1317 821 1463 856 ἀϐούλητον
1474 821 1502 848 δὲ
1518 821 1557 857 τῷ
1573 823 1661 858 Hirpi.
1673 823 1704 849 τὺ
1715 823 1817 858 ἀγαθάν
1825 833 1833 840 ·

218 876 272 896 non
293 854 375 898 adsit,
404 854 519 899 minuat,
540 866 582 893 vel
613 854 759 900 quominus
789 864 816 892 id
843 863 915 899 quod
939 864 994 891 vult

1048 863 1171 899 φανερῶς
1194 865 1385 892 ἀποδείκνυται
1406 854 1449 892 διὰ
1473 854 1586 897 τού-τὼν,
1603 854 1643 894 δτὶ
1662 868 1711 895 διαὶ
1733 854 1834 904 ἀμεσός

218 914 318 941 habere
342 913 482 947 impediat.
512 912 647 944 Quoniam
665 910 750 945 igitur
776 915 871 937 natura
885 910 994 941 bonum,

1047 910 1105 936 ἐστι
1120 911 1167 937 τοῦ
1181 911 1246 937 Υἱοῠ
1262 912 1277 946 ἡ
1293 911 1361 947 πρὸς
1372 912 1420 938 τὸν
1435 911 1545 947 Πατέρα
1560 913 1701 947 συνάφεια,
1718 915 1768 941 καὶ
1787 915 1835 942 οὐκ

217 960 270 991 vel,
286 964 315 986 ut
332 959 433 986 rectius
450 958 551 989 dicam,
566 955 650 991 supra
673 963 754 983 omne
766 956 879 987 bonum,
898 955 994 990 Unige-

1047 956 1185 988 ἐξωθεῖται
1198 957 1258 984 οὐδὲ
1275 958 1425 993 ἐξείργεται
1440 957 1493 984 ὑπὸ
1524 960 1573 993 τῆς
1596 959 1756 987 ἀδιαστάτου
1775 969 1835 987 συν-

216 1005 289 1032 nitns
306 1007 347 1030 est
363 1023 370 1034 ,
388 1006 416 1029 at
445 1002 518 1029 Patri
548 1001 648 1028 bonum
667 1008 721 1027 nott
751 1003 793 1027 est
821 1001 955 1035 ingratum
972 1003 994 1027 et

1052 1003 1149 1037 αφείας
1170 1004 1200 1030 τὺ
1223 1004 1345 1040 βούλημα
1369 1005 1399 1031 τὸ
1419 1006 1452 1039 τῇ
1469 1004 1556 1040 ἀγαθῇ
1573 1005 1656 1038 φύσει
1678 1006 1723 1033 διὰ
1737 1007 1835 1038 παντὸς

217 1054 314 1084 ιιιςυιρι-
328 1049 495 1075 voluntatem
510 1056 517 1073 :
533 1045 676 1072 manifeste
689 1052 736 1079 per
749 1045 806 1072 haec
831 1045 999 1072 demonstra-

217 1101 271 1126 tur,
288 1095 357 1129 quod
387 1094 468 1121 etiam
493 1091 646 1118 immediata
673 1094 715 1117 est
731 1090 792 1117 Filii
820 1098 881 1117 cum
913 1090 991 1117 Patre

1046 1048 1208 1083 ἐνυπάρχον.
1224 1050 1255 1076 Et
1265 1050 1293 1076 δέ
1303 1059 1346 1082 τις
1356 1050 1568 1085 ἀνεπηρεάστως
1589 1052 1685 1079 ἀκούει
1697 1054 1745 1079 τοῦ
1756 1053 1834 1087 λόγου

1045 1094 1092 1120 καὶ
1108 1094 1227 1121 τοιοῦτόν
1240 1103 1266 1122 τι
1277 1097 1333 1127 τοῖς
1342 1096 1494 1132 εἰρημένοις
1509 1097 1666 1132 προσθεῖναι
1693 1098 1834 1134 βούλομαι.

216 1141 360 1172 connexio,
378 1147 466 1174 neque
480 1138 632 1166 extruditur
645 1143 691 1165 aut
707 1143 815 1164 arcetur
840 1137 874 1164 al)
893 1136 1033 1165 individua
1048 1139 1202 1167 cohaesione
1229 1141 1357 1170 voluntas
1389 1150 1458 1177 quae
1486 1143 1564 1170 bona
1594 1148 1700 1172 natura
1728 1153 1836 1180 semper

217 1189 298 1215 inest.
316 1187 392 1220 Quod
413 1187 435 1214 si
448 1186 509 1220 quis
522 1185 654 1212 inoffenso
669 1185 760 1211 animo
774 1184 848 1210 hunc
862 1184 998 1212 auscultat
1017 1189 1182 1217 sermonem,
1200 1188 1254 1215 tale
1267 1188 1331 1222 qttid
1346 1189 1427 1217 etiam
1446 1191 1528 1219 dictis
1543 1191 1604 1218 volo
1618 1191 1750 1226 adjicere.

253 1232 486 1267 Quemadmodum
501 1232 524 1259 si
542 1232 615 1266 quis,
632 1231 693 1258 dico
708 1234 798 1257 autem
814 1237 845 1256 ex
866 1230 994 1264 supposi-

216 1282 300 1312 tione,
319 1279 459 1307 elertivam
473 1278 531 1305 sive
550 1276 733 1304 voluntariam
747 1276 865 1309 aliquam
882 1274 998 1302 flammae

216 1327 372 1354 facultatem
386 1324 503 1355 dederit,
530 1323 704 1358 perspicuum
727 1321 807 1348 fuerit
829 1321 901 1355 quod
917 1321 997 1348 simul

216 1376 297 1406 atque
316 1377 376 1397 esse
395 1367 520 1403 coeperit,
543 1367 650 1393 flamma
673 1366 756 1393 etiam
775 1372 808 1392 ex
835 1365 925 1399 seipsa
944 1363 998 1391 ful-

216 1424 309 1452 gorem
326 1415 392 1442 velit
404 1415 531 1441 elucere:
546 1412 640 1439 volens
660 1415 749 1438 autem
767 1417 820 1437 non
842 1411 894 1437 erit
910 1410 996 1445 impo-

216 1467 288 1494 lens,
304 1468 366 1488 eutn
385 1459 519 1487 naturalis
532 1458 592 1492 ejus
609 1457 722 1484 facultas
739 1456 766 1483 id
778 1455 884 1483 efficere
899 1455 994 1490 possit,

215 1512 245 1534 ut
258 1507 338 1535 simul
352 1513 385 1533 ac
410 1505 518 1532 lla‘mma
546 1503 708 1534 constiterit,
733 1502 898 1528 voluntatem
915 1501 996 1527 etiam

217 1552 336 1587 fulgendi
360 1551 458 1577 habeat
475 1549 533 1576 :ita
554 1552 583 1574 ut
600 1548 667 1574 citra
694 1546 948 1578 contradictionem,
973 1546 996 1573 si

216 1599 268 1626 hoc
281 1597 374 1624 datum
389 1596 481 1625 fuerit,
494 1593 649 1620 voluntario
661 1599 758 1626 nempe
773 1596 847 1619 motu
861 1591 996 1618 flamtnam

216 1641 329 1672 moveri,
345 1641 402 1666 inec
417 1638 510 1666 omnia
522 1644 688 1664 concurrere
704 1636 785 1663 simul
800 1635 995 1671 intelligantur.

216 1692 242 1714 et
259 1686 329 1721 ignis
351 1683 475 1711 accensio
495 1687 521 1710 et
538 1682 655 1716 fulgendi
676 1682 813 1713 voluntas,
833 1688 865 1708 ac
880 1681 997 1715 denique

218 1733 306 1767 fulgor
321 1731 390 1765 ipse,
416 1737 478 1756 cutn
502 1727 673 1756 voluntarius
691 1727 742 1754 iste
764 1731 853 1755 motus
883 1727 996 1762 fulgoris

216 1775 399 1804 subsistentia:
411 1774 572 1809 dignitatem
591 1773 665 1800 nullo
682 1773 764 1799 ntodo
788 1772 917 1807 impediat
932 1781 939 1799 :
956 1772 997 1800 sic

217 1829 264 1857 per
279 1822 330 1847 hoc
343 1820 416 1855 quod
430 1828 443 1846 a
454 1819 533 1847 nobis
549 1819 658 1846 allatum
672 1822 714 1845 est
724 1817 889 1852 exemplum.
900 1817 996 1844 etiam-

216 1867 238 1893 si
257 1865 328 1892 Patri
347 1865 445 1891 bonam
464 1864 630 1891 voluntatem
650 1863 741 1890 inesse
755 1861 921 1895 confitearis,
941 1869 995 1889 non

217 1916 307 1937 tamen
324 1913 435 1944 propter
453 1909 586 1943 ejusmodi
605 1908 770 1935 voluntatem
787 1906 885 1934 Filium
903 1914 918 1934 a
944 1907 996 1934 Pa-

215 1961 255 1983 tre
276 1956 435 1990 separabis;
465 1963 553 1990 neque
568 1955 640 1982 enim
656 1958 868 1981 consentaneum
895 1958 947 1985 est,
966 1957 995 1980 ut

214 2002 282 2030 illud
296 2001 368 2036 quod
389 2000 515 2028 videlicet
532 2001 589 2035 ipse
605 2000 690 2027 Filius
702 2000 842 2027 voluntate
856 1999 944 2027 Patris
959 2000 995 2027 sit

214 2047 334 2081 genitus,
355 2045 549 2080 impedimento
565 2045 600 2071 sit
616 2045 762 2079 quominus
779 2045 852 2071 illico
867 2052 928 2071 curn
945 2052 994 2072 v0-

214 2093 318 2120 luntate
333 2092 368 2119 sit
385 2091 501 2126 genitus.
527 2090 579 2117 Sed
606 2090 833 2124 quemadmodum
861 2090 888 2117 in
915 2091 994 2118 oculo

214 2139 305 2166 videre
321 2142 348 2164 et
372 2137 438 2164 velle
457 2136 564 2167 videre,
595 2135 662 2162 illud
689 2135 797 2170 quidem
817 2141 860 2163 est
891 2140 994 2163 natura:

213 2184 401 2219 operationis,
434 2183 501 2209 velle
526 2185 617 2208 autem
645 2181 771 2213 arbitrii;
804 2186 922 2208 attamen
949 2181 993 2209 hic

212 2230 362 2256 voluntatis
381 2234 469 2254 tnotus
485 2235 538 2254 non
554 2226 786 2261 impedimentum,
802 2227 848 2254 sed
867 2228 991 2255 volunta-

212 2279 266 2302 tem
293 2279 355 2301 actn
374 2274 482 2301 videndi
510 2273 543 2300 ad
559 2273 610 2300 hoc
627 2273 900 2308 ipsum'ingenerat;
929 2282 992 2301 nam

212 2320 353 2355 stgillatim
375 2323 402 2346 et
432 2320 578 2354 Separatim
610 2319 706 2345 horum
727 2319 940 2354 unumquodque
965 2321 992 2347 in

212 2375 241 2394 se
254 2374 302 2400 pso
318 2365 516 2397 consideratur,
535 2368 562 2392 et
581 2365 696 2392 alterum
711 2365 789 2391 alteri
807 2373 862 2392 non
880 2369 922 2392 est
941 2365 992 2392 iut-

212 2413 370 2447 pedimeuto
385 2416 412 2438 ut
439 2412 484 2443 sit,
504 2411 552 2438 sed
578 2411 635 2438 haec
663 2410 717 2437 duo
735 2411 806 2438 inter
836 2419 868 2438 se
896 2415 992 2439 mutuo

211 2457 414 2492 qmulauuuodo
427 2460 508 2484 stitit:
525 2463 587 2482 nam
602 2459 628 2482 et
644 2455 775 2483 naturalis
789 2455 898 2483 videndi
915 2462 991 2484 actus

211 2505 377 2531 voluntatem
394 2502 525 2536 sequitur,
543 2506 569 2528 et
595 2509 704 2529 rursum
724 2502 848 2529 voluntas
876 2501 910 2529 ab
940 2503 991 2529 hoc

211 2553 284 2575 motu
304 2547 411 2574 videndi
432 2547 477 2581 qui
494 2551 536 2574 est
554 2545 706 2573 secundum
726 2550 862 2578 naturam,
880 2554 932 2573 non
944 2547 990 2574 de-

210 2594 310 2620 seritur
324 2601 330 2619 :
350 2595 379 2618 ut
394 2591 476 2625 igitur
490 2591 569 2617 oculo
585 2590 719 2625 inspectio
737 2598 783 2617 seu
802 2590 871 2617 visio
895 2596 989 2618 natura

210 2639 290 2665 insita
308 2641 360 2670 est,
376 2642 402 2665 et
418 2636 528 2664 videndi
553 2636 682 2662 voluntas
713 2635 815 2661 nullam
833 2636 988 2663 dilationem

209 2684 242 2710 ad
259 2685 344 2717 ipsum
362 2682 469 2709 videndi
488 2687 577 2708 actum
596 2681 695 2711 attulit,
710 2680 757 2706 sed
769 2681 826 2706 vult
844 2681 868 2707 ei
882 2682 988 2712 adesse,

209 2734 236 2756 ct
251 2729 321 2762 quod
337 2729 394 2754 vult
408 2733 469 2755 est:
484 2727 521 2753 sic
531 2731 558 2753 ct
569 2727 594 2752 itt
607 2725 743 2756 inelIabili,
756 2733 916 2760 omnemque
944 2736 989 2753 co-

210 2774 367 2808 gitationetu
386 2776 533 2806 superante
549 2775 657 2799 natura,
672 2770 764 2796 omnia
787 2771 867 2797 simul
885 2775 912 2798 cl.
945 2780 988 2798 sc—

216 2819 334 2847 cunduut
352 2817 420 2844 idem
436 2824 496 2844 esse
520 2815 706 2850 intelligimus,
725 2820 751 2842 et
777 2817 869 2843 :clcrni
901 2816 989 2844 Patris

1080 1233 1185 1268 Ὥσπερ
1195 1234 1222 1260 ετ
1232 1242 1283 1265 τις,
1299 1234 1370 1268 λέγω
1382 1235 1410 1262 δὲ
1421 1237 1482 1263 καθ’
1495 1236 1631 1267 ὑπόθεσιν.
1639 1238 1834 1274 πρόαιρετιχήν

1045 1286 1107 1304 τινα
1132 1280 1164 1314 τῇ
1188 1278 1267 1313 φλογὶ
1282 1279 1394 1315 δύναμιν
1411 1281 1486 1316 δοίη,
1509 1282 1586 1317 δῆλον
1605 1283 1638 1309 ἂν
1651 1283 1695 1318 εἴη
1709 1283 1751 1310 ὅτι
1767 1285 1834 1319 ὁμοῦ

1045 1323 1085 1358 τῷ
1099 1321 1168 1351 εἶναι
1180 1325 1196 1359 ἡ
1213 1325 1277 1358 φλὸξ
1292 1327 1338 1352 καὶ
1352 1327 1401 1362 τὴν
1415 1327 1503 1363 αὐγὴν
1514 1328 1664 1363 ἐκλάμπειν
1677 1329 1723 1363 ἀφ’
1736 1331 1834 1365 ἑαυτῆς

1047 1368 1173 1404 θελήσει·
1199 1370 1336 1406 θελήσασα
1356 1372 1385 1399 δὲ
1406 1373 1512 1405 πάντως
1527 1374 1578 1400 οὐκ
1596 1374 1767 1410 ἀδυνατήσει,
1785 1376 1833 1411 τῆς

1048 1416 1166 1450 φυσικῆς
1177 1416 1315 1452 δυνάμεως
1325 1418 1448 1451 ἐπιτελὲς
1463 1419 1592 1454 ποιούσης
1603 1420 1671 1455 ὁμοῦ
1684 1420 1725 1456 τῷ
1739 1422 1834 1456 συστῆ-

1049 1466 1093 1486 ναι
1114 1458 1163 1494 τὴν
1189 1460 1293 1495 φλόγα,
1315 1462 1346 1488 τὸ
1369 1462 1432 1497 περὶ
1453 1463 1502 1499 τῆς
1524 1464 1612 1499 αὐγῆς
1635 1460 1777 1500 βούλημα·
1798 1466 1835 1497 ὡς

1048 1505 1252 1541 ἁναντιρῤήτως
1268 1508 1292 1533 εί
1302 1507 1380 1535 τοῦτο
1394 1509 1482 1543 δοθείη
1496 1509 1526 1535 τὸ
1539 1511 1737 1546 προαιρετικῶς
1753 1513 1834 1538 κινεῖ-

1049 1550 1109 1577 σθαι
1126 1550 1174 1587 τὴν
1189 1552 1284 1586 φλόγα,
1303 1553 1412 1581 πάντων
1422 1555 1492 1582 κατὰ
1508 1556 1608 1591 ταυτὴν
1619 1556 1668 1592 τὴν
1683 1557 1834 1592 συνδρομὴν

1047 1596 1175 1628 νοεῖσθαι,
1197 1598 1247 1633 τῆς
1263 1607 1292 1625 τε
1315 1599 1362 1626 τοῦ
1386 1601 1470 1636 πυρὸς
1489 1601 1619 1636 ἐξάψεως,
1644 1603 1692 1629 καὶ
1707 1603 1755 1629 τοῦ
1770 1604 1833 1638 περὶ

1046 1642 1096 1677 τὴν
1112 1643 1198 1678 αὐγὴν
1214 1644 1375 1680 θελήματος,
1391 1647 1437 1673 καὶ
1452 1647 1536 1682 αὐτῆς
1547 1649 1597 1683 τῆς
1613 1648 1710 1683 αὐγῆς,
1727 1649 1765 1680 ὡς
1780 1658 1832 1683 μη-

1045 1688 1090 1715 δὲν
1107 1689 1157 1724 τῆς
1179 1691 1372 1726 πῳαιρετικῆς
1388 1693 1519 1727 κινήσεως
1540 1693 1608 1729 πρὸς
1625 1693 1674 1729 τὴν
1691 1695 1771 1727 ἀξίαν
1785 1696 1832 1730 τῆς

1046 1733 1133 1768 αὐγῆς
1150 1734 1298 1761 ὑπόστασιν
1312 1736 1510 1771 ἐμποδιζούσης
1525 1746 1530 1752 ·
1553 1737 1640 1770 οὕτως
1655 1739 1727 1765 κατὰ.
1743 1739 1773 1766 τὸ
1785 1741 1832 1774 ρη-

1047 1778 1095 1806 θὲν
1111 1780 1175 1814 ἡμῖν
1186 1780 1344 1816 ὑπόδειγμα,
1357 1782 1404 1807 καὶ
1415 1781 1455 1817 τῷ
1468 1782 1555 1817 Πατρὶ
1565 1783 1595 1809 τὸ
1607 1783 1710 1817 ἀγαθὸν
1728 1783 1832 1819 θέλημα

1046 1824 1242 1860 συνομολογῶν,
1255 1825 1305 1852 οὐκ
1323 1826 1486 1863 ἁποστήσεις
1500 1828 1543 1854 διὰ
1559 1828 1606 1854 τοῦ
1624 1828 1775 1864 θελήματος
1785 1829 1830 1856 τοῦ

1045 1869 1153 1905 [ἰατρὸς
1167 1870 1212 1896 τὸν
1235 1871 1309 1898 Υίόν.
1333 1872 1399 1899 Οὐδὲ
1413 1873 1468 1908 γὰρ
1486 1873 1558 1905 εἰκός
1575 1875 1631 1900 ἐστι
1649 1875 1679 1900 τὸ
1702 1875 1748 1901 τοῦ
1764 1873 1829 1902 εἶναι

1045 1915 1126 1941 αὑτὸν
1149 1915 1279 1951 βούλημα,
1304 1917 1431 1952 ἐμπόδιον
1452 1918 1498 1945 τοῦ
1518 1918 1599 1951 εὐθὺς
1614 1917 1684 1947 εἶναι
1697 1920 1829 1954 γίνεσθαι.

1053 1960 1119 1988 Ἀλλ’
1133 1961 1226 1997 ὥσπερ
1242 1963 1271 1989 ὲν
1286 1963 1325 1998 τῷ
1340 1963 1471 2000 ὀφθαλμῷ
1486 1965 1516 1991 τό
1545 1974 1575 1991 τε
1598 1965 1710 2000 βλέπειν
1737 1967 1782 1993 καὶ
1799 1967 1828 1993 τὸ

1045 2007 1132 2034 Θέλειν
1148 2007 1265 2042 βλέπειν,
1283 2008 1312 2035 τὸ
1328 2009 1377 2043 μὲν
1389 2010 1439 2044 τῆς
1450 2009 1556 2044 φύσεώς
1566 2011 1640 2037 ἐστιν
1654 2011 1789 2047 ἐνέργεια,
1801 2012 1828 2038 τὸ

1044 2052 1073 2079 δὲ
1091 2053 1253 2088 ὁρμηθῆναι,
1278 2054 1328 2088 τῆς
1343 2051 1540 2090 προαιρέσεως,
1563 2056 1592 2082 οὐ
1621 2057 1674 2092 μὴν
1691 2057 1827 2092 ἐμπόδιον,

1045 2095 1113 2122 ἀλλὰ
1128 2095 1224 2130 βουλὴν
1240 2097 1349 2131 ἐμποιεῖ
1363 2099 1396 2133 τῇ
1418 2098 1544 2134 ἐνεργείᾳ
1562 2099 1608 2126 τοῦ
1629 2100 1738 2135 βλέπειν
1764 2101 1829 2136 πρὸς

1045 2140 1109 2166 αὐτὸ
1127 2139 1205 2166 τοῦτο
1227 2141 1276 2176 τῆς
1295 2142 1481 2178 προαιρέσεως
1504 2145 1520 2179 ἡ
1544 2144 1652 2179 κίνησις
1669 2154 1675 2161 ι
1705 2146 1759 2181 ὶδίᾳ
1777 2146 1828 2180 γὰρ

1045 2184 1145 2212 τούτων
1172 2184 1302 2220 ἑκάτερον
1327 2186 1374 2212 καὶ
1399 2187 1441 2221 ἐφ’
1466 2189 1560 2215 ἑαυτοῦ
1581 2189 1732 2225 θεωρεῖται,
1756 2191 1827 2218 οὐδὲν

1045 2230 1171 2265 ἐμπόδιον
1183 2231 1249 2266 πρὸς
1260 2231 1290 2257 τὸ
1301 2229 1370 2259 εἶναι
1381 2232 1411 2259 τὸ
1422 2233 1513 2268 ἕτερον
1524 2233 1563 2269 τῷ
1574 2235 1658 2270 ἑτέρῳ
1678 2236 1825 2271 γινόμενον,

1043 2275 1149 2303 ἁλλὰτὰ
1156 2276 1212 2309 δύο,
1219 2277 1318 2313 τρόπον
1326 2277 1387 2304 τινὰ
1396 2279 1453 2312 μετ’
1460 2278 1580 2314 ἀλλήλων
1589 2281 1655 2312 ἐστὶ,
1663 2281 1715 2315 τῆς
1721 2290 1750 2308 τε
1758 2290 1828 2316 φυσι-

1044 2322 1096 2356 κῆς
1106 2322 1244 2357 ἐνεργείας
1260 2323 1293 2358 τῇ
1309 2323 1465 2358 προαιρέσει
1479 2326 1718 2361 παρομαρτούσης.
1728 2328 1825 2362 καὶτῆς

1043 2366 1225 2399 προαιρέσεως
1240 2366 1320 2393 πάλιν
1334 2366 1382 2393 τοῦ
1398 2368 1468 2395 κατὰ
1483 2368 1563 2402 φύσιν
1581 2370 1630 2396 οὐκ
1646 2370 1825 2406 ἀπολιμπανο·

1045 2410 1128 2445 μένης
1139 2412 1285 2446 κινήματος
1302 2421 1307 2427 ·
1332 2412 1369 2444 ὼς
1383 2411 1429 2440 οὗν
1445 2413 1482 2448 τῷ
1494 2413 1625 2450 ὀφθαλμῷ
1639 2417 1655 2451 ὴ
1668 2418 1824 2452 ica-revertit;

1044 2457 1168 2492 συμφυής
1192 2458 1260 2490 ἐστι,
1286 2459 1332 2485 καὶ
1348 2459 1364 2493 ἡ
1380 2458 1427 2485 τοῦ
1460 2460 1526 2494 ὁρᾷν
1550 2460 1675 2496 βούλησις
1703 2463 1825 2498 οὐδεμίαν

1043 2501 1187 2536 ὑπέρθεσιν
1198 2501 1265 2536 πρὸς
1280 2503 1346 2529 αὐτὸ
1357 2504 1423 2538 ὁρᾷν
1437 2504 1603 2538 ἐνεποίησεν,
1615 2505 1682 2531 ἀλλὰ
1700 2508 1746 2533 καὶ
1757 2507 1823 2533 θέλει

1041 2548 1115 2583 αὐτῷ
1129 2547 1197 2576 εἶναι
1210 2550 1259 2583 τὴν
1273 2549 1381 2585 ὅρασιν,
1400 2550 1446 2577 καὶ
1459 2551 1474 2577 ὂ
1490 2551 1560 2578 θέλει
1583 2553 1656 2578 ἐστίν
1668 2560 1674 2567 ·
1700 2553 1770 2580 οὕτω
1783 2555 1824 2581 καὶ

1041 2594 1087 2620 ἐπὶ
1109 2594 1164 2628 τῆς
1182 2595 1300 2630 ἀρρήτου
1324 2595 1370 2621 καὶ
1384 2596 1455 2631 ὑπὲρ
1476 2597 1566 2623 πᾶσαν
1580 2597 1683 2624 ἔννοιαν
1706 2600 1822 2632 φύσεως,

1042 2640 1150 2666 πάντων
1160 2640 1218 2675 ἅμα
1240 2640 1311 2666 κατὰ
1326 2641 1424 2668 ταυτὸν
1438 2642 1573 2676 ἐγγίνεται
1589 2645 1656 2678 ἡμῖν
1678 2646 1694 2679 ἡ
1714 2646 1820 2675 διάνοια,

1041 2685 1090 2717 τῆς
1107 2693 1135 2710 τε
1149 2685 1233 2711 ἀϊδίου
1241 2685 1287 2711 τοῦ
1304 2687 1408 2722 Harpe;
1418 2687 1568 2722 ὑπάρξεως.
1584 2690 1629 2716 καὶ
1640 2699 1672 2716 πε
1678 2691 1704 2726 pi.
1712 2691 1756 2717 τὸν
1765 2691 1822 2717 Υξὸν

1043 2729 1200 2764 θελήματος,
1221 2731 1267 2756 καὶ
1281 2732 1360 2758 αὑτοῦ
1377 2732 1423 2758 τοῦ
1438 2733 1512 2765 Υίοῦ,
1535 2734 1593 2766 τοῦ,
1613 2735 1703 2769 ξαθώς
1718 2745 1794 2771 φησιν
1808 2737 1821 2763 ό

1050 2775 1183 2809 Ἰωάννης,
1202 2776 1230 2802 ὲν
1246 2778 1278 2812 τῇ
1295 2778 1365 2813 ἀρχῇ
1381 2778 1468 2810 ὄντος,
1484 2780 1530 2806 καὶ
1545 2779 1575 2806 οὑ
1593 2781 1662 2814 μετὰ
1676 2782 1724 2816 τὴν
1740 2781 1819 2816 ἀρχὴν

1044 2819 1198 2853 νοουμένου.
1220 2821 1301 2856 Ἀρχὴ
1316 2821 1343 2847 δὲ
1359 2822 1404 2848 τοῦ
1420 2823 1517 2855 nam;
1530 2825 1543 2850 ὁ
1556 2825 1650 2861 Πατήρ
1662 2834 1668 2840 ·
1685 2825 1777 2854 ἀλλ’ἑν
1788 2826 1817 2860 τῇ
