1923 3071
77 117 118 143 ’Πτ

75 174 137 208 ἀρχῆ
149 171 227 206 ταύτῃ
242 171 287 198 καὶ
303 171 318 197 ό
332 171 394 204 Tib;
409 170 478 199 εἴναι
502 174 680 208 κεκήρυκται,
703 175 791 202 ἐκεῖνο
804 176 841 202 ὢν
856 180 877 208 Α

74 218 134 246 κατὰ
147 217 189 252 τὴν
203 216 292 252 φύσιν,
309 218 378 254 ὅπερ
394 218 467 245 ἐστὶν
487 219 504 253 ὴ
521 220 600 254 ἀρχή.
622 220 687 251 Θεὸς
701 220 753 256 γὰρ
765 221 811 248 καὶ
825 223 842 257 ἡ

74 263 144 299 ἀρχὴν
161 262 203 288 καὶ
223 262 237 288 ὁ
256 262 284 288 ὲν
298 263 330 297 τῇ
347 262 416 298 ἀρχῇ
432 262 470 289 ὢν
486 263 571 298 Λόγος
604 264 670 296 Θεός
686 266 769 293 ἐστιν.
787 267 842 302 Τῆς

72 309 96 335 δὲ
108 307 185 343 ἀρχῆς
196 307 225 333 τὸ
239 308 325 334 ἀΐδιον
340 308 555 344 ἐνδεικνυμένης,
581 309 670 341 καλῶς
683 311 697 336 ὁ
717 311 843 346 Ἰωάννης

74 356 97 381 ἐν
108 355 135 390 τῇ
149 354 213 389 ἀρχῇ
230 354 359 381 συνάπτει
373 354 418 381 τὸν
433 355 528 389 Λόγον,
544 356 572 382 ἐν
588 356 656 392 αὐτῇ
670 355 738 384 εἶναι
757 357 843 391 λέγων

71 401 111 426 τὸν
124 400 219 434 Λόγον·
246 399 325 426 τοῦτο
341 400 378 432 ὡς
400 397 475 436 οἶμαι
497 402 718 434 κατασκευάζων,
740 402 783 430 ἵνα
806 403 843 438 μὴ

72 445 152 482 φθάσῃ
175 445 239 480 μόνη
265 444 325 472 καθ’
348 446 445 481 ἑαυτὴν
482 446 679 483 ὲγγενέσθαιίή
710 448 780 483 ἁρχὴ
806 448 844 483 τῷ

71 493 212 524 ἀκούσαντι,
223 493 290 520 ἀλλὰ
300 494 364 530 πρὶν
377 495 477 529 ταύτην
493 495 676 530 ὲντυπωθῆναι
687 497 719 531 τῇ
730 496 844 532 διανοίᾳ,

70 539 262 575 συγκατανοηθῇ
279 541 312 575 τῇ
328 540 400 575 ἀρχῇ
413 540 460 566 καὶ
474 541 488 566 ὁ
504 539 588 575 Λόγος
610 541 624 567 ὁ
644 542 672 567 ὲν
688 541 780 577 ἐκείνῃ
795 541 844 573 ὢν,

71 584 234 612 συνεισελθὼν
257 585 315 620 μετ’
338 586 423 620 αὐτῆς
448 585 487 616 είς
509 585 559 620 τὴν
579 586 626 612 τοῦ
643 586 785 618 ἀκούοντος
801 587 843 614 ἐν-

68 638 143 661 νοιαν,
160 630 204 657 καὶ
220 631 288 666 μετᾶ
301 630 351 665 τῆς
364 630 451 666 ἀρχῆς
471 631 503 665 τῇ
518 631 586 666 ἀκοῇ
604 631 790 666 ἐγγενόμενος.

599 116 735 144 CONTRA
757 116 955 150 EUNOMIUM,
976 117 1039 144 LIB.
1062 117 1128 145 Vlll.

1627 119 1677 147 778

892 175 1052 202 exsistentia
1065 179 1091 202 et
1104 174 1250 210 generandi
1268 173 1328 201 Filii
1350 173 1478 200 voluntas
1497 194 1503 205 ,
1516 177 1544 201 et
1562 175 1675 210 ipsemet

892 220 978 249 Filius
994 221 1039 255 qui
1058 221 1210 248 secundum
1223 220 1354 247 Joannem
1370 220 1396 246 in
1415 219 1550 254 principio
1566 223 1635 252 erat,
1650 223 1678 247 et

892 274 946 294 non
964 271 1023 301 post
1039 267 1203 302 principium
1229 266 1401 301 intelligitur.
1417 265 1586 300 Principium
1615 266 1678 300 qui-

891 312 952 339 dem
969 313 1088 340 universi
1102 312 1182 339 Pater
1193 316 1246 343 est,
1263 312 1310 339 sed
1326 313 1351 338 in
1367 311 1418 338 hoc
1446 311 1580 346 principio
1595 311 1678 338 etiam

893 358 978 385 Filius
990 366 1051 386 esse
1064 357 1228 393 praedicatus
1244 361 1296 390 est,
1316 357 1381 384 illud
1397 359 1463 384 eum'
1475 357 1509 384 sit
1525 356 1677 384 secundum

892 408 1030 436 naturam,
1054 403 1126 438 quod
1156 407 1198 431 est
1218 403 1392 439 principium.
1428 402 1499 430 Deus
1531 403 1603 429 enim
1635 406 1678 429 est

893 450 981 484 ipsum
997 449 1174 484 principium,
1192 453 1219 476 et
1243 449 1314 477 Deus
1341 453 1383 476 est
1400 448 1472 484 quod
1497 449 1524 475 in
1545 447 1679 483 principio

892 500 951 522 eral.
970 495 1098 523 Verbum.
1120 496 1188 524 Cum
1224 501 1312 523 autem
1347 496 1510 531 principium
1540 494 1679 522 aeternitas

893 541 1018 576 principii
1042 545 1114 568 esset
1139 541 1344 573 demonstrata,
1359 541 1488 576 praeclare
1515 540 1633 567 Joannes
1651 539 1679 565 in

895 587 1028 622 principio
1046 586 1164 614 Verbum
1188 586 1308 621 copulat,
1335 594 1397 613 cum
1413 585 1531 613 Verbum
1563 585 1590 612 in
1620 585 1680 619 ipso

898 639 959 658 esse
974 632 1040 658 dicit
1056 641 1061 658 :
1078 632 1129 658 hoc
1145 636 1175 658 ut
1194 631 1292 666 opinor
1306 635 1482 666 praestruens,
1506 637 1540 657 ne
1555 629 1681 656 videlicet

69 679 211 711 praventus
225 676 344 708 auditor,
361 678 448 704 solum
473 684 521 711 per
541 684 571 704 se
588 677 750 712 principium
773 684 833 705 esse
853 677 944 705 statim
964 678 1109 714 intelligat,
1128 678 1175 706 sed
1209 682 1355 712 antequam
1394 677 1485 712 ipsum
1514 675 1679 710 principium

67 722 92 748 in
111 728 196 749 mente
211 722 349 750 audientis
365 724 548 757 imprimatur,
563 722 682 750 Verbum
717 724 800 750 etiam
835 722 918 750 simul
953 731 1014 751 cum
1044 725 1179 759 principio
1210 725 1396 760 intelligatur,
1433 722 1499 749 illud
1528 729 1577 749 ens
1607 722 1682 756 quod

68 765 148 801 ipsum
160 773 200 794 est.
213 767 378 802 principium
394 767 477 794 simul
500 775 563 795 cum
579 767 638 802 ipso
668 768 695 794 in
713 767 848 795 audientis
879 773 995 796 mentem
1032 770 1154 802 subiens,
1172 773 1199 797 et
1217 777 1270 796 una
1289 777 1350 796 cum
1366 768 1500 804 principio
1523 767 1550 794 in
1582 767 1678 795 auditu

67 812 170 840 insitus.

93 859 196 887 Οὑτωσὶ
220 860 250 887 δὲ
279 859 328 887 τοῦ
362 859 494 893 δόγματος
519 859 585 894 ἡμῖν
600 858 839 893 διευκρινηῦὲντος,
860 862 879 888 Β

66 902 151 938 καιρὸς
166 902 198 928 ἂν
212 902 256 937 εἴη
272 903 317 928 καὶ
331 902 375 928 τὸν
391 903 511 929 ἐναντίον
525 903 664 938 προθεῖναι
681 903 727 929 καὶ
741 901 844 937 θεωρῆ-

66 957 104 974 σαι
117 948 203 982 λόγον,
220 949 253 974 ἐκ
270 948 419 984 παραλλήλν
429 958 439 974 J
452 948 520 984 πρὸς
533 949 581 980 τὰς
594 948 729 984 ἡμετέρας
743 947 844 981 ὑπολή-

65 994 119 1028 ψεις
142 994 353 1026 ἀντεξετάζοντα
370 1003 376 1009 ·
401 994 474 1028 λέγει
500 994 528 1020 δὲ
566 993 668 1025 οὕτως·
709 994 766 1020 Δύο
791 993 845 1027 γὰρ

63 1039 158 1072 ὅντως,
196 1039 275 1074 φησι,
299 1038 358 1065 τῶν
387 1039 437 1074 ὑφ’
452 1039 536 1074 ἡμῶν
553 1040 724 1074 εἰρημένων,
738 1039 792 1066 τοῦ
815 1047 846 1065 τε

64 1084 115 1118 πρὸ
140 1084 195 1119 τῆς
212 1085 290 1118 ὶὸιιις
314 1085 483 1120 γεννήσεως
507 1084 550 1119 μὴ
565 1083 641 1112 εἶναι
662 1084 720 1118 τὴν
738 1085 847 1112 οὐσίαν

63 1130 110 1157 τοῦ
128 1130 329 1165 Μονογενοῦς,
349 1131 398 1157 καὶ
416 1131 468 1157 τοῦ
486 1131 683 1166 γεννηθεῖσαν
699 1130 755 1165 πρὸ
771 1129 846 1156 πάν-

64 1185 117 1203 των
125 1175 211 1209 εἶναι,
222 1177 288 1204 οὗθ’
295 1176 396 1211 ἕτερον
405 1177 465 1203 τῶν
472 1177 632 1211 είρημένων
645 1176 761 1211 ἐλέγχει
776 1177 815 1210 ψε
820 1176 849 1203 ῦ-

61 1224 120 1257 ὄος.
133 1224 208 1251 Οὔτε
221 1223 278 1259 γὰρ
289 1223 328 1256 ὼς
338 1223 393 1257 πρὸ
403 1222 458 1257 τῆς
469 1223 606 1250 ἀνωτάτω
617 1223 783 1257 γεννήσεως
799 1222 850 1249 καὶ

61 1269 240 1302 συστάσεως
259 1268 307 1304 ἦν,
320 1269 415 1296 εἰπεῖν
424 1269 600 1304 ἐτόλμησεν,
613 1268 850 1301 ἀντιπιπτούσης

62 1314 92 1349 τῆ
95 1326 110 1348 ς
120 1315 170 1342 τοῦ
176 1315 294 1348 Πατρὸς
300 1315 427 1348 φύσεως,
435 1314 482 1341 καὶ
491 1314 544 1348 τῆς
549 1314 609 1340 τῶν
614 1313 850 1348 σωφρονούντων

59 1365 193 1393 κρίσεως.
224 1360 273 1393 Τίς
288 1359 342 1394 γὰρ
358 1359 397 1386 ἂν
412 1359 461 1386 καὶ
475 1359 672 1393 παραδέξαιτο
685 1358 852 1394 σωφρονῶν

65 1406 131 1431 Υἱὸν
153 1406 228 1433 ὄντα
241 1406 291 1433 καὶ
315 1405 470 1441 γεννητὸν,
493 1405 547 1439 πρὸ
565 1405 619 1439 τῆς
634 1405 771 1432 ἀνωτάτω
788 1413 852 1439 γεν-

59 1450 184 1484 νήσεως,
201 1451 247 1486 μὴ
268 1450 410 1485 δεομένου
434 1450 603 1485 γεννήσεως
615 1449 688 1484 πρὸς
699 1449 732 1477 τὸ
743 1448 819 1477 εἶναι
836 1449 853 1475 ὅ

58 1495 122 1521 ἐστι
148 1495 202 1522 τοῦ
229 1494 321 1529 χωρὶς
357 1494 526 1529 γεννήσεως
549 1495 648 1526 ﬁrme;
674 1494 705 1520 Εἰ
726 1494 774 1529 μὲν
804 1491 850 1521 οὖν

928 857 995 884 Cum
1012 857 1095 892 igitur
1109 856 1246 892 dogmatis
1271 856 1358 884 nostri
1378 857 1571 888 assertionem,
1587 856 1627 884 sic
1642 856 1684 884 di-

899 903 1087 934 stinxerimus,
1099 906 1284 937 opportunum
1305 902 1386 930 fuerit
1397 901 1565 929 contrarium
1582 908 1684 929 sermo-

899 957 960 977 nem
976 955 1128 984 proponere
1142 954 1168 976 et
1182 948 1328 983 speculari,
1358 956 1390 976 ex
1406 947 1521 975 adverso
1544 955 1608 975 cum
1636 955 1684 974 no-

900 997 964 1024 stris
976 996 1150 1031 opinionibus
1171 995 1243 1022 l'aeta
1260 995 1414 1022 collatione.
1431 994 1477 1022 Sic
1490 1000 1579 1022 autem
1594 995 1660 1022 dicit
1677 1003 1683 1020 :

900 1041 967 1070 Cum
980 1043 1059 1074 enim,
1076 1042 1174 1077 inquit,
1205 1041 1257 1068 duo
1275 1049 1331 1068 rere
1346 1041 1512 1073 dixerimus,
1528 1040 1596 1076 quod
1619 1041 1687 1068 vide-

902 1087 961 1114 licet
978 1092 1037 1114 antc
1050 1087 1184 1121 propriam
1199 1088 1391 1122 generationem
1407 1094 1458 1113 non
1470 1091 1528 1113 erat
1555 1085 1686 1121 Unigeniti

901 1134 1025 1165 essentia,
1039 1137 1062 1159 et
1077 1133 1146 1168 quod
1164 1138 1224 1160 ante
1239 1133 1328 1160 omnia
1342 1138 1380 1159 est
1396 1134 1494 1168 genita,
1506 1133 1624 1159 neutrius
1644 1132 1686 1158 Ito-

903 1185 961 1204 rum
979 1179 1066 1213 arguit
1083 1178 1247 1205 mendacium
1261 1186 1270 1204 .'
1284 1186 1364 1213 neque
1388 1179 1456 1205 enim
1473 1178 1542 1212 quod
1561 1183 1621 1204 ante
1641 1186 1687 1204 su-

902 1230 1017 1257 premam
1030 1224 1223 1258 generationem
1240 1229 1263 1250 et
1278 1224 1491 1250 constitutionem
1519 1228 1587 1255 erat,
1606 1231 1687 1249 ausus

904 1273 942 1294 ut
956 1267 1042 1294 dicere
1058 1268 1108 1301 (ο),
1120 1267 1265 1294 reluctante
1290 1267 1378 1294 Patris
1399 1272 1506 1299 natura,
1534 1272 1558 1294 et
1574 1267 1688 1301 pruden-

906 1317 959 1338 tum
971 1313 1125 1339 adversante
1134 1311 1249 1346 judicio.
1268 1311 1332 1344 Quis
1347 1313 1417 1339 attint
1431 1321 1534 1347 compos
1548 1313 1641 1339 mentis
1662 1317 1688 1339 et

901 1358 998 1393 judicii
1020 1357 1144 1384 admittat
1176 1357 1277 1384 Filium
1301 1365 1357 1385 esse
1380 1363 1403 1384 et
1419 1359 1536 1393 genitum
1561 1362 1622 1386 ante
1647 1365 1688 1385 su-

905 1411 1020 1437 premam
1036 1403 1244 1437 generationem,
1273 1411 1304 1429 ac
1322 1403 1345 1429 si
1363 1411 1413 1430 non
1432 1402 1555 1438 indigeret
1585 1412 1689 1438 genera-

908 1450 976 1476 tione
987 1454 1015 1475 ut
1029 1453 1095 1476 esset
1111 1448 1138 1475 id
1158 1448 1226 1484 quod
1244 1449 1318 1476 estis
1342 1449 1387 1484 qui
1407 1448 1504 1484 absque
1522 1450 1689 1484 generatione

907 1494 962 1522 est?
975 1494 1001 1521 Si
1018 1494 1101 1529 igitur
1117 1502 1210 1521 verum
1234 1499 1276 1521 est
1291 1494 1363 1529 quod
1392 1495 1502 1526 asserit,
1530 1495 1690 1529 magistrum

58 1540 183 1575 ἀληθεύει
199 1540 248 1567 τον
264 1539 423 1566 διδάσκαλον
444 1540 521 1575 ἡμῶν
543 1539 623 1575 μηδὲν
643 1538 791 1573 ἠγωνίσθαι
805 1539 845 1565 λέι

906 1544 1030 1568 nostrum
1050 1540 1117 1568 nihil
1137 1541 1226 1575 egisse
1249 1540 1382 1568 adversus
1397 1541 1458 1576 ejus
1482 1542 1689 1576 oppositiones:

59 1594 112 1618 γων
127 1585 198 1621 προς
217 1586 270 1617 τὰς
284 1585 444 1617 ἀντιθέσεις,
467 1585 545 1612 ἴδοιεν
560 1585 659 1616 πάντες
672 1585 728 1611 ὅσοι
742 1586 797 1615 τοῖς
813 1583 855 1610 λό-

58 1639 114 1664 γοις
130 1631 240 1658 ἐκείνου
258 1631 495 1666 καθωμιλήκασιν.
528 1630 598 1664 Ἐγὼ
614 1630 642 1657 δὲ
667 1631 675 1665 (
689 1630 785 1666 μικρὸν
802 1630 856 1665 γὰρ

58 1679 96 1709 εἰς
118 1677 265 1711 ἀπόδειξιν
292 1677 390 1708 κακίας
415 1678 460 1703 τὸν
485 1676 594 1712 ἔλεγχον
618 1677 668 1711 τῆς
684 1676 749 1711 περὶ
771 1675 858 1702 ταῦτα

59 1724 247 1758 συκοφαντίας
273 1721 344 1750 εἶναι
366 1723 529 1758 λογίζομαι)
556 1721 714 1749 καταλιπὼν
732 1721 761 1748 to
774 1720 857 1753 δεῖξαι

60 1769 96 1804 μὴ
118 1769 306 1802 ἀνεξέταστον
323 1768 517 1804 παρεωρᾶσθαι
532 1769 561 1795 τὸ
585 1769 666 1804 μέρος
682 1768 760 1795 τοῦτο
782 1767 858 1802 παρὰ

56 1815 102 1842 τοῦ
119 1815 290 1842 διδασκάλου
301 1835 309 1847 ,
332 1815 396 1850 περὶ
408 1815 455 1850 τὴν
468 1814 588 1848 ἐξέτασιν
599 1814 650 1841 τῶν
662 1813 857 1849 προτεθέντων,

56 1859 129 1892 ὅπως
144 1861 177 1887 ἂν
191 1858 252 1887 οἷόν
265 1868 297 1886 τε
315 1858 340 1895 ᾖ,
353 1859 444 1895 τρέψω
457 1859 502 1886 τὸν
516 1859 603 1893 λόγον.
618 1860 669 1886 Δύο
685 1859 766 1894 φησὶν
779 1859 807 1885 ἐν
822 1858 859 1893 τῷ

57 1906 116 1932 καθ’
141 1906 243 1933 ἑαυτὸν
270 1906 411 1941 εἰρηκέναι
434 1906 515 1941 λόγῳ,
541 1905 570 1932 ἓν
594 1906 659 1941 μὲν,
682 1905 715 1931 τὸ
734 1905 788 1939 πρὸ
811 1904 861 1939 τῆς

57 1952 124 1983 ἰδίας
134 1952 304 1988 γεννήσεως
318 1951 354 1986 μὴ
370 1949 438 1978 εἶναι
453 1951 502 1987 τὴν
515 1951 607 1978 οὐσίαν
622 1950 668 1977 τοῦ
681 1949 859 1984 Μονογενοῦςο

56 1998 149 2033 ἕτερον
165 1999 206 2030 δὲ,
234 1998 269 2024 τὸ
294 1997 469 2032 γεννηθεῖσαν
493 1997 546 2033 πρὸ
562 1997 671 2024 πάντων
687 1995 766 2022 εἶναι.
792 1995 861 2021 Ἀλλ’

56 2044 95 2070 ἔτι
113 2044 164 2079 μὲν
181 2044 215 2070 οὺ
235 2043 332 2078 καινή.
346 2051 388 2074 τις
402 2043 481 2070 οὐσία
499 2042 574 2078 παρὰ
587 2042 635 2069 τοῦ
655 2041 760 2077 Πατρδς
786 2042 858 2075 ἔγεν-

55 2087 122 2123 νήθη
149 2088 206 2122 ἔξω
235 2089 292 2123 τῆς
320 2088 348 2114 ἐν
377 2086 451 2121 αὐτῷ
473 2086 512 2121 τῷ
541 2087 629 2122 Haupt
654 2084 862 2120 θεωρουμένης,

56 2133 159 2165 ἱκανῶς
174 2132 259 2169 οἶμαι
277 2133 324 2160 διὰ
333 2132 386 2159 τῶν
403 2131 604 2167 προειρημένων
622 2132 689 2166 ἠμῖν
707 2131 863 2165 ἀποδεδεῖχ-

55 2178 110 2210 θαι,
129 2180 180 2205 καὶ
198 2178 292 2214 μηδὲν
307 2177 417 2212 χρῄζειν
440 2177 522 2212 ἡμᾶς,
540 2177 578 2208 ὼς
590 2176 704 2212 πρώτως
716 2177 781 2211 ἡμῖν
798 2184 864 2211 προσ

55 2224 220 2259 ενεχοέντος
235 2223 289 2250 τοῦ
307 2223 396 2256 Λόγου,
410 2223 477 2258 πρὸς
489 2223 537 2258 τὴν
549 2222 676 2258 τοιαύτην
691 2222 863 2257 βλασφημίαν

55 2268 290 2303 συμπλέκεσθαι,
311 2267 378 2302 πρὸς
393 2267 421 2294 δὲ
438 2267 516 2294 τοῦτο
540 2267 619 2302 μόνον
635 2268 781 2300 ἀναγκαῖον
795 2265 864 2293 εἶναι

54 2313 104 2349 τὴν
127 2313 259 2348 σπουδὴν
276 2312 405 2346 γενέσθαι
419 2312 457 2348 τῷ
473 2313 553 2347 λόγῳ,
578 2313 646 2348 πρὸς
660 2313 709 2348 τὴν
725 2312 804 2339 ἄθεον
817 2313 865 2339 αὐ-

53 2358 101 2385 τοῦ
116 2359 194 2393 λέγω
210 2359 264 2386 καὶ
283 2356 408 2393 φρικώδη
422 2357 521 2393 φωνὴν,
535 2357 583 2393 τὴν
599 2358 722 2394 φανερῶς
736 2358 865 2385 εἰποῦσαν

55 2404 190 2441 περὶτοῦ
220 2402 299 2430 Θεοῦ
323 2403 419 2438 Λόγου,
444 2404 484 2430 ὃτι
505 2403 555 2430 οὑκ
575 2401 625 2439 ἦν·
648 2404 717 2430 ἀλλὰ
733 2404 779 2430 καὶ
803 2404 866 2439 περὶ

54 2451 160 2486 ταύτης
181 2451 238 2486 τῆς
261 2449 439 2484 βλασφημίας
463 2449 492 2476 ὲν
512 2451 567 2481 τοῖς
587 2449 792 2485 προειρημένοις
814 2458 864 2485 με-

53 2497 139 2532 τρίως
156 2495 349 2526 διαλαϐόντος
365 2495 412 2522 τοῦ
433 2495 522 2529 λόγου,
539 2496 608 2530 τάχα
624 2495 748 2530 περιττὸν
775 2494 807 2521 ἂν
824 2495 865 2530 εἴη

54 2542 140 2569 πάλιν
161 2543 211 2569 διὰ
227 2540 289 2568 τῶν
305 2541 404 2575 ὁμοίων
422 2541 605 2576 θεωρημάτων
633 2541 665 2567 τὰ
680 2540 867 2576 προαποδεδει-

53 2589 146 2623 γμένα
164 2586 407 2618 κατασκευάζειν.
427 2586 526 2613 Τούτου
543 2586 596 2622 γὰρ
611 2587 702 2613 ἕνεκεν
715 2585 761 2612 χαὶ
777 2585 868 2620 προεί-

54 2643 139 2670 ρηται
158 2635 232 2670 παρ’
251 2631 340 2668 ἡμῶν
356 2634 456 2663 ἐκεῖνα,
478 2632 515 2664 ὡς
530 2632 580 2667 τῆς
603 2632 730 2663 εὐσεϐοῦς
749 2631 867 2662 διανοίας

52 2679 349 2716 προεντυπωθεισης,
366 2680 422 2710 τοῖς
442 2678 647 2713 ἐντυγχάνουσιν
668 2675 868 2710 καταφανεστέ-

53 2735 107 2762 ραν
117 2726 185 2762 γενὲ
189 2726 260 2753 σθαι
267 2724 330 2752 τῶν
336 2725 461 2752 ἐναντίων
466 2724 513 2760 τὴν
521 2724 704 2759 βλασφημίαν,
710 2722 763 2749 τῶν
770 2722 816 2748 ἐπὶ
821 2721 868 2749 τοῦ

90 2818 131 2854 (ι.)
146 2816 283 2845 Basilius
304 2819 402 2848 nempe
415 2814 461 2847 qui
475 2818 569 2841 contra
588 2814 749 2842 Eunomium
762 2812 920 2849 scripserat.

236 2861 388 2891 PATBOL.
403 2859 463 2889 Gn.
486 2859 578 2891 XLV.

907 1586 1025 1613 viderint
1044 1594 1141 1614 omnes
1171 1586 1327 1621 quicunque
1357 1587 1385 1613 in
1417 1587 1490 1614 illius
1519 1587 1692 1615 sermonibus

908 1632 1010 1660 versati
1031 1637 1105 1660 sunt.
1137 1631 1192 1667 Ego
1209 1639 1288 1664 vero,
1314 1631 1450 1667 quoniam
1469 1639 1565 1667 parum
1595 1632 1629 1659 ad
1646 1631 1693 1659 de-

909 1678 1115 1706 monstrandam
1129 1678 1189 1713 ejus
1213 1678 1343 1705 malitiam
1367 1677 1456 1705 facere
1470 1677 1599 1709 arbitror,
1630 1685 1692 1705 eum

909 1725 935 1752 in
963 1725 1006 1752 his
1041 1725 1130 1759 palam
1169 1724 1366 1751 calumniatum
1394 1723 1541 1759 arguisse,
1569 1723 1693 1750 omittam

909 1770 1054 1797 ostendere
1080 1769 1239 1805 magistrum
1283 1773 1407 1796 nostrum
1436 1775 1490 1795 non
1520 1768 1693 1796 inexeussam

911 1815 1118 1850 praetermisisse
1134 1823 1192 1842 eam
1211 1819 1325 1849 partem,
1349 1819 1376 1842 et
1405 1813 1437 1840 ad
1459 1813 1639 1841 examinanda
1662 1821 1694 1840 ea

911 1867 971 1894 quae
985 1859 1020 1886 ab
1043 1859 1102 1894 ipso
1127 1863 1328 1893 proponuntur,
1344 1862 1475 1892 quantum
1502 1857 1559 1884 lleri
1579 1857 1692 1892 poterit,

911 1904 1062 1931 orationem
1079 1906 1247 1931 convertam.
1264 1903 1321 1930 Duo
1350 1903 1439 1938 inquit
1463 1902 1490 1929 in
1507 1909 1556 1929 suo
1568 1909 1694 1930 sermone

912 1948 1024 1980 dixisse,
1060 1954 1144 1975 unum
1174 1947 1282 1982 quidem
1310 1947 1383 1982 quod
1405 1949 1468 1974 ante
1494 1946 1695 1981 generationem

913 2001 975 2029 qua
991 1994 1042 2029 ipsi
1058 1994 1167 2029 propria
1182 1999 1233 2027 est,
1255 1994 1391 2029 Unigcniti
1404 1995 1523 2023 essentia
1540 2002 1593 2021 non
1619 1998 1694 2025 erat;

913 2040 1029 2067 alterum
1054 2047 1119 2067 vero
1139 2040 1211 2074 quod
1241 2043 1303 2067 ante
1335 2040 1425 2067 omnia
1456 2041 1546 2075 genita
1563 2044 1605 2068 est
1637 2039 1697 2075 ejus

913 2085 1043 2113 essentia.
1068 2085 1120 2113 Sed
1146 2086 1218 2120 quod
1234 2093 1287 2114 non
1305 2093 1374 2114 nova
1392 2087 1516 2121 quaedam
1535 2087 1653 2114 essentia
1682 2094 1696 2112 a

914 2130 993 2157 Patre
1010 2130 1045 2158 sit
1057 2130 1158 2166 genita,
1176 2134 1251 2158 extra
1265 2138 1324 2157 eam
1339 2138 1399 2165 qua:
1414 2131 1440 2160 in
1459 2131 1518 2165 ipso
1533 2129 1612 2157 Patre
1631 2136 1697 2156 con-

915 2178 1061 2209 sitleratur,
1077 2177 1185 2205 abunde
1199 2185 1249 2212 per
1265 2185 1296 2205 ea
1312 2185 1372 2213 quae
1385 2177 1458 2205 dicta
1477 2181 1540 2205 sunt
1565 2184 1579 2203 a
1608 2176 1698 2207 nobis,

881 2218 901 2245 θ
914 2224 1130 2251 demonstratum
1148 2231 1209 2251 esse
1225 2223 1353 2251 existimo
1368 2232 1374 2256 ;
1398 2223 1522 2258 nihilque
1539 2230 1608 2258 opus
1639 2229 1700 2249 esse

915 2277 976 2301 nos,
992 2273 1021 2296 ut
1045 2269 1162 2304 primum
1193 2269 1271 2297 nobis
1291 2269 1396 2303 prolato
1412 2276 1547 2299 sermone,
1566 2275 1627 2295 cum
1646 2266 1696 2294 tali

916 2315 1083 2350 blasphemia
1097 2314 1263 2349 conﬂigere;
1279 2313 1325 2341 sed
1344 2313 1370 2340 in
1387 2313 1439 2340 hoc
1468 2312 1556 2340 solum
1574 2317 1701 2338 necessa-

916 2360 988 2388 rium
1003 2368 1063 2388 esse
1078 2360 1168 2388 studio
1192 2359 1349 2387 incumbere
1369 2359 1396 2386 in
1421 2359 1472 2385 hac
1502 2357 1698 2393 disputatione.

917 2406 979 2433 (lico
996 2405 1127 2433 adversus
1147 2405 1305 2432 horribilem
1321 2409 1347 2432 et
1378 2404 1486 2440 impiam
1515 2403 1574 2437 ejus
1605 2408 1700 2429 vocem

918 2452 1017 2479 obnixe
1028 2451 1203 2483 contendere,
1218 2458 1278 2485 quae
1292 2454 1384 2485 aperte
1399 2446 1468 2477 dixit
1483 2449 1516 2476 de
1541 2447 1630 2474 Verbo
1646 2445 1700 2473 Deo

918 2497 990 2533 quod
1020 2505 1074 2524 non
1107 2501 1175 2524 erat.
1204 2496 1257 2524 Sed
1289 2496 1322 2523 de
1340 2496 1390 2522 hac
1416 2494 1583 2529 blasphemia
1600 2493 1626 2519 in
1649 2499 1699 2518 οη·

919 2542 1027 2571 tedictis
1041 2550 1103 2570 eum
1116 2542 1171 2576 jam
1192 2541 1414 2571 disseruerimus,
1432 2539 1548 2566 fortasse
1571 2542 1702 2571 superva-

919 2594 1035 2615 caneum
1053 2586 1135 2614 fuerit
1152 2593 1249 2613 rursus
1270 2592 1319 2620 per
1351 2584 1450 2612 similia
1480 2583 1656 2611 theoremata,
1674 2579 1702 2606 id

921 2637 964 2661 est
977 2631 1249 2668 speeulamina,qua:
1276 2630 1353 2665 prius
1381 2628 1490 2655 fuerunt
1515 2627 1702 2653 dentonstrata

923 2682 1075 2705 exstruere.
1091 2675 1147 2704 Hac
1163 2676 1235 2704 enim
1251 2676 1283 2702 de
1301 2680 1385 2700 causa
1401 2673 1427 2699 in
1444 2670 1630 2706 superioribus
1643 2676 1703 2697 ser-

926 2723 1053 2751 monibus
1067 2723 1113 2750 illa
1130 2721 1322 2758 praemisimus,
1343 2723 1373 2746 ut
1391 2718 1435 2746 his
1452 2718 1498 2754 qui
1515 2719 1541 2746 in
1558 2719 1616 2746 haec
1634 2715 1703 2743 scri-

1546 2848 1586 2878 25
