1923 3071
230 120 285 148 Ίτθ

870 122 897 149 S.
919 123 1083 151 GliEGORlI
1099 124 1244 152 NYSSENI

1791 125 1838 152 780

231 184 275 214 pta
291 180 445 214 inciderint,
462 180 504 215 pia
526 181 636 208 notione
649 188 680 208 ac
697 181 876 216 intelligentia
894 191 1012 217 praemu-

1067 185 1224 220 μονογενοῦς
1247 186 1313 212 Θεοῦ
1333 186 1362 212 τὸ
1385 186 1420 221 μὴ
1439 183 1506 212 εἶναι
1531 185 1577 211 τοῦ
1592 182 1660 211 εἶναι
1677 191 1839 210 means-xy

231 227 295 253 nilis
311 225 479 252 manifestior
495 226 539 252 liat
550 226 767 254 adversariorum
779 228 1011 264 blasphentia,qui

230 272 256 298 in
283 272 423 305 unigenito
450 271 504 299 Deo
533 280 587 299 non
615 281 676 300 esse
693 281 773 308 quam
794 281 855 301 esse
886 279 1013 303 astruuut

229 317 376 351 antiquius.

264 363 357 396 Opera:
366 363 581 397 pretiumautem
596 365 659 392 mihi
678 365 794 396 videtur.
807 367 872 401 quid
893 375 1010 401 genera—

229 408 312 435 tionis
327 416 425 436 nomen
442 409 586 444 signiﬁcet.
616 411 753 438 exactiore
769 414 893 440 examine
918 414 943 440 in
962 413 1012 440 hac

228 454 414 488 disputatione
442 455 618 489 perpendere.
639 456 717 489 Quod
754 457 836 492 igitur
862 466 894 486 ex
920 459 1011 493 aliqua

228 506 310 526 causa
327 507 388 527 esse
401 507 497 528 nomen
514 501 579 528 illud
602 507 787 537 repraesentet,
800 505 886 531 cuivis
903 506 1007 539 perspi-

228 551 309 570 cuum
322 548 374 577 cst,
388 553 438 572 nec
455 545 504 572 hac
520 545 552 573 de
565 554 592 573 re
606 546 789 574 dimicandum
808 556 868 575 esse
882 550 1009 576 arbitror.

229 589 281 616 Sed
299 591 427 624 quoniam
445 599 540 618 eorum
559 600 618 627 qua:
632 600 663 620 ex
693 593 783 628 aliqua
811 601 893 622 causa
918 595 1009 622 subsi-

227 639 304 662 stttnt
326 635 455 664 diﬁ‘erens
470 641 511 664 est
528 638 607 669 ratio,
634 638 686 665 hoc
702 639 830 666 existimo
853 640 1009 672 convenire,

228 680 251 706 si
277 680 426 708 artiﬁciosa
445 682 535 716 aliqua
557 682 691 710 divisione
719 684 826 718 planius
848 685 1008 719 explicetur.

229 726 327 752 horum
345 726 428 760 igitur
443 734 502 762 qum
519 727 552 754 ab
570 728 661 762 aliquo
679 728 761 760 ﬁunt,
778 729 827 756 has
844 729 1010 757 tliﬂeretttias

228 771 497 806 comprehendimus.
513 772 643 806 Quaedam
665 775 737 801 enitn
751 782 782 801 cx
809 776 921 802 materia
947 779 1011 802 stitit

227 821 253 842 et
269 822 337 850 arte,
358 821 387 844 ιιι
400 817 574 844 aediﬁciorum
590 822 616 845 et
635 819 799 854 reliquorum
826 828 937 854 operum
963 828 1010 848 ex-

1064 232 1162 264 ζόντων
1179 232 1372 268 πρεσϐύτερον.

1097 363 1175 389 Δοκεῖ
1187 362 1215 388 δέ
1231 371 1275 398 μοι
1298 361 1387 393 καλῶς
1410 361 1480 395 ἔχειν
1494 360 1560 387 αὐτὸ
1575 360 1626 395 τῆς
1648 360 1799 394 γεννήσεως
1812 358 1838 384 τὸ

1064 409 1272 443 σημαινόμενον,
1300 409 1331 434 δι’
1347 407 1558 443 ἐπιμελεστέρας
1572 407 1721 440 ἐξετάσεως
1737 405 1840 432 διασκο-

1062 457 1146 491 πῆσαι
1156 455 1194 490 τῷ
1206 455 1285 490 λόγῳ.
1302 455 1361 481 ’Ὁτι
1378 455 1427 490 μὲν
1441 452 1486 481 οὖν
1502 453 1531 480 τὸ
1547 454 1575 485 ἐξ
1587 454 1675 484 αἰτίας
1692 450 1762 479 εἷναί
1774 461 1839 483 τινος

1061 502 1090 527 τὸ
1105 501 1189 536 ὄνομα
1203 500 1279 527 τοῦτο
1295 500 1451 536 παρίστησι,
1469 500 1549 526 παντὶ
1564 499 1642 534 δῆλόν
1655 500 1723 529 ἐστι,
1740 497 1786 524 καὶ
1800 497 1839 523 οὐ·

1061 547 1103 572 δὲν
1117 544 1193 582 οἶμαι
1212 547 1310 582 χρῆναι
1327 547 1389 582 περὶ
1412 546 1505 573 τούτου
1529 544 1742 580 διαγωνίζεσθαι.
1775 543 1840 570 Ἀλλ’

1061 592 1153 626 ἐπειδὴ
1175 592 1302 627 διάφορος
1315 591 1368 618 τῶν
1382 591 1412 623 ἐξ
1428 591 1515 622 αἰτίας
1531 589 1722 625 ὑφεστηκότων
1740 589 1812 615 ἐστὶν
1828 589 1840 614 ὁ

1061 637 1156 671 λόγος,
1179 637 1251 664 τοῦτ’
1275 635 1351 673 οἶμαι
1374 637 1520 672 προσήκειν
1546 636 1591 662 διὰ
1616 644 1688 666 τινος
1718 634 1840 669 τεχνικῆς

1060 683 1216 718 διαιρέσεως
1235 682 1431 718 σαφηνισθῆναι
1452 681 1491 716 τῷ
1513 681 1594 716 λόγῳ.
1619 680 1678 706 Τῶν
1699 679 1789 705 τοίνυν
1813 679 1841 704 ἐκ

1060 737 1131 760 τινος
1142 729 1292 764 γινομένων
1312 728 1411 759 ταύτας
1424 727 1473 759 τάξ
1485 725 1615 762 διαφορὰς
1628 725 1839 759 κατειλήφαμεν.

1061 774 1101 801 Τὰ
1120 775 1168 809 μὲν
1185 775 1238 810 γὰρ
1254 775 1283 806 ἐξ
1299 774 1364 809 ὕλης
1378 774 1436 800 ἐστὶ
1451 774 1497 800 καὶ
1513 773 1617 808 τέχνης,
1640 771 1677 802 ὠς
1692 771 1720 797 αἱ
1737 770 1791 796 τῶν
1807 771 1841 796 οἰ-

1062 820 1256 855 κοδομημάτων
1269 819 1315 846 καὶ
1328 819 1381 845 τῶν
1397 819 1496 845 λοιπῶν
1510 817 1597 853 ἔργων
1609 816 1789 847 κατασκευαὶ,
1802 815 1842 842 διὰ

228 863 404 894 structiones,
419 871 480 897 qttte
494 871 526 890 ex
540 865 745 898 congrua.ﬁunt
763 866 887 897 materia,
910 866 1009 901 quibus

1066 865 1108 899 τῆς
1119 864 1283 900 καταλλήλου
1296 864 1361 899 ὕλης
1372 864 1510 899 γινόμεναι
1520 872 1526 878 ·
1541 862 1702 897 καθηγεῖταί
1713 870 1754 892 τις
1764 861 1841 895 τέχνη

228 913 326 941 praeest
340 916 385 935 ars
401 909 503 944 aliqua,
519 917 579 944 qua:
597 910 629 936 ad
651 910 792 945 proprium
813 918 925 946 scopum
955 912 1012 939 sive

228 955 308 980 tinem
325 954 492 989 propositqu
508 955 560 982 sibi
575 955 739 989 subjectum,
756 963 787 984 ex
802 956 835 984 iis
846 964 905 991 qua:
933 957 1010 990 ﬁunt,

228 998 352 1032 pt-rducit
372 1005 403 1025 ac
426 999 560 1026 absolvit:
579 1000 701 1034 qumdam
726 1007 759 1027 ex
778 1001 892 1028 materia
916 1006 941 1029 et
963 1009 1012 1028 na-

228 1048 311 1077 tura;
341 1052 402 1071 natn
436 1045 606 1072 succcssivas
632 1046 788 1072 animalium
823 1047 1011 1082 generationes

229 1094 326 1115 natura
343 1090 470 1122 exstruit,
487 1098 517 1117 ex
538 1091 670 1118 maleriali
690 1099 836 1126 corporum
865 1093 1013 1120 subsisten-

230 1135 266 1161 tia
279 1142 358 1162 suum
378 1143 446 1170 opus
462 1135 599 1164 eilieicns:
616 1136 668 1163 alia
687 1145 751 1165 vero
768 1145 799 1165 ex
819 1138 950 1165 matcriali
965 1139 1009 1165 de-

229 1179 313 1213 ﬂuxu,
343 1181 369 1207 in
396 1181 494 1216 quibus
521 1187 547 1209 et
565 1182 716 1217 principale
741 1183 893 1218 subjectum
921 1187 1012 1211 manet

229 1227 308 1261 quale
325 1230 375 1258 est,
396 1231 423 1254 et
442 1227 514 1262 quod
530 1227 563 1255 ab
587 1228 632 1255 illo
648 1227 705 1254 ﬂuit
728 1228 754 1255 in
779 1229 869 1264 seipso
886 1229 1013 1257 conside-

230 1277 318 1305 ratur,
331 1278 361 1300 ut
376 1274 401 1299 in
414 1274 471 1300 sole
481 1278 506 1300 et
523 1274 610 1306 radio,
627 1274 668 1301 vel
683 1274 710 1301 in
726 1275 835 1301 lucerna
851 1279 877 1302 et
895 1275 1009 1310 fulgore,

231 1318 270 1345 vel
287 1318 313 1344 in
328 1318 514 1346 odoramentis
528 1322 555 1346 et
572 1319 729 1353 unguentis,
746 1324 772 1347 et
785 1320 848 1347 inde
867 1326 1011 1354 evaporata

230 1363 362 1399 qualitate
378 1372 384 1389 :
401 1364 456 1390 ha‘c
474 1364 545 1390 enim
564 1364 627 1391 licet
645 1364 672 1391 in
700 1364 797 1399 sit-ipsis
815 1372 867 1392 non
880 1365 1012 1392 diminuta

230 1412 366 1438 maneant,
385 1409 476 1436 statim
495 1409 594 1436 habent
608 1409 713 1444 singula
735 1411 962 1437 coneomitanlcm
977 1419 1009 1438 ex

230 1455 326 1489 seipsis
339 1458 509 1482 emanantem
530 1455 680 1483 naturalem
694 1455 898 1490 proprietatem,
919 1460 947 1483 ut
970 1456 1010 1484 sul

231 1499 347 1531 radium,
360 1499 470 1526 lucerna
486 1499 629 1534 fulgorem,
641 1500 816 1527 odoramenta
834 1500 860 1526 in
873 1507 935 1527 aere
951 1508 1012 1527 sua-

230 1552 289 1571 vem
315 1551 348 1571 ex
365 1544 431 1578 ipsis
460 1544 560 1571 editam
595 1543 783 1579 fragrantiam.
804 1544 851 1572 Est
882 1549 1013 1579 praeterea

231 1589 336 1624 species
353 1591 405 1616 alia
418 1590 613 1625 generationis.
631 1591 709 1625 cujus
725 1598 808 1618 causa
825 1591 934 1626 quidem
961 1591 1013 1618 im-

231 1635 382 1663 tuaterialis
399 1641 441 1663 est
460 1640 486 1663 et
500 1637 673 1670 incorporea,
699 1636 837 1671 generatio
853 1644 915 1664 vero
929 1638 1015 1666 sensi-

232 1682 293 1710 bilis
306 1685 333 1709 et
348 1682 515 1717 corporalis:
531 1681 592 1709 dico
607 1685 696 1709 autem
708 1689 787 1710 serm.
800 1690 860 1710 nent
876 1690 909 1710 ex
925 1686 1015 1711 mente

230 1732 389 1763 generatum
404 1736 411 1755 :
425 1736 486 1755 cum
501 1728 573 1755 enitn
596 1728 631 1755 sit
658 1728 819 1763 incorporea
851 1736 938 1761 meus,
966 1736 1015 1764 per

232 1775 414 1803 instrumenta
436 1773 575 1801 sensibilia
602 1781 756 1801 sermonem
781 1774 861 1809 parit.
890 1773 1013 1801 Totidem

230 1820 416 1856 generationis
429 1819 596 1847 ditierentias
623 1819 696 1846 velut
718 1819 744 1845 in
759 1819 877 1854 generali
896 1819 1014 1854 quadam

232 1866 418 1902 speculatione
445 1864 632 1899 cognovimus.
662 1863 728 1891 Nam
752 1871 920 1899 quaecunque
945 1864 1015 1891 miro

231 1912 348 1947 quodam
364 1915 392 1938 et
418 1910 574 1946 prodigiosa
591 1910 673 1936 modo
691 1917 706 1936 a
736 1915 831 1936 natura
855 1910 1014 1944 gignuntur,

232 1965 280 1985 seu
299 1965 361 1985 cum
389 1964 504 1992 corpora
525 1956 704 1991 quorutndam
736 1956 895 1982 animalium
913 1956 940 1982 in
963 1955 1015 1982 alia

232 2002 354 2038 quaedam
372 2002 487 2030 diversa:
499 2002 597 2036 speciei
617 2005 712 2033 mutat,
731 2009 778 2028 seu
801 2008 862 2027 eum
878 2000 912 2028 ab
927 2001 1015 2036 aliqua

232 2049 407 2077 humidorum
424 2048 596 2078 alterutione,
612 2048 652 2074 vel
669 2047 805 2075 seminum
829 2047 1014 2081 corruptione,

232 2095 274 2122 vel
290 2095 424 2130 lignorum
439 2093 583 2129 putredine
595 2092 725 2119 animalia
736 2092 857 2127 qutedam
869 2092 994 2126 producit
1008 2101 1015 2125 ;

233 2142 275 2169 vel
290 2149 352 2168 cum
372 2149 403 2168 ex
421 2141 492 2175 ignis
508 2139 723 2166 condensatione
754 2139 896 2165 humidum
916 2146 949 2165 ex
965 2143 1018 2166 tor-

1063 910 1131 945 πρδς
1154 910 1198 936 τὸν
1222 910 1286 936 ἴδιον
1311 910 1410 936 σκοπὸν
1431 909 1483 935 τῶν
1508 909 1655 943 γινομένων
1671 907 1702 934 τὸ
1716 906 1842 940 προτεθὲν

1063 956 1293 992 συμπεραίνουσα·
1310 956 1344 983 τὰ
1357 956 1384 982 δὲ
1399 956 1428 988 ὲξ
1443 954 1507 990 ὕλης
1524 956 1571 981 καὶ
1587 954 1693 988 φύσεως
1706 962 1712 968 ·
1729 953 1780 984 τὰς
1793 952 1842 987 γὰρ

1062 1001 1091 1034 ἐξ
1101 1001 1220 1036 ἀλλήλων
1235 1001 1353 1036 γενέσεις
1365 1001 1418 1027 τῶν
1434 1001 1509 1032 ζώων
1520 1001 1535 1036 ἡ
1550 1001 1630 1035 φύσις
1644 999 1792 1033 οἰκοδομεῖ,
1803 998 1843 1024 διὰ

1061 1047 1110 1082 τῆς
1126 1048 1154 1074 ὲν
1170 1049 1226 1079 τοῖς
1236 1038 1364 1082 ’σώμασιν
1381 1047 1474 1082 ὑλικῆς
1498 1045 1671 1077 ὑποστάσεως
1696 1045 1726 1070 τὸ
1747 1044 1842 1077 ἑαυτῆς

1063 1084 1209 1126 ὲνεργοῦσα
1222 1100 1228 1106 ·
1244 1091 1277 1118 τὰ
1291 1092 1318 1118 δὲ
1330 1091 1358 1124 ἐξ
1368 1091 1462 1126 ὑλικῆς
1475 1091 1633 1127 ἀπορροίας,
1652 1089 1694 1124 ἐφ’
1707 1086 1746 1116 ὧν
1759 1089 1804 1116 καί
1817 1088 1844 1114 τὸ

1062 1137 1266 1172 προηγούμενον
1286 1137 1360 1172 μένει
1382 1134 1436 1163 οἶόν
1456 1137 1524 1169 ἐστι,
1547 1137 1594 1162 καὶ
1618 1135 1648 1161 τὸ
1669 1135 1716 1161 ἀπ’
1742 1134 1843 1160 ἐκείνου

1064 1183 1126 1217 ῥέον
1146 1182 1188 1217 ἐφ’
1206 1182 1304 1209 ἑαυτοῦ
1330 1183 1438 1213 νοεῖται,
1452 1182 1490 1212 ὡς
1510 1181 1554 1208 ἐπὶ
1576 1180 1623 1206 τοῦ
1643 1180 1720 1215 ἡλίου
1737 1178 1843 1212 καὶτῆς

1062 1227 1179 1259 ἀκτῖνος,
1195 1227 1211 1263 ἢ
1227 1228 1273 1253 ἐπὶ
1289 1228 1337 1262 τῆς
1354 1226 1493 1262 λαμπάδος
1508 1226 1555 1253 καὶ
1577 1226 1626 1260 τῆς
1643 1225 1742 1259 αὐγῆς,
1764 1224 1782 1258 ἦ
1801 1223 1844 1249 ἐπὶ

1062 1273 1116 1299 τῶν
1128 1273 1280 1307 ἀρωμάτων
1296 1282 1326 1299 τε
1342 1273 1390 1299 καὶ
1411 1271 1514 1307 μύρων,
1538 1271 1585 1297 καὶ
1599 1271 1647 1305 τῆς
1660 1270 1766 1296 ἐκεῖθεν
1780 1269 1845 1295 ἐνδι-

1062 1318 1175 1353 δομένης
1196 1319 1337 1354 ποιότητος
1353 1327 1359 1334 ·
1381 1318 1465 1345 ταῦτα
1481 1317 1534 1353 γὰρ
1547 1318 1588 1352 ἐφ’
1606 1316 1710 1343 ἑαυτῶν
1723 1316 1844 1351 ὰμείωττ

1065 1363 1188 1398 μένοντα,
1206 1363 1286 1395 εὐθὺς
1306 1363 1362 1398 ἔχει
1379 1362 1664 1398 συμπαρομαρτοῦσαν
1677 1361 1787 1394 ἑκάστῳ
1801 1361 1846 1396 τὴν

1063 1409 1109 1435 ἀπ’
1124 1408 1213 1436 αὐτῶν
1232 1409 1405 1444 ὲκδιδομένην
1419 1408 1533 1443 φυσικὴν
1549 1408 1666 1443 ἰδιότητα
1678 1415 1685 1422 ·
1707 1404 1762 1433 οἷον
1772 1408 1791 1434 ὁ
1801 1407 1848 1442 μὲν

1063 1455 1137 1490 ἥλιος
1148 1456 1197 1490 τὴν
1209 1455 1314 1487 ἀκτῖνα,
1328 1456 1344 1489 ὴ
1361 1455 1389 1481 δὲ
1402 1455 1512 1489 λαμπὰς
1523 1454 1570 1489 τὴν
1584 1454 1680 1488 αὐγὴν,
1693 1453 1727 1479 τὰ
1737 1453 1764 1480 δὲ
1774 1451 1849 1488 ἀρώ-

1067 1509 1137 1535 ματα
1154 1501 1202 1535 τὴν
1215 1500 1253 1535 τῷ
1265 1501 1350 1536 ἁερίῳ
1364 1500 1394 1532 ἐξ
1406 1500 1493 1527 αὐτῶν
1512 1499 1704 1534 ὲντικτομένην
1717 1499 1843 1525 εὐωδίαν.
1858 1510 1864 1519 ·

1067 1547 1143 1573 Ἔστι
1161 1547 1207 1573 καὶ
1228 1547 1319 1581 ἕτερον
1334 1544 1402 1577 εἶδος
1419 1545 1494 1581 παρὰ
1508 1545 1592 1572 ταῦτα
1605 1545 1767 1580 γεννήσεως,
1789 1541 1820 1570 οὗ
1834 1545 1849 1578 ἡ

1065 1592 1114 1627 μὲν
1128 1592 1200 1618 αἰτία
1220 1592 1300 1623 eam;
1314 1593 1372 1618 ἐστι
1391 1592 1437 1618 καὶ
1454 1591 1597 1626 ἀσώματος
1609 1611 1616 1621 .
1638 1591 1654 1626 ἡ
1680 1591 1708 1617 δὲ
1724 1592 1850 1625 γέννησις

1065 1638 1178 1673 αἰσθητή
1191 1647 1219 1665 τε
1231 1637 1276 1664 καὶ
1294 1637 1337 1664 διὰ
1357 1637 1494 1672 σώματος·
1511 1637 1582 1670 λέγω
1593 1637 1620 1663 δὲ
1635 1636 1681 1662 τὸν
1699 1637 1731 1662 ἐκ
1742 1636 1790 1661 τοῦ
1806 1635 1850 1662 νοῦ

1064 1684 1230 1719 γεννώμενον
1244 1684 1338 1719 λόγον·
1362 1685 1504 1720 ἀσώματος
1521 1685 1575 1720 γὰρ
1589 1684 1626 1710 ὢν
1649 1684 1710 1711 καθ’
1729 1683 1826 1710 ἑαυτὸν
1839 1684 1851 1708 ὁ

1065 1728 1136 1760 νοῦς,
1152 1729 1195 1755 διὰ
1215 1729 1269 1756 τῶν
1291 1729 1426 1764 αἰσθητῶν
1449 1730 1571 1765 ὀργάνων
1588 1729 1674 1756 τίκτει
1697 1729 1745 1755 τὸν
1763 1729 1850 1762 λόγον.

1065 1774 1204 1806 Τοσαύτας
1226 1776 1377 1811 γεννήσεως
1399 1775 1529 1811 διαφορὰς
1556 1774 1611 1802 οἷον
1635 1776 1664 1802 ὲν
1689 1777 1786 1810 γενικῇ
1802 1783 1852 1801 τινι

1066 1817 1166 1853 θεωρίᾳ
1181 1820 1392 1855 κατενοήσαμεν.
1417 1820 1456 1846 Τὰ
1473 1819 1526 1853 γὰρ
1540 1820 1590 1846 ὅσα
1603 1819 1852 1855 θαυματουργεῖται

1066 1863 1141 1898 παρὰ
1153 1865 1202 1899 τῆς
1217 1864 1333 1898 φύσεως,
1347 1865 1395 1900 τῆς
1410 1863 1522 1900 σώματα
1534 1864 1609 1897 ζώων
1620 1865 1700 1892 τινῶν
1711 1867 1753 1896 εις
1766 1867 1854 1900 ὲτεριι-

1066 1908 1119 1943 φυῆ
1143 1917 1203 1935 τινα
1222 1906 1449 1944 μεταϐαλλούσης,
1484 1910 1500 1945 ἦ
1519 1910 1572 1936 ἀπό
1595 1919 1666 1942 τινος
1689 1910 1746 1937 τῶν
1763 1911 1852 1946 ὑγρῶν

1067 1956 1243 1987 ἀλλοιώσεως,
1262 1956 1278 1991 ἢ
1297 1955 1461 1991 σπερμάτων
1481 1955 1593 1991 φθορᾶς,
1616 1956 1632 1991 ἦ
1658 1955 1746 1988 ξύλων
1770 1965 1853 1991 σηπε-

1066 2001 1139 2033 δόνος
1154 2000 1214 2034 ζῶαΔ
1227 2009 1287 2027 τινα
1302 2000 1528 2036 δημιουργούσης,
1548 2001 1563 2036 ἢ
1584 2001 1615 2027 ὲκ
1636 2001 1686 2036 τῆς
1700 2002 1748 2028 τοῦ
1769 2002 1855 2036 mark

1071 2047 1262 2082 συμπιλήσεως
1287 2046 1333 2073 τὸν
1359 2046 1461 2082 ψυχρὸν
1486 2047 1518 2072 ὲκ
1538 2046 1695 2082 τῶνεδαλῶν
1710 2048 1799 2082 ἀτμὸν
1813 2048 1855 2073 ἐν·

1067 2092 1257 2127 αποληφθέντα
1289 2091 1328 2126 τῷ
1354 2091 1430 2126 βάθει
1455 2091 1521 2127 πρὸς
1545 2091 1613 2123 ζώου
1637 2092 1745 2125 γένεσιν
1771 2101 1855 2128 μετα-

1068 2137 1206 2175 ποιούσης,
1216 2137 1230 2164 ὃ
1240 2137 1430 2173 σαλαμάνδραν
1447 2137 1694 2172 προσαγορεύουσιν
1706 2159 1713 2169 ,
1739 2139 1793 2165 κᾶν
1805 2139 1856 2172 ἔξω

235 2187 311 2216 ribus
326 2186 441 2213 halitum
457 2186 484 2212 in
502 2177 586 2212 l‘undo
604 2184 738 2213 relictum.
751 2183 783 2210 ad
798 2183 923 2211 animalis
936 2191 1013 2218 gene-

1068 2183 1121 2210 τῶν
1140 2183 1325 2218 διορισθέντων
1341 2180 1409 2209 εἶναι
1425 2183 1500 2218 δοκῇ,
1517 2182 1592 2209 οὐδὲν
1606 2180 1688 2219 ἦττον
1704 2184 1733 2209 ἐν
1748 2185 1806 2216 τοῖς
1821 2185 1856 2210 εἰ·

235 2233 366 2259 rationem
387 2234 562 2264 transmutat,
590 2230 673 2265 quod‘
700 2229 900 2256 salamandram
926 2230 1017 2264 appel-

235 2277 290 2304 lant
302 2298 308 2309 ,
324 2277 429 2304 etiamsi
445 2281 521 2304 extra
537 2284 583 2304 eas
598 2275 803 2311 gt‘nerationutu
822 2276 926 2309 species
949 2284 1017 2310 quas

235 2330 318 2357 supra
333 2322 517 2352 delinivituus.
536 2330 596 2349 esse
612 2321 765 2352 videantur,
785 2320 963 2348 nihilominus
977 2325 1019 2348 ta-

236 2376 296 2394 men
313 2370 340 2394 in
356 2368 421 2402 ipsis
438 2371 550 2402 possunt
578 2367 781 2401 comprehendi.
809 2366 909 2394 Natura
937 2367 1010 2395 enim

237 2421 283 2448 per
300 2420 415 2448 corpora
431 2413 504 2439 varia
521 2413 576 2439 haec
589 2413 746 2440 animalium
763 2420 860 2446 genera
878 2413 1013 2448 producit;

235 2459 325 2494 qualis
342 2459 415 2486 enim
430 2459 554 2494 corporis
570 2460 658 2486 versio
677 2458 768 2491 fuerit,
783 2459 873 2486 taliter
890 2466 904 2485 a
922 2463 1018 2486 natura

237 2504 331 2533 aﬂ'ecta
358 2505 416 2532 sive
443 2504 592 2539 disposita,
612 2505 691 2531 talem
718 2504 862 2539 qu'tmdam
892 2505 1019 2532 animalis

236 2552 355 2586 speciem
370 2550 460 2578 eli‘ecit
474 2560 479 2577 :
495 2558 556 2586 quae
572 2550 682 2585 quidem
701 2558 755 2577 non
780 2551 831 2577 alia
854 2556 894 2578 est
907 2558 1019 2585 genera-

237 2598 321 2626 tionis
337 2598 453 2633 species,
470 2601 568 2632 praeter
585 2604 644 2625 eatn
662 2605 722 2631 qua:
735 2604 768 2624 ex
792 2600 889 2623 natura
909 2601 934 2624 et
961 2604 1019 2623 tua-

238 2645 304 2672 teria
322 2643 483 2672 absolvitur.
501 2643 569 2670 Cum
589 2643 670 2678 igitur
691 2642 717 2668 hi
734 2642 806 2669 modi
838 2642 1021 2676 generationis

237 2691 396 2718 hominibus
416 2693 508 2717 essent
523 2689 635 2725 cogniti,
658 2689 796 2716 hominum
823 2688 913 2723 generi
942 2688 1020 2715 bette-

239 2736 299 2763 vola
315 2736 401 2763 sancti
418 2735 537 2771 Spiritus
552 2734 721 2770 dispensatio
738 2734 817 2761 nobus
830 2733 941 2760 tradens
953 2733 1022 2759 divi-

241 2790 274 2809 na
292 2783 431 2818 mysteria,
443 2790 491 2817 per
505 2789 536 2810 ea
554 2789 613 2817 quae
629 2788 644 2808 a
660 2781 738 2809 nobis
751 2779 941 2815 comprehendi
959 2786 1022 2814 pos-

241 2831 315 2860 sunt,
344 2826 497 2854 doctrinam
517 2826 581 2855 facit
593 2834 686 2855 eorum
705 2834 766 2862 quae
780 2833 897 2865 omnem
915 2832 1019 2854 sermo-

1070 2228 1195 2264 ρημένοις
1213 2228 1280 2255 ἐστί.
1296 2227 1345 2254 Διὰ
1358 2227 1412 2263 γὰρ
1427 2227 1559 2262 σωμάτων
1576 2228 1592 2262 ἡ
1605 2227 1685 2261 φύσις
1701 2229 1736 2255 τὰ
1747 2229 1856 2255 ποικίλα

1067 2273 1153 2301 ταῦτα
1176 2274 1229 2300 τῶν
1255 2273 1330 2305 ζώων
1347 2273 1404 2308 εἴδη
1427 2271 1585 2307 τεχνάζεται
1598 2281 1605 2287 ·
1625 2273 1642 2308 ὴ
1659 2273 1714 2309 γὰρ
1730 2274 1797 2300 ποιὰ.
1810 2274 1856 2300 τσῦ

1069 2319 1192 2354 σώματος
1214 2318 1313 2354 τροπὴ,
1336 2317 1445 2344 τοιῶσδε
1470 2317 1543 2352 παρὰ
1568 2318 1616 2352 τῆς
1639 2318 1747 2352 φύσεως
1766 2319 1857 2345 διατε-

1069 2365 1155 2396 θεῖσα,
1180 2365 1210 2391 τὸ
1229 2364 1257 2390 δέ
1278 2373 1303 2390 τι
1326 2363 1371 2390 τοῦ
1387 2363 1456 2395 ζώου
1480 2363 1510 2389 τὸ
1532 2361 1600 2394 εἶδος
1620 2363 1855 2400 ἐδημιούργησεν·

1068 2411 1136 2446 ὅπερ
1150 2410 1200 2436 οὐκ
1219 2409 1283 2436 ἄλλο
1295 2409 1320 2435 τί
1339 2409 1411 2435 ἐστιν
1424 2406 1493 2440 εἶδος
1510 2409 1673 2443 γεννήσεως,
1690 2410 1765 2444 παρά
1780 2411 1812 2436 τὸ
1828 2412 1858 2436 ἐκ

1070 2456 1175 2491 φύσεως
1188 2456 1236 2483 καὶ
1258 2455 1323 2490 ὕλης
1337 2455 1467 2481 ἁποτελού
1473 2463 1560 2490 μενον.
1577 2455 1685 2482 Τούτων
1701 2456 1791 2483 τοίνυν
1805 2457 1858 2482 τῶν

1069 2503 1118 2537 τῆς
1135 2503 1286 2538 γεννήσεως
1299 2502 1405 2537 τρόπων
1421 2502 1546 2537 φανερῶν
1563 2503 1619 2533 τοῖς
1639 2501 1797 2538 ἀνθρώποις
1816 2504 1860 2530 δν-

1069 2556 1134 2580 των,
1151 2549 1167 2582 ἡ
1185 2547 1373 2582 φιλάνθρωπος
1387 2547 1433 2574 τοῦ
1450 2547 1527 2581 ἁγίου
1543 2547 1702 2582 Πνεύματος
1716 2548 1859 2583 οίκονσμὲι

1070 2592 1253 2627 παραδιδοῦσα
1276 2593 1340 2627 ἡμῖν
1362 2592 1397 2618 τὰ
1413 2592 1472 2619 θεῖα
1495 2594 1641 2628 μυστήρια,
1665 2592 1708 2619 διὰ
1723 2593 1777 2619 τῶν
1793 2594 1858 2627 ἡμῖν

1070 2640 1201 2675 χωρητῶν
1228 2639 1275 2673 τὴν
1293 2639 1465 2666 διδασκαλίαν
1480 2640 1595 2666 ποιεῖται
1612 2639 1666 2666 τῶν
1683 2639 1751 2674 ὑπὲρ
1764 2639 1858 2673 λόγον,

1070 2685 1106 2717 ὡς
1124 2686 1170 2712 καὶ
1184 2686 1211 2711 ὲν
1227 2686 1282 2716 τοῖς
1302 2685 1390 2716 ἄλλοις
1407 2685 1491 2711 ἅπασι
1506 2684 1583 2710 τοῦτο
1595 2686 1674 2717 ποιεῖ,
1689 2685 1751 2711 ὅταν
1759 2693 1859 2721 σωμα-

1071 2731 1153 2763 τικῶς
1168 2731 1306 2766 διαγρᾱφῃ
1330 2730 1360 2756 τὸ
1382 2730 1468 2761 Θεῖον,
1484 2729 1631 2764 ὀφθαλμὸν,
1655 2731 1701 2756 καὶ
1723 2729 1858 2764 βλέφαρα,

1072 2777 1118 2804 καὶ
1140 2774 1198 2808 οὖς,
1214 2777 1261 2804 καὶ
1279 2776 1436 2808 δακτύλους,
1452 2776 1496 2802 καὶ
1514 2777 1601 2810 χεῖρα,
1624 2776 1672 2802 καὶ
1693 2775 1794 2807 δεξιὰν,
1814 2776 1860 2802 καὶ

1074 2822 1211 2859 βραχίονα,
1233 2823 1278 2850 καὶ
1292 2822 1368 2855 πόδα,
1387 2822 1434 2849 καὶ
1454 2821 1624 2858 ὑποδήματα,
1640 2821 1686 2855 καὶ
1699 2822 1731 2848 τὰ
1743 2821 1860 2850 τοιαῦτα
