1959 3075
122 112 166 141 781

659 110 798 138 CONTRA
817 110 1013 146 EUNOMIUM,
1036 111 1101 139 LIB.
1124 112 1192 139 V'lll.

1691 116 1744 145 782

123 171 182 205 περὶ
204 162 269 196 Θεοῦ
283 168 428 201 διεξιοῦσα,
450 168 486 197 ὧν
509 169 584 196 οἰδὲν
605 171 674 196 κατὰ
692 170 741 206 τὴν
762 171 907 207 πρόχειρον

963 179 1022 198 nem
1037 175 1063 199 et
1077 171 1210 198 rationem
1230 176 1369 205 superant,
1386 172 1456 199 sicut
1478 172 1505 199 in
1531 172 1592 200 aliis
1617 175 1745 202 omnibus

124 217 229 247 ἔννοιαν,
245 216 273 241 ἐν
293 216 324 250 τῇ
339 215 398 250 θείᾳ
414 215 651 250 καταλαμϐάνεται
668 216 756 250 φύσει.

961 218 1014 245 hoc
1030 218 1105 249 facil,
1115 225 1175 245 cum
1189 218 1369 253 corporaliter
1383 219 1466 246 Deum
1480 219 1620 252 describit,
1635 221 1745 247 oculum

127 264 151 287 et
166 259 316 294 palpebras.
329 266 409 286 aures
424 262 450 286 ct
465 259 566 294 digitos
581 263 608 287 et
621 267 729 287 manum
745 261 825 288 etiam
841 261 992 293 dexteram,
1007 265 1035 289 et
1067 262 1218 294 brachium,
1251 267 1278 289 et
1310 263 1417 298 pedem.
1444 267 1472 291 et
1501 264 1684 292 calceamenta
1719 270 1746 292 et

124 314 179 342 quae
195 309 257 333 sunt
272 306 407 340 ejusmodi
422 305 456 334 de
467 306 521 334 Deo
537 314 681 341 enarraus,
715 316 831 342 quorum
857 309 924 336 nihil
944 309 1094 337 secundum
1111 315 1269 338 consuetam
1286 311 1493 347 intelligentiam
1517 313 1544 339 in
1580 312 1672 340 divina
1699 313 1746 340 de-

124 351 294 388 prehenditur
309 356 416 379 natura.

166 395 243 426 Ἀλλὰ
270 398 338 433 πρὸς
356 398 386 425 τὸ
411 399 476 434 ἡμῖν
501 394 663 427 εὐσύνοπτον
674 401 724 436 τὴν
735 400 906 428 διδασκαλίαν

123 447 231 479 ἄγουσα,
256 444 315 475 ταῖς
334 443 527 479 τετριμμέναις
545 445 574 472 ὲν
589 446 622 481 τῇ
644 446 772 481 συνηθείᾳ
788 447 842 474 τῶν
863 447 907 474 ἁν-

124 493 234 529 θρώπων
258 493 361 526 φωναῖς
389 492 422 519 τά
460 493 527 528 ὑπὲρ
559 495 649 521 πᾶσαν
676 496 812 531 σημασίαν
838 497 908 533 πρά-

123 547 208 574 γματα
228 537 348 572 διορίζει,
375 538 543 573 ἀναλογικῶς
560 541 648 576 ἡμῶν,
671 541 705 567 δι’
723 542 837 569 ἑκάστου
854 543 907 569 τῶν

123 585 181 619 περὶ
193 584 258 610 Θεοῦ
273 585 436 621 λεγομένων,
456 587 524 622 πρός
540 595 600 613 τινα
619 587 795 622 ἀναγομένων
809 588 907 624 sento-

121 630 199 664 τέραν
221 631 347 657 ὑπόνοιαν
359 652 365 658 .
382 633 476 664 Οὖτως
498 631 545 659 οὖν
565 632 612 658 καὶ
633 632 668 658 τὰ
686 633 771 659 πολλὰ
786 634 834 669 τῆς
847 642 908 668 γεν-

122 677 219 711 νήσεως
241 677 298 712 εἴδη
316 678 391 713 παρὰ
406 680 454 713 τῆς
479 678 659 705 θεοπνεύστου
680 679 854 712 διδασκαλίας
868 681 909 712 είς

122 723 288 758 παράστασιν
298 725 347 758 τῆς
358 725 478 760 άρῤἡτου
491 725 537 751 τοῦ
553 725 724 759 Μονογενοῦς
735 726 908 758 ὑποστάσεως

122 765 283 800 παραλιμόἀ
290 776 335 797 δει,
343 768 469 794 τοσοῦτον
478 769 523 803 ἀφ’
532 769 646 796 ἑκάστου
654 769 838 804 λαμϐάνουσα,
847 771 908 797 ὅσον

121 811 211 844 εὐαγές
222 813 294 838 ἐστιν
304 814 343 844 είς
352 814 399 845 τὰς
415 815 477 849 περὶ
485 815 552 842 Θεοῦ
568 815 714 850 ὑπολήψεις
730 815 910 852 παραληφθῆ-

121 866 171 884 ναι.
180 857 221 888 Ὠς
229 858 284 893 γὰρ
290 859 305 893 ἡ
312 859 365 886 τῶν
373 860 510 888 δακτύλων
521 862 613 897 μνήμη
620 863 716 890 ἐπὶ.τοῦ
725 862 802 893 Θεοῦ,
809 863 911 897 καὶτῆς

120 904 204 938 χειρὸς
212 905 310 931 καὶτοῦ
322 906 471 941 βραχίονος,
478 908 508 934 οὑ
517 907 565 942 τὴν
575 908 602 941 ἐξ
609 909 695 936 ὀστῶν
703 910 749 936 καὶ
755 909 857 944 νεύρων
866 911 912 937 καὶ

121 949 225 983 σαρκῶν
231 950 277 976 καὶ
284 951 438 986 συνδέσμων
447 953 493 979 τοῦ
504 953 601 987 μέλους
609 955 781 990 κατασκευὴν
791 955 912 990 ὑπογρά-

121 1004 162 1030 φει
179 996 216 1031 τῷ
226 997 297 1032 λόγῳ
306 1017 312 1029 ,
333 998 401 1024 ἀλλὰ.
410 999 458 1033 τὴν
472 1001 627 1037 πρακτικὴν
645 1001 727 1028 αὑτοῦ
739 1002 784 1028 καὶ
797 1004 911 1038 ἐνεργη-

120 1043 193 1078 τιχὴν
203 1043 316 1079 δύναμιν
331 1045 368 1079 τῷ
378 1045 489 1080 τοιούτῳ
500 1047 672 1082 διασημαίνει
685 1048 806 1084 ὀνόματι.
819 1049 864 1075 καὶ
870 1049 904 1075 δι’

120 1088 230 1115 ἑκάστου
257 1089 310 1116 τῶν
327 1090 413 1116 ἄλλων
449 1092 483 1118 τὰ
502 1093 655 1128 κατάλληλα
677 1093 731 1120 τῶν
756 1095 819 1127 περὶ
837 1094 905 1121 Θεοῦ

120 1134 268 1169 νοουμένων
281 1136 455 1169 ἐνδείκνυται,
468 1138 498 1164 οὑ
513 1139 786 1175 συμπαραδεχομένη⁴
800 1140 850 1176 τῆς
863 1150 912 1167 σω-

121 1181 234 1215 ματικῆς
248 1181 302 1207 τῶν
314 1182 454 1213 ὀνομάτων
465 1184 609 1218 ἐμφάσεως
618 1192 624 1198 ·
650 1185 736 1216 οὕτως
750 1187 796 1213 καὶ
809 1187 844 1214 τὰ
858 1187 911 1214 τῶν

120 1226 252 1259 γενέσεων
272 1227 374 1254 τούτων
392 1228 448 1262 εἴδη
469 1228 542 1263 λέγει
563 1230 612 1264 μὲν
629 1231 676 1257 ἐπὶ
696 1233 746 1267 τῆς
764 1231 840 1263 θείας
861 1233 912 1266 φύ-

121 1280 197 1304 σεως,
212 1273 242 1298 οὑ
259 1273 312 1307 μὴν
325 1273 396 1300 οὕτω
413 1274 497 1309 λέγει,
510 1275 547 1307 ὡς
561 1277 630 1303 νοεῖν
647 1274 716 1304 οἶδεν
731 1278 747 1312 ή
763 1278 823 1304 καθ’
837 1280 911 1314 ἡμᾶς

121 1317 256 1351 συνήθεια.
275 1318 326 1344 Τὰ*
343 1320 392 1354 μὲν
417 1321 472 1355 γὰρ
494 1322 558 1356 περὶ
580 1322 630 1356 τῆς
656 1325 910 1360 κατασκευαπικῆς

121 1362 184 1398 λέγῃ
205 1363 357 1399 δυνάμεως,
372 1365 498 1401 γέννησιν
519 1367 567 1401 μὲν
581 1368 709 1402 ὀνομάζει
724 1369 771 1405 τὴν
784 1371 910 1405 τοιαύτην

121 1408 271 1444 ἐνέργειαν,
286 1409 329 1436 διὰ
344 1410 374 1437 τὺ
396 1411 450 1437 δεῖν
475 1412 543 1447 πρὸς
567 1412 596 1438 τὸ
621 1413 746 1440 ταπεινὸν
769 1415 816 1450 τῆς
836 1415 911 1447 Θείας

120 1452 260 1488 δυνάμεως
281 1455 431 1490 καταϐῆναι
445 1456 490 1483 τὸν
504 1457 581 1491 λόγον
596 1465 602 1472 ·
624 1458 654 1484 οὐ
671 1459 723 1494 μὴν
744 1460 909 1487 ἐνδείκνυται

120 1498 153 1524 τὰ
172 1500 222 1526 ὅσα
239 1501 305 1535 παρ’
322 1501 387 1536 ἡμῖν
405 1502 438 1537 τῇ
459 1506 694 1540 κατασκευαστικῇ
716 1506 820 1539 γενέσει
846 1515 909 1534 συν·
924 1514 944 1542 c

123 1543 275 1580 θεωρεῖται,
290 1546 321 1572 οὑ
340 1546 431 1577 τόπον.
456 1548 485 1574 οὺ
504 1548 609 1583 χρόνον,
634 1550 682 1585 οὑχ
696 1551 710 1576 ὁ
725 1550 802 1585 λόγος
823 1561 910 1588 παρα-

120 1590 228 1626 σκευὴν,
251 1591 301 1617 οὐκ
317 1591 439 1625 ὀργάνων
456 1594 611 1627 συνεργίαν,
634 1595 663 1621 οὺ
678 1595 723 1622 τὸν
737 1596 784 1622 ἐπὶ
798 1598 856 1629 τοῖς
869 1607 910 1632 γι-

121 1636 241 1670 νομένοις
267 1637 389 1671 θόρυϐον,
416 1638 482 1664 ἀλλὰ
499 1638 584 1666 ταῦτα
610 1641 674 1676 ἡμῖν
697 1642 908 1675 καταλείπουσα,

122 1683 300 1718 μεγαλοφυῶς
322 1685 367 1710 καὶ
382 1683 490 1719 ὑψηλῶς
510 1685 547 1720 τῷ
561 1685 620 1721 Θεῷ
634 1690 839 1724 προσμαρτυρεῖ
854 1689 906 1715 τῶν

119 1726 201 1754 ὅντων
233 1727 285 1762 τὴν
315 1728 458 1763 γέννησιν·
485 1729 522 1761 ὡς
550 1730 613 1757 ὅταν
639 1731 724 1765 λέγει,
747 1733 787 1759 ὅτι
816 1734 910 1767 Αὐτὸς

120 1770 202 1799 εἶτεν
212 1773 264 1801 καὶ
275 1773 471 1808 ἐγενήθησαν,
488 1775 579 1808 αὐτὸς
591 1776 759 1804 ἐνετείλατο
769 1779 818 1805 καὶ
832 1779 909 1806 ἐκτί-

120 1821 250 1852 σθησαν.
277 1820 360 1847 Πάλιν
383 1821 446 1847 ὅταν
470 1821 518 1856 τὴν
546 1823 703 1858 ἀπόρρητόν
721 1832 749 1850 τε
773 1824 819 1850 καὶ
841 1825 911 1861 ὑπὲρ

121 1863 196 1898 λόγον
221 1864 270 1891 τοῦ
293 1865 459 1899 Μονογενοῦς
485 1866 538 1892 ἀπὸ
565 1866 611 1892 τοῦ
635 1867 740 1902 Harpe;
763 1868 910 1895 ὑπόστασιν

121 1909 279 1945 ὲρμηνεύῃ,
302 1910 345 1936 διὰ
369 1910 399 1936 τὸ
422 1910 564 1946 ἀχώρητον
583 1910 651 1938 εἶναι
672 1912 722 1947 τὴν
738 1913 910 1949 ἀνθρωπίνην

120 1955 259 1989 πτωχείαν
275 1955 328 1981 τῶν
343 1956 412 1991 ὑπὲρ
423 1955 501 1990 λόγον
511 1965 540 1982 τε
556 1957 602 1984 καὶ
613 1958 716 1985 ἔννοιαν
729 1959 909 1994 διδαγμάτων,

121 2000 243 2029 ὲκεῖτοῖς
266 2001 411 2036 ἡμετέροις
429 2003 677 2038 συγκέχρηται,καὶ
693 2005 756 2031 Υἱὸν
772 2005 910 2040 ὀνομάζει,

119 2045 187 2080 ὅπερ
203 2046 220 2080 ἡ
241 2045 307 2081 παρ’
318 2046 382 2080 ἡμῖν
391 2046 518 2082 συνήθεια
528 2048 585 2079 τοῖς
601 2048 655 2074 ἀπὺ
664 2048 729 2083 ὕλης
744 2049 791 2075 καὶ
806 2049 912 2083 φύσεως

121 2091 345 2126 άποτικτομένοις
351 2092 434 2128 ὄνομα
442 2093 554 2121 τίθεται.
569 2094 637 2120 Ἀλλ’
645 2094 737 2130 ὥσπερ
744 2096 793 2130 τὴν
801 2096 850 2131 τῆς
859 2096 912 2122 κτί-

121 2146 189 2170 σεως
203 2134 316 2172 γένεσιν
326 2139 371 2171 ἐτᾲ
381 2139 426 2165 τοῦ
437 2139 504 2166 Θεοῦ
519 2140 533 2166 ὁ
549 2139 627 2173 λόγος
636 2140 729 2172 εἰπὼν,
747 2141 776 2168 τὸ
787 2141 830 2168 διά
841 2151 912 2174 τινος

998 398 1052 426 Sed
1072 399 1106 426 ad
1122 399 1147 426 id
1167 399 1239 434 quod
1256 407 1271 426 ει
1289 400 1366 428 nobis
1378 401 1494 435 perspici
1511 400 1627 428 faciliter
1646 406 1745 437 potest.

961 445 1114 473 doctrinam
1130 445 1278 477 adducens,
1294 445 1366 473 tritis
1382 450 1409 473 et
1425 447 1540 481 vulgatis
1561 448 1588 474 in
1605 448 1746 475 hominum

961 490 1161 518 consuetudine
1177 491 1301 523 vocibus,
1323 499 1367 518 res
1381 499 1441 526 quae
1458 499 1565 519 omnem
1581 500 1748 528 exsuperant

963 537 1172 572 signiticantiam
1188 537 1363 570 determinat,
1382 537 1445 564 dum
1462 546 1510 572 per
1525 539 1675 574 analogiam
1699 547 1747 567 seu

963 584 1170 619 proportionem
1187 585 1342 619 quamdam,
1359 593 1408 620 per
1419 592 1450 613 ea
1465 593 1525 619 quae
1536 586 1569 613 de
1584 586 1639 614 Deo
1653 587 1749 614 dicunn

961 633 1015 662 tur,
1031 629 1063 656 ad
1083 629 1204 665 aliquam
1221 630 1409 658 sublimiorem
1442 631 1633 665 cogitationem
1655 633 1750 660 suble-

961 676 1067 702 ramtir.
1086 675 1132 702 Sic
1150 675 1234 711 igitur
1252 676 1353 703 multas
1386 677 1571 711 generationis
1598 678 1703 711 species
1731 686 1749 705 ιι

963 721 1017 749 Deo
1034 722 1308 756 inspiratadoctrina
1324 722 1358 750 ad
1382 723 1650 757 reprresentationem
1681 724 1750 751 inef—

964 766 1056 794 fabilis
1070 767 1256 794 subsistentia:
1272 767 1410 802 Unigeniti
1436 768 1563 801 assumit,
1582 772 1688 796 tantum
1715 769 1749 796 ah

965 820 1131 847 unoquoque
1145 820 1300 852 assumens,
1316 817 1447 847 quantum
1464 813 1497 839 ad
1513 820 1560 841 cas
1575 820 1636 848 quae
1650 813 1683 841 de
1695 813 1750 841 Deo

965 861 1029 885 sunt
1043 858 1197 892 opiniones,
1225 859 1298 893 pium
1326 863 1372 891 est
1387 859 1501 886 assumi.
1535 859 1569 886 Ut
1586 859 1659 886 enim
1687 866 1750 886 cum
1795 859 1798 862 ’

963 903 1109 939 digitorum
1124 903 1153 930 lit
1166 904 1269 930 mentio
1285 904 1312 930 in
1334 903 1397 936 Deo,
1413 909 1440 930 et
1467 911 1564 932 manus
1582 909 1608 931 et
1634 904 1749 936 brachii.

964 956 1018 975 non
1035 956 1067 975 ex
1083 949 1193 976 ossibus
1207 953 1234 976 et
1260 950 1352 976 nervis
1377 953 1404 976 et
1421 949 1550 976 carnibus
1579 954 1606 976 et
1633 949 1751 977 vinculis

963 995 1077 1022 membri
1113 995 1338 1022 constitutionem
1367 1003 1494 1023 sermone
1521 995 1672 1027 describit,
1701 995 1750 1023 sed

964 1041 1081 1067 activam
1096 1041 1183 1076 ipsius
1200 1047 1226 1068 et
1245 1040 1381 1069 ellicacem
1398 1042 1451 1068 vim
1474 1049 1505 1068 ac
1521 1045 1684 1077 potestatem
1701 1041 1750 1068 tali

963 1087 1075 1113 uomine
1100 1087 1245 1122 significat.
1266 1092 1292 1114 et
1319 1095 1366 1122 per
1388 1088 1503 1114 aliorum
1527 1087 1748 1122 unumquodque,

963 1138 1023 1165 qua!
1042 1131 1076 1159 de
1098 1131 1151 1158 Deo
1166 1132 1368 1166 intelliguntur,
1392 1133 1435 1160 his
1454 1133 1611 1161 nominibus
1636 1140 1751 1168 respon-

963 1175 1068 1208 dentia,
1094 1176 1332 1208 demonstrantur,
1363 1185 1416 1204 non
1446 1182 1534 1204 tamen
1549 1178 1631 1205 simul
1650 1179 1750 1214 accipit
1782 1191 1784 1193 ι

963 1228 1122 1256 corpoream
1155 1223 1296 1250 nominum
1331 1222 1558 1258 signiﬁcandam:
1591 1223 1631 1250 sic
1666 1223 1749 1250 etiam

963 1267 1062 1294 harum
1080 1268 1289 1302 generationum
1305 1269 1411 1303 species
1424 1269 1457 1296 de
1472 1268 1563 1296 divina
1579 1267 1687 1303 quidem
1703 1275 1751 1295 na-

963 1316 1024 1339 tura
1038 1313 1116 1347 dicit,
1133 1322 1187 1341 non
1205 1319 1295 1342 tamen
1311 1314 1351 1342 sic
1369 1314 1446 1344 dicit,
1464 1319 1492 1341 ut
1514 1318 1607 1341 nostra
1634 1321 1751 1341 consue-

962 1359 1028 1386 tudo
1044 1360 1118 1387 novit
1136 1361 1298 1395 intelligere.
1313 1360 1380 1387 Nam
1395 1368 1457 1387 cum
1475 1360 1508 1387 de
1523 1367 1554 1387 ea
1568 1360 1592 1386 vi
1610 1368 1641 1386 ac
1654 1364 1752 1394 poten-

963 1405 1000 1432 tia
1017 1413 1072 1440 qua
1086 1411 1185 1434 cuncta
1200 1406 1336 1437 condidit.
1354 1407 1485 1441 loquitur,
1515 1406 1585 1433 hanc
1613 1405 1751 1440 operatio-

963 1459 1024 1478 nem
1045 1453 1249 1487 generalionem
1277 1452 1386 1488 quidem
1400 1452 1534 1482 nominat,
1564 1451 1673 1486 quando
1690 1451 1751 1485 qui-

962 1499 1023 1526 dem
1044 1506 1158 1526 necesse
1182 1503 1223 1526 est
1255 1498 1288 1525 de
1304 1498 1396 1526 divina
1414 1498 1514 1524 virtute
1542 1503 1695 1525 sermonem
1716 1496 1751 1522 ad

963 1545 1142 1573 humilitatem
1159 1550 1282 1572 nostram
1296 1545 1473 1575 descendere.
1488 1551 1541 1571 non
1556 1547 1646 1570 tamen
1657 1542 1749 1570 omnia

961 1598 1131 1626 qumcunque
1145 1591 1218 1625 apud
1232 1598 1282 1617 nos
1301 1589 1327 1617 iu
1343 1597 1374 1617 ea
1389 1589 1575 1623 generatione,
1602 1595 1655 1622 qua
1683 1587 1749 1622 quid

961 1636 1144 1667 construitur,
1161 1639 1331 1671 spectantur,
1349 1635 1481 1667 ostendit,
1502 1641 1556 1661 non
1581 1633 1681 1664 locum,
1693 1640 1748 1660 nou

961 1688 1079 1718 tempus,
1094 1690 1148 1709 non
1168 1689 1258 1709 sermo
1284 1681 1528 1711 constitutionem,
1562 1687 1616 1706 non
1641 1679 1746 1706 instru-

962 1733 1115 1756 mentorum
1130 1728 1292 1762 adjutricem
1309 1734 1432 1761 operam,
1448 1734 1502 1754 non
1517 1726 1543 1752 in
1558 1726 1599 1752 his
1619 1732 1679 1760 quae
1696 1724 1748 1751 hu-

962 1782 1043 1801 mano
1060 1781 1135 1801 more
1152 1774 1221 1800 ﬁunt
1236 1774 1395 1806 tumultum,
1416 1772 1464 1800 sed
1488 1773 1544 1799 haec
1561 1771 1639 1798 nobis
1664 1770 1750 1798 relin—

961 1827 1059 1855 quens,
1083 1820 1192 1847 sublimi
1218 1818 1335 1854 quodam
1362 1824 1388 1846 et
1414 1818 1558 1853 magniﬁco
1583 1817 1673 1848 modo,
1691 1816 1748 1844 Deo

962 1867 1087 1894 attribuit
1119 1873 1213 1893 eorum
1242 1873 1302 1900 quae
1325 1868 1390 1892 sunt
1419 1864 1642 1899 generationem,
1671 1863 1747 1890 verbi

960 1915 1048 1948 gratia
1065 1920 1126 1940 cum
1143 1913 1191 1945 ait,
1211 1911 1270 1946 Ipse
1286 1912 1354 1938 dixit
1366 1917 1390 1938 et
1406 1911 1479 1944 facta
1499 1915 1580 1941 sunt;
1597 1918 1652 1944 Ipse
1672 1917 1749 1936 man-

962 1959 1034 1986 davit
1053 1963 1078 1986 et
1093 1963 1182 1985 creata
1197 1963 1259 1985 sunt
1274 1958 1305 1984 ¹³.
1323 1957 1430 1985 Rursus
1444 1965 1505 1983 cum
1536 1955 1747 1983 inenarrabile

962 2010 989 2032 et
1013 2013 1123 2033 omnem
1149 2011 1303 2032 sermonem
1317 2007 1526 2038 exsuperantem
1547 2002 1685 2037 Unigeniti
1713 2009 1748 2028 ex

963 2051 1042 2078 Patre
1057 2050 1264 2079 subsistentiam
1277 2049 1407 2082 declarat,
1434 2048 1496 2083 quia
1515 2055 1569 2075 non
1595 2051 1637 2074 cst
1661 2053 1749 2082 capax

963 2097 1082 2124 humana
1097 2101 1203 2132 egestas
1215 2100 1242 2124 et
1261 2095 1423 2123 mendicitas
1447 2093 1671 2121 documentorum
1687 2099 1749 2126 quae

964 2147 1029 2170 sunt
1046 2150 1128 2177 supra
1144 2149 1297 2170 sermonem
1319 2144 1346 2169 et
1364 2141 1489 2168 notitiam
1504 2142 1681 2174 exsuperant,
1703 2138 1749 2165 ille

121 2184 185 2220 ’ὑλης
209 2185 335 2218 γίνεσθαι
351 2185 435 2221 αὐτὴν
450 2186 480 2212 οὑ
501 2187 691 2222 προσέθηκεν,
718 2188 811 2215 οὐσίαν
835 2188 910 2224 ὕλης,

965 2189 1105 2217 vocabulis
1127 2188 1228 2216 nostris
1241 2188 1337 2219 utitur,
1353 2192 1379 2214 et
1394 2186 1492 2213 Filium
1524 2185 1657 2217 nominat,
1675 2184 1749 2219 quod

120 2229 166 2256 καὶ
190 2230 285 2261 τόπον,
305 2231 352 2256 καὶ
374 2231 480 2266 χρόνον,
506 2232 552 2257 καὶ
569 2231 657 2258 πάντα
677 2232 709 2258 τὰ
726 2232 847 2265 τοιαῦτα,
864 2234 913 2268 τὴν

119 2275 166 2309 τοῦ
189 2275 345 2311 θελήματος
368 2276 480 2311 δύναμιν
504 2274 572 2303 εἶναι
595 2278 802 2313 ἀποφηνάμενος
816 2287 823 2294 θ
843 2278 913 2306 οὕτω

120 2322 167 2348 καὶ
179 2321 300 2348 ἐνταῦθα
310 2321 371 2348 Υἱὸν
386 2322 480 2354 εἰπὼν,
494 2323 582 2358 ἀφῆκε
599 2324 688 2351 πάντα
701 2333 728 2350 τε
741 2325 774 2352 τὰ
787 2325 853 2352 ἄλλα
864 2326 913 2352 ὅσα

120 2367 184 2401 περὶ
210 2367 262 2401 τὴν
285 2367 359 2394 κάτω
383 2368 508 2403 γέννησιν
532 2369 548 2404 ἠ
572 2368 726 2405 ἀνθρωπίνη
753 2370 832 2405 φύσις
851 2372 913 2407 ὁρᾷ,

121 2413 193 2448 πάθη
213 2413 288 2447 λέγω
301 2413 347 2439 καὶ
361 2414 494 2445 διαθέσεις
507 2415 552 2442 καὶ
571 2416 619 2452 τὴν
632 2416 664 2443 ἐκ
679 2417 725 2444 τοῦ
742 2417 838 2453 χρόνου
853 2427 914 2444 συν-

121 2459 245 2494 έργειαν,
264 2460 310 2485 καὶ
332 2459 380 2494 τὴν
393 2460 440 2486 τοῦ
457 2461 538 2488 τόπου
554 2462 659 2497 χρείαν,
678 2463 723 2490 καὶ
740 2463 793 2498 πρὸ
807 2463 915 2490 πάντων

121 2504 169 2539 τὴν
184 2505 265 2540 ὕλην,
278 2501 316 2544 dav
329 2505 391 2532 ἄνευ
408 2507 535 2534 ἁπάντων
562 2509 578 2543 ἡ
594 2508 669 2535 κάτω
681 2508 806 2544 γέννησις
821 2509 852 2535 ἐκ
868 2509 916 2544 τῆς

121 2550 230 2582 φύσεως
255 2541 472 2579 οὑᾝυνίσταται.
501 2554 593 2588 Πάσης
616 2555 644 2580 δὲ
669 2554 795 2590 τοιαύτης
813 2555 916 2587 ἐννοίας

122 2596 218 2631 ὑλικῆς
233 2605 265 2622 τε
279 2597 326 2624 καὶ
340 2598 554 2634 διαπημστικῆς
576 2601 612 2636 μὴ
637 2602 915 2638 συμπαραληφθείσης

120 2644 149 2669 ὲν
163 2644 197 2678 τῇ
222 2643 273 2669 τοῦ
291 2643 355 2670 Υἱοῦ
370 2644 499 2680 σημασίᾳ,
521 2645 588 2680 μόνη
613 2646 760 2682 ὑπελείφθη
776 2647 792 2682 ἡ
814 2647 894 2681 φύσις
906 2656 913 2663 ·

120 2688 168 2714 καὶ
182 2688 229 2715 διὰ
244 2688 323 2714 τοῦτο
336 2691 368 2724 τῇ
383 2689 430 2716 τοῦ
448 2690 513 2716 Υἱοῦ
527 2692 601 2726 φωνῇ
626 2691 655 2717 τὸ
667 2692 765 2718 οἰκεῖον
780 2693 826 2719 καὶ
846 2693 912 2728 γνή‹

121 2744 179 2762 σιον
201 2735 255 2766 τῆς
279 2736 311 2762 ὲκ
332 2735 379 2762 τοῦ
396 2736 500 2771 Πατρὺς
517 2737 675 2771 ἀναδείξεως
695 2739 741 2764 ἐπὶ
763 2739 809 2765 τοῦ
829 2739 914 2766 Μονοα

155 2822 177 2840 ³³
194 2822 272 2850 Psal.
290 2831 400 2857 CXLVIII,
427 2824 453 2852 ὅ.

964 2235 1073 2270 quidem
1088 2239 1180 2262 nostra
1204 2233 1373 2261 consuetudo
1393 2232 1437 2260 his
1452 2232 1497 2267 qui
1513 2239 1545 2259 ex
1576 2230 1689 2257 materia
1717 2234 1745 2257 et

964 2285 1061 2308 natura
1089 2280 1238 2315 gignuntur
1264 2286 1362 2306 nomen
1394 2278 1519 2313 imponit.
1535 2276 1587 2304 Sed
1614 2275 1749 2311 quemad—

965 2326 1074 2354 modum
1090 2325 1238 2353 crcationis
1254 2325 1458 2359 generationem
1473 2331 1536 2350 cunt
1552 2321 1662 2349 divinus
1692 2328 1750 2348 ser-

965 2381 1009 2400 mo
1024 2372 1102 2404 dixit,
1117 2372 1181 2407 quia
1193 2380 1225 2399 ex
1251 2371 1342 2405 aliqua
1373 2370 1486 2397 materia
1512 2368 1584 2396 facta
1610 2371 1662 2400 est,
1691 2367 1749 2401 ipse

965 2427 1020 2447 non
1037 2418 1145 2454 adjecit,
1161 2417 1209 2445 sed
1235 2419 1384 2444 essentiam
1409 2415 1532 2443 materiae
1557 2419 1585 2442 et
1603 2415 1693 2441 locum
1721 2417 1750 2440 et

965 2469 1072 2500 tempus
1085 2468 1112 2492 et
1135 2471 1196 2499 quas
1224 2466 1289 2491 sunt
1317 2461 1467 2497 ejusmodi,
1501 2461 1569 2488 nihil
1586 2460 1660 2487 aliud
1689 2466 1751 2487 esse

965 2513 1062 2544 praeter
1075 2509 1174 2536 divinze
1196 2507 1347 2535 voluntatis
1373 2506 1521 2542 potentiam
1539 2505 1680 2533 declarat:
1709 2504 1750 2532 sic

966 2556 1047 2584 etiam
1060 2555 1106 2582 hic
1122 2554 1221 2582 Filium
1245 2561 1307 2582 cum
1338 2553 1419 2585 dixit,
1445 2551 1538 2579 omisit
1563 2551 1653 2578 omnia
1685 2549 1750 2580 alia,

966 2608 1138 2637 quacunque
1157 2601 1184 2627 in
1201 2600 1294 2627 intima
1313 2597 1490 2634 generatione
1517 2596 1635 2623 humana
1651 2598 1750 2622 natura

966 2652 1082 2684 spectat,
1097 2648 1158 2675 dico
1173 2647 1318 2682 passiones
1330 2650 1357 2674 ct
1388 2643 1595 2679 dispositiones,
1628 2645 1656 2668 et
1687 2648 1749 2668 eam

965 2703 1025 2730 qua:
1045 2694 1073 2721 lit
1092 2702 1125 2722 ex
1144 2700 1264 2728 tempore
1281 2692 1479 2727 operationem,
1495 2692 1522 2716 et
1549 2688 1600 2715 loci
1628 2687 1750 2714 necessi-

965 2744 1059 2773 tatem,
1077 2743 1103 2768 et
1121 2742 1183 2767 ante
1199 2739 1288 2766 omnia
1305 2737 1456 2769 materiam,
1473 2735 1532 2763 sine
1541 2734 1641 2770 quibus
1656 2734 1746 2761 omni-
