1923 3071
219 123 274 151 7S3

847 123 876 150 S.
904 122 1070 151 GREGORII
1088 123 1234 151 NYSSENI
1798 129 1845 156 τη

222 180 276 207 bus
293 179 384 206 inﬁma
399 179 540 215 generatio
554 185 614 214 qua:
627 182 670 206 est
690 185 705 204 a
721 183 829 211 natura,
861 187 916 207 non
939 187 1005 208 con-

1059 179 1154 215 γενοῦς
1179 180 1367 216 ἑρμηνεύεται.
1393 181 1448 207 Καὶ
1466 180 1558 216 ἐπειδὴ
1574 182 1623 216 οὐχ
1649 182 1741 210 ἰκανὸν
1762 180 1796 218 ἦν
1818 187 1844 211 τὸ

223 227 306 255 sistit.
323 227 391 254 Cum
405 230 495 254 autem
509 226 536 253 in
563 226 740 261 generatione
757 225 819 253 Filii
837 226 895 254 haec
916 227 1009 254 omnia

223 281 285 308 quae
306 272 340 299 de
357 272 470 299 materia
495 275 522 299 et
535 272 659 299 locorum
680 279 727 299 seu
752 276 902 308 temporum
924 273 1009 300 inter-

222 318 299 346 vallis
317 318 519 353 intclliguntur,
536 325 588 345 non
614 318 878 353 comprehendisset,
899 319 927 346 in
946 318 1008 346 Filii

221 364 421 400 signiﬁcatione
432 364 491 392 sola
504 364 652 392 subrelicta
669 369 711 391 est
722 369 818 392 natura
831 374 838 391 ε
854 368 1010 399 propterea-

219 417 274 445 que
287 417 353 438 voce
370 409 430 436 Filii
458 410 611 445 proprietas
622 414 727 438 natura:
742 414 769 438 et
784 411 904 445 legitima
920 411 1006 446 origo.

220 463 281 490 quae
295 459 338 483 est
362 456 389 482 in
402 462 434 483 ea
450 455 627 490 generatione
639 463 700 491 quae
729 463 743 483 a
757 455 836 483 Patre
866 456 958 484 editur
980 457 1007 484 in

221 501 364 536 unigenito
380 500 428 528 Dei
453 501 523 529 Filio
550 502 712 536 explicatur.
741 501 774 529 Et
799 502 928 537 quoniam
946 502 1008 530 talis

219 547 405 581 generationis
419 547 525 581 species
539 555 594 575 non
608 551 666 575 erat
678 547 775 575 idonea
788 548 821 575 ad
837 547 1006 576 inferendam

221 592 301 620 nobis
319 592 497 621 suﬁicientem
520 593 665 621 inell‘aliilis
679 594 846 622 exsistentiae
867 594 1007 630 Unigeniti

221 639 463 674 imaginationem,
479 640 593 667 alteram
616 640 801 674 generationis
828 641 946 675 speciem
967 641 1006 668 si-

221 685 279 712 mul
295 685 411 712 assumit
434 685 568 719 theologia
600 685 634 711 ad
651 685 857 720 signiﬁcandam
885 685 944 713 Filii
959 693 1006 721 ge-

221 731 403 763 nerationem,
419 739 479 758 eam
498 739 597 766 nempe
611 739 672 766 qum
688 731 717 758 lit
734 740 766 759 ex
794 733 928 760 materiali
957 733 1007 760 de-

220 776 308 809 ﬂuxu,
324 782 351 805 et
364 777 430 804 dicit
458 777 631 812 splendorem
662 778 767 813 εισι-ιλιι,
786 782 811 805 et
841 779 1006 807 suavitatem

220 823 364 859 unguenti,
381 831 509 858 vaporem
531 823 588 854 Dei,
605 831 676 858 quae,
694 829 723 851 ut
740 824 874 859 superiori
889 829 1006 852 tractatu

219 869 411 904 exposuimus.
428 873 522 896 nostra
540 869 711 897 consuetudo
725 870 863 898 deﬁnxum
879 872 1007 899 materia-
1024 862 1043 889 Β

221 915 273 942 lctn
303 915 436 943 nominat.
468 914 522 943 Sed
550 915 778 950 quemadmodum
812 916 839 944 in
862 917 904 946 his
948 925 1009 951 quae

220 961 296 995 prius
327 962 518 989 recensuimns
555 969 644 997 neque
676 966 809 991 creaturae
846 964 1006 998 generatio,

220 1011 309 1042 neque
345 1005 407 1033 Filii
444 1007 646 1042 signiﬁcantia,
690 1011 814 1043 tempus,
842 1009 884 1036 vel
922 1014 1008 1036 mate-

220 1051 302 1083 riam,
317 1051 359 1077 vel
376 1051 509 1082 laborem,
526 1051 567 1078 vel
584 1051 755 1080 aﬂ'ectiouem
772 1053 853 1081 simul
877 1054 1006 1088 admisit;

219 1096 261 1123 sic
281 1099 308 1123 et
320 1096 365 1122 llic
391 1095 466 1122 omni
493 1096 628 1123 materiali
654 1097 822 1132 cogitatione
848 1106 1005 1134 cxpurgans

219 1140 376 1175 splendoris
391 1143 418 1167 et
433 1144 595 1168 caeterorum
611 1147 729 1175 quorum
750 1142 852 1168 mentio
866 1141 937 1169 facta
950 1146 1002 1174 est,

221 1187 446 1223 signiﬁcantiam,
465 1187 553 1214 solum
573 1187 599 1215 id
617 1187 689 1222 quod
707 1188 760 1215 Deo
774 1187 901 1215 convenit
915 1192 942 1216 et
959 1187 1007 1215 de-

219 1242 315 1263 corum
327 1238 379 1267 est,
392 1235 419 1261 in
435 1234 497 1262 talis
513 1235 698 1269 generationis
712 1235 813 1270 specie,
835 1242 926 1262 sermo
942 1242 1005 1262 cum

219 1280 379 1315 assumpsit,
395 1287 443 1315 per
457 1279 621 1315 emphasim,
637 1288 684 1307 seu
698 1280 799 1307 claram
813 1279 894 1315 hujus
908 1279 1006 1307 dictio-

220 1326 263 1352 nis
278 1325 497 1361 signiﬁcantium.
514 1333 545 1353 ex
565 1326 624 1360 ipso
639 1333 701 1352 esse
717 1329 743 1352 et
754 1333 816 1351 cum
833 1325 892 1361 ipso
912 1328 1006 1360 aperte

219 1372 348 1399 ostendit.
365 1372 459 1407 Neque
473 1372 546 1399 enim
563 1379 647 1407 vapor
663 1372 720 1399 sive
737 1371 839 1399 halitus
863 1372 890 1399 in
913 1378 1004 1399 aerem

218 1417 393 1445 dimisionem
404 1425 436 1445 ex
452 1417 574 1452 subjecta
583 1418 696 1445 materia
712 1417 802 1444 animo
819 1420 1005 1453 rcpmsentat,

219 1470 308 1497 neque
322 1463 389 1490 odor
409 1470 442 1490 cx
462 1463 593 1498 qualitate
609 1463 741 1497 unguenti
766 1463 792 1489 in
808 1470 896 1490 aerem
917 1466 1005 1489 trans-

1059 227 1165 254 τοιοῦτο
1183 228 1232 262 τῆς
1246 228 1396 262 γεννήσεως
1412 225 1481 258 εἶδος
1494 226 1631 263 ἀρκοῦσαν
1646 228 1712 263 ἡμῖν
1732 229 1844 265 ἐμποιῆ-

1061 280 1104 298 σαι
1122 272 1170 307 τῆς
1188 273 1306 307 ἀρρήτου
1325 270 1445 306 περὶτοῦ
1463 271 1631 305 Μονογενοῦς
1648 271 1792 308 ὑπάρξεως
1801 274 1846 308 τὴν

1060 317 1219 352 φαντασίαν,
1238 317 1502 353 συμπαραλαμὸάνει
1520 318 1568 343 καὶ
1588 317 1681 353 ἕτερον
1694 319 1742 354 τῆς
1756 320 1846 354 γεννή-

1061 372 1128 395 σεως
1144 362 1224 395 εἶδος,
1234 364 1301 399 πρὸς
1310 363 1446 399 σημασίαν
1467 364 1516 398 τῆς
1528 363 1574 390 τοῦ
1585 363 1662 390 Υίοῦ⁵
1671 365 1809 399 .θεολογία.
1818 366 1845 392 τὸ

1060 411 1092 437 ὲκ
1108 410 1157 445 τῆς
1174 410 1268 445 ὑλικῆς
1285 410 1443 446 ἀπορροίας,
1462 410 1507 436 καί
1523 418 1605 445 φησιν
1619 410 1791 446 ἀπαύγασμα
1805 412 1844 438 δῶ

1059 455 1118 491 ξης,
1136 456 1181 482 καὶ
1196 455 1281 491 ὀσμὴν
1297 455 1381 491 μύρου
1405 455 1451 482 καὶ
1467 456 1565 490 ἀτμίδα
1587 455 1665 486 Θεοῦ,
1687 457 1758 492 ἅπερ
1776 458 1803 483 ἐν
1815 459 1843 492 τῇ

1059 502 1256 538 προεκτεθείσῃ
1282 501 1346 537 παρ’
1371 501 1448 536 ἡμῶν
1469 501 1625 536 τεχνολογία
1659 502 1675 536 ἡ
1699 501 1760 528 καθ’
1777 503 1845 537 ἡμᾶς

1060 546 1189 582 συνήθεια
1204 547 1298 581 ὑλικὴν
1313 547 1462 582 ἀπόρροιαν
1476 546 1611 582 ὀνομάζει.
1631 547 1700 573 Ἀλλ’
1714 547 1809 582 ὥσπερ
1821 548 1846 573 ἐν

1059 595 1114 625 τοῖς
1127 593 1336 629 προειρημένοις
1361 593 1421 620 οὒτε
1437 594 1453 628 ἡ
1468 593 1517 628 τῆς
1530 592 1645 624 κτίσεως
1661 593 1779 627 ποίησις.
1790 592 1846 619 οὔτε

1059 641 1076 675 ἡ
1091 639 1137 666 τοῦ
1155 639 1219 665 Υἰοῦ
1249 639 1370 674 σημασία
1404 638 1508 674 χρόνον,
1532 638 1548 672 ἢ
1573 637 1649 672 ὓλην,
1672 637 1689 671 ἢ
1713 638 1807 665 κῆπον,
1831 638 1845 672 ἦ

1060 686 1144 717 πάθος
1157 685 1377 720 συμπαρεδέξατο
1390 693 1396 700 ’
1411 684 1496 715 οὕτως
1507 683 1553 710 καὶ
1571 682 1686 709 ἐνταῦθα
1701 683 1791 717 πάσης
1803 683 1846 717 τῆς

1059 731 1155 766 ὑλικῆς
1172 731 1276 761 ἑννοίας
1305 730 1462 765 ἐκκαθάρας
1483 729 1533 765 τὴν
1561 728 1609 754 τοῦ
1635 729 1847 763 ἀπαυγάσματος

1059 778 1106 805 καὶ
1119 778 1172 804 τῶν
1186 776 1286 804 λοιπῶν
1304 776 1358 803 τῶν
1381 775 1618 812 μνημονευθὲντιυν
1633 775 1784 810 σημασίαν,
1803 776 1847 809 μὸ-

1059 833 1103 852 νον
1119 824 1149 851 τὸ
1168 823 1318 858 θεοπρεπὲς
1332 823 1378 850 τοῦ
1393 822 1513 849 τοιούτου
1529 822 1579 857 τῆς
1599 823 1752 857 γεννήσεως
1767 822 1847 852 εἴδους

1059 871 1072 897 ὁ
1094 871 1171 905 λόγος
1194 869 1367 905 παραλαϐὼν,
1386 869 1550 895 ἐνδείκνυται
1565 868 1594 894 τὸ
1610 867 1639 900 ἐξ
1661 868 1744 894 αὑτοῦ
1760 876 1790 894 τε
1805 868 1847 894 καὶ

1061 916 1119 951 μετ’
1134 914 1214 941 αὐτοῦ
1234 914 1362 946 νοεῖσθαι.
1380 914 1424 940 διὰ
1443 914 1492 949 τῆς
1508 913 1580 940 κατὰ
1596 913 1645 949 τὴν
1661 913 1734 945 λέξιν
1749 913 1847 947 ταύτην

1058 962 1213 997 ἐμφάσεως.
1241 960 1309 987 Οὔτε
1329 960 1383 995 γὰρ
1398 961 1414 996 ἡ
1429 960 1511 995 ἀτμὶς
1528 960 1576 995 τὴν
1591 960 1630 990 εἰς
1644 959 1714 994 ἀέρα
1727 959 1846 994 διάχυσιν

1058 1008 1090 1034 ὲκ
1114 1007 1164 1042 τῆς
1187 1006 1370 1041 ὑποκειμένης
1392 1005 1457 1040 ὕλης
1473 1005 1646 1040 παρίστησιν,
1671 1005 1734 1031 οὔτε
1749 1006 1845 1041 ἡὸσμὴ

1057 1054 1106 1088 τὴν
1123 1054 1155 1079 ὲκ
1168 1054 1217 1088 τῆς
1238 1052 1378 1087 ποιότητος
1391 1050 1438 1078 τοῦ
1456 1051 1541 1086 μύρου
1559 1051 1702 1086 γινομένου
1723 1051 1792 1085 πρὸς
1806 1051 1846 1077 τὸν

1057 1100 1126 1135 ἀέρα
1141 1099 1314 1134 μετάστασιν,
1333 1097 1393 1124 οὔτε
1407 1097 1576 1132 ἀπαύγασμα
1596 1097 1644 1132 τὴν
1661 1098 1693 1124 ὲκ
1708 1097 1756 1124 τοῦ
1772 1098 1847 1132 ἡλια-

1057 1144 1105 1172 κοῦ
1129 1143 1253 1178 σώματος
1277 1143 1320 1169 διὰ
1341 1142 1394 1168 τῶν
1422 1141 1538 1168 ἀκτίνων
1568 1141 1728 1176 ἀπόρροιαν.
1769 1140 1847 1166 Ἀλλὰ

1056 1190 1134 1217 τοῦτο
1158 1189 1236 1225 μόνον
1261 1189 1293 1215 ὲκ
1320 1188 1449 1220 πάντων,
1475 1186 1565 1218 καθὼς
1589 1187 1715 1221 εἴρηται,
1739 1186 1783 1213 διὰ
1803 1185 1847 1213 τοῦ

1056 1237 1175 1263 τοιούτου
1187 1237 1235 1270 τῆς
1246 1236 1395 1270 γεννήσεως
1403 1235 1503 1270 τρόπου
1515 1233 1651 1269 δηλοῦται,
1661 1233 1691 1260 τδ
1702 1234 1732 1265 ἐξ
1744 1234 1846 1260 ἐκείνου

1055 1291 1085 1309 τε
1107 1280 1176 1308 εἶναι
1193 1282 1238 1308 καὶ
1255 1282 1311 1316 μετ’
1328 1281 1433 1307 ἐκείνου
1448 1279 1583 1307 νοεῖσθαι·
1613 1279 1726 1315 Mem;
1739 1279 1848 1314 διαστή-

1058 1336 1141 1363 ματος
1155 1327 1256 1363 μεταξὺ
1273 1326 1319 1353 τοῦ
1338 1326 1444 1362 Πατρὺς
1460 1327 1506 1353 καὶ
1519 1326 1564 1353 τοῦ
1583 1326 1613 1358 ἐξ
1628 1325 1710 1352 αὐτοῦ
1725 1325 1846 1360 μεσιτεύ-

1055 1381 1140 1404 οντος.
1161 1371 1236 1398 Ἐπεὶ
1244 1371 1271 1397 δὲ
1285 1371 1327 1397 διὰ
1340 1371 1448 1397 πλείονα
1463 1371 1668 1405 φιλανθρωπίαν
1683 1371 1700 1404 ἡ
1711 1369 1758 1396 τοῦ
1770 1369 1847 1403 ἁγίου

1055 1419 1211 1454 Πνεύματος
1219 1419 1296 1454 χάρις
1308 1418 1469 1452 πολλαχόθεν
1476 1418 1540 1452 ἡμῖν
1551 1417 1710 1451 ἐγγενέσθαι
1720 1416 1769 1448 τὰς
1775 1416 1848 1447 θείας

1055 1466 1119 1500 περὶ
1131 1465 1176 1491 τοῦ
1189 1463 1356 1498 Μονογενοῦς
1369 1464 1516 1498 ὑπολήψεις
1531 1463 1725 1498 ᾡκονομήσατο
1734 1470 1741 1476 ⁸
1771 1471 1849 1498 προσ.

220 1508 412 1541 mutationem,
443 1516 532 1543 neque
545 1509 675 1543 splendor
688 1517 719 1536 ex
737 1508 818 1536 solari
831 1516 945 1543 corpore
957 1516 1004 1544 per

1058 1511 1140 1546 έθηκε
1156 1511 1202 1536 καὶ
1214 1509 1244 1536 τὸ
1256 1510 1414 1545 λειπόμενον
1423 1509 1476 1535 τῶν
1491 1509 1518 1535 ὲν
1536 1509 1641 1542 γενέσει
1655 1508 1849 1543 θεωρουμένων

221 1553 314 1581 radios
328 1552 478 1585 deﬁuxum,
496 1554 544 1580 sed
561 1554 612 1580 hoc
628 1554 716 1581 solum
734 1561 767 1580 ex
786 1553 924 1586 omnibus,
936 1554 1007 1580 sicut

221 1599 324 1626 dictum
347 1604 400 1630 est,
421 1605 468 1635 per
491 1599 571 1627 talem
587 1600 772 1635 generationis
789 1600 899 1627 modum
917 1600 1008 1627 decla-

220 1648 307 1677 ratur,
323 1652 355 1672 cx
369 1645 416 1672 illo
436 1653 498 1673 csse
517 1650 543 1673 ct
562 1653 624 1672 cum
644 1646 692 1672 illo
709 1646 842 1680 intelligi,
864 1646 939 1672 nullo
967 1646 1008 1672 in-

222 1691 337 1720 tervallo
352 1692 424 1719 inter
438 1692 546 1719 Patrem
560 1697 586 1720 et
603 1700 665 1719 cum
679 1693 724 1727 qui
740 1700 773 1719 ex
790 1692 848 1727 ipso
860 1697 901 1720 est
922 1693 1008 1720 inter-

219 1736 302 1770 jeeto.
318 1736 370 1764 Sed
384 1739 514 1772 quoniam
528 1737 563 1764 ob
581 1737 710 1772 majorem
729 1738 755 1764 in
777 1737 902 1765 homines
925 1738 1007 1765 bene-

219 1782 365 1810 volentiam
393 1783 480 1811 sancti
507 1782 626 1818 Spiritus
652 1783 738 1817 gratia
759 1784 853 1810 multis
876 1791 907 1810 ex
938 1784 1007 1811 locis

219 1827 300 1855 nobis
326 1828 479 1864 ingenerari
505 1828 612 1856 divinas
638 1829 672 1856 dc
697 1828 842 1864 Unigenito
862 1829 1006 1864 opiniones

218 1873 411 1908 dispensavit:
432 1874 474 1902 bis
500 1875 583 1902 etiam
611 1874 715 1902 addidit
745 1875 877 1909 reliquam
910 1882 1005 1902 eorum

218 1927 280 1954 quae
297 1919 324 1946 in
348 1920 524 1955 generatione
542 1920 752 1948 considerantur
778 1921 907 1956 speciem,
944 1920 1006 1947 dico

217 1972 277 1992 eam
293 1972 354 2000 quae
367 1974 399 1993 ex
413 1970 502 1994 mente
513 1969 540 1993 et
551 1973 685 1994 sermone.
702 1965 754 1994 Sed
769 1966 871 2001 majore
885 1973 952 1992 usus
963 1971 1006 1994 est

217 2010 388 2044 providentia
402 2011 529 2039 sublimis
538 2010 667 2044 Joannes,
684 2015 714 2038 ut
726 2018 865 2044 nunquam
879 2018 934 2046 pm
947 2011 1007 2038 lan-

217 2063 302 2091 guore
330 2061 356 2084 et
372 2057 455 2084 animi
469 2058 561 2092 pusilli
582 2057 722 2085 debilitate
743 2057 881 2084 audientis
903 2057 1005 2084 intelli-

217 2101 309 2135 gentia
327 2101 436 2129 decidat
450 2102 484 2130 ad
511 2110 684 2130 communem
705 2104 830 2131 notitiam
855 2103 949 2136 verbi,
976 2107 1006 2130 ut

219 2145 304 2174 Filius
319 2146 409 2175 Patris
424 2155 510 2176 sonus
532 2149 726 2176 existimetur:
747 2153 890 2184 propterea
910 2149 939 2176 in
960 2157 1004 2177 es-

1059 1555 1137 1589 εἶδος,
1154 1557 1194 1582 -τδ
1216 1557 1247 1582 ὲκ
1270 1555 1316 1582 τοῦ
1339 1555 1384 1581 νοῦ
1408 1564 1477 1590 φημι
1501 1555 1547 1581 καὶ
1572 1554 1618 1580 τοῦ
1644 1554 1736 1587 λόγου.
1768 1554 1849 1579 Ἀλλὰ

1058 1602 1160 1628 πλείονι
1177 1602 1275 1637 χρῆται
1290 1602 1323 1636 τῇ
1341 1601 1495 1636 προμηθείᾳ.
1509 1602 1522 1626 ὁ
1537 1599 1636 1634 ὑψηλὸς
1657 1600 1796 1634 Ἰωάννης,
1813 1599 1848 1629 1'»;

1060 1648 1163 1682 μήποτε
1182 1647 1234 1673 ὑπὸ
1250 1647 1357 1678 ἀτονίας
1374 1655 1403 1672 τε
1418 1646 1465 1672 καὶ
1483 1645 1663 1681 μικροψυχίας
1684 1645 1848 1671 καταπεσεῖν

1056 1694 1102 1719 τὸν
1120 1693 1252 1720 ἀκούοντα
1266 1693 1333 1728 πρὸς
1349 1693 1442 1727 κοινὴν
1453 1691 1557 1719 ἔννοιαν
1571 1691 1661 1725 λόγου,
1678 1691 1716 1722 ὼς
1732 1690 1848 1725 φθόγγον

1056 1739 1102 1765 τοῦ
1121 1738 1224 1773 Πατρὺς
1237 1739 1284 1764 τὸν
1298 1739 1359 1764 Υἱὸν
1375 1738 1536 1773 νομισθῆναι
1549 1745 1555 1752 ·
1574 1737 1618 1764 διὰ
1632 1737 1711 1763 τοῦτο
1726 1737 1755 1763 ὲν
1770 1737 1848 1771 οὐσία

1058 1785 1165 1820 βλέπειν
1185 1786 1230 1811 τὸν
1242 1785 1327 1819 Λόγον
1353 1784 1557 1820 παρασκευάζει
1580 1784 1619 1819 τῷ
1645 1784 1747 1819 πρώτῳ
1763 1783 1847 1818 κηρῦ-

1057 1839 1152 1865 γματι,
1167 1830 1213 1856 καὶ
1242 1831 1270 1856 ἐν
1286 1830 1364 1865 οὐσία
1382 1830 1431 1856 οὐκ
1445 1829 1637 1864 ἀπεξενωμένῃ
1657 1829 1711 1855 τινὶ
1726 1830 1848 1864 ἁπερπ-

1056 1876 1121 1911 γυίᾳ
1132 1875 1180 1910 τῆς
1194 1875 1254 1902 ὅθεν
1269 1875 1352 1906 ἐστὶν,
1368 1875 1424 1901 ἀλλ’
1440 1875 1469 1901 ὲν
1484 1875 1558 1909 αὐτῷ
1572 1874 1618 1900 καὶ
1640 1875 1673 1909 τῇ
1691 1873 1788 1909 πρώτῃ
1803 1874 1848 1899 καὶ

1058 1922 1181 1956 μακαρία
1206 1921 1295 1955 φύσει.
1319 1920 1410 1947 Ταῦτα
1436 1921 1489 1956 γὰρ
1515 1920 1644 1949 διδάσκει.
1670 1920 1778 1952 λέγων,
1809 1920 1847 1946 ὅτι

1062 1967 1111 1993 Ἐν
1140 1966 1218 2000 ἀρχῇ
1249 1964 1287 2001 ἦν
1306 1967 1321 1992 ὀ
1347 1967 1459 2001 Λόγος,
1484 1966 1533 1992 καὶ
1571 1965 1645 1998 πρὸς
1679 1965 1734 1991 τὸν
1758 1964 1846 1996 ϐεεν,

1056 2013 1104 2040 καὶ
1116 2012 1197 2045 Θεὸς,
1210 2012 1258 2039 καὶ
1268 2012 1355 2039 πάντα
1368 2013 1417 2039 ὅσα
1431 2012 1506 2038 ἐστὶν
1518 2012 1534 2047 ὴ
1549 2011 1630 2046 ἀρχὴ.
1646 2011 1694 2037 καὶ
1706 2010 1787 2041 αὐτὸς
1799 2009 1845 2037 ὢν.

1056 2058 1148 2090 Οὕτως
1161 2058 1215 2094 γὰρ
1232 2059 1295 2094 περὶ
1315 2058 1364 2093 τῆς
1379 2058 1527 2092 ἀῖδιότητος
1541 2056 1588 2083 τοῦ
1605 2056 1775 2090 Μονογενοῦς
1789 2057 1847 2082 θεο-

1055 2105 1141 2139 λογῶν
1159 2104 1335 2140 διεξέρχεται.
1346 2103 1454 2130 Τούτων
1466 2103 1555 2130 τοίνυν
1570 2102 1622 2129 τῶν
1637 2102 1686 2137 τῆς
1696 2102 1846 2137 γεννήσεως

1055 2151 1173 2186 τρόπων,
1192 2150 1250 2185 ἧτοι
1264 2149 1317 2176 τῶν
1336 2149 1366 2182 ἐξ
1382 2149 1470 2181 αἰτίας
1483 2149 1684 2183 ὑφεστηκότων,
1696 2149 1726 2174 ὲν
1739 2150 1772 2183 τῇ
1787 2148 1846 2174 καθ’

218 2193 307 2220 sentio
335 2197 458 2227 spectare
479 2193 598 2221 Verbum
622 2195 732 2222 instruit
752 2195 839 2231 prima
870 2195 1002 2230 praedica—

1057 2196 1128 2231 ἡμᾶς
1143 2196 1272 2231 συνηθείᾳ
1285 2196 1501 2230 γινωσκομένων,
1520 2194 1752 2229 παραληφθέντων
1762 2194 1790 2220 δὲ
1800 2193 1844 2220 καὶ

217 2238 302 2270 tione,
320 2244 347 2264 et
364 2246 417 2265 non
428 2239 454 2265 in
462 2240 581 2267 essentia
595 2241 685 2275 aliqua
698 2241 875 2277 peregrinaet
885 2241 1002 2275 abrupta

217 2283 251 2310 ab
269 2290 300 2311 ea
315 2291 375 2318 qua:
390 2283 461 2312 Deus
476 2289 528 2316 est,
546 2285 593 2313 sed
609 2286 636 2313 in
653 2286 712 2321 ipso
727 2290 754 2314 et
766 2287 793 2314 in
811 2286 897 2322 prima
908 2287 1002 2314 beata-

217 2337 272 2363 que
284 2333 392 2356 natura.
410 2329 471 2357 Haec
485 2331 558 2358 enim
574 2332 662 2364 docet,
681 2333 776 2360 dicens
796 2341 802 2359 :
818 2331 851 2359 lu
871 2332 1002 2367 principio

215 2378 274 2401 erat
298 2374 420 2407 Verbum,
433 2381 457 2403 et
476 2377 546 2411 apud
566 2377 646 2405 licam
658 2398 666 2411 ,
681 2383 705 2405 et
722 2378 833 2412 Deus“,
859 2382 886 2406 et
909 2379 1001 2406 omnia

216 2429 279 2456 qum
297 2422 459 2457 principium
478 2428 530 2456 est,
547 2429 575 2452 et
591 2425 648 2460 ipse
665 2429 716 2453 est.
736 2425 782 2453 Sic
793 2425 866 2453 enim
880 2425 913 2452 de
924 2429 1003 2452 :etcr-

216 2467 303 2494 nitate
320 2467 456 2503 Unigeniti
477 2469 629 2506 tlteologice
641 2471 780 2500 disserens
796 2473 917 2507 exponit.
932 2473 1000 2500 Cum

1056 2242 1131 2278 παρὰ
1145 2242 1194 2277 τῆς
1207 2242 1287 2276 ἁγίας
1300 2241 1411 2276 Γραφῆς
1429 2241 1493 2276 πρὸς
1508 2241 1556 2276 τὴν
1572 2240 1625 2266 τῶν
1639 2239 1844 2275 ὑπερκειμένων

1055 2288 1228 2314 διδασκαλίαν
1238 2309 1245 2320 ,
1272 2287 1357 2319 οὕτως
1372 2288 1409 2318 ὡς
1423 2288 1496 2318 εἰκός
1509 2287 1568 2313 ἐστι
1585 2286 1652 2322 πρὸς
1672 2286 1844 2320 παράστασιν

1055 2335 1108 2362 τῶν
1121 2335 1200 2362 θείων
1215 2334 1373 2369 ὑπολήψεων
1388 2333 1502 2360 ἕκαστον
1513 2332 1616 2359 τούτων
1628 2330 1842 2366 μεταληφθῆναι,

1056 2381 1175 2416 κρινάτω
1188 2380 1294 2407 δικαίαν
1310 2379 1399 2414 κρίσιν
1414 2380 1428 2405 ὁ
1440 2379 1611 2414 ἐντυγχάνων
1623 2377 1663 2413 τῷ
1677 2377 1751 2412 λόγῳ
1761 2385 1767 2391 ·
1782 2376 1806 2402 εῐ
1819 2384 1844 2402 τι

1055 2427 1108 2453 τῶν
1125 2427 1186 2462 περὶ
1204 2427 1253 2462 τῆς
1275 2426 1405 2462 αἱρέσεως
1423 2425 1580 2461 φερομένων
1606 2423 1683 2459 ἰσχύν
1700 2430 1762 2449 τινα
1777 2421 1843 2448 κατὰ

1055 2474 1103 2508 τῆς
1117 2473 1244 2508 ἀληθείας
1262 2471 1327 2507 ἔχει.

217 2513 301 2548 igitur
315 2514 383 2542 tales
394 2513 450 2542 sint.
460 2515 643 2549 generationis
658 2516 740 2548 modi,
755 2525 802 2544 seu
819 2523 998 2545 certeeorum
1018 2526 1079 2553 qua:
1094 2526 1126 2545 ex
1148 2525 1231 2546 causa
1249 2518 1414 2548 subsistunt,
1430 2517 1476 2551 qui
1512 2516 1620 2551 quidem
1645 2519 1739 2552 nostra
1775 2520 1840 2539 con-

216 2562 361 2590 suetudine
375 2567 587 2597 cognoscuntur,
598 2570 666 2597 quos
677 2565 823 2599 assumpsit
835 2572 912 2592 sacra
929 2563 1068 2600 Scriptura
1087 2565 1119 2591 ad
1145 2564 1404 2599 supereminentium
1426 2563 1578 2590 doctrinam
1598 2568 1715 2596 quorum
1746 2567 1841 2587 unum-

215 2609 344 2644 quodque
358 2609 398 2637 sic
408 2609 506 2637 debeat
523 2609 626 2636 assumi
643 2614 671 2636 ut
687 2616 900 2638 consentaneum
917 2616 959 2639 est
970 2611 1003 2638 ad
1024 2611 1171 2639 ﬁrmandos
1187 2615 1213 2638 et
1235 2610 1412 2638 stabiliendas
1451 2617 1541 2636 rerum
1575 2607 1730 2635 divinarum
1752 2607 1839 2633 notio-

216 2663 276 2689 nes,
289 2656 393 2691 judicet
411 2656 467 2691 jam
491 2660 593 2684 rectum
608 2656 759 2691 judicium,
785 2658 831 2686 ille
855 2659 902 2694 qui
928 2659 1000 2686 hunc
1019 2667 1172 2687 sermonem
1201 2658 1283 2693 legit,
1328 2657 1350 2684 si
1378 2656 1443 2692 quid
1470 2663 1564 2684 eorum
1601 2662 1663 2689 quae
1689 2654 1724 2681 ab
1745 2652 1837 2680 haeresi

216 2701 393 2737 proferuntur
407 2702 490 2730 robur
503 2703 613 2738 aliquod
631 2703 714 2731 habet
731 2708 827 2731 contra
845 2705 996 2732 veritatem.

252 2749 305 2778 Sed
325 2759 421 2779 rursus
441 2752 566 2787 adjiciam
580 2753 665 2788 ipsam
678 2753 710 2781 ad
725 2754 835 2782 verbum
851 2753 999 2782 adversarii

1088 2745 1239 2787 Πρὸσθήσω
1249 2750 1276 2777 δὲ
1292 2749 1372 2777 πάλιν
1388 2748 1471 2785 αὐτὴν
1487 2748 1530 2775 ἐπι
1547 2747 1645 2782 λέξεως
1658 2746 1705 2774 τοῖο
1722 2745 1836 2774 ἐναντίου

253 2837 275 2854 ⁸⁸
294 2837 374 2865 .Ionn.
400 2847 420 2870 ι,
432 2840 456 2866 1.
