  <div class='ocr_page' id='page_1' title='image "/cluster/home/n/w/nwhite01/storage/ocr_20150623/45/njp.32101077772596/406.png"; bbox 0 0 1959 3075; ppageno 0'>
   <div class='ocr_carea' id='block_1_1' title="bbox 129 130 176 158">
    <p class='ocr_par' dir='ltr' id='par_1_1' title="bbox 129 130 176 158">
     <span class='ocr_line' id='line_1_1' title="bbox 129 130 176 158; baseline -0.021 0"><span class='ocrx_word' id='word_1_1' title='bbox 129 130 176 158; x_wconf 80' lang='lat'><strong>785</strong></span> 
     </span>
    </p>
   </div>
   <div class='ocr_carea' id='block_1_2' title="bbox 677 129 1200 164">
    <p class='ocr_par' dir='ltr' id='par_1_2' title="bbox 677 129 1200 164">
     <span class='ocr_line' id='line_1_2' title="bbox 677 129 1200 164; baseline 0 -8"><span class='ocrx_word' id='word_1_2' title='bbox 677 129 814 157; x_wconf 72' lang='lat' dir='ltr'><strong>CONTRA</strong></span> <span class='ocrx_word' id='word_1_3' title='bbox 836 130 1031 164; x_wconf 74' lang='lat' dir='ltr'><strong>EUNOMIUM,</strong></span> <span class='ocrx_word' id='word_1_4' title='bbox 1048 131 1113 158; x_wconf 83' lang='lat' dir='ltr'>LIB.</span> <span class='ocrx_word' id='word_1_5' title='bbox 1136 129 1200 157; x_wconf 80' lang='lat' dir='ltr'><strong>Vlll.</strong></span> 
     </span>
    </p>
   </div>
   <div class='ocr_carea' id='block_1_3' title="bbox 1689 124 1740 154">
    <p class='ocr_par' dir='ltr' id='par_1_3' title="bbox 1689 124 1740 154">
     <span class='ocr_line' id='line_1_3' title="bbox 1689 124 1740 154; baseline -0.039 0"><span class='ocrx_word' id='word_1_6' title='bbox 1689 124 1740 154; x_wconf 79' lang='lat'><strong>736</strong></span> 
     </span>
    </p>
   </div>
   <div class='ocr_carea' id='block_1_4' title="bbox 131 183 905 221">
    <p class='ocr_par' dir='ltr' id='par_1_4' title="bbox 131 183 905 220">
     <span class='ocr_line' id='line_1_4' title="bbox 131 183 905 220; baseline 0.003 -9"><span class='ocrx_word' id='word_1_7' title='bbox 131 184 175 218; x_wconf 74' lang='grc' dir='ltr'>τὴν</span> <span class='ocrx_word' id='word_1_8' title='bbox 191 184 264 220; x_wconf 76' lang='grc' dir='ltr'>ῥῆσιν</span> <span class='ocrx_word' id='word_1_9' title='bbox 282 183 394 219; x_wconf 78' lang='grc' dir='ltr'>ἔχουσαν</span> <span class='ocrx_word' id='word_1_10' title='bbox 409 184 510 216; x_wconf 81' lang='grc' dir='ltr'>οὕτως·</span> <span class='ocrx_word' id='word_1_11' title='bbox 527 185 594 218; x_wconf 80' lang='grc' dir='ltr'>Δύο,</span> <span class='ocrx_word' id='word_1_12' title='bbox 608 186 707 220; x_wconf 76' lang='grc' dir='ltr'>φησὶν,</span> <span class='ocrx_word' id='word_1_13' title='bbox 734 187 828 213; x_wconf 73' lang='grc' dir='ltr'>ὄντων</span> <span class='ocrx_word' id='word_1_14' title='bbox 846 186 905 213; x_wconf 79' lang='grc' dir='ltr'>τῶν</span> 
     </span>
    </p>
   </div>
   <div class='ocr_carea' id='block_1_5' title="bbox 955 183 1740 221">
    <p class='ocr_par' dir='ltr' id='par_1_5' title="bbox 955 184 1740 221">
     <span class='ocr_line' id='line_1_5' title="bbox 955 184 1740 221; baseline -0.004 -8"><span class='ocrx_word' id='word_1_15' title='bbox 955 187 1115 218; x_wconf 80' lang='lat' dir='ltr'><strong>orationem,</strong></span> <span class='ocrx_word' id='word_1_16' title='bbox 1130 193 1190 221; x_wconf 79' lang='lat' dir='ltr'><strong>quae</strong></span> <span class='ocrx_word' id='word_1_17' title='bbox 1207 185 1246 213; x_wconf 85' lang='lat' dir='ltr'><strong>sic</strong></span> <span class='ocrx_word' id='word_1_18' title='bbox 1262 185 1361 212; x_wconf 78' lang='lat' dir='ltr'><strong>habet:</strong></span> <span class='ocrx_word' id='word_1_19' title='bbox 1379 184 1449 218; x_wconf 82' lang='lat' dir='ltr'><strong>Duo,</strong></span> <span class='ocrx_word' id='word_1_20' title='bbox 1468 184 1557 219; x_wconf 85' lang='lat' dir='ltr'><strong>inquit</strong></span> <span class='ocrx_word' id='word_1_21' title='bbox 1569 203 1576 216; x_wconf 87' lang='lat'><strong>,</strong></span> <span class='ocrx_word' id='word_1_22' title='bbox 1595 191 1654 211; x_wconf 83' lang='lat' dir='ltr'><strong>cum</strong></span> <span class='ocrx_word' id='word_1_23' title='bbox 1665 184 1740 211; x_wconf 69' lang='lat' dir='ltr'><strong>dire-</strong></span> 
     </span>
    </p>
   </div>
   <div class='ocr_carea' id='block_1_6' title="bbox 130 229 899 267">
    <p class='ocr_par' dir='ltr' id='par_1_6' title="bbox 130 229 899 267">
     <span class='ocr_line' id='line_1_6' title="bbox 130 229 899 267; baseline 0.005 -12"><span class='ocrx_word' id='word_1_24' title='bbox 130 231 190 265; x_wconf 74' lang='lat' dir='ltr'><strong>:mp‘</strong></span> <span class='ocrx_word' id='word_1_25' title='bbox 206 229 285 264; x_wconf 78' lang='grc' dir='ltr'><strong>ἡμῶν</strong></span> <span class='ocrx_word' id='word_1_26' title='bbox 301 230 473 264; x_wconf 76' lang='grc' dir='ltr'>εὶρημένων,</span> <span class='ocrx_word' id='word_1_27' title='bbox 490 232 542 258; x_wconf 80' lang='grc' dir='ltr'><strong>τοῦ</strong></span> <span class='ocrx_word' id='word_1_28' title='bbox 557 241 587 258; x_wconf 86' lang='grc' dir='ltr'>τε</span> <span class='ocrx_word' id='word_1_29' title='bbox 604 232 659 266; x_wconf 79' lang='grc' dir='ltr'>πρὸ</span> <span class='ocrx_word' id='word_1_30' title='bbox 675 232 728 266; x_wconf 82' lang='grc' dir='ltr'>τῆς</span> <span class='ocrx_word' id='word_1_31' title='bbox 742 232 817 265; x_wconf 79' lang='grc' dir='ltr'>ἰδίας</span> <span class='ocrx_word' id='word_1_32' title='bbox 835 241 899 267; x_wconf 78' lang='grc' dir='ltr'>γεν-</span> 
     </span>
    </p>
   </div>
   <div class='ocr_carea' id='block_1_7' title="bbox 129 273 905 313">
    <p class='ocr_par' dir='ltr' id='par_1_7' title="bbox 129 273 905 313">
     <span class='ocr_line' id='line_1_7' title="bbox 129 273 905 313; baseline 0.004 -11"><span class='ocrx_word' id='word_1_33' title='bbox 129 275 235 309; x_wconf 77' lang='grc' dir='ltr'>νήσεως</span> <span class='ocrx_word' id='word_1_34' title='bbox 251 274 293 309; x_wconf 82' lang='grc' dir='ltr'>μὴ</span> <span class='ocrx_word' id='word_1_35' title='bbox 321 273 398 302; x_wconf 76' lang='grc' dir='ltr'>εἶναι</span> <span class='ocrx_word' id='word_1_36' title='bbox 419 276 476 310; x_wconf 72' lang='grc' dir='ltr'><strong>τὴν</strong></span> <span class='ocrx_word' id='word_1_37' title='bbox 496 277 607 304; x_wconf 68' lang='grc' dir='ltr'>οὐσίαν</span> <span class='ocrx_word' id='word_1_38' title='bbox 629 278 682 304; x_wconf 78' lang='grc' dir='ltr'>τοῦ</span> <span class='ocrx_word' id='word_1_39' title='bbox 707 278 905 313; x_wconf 73' lang='grc' dir='ltr'>ΜονογειὊῦς,</span> 
     </span>
    </p>
   </div>
   <div class='ocr_carea' id='block_1_8' title="bbox 129 318 905 355">
    <p class='ocr_par' dir='ltr' id='par_1_8' title="bbox 129 318 905 355">
     <span class='ocr_line' id='line_1_8' title="bbox 129 318 905 355; baseline 0.003 -8"><span class='ocrx_word' id='word_1_40' title='bbox 129 319 173 347; x_wconf 73' lang='grc' dir='ltr'>καὶ</span> <span class='ocrx_word' id='word_1_41' title='bbox 195 318 245 345; x_wconf 83' lang='grc' dir='ltr'>τοῦ</span> <span class='ocrx_word' id='word_1_42' title='bbox 266 320 463 353; x_wconf 74' lang='grc' dir='ltr'><strong>γεννηθεῖσαν</strong></span> <span class='ocrx_word' id='word_1_43' title='bbox 489 321 544 355; x_wconf 77' lang='grc' dir='ltr'>,πρὸ</span> <span class='ocrx_word' id='word_1_44' title='bbox 569 321 689 349; x_wconf 71' lang='grc' dir='ltr'>πάντων</span> <span class='ocrx_word' id='word_1_45' title='bbox 714 320 799 349; x_wconf 54' lang='grc' dir='ltr'>εἶναι,</span> <span class='ocrx_word' id='word_1_46' title='bbox 829 324 905 349; x_wconf 88' lang='grc' dir='ltr'>Ποῖον</span> 
     </span>
    </p>
   </div>
   <div class='ocr_carea' id='block_1_9' title="bbox 129 363 905 403">
    <p class='ocr_par' dir='ltr' id='par_1_9' title="bbox 129 363 905 403">
     <span class='ocr_line' id='line_1_9' title="bbox 129 363 905 403; baseline 0.005 -13"><span class='ocrx_word' id='word_1_47' title='bbox 129 366 271 400; x_wconf 70' lang='grc' dir='ltr'><strong>γεννήσεως</strong></span> <span class='ocrx_word' id='word_1_48' title='bbox 295 363 364 396; x_wconf 79' lang='grc' dir='ltr'>εἶδος</span> <span class='ocrx_word' id='word_1_49' title='bbox 389 366 403 392; x_wconf 83' lang='grc' dir='ltr'>ὁ</span> <span class='ocrx_word' id='word_1_50' title='bbox 424 366 606 402; x_wconf 83' lang='grc' dir='ltr'>δογματιστὴς</span> <span class='ocrx_word' id='word_1_51' title='bbox 631 368 697 402; x_wconf 78' lang='grc' dir='ltr'>ἡμῖν</span> <span class='ocrx_word' id='word_1_52' title='bbox 722 367 905 403; x_wconf 73' lang='grc' dir='ltr'>προτείνεται,</span> 
     </span>
    </p>
   </div>
   <div class='ocr_carea' id='block_1_10' title="bbox 131 407 906 447">
    <p class='ocr_par' dir='ltr' id='par_1_10' title="bbox 131 407 906 447">
     <span class='ocr_line' id='line_1_10' title="bbox 131 407 906 447; baseline 0 -9"><span class='ocrx_word' id='word_1_53' title='bbox 131 407 194 447; x_wconf 72' lang='grc' dir='ltr'>’Λρα</span> <span class='ocrx_word' id='word_1_54' title='bbox 204 411 232 437; x_wconf 71' lang='grc' dir='ltr'><strong>τὸ</strong></span> <span class='ocrx_word' id='word_1_55' title='bbox 245 411 346 446; x_wconf 82' lang='grc' dir='ltr'>πρέπον</span> <span class='ocrx_word' id='word_1_56' title='bbox 358 411 402 438; x_wconf 76' lang='grc' dir='ltr'><strong>ἐπὶ</strong></span> <span class='ocrx_word' id='word_1_57' title='bbox 414 412 480 438; x_wconf 82' lang='grc' dir='ltr'>Θεοῦ</span> <span class='ocrx_word' id='word_1_58' title='bbox 497 414 567 439; x_wconf 83' lang='grc' dir='ltr'>νοεῖν</span> <span class='ocrx_word' id='word_1_59' title='bbox 582 421 610 439; x_wconf 77' lang='grc' dir='ltr'>τε</span> <span class='ocrx_word' id='word_1_60' title='bbox 623 414 670 440; x_wconf 73' lang='grc' dir='ltr'>καὶ</span> <span class='ocrx_word' id='word_1_61' title='bbox 683 413 770 445; x_wconf 82' lang='grc' dir='ltr'>λέγειν</span> <span class='ocrx_word' id='word_1_62' title='bbox 781 422 787 446; x_wconf 90' lang='lat'>;</span> <span class='ocrx_word' id='word_1_63' title='bbox 801 414 854 440; x_wconf 82' lang='grc' dir='ltr'><strong>Καὶ</strong></span> <span class='ocrx_word' id='word_1_64' title='bbox 866 413 906 445; x_wconf 78' lang='grc' dir='ltr'>τίς</span> 
     </span>
    </p>
   </div>
   <div class='ocr_carea' id='block_1_11' title="bbox 129 456 905 495">
    <p class='ocr_par' dir='ltr' id='par_1_11' title="bbox 129 456 905 495">
     <span class='ocr_line' id='line_1_11' title="bbox 129 456 905 495; baseline 0.003 -12"><span class='ocrx_word' id='word_1_65' title='bbox 129 456 205 488; x_wconf 74' lang='grc' dir='ltr'>οὕτως</span> <span class='ocrx_word' id='word_1_66' title='bbox 219 457 295 489; x_wconf 76' lang='grc' dir='ltr'>ἄθεος</span> <span class='ocrx_word' id='word_1_67' title='bbox 310 457 379 483; x_wconf 81' lang='grc' dir='ltr'>ὥστε</span> <span class='ocrx_word' id='word_1_68' title='bbox 394 461 562 492; x_wconf 83' lang='grc' dir='ltr'>προεπινοεῖν</span> <span class='ocrx_word' id='word_1_69' title='bbox 583 457 630 485; x_wconf 78' lang='grc' dir='ltr'><strong>τοῦ</strong></span> <span class='ocrx_word' id='word_1_70' title='bbox 644 459 710 485; x_wconf 76' lang='grc' dir='ltr'>Θεοῦ</span> <span class='ocrx_word' id='word_1_71' title='bbox 721 460 751 486; x_wconf 76' lang='grc' dir='ltr'>τὸ</span> <span class='ocrx_word' id='word_1_72' title='bbox 769 460 805 495; x_wconf 84' lang='grc' dir='ltr'>μὴ</span> <span class='ocrx_word' id='word_1_73' title='bbox 821 456 905 492; x_wconf 75' lang='grc' dir='ltr'>εἶναι;</span> 
     </span>
    </p>
   </div>
   <div class='ocr_carea' id='block_1_12' title="bbox 134 503 907 541">
    <p class='ocr_par' dir='ltr' id='par_1_12' title="bbox 134 503 907 541">
     <span class='ocr_line' id='line_1_12' title="bbox 134 503 907 541; baseline 0.005 -13"><span class='ocrx_word' id='word_1_74' title='bbox 134 503 206 529; x_wconf 78' lang='grc' dir='ltr'>Ἀλλὰ</span> <span class='ocrx_word' id='word_1_75' title='bbox 230 503 305 538; x_wconf 85' lang='grc' dir='ltr'>δῆλον</span> <span class='ocrx_word' id='word_1_76' title='bbox 328 504 368 530; x_wconf 83' lang='grc' dir='ltr'>ὅτι</span> <span class='ocrx_word' id='word_1_77' title='bbox 394 504 461 538; x_wconf 78' lang='grc' dir='ltr'>πρὸς</span> <span class='ocrx_word' id='word_1_78' title='bbox 484 504 533 537; x_wconf 83' lang='grc' dir='ltr'>τὴν</span> <span class='ocrx_word' id='word_1_79' title='bbox 558 505 652 541; x_wconf 84' lang='grc' dir='ltr'>ὑλικὴν</span> <span class='ocrx_word' id='word_1_80' title='bbox 677 506 778 540; x_wconf 84' lang='grc' dir='ltr'>ταύτην</span> <span class='ocrx_word' id='word_1_81' title='bbox 802 505 907 541; x_wconf 80' lang='grc' dir='ltr'><strong>βλέπων</strong></span> 
     </span>
    </p>
   </div>
   <div class='ocr_carea' id='block_1_13' title="bbox 128 548 906 586">
    <p class='ocr_par' dir='ltr' id='par_1_13' title="bbox 128 548 906 586">
     <span class='ocr_line' id='line_1_13' title="bbox 128 548 906 586; baseline 0.003 -11"><span class='ocrx_word' id='word_1_82' title='bbox 128 549 237 583; x_wconf 81' lang='grc' dir='ltr'>γένεσιν,</span> <span class='ocrx_word' id='word_1_83' title='bbox 260 548 308 584; x_wconf 85' lang='grc' dir='ltr'><strong>τὴν</strong></span> <span class='ocrx_word' id='word_1_84' title='bbox 334 550 408 576; x_wconf 77' lang='grc' dir='ltr'>κάτω</span> <span class='ocrx_word' id='word_1_85' title='bbox 422 549 502 583; x_wconf 77' lang='grc' dir='ltr'>φύσιν</span> <span class='ocrx_word' id='word_1_86' title='bbox 523 550 572 585; x_wconf 86' lang='grc' dir='ltr'>τῆς</span> <span class='ocrx_word' id='word_1_87' title='bbox 595 550 719 586; x_wconf 72' lang='grc' dir='ltr'>περὶτοῦ</span> <span class='ocrx_word' id='word_1_88' title='bbox 747 551 906 586; x_wconf 80' lang='grc' dir='ltr'><strong>μονογενοῦς</strong></span> 
     </span>
    </p>
   </div>
   <div class='ocr_carea' id='block_1_14' title="bbox 128 595 906 631">
    <p class='ocr_par' dir='ltr' id='par_1_14' title="bbox 128 595 906 631">
     <span class='ocr_line' id='line_1_14' title="bbox 128 595 906 631; baseline 0.003 -10"><span class='ocrx_word' id='word_1_89' title='bbox 128 595 189 621; x_wconf 82' lang='grc' dir='ltr'><strong>Θεοῦ</strong></span> <span class='ocrx_word' id='word_1_90' title='bbox 216 595 373 630; x_wconf 71' lang='grc' dir='ltr'>ὑπολήψεως</span> <span class='ocrx_word' id='word_1_91' title='bbox 402 596 517 622; x_wconf 76' lang='grc' dir='ltr'>ποιεῖται</span> <span class='ocrx_word' id='word_1_92' title='bbox 541 596 716 624; x_wconf 77' lang='grc' dir='ltr'>διδάσκαλον·</span> <span class='ocrx_word' id='word_1_93' title='bbox 743 596 790 623; x_wconf 75' lang='grc' dir='ltr'>καὶ</span> <span class='ocrx_word' id='word_1_94' title='bbox 814 596 906 631; x_wconf 75' lang='grc' dir='ltr'>ἐπειδὴ</span> 
     </span>
    </p>
   </div>
   <div class='ocr_carea' id='block_1_15' title="bbox 129 640 906 677">
    <p class='ocr_par' dir='ltr' id='par_1_15' title="bbox 129 640 906 677">
     <span class='ocr_line' id='line_1_15' title="bbox 129 640 906 677; baseline 0.003 -11"><span class='ocrx_word' id='word_1_95' title='bbox 129 641 195 676; x_wconf 76' lang='grc' dir='ltr'>βοῦς,</span> <span class='ocrx_word' id='word_1_96' title='bbox 217 641 232 675; x_wconf 84' lang='grc' dir='ltr'>ἢ</span> <span class='ocrx_word' id='word_1_97' title='bbox 252 640 322 673; x_wconf 76' lang='grc' dir='ltr'>ὄνος,</span> <span class='ocrx_word' id='word_1_98' title='bbox 340 641 357 676; x_wconf 83' lang='grc' dir='ltr'><strong>ἦ</strong></span> <span class='ocrx_word' id='word_1_99' title='bbox 380 642 502 677; x_wconf 74' lang='grc' dir='ltr'>κάμηλος</span> <span class='ocrx_word' id='word_1_100' title='bbox 524 642 578 677; x_wconf 79' lang='grc' dir='ltr'>πρὸ</span> <span class='ocrx_word' id='word_1_101' title='bbox 599 642 648 677; x_wconf 80' lang='grc' dir='ltr'>τῆς</span> <span class='ocrx_word' id='word_1_102' title='bbox 669 642 736 674; x_wconf 84' lang='grc' dir='ltr'>ἰδίας</span> <span class='ocrx_word' id='word_1_103' title='bbox 753 642 906 677; x_wconf 80' lang='grc' dir='ltr'><strong>γεννήσεως</strong></span> 
     </span>
    </p>
   </div>
   <div class='ocr_carea' id='block_1_16' title="bbox 126 684 904 722">
    <p class='ocr_par' dir='ltr' id='par_1_16' title="bbox 126 684 904 722">
     <span class='ocr_line' id='line_1_16' title="bbox 126 684 904 722; baseline 0.004 -12"><span class='ocrx_word' id='word_1_104' title='bbox 126 685 172 710; x_wconf 70' lang='grc' dir='ltr'>οὐκ</span> <span class='ocrx_word' id='word_1_105' title='bbox 190 684 276 716; x_wconf 77' lang='grc' dir='ltr'>ἔστιν,</span> <span class='ocrx_word' id='word_1_106' title='bbox 294 685 372 712; x_wconf 87' lang='grc' dir='ltr'>τοῦτο</span> <span class='ocrx_word' id='word_1_107' title='bbox 394 686 439 712; x_wconf 75' lang='grc' dir='ltr'>καὶ</span> <span class='ocrx_word' id='word_1_108' title='bbox 456 686 503 712; x_wconf 77' lang='grc' dir='ltr'><strong>ἐπὶ</strong></span> <span class='ocrx_word' id='word_1_109' title='bbox 524 685 570 712; x_wconf 75' lang='grc' dir='ltr'>τοῦ</span> <span class='ocrx_word' id='word_1_110' title='bbox 596 687 763 721; x_wconf 82' lang='grc' dir='ltr'>Μονογενοῦς</span> <span class='ocrx_word' id='word_1_111' title='bbox 783 687 904 722; x_wconf 84' lang='grc' dir='ltr'>βούλεται</span> 
     </span>
    </p>
   </div>
   <div class='ocr_carea' id='block_1_17' title="bbox 127 728 906 766">
    <p class='ocr_par' dir='ltr' id='par_1_17' title="bbox 127 728 906 766">
     <span class='ocr_line' id='line_1_17' title="bbox 127 728 906 766; baseline 0.005 -12"><span class='ocrx_word' id='word_1_112' title='bbox 127 729 218 762; x_wconf 78' lang='grc' dir='ltr'>λέγειν,</span> <span class='ocrx_word' id='word_1_113' title='bbox 232 728 245 755; x_wconf 79' lang='grc' dir='ltr'><strong>ὃ</strong></span> <span class='ocrx_word' id='word_1_114' title='bbox 260 730 372 756; x_wconf 73' lang='grc' dir='ltr'>ἐπὶτῶν</span> <span class='ocrx_word' id='word_1_115' title='bbox 388 730 463 762; x_wconf 78' lang='grc' dir='ltr'>ζώων</span> <span class='ocrx_word' id='word_1_116' title='bbox 481 731 497 766; x_wconf 84' lang='grc' dir='ltr'>ἡ</span> <span class='ocrx_word' id='word_1_117' title='bbox 516 731 675 758; x_wconf 83' lang='grc' dir='ltr'>ἀκολούθεια</span> <span class='ocrx_word' id='word_1_118' title='bbox 693 731 742 766; x_wconf 81' lang='grc' dir='ltr'>τῆς</span> <span class='ocrx_word' id='word_1_119' title='bbox 762 732 836 758; x_wconf 77' lang='grc' dir='ltr'>κάτω</span> <span class='ocrx_word' id='word_1_120' title='bbox 856 731 906 765; x_wconf 82' lang='grc' dir='ltr'><strong>φύ-</strong></span> 
     </span>
    </p>
   </div>
   <div class='ocr_carea' id='block_1_18' title="bbox 128 773 905 812">
    <p class='ocr_par' dir='ltr' id='par_1_18' title="bbox 128 773 905 812">
     <span class='ocr_line' id='line_1_18' title="bbox 128 773 905 812; baseline 0.005 -13"><span class='ocrx_word' id='word_1_121' title='bbox 128 782 190 805; x_wconf 80' lang='grc' dir='ltr'>σεως</span> <span class='ocrx_word' id='word_1_122' title='bbox 212 773 301 800; x_wconf 86' lang='grc' dir='ltr'>δίδωσι</span> <span class='ocrx_word' id='word_1_123' title='bbox 320 775 445 809; x_wconf 80' lang='grc' dir='ltr'><strong>βλέπειν,</strong></span> <span class='ocrx_word' id='word_1_124' title='bbox 460 777 520 802; x_wconf 76' lang='grc' dir='ltr'>οὐδὲ</span> <span class='ocrx_word' id='word_1_125' title='bbox 536 776 614 803; x_wconf 78' lang='grc' dir='ltr'>τοῦτο</span> <span class='ocrx_word' id='word_1_126' title='bbox 628 776 694 803; x_wconf 84' lang='grc' dir='ltr'><strong>νοῶν</strong></span> <span class='ocrx_word' id='word_1_127' title='bbox 715 778 729 803; x_wconf 84' lang='grc' dir='ltr'>ὁ</span> <span class='ocrx_word' id='word_1_128' title='bbox 752 777 905 812; x_wconf 72' lang='grc' dir='ltr'>σωματικὸς</span> 
     </span>
    </p>
   </div>
   <div class='ocr_carea' id='block_1_19' title="bbox 127 820 905 858">
    <p class='ocr_par' dir='ltr' id='par_1_19' title="bbox 127 820 905 858">
     <span class='ocr_line' id='line_1_19' title="bbox 127 820 905 858; baseline 0.005 -13"><span class='ocrx_word' id='word_1_129' title='bbox 127 820 251 854; x_wconf 78' lang='grc' dir='ltr'>Θεολόγος,</span> <span class='ocrx_word' id='word_1_130' title='bbox 265 820 305 846; x_wconf 81' lang='grc' dir='ltr'>ὅτι</span> <span class='ocrx_word' id='word_1_131' title='bbox 320 821 350 847; x_wconf 79' lang='grc' dir='ltr'><strong>το</strong></span> <span class='ocrx_word' id='word_1_132' title='bbox 371 822 511 856; x_wconf 82' lang='grc' dir='ltr'>μονογενὲς</span> <span class='ocrx_word' id='word_1_133' title='bbox 524 823 569 848; x_wconf 77' lang='grc' dir='ltr'><strong>ἐπὶ</strong></span> <span class='ocrx_word' id='word_1_134' title='bbox 582 821 648 848; x_wconf 81' lang='grc' dir='ltr'>Θεοῦ</span> <span class='ocrx_word' id='word_1_135' title='bbox 664 822 818 857; x_wconf 86' lang='grc' dir='ltr'>λεγόμενον,</span> <span class='ocrx_word' id='word_1_136' title='bbox 831 822 905 858; x_wconf 77' lang='grc' dir='ltr'>αὐτῷ</span> 
     </span>
    </p>
   </div>
   <div class='ocr_carea' id='block_1_20' title="bbox 957 231 1740 267">
    <p class='ocr_par' dir='ltr' id='par_1_20' title="bbox 957 231 1740 267">
     <span class='ocr_line' id='line_1_20' title="bbox 957 231 1740 267; baseline -0.004 -8"><span class='ocrx_word' id='word_1_137' title='bbox 957 233 1056 264; x_wconf 75' lang='lat' dir='ltr'><strong>rimus,</strong></span> <span class='ocrx_word' id='word_1_138' title='bbox 1073 237 1097 258; x_wconf 88' lang='lat' dir='ltr'><strong>et</strong></span> <span class='ocrx_word' id='word_1_139' title='bbox 1113 237 1173 258; x_wconf 81' lang='lat' dir='ltr'><strong>ante</strong></span> <span class='ocrx_word' id='word_1_140' title='bbox 1191 232 1385 266; x_wconf 74' lang='lat' dir='ltr'><strong>generationem</strong></span> <span class='ocrx_word' id='word_1_141' title='bbox 1407 240 1466 267; x_wconf 63' lang='lat' dir='ltr'><strong>quia</strong></span> <span class='ocrx_word' id='word_1_142' title='bbox 1484 231 1536 266; x_wconf 72' lang='lat' dir='ltr'><strong>ipsi</strong></span> <span class='ocrx_word' id='word_1_143' title='bbox 1559 231 1668 264; x_wconf 69' lang='lat' dir='ltr'><strong>propria</strong></span> <span class='ocrx_word' id='word_1_144' title='bbox 1690 235 1740 262; x_wconf 74' lang='lat' dir='ltr'><strong>est,</strong></span> 
     </span>
    </p>
   </div>
   <div class='ocr_carea' id='block_1_21' title="bbox 957 277 1741 312">
    <p class='ocr_par' dir='ltr' id='par_1_21' title="bbox 957 277 1741 312">
     <span class='ocr_line' id='line_1_21' title="bbox 957 277 1741 312; baseline -0.004 -7"><span class='ocrx_word' id='word_1_145' title='bbox 957 286 1008 305; x_wconf 84' lang='lat' dir='ltr'><strong>non</strong></span> <span class='ocrx_word' id='word_1_146' title='bbox 1022 286 1078 305; x_wconf 76' lang='lat' dir='ltr'><strong>esse</strong></span> <span class='ocrx_word' id='word_1_147' title='bbox 1098 277 1229 312; x_wconf 77' lang='lat' dir='ltr'><strong>Unigeniti</strong></span> <span class='ocrx_word' id='word_1_148' title='bbox 1248 279 1403 310; x_wconf 72' lang='lat' dir='ltr'><strong>essentiam,</strong></span> <span class='ocrx_word' id='word_1_149' title='bbox 1425 282 1450 305; x_wconf 82' lang='lat' dir='ltr'><strong>et</strong></span> <span class='ocrx_word' id='word_1_150' title='bbox 1471 281 1531 304; x_wconf 82' lang='lat' dir='ltr'><strong>ante</strong></span> <span class='ocrx_word' id='word_1_151' title='bbox 1552 277 1642 304; x_wconf 78' lang='lat' dir='ltr'><strong>omnia</strong></span> <span class='ocrx_word' id='word_1_152' title='bbox 1664 284 1741 311; x_wconf 77' lang='lat' dir='ltr'><strong>gene-</strong></span> 
     </span>
    </p>
   </div>
   <div class='ocr_carea' id='block_1_22' title="bbox 957 322 1741 358">
    <p class='ocr_par' dir='ltr' id='par_1_22' title="bbox 957 322 1741 358">
     <span class='ocr_line' id='line_1_22' title="bbox 957 322 1741 358; baseline -0.003 -8"><span class='ocrx_word' id='word_1_153' title='bbox 957 329 1043 350; x_wconf 86' lang='lat' dir='ltr'><strong>ratam</strong></span> <span class='ocrx_word' id='word_1_154' title='bbox 1061 332 1125 351; x_wconf 75' lang='lat' dir='ltr'><strong>esse.</strong></span> <span class='ocrx_word' id='word_1_155' title='bbox 1145 323 1297 357; x_wconf 78' lang='lat' dir='ltr'><strong>Quamnam</strong></span> <span class='ocrx_word' id='word_1_156' title='bbox 1314 324 1497 358; x_wconf 73' lang='lat' dir='ltr'><strong>generationis</strong></span> <span class='ocrx_word' id='word_1_157' title='bbox 1522 322 1638 358; x_wconf 79' lang='lat' dir='ltr'><strong>speciem</strong></span> <span class='ocrx_word' id='word_1_158' title='bbox 1664 322 1741 349; x_wconf 87' lang='lat' dir='ltr'><strong>nobis</strong></span> 
     </span>
    </p>
   </div>
   <div class='ocr_carea' id='block_1_23' title="bbox 957 368 1739 406">
    <p class='ocr_par' dir='ltr' id='par_1_23' title="bbox 957 368 1739 406">
     <span class='ocr_line' id='line_1_23' title="bbox 957 368 1739 406; baseline -0.005 -9"><span class='ocrx_word' id='word_1_159' title='bbox 957 370 1009 398; x_wconf 90' lang='lat' dir='ltr'><strong>iste</strong></span> <span class='ocrx_word' id='word_1_160' title='bbox 1026 370 1189 406; x_wconf 85' lang='lat' dir='ltr'><strong>dogmatista</strong></span> <span class='ocrx_word' id='word_1_161' title='bbox 1204 369 1362 405; x_wconf 85' lang='lat' dir='ltr'><strong>protendit?</strong></span> <span class='ocrx_word' id='word_1_162' title='bbox 1377 377 1442 397; x_wconf 89' lang='lat' dir='ltr'><strong>num</strong></span> <span class='ocrx_word' id='word_1_163' title='bbox 1460 370 1493 397; x_wconf 87' lang='lat' dir='ltr'><strong>de</strong></span> <span class='ocrx_word' id='word_1_164' title='bbox 1506 369 1561 396; x_wconf 88' lang='lat' dir='ltr'><strong>Deo</strong></span> <span class='ocrx_word' id='word_1_165' title='bbox 1575 368 1646 403; x_wconf 88' lang='lat' dir='ltr'><strong>quod</strong></span> <span class='ocrx_word' id='word_1_166' title='bbox 1667 368 1739 402; x_wconf 87' lang='lat' dir='ltr'><strong>pium</strong></span> 
     </span>
    </p>
   </div>
   <div class='ocr_carea' id='block_1_24' title="bbox 956 413 1741 450">
    <p class='ocr_par' dir='ltr' id='par_1_24' title="bbox 956 413 1741 450">
     <span class='ocr_line' id='line_1_24' title="bbox 956 413 1741 450; baseline -0.005 -6"><span class='ocrx_word' id='word_1_167' title='bbox 956 421 998 444; x_wconf 87' lang='lat' dir='ltr'><strong>est</strong></span> <span class='ocrx_word' id='word_1_168' title='bbox 1008 420 1034 444; x_wconf 88' lang='lat' dir='ltr'><strong>et</strong></span> <span class='ocrx_word' id='word_1_169' title='bbox 1048 417 1177 443; x_wconf 88' lang='lat' dir='ltr'><strong>decorum</strong></span> <span class='ocrx_word' id='word_1_170' title='bbox 1192 416 1271 443; x_wconf 88' lang='lat' dir='ltr'><strong>decet</strong></span> <span class='ocrx_word' id='word_1_171' title='bbox 1288 415 1438 450; x_wconf 73' lang='lat' dir='ltr'><strong>intelligere</strong></span> <span class='ocrx_word' id='word_1_172' title='bbox 1451 419 1479 443; x_wconf 92' lang='lat' dir='ltr'><strong>et</strong></span> <span class='ocrx_word' id='word_1_173' title='bbox 1496 414 1606 442; x_wconf 84' lang='lat' dir='ltr'><strong>dicere?</strong></span> <span class='ocrx_word' id='word_1_174' title='bbox 1626 413 1659 441; x_wconf 87' lang='lat' dir='ltr'><strong>Et</strong></span> <span class='ocrx_word' id='word_1_175' title='bbox 1680 414 1741 448; x_wconf 84' lang='lat' dir='ltr'><strong>quis</strong></span> 
     </span>
    </p>
   </div>
   <div class='ocr_carea' id='block_1_25' title="bbox 956 459 1741 496">
    <p class='ocr_par' dir='ltr' id='par_1_25' title="bbox 956 459 1741 496">
     <span class='ocr_line' id='line_1_25' title="bbox 956 459 1741 496; baseline -0.004 -7"><span class='ocrx_word' id='word_1_176' title='bbox 956 462 1135 496; x_wconf 85' lang='lat' dir='ltr'><strong>adeoimpius</strong></span> <span class='ocrx_word' id='word_1_177' title='bbox 1151 466 1177 489; x_wconf 91' lang='lat' dir='ltr'><strong>et</strong></span> <span class='ocrx_word' id='word_1_178' title='bbox 1197 461 1243 488; x_wconf 88' lang='lat' dir='ltr'><strong>Dei</strong></span> <span class='ocrx_word' id='word_1_179' title='bbox 1260 466 1384 496; x_wconf 77' lang='lat' dir='ltr'><strong>negator,</strong></span> <span class='ocrx_word' id='word_1_180' title='bbox 1409 464 1439 488; x_wconf 85' lang='lat' dir='ltr'><strong>ut</strong></span> <span class='ocrx_word' id='word_1_181' title='bbox 1469 467 1522 487; x_wconf 91' lang='lat' dir='ltr'><strong>non</strong></span> <span class='ocrx_word' id='word_1_182' title='bbox 1548 467 1609 488; x_wconf 86' lang='lat' dir='ltr'><strong>esse</strong></span> <span class='ocrx_word' id='word_1_183' title='bbox 1636 460 1663 487; x_wconf 92' lang='lat' dir='ltr'><strong>in</strong></span> <span class='ocrx_word' id='word_1_184' title='bbox 1687 459 1741 486; x_wconf 88' lang='lat' dir='ltr'><strong>Deo</strong></span> 
     </span>
    </p>
   </div>
   <div class='ocr_carea' id='block_1_26' title="bbox 956 504 1740 542">
    <p class='ocr_par' dir='ltr' id='par_1_26' title="bbox 956 504 1740 542">
     <span class='ocr_line' id='line_1_26' title="bbox 956 504 1740 542; baseline -0.004 -8"><span class='ocrx_word' id='word_1_185' title='bbox 956 508 1032 542; x_wconf 90' lang='lat' dir='ltr'><strong>prius</strong></span> <span class='ocrx_word' id='word_1_186' title='bbox 1049 506 1201 542; x_wconf 83' lang='lat' dir='ltr'><strong>intelligat?</strong></span> <span class='ocrx_word' id='word_1_187' title='bbox 1216 505 1268 534; x_wconf 86' lang='lat' dir='ltr'><strong>Sed</strong></span> <span class='ocrx_word' id='word_1_188' title='bbox 1284 505 1455 540; x_wconf 86' lang='lat' dir='ltr'><strong>perspicuum</strong></span> <span class='ocrx_word' id='word_1_189' title='bbox 1472 505 1545 540; x_wconf 88' lang='lat' dir='ltr'><strong>quod</strong></span> <span class='ocrx_word' id='word_1_190' title='bbox 1561 505 1594 532; x_wconf 86' lang='lat' dir='ltr'><strong>ad</strong></span> <span class='ocrx_word' id='word_1_191' title='bbox 1611 504 1740 532; x_wconf 79' lang='lat' dir='ltr'><strong>materia-</strong></span> 
     </span>
    </p>
   </div>
   <div class='ocr_carea' id='block_1_27' title="bbox 956 551 1738 588">
    <p class='ocr_par' dir='ltr' id='par_1_27' title="bbox 956 551 1738 588">
     <span class='ocr_line' id='line_1_27' title="bbox 956 551 1738 588; baseline -0.005 -7"><span class='ocrx_word' id='word_1_192' title='bbox 956 554 1008 581; x_wconf 85' lang='lat' dir='ltr'><strong>lem</strong></span> <span class='ocrx_word' id='word_1_193' title='bbox 1024 554 1094 580; x_wconf 89' lang='lat' dir='ltr'><strong>hanc</strong></span> <span class='ocrx_word' id='word_1_194' title='bbox 1110 553 1260 588; x_wconf 84' lang='lat' dir='ltr'><strong>respiciens</strong></span> <span class='ocrx_word' id='word_1_195' title='bbox 1279 552 1493 587; x_wconf 81' lang='lat' dir='ltr'><strong>generationem,</strong></span> <span class='ocrx_word' id='word_1_196' title='bbox 1514 551 1634 579; x_wconf 79' lang='lat' dir='ltr'><strong>inﬁmam</strong></span> <span class='ocrx_word' id='word_1_197' title='bbox 1657 557 1738 578; x_wconf 79' lang='lat' dir='ltr'><strong>natu-</strong></span> 
     </span>
    </p>
   </div>
   <div class='ocr_carea' id='block_1_28' title="bbox 957 596 1740 633">
    <p class='ocr_par' dir='ltr' id='par_1_28' title="bbox 957 596 1740 633">
     <span class='ocr_line' id='line_1_28' title="bbox 957 596 1740 633; baseline -0.005 -8"><span class='ocrx_word' id='word_1_198' title='bbox 957 606 1015 626; x_wconf 86' lang='lat' dir='ltr'><strong>ram</strong></span> <span class='ocrx_word' id='word_1_199' title='bbox 1035 599 1069 626; x_wconf 89' lang='lat' dir='ltr'><strong>de</strong></span> <span class='ocrx_word' id='word_1_200' title='bbox 1092 598 1233 633; x_wconf 87' lang='lat' dir='ltr'><strong>unigenito</strong></span> <span class='ocrx_word' id='word_1_201' title='bbox 1250 597 1305 625; x_wconf 88' lang='lat' dir='ltr'><strong>Deo</strong></span> <span class='ocrx_word' id='word_1_202' title='bbox 1322 597 1460 632; x_wconf 86' lang='lat' dir='ltr'><strong>opinionis</strong></span> <span class='ocrx_word' id='word_1_203' title='bbox 1486 596 1552 623; x_wconf 83' lang='lat' dir='ltr'><strong>facit</strong></span> <span class='ocrx_word' id='word_1_204' title='bbox 1572 596 1740 631; x_wconf 80' lang='lat' dir='ltr'><strong>magistram.</strong></span> 
     </span>
    </p>
   </div>
   <div class='ocr_carea' id='block_1_29' title="bbox 956 642 1740 679">
    <p class='ocr_par' dir='ltr' id='par_1_29' title="bbox 956 642 1740 679">
     <span class='ocr_line' id='line_1_29' title="bbox 956 642 1740 679; baseline -0.004 -8"><span class='ocrx_word' id='word_1_205' title='bbox 956 643 989 670; x_wconf 88' lang='lat' dir='ltr'><strong>Et</strong></span> <span class='ocrx_word' id='word_1_206' title='bbox 1004 643 1132 679; x_wconf 86' lang='lat' dir='ltr'><strong>quoniam</strong></span> <span class='ocrx_word' id='word_1_207' title='bbox 1147 644 1206 676; x_wconf 86' lang='lat' dir='ltr'><strong>bos,</strong></span> <span class='ocrx_word' id='word_1_208' title='bbox 1222 644 1265 671; x_wconf 89' lang='lat' dir='ltr'><strong>vel</strong></span> <span class='ocrx_word' id='word_1_209' title='bbox 1280 643 1385 674; x_wconf 83' lang='lat' dir='ltr'><strong>asinus,</strong></span> <span class='ocrx_word' id='word_1_210' title='bbox 1398 643 1439 670; x_wconf 88' lang='lat' dir='ltr'><strong>vel</strong></span> <span class='ocrx_word' id='word_1_211' title='bbox 1451 642 1572 669; x_wconf 86' lang='lat' dir='ltr'><strong>camelus</strong></span> <span class='ocrx_word' id='word_1_212' title='bbox 1587 645 1649 669; x_wconf 90' lang='lat' dir='ltr'><strong>ante</strong></span> <span class='ocrx_word' id='word_1_213' title='bbox 1664 648 1740 669; x_wconf 81' lang='lat' dir='ltr'><strong>suam</strong></span> 
     </span>
    </p>
   </div>
   <div class='ocr_carea' id='block_1_30' title="bbox 956 685 1743 722">
    <p class='ocr_par' dir='ltr' id='par_1_30' title="bbox 956 685 1743 722">
     <span class='ocr_line' id='line_1_30' title="bbox 956 685 1743 722; baseline -0.006 -6"><span class='ocrx_word' id='word_1_214' title='bbox 956 689 1158 722; x_wconf 77' lang='lat' dir='ltr'><strong>generationem</strong></span> <span class='ocrx_word' id='word_1_215' title='bbox 1173 695 1225 715; x_wconf 87' lang='lat' dir='ltr'><strong>non</strong></span> <span class='ocrx_word' id='word_1_216' title='bbox 1241 693 1293 720; x_wconf 83' lang='lat' dir='ltr'><strong>est,</strong></span> <span class='ocrx_word' id='word_1_217' title='bbox 1308 688 1359 714; x_wconf 87' lang='lat' dir='ltr'><strong>hoc</strong></span> <span class='ocrx_word' id='word_1_218' title='bbox 1369 687 1451 714; x_wconf 77' lang='lat' dir='ltr'><strong>etiam</strong></span> <span class='ocrx_word' id='word_1_219' title='bbox 1467 687 1493 713; x_wconf 91' lang='lat' dir='ltr'><strong>in</strong></span> <span class='ocrx_word' id='word_1_220' title='bbox 1515 685 1660 720; x_wconf 84' lang='lat' dir='ltr'><strong>Unigenito</strong></span> <span class='ocrx_word' id='word_1_221' title='bbox 1685 686 1743 712; x_wconf 91' lang='lat' dir='ltr'><strong>vult</strong></span> 
     </span>
    </p>
   </div>
   <div class='ocr_carea' id='block_1_31' title="bbox 955 731 1742 768">
    <p class='ocr_par' dir='ltr' id='par_1_31' title="bbox 955 731 1742 768">
     <span class='ocr_line' id='line_1_31' title="bbox 955 731 1742 768; baseline -0.006 -7"><span class='ocrx_word' id='word_1_222' title='bbox 955 740 1089 766; x_wconf 79' lang='lat' dir='ltr'><strong>asserere,</strong></span> <span class='ocrx_word' id='word_1_223' title='bbox 1106 732 1179 768; x_wconf 89' lang='lat' dir='ltr'><strong>quod</strong></span> <span class='ocrx_word' id='word_1_224' title='bbox 1195 733 1222 759; x_wconf 88' lang='lat' dir='ltr'><strong>in</strong></span> <span class='ocrx_word' id='word_1_225' title='bbox 1234 732 1398 760; x_wconf 79' lang='lat' dir='ltr'><strong>animalibus</strong></span> <span class='ocrx_word' id='word_1_226' title='bbox 1409 732 1495 759; x_wconf 89' lang='lat' dir='ltr'><strong>series</strong></span> <span class='ocrx_word' id='word_1_227' title='bbox 1508 734 1535 758; x_wconf 88' lang='lat' dir='ltr'><strong>et</strong></span> <span class='ocrx_word' id='word_1_228' title='bbox 1553 731 1621 758; x_wconf 85' lang='lat' dir='ltr'><strong>ordo</strong></span> <span class='ocrx_word' id='word_1_229' title='bbox 1637 734 1742 757; x_wconf 72' lang='lat' dir='ltr'><strong>natura:</strong></span> 
     </span>
    </p>
   </div>
   <div class='ocr_carea' id='block_1_32' title="bbox 956 776 1741 813">
    <p class='ocr_par' dir='ltr' id='par_1_32' title="bbox 956 776 1741 813">
     <span class='ocr_line' id='line_1_32' title="bbox 956 776 1741 813; baseline -0.003 -8"><span class='ocrx_word' id='word_1_230' title='bbox 956 778 1039 813; x_wconf 88' lang='lat' dir='ltr'><strong>hujus</strong></span> <span class='ocrx_word' id='word_1_231' title='bbox 1059 778 1158 805; x_wconf 62' lang='lat' dir='ltr'><strong>inﬁmae</strong></span> <span class='ocrx_word' id='word_1_232' title='bbox 1173 778 1219 805; x_wconf 89' lang='lat' dir='ltr'><strong>dat</strong></span> <span class='ocrx_word' id='word_1_233' title='bbox 1243 777 1336 805; x_wconf 89' lang='lat' dir='ltr'><strong>videre</strong></span> <span class='ocrx_word' id='word_1_234' title='bbox 1347 797 1355 811; x_wconf 85' lang='lat'><strong>,</strong></span> <span class='ocrx_word' id='word_1_235' title='bbox 1373 785 1461 812; x_wconf 84' lang='lat' dir='ltr'><strong>neque</strong></span> <span class='ocrx_word' id='word_1_236' title='bbox 1479 777 1531 804; x_wconf 88' lang='lat' dir='ltr'><strong>hoc</strong></span> <span class='ocrx_word' id='word_1_237' title='bbox 1547 776 1741 804; x_wconf 79' lang='lat' dir='ltr'><strong>animadvertit</strong></span> 
     </span>
    </p>
   </div>
   <div class='ocr_carea' id='block_1_33' title="bbox 955 822 1742 860">
    <p class='ocr_par' dir='ltr' id='par_1_33' title="bbox 955 822 1742 860">
     <span class='ocr_line' id='line_1_33' title="bbox 955 822 1742 860; baseline -0.003 -9"><span class='ocrx_word' id='word_1_238' title='bbox 955 824 1073 851; x_wconf 79' lang='lat' dir='ltr'><strong>carnalis</strong></span> <span class='ocrx_word' id='word_1_239' title='bbox 1086 824 1136 852; x_wconf 90' lang='lat' dir='ltr'><strong>iste</strong></span> <span class='ocrx_word' id='word_1_240' title='bbox 1148 824 1298 860; x_wconf 74' lang='lat' dir='ltr'><strong>theologus,</strong></span> <span class='ocrx_word' id='word_1_241' title='bbox 1311 824 1383 859; x_wconf 87' lang='lat' dir='ltr'><strong>quod</strong></span> <span class='ocrx_word' id='word_1_242' title='bbox 1397 831 1459 850; x_wconf 86' lang='lat' dir='ltr'><strong>cum</strong></span> <span class='ocrx_word' id='word_1_243' title='bbox 1469 822 1632 858; x_wconf 88' lang='lat' dir='ltr'><strong>Unigenitus</strong></span> <span class='ocrx_word' id='word_1_244' title='bbox 1649 823 1675 849; x_wconf 92' lang='lat' dir='ltr'><strong>iu</strong></span> <span class='ocrx_word' id='word_1_245' title='bbox 1687 822 1742 849; x_wconf 85' lang='lat' dir='ltr'><strong>Deo</strong></span> 
     </span>
    </p>
   </div>
   <div class='ocr_carea' id='block_1_34' title="bbox 125 855 905 903">
    <p class='ocr_par' dir='ltr' id='par_1_34' title="bbox 125 865 905 903">
     <span class='ocr_line' id='line_1_34' title="bbox 125 865 905 903; baseline 0.004 -12"><span class='ocrx_word' id='word_1_246' title='bbox 125 865 160 900; x_wconf 86' lang='grc' dir='ltr'>τῷ</span> <span class='ocrx_word' id='word_1_247' title='bbox 173 867 271 900; x_wconf 76' lang='grc' dir='ltr'>ῥήματι</span> <span class='ocrx_word' id='word_1_248' title='bbox 283 866 312 892; x_wconf 77' lang='grc' dir='ltr'>τὸ</span> <span class='ocrx_word' id='word_1_249' title='bbox 325 867 392 901; x_wconf 58' lang='grc' dir='ltr'>πρὸς</span> <span class='ocrx_word' id='word_1_250' title='bbox 407 868 496 894; x_wconf 70' lang='grc' dir='ltr'>πᾶσαν</span> <span class='ocrx_word' id='word_1_251' title='bbox 508 869 613 902; x_wconf 82' lang='grc' dir='ltr'>γένεσιν</span> <span class='ocrx_word' id='word_1_252' title='bbox 626 867 807 903; x_wconf 85' lang='grc' dir='ltr'>ἀκοινώνητόν</span> <span class='ocrx_word' id='word_1_253' title='bbox 818 876 847 894; x_wconf 85' lang='grc' dir='ltr'><strong>τε</strong></span> <span class='ocrx_word' id='word_1_254' title='bbox 858 865 905 894; x_wconf 68' lang='grc' dir='ltr'><strong>καῖ</strong></span> 
     </span>
    </p>
   </div>
   <div class='ocr_carea' id='block_1_35' title="bbox 955 855 1741 903">
    <p class='ocr_par' dir='ltr' id='par_1_35' title="bbox 955 855 1741 903">
     <span class='ocr_line' id='line_1_35' title="bbox 955 855 1741 903; baseline -0.004 -7"><span class='ocrx_word' id='word_1_255' title='bbox 955 868 1125 900; x_wconf 87' lang='lat' dir='ltr'><strong>dicitur,hoe</strong></span> <span class='ocrx_word' id='word_1_256' title='bbox 1139 869 1198 903; x_wconf 92' lang='lat' dir='ltr'><strong>ipso</strong></span> <span class='ocrx_word' id='word_1_257' title='bbox 1210 855 1303 900; x_wconf 74' lang='lat' dir='ltr'><strong>vei-bo,</strong></span> <span class='ocrx_word' id='word_1_258' title='bbox 1313 868 1384 903; x_wconf 89' lang='lat' dir='ltr'><strong>quod</strong></span> <span class='ocrx_word' id='word_1_259' title='bbox 1399 875 1462 895; x_wconf 87' lang='lat' dir='ltr'><strong>cum</strong></span> <span class='ocrx_word' id='word_1_260' title='bbox 1476 868 1549 895; x_wconf 92' lang='lat' dir='ltr'><strong>omni</strong></span> <span class='ocrx_word' id='word_1_261' title='bbox 1564 866 1741 902; x_wconf 70' lang='lat' dir='ltr'><strong>generatione</strong></span> 
     </span>
    </p>
   </div>
   <div class='ocr_carea' id='block_1_36' title="bbox 128 912 904 950">
    <p class='ocr_par' dir='ltr' id='par_1_36' title="bbox 128 912 904 950">
     <span class='ocr_line' id='line_1_36' title="bbox 128 912 904 950; baseline 0.003 -13"><span class='ocrx_word' id='word_1_262' title='bbox 128 912 220 944; x_wconf 77' lang='grc' dir='ltr'><strong>ἰδιάζον</strong></span> <span class='ocrx_word' id='word_1_263' title='bbox 244 912 436 947; x_wconf 84' lang='grc' dir='ltr'>ἀποσημαίνει.</span> <span class='ocrx_word' id='word_1_264' title='bbox 466 914 526 945; x_wconf 83' lang='grc' dir='ltr'><strong>Πῶς</strong></span> <span class='ocrx_word' id='word_1_265' title='bbox 549 914 602 949; x_wconf 75' lang='grc' dir='ltr'><strong>γὰρ</strong></span> <span class='ocrx_word' id='word_1_266' title='bbox 627 914 660 941; x_wconf 85' lang='grc' dir='ltr'>ἂν</span> <span class='ocrx_word' id='word_1_267' title='bbox 683 914 725 949; x_wconf 85' lang='grc' dir='ltr'><strong>είη</strong></span> <span class='ocrx_word' id='word_1_268' title='bbox 758 914 904 950; x_wconf 81' lang='grc' dir='ltr'>μονογενὴς</span> 
     </span>
    </p>
   </div>
   <div class='ocr_carea' id='block_1_37' title="bbox 126 957 905 993">
    <p class='ocr_par' dir='ltr' id='par_1_37' title="bbox 126 957 905 993">
     <span class='ocr_line' id='line_1_37' title="bbox 126 957 905 993; baseline 0 -9"><span class='ocrx_word' id='word_1_269' title='bbox 126 957 188 992; x_wconf 79' lang='grc' dir='ltr'>αὕτη</span> <span class='ocrx_word' id='word_1_270' title='bbox 204 958 220 992; x_wconf 88' lang='grc' dir='ltr'><strong>ἡ</strong></span> <span class='ocrx_word' id='word_1_271' title='bbox 234 958 349 991; x_wconf 80' lang='grc' dir='ltr'>γένεσις,</span> <span class='ocrx_word' id='word_1_272' title='bbox 365 959 388 984; x_wconf 74' lang='grc' dir='ltr'><strong>ει</strong></span> <span class='ocrx_word' id='word_1_273' title='bbox 405 958 546 984; x_wconf 79' lang='grc' dir='ltr'>κοινωνίαν</span> <span class='ocrx_word' id='word_1_274' title='bbox 562 958 631 985; x_wconf 75' lang='grc' dir='ltr'>κατὰ</span> <span class='ocrx_word' id='word_1_275' title='bbox 645 959 694 993; x_wconf 83' lang='grc' dir='ltr'>τὴν</span> <span class='ocrx_word' id='word_1_276' title='bbox 716 958 834 993; x_wconf 74' lang='grc' dir='ltr'>ἔμφασιν</span> <span class='ocrx_word' id='word_1_277' title='bbox 859 958 905 984; x_wconf 76' lang='grc' dir='ltr'>καὶ</span> 
     </span>
    </p>
   </div>
   <div class='ocr_carea' id='block_1_38' title="bbox 125 1000 904 1040">
    <p class='ocr_par' dir='ltr' id='par_1_38' title="bbox 125 1000 904 1040">
     <span class='ocr_line' id='line_1_38' title="bbox 125 1000 904 1040; baseline -0.001 -10"><span class='ocrx_word' id='word_1_278' title='bbox 125 1000 269 1040; x_wconf 77' lang='grc' dir='ltr'>ταυτότητα</span> <span class='ocrx_word' id='word_1_279' title='bbox 287 1005 354 1039; x_wconf 71' lang='grc' dir='ltr'>πρὸς</span> <span class='ocrx_word' id='word_1_280' title='bbox 373 1004 455 1039; x_wconf 77' lang='grc' dir='ltr'>ἄλλην</span> <span class='ocrx_word' id='word_1_281' title='bbox 480 1004 583 1037; x_wconf 78' lang='grc' dir='ltr'>γένεσιν</span> <span class='ocrx_word' id='word_1_282' title='bbox 604 1004 676 1039; x_wconf 74' lang='grc' dir='ltr'>ἐχει;</span> <span class='ocrx_word' id='word_1_283' title='bbox 694 1004 730 1030; x_wconf 80' lang='grc' dir='ltr'><strong>Τὸ</strong></span> <span class='ocrx_word' id='word_1_284' title='bbox 748 1005 802 1038; x_wconf 74' lang='grc' dir='ltr'>γὰρ</span> <span class='ocrx_word' id='word_1_285' title='bbox 826 1003 904 1038; x_wconf 85' lang='grc' dir='ltr'>μόνον</span> 
     </span>
    </p>
   </div>
   <div class='ocr_carea' id='block_1_39' title="bbox 128 1048 906 1085">
    <p class='ocr_par' dir='ltr' id='par_1_39' title="bbox 128 1048 906 1085">
     <span class='ocr_line' id='line_1_39' title="bbox 128 1048 906 1085; baseline -0.001 -9"><span class='ocrx_word' id='word_1_286' title='bbox 128 1048 307 1085; x_wconf 80' lang='grc' dir='ltr'>κατεξαίρετον</span> <span class='ocrx_word' id='word_1_287' title='bbox 324 1049 366 1076; x_wconf 74' lang='grc' dir='ltr'><strong>ἐπ’</strong></span> <span class='ocrx_word' id='word_1_288' title='bbox 382 1049 463 1076; x_wconf 75' lang='grc' dir='ltr'>αὐτοῦ</span> <span class='ocrx_word' id='word_1_289' title='bbox 478 1051 587 1082; x_wconf 80' lang='grc' dir='ltr'><strong>νοεῖται,</strong></span> <span class='ocrx_word' id='word_1_290' title='bbox 605 1049 618 1075; x_wconf 85' lang='grc' dir='ltr'><strong><em>ὃ</em></strong></span> <span class='ocrx_word' id='word_1_291' title='bbox 635 1050 684 1075; x_wconf 84' lang='grc' dir='ltr'>οὐκ</span> <span class='ocrx_word' id='word_1_292' title='bbox 707 1049 779 1076; x_wconf 77' lang='grc' dir='ltr'>ἔστιν</span> <span class='ocrx_word' id='word_1_293' title='bbox 800 1049 843 1075; x_wconf 78' lang='grc' dir='ltr'><strong>ἐπ’</strong></span> <span class='ocrx_word' id='word_1_294' title='bbox 859 1049 906 1075; x_wconf 78' lang='grc'><strong>6.).-</strong></span> 
     </span>
    </p>
   </div>
   <div class='ocr_carea' id='block_1_40' title="bbox 126 1094 904 1130">
    <p class='ocr_par' dir='ltr' id='par_1_40' title="bbox 126 1094 904 1130">
     <span class='ocr_line' id='line_1_40' title="bbox 126 1094 904 1130; baseline -0.003 -8"><span class='ocrx_word' id='word_1_295' title='bbox 126 1097 169 1130; x_wconf 85' lang='grc' dir='ltr'><strong>λης</strong></span> <span class='ocrx_word' id='word_1_296' title='bbox 185 1097 349 1130; x_wconf 77' lang='grc' dir='ltr'><strong>κατανοῆσαι</strong></span> <span class='ocrx_word' id='word_1_297' title='bbox 366 1096 527 1130; x_wconf 73' lang='grc' dir='ltr'>γεννήσεως,</span> <span class='ocrx_word' id='word_1_298' title='bbox 541 1095 643 1130; x_wconf 78' lang='grc' dir='ltr'>κυρίως</span> <span class='ocrx_word' id='word_1_299' title='bbox 655 1104 684 1121; x_wconf 88' lang='grc' dir='ltr'><strong>τε</strong></span> <span class='ocrx_word' id='word_1_300' title='bbox 699 1095 745 1121; x_wconf 78' lang='grc' dir='ltr'>καὶ</span> <span class='ocrx_word' id='word_1_301' title='bbox 759 1094 904 1130; x_wconf 69' lang='grc' dir='ltr'>προσφυῶς</span> 
     </span>
    </p>
   </div>
   <div class='ocr_carea' id='block_1_41' title="bbox 125 1139 908 1177">
    <p class='ocr_par' dir='ltr' id='par_1_41' title="bbox 125 1139 908 1177">
     <span class='ocr_line' id='line_1_41' title="bbox 125 1139 908 1177; baseline -0.004 -8"><span class='ocrx_word' id='word_1_302' title='bbox 125 1142 160 1177; x_wconf 84' lang='grc' dir='ltr'>τῷ</span> <span class='ocrx_word' id='word_1_303' title='bbox 182 1142 354 1177; x_wconf 79' lang='grc' dir='ltr'>προσρήματι</span> <span class='ocrx_word' id='word_1_304' title='bbox 370 1142 416 1168; x_wconf 81' lang='grc' dir='ltr'>τοῦ</span> <span class='ocrx_word' id='word_1_305' title='bbox 437 1141 604 1176; x_wconf 79' lang='grc' dir='ltr'>Μονογενοῦς</span> <span class='ocrx_word' id='word_1_306' title='bbox 620 1140 814 1176; x_wconf 73' lang='grc' dir='ltr'>ἐρμηνεύεται⁴</span> <span class='ocrx_word' id='word_1_307' title='bbox 829 1140 866 1171; x_wconf 83' lang='grc' dir='ltr'>ὡς</span> <span class='ocrx_word' id='word_1_308' title='bbox 881 1139 908 1166; x_wconf 77' lang='grc' dir='ltr'>εἴ</span> 
     </span>
    </p>
   </div>
   <div class='ocr_carea' id='block_1_42' title="bbox 125 1187 904 1223">
    <p class='ocr_par' dir='ltr' id='par_1_42' title="bbox 125 1187 904 1223">
     <span class='ocr_line' id='line_1_42' title="bbox 125 1187 904 1223; baseline -0.003 -9"><span class='ocrx_word' id='word_1_309' title='bbox 125 1189 153 1222; x_wconf 78' lang='grc' dir='ltr'><strong>γέ</strong></span> <span class='ocrx_word' id='word_1_310' title='bbox 166 1198 188 1215; x_wconf 89' lang='grc' dir='ltr'><strong>τι</strong></span> <span class='ocrx_word' id='word_1_311' title='bbox 200 1189 247 1223; x_wconf 82' lang='grc' dir='ltr'>τῆς</span> <span class='ocrx_word' id='word_1_312' title='bbox 264 1188 338 1215; x_wconf 83' lang='grc' dir='ltr'>κάτω</span> <span class='ocrx_word' id='word_1_313' title='bbox 352 1189 503 1223; x_wconf 80' lang='grc' dir='ltr'>γεννήσεως</span> <span class='ocrx_word' id='word_1_314' title='bbox 524 1188 570 1214; x_wconf 76' lang='grc' dir='ltr'>καὶ</span> <span class='ocrx_word' id='word_1_315' title='bbox 593 1188 636 1214; x_wconf 78' lang='grc' dir='ltr'><strong>ἐπ’</strong></span> <span class='ocrx_word' id='word_1_316' title='bbox 657 1187 737 1214; x_wconf 69' lang='grc' dir='ltr'>αὐτοῦ</span> <span class='ocrx_word' id='word_1_317' title='bbox 752 1187 904 1222; x_wconf 78' lang='grc' dir='ltr'>θεωρεῖται,</span> 
     </span>
    </p>
   </div>
   <div class='ocr_carea' id='block_1_43' title="bbox 125 1232 904 1269">
    <p class='ocr_par' dir='ltr' id='par_1_43' title="bbox 125 1232 904 1269">
     <span class='ocr_line' id='line_1_43' title="bbox 125 1232 904 1269; baseline -0.003 -9"><span class='ocrx_word' id='word_1_318' title='bbox 125 1234 207 1261; x_wconf 76' lang='grc' dir='ltr'>οὐκέτ’</span> <span class='ocrx_word' id='word_1_319' title='bbox 220 1234 253 1260; x_wconf 84' lang='grc' dir='ltr'>ἂν</span> <span class='ocrx_word' id='word_1_320' title='bbox 271 1234 313 1269; x_wconf 77' lang='grc' dir='ltr'><strong>εἴη</strong></span> <span class='ocrx_word' id='word_1_321' title='bbox 330 1234 493 1268; x_wconf 79' lang='grc' dir='ltr'>Μονογενὴς,</span> <span class='ocrx_word' id='word_1_322' title='bbox 506 1235 520 1260; x_wconf 83' lang='grc' dir='ltr'>ὁ</span> <span class='ocrx_word' id='word_1_323' title='bbox 531 1234 586 1260; x_wconf 77' lang='grc' dir='ltr'>τισὶ</span> <span class='ocrx_word' id='word_1_324' title='bbox 600 1234 649 1268; x_wconf 80' lang='grc' dir='ltr'>τῆς</span> <span class='ocrx_word' id='word_1_325' title='bbox 664 1234 815 1268; x_wconf 83' lang='grc' dir='ltr'>γεννήσεως</span> <span class='ocrx_word' id='word_1_326' title='bbox 832 1232 904 1259; x_wconf 84' lang='grc' dir='ltr'>ἰδιώ-</span> 
     </span>
    </p>
   </div>
   <div class='ocr_carea' id='block_1_44' title="bbox 126 1277 906 1315">
    <p class='ocr_par' dir='ltr' id='par_1_44' title="bbox 126 1277 906 1315">
     <span class='ocr_line' id='line_1_44' title="bbox 126 1277 906 1315; baseline -0.003 -9"><span class='ocrx_word' id='word_1_327' title='bbox 126 1289 186 1315; x_wconf 85' lang='grc' dir='ltr'>μασι</span> <span class='ocrx_word' id='word_1_328' title='bbox 204 1280 273 1315; x_wconf 76' lang='grc' dir='ltr'>πρὸς</span> <span class='ocrx_word' id='word_1_329' title='bbox 287 1279 321 1306; x_wconf 74' lang='grc' dir='ltr'><strong>τὰ</strong></span> <span class='ocrx_word' id='word_1_330' title='bbox 338 1279 420 1306; x_wconf 82' lang='grc' dir='ltr'>λοιπὰ</span> <span class='ocrx_word' id='word_1_331' title='bbox 434 1279 487 1306; x_wconf 83' lang='grc' dir='ltr'>τῶν</span> <span class='ocrx_word' id='word_1_332' title='bbox 501 1279 685 1315; x_wconf 75' lang='grc' dir='ltr'>γεννηθέντων</span> <span class='ocrx_word' id='word_1_333' title='bbox 703 1277 906 1313; x_wconf 82' lang='grc' dir='ltr'>κοινοποιούμε-</span> 
     </span>
    </p>
   </div>
   <div class='ocr_carea' id='block_1_45' title="bbox 124 1323 906 1360">
    <p class='ocr_par' dir='ltr' id='par_1_45' title="bbox 124 1323 906 1360">
     <span class='ocr_line' id='line_1_45' title="bbox 124 1323 906 1360; baseline -0.004 -7"><span class='ocrx_word' id='word_1_334' title='bbox 124 1335 179 1357; x_wconf 83' lang='grc' dir='ltr'>νος·</span> <span class='ocrx_word' id='word_1_335' title='bbox 194 1326 217 1352; x_wconf 82' lang='grc' dir='ltr'><strong>εί</strong></span> <span class='ocrx_word' id='word_1_336' title='bbox 239 1326 294 1360; x_wconf 73' lang='grc' dir='ltr'><strong>γὰρ</strong></span> <span class='ocrx_word' id='word_1_337' title='bbox 308 1325 341 1351; x_wconf 70' lang='grc' dir='ltr'><strong>τὰ</strong></span> <span class='ocrx_word' id='word_1_338' title='bbox 359 1325 428 1352; x_wconf 67' lang='grc' dir='ltr'>αὐτὰ</span> <span class='ocrx_word' id='word_1_339' title='bbox 450 1325 497 1351; x_wconf 71' lang='grc' dir='ltr'><strong>καὶ</strong></span> <span class='ocrx_word' id='word_1_340' title='bbox 513 1325 558 1351; x_wconf 74' lang='grc' dir='ltr'><strong>ἐπὶ</strong></span> <span class='ocrx_word' id='word_1_341' title='bbox 580 1325 673 1351; x_wconf 66' lang='grc' dir='ltr'>τούτου</span> <span class='ocrx_word' id='word_1_342' title='bbox 687 1325 806 1358; x_wconf 84' lang='grc' dir='ltr'>λέγοιτο,</span> <span class='ocrx_word' id='word_1_343' title='bbox 822 1323 840 1350; x_wconf 79' lang='grc' dir='ltr'><strong>ὃ.</strong></span> <span class='ocrx_word' id='word_1_344' title='bbox 859 1323 906 1350; x_wconf 69' lang='grc' dir='ltr'>καὶ</span> 
     </span>
    </p>
   </div>
   <div class='ocr_carea' id='block_1_46' title="bbox 124 1369 906 1406">
    <p class='ocr_par' dir='ltr' id='par_1_46' title="bbox 124 1369 906 1406">
     <span class='ocr_line' id='line_1_46' title="bbox 124 1369 906 1406; baseline -0.005 -7"><span class='ocrx_word' id='word_1_345' title='bbox 124 1372 167 1398; x_wconf 77' lang='grc' dir='ltr'><strong>ἰπὶ</strong></span> <span class='ocrx_word' id='word_1_346' title='bbox 180 1371 233 1398; x_wconf 80' lang='grc' dir='ltr'>τῶν</span> <span class='ocrx_word' id='word_1_347' title='bbox 251 1371 338 1398; x_wconf 80' lang='grc' dir='ltr'>ἄλλων</span> <span class='ocrx_word' id='word_1_348' title='bbox 353 1371 406 1396; x_wconf 82' lang='grc' dir='ltr'>τῶν</span> <span class='ocrx_word' id='word_1_349' title='bbox 425 1370 467 1397; x_wconf 74' lang='grc' dir='ltr'><strong>διὰ</strong></span> <span class='ocrx_word' id='word_1_350' title='bbox 480 1371 631 1405; x_wconf 80' lang='grc' dir='ltr'>γεννήσεως</span> <span class='ocrx_word' id='word_1_351' title='bbox 653 1370 799 1406; x_wconf 77' lang='grc' dir='ltr'>προϊόντων</span> <span class='ocrx_word' id='word_1_352' title='bbox 819 1370 859 1400; x_wconf 74' lang='grc' dir='ltr'>εἰς</span> <span class='ocrx_word' id='word_1_353' title='bbox 875 1369 906 1395; x_wconf 80' lang='grc' dir='ltr'><strong>τὸ</strong></span> 
     </span>
    </p>
   </div>
   <div class='ocr_carea' id='block_1_47' title="bbox 126 1414 905 1451">
    <p class='ocr_par' dir='ltr' id='par_1_47' title="bbox 126 1414 905 1451">
     <span class='ocr_line' id='line_1_47' title="bbox 126 1414 905 1451; baseline -0.003 -8"><span class='ocrx_word' id='word_1_354' title='bbox 126 1414 189 1443; x_wconf 82' lang='grc' dir='ltr'>εἶναι</span> <span class='ocrx_word' id='word_1_355' title='bbox 204 1417 329 1451; x_wconf 86' lang='grc' dir='ltr'>λέγεται,</span> <span class='ocrx_word' id='word_1_356' title='bbox 347 1417 386 1448; x_wconf 79' lang='grc' dir='ltr'>εἰς</span> <span class='ocrx_word' id='word_1_357' title='bbox 402 1417 547 1451; x_wconf 77' lang='grc' dir='ltr'>ἀδελφικὴν</span> <span class='ocrx_word' id='word_1_358' title='bbox 561 1425 620 1442; x_wconf 87' lang='grc' dir='ltr'>τινα</span> <span class='ocrx_word' id='word_1_359' title='bbox 636 1416 726 1451; x_wconf 83' lang='grc' dir='ltr'>σχέσιν</span> <span class='ocrx_word' id='word_1_360' title='bbox 743 1415 773 1442; x_wconf 82' lang='grc' dir='ltr'><strong>τὺ</strong></span> <span class='ocrx_word' id='word_1_361' title='bbox 796 1415 837 1441; x_wconf 69' lang='grc' dir='ltr'><strong>τοῦ</strong></span> <span class='ocrx_word' id='word_1_362' title='bbox 851 1415 905 1441; x_wconf 88' lang='grc' dir='ltr'><strong>Μο-</strong></span> 
     </span>
    </p>
   </div>
   <div class='ocr_carea' id='block_1_48' title="bbox 124 1460 906 1498">
    <p class='ocr_par' dir='ltr' id='par_1_48' title="bbox 124 1460 906 1498">
     <span class='ocr_line' id='line_1_48' title="bbox 124 1460 906 1498; baseline -0.004 -8"><span class='ocrx_word' id='word_1_363' title='bbox 124 1463 242 1498; x_wconf 78' lang='grc' dir='ltr'>νογενοῦς</span> <span class='ocrx_word' id='word_1_364' title='bbox 266 1463 462 1497; x_wconf 73' lang='grc' dir='ltr'>σημαινόμενον</span> <span class='ocrx_word' id='word_1_365' title='bbox 481 1462 675 1497; x_wconf 74' lang='grc' dir='ltr'>μετασκευάσει</span> <span class='ocrx_word' id='word_1_366' title='bbox 698 1462 712 1488; x_wconf 83' lang='grc' dir='ltr'>ὀ</span> <span class='ocrx_word' id='word_1_367' title='bbox 732 1461 819 1496; x_wconf 76' lang='grc' dir='ltr'>λόγος.</span> <span class='ocrx_word' id='word_1_368' title='bbox 835 1460 906 1487; x_wconf 82' lang='grc' dir='ltr'><strong>Οὐκ-</strong></span> 
     </span>
    </p>
   </div>
   <div class='ocr_carea' id='block_1_49' title="bbox 124 1506 904 1544">
    <p class='ocr_par' dir='ltr' id='par_1_49' title="bbox 124 1506 904 1544">
     <span class='ocr_line' id='line_1_49' title="bbox 124 1506 904 1544; baseline -0.004 -9"><span class='ocrx_word' id='word_1_369' title='bbox 124 1510 166 1535; x_wconf 68' lang='grc' dir='ltr'>οῦν</span> <span class='ocrx_word' id='word_1_370' title='bbox 184 1510 206 1535; x_wconf 85' lang='grc' dir='ltr'>εἰ</span> <span class='ocrx_word' id='word_1_371' title='bbox 219 1509 248 1535; x_wconf 76' lang='grc' dir='ltr'>τὸ</span> <span class='ocrx_word' id='word_1_372' title='bbox 259 1509 373 1544; x_wconf 65' lang='grc' dir='ltr'>ἅμικτόν</span> <span class='ocrx_word' id='word_1_373' title='bbox 387 1516 415 1534; x_wconf 81' lang='grc' dir='ltr'>τε</span> <span class='ocrx_word' id='word_1_374' title='bbox 433 1508 479 1534; x_wconf 64' lang='grc' dir='ltr'>καὶ</span> <span class='ocrx_word' id='word_1_375' title='bbox 494 1507 674 1542; x_wconf 84' lang='grc' dir='ltr'>ἀκοινώνητον</span> <span class='ocrx_word' id='word_1_376' title='bbox 688 1507 755 1542; x_wconf 74' lang='grc' dir='ltr'>πρὸς</span> <span class='ocrx_word' id='word_1_377' title='bbox 768 1507 802 1533; x_wconf 79' lang='grc' dir='ltr'><strong>τὰ</strong></span> <span class='ocrx_word' id='word_1_378' title='bbox 824 1506 904 1532; x_wconf 83' lang='grc' dir='ltr'>λοιπὰ</span> 
     </span>
    </p>
   </div>
   <div class='ocr_carea' id='block_1_50' title="bbox 123 1552 904 1590">
    <p class='ocr_par' dir='ltr' id='par_1_50' title="bbox 123 1552 904 1590">
     <span class='ocr_line' id='line_1_50' title="bbox 123 1552 904 1590; baseline -0.004 -9"><span class='ocrx_word' id='word_1_379' title='bbox 123 1555 173 1581; x_wconf 81' lang='grc' dir='ltr'>τῶν</span> <span class='ocrx_word' id='word_1_380' title='bbox 185 1555 334 1590; x_wconf 79' lang='grc' dir='ltr'>γινομένων</span> <span class='ocrx_word' id='word_1_381' title='bbox 349 1554 512 1580; x_wconf 78' lang='grc' dir='ltr'><strong>ἐνδείκνυται</strong></span> <span class='ocrx_word' id='word_1_382' title='bbox 523 1554 554 1580; x_wconf 72' lang='grc' dir='ltr'><strong>τὸ</strong></span> <span class='ocrx_word' id='word_1_383' title='bbox 565 1554 611 1580; x_wconf 80' lang='grc' dir='ltr'>τοῦ</span> <span class='ocrx_word' id='word_1_384' title='bbox 624 1552 791 1587; x_wconf 80' lang='grc' dir='ltr'>Μονογενοῦς</span> <span class='ocrx_word' id='word_1_385' title='bbox 804 1560 904 1587; x_wconf 85' lang='grc' dir='ltr'>σημαι-</span> 
     </span>
    </p>
   </div>
   <div class='ocr_carea' id='block_1_51' title="bbox 121 1598 904 1635">
    <p class='ocr_par' dir='ltr' id='par_1_51' title="bbox 121 1598 904 1635">
     <span class='ocr_line' id='line_1_51' title="bbox 121 1598 904 1635; baseline -0.006 -6"><span class='ocrx_word' id='word_1_386' title='bbox 121 1603 236 1635; x_wconf 85' lang='grc' dir='ltr'>νόμενον,</span> <span class='ocrx_word' id='word_1_387' title='bbox 261 1600 338 1626; x_wconf 78' lang='grc' dir='ltr'>οὐδὲν</span> <span class='ocrx_word' id='word_1_388' title='bbox 350 1600 404 1626; x_wconf 83' lang='grc' dir='ltr'><strong>τῶν</strong></span> <span class='ocrx_word' id='word_1_389' title='bbox 425 1600 488 1633; x_wconf 72' lang='grc' dir='ltr'>περὶ</span> <span class='ocrx_word' id='word_1_390' title='bbox 503 1600 552 1634; x_wconf 84' lang='grc' dir='ltr'>τὴν</span> <span class='ocrx_word' id='word_1_391' title='bbox 566 1600 639 1626; x_wconf 81' lang='grc' dir='ltr'>κάτω</span> <span class='ocrx_word' id='word_1_392' title='bbox 654 1599 778 1634; x_wconf 83' lang='grc' dir='ltr'>γέννησιν</span> <span class='ocrx_word' id='word_1_393' title='bbox 798 1598 904 1634; x_wconf 82' lang='grc' dir='ltr'>ὁρωμέ-</span> 
     </span>
    </p>
   </div>
   <div class='ocr_carea' id='block_1_52' title="bbox 123 1645 904 1681">
    <p class='ocr_par' dir='ltr' id='par_1_52' title="bbox 123 1645 904 1681">
     <span class='ocr_line' id='line_1_52' title="bbox 123 1645 904 1681; baseline -0.004 -7"><span class='ocrx_word' id='word_1_394' title='bbox 123 1655 181 1680; x_wconf 87' lang='grc' dir='ltr'>νων,</span> <span class='ocrx_word' id='word_1_395' title='bbox 207 1647 253 1674; x_wconf 77' lang='grc' dir='ltr'>καὶ</span> <span class='ocrx_word' id='word_1_396' title='bbox 274 1647 321 1673; x_wconf 77' lang='grc' dir='ltr'><strong>ἐπὶ</strong></span> <span class='ocrx_word' id='word_1_397' title='bbox 342 1647 390 1681; x_wconf 78' lang='grc' dir='ltr'>τῆς</span> <span class='ocrx_word' id='word_1_398' title='bbox 414 1647 445 1672; x_wconf 75' lang='grc' dir='ltr'>ἐκ</span> <span class='ocrx_word' id='word_1_399' title='bbox 470 1645 516 1672; x_wconf 76' lang='grc' dir='ltr'>τοῦ</span> <span class='ocrx_word' id='word_1_400' title='bbox 535 1646 641 1681; x_wconf 74' lang='grc' dir='ltr'>Πατρός</span> <span class='ocrx_word' id='word_1_401' title='bbox 666 1646 839 1676; x_wconf 71' lang='grc' dir='ltr'>ὑποστάσεως</span> <span class='ocrx_word' id='word_1_402' title='bbox 857 1645 904 1671; x_wconf 81' lang='grc' dir='ltr'>τοῦ</span> 
     </span>
    </p>
   </div>
   <div class='ocr_carea' id='block_1_53' title="bbox 125 1689 904 1726">
    <p class='ocr_par' dir='ltr' id='par_1_53' title="bbox 125 1689 904 1726">
     <span class='ocr_line' id='line_1_53' title="bbox 125 1689 904 1726; baseline -0.004 -8"><span class='ocrx_word' id='word_1_403' title='bbox 125 1692 182 1718; x_wconf 82' lang='grc' dir='ltr'><strong>Υἱοῦ</strong></span> <span class='ocrx_word' id='word_1_404' title='bbox 197 1691 313 1718; x_wconf 76' lang='grc' dir='ltr'>νοεῖσθαι</span> <span class='ocrx_word' id='word_1_405' title='bbox 326 1690 536 1726; x_wconf 74' lang='grc' dir='ltr'>καταδεξόμεθα.</span> <span class='ocrx_word' id='word_1_406' title='bbox 559 1690 638 1717; x_wconf 74' lang='grc' dir='ltr'>Ἀλλὰ</span> <span class='ocrx_word' id='word_1_407' title='bbox 653 1690 704 1726; x_wconf 86' lang='grc' dir='ltr'>μὴν</span> <span class='ocrx_word' id='word_1_408' title='bbox 718 1689 782 1717; x_wconf 78' lang='grc' dir='ltr'>ἴδιον</span> <span class='ocrx_word' id='word_1_409' title='bbox 797 1690 904 1717; x_wconf 83' lang='grc' dir='ltr'>πάντων</span> 
     </span>
    </p>
   </div>
   <div class='ocr_carea' id='block_1_54' title="bbox 125 1734 905 1772">
    <p class='ocr_par' dir='ltr' id='par_1_54' title="bbox 125 1734 905 1772">
     <span class='ocr_line' id='line_1_54' title="bbox 125 1734 905 1772; baseline -0.004 -8"><span class='ocrx_word' id='word_1_410' title='bbox 125 1737 174 1764; x_wconf 73' lang='grc' dir='ltr'>τῶν</span> <span class='ocrx_word' id='word_1_411' title='bbox 193 1737 237 1764; x_wconf 80' lang='grc' dir='ltr'><strong>διὰ</strong></span> <span class='ocrx_word' id='word_1_412' title='bbox 260 1738 413 1772; x_wconf 83' lang='grc' dir='ltr'>γεννήσεως</span> <span class='ocrx_word' id='word_1_413' title='bbox 429 1737 637 1770; x_wconf 68' lang='grc' dir='ltr'><strong>ὑφεστηκότων,</strong></span> <span class='ocrx_word' id='word_1_414' title='bbox 662 1736 692 1762; x_wconf 78' lang='grc' dir='ltr'><strong>τὸ</strong></span> <span class='ocrx_word' id='word_1_415' title='bbox 710 1737 747 1772; x_wconf 84' lang='grc' dir='ltr'>μὴ</span> <span class='ocrx_word' id='word_1_416' title='bbox 763 1734 831 1762; x_wconf 81' lang='grc' dir='ltr'>εἶναι</span> <span class='ocrx_word' id='word_1_417' title='bbox 853 1735 905 1770; x_wconf 74' lang='grc' dir='ltr'>πρὸ</span> 
     </span>
    </p>
   </div>
   <div class='ocr_carea' id='block_1_55' title="bbox 123 1781 904 1819">
    <p class='ocr_par' dir='ltr' id='par_1_55' title="bbox 123 1781 904 1819">
     <span class='ocr_line' id='line_1_55' title="bbox 123 1781 904 1819; baseline -0.003 -10"><span class='ocrx_word' id='word_1_418' title='bbox 123 1784 167 1818; x_wconf 78' lang='grc' dir='ltr'>τῆς</span> <span class='ocrx_word' id='word_1_419' title='bbox 183 1792 332 1819; x_wconf 81' lang='grc' dir='ltr'>γεννήσεως</span> <span class='ocrx_word' id='word_1_420' title='bbox 368 1783 504 1817; x_wconf 80' lang='grc' dir='ltr'>ἀλλότριον</span> <span class='ocrx_word' id='word_1_421' title='bbox 528 1782 582 1818; x_wconf 76' lang='grc' dir='ltr'>ἄρα</span> <span class='ocrx_word' id='word_1_422' title='bbox 601 1781 679 1809; x_wconf 69' lang='grc' dir='ltr'>τοῦτο</span> <span class='ocrx_word' id='word_1_423' title='bbox 695 1781 743 1816; x_wconf 82' lang='grc' dir='ltr'>τῆς</span> <span class='ocrx_word' id='word_1_424' title='bbox 756 1781 801 1807; x_wconf 72' lang='grc' dir='ltr'>τοῦ</span> <span class='ocrx_word' id='word_1_425' title='bbox 818 1782 904 1808; x_wconf 81' lang='grc' dir='ltr'>Μονο-</span> 
     </span>
    </p>
   </div>
   <div class='ocr_carea' id='block_1_56' title="bbox 123 1824 905 1863">
    <p class='ocr_par' dir='ltr' id='par_1_56' title="bbox 123 1824 905 1863">
     <span class='ocr_line' id='line_1_56' title="bbox 123 1824 905 1863; baseline -0.004 -8"><span class='ocrx_word' id='word_1_426' title='bbox 123 1828 210 1863; x_wconf 80' lang='grc' dir='ltr'>γενοῦς</span> <span class='ocrx_word' id='word_1_427' title='bbox 235 1828 381 1863; x_wconf 80' lang='grc' dir='ltr'>ἰδιότητος,</span> <span class='ocrx_word' id='word_1_428' title='bbox 395 1824 417 1861; x_wconf 81' lang='grc' dir='ltr'><strong>ᾧ</strong></span> <span class='ocrx_word' id='word_1_429' title='bbox 441 1828 523 1863; x_wconf 85' lang='grc' dir='ltr'>μηδὲν</span> <span class='ocrx_word' id='word_1_430' title='bbox 551 1828 597 1854; x_wconf 75' lang='grc' dir='ltr'>τοῦ</span> <span class='ocrx_word' id='word_1_431' title='bbox 619 1828 720 1863; x_wconf 84' lang='grc' dir='ltr'>τρόπου</span> <span class='ocrx_word' id='word_1_432' title='bbox 741 1827 790 1861; x_wconf 81' lang='grc' dir='ltr'>τῆς</span> <span class='ocrx_word' id='word_1_433' title='bbox 813 1826 905 1860; x_wconf 83' lang='grc' dir='ltr'>κοινῆς</span> 
     </span>
    </p>
   </div>
   <div class='ocr_carea' id='block_1_57' title="bbox 123 1870 904 1908">
    <p class='ocr_par' dir='ltr' id='par_1_57' title="bbox 123 1870 904 1908">
     <span class='ocr_line' id='line_1_57' title="bbox 123 1870 904 1908; baseline -0.004 -9"><span class='ocrx_word' id='word_1_434' title='bbox 123 1873 269 1908; x_wconf 61' lang='grc' dir='ltr'>γεννήσεως</span> <span class='ocrx_word' id='word_1_435' title='bbox 285 1873 371 1904; x_wconf 84' lang='grc' dir='ltr'>εἴδους</span> <span class='ocrx_word' id='word_1_436' title='bbox 391 1872 422 1898; x_wconf 85' lang='grc' dir='ltr'><strong>τὺ</strong></span> <span class='ocrx_word' id='word_1_437' title='bbox 438 1871 644 1906; x_wconf 80' lang='grc' dir='ltr'>πεπλανημένον</span> <span class='ocrx_word' id='word_1_438' title='bbox 662 1872 800 1907; x_wconf 82' lang='grc' dir='ltr'>προσεῖναι</span> <span class='ocrx_word' id='word_1_439' title='bbox 823 1872 838 1907; x_wconf 83' lang='grc' dir='ltr'>ἠ</span> <span class='ocrx_word' id='word_1_440' title='bbox 857 1870 904 1897; x_wconf 79' lang='grc' dir='ltr'><strong>τοῦ</strong></span> 
     </span>
    </p>
   </div>
   <div class='ocr_carea' id='block_1_58' title="bbox 123 1916 905 1953">
    <p class='ocr_par' dir='ltr' id='par_1_58' title="bbox 123 1916 905 1953">
     <span class='ocr_line' id='line_1_58' title="bbox 123 1916 905 1953; baseline -0.004 -8"><span class='ocrx_word' id='word_1_441' title='bbox 123 1918 285 1953; x_wconf 81' lang='grc' dir='ltr'>Μονογενοῦς</span> <span class='ocrx_word' id='word_1_442' title='bbox 311 1918 451 1952; x_wconf 76' lang='grc' dir='ltr'>ἐπωνυμία</span> <span class='ocrx_word' id='word_1_443' title='bbox 476 1917 651 1953; x_wconf 83' lang='grc' dir='ltr'>μαρτύρεται.</span> <span class='ocrx_word' id='word_1_444' title='bbox 678 1916 782 1943; x_wconf 76' lang='grc' dir='ltr'>Οὐκοῦν</span> <span class='ocrx_word' id='word_1_445' title='bbox 807 1924 905 1942; x_wconf 80' lang='grc' dir='ltr'>πιστω-</span> 
     </span>
    </p>
   </div>
   <div class='ocr_carea' id='block_1_59' title="bbox 124 1960 904 1999">
    <p class='ocr_par' dir='ltr' id='par_1_59' title="bbox 124 1960 904 1999">
     <span class='ocr_line' id='line_1_59' title="bbox 124 1960 904 1999; baseline -0.006 -8"><span class='ocrx_word' id='word_1_446' title='bbox 124 1964 192 1999; x_wconf 83' lang='grc' dir='ltr'>οήτω</span> <span class='ocrx_word' id='word_1_447' title='bbox 206 1965 219 1991; x_wconf 83' lang='grc' dir='ltr'><strong>ό</strong></span> <span class='ocrx_word' id='word_1_448' title='bbox 233 1964 324 1996; x_wconf 81' lang='grc' dir='ltr'>ὑλικὸς</span> <span class='ocrx_word' id='word_1_449' title='bbox 340 1960 415 1994; x_wconf 77' lang='grc' dir='ltr'>οὗτος</span> <span class='ocrx_word' id='word_1_450' title='bbox 431 1963 478 1990; x_wconf 70' lang='grc' dir='ltr'>καὶ</span> <span class='ocrx_word' id='word_1_451' title='bbox 492 1964 525 1998; x_wconf 84' lang='grc' dir='ltr'>τῇ</span> <span class='ocrx_word' id='word_1_452' title='bbox 544 1962 666 1997; x_wconf 78' lang='grc' dir='ltr'>αἰσθήσει</span> <span class='ocrx_word' id='word_1_453' title='bbox 684 1961 772 1996; x_wconf 82' lang='grc' dir='ltr'>φίλος,</span> <span class='ocrx_word' id='word_1_454' title='bbox 795 1960 838 1987; x_wconf 78' lang='grc' dir='ltr'>διὰ</span> <span class='ocrx_word' id='word_1_455' title='bbox 858 1960 904 1986; x_wconf 69' lang='grc' dir='ltr'>τοῦ</span> 
     </span>
    </p>
   </div>
   <div class='ocr_carea' id='block_1_60' title="bbox 123 2006 905 2046">
    <p class='ocr_par' dir='ltr' id='par_1_60' title="bbox 123 2006 905 2046">
     <span class='ocr_line' id='line_1_60' title="bbox 123 2006 905 2046; baseline -0.006 -9"><span class='ocrx_word' id='word_1_456' title='bbox 123 2011 211 2046; x_wconf 76' lang='grc' dir='ltr'>ἑτέρου</span> <span class='ocrx_word' id='word_1_457' title='bbox 234 2011 284 2046; x_wconf 80' lang='grc' dir='ltr'>τῆς</span> <span class='ocrx_word' id='word_1_458' title='bbox 307 2011 457 2045; x_wconf 84' lang='grc' dir='ltr'>γεννήσεως</span> <span class='ocrx_word' id='word_1_459' title='bbox 479 2009 564 2040; x_wconf 77' lang='grc' dir='ltr'>εἴδους</span> <span class='ocrx_word' id='word_1_460' title='bbox 578 2009 608 2035; x_wconf 81' lang='grc' dir='ltr'><strong>τὺ</strong></span> <span class='ocrx_word' id='word_1_461' title='bbox 627 2007 832 2042; x_wconf 82' lang='grc' dir='ltr'>πεπλανημένον</span> <span class='ocrx_word' id='word_1_462' title='bbox 852 2006 905 2033; x_wconf 81' lang='grc' dir='ltr'>τῶν</span> 
     </span>
    </p>
   </div>
   <div class='ocr_carea' id='block_1_61' title="bbox 122 2053 904 2091">
    <p class='ocr_par' dir='ltr' id='par_1_61' title="bbox 122 2053 904 2091">
     <span class='ocr_line' id='line_1_61' title="bbox 122 2053 904 2091; baseline -0.006 -8"><span class='ocrx_word' id='word_1_463' title='bbox 122 2056 277 2091; x_wconf 72' lang='grc' dir='ltr'>ὑπολήψεων</span> <span class='ocrx_word' id='word_1_464' title='bbox 297 2055 378 2083; x_wconf 81' lang='grc' dir='ltr'>αὑτοῦ</span> <span class='ocrx_word' id='word_1_465' title='bbox 402 2054 608 2091; x_wconf 77' lang='grc' dir='ltr'>διορθώσασθαι.</span> <span class='ocrx_word' id='word_1_466' title='bbox 639 2053 708 2080; x_wconf 73' lang='grc' dir='ltr'>Ἀλλ’</span> <span class='ocrx_word' id='word_1_467' title='bbox 731 2053 796 2084; x_wconf 74' lang='grc' dir='ltr'>ἴσως</span> <span class='ocrx_word' id='word_1_468' title='bbox 819 2053 904 2087; x_wconf 79' lang='grc' dir='ltr'>ἐρεῖς,</span> 
     </span>
    </p>
   </div>
   <div class='ocr_carea' id='block_1_62' title="bbox 123 2097 904 2134">
    <p class='ocr_par' dir='ltr' id='par_1_62' title="bbox 123 2097 904 2134">
     <span class='ocr_line' id='line_1_62' title="bbox 123 2097 904 2134; baseline -0.001 -10"><span class='ocrx_word' id='word_1_469' title='bbox 123 2099 182 2125; x_wconf 73' lang='grc' dir='ltr'>ὅταν</span> <span class='ocrx_word' id='word_1_470' title='bbox 204 2099 376 2134; x_wconf 80' lang='grc' dir='ltr'>ἀπαύγασμα</span> <span class='ocrx_word' id='word_1_471' title='bbox 399 2099 476 2134; x_wconf 80' lang='grc' dir='ltr'>δόξης</span> <span class='ocrx_word' id='word_1_472' title='bbox 493 2098 539 2124; x_wconf 82' lang='grc' dir='ltr'>καὶ</span> <span class='ocrx_word' id='word_1_473' title='bbox 560 2097 647 2133; x_wconf 83' lang='grc' dir='ltr'>ὀσμὴν</span> <span class='ocrx_word' id='word_1_474' title='bbox 661 2097 754 2134; x_wconf 30' lang='grc' dir='ltr'>,μύρου</span> <span class='ocrx_word' id='word_1_475' title='bbox 774 2097 904 2132; x_wconf 78' lang='grc' dir='ltr'>ἀκούσῃς,</span> 
     </span>
    </p>
   </div>
   <div class='ocr_carea' id='block_1_63' title="bbox 123 2141 903 2180">
    <p class='ocr_par' dir='ltr' id='par_1_63' title="bbox 123 2141 903 2180">
     <span class='ocr_line' id='line_1_63' title="bbox 123 2141 903 2180; baseline -0.004 -11"><span class='ocrx_word' id='word_1_476' title='bbox 123 2143 161 2171; x_wconf 75' lang='grc' dir='ltr'>ὅτι</span> <span class='ocrx_word' id='word_1_477' title='bbox 172 2145 221 2170; x_wconf 87' lang='grc' dir='ltr'>οὐκ</span> <span class='ocrx_word' id='word_1_478' title='bbox 232 2142 267 2180; x_wconf 81' lang='grc' dir='ltr'>ἦν</span> <span class='ocrx_word' id='word_1_479' title='bbox 284 2143 314 2170; x_wconf 76' lang='grc' dir='ltr'><strong>τὸ</strong></span> <span class='ocrx_word' id='word_1_480' title='bbox 331 2143 500 2177; x_wconf 83' lang='grc' dir='ltr'>ἀπαύγασμα</span> <span class='ocrx_word' id='word_1_481' title='bbox 519 2142 572 2177; x_wconf 79' lang='grc' dir='ltr'>πρὸ</span> <span class='ocrx_word' id='word_1_482' title='bbox 586 2143 634 2177; x_wconf 84' lang='grc' dir='ltr'>τῆς</span> <span class='ocrx_word' id='word_1_483' title='bbox 652 2141 717 2173; x_wconf 86' lang='grc' dir='ltr'>ίδίας</span> <span class='ocrx_word' id='word_1_484' title='bbox 735 2141 884 2176; x_wconf 78' lang='grc' dir='ltr'>γεννήσεως</span> <span class='ocrx_word' id='word_1_485' title='bbox 897 2149 903 2155; x_wconf 93' lang='grc'><strong>·</strong></span> 
     </span>
    </p>
   </div>
   <div class='ocr_carea' id='block_1_64' title="bbox 122 2185 905 2224">
    <p class='ocr_par' dir='ltr' id='par_1_64' title="bbox 122 2185 905 2224">
     <span class='ocr_line' id='line_1_64' title="bbox 122 2185 905 2224; baseline -0.004 -8"><span class='ocrx_word' id='word_1_486' title='bbox 122 2189 174 2216; x_wconf 80' lang='grc' dir='ltr'>ἀλλ’</span> <span class='ocrx_word' id='word_1_487' title='bbox 195 2190 259 2216; x_wconf 78' lang='grc' dir='ltr'>ὅταν</span> <span class='ocrx_word' id='word_1_488' title='bbox 273 2189 353 2216; x_wconf 79' lang='grc' dir='ltr'>τοῦτο</span> <span class='ocrx_word' id='word_1_489' title='bbox 366 2189 445 2224; x_wconf 66' lang='grc' dir='ltr'>εἴπῃς</span> <span class='ocrx_word' id='word_1_490' title='bbox 455 2209 463 2221; x_wconf 89' lang='grc'><strong>,</strong></span> <span class='ocrx_word' id='word_1_491' title='bbox 477 2188 552 2215; x_wconf 76' lang='grc' dir='ltr'>οὐδὲν</span> <span class='ocrx_word' id='word_1_492' title='bbox 566 2189 615 2224; x_wconf 87' lang='grc' dir='ltr'>τὴν</span> <span class='ocrx_word' id='word_1_493' title='bbox 627 2187 704 2220; x_wconf 79' lang='grc' dir='ltr'>δόξαν</span> <span class='ocrx_word' id='word_1_494' title='bbox 718 2188 824 2218; x_wconf 81' lang='grc' dir='ltr'>πάντως</span> <span class='ocrx_word' id='word_1_495' title='bbox 836 2185 905 2213; x_wconf 84' lang='grc' dir='ltr'>εἶναι</span> 
     </span>
    </p>
   </div>
   <div class='ocr_carea' id='block_1_65' title="bbox 121 2233 904 2271">
    <p class='ocr_par' dir='ltr' id='par_1_65' title="bbox 121 2233 904 2271">
     <span class='ocr_line' id='line_1_65' title="bbox 121 2233 904 2271; baseline -0.004 -9"><span class='ocrx_word' id='word_1_496' title='bbox 121 2235 227 2268; x_wconf 67' lang='grc' dir='ltr'>δώσεις·</span> <span class='ocrx_word' id='word_1_497' title='bbox 243 2235 306 2262; x_wconf 78' lang='grc' dir='ltr'>οὔτε</span> <span class='ocrx_word' id='word_1_498' title='bbox 320 2235 350 2262; x_wconf 81' lang='grc' dir='ltr'>τὸ</span> <span class='ocrx_word' id='word_1_499' title='bbox 369 2235 464 2271; x_wconf 87' lang='grc' dir='ltr'>μύρον,</span> <span class='ocrx_word' id='word_1_500' title='bbox 480 2236 510 2265; x_wconf 78' lang='grc' dir='ltr'>οὐ</span> <span class='ocrx_word' id='word_1_501' title='bbox 527 2234 579 2270; x_wconf 77' lang='grc' dir='ltr'><strong>γὰρ</strong></span> <span class='ocrx_word' id='word_1_502' title='bbox 598 2234 687 2261; x_wconf 68' lang='grc' dir='ltr'>ἔστιν’</span> <span class='ocrx_word' id='word_1_503' title='bbox 704 2233 721 2269; x_wconf 81' lang='grc' dir='ltr'>ἢ</span> <span class='ocrx_word' id='word_1_504' title='bbox 741 2234 843 2269; x_wconf 69' lang='grc' dir='ltr'>τυφλὴν</span> <span class='ocrx_word' id='word_1_505' title='bbox 862 2233 904 2268; x_wconf 75' lang='grc' dir='ltr'><strong>ἐφ’</strong></span> 
     </span>
    </p>
   </div>
   <div class='ocr_carea' id='block_1_66' title="bbox 122 2278 904 2318">
    <p class='ocr_par' dir='ltr' id='par_1_66' title="bbox 122 2278 904 2318">
     <span class='ocr_line' id='line_1_66' title="bbox 122 2278 904 2318; baseline -0.003 -10"><span class='ocrx_word' id='word_1_506' title='bbox 122 2282 217 2318; x_wconf 79' lang='grc' dir='ltr'>ἑαυτῆς</span> <span class='ocrx_word' id='word_1_507' title='bbox 232 2283 281 2309; x_wconf 75' lang='grc' dir='ltr'><strong>καὶ</strong></span> <span class='ocrx_word' id='word_1_508' title='bbox 295 2282 409 2317; x_wconf 81' lang='grc' dir='ltr'>ἀλαμπῆ</span> <span class='ocrx_word' id='word_1_509' title='bbox 421 2290 485 2308; x_wconf 87' lang='grc' dir='ltr'>ποτε</span> <span class='ocrx_word' id='word_1_510' title='bbox 500 2281 659 2316; x_wconf 73' lang='grc' dir='ltr'>νομισθῆναι</span> <span class='ocrx_word' id='word_1_511' title='bbox 675 2281 723 2314; x_wconf 80' lang='grc' dir='ltr'>τὴν</span> <span class='ocrx_word' id='word_1_512' title='bbox 736 2280 812 2313; x_wconf 78' lang='grc' dir='ltr'>δόξαν</span> <span class='ocrx_word' id='word_1_513' title='bbox 824 2278 904 2312; x_wconf 84' lang='grc' dir='ltr'>εἶναι,</span> 
     </span>
    </p>
   </div>
   <div class='ocr_carea' id='block_1_67' title="bbox 121 2325 905 2363">
    <p class='ocr_par' dir='ltr' id='par_1_67' title="bbox 121 2325 905 2363">
     <span class='ocr_line' id='line_1_67' title="bbox 121 2325 905 2363; baseline -0.003 -9"><span class='ocrx_word' id='word_1_514' title='bbox 121 2328 136 2363; x_wconf 84' lang='grc' dir='ltr'><strong>ἧ</strong></span> <span class='ocrx_word' id='word_1_515' title='bbox 153 2328 182 2354; x_wconf 70' lang='grc' dir='ltr'><strong>τδ</strong></span> <span class='ocrx_word' id='word_1_516' title='bbox 197 2328 285 2363; x_wconf 79' lang='grc' dir='ltr'>μύρον</span> <span class='ocrx_word' id='word_1_517' title='bbox 301 2328 350 2363; x_wconf 77' lang='grc' dir='ltr'>τῆς</span> <span class='ocrx_word' id='word_1_518' title='bbox 370 2328 496 2359; x_wconf 73' lang='grc' dir='ltr'>εὐπνοίας</span> <span class='ocrx_word' id='word_1_519' title='bbox 513 2327 618 2361; x_wconf 78' lang='grc' dir='ltr'>ἄγονον.</span> <span class='ocrx_word' id='word_1_520' title='bbox 634 2328 710 2354; x_wconf 84' lang='grc' dir='ltr'>Ὥστε</span> <span class='ocrx_word' id='word_1_521' title='bbox 726 2327 750 2353; x_wconf 88' lang='grc' dir='ltr'>εἰ</span> <span class='ocrx_word' id='word_1_522' title='bbox 769 2326 799 2353; x_wconf 82' lang='grc' dir='ltr'>τὸ</span> <span class='ocrx_word' id='word_1_523' title='bbox 816 2325 905 2353; x_wconf 79' lang='grc' dir='ltr'>ἀπαύ-</span> 
     </span>
    </p>
   </div>
   <div class='ocr_carea' id='block_1_68' title="bbox 121 2372 905 2410">
    <p class='ocr_par' dir='ltr' id='par_1_68' title="bbox 121 2372 905 2410">
     <span class='ocr_line' id='line_1_68' title="bbox 121 2372 905 2410; baseline 0 -11"><span class='ocrx_word' id='word_1_524' title='bbox 121 2382 210 2408; x_wconf 82' lang='grc' dir='ltr'>γασμα</span> <span class='ocrx_word' id='word_1_525' title='bbox 219 2375 271 2400; x_wconf 68' lang='grc' dir='ltr'>οὐκ</span> <span class='ocrx_word' id='word_1_526' title='bbox 282 2372 326 2410; x_wconf 83' lang='grc' dir='ltr'>ἦν,</span> <span class='ocrx_word' id='word_1_527' title='bbox 340 2375 399 2401; x_wconf 77' lang='grc' dir='ltr'>οὐδὲ</span> <span class='ocrx_word' id='word_1_528' title='bbox 415 2375 431 2408; x_wconf 83' lang='grc' dir='ltr'>ἡ</span> <span class='ocrx_word' id='word_1_529' title='bbox 446 2374 509 2406; x_wconf 79' lang='grc' dir='ltr'>δόξα</span> <span class='ocrx_word' id='word_1_530' title='bbox 518 2372 551 2409; x_wconf 81' lang='grc' dir='ltr'>ἦν</span> <span class='ocrx_word' id='word_1_531' title='bbox 565 2373 681 2405; x_wconf 84' lang='grc' dir='ltr'>πάντως.</span> <span class='ocrx_word' id='word_1_532' title='bbox 696 2373 750 2400; x_wconf 69' lang='grc' dir='ltr'><strong>Καὶ</strong></span> <span class='ocrx_word' id='word_1_533' title='bbox 759 2373 807 2408; x_wconf 85' lang='grc' dir='ltr'>τῆς</span> <span class='ocrx_word' id='word_1_534' title='bbox 817 2372 905 2408; x_wconf 81' lang='grc' dir='ltr'>ὀσμῆς</span> 
     </span>
    </p>
   </div>
   <div class='ocr_carea' id='block_1_69' title="bbox 121 2416 906 2454">
    <p class='ocr_par' dir='ltr' id='par_1_69' title="bbox 121 2416 906 2454">
     <span class='ocr_line' id='line_1_69' title="bbox 121 2416 906 2454; baseline -0.003 -9"><span class='ocrx_word' id='word_1_535' title='bbox 121 2419 167 2445; x_wconf 75' lang='grc' dir='ltr'>οὐκ</span> <span class='ocrx_word' id='word_1_536' title='bbox 182 2419 276 2454; x_wconf 78' lang='grc' dir='ltr'>οὔσης,</span> <span class='ocrx_word' id='word_1_537' title='bbox 294 2420 326 2446; x_wconf 79' lang='grc' dir='ltr'><strong>τὸ</strong></span> <span class='ocrx_word' id='word_1_538' title='bbox 340 2420 406 2454; x_wconf 76' lang='grc' dir='ltr'>μηδὲ</span> <span class='ocrx_word' id='word_1_539' title='bbox 421 2420 451 2446; x_wconf 81' lang='grc' dir='ltr'>τὸ</span> <span class='ocrx_word' id='word_1_540' title='bbox 465 2418 549 2454; x_wconf 77' lang='grc' dir='ltr'>μύρον</span> <span class='ocrx_word' id='word_1_541' title='bbox 564 2416 633 2445; x_wconf 79' lang='grc' dir='ltr'>εἶναι</span> <span class='ocrx_word' id='word_1_542' title='bbox 652 2417 857 2452; x_wconf 83' lang='grc' dir='ltr'>συναπεδείχθη.</span> <span class='ocrx_word' id='word_1_543' title='bbox 874 2417 906 2443; x_wconf 81' lang='grc' dir='ltr'><strong>Εἰ</strong></span> 
     </span>
    </p>
   </div>
   <div class='ocr_carea' id='block_1_70' title="bbox 120 2462 907 2500">
    <p class='ocr_par' dir='ltr' id='par_1_70' title="bbox 120 2462 907 2500">
     <span class='ocr_line' id='line_1_70' title="bbox 120 2462 907 2500; baseline -0.003 -10"><span class='ocrx_word' id='word_1_544' title='bbox 120 2465 147 2491; x_wconf 71' lang='grc' dir='ltr'>δὲ</span> <span class='ocrx_word' id='word_1_545' title='bbox 161 2466 238 2499; x_wconf 82' lang='grc' dir='ltr'>φοϐεῖ</span> <span class='ocrx_word' id='word_1_546' title='bbox 250 2474 313 2492; x_wconf 81' lang='grc' dir='ltr'>τινα</span> <span class='ocrx_word' id='word_1_547' title='bbox 326 2465 412 2492; x_wconf 78' lang='grc' dir='ltr'>ταῦτα</span> <span class='ocrx_word' id='word_1_548' title='bbox 426 2465 499 2499; x_wconf 77' lang='grc' dir='ltr'>παρὰ</span> <span class='ocrx_word' id='word_1_549' title='bbox 510 2465 559 2499; x_wconf 81' lang='grc' dir='ltr'>τῆς</span> <span class='ocrx_word' id='word_1_550' title='bbox 574 2464 684 2500; x_wconf 69' lang='grc' dir='ltr'>Γραφίής</span> <span class='ocrx_word' id='word_1_551' title='bbox 698 2462 907 2498; x_wconf 64' lang='grc' dir='ltr'>παραληφθέντα</span> 
     </span>
    </p>
   </div>
   <div class='ocr_carea' id='block_1_71' title="bbox 121 2509 905 2547">
    <p class='ocr_par' dir='ltr' id='par_1_71' title="bbox 121 2509 905 2547">
     <span class='ocr_line' id='line_1_71' title="bbox 121 2509 905 2547; baseline -0.004 -9"><span class='ocrx_word' id='word_1_552' title='bbox 121 2511 154 2537; x_wconf 76' lang='grc' dir='ltr'>τὰ</span> <span class='ocrx_word' id='word_1_553' title='bbox 170 2511 368 2547; x_wconf 81' lang='grc' dir='ltr'>ὑποδείγματα,</span> <span class='ocrx_word' id='word_1_554' title='bbox 393 2512 430 2543; x_wconf 81' lang='grc' dir='ltr'><strong>ὡς</strong></span> <span class='ocrx_word' id='word_1_555' title='bbox 449 2511 499 2537; x_wconf 88' lang='grc' dir='ltr'>οὐκ</span> <span class='ocrx_word' id='word_1_556' title='bbox 517 2510 637 2545; x_wconf 79' lang='grc' dir='ltr'>ἀκριόῶς</span> <span class='ocrx_word' id='word_1_557' title='bbox 655 2510 686 2536; x_wconf 83' lang='grc' dir='ltr'>τὸ</span> <span class='ocrx_word' id='word_1_558' title='bbox 704 2510 844 2544; x_wconf 84' lang='grc' dir='ltr'>μεγαλεῖον</span> <span class='ocrx_word' id='word_1_559' title='bbox 859 2509 905 2535; x_wconf 83' lang='grc' dir='ltr'>τοῦ</span> 
     </span>
    </p>
   </div>
   <div class='ocr_carea' id='block_1_72' title="bbox 120 2547 906 2592">
    <p class='ocr_par' dir='ltr' id='par_1_72' title="bbox 120 2552 906 2592">
     <span class='ocr_line' id='line_1_72' title="bbox 120 2552 906 2592; baseline -0.005 -9"><span class='ocrx_word' id='word_1_560' title='bbox 120 2557 289 2591; x_wconf 76' lang='grc' dir='ltr'>Μονογενοῦς</span> <span class='ocrx_word' id='word_1_561' title='bbox 308 2556 490 2592; x_wconf 82' lang='grc' dir='ltr'>παριστῶντα,</span> <span class='ocrx_word' id='word_1_562' title='bbox 508 2555 551 2582; x_wconf 85' lang='grc' dir='ltr'><strong>διὰ</strong></span> <span class='ocrx_word' id='word_1_563' title='bbox 565 2555 595 2582; x_wconf 79' lang='grc' dir='ltr'><strong>τὺ</strong></span> <span class='ocrx_word' id='word_1_564' title='bbox 613 2555 649 2591; x_wconf 85' lang='grc' dir='ltr'>μὴ</span> <span class='ocrx_word' id='word_1_565' title='bbox 665 2554 762 2581; x_wconf 80' lang='grc' dir='ltr'>ταύτὸν</span> <span class='ocrx_word' id='word_1_566' title='bbox 779 2553 847 2580; x_wconf 87' lang='grc' dir='ltr'>εἶναι</span> <span class='ocrx_word' id='word_1_567' title='bbox 868 2552 906 2588; x_wconf 81' lang='grc' dir='ltr'>τῷ</span> 
     </span>
    </p>
   </div>
   <div class='ocr_carea' id='block_1_73' title="bbox 122 2600 906 2638">
    <p class='ocr_par' dir='ltr' id='par_1_73' title="bbox 122 2600 906 2638">
     <span class='ocr_line' id='line_1_73' title="bbox 122 2600 906 2638; baseline -0.004 -9"><span class='ocrx_word' id='word_1_568' title='bbox 122 2603 293 2638; x_wconf 83' lang='grc' dir='ltr'>ὑποκειμένῳ</span> <span class='ocrx_word' id='word_1_569' title='bbox 305 2603 374 2629; x_wconf 65' lang='grc' dir='ltr'>κατὰ</span> <span class='ocrx_word' id='word_1_570' title='bbox 387 2603 436 2637; x_wconf 85' lang='grc' dir='ltr'>τὴν</span> <span class='ocrx_word' id='word_1_571' title='bbox 451 2602 554 2634; x_wconf 84' lang='grc' dir='ltr'>οὐσίαν,</span> <span class='ocrx_word' id='word_1_572' title='bbox 570 2602 586 2637; x_wconf 87' lang='grc' dir='ltr'>ἢ</span> <span class='ocrx_word' id='word_1_573' title='bbox 603 2601 648 2627; x_wconf 82' lang='grc' dir='ltr'>τὸν</span> <span class='ocrx_word' id='word_1_574' title='bbox 666 2601 751 2636; x_wconf 75' lang='grc' dir='ltr'>ἀτμὸν</span> <span class='ocrx_word' id='word_1_575' title='bbox 766 2600 803 2635; x_wconf 83' lang='grc' dir='ltr'>τῷ</span> <span class='ocrx_word' id='word_1_576' title='bbox 817 2600 906 2634; x_wconf 76' lang='grc' dir='ltr'>μύρῳ,</span> 
     </span>
    </p>
   </div>
   <div class='ocr_carea' id='block_1_74' title="bbox 121 2645 907 2684">
    <p class='ocr_par' dir='ltr' id='par_1_74' title="bbox 121 2645 907 2684">
     <span class='ocr_line' id='line_1_74' title="bbox 121 2645 907 2684; baseline -0.003 -10"><span class='ocrx_word' id='word_1_577' title='bbox 121 2648 136 2683; x_wconf 70' lang='grc' dir='ltr'>ἢ</span> <span class='ocrx_word' id='word_1_578' title='bbox 147 2648 194 2683; x_wconf 84' lang='grc' dir='ltr'>τὴν</span> <span class='ocrx_word' id='word_1_579' title='bbox 209 2650 308 2675; x_wconf 76' lang='grc' dir='ltr'>ἀκτῖνα</span> <span class='ocrx_word' id='word_1_580' title='bbox 320 2648 356 2684; x_wconf 72' lang='grc' dir='ltr'>τῷ</span> <span class='ocrx_word' id='word_1_581' title='bbox 372 2648 448 2684; x_wconf 82' lang='grc' dir='ltr'>ήλιῳ,</span> <span class='ocrx_word' id='word_1_582' title='bbox 459 2649 473 2675; x_wconf 83' lang='grc' dir='ltr'>ὁ</span> <span class='ocrx_word' id='word_1_583' title='bbox 487 2647 612 2683; x_wconf 79' lang='grc' dir='ltr'>ἀληθινὸς</span> <span class='ocrx_word' id='word_1_584' title='bbox 619 2648 703 2681; x_wconf 84' lang='grc' dir='ltr'>Λόγος</span> <span class='ocrx_word' id='word_1_585' title='bbox 715 2645 907 2681; x_wconf 81' lang='grc' dir='ltr'>διορθωσάσθω</span> 
     </span>
    </p>
   </div>
   <div class='ocr_carea' id='block_1_75' title="bbox 121 2692 907 2730">
    <p class='ocr_par' dir='ltr' id='par_1_75' title="bbox 121 2692 907 2730">
     <span class='ocr_line' id='line_1_75' title="bbox 121 2692 907 2730; baseline -0.003 -10"><span class='ocrx_word' id='word_1_586' title='bbox 121 2694 164 2720; x_wconf 78' lang='grc' dir='ltr'><strong>τὸν</strong></span> <span class='ocrx_word' id='word_1_587' title='bbox 173 2693 265 2728; x_wconf 77' lang='grc' dir='ltr'>φόϐον,</span> <span class='ocrx_word' id='word_1_588' title='bbox 279 2694 293 2720; x_wconf 86' lang='grc' dir='ltr'>ὁ</span> <span class='ocrx_word' id='word_1_589' title='bbox 308 2695 336 2720; x_wconf 70' lang='grc' dir='ltr'>ἰν</span> <span class='ocrx_word' id='word_1_590' title='bbox 349 2695 381 2729; x_wconf 80' lang='grc' dir='ltr'><strong>τῇ</strong></span> <span class='ocrx_word' id='word_1_591' title='bbox 393 2695 464 2730; x_wconf 82' lang='grc' dir='ltr'><strong>ἀρχῇ</strong></span> <span class='ocrx_word' id='word_1_592' title='bbox 477 2694 524 2727; x_wconf 84' lang='grc' dir='ltr'>ὢν,</span> <span class='ocrx_word' id='word_1_593' title='bbox 541 2695 587 2720; x_wconf 63' lang='grc' dir='ltr'><strong>καλ</strong></span> <span class='ocrx_word' id='word_1_594' title='bbox 603 2694 689 2720; x_wconf 85' lang='grc' dir='ltr'>πάντα</span> <span class='ocrx_word' id='word_1_595' title='bbox 703 2692 751 2725; x_wconf 79' lang='grc' dir='ltr'><strong>ὢν,</strong></span> <span class='ocrx_word' id='word_1_596' title='bbox 768 2693 817 2719; x_wconf 80' lang='grc' dir='ltr'>ὃσα</span> <span class='ocrx_word' id='word_1_597' title='bbox 835 2692 907 2718; x_wconf 67' lang='grc' dir='ltr'>ἐστὶν</span> 
     </span>
    </p>
   </div>
   <div class='ocr_carea' id='block_1_76' title="bbox 122 2737 908 2778">
    <p class='ocr_par' dir='ltr' id='par_1_76' title="bbox 122 2737 908 2778">
     <span class='ocr_line' id='line_1_76' title="bbox 122 2737 908 2778; baseline -0.006 -11"><span class='ocrx_word' id='word_1_598' title='bbox 122 2741 232 2778; x_wconf 83' lang='grc' dir='ltr'>ἡάρχὴ,</span> <span class='ocrx_word' id='word_1_599' title='bbox 259 2740 306 2767; x_wconf 74' lang='grc' dir='ltr'>καὶ</span> <span class='ocrx_word' id='word_1_600' title='bbox 326 2740 370 2767; x_wconf 79' lang='grc' dir='ltr'>τοῦ</span> <span class='ocrx_word' id='word_1_601' title='bbox 384 2741 483 2772; x_wconf 71' lang='grc' dir='ltr'>παντὸς</span> <span class='ocrx_word' id='word_1_602' title='bbox 507 2740 699 2776; x_wconf 74' lang='grc' dir='ltr'>προῡπάρχων,</span> <span class='ocrx_word' id='word_1_603' title='bbox 726 2738 811 2770; x_wconf 72' lang='grc' dir='ltr'>οὕτως</span> <span class='ocrx_word' id='word_1_604' title='bbox 827 2738 856 2763; x_wconf 80' lang='grc' dir='ltr'>ἐν</span> <span class='ocrx_word' id='word_1_605' title='bbox 870 2737 908 2772; x_wconf 81' lang='grc' dir='ltr'>τῷ</span> 
     </span>
    </p>
   </div>
   <div class='ocr_carea' id='block_1_77' title="bbox 122 2785 908 2824">
    <p class='ocr_par' dir='ltr' id='par_1_77' title="bbox 122 2785 908 2824">
     <span class='ocr_line' id='line_1_77' title="bbox 122 2785 908 2824; baseline 0 -13"><span class='ocrx_word' id='word_1_606' title='bbox 122 2785 280 2824; x_wconf 71' lang='grc' dir='ltr'>κηρύγματι</span> <span class='ocrx_word' id='word_1_607' title='bbox 290 2786 334 2813; x_wconf 76' lang='grc' dir='ltr'>τοῦ</span> <span class='ocrx_word' id='word_1_608' title='bbox 352 2787 474 2813; x_wconf 74' lang='grc' dir='ltr'>Ἰωάννου</span> <span class='ocrx_word' id='word_1_609' title='bbox 486 2786 641 2822; x_wconf 82' lang='grc' dir='ltr'>βοήσαντος,</span> <span class='ocrx_word' id='word_1_610' title='bbox 653 2786 693 2812; x_wconf 82' lang='grc' dir='ltr'><strong>ὅτι</strong></span> <span class='ocrx_word' id='word_1_611' title='bbox 705 2785 761 2812; x_wconf 82' lang='grc' dir='ltr'><strong>Καὶ</strong></span> <span class='ocrx_word' id='word_1_612' title='bbox 771 2785 845 2819; x_wconf 71' lang='grc' dir='ltr'>πρὸς</span> <span class='ocrx_word' id='word_1_613' title='bbox 856 2785 908 2811; x_wconf 81' lang='grc' dir='ltr'>τὸν</span> 
     </span>
    </p>
   </div>
   <div class='ocr_carea' id='block_1_78' title="bbox 120 2829 906 2869">
    <p class='ocr_par' dir='ltr' id='par_1_78' title="bbox 120 2829 906 2869">
     <span class='ocr_line' id='line_1_78' title="bbox 120 2829 906 2869; baseline 0.003 -13"><span class='ocrx_word' id='word_1_614' title='bbox 120 2830 191 2857; x_wconf 75' lang='grc' dir='ltr'>Θεὸν</span> <span class='ocrx_word' id='word_1_615' title='bbox 205 2829 245 2868; x_wconf 76' lang='grc' dir='ltr'>ἦν</span> <span class='ocrx_word' id='word_1_616' title='bbox 259 2834 275 2860; x_wconf 82' lang='grc' dir='ltr'><em>ὁ</em></span> <span class='ocrx_word' id='word_1_617' title='bbox 285 2835 387 2869; x_wconf 71' lang='grc' dir='ltr'>Λόγος,</span> <span class='ocrx_word' id='word_1_618' title='bbox 400 2833 446 2860; x_wconf 74' lang='grc' dir='ltr'>καὶ</span> <span class='ocrx_word' id='word_1_619' title='bbox 462 2832 533 2867; x_wconf 83' lang='grc' dir='ltr'>Θεὸς</span> <span class='ocrx_word' id='word_1_620' title='bbox 542 2831 581 2868; x_wconf 76' lang='grc' dir='ltr'>ἦν</span> <span class='ocrx_word' id='word_1_621' title='bbox 593 2835 609 2860; x_wconf 84' lang='grc' dir='ltr'><strong>ό</strong></span> <span class='ocrx_word' id='word_1_622' title='bbox 623 2833 726 2867; x_wconf 73' lang='grc' dir='ltr'>Λόγος.</span> <span class='ocrx_word' id='word_1_623' title='bbox 739 2832 770 2860; x_wconf 83' lang='lat' dir='ltr'><strong>El</strong></span> <span class='ocrx_word' id='word_1_624' title='bbox 782 2830 828 2859; x_wconf 80' lang='grc' dir='ltr'>οὖν</span> <span class='ocrx_word' id='word_1_625' title='bbox 842 2831 906 2864; x_wconf 68' lang='grc' dir='ltr'>Θεὸς</span> 
     </span>
    </p>
   </div>
   <div class='ocr_carea' id='block_1_79' title="bbox 955 912 1742 949">
    <p class='ocr_par' dir='ltr' id='par_1_79' title="bbox 955 912 1742 949">
     <span class='ocr_line' id='line_1_79' title="bbox 955 912 1742 949; baseline -0.003 -8"><span class='ocrx_word' id='word_1_626' title='bbox 955 915 1058 941; x_wconf 90' lang='lat' dir='ltr'><strong>nullam</strong></span> <span class='ocrx_word' id='word_1_627' title='bbox 1080 914 1161 941; x_wconf 89' lang='lat' dir='ltr'><strong>habet</strong></span> <span class='ocrx_word' id='word_1_628' title='bbox 1179 922 1293 949; x_wconf 84' lang='lat' dir='ltr'><strong>prorsus</strong></span> <span class='ocrx_word' id='word_1_629' title='bbox 1308 914 1545 946; x_wconf 63' lang='lat' dir='ltr'><strong>communionem,</strong></span> <span class='ocrx_word' id='word_1_630' title='bbox 1561 916 1588 940; x_wconf 88' lang='lat' dir='ltr'><strong>ct</strong></span> <span class='ocrx_word' id='word_1_631' title='bbox 1607 912 1679 947; x_wconf 87' lang='lat' dir='ltr'><strong>quod</strong></span> <span class='ocrx_word' id='word_1_632' title='bbox 1707 912 1742 939; x_wconf 69' lang='lat' dir='ltr'><strong>ab</strong></span> 
     </span>
    </p>
   </div>
   <div class='ocr_carea' id='block_1_80' title="bbox 954 957 1741 995">
    <p class='ocr_par' dir='ltr' id='par_1_80' title="bbox 954 957 1741 995">
     <span class='ocr_line' id='line_1_80' title="bbox 954 957 1741 995; baseline -0.003 -8"><span class='ocrx_word' id='word_1_633' title='bbox 954 967 986 988; x_wconf 79' lang='lat' dir='ltr'><strong>ea</strong></span> <span class='ocrx_word' id='word_1_634' title='bbox 1003 960 1177 995; x_wconf 83' lang='lat' dir='ltr'><strong>peculiariter</strong></span> <span class='ocrx_word' id='word_1_635' title='bbox 1190 964 1326 987; x_wconf 80' lang='lat' dir='ltr'><strong>secretum</strong></span> <span class='ocrx_word' id='word_1_636' title='bbox 1343 964 1385 987; x_wconf 86' lang='lat' dir='ltr'><strong>est</strong></span> <span class='ocrx_word' id='word_1_637' title='bbox 1403 959 1582 995; x_wconf 78' lang='lat' dir='ltr'><strong>signiﬁcatur.</strong></span> <span class='ocrx_word' id='word_1_638' title='bbox 1599 957 1741 991; x_wconf 83' lang='lat' dir='ltr'><strong>Quomodo</strong></span> 
     </span>
    </p>
   </div>
   <div class='ocr_carea' id='block_1_81' title="bbox 955 1005 1741 1042">
    <p class='ocr_par' dir='ltr' id='par_1_81' title="bbox 955 1005 1741 1042">
     <span class='ocr_line' id='line_1_81' title="bbox 955 1005 1741 1042; baseline -0.004 -9"><span class='ocrx_word' id='word_1_639' title='bbox 955 1007 1028 1034; x_wconf 89' lang='lat' dir='ltr'><strong>enim</strong></span> <span class='ocrx_word' id='word_1_640' title='bbox 1045 1006 1128 1033; x_wconf 85' lang='lat' dir='ltr'><strong>fuerit</strong></span> <span class='ocrx_word' id='word_1_641' title='bbox 1147 1005 1318 1042; x_wconf 82' lang='lat' dir='ltr'><strong>Unigenitus,</strong></span> <span class='ocrx_word' id='word_1_642' title='bbox 1329 1007 1351 1034; x_wconf 90' lang='lat' dir='ltr'><strong>si</strong></span> <span class='ocrx_word' id='word_1_643' title='bbox 1368 1006 1424 1033; x_wconf 64' lang='lat' dir='ltr'><strong>hac</strong></span> <span class='ocrx_word' id='word_1_644' title='bbox 1440 1006 1498 1041; x_wconf 87' lang='lat' dir='ltr'><strong>ipsa</strong></span> <span class='ocrx_word' id='word_1_645' title='bbox 1514 1005 1652 1040; x_wconf 83' lang='lat' dir='ltr'><strong>generatio</strong></span> <span class='ocrx_word' id='word_1_646' title='bbox 1664 1012 1741 1031; x_wconf 86' lang='lat' dir='ltr'><strong>com-</strong></span> 
     </span>
    </p>
   </div>
   <div class='ocr_carea' id='block_1_82' title="bbox 955 1051 1735 1087">
    <p class='ocr_par' dir='ltr' id='par_1_82' title="bbox 955 1051 1735 1087">
     <span class='ocr_line' id='line_1_82' title="bbox 955 1051 1735 1087; baseline -0.003 -9"><span class='ocrx_word' id='word_1_647' title='bbox 955 1051 1110 1079; x_wconf 91' lang='lat' dir='ltr'><strong>munionem</strong></span> <span class='ocrx_word' id='word_1_648' title='bbox 1125 1052 1273 1079; x_wconf 90' lang='lat' dir='ltr'><strong>secundum</strong></span> <span class='ocrx_word' id='word_1_649' title='bbox 1289 1052 1514 1087; x_wconf 84' lang='lat' dir='ltr'><strong>signiﬁcationem</strong></span> <span class='ocrx_word' id='word_1_650' title='bbox 1528 1056 1554 1079; x_wconf 92' lang='lat' dir='ltr'><strong>et</strong></span> <span class='ocrx_word' id='word_1_651' title='bbox 1564 1051 1735 1079; x_wconf 87' lang='lat' dir='ltr'><strong>identitatem</strong></span> 
     </span>
    </p>
   </div>
   <div class='ocr_carea' id='block_1_83' title="bbox 955 1096 1739 1132">
    <p class='ocr_par' dir='ltr' id='par_1_83' title="bbox 955 1096 1739 1132">
     <span class='ocr_line' id='line_1_83' title="bbox 955 1096 1739 1132; baseline -0.001 -9"><span class='ocrx_word' id='word_1_652' title='bbox 955 1104 1017 1123; x_wconf 91' lang='lat' dir='ltr'><strong>cum</strong></span> <span class='ocrx_word' id='word_1_653' title='bbox 1036 1097 1088 1124; x_wconf 84' lang='lat' dir='ltr'><strong>alia</strong></span> <span class='ocrx_word' id='word_1_654' title='bbox 1117 1098 1292 1132; x_wconf 77' lang='lat' dir='ltr'><strong>generatione</strong></span> <span class='ocrx_word' id='word_1_655' title='bbox 1320 1097 1420 1125; x_wconf 83' lang='lat' dir='ltr'><strong>habet?</strong></span> <span class='ocrx_word' id='word_1_656' title='bbox 1449 1097 1542 1124; x_wconf 86' lang='lat' dir='ltr'><strong>Solum</strong></span> <span class='ocrx_word' id='word_1_657' title='bbox 1570 1097 1643 1124; x_wconf 85' lang='lat' dir='ltr'><strong>enim</strong></span> <span class='ocrx_word' id='word_1_658' title='bbox 1667 1096 1739 1132; x_wconf 88' lang='lat' dir='ltr'><strong>quod</strong></span> 
     </span>
    </p>
   </div>
   <div class='ocr_carea' id='block_1_84' title="bbox 954 1141 1740 1177">
    <p class='ocr_par' dir='ltr' id='par_1_84' title="bbox 954 1141 1740 1177">
     <span class='ocr_line' id='line_1_84' title="bbox 954 1141 1740 1177; baseline -0.003 -8"><span class='ocrx_word' id='word_1_659' title='bbox 954 1142 1086 1169; x_wconf 81' lang='lat' dir='ltr'><strong>eximium</strong></span> <span class='ocrx_word' id='word_1_660' title='bbox 1103 1146 1130 1169; x_wconf 87' lang='lat' dir='ltr'><strong>et</strong></span> <span class='ocrx_word' id='word_1_661' title='bbox 1159 1142 1326 1177; x_wconf 59' lang='lat' dir='ltr'><strong>praecipuum</strong></span> <span class='ocrx_word' id='word_1_662' title='bbox 1345 1142 1371 1169; x_wconf 86' lang='lat' dir='ltr'><strong>in</strong></span> <span class='ocrx_word' id='word_1_663' title='bbox 1389 1142 1448 1177; x_wconf 82' lang='lat' dir='ltr'><strong>ipso</strong></span> <span class='ocrx_word' id='word_1_664' title='bbox 1464 1141 1625 1176; x_wconf 82' lang='lat' dir='ltr'><strong>intelligitur</strong></span> <span class='ocrx_word' id='word_1_665' title='bbox 1637 1162 1644 1174; x_wconf 92' lang='lat'><strong>,</strong></span> <span class='ocrx_word' id='word_1_666' title='bbox 1667 1141 1740 1176; x_wconf 87' lang='lat' dir='ltr'><strong>quod</strong></span> 
     </span>
    </p>
   </div>
   <div class='ocr_carea' id='block_1_85' title="bbox 955 1187 1740 1223">
    <p class='ocr_par' dir='ltr' id='par_1_85' title="bbox 955 1187 1740 1223">
     <span class='ocr_line' id='line_1_85' title="bbox 955 1187 1740 1223; baseline -0.003 -8"><span class='ocrx_word' id='word_1_667' title='bbox 955 1196 1008 1215; x_wconf 90' lang='lat' dir='ltr'><strong>non</strong></span> <span class='ocrx_word' id='word_1_668' title='bbox 1024 1189 1050 1215; x_wconf 93' lang='lat' dir='ltr'><strong>in</strong></span> <span class='ocrx_word' id='word_1_669' title='bbox 1067 1188 1118 1215; x_wconf 86' lang='lat' dir='ltr'><strong>alia</strong></span> <span class='ocrx_word' id='word_1_670' title='bbox 1131 1188 1305 1223; x_wconf 79' lang='lat' dir='ltr'><strong>generatione</strong></span> <span class='ocrx_word' id='word_1_671' title='bbox 1314 1188 1499 1223; x_wconf 76' lang='lat' dir='ltr'><strong>cognoscitur,</strong></span> <span class='ocrx_word' id='word_1_672' title='bbox 1515 1187 1624 1222; x_wconf 88' lang='lat' dir='ltr'><strong>proprie</strong></span> <span class='ocrx_word' id='word_1_673' title='bbox 1637 1191 1663 1214; x_wconf 88' lang='lat' dir='ltr'><strong>et</strong></span> <span class='ocrx_word' id='word_1_674' title='bbox 1674 1195 1740 1214; x_wconf 87' lang='lat' dir='ltr'><strong>con-</strong></span> 
     </span>
    </p>
   </div>
   <div class='ocr_carea' id='block_1_86' title="bbox 956 1234 1739 1270">
    <p class='ocr_par' dir='ltr' id='par_1_86' title="bbox 956 1234 1739 1270">
     <span class='ocr_line' id='line_1_86' title="bbox 956 1234 1739 1270; baseline -0.003 -8"><span class='ocrx_word' id='word_1_675' title='bbox 956 1240 1084 1270; x_wconf 80' lang='lat' dir='ltr'><strong>gruenter</strong></span> <span class='ocrx_word' id='word_1_676' title='bbox 1103 1234 1241 1270; x_wconf 81' lang='lat' dir='ltr'><strong>Unigeniti</strong></span> <span class='ocrx_word' id='word_1_677' title='bbox 1265 1234 1375 1262; x_wconf 90' lang='lat' dir='ltr'><strong>nomine</strong></span> <span class='ocrx_word' id='word_1_678' title='bbox 1399 1234 1592 1269; x_wconf 79' lang='lat' dir='ltr'><strong>signiﬁcatur:</strong></span> <span class='ocrx_word' id='word_1_679' title='bbox 1612 1234 1648 1260; x_wconf 85' lang='lat' dir='ltr'><strong>ita</strong></span> <span class='ocrx_word' id='word_1_680' title='bbox 1670 1237 1698 1260; x_wconf 88' lang='lat' dir='ltr'><strong>ut</strong></span> <span class='ocrx_word' id='word_1_681' title='bbox 1716 1234 1739 1261; x_wconf 87' lang='lat' dir='ltr'><strong>si</strong></span> 
     </span>
    </p>
   </div>
   <div class='ocr_carea' id='block_1_87' title="bbox 955 1278 1740 1316">
    <p class='ocr_par' dir='ltr' id='par_1_87' title="bbox 955 1278 1740 1316">
     <span class='ocr_line' id='line_1_87' title="bbox 955 1278 1740 1316; baseline -0.004 -8"><span class='ocrx_word' id='word_1_682' title='bbox 955 1281 1022 1316; x_wconf 87' lang='lat' dir='ltr'><strong>quid</strong></span> <span class='ocrx_word' id='word_1_683' title='bbox 1037 1289 1069 1308; x_wconf 76' lang='lat' dir='ltr'><strong>cx</strong></span> <span class='ocrx_word' id='word_1_684' title='bbox 1086 1281 1120 1308; x_wconf 89' lang='lat' dir='ltr'><strong>iis</strong></span> <span class='ocrx_word' id='word_1_685' title='bbox 1140 1288 1200 1315; x_wconf 71' lang='lat' dir='ltr'><strong>quae</strong></span> <span class='ocrx_word' id='word_1_686' title='bbox 1219 1281 1319 1308; x_wconf 71' lang='lat' dir='ltr'><strong>inﬁnite</strong></span> <span class='ocrx_word' id='word_1_687' title='bbox 1334 1279 1502 1314; x_wconf 87' lang='lat' dir='ltr'><strong>generationi</strong></span> <span class='ocrx_word' id='word_1_688' title='bbox 1526 1279 1691 1307; x_wconf 84' lang='lat' dir='ltr'><strong>conveniunt</strong></span> <span class='ocrx_word' id='word_1_689' title='bbox 1712 1278 1740 1305; x_wconf 94' lang='lat' dir='ltr'><strong>in</strong></span> 
     </span>
    </p>
   </div>
   <div class='ocr_carea' id='block_1_88' title="bbox 955 1324 1741 1362">
    <p class='ocr_par' dir='ltr' id='par_1_88' title="bbox 955 1324 1741 1362">
     <span class='ocr_line' id='line_1_88' title="bbox 955 1324 1741 1362; baseline -0.005 -7"><span class='ocrx_word' id='word_1_690' title='bbox 955 1327 1016 1362; x_wconf 85' lang='lat' dir='ltr'><strong>ipso</strong></span> <span class='ocrx_word' id='word_1_691' title='bbox 1032 1331 1181 1361; x_wconf 82' lang='lat' dir='ltr'><strong>spectetur,</strong></span> <span class='ocrx_word' id='word_1_692' title='bbox 1194 1333 1247 1353; x_wconf 89' lang='lat' dir='ltr'><strong>non</strong></span> <span class='ocrx_word' id='word_1_693' title='bbox 1264 1326 1381 1360; x_wconf 80' lang='lat' dir='ltr'><strong>amplius</strong></span> <span class='ocrx_word' id='word_1_694' title='bbox 1397 1325 1432 1352; x_wconf 93' lang='lat' dir='ltr'><strong>sit</strong></span> <span class='ocrx_word' id='word_1_695' title='bbox 1457 1324 1628 1360; x_wconf 83' lang='lat' dir='ltr'><strong>Unigenitus,</strong></span> <span class='ocrx_word' id='word_1_696' title='bbox 1648 1328 1741 1359; x_wconf 86' lang='lat' dir='ltr'><strong>utpote</strong></span> 
     </span>
    </p>
   </div>
   <div class='ocr_carea' id='block_1_89' title="bbox 955 1369 1741 1407">
    <p class='ocr_par' dir='ltr' id='par_1_89' title="bbox 955 1369 1741 1407">
     <span class='ocr_line' id='line_1_89' title="bbox 955 1369 1741 1407; baseline -0.004 -9"><span class='ocrx_word' id='word_1_697' title='bbox 955 1372 1001 1407; x_wconf 88' lang='lat' dir='ltr'><strong>qui</strong></span> <span class='ocrx_word' id='word_1_698' title='bbox 1015 1371 1151 1406; x_wconf 87' lang='lat' dir='ltr'><strong>aliquibus</strong></span> <span class='ocrx_word' id='word_1_699' title='bbox 1165 1370 1351 1406; x_wconf 74' lang='lat' dir='ltr'><strong>generationis</strong></span> <span class='ocrx_word' id='word_1_700' title='bbox 1366 1370 1577 1405; x_wconf 84' lang='lat' dir='ltr'><strong>proprietatibus</strong></span> <span class='ocrx_word' id='word_1_701' title='bbox 1596 1377 1657 1397; x_wconf 89' lang='lat' dir='ltr'><strong>cum</strong></span> <span class='ocrx_word' id='word_1_702' title='bbox 1678 1369 1741 1397; x_wconf 87' lang='lat' dir='ltr'><strong>reli-</strong></span> 
     </span>
    </p>
   </div>
   <div class='ocr_carea' id='block_1_90' title="bbox 955 1414 1741 1452">
    <p class='ocr_par' dir='ltr' id='par_1_90' title="bbox 955 1414 1741 1452">
     <span class='ocr_line' id='line_1_90' title="bbox 955 1414 1741 1452; baseline -0.004 -8"><span class='ocrx_word' id='word_1_703' title='bbox 955 1418 1019 1452; x_wconf 85' lang='lat' dir='ltr'><strong>quis</strong></span> <span class='ocrx_word' id='word_1_704' title='bbox 1033 1417 1133 1452; x_wconf 78' lang='lat' dir='ltr'><strong>genitis</strong></span> <span class='ocrx_word' id='word_1_705' title='bbox 1147 1415 1349 1444; x_wconf 82' lang='lat' dir='ltr'><strong>communicet:</strong></span> <span class='ocrx_word' id='word_1_706' title='bbox 1365 1416 1387 1443; x_wconf 88' lang='lat' dir='ltr'><strong>si</strong></span> <span class='ocrx_word' id='word_1_707' title='bbox 1403 1416 1475 1443; x_wconf 89' lang='lat' dir='ltr'><strong>enim</strong></span> <span class='ocrx_word' id='word_1_708' title='bbox 1491 1414 1585 1442; x_wconf 90' lang='lat' dir='ltr'><strong>eadem</strong></span> <span class='ocrx_word' id='word_1_709' title='bbox 1607 1415 1634 1442; x_wconf 92' lang='lat' dir='ltr'><strong>in</strong></span> <span class='ocrx_word' id='word_1_710' title='bbox 1651 1422 1683 1442; x_wconf 91' lang='lat' dir='ltr'><strong>eo</strong></span> <span class='ocrx_word' id='word_1_711' title='bbox 1701 1415 1741 1441; x_wconf 86' lang='lat' dir='ltr'><strong>di-</strong></span> 
     </span>
    </p>
   </div>
   <div class='ocr_carea' id='block_1_91' title="bbox 955 1460 1742 1497">
    <p class='ocr_par' dir='ltr' id='par_1_91' title="bbox 955 1460 1742 1497">
     <span class='ocr_line' id='line_1_91' title="bbox 955 1460 1742 1497; baseline -0.005 -6"><span class='ocrx_word' id='word_1_712' title='bbox 955 1467 1092 1496; x_wconf 89' lang='lat' dir='ltr'><strong>cerentur,</strong></span> <span class='ocrx_word' id='word_1_713' title='bbox 1118 1470 1178 1497; x_wconf 78' lang='lat' dir='ltr'><strong>quae</strong></span> <span class='ocrx_word' id='word_1_714' title='bbox 1197 1462 1223 1489; x_wconf 92' lang='lat' dir='ltr'><strong>in</strong></span> <span class='ocrx_word' id='word_1_715' title='bbox 1243 1462 1304 1490; x_wconf 86' lang='lat' dir='ltr'><strong>aliis</strong></span> <span class='ocrx_word' id='word_1_716' title='bbox 1339 1469 1399 1496; x_wconf 80' lang='lat' dir='ltr'><strong>quae</strong></span> <span class='ocrx_word' id='word_1_717' title='bbox 1422 1469 1469 1496; x_wconf 84' lang='lat' dir='ltr'><strong>per</strong></span> <span class='ocrx_word' id='word_1_718' title='bbox 1485 1461 1687 1496; x_wconf 80' lang='lat' dir='ltr'><strong>generationem</strong></span> <span class='ocrx_word' id='word_1_719' title='bbox 1713 1460 1742 1487; x_wconf 85' lang='lat' dir='ltr'><strong>in</strong></span> 
     </span>
    </p>
   </div>
   <div class='ocr_carea' id='block_1_92' title="bbox 955 1507 1741 1543">
    <p class='ocr_par' dir='ltr' id='par_1_92' title="bbox 955 1507 1741 1543">
     <span class='ocr_line' id='line_1_92' title="bbox 955 1507 1741 1543; baseline -0.004 -7"><span class='ocrx_word' id='word_1_720' title='bbox 955 1517 1047 1536; x_wconf 87' lang='lat' dir='ltr'><strong>rerum</strong></span> <span class='ocrx_word' id='word_1_721' title='bbox 1062 1514 1159 1536; x_wconf 86' lang='lat' dir='ltr'><strong>natura</strong></span> <span class='ocrx_word' id='word_1_722' title='bbox 1169 1508 1314 1543; x_wconf 84' lang='lat' dir='ltr'><strong>prodeunt,</strong></span> <span class='ocrx_word' id='word_1_723' title='bbox 1331 1508 1363 1535; x_wconf 81' lang='lat' dir='ltr'><strong>ad</strong></span> <span class='ocrx_word' id='word_1_724' title='bbox 1382 1507 1531 1534; x_wconf 78' lang='lat' dir='ltr'><strong>fraternam</strong></span> <span class='ocrx_word' id='word_1_725' title='bbox 1552 1507 1671 1541; x_wconf 78' lang='lat' dir='ltr'><strong>aliquam</strong></span> <span class='ocrx_word' id='word_1_726' title='bbox 1698 1513 1741 1533; x_wconf 89' lang='lat' dir='ltr'><strong>re-</strong></span> 
     </span>
    </p>
   </div>
   <div class='ocr_carea' id='block_1_93' title="bbox 960 1551 1740 1589">
    <p class='ocr_par' dir='ltr' id='par_1_93' title="bbox 960 1551 1740 1589">
     <span class='ocr_line' id='line_1_93' title="bbox 960 1551 1740 1589; baseline -0.005 -8"><span class='ocrx_word' id='word_1_727' title='bbox 960 1555 1087 1582; x_wconf 89' lang='lat' dir='ltr'><strong>lationem</strong></span> <span class='ocrx_word' id='word_1_728' title='bbox 1102 1553 1240 1589; x_wconf 82' lang='lat' dir='ltr'><strong>Unigeniti</strong></span> <span class='ocrx_word' id='word_1_729' title='bbox 1265 1553 1447 1588; x_wconf 86' lang='lat' dir='ltr'><strong>signiﬁcatum</strong></span> <span class='ocrx_word' id='word_1_730' title='bbox 1461 1559 1552 1580; x_wconf 89' lang='lat' dir='ltr'><strong>sermo</strong></span> <span class='ocrx_word' id='word_1_731' title='bbox 1566 1551 1740 1579; x_wconf 80' lang='lat' dir='ltr'><strong>transferret.</strong></span> 
     </span>
    </p>
   </div>
   <div class='ocr_carea' id='block_1_94' title="bbox 955 1597 1743 1634">
    <p class='ocr_par' dir='ltr' id='par_1_94' title="bbox 955 1597 1743 1634">
     <span class='ocr_line' id='line_1_94' title="bbox 955 1597 1743 1634; baseline -0.005 -8"><span class='ocrx_word' id='word_1_732' title='bbox 955 1599 1045 1632; x_wconf 83' lang='lat' dir='ltr'><strong>Quare</strong></span> <span class='ocrx_word' id='word_1_733' title='bbox 1071 1598 1095 1626; x_wconf 88' lang='lat' dir='ltr'><strong>si</strong></span> <span class='ocrx_word' id='word_1_734' title='bbox 1119 1598 1192 1634; x_wconf 89' lang='lat' dir='ltr'><strong>quod</strong></span> <span class='ocrx_word' id='word_1_735' title='bbox 1218 1605 1280 1624; x_wconf 88' lang='lat' dir='ltr'><strong>eum</strong></span> <span class='ocrx_word' id='word_1_736' title='bbox 1306 1597 1366 1624; x_wconf 81' lang='lat' dir='ltr'><strong>aliis</strong></span> <span class='ocrx_word' id='word_1_737' title='bbox 1389 1604 1450 1632; x_wconf 86' lang='lat' dir='ltr'><strong>quae</strong></span> <span class='ocrx_word' id='word_1_738' title='bbox 1465 1599 1639 1631; x_wconf 85' lang='lat' dir='ltr'><strong>generantur,</strong></span> <span class='ocrx_word' id='word_1_739' title='bbox 1654 1603 1743 1630; x_wconf 84' lang='lat' dir='ltr'><strong>neque</strong></span> 
     </span>
    </p>
   </div>
   <div class='ocr_carea' id='block_1_95' title="bbox 955 1640 1742 1678">
    <p class='ocr_par' dir='ltr' id='par_1_95' title="bbox 955 1640 1742 1678">
     <span class='ocr_line' id='line_1_95' title="bbox 955 1640 1742 1678; baseline -0.005 -7"><span class='ocrx_word' id='word_1_740' title='bbox 955 1644 1121 1676; x_wconf 83' lang='lat' dir='ltr'><strong>mistionem,</strong></span> <span class='ocrx_word' id='word_1_741' title='bbox 1136 1651 1224 1678; x_wconf 89' lang='lat' dir='ltr'><strong>neque</strong></span> <span class='ocrx_word' id='word_1_742' title='bbox 1237 1642 1456 1670; x_wconf 85' lang='lat' dir='ltr'><strong>communionem</strong></span> <span class='ocrx_word' id='word_1_743' title='bbox 1474 1642 1585 1676; x_wconf 81' lang='lat' dir='ltr'><strong>patitur,</strong></span> <span class='ocrx_word' id='word_1_744' title='bbox 1606 1640 1742 1675; x_wconf 81' lang='lat' dir='ltr'><strong>Unigeniti</strong></span> 
     </span>
    </p>
   </div>
   <div class='ocr_carea' id='block_1_96' title="bbox 956 1686 1742 1724">
    <p class='ocr_par' dir='ltr' id='par_1_96' title="bbox 956 1686 1742 1724">
     <span class='ocr_line' id='line_1_96' title="bbox 956 1686 1742 1724; baseline -0.005 -8"><span class='ocrx_word' id='word_1_745' title='bbox 956 1689 1137 1724; x_wconf 80' lang='lat' dir='ltr'><strong>signiﬁcatum</strong></span> <span class='ocrx_word' id='word_1_746' title='bbox 1147 1688 1279 1721; x_wconf 87' lang='lat' dir='ltr'><strong>ostendit,</strong></span> <span class='ocrx_word' id='word_1_747' title='bbox 1293 1688 1360 1714; x_wconf 85' lang='lat' dir='ltr'><strong>nihil</strong></span> <span class='ocrx_word' id='word_1_748' title='bbox 1375 1691 1449 1715; x_wconf 87' lang='lat' dir='ltr'><strong>certe</strong></span> <span class='ocrx_word' id='word_1_749' title='bbox 1464 1694 1558 1715; x_wconf 90' lang='lat' dir='ltr'><strong>eorum</strong></span> <span class='ocrx_word' id='word_1_750' title='bbox 1572 1694 1632 1721; x_wconf 68' lang='lat' dir='ltr'><strong>quas</strong></span> <span class='ocrx_word' id='word_1_751' title='bbox 1646 1686 1672 1713; x_wconf 92' lang='lat' dir='ltr'><strong>in</strong></span> <span class='ocrx_word' id='word_1_752' title='bbox 1688 1686 1742 1713; x_wconf 87' lang='lat' dir='ltr'><strong>ima</strong></span> 
     </span>
    </p>
   </div>
   <div class='ocr_carea' id='block_1_97' title="bbox 954 1732 1742 1769">
    <p class='ocr_par' dir='ltr' id='par_1_97' title="bbox 954 1732 1742 1769">
     <span class='ocr_line' id='line_1_97' title="bbox 954 1732 1742 1769; baseline -0.004 -7"><span class='ocrx_word' id='word_1_753' title='bbox 954 1735 1127 1769; x_wconf 79' lang='lat' dir='ltr'><strong>generatione</strong></span> <span class='ocrx_word' id='word_1_754' title='bbox 1151 1738 1311 1766; x_wconf 86' lang='lat' dir='ltr'><strong>cernuntur,</strong></span> <span class='ocrx_word' id='word_1_755' title='bbox 1333 1734 1359 1761; x_wconf 90' lang='lat' dir='ltr'><strong>in</strong></span> <span class='ocrx_word' id='word_1_756' title='bbox 1378 1733 1516 1769; x_wconf 86' lang='lat' dir='ltr'><strong>hypostasi</strong></span> <span class='ocrx_word' id='word_1_757' title='bbox 1531 1732 1611 1766; x_wconf 81' lang='lat' dir='ltr'><strong>Filii,</strong></span> <span class='ocrx_word' id='word_1_758' title='bbox 1627 1740 1689 1768; x_wconf 71' lang='lat' dir='ltr'><strong>qua:</strong></span> <span class='ocrx_word' id='word_1_759' title='bbox 1707 1740 1742 1759; x_wconf 81' lang='lat' dir='ltr'><strong>ex</strong></span> 
     </span>
    </p>
   </div>
   <div class='ocr_carea' id='block_1_98' title="bbox 955 1778 1741 1815">
    <p class='ocr_par' dir='ltr' id='par_1_98' title="bbox 955 1778 1741 1815">
     <span class='ocr_line' id='line_1_98' title="bbox 955 1778 1741 1815; baseline -0.003 -8"><span class='ocrx_word' id='word_1_760' title='bbox 955 1780 1035 1808; x_wconf 84' lang='lat' dir='ltr'><strong>Patre</strong></span> <span class='ocrx_word' id='word_1_761' title='bbox 1052 1784 1111 1812; x_wconf 81' lang='lat' dir='ltr'><strong>est,</strong></span> <span class='ocrx_word' id='word_1_762' title='bbox 1138 1781 1253 1815; x_wconf 82' lang='lat' dir='ltr'><strong>intelligi</strong></span> <span class='ocrx_word' id='word_1_763' title='bbox 1277 1780 1463 1807; x_wconf 77' lang='lat' dir='ltr'><strong>admittentes.</strong></span> <span class='ocrx_word' id='word_1_764' title='bbox 1487 1779 1570 1814; x_wconf 77' lang='lat' dir='ltr'><strong>Atqui</strong></span> <span class='ocrx_word' id='word_1_765' title='bbox 1601 1778 1741 1813; x_wconf 85' lang='lat' dir='ltr'><strong>proprium</strong></span> 
     </span>
    </p>
   </div>
   <div class='ocr_carea' id='block_1_99' title="bbox 955 1825 1745 1861">
    <p class='ocr_par' dir='ltr' id='par_1_99' title="bbox 955 1825 1745 1861">
     <span class='ocr_line' id='line_1_99' title="bbox 955 1825 1745 1861; baseline -0.004 -7"><span class='ocrx_word' id='word_1_766' title='bbox 955 1832 996 1855; x_wconf 85' lang='lat' dir='ltr'><strong>est</strong></span> <span class='ocrx_word' id='word_1_767' title='bbox 1013 1827 1134 1854; x_wconf 92' lang='lat' dir='ltr'><strong>omnium</strong></span> <span class='ocrx_word' id='word_1_768' title='bbox 1151 1834 1212 1861; x_wconf 71' lang='lat' dir='ltr'><strong>qua:</strong></span> <span class='ocrx_word' id='word_1_769' title='bbox 1225 1834 1271 1861; x_wconf 89' lang='lat' dir='ltr'><strong>per</strong></span> <span class='ocrx_word' id='word_1_770' title='bbox 1285 1825 1486 1861; x_wconf 81' lang='lat' dir='ltr'><strong>generationem</strong></span> <span class='ocrx_word' id='word_1_771' title='bbox 1499 1825 1664 1856; x_wconf 87' lang='lat' dir='ltr'><strong>subsistunt,</strong></span> <span class='ocrx_word' id='word_1_772' title='bbox 1681 1829 1745 1852; x_wconf 84' lang='lat' dir='ltr'><strong>ante</strong></span> 
     </span>
    </p>
   </div>
   <div class='ocr_carea' id='block_1_100' title="bbox 955 1870 1743 1908">
    <p class='ocr_par' dir='ltr' id='par_1_100' title="bbox 955 1870 1743 1908">
     <span class='ocr_line' id='line_1_100' title="bbox 955 1870 1743 1908; baseline -0.005 -8"><span class='ocrx_word' id='word_1_773' title='bbox 955 1872 1157 1908; x_wconf 75' lang='lat' dir='ltr'><strong>generationem</strong></span> <span class='ocrx_word' id='word_1_774' title='bbox 1186 1880 1241 1899; x_wconf 89' lang='lat' dir='ltr'><strong>non</strong></span> <span class='ocrx_word' id='word_1_775' title='bbox 1269 1879 1349 1900; x_wconf 87' lang='lat' dir='ltr'><strong>esse:</strong></span> <span class='ocrx_word' id='word_1_776' title='bbox 1375 1871 1426 1899; x_wconf 90' lang='lat' dir='ltr'><strong>hoc</strong></span> <span class='ocrx_word' id='word_1_777' title='bbox 1451 1871 1534 1905; x_wconf 85' lang='lat' dir='ltr'><strong>igitur</strong></span> <span class='ocrx_word' id='word_1_778' title='bbox 1562 1871 1680 1897; x_wconf 85' lang='lat' dir='ltr'><strong>alienum</strong></span> <span class='ocrx_word' id='word_1_779' title='bbox 1707 1870 1743 1897; x_wconf 86' lang='lat' dir='ltr'><strong>ab</strong></span> 
     </span>
    </p>
   </div>
   <div class='ocr_carea' id='block_1_101' title="bbox 958 1917 1740 1953">
    <p class='ocr_par' dir='ltr' id='par_1_101' title="bbox 958 1917 1740 1953">
     <span class='ocr_line' id='line_1_101' title="bbox 958 1917 1740 1953; baseline -0.004 -8"><span class='ocrx_word' id='word_1_780' title='bbox 958 1918 1096 1953; x_wconf 86' lang='lat' dir='ltr'><strong>Uuigeniti</strong></span> <span class='ocrx_word' id='word_1_781' title='bbox 1115 1917 1291 1952; x_wconf 87' lang='lat' dir='ltr'><strong>proprietate,</strong></span> <span class='ocrx_word' id='word_1_782' title='bbox 1303 1917 1346 1945; x_wconf 92' lang='lat' dir='ltr'><strong>cui</strong></span> <span class='ocrx_word' id='word_1_783' title='bbox 1362 1917 1429 1944; x_wconf 90' lang='lat' dir='ltr'><strong>nihil</strong></span> <span class='ocrx_word' id='word_1_784' title='bbox 1444 1924 1541 1952; x_wconf 89' lang='lat' dir='ltr'><strong>vagum</strong></span> <span class='ocrx_word' id='word_1_785' title='bbox 1557 1920 1585 1943; x_wconf 87' lang='lat' dir='ltr'><strong>et</strong></span> <span class='ocrx_word' id='word_1_786' title='bbox 1597 1923 1740 1943; x_wconf 85' lang='lat' dir='ltr'><strong>erroneum</strong></span> 
     </span>
    </p>
   </div>
   <div class='ocr_carea' id='block_1_102' title="bbox 955 1960 1743 1998">
    <p class='ocr_par' dir='ltr' id='par_1_102' title="bbox 955 1960 1743 1998">
     <span class='ocr_line' id='line_1_102' title="bbox 955 1960 1743 1998; baseline -0.005 -7"><span class='ocrx_word' id='word_1_787' title='bbox 955 1964 982 1991; x_wconf 91' lang='lat' dir='ltr'><strong>in</strong></span> <span class='ocrx_word' id='word_1_788' title='bbox 1009 1964 1064 1991; x_wconf 83' lang='lat' dir='ltr'><strong>ulla</strong></span> <span class='ocrx_word' id='word_1_789' title='bbox 1090 1963 1241 1991; x_wconf 85' lang='lat' dir='ltr'><strong>communis</strong></span> <span class='ocrx_word' id='word_1_790' title='bbox 1275 1963 1460 1998; x_wconf 80' lang='lat' dir='ltr'><strong>generationis</strong></span> <span class='ocrx_word' id='word_1_791' title='bbox 1491 1961 1582 1996; x_wconf 86' lang='lat' dir='ltr'><strong>specie</strong></span> <span class='ocrx_word' id='word_1_792' title='bbox 1605 1965 1633 1989; x_wconf 84' lang='lat' dir='ltr'><strong>et</strong></span> <span class='ocrx_word' id='word_1_793' title='bbox 1661 1960 1743 1988; x_wconf 89' lang='lat' dir='ltr'><strong>modo</strong></span> 
     </span>
    </p>
   </div>
   <div class='ocr_carea' id='block_1_103' title="bbox 955 2007 1740 2044">
    <p class='ocr_par' dir='ltr' id='par_1_103' title="bbox 955 2007 1740 2044">
     <span class='ocr_line' id='line_1_103' title="bbox 955 2007 1740 2044; baseline -0.003 -8"><span class='ocrx_word' id='word_1_794' title='bbox 955 2010 1051 2037; x_wconf 82' lang='lat' dir='ltr'><strong>adesse</strong></span> <span class='ocrx_word' id='word_1_795' title='bbox 1068 2013 1095 2036; x_wconf 89' lang='lat' dir='ltr'><strong>et</strong></span> <span class='ocrx_word' id='word_1_796' title='bbox 1111 2012 1266 2044; x_wconf 77' lang='lat' dir='ltr'><strong>competere</strong></span> <span class='ocrx_word' id='word_1_797' title='bbox 1280 2008 1421 2044; x_wconf 83' lang='lat' dir='ltr'><strong>Unigeniti</strong></span> <span class='ocrx_word' id='word_1_798' title='bbox 1448 2007 1594 2042; x_wconf 84' lang='lat' dir='ltr'><strong>appellatio</strong></span> <span class='ocrx_word' id='word_1_799' title='bbox 1614 2010 1740 2035; x_wconf 79' lang='lat' dir='ltr'><strong>testatur.</strong></span> 
     </span>
    </p>
   </div>
   <div class='ocr_carea' id='block_1_104' title="bbox 956 2052 1741 2091">
    <p class='ocr_par' dir='ltr' id='par_1_104' title="bbox 956 2052 1741 2091">
     <span class='ocr_line' id='line_1_104' title="bbox 956 2052 1741 2091; baseline -0.004 -9"><span class='ocrx_word' id='word_1_800' title='bbox 956 2055 1025 2091; x_wconf 80' lang='lat' dir='ltr'><strong>Ergo</strong></span> <span class='ocrx_word' id='word_1_801' title='bbox 1043 2055 1094 2083; x_wconf 87' lang='lat' dir='ltr'><strong>iste</strong></span> <span class='ocrx_word' id='word_1_802' title='bbox 1117 2054 1265 2082; x_wconf 88' lang='lat' dir='ltr'><strong>materialis</strong></span> <span class='ocrx_word' id='word_1_803' title='bbox 1285 2058 1312 2082; x_wconf 89' lang='lat' dir='ltr'><strong>et</strong></span> <span class='ocrx_word' id='word_1_804' title='bbox 1334 2053 1426 2082; x_wconf 87' lang='lat' dir='ltr'><strong>sensui</strong></span> <span class='ocrx_word' id='word_1_805' title='bbox 1451 2053 1554 2081; x_wconf 87' lang='lat' dir='ltr'><strong>amicus</strong></span> <span class='ocrx_word' id='word_1_806' title='bbox 1568 2052 1665 2080; x_wconf 88' lang='lat' dir='ltr'><strong>doctor</strong></span> <span class='ocrx_word' id='word_1_807' title='bbox 1679 2059 1741 2087; x_wconf 83' lang='lat' dir='ltr'><strong>per-</strong></span> 
     </span>
    </p>
   </div>
   <div class='ocr_carea' id='block_1_105' title="bbox 956 2099 1742 2136">
    <p class='ocr_par' dir='ltr' id='par_1_105' title="bbox 956 2099 1742 2136">
     <span class='ocr_line' id='line_1_105' title="bbox 956 2099 1742 2136; baseline -0.005 -7"><span class='ocrx_word' id='word_1_808' title='bbox 956 2102 1114 2133; x_wconf 85' lang='lat' dir='ltr'><strong>suadeatur,</strong></span> <span class='ocrx_word' id='word_1_809' title='bbox 1132 2108 1179 2136; x_wconf 86' lang='lat' dir='ltr'><strong>per</strong></span> <span class='ocrx_word' id='word_1_810' title='bbox 1194 2101 1274 2127; x_wconf 87' lang='lat' dir='ltr'><strong>aliam</strong></span> <span class='ocrx_word' id='word_1_811' title='bbox 1294 2099 1477 2135; x_wconf 79' lang='lat' dir='ltr'><strong>generationis</strong></span> <span class='ocrx_word' id='word_1_812' title='bbox 1493 2099 1609 2135; x_wconf 88' lang='lat' dir='ltr'><strong>speciem</strong></span> <span class='ocrx_word' id='word_1_813' title='bbox 1631 2106 1742 2127; x_wconf 87' lang='lat' dir='ltr'><strong>suarum</strong></span> 
     </span>
    </p>
   </div>
   <div class='ocr_carea' id='block_1_106' title="bbox 956 2145 1744 2182">
    <p class='ocr_par' dir='ltr' id='par_1_106' title="bbox 956 2145 1744 2182">
     <span class='ocr_line' id='line_1_106' title="bbox 956 2145 1744 2182; baseline -0.004 -7"><span class='ocrx_word' id='word_1_814' title='bbox 956 2147 1114 2182; x_wconf 90' lang='lat' dir='ltr'><strong>opinionum</strong></span> <span class='ocrx_word' id='word_1_815' title='bbox 1141 2153 1238 2182; x_wconf 82' lang='lat' dir='ltr'><strong>vagum</strong></span> <span class='ocrx_word' id='word_1_816' title='bbox 1266 2153 1387 2174; x_wconf 89' lang='lat' dir='ltr'><strong>errorem</strong></span> <span class='ocrx_word' id='word_1_817' title='bbox 1412 2145 1567 2174; x_wconf 85' lang='lat' dir='ltr'><strong>emendare.</strong></span> <span class='ocrx_word' id='word_1_818' title='bbox 1595 2145 1648 2174; x_wconf 88' lang='lat' dir='ltr'><strong>Sed</strong></span> <span class='ocrx_word' id='word_1_819' title='bbox 1674 2146 1744 2173; x_wconf 84' lang='lat' dir='ltr'><strong>forte</strong></span> 
     </span>
    </p>
   </div>
   <div class='ocr_carea' id='block_1_107' title="bbox 920 2191 1741 2228">
    <p class='ocr_par' dir='ltr' id='par_1_107' title="bbox 920 2191 1741 2228">
     <span class='ocr_line' id='line_1_107' title="bbox 920 2191 1741 2228; baseline -0.005 -7"><span class='ocrx_word' id='word_1_820' title='bbox 920 2198 944 2228; x_wconf 81' lang='grc' dir='ltr'><strong>ι)</strong></span> <span class='ocrx_word' id='word_1_821' title='bbox 956 2194 1042 2224; x_wconf 88' lang='lat' dir='ltr'><strong>dices,</strong></span> <span class='ocrx_word' id='word_1_822' title='bbox 1054 2200 1116 2220; x_wconf 90' lang='lat' dir='ltr'><strong>cum</strong></span> <span class='ocrx_word' id='word_1_823' title='bbox 1132 2192 1303 2227; x_wconf 85' lang='lat' dir='ltr'><strong>splendorem</strong></span> <span class='ocrx_word' id='word_1_824' title='bbox 1321 2192 1413 2226; x_wconf 64' lang='lat' dir='ltr'><strong>gloriae</strong></span> <span class='ocrx_word' id='word_1_825' title='bbox 1427 2199 1455 2220; x_wconf 87' lang='lat' dir='ltr'><strong>et</strong></span> <span class='ocrx_word' id='word_1_826' title='bbox 1472 2193 1604 2226; x_wconf 82' lang='lat' dir='ltr'><strong>unguenti</strong></span> <span class='ocrx_word' id='word_1_827' title='bbox 1630 2191 1741 2219; x_wconf 76' lang='lat' dir='ltr'><strong>odorem</strong></span> 
     </span>
    </p>
   </div>
   <div class='ocr_carea' id='block_1_108' title="bbox 955 2237 1742 2272">
    <p class='ocr_par' dir='ltr' id='par_1_108' title="bbox 955 2237 1742 2272">
     <span class='ocr_line' id='line_1_108' title="bbox 955 2237 1742 2272; baseline -0.003 -6"><span class='ocrx_word' id='word_1_828' title='bbox 955 2238 1045 2269; x_wconf 86' lang='lat' dir='ltr'><strong>audis,</strong></span> <span class='ocrx_word' id='word_1_829' title='bbox 1061 2237 1134 2272; x_wconf 87' lang='lat' dir='ltr'><strong>quod</strong></span> <span class='ocrx_word' id='word_1_830' title='bbox 1147 2244 1199 2264; x_wconf 91' lang='lat' dir='ltr'><strong>non</strong></span> <span class='ocrx_word' id='word_1_831' title='bbox 1215 2241 1274 2264; x_wconf 86' lang='lat' dir='ltr'><strong>erat</strong></span> <span class='ocrx_word' id='word_1_832' title='bbox 1290 2237 1418 2272; x_wconf 90' lang='lat' dir='ltr'><strong>splendor</strong></span> <span class='ocrx_word' id='word_1_833' title='bbox 1432 2241 1496 2264; x_wconf 90' lang='lat' dir='ltr'><strong>ante</strong></span> <span class='ocrx_word' id='word_1_834' title='bbox 1508 2237 1644 2272; x_wconf 86' lang='lat' dir='ltr'><strong>propriam</strong></span> <span class='ocrx_word' id='word_1_835' title='bbox 1661 2244 1742 2271; x_wconf 81' lang='lat' dir='ltr'><strong>gene-</strong></span> 
     </span>
    </p>
   </div>
   <div class='ocr_carea' id='block_1_109' title="bbox 955 2283 1744 2317">
    <p class='ocr_par' dir='ltr' id='par_1_109' title="bbox 955 2283 1744 2317">
     <span class='ocr_line' id='line_1_109' title="bbox 955 2283 1744 2317; baseline -0.005 -5"><span class='ocrx_word' id='word_1_836' title='bbox 955 2286 1104 2317; x_wconf 85' lang='lat' dir='ltr'><strong>rationem;</strong></span> <span class='ocrx_word' id='word_1_837' title='bbox 1119 2283 1166 2312; x_wconf 83' lang='lat' dir='ltr'><strong>sed</strong></span> <span class='ocrx_word' id='word_1_838' title='bbox 1186 2291 1248 2310; x_wconf 89' lang='lat' dir='ltr'><strong>cum</strong></span> <span class='ocrx_word' id='word_1_839' title='bbox 1265 2283 1317 2310; x_wconf 88' lang='lat' dir='ltr'><strong>hoc</strong></span> <span class='ocrx_word' id='word_1_840' title='bbox 1331 2283 1446 2316; x_wconf 88' lang='lat' dir='ltr'><strong>dixeris,</strong></span> <span class='ocrx_word' id='word_1_841' title='bbox 1464 2283 1532 2310; x_wconf 87' lang='lat' dir='ltr'><strong>nihil</strong></span> <span class='ocrx_word' id='word_1_842' title='bbox 1547 2290 1660 2317; x_wconf 75' lang='lat' dir='ltr'><strong>prorsus</strong></span> <span class='ocrx_word' id='word_1_843' title='bbox 1682 2289 1744 2309; x_wconf 77' lang='lat' dir='ltr'><strong>esse</strong></span> 
     </span>
    </p>
   </div>
   <div class='ocr_carea' id='block_1_110' title="bbox 956 2328 1742 2365">
    <p class='ocr_par' dir='ltr' id='par_1_110' title="bbox 956 2328 1742 2365">
     <span class='ocr_line' id='line_1_110' title="bbox 956 2328 1742 2365; baseline -0.004 -8"><span class='ocrx_word' id='word_1_844' title='bbox 956 2330 1069 2365; x_wconf 82' lang='lat' dir='ltr'><strong>gloriam</strong></span> <span class='ocrx_word' id='word_1_845' title='bbox 1087 2329 1166 2356; x_wconf 77' lang='lat' dir='ltr'><strong>dabis</strong></span> <span class='ocrx_word' id='word_1_846' title='bbox 1183 2349 1190 2360; x_wconf 90' lang='lat'><strong>,</strong></span> <span class='ocrx_word' id='word_1_847' title='bbox 1207 2336 1295 2363; x_wconf 87' lang='lat' dir='ltr'><strong>neque</strong></span> <span class='ocrx_word' id='word_1_848' title='bbox 1310 2332 1489 2363; x_wconf 81' lang='lat' dir='ltr'><strong>unguentum,</strong></span> <span class='ocrx_word' id='word_1_849' title='bbox 1514 2335 1569 2355; x_wconf 89' lang='lat' dir='ltr'><strong>non</strong></span> <span class='ocrx_word' id='word_1_850' title='bbox 1589 2328 1661 2355; x_wconf 89' lang='lat' dir='ltr'><strong>enim</strong></span> <span class='ocrx_word' id='word_1_851' title='bbox 1677 2332 1719 2355; x_wconf 76' lang='lat' dir='ltr'><strong>est</strong></span> <span class='ocrx_word' id='word_1_852' title='bbox 1736 2337 1742 2354; x_wconf 87' lang='lat'>:</span> 
     </span>
    </p>
   </div>
   <div class='ocr_carea' id='block_1_111' title="bbox 956 2373 1744 2411">
    <p class='ocr_par' dir='ltr' id='par_1_111' title="bbox 956 2373 1744 2411">
     <span class='ocr_line' id='line_1_111' title="bbox 956 2373 1744 2411; baseline -0.01 -5"><span class='ocrx_word' id='word_1_853' title='bbox 956 2379 997 2406; x_wconf 75' lang='lat' dir='ltr'><strong>vel</strong></span> <span class='ocrx_word' id='word_1_854' title='bbox 1013 2384 1112 2405; x_wconf 66' lang='lat' dir='ltr'><strong>etecam</strong></span> <span class='ocrx_word' id='word_1_855' title='bbox 1131 2376 1157 2404; x_wconf 89' lang='lat' dir='ltr'><strong>in</strong></span> <span class='ocrx_word' id='word_1_856' title='bbox 1181 2376 1273 2411; x_wconf 85' lang='lat' dir='ltr'><strong>seipsa</strong></span> <span class='ocrx_word' id='word_1_857' title='bbox 1296 2380 1321 2403; x_wconf 90' lang='lat' dir='ltr'><strong>et</strong></span> <span class='ocrx_word' id='word_1_858' title='bbox 1348 2375 1408 2402; x_wconf 90' lang='lat' dir='ltr'><strong>luce</strong></span> <span class='ocrx_word' id='word_1_859' title='bbox 1434 2378 1573 2402; x_wconf 86' lang='lat' dir='ltr'><strong>carentem</strong></span> <span class='ocrx_word' id='word_1_860' title='bbox 1597 2373 1744 2408; x_wconf 87' lang='lat' dir='ltr'><strong>aliquando</strong></span> 
     </span>
    </p>
   </div>
   <div class='ocr_carea' id='block_1_112' title="bbox 956 2419 1744 2456">
    <p class='ocr_par' dir='ltr' id='par_1_112' title="bbox 956 2419 1744 2456">
     <span class='ocr_line' id='line_1_112' title="bbox 956 2419 1744 2456; baseline -0.005 -5"><span class='ocrx_word' id='word_1_861' title='bbox 956 2423 1042 2451; x_wconf 81' lang='lat' dir='ltr'><strong>fuisse</strong></span> <span class='ocrx_word' id='word_1_862' title='bbox 1059 2422 1173 2456; x_wconf 79' lang='lat' dir='ltr'><strong>gloriam</strong></span> <span class='ocrx_word' id='word_1_863' title='bbox 1185 2420 1407 2455; x_wconf 81' lang='lat' dir='ltr'><strong>existimandum,</strong></span> <span class='ocrx_word' id='word_1_864' title='bbox 1418 2421 1461 2448; x_wconf 87' lang='lat' dir='ltr'><strong>vel</strong></span> <span class='ocrx_word' id='word_1_865' title='bbox 1472 2425 1638 2456; x_wconf 82' lang='lat' dir='ltr'><strong>unguentum</strong></span> <span class='ocrx_word' id='word_1_866' title='bbox 1651 2419 1744 2447; x_wconf 83' lang='lat' dir='ltr'><strong>suavis</strong></span> 
     </span>
    </p>
   </div>
   <div class='ocr_carea' id='block_1_113' title="bbox 955 2466 1742 2504">
    <p class='ocr_par' dir='ltr' id='par_1_113' title="bbox 955 2466 1742 2504">
     <span class='ocr_line' id='line_1_113' title="bbox 955 2466 1742 2504; baseline -0.008 -7"><span class='ocrx_word' id='word_1_867' title='bbox 955 2468 1151 2504; x_wconf 81' lang='lat' dir='ltr'><strong>exspiratiouis</strong></span> <span class='ocrx_word' id='word_1_868' title='bbox 1174 2468 1277 2495; x_wconf 89' lang='lat' dir='ltr'><strong>sterile.</strong></span> <span class='ocrx_word' id='word_1_869' title='bbox 1303 2467 1393 2501; x_wconf 87' lang='lat' dir='ltr'><strong>Quare</strong></span> <span class='ocrx_word' id='word_1_870' title='bbox 1413 2467 1436 2494; x_wconf 92' lang='lat' dir='ltr'><strong>si</strong></span> <span class='ocrx_word' id='word_1_871' title='bbox 1461 2466 1591 2501; x_wconf 89' lang='lat' dir='ltr'><strong>splendor</strong></span> <span class='ocrx_word' id='word_1_872' title='bbox 1603 2473 1657 2493; x_wconf 88' lang='lat' dir='ltr'><strong>non</strong></span> <span class='ocrx_word' id='word_1_873' title='bbox 1673 2470 1742 2497; x_wconf 81' lang='lat' dir='ltr'><strong>erat,</strong></span> 
     </span>
    </p>
   </div>
   <div class='ocr_carea' id='block_1_114' title="bbox 956 2512 1744 2550">
    <p class='ocr_par' dir='ltr' id='par_1_114' title="bbox 956 2512 1744 2550">
     <span class='ocr_line' id='line_1_114' title="bbox 956 2512 1744 2550; baseline -0.005 -8"><span class='ocrx_word' id='word_1_874' title='bbox 956 2522 1044 2550; x_wconf 87' lang='lat' dir='ltr'><strong>neque</strong></span> <span class='ocrx_word' id='word_1_875' title='bbox 1054 2514 1139 2549; x_wconf 84' lang='lat' dir='ltr'><strong>gloria</strong></span> <span class='ocrx_word' id='word_1_876' title='bbox 1154 2517 1213 2541; x_wconf 83' lang='lat' dir='ltr'><strong>erat</strong></span> <span class='ocrx_word' id='word_1_877' title='bbox 1226 2513 1349 2541; x_wconf 89' lang='lat' dir='ltr'><strong>omnino.</strong></span> <span class='ocrx_word' id='word_1_878' title='bbox 1362 2514 1395 2540; x_wconf 86' lang='lat' dir='ltr'><strong>Et</strong></span> <span class='ocrx_word' id='word_1_879' title='bbox 1405 2513 1429 2541; x_wconf 87' lang='lat' dir='ltr'><strong>si</strong></span> <span class='ocrx_word' id='word_1_880' title='bbox 1441 2512 1509 2540; x_wconf 87' lang='lat' dir='ltr'><strong>odor</strong></span> <span class='ocrx_word' id='word_1_881' title='bbox 1521 2520 1576 2539; x_wconf 88' lang='lat' dir='ltr'><strong>non</strong></span> <span class='ocrx_word' id='word_1_882' title='bbox 1591 2516 1642 2544; x_wconf 81' lang='lat' dir='ltr'><strong>est,</strong></span> <span class='ocrx_word' id='word_1_883' title='bbox 1655 2518 1744 2546; x_wconf 89' lang='lat' dir='ltr'><strong>neque</strong></span> 
     </span>
    </p>
   </div>
   <div class='ocr_carea' id='block_1_115' title="bbox 957 2555 1742 2595">
    <p class='ocr_par' dir='ltr' id='par_1_115' title="bbox 957 2555 1742 2595">
     <span class='ocr_line' id='line_1_115' title="bbox 957 2555 1742 2595; baseline -0.005 -9"><span class='ocrx_word' id='word_1_884' title='bbox 957 2563 1127 2595; x_wconf 81' lang='lat' dir='ltr'><strong>unguentum</strong></span> <span class='ocrx_word' id='word_1_885' title='bbox 1138 2566 1200 2586; x_wconf 83' lang='lat' dir='ltr'><strong>esse</strong></span> <span class='ocrx_word' id='word_1_886' title='bbox 1217 2566 1291 2586; x_wconf 91' lang='lat' dir='ltr'><strong>nunc</strong></span> <span class='ocrx_word' id='word_1_887' title='bbox 1307 2558 1522 2585; x_wconf 82' lang='lat' dir='ltr'><strong>demonstratum</strong></span> <span class='ocrx_word' id='word_1_888' title='bbox 1542 2560 1594 2584; x_wconf 84' lang='lat' dir='ltr'><strong>est.</strong></span> <span class='ocrx_word' id='word_1_889' title='bbox 1618 2555 1696 2589; x_wconf 89' lang='lat' dir='ltr'><strong>Quod</strong></span> <span class='ocrx_word' id='word_1_890' title='bbox 1719 2556 1742 2584; x_wconf 77' lang='lat' dir='ltr'><strong>si</strong></span> 
     </span>
    </p>
   </div>
   <div class='ocr_carea' id='block_1_116' title="bbox 956 2601 1743 2638">
    <p class='ocr_par' dir='ltr' id='par_1_116' title="bbox 956 2601 1743 2638">
     <span class='ocr_line' id='line_1_116' title="bbox 956 2601 1743 2638; baseline -0.005 -7"><span class='ocrx_word' id='word_1_891' title='bbox 956 2608 1061 2632; x_wconf 60' lang='lat' dir='ltr'><strong>torrent</strong></span> <span class='ocrx_word' id='word_1_892' title='bbox 1082 2603 1200 2638; x_wconf 84' lang='lat' dir='ltr'><strong>aliquem</strong></span> <span class='ocrx_word' id='word_1_893' title='bbox 1222 2603 1281 2631; x_wconf 67' lang='lat' dir='ltr'><strong>haac</strong></span> <span class='ocrx_word' id='word_1_894' title='bbox 1295 2611 1356 2638; x_wconf 67' lang='lat' dir='ltr'><strong>qua:</strong></span> <span class='ocrx_word' id='word_1_895' title='bbox 1370 2609 1384 2630; x_wconf 87' lang='lat' dir='ltr'><strong>a</strong></span> <span class='ocrx_word' id='word_1_896' title='bbox 1405 2601 1546 2637; x_wconf 87' lang='lat' dir='ltr'><strong>Scriptura</strong></span> <span class='ocrx_word' id='word_1_897' title='bbox 1566 2606 1743 2629; x_wconf 86' lang='lat' dir='ltr'><strong>assumuntur</strong></span> 
     </span>
    </p>
   </div>
   <div class='ocr_carea' id='block_1_117' title="bbox 956 2647 1742 2684">
    <p class='ocr_par' dir='ltr' id='par_1_117' title="bbox 956 2647 1742 2684">
     <span class='ocr_line' id='line_1_117' title="bbox 956 2647 1742 2684; baseline -0.005 -7"><span class='ocrx_word' id='word_1_898' title='bbox 956 2652 1089 2684; x_wconf 79' lang='lat' dir='ltr'><strong>exempla,</strong></span> <span class='ocrx_word' id='word_1_899' title='bbox 1109 2653 1139 2677; x_wconf 91' lang='lat' dir='ltr'><strong>ut</strong></span> <span class='ocrx_word' id='word_1_900' title='bbox 1160 2657 1214 2677; x_wconf 89' lang='lat' dir='ltr'><strong>non</strong></span> <span class='ocrx_word' id='word_1_901' title='bbox 1237 2653 1332 2677; x_wconf 74' lang='lat' dir='ltr'><strong>exacte</strong></span> <span class='ocrx_word' id='word_1_902' title='bbox 1358 2647 1494 2683; x_wconf 84' lang='lat' dir='ltr'><strong>Unigeniti</strong></span> <span class='ocrx_word' id='word_1_903' title='bbox 1515 2647 1742 2681; x_wconf 81' lang='lat' dir='ltr'><strong>magniﬁcentiam</strong></span> 
     </span>
    </p>
   </div>
   <div class='ocr_carea' id='block_1_118' title="bbox 956 2692 1743 2730">
    <p class='ocr_par' dir='ltr' id='par_1_118' title="bbox 956 2692 1743 2730">
     <span class='ocr_line' id='line_1_118' title="bbox 956 2692 1743 2730; baseline -0.004 -8"><span class='ocrx_word' id='word_1_904' title='bbox 956 2695 1147 2729; x_wconf 79' lang='lat' dir='ltr'><strong>cxprimenlia,</strong></span> <span class='ocrx_word' id='word_1_905' title='bbox 1165 2695 1228 2730; x_wconf 84' lang='lat' dir='ltr'><strong>quia</strong></span> <span class='ocrx_word' id='word_1_906' title='bbox 1243 2702 1297 2722; x_wconf 87' lang='lat' dir='ltr'><strong>non</strong></span> <span class='ocrx_word' id='word_1_907' title='bbox 1315 2694 1385 2721; x_wconf 91' lang='lat' dir='ltr'><strong>idem</strong></span> <span class='ocrx_word' id='word_1_908' title='bbox 1410 2694 1446 2721; x_wconf 89' lang='lat' dir='ltr'><strong>sit</strong></span> <span class='ocrx_word' id='word_1_909' title='bbox 1462 2701 1524 2720; x_wconf 92' lang='lat' dir='ltr'><strong>cum</strong></span> <span class='ocrx_word' id='word_1_910' title='bbox 1551 2692 1676 2726; x_wconf 84' lang='lat' dir='ltr'><strong>subjecto</strong></span> <span class='ocrx_word' id='word_1_911' title='bbox 1699 2700 1743 2719; x_wconf 85' lang='lat' dir='ltr'><strong>se-</strong></span> 
     </span>
    </p>
   </div>
   <div class='ocr_carea' id='block_1_119' title="bbox 956 2739 1743 2773">
    <p class='ocr_par' dir='ltr' id='par_1_119' title="bbox 956 2739 1743 2773">
     <span class='ocr_line' id='line_1_119' title="bbox 956 2739 1743 2773; baseline -0.004 -5"><span class='ocrx_word' id='word_1_912' title='bbox 956 2742 1075 2768; x_wconf 84' lang='lat' dir='ltr'><strong>cundum</strong></span> <span class='ocrx_word' id='word_1_913' title='bbox 1099 2741 1302 2772; x_wconf 81' lang='lat' dir='ltr'><strong>substantiam.</strong></span> <span class='ocrx_word' id='word_1_914' title='bbox 1327 2740 1370 2767; x_wconf 91' lang='lat' dir='ltr'><strong>vel</strong></span> <span class='ocrx_word' id='word_1_915' title='bbox 1383 2739 1482 2767; x_wconf 88' lang='lat' dir='ltr'><strong>halitus</strong></span> <span class='ocrx_word' id='word_1_916' title='bbox 1503 2746 1566 2766; x_wconf 88' lang='lat' dir='ltr'><strong>cum</strong></span> <span class='ocrx_word' id='word_1_917' title='bbox 1594 2742 1743 2773; x_wconf 82' lang='lat' dir='ltr'><strong>unguento,</strong></span> 
     </span>
    </p>
   </div>
   <div class='ocr_carea' id='block_1_120' title="bbox 958 2783 1743 2819">
    <p class='ocr_par' dir='ltr' id='par_1_120' title="bbox 958 2783 1743 2819">
     <span class='ocr_line' id='line_1_120' title="bbox 958 2783 1743 2819; baseline -0.004 -5"><span class='ocrx_word' id='word_1_918' title='bbox 958 2788 998 2814; x_wconf 75' lang='lat' dir='ltr'><strong>\‘cl</strong></span> <span class='ocrx_word' id='word_1_919' title='bbox 1013 2787 1106 2814; x_wconf 83' lang='lat' dir='ltr'><strong>radius</strong></span> <span class='ocrx_word' id='word_1_920' title='bbox 1117 2793 1179 2814; x_wconf 91' lang='lat' dir='ltr'><strong>cum</strong></span> <span class='ocrx_word' id='word_1_921' title='bbox 1193 2786 1261 2818; x_wconf 87' lang='lat' dir='ltr'><strong>sole.</strong></span> <span class='ocrx_word' id='word_1_922' title='bbox 1278 2792 1358 2813; x_wconf 83' lang='lat' dir='ltr'><strong>verus</strong></span> <span class='ocrx_word' id='word_1_923' title='bbox 1375 2792 1465 2812; x_wconf 85' lang='lat' dir='ltr'><strong>sermo</strong></span> <span class='ocrx_word' id='word_1_924' title='bbox 1479 2789 1578 2812; x_wconf 88' lang='lat' dir='ltr'><strong>metum</strong></span> <span class='ocrx_word' id='word_1_925' title='bbox 1605 2784 1665 2819; x_wconf 90' lang='lat' dir='ltr'><strong>ejus</strong></span> <span class='ocrx_word' id='word_1_926' title='bbox 1684 2783 1743 2811; x_wconf 79' lang='lat' dir='ltr'><strong>exi-</strong></span> 
     </span>
    </p>
   </div>
   <div class='ocr_carea' id='block_1_121' title="bbox 959 2829 1739 2868">
    <p class='ocr_par' dir='ltr' id='par_1_121' title="bbox 959 2829 1739 2868">
     <span class='ocr_line' id='line_1_121' title="bbox 959 2829 1739 2868; baseline -0.004 -8"><span class='ocrx_word' id='word_1_927' title='bbox 959 2837 1022 2865; x_wconf 85' lang='lat' dir='ltr'><strong>mat,</strong></span> <span class='ocrx_word' id='word_1_928' title='bbox 1036 2833 1082 2868; x_wconf 85' lang='lat' dir='ltr'><strong>qui</strong></span> <span class='ocrx_word' id='word_1_929' title='bbox 1095 2832 1170 2864; x_wconf 85' lang='lat' dir='ltr'><strong>dicit,</strong></span> <span class='ocrx_word' id='word_1_930' title='bbox 1188 2830 1261 2867; x_wconf 88' lang='lat' dir='ltr'><strong>quod</strong></span> <span class='ocrx_word' id='word_1_931' title='bbox 1275 2835 1334 2860; x_wconf 81' lang='lat' dir='ltr'><strong>erat</strong></span> <span class='ocrx_word' id='word_1_932' title='bbox 1349 2831 1375 2859; x_wconf 92' lang='lat' dir='ltr'><strong>in</strong></span> <span class='ocrx_word' id='word_1_933' title='bbox 1391 2830 1536 2866; x_wconf 87' lang='lat' dir='ltr'><strong>principio,</strong></span> <span class='ocrx_word' id='word_1_934' title='bbox 1552 2835 1579 2858; x_wconf 91' lang='lat' dir='ltr'><strong>ct</strong></span> <span class='ocrx_word' id='word_1_935' title='bbox 1598 2829 1670 2865; x_wconf 87' lang='lat' dir='ltr'><strong>quod</strong></span> <span class='ocrx_word' id='word_1_936' title='bbox 1681 2836 1739 2858; x_wconf 91' lang='lat' dir='ltr'><strong>om-</strong></span> 
     </span>
    </p>
   </div>
  </div>
