1923 3071
209 142 266 170 ’187

828 148 855 177 S.
875 149 1037 180 CREGORII
1056 153 1203 183 NYSSENI
1785 162 1830 192 788

211 204 256 232 nia
273 207 324 237 est,
340 212 510 241 quaecunque
528 211 570 234 est
594 206 759 243 principium
787 213 814 237 et
835 211 906 246 quod
931 216 993 240 ante

1047 215 1094 250 μὲν
1107 222 1121 242 ο
1138 216 1240 252 Πατὴρ,
1257 216 1324 250 Θεὸς
1338 217 1365 244 δὲ
1381 219 1428 246 καὶ
1442 220 1456 246 ὁ
1471 220 1532 252 Υἱός
1542 229 1548 235 ·
1564 221 1605 253 τίς
1620 222 1659 248 ἔτι
1672 223 1828 251 καταλείπε-

211 250 301 277 omnia
317 251 489 285 pratexsistit,
507 252 658 287 prmscrtim
669 261 729 280 cum
745 253 864 284 Joannes
881 256 907 283 in
926 265 994 292 pra:-

209 297 290 323 cenio
315 303 366 323 suo
384 296 556 331 vociferetur,
572 298 644 333 quod
671 298 705 326 Et
733 301 803 334 apud
830 301 914 329 Deum
937 295 995 331 era?

215 341 335 374 Verbum,
350 347 374 369 et
389 343 456 370 Deus
471 349 528 370 erat
549 344 671 372 Verbum.
695 346 723 373 Si
746 347 829 382 igitur
849 348 930 377 Pater
953 355 994 379 est

211 387 327 420 Deus,et
339 387 409 415 Deus
419 394 460 416 est
471 390 551 419 etiam
569 390 664 423 Filius,
684 399 806 427 quamam
823 394 856 421 ad
871 400 994 423 exactam

211 431 245 458 de
261 431 406 467 Unigenito
421 434 584 470 theologiam
607 437 770 472 relinquitur
786 439 928 468 dubitandi
952 449 995 469 ra-

207 478 256 510 tio,
288 486 349 506 cum
364 479 425 507 Filii
441 481 640 516 signiﬁcatione
659 479 814 520 proprietas.
826 491 930 516 natura
945 497 994 516 no-

209 523 343 557 Iiﬁcetur,
361 533 410 561 per
427 527 598 561 splendorem
615 537 689 563 vero,
709 531 774 558 unio
789 536 815 559 ct
836 533 993 568 conjunctio

208 569 290 597 nullis
318 571 468 599 intervallis
495 572 592 600 dissita
621 574 798 610 significetur,
833 577 878 605 Dei
903 583 992 606 autem

208 614 355 648 appellatio
370 623 431 650 qua:
448 615 520 644 Patri
537 620 564 645 et
580 617 650 646 Filio
674 621 814 655 aequaliter
839 629 993 652 accommo-

207 659 297 691 datur,
312 659 425 688 honoris
442 669 491 697 per
501 663 592 689 omnia
606 665 785 698 aequalitatem
797 667 911 695 indicet?
922 669 993 696 Cha-

1046 270 1090 288 ται
1105 263 1172 297 πρὸς
1186 263 1234 298 τὴν
1249 264 1348 301 ἀκριϐῆ
1363 266 1407 293 τοῦ
1419 267 1587 300 Μονογενοῦς
1598 267 1736 303 θεολογίαν
1752 271 1831 305 ἀμᾳι-

1047 307 1138 341 6ολία,
1157 309 1219 336 ὅταν
1246 311 1278 346 τῇ
1305 311 1353 346 μὲν
1367 311 1413 338 τοῦ
1433 312 1497 339 Υἱοῦ
1514 314 1635 349 σημασίᾳ
1650 314 1680 341 τὸ
1699 315 1771 342 κατὰ
1786 317 1830 350 φύς

1048 361 1090 379 σιν
1106 354 1202 380 οἰκεῖον
1215 355 1387 390 γνωρίζεται,
1403 357 1440 392 τῷ
1452 358 1480 383 δὲ
1496 358 1694 394 ἀπαυγάσματι
1709 361 1739 387 τὸ
1755 370 1830 388 συνα-

1048 398 1097 432 φές
1110 407 1140 425 τε
1160 399 1206 426 καὶ
1222 400 1396 435 ἀδιάστατον,
1419 404 1451 438 τῇ
1470 403 1498 430 δὲ
1514 403 1560 431 τοῦ
1580 405 1646 431 Θεοῦ
1665 408 1830 443 προσηγορίᾳ

1047 444 1116 471 κατὰ
1132 444 1162 471 τὸ
1175 443 1231 472 [σον
1250 447 1445 484 ὲφηρμοσμένῃ
1460 449 1545 484 Πατρί
1559 458 1588 476 τε
1603 451 1649 476 καὶ
1663 451 1729 486 Υἱῷ,
1747 452 1778 478 τὺ
1791 453 1830 479 διὰ

1046 490 1154 518 πάντων
1167 492 1312 527 opertum;
1329 494 1358 520 Ὀ
1373 495 1401 520 δὲ
1417 495 1558 531 χαρακτὴρ
1574 497 1648 533 πάσῃ
1663 499 1695 533 τῇ
1714 498 1829 525 ὑποστά-

1047 544 1086 562 σει
1111 537 1157 563 τοῦ
1186 539 1291 574 Πατρὺς
1314 540 1533 577 ὲπιθεωρουμένῃ
1571 542 1601 569 τὸ
1622 543 1766 576 ἀνελλιπὲς
1787 546 1829 572 τοῦ

1047 582 1110 609 ίδίου
1132 583 1261 618 μεγέθους
1279 585 1461 620 διασημαίνει,
1481 587 1560 623 καὶή
1583 589 1673 624 μορφὴ
1697 590 1743 616 τοῦ
1766 591 1829 617 Θεοῦ

1045 627 1093 662 τὴν
1117 628 1161 655 διὰ
1184 629 1291 656 πάντων
1310 631 1478 666 καταμηνύει
1500 633 1667 668 ταυτότητα,
1686 635 1725 669 τῷ
1746 635 1830 662 πάντα

1044 672 1174 700 δεικνύειν
1195 675 1236 709 ἐφ’
1265 676 1364 711 ἑαυτῆς
1376 676 1409 702 δι’
1422 674 1485 712 ὦνὴ
1501 677 1574 710 θέσις
1589 680 1829 715 χαρακτηρίζεται,

209 709 297 733 racter
316 713 380 734 vero
400 707 456 734 sive
474 707 558 743 ﬁgura
582 709 672 736 omnis
699 711 858 739 substantia:
883 721 943 748 quae
968 715 994 742 in
1014 715 1094 745 Patre
1126 707 1348 750 consideratur;
1369 707 1516 756 perfectam
1540 707 1735 758 plenitudinem
1771 734 1830 760 pro-

207 751 274 785 priae
290 752 485 787 magnitudinis
499 754 607 788 penitus
624 755 770 790 signiﬁcat,
794 762 820 784 et
838 757 926 786 forma
946 761 989 789 Dei
1028 770 1075 797 per
1115 766 1207 792 omnia
1233 765 1354 793 ostendit
1369 751 1548 794 identitateni
1561 788 1568 801 ,
1597 769 1687 796 omnia
1719 751 1830 798 denica-

208 799 320 826 strando
339 799 365 826 in
382 799 473 835 seipso
488 808 535 835 per
549 809 610 836 qum
629 803 728 837 positio
747 803 891 839 ﬁguratur.

243 844 350 872 Rursus
368 845 449 880 igitur
478 854 660 882 proponamus
684 849 810 877 Eunomii
829 859 992 879 sermonem.

1084 853 1167 881 Πάλιν
1185 856 1275 883 τοίνυν
1303 855 1447 894 προθῶμεν
1482 857 1527 883 τοῦ
1541 857 1671 893 Εὑνομίου
1683 859 1728 885 τὸν
1742 859 1830 894 λόγον.

209 888 270 916 Νοη
285 894 351 923 erat,
369 890 466 926 inquit,
486 897 547 919 ante
563 893 696 927 proprium
711 896 912 929 generationem.
925 896 991 929 Quis

206 936 251 962 hic
264 939 315 969 est,
333 945 413 972 quem
431 945 485 965 non
503 946 563 966 esse
576 940 720 966 autumat?
734 939 887 969 Recenseat
899 941 990 969 divina

207 982 328 1015 nomina,
347 982 447 1016 quibus
465 983 509 1010 ille
527 984 573 1018 qui
590 992 622 1011 ex
640 985 766 1012 Eunomii
789 986 918 1021 opinione
943 987 993 1014 ali-

207 1027 315 1062 quando
339 1035 392 1054 non
417 1033 495 1061 erat,
514 1030 681 1058 nominatur.
703 1030 778 1058 Dicet
796 1040 861 1067 ergo
886 1033 991 1066 lucem,

207 1071 413 1103 beatitudinem,
427 1073 563 1108 vitamque
589 1078 616 1101 et
637 1075 920 1111 incorruptibilitatem
933 1098 940 1110 ,
965 1082 993 1106 et

208 1117 345 1150 justitiam
362 1122 388 1145 et
408 1119 665 1153 sanetiﬁcationem,
687 1123 713 1148 et
730 1122 857 1150 virtutem
879 1127 906 1150 et
924 1125 992 1151 veri-

207 1166 303 1194 tatem,
319 1169 345 1191 et
360 1171 420 1199 quae
432 1168 496 1191 sunt
513 1165 659 1200 ejusmodi.
672 1166 723 1195 Iste
736 1167 817 1202 igitur
827 1170 871 1203 qui
884 1170 921 1196 ait
931 1176 993 1198 ante

206 1210 409 1243 generationem
429 1211 516 1245 ipsum
542 1219 595 1238 non
619 1211 713 1245 fuisse,
729 1214 817 1248 palam
834 1215 927 1254 procul
947 1216 992 1243 du-

207 1254 253 1282 hio
273 1255 381 1286 clamat,
399 1255 470 1290 quod
486 1264 540 1283 non
558 1261 618 1284 erat
632 1258 743 1290 veritas,
758 1260 867 1293 quando
884 1261 928 1288 ille
938 1269 992 1289 non

207 1304 277 1331 erat,
298 1307 352 1327 non
369 1304 429 1328 erat
446 1301 512 1333 vita,
533 1309 585 1329 non
603 1307 662 1330 erat
676 1304 732 1335 lux,
751 1312 804 1331 non
819 1310 878 1332 erat
902 1306 993 1334 incor-

178 1372 182 1374 .
207 1346 385 1382 ruptibilitas,
403 1354 456 1374 non
474 1347 546 1375 aliud
560 1348 707 1383 quidquam
719 1358 812 1377 eorum
828 1359 887 1386 qua:
900 1352 926 1379 in
939 1352 993 1380 Deo

208 1391 408 1428 intelliguntur.
425 1393 557 1421 Praeterea
573 1395 646 1429 quod
667 1400 708 1422 est
732 1396 878 1425 absurdius
912 1400 939 1425 et
959 1398 992 1425 ad

209 1438 374 1473 impietatem
392 1440 529 1472 acerbius,
544 1448 599 1467 non
612 1444 671 1468 erat
687 1442 832 1477 splendor,
859 1451 911 1471 non
935 1448 993 1472 erat

207 1483 360 1516 character,
389 1485 446 1512 sive
468 1485 563 1520 ﬁgura.
590 1485 658 1512 Dum
682 1487 753 1514 enim
776 1487 842 1515 dicit
860 1497 914 1516 non
932 1497 993 1517 esse

207 1529 391 1564 splendorem,
413 1538 466 1558 non
485 1539 546 1558 esse
569 1539 678 1566 quoque
698 1533 751 1559 vim
774 1534 992 1568 resplendentem

208 1582 323 1608 prorsus
335 1576 415 1602 simul
430 1577 538 1608 astruit,
549 1581 577 1603 ut
596 1577 623 1604 in
636 1578 759 1612 exemplo
772 1579 888 1606 lucerna:
903 1580 994 1608 videre

208 1626 260 1648 est.
279 1620 330 1653 Qui
355 1622 427 1648 enim
454 1622 572 1650 lucernae
595 1623 726 1658 fulgorem
747 1624 827 1658 dixit,
854 1626 994 1654 lucernam

209 1666 353 1701 splendere
367 1667 446 1695 simul
459 1668 595 1700 ostendit;
616 1673 643 1696 et
656 1669 702 1704 qui
720 1678 773 1696 non
789 1678 849 1698 esse
863 1670 993 1706 fulgorem

209 1712 286 1745 dicit,
305 1712 421 1740 lucerna:
433 1714 554 1741 ardentis
568 1715 779 1743 exstinctioncm
796 1717 993 1752 consigniﬁea-

209 1759 258 1785 vit.
274 1758 364 1792 Quare
376 1767 437 1787 cum
448 1760 533 1789 Filius
544 1770 598 1788 non
611 1769 671 1790 esse
685 1762 796 1795 dicitur,
811 1764 890 1790 etiam
905 1763 994 1793 Patris

209 1812 264 1831 non
282 1805 442 1833 exsistentia
459 1808 614 1835 necessaria
636 1808 831 1837 consecutione
850 1811 992 1838 astruitur.

210 1848 238 1875 Si
254 1850 326 1877 enim
343 1851 457 1878 alterum
475 1853 550 1880 alteri
565 1853 682 1881 colite-ret
705 1854 885 1887 continenter,
901 1864 995 1884 secun-

209 1895 274 1922 dum
289 1898 470 1932 apostolicum
484 1899 670 1926 testimonium
682 1919 689 1930 ,
704 1903 731 1926 et
749 1896 877 1935 splendor
891 1902 992 1936 gloriae,

209 1945 236 1968 et
252 1942 394 1970 character
410 1944 581 1976 substantiae,
601 1949 628 1973 et
643 1943 776 1980 sapientia
797 1947 854 1979 Dei,
867 1948 911 1982 qui
926 1948 993 1976 alte-

209 1996 271 2015 rum
299 1989 510 2024 conjunctorum
538 1995 618 2026 negat
642 1999 703 2020 esse
713 1989 732 2023 .’
742 1993 822 2020 unius
842 1993 995 2022 sublatione

209 2034 343 2069 reliquum
359 2035 482 2063 funditus
496 2037 616 2064 sustulit.
634 2037 724 2070 Quare
739 2038 761 2066 si
778 2046 830 2066 non
846 2043 887 2066 est
904 2040 994 2074 splen-

209 2081 270 2112 dor,
287 2081 469 2109 conﬁtendum
485 2087 537 2114 est,
553 2091 641 2118 neque
662 2083 847 2118 splendentem
870 2090 994 2113 naturam

209 2133 280 2158 esse,
303 2130 330 2153 et
344 2127 366 2154 si
381 2127 526 2154 character
535 2135 588 2155 non
603 2129 739 2161 subsistit,
752 2137 839 2164 neque
851 2130 994 2165 ﬁguratam

209 2179 272 2199 cssc
287 2179 442 2207 personam.
468 2172 497 2199 Si
524 2178 653 2207 prtcterea
674 2181 727 2200 non
748 2179 789 2201 est
817 2176 948 2209 sapientia
968 2180 995 2203 et

1046 899 1105 926 οὐκ
1119 897 1166 935 ἦν,
1181 901 1256 934 φησὶ,
1274 901 1330 934 πρὸ
1348 901 1399 934 τῆς
1413 902 1490 934 ιδίας
1504 903 1682 936 γεννήσεως.
1697 904 1746 936 Τίς
1758 901 1829 937 οὗτός

1045 945 1126 976 ἐστιν,
1147 945 1175 971 ὃν
1192 946 1241 971 οὐκ
1258 944 1327 972 εἶναι
1342 946 1433 980 λέγεις
1448 947 1558 974 Είπάτω
1577 948 1612 974 τὰ
1626 949 1687 975 θεῖα
1702 949 1830 984 ὀνόματα,

1045 986 1084 1020 οἷς
1100 989 1113 1015 ὁ
1130 989 1189 1015 κατ’
1204 990 1333 1025 Εὑνόμιόν
1351 999 1414 1017 ποτε
1431 991 1468 1027 μὴ
1484 992 1521 1018 ὢν
1537 992 1708 1027 ὀνομάζεται.
1729 994 1831 1020 Οὐκοῦν

1049 1034 1106 1069 φῶς
1124 1035 1180 1070 ὲρεί
1199 1036 1245 1061 καὶ
1259 1036 1457 1071 μακαριότητα,
1473 1037 1544 1073 ζωήν
1559 1046 1588 1064 τε
1604 1039 1651 1064 καὶ
1667 1039 1829 1074 ἀφθαρσίαν,

1046 1080 1092 1107 καὶ
1107 1080 1278 1116 δικαιοσύνην
1293 1082 1339 1108 καὶ
1355 1083 1499 1118 ἀγιασμὸν,
1517 1084 1563 1110 καὶ
1578 1083 1691 1120 δύναμιν
1709 1085 1757 1112 καὶ
1771 1086 1831 1121 ἁλή-

1046 1126 1131 1158 θειαν,
1153 1127 1198 1153 καί
1215 1126 1248 1153 τὰ
1265 1127 1385 1155 τοιαῦτα.
1405 1128 1434 1155 '0
1444 1130 1533 1155 τοίνυν
1550 1129 1602 1165 πρὸ
1619 1130 1668 1164 τῆς
1680 1131 1831 1165 γεννήσεως

1045 1171 1131 1206 λέγων
1151 1172 1230 1198 αὐτὸν
1245 1173 1281 1208 μὴ
1296 1171 1375 1205 εἶναι,
1396 1173 1524 1210 ἄντικρυς
1539 1174 1623 1201 ταῦτα
1640 1175 1700 1210 βοᾷ,
1721 1176 1762 1202 ὅτι
1784 1176 1831 1202 οὐκ

1044 1215 1077 1253 ἦν
1094 1217 1217 1253 ἀλήθεια,
1234 1218 1278 1245 ὅτε
1293 1219 1394 1251 ἐκεῖνος
1410 1220 1459 1246 οὐκ
1472 1218 1516 1256 ἦν,
1535 1221 1584 1247 ούκ
1598 1218 1631 1255 ἧν
1646 1221 1714 1255 ζωὴ,
1730 1222 1781 1247 οὐκ
1799 1218 1831 1256 ἦν

1045 1261 1112 1296 φῶς,
1130 1263 1178 1289 οὐκ
1191 1260 1224 1298 ἦν
1238 1263 1360 1299 δύναμις,
1377 1265 1427 1291 οὒκ
1446 1262 1480 1300 ἦν
1495 1265 1632 1301 ἀφθαρσία
1642 1285 1650 1297 ,
1665 1267 1716 1292 οὐκ
1731 1266 1795 1292 ἄλλο
1807 1274 1830 1292 τι

1044 1306 1078 1343 ἦν
1097 1307 1150 1334 τῶν
1166 1309 1194 1334 ὲν
1208 1308 1267 1344 Θεῷ
1287 1310 1438 1345 νοουμένων
1451 1310 1539 1338 οὐδέν.
1557 1312 1611 1337 Καὶ
1629 1311 1659 1337 τὸ
1673 1310 1713 1337 ἔτι
1731 1311 1832 1338 τούτων

1045 1352 1280 1389 παραλογώτερον,
1299 1355 1345 1380 καὶ
1359 1356 1398 1386 εἰς
1419 1355 1546 1383 ἀσέϐειαν
1563 1356 1769 1392 χαλεπώτερον,
1783 1357 1832 1383 οὐκ

1045 1396 1078 1433 ἦν
1094 1398 1263 1434 ἀπαύγασμα
1275 1419 1282 1432 ,
1298 1400 1348 1427 οὐκ
1369 1398 1404 1436 ἦν
1426 1402 1578 1438 χαρακτήρ.
1608 1402 1651 1429 Ἐν
1667 1403 1721 1438 γὰρ
1738 1402 1776 1437 τῷ
1797 1402 1833 1437 μὴ

1046 1442 1114 1471 εἶναι
1133 1444 1222 1479 λέγειν
1238 1446 1417 1481 ἀπαύγασμα,
1432 1447 1463 1473 τὸ
1478 1447 1547 1483 μηδὲ
1561 1448 1609 1483 τὴν
1623 1449 1833 1483 ἀπαυγάζουσαν

1046 1489 1157 1525 δύναμιν
1169 1488 1237 1517 εἶναι
1247 1491 1532 1526 ’συγκατασκευάζεται
1540 1493 1656 1526 πάντως,
1666 1494 1724 1525 πῶς
1733 1495 1778 1521 ἐπὶ
1788 1494 1832 1521 τοῦ

1047 1535 1116 1562 κατὰ
1128 1535 1173 1562 τὸν
1188 1536 1282 1571 λύχνον
1296 1537 1368 1564 ἐστὶν
1385 1537 1592 1573 ύποδείγματος.
1615 1539 1644 1565 '0
1657 1539 1710 1575 γὰρ
1723 1540 1773 1573 τὴν
1785 1540 1833 1566 αὐ-

1044 1580 1095 1616 γὴν
1113 1581 1160 1607 τοῦ
1178 1582 1273 1617 λύχνου
1296 1582 1380 1609 είπὼν
1407 1583 1437 1609 τὺ
1466 1584 1513 1610 καὶ
1531 1583 1648 1619 λάμπειν
1668 1585 1714 1611 τὸν
1737 1585 1832 1620 λύχνον

1045 1626 1211 1660 συνεδείξατο
1223 1647 1230 1659 ,
1249 1628 1296 1653 καὶ
1317 1629 1331 1654 ὁ
1355 1627 1391 1663 μὴ
1409 1625 1478 1655 εῖναι
1494 1628 1544 1664 τὴν
1576 1628 1661 1664 αὐγὴν
1678 1629 1766 1663 λέγων
1785 1630 1832 1665 τὴν

1046 1671 1136 1699 σϐέσιν
1155 1672 1201 1699 τοῦ
1223 1673 1383 1708 φωτίζοντος
1409 1675 1603 1709 συνεσήμανεν.
1629 1675 1711 1701 ’Ὥστε
1733 1676 1798 1703 ὅταν
1820 1678 1833 1703 ὁ

1045 1717 1108 1748 Υίὺς
1123 1717 1160 1752 μὴ
1180 1716 1249 1745 εἶναι
1263 1719 1384 1755 λέγηται,
1400 1720 1445 1746 καὶ
1460 1721 1476 1756 ὴ
1490 1721 1534 1747 τοῦ
1557 1721 1664 1756 Πατρὸς
1680 1722 1832 1757 ἀνυπαρξία

1045 1762 1104 1788 κατ’
1122 1763 1244 1799 ἀνάγκην
1257 1765 1288 1790 ὲκ
1305 1764 1350 1790 τοῦ
1369 1765 1514 1792 ἀκολούθου
1531 1766 1776 1798 κατασκευάζεται.
1804 1769 1833 1794 El

1044 1807 1097 1842 γὰρ
1115 1809 1294 1844 συνημμένως
1309 1809 1398 1844 ἔχεται
1418 1806 1472 1837 τοῦ
1485 1811 1578 1846 ἐτέρου
1594 1811 1624 1838 τὸ
1638 1812 1743 1848 ἕτερον,
1766 1814 1833 1840 κατᾶ

1044 1853 1094 1888 τὴν
1110 1854 1290 1890 ἁποστολικὴν
1306 1856 1468 1892 μαρτμρίαν,
1486 1857 1531 1883 καὶ
1551 1858 1581 1883 τὸ
1600 1858 1772 1894 ἀπαύγασμα
1786 1860 1832 1894 τῆς

1045 1897 1132 1933 δόξης,
1147 1899 1193 1925 καὶ
1205 1900 1219 1926 ὁ
1233 1900 1373 1935 χαρακτὴρ
1391 1901 1439 1935 τῆς
1455 1901 1639 1934 ὑποστάσεως,
1657 1904 1704 1929 καὶ
1723 1905 1739 1939 ἡ
1757 1904 1834 1938 σοφία

1045 1944 1091 1971 τοῦ
1107 1944 1185 1978 Θεοῦ,
1203 1946 1217 1972 ὁ
1237 1945 1267 1971 τὸ
1280 1945 1372 1980 ἕτερον
1385 1946 1438 1972 τῶν
1461 1947 1640 1982 συνημμένων
1656 1949 1693 1984 μὴ
1712 1947 1781 1976 εἶναι
1793 1950 1833 1976 λέ-

1045 1998 1110 2023 γων,
1127 1991 1159 2025 τῇ
1175 1990 1222 2016 τοῦ
1242 1990 1300 2022 ἐνὸς
1319 1991 1456 2026 ἀναιρέσει
1470 1993 1606 2019 συνανείλε
1623 1993 1732 2025 πάντως
1748 1995 1793 2021 καὶ
1807 1995 1833 2021 τὸ

1045 2034 1216 2070 λειπόμενον·
1232 2035 1301 2062 ὥστε
1316 2035 1362 2062 τοῦ
1382 2036 1597 2071 ἁπαυγάσματος
1615 2037 1652 2073 μὴ
1667 2038 1753 2070 δντος,
1773 2041 1833 2074 ὁμο-

1045 2080 1180 2115 λογεῖσθαι
1198 2081 1235 2116 μὴ
1262 2079 1331 2108 εῖναι
1351 2082 1418 2117 μηδὲ
1433 2082 1482 2117 τὴν
1500 2081 1711 2117 ἁπαυγάζουσαν
1732 2085 1827 2118 φύσιν,

1046 2126 1093 2152 καὶ
1110 2126 1157 2153 τοῦ
1177 2128 1348 2162 χαρακτῆρος
1369 2128 1407 2163 μὴ
1430 2128 1601 2162 ὑφεστῶτος,
1623 2130 1690 2165 μηδὲ
1714 2131 1764 2166 τὴν
1788 2140 1832 2166 χα-

1048 2173 1281 2208 ρακτηριζομὲνην
1313 2172 1380 2200 εἶναι
1412 2173 1572 2207 ὑπόστασιν,
1605 2175 1703 2210 σοφίας
1733 2176 1761 2203 δὲ
1789 2178 1832 2203 καὶ

209 2217 299 2254 virtus
314 2217 371 2248 Dei,
390 2225 477 2252 neque
492 2217 566 2245 illum
581 2226 642 2246 esse
659 2226 772 2253 prorsus
789 2220 926 2247 fatendum
942 2226 993 2254 est,

1047 2217 1185 2252 δυνάμεως
1199 2217 1266 2244 Θεοῦ
1283 2218 1320 2254 μὴ
1332 2217 1425 2254 οὔσης,
1443 2218 1510 2253 μηδὲ
1526 2219 1627 2245 ἐκεῖνον
1647 2220 1757 2252 πάντως
1769 2219 1833 2246 εἶναι

210 2261 257 2296 qui
273 2269 328 2289 non
343 2262 447 2298 absque
459 2263 593 2298 sapientia
607 2268 634 2292 et
646 2265 745 2292 virtute
767 2266 793 2292 in
808 2266 898 2300 seipso
913 2267 993 2294 intel-

211 2306 314 2341 ligitur.
332 2305 360 2334 Si
376 2307 458 2342 igitur
473 2315 526 2336 non
548 2313 606 2336 erat
630 2310 785 2345 unigenitus
805 2310 885 2344 Deus,
903 2312 994 2347 prius—

211 2359 293 2385 quam
312 2351 398 2385 ﬁerct,
421 2353 493 2381 sicut
506 2354 544 2381 ait
566 2354 726 2389 Eunomius,
757 2356 883 2385 Christus
904 2362 994 2385 autem

213 2397 260 2424 Dei
277 2401 319 2425 est
338 2398 424 2426 virtus
451 2403 478 2426 et
501 2399 548 2427 Dei
576 2400 720 2435 sapientia,
744 2405 771 2429 et
790 2402 941 2436 character,
968 2407 995 2430 et

213 2441 341 2476 splendor
357 2452 363 2470 :
383 2443 465 2478 igitur
480 2452 532 2472 non
551 2450 609 2473 erat
627 2447 737 2474 omnino
753 2446 843 2480 Pater,
861 2448 939 2483 cujus
952 2448 995 2475 Fi-

213 2488 266 2516 lins
278 2492 319 2516 est
332 2488 420 2517 virtus
436 2493 463 2516 et
480 2490 623 2525 sapientia,
648 2496 675 2519 et
691 2492 843 2525 character,
858 2498 885 2521 et
903 2494 996 2528 splen-

214 2534 264 2561 dor
283 2542 289 2560 :
308 2535 382 2562 nullo
399 2535 500 2570 quippe
524 2537 605 2564 modo
632 2538 694 2566 licet
719 2539 825 2566 ratione
842 2541 995 2574 complecti,

214 2588 303 2615 neque
317 2581 499 2609 substantiam
513 2583 587 2611 nullo
603 2584 761 2612 charactere
776 2585 928 2620 signatam,
947 2594 995 2613 ne-

213 2634 267 2660 que
281 2627 395 2662 gloriam
413 2635 473 2663 qua
485 2628 543 2657 luce
551 2635 654 2662 careat,
667 2639 755 2666 neque
764 2630 848 2658 Deum
863 2633 996 2666 sapientia

215 2672 350 2705 orbatum,
363 2681 451 2708 neque
462 2675 586 2709 opilicem
602 2676 706 2710 absque
721 2684 814 2709 manu.
829 2685 916 2712 neque
929 2678 997 2712 prin-

215 2718 316 2751 cipium
330 2720 444 2748 rationis
464 2729 561 2756 expers
572 2741 580 2754 ,
602 2729 690 2756 neque
706 2722 811 2749 Patrem
846 2723 904 2750 sine
916 2723 996 2750 Filio.

217 2762 270 2789 ﬁed
283 2765 372 2791 omnia
386 2773 445 2800 quas
460 2771 524 2794 sunt
537 2767 685 2802 ejusmodi,
706 2773 733 2795 ct
748 2768 789 2795 his
811 2769 856 2803 qui
881 2769 998 2796 fatentur

215 2815 243 2837 et
255 2810 301 2844 qui
318 2815 509 2845 aspernantur,
526 2813 577 2841 sibi
598 2814 711 2842 invicem
727 2814 809 2843 simul
820 2823 881 2843 esse
907 2816 998 2843 decla-

219 2860 326 2884 rantur.
345 2855 375 2882 Et
389 2863 435 2891 per
452 2857 532 2886 unius
547 2859 726 2890 sublationem
756 2866 781 2889 ct
794 2862 866 2897 quod
881 2862 996 2898 conjun-

1048 2263 1245 2297 ὁμολογεῖσθαι,
1263 2263 1308 2290 τὸν
1323 2263 1383 2299 δίχα
1407 2263 1501 2297 σοφίας
1517 2272 1546 2290 τε
1570 2264 1617 2290 καὶ
1632 2265 1774 2300 δυνάμεως
1793 2266 1835 2300 ἐφ’

1048 2308 1143 2335 ἑαυτοῦ
1160 2308 1197 2344 μὴ
1211 2309 1363 2345 νοούμενον.
1377 2309 1407 2335 El.
1418 2308 1463 2336 οὖν
1474 2310 1523 2336 οὐκ
1535 2308 1568 2345 ἦν
1580 2311 1594 2336 ὁ
1609 2311 1757 2347 μονογενὴς
1770 2312 1833 2343 6:”;

1049 2354 1114 2388 πρὶν
1127 2354 1262 2388 γενέσθαι,
1279 2354 1368 2386 καθώς
1383 2363 1464 2389 φησιν
1480 2355 1494 2381 ὀ
1508 2355 1654 2390 Εὑνὸμιος·
1672 2357 1789 2392 Χριστὸς
1807 2357 1832 2383 δὲ

1049 2400 1115 2426 Θεοῦ
1142 2400 1255 2435 δύναμις
1282 2401 1328 2427 καὶ
1349 2400 1416 2427 Θεοῦ
1442 2402 1538 2436 σοφία,
1558 2402 1604 2428 καὶ
1623 2403 1767 2437 χαρακτὴρ
1789 2402 1832 2428 καὶ

1050 2445 1227 2480 ἀπαύγασμα·
1241 2446 1290 2472 οὐκ
1304 2443 1337 2480 ἦν
1351 2447 1458 2478 πάντως
1474 2447 1533 2473 οὐδὲ
1549 2447 1562 2473 ὁ
1577 2447 1680 2482 Πατὴρ,
1699 2443 1729 2474 οὗ
1745 2448 1758 2473 ὁ
1773 2447 1831 2478 Tib;

1050 2492 1163 2527 δύναμίς
1188 2495 1246 2519 ἐστι
1269 2493 1314 2519 καὶ
1333 2493 1423 2527 σοφία,
1446 2493 1493 2519 καὶ
1517 2494 1659 2529 χαρακτὴρ
1681 2493 1728 2519 καὶ
1749 2493 1831 2520 ἀπαύ-

1051 2546 1160 2573 γασμα·
1179 2539 1208 2564 οὐ
1225 2539 1278 2574 γὰρ
1292 2538 1364 2565 ἔστιν
1381 2539 1521 2574 ἐπινοῆσαι
1536 2538 1573 2573 τῷ
1589 2539 1677 2574 λόγῳ,
1693 2538 1754 2565 οὗτε
1771 2539 1830 2565 ὑπό-

1052 2593 1146 2611 στασιν
1170 2585 1419 2620 ἀχαρακτήριστον,
1442 2584 1503 2611 οὔτε
1521 2585 1632 2619 ἀλαμπῆ
1659 2585 1754 2618 δόξαν,
1775 2585 1830 2611 οὔτε

1050 2631 1150 2666 ἇσοψον
1164 2631 1238 2663 Θεὸν,
1252 2632 1301 2658 οὐκ
1316 2631 1411 2666 ἄχειρα
1425 2631 1596 2667 δημιουργὸν,
1613 2631 1663 2658 οὐκ
1679 2629 1773 2665 ἄλογον
1788 2633 1828 2666 ἀρ-

1051 2676 1115 2711 χὴν,
1131 2677 1179 2702 οὐκ
1204 2677 1305 2704 ἄπαιδα
1327 2677 1445 2712 Πατέρα.
1473 2677 1551 2703 ‘Am
1571 2678 1657 2704 πάντα
1674 2677 1707 2704 τὰ
1725 2678 1829 2704 τοιαῦτα

1052 2722 1097 2748 ent
1112 2731 1141 2748 τε
1156 2722 1208 2749 τῶν
1219 2723 1419 2758 ὁμολογούντων
1432 2723 1479 2748 καὶ
1490 2722 1534 2748 ἐπὶ
1546 2722 1598 2749 τῶν
1610 2722 1776 2749 ἀθετούντων
1789 2721 1830 2748 καὶ

1052 2767 1175 2803 ἀλλήλοις
1194 2768 1427 2802 συναναφαίνεται.
1443 2769 1497 2795 Καὶ
1511 2767 1554 2795 διὰ
1566 2768 1613 2802 τῆς
1627 2768 1674 2794 τοῦ
1688 2767 1747 2798 ἑνὸς
1760 2768 1824 2794 ἀναι-

1055 2814 1153 2848 ρέσεως
1177 2815 1223 2841 καὶ
1244 2814 1274 2840 τὸ
1296 2814 1465 2849 συνημμένον
1483 2813 1699 2848 συναςρανίξεται.
1728 2811 1827 2841 Ἐπειδὶ

1054 2859 1140 2887 τοίνυν
1160 2860 1390 2892 κατασκευάζεται
1410 2860 1475 2896 παρ’
1493 2859 1580 2887 αὐτῶν
1602 2860 1632 2886 τὸ
1650 2859 1686 2896 μὴ
1708 2854 1822 2887 dimi”
