1959 3075
129 139 179 168 783

615 139 753 168 CONTRA
774 138 968 173 ΕυλοιιιυΜ,
995 139 1058 168 LIB.
1078 141 1143 168 VIII.

1693 141 1750 171 790

127 201 186 228 Υίὺν
202 200 253 235 πρὸ
273 201 318 227 τοῦ
337 201 482 234 γενέσθαι,
499 201 513 228 ὅ
543 202 616 229 ἐστιν
642 202 810 237 ἀπαύγασμα
828 201 898 237 δόξης

958 206 1032 227 ctum
1051 201 1074 227 ei
1093 201 1212 227 adhaeret
1231 199 1311 227 simul
1331 200 1480 229 evanescit.
1507 200 1642 234 Quoniam
1665 202 1748 236 igitur

128 248 151 282 (ἡ
172 247 198 273 δὲ
224 246 379 272 ἀκολούθεια
402 248 556 282 συναναιρεϊ
576 249 607 282 τῇ
621 247 667 274 τοῦ
695 247 909 281 ἀπαυγὰτματος

125 292 271 328 ἀνυπαρξίᾳ
285 293 330 320 καὶ
346 293 394 328 τὴν
413 293 462 328 τῆς
479 293 558 329 δόξης
580 294 716 327 ἁῖδιότητα
731 302 737 308 ’
763 292 825 324 δόξα
845 293 873 318 δὲ
895 294 909 318 ὁ

126 338 223 373 Πατὴρ,
233 338 292 365 ὅθεν
306 339 336 364 τὸ
349 339 490 374 μονογενὲς
504 339 561 373 φῶς
575 339 759 375 ἁπηυγάσθη),
771 338 908 374 νοησὰτω-

126 393 171 411 σαν
183 384 206 410 οε
222 385 343 420 περιττοὶ
356 385 404 420 τὴν
425 385 530 419 σοφίαν,
545 385 585 412 ὅτι
606 385 744 420 σύμμαχοι
758 385 812 411 τῶν
831 386 903 411 Ἑπι·

125 429 249 465 κουρείων
265 430 406 465 δογμάτων
423 432 629 465 ἀναπεφήνασιν
640 452 647 462 ,
671 433 718 458 καὶ
735 432 906 467 προσχήματι

121 473 322 511 Χριστιανισμοῦ
349 476 398 511 τὴν
411 476 504 503 ἁθεῒαν
520 476 726 512 πρεσϐεύοντες.
743 477 842 511 Διπλῆς
856 476 908 502 τοί-

123 528 166 545 νυν
184 519 253 545 κατά
269 519 300 545 τὸ
314 519 460 546 ἀκόλουθον
475 521 524 556 τῆς
540 521 653 553 ἀτοπίας
671 521 863 556 ἀναφανείσης,
888 521 904 556 ἢ

123 564 228 590 καθόλου
241 564 278 600 μὴ
289 563 356 592 εἶναι
368 566 413 592 τὸν
425 566 490 593 Θεὸν
501 567 599 600 λέγειν,
611 567 627 602 ἦ
643 567 680 602 μὴ
692 567 815 603 ὰνάρχως
825 565 904 599 εἶναι,

122 609 265 637 ἑλέσθωσιν
297 611 327 638 τὸ
342 611 435 638 δοκοῦν
456 613 487 638 ὲκ
505 612 559 639 τῶν
576 613 724 647 φανέντων,
741 612 757 647 ἦ
773 612 846 639 ἄθεοι
860 611 905 638 λέ-

121 655 220 688 γεσθαι,
238 657 254 692 ἢ
276 657 373 692 μηκέτι
391 658 508 693 ἄναρχον
524 655 594 684 εἶναι
618 658 657 693 τῷ
682 659 836 693 Πατρὶ”τὴν
859 658 904 684 οὺ-

121 701 175 726 σέαν
200 700 299 734 λέγειν.
333 702 412 728 Ἀλλὰ
441 702 494 738 μὴν
521 702 633 737 φεύγειν
659 703 731 734 εἰκὸς
756 703 852 734 αὐτοὺς
874 702 904 728 τὸ

119 746 209 778 ἀθέους
231 746 400 782 νομίζεσθαι.
428 747 532 774 Οὐκοῦν
557 748 695 775 λείπονται
719 749 749 775 τὸ
775 749 812 784 μὴ
834 746 903 775 εἶναι

119 791 197 817 ἀΐδιον
213 791 259 817 τὸν
277 791 343 818 Θεὸν
364 792 589 824 κατασκευάζειν,
610 793 642 819 Εἰ
666 792 694 819 δὲ
713 792 792 818 τοῦτο
813 793 829 827 ἡ
848 791 903 818 τῶν

118 837 324 872 ἀποδειχθέντων
339 837 498 864 ἀκολούθεια
515 838 723 872 συναναγκάζει,
739 837 789 864 ποῦ
805 837 832 863 αἱ
847 845 903 863 ποι-

960 246 994 273 ab
1013 246 1080 280 ipsis
1094 245 1178 273 Filius
1197 254 1250 273 non
1265 254 1325 274 esse
1341 246 1475 286 astruitur
1489 247 1648 282 priusquam
1672 249 1746 283 geni-

960 296 1003 319 tus
1024 295 1096 319 esset
1108 293 1118 325 ,λ
1139 292 1185 327 qui
1208 296 1251 319 est
1273 292 1366 327 gloria:
1387 293 1515 328 splendor
1532 293 1745 328 (consequentia

962 341 1052 365 autem
1070 338 1152 366 simul
1165 345 1225 365 cum
1241 338 1394 373 splendoris
1409 340 1640 367 non-cssistenlia
1675 340 1746 367 tollit

958 383 1040 409 etiam
1057 383 1149 418 gloria
1166 382 1344 410 aeternitatem
1359 391 1366 415 ;
1389 383 1472 418 gloria
1490 388 1578 411 autem
1595 388 1637 412 est
1654 384 1745 416 l’ater,

959 429 1030 456 unde
1049 429 1188 464 unigenita
1202 429 1247 456 lux
1263 428 1616 464 resplenduit),intelligant
1630 431 1672 458 isti
1698 431 1744 466 qui

958 476 1091 511 sapientia
1111 476 1282 507 exuberant,
1304 482 1334 502 se
1355 474 1550 509 Epicureorum
1571 476 1743 504 decretorum

958 525 1088 556 patronos
1103 524 1129 548 et
1144 519 1303 548 defensores
1317 519 1477 547 manifestos
1488 528 1558 552 esse,
1574 522 1744 550 etChrislia-

957 566 1040 593 nismi
1059 569 1192 601 przetextu
1209 573 1241 592 ac
1257 565 1349 600 specie
1363 564 1535 602 atheiam(id
1557 570 1599 593 est
1622 567 1744 601 impieta-

957 617 1025 645 tem,
1053 612 1110 639 sive
1135 611 1183 638 Dei
1205 610 1553 646 abnegatt’onemhssﬂere.
1572 611 1640 638 Cum
1658 612 1743 647 igitur

957 658 993 684 sit
1008 657 1108 692 duplex
1125 665 1157 684 ex
1170 657 1363 684 consecutione
1376 656 1562 684 demonstrata
1576 657 1741 691 absurditas,

958 703 1000 730 vel
1013 704 1126 730 omnino
1137 703 1220 730 Deum
1234 710 1289 730 non
1305 710 1368 730 esse
1397 706 1426 730 ut
1440 703 1546 735 dicant,
1561 703 1602 730 vel
1618 712 1670 731 non
1682 712 1743 732 esse

954 750 1056 784 absque
1075 749 1229 784 principio:
1249 749 1321 784 quod
1341 757 1374 776 ex
1390 749 1432 776 his
1455 749 1598 777 manifeste
1621 750 1742 785 probatis

954 795 1021 830 ipsis
1041 795 1179 823 videbitur
1202 795 1320 830 eligant,
1341 795 1383 822 vel
1404 800 1433 822 ut
1454 795 1604 823 divinitatis
1628 796 1744 831 abnega-

954 844 1028 869 tores
1048 841 1187 874 dicantur,
1206 842 1247 869 vel
1261 846 1291 869 ut
1304 850 1357 870 non
1372 842 1489 877 amplius
1501 843 1646 872 essentiam
1669 843 1743 877 prin-

120 883 187 909 κίλαι
203 883 250 909 καὶ
269 883 398 919 ἄπροφοι
411 883 464 910 τῶν
477 883 617 918 ὀνομάτων
636 883 829 918 ἀντιστροφαί;
845 882 898 909 Ποῦ

951 886 1023 921 cipio
1035 891 1172 914 carentem
1189 887 1261 914 Patri
1275 895 1334 915 csse
1348 887 1490 915 allirment.
1514 887 1658 914 Enimvero
1673 888 1743 915 \'eri~

120 929 287 964 ήάμήχανος
300 929 354 955 τῶν
375 929 560 964 συλλογισμῶν
586 929 703 964 ἀνάγκη,
725 929 768 955 διὰ
790 929 840 963 τῆς
855 928 902 955 τοῦ

118 974 259 1008 ἀγεννήτου
282 974 351 1010 πρὸς
371 975 400 1000 τὸ
415 976 542 1010 γεννητὸν
555 975 696 1010 διαστολῆς
709 974 757 1006 τὰς
769 974 903 1011 γραώδεις

118 1021 196 1052 ἀκοὰς
214 1029 245 1046 πε
250 1020 380 1056 ριϐομϐοὗ
385 1029 417 1047 σα
429 1029 435 1053 ;

951 932 1042 960 simile
1065 937 1107 961 est
1128 933 1202 968 ipsos
1227 933 1321 969 fugere
1345 933 1391 961 Dei
1418 940 1560 969 negatores
1577 934 1739 962 existimari.

954 977 1098 1013 Reliquum
1120 983 1161 1006 est
1182 979 1264 1014 igitur
1280 987 1329 1007 eos
1349 984 1473 1007 astruere
1500 980 1581 1008 Deum
1602 988 1655 1007 non
1680 987 1741 1008 esse

953 1027 1095 1052 aeternum.
1120 1023 1197 1057 Quod
1222 1024 1246 1051 si
1278 1024 1328 1051 hoc
1351 1031 1445 1051 eorum
1470 1031 1531 1059 qua:
1554 1024 1741 1052 demonstrata

118 1073 176 1093 sunt
187 1068 381 1102 consequentia
395 1068 466 1103 cogit
484 1068 650 1100 necessario,
665 1068 710 1095 ubi
726 1067 808 1095 varia'
823 1073 849 1095 et
861 1068 995 1098 irretorta:
1012 1072 1152 1098 nominum
1174 1071 1324 1106 reciproca:
1356 1071 1570 1099 conversiones?
1602 1071 1648 1098 ubi
1683 1071 1742 1098 ine-

117 1114 248 1143 luctabilis
271 1115 489 1150 syllogismorum
514 1115 684 1146 necessitas,
708 1122 756 1150 per
785 1115 900 1150 ingeniti
921 1123 982 1143 cum
1003 1117 1094 1153 genito
1112 1116 1292 1145 diﬂ‘erentiam
1310 1117 1413 1144 circum
1429 1117 1514 1145 aniles
1546 1122 1625 1144 aures
1666 1116 1741 1144 bom-

118 1161 218 1189 bilans?

154 1209 230 1236 Ἀλλὰ
250 1209 335 1237 ταῦτα
352 1210 399 1245 μὲν
416 1211 455 1241 εἰς
476 1209 611 1236 τοςοῦτον.
634 1209 728 1242 Καλῶς
751 1210 773 1237 δ’
796 1211 829 1238 ἂν
845 1211 900 1246 ἔχει

117 1254 179 1289 μηδὲ
193 1255 222 1281 τὸ
237 1255 337 1290 ἐφεξῆς
355 1256 477 1291 παριδεῖν
496 1255 675 1288 ἀνεξέταστον
686 1265 692 1271 ·
708 1256 855 1283 σιωπάσθω
871 1257 900 1283 δὲ

115 1301 146 1327 τὰ
156 1300 198 1327 διὰ
212 1301 297 1335 μέσου
314 1301 436 1335 παίγνια,
453 1300 492 1333 οἷς
509 1302 523 1327 ὁ
539 1301 624 1333 δεινὸς
639 1298 716 1333 οὗτος
732 1302 823 1337 ῥήτωρ
841 1302 900 1337 μει-

116 1346 248 1382 ρακιωδῶς
261 1346 446 1382 ὲναῆρύνεται,
472 1347 525 1373 εἴτε
540 1347 643 1379 παίζων
653 1369 660 1380 ,
673 1347 728 1373 εἴτε
744 1347 900 1380 σπουδάζων

116 1394 142 1418 ἐν
157 1393 214 1424 ταῖς
227 1392 290 1419 καθ’
303 1392 381 1427 ἡμῶν
395 1392 548 1427 λοιδορίαις,
560 1393 596 1424 ὠς
610 1393 653 1419 διὰ
664 1393 900 1429 τούτουκρείττων

116 1438 180 1465 κατὰ
205 1438 251 1464 τὸν
269 1438 346 1473 λόγον
371 1438 508 1473 ἐσόμενος.
530 1438 567 1465 Οὐ
589 1439 643 1474 γὰρ
659 1439 690 1474 δὴ
718 1438 840 1474 βιάσεται
858 1447 900 1471 τις

115 1485 192 1519 ἡμᾶς,
213 1484 229 1518 ἢ
246 1486 302 1516 τοῖς
324 1485 409 1518 λοξοῖς
422 1485 456 1511 τὰ
480 1485 590 1520 δμματα
612 1484 829 1520 συνδιαστρέφειν
850 1484 899 1516 τὰς

115 1531 218 1566 ὅψεις,ἢ
229 1532 287 1562 τοῖς
296 1531 347 1557 ὑπὸ
356 1531 495 1566 δαιμονίας
506 1531 582 1557 νόσου
596 1530 824 1566 παραπεπληγόσι
834 1538 894 1556 συνυ

114 1576 360 1612 διαπρεὸλοῦσθαι,
379 1576 584 1608 συνεξαλλεσθαι
600 1576 645 1602 καὶ
665 1576 897 1610 συγκαταπίπτειν

113 1623 150 1657 τῷ
170 1622 286 1657 σώματι.
311 1622 380 1648 Ἀλλ’
400 1622 520 1653 ἐκείνους
536 1621 585 1657 μὲν
598 1622 754 1657 ὲλεήσομεν,
775 1622 854 1656 ἡμεῖς
869 1621 897 1647 δὲ

114 1667 156 1694 τοῦ
165 1667 362 1701 καθεστηκότος
373 1668 422 1694 οὐκ
433 1667 630 1702 ὲκστησόμεοα.
642 1667 709 1702 Φηςὶ
719 1667 807 1693 τοίνυν
819 1666 897 1701 στρέ-

113 1713 163 1747 ψας
177 1713 243 1749 πρὸς
261 1713 306 1740 τὸν
321 1712 478 1740 διδάσκαλον
497 1712 575 1748 ἡμῶν
593 1712 638 1739 τὸν
655 1713 683 1738 ὲν
701 1711 738 1748 τῷ
756 1712 896 1748 πράγματι

114 1759 185 1793 λόγον
195 1781 201 1792 ,
214 1759 252 1790 ὡς
265 1759 297 1794 δὴ
315 1759 384 1785 κατὰ
399 1759 544 1794 πρόσωπον
559 1757 607 1793 τὴν
626 1758 713 1792 μάχην
727 1757 894 1792 ποιούμενος,

114 1805 150 1831 ὃτι
159 1806 210 1837 τοῖς
225 1805 301 1836 ἰδίοις
313 1804 404 1840 ἁλώσῃ
417 1805 535 1840 πτεροῖς.
554 1803 671 1830 Ἑκείνου
685 1803 737 1839 γὰρ
746 1804 895 1839 εἰρηκότος,

113 1851 141 1877 τὸ
155 1851 233 1878 καλὸν
249 1851 293 1877 ἀεὶ
309 1851 435 1886 παρεῖναι
449 1849 487 1884 τῷ
501 1849 547 1876 ἐπὶ
563 1849 669 1876 πάντων
683 1848 752 1883 Θεῷ,
771 1848 851 1875 καλὸν
868 1848 896 1874 δὲ

113 1898 141 1923 τὺ
156 1897 275 1923 τοιουτου
301 1896 394 1928 παιδὸς
412 1893 481 1922 εἶναι
505 1895 607 1930 πατέρα
619 1904 625 1910 ’
648 1894 745 1921 οὐκοῦν
762 1895 896 1929 μηδέποτε

112 1942 141 1969 τὸ
158 1943 237 1969 καλὸν
249 1943 360 1969 ἀπεῖναι
375 1943 468 1974 αὑτοῦ,
488 1942 555 1976 μηδὲ
571 1941 634 1968 ἄνευ
650 1940 714 1966 Υἱοῦ
728 1941 773 1966 τὸν
789 1940 896 1976 Πατέρα

114 1987 220 2022 θελῆσαι
231 1995 238 2002 ⁸
253 1987 406 2022 θελήσαντα
421 1987 449 2013 δὲ
467 1986 503 2021 μὴ
520 1985 694 2020 ἀδυνατῆσαι,
709 1984 855 2019 δυνάμενον
868 1984 895 2010 δὲ

112 2034 155 2060 καὶ
170 2032 344 2068 βουλόμενον,
367 2032 396 2059 ἐν
419 2031 458 2067 τῷ
483 2031 552 2058 κατὰ
573 2029 685 2066 γνώμην
707 2029 776 2057 εἶναι
792 2030 839 2057 καὶ
853 2030 896 2056 ἀεὶ

112 2078 178 2112 ἔχειν
199 2078 245 2105 τὸν
263 2078 343 2110 Υίὸν,
358 2077 403 2104 διὰ
423 2077 454 2103 τὸ
473 2078 517 2104 ἀεὶ
534 2077 620 2103 θέλειν
640 2076 672 2103 τὸ
691 2076 805 2110 ἀγαθόν·
828 2076 896 2111 πρὸς

111 2124 185 2151 τοῦτο
198 2125 252 2160 γὰρ
264 2125 281 2160 ἡ
297 2124 400 2151 διάνοια
418 2123 472 2150 τῶν
487 2123 538 2150 ὑπὸ
550 2123 596 2149 τοῦ
609 2122 712 2158 Πατρός
727 2122 804 2158 ἡμῶν
821 2123 895 2157 εἰρη-

113 2169 195 2203 μένων
213 2169 326 2204 βλέπει·
341 2168 427 2195 ταῦτα
438 2168 621 2204 προδιασύρας
633 2170 646 2195 ὁ
661 2168 791 2204 Εὑνὸμιος
801 2168 832 2194 ἐκ
846 2167 895 2203 τῆς

990 1210 1042 1238 Sed
1055 1210 1111 1238 hac
1127 1210 1270 1238 hactenus.
1288 1210 1382 1245 Opera:
1395 1210 1511 1246 pretium
1530 1213 1620 1236 autem
1635 1208 1741 1236 videre-

950 1260 1004 1289 tur,
1021 1256 1094 1291 quod
1109 1256 1238 1291 deinceps
1252 1256 1377 1291 sequitur
1394 1263 1448 1283 non
1465 1255 1650 1282 indiscussum
1669 1262 1740 1289 pra:-

952 1303 1043 1330 terire.
1059 1301 1111 1329 Sed
1128 1302 1230 1330 ludicra
1250 1301 1394 1336 interiecta
1413 1301 1523 1329 silentio
1556 1300 1740 1334 involvantur,

949 1347 1050 1383 quibus
1069 1347 1113 1375 hic
1133 1347 1278 1375 vehemens
1296 1351 1390 1374 orator
1411 1346 1571 1382 juveniliter
1599 1345 1717 1373 exsultat
1731 1365 1738 1376 ,

952 1395 1009 1421 sive
1022 1394 1128 1428 jocans,
1145 1394 1202 1420 sive
1214 1393 1284 1420 serio
1293 1400 1376 1428 agens
1392 1393 1418 1419 in
1430 1391 1562 1419 conviciis
1574 1395 1671 1418 contra
1683 1398 1734 1418 nos

952 1439 1096 1474 conjectis,
1113 1439 1191 1474 quasi
1211 1446 1259 1473 per
1271 1438 1328 1465 lucc
1352 1438 1457 1465 ratione
1476 1438 1602 1473 superior
1619 1438 1738 1465 futurus.

951 1484 1048 1512 Nullus
1064 1485 1136 1512 enim
1156 1485 1179 1511 vi
1193 1492 1243 1512 nos
1255 1484 1364 1519 adiget,
1386 1491 1448 1511 cum
1474 1483 1546 1511 limis
1571 1487 1598 1511 et
1620 1483 1739 1518 obliquis

950 1531 1045 1558 oculos
1063 1530 1154 1558 itidem
1174 1535 1354 1564 extorquere,
1379 1530 1422 1556 vel
1444 1537 1505 1556 cum
1527 1529 1623 1556 morbo
1637 1528 1738 1556 da:th-

948 1577 1027 1604 niaco
1043 1576 1178 1611 perculsis
1192 1577 1273 1603 simul
1290 1576 1434 1611 exagitari,
1451 1583 1504 1603 una
1521 1576 1621 1602 saltare
1636 1579 1662 1602 et
1678 1582 1740 1602 cor-

948 1627 1013 1655 pore
1029 1619 1184 1647 cencidere.
1203 1619 1258 1647 Sed
1270 1620 1380 1646 illorum
1400 1620 1510 1654 quidem
1533 1619 1738 1650 miserebimur,

948 1672 998 1692 nos
1014 1669 1104 1692 autem
1123 1665 1157 1692 de
1173 1665 1325 1700 composito
1343 1665 1442 1692 menlis
1458 1669 1530 1692 statu
1549 1672 1605 1692 non
1619 1664 1739 1692 dimove-

947 1711 1049 1738 bimur.
1066 1711 1112 1738 Ait
1135 1711 1218 1746 igitur
1240 1711 1267 1738 in
1292 1711 1453 1746 magistrum
1471 1715 1594 1738 nostrum
1613 1718 1739 1738 sermone

947 1763 1090 1788 converso,
1102 1756 1181 1791 quasi
1199 1756 1290 1791 reipsa
1306 1760 1404 1784 contra
1421 1763 1564 1791 personam
1582 1756 1737 1788 decertans,

947 1803 1019 1837 quod
1045 1803 1164 1838 propriis
1192 1802 1291 1837 pennis
1313 1807 1412 1838 captus
1439 1803 1485 1830 sit.
1509 1803 1577 1830 Cum
1602 1803 1675 1830 cnim
1693 1802 1739 1829 ille

946 1849 1071 1881 dixisset,
1089 1849 1162 1886 quod
1179 1850 1325 1884 pulchrum
1344 1853 1386 1876 est
1401 1849 1458 1876 sive
1468 1849 1613 1876 honestum
1630 1856 1739 1883 semper

947 1894 1043 1922 adesse
1059 1893 1130 1925 Deo.
1151 1894 1198 1929 qui
1218 1898 1260 1922 est
1272 1895 1298 1921 in
1312 1895 1450 1926 omnibus,
1469 1894 1630 1928 praclarum
1645 1898 1737 1920 autem

947 1941 1004 1968 sive
1024 1940 1170 1968 honestum
1191 1941 1251 1968 talis
1269 1940 1317 1967 lilii
1333 1947 1394 1968 esse
1415 1945 1519 1975 patrem
1535 1948 1541 1966 :
1558 1939 1641 1974 igitur
1665 1947 1736 1966 nun-

946 1994 1026 2021 quam
1049 1987 1195 2014 honestum
1219 1987 1315 2014 abesse
1338 1986 1372 2013 ab
1390 1985 1450 2020 ipso
1464 2005 1470 2017 ,
1488 1993 1576 2020 neque
1594 1985 1653 2012 sine
1667 1984 1738 2013 Filio
1776 2022 1780 2025 _

947 2032 1053 2060 Patrem
1069 2040 1131 2060 esse
1143 2033 1264 2061 voluisse
1281 2041 1289 2061 :
1307 2033 1444 2060 volentem
1458 2036 1548 2059 autem
1567 2039 1622 2059 non
1650 2031 1737 2066 impo-

947 2083 1045 2106 tentem
1058 2078 1142 2106 l'uisse
1155 2099 1162 2111 ,
1187 2077 1234 2106 sed
1258 2082 1395 2114 potentem
1416 2082 1443 2105 et
1459 2078 1594 2104 volentem
1619 2077 1675 2104 voti
1692 2077 1735 2103 sui

947 2129 1098 2165 compotem
1129 2133 1209 2157 esse.
1230 2133 1392 2160 semperque
1420 2125 1520 2152 habere
1534 2124 1650 2156 Filium,
1671 2124 1735 2159 quia

947 2178 1054 2206 semper
1067 2172 1123 2198 vult
1144 2171 1245 2198 bonum
1261 2181 1267 2198 :
1283 2171 1316 2198 ad
1344 2171 1396 2198 hoc
1418 2171 1490 2198 enim
1515 2178 1610 2198 eorum
1634 2177 1694 2205 quae
1720 2177 1736 2197 a
1764 2165 1771 2171 ’

110 2214 204 2247 ἔξωθεν
231 2214 327 2248 σοφίας
344 2214 557 2249 έπεισαχθέντα,
583 2214 710 2249 τοιαύτην
735 2214 795 2241 τινὰ
817 2214 894 2249 ῥῆσιν

950 2217 1024 2245 Patre
1040 2221 1135 2245 nostro
1157 2217 1230 2244 dicta
1256 2221 1321 2244 sunt
1348 2217 1436 2244 tendit
1460 2216 1653 2252 intelligentia:
1679 2216 1736 2244 lucc

110 2259 172 2295 πρὸς
199 2258 356 2296 ἀνατροπὴν
374 2260 427 2287 τῶν
451 2260 603 2295 εἰρημένων
630 2259 826 2295 προϐάλλεται,
849 2259 895 2285 καί

109 2313 182 2340 φησι,
197 2306 244 2339 Τίς
252 2305 402 2343 raw-771711,-
414 2305 538 2340 λέγοντός
554 2314 624 2338 τινος
639 2305 692 2332 τῶν
704 2306 760 2336 τοῖς
767 2305 896 2336 τοιούτοις

109 2351 193 2384 λόγοις
212 2351 489 2387 έμμεμελετηκότων·
508 2351 602 2387 ὥσπερ
617 2352 696 2387 εἴπερ
720 2351 750 2378 τὺ
769 2352 896 2387 δημιουρ-

109 2395 170 2430 γεῖν’
178 2397 259 2424 καλὸν
284 2398 330 2424 καὶ
350 2398 452 2434 πρέπον
467 2397 542 2433 Θεῷ,
558 2397 616 2429 πῶς
631 2398 680 2424 οὐκ
697 2397 806 2433 ἅνάρχῳ
820 2397 895 2433 αὐτῷ

108 2443 135 2468 τὸ
149 2443 227 2470 καλὸν
245 2443 294 2471 καὶ
314 2444 417 2479 πρέπον
435 2444 534 2479 παρῆν,
557 2444 636 2480 εἴπερ
649 2444 765 2479 ἄναρχος
779 2445 793 2470 6
809 2443 893 2475 Θεός;

109 2487 157 2515 Καὶ
170 2488 256 2516 ταῦτα
275 2489 342 2524 μήτε
362 2489 471 2524 ἀγνοίας
486 2489 652 2524 κωλυούσης,
672 2490 738 2525 μήτε
752 2489 894 2521 ἀσθενείας

108 2534 313 2570 ἐμποδιζούσης,
336 2535 353 2570 ἢ
369 2535 436 2571 πρὸς
462 2535 492 2562 τὸ
516 2536 690 2571 δημιουργεῖν
707 2535 829 2571 ἡλικίας,
847 2536 893 2562 καὶ

107 2579 154 2605 ὅσα
173 2581 352 2616 συμφορήσας
373 2580 465 2613 κακῶς
483 2581 588 2616 σεαυτῷ
612 2581 761 2616 κατέχεας·
782 2582 812 2607 οὐ
839 2582 892 2616 γὰρ

107 2624 194 2660 δήτοῦ
213 2625 281 2652 Θεοῦ
299 2626 377 2662 Θέμις
393 2627 488 2653 εἰπεῖν.
506 2627 536 2653 Εἰ
553 2627 601 2662 μὲν
614 2625 660 2654 οὖν
672 2625 705 2662 ἦν
718 2627 828 2654 δυνατὸν
843 2627 892 2653 αὒ-

105 2670 148 2697 τιν
167 2671 211 2698 τὸν
224 2671 383 2699 διδάσκαλον
400 2672 468 2708 πρὸς
483 2673 513 2700 τὺ
527 2672 662 2709 ἐρωτηθὲν
680 2673 889 2708 ἀποκρίνασθαι,

105 2716 201 2750 ἔδειξεν
217 2717 250 2745 ἂν
264 2718 303 2753 τῷ
316 2717 449 2753 Εὑνομίῳ,
464 2719 505 2751 τίς
527 2718 560 2746 ἂν
570 2719 690 2753 ἐγένετο,
710 2718 801 2750 καθὼς
817 2716 891 2749 οὗτος

105 2762 120 2795 ἠ
125 2761 227 2797 pr-.1152.
246 2763 290 2789 διὰ
310 2765 360 2798 τῆς
372 2763 562 2790 θεοπαιδεύτου
579 2763 701 2799 γλώττης
711 2784 718 2797 ,
731 2763 762 2790 τό
774 2772 804 2791 τε
821 2763 890 2790 θεῖον

105 2809 281 2836 ὲξικαλὺτιτων
303 2810 450 2845 μυστήριον
461 2831 467 2842 ,
485 2811 530 2837 καὶ
549 2811 687 2846 μαοτίζων
701 2811 756 2841 τοῖς
771 2810 890 2844 ἐλέγχοις

104 2855 164 2887 τοῦς
179 2855 227 2890 τῆς
246 2856 352 2891 ἀπάτης
371 2855 534 2891 προστάτας,
548 2856 616 2883 ὥστε
637 2856 750 2892 ςανερδν
766 2857 889 2891 γενέσθαι

948 2262 1098 2290 Eunomius
1115 2263 1190 2298 prius
1205 2262 1353 2290 traducens
1368 2267 1395 2290 et
1409 2271 1523 2297 carpens
1534 2283 1541 2295 ,
1566 2263 1678 2289 advecta
1701 2270 1734 2289 ex

947 2307 1080 2342 sapientia
1106 2311 1236 2340 externa,
1262 2308 1343 2334 talem
1367 2307 1514 2342 quamdam
1533 2307 1680 2334 dictionem
1700 2307 1733 2334 ad

945 2353 1114 2380 eversionem
1135 2360 1228 2380 eorum
1243 2361 1303 2388 quze
1317 2353 1389 2380 dicta
1403 2357 1466 2380 sunt
1485 2352 1621 2388 proponit,
1634 2356 1660 2380 et
1672 2352 1710 2378 ait
1725 2361 1732 2379 :

946 2399 1011 2431 Quis
1038 2399 1262 2435 generabit?(cum
1281 2398 1395 2427 dixisset
1415 2399 1515 2434 aliquis
1531 2407 1625 2427 eorum
1643 2399 1689 2433 qui
1706 2399 1732 2426 in

944 2445 1046 2472 talibus
1073 2446 1247 2472 sermonibus
1270 2445 1412 2472 exercitati
1440 2447 1533 2480 suutz)
1554 2445 1732 2479 quemadmo-

944 2490 1019 2524 dum,
1039 2490 1174 2525 siquidem
1190 2490 1309 2517 eontlere
1325 2494 1352 2517 et
1369 2498 1463 2518 creare
1477 2491 1621 2517 honestum
1638 2495 1664 2516 ct
1678 2489 1733 2517 Deo

943 2535 1072 2563 decorum
1084 2539 1141 2563 est;
1156 2544 1211 2570 quo
1227 2535 1307 2562 modo
1323 2536 1374 2571 ipsi
1393 2536 1499 2571 origine
1515 2535 1620 2562 carenti
1644 2535 1731 2562 hone-

942 2587 1012 2609 stum
1037 2586 1063 2609 et
1086 2582 1188 2609 decens
1207 2590 1260 2609 non
1281 2582 1391 2614 aderat,
1416 2581 1549 2616 siquidem
1576 2580 1682 2616 origine
1706 2586 1733 2608 et

943 2627 1078 2663 principio
1098 2632 1173 2655 caret
1189 2627 1260 2655 Deus
1272 2628 1283 2655 ?
1297 2627 1367 2663 Ergo
1384 2628 1465 2655 etiam
1489 2627 1547 2654 hzec
1560 2634 1619 2662 qua?
1632 2631 1724 2654 creata

941 2677 1017 2705 sunt,
1035 2681 1095 2701 cum
1111 2681 1198 2709 neque
1216 2674 1368 2708 ignorantia
1385 2673 1421 2700 sit
1434 2680 1494 2708 quae
1514 2672 1667 2707 prohibeat,
1689 2681 1732 2700 ne-

940 2728 992 2754 que
1008 2719 1152 2748 inﬁrmitas
1164 2719 1361 2754 quaeimpediat
1372 2719 1413 2746 vel
1424 2722 1490 2746 :etas
1503 2719 1535 2746 ad
1551 2718 1728 2754 operandum,

942 2772 969 2795 ct
994 2775 1165 2803 quazcunque
1187 2775 1338 2802 congcrens
1358 2767 1428 2794 male
1454 2767 1480 2793 in
1503 2771 1530 2794 te
1557 2766 1645 2800 ipsum
1662 2765 1730 2792 εσυ-

939 2814 1003 2842 disti
1016 2823 1023 2847 ι
1038 2821 1100 2841 nam
1120 2814 1146 2840 in
1165 2813 1259 2845 Deum,
1278 2813 1369 2840 dicere
1386 2812 1473 2840 nefas.
1491 2812 1518 2839 Si
1534 2813 1616 2846 igitur
1633 2814 1728 2845 posset

942 2859 1071 2895 magister
1086 2858 1119 2886 ad
1134 2858 1330 2894 interrogatum
1347 2858 1522 2893 respondere,
1539 2857 1673 2885 Eunomio
1687 2863 1742 2884 05-.
