1970 3076
231 129 280 158 τοι

233 190 370 221 tenderet,
385 190 446 225 quis
467 188 574 223 genitus
589 191 648 221 est,
669 187 739 216 sicut
764 187 808 215 htc
834 188 1010 223 interrogavit
1028 188 1046 216 Α

231 244 280 271 per
293 236 410 270 linguam
426 241 440 260 a
462 233 516 260 Deo
532 232 680 264 eruditam.
705 236 732 260 et
748 237 813 260 tunc
829 233 950 261 divinum
969 240 1013 260 rc—

231 281 324 309 velans
340 279 510 315 mysterium,
527 282 555 306 et
567 277 777 306 refutationibus
791 278 929 313 ﬂagellans
942 285 1014 305 erro-

231 327 270 354 ris
282 326 421 362 prmsides,
434 329 464 352 ut
483 324 611 352 omnibus
628 324 663 352 sit
686 324 859 351 manifestum
881 327 1012 359 quantum

232 373 339 400 intersit
354 373 425 399 inter
442 371 599 398 ministrant
624 370 816 406 mysteriorum
839 369 961 402 Christi,
987 373 1013 396 et

231 418 343 445 mimum
361 416 518 450 ridiculum,
536 416 578 444 vel
599 415 717 444 lictorem
731 423 862 443 novorqu
877 419 904 443 et
919 415 1011 450 prodi-

230 463 371 498 giosorum
397 462 570 497 placitorum.
595 461 648 488 Sed
665 461 794 496 quoniam
816 461 860 488 ille
882 460 1011 495 quidem,

230 509 346 536 sicutait
359 509 515 544 Apostolus,
526 511 650 535 mortuus
665 507 718 535 Deo
731 508 861 542 loquitur,
881 507 923 534 hic
938 515 1012 538 vero,

230 558 360 588 tanquam
377 560 430 580 non
445 553 481 580 sit
492 553 539 588 qui
552 551 732 585 contradicat,
746 552 809 579 talia
823 551 946 587 projicit:
961 551 1012 578 etsi

230 603 324 627 nostra
344 598 487 633 responsio
506 597 599 625 Basilii
618 597 708 633 magni
724 604 816 624 vocem
839 604 893 624 non
914 601 1012 632 aequet,

230 645 410 673 nihilominus
427 645 483 672 haec
501 644 534 671 ad
553 651 672 680 praesens
698 643 877 679 interroganti
900 651 1013 678 respon-

230 690 369 723 debimus,
384 689 455 725 quod
471 689 566 717 Sermo
580 692 654 721 tuus.
667 696 746 723 quem
763 688 795 716 ad
809 689 1013 716 subversioncm

231 740 386 762 nostrorum
409 736 514 769 prol'ers
538 741 694 762 sermonum
710 755 718 766 ,
741 734 799 769 ipse
823 738 939 762 testatur
964 743 1014 763 nos

230 788 293 808 vera
305 780 396 808 dicere
410 780 436 807 in
452 780 486 809 iis
511 780 537 807 in
560 780 658 815 quibus
686 780 832 814 impietatis
849 784 902 807 tua:
916 781 1013 816 dogma

231 826 388 854 rel‘ellimus.
402 825 493 861 Neque
505 827 576 854 enim
589 826 661 853 aliud
674 833 724 854 nos
738 830 792 852 tam
802 825 921 861 graviter
933 833 1012 853 aecu-

231 879 334 905 samus,
350 879 430 907 quam
455 871 526 907 quod
550 871 694 899 contendis
715 871 872 899 existimare
894 879 945 899 nos
965 872 1012 898 de-

230 918 304 950 bere,
322 917 465 945 Dominum
486 922 618 946 creatura:
640 918 707 945 nihil
725 917 833 946 differre
849 918 882 945 ab
905 918 938 945 iis
954 925 1014 953 qum

230 963 385 991 communia
400 967 462 990 sunt
476 967 608 991 creatura:
623 972 629 990 :
644 967 668 990 et
690 962 762 997 quod
777 970 791 988 a
806 962 882 991 vobis
896 966 1013 997 prazten-

229 1007 302 1035 ditur
320 1011 414 1035 contra
431 1007 607 1043 Unigenitum
623 1007 739 1035 omnino
754 1007 930 1034 damnamus.
944 1007 1012 1034 Nam

229 1052 251 1080 si
268 1053 340 1087 quod
356 1053 383 1080 in
399 1057 525 1080 creatura
537 1053 623 1085 vides,
641 1056 721 1087 putas
732 1056 857 1087 oportere
869 1052 920 1079 hoc
931 1052 1012 1079 etiam

230 1097 369 1132 unigenito
394 1095 449 1124 Deo
471 1105 641 1132 congruere,
668 1098 827 1125 conclusum
855 1103 915 1131 est,
939 1098 1011 1133 Quod

229 1150 403 1177 summopere
415 1143 623 1177 contendimus;
640 1151 688 1179 per
700 1147 762 1171 tttos
777 1144 848 1171 enim
873 1151 1012 1172 sermones

230 1189 366 1216 rationum
385 1193 492 1216 tuarum
506 1189 661 1217 absurditas
678 1190 745 1217 satis
769 1194 809 1217 est
827 1190 1012 1217 demonstrata

229 1233 412 1268 omnibusque
431 1233 501 1260 facta
517 1233 680 1268 perspicua;
700 1239 726 1262 et
743 1235 815 1269 quod
830 1234 880 1262 nes
900 1234 926 1261 in
940 1235 1011 1262 veri-

229 1282 284 1306 tate
297 1287 448 1306 sermonem
468 1287 578 1314 pravum
597 1280 762 1314 corrigimus
781 1288 812 1307 ae
835 1280 1012 1315 reprehendi-

230 1332 309 1357 mus,
331 1324 457 1360 quodque
479 1325 527 1352 tibi
550 1324 583 1352 de
599 1325 739 1361 unigenito
762 1326 816 1354 Deo
839 1327 931 1361 opinio
949 1327 1011 1355 talis

229 1377 279 1402 est,
297 1378 328 1398 ac
343 1372 375 1398 de
390 1371 505 1406 reliquis
520 1372 668 1406 creaturis;
688 1373 799 1407 perinde
814 1380 845 1400 ac
865 1373 887 1401 si
909 1372 942 1400 de
962 1373 1012 1400 ali-

234 1415 430 1451 quadubitatio
448 1421 536 1450 esset,
559 1425 612 1444 non
633 1417 666 1445 de
685 1419 826 1453 unigenito
845 1417 929 1451 Filio,
945 1418 1009 1450 Deo,

229 1461 326 1496 opiiiee
352 1461 441 1489 onmis
459 1466 607 1494 creaturae,
633 1463 689 1490 sire
709 1467 770 1490 ante
785 1467 843 1491 erat
855 1484 861 1495 .
879 1464 935 1492 sive
951 1468 1011 1499 post

228 1507 301 1534 Patri
319 1507 420 1534 aderat.
435 1507 506 1540 Quid
520 1508 600 1543 igitur
616 1508 649 1535 ad
663 1508 720 1535 haec
733 1509 791 1536 iniit
808 1516 858 1536 vox
873 1509 1012 1545 magistri?
1026 1527 1047 1555 ο

228 1553 307 1586 Quod
323 1557 418 1580 natura
434 1553 535 1580 bonum
549 1557 602 1586 est,
616 1561 670 1581 non
685 1554 758 1589 pium
773 1559 815 1582 est
836 1562 890 1581 non
907 1563 1014 1589 semper

230 1599 257 1625 in
272 1598 326 1626 Deo
339 1605 399 1626 esse
416 1598 539 1626 credere.
555 1598 662 1626 Nullam
692 1599 764 1626 enim
787 1599 878 1627 videre
903 1607 1013 1627 causam

231 1649 342 1679 propter
352 1652 434 1679 quam
447 1649 662 1672 consentaneum
677 1649 718 1673 est
740 1645 840 1672 bonum
866 1645 937 1673 bono
959 1653 1014 1673 non

229 1689 327 1717 adesse
337 1711 344 1722 ,
362 1698 450 1724 neque
465 1694 578 1726 propter
592 1691 732 1725 potestatis
746 1691 882 1718 defectum
895 1712 901 1724 ,
926 1699 1014 1726 neque

231 1739 340 1769 propter
360 1735 508 1762 voluntatis
525 1735 655 1770 inopiam.
673 1735 742 1768 Quid
759 1736 793 1764 ad
810 1736 868 1763 haec
885 1736 951 1763 dicit
967 1736 1014 1771 qui

230 1779 274 1806 his
292 1779 561 1813 adversatur?Quod
577 1780 599 1808 si
624 1780 706 1808 Deum
721 1780 837 1808 Verbum
857 1789 890 1809 ex
909 1787 1014 1808 :eterno

230 1825 394 1852 credendum
411 1833 471 1854 esse
484 1825 603 1859 dederis,
622 1831 649 1853 et
662 1825 695 1854 de
709 1826 843 1854 creaturis
857 1826 927 1854 idem
947 1826 1015 1855 fate-

231 1872 313 1900 beris.
333 1871 354 1899 0
369 1873 507 1907 quomodo
521 1873 596 1900 novit
613 1873 717 1901 ratione
728 1872 885 1901 discernere
905 1879 1014 1901 creatu-

231 1925 322 1945 rarum
337 1922 463 1945 naturant
491 1923 518 1946 et
531 1918 650 1946 divinam
671 1918 854 1953 majestatem!
873 1918 1015 1952 Quomodo

230 1964 284 1992 scit
297 1972 356 2000 qua
371 1964 495 2000 utrisque
510 1968 715 2000 sunt'congrua,
731 1972 845 2000 qumque
864 1965 897 1992 de
916 1965 970 1992 Deo
985 1969 1012 1992 et

230 2018 290 2045 qua:
306 2009 339 2038 de
352 2014 484 2038 creatura'
495 2011 539 2046 pie
552 2011 593 2038 fas
603 2015 645 2039 est
657 2011 828 2038 existimare!
850 2011 888 2043 Si,
906 2011 1006 2045 inquit,

1029 858 1047 884 Β

847 131 874 158 S.
895 130 1057 160 GREGOBH
1073 130 1218 159 NYSSEM

1801 128 1850 155 799

1063 188 1146 214 πᾶσιν
1156 187 1217 213 ὅσον
1231 186 1261 213 τὸ
1274 187 1355 222 μέσον
1369 186 1426 213 ἐστὶ
1443 186 1543 222 μεταξὺ
1555 186 1677 213 διακόνου
1692 185 1850 221 μυστηρίων

1065 232 1191 268 Χριστοῦ,
1205 233 1252 259 καὶ
1264 232 1346 268 μίμου
1363 232 1477 266 γελοίου,
1490 232 1506 267 ἢ
1521 231 1632 267 ποιητοῦ
1647 232 1749 258 καινῶν
1762 240 1792 258 τε
1804 232 1849 258 καὶ

1063 278 1214 305 ἀλλοκότων
1231 277 1382 312 δογμάτων.
1409 278 1484 304 Ἐπεὶ
1502 277 1530 303 δὲ
1549 278 1563 303 ὁ
1582 278 1640 312 μὲν,
1655 277 1746 308 καθώς
1768 285 1849 312 φησιν

1062 326 1076 351 ό
1097 324 1265 356 ’Δπόστολος.
1281 323 1422 351 ἀποθανὼν
1436 323 1475 358 τῷ
1494 323 1553 358 Θεῷ
1571 324 1656 354 λαλεῖ,
1673 325 1687 350 ό
1705 323 1733 349 δὲ
1748 323 1785 354 ὡς
1801 324 1850 350 οὐκ

1062 371 1142 402 δντοξ
1150 371 1196 397 τοῦ
1210 369 1384 406 ἀντεροῦντας
1399 369 1510 396 τοιαῦτα
1526 369 1682 404 προϐάλλει,
1699 369 1751 396 κᾶν
1769 369 1806 404 μὴ
1821 370 1849 394 τδ

1062 415 1120 443 ἴσον
1138 417 1154 452 ἡ
1172 417 1234 451 παρ’
1252 415 1328 451 ἡμῶν
1349 415 1494 450 ἀπόκρισις
1513 414 1572 451 ἔχῃ,
1590 414 1627 446 ὡς
1646 415 1714 450 πρὸς
1730 415 1780 450 τὴν
1802 415 1848 441 τοῦ

1065 462 1182 498 μεγάλου
1202 461 1340 488 Βασιλείου
1362 461 1469 497 φωνὴν,
1485 460 1554 496 πλὴν
1577 462 1606 487 ὲν
1627 461 1741 496 παρόντι
1763 460 1849 487 ταῦτα

1065 506 1131 542 προς
1152 506 1198 533 τὸν
1223 506 1395 541 ἐρωτήσαντα
1420 506 1556 541 φήσομεν,
1580 505 1622 531 ὅτι
1638 505 1782 541 Μαρτυρία
1803 505 1848 531 τοῦ

1063 552 1203 587 ἀληθεύειν
1219 552 1291 587 ἡμᾶς
1305 552 1333 577 ὲν
1348 548 1388 582 οἷς
1401 551 1430 577 τὸ
1440 551 1526 585 δόγμα
1539 550 1588 585 τῆς
1603 550 1728 582 ἀσεϐείας
1742 551 1851 585 ἐλέγχοι

1065 606 1122 633 μεν,
1139 598 1152 624 ὁ
1165 597 1210 628 σὸς
1222 597 1325 631 γίνεται
1342 597 1419 630 λόγος
1433 597 1447 622 ὁ
1462 596 1508 622 ἐπὶ
1521 597 1660 631 ἀνατροπῇ
1681 596 1735 622 τῶν
1752 596 1851 630 ἡμετέ-

1065 652 1118 679 ρων
1136 642 1336 678 προφερόμενος
1348 641 1443 675 λόγων.
1460 640 1528 667 Οὔτε
1542 641 1597 676 γὰρ
1609 641 1672 668 ἄλλο
1684 649 1710 666 τι
1725 639 1850 666 τοσοῦτον

1064 689 1143 724 ἡμεῖς
1157 687 1317 723 αἰτιώμεθα,
1333 687 1349 721 ἢ
1363 687 1393 713 τὸ
1410 686 1492 723 μηδὲν
1507 686 1610 713 οἴεσθαι
1628 686 1764 720 διαφέρειν
1779 687 1851 720 ἡμᾶς

1062 736 1109 761 τοῦ
1131 734 1220 761 κοινοῦ
1234 734 1283 769 τῆς
1307 734 1421 765 κτίσεως
1444 733 1489 759 τὸν
1504 732 1641 768 Δεσπότην
1655 732 1704 767 τῆς
1720 732 1848 762 κτίσεως·

1063 779 1152 807 καὶτὸ
1172 781 1235 816 παρ’
1253 779 1329 815 ὑμῶν
1349 778 1553 814 προτεινόμενον
1573 777 1643 804 κατὰ
1664 777 1711 803 τοῦ
1731 778 1851 811 Μονογε-

1064 825 1124 858 νοῦς
1151 827 1229 861 ἡμεῖς
1243 825 1403 860 αἰτιώμεθα.
1420 824 1451 850 Et
1462 824 1516 859 γὰρ
1527 824 1595 859 ὅπερ
1612 824 1657 849 ἐπὶ
1672 823 1721 858 τῆς
1735 823 1850 853 κτίσεως

1064 871 1181 906 βλέπεις,
1198 870 1275 898 τοῦτο
1289 871 1343 897 δεῖν
1358 870 1408 896 οἴει
1421 869 1584 905 ἐφαρμόζειν
1600 869 1646 895 καὶ
1663 868 1701 904 τῷ
1714 869 1851 904 μονογενεῖ

1063 917 1131 952 Θεῷ,
1152 917 1237 952 πέρας
1253 916 1309 951 ἔχει
1322 917 1351 943 τὸ
1367 915 1430 951 παρ’
1445 915 1522 951 ἡμῶν
1546 914 1762 949 σπουδαζόμενον
1773 922 1780 928 ·
1798 914 1848 940 ἀπ-

1065 962 1223 998 ελήλεγκται
1241 962 1294 996 γὰρ
1312 961 1356 988 διὰ
1379 961 1434 988 τῶν
1456 961 1509 987 σῶν
1530 961 1614 994 λόγων
1628 960 1658 986 τὸ
1679 960 1789 991 ἄτοπον,
1805 960 1850 986 καὶ

1063 1008 1130 1034 πᾶσι
1143 1008 1238 1042 γέγονε
1257 1008 1411 1042 καταφανές
1423 1016 1429 1023 ·
1445 1008 1485 1034 ὅτι
1501 1016 1530 1034 τε
1543 1007 1622 1042 ἡμεῖς
1639 1007 1668 1032 ἐν
1681 1006 1795 1041 ἀληθεία
1807 1006 1850 1032 τὸν

1062 1054 1139 1088 λόγον
1155 1053 1301 1089 εὐθύνομεν
1311 1075 1318 1086 ,
1333 1054 1378 1080 καὶ
1393 1054 1433 1081 ὅτι
1451 1061 1491 1080 σοι
1516 1053 1529 1088 ἡ
1549 1052 1613 1088 περὶ
1629 1052 1676 1078 τοῦ
1692 1051 1850 1086 μονογενοῦς

1062 1099 1129 1126 Θεοῦ
1147 1099 1279 1134 ὑπόληψις
1297 1099 1408 1134 τοιαύτη
1423 1099 1506 1130 ἐστὶν,
1521 1098 1565 1124 οἵα
1581 1097 1628 1124 καὶ
1644 1097 1708 1132 περὶ
1722 1097 1758 1123 τὰ
1772 1097 1850 1124 λοιπὰ

1062 1145 1116 1170 τῶν
1132 1144 1304 1179 κτισμάτων,
1322 1144 1384 1180 περί
1398 1152 1469 1174 τινος
1489 1144 1505 1178 ὴ
1528 1142 1733 1177 ἀμφισϐήτησις
1754 1139 1799 1177 ἦν,
1820 1143 1849 1168 οὐ

1062 1198 1094 1216 πε
1100 1190 1125 1225 pl.
1138 1188 1184 1215 τοῦ
1202 1188 1361 1223 μονογενοῦς
1375 1187 1440 1214 Υίοῦ
1454 1187 1500 1214 τοῦ
1516 1187 1583 1214 Θεοῦ
1593 1206 1601 1218 ,
1619 1187 1665 1213 τοῦ
1684 1187 1848 1222 δημιουργοῦ

1062 1236 1151 1270 πάσης
1166 1236 1213 1270 τῆς
1230 1235 1353 1266 κτίσεως,
1364 1234 1419 1261 εἴτε
1432 1233 1475 1260 ἀεὶ
1489 1231 1533 1269 ἦν,
1550 1233 1604 1260 εἴτε
1618 1232 1730 1268 ὕστερον
1798 1234 1850 1259 Πα-

1062 1281 1106 1316 τρὶ
1122 1281 1309 1316 προσεγένετο.
1334 1279 1365 1306 Τί
1386 1278 1432 1306 οὖν
1454 1279 1519 1315 περὶ
1537 1279 1632 1306 τούτου
1654 1280 1737 1314 φησιν
1760 1280 1776 1313 ἡ
1805 1278 1848 1305 τοῦ

1061 1326 1217 1353 διδασκάλου
1232 1326 1324 1360 (por/1'];
1339 1326 1397 1351 ’Ὁτι
1409 1325 1438 1351 τὸ
1451 1326 1483 1360 τῇ
1498 1324 1576 1357 φύσει
1591 1325 1682 1358 καλὸν,
1695 1325 1744 1350 οὐκ
1755 1325 1849 1358 εὐαγές

1061 1372 1119 1398 ἐστι
1145 1372 1182 1407 μὴ
1199 1371 1240 1398 ἀεὶ
1263 1372 1290 1397 ἐν
1313 1371 1351 1406 τῷ
1367 1371 1426 1406 Θεῴ
1451 1370 1587 1397 πιστεύειν
1603 1370 1682 1397 εἶναι.
1708 1371 1782 1406 Μηδὲ
1799 1372 1850 1406 γὰρ

1062 1417 1150 1444 αἰτίαν
1166 1418 1231 1453 ὁρᾷν
1247 1426 1307 1443 τινα
1329 1417 1389 1443 καθ’
1412 1417 1444 1452 ἣν
1469 1417 1542 1448 εἰκός
1565 1417 1622 1442 ἐστι
1642 1416 1672 1443 τὸ
1690 1416 1793 1450 ἀγαθὸν
1814 1417 1850 1451 τῷ

1062 1462 1155 1498 ἀγαθῴ
1171 1463 1208 1498 μὴ
1227 1464 1363 1498 παρεῖναι,
1385 1463 1452 1497 μήτε
1465 1462 1535 1489 κατὰ
1556 1462 1695 1497 δυνάμεως
1719 1463 1845 1497 ἔλλειψιν,

1066 1510 1132 1545 μήτε
1148 1508 1218 1535 κατὰ
1234 1508 1282 1543 τὴν
1303 1508 1351 1543 τῆς
1372 1507 1467 1543 βουλῆς
1491 1508 1611 1543 ἀγονίαν.
1632 1508 1664 1535 Τί
1680 1509 1748 1544 πρὸς
1766 1508 1850 1535 ταῦτά

1065 1563 1146 1590 φησιν
1157 1556 1170 1581 ὁ
1182 1556 1237 1586 τοῖς
1248 1555 1400 1589 εἰρημένοις
1414 1554 1583 1589 μαχόμενος
1597 1554 1658 1580 ’Ὁτι
1671 1554 1719 1580 ἐὰν
1729 1554 1774 1580 τὸν
1787 1554 1849 1580 Θεὸν

1064 1600 1148 1634 Λόγον
1164 1599 1216 1635 δῷς
1235 1599 1264 1632 ἐξ
1280 1600 1364 1626 ἀϊδίου
1386 1600 1568 1631 πιστεύεσθαι,
1587 1601 1633 1626 καὶ
1649 1601 1712 1635 περὶ
1733 1599 1788 1626 τῶν
1805 1600 1849 1635 δη-

1065 1646 1276 1681 μιουργημάτων
1289 1645 1318 1672 τὸ
1330 1643 1388 1672 ἶσον
1402 1645 1506 1677 δώσεις.
1523 1646 1555 1671 Ὢ
1571 1646 1629 1678 πῶς
1642 1644 1695 1672 οἶδε
1707 1645 1851 1681 διακρίνειν

1064 1691 1102 1726 τῷ
1113 1691 1183 1726 λόγῳ
1209 1691 1454 1727 δημιουργημάτων
1469 1691 1549 1725 φύσιν
1562 1692 1607 1717 καὶ
1623 1691 1696 1718 θείαν
1713 1691 1850 1726 μεγαλειό-

1064 1737 1146 1772 τηταῐ
1168 1736 1226 1768 πῶς
1246 1736 1387 1763 ἐπίσταται
1411 1737 1475 1771 περὶ
1496 1736 1626 1771 ἐκατέρου
1649 1737 1683 1762 τὰ
1700 1736 1849 1771 πρόσφορα,

1064 1781 1115 1807 ὅσα
1130 1790 1158 1807 τε
1178 1781 1241 1817 περὶ
1254 1781 1301 1808 τοῦ
1318 1781 1396 1814 Θεοῦ,
1414 1782 1460 1808 καὶ
1475 1781 1524 1807 ὅσα
1541 1781 1603 1816 περὶ
1617 1782 1664 1816 τῆς
1680 1781 1794 1813 κτίσεως
1810 1781 1851 1807 εὑ-

1065 1827 1150 1858 σεόὦς
1168 1827 1239 1853 ἔστιν
1258 1827 1376 1853 οἵεσΟαιί
1402 1828 1432 1853 Εἰ
1453 1828 1467 1853 ὁ
1488 1826 1661 1862 δημιουργὸς,
1684 1828 1778 1862 φησὶν,
1803 1827 1852 1853 ἀπὸ

1064 1873 1110 1900 τοῦ
1130 1874 1224 1909 χρόνου
1244 1874 1292 1909 τῆς
1305 1873 1484 1908 δημιουργίας
1502 1873 1624 1907 ἄρχεται.
1649 1872 1686 1898 υὺ
1708 1872 1763 1908 γὰρ
1783 1873 1851 1906 ἄλλῳ

1064 1919 1118 1945 τινὶ
1130 1918 1178 1953 τὴν
1193 1917 1246 1944 τῶν
1258 1918 1406 1952 γεγονότων
1417 1917 1503 1952 ἀρχὴν
1516 1917 1574 1943 ἔστι
1587 1917 1803 1952 σημειώσασθαι,
1817 1917 1851 1952 μὴ

1064 1966 1092 1991 ὲν
1113 1964 1150 2000 τῷ
1167 1964 1224 1999 ἰδίῳ
1236 1964 1397 1998 διαστήματι
1410 1962 1455 1989 τοῦ
1473 1962 1569 1998 χρόνου
1586 1962 1634 1994 τὰς
1650 1962 1738 1997 ἀρχὰς
1755 1963 1803 1988 καὶ
1821 1962 1852 1988 τὰ

1064 2009 1127 2044 τέλη
1144 2010 1198 2040 τοῖς
1210 2008 1363 2043 γινομένοις
1374 2007 1518 2043 ὁρίζοντος.

231 2056 320 2092 opifex
335 2063 350 2083 a
366 2060 485 2092 tempore
503 2057 641 2092 opificium
659 2057 827 2092 auspicatur.
850 2057 909 2085 Non
932 2058 1006 2085 enim
1029 2057 1084 2084 alio
1100 2056 1191 2090 aliquo
1209 2063 1303 2083 eorum
1319 2062 1380 2089 qua:
1397 2058 1460 2081 sunt
1475 2053 1562 2087 facta,
1594 2052 1758 2088 principium
1793 2053 1855 2081 licet

232 2106 336 2135 notare,
369 2103 422 2131 nisi
446 2107 555 2138 tempus
584 2104 609 2130 in
645 2105 754 2139 proprio
771 2104 912 2132 intervallo
941 2104 1073 2140 principia
1090 2107 1117 2130 et
1133 2107 1252 2130 extrema
1274 2102 1317 2129 his
1332 2109 1392 2137 qua!
1409 2101 1475 2128 ﬁunt
1490 2101 1634 2128 deﬁnierit.

265 2149 398 2182 Quocirca
413 2149 501 2184 inquit
533 2153 658 2183 oportere
673 2149 802 2178 factorem
827 2155 979 2187 temporum
999 2159 1014 2178 ιι

233 2195 366 2230 principio
377 2195 458 2222 simili
475 2203 536 2222 esse
551 2195 680 2230 cmpisse.
698 2195 750 2223 Sed
765 2200 890 2224 creatura
905 2198 1014 2232 quidem

233 2241 396 2277 principium
404 2241 486 2269 habet
497 2241 607 2275 saecula,
626 2241 736 2270 factoris
750 2248 839 2270 autem
853 2244 1014 2271 saeculorum

231 2287 369 2321 quodnam
385 2286 548 2321 principium
570 2287 721 2321 cogitabis?
737 2287 765 2315 Si
779 2290 840 2323 quis
854 2289 936 2320 dicat.
949 2287 1014 2315 illud

232 2331 395 2367 principium
411 2338 473 2359 esse
489 2331 560 2365 quod
577 2335 620 2359 est
635 2331 662 2358 in
678 2332 835 2368 Evangelio,
858 2332 930 2367 quod
954 2331 1015 2366 qui-

232 2376 293 2402 dem
309 2381 352 2403 est
363 2375 428 2402 illud
446 2375 517 2411 quod
529 2376 692 2410 declaratur,
706 2385 767 2405 cum
781 2385 836 2413 quo
848 2378 1018 2405 cohaerenter

232 2420 292 2448 Filii
309 2421 446 2449 confessio
461 2422 542 2449 simul
552 2422 765 2456 demonstratur,
777 2431 828 2451 nec
837 2423 877 2450 fas
892 2427 934 2450 est
944 2431 1016 2455 eum,

233 2467 279 2502 qui
299 2471 341 2495 est
361 2468 387 2494 in
402 2466 500 2500 Patre,
526 2469 597 2496 sicut
614 2469 681 2496 dicit
705 2469 854 2500 Dominus,
873 2468 907 2496 ab
927 2469 1018 2504 aliquo

234 2515 335 2547 puncto
348 2513 488 2546 temporali
507 2514 633 2549 coepisse.
653 2513 701 2540 Sin
720 2519 810 2541 autem
828 2513 900 2541 aliud
928 2513 1016 2548 quod~

232 2558 294 2585 dam
310 2563 408 2593 prreter
421 2559 485 2586 illud
501 2560 664 2595 principium
681 2567 741 2586 esse
756 2560 863 2593 asserit,
879 2560 952 2587 dicat
967 2568 1014 2586 no~

233 2611 296 2631 men
313 2612 367 2639 quo
385 2605 438 2632 tale
451 2605 616 2641 principium
632 2605 812 2641 signiticatur,
827 2613 889 2632 cum
911 2606 1014 2633 nullum

233 2655 297 2678 ante
323 2651 484 2679 szeculorum
512 2652 734 2679 constitutionem
759 2652 1014 2687 comprehendatur.

234 2695 304 2732 Ergo
325 2696 386 2726 talis
399 2705 490 2725 sermo
505 2705 518 2724 a
536 2697 579 2732 pia
596 2701 623 2724 et
648 2697 774 2732 religiosa
800 2697 928 2733 opinione
952 2705 1016 2733 erga

236 2741 405 2777 unigenitum
437 2744 520 2770 Deum
553 2742 627 2769 nullo
660 2742 740 2770 modo
769 2750 819 2770 nos
849 2743 1016 2773 dimovebit,

234 2788 341 2815 tametsi
363 2796 430 2816 anus
451 2788 616 2815 muliercula:
641 2789 703 2816 huic
726 2789 869 2824 qurestioui
889 2793 1016 2824 tanquam

234 2833 329 2861 valida:
345 2833 520 2868 applaudanl,
552 2834 684 2870 siquidem
702 2835 728 2862 in
749 2835 789 2862 his
810 2843 869 2870 quae
885 2835 918 2862 ab
940 2835 1017 2862 initio

1034 2307 1053 2333 ί)

1103 2149 1151 2176 Διὰ
1171 2148 1248 2175 τοῦτό
1271 2158 1336 2184 φησι
1351 2149 1404 2176 δεῖν
1420 2147 1467 2174 καὶ
1482 2147 1527 2174 τὸν
1549 2148 1664 2183 ποιητὴν
1676 2148 1731 2175 τῶν
1750 2147 1853 2183 χρόνων

1067 2196 1122 2222 ἀπὸ
1135 2196 1183 2230 τῆς
1204 2195 1298 2231 ὁμοίας
1315 2195 1400 2230 ἀρχῆς
1423 2194 1469 2221 τοῦ
1487 2191 1555 2221 εἶναι
1581 2193 1724 2229 ἄρξασθαι.
1745 2194 1815 2220 Ἀλλ’
1837 2195 1854 2229 ἡ

1069 2241 1117 2276 μὲν
1132 2241 1219 2271 κτίσις
1230 2240 1318 2276 ἀρχὴν
1333 2240 1396 2271 τοὺς
1413 2239 1514 2272 αἰῶνας
1536 2239 1602 2274 ἔχει,
1618 2239 1666 2265 ’τοῦ
1689 2239 1718 2265 δὲ
1744 2239 1853 2274 ποιητοῦ

1066 2285 1120 2311 τῶν
1135 2285 1238 2311 αἰώνων
1271 2283 1350 2310 ποίαν
1382 2284 1535 2319 ἐπινοήσεις
1551 2285 1658 2319 ἀρχήνς
1676 2284 1707 2309 El
1733 2283 1783 2318 μὲν
1802 2283 1854 2318 γὰρ

1066 2330 1115 2366 τὴν
1132 2331 1160 2357 ὲν
1173 2330 1211 2365 τῷ
1225 2329 1382 2365 Εὖαγγελῑῳ
1400 2339 1442 2362 τις
1455 2330 1519 2365 λέγῃ
1531 2350 1538 2361 ,
1555 2330 1621 2363 ὅπερ
1636 2330 1708 2356 ἐστὶν
1721 2331 1811 2356 ἐκεῖνο
1826 2329 1854 2356 τὸ

1065 2376 1238 2412 δηλούμενον,
1256 2372 1278 2409 ᾧ
1293 2376 1473 2411 συνημμένους
1487 2376 1533 2402 καὶ
1578 2375 1623 2402 τοῦ
1639 2375 1705 2402 Υἰοῦ
1726 2376 1854 2411 ὁμολογία

1067 2421 1315 2453 συναναδείκνυται,
1330 2421 1376 2448 καὶ
1387 2421 1437 2448 οὐκ
1449 2420 1505 2447 ἐστι
1519 2420 1565 2447 τὸν
1580 2420 1608 2446 ὲν
1622 2421 1660 2456 τῷ
1676 2421 1765 2456 ίΙατρὶ
1781 2421 1853 2453 ὄντα,

1067 2467 1157 2499 καοώς
1176 2476 1257 2502 φησιν
1271 2468 1285 2493 ό
1301 2467 1416 2504 Κύριος,
1439 2466 1492 2493 ἀπό
1510 2475 1580 2498 τινος
1599 2466 1712 2501 σημείου
1729 2465 1855 2502 χρονικοῦ

1066 2512 1206 2549 ἄρξασθαι.
1221 2513 1252 2539 E’.
1273 2513 1300 2539 δὲ
1314 2513 1396 2548 ἄλλην
1412 2521 1453 2544 τις
1467 2513 1552 2548 ἀρχὴν
1570 2513 1633 2547 παρ’
1648 2511 1757 2547 ἐκείνην
1771 2512 1854 2546 λέγει,

1068 2560 1171 2586 εἰπάτω
1183 2559 1213 2586 τὸ
1233 2559 1316 2593 ὄνομα
1332 2556 1353 2592 ᾧ
1377 2558 1534 2594 σημειῶται
1549 2558 1596 2593 τὴν
1613 2557 1740 2592 τοιαύτην
1757 2558 1854 2593 ἀρχὴν,

1070 2605 1181 2640 μηδενὸς
1195 2605 1482 2641 καταλαμϐανομένου,
1495 2604 1547 2639 πρὸ
1561 2605 1609 2639 τῆς
1625 2603 1678 2630 τῶν
1691 2603 1798 2630 αἰώνων
1810 2612 1852 2629 συ-

1069 2652 1200 2683 στάσεως.
1212 2650 1317 2678 Οὐκοῦν
1333 2651 1409 2677 οὐδὲν
1429 2650 1502 2685 ἡμᾶς
1517 2650 1699 2685 παρακινήσει
1716 2650 1766 2684 τῆς
1781 2650 1852 2676 εὐσε-

1069 2697 1133 2730 ϐοῦς
1148 2697 1212 2733 περὶ
1233 2697 1278 2723 τὸν
1297 2697 1427 2732 μονογενῆ
1444 2697 1509 2723 Θεὸν
1525 2695 1685 2731 ὑπολήψεως
1703 2696 1717 2722 ὁ
1737 2695 1855 2725 τοιοῦτος

1070 2743 1167 2778 λόγος,
1192 2743 1243 2770 κᾶν
1267 2743 1447 2779 ἐπικροτῶσιν
1474 2743 1502 2769 αἱ
1531 2742 1615 2778 γράες
1640 2741 1678 2773 ὡς
1698 2741 1802 2777 ἰσχυρῷ
1818 2739 1854 2774 τῷ

1071 2789 1251 2824 προϐλήματι.
1268 2789 1392 2823 Μένομεν
1406 2787 1459 2823 γὰρ
1481 2788 1526 2814 ἐπὶ
1547 2787 1601 2813 τῶν
1617 2787 1646 2819 ἐξ
1668 2786 1758 2822 ἀρχῆς
1775 2787 1854 2820 ἐγνω-

1073 2835 1188 2870 σμένων,
1200 2835 1391 2870 ἐρηρεισμέναι
1405 2835 1510 2869 ἔχοντες
1534 2833 1578 2860 ἐπὶ
1601 2833 1649 2868 τῆς
1667 2831 1794 2868 ἀληθείας
1812 2830 1854 2857 τὸν
