1970 3076
82 136 140 165 793

617 137 751 165 CONTRA
770 137 969 171 EUNOMIUM,
988 138 1051 167 LIB.
1070 139 1135 166 VIII.

1648 141 1699 168 794

82 191 177 226 λόγον·
193 191 233 217 ὅτι
260 191 309 218 ὅσα
330 191 393 226 περὶ
414 190 461 218 τοῦ
487 191 643 225 μονογενοῦς
669 193 736 219 Θεοῦ
757 192 867 227 λέγεινὸ

921 197 984 220 ειιηι
1008 193 1116 220 decreta
1143 200 1300 225 manemus.
1326 193 1457 222 ﬁrmata‘m
1477 198 1557 230 alque
1579 195 1698 223 innixam

82 237 136 271 τῆς
152 236 290 267 εὐσεόείας
306 237 461 263 ὑποτίθεται
478 237 566 269 λόγος,
590 238 716 272 οὐδεμίαν
730 238 786 273 ἕχει
801 238 868 273 πρὸς

82 282 134 318 τὴν
150 283 236 309 κτίσιν
249 282 298 318 τὴν
313 283 476 316 οἰκειότητα,
491 282 558 308 ἀλλὰ
572 283 659 318 πολλῷ
670 283 708 318 τῷ
723 285 796 319 μέσῳ
808 284 868 311 διώ-

84 336 175 362 ρισται
196 327 241 354 τοῦ
263 336 294 354 τε
323 328 413 354 πάντα
435 328 613 362 πεποιηκότος
625 348 633 360 ,
653 329 765 355 καὶτῶν
780 329 868 365 ἔργων

81 372 167 398 αὐτοῦ
188 372 221 398 τὰ
244 373 429 408 γνωρίσματα.
449 373 479 398 Et
501 373 549 408 μὲν
564 370 610 399 οὖν
635 375 663 400 ὲν
683 374 784 410 ἑτέροις
798 375 868 400 τισὶν

80 416 140 452 εἶχέ
155 427 215 444 τινα
231 418 369 444 κοινωνίαν
383 419 397 444 ὁ
413 418 476 449 Υἱὸς
489 419 555 454 πρὸς
568 419 616 453 τὴν
627 419 722 449 κτίσιν,
739 419 790 445 ἔδει
805 419 867 446 πάν-

79 473 137 495 τως
161 464 227 499 μηδὲ
242 465 313 491 κατὰ
332 464 378 491 τὸν
402 465 450 500 τῆς
477 464 617 499 ὑπάρξεως
637 466 736 501 τρόπον
761 465 866 501 παρηλ-

79 508 180 543 λάχθαι
194 509 291 542 λέγειν.
311 510 342 535 Εἰ
363 508 390 535 δὲ
409 509 520 544 ἄμοιρος
568 510 655 541 κτίσις
668 511 722 536 τῶν
740 511 867 538 τοιούτων

78 555 140 580 ἐστὶ
156 554 208 580 τῶν
233 555 283 581 ὅσα
306 555 369 589 περὶ
393 555 438 580 τὸν
461 555 525 581 Υιὸν
548 555 765 590 μεμαθήκαμεν·
783 555 867 590 ἀναγ-

79 601 159 626 καῖον
172 600 278 631 πάντως
287 620 294 632 ,
310 600 376 635 μηδὲ
389 600 458 626 κατὰ
470 600 548 627 τοῦτο
558 600 646 634 λέγειν
662 601 710 635 τὴν
725 601 866 628 κοινωνίαν

77 646 164 681 ἔχειν.
175 647 242 673 Οὐδὲ
257 646 311 680 γὰρ
326 647 355 672 ἐν
370 647 439 681 ἀρχῇ
454 644 487 681 ἦν
505 646 521 681 ἡ
540 646 627 678 κτίσις
639 667 645 676 ,
661 646 720 673 οὔτε
739 647 805 683 πρὸς
822 648 865 674 τὸν

76 691 148 718 Θεὸν
162 690 215 728 ἧν,
235 691 296 718 οὔτε
316 691 381 723 Θεὺς
402 689 446 727 ἦν,
464 693 494 718 οὐ
510 692 583 727 ζωὴ,
600 693 630 719 οὐ
646 693 719 726 φῶς,
739 694 788 720 οὐκ
801 694 865 720 ἀνά-

77 746 178 768 στασις
189 757 196 770 ,
214 737 244 764 οὐ
261 737 293 764 τὰ
305 737 386 764 λοιπὰ
398 738 450 764 τῶν
465 737 622 773 Θεοπρεπῶν
634 739 783 773 ὀνομάτων,
799 736 864 772 οἷον,

75 782 195 817 ἀλήθεια
207 802 214 814 ,
234 782 388 818 δικαιοσύνη
399 803 406 813 ,
431 783 565 817 ἁγιασμὸς
577 802 583 814 ,
609 784 719 819 κριτὴς,
743 784 845 816 δίκαιος
857 805 864 817 ,

77 828 197 863 ποιητὴς
211 828 258 854 τοῦ
273 828 388 860 παντὸς,
406 828 534 863 ὑπάρχων
552 828 606 864 πρδ
622 828 675 855 τῶν
691 829 803 861 αἰώνων,
817 830 864 864 βα-

76 874 195 900 σιλεύων
207 874 251 901 τὸν
267 874 361 905 αἰῶνα,
377 875 424 900 καὶ
439 874 480 900 ἐπ’
495 874 579 901 αἰῶνα
595 874 642 901 καὶ
656 875 705 905 ἔτι,
715 875 764 901 οὐκ
779 875 865 901 ἀπαύ-

75 928 175 954 γασμα
200 919 278 954 δῆξης
302 920 319 954 ἡ
336 919 437 951 κτίσις,
459 919 489 945 οὺ
507 919 647 954 χαρακτὴρ
672 919 865 951 ὑποστάσεως,

75 966 129 992 οὐκ
156 965 324 1000 ἀγαοότητος
346 964 426 991 εἰκὼν
438 985 445 996 ,
462 964 492 990 οὐ
509 965 587 999 χάρις
599 984 606 994 ,
619 965 649 990 οὐ
673 964 801 999 δύναμις,
817 965 867 992 οὐκ

75 1011 210 1046 ἀλήθεια.
234 1011 263 1036 οὺ
290 1010 429 1045 σωτηρία,
454 1010 504 1036 οὐκ
524 1010 729 1046 ἀπολύτρωσις,
756 1010 816 1036 οὐδὲ
840 1019 866 1036 τι

75 1055 201 1082 τοιοῦτον
215 1055 283 1086 ὅλως
305 1054 358 1080 τῶν
382 1055 421 1085 είς
436 1054 513 1087 δόξαν
529 1054 575 1080 τοῦ
602 1054 768 1088 Μονογενοῦς
793 1055 866 1090 παρὰ

74 1103 127 1136 τῆς
140 1102 253 1137 Γραφῆς
265 1102 427 1137 λεγομένων,
446 1102 520 1128 οὐδὲν
536 1102 581 1128 ἐπὶ
594 1103 643 1137 τῆς
658 1102 772 1134 κτίσεως
785 1123 790 1134 ,
804 1103 866 1129 οὔτε

79 1150 155 1176 ἔστιν
169 1169 176 1181 .
192 1150 253 1176 οὗτε
268 1150 375 1184 λέγεται
389 1171 396 1183 ,
411 1151 454 1178 ἵνα
469 1151 518 1182 τὰς
534 1151 698 1187 ὑψηλοτέρας
716 1151 865 1186 παρίστημι

75 1196 188 1230 φωνὰς,
202 1197 245 1228 τὺ,
270 1197 342 1231 Ἐγηὼ
359 1197 394 1223 ἐν
417 1197 456 1229 τῷ
478 1197 648 1232 Πατρὶ,καὶ
672 1199 688 1224 ὁ
709 1197 808 1231 Πατὴρ
833 1198 867 1223 ἐν

74 1241 153 1276 ἐμοὶ,
173 1241 230 1273 καὶ,
246 1242 270 1268 ’0
280 1242 413 1275 ἑωρακὼς
428 1243 480 1277 ἐμὲ
493 1243 601 1276 ἑώρακε·
611 1243 664 1269 τὸν
673 1242 796 1276 Πατέρα,
808 1243 864 1273 καὶ,

77 1287 190 1320 Οὐδεὶς
204 1286 264 1314 εἶδε
280 1289 332 1314 τὸν
351 1288 419 1314 Υίὸν
443 1289 470 1315 εὶ
489 1288 532 1322 μὴ
553 1290 569 1315 0'
588 1288 697 1321 Πατήρ.
710 1289 740 1315 Εἰ
757 1289 805 1323 μὲν
820 1286 866 1315 οὖν

75 1331 136 1367 εἶχε
154 1333 191 1359 τὰ
207 1332 318 1360 τοιαῦτα
332 1333 378 1360 καὶ
392 1333 542 1368 τηλικαῦτα
558 1335 777 1369 προσμαρτυρεῖν
792 1335 806 1360 ὁ
822 1334 865 1360 λό-

75 1386 125 1412 γος
143 1380 177 1414 τῇ
189 1379 287 1410 κτίσει,
302 1379 391 1410 καλῶς
403 1379 435 1406 ἂν
448 1379 477 1405 τὺ
493 1379 555 1414 περὶ
568 1379 667 1413 ταύτην
682 1379 866 1414 Θεωρούμενον

77 1423 126 1448 καὶ
139 1423 202 1453 ταῖς
218 1423 281 1458 περὶ
289 1422 335 1448 τοῦ
347 1423 510 1457 Μονογενοῦς
523 1424 686 1458 ὑπολήψεσιν
702 1423 865 1458 ἐφαρμόζειν

76 1466 147 1501 ίξ-ετο
159 1467 215 1493 δεῖν
227 1487 234 1499 ,
250 1468 282 1494 ἐκ
297 1467 350 1493 τῶν
365 1467 506 1503 ὁμοφύλων
519 1468 586 1503 πρὸς
599 1469 629 1494 τὸ
644 1469 772 1502 συγγενὲς
792 1476 865 1502 γινο-
878 1492 883 1498 ,

77 1512 166 1547 μένης
180 1513 228 1548 τῆς
245 1513 428 1547 παραθέσεως.
446 1515 476 1540 Εἰ
489 1514 518 1540 δὲ
533 1514 619 1540 πάντα
633 1515 665 1540 τὰ
680 1513 788 1540 τοιαῦτα
806 1514 866 1548 νοὴ-
880 1532 901 1560 c

78 1558 158 1592 μοιτὰ
171 1566 201 1583 τε
219 1558 264 1584 καὶ
278 1557 394 1593 ὀνόματα
409 1559 475 1594 πρὸς
499 1562 547 1593 μὲν
566 1559 610 1585 τὸν
625 1560 731 1595 Πατέρα
747 1561 796 1594 τὴν
810 1567 866 1586 κοι-

75 1603 182 1629 νωνίαν
196 1603 252 1638 ἕνει
264 1624 270 1634 ,
284 1603 333 1635 τῆς
348 1604 375 1630 δὲ
391 1605 453 1638 περὶ
471 1604 520 1638 τὴν
543 1605 629 1631 κτίσιν
643 1605 768 1636 ὑπονοίας
783 1605 867 1639 ὑπέρ-

77 1657 172 1675 κειται
187 1657 193 1662 ·
219 1646 262 1683 ἆρ’
277 1649 306 1674 οὺ
322 1649 480 1676 καταδύεται
495 1651 540 1676 ὑπ’
557 1651 686 1686 αἰσχύνης
701 1651 716 1676 ὀ
729 1651 808 1685 σοφὸς
820 1651 867 1677 καὶ

77 1693 210 1728 ἀγχίνους
225 1694 268 1720 διὰ
277 1694 330 1720 τῶν
346 1695 374 1720 ἐν
389 1696 420 1730 τῇ
437 1695 523 1723 κτίσει
539 1695 730 1730 θεωρουμένων
745 1696 868 1730 φυσιολο-

77 1738 137 1771 γῶν
152 1738 204 1772 τῆς
217 1738 331 1770 κτίσεως
347 1739 456 1775 Κύριον,
471 1739 546 1766 οῠπω
559 1741 657 1772 συνιεὶς
677 1741 718 1766 ὅτι
737 1741 804 1767 ἄλλα
818 1741 867 1775 τῆς

78 1784 200 1815 κτίσεώς
219 1784 277 1810 ἐστι
291 1784 325 1811 τὰ
337 1785 531 1820 γνωρίσματα;
554 1786 613 1812 Τῶν
628 1787 682 1821 γὰρ
699 1787 785 1813 ὄντων
800 1786 868 1813 πάν-

76 1839 135 1857 των
149 1831 167 1865 ἡ
184 1830 314 1857 ἀνωτάτω
324 1831 453 1865 διαίρεσις
468 1832 507 1862 εἰς
519 1831 549 1857 τὸ
562 1832 668 1858 κτιστὸν
683 1833 729 1858 καὶ
743 1832 867 1858 ἄκτιστον

77 1873 130 1908 τὴν
147 1873 236 1908 τομὴν
263 1874 335 1909 ἔχει’
350 1875 379 1901 τὸ
401 1875 448 1910 μὲν
471 1875 508 1907 ὡς
536 1876 621 1902 αἴτιον
645 1876 690 1902 τοῦ
708 1877 866 1910 γεγονότος,

76 1919 109 1945 τὸ
123 1919 154 1946 δὲ
189 1919 226 1950 ὡς
246 1919 348 1946 ἐκεῖθεν
361 1921 514 1955 γενόμενον.
527 1922 696 1956 Διῃρημένης
717 1922 805 1948 τοίνυν
819 1922 868 1957 τῆς

77 1974 107 1992 τε
123 1966 240 2000 κτιστῆς
262 1965 366 1999 φύσεως
382 1967 428 1992 καὶ
449 1966 498 2001 τῆς
518 1967 590 1998 θείας
602 1967 710 1999 οὐσίας,
731 1968 777 1994 καὶ
793 1968 868 1994 οὐδε-

79 2012 150 2047 μίαν
173 2012 313 2047 ἐπιμιξίαν
329 2012 443 2048 ἐχούσης
462 2013 531 2039 κατὰ
550 2013 600 2044 τὰς
612 2014 792 2048 γνωριστικὰς
807 2013 868 2040 ίδιὸ-

77 2066 186 2093 τητας,
200 2058 305 2093 ἀνάγκη
330 2059 404 2084 πᾶσα
422 2058 458 2092 μὴ
480 2058 523 2085 διὰ
542 2058 595 2084 τῶν
616 2058 716 2093 ὁμοίων
737 2059 869 2094 ἑκατέραν

78 2105 155 2130 νοεῖν
167 2124 175 2135 ,
197 2103 265 2138 μηδὲ
279 2105 313 2130 τὰ
329 2104 398 2130 αὐτὰ
422 2103 596 2139 γνωρίσματα
612 2103 666 2131 τῶν
690 2105 868 2138 διεστηκότων

78 2148 156 2176 κατὰ
181 2148 228 2174 τὸν
253 2149 302 2183 τῆς
320 2149 426 2182 φύσεως
440 2149 517 2183 λόγον
532 2149 684 2184 ἀναζητεῖν.
706 2150 760 2185 Τῆς
780 2149 868 2177 τοίνυν

882 861 901 889 Β

919 238 1026 265 veritati
1053 238 1185 265 habentes
1210 239 1363 266 rationem:
1386 240 1449 274 quia
1476 247 1643 275 quarcunque
1665 241 1699 269 de

919 283 1058 318 unigenito
1075 283 1129 310 Deo
1145 283 1236 310 dicere
1258 285 1366 319 pietatis
1385 293 1474 312 sermo
1489 287 1620 321 suggerit,
1638 287 1700 314 nul-

918 329 970 355 lam
987 329 1087 356 habent
1102 336 1162 356 cum
1178 334 1302 356 creatura
1315 332 1551 362 necessitudinem,
1562 333 1608 360 sed
1620 334 1700 368 longo

918 373 1073 404 intervallo,
1095 378 1122 400 et
1138 373 1198 407 ejus
1211 375 1258 409 qui
1275 375 1348 407 fecit,
1366 380 1391 403 et
1404 384 1515 410 opermn
1531 378 1617 412 ipsius
1631 384 1699 406 notat

918 425 943 445 ct
960 418 1060 446 indicia
1075 425 1139 446 sunt
1159 419 1296 447 distincta.
1315 421 1343 447 Si
1363 421 1445 455 igitur
1462 423 1489 449 in
1510 424 1570 450 aliis
1585 425 1698 458 quibus-

918 464 981 491 dam
1000 464 1110 492 haberet
1136 465 1254 500 aliquam
1281 467 1499 494 communionem
1527 468 1611 496 Filius
1637 477 1698 496 cum

917 514 1056 542 creatura,
1071 515 1208 545 oporteret
1221 512 1332 538 omnino
1353 511 1445 540 dicere
1465 521 1526 540 eum
1549 515 1698 541 secundum

916 555 1082 583 exsistentiae
1099 556 1207 583 modum
1222 564 1275 583 non
1291 555 1409 584 ditferre.
1426 557 1503 591 Quod
1518 560 1540 585 si
1552 567 1647 587 exsors
1658 564 1700 587 est

916 605 1040 628 creatura
1069 601 1161 628 talium
1188 610 1357 637 quacunque
1383 603 1410 630 in
1436 603 1505 631 Filio
1530 605 1696 633 didicimus:

916 645 1102 673 necessarium
1130 647 1228 680 plane,
1253 655 1341 682 neque
1364 649 1513 676 secundum
1540 650 1590 677 hoc
1610 651 1699 679 dicere

916 691 1015 718 habere
1041 692 1270 720 communionem.
1299 693 1392 728 Neque
1419 695 1491 722 enim
1519 695 1546 723 in
1566 696 1700 732 principio

915 741 971 763 erat
987 741 1122 768 creatura,
1136 745 1224 772 neque
1237 739 1307 773 apud
1328 739 1410 767 Deum
1427 744 1500 772 erat,
1517 748 1605 776 neque
1629 741 1700 770 Deus

915 787 983 813 erat,
995 790 1082 817 neque
1097 784 1161 816 vita,
1173 792 1259 819 neque
1275 785 1330 818 lux,
1349 793 1401 812 non
1421 787 1596 817 resurrectio.
1612 795 1701 822 neque

916 830 1019 864 reliqua
1035 831 1144 857 nomina
1155 838 1215 865 qttze
1229 831 1312 858 Deum
1330 831 1435 863 decent,
1459 836 1487 858 ut.
1502 833 1603 860 veritas
1616 851 1624 864 ,
1653 833 1700 868 ju-

919 875 1004 907 stitla,
1017 875 1204 908 sanctificatio,
1218 876 1310 910 judcx,
1323 876 1424 911 justus,
1435 877 1522 912 opifex
1539 879 1701 914 moliturque

918 921 1048 952 universi,
1062 922 1108 956 qui
1118 926 1160 949 est
1174 926 1236 949 ante
1247 923 1356 955 srecula,
1373 923 1517 951 moderans
1531 924 1659 951 saeculum
1672 929 1700 952 et

917 974 1033 1001 regnans
1051 967 1078 994 in
1095 968 1224 995 saeculum
1240 972 1268 995 et
1283 968 1366 1000 ultra,
1393 976 1447 995 non
1462 969 1590 1003 splendor
1607 970 1700 1004 gloria:

916 1016 1057 1044 creaturae,
1074 1020 1129 1040 non
1148 1013 1299 1046 character,
1317 1013 1373 1041 sive
1390 1021 1517 1048 expressa
1534 1014 1619 1041 forma
1634 1015 1700 1042 sub-

917 1058 1035 1090 stantim,
1054 1066 1108 1085 non
1126 1059 1257 1086 bonitatis
1273 1059 1370 1094 imago,
1388 1067 1443 1086 non
1459 1060 1556 1095 gratia,
1570 1068 1625 1087 non
1645 1061 1700 1087 vir-

916 1106 971 1133 ttts,
987 1110 1040 1129 non
1055 1103 1167 1136 veritas,
1182 1111 1235 1130 non
1253 1104 1338 1135 salus,
1355 1112 1409 1131 non
1426 1104 1586 1139 redemptio,
1610 1113 1699 1140 neque

916 1148 980 1182 quid
994 1148 1127 1183 ejusmodi
1142 1157 1235 1176 eorum
1248 1157 1308 1184 quae
1332 1150 1365 1177 ad
1389 1150 1503 1184 gloriam
1522 1149 1658 1185 Unigcniti
1685 1159 1700 1177 at

918 1192 1058 1228 Scriptura
1073 1194 1213 1226 dicuntur,
1228 1195 1294 1221 nihil
1311 1195 1338 1221 in
1355 1199 1478 1222 creatura
1492 1204 1578 1230 neque
1591 1201 1632 1223 est
1654 1204 1701 1224 ne-

917 1246 970 1272 que
987 1238 1096 1270 dicitur,
1117 1243 1145 1265 ut
1161 1240 1333 1267 sublimiorcs
1349 1240 1408 1267 illas
1431 1248 1510 1268 vaces
1537 1242 1700 1276 praetermit-

916 1288 983 1316 tam,
1009 1285 1179 1319 nempezEgo
1198 1286 1223 1312 in
1243 1286 1322 1312 l’alre
1335 1291 1359 1312 et
1378 1286 1456 1313 Pater
1473 1288 1500 1313 in
1518 1295 1577 1318 me;
1594 1291 1632 1319 et,
1649 1287 1701 1320 Qui

916 1329 981 1356 vidit
1000 1338 1050 1361 me,
1074 1330 1138 1356 vidit
1160 1335 1184 1357 et
1207 1330 1324 1362 Patrem.
1349 1335 1388 1363 et,
1407 1331 1505 1358 Nullus
1520 1333 1582 1359 uidit
1599 1331 1702 1359 Filium

917 1375 970 1401 nisi
991 1374 1072 1401 Pater
1085 1375 1116 1402 η.
1135 1375 1163 1402 Si
1188 1375 1271 1409 igitur
1295 1376 1357 1402 talia
1381 1380 1408 1404 et
1433 1381 1506 1404 tanta
1528 1377 1561 1404 de
1576 1381 1702 1405 creatura

917 1423 1009 1454 posset
1025 1428 1115 1447 sermo
1131 1421 1235 1452 testari,
1255 1425 1326 1448 recte
1352 1422 1402 1456 ipsi
1418 1422 1574 1450 viderentur
1587 1431 1648 1458 qua:
1674 1423 1702 1450 in

918 1466 977 1500 ipsa
995 1470 1165 1500 spectantur,
1183 1467 1382 1494 accommodari
1396 1475 1476 1502 posse
1491 1468 1703 1496 notionibushis

918 1519 986 1546 quas
1001 1512 1035 1538 de
1053 1510 1200 1546 Unigcnito
1213 1512 1313 1540 habere
1336 1513 1477 1544 debemus,
1502 1514 1703 1548 comparatione

918 1557 989 1584 facta
1004 1565 1098 1584 eorum
1113 1564 1173 1591 qme
1198 1562 1261 1584 sunt
1284 1558 1406 1592 ejusdem
1430 1559 1538 1593 generis
1563 1559 1634 1587 inter
1662 1567 1702 1587 se.

917 1603 994 1636 Quod
1009 1605 1030 1631 si
1046 1611 1140 1631 omnes
1157 1603 1198 1630 ha:
1214 1604 1340 1632 notiones
1351 1609 1378 1632 et
1394 1605 1502 1632 nomina
1517 1613 1578 1640 qua
1592 1607 1625 1633 de
1635 1605 1703 1633 Filio

918 1648 1057 1678 dicuntur,
1073 1654 1134 1673 cum
1153 1646 1231 1674 Patre
1244 1647 1343 1674 habent
1361 1648 1579 1676 communionem
1590 1667 1598 1681 ,
1613 1647 1704 1676 notio-

920 1701 969 1720 nes
986 1699 1075 1720 autem
1090 1701 1150 1728 qua!
1162 1693 1195 1721 de
1213 1697 1337 1721 creatura
1352 1697 1416 1721 sunt
1435 1699 1565 1729 superant
1577 1713 1585 1726 ,
1611 1702 1702 1722 annon

917 1739 968 1766 iste
983 1739 1090 1774 sapiens
1106 1743 1132 1766 et
1149 1739 1234 1766 solers
1249 1739 1353 1774 pudore
1369 1739 1557 1772 confunditur,
1571 1739 1635 1767 dum
1653 1748 1703 1775 per

917 1792 949 1812 ea
966 1792 1027 1819 quae
1041 1785 1068 1811 in
1082 1788 1207 1812 creatura
1223 1785 1441 1816 considerantur,
1455 1784 1488 1811 de
1498 1784 1612 1812 Domino
1626 1792 1703 1812 crea-

919 1835 996 1862 turae,
1017 1831 1090 1857 velut
1105 1830 1221 1857 naturali
1239 1830 1343 1857 ratione
1367 1829 1497 1861 disserit,
1516 1829 1632 1857 necdum
1658 1829 1702 1857 in-

919 1876 1044 1910 telligens
1056 1875 1109 1901 alia
1122 1882 1183 1902 esse
1198 1875 1274 1909 signa
1288 1878 1314 1901 et
1327 1874 1428 1901 indicia
1442 1881 1489 1908 per
1502 1882 1562 1908 quae
1577 1878 1702 1901 creatura

919 1920 1090 1955 dignoscitur
1098 1919 1108 1946 ?
1116 1919 1216 1946 Eorum
1228 1919 1299 1946 enim
1310 1919 1429 1946 omnium
1442 1926 1501 1953 qua
1510 1922 1584 1951 sunt,
1595 1926 1701 1946 summa

918 1966 1017 1993 divisio
1042 1965 1069 1992 in
1087 1965 1113 1992 id
1125 1965 1197 2000 quod
1214 1969 1335 1991 creatum
1351 1969 1401 1996 est,
1414 1968 1440 1992 et
1453 1963 1524 1999 quod
1539 1964 1698 1996 increatum,

920 2011 1093 2046 partitiOnem
1122 2011 1222 2037 habet:
1238 2010 1290 2037 hoc
1315 2010 1424 2045 quidem
1451 2013 1482 2037 ut
1505 2017 1616 2037 causam
1639 2010 1700 2043 ejus

919 2057 992 2092 quod
1008 2057 1108 2083 factum
1128 2060 1180 2087 est,
1203 2055 1269 2083 illud
1285 2063 1348 2082 vero
1365 2059 1394 2082 ut
1410 2055 1484 2082 illine
1500 2054 1613 2082 factum.
1632 2055 1698 2082 Cum

919 2103 1002 2137 igitur
1018 2107 1115 2129 natura
1133 2107 1223 2128 creata
1240 2105 1266 2128 et
1284 2101 1375 2128 divina
1398 2101 1517 2129 essentia
1538 2101 1574 2128 sit
1597 2101 1632 2127 ita
1658 2101 1700 2127 di-

920 2151 1037 2182 stincta,
1064 2148 1222 2182 nullamque
1248 2149 1404 2174 societatem
1431 2147 1528 2174 habeat
1549 2145 1698 2173 secundum

77 2195 108 2220 ἐν
127 2195 162 2229 τῇ
179 2193 265 2220 κτίσει
279 2194 400 2228 φύσεως,
416 2194 506 2226 καθώς
521 2203 586 2230 φησι
601 2195 650 2230 τῆς
662 2196 813 2231 παναρέτου
829 2195 867 2223 Σο

921 2195 1109 2230 proprietates,
1127 2194 1226 2228 quibus
1240 2193 1449 2228 dignoscumur;
1463 2193 1575 2220 omnino
1591 2199 1702 2219 necesse

78 2240 147 2274 φίας
162 2241 178 2266 ὁ
197 2240 288 2274 λόγος,
306 2239 391 2275 ἀρχὴν
407 2241 453 2267 καὶ
467 2240 540 2272 τέλος
554 2241 600 2267 καὶ
610 2241 752 2276 μεσότητα
766 2243 869 2277 χρόνων

77 2286 124 2319 ἐφ’
139 2286 239 2320 ἑαυτῆς
248 2285 430 2318 δεικνυούσης,
444 2287 490 2313 καὶ
503 2288 568 2313 πᾶσι
582 2289 868 2324 συμπαρατεινομένης

78 2332 139 2362 τοῖς
151 2332 287 2365 χρονικοῖς
301 2331 478 2366 διαστήμασι,
493 2332 593 2367 ταύτην
605 2334 653 2366 τὴν
669 2333 795 2368 ἰδιότητα,
813 2332 868 2362 οἷόν

77 2384 143 2402 τινα
158 2376 322 2412 χαρακτῆρα
332 2376 378 2402 τοῦ
392 2376 571 2411 ὑποκειμένου
584 2377 767 2413 λαμῆάνομεν,
785 2380 813 2405 ὲν
830 2379 868 2413 τῷ

78 2422 193 2452 πάντως
216 2422 262 2447 καὶ
280 2421 365 2457 ἀρχὴν
380 2422 462 2449 αὑτοῦ
487 2432 547 2450 τινα
567 2424 617 2458 τῆς
641 2424 794 2456 συστάσεως
809 2424 868 2459 βλέ-

79 2476 156 2499 πειν,
169 2467 215 2494 καὶ
224 2468 291 2502 πρὸς
303 2467 332 2493 to
349 2468 428 2502 μέσον
442 2470 518 2505 ὀρᾷν,
531 2470 577 2495 καὶ
591 2469 658 2502 πρὸς
670 2470 701 2495 τὸ
711 2470 797 2506 πέρας
809 2471 869 2501 ταῖς

78 2512 174 2538 ἐλπίσι
209 2512 482 2548 συμπαρατείνεσθαι.
508 2513 712 2549 Μεμαοήκαμεν
746 2515 798 2549 γὰρ
828 2515 869 2541 ὃτι

77 2558 145 2585 οὔτε
160 2557 191 2590 ἐξ
207 2558 292 2585 ἀϊδίου
304 2557 338 2594 ἦν
352 2560 365 2585 ὁ
387 2560 498 2595 οὐρανὸς
509 2579 516 2591 ,
536 2560 582 2586 καὶ
600 2561 616 2595 ἡ
632 2560 685 2596 γῆ,
707 2560 768 2587 οὔτε
783 2561 824 2592 εἰς
839 2561 868 2588 τὸ

79 2604 169 2630 ἀΐδιον
187 2605 263 2630 ἔσται
277 2625 284 2636 ,
302 2605 340 2636 ὡς
355 2606 387 2632 ὲκ
399 2606 492 2632 τούτου
509 2606 587 2641 δῆλον
609 2604 688 2639 εἶναι,
703 2607 743 2633 ὃτι
756 2607 802 2634 καὶ
814 2606 869 2633 ἀπὸ

78 2650 170 2685 ἀρχῆς
186 2659 258 2682 τινος
279 2651 314 2677 τὰ
324 2651 387 2677 ὄντα
401 2651 502 2686 ἤρξατο
512 2672 519 2683 ,
539 2653 585 2678 καὶ
599 2653 638 2684 εἷς
651 2661 677 2678 τι
694 2653 800 2684 πάντως
819 2661 868 2678 κα-

77 2696 192 2731 ταλήξει
208 2697 305 2732 πέρας.
334 2697 366 2723 Ἠ
388 2697 415 2724 δὲ
437 2698 496 2724 θεία
513 2698 592 2732 φύσις
615 2698 674 2725 κατ’
697 2698 773 2724 οὐδὲν
787 2698 868 2734 μέρος

78 2742 276 2778 περατουμένη
288 2762 296 2775 ,
314 2743 381 2770 ἀλλὰ
401 2745 564 2780 πανταχόθεν
587 2746 616 2771 ὲν
629 2744 668 2780 τῷ
682 2744 799 2781 ἀορίστῳ
814 2745 867 2772 πᾶν

128 2831 238 2861 "Joan.
259 2841 315 2866 xxv,
331 2833 357 2860 9.

916 2244 959 2269 est
974 2248 1028 2268 non
1056 2247 1103 2274 per
1131 2240 1230 2267 similia
1251 2244 1393 2274 utramque
1418 2239 1586 2275 intelligere,
1613 2247 1701 2274 neque

916 2286 1024 2313 easdem
1039 2289 1118 2312 notas
1139 2293 1185 2312 seu
1214 2285 1379 2320 cognitionis
1395 2285 1512 2320 insignia
1527 2293 1622 2313 eorum
1641 2293 1702 2320 qua:

917 2331 1067 2360 secundum
1079 2336 1184 2358 natura:
1199 2332 1331 2358 rationem
1344 2331 1456 2363 distant,
1473 2332 1620 2367 inquirere.
1632 2333 1699 2360 Cum

917 2376 1000 2411 igitur
1013 2381 1111 2403 natura
1129 2380 1232 2407 creata,
1248 2376 1320 2402 sicut
1334 2376 1371 2402 ait
1383 2374 1578 2409 omnipotentis
1587 2377 1701 2411 Sapien-

918 2423 962 2450 tiae
975 2430 1077 2454 sermo,
1092 2422 1253 2457 principium
1270 2425 1297 2449 et
1315 2422 1393 2449 tinem
1408 2426 1435 2448 et
1456 2422 1574 2450 medium
1597 2427 1701 2457 tempo-

919 2475 979 2495 rum
997 2468 1024 2494 in
1042 2467 1130 2501 seipsa
1142 2467 1322 2499 demonstret,
1337 2471 1364 2494 et
1378 2474 1440 2494 cum
1455 2467 1582 2494 omnibus
1598 2471 1701 2502 tempo-

919 2513 1023 2540 ralibus
1045 2512 1195 2539 intervallis
1211 2512 1373 2539 extendatur
1384 2531 1392 2545 ,
1408 2512 1479 2539 hanc
1507 2512 1700 2547 proprietatem

920 2560 994 2586 velut
1008 2558 1193 2585 characterem
1209 2556 1364 2592 quemdam,
1379 2556 1405 2584 id
1420 2560 1461 2584 est
1479 2562 1571 2584 notam
1584 2557 1701 2591 subjecti

919 2605 1065 2637 sumimus,
1082 2604 1109 2631 in
1125 2611 1158 2631 eo
1174 2604 1248 2638 quod
1257 2603 1368 2638 aliquod
1386 2603 1550 2637 principium
1566 2610 1622 2630 sua:
1633 2610 1702 2630 con-

919 2652 1072 2680 stitutionis
1095 2650 1220 2678 videmus
1231 2669 1239 2682 ,
1257 2654 1284 2677 et
1301 2650 1418 2677 medium
1441 2648 1598 2681 cernimus,
1616 2652 1644 2676 et
1667 2648 1701 2676 ad

919 2702 1071 2725 extremum
1085 2696 1231 2725 terminum
1244 2703 1292 2731 spe
1305 2696 1407 2731 pariter
1420 2695 1603 2722 extendimur.
1627 2693 1702 2722 Didi-

919 2745 1007 2773 cimus
1031 2744 1104 2772 enim
1127 2743 1199 2779 quod
1222 2742 1322 2771 cmlum
1348 2749 1403 2769 non
1425 2745 1467 2768 est
1487 2739 1520 2768 ab
1536 2744 1654 2772 aeterno,
1673 2746 1701 2770 et
