1970 3076
272 145 324 174 735

924 143 952 170 S.
969 143 1129 171 GREGORII
1151 141 1295 169 NYSSENI
1850 139 1895 167 198

273 207 358 234 terra,
371 209 459 237 neque
473 200 500 227 in
517 197 649 228 teternum
665 199 728 233 erit,
747 203 776 226 ut
790 207 822 227 ea
843 207 875 227 eo
894 200 929 226 sit
951 201 1055 235 perspi-

1108 200 1212 235 πέρας,
1232 199 1406 226 διαϐαίνουσα
1421 219 1427 231 ,
1449 197 1589 234 πόρρωθέν
1612 198 1670 224 ἐστι
1691 197 1746 224 τῶν
1773 198 1822 224 ἐπὶ
1848 199 1893 233 τῆς

271 255 364 279 cuum,
382 246 452 282 quod
470 246 504 272 ab
517 246 609 280 aliquo
624 245 758 281 principio
773 252 833 280 qua:
847 249 910 272 sunt
924 245 950 271 in
967 253 1056 272 rerum

271 298 368 320 natura
383 295 536 326 emperunt,
550 295 576 318 et
590 292 616 318 in
636 290 746 326 aliquod
766 295 919 318 extremum
944 298 1057 325 prorsus

271 339 405 365 desinent.
422 337 517 364 Divina
536 342 626 364 autem
646 342 744 364 natura
765 337 841 364 nulla
865 342 940 372 parte
963 338 1056 363 termi-

271 387 345 415 nata,
361 383 408 410 sed
428 383 546 418 undique
570 383 597 410 in
622 383 759 410 inﬁnitum
786 390 893 410 omnem
912 383 1055 409 terminum

272 436 426 464 permeans,
445 429 524 462 longe
538 429 614 456 abest
628 429 661 455 ab
675 429 718 455 his
733 428 818 462 signis
830 433 856 455 et
871 428 942 455 notis
958 436 1017 463 quae
1030 428 1056 455 in

271 478 398 501 creatura
413 474 600 501 inveniuntur.
620 473 725 501 Etenim
742 474 922 500 dimensionis
948 482 1056 508 expers,

270 520 329 546 sine
340 520 490 555 quantitate
501 524 528 546 et
537 519 773 554 incircumscripla
789 519 918 553 potentia,
929 519 954 545 in
967 520 1057 554 seipsa

270 566 455 600 complectens
472 565 582 596 saecula,
600 568 627 592 et
640 572 747 592 onmem
761 572 823 599 qua:
841 565 867 591 in
886 565 953 600 ipsis
968 565 1058 591 couti-

270 615 351 638 netur
368 614 534 642 creaturam,
550 615 631 645 atque
646 611 719 636 omni
733 618 766 637 ex
790 614 866 644 parte
891 610 1054 637 sasculorum

271 657 431 684 inlinitatem
446 657 563 692 proprite
578 661 681 683 natura:
702 656 853 683 aeternitate
877 665 1056 691 exsuperans,

272 702 314 729 \‘el
329 702 433 728 nullum
449 702 530 728 habet
543 701 650 736 signum
669 701 741 736 quod
756 705 882 728 naturam
896 702 956 736 ejus
976 702 1058 735 signi-

273 748 345 780 licrt,
364 747 406 774 vel
420 747 492 774 aliud
508 746 636 781 quiddam
653 746 773 777 omnino,
790 751 816 773 et
838 747 908 781 quod
933 751 1057 774 creatura

272 801 326 820 non
341 793 430 820 habet.
448 793 581 826 Quoniam
598 792 680 827 igitur
693 793 833 827 proprium
851 797 986 820 creaturae
1004 797 1055 824 est.

272 840 436 874 principium
462 839 580 870 habere,
606 839 724 866 alienum
747 847 859 874 prorsus
881 839 916 866 ab
937 840 1057 866 increata

1108 246 1221 276 κτίσεως
1237 244 1437 279 εὑρισκομένων
1455 244 1583 278 σημείων.
1610 243 1640 268 Ἠ
1661 242 1715 278 γὰρ
1735 242 1894 272 datiuum;

1108 290 1154 316 καὶ
1165 291 1265 321 ἄποτος
1280 290 1326 316 καὶ
1337 289 1542 324 ἀπερίγραπτος
1556 288 1683 323 δύναμις,
1696 289 1724 313 ἐν
1736 288 1820 321 ἑαυτῇ
1835 288 1895 318 τοὺς

1108 336 1206 366 αἰῶνας
1221 336 1268 362 καὶ
1288 336 1377 361 πᾶσαν
1390 335 1438 370 τὴν
1455 336 1482 360 ἐν
1496 334 1600 364 τούτοις
1615 333 1712 368 ἔχουσα
1724 333 1831 363 κτίσιν,
1848 333 1895 358 καὶ

1108 382 1274 416 πανταχόθεν
1291 381 1339 415 τῆς
1356 380 1410 408 τῶν
1429 380 1533 407 αἰώνων
1558 380 1684 415 ἀπειρίας
1707 381 1740 414 τῇ
1765 379 1894 414 ἀὶδιότητι

1107 427 1157 462 τῆς
1177 427 1242 458 ἰδίας
1255 426 1496 462 ὑπερεκπῖπτουσα
1508 425 1629 460 φύσεως,
1646 425 1662 460 ἢ
1684 425 1759 451 οὐδὲν
1777 425 1833 459 ἔχει
1847 433 1894 459 ση-

1110 474 1184 508 μεῖον
1198 473 1228 498 τὸ
1245 471 1420 507 καταμηνύον
1435 472 1484 506 τὴν
1499 471 1594 506 φύσιν,
1617 471 1633 505 ἢ
1652 471 1714 497 ἄλλο
1733 479 1758 496 τι
1775 463 1894 501 ἓτάντως,

1107 519 1154 545 καὶ
1167 519 1214 554 οὺχ
1225 519 1291 554 ὅπερ
1305 520 1321 553 ὴ
1334 518 1421 549 κτίσις
1441 517 1507 551 ἔχει.
1530 517 1607 544 Ἐπεὶ
1620 515 1667 543 οὖν
1686 517 1751 543 ἴδιον
1767 517 1818 550 τῆς
1835 516 1894 542 κτί-

1109 573 1175 595 σεως
1188 564 1217 590 τὺ
1230 563 1317 599 ἀρχὴν
1333 563 1420 598 ἔχειν,
1434 563 1573 598 ἀλλότριον
1586 564 1620 591 ἂν
1639 562 1680 597 εἴη
1701 563 1749 597 τῆς
1765 561 1894 588 ἀκτίστου

1108 610 1214 644 φύσεως
1227 610 1256 635 τδ
1274 609 1322 642 τῆς
1337 609 1449 640 κτίσεως
1466 608 1542 635 ῐδιον.
1557 609 1588 634 Εἰ
1603 608 1655 642 γὰρ
1670 608 1731 634 καθ’
1745 606 1894 642 ὁμοιότητα

1108 655 1219 686 κτίσεως
1246 655 1293 681 καὶ
1310 654 1357 690 τὴν
1377 654 1423 680 τοῦ
1444 653 1611 688 Μονογενοῦς
1638 653 1752 689 ὕπαρξιν
1776 653 1808 679 εκ
1824 661 1894 684 τινος

1108 701 1385 736 κατα).αμ6ανομὲνης
1399 701 1485 735 ἀρχῆς
1501 699 1674 726 ὑποτίθεσθαί
1695 708 1735 731 τις
1756 699 1893 732 ἀξιώσειε,

1109 747 1168 772 κατ’
1184 746 1304 781 ἀνάγκην
1330 746 1418 772 πάντα
1440 745 1511 772 κατὰ
1529 745 1576 780 τὴν
1596 745 1650 772 τῶν
1668 744 1767 771 λοιπῶν
1782 744 1894 770 ἀκολού-

1109 793 1183 819 θειαν
1205 793 1243 828 τῷ
1269 793 1333 827 περὶ.
1354 793 1448 818 τούτου
1467 793 1539 827 λόγῳ
1555 792 1765 826 συνεφαρμόσει.
1782 791 1820 817 Οὐ
1840 790 1894 826 γὰρ

1108 839 1166 866 ἔστι
1191 839 1239 874 τῆς
1256 840 1340 875 ἀρχῆς
1357 839 1478 873 δοθείσης
1505 839 1542 874 μὴ
1565 838 1779 873 συνομολογῆσαι
1799 838 1846 863 καὶ
1864 837 1894 864 τὸ

272 889 380 916 natura,
394 885 466 920 quod
482 889 613 912 creaturae
632 889 674 912 est
702 886 852 920 proprium.
874 885 901 912 Si
927 886 998 912 enim
1021 885 1054 912 ad

1108 885 1248 920 ἑπόμενον.

274 931 482 958 similitudinem
498 936 630 958 creatura:
654 932 737 958 etiam
760 931 896 967 Unigeniti
922 932 1111 958 exsistcntiam
1147 932 1182 958 ab
1214 932 1305 966 aliquo
1337 929 1573 964 rnmprehcnsihili
1608 929 1741 964 principio
1764 929 1892 963 eu-pisse,

272 984 425 1012 supponere
453 977 514 1010 quis
537 977 696 1008 crnsucrit,
723 978 877 1004 necessario
901 983 928 1004 et
947 978 1050 1012 reliqua
1069 985 1130 1012 qua:
1147 977 1174 1004 in
1197 981 1323 1004 creatura
1358 976 1546 1008 inveniuntur,
1569 975 1668 1002 rationi
1689 975 1749 1009 ejus
1783 982 1893 1002 accom-

272 1023 434 1050 modarerit.
450 1022 508 1048 Non
526 1023 597 1049 enim
614 1023 748 1057 integrum
773 1027 815 1050 est
838 1024 902 1049 dato
924 1024 1057 1058 principio
1076 1031 1130 1050 non
1143 1023 1225 1050 simul
1239 1023 1360 1050 confiteri
1373 1021 1444 1057 quod
1460 1022 1592 1056 sequitur.

310 1068 545 1100 Quemadmodum
558 1068 630 1095 enim
644 1069 665 1094 si
681 1069 743 1102 quis
759 1068 895 1095 hominem
911 1077 972 1095 esse
989 1077 1055 1095 con-

272 1114 400 1146 cesserit,
419 1122 479 1148 qua:
492 1118 555 1141 sunt
572 1119 675 1140 naturae
687 1114 811 1141 humanae
823 1122 885 1142 eum
898 1115 997 1142 habere
1008 1123 1056 1149 per

274 1159 346 1186 hanc
361 1159 564 1186 confessionem
589 1159 733 1189 annexuit,
752 1163 776 1185 el
804 1159 902 1186 animal
926 1160 1013 1194 ipsum
1030 1164 1056 1187 et

273 1203 408 1230 rationale
423 1202 528 1234 dicens,
540 1204 598 1230 etsi
614 1203 678 1238 quid
692 1203 765 1230 aliud
784 1203 811 1230 in
825 1204 934 1232 homine
955 1205 1056 1232 intelli-

271 1249 358 1284 gitur:
392 1249 485 1276 eadem
506 1249 612 1276 ratione
637 1250 660 1276 si
685 1257 769 1276 unum
797 1250 861 1284 quid
881 1258 975 1277 eorum
996 1258 1056 1285 qua!

274 1295 384 1330 proprie
398 1299 530 1322 creatura:
552 1296 750 1328 attrihnttntur,
773 1293 800 1321 in
821 1296 912 1323 divina
930 1297 1052 1324 essentia

273 1341 499 1373 intellexerimus,
523 1341 578 1374 jam
615 1349 668 1368 non
691 1342 770 1368 nobis
788 1342 902 1368 liberum
927 1342 979 1369 erit
1000 1350 1057 1369 am-

277 1388 347 1422 plius
363 1388 494 1413 rationem
522 1394 616 1413 eorum
640 1394 700 1421 qua:
723 1387 749 1413 in
770 1387 828 1422 ipsa
850 1387 1058 1414 considerantur

278 1437 383 1459 natura:
404 1432 549 1458 immortali
570 1439 624 1458 non
642 1432 788 1466 applicare.
805 1431 970 1466 Principium
985 1432 1057 1459 enim

273 1479 393 1505 \iolente
409 1481 436 1504 et
456 1478 613 1504 necessario
648 1477 721 1511 quod
743 1481 804 1511 post
823 1477 910 1511 ipstun
935 1478 1058 1512 sequitur

273 1523 364 1558 exiget
387 1532 393 1549 :
418 1522 584 1557 principium
621 1522 693 1548 enim
720 1522 791 1556 quod
823 1522 863 1549 sic
888 1522 1057 1556 intelligitur,

272 1576 368 1595 eorum
382 1575 442 1602 quae
456 1572 516 1602 post
540 1568 631 1602 ipsum
647 1571 710 1594 sunt
727 1568 889 1602 principium
904 1573 953 1595 est.
970 1568 1059 1601 Quare

273 1615 297 1641 si
313 1614 358 1640 illa
377 1613 488 1644 fuerint,
507 1618 533 1640 et
563 1613 613 1640 hoc
626 1621 686 1640 esse
700 1620 811 1640 necesse
822 1617 863 1640 est
877 1623 883 1640 :
901 1614 923 1641 si
937 1621 999 1641 vero
1015 1614 1058 1641 illa

274 1659 380 1686 sublata
410 1658 520 1690 fuerint,
551 1667 636 1693 neque
667 1659 737 1694 quod
771 1659 905 1686 antecedit
937 1667 1057 1687 manere.

1144 1069 1249 1104 ’Ὠσπερ
1275 1068 1328 1104 γὰρ
1347 1068 1374 1094 εῐ
1391 1076 1432 1099 τις
1450 1067 1591 1102 ἄνθρωπον
1613 1065 1682 1094 εἶναι
1698 1067 1755 1102 δοίη
1767 1087 1774 1099 ,
1791 1067 1837 1093 τὸν
1859 1066 1893 1094 τὰ

1105 1114 1155 1148 τῆς
1179 1113 1284 1148 φύσεως
1305 1113 1349 1140 διὰ
1369 1113 1418 1147 τῆς
1438 1112 1582 1147 ὁμολογίας
1604 1112 1703 1146 ταύτης
1727 1113 1890 1147 συνήρτησε,

1106 1159 1153 1186 καὶ
1168 1159 1235 1190 ζῶον
1251 1158 1332 1185 αὑτὸν
1356 1158 1404 1184 καὶ
1425 1157 1531 1192 λογικὸν
1546 1155 1614 1184 εἶναι
1633 1157 1719 1192 λέγων
1729 1178 1737 1190 ,
1753 1159 1800 1184 καὶ
1820 1158 1847 1184 εἴ
1865 1166 1892 1184 τι

1106 1206 1169 1232 ἄλλο
1187 1207 1287 1232 νοεῖται
1312 1205 1375 1240 περὶ
1401 1204 1444 1231 τὸν
1470 1204 1624 1240 ἄνθρωπον
1656 1204 1728 1232 κατὰ
1742 1203 1788 1230 τὸν
1811 1204 1892 1230 αὑτὸν

1106 1251 1183 1285 λόγον
1197 1271 1204 1283 ,
1219 1253 1243 1278 εί
1260 1251 1288 1277 ἓν
1305 1260 1330 1277 τι
1344 1250 1397 1276 τῶν
1412 1250 1475 1286 περὶ
1490 1251 1539 1286 τὴν
1561 1250 1648 1276 κτίσιν
1672 1250 1826 1284 ἰδιωμάτων
1847 1250 1893 1276 ἐπὶ

1106 1297 1154 1332 τῆς
1180 1297 1253 1328 Θείας
1278 1297 1369 1328 οὐσίας
1392 1297 1627 1331 κατανοήσαιμεν,
1648 1296 1736 1322 οὐκέτ’
1761 1296 1804 1330 ἐφ’
1826 1297 1893 1330 ἡμῖν

1106 1342 1181 1368 ἔσται
1194 1362 1201 1374 ,
1219 1342 1263 1369 τὸν
1277 1342 1354 1376 λόγον
1369 1343 1422 1368 τῶν
1441 1342 1485 1368 ὲπ“
1510 1341 1594 1376 αὐτῆς
1617 1341 1829 1376 θεωρουμένων,
1855 1341 1893 1375 μὴ

1107 1387 1259 1422 ἐφαρμόσαι
1280 1388 1312 1421 τῇ
1336 1386 1465 1421 ἁκηράτῳ
1480 1385 1568 1419 φύσει.
1591 1384 1621 1410 'H
1646 1385 1700 1420 γὰρ
1713 1384 1784 1420 ἁρχὴ
1799 1384 1892 1418 βιαίως

1106 1441 1135 1458 τε
1148 1433 1194 1459 καὶ
1206 1431 1361 1465 ἀναγκαίως
1375 1431 1405 1457 τὸ
1419 1430 1476 1466 μεθ’
1491 1430 1588 1465 ἑαυτὴν
1604 1430 1749 1456 ἀκόλουθον
1764 1430 1894 1464 ἐπιζητή-

1108 1487 1159 1505 σει·
1174 1479 1190 1514 ἠ
1206 1478 1260 1513 γὰρ
1271 1477 1340 1504 οὕτω
1352 1477 1483 1513 νοουμένη
1499 1477 1570 1512 ἀρχὴ
1581 1477 1634 1503 τῶν
1649 1477 1706 1512 μετ’
1717 1477 1802 1512 αὐτήν
1817 1478 1894 1503 ἐστιν

1107 1524 1192 1560 ἁρχὴ,
1209 1523 1278 1551 ὥστε
1307 1525 1330 1550 εἰ
1345 1525 1435 1558 ἐκεῖνα
1448 1523 1488 1559 εἴη
1504 1544 1511 1556 ,
1529 1524 1575 1550 καὶ
1595 1523 1695 1558 ταύτην
1711 1521 1796 1550 εἶναι·
1818 1524 1843 1549 εἰ
1864 1523 1893 1550 δὲ

1107 1571 1244 1605 ἀναιροῖτο
1257 1570 1290 1596 τὰ
1306 1570 1475 1604 συνημμένα,
1493 1569 1559 1604 μηδὲ
1578 1570 1608 1596 τὺ
1624 1570 1829 1605 προηγούμενον
1844 1570 1893 1605 μέ-

1108 1622 1174 1641 νειν.
1186 1614 1241 1648 Τῆς
1255 1614 1342 1640 τοίνυν
1357 1614 1450 1648 σοφίας
1475 1615 1521 1640 καὶ
1552 1614 1687 1649 μεσότητα
1706 1616 1752 1641 καὶ
1766 1614 1844 1647 τέλος
1861 1617 1891 1649 τῇ

1109 1660 1178 1694 ἀρχῇ
1195 1659 1368 1695 προτιθείσης
1378 1680 1385 1691 ,
1401 1660 1424 1685 εί
1446 1659 1574 1694 λάϐοιμεν
1587 1660 1632 1686 ἐπὶ
1646 1660 1695 1694 τῆς
1707 1659 1755 1686 τοῦ
1773 1661 1892 1694 Μονογεο

273 1706 343 1731 (ium
356 1705 439 1740 igitur
464 1705 597 1739 sapientia
627 1708 653 1731 et
669 1705 838 1732 medietatem
850 1708 876 1732 et
892 1704 970 1731 ﬁnem
984 1706 1056 1740 priu-

1109 1705 1171 1736 νοῦς
1185 1706 1290 1740 φύσεως
1309 1706 1396 1741 ἀρχήν
1411 1714 1471 1732 τινα
1484 1706 1537 1732 ἀπό
1552 1715 1624 1738 τινος
1639 1706 1750 1741 σημείου
1768 1707 1893 1742 ὁριζομέ-

274 1751 347 1786 ripio
365 1754 514 1785 praeportat,
537 1750 559 1777 si
577 1750 603 1776 in
629 1749 764 1785 Unigeniti
780 1755 874 1777 natura
892 1751 1056 1785 principium

274 1796 384 1831 aliquod
398 1796 459 1830 ejus
474 1795 657 1823 subsistentia;
674 1795 708 1822 ab
732 1796 823 1830 aliquo
843 1800 943 1830 puncto
969 1796 1056 1823 deter-

273 1842 406 1869 minatum
423 1841 630 1875 sumpserimus,
659 1840 730 1868 sicut
750 1840 916 1874 dogmatizat
932 1841 1054 1874 haeresis,

275 1887 368 1923 procul
387 1886 470 1913 dubio
495 1885 627 1913 concedet
638 1885 780 1919 sapientia,
803 1889 829 1911 et
847 1885 927 1912 ﬁnem
949 1889 976 1912 et
997 1893 1055 1914 me-

274 1934 348 1960 dmm
363 1931 498 1967 principio
517 1931 658 1969 copulare.
671 1930 748 1963 Quod
766 1931 788 1958 si
800 1931 851 1957 hoc
868 1931 924 1962 ﬁat,
936 1931 1056 1958 invenie-

273 1984 319 2007 tur
350 1978 429 2005 nobis
450 1977 592 2011 theologus
619 1977 669 2004 iste
686 1976 853 2012 argumentis
870 1977 1058 2005 demonstrare

274 2024 358 2051 Deum
383 2023 526 2050 mortalem
547 2029 618 2048 esse.
645 2021 673 2048 Si
699 2021 770 2048 enim
800 2022 963 2057 principium
993 2023 1054 2050 ﬁnis

275 2069 425 2098 secundum
440 2069 572 2095 rationem
588 2067 730 2101 sapientiae
745 2068 900 2095 necessario
922 2069 1056 2103 sequitur,

274 2115 393 2142 medium
419 2115 499 2141 etiam
526 2113 597 2139 inter
625 2117 746 2139 extrema
776 2113 977 2140 consideratur:
1011 2113 1057 2148 qui

274 2168 358 2188 unum
374 2159 489 2189 dederit,
501 2163 635 2193 potestate
651 2162 678 2185 et
693 2159 745 2185 alia
760 2159 840 2186 simul
853 2159 963 2190 astruit,
982 2167 1058 2185 men-

274 2214 354 2234 suras
365 2209 392 2233 et
404 2209 555 2232 extremum
569 2205 631 2231 vitae
647 2204 725 2231 ﬁnnm
759 2209 862 2232 natura:
873 2204 984 2232 inﬁnita:
1010 2206 1058 2232 de-

276 2252 436 2279 tcrminans.
461 2251 540 2283 Quod
557 2251 580 2278 si
598 2252 650 2277 hoc
666 2251 777 2285 impium
793 2255 835 2278 est
855 2256 881 2278 ct
897 2252 1056 2284 absurdum,

274 2298 371 2331 aequali
402 2296 444 2323 vel
462 2296 544 2323 etiam
561 2295 664 2331 majore
680 2297 855 2323 accusatione
877 2297 988 2332 dignum
1003 2302 1056 2328 est,

278 2341 444 2376 principium
462 2341 527 2368 dare
548 2341 666 2368 sermoni
682 2341 708 2367 in
726 2341 890 2375 impietatem
906 2342 1056 2369 deSinenti:

1107 1760 1156 1786 νην
1171 1753 1220 1786 τῆς
1240 1752 1412 1782 ὑποστάσεως
1426 1771 1433 1783 ,
1450 1751 1539 1783 καθὼς
1565 1752 1720 1787 δογματίζει
1743 1753 1759 1787 ἡ
1778 1753 1892 1788 αἵρεσις,

1107 1797 1138 1823 οὐ
1153 1797 1323 1832 συγχωρήσει
1339 1797 1446 1828 πάντως
1464 1799 1480 1832 ὴ
1502 1797 1582 1831 σοφία
1596 1817 1602 1828 ,
1624 1797 1661 1832 μὴ
1687 1798 1733 1824 καὶ
1757 1798 1788 1824 τὸ
1809 1799 1893 1833 πέρας

1107 1843 1153 1868 καὶ
1168 1842 1197 1868 τὺ
1215 1843 1295 1877 μέσον
1310 1844 1343 1878 τῇ
1364 1843 1433 1878 ἀρχῇ
1452 1843 1628 1878 συναρτῆσαι.
1650 1844 1680 1870 Εἰ
1697 1844 1725 1870 δὲ
1747 1844 1828 1870 τοῦτο
1851 1845 1895 1879 γέ-

1107 1896 1188 1919 νοιτο,
1203 1888 1381 1924 εὑρεθήσεται
1397 1889 1461 1923 ἡμῖν
1473 1889 1487 1914 ὁ
1503 1888 1640 1923 θεολόγος,
1657 1889 1752 1924 θνητὸν
1769 1891 1826 1921 τοῖς
1839 1891 1895 1916 ἑπι-

1108 1934 1270 1968 χειρὴμασιν
1285 1933 1468 1960 ἀποδεικνύων
1487 1933 1517 1959 τὺ
1536 1933 1622 1960 Θεῖον.
1644 1934 1675 1960 Et
1689 1934 1744 1969 γὰρ
1765 1936 1800 1970 τῇ
1822 1935 1893 1971 ἀρχῇ

1107 1979 1137 2004 τὸ
1148 1978 1222 2010 τέλος
1236 1979 1305 2005 κατὰ
1319 1979 1363 2005 τὸν
1382 1978 1432 2013 τῆς
1460 1979 1555 2013 σοφίας
1574 1979 1652 2013 λόγον
1670 1979 1828 2014 ἀναγκαίως
1849 1982 1895 2015 ἐφ-

1108 2025 1211 2056 έπεται,
1223 2026 1269 2051 καὶ
1285 2026 1314 2051 τὸ
1328 2025 1408 2060 μέσον
1423 2026 1593 2060 ὲνθεωρεῖται
1606 2027 1661 2058 τοῖς
1679 2025 1809 2061 πέρασιν·
1839 2029 1854 2054 ὀ
1865 2027 1896 2054 τὸ

1108 2070 1136 2096 ἒν
1158 2071 1237 2102 δοὺς,
1254 2071 1286 2105 τῇ
1305 2070 1416 2105 δυνάμει
1441 2071 1488 2097 καὶ.
1511 2071 1545 2096 τὰ
1559 2071 1625 2097 ἄλλα
1644 2072 1894 2106 συγκατεσκεύασε,

1109 2115 1195 2151 μέτρα
1212 2116 1258 2142 καὶ
1275 2116 1360 2151 πέρας
1381 2116 1454 2150 ζωῆς
1479 2117 1576 2151 ὁρίζων
1599 2119 1630 2152 τῇ
1657 2117 1774 2153 ἀορίστῳ
1803 2120 1893 2153 φύσει.

1109 2162 1139 2187 Εί
1158 2161 1186 2186 δὲ
1200 2161 1278 2187 τοῦτο
1289 2161 1387 2192 ἀσεὸές
1407 2170 1436 2187 τε
1452 2162 1498 2187 καὶ
1512 2162 1626 2195 ἄτοπον,
1644 2163 1693 2197 τῆς
1711 2163 1772 2198 ἴσης
1803 2164 1820 2198 ἢ
1849 2165 1895 2191 καὶ

1110 2206 1237 2241 μείζονος
1261 2206 1335 2239 ἄξιον
1359 2207 1525 2242 κατηγορίας
1544 2208 1601 2234 ἐστὶ
1615 2228 1622 2239 ,
1643 2209 1674 2234 τὸ
1691 2210 1778 2244 ἀρχὴν
1804 2211 1896 2238 δοῦναι

1107 2251 1145 2286 τῷ
1160 2251 1231 2286 λόγῳ
1244 2251 1282 2286 τῷ
1297 2251 1422 2278 ἀσέϐειαν
1434 2251 1557 2284 λέγοντι·
1578 2253 1648 2287 ἁρχὴ
1661 2252 1688 2279 δὲ
1705 2254 1754 2287 τῆς
1766 2263 1896 2291 τοιαυτης

1108 2297 1220 2328 ἀτοπίας
1237 2297 1340 2332 ἐφάνη,
1364 2298 1393 2323 τὸ
1412 2298 1440 2323 ἐν
1462 2298 1532 2333 ἀρχῇ
1557 2306 1608 2324 τινι
1631 2301 1895 2335 περιγεγραμμὲνην

1112 2341 1153 2367 τοῦ
1175 2342 1239 2368 Ἰείοῦ
1257 2342 1305 2377 τὴν
1319 2342 1391 2378 ζωὴν
1407 2343 1525 2377 νομίσαι.
1543 2343 1624 2370 Ὥστε
1636 2344 1707 2370 δυοῖν
1725 2345 1842 2379 θάτερον
1855 2367 1861 2378 ,
1878 2346 1894 2380 ἢ

276 2388 360 2422 hujus
381 2390 471 2414 autem
489 2386 670 2414 absurditatis
688 2387 852 2420 ptincipium
877 2387 939 2413 inde
955 2387 1054 2417 elucet,

1109 2388 1305 2423 μεταθήσονται
1323 2389 1390 2424 πρὸς
1410 2389 1455 2414 τὸν
1480 2389 1634 2422 ὑγιαίνοντα
1657 2390 1734 2423 λόγον
1761 2378 1816 2417 iure
1840 2378 1893 2417 τῶν

276 2432 349 2467 quod
373 2432 533 2458 existiment
558 2431 640 2457 vitam
675 2431 734 2457 Filii
765 2432 818 2457 alio
848 2432 1058 2465 circumscripto

276 2476 412 2511 principio
429 2483 490 2502 esse
502 2476 673 2502 conclusam.
688 2476 780 2508 Quare
796 2475 911 2502 duorum
928 2476 1056 2507 alterum,

277 2523 317 2549 vel
336 2521 515 2547 mutabuntur
533 2519 566 2546 ad
586 2528 684 2547 sanum
708 2527 863 2547 sermonem
882 2528 930 2555 per
949 2527 980 2547 ea
996 2527 1058 2555 qum

275 2567 349 2593 dicta
373 2569 439 2592 sunt
463 2565 561 2597 coacti,
583 2570 610 2592 et
631 2572 693 2591 cum
714 2564 804 2592 Patris
819 2565 973 2592 anei-nitate
995 2573 1056 2592 eum

274 2613 321 2646 qui
337 2619 370 2639 ex
388 2611 436 2638 illo
451 2616 503 2643 est,
517 2610 793 2644 contemplabuutur;
811 2611 852 2637 vel
873 2611 927 2638 nisi
943 2612 995 2638 hoc
1014 2619 1058 2638 ve-

275 2660 336 2689 lint,
355 2661 473 2692 utroque
490 2661 613 2684 extremo
634 2656 822 2683 terminabunt
841 2655 903 2683 Filii
917 2657 1057 2684 aeternita-

276 2709 342 2735 tem,
370 2710 469 2737 nempe
494 2701 631 2737 principio
656 2706 683 2729 et
711 2702 776 2732 ﬁne,
809 2701 971 2729 inﬁnitatem
996 2703 1058 2730 vitae

274 2749 362 2784 ipsius
378 2749 412 2776 ad
431 2748 459 2775 id
476 2748 548 2783 quod
567 2756 622 2775 non
646 2747 757 2775 exsistit
778 2748 955 2775 adducentes.
980 2748 1057 2782 Quod

273 2796 296 2823 si
320 2799 347 2822 ct
367 2788 524 2822 animorum
545 2799 572 2821 et
588 2794 749 2829 angelorum
777 2798 874 2820 natura
901 2794 953 2821 ﬁne
969 2798 1055 2827 caret,

275 2848 364 2875 neque
376 2840 536 2875 prohibetur
550 2841 577 2868 in
596 2844 728 2868 aeternum
745 2840 913 2875 perpetuari,
936 2840 1000 2875 quia
1020 2841 1055 2868 sit

1106 2432 1259 2467 είρημένων
1271 2433 1498 2468 ἀναγκαζόμενοι,
1514 2434 1561 2460 καὶ
1576 2435 1608 2468 τῇ
1625 2434 1670 2460 τοῦ
1685 2435 1794 2469 Πατρὸς
1813 2435 1894 2462 aratas-

1106 2485 1166 2512 τητι
1192 2478 1237 2504 τον
1252 2477 1282 2510 ἐξ
1299 2479 1403 2504 ἐκείνου
1419 2479 1661 2514 συνθεωρήσουσιν·
1682 2479 1698 2515 ἢ
1715 2481 1739 2506 εἰ
1762 2481 1801 2515 μὴ
1817 2481 1894 2507 τοῦτο

1107 2523 1260 2557 βούλοιντο,
1281 2524 1341 2550 καθ’
1358 2525 1486 2559 ἑκάτερον
1505 2525 1693 2560 περατώσουσι
1716 2526 1763 2552 τοῦ
1780 2525 1846 2553 Υίοῦ
1866 2528 1894 2553 τὸ

1106 2569 1189 2595 ἀΐδιον
1201 2589 1208 2599 ,
1230 2570 1262 2604 τῇ
1277 2570 1347 2604 ἀρχῇ
1365 2570 1412 2597 καὶ
1424 2570 1463 2604 τῷ
1482 2570 1552 2596 τέλει
1571 2571 1601 2597 τὸ
1614 2571 1725 2606 ἄπειρον
1740 2572 1824 2598 αὑτοῦ
1845 2572 1893 2606 τῆς

1108 2613 1179 2649 ζωῆς
1193 2615 1232 2646 εἰς
1248 2615 1278 2641 τὸ
1296 2615 1468 2650 ἀνύπαρκτον
1488 2616 1608 2650 ἄγοντες.
1624 2617 1654 2642 Εἰ
1669 2616 1697 2642 δὲ
1715 2617 1894 2652 ἀτελεύτητος

1107 2660 1154 2686 καὶ
1170 2660 1222 2686 τῶν
1239 2661 1331 2695 ψυχῶν
1347 2661 1457 2687 καὶτῶν
1469 2661 1591 2694 ἀγγέλων
1607 2662 1623 2696 ἡ
1639 2661 1719 2695 φύσις
1731 2682 1738 2693 ,
1753 2663 1801 2689 καὶ
1817 2663 1892 2689 οὐδὲν

1107 2705 1240 2732 κωλύεται
1257 2707 1295 2738 είς
1311 2707 1342 2732 τὸ
1357 2707 1439 2733 ἀΐδιον
1454 2707 1584 2742 προϊέναι,
1599 2707 1644 2734 διὰ
1656 2708 1702 2734 τοῦ
1718 2709 1766 2734 καὶ
1781 2708 1893 2743 κτιστὴν

1106 2749 1186 2783 εἶναι,
1204 2751 1251 2777 καὶ
1269 2751 1323 2778 ἀπό
1335 2760 1406 2783 τινος
1419 2752 1467 2787 τὴν
1483 2752 1568 2787 ἀρχὴν
1582 2753 1629 2787 τῆς
1645 2753 1801 2784 συστάσεως
1812 2754 1893 2788 ὲετχη⁸

1109 2797 1195 2828 κέναι,
1214 2797 1309 2827 ὡς.διὰ
1326 2798 1419 2824 τούτου
1431 2797 1561 2824 δύνασθαι
1574 2798 1606 2824 ἂν
1626 2799 1672 2824 καὶ
1692 2799 1738 2824 ἐπὶ
1757 2798 1804 2825 τοῦ
1827 2799 1891 2833 Χρι-

1111 2842 1173 2868 στοῦ
1194 2842 1224 2868 τὸ
1237 2840 1293 2868 ἴσον
1318 2843 1378 2874 τοὺς
1402 2843 1576 2875 ὑπεναντίους
1592 2844 1692 2870 εἰπεῖν·
1715 2844 1752 2876 ὡς
1780 2845 1847 2879 μήτε
1863 2844 1890 2876 ἐξ
