1970 3076
46 162 93 192 797

596 159 733 188 CONTRA
749 159 941 194 EUNONIUM,
962 161 1024 189 LIB.
1047 162 1114 190 Vill.

1614 167 1666 196 798

47 221 126 249 ὰῖδίου
140 220 216 252 lino;
235 220 282 247 καὶ
303 220 343 253 είς
364 220 393 247 τὸ
408 220 584 255 ἀτελεύτητον
610 221 826 258 παρατείνοντος.

882 225 974 248 creata
996 225 1022 248 et
1041 221 1074 248 ab
1092 221 1185 256 aliquo
1211 223 1376 259 principium
1399 232 1455 252 sua:
1477 225 1665 255 subsistentia:

53 267 79 294 '0
89 265 172 293 ταῦτα
186 267 333 302 προφέρων
353 267 465 294 κάκεῖνα
478 266 635 301 λογιζέσθω,
650 267 711 293 ὅσον
727 267 826 302 μεταξὺ

47 312 93 348 τῆς
103 313 243 347 κτίσεωςή
260 312 354 348 Θεότης
370 312 468 348 ἔστηκε
486 314 540 344 τοῖς
555 313 690 348 ίδιώμασι.
709 313 764 348 Τῆς
780 313 827 348 μὲν

48 360 96 394 γὰρ
112 358 236 393 θεότητος
252 358 317 385 ἴδιον
332 359 362 385 τὸ
376 359 499 390 ἀνενδεὲς
523 359 624 390 παντὸς
647 358 693 386 τοῦ
711 358 779 385 κατὰ
799 358 828 385 τδ

48 405 140 439 ἀγαθὸν
157 404 344 439 θεωρουμένου
365 405 498 440 νοήματος
509 414 516 420 ·
532 405 589 440 ἡδὲ
613 405 698 436 κτίσις
717 405 748 431 ἐκ
765 413 829 440 μετ-

47 451 106 485 οχῆς
125 450 176 477 τοῦ,
189 450 323 484 βελτίονος
336 451 364 476 ἐν
377 450 416 485 τῷ
432 450 505 485 καλῴ
528 450 630 484 γίνεται
641 459 647 466 ·
662 451 721 485 ἦτις
738 451 767 477 οὺ
782 450 829 485 μό-

47 505 87 523 νον
102 494 147 522 τοῦ
160 493 230 521 εἶναι
246 495 357 530 ἤρξατο,
375 495 442 522 ἀλλὰ
455 496 501 522 καὶ
515 495 560 521 τοῦ
575 497 603 522 ὲν
616 495 655 531 τῷ
670 495 742 531 καλῷ
760 493 829 522 εἶναι

48 543 153 568 πὰντοτε
178 541 222 567 διὰ
237 541 289 575 τῆς
311 541 378 576 πρὸς
395 541 424 568 τὺ
444 543 566 576 κρεῖττον
587 541 776 575 ὲπαυξήσεως,
800 542 829 568 ἐν

47 587 81 622 τῷ
99 585 229 621 ἄρχεσθαι
255 586 501 621 καταλαμϐάνεται.
536 586 608 612 Διότι
635 586 761 612 οὐδέποτε
784 587 829 612 ἐπὶ

47 632 88 660 τοῦ
105 631 323 667 κατειλημμένου
338 632 459 658 ἵσταται·
476 631 544 657 ἀλλὰ
559 632 611 658 πᾶν
625 632 655 657 τὸ
673 631 772 666 κτηϐὲν
785 631 829 658 διὰ

48 679 91 712 τῆς
116 677 261 713 μετουσίας
281 677 351 713 ἀρχὴ
363 678 411 712 τῆς
425 677 492 713 πρὸς
505 677 535 703 τὸ
548 678 639 712 μεῖζον
651 677 744 703 ἀνόδου
755 677 827 711 γίνε-

48 733 95 750 ται.
112 724 164 750 Καὶ
177 723 249 750 κατὰ
263 724 311 760 τὴν
325 723 430 749 Παύλου
447 723 536 757 φωνὴν
547 744 554 755 ,
572 723 698 749 οὐδέποτε
714 722 828 749 παύεται

47 771 96 801 τοῖς
109 769 263 804 ἔμπροσθεν
280 768 487 803 ὲπεκτεινομὲνη
500 788 506 797 ,
522 768 568 794 καὶ
580 768 664 802 λήθην
679 768 828 802 ποιουμένη

48 816 95 842 τῶν
109 815 230 842 ὄπισθεν.
260 815 336 841 Ἐπεὶ
350 813 396 841 οὖν
412 816 428 850 ἡ
443 815 491 849 μὲν
509 814 602 849 θεότης
620 814 740 849 αὖτοζωή
759 816 826 841 ἐστι·

48 861 105 893 θεὸς
118 861 144 887 δὲ
163 862 177 887 ὁ
201 862 351 896 μονογενὴς
365 881 371 892 ,
395 861 460 892 Θεδς
482 860 530 887 καὶ
545 860 618 895 ζωὴ,
634 861 681 887 καὶ
705 860 826 896 ἀλήθεια,

49 907 89 933 καὶ
103 907 154 932 πᾶν
172 906 199 932 εἰ
210 915 237 932 τι
260 906 361 941 ὑψηλὸν
385 906 431 932 καὶ
448 905 597 940 Θεοπρεπές
617 907 674 932 ἐστι
694 905 797 940 νόημα’
812 906 827 941 ὴ

49 953 73 979 δὲ
88 952 170 983 κτίσις
195 951 303 978 ἐκεῖθεν
328 951 380 978 τῶν
396 951 504 985 ἀγαθῶν
528 950 662 985 λαμϐάνει
681 951 730 986 τὴν
745 959 827 986 χορη-

49 998 111 1032 γίαν’
125 998 239 1033 φανερὸν
252 998 286 1024 ἐκ
299 997 399 1023 τούτων
415 997 448 1023 ἂν
464 997 517 1032 εἴη,
528 997 568 1023 ὅτι
584 996 662 1031 εἴπερ
677 996 828 1031 μετέχουσα

48 1044 91 1078 τῆς
106 1043 194 1078 ζωῆς,
223 1044 253 1070 ἐν
272 1043 310 1078 τῷ
336 1044 385 1078 ζῇν
409 1044 484 1069 ἐστι’
503 1043 549 1069 καὶ
574 1043 598 1068 εἰ
623 1041 756 1068 παύσαιτο
780 1042 829 1076 τῆς

50 1090 199 1125 μετουσίας,
223 1089 273 1115 καὶ
288 1089 334 1115 τοῦ
351 1090 380 1116 ὲν
396 1089 434 1124 τῷ
452 1089 501 1124 ζῇν
519 1087 587 1115 εἶναι
605 1088 738 1115 παύσεται
760 1088 828 1114 πάν-

49 1143 103 1166 τως.
121 1135 148 1160 Εἰ
165 1135 215 1169 μὲν
230 1132 278 1160 οὖν
294 1134 339 1161 καὶ
356 1135 419 1169 περὶ
432 1134 478 1160 τοῦ
491 1133 649 1169 μονογενοῦς
661 1134 727 1160 Θεοῦ
743 1134 830 1161 ταῦτα

49 1180 127 1214 λέγειν
140 1180 279 1215 τολμῶσιν
291 1199 298 1211 ,
314 1180 364 1206 ὅσα
377 1180 441 1215 περὶ
454 1181 504 1214 τῆς
524 1180 637 1211 κτίσεως
655 1179 753 1214 ἀληθές
774 1181 831 1206 ἐστι

49 1226 144 1260 λέγειν,
171 1228 219 1253 καὶ
247 1226 328 1253 τοῦτο
355 1226 424 1261 μετὰ
456 1226 564 1253 πάντων
593 1226 764 1260 λεγέτωσαν,
790 1226 830 1252 ὅτι

49 1272 137 1306 ὁμοίως
150 1273 182 1307 τῇ
206 1273 297 1298 κτίσει
313 1272 359 1299 καὶ
371 1273 418 1299 τοῦ
436 1271 503 1299 εἶναι
527 1272 640 1308 ἄρχεται
654 1292 661 1303 ,
677 1273 724 1299 καὶ
739 1274 768 1299 ἐν
791 1273 830 1308 τῷ

50 1317 94 1352 ζῇν
115 1317 177 1343 καθ’
202 1318 352 1353 ὁμοιότητα
372 1318 426 1345 τῶν
443 1318 536 1353 ψυχῶν
562 1318 692 1354 διαμένει.
712 1319 742 1344 Εἰ
765 1317 793 1343 δὲ
817 1318 831 1344 ὀ

51 1364 94 1399 μὲν
107 1363 227 1399 αὐτοζωή
244 1365 305 1390 ἐστι
315 1383 324 1396 ,
337 1365 384 1390 καὶ
398 1364 444 1391 τοῦ
463 1364 622 1391 ἐπείσακτον
639 1365 710 1400 ἔχειν
724 1365 752 1390 ὲν
770 1365 832 1390 tatu-

49 1409 82 1443 τῷ
92 1409 137 1444 τὴν
152 1410 224 1445 ζωὴν
241 1410 274 1436 οὐ
290 1410 447 1445 προσδέεται
460 1419 466 1425 ·
488 1409 521 1436 τὰ
535 1410 562 1436 δὲ
578 1410 644 1436 ἄλλα
662 1409 749 1436 πάντα
771 1408 832 1444 οὐχ).

50 1454 98 1490 ζωή
113 1456 193 1487 ἐστιν,
210 1455 281 1495 ἀλλὰ
297 1455 445 1491 μεθεκτικά
462 1456 511 1490 τῆς
533 1456 605 1490 ζωῆς
619 1456 732 1490 γίνεται.

883 267 995 299 habeat.
1013 268 1049 294 ita
1067 272 1095 294 ut
1107 275 1154 302 per
1168 268 1219 295 hoc
1233 269 1382 297 adversarii
1398 271 1504 305 possint
1517 272 1544 299 in
1557 272 1666 300 Christo

886 311 956 338 idem
976 312 1078 347 dicere,
1095 312 1165 347 quod
1181 315 1303 348 quamvis
1316 322 1368 341 non
1384 315 1418 342 sit
1435 315 1470 343 ab
1485 321 1601 348 aeterno.
1622 322 1664 345 ta-

882 364 943 383 men
958 357 985 383 in
1001 361 1132 384 :etcrnutn
1150 365 1180 385 se
1203 359 1355 393 protendat.
1383 360 1434 392 Qui
1459 361 1516 388 11336
1541 362 1663 396 profert,

879 403 961 430 etiam
978 403 1022 430 illa
1039 411 1130 430 secum
1148 409 1271 439 reputet,
1286 411 1418 439 quantum
1434 407 1515 435 distet
1537 409 1664 437 divinitas

880 456 895 475 a
911 454 1048 481 creatura,
1062 458 1110 484 per
1128 451 1308 485 proprietates
1323 460 1383 487 qua:
1399 453 1425 479 in
1448 461 1479 481 ca
1498 459 1571 482 sunt.
1597 455 1664 482 Nam

880 495 1032 522 divinitatis
1049 496 1156 530 quidem
1176 497 1315 531 propriutn
1345 501 1386 524 est
1402 498 1473 525 nulla
1488 508 1548 534 quae
1567 509 1666 532 secun-

879 539 944 566 dum
963 539 1063 567 bonum
1080 545 1218 575 spectetur
1244 542 1355 569 notione
1380 542 1517 578 indigere;
1539 549 1664 572 creatura

883 592 948 612 vero
971 585 1092 612 melioris
1119 587 1327 621 participatione
1351 587 1378 614 in
1400 589 1514 622 pulchro
1532 589 1576 622 lit,
1605 598 1665 624 qua:

879 629 988 663 quidem
1005 638 1060 657 non
1083 631 1170 657 solum
1187 639 1245 658 esse
1265 633 1346 666 empit
1360 652 1367 663 ,
1391 633 1437 660 sed
1455 633 1535 660 etiam
1560 643 1665 669 semper

880 675 1093 710 deprehenditur
1110 677 1228 712 incipere
1245 678 1271 704 itt
1287 679 1401 712 pulchro
1417 687 1487 711 esse,
1502 685 1612 714 propter
1624 681 1665 707 in-

879 727 1048 750 crementum
1070 731 1124 757 quo
1150 731 1258 758 semper
1279 724 1362 751 tendit
1390 725 1416 752 in
1444 726 1551 752 melius.
1577 725 1666 758 Quare

880 774 1019 801 nunquam
1039 768 1066 794 in
1082 768 1325 802 coinprehensione
1342 771 1425 796 totius
1442 769 1503 795 boni
1522 769 1664 800 consistit.

880 811 927 839 sed
951 820 1032 840 omne
1058 814 1128 847 quod
1159 819 1265 848 partum
1293 819 1334 841 est
1360 823 1406 850 per
1430 815 1664 850 participationetu

881 859 1044 894 principium
1061 860 1088 886 lit
1103 867 1234 888 ascensus
1249 861 1280 887 ad
1297 861 1321 888 id
1337 861 1408 896 quod
1434 861 1530 887 melius
1553 865 1605 889 cst.
1633 860 1666 888 Et

879 905 956 940 juxta
973 904 1048 932 Pauli
1071 913 1182 937 vocem,
1207 914 1346 941 nunquam
1369 911 1459 934 cessat
1479 907 1511 934 ad
1527 907 1664 934 anteriora

881 951 1028 978 extendere
1049 959 1077 978 se
1093 956 1119 978 et
1140 951 1262 978 oblivisci
1280 960 1373 979 eorum
1388 960 1448 987 qum
1467 957 1529 979 sunt
1546 957 1618 980 retro
1632 953 1664 979 ¹⁶.

881 995 1015 1026 Quoniam
1030 996 1112 1031 ἰδίῑιη·
1127 996 1258 1024 divinitas
1286 997 1344 1032 ipsa
1357 997 1410 1024 vita
1424 1003 1474 1029 est,
1493 997 1562 1025 Deus
1576 1003 1664 1025 autem

883 1041 1040 1076 unigenitus
1059 1042 1128 1070 Deus
1146 1047 1172 1069 et
1188 1043 1252 1074 vita,
1267 1047 1292 1069 et
1305 1043 1406 1070 veritus
1419 1063 1425 1074 ,
1443 1049 1468 1070 et
1485 1043 1666 1078 quodcunque

881 1087 1021 1113 excelsum
1038 1092 1064 1114 et
1090 1087 1143 1114 Deo
1154 1088 1281 1114 decorum
1298 1089 1410 1123 cogitari
1427 1093 1527 1124 potest,
1542 1095 1666 1116 creatura

884 1140 947 1158 vero
962 1133 1035 1159 illinc
1058 1134 1190 1160 bonorum
1211 1135 1493 1162 subministrationem
1523 1135 1605 1170 capit,
1633 1144 1667 1163 ex

883 1177 925 1205 his
938 1177 1109 1205 manifestum
1117 1187 1176 1206 esse
1191 1180 1285 1214 possit,
1296 1181 1366 1214 quod
1377 1180 1399 1206 si
1414 1180 1522 1215 quidem
1533 1184 1668 1216 particeps

882 1228 924 1250 est
939 1224 1010 1255 vitae,
1024 1232 1117 1250 verum
1133 1229 1174 1251 est
1190 1234 1248 1252 eam
1266 1227 1353 1262 vivere
1368 1235 1374 1258 ;
1393 1227 1415 1253 si
1435 1228 1595 1262 participare
1608 1235 1668 1255 ces-

883 1273 967 1301 saret,
983 1270 1162 1304 proculdubio
1177 1270 1313 1298 desineret
1326 1272 1406 1298 etiam
1422 1273 1521 1299 vivere.
1542 1272 1568 1299 Si
1585 1274 1667 1307 igitur

879 1320 905 1342 et
919 1316 951 1343 de
976 1316 1116 1350 unigenito
1131 1316 1184 1343 Deo
1199 1317 1254 1344 ha-c
1270 1318 1361 1345 dicere
1375 1319 1484 1350 audent
1499 1327 1667 1354 quaecunque

881 1361 916 1388 de
930 1365 1053 1388 creatura
1070 1370 1161 1389 verum
1178 1368 1220 1389 est
1238 1363 1341 1394 dicere,
1359 1363 1424 1390 illud
1441 1364 1522 1390 etiarn
1541 1364 1583 1391 his
1609 1371 1669 1390 om-

880 1408 961 1435 nibus
989 1415 1050 1442 qua:
1079 1408 1174 1435 dicunt
1204 1409 1325 1440 addant,
1353 1409 1424 1444 quod
1455 1410 1580 1437 similiter
1604 1418 1666 1438 cum

880 1457 1006 1480 creatura
1024 1461 1084 1480 esse
1099 1455 1199 1488 cmpit,
1217 1458 1242 1480 et
1265 1455 1293 1481 in
1319 1454 1371 1481 vita
1397 1455 1485 1482 instar
1514 1456 1666 1484 animarum

51 1507 189 1536 permanet.
213 1502 294 1536 Quod
320 1503 343 1529 si
370 1503 414 1529 ille
432 1503 542 1538 quidem
562 1507 603 1530 est
622 1503 737 1537 ipsumet
754 1501 807 1527 vita
821 1521 828 1533 ,
849 1507 900 1527 nec
915 1508 1028 1527 necesse
1049 1505 1091 1528 est
1111 1509 1173 1528 eum
1187 1501 1297 1528 aliunde
1317 1501 1344 1527 in
1362 1509 1392 1528 se
1425 1502 1507 1529 vitam
1543 1503 1666 1530 adventi-

52 1549 106 1576 l'am
125 1550 242 1580 habere:
263 1551 314 1576 alia
333 1555 423 1576 autem
440 1550 530 1576 omnia
551 1557 605 1576 non
623 1551 676 1576 vita
693 1554 766 1580 sunt.
784 1548 830 1575 sed
851 1547 911 1574 vita!
928 1548 1070 1582 participia
1087 1548 1163 1575 tiunt.

80 1595 123 1627 Τίς
136 1595 241 1630 ἀνάγκη
266 1595 310 1622 διὰ
325 1595 376 1622 τῶν
396 1596 424 1622 ἐν
437 1596 469 1631 τῇ
486 1595 573 1622 κτίσει
588 1595 759 1630 βλεπομένων
777 1602 830 1620 πα-

919 1593 985 1625 Quae
997 1593 1080 1627 igitur
1090 1595 1239 1621 necessitas
1250 1595 1332 1629 cogit,
1346 1595 1420 1622 exiis
1431 1603 1490 1630 qua:
1504 1596 1529 1622 in
1543 1600 1667 1623 creatura

51 1639 226 1675 ραγράφεσῡαι
248 1639 289 1674 τῷ
315 1641 460 1674 Μονογενεί
476 1640 506 1666 τὺ
532 1640 632 1673 ἁῖδιον;
653 1640 688 1666 Τὸ
706 1640 755 1675 μὲν
777 1639 831 1674 γὰρ

50 1686 88 1712 ἀεὶ
100 1685 226 1718 ὡσαύτως
242 1686 316 1713 κατά
329 1686 378 1722 τὴν
393 1687 472 1720 φύσιν
487 1685 557 1721 ἕχον,
572 1686 760 1721 ἀπαράδεκτόν
772 1688 830 1712 ἐστι

49 1731 89 1757 τσιῦ
113 1732 231 1758 ἐναντίου
245 1753 254 1765 ,
282 1733 328 1758 καὶ
351 1733 400 1768 τῆς
423 1732 492 1767 πρὸς
516 1732 546 1758 τὸ
573 1732 664 1767 ἕτερον
681 1732 830 1767 μεταὸολῆς

49 1778 222 1804 ἀνεπίδεκτον.
238 1775 290 1809 Οἷς
306 1778 333 1804 δὲ
345 1779 362 1813 ἡ
376 1777 455 1812 φύσις
469 1777 593 1813 μεθόριος
606 1799 611 1808 ,
625 1777 730 1809 τούτοις
743 1779 831 1812 ἐπαμ-

51 1822 176 1857 φοτερίζει
191 1823 263 1858 πρὸς
276 1823 431 1858 ἑκάτερονὴ
451 1822 521 1857 ῥοπὴ
534 1843 541 1854 ,
562 1823 621 1849 κατ’
638 1821 761 1854 ἐξουσίαν
776 1823 831 1853 τοῖς

49 1867 112 1894 κατά
127 1867 237 1903 γνώμην
254 1867 506 1903 προσκινουμένοις.
524 1868 554 1893 Εἰ
575 1865 621 1893 οὗν
637 1867 653 1902 ἡ
671 1867 756 1898 ὅντως
774 1865 830 1901 ζωὴ

50 1913 116 1947 ἐντῇ
133 1912 191 1948 θείᾳ
205 1921 235 1938 τε
259 1912 306 1938 καὶ
329 1912 511 1948 ὑπερκειμένη
536 1911 676 1947 θεωρεῖται
693 1911 771 1945 φύσει
783 1931 790 1943 ,
812 1912 828 1946 ἡ

49 1959 198 1990 ἀπύπτωσις
225 1957 330 1993 ταύτης
362 1957 428 1992 πρὸς
460 1957 489 1983 τδ
513 1957 697 1992 ἀντικείμενον
722 1957 830 1988 πάντως

50 2004 113 2030 κατὰ
127 2004 157 2030 τὸ
180 2003 256 2034 εἰκὸς
284 2002 438 2038 καταλήξει,
459 2002 618 2037 Πολύσημος
634 2003 661 2029 δὲ
683 2002 732 2037 τῆς
757 2001 830 2037 ζωῆς

50 2050 92 2076 καὶ
105 2049 149 2075 τοῦ
166 2049 285 2075 θανάτου
313 2049 329 2083 ἡ
345 2048 450 2080 ἔννοια,
467 2048 513 2074 καὶ
536 2048 566 2073 οὐ
589 2047 659 2074 κατὰ
682 2048 726 2074 τὸν
750 2048 830 2074 αὐτὸν

51 2095 172 2130 νοουμένη
187 2095 302 2130 τρόπον.
323 2094 384 2120 Ἐπὶ
410 2094 458 2128 μὲν
477 2093 531 2128 γὰρ
549 2093 597 2128 τῆς
616 2092 727 2128 σαρκὸς,
744 2094 761 2127 ἡ
776 2093 830 2119 τῶν

51 2141 204 2176 σωματικῶν
220 2140 375 2175 αἰσθήσεων
396 2139 519 2174 ὲνέργειόι
537 2147 565 2164 τε
584 2139 632 2165 καὶ
651 2139 754 2174 κίνησις
773 2138 828 2174 ζωὴ

50 2186 166 2220 λέγεται’
189 2187 238 2213 καὶ
256 2186 287 2212 τὺ
309 2184 454 2220 ἐμπαλινὴ
481 2185 572 2216 σϐέσις
597 2185 684 2211 αὐτῶν
702 2186 747 2212 καὶ
773 2185 830 2211 διά-

51 2231 134 2264 λυσις,
148 2232 266 2262 θάνατος
287 2231 456 2266 ὀνομάζεται.
483 2231 543 2257 Ἐπὶ
557 2231 585 2257 δὲ
600 2231 649 2265 τῆς
673 2231 768 2266 νοερᾶς
780 2230 830 2265 φύ-

50 2285 131 2310 σεως,
147 2279 164 2312 ἠ
193 2278 265 2314 πρὸς
282 2277 312 2303 τὸ
323 2279 397 2306 Θείον
423 2278 573 2308 οἰκείωσις,
602 2277 619 2311 ἡ
644 2276 747 2312 ἀληθής
773 2278 830 2303 ἐστι

51 2324 119 2359 ζωή·
145 2325 191 2351 καὶ
215 2325 232 2360 ἡ
260 2324 355 2351 τούτου
381 2324 539 2355 ἀπόπτωσις
583 2323 696 2350 Θάνατον
721 2324 778 2359 ἔχει
801 2324 830 2350 τὸ

50 2369 137 2404 δνομα.
149 2370 194 2396 Διὸ
212 2370 260 2396 καὶ
278 2369 309 2395 τὸ
327 2369 473 2404 ἀρχέγονον
494 2369 577 2395 κακον
598 2369 612 2394 ὁ
628 2369 748 2400 διάϐολος
759 2389 765 2400 ,
785 2368 832 2395 καὶ

37 2411 157 2447 ’θάνατος
171 2416 300 2450 λέγεται,
324 2416 370 2442 καὶ
396 2415 508 2450 εὑρετὴς
536 2415 666 2441 Θανάτου·
692 2415 758 2441 ἀλλὰ
785 2415 832 2442 καὶ

51 2462 143 2495 κράτος
160 2461 233 2496 ἔχειν
248 2461 361 2488 θανάτου
377 2461 451 2495 παρᾶ
465 2460 511 2486 τοῦ
531 2460 688 2487 Ἀποστὸλου
711 2461 828 2494 λέγεται.

52 2507 149 2534 Οὐκοῦν
163 2508 278 2542 διπλῆς,
295 2505 386 2538 καθὼς
401 2506 516 2541 εἴρηται,
534 2506 582 2541 τῆς
595 2505 640 2532 τοῦ
657 2506 770 2532 Θανάτου
785 2515 832 2541 ση-

53 2550 145 2584 μασίας
164 2552 197 2577 ὲκ
212 2551 268 2577 τῶν
294 2550 408 2585 Γραφῶν
427 2550 586 2586 νοουμένης,
612 2551 626 2576 ὁ
655 2550 704 2585 μὲν
727 2551 833 2585 ἀληθῶς

52 2595 178 2631 ἄτρεπτος
199 2606 230 2623 τε
248 2597 295 2623 καὶ
311 2596 486 2628 ἀναλλοίωτος
501 2616 508 2628 ,
535 2597 613 2631 μόνος
630 2597 685 2631 ἔχει
700 2597 748 2632 τὴν
766 2598 832 2624 ἀθα-

52 2642 141 2668 νῖσίαν
153 2663 161 2675 ,
177 2643 226 2670 καὶ
239 2642 296 2677 φῶς
310 2643 378 2669 οἰκεῖ
392 2641 430 2676 τῷ
451 2641 523 2677 ξόιρῳ
542 2642 590 2677 τῆς
607 2643 704 2674 κακίας
721 2643 834 2678 ἀπρόσι-

52 2687 92 2712 τὸν
102 2696 130 2713 τε
141 2688 189 2714 καὶ
203 2687 435 2723 ἀπροσπέλαστον.
451 2687 520 2713 Ὅσα
533 2687 560 2713 δὲ
575 2687 620 2713 τοῦ
634 2687 747 2714 θανάτου
768 2695 834 2721 μετ-

53 2733 115 2766 έχει,
137 2734 186 2767 τῆς
202 2733 352 2765 ἀθανασίας
372 2733 416 2760 διὰ
433 2733 483 2768 τῆς
500 2734 546 2758 ἐπὶ
568 2733 597 2759 to
612 2733 731 2759 ἐναντίον
748 2732 834 2767 ῥοπῆς

54 2779 143 2814 πύρρω
165 2778 316 2814 γινόμενα·
340 2779 364 2805 ει
391 2778 419 2805 δὲ
445 2779 568 2814 ἀπορρυῇ
588 2779 635 2813 τῆς
660 2778 707 2804 τοῦ
731 2777 833 2812 ἀγαθοῦ

104 2868 124 2884 ⁸⁸
141 2867 261 2904 Philipp.
278 2875 318 2902 tu,
334 2869 375 2897 l3.
406 2868 517 2897 "Hebr.
532 2877 559 2903 ιι,
581 2870 619 2897 ii.
643 2869 765 2898 “lTim.
784 2878 822 2904 Vl,
836 2870 877 2898 16s

881 1643 1038 1666 cernuntur
1053 1641 1233 1667 :etcrnitatem
1249 1641 1310 1667 vitm
1324 1641 1468 1676 Unigcnito
1478 1642 1669 1676 pruiseribere?

881 1683 958 1716 Quod
968 1684 1040 1710 enim
1050 1684 1255 1719 scmpereodem
1267 1686 1346 1712 modo
1358 1691 1454 1713 natura
1464 1695 1493 1714 se
1505 1687 1595 1717 habet.
1606 1695 1668 1714 cou-

882 1730 959 1756 trarii
979 1737 1066 1764 capax
1083 1738 1135 1756 non
1152 1736 1210 1762 est,
1233 1739 1320 1766 neque
1335 1733 1360 1758 in
1376 1733 1490 1759 alterum
1506 1733 1669 1761 mutationis

881 1780 923 1802 est
940 1775 1088 1810 particeps.
1105 1776 1211 1808 Quibus
1225 1785 1288 1804 vero
1305 1783 1402 1804 natura
1417 1784 1458 1804 est
1477 1780 1666 1812 contermina,

881 1829 929 1848 seu
953 1822 979 1848 in
1004 1821 1124 1849 confinio
1145 1823 1209 1849 boui
1234 1828 1260 1850 et
1283 1824 1346 1850 inali
1372 1825 1538 1855 constituta.
1565 1825 1663 1854 horum

881 1867 1030 1902 propensio
1045 1875 1147 1902 anceps
1165 1868 1190 1894 in
1207 1869 1370 1896 alterutrum
1389 1871 1493 1905 Vergit,
1510 1879 1559 1906 pro
1575 1872 1665 1899 libera

882 1915 1018 1947 potestate
1031 1920 1125 1939 eorum
1140 1913 1187 1947 qui
1206 1922 1236 1940 cx
1255 1914 1338 1940 animi
1354 1915 1491 1942 sententia
1512 1920 1666 1943 moventur.

882 1958 910 1984 Si
929 1958 1014 1993 igitur
1028 1966 1092 1985 vera
1109 1959 1164 1986 vita
1183 1959 1208 1986 iu
1228 1960 1320 1987 divina
1339 1965 1365 1988 et
1384 1962 1599 1995 supercmiuenti
1618 1970 1668 1990 na-

881 2009 943 2032 tura
960 2008 1113 2039 spectatur,
1135 2005 1217 2040 hujus
1237 2006 1356 2041 dilapsio
1375 2007 1408 2034 ad
1421 2008 1577 2042 oppositum
1593 2017 1669 2043 pror-

881 2059 947 2082 sus,
965 2055 995 2077 ut
1013 2057 1228 2079 consentaneum
1247 2057 1289 2080 est
1302 2073 1308 2084 ,
1326 2053 1441 2081 desinet.
1461 2054 1600 2089 Multiplex
1619 2063 1668 2081 au-

881 2100 935 2123 tem
951 2097 1014 2124 vita:
1026 2101 1053 2124 et
1069 2098 1165 2125 mortis
1179 2098 1355 2133 significatio,
1372 2107 1460 2134 neque
1475 2100 1555 2126 modo
1572 2100 1665 2127 eodctn

881 2141 1054 2176 iuteiligitur.
1071 2141 1138 2168 Nam
1162 2143 1188 2169 in
1207 2151 1306 2173 carne,
1322 2152 1516 2178 corporeorum
1536 2153 1666 2172 sensuum

876 2186 989 2213 'l'unctio
1004 2192 1031 2214 et
1049 2188 1134 2214 motio
1153 2189 1207 2215 vita
1224 2187 1324 2215 dicitur
1339 2199 1346 2222 ;
1364 2194 1459 2216 contra
1480 2190 1600 2224 ipsorutn
1618 2198 1667 2217 ex-

883 2233 994 2260 stinctio
1012 2238 1038 2260 et
1053 2233 1200 2261 dissolutio
1220 2243 1294 2262 mors
1312 2236 1481 2262 nominatur.
1510 2235 1537 2262 lu
1558 2237 1666 2264 intelle-

883 2279 966 2305 ctuali
982 2287 1045 2306 vero
1060 2284 1156 2307 natura
1172 2281 1374 2315 approvimalio
1391 2281 1423 2308 ad
1444 2282 1526 2308 Deum
1545 2290 1606 2309 vera
1624 2286 1666 2310 est

882 2323 936 2349 vita
949 2342 956 2354 ,
971 2323 1079 2350 aversio
1094 2329 1184 2351 autem
1203 2329 1229 2351 et
1248 2326 1341 2360 lapsus
1373 2334 1387 2352 a
1409 2325 1463 2353 Deo
1497 2328 1593 2354 mortis
1618 2336 1667 2354 no~

883 2369 956 2396 mino
971 2369 1135 2404 appellatur.
1157 2370 1330 2405 Quapropter
1347 2371 1474 2406 princeps
1497 2373 1616 2405 malum,
1640 2373 1666 2400 id

883 2418 925 2441 est
943 2414 1048 2449 primus
1064 2416 1129 2442 ntali
1146 2420 1242 2442 auctor
1256 2416 1383 2443 diabolus
1394 2437 1401 2448 ,
1416 2421 1442 2444 et
1457 2425 1531 2444 mors
1555 2423 1667 2444 vocatur

885 2465 912 2487 ct
927 2461 1024 2487 tnortis
1041 2461 1178 2493 inventor,
1191 2462 1238 2489 sed
1254 2466 1280 2488 ct
1296 2463 1391 2490 mortis
1406 2463 1551 2497 imperium
1568 2464 1668 2491 habere

886 2505 920 2533 ab
936 2506 1068 2540 Apostolo
1083 2506 1186 2533 dicitur
1207 2508 1238 2534 ¹⁷.
1261 2508 1330 2534 Cum
1353 2508 1447 2543 igitur,
1467 2509 1540 2535 sicut
1565 2509 1666 2536 dictum

885 2555 945 2583 est,
965 2552 1062 2580 mortis
1076 2553 1173 2587 duplex
1192 2553 1357 2588 significatio
1375 2555 1402 2581 in
1421 2555 1572 2589 Seripturis
1591 2555 1669 2582 intel-

886 2597 996 2632 ligatur,
1016 2598 1040 2625 is
1058 2599 1167 2632 quidcm
1186 2600 1231 2633 qui
1249 2607 1312 2626 vere
1331 2600 1510 2627 immutabilis
1528 2605 1569 2627 est
1587 2606 1669 2635 atquc

883 2642 1080 2676 inalterabilis,
1104 2644 1181 2671 solus
1201 2644 1283 2671 habet
1307 2645 1561 2679 itnmortahtatem,
1577 2650 1604 2673 et
1627 2647 1669 2672 lu-

884 2696 942 2716 cem
961 2689 1065 2716 habitat
1083 2690 1194 2725 caligini
1227 2691 1382 2718 vitiositatis
1399 2691 1566 2718 inaccessam
1584 2695 1610 2718 ct
1627 2691 1668 2718 itt-

884 2735 956 2762 viam
980 2736 1011 2762 ”.
1044 2736 1220 2772 Quarcunque
1242 2742 1331 2764 autent
1351 2738 1430 2764 morti
1449 2743 1513 2764 sunt
1530 2737 1669 2770 obnoxia,

884 2789 945 2809 Clllll
970 2783 1003 2810 ab
1020 2783 1228 2812 immortalitate
1244 2783 1279 2823 ob
1296 2775 1508 2819 propensionem
1524 2791 1606 2819 quam
1623 2784 1667 2811 ha-
