1970 3076
33 118 83 145 8θῖ

602 118 740 146 CONTRA
764 118 957 152 EUNUSHUM,
980 119 1042 146 LIB.
1066 119 1108 146 IX.

1617 116 1668 144 ωε

32 178 174 210 «avenac,
185 175 267 209 αὐτὸς
281 177 348 213 πρὸς
362 178 457 204 ἑαυτὸν
465 179 659 214 μεριζόμενος,
668 177 832 213 ἀσύμφωνον

891 177 964 208 situs,
999 177 1057 211 ipse
1083 184 1177 204 secum
1202 176 1228 203 in
1256 181 1347 211 partes
1375 175 1490 207 divisus,
1516 175 1669 202 discordem

32 221 104 255 ἔχων
117 223 152 258 τῇ
165 222 280 257 δυνάμει
289 222 337 256 τὴν
344 221 457 258 διῖναμιν
467 231 474 238 ⁵
488 224 526 254 ὼς
536 224 621 259 ταύτῃ
633 224 680 258 μὲν
689 223 758 259 πρὸς
770 224 834 250 ἀτα-

34 267 92 299 ξίαν
108 267 289 303 ἐκφέρεσθαι,
306 269 338 304 τῇ
355 268 383 294 δὲ
401 269 483 305 ἑτέρᾳ
501 269 615 297 κωλύειν
629 269 659 296 τὸ
676 269 834 305 πλημμελὲς

34 313 84 346 τῆς
94 313 242 348 κινήσεως.
253 313 285 339 Τί
294 313 321 340 δὲ
338 314 384 340 καὶ
399 314 559 351 βουλόμενος
568 317 664 351 κρατεῖ
678 315 745 350 πρὸς
758 314 834 349 γένεο

35 366 78 384 σιν
89 358 222 394 ὁρμῶσαν
237 359 286 394 τὴν
301 358 425 395 δύναμιν,
435 361 472 396 μή
485 369 511 387 τι
523 361 634 396 γένηται
651 360 735 387 κακὸν
747 361 779 386 ὲκ
787 359 833 387 τοῦ

36 404 75 438 μὴ
89 403 247 439 κωλυθῆναι
271 405 319 440 τὴν
337 405 474 440 γέννησιν,
492 406 593 442 μᾶλλον
616 405 644 432 δὲ
663 405 715 441 πρὸ
737 405 833 432 τούτου

34 448 61 474 τί
77 449 111 484 τῇ
129 448 210 482 φύσει
227 449 257 475 τὸ
281 449 464 484 κρατούμενόν
479 450 778 486 ὲστιν,ἐρμηνευσὰτω.
798 449 835 476 Τὸ

35 493 92 529 γὰρ
121 494 280 528 λεγόμενον,
308 495 462 531 ὀρμητικήν
486 504 548 523 τινα
574 496 620 523 καὶ
642 495 835 532 προαιρετικὴν

36 539 212 566 ὑποδείκνυσι
230 540 348 576 κίνησιν,
367 542 408 575 ἐφ’
426 542 524 577 ἑαυτῆς
541 541 694 574 ἰδιαζόντως
715 542 834 578 θεωρου-

38 585 124 620 μένην
133 594 140 601 ι
154 585 217 612 ἄλλο
234 585 288 621 γάρ
301 595 326 613 τι
339 586 370 613 τὸ
389 587 516 622 κρατοῦν,
532 588 578 614 καὶ
592 588 685 623 ἕτερον
705 587 735 619 ἐξ
749 587 835 621 ἀνάγο

37 639 90 665 κη;
119 631 178 656 ἐστὶ
204 631 234 658 τδ
267 632 461 667 κρατούμενον.
491 634 595 668 Κρατεῖ
617 633 706 660 τοὶνυν
731 634 744 660 ὁ
770 628 836 664 Θεὸξ

37 677 88 711 τῆς
109 677 254 712 δυνάμεώς
285 687 311 705 τι
330 678 412 714 οὔσης
446 679 673 715 αὐτοπροαιρέτου
698 679 768 711 τινὸς
786 679 836 714 φύ-

40 731 121 755 σεως,
141 723 157 758 ἢ
174 724 238 750 ἀλλο
254 734 280 751 τι
306 725 382 761 παρὰ
404 725 493 757 τοῦτο,
518 725 646 761 ὁρμώσης
668 726 736 761 πρὸς
763 726 838 761 ἐνέρ-

42 777 134 802 γειαν,
151 769 167 804 ἢ
188 770 370 806 ἀτρεμούσης.
387 771 418 797 Et
443 771 492 807 μὲν
512 773 566 806 γὰρ
582 773 694 808 ἠρεμεῖν
710 772 836 799 ὑποτίθε-

41 823 99 845 ται.
116 815 148 842 τὸ
173 816 308 851 ἡσυχάζον
331 817 378 843 τοῦ
397 817 560 854 κρατοῦντος
575 819 625 845 οὐκ
641 819 786 845 ἐπιδέεται.
806 819 837 846 Et

885 223 988 250 habens
1018 222 1146 257 potentia:
1172 223 1332 257 potentiam,
1362 227 1391 249 ut
1415 223 1466 249 hac
1500 221 1609 256 quidem
1636 221 1668 248 ad

884 267 1076 295 confusionem
1108 272 1134 295 et
1156 268 1385 295 inordinationent
1409 267 1554 299 efferatur,
1585 266 1671 293 altera

884 321 949 342 vero
967 313 1110 349 prohibeat
1126 319 1216 340 motus
1236 321 1389 341 excessum.
1409 313 1478 345 Quid
1496 317 1584 339 autem
1597 311 1670 346 quod

884 360 979 387 volens
996 359 1098 386 retinet
1123 359 1156 386 ad
1184 351 1386 395 generationem
1408 362 1594 393 erumpentem
1621 365 1670 392 po-

886 405 1010 437 tentiam,
1028 413 1062 432 ne
1081 406 1146 440 quid
1166 406 1229 433 tnali
1251 410 1380 433 nascatur
1402 413 1433 431 ex
1453 405 1505 430 hoc
1525 403 1596 438 quod
1616 410 1670 429 non

886 451 1023 486 prohibita
1039 452 1075 479 sit
1095 453 1245 487 generatio,
1263 453 1318 478 into
1332 459 1397 478 \‘ero
1410 457 1472 478 ante
1486 451 1537 478 hoc
1553 450 1616 485 quid
1635 450 1671 477 sit

885 496 959 531 quod
983 500 1080 523 natura
1101 501 1211 524 tenetur
1227 497 1356 531 explicet.
1384 495 1460 528 Quod
1479 495 1550 521 enim
1571 495 1670 521 dicitur

887 542 1070 577 impultricem
1103 542 1248 577 quamdam
1285 547 1312 569 et
1343 545 1519 576 spontaneam
1551 539 1672 567 ostendit

887 588 1035 615 motionem
1049 596 1109 623 qnze
1122 589 1148 615 in
1166 589 1255 623 seipsa
1271 587 1446 622 peculiariter
1459 585 1650 613 consideretur
1663 593 1671 617 ;

887 633 960 660 aliud
978 633 1051 660 enim
1068 633 1134 668 quid
1152 634 1203 660 ltoc
1225 634 1295 668 quod
1316 633 1425 662 retinet.
1444 637 1470 659 et
1489 631 1605 657 alterunt
1627 638 1674 657 ne-

887 678 1010 706 cessario
1034 679 1107 713 quod
1133 679 1276 706 retinetttr.
1299 678 1407 706 Retinet
1428 677 1510 712 igitur
1532 675 1602 703 Deus
1627 683 1676 710 po-

889 724 1001 751 tentiam
1019 732 1079 759 qum
1095 729 1134 752 est
1151 725 1253 760 aliquid
1275 725 1366 751 liberae
1378 729 1404 752 et
1420 731 1476 751 sua:
1495 722 1601 757 spontis
1626 730 1675 747 na-

888 774 966 802 turae,
988 770 1029 797 vel
1045 778 1106 805 qua:
1122 771 1157 798 sit
1175 771 1248 797 aliud
1271 771 1335 806 quid
1353 775 1449 805 pra-ter
1470 769 1531 802 hoc,
1552 775 1612 802 quae
1634 767 1676 794 Vt‘l

888 820 955 848 ruatL
972 815 1006 843 ad
1030 821 1131 850 acttttn,
1149 816 1190 844 vel
1215 825 1276 852 qute
1293 817 1431 851 quiescat;
1459 815 1480 842 si
1510 815 1581 842 enirn
1599 813 1676 848 quie—

41 861 69 888 ὂὲ
85 864 197 897 κρατεῖν
214 871 290 898 φησι,
308 863 429 899 δηλονότι
447 865 606 900 κινουμένου
625 873 655 891 τε
669 864 715 891 καὶ
728 865 835 901 ὁρμῶν-

891 870 964 890 scere
984 867 1164 897 supponatur,
1183 863 1254 898 quod
1267 863 1389 897 quietum
1405 867 1445 889 est
1459 869 1511 888 non
1531 865 1590 895 eget
1612 859 1677 886 reti-

41 916 88 940 τος
108 910 216 943 κρατεῖ.
238 909 322 936 Τοῦτο
347 910 375 936 δὲ
398 910 462 938 ἄλλο
488 920 514 938 τι
542 912 574 946 τῇ
601 911 678 946 φύσει
700 911 775 946 παρὰ
791 911 836 938 τὸν

41 954 245 990 ἐπικρατοῦντα
264 956 373 988 πάντως
395 958 461 992 ὲρεῐ.
478 957 510 983 Tt
533 955 579 984 οὖν
603 959 666 989 νοεῖ,
683 957 770 993 τούτῳ
786 966 838 992 φα-

888 912 979 935 nente.
997 908 1027 935 Si
1047 912 1138 936 autem
1156 909 1273 936 retinere
1288 908 1365 940 dicit,
1383 907 1507 935 videlicet
1520 906 1593 942 quod
1615 913 1676 932 mo-

887 957 967 980 vetur
981 958 1008 981 et
1023 954 1088 986 ruit,
1108 958 1200 987 tenet;
1217 954 1268 981 hoc
1286 958 1376 980 autent
1397 953 1462 988 quid
1481 953 1553 980 aliud
1578 956 1675 979 natura

41 999 193 1034 νερωσὰτω
205 999 242 1034 τῷ
255 1000 342 1036 λόγῳ-
361 1000 426 1027 ἄλλο
442 1010 467 1027 τι
487 1001 562 1036 παρὰ
580 1001 625 1028 τὸν
639 1001 704 1028 Θεὸν
727 1003 756 1028 ἐν
771 1002 838 1028 ὑπο-

895 1006 954 1026 uam
963 1000 1054 1036 illequi
1063 1000 1154 1029 retinet
1164 1008 1277 1034 prorsus
1291 999 1374 1027 dicet.
1391 999 1461 1032 Quid
1478 999 1562 1033 igitur
1578 997 1676 1025 intelli-

43 1046 140 1072 στάσει
153 1046 349 1081 θεωρούμενον.
367 1047 421 1073 Καὶ
436 1047 494 1079 πῶς
503 1047 536 1074 ἂν
545 1048 586 1082 εἴη
598 1049 625 1074 ἐν
636 1047 674 1083 τῷ
684 1047 742 1083 Θεῷ
752 1048 782 1074 τὸ
792 1047 839 1074 ἀλ·

40 1091 167 1126 λὸτριον;
189 1093 225 1118 ἹΙ
249 1092 304 1124 ἕξιν
321 1093 383 1119 τινὰ
407 1093 478 1120 κοιτά
496 1093 526 1120 τὸ
545 1094 729 1120 ἀνυπόστατον
753 1095 781 1121 ὲν
804 1095 837 1130 τῇ

44 1137 105 1173 θείᾳ
123 1137 204 1171 φύσει
222 1138 427 1174 Θεωρουμένηνς
452 1139 522 1166 Ἀλλ’
539 1140 589 1166 οὐκ
606 1140 638 1166 ἂν
662 1140 733 1167 εἴποι
749 1140 836 1167 τοῦτο.

44 1183 81 1210 Τὸ
96 1184 152 1219 γὰρ
170 1184 209 1220 μὴ
230 1184 355 1219 ὑφεστὼς
378 1186 428 1212 οὐκ
454 1186 523 1218 ἐστι,
547 1186 577 1212 τὸ
602 1185 629 1212 δὲ
654 1186 691 1222 μὴ
715 1186 754 1218 ὃν,
779 1186 839 1213 οὐδὲ

45 1231 200 1264 κρατεῖται,
224 1229 286 1256 οὔτε
309 1230 428 1265 ἀφίεται.
445 1230 492 1262 Τίς
507 1229 553 1257 οὖν
568 1231 584 1266 ὴ
601 1231 775 1267 κρατουμένη
794 1231 839 1258 δύ-

44 1283 127 1310 ναμις
153 1276 245 1311 ἐκείνη
270 1276 318 1303 καὶ
337 1275 495 1312 κωλυομένη
516 1277 584 1312 πρὸς
600 1276 648 1312 τὴν
675 1277 743 1304 ἰδίαν
762 1278 839 1312 ὲνερ·

44 1321 117 1354 γίαν,
134 1321 187 1352 ἕως
205 1321 316 1356 ἔμελλεν
334 1322 348 1348 ὁ
363 1321 457 1356 καιρὸς
477 1321 526 1356 τῆς
547 1321 594 1348 τοῦ
611 1321 727 1356 Χριστοῦ
745 1322 840 1356 γεννή-

45 1375 115 1398 σεως
139 1366 254 1398 ἐπιστὰς
279 1366 417 1393 ἀκώλυτον
441 1367 549 1401 ἀφιέναι
565 1367 614 1402 τὴν
635 1367 748 1402 δύναμιν
772 1368 840 1403 πρὸς

44 1412 94 1447 τὴν
109 1412 183 1440 κατὰ
199 1412 280 1447 φύσιν
294 1412 435 1448 ἐνέργειαν
450 1412 591 1448 φέρεσθαι;
611 1413 659 1444 Τίς
673 1413 701 1439 δὲ
716 1414 732 1448 ὴ
750 1414 778 1440 ἐν
800 1413 840 1448 τῷ

46 1458 124 1493 μέσῳ
145 1459 195 1493 τῆς
219 1458 353 1493 ἀναϐολῆς
378 1459 462 1490 αἰτία,
475 1458 512 1488 ,δι’
535 1458 568 1494 ἢν
593 1459 607 1485 ὁ
633 1458 699 1490 Θεὸς
721 1458 769 1494 τὴν
791 1459 838 1485 τοῦ

44 1503 218 1538 Μονογενοῦς
238 1503 386 1539 ὑπερέθετο
411 1504 537 1538 γέννησιν
565 1503 640 1530 οῠπω
665 1504 746 1531 καλὸν
771 1501 839 1531 εἶναι

43 1550 168 1585 οἰόμενος
183 1549 213 1576 τὸ
229 1549 355 1584 γενέσθαι
376 1550 483 1585 Πατήρ;
505 1550 537 1576 Τί
551 1550 578 1576 δὲ
595 1550 625 1576 τὸ
642 1550 723 1585 μέσον
735 1550 813 1576 τοῦτο
825 1550 839 1577 ὃ

45 1596 150 1631 μεταξὺ
168 1596 218 1630 τῆς
234 1595 280 1622 τοῦ
295 1595 400 1630 Πατρὺς
415 1595 462 1622 καὶ
478 1595 524 1622 τοῦ
542 1595 605 1622 Υἱοῦ
624 1595 696 1630 ζωῆς
712 1596 839 1630 παρενεί-

51 1650 145 1677 ρεται;
170 1642 206 1668 Οὐ
230 1642 334 1676 χρόνος,
358 1642 388 1668 οὐ
412 1642 502 1673 τόπος,
527 1641 556 1667 οὺ
585 1641 799 1676 διαστηματικόν
814 1650 840 1668 τι

44 1688 146 1723 νόημα,
174 1689 224 1714 οὐκ
248 1688 312 1715 ἄλλο
329 1687 448 1714 τοιοῦτον
469 1687 553 1714 οὐδέν.
581 1687 652 1723 Πρὸς
669 1687 695 1714 τι
717 1687 804 1714 τοίνυν
826 1688 840 1713 ὁ

44 1733 109 1766 ὀξὺς
131 1733 179 1759 καὶ
201 1733 353 1768 διορατικὸς
373 1732 510 1767 ὀφθαλμὸς
532 1731 672 1764 ἀτενίζων,
696 1733 777 1768 ἐνορᾷ
791 1732 840 1768 τῆς

46 1779 121 1815 ζωῆς
138 1779 184 1806 τοῦ
204 1779 267 1806 Υἰοῦ
284 1779 351 1813 πρὸς
367 1779 416 1814 τὴν
432 1779 478 1805 τοῦ
496 1778 602 1814 Πατρὺς
623 1778 706 1814 ζωὴν,
720 1778 768 1814 τὴν
783 1778 841 1805 διά-

46 1834 162 1859 στασιν;
201 1825 280 1852 Ἀλλά
308 1824 476 1860 πανταχόθεν
502 1823 737 1859 συνελαυνόμενος,
765 1825 841 1851 οὐδὲν

48 1870 98 1905 μὲν
119 1867 238 1896 εἶναιτὸ
262 1869 363 1905 μεταξὺ
387 1870 434 1896 καὶ
449 1869 532 1901 αὐτὸς
554 1868 584 1902 ἐξ
606 1869 728 1905 ἀνάγκης
752 1870 842 1896 συντί-

48 1916 139 1943 θεται.

84 2003 206 2040 Μηδενδς
243 2003 271 2030 δὲ
310 2004 384 2035 ὄντος
420 2003 466 2029 τοῦ
508 2003 704 2039 μεσιτεύοντος,
741 2004 842 2040 ἄμεσον

47 2052 96 2078 καὶ
121 2051 228 2085 συναφῆ
253 2050 303 2085 τὴν
333 2049 473 2076 κοινωνίαν
497 2047 566 2077 εἶναι
593 2050 623 2076 οὐ
655 2050 841 2085 καταδέχεται.

53 2097 125 2123 Ἀλλ’
142 2095 354 2123 ὐποκαταϐαίνει
377 2096 444 2131 πρὸς
460 2095 494 2122 τὰ
515 2096 638 2131 ἡμέτερα
652 2096 700 2130 τῆς
716 2095 842 2129 γνώσεως

49 2143 149 2178 μέτρα,
165 2145 212 2169 καὶ
225 2142 405 2177 ἀνθρωπικῶς
420 2143 484 2177 ἡμῖν
502 2141 539 2173 ὡς
553 2140 592 2173 εἷς
607 2141 684 2177 ἡμῶν
701 2142 747 2168 καὶ
762 2142 842 2173 αὐτὸς

889 1046 937 1080 git,
951 1046 1004 1073 hoc
1020 1047 1147 1081 explanet
1160 1054 1305 1078 sermone;
1325 1045 1388 1082 quid
1406 1046 1478 1073 aliud
1491 1053 1572 1080 quam
1589 1044 1674 1071 Deuttt

889 1090 936 1125 qui
960 1090 987 1117 in
999 1091 1144 1126 .hypostasi
1171 1091 1303 1118 cernitur.
1316 1090 1458 1125 Quomodo
1484 1090 1510 1117 in
1529 1089 1584 1116 Deo
1610 1088 1677 1124 quid

889 1136 940 1162 erit
967 1135 1107 1163 alienum?
1133 1143 1168 1163 an
1197 1135 1320 1164 habitum
1341 1135 1459 1170 aliquem
1475 1135 1626 1167 secundum
1651 1133 1677 1160 id

889 1181 962 1216 quod
979 1182 1073 1217 nequit
1098 1181 1249 1210 subsistere
1273 1182 1300 1208 in
1322 1181 1416 1208 divina
1434 1185 1531 1207 natura
1553 1179 1678 1207 conside-

890 1229 1002 1254 ratutn?
1017 1228 1068 1257 Sed
1086 1236 1140 1254 non
1162 1228 1213 1255 hoc
1231 1227 1340 1255 dixerit.
1361 1226 1439 1259 Quod
1455 1226 1526 1253 enim
1545 1233 1598 1252 non
1613 1225 1680 1252 sub-

891 1273 974 1306 sistit,
994 1280 1047 1300 non
1066 1278 1118 1300 est.
1138 1273 1216 1306 Quod
1234 1278 1324 1300 autem
1342 1281 1394 1299 non
1423 1276 1476 1303 est,
1497 1279 1585 1306 neque
1602 1275 1677 1299 tene-

895 1324 1048 1354 lur,neque
1064 1320 1222 1346 dimittitur.
1241 1320 1307 1352 Qua:
1323 1319 1406 1354 igitur
1422 1318 1541 1353 potentia
1557 1317 1603 1344 illa
1618 1325 1679 1352 quae

892 1368 1001 1391 tenetur
1015 1368 1042 1391 et
1058 1372 1119 1399 quas
1137 1364 1306 1398 prohibetur,
1328 1372 1361 1390 ne
1381 1363 1413 1389 ad
1433 1367 1525 1389 actum
1542 1366 1677 1397 erumpat,

891 1409 978 1436 donec
992 1408 1176 1444 generationis
1191 1408 1292 1435 Christi
1311 1412 1419 1442 tempus
1434 1407 1529 1440 instet,
1543 1409 1569 1433 et
1584 1409 1679 1440 urgeat

892 1455 1040 1490 potentiam
1065 1455 1179 1482 liberant
1207 1454 1375 1488 minitncque
1401 1452 1559 1487 impeditam
1586 1450 1677 1478 dimit~

892 1505 960 1532 tere,
988 1505 1018 1527 ut
1041 1500 1074 1527 ad
1102 1500 1253 1527 naturalem
1272 1504 1362 1526 actum
1389 1498 1507 1526 teratur?
1521 1497 1587 1531 Qua:
1613 1503 1679 1523 vero

891 1546 1035 1581 interjeeta
1052 1546 1194 1574 dilationis
1220 1553 1304 1572 causa
1322 1553 1370 1580 per
1385 1552 1466 1580 quant
1485 1543 1556 1571 Deus
1580 1542 1680 1577 Unige-

891 1591 941 1618 nili
967 1591 1074 1618 distulit
1097 1591 1315 1626 generationem,
1342 1590 1463 1617 nondum
1486 1589 1590 1616 bottum
1619 1596 1681 1616 esse

891 1641 968 1664 ratus
994 1637 1101 1663 Patrem
1123 1636 1201 1663 ﬁeri?
1224 1636 1366 1669 Quodnam
1392 1636 1443 1663 hoc
1467 1636 1588 1662 medium
1607 1635 1680 1662 inter

891 1681 980 1710 Patris
1004 1687 1029 1709 et
1052 1681 1113 1709 Filii
1137 1682 1220 1709 vitam
1242 1681 1392 1708 inseritur?
1411 1682 1468 1708 Non
1491 1686 1606 1716 tempus,
1625 1688 1680 1708 non

892 1731 1040 1762 locus,non
1058 1729 1111 1755 ulla
1128 1727 1298 1755 intervallata
1324 1729 1409 1760 notio,
1427 1728 1494 1754 nihil
1513 1727 1585 1755 aliud
1604 1727 1679 1762 ejus-

893 1776 976 1803 modi.
993 1776 1032 1803 Ad
1045 1776 1109 1810 quid
1126 1775 1209 1810 igitur
1225 1779 1324 1801 aeutus
1343 1775 1394 1801 iste
1410 1779 1438 1802 ct
1453 1776 1595 1810 perspicax
1613 1784 1679 1803 ocu-

892 1822 934 1849 lus
962 1826 1098 1849 contuens
1123 1822 1186 1848 vita:
1201 1820 1262 1848 Filii
1288 1821 1447 1849 distantiam
1474 1829 1488 1847 a
1514 1821 1602 1848 Patris
1625 1823 1679 1849 vita

892 1869 1049 1903 conspicit?
1062 1868 1114 1895 Sed
1132 1865 1254 1903 undique
1275 1866 1339 1894 dum
1355 1869 1528 1904 compellitur
1543 1874 1570 1896 et
1588 1870 1678 1904 perln-

893 1920 973 1947 strat,
993 1915 1062 1942 nihil
1077 1922 1139 1942 esse
1161 1914 1337 1949 interiectum
1355 1915 1412 1949 ipse
1437 1916 1595 1943 necessario
1612 1917 1681 1943 asti-

891 1963 1011 1998 pulatur.

928 2008 994 2036 Cum
1031 2013 1120 2035 autem
1147 2009 1250 2037 nullum
1286 2014 1321 2037 stt
1351 2010 1522 2044 interjectum
1547 2010 1678 2044 medium,

893 2054 1078 2081 immediatam
1112 2058 1140 2082 et
1178 2056 1334 2083 continuam
1364 2056 1584 2083 communiottcm
1618 2064 1681 2084 esse

893 2107 947 2126 non
969 2099 1108 2132 admittit,
1139 2099 1187 2127 scd
1216 2100 1248 2127 ad
1281 2104 1390 2127 nostras
1413 2099 1577 2135 cognitionis
1604 2107 1680 2126 men-

893 2151 974 2171 suras
1006 2144 1168 2177 descendit,
1209 2149 1236 2173 et
1275 2145 1396 2172 humano
1431 2153 1506 2172 more
1543 2149 1572 2172 ut
1608 2154 1680 2173 unus

47 2188 218 2222 διαῖέγεται*
245 2188 419 2223 ὐφομολογῶν
442 2187 533 2222 ἠρέμα
556 2187 610 2213 τῶν
634 2187 771 2223 λογισμῶν
792 2189 839 2223 τὴν

895 2192 1018 2215 nostrum
1054 2193 1080 2215 et
1110 2189 1168 2223 ipse
1198 2189 1329 2222 disserit,
1361 2190 1546 2218 subconﬁtens
1575 2191 1677 2218 sensim

46 2234 202 2266 ἀσθένειαν,
224 2234 270 2260 καὶ
291 2233 471 2268 καταφεύγων
489 2233 534 2259 ἐπὶ
551 2233 595 2260 τὸν
610 2233 698 2268 λόγον,
716 2234 745 2260 ὃν
771 2235 842 2270 Ἀρι-

47 2280 180 2316 στοτέλης
195 2289 224 2306 τε
243 2280 289 2306 καὶ
311 2281 335 2306 οἱ
358 2280 513 2306 κατάὑτὸν
537 2280 587 2306 οὐκ
613 2279 744 2313 ἐδίδαξαν.
775 2282 842 2307 Τότε

47 2327 114 2362 γὰρ,
129 2327 207 2361 φησὶ,
225 2322 321 2353 καλὸν
336 2326 384 2352 καὶ
400 2326 516 2360 πρέπον
535 2325 680 2361 γεννῆσαι
700 2326 754 2353 τὸν
774 2327 843 2353 nor

47 2373 98 2399 ὅτε
125 2373 278 2400 ἐϐούλετο.
306 2371 458 2407 Μηδεμιᾶς
487 2372 521 2398 ἐκ
555 2372 661 2399 τούτου
692 2371 842 2406 ζητήσεως

46 2418 244 2453 ἐγγινομένης
258 2417 321 2450 τοῖς
334 2417 504 2452 σώφροσιν·
527 2417 591 2449 τοῦ,
609 2417 660 2444 Διὰ
676 2418 703 2444 τί
715 2418 759 2452 μὴ
770 2418 842 2451 πρό-

46 2472 146 2498 τεροενς
169 2463 202 2489 Τί
225 2462 320 2495 ταῦτα,
345 2462 471 2497 Εὐνόμιε;
496 2463 544 2490 καὶ
565 2463 598 2489 σὺ
624 2461 748 2495 πεζεύεις
771 2463 842 2489 κατὰ

46 2510 110 2541 τοὺς
139 2509 248 2541 ἰδιώτας
270 2510 355 2544 ἡμᾶς,
383 2509 429 2536 καὶ
459 2507 616 2536 καταλιπὼν
641 2508 691 2541 τὰς
716 2509 842 2544 τεχνικὲς

48 2553 202 2590 περιόδους,
220 2554 267 2580 ἐπὶ
279 2554 328 2589 τὴν
353 2553 449 2588 ἄλογον
475 2553 670 2587 συγκατάῦεσιν
689 2554 736 2580 καὶ
761 2553 842 2586 αὐτὸς

49 2600 244 2635 καταφεύγεις,
262 2600 278 2627 ὁ
293 2599 378 2626 πολλὰ
399 2600 455 2631 τοῖς
477 2599 542 2626 ἄνευ
558 2598 668 2634 λογικῆς
687 2599 842 2634 ὲντρεχείας

49 2646 218 2682 ἐπιχειροῦσι
232 2645 272 2681 τῷ
292 2646 408 2681 γράφειν
422 2645 606 2679 ἐπονειδίσας;
628 2645 657 2672 '0
673 2646 742 2680 πρὸς
763 2646 842 2672 Βασί-

49 2693 119 2719 λειον
145 2693 245 2727 λέγων,
265 2692 307 2718 ὅτι
329 2691 366 2720 Δι’
389 2688 426 2719 ὧν
451 2691 580 2718 ἀδύνατον
605 2693 661 2724 τοῖς
690 2692 842 2728 ἀνθρώποις

49 2735 118 2765 εἶναι
133 2738 225 2772 λέγεις
240 2737 289 2769 τὰς
306 2737 374 2774 ὑπὲρ
387 2737 442 2764 τῶν
458 2738 649 2773 πνευματικῶν
664 2738 750 2773 λόγων
765 2739 844 2766 εὐθύ-

52 2792 106 2816 νας,
122 2783 173 2819 τὴν
190 2782 259 2810 ἰδίαν
277 2782 397 2818 ιίλέγχεις
419 2782 540 2817 ἄγνοιαν.
557 2783 610 2809 Καὶ
627 2783 706 2810 πάλιν
729 2784 842 2820 ἑτέρωθι

49 2826 77 2852 τὸ
89 2824 147 2854 ῐσρν
180 2827 348 2865 προφέρων·
377 2827 417 2854 ὅτι
431 2827 480 2863 τὴν
504 2827 570 2855 ἰδίαν
589 2828 732 2857 ἀσθένειαν
757 2838 843 2857 κοινο-

893 2233 1133 2261 ratiocinationum
1154 2235 1369 2263 imbecillitatem
1384 2256 1390 2268 .
1425 2240 1452 2263 et
1475 2236 1680 2272 subterfugicns

893 2279 927 2306 ad
955 2280 1088 2307 rationem
1115 2289 1197 2316 quam
1223 2282 1386 2310 Aristoteles
1420 2287 1447 2310 et
1471 2282 1532 2317 ejus
1565 2287 1681 2310 secta10<

894 2333 937 2352 res
966 2333 1020 2353 non
1044 2325 1206 2354 docuerunt.
1241 2327 1314 2355 Tunc
1335 2329 1424 2361 enim,
1454 2328 1561 2364 inquit,
1585 2330 1680 2356 bonum

892 2375 916 2398 et
937 2373 1028 2399 decens
1058 2380 1182 2407 generare
1214 2372 1331 2406 Filium,
1360 2374 1466 2410 quando
1505 2375 1595 2401 coluit.
1624 2373 1679 2401 Ne-

893 2425 942 2452 que
968 2417 1025 2444 ulla
1062 2418 1132 2453 apud
1159 2418 1299 2450 prudentes
1328 2419 1360 2446 de
1375 2428 1405 2447 ea
1442 2428 1470 2447 re
1490 2421 1520 2455 ﬁt
1549 2420 1679 2455 qua'slt'o.

893 2462 1008 2490 Curuon
1017 2464 1090 2497 prius
1107 2465 1118 2490 ?
1132 2463 1269 2497 Quorsum
1291 2464 1360 2495 ista,
1377 2472 1393 2491 ο
1411 2464 1582 2491 Eunouti?tu
1597 2465 1678 2492 etiant

893 2508 1009 2543 pedibus
1034 2509 1140 2537 incedis
1162 2510 1294 2538 adversus
1317 2517 1367 2537 nos
1389 2511 1471 2538 rudes
1489 2516 1513 2538 et
1533 2511 1679 2543 indoctos,

893 2559 920 2582 et
942 2554 1045 2582 relictis
1068 2555 1228 2583 artiﬁciosis
1250 2556 1411 2584 circuitibns
1434 2556 1467 2583 ad
1491 2557 1680 2584 assensionem

894 2600 1003 2628 ratione
1022 2605 1163 2628 carentem
1181 2607 1207 2629 et
1223 2601 1281 2636 ipse
1296 2601 1426 2637 confugis
1437 2623 1444 2634 ,
1461 2603 1508 2636 qui
1532 2602 1617 2629 multa
1639 2603 1682 2630 his

893 2646 939 2681 qui
961 2646 1065 2681 absque
1081 2647 1211 2674 rationali
1226 2647 1368 2682 diligentia
1383 2647 1504 2675 scribere
1519 2647 1682 2682 aggrediun-

894 2699 948 2726 tur,
962 2694 1062 2728 probra
1074 2693 1222 2728 objecisti?
1240 2693 1292 2726 Qui
1308 2693 1342 2720 ad
1356 2693 1486 2720 Basilium
1503 2692 1584 2726 dicis,
1608 2693 1682 2728 quod

894 2739 943 2766 I‘er
956 2747 1018 2774 quae
1034 2739 1104 2768 dicis
1118 2739 1176 2768 ﬁeri
1194 2747 1249 2767 non
1268 2746 1362 2775 posse,
1379 2743 1408 2766 ut
1421 2738 1546 2766 homines
1564 2746 1612 2773 pro
1627 2739 1683 2774 spi-

893 2785 1043 2814 ritualibus
1061 2786 1237 2814 sermonibus
1255 2785 1376 2813 rationes
1392 2784 1523 2816 reddant,
1542 2784 1681 2820 propriam

895 2832 989 2868 arguis
1006 2831 1197 2868 ignorantiam.
1220 2833 1258 2860 Ac
1284 2838 1383 2860 rursus
1407 2830 1472 2858 alibi
1498 2830 1589 2858 simile
1615 2830 1680 2866 quid
