1970 3076
290 133 342 162 801

924 125 952 152 S.
974 124 1136 152 GREGORII
1149 124 1297 152 NYSSENI

1872 124 1920 153 8θὸ

290 189 445 225 proterens,
464 187 536 223 quod
550 186 691 223 Propriam
704 184 889 212 inﬁrmitatem
903 190 1076 211 communem

1131 184 1228 214 ποιεῖς,
1243 183 1272 209 τό
1284 191 1325 209 σοι
1343 183 1379 219 μὴ
1396 183 1517 215 δυνατὸν,
1529 184 1610 211 πᾶσιν
1625 183 1756 211 ἀδύνατον
1773 183 1920 217 ἀποφαινό-

290 235 376 267 l'acis.
390 234 454 261 dum
470 233 541 269 quod
556 233 605 260 tibi
630 232 763 268 possibile
788 239 842 258 non
865 235 924 262 est,
948 229 1077 257 omnibus

290 280 461 315 impossibile
473 279 644 314 pronuntias.
657 278 709 311 Qui
725 277 784 305 haec
803 281 831 305 et
848 276 914 304 talia
929 275 997 303 dicis
1011 294 1018 308 ,
1036 275 1077 302 sic

290 325 413 352 auditum
436 325 524 351 allicis
546 324 607 358 ejus
623 323 671 358 qui
687 330 799 350 causam
816 322 948 357 inquirit,
966 325 1077 356 propter

290 380 373 408 quam
390 372 473 398 Pater
488 370 582 398 differt
596 374 626 398 ut
652 369 715 397 talis
737 369 797 397 Filii
826 369 861 395 sit
891 371 978 401 pater:
1003 365 1077 394 subi-

290 425 354 444 cere
384 422 465 451 putas
494 415 526 442 ad
555 415 838 446 demonstrationem,
867 412 969 443 dicere,
1004 411 1077 446 quod

288 465 362 493 Tum:
392 462 499 498 genuit,
522 460 628 495 quando
651 459 752 491 voluit,
789 466 822 486 ac
854 458 888 485 de
911 465 945 484 eo
967 457 1075 492 quidem

291 508 365 534 nulla
388 507 425 533 sit
449 506 575 541 qumstio.
599 505 646 532 Sic
669 504 717 532 tibi
744 504 777 531 ad
800 504 958 538 dogmatum
987 505 1078 529 astru-

290 552 413 580 ctionem
446 551 556 578 intirma
589 554 632 577 est
662 549 889 584 comprehensiva
922 547 991 575 visio
1019 547 1077 574 sive

290 597 475 632 imaginatio?
491 597 551 629 Quo
569 595 772 632 propositiones
788 595 918 628 utrinque
934 593 1076 620 vincentes

289 648 317 671 et
339 642 578 678 constringentes?
598 641 657 674 Quo
683 641 810 668 violenta!
829 638 1076 674 praestructiones?

290 690 350 724 Quo
367 690 416 716 tibi
431 689 555 716 evanida:
573 693 599 716 et
618 696 672 715 nou
695 687 880 715 subsistentes
897 686 1010 720 dilapsae
1026 685 1075 712 ab—

289 741 355 764 eunt
378 736 448 762 artis
472 735 663 762 formidabiles
684 737 711 761 et
733 732 906 760 inevitabiles
927 730 1077 758 ratiocina-

289 782 394 809 tionum
410 781 601 809 conclusiones
617 780 628 806 ?
643 779 720 807 Tunc
738 780 833 814 genuit
851 777 949 804 Filium
966 776 1077 811 quando

289 829 393 860 voluit,
412 835 501 862 neque
523 827 558 854 sit
573 826 606 854 de
625 826 676 853 hoc
693 825 829 860 quasstio:
851 825 909 850 hzec
928 823 1075 849 multorum

289 873 437 906 ludorum,
463 874 519 899 haec
542 871 765 907 prauumidorum
791 871 989 905 promissorum
1011 867 1076 896 οιτο-
1091 861 1112 888 Β

289 920 357 946 cta?
373 919 503 952 Quianam
519 922 578 946 erat
595 917 795 951 interrogatio?
821 916 849 943 Si
871 915 973 942 bonum
987 917 1014 941 et
1029 913 1076 940 de-

289 973 383 993 corum
399 964 452 992 Deo
466 964 548 991 talem
572 963 674 990 habere
693 962 792 988 Filium
804 981 812 992 ,
828 969 878 988 cur
895 968 948 987 non
967 965 1075 994 semper

289 1012 390 1039 bonum
404 1018 466 1038 cum
481 1011 541 1045 ipso
567 1017 627 1037 esse
651 1007 795 1035 creditur?
819 1007 885 1039 Qum
911 1005 1074 1040 responsio,

289 1065 372 1092 quam
391 1064 425 1083 ex
449 1056 516 1091 ipsis
540 1055 629 1089 adytis
653 1055 711 1081 sive
735 1053 864 1080 sacrariis
891 1051 1072 1087 philosophiae

290 1103 371 1131 nobis
390 1103 455 1130 fecit
468 1124 476 1135 ,
497 1101 692 1129 insolubilibus
713 1099 924 1127 necessitatibus
938 1098 1076 1125 constrin-

289 1154 355 1181 gens
379 1147 554 1173 sermonem?
578 1145 651 1173 Tum:
678 1146 739 1181 fecit
764 1145 865 1172 Filium
891 1152 950 1171 cum
979 1143 1073 1176 voluit,

289 1201 369 1227 neque
394 1193 425 1220 de
448 1192 495 1219 hoc
525 1193 581 1219 ulla
608 1193 642 1219 sit
667 1192 796 1227 quwslio,
824 1190 878 1218 Cur
901 1199 953 1218 non
981 1190 1076 1224 prius?

291 1237 370 1271 Quod
384 1237 406 1265 si
422 1237 456 1264 de
473 1237 566 1271 aliquo
582 1243 676 1264 eorum
692 1243 752 1271 qua:
769 1234 883 1263 rationis
900 1237 965 1261 sunt
979 1241 1076 1268 exper-

293 1284 349 1316 tia,
366 1291 427 1319 quae
443 1282 564 1310 naturali
580 1282 745 1317 impulsione
761 1285 921 1316 operantur,
939 1286 1076 1315 propone-

290 1334 367 1357 retur
392 1328 598 1359 consideratio,
627 1336 709 1362 quam
732 1327 767 1354 ob
790 1334 901 1354 causam
924 1333 978 1353 non
1000 1325 1077 1360 prius

290 1375 362 1410 quod
393 1374 496 1402 libebat
522 1373 632 1405 eﬂecit,
649 1374 692 1400 vel
720 1380 821 1399 aranea
847 1372 933 1402 telas.
952 1371 995 1398 vel
1018 1370 1078 1404 apis

289 1419 397 1452 favum,
415 1420 455 1447 vel
475 1423 566 1446 turtur
581 1419 686 1452 nidum,
708 1418 772 1455 quid
788 1418 860 1445 aliud
877 1417 982 1444 diceres
994 1416 1006 1443 ?
1018 1415 1078 1442 Non

290 1470 349 1497 hac
366 1470 392 1496 in
409 1473 535 1504 promptu
551 1473 626 1495 esset
649 1468 793 1502 responsio
804 1486 810 1498 ,
840 1467 912 1502 quod
929 1474 992 1494 tunc
1015 1467 1079 1494 fecit

289 1524 354 1544 cum
374 1515 478 1547 voluit,
494 1515 626 1548 nullaque
652 1515 687 1541 sit
703 1515 737 1541 de
757 1522 790 1541 eo
812 1513 969 1549 inquisitio?
989 1513 1077 1546 Quin-

293 1561 375 1588 etiam
394 1560 428 1587 dc
443 1560 538 1586 ﬁctore
557 1542 649 1593 aliquo
664 1559 706 1586 vel
722 1560 836 1594 pictore,
850 1542 901 1593 per
917 1562 1003 1585 artem
1018 1558 1078 1585 imi-
1092 1542 1113 1571 θ

292 1606 420 1633 tatricem
436 1605 578 1640 quodlibet
603 1609 748 1639 operante,
763 1605 805 1631 vel
828 1604 854 1630 in
879 1604 1010 1639 picturis,
1036 1604 1077 1631 vel

292 1651 431 1686 ﬁgmentis
445 1650 499 1677 dici
517 1655 621 1684 potest,
638 1650 684 1685 qui
700 1657 762 1677 cum
780 1658 834 1677 non
850 1651 886 1677 sit
901 1650 982 1677 alicui
1002 1655 1078 1685 pote—

292 1698 357 1725 stati
373 1696 546 1731 mancipatus
560 1700 586 1722 ct
600 1696 727 1723 addictus
743 1697 775 1722 ad
790 1697 976 1731 operationem
992 1701 1078 1724 artem

293 1743 411 1778 impellit
427 1753 432 1770 :
449 1743 519 1769 hanc.
536 1743 615 1769 talem
633 1751 726 1769 Vocem
743 1743 823 1769 etiam
841 1751 992 1778 congruere
1006 1743 1079 1770 arbi-

290 1794 350 1817 tror
365 1788 435 1823 apud
452 1795 514 1815 eum
529 1788 575 1822 qui
593 1787 648 1814 vult
662 1787 768 1814 discere
779 1807 787 1819 ,
804 1795 853 1814 cur
870 1795 923 1814 non
942 1788 1017 1822 prius
1033 1795 1078 1815 ar-

293 1839 348 1862 tem
362 1834 498 1861 cﬂicacem
514 1833 588 1860 fecit.
601 1833 669 1865 Quia
684 1833 757 1859 nulla
775 1833 939 1860 necessitate
955 1839 1077 1865 coactus,

292 1881 460 1916 operationis
484 1883 608 1914 tempus,
635 1879 795 1905 electionem
822 1879 878 1906 sive
907 1879 1076 1914 propositum

293 1927 381 1959 fecit;
399 1925 523 1952 homines
540 1924 612 1951 enim
630 1929 772 1958 propterea
799 1924 871 1959 quod
897 1931 950 1950 non
972 1931 1079 1958 semper

292 1972 385 1999 eadem
402 1971 514 2001 volunt,
533 1969 805 2004 neque'pierumque
835 1970 936 1996 habent
962 1969 1078 1996 faculta-

292 2023 344 2045 tem
368 2025 429 2043 cum
457 2015 594 2042 voluntate
619 2019 798 2050 operantem,
824 2019 889 2042 tunc
907 2015 1015 2050 aliquid
1044 2023 1078 2042 ex

292 2062 428 2089 sententia
443 2059 580 2090 etliciunt.
597 2067 660 2086 cum
680 2060 747 2094 ipsis
765 2061 937 2094 propositum
951 2064 979 2086 et
995 2061 1078 2088 libera

292 2107 420 2133 voluntas
433 2105 466 2132 ad
482 2112 552 2140 opus
576 2104 745 2139 propemlct,
765 2105 888 2140 nihilque
904 2106 1079 2134 extrinsecus

293 2152 430 2187 prohibet.
449 2150 525 2183 Quod
542 2155 631 2176 autem
648 2157 756 2184 semper
770 2151 864 2177 eodem
882 2152 962 2178 modo
980 2151 1061 2178 habet
1072 2173 1078 2182 ,

293 2199 393 2232 cuique
410 2197 475 2223 nihil
493 2197 627 2223 bonorum
644 2196 823 2222 adventitium
836 2199 895 2229 est,
912 2197 938 2224 in
953 2205 1007 2232 quo
1020 2205 1079 2224 om-
1095 2214 1115 2241 υ

293 2244 338 2271 nis
355 2242 507 2270 diﬂcrentia
524 2241 723 2273 consiliorum,
739 2249 799 2275 quae
817 2241 843 2268 in
859 2243 1028 2269 contrarium
1044 2243 1078 2270 ob

294 2289 413 2324 aliquem
429 2293 552 2314 errorem
579 2286 620 2313 vel
642 2286 825 2320 ignorantiam
847 2287 1013 2320 innascitur,
1041 2289 1080 2315 lo-

293 2343 355 2362 cum
375 2342 428 2361 non
449 2333 530 2360 habet
545 2341 551 2365 ;
567 2332 610 2359 cui
626 2332 692 2358 nihil
717 2340 750 2359 ex
771 2333 923 2360 imitatione
941 2333 987 2366 tit,
1005 2334 1078 2368 quod

294 2389 310 2409 a
323 2380 459 2416 principio
476 2386 530 2405 non
553 2382 582 2405 ut
596 2378 697 2405 bonum
715 2379 839 2411 noverit,
858 2379 892 2406 de
915 2380 966 2407 hoc
988 2380 1081 2407 dicere

295 2433 350 2452 non
368 2432 474 2459 semper
490 2425 577 2458 ipsum
603 2423 748 2450 honestum
771 2424 890 2456 habere,
913 2425 960 2452 scd
986 2431 1079 2459 postea

294 2471 411 2506 elegisse
427 2469 532 2504 aliquid
550 2468 649 2496 habere
665 2469 737 2504 quod
761 2477 815 2496 non
840 2471 918 2504 prius
941 2471 1078 2505 elegerat:

294 2518 352 2544 hzec
375 2521 438 2544 sunt
464 2515 604 2550 sapientia:
631 2523 681 2543 nos
705 2517 862 2550 superantis
878 2517 998 2551 propria.
1025 2516 1080 2544 Nos

295 2564 368 2591 enim
385 2562 545 2593 didicimus,
561 2562 647 2589 Deum
668 2569 775 2597 semper
789 2562 862 2588 omni
882 2563 953 2589 bono
969 2563 1078 2597 plenum

292 2616 377 2639 esse.
406 2609 461 2635 imo
489 2615 553 2635 vero
582 2608 670 2642 ipsam
697 2607 830 2634 bonorum
862 2608 1078 2642 plenitudinem,

301 2654 406 2682 etiamsi
421 2654 498 2681 nulla
513 2655 671 2680 accessione
684 2653 716 2680 ad
731 2653 924 2688 pel-lectionem
939 2659 1014 2690 eget,
1031 2655 1080 2683 sed

296 2701 354 2735 ipse
379 2705 421 2728 est
448 2700 490 2728 sui
515 2705 615 2727 natura
630 2699 702 2731 boni
721 2699 863 2734 perfectio.
888 2700 966 2733 Quod
987 2705 1078 2728 autem

295 2746 445 2782 perfectum
459 2749 520 2777 est.
539 2753 571 2772 ex
594 2752 674 2779 aquo
696 2744 730 2771 ab
751 2744 921 2772 incremento
938 2749 965 2773 et
986 2746 1080 2774 decre-

296 2797 387 2818 mento
401 2791 518 2818 alienum
536 2794 594 2821 est,
610 2798 725 2825 eamque
739 2790 774 2817 ob
790 2797 900 2818 causam
919 2799 980 2826 qua
995 2792 1021 2818 in
1037 2792 1080 2819 di-

298 2834 362 2862 vina
376 2841 471 2864 natura
493 2835 695 2870 consideratur,
719 2835 853 2863 bonorum
880 2835 1075 2870 pertectiomm

1130 235 1220 261 μενος,
1226 227 1331 254 ὀτειῦτα
1340 228 1386 254 καὶ
1394 227 1426 254 τὰ
1432 227 1544 254 τοιαῦτα
1552 227 1648 262 λέγων,
1657 228 1728 255 οὓτω
1737 227 1870 264 προσάγῃ
1876 228 1920 262 τὴν

1129 272 1213 308 ἀκοὴν
1222 272 1269 299 τοῦ
1278 273 1469 309 ἐπιζητοῦντος
1485 274 1534 310 τὴν
1548 275 1716 306 αἰτίαν,καθ“
1730 275 1764 310 ἢν
1777 273 1922 301 ἀναῦὰλλε-

1128 327 1172 346 ται
1181 319 1301 345 τοιούτου
1310 320 1434 353 γενέσθαι
1448 321 1539 356 πατὴρ
1548 322 1562 348 ὀ
1570 321 1664 356 Πατήρ
1671 330 1678 336 ν
1689 321 1786 356 ἀρκεῖν
1794 321 1847 347 οἴει
1857 320 1922 355 πρὸς

1129 363 1266 396 ἀπόδειξιν
1282 364 1312 390 τὸ
1327 366 1424 397 εἰπεῖν,
1442 366 1482 392 ὅτι
1503 368 1570 393 Τότε
1590 367 1755 401 ἐγέννησεν
1771 367 1823 394 ὅτε
1839 367 1922 394 ἐϐού-

1130 410 1211 441 λετο,
1221 410 1268 436 καὶ
1281 411 1399 446 μηδεμία
1417 411 1486 438 ἔστω
1499 413 1562 448 περὶ
1576 413 1670 440 τούτου
1686 413 1812 449 ζήτησις.
1831 414 1924 445 οὕτως

1130 464 1171 482 σοι
1183 457 1251 492 πρὸς
1265 457 1314 493 τὴν
1332 457 1503 493 κατασκευὴν
1525 458 1580 485 τῶν
1602 459 1746 494 δογμάτων
1770 459 1923 495 ἠσθένησεν

1126 502 1143 536 ὴ
1165 503 1355 538 καταληπτικὴ
1374 504 1524 538 φαντασίας
1549 504 1604 531 Ποῦ
1621 506 1650 531 αἱ
1665 505 1834 540 διλήμματοι
1859 514 1923 540 προ-

1127 546 1235 579 τάσεις;
1251 547 1305 574 Ποῦ
1327 549 1355 575 αἱ
1378 548 1460 583 βίαιοι
1473 550 1656 583 κατασκευαίς
1677 551 1740 582 Πῶς
1760 559 1803 577 σοι
1820 551 1922 586 φροῦδα

1128 593 1174 618 καὶ
1191 593 1364 620 ἀνυπόστατα
1385 594 1548 630 διαῤῥυέντα
1565 596 1614 630 τῆς
1638 596 1736 631 τέχνης
1759 597 1869 632 οἴχεται
1888 598 1922 624 τὰ

1128 635 1231 674 ᾠοϐερά
1245 647 1274 665 τε
1293 641 1339 666 καὶ
1361 641 1468 674 ἄφυκτα
1488 642 1542 669 τῶν
1566 642 1753 678 συλλογισμῶν
1782 643 1923 679 συμπεράι

1128 693 1233 719 σματα;
1263 685 1328 712 Τότε
1352 686 1480 721 ἐγέννησε
1503 686 1548 713 τὸν
1573 687 1636 713 Υἰδν
1653 689 1696 714 ὅτε
1719 688 1860 722 ἐϐούλετο,
1878 689 1923 716 καὶ

1129 730 1194 764 μηδὲ
1211 730 1281 756 ἔστω
1297 732 1362 766 περὶ
1378 732 1473 758 τούτου
1490 733 1613 768 ζήτησις.
1631 733 1723 761 Ταῦτα
1745 734 1802 761 τῶν
1818 734 1923 762 πολλῶν

1128 775 1257 810 ἱδρώτων,
1273 776 1359 804 ταῦτα
1375 778 1428 804 τῶν
1444 778 1605 814 ὑπερόγκων
1618 780 1839 815 ὲπαγγελμάτων
1856 781 1922 807 ἁπο-

1126 821 1296 856 τελὲσματα,
1320 823 1351 848 Τί
1370 823 1399 849 τὸ
1416 823 1547 858 ἐρώτημα
1559 822 1610 859 ἧν;
1636 825 1666 851 Εί
1694 825 1777 852 καλὸν
1793 826 1844 852 καὶ
1858 825 1921 861 πρέ-

1128 875 1177 892 πον
1191 866 1259 902 Θεῷ,
1273 868 1391 894 τοιοῦτον
1405 868 1476 903 ἔχειν
1491 869 1563 902 Υἱὺν,
1581 870 1624 897 διὰ
1640 871 1666 897 τί
1685 871 1722 906 μὴ
1739 872 1783 897 ἀεὶ
1796 871 1828 897 τὸ
1843 871 1921 897 καλὸν

1129 914 1186 948 μετ’
1209 913 1291 940 αὑτοῦ
1311 912 1380 941 εἶναι
1395 914 1568 948 mandant;
1584 916 1632 948 Τίς
1648 917 1664 952 ὴ
1679 918 1829 952 ἀπόκρισις
1850 918 1882 952 ἣν
1895 917 1922 950 ἐξ

1127 959 1216 985 αὐτῶν
1239 960 1303 994 ἡμῖν
1327 960 1380 986 τῶν
1399 961 1502 988 ἀδύτων
1525 962 1575 997 τῆς
1589 963 1746 998 φιλοσοφίας
1761 964 1920 999 πεποίηται,

1126 1006 1186 1037 ταῖς
1203 1005 1309 1037 ἀλύτοις
1324 1006 1456 1041 ἀνάγκαις
1480 1008 1642 1042 διασφίγξας
1663 1010 1708 1036 τὸν
1731 1010 1831 1044 λόγον,
1856 1011 1921 1037 Τότε

1127 1051 1252 1085 ἐποίησε
1264 1052 1318 1078 τὸν
1335 1054 1403 1079 Υἱὸν
1421 1054 1470 1080 ὅτε
1486 1054 1635 1086 ἐϐούλετο,
1649 1056 1698 1082 καὶ
1709 1056 1844 1090 μηδεμία
1857 1057 1921 1091 περὶ

1127 1096 1233 1123 τούτου
1247 1096 1367 1131 (rimam
1377 1098 1519 1130 ἕστω,Διὰ
1526 1099 1602 1134 τίμὴ
1611 1100 1773 1135 :rpo'tepor,’
1783 1102 1815 1128 Ei
1823 1102 1852 1128 δὲ
1863 1103 1922 1138 περὶ

1126 1141 1181 1168 τῶν
1193 1141 1296 1176 ἀλογων
1313 1143 1385 1174 τινὸς
1398 1144 1415 1178 ὴ
1433 1144 1528 1178 σκέψις
1541 1146 1693 1180 προέκειτο,
1708 1147 1764 1173 τῶν
1777 1147 1852 1174 κατὰ
1866 1157 1922 1174 τινα

1128 1187 1245 1223 φυσικὴν
1269 1189 1357 1224 ὁρμὴν
1374 1190 1570 1225 ἐνεργούνταν,
1578 1191 1621 1217 διὰ
1637 1192 1663 1218 τί
1681 1192 1719 1227 μὴ
1741 1193 1879 1229 πρότερον
1894 1194 1922 1219 τὸ

1128 1233 1222 1260 δοκοῦν
1230 1235 1463 1271 κατειργάσατο,ῆ
1476 1236 1581 1272 ἀράχνη
1592 1237 1626 1264 τὰ
1636 1239 1667 1273 νή
1673 1240 1776 1275 pacati}
1789 1239 1820 1265 τὸ
1829 1240 1923 1276 κηρίον

1128 1279 1144 1314 ή
1163 1279 1285 1314 μέλιττα,
1300 1280 1374 1315 ἢτὴν
1383 1280 1478 1307 καλιὰν
1487 1283 1503 1316 ἡ
1519 1282 1637 1318 τρνγώνς
1651 1281 1682 1310 Τί
1692 1284 1724 1310 ἂν
1735 1284 1831 1320 ἕτερον
1839 1286 1923 1312 εἰπεῖν

1129 1322 1200 1359 εἶχες
1209 1334 1216 1357 ;
1226 1326 1282 1351 Οὐκ
1290 1325 1356 1360 αὐτὴ
1365 1327 1507 1362 πρόχειρος
1515 1327 1547 1354 ἂν
1555 1326 1610 1364 ἦνὴ
1620 1330 1764 1366 ἀπόκρισις
1774 1351 1783 1363 ,
1814 1330 1858 1358 ὅτι
1865 1331 1923 1358 τότε

1129 1370 1255 1405 ἐποίησεν
1266 1371 1309 1397 ὅτε
1324 1372 1458 1403 ἐϐούλετο,
1473 1373 1520 1399 καὶ
1532 1375 1651 1410 μηδεμία
1665 1375 1734 1402 ἔστω
1747 1379 1814 1410 περὶ
1829 1376 1923 1404 τούτου

1130 1415 1255 1451 ζήτησιςς
1277 1417 1357 1444 Ἀλλὰ
1378 1418 1424 1444 καὶ
1440 1419 1502 1454 περὶ
1520 1420 1637 1447 πλάστου
1653 1421 1725 1453 τινὸς
1741 1421 1756 1456 ἢ
1778 1422 1922 1458 ζωγράφου

1129 1461 1160 1487 τὺ
1173 1461 1268 1488 δοκοῦν
1286 1461 1330 1488 διὰ
1346 1463 1395 1498 τῆς
1413 1466 1563 1500 μιμητικῆς
1585 1467 1759 1501 ἐνεργοῦντος
1783 1469 1921 1505 τέχνης,ἦ

1131 1507 1160 1533 ὲν
1172 1509 1299 1542 γραφαῖς,
1314 1509 1330 1544 ἢ
1345 1509 1374 1535 ὲν
1388 1509 1557 1544 πλάσμασιν,
1572 1512 1636 1539 ὅταν
1653 1512 1690 1548 μὴ
1710 1513 1871 1549 ὑποχείριος
1887 1514 1922 1541 ὣν

1130 1551 1238 1588 ἐξουσίᾳ
1252 1554 1305 1579 τινὶ
1330 1555 1397 1590 πρὸς
1417 1555 1557 1591 ἐνέργειαν
1570 1558 1623 1594 ἄγῃ
1638 1559 1688 1593 τὴν
1704 1559 1803 1594 τέχνην
1813 1568 1821 1574 ·
1845 1560 1922 1596 ἁρμό-

1130 1597 1186 1629 ζειν
1203 1595 1279 1632 οἶμαι
1292 1599 1340 1634 τὴν
1360 1599 1489 1636 τοιαύτην
1502 1602 1594 1637 φωνὴν
1609 1603 1655 1628 ἐπὶ
1681 1603 1728 1629 τοῦ
1753 1603 1852 1638 μαθεῖν
1865 1604 1921 1629 ἐθέ-

1129 1643 1228 1676 λοντος,
1244 1644 1288 1671 διὰ
1304 1645 1330 1671 τί
1345 1646 1375 1672 οὺ
1391 1647 1521 1682 πρότερον
1537 1648 1646 1683 ἐνεργὸν
1659 1649 1708 1684 τὴν
1721 1649 1822 1684 τέχνην
1836 1650 1923 1685 ἐποίη-

1130 1696 1192 1716 σεν·
1219 1689 1259 1716 ὅτι
1282 1690 1331 1716 οὐκ
1348 1691 1416 1726 ἔχων
1442 1693 1574 1727 ἀνάγκην,
1591 1694 1686 1728 καιρὸν
1706 1696 1756 1730 τῆς
1783 1695 1923 1730 ἐνεργείας

1130 1734 1276 1769 πεποίηται
1303 1735 1352 1770 τὴν
1379 1736 1547 1771 προαίρεσιν,
1568 1738 1723 1772 ’Ἄνθρωποι
1748 1739 1806 1773 γὰρ
1827 1739 1872 1766 διὰ
1894 1740 1922 1766 τὸ

1131 1779 1200 1813 μήτε
1220 1780 1262 1805 ἀεὶ
1279 1779 1364 1806 ταῦτα
1383 1780 1536 1815 βούλεσθαι,
1552 1783 1622 1817 μήτε
1648 1784 1837 1818 συνεργοῦσαν
1854 1785 1922 1820 ἔχειν

1129 1824 1167 1855 ὡς
1186 1825 1218 1851 τὰ
1234 1825 1318 1851 πολλά
1341 1827 1373 1861 τῇ
1396 1826 1519 1862 βουλήσει
1533 1827 1583 1864 τὴν
1597 1828 1723 1864 δύναμιν,
1739 1830 1801 1856 τότε
1818 1830 1922 1857 ποιοῦσί

1129 1879 1156 1896 τι
1172 1871 1225 1897 τῶν
1243 1872 1312 1897 κατὰ
1337 1872 1458 1908 γνώμην,
1475 1874 1538 1899 ὅταν
1563 1875 1653 1905 αὐτοῖς
1676 1875 1693 1909 ἦ
1718 1884 1746 1902 τε
1764 1876 1922 1911 προαίρεσις

1130 1917 1197 1950 πρὸς
1211 1918 1240 1943 τὸ
1262 1917 1341 1953 ἔργον
1360 1919 1438 1954 ρέψῃ,
1460 1920 1506 1945 καὶ
1525 1919 1606 1955 μηδὲν
1623 1921 1712 1957 κωλύῃ
1737 1922 1792 1948 τῶν
1812 1923 1920 1956 ἔξωθεν.

1130 1963 1166 1988 Τὸ
1186 1963 1214 1989 δὲ
1234 1964 1276 1989 ἀεὶ
1293 1964 1423 1996 ὡσαύτως
1445 1965 1516 2000 ἕχον,
1531 1963 1553 1999 ᾧ
1573 1967 1719 2002 ἐπίκτητον
1738 1969 1793 1995 τῶν
1813 1970 1923 2004 ἀγαθῶν

1131 2008 1204 2034 ἐστιν
1229 2008 1315 2040 οὐδὲν,
1342 2009 1369 2035 ὲν
1394 2006 1416 2043 ᾧ
1441 2011 1515 2036 πᾶσα
1538 2010 1653 2047 διαφορά
1677 2012 1882 2048 βουλευμάτων,
1905 2015 1921 2051 ἠ

1131 2053 1201 2079 κατά
1215 2053 1244 2079 τὺ
1258 2054 1378 2080 ἐναντίον
1391 2055 1462 2082 κατά
1483 2063 1543 2083 τινα
1566 2057 1670 2092 πλάνην
1685 2059 1730 2084 καὶ
1745 2059 1860 2093 ἄγνοιαν
1880 2061 1922 2094 ἑγ-

1130 2097 1269 2133 γινομένη,
1283 2098 1374 2134 χώραν
1388 2100 1437 2126 οὐκ
1455 2100 1522 2136 ἔχει,
1537 2097 1560 2135 ᾧ
1574 2103 1649 2129 οὐδὲν
1666 2104 1697 2130 ὲκ
1712 2105 1866 2140 μεταϐολῆς
1882 2107 1920 2140 γί-

1131 2151 1213 2173 νεται,
1239 2144 1252 2170 ὃ
1277 2144 1313 2180 μὴ
1330 2144 1359 2177 ἐξ
1379 2146 1466 2181 ἀρχῆς
1481 2147 1519 2178 ὡς
1545 2148 1646 2181 ἀγαθὸν
1670 2151 1832 2186 κατενόησε,
1857 2152 1918 2187 περὶ

1131 2188 1224 2215 τούτου
1242 2189 1330 2223 λέγειν
1345 2190 1384 2226 μὴ
1407 2192 1449 2217 ἀεὶ
1472 2191 1503 2218 τὸ
1523 2193 1604 2220 καλὸν
1623 2194 1704 2229 ἔχειν,
1731 2195 1789 2223 ἀλλ’
1808 2196 1920 2233 ὕστερον

1131 2235 1237 2261 ἑλέσθαι
1260 2244 1285 2262 τι
1302 2236 1384 2271 ἔχειν,
1409 2237 1422 2263 ὃ
1439 2237 1475 2272 μὴ
1491 2239 1622 2273 πρότερον
1641 2240 1743 2267 εἵλετοθ
1767 2241 1857 2268 ταῦτα
1874 2242 1921 2278 τῆς

1131 2281 1352 2317 ὑπερϐαλλούσης
1367 2283 1439 2317 ἡμᾶς
1456 2283 1551 2318 σοφίας
1564 2285 1646 2312 ἐστίν.
1670 2286 1766 2320 Ἡμεῖς
1782 2287 1838 2323 γὰρ
1853 2288 1919 2323 ἐμά-

1131 2326 1213 2361 θομεν
1230 2328 1270 2354 ὅτι
1285 2328 1314 2355 τὺ
1325 2329 1400 2357 Θεῖον
1414 2329 1456 2354 ἀεὶ
1470 2329 1569 2361 παντὸς
1586 2330 1688 2364 ἀγαθοῦ
1705 2332 1809 2367 πλῆρες
1830 2334 1918 2360 ἐστίν’

1132 2372 1232 2407 μᾶλλον
1254 2372 1281 2398 δὲ
1300 2373 1366 2399 αὐτὸ
1385 2374 1439 2400 τῶν
1465 2375 1573 2409 ἀγαθῶν
1598 2377 1656 2403 ἐστι
1676 2377 1707 2403 τὸ
1733 2378 1881 2414 πλήρωμα,
1897 2381 1918 2407 εἰ

1131 2419 1178 2444 καὶ
1196 2419 1322 2454 οὐδεμιᾶς
1337 2419 1496 2456 προσθήκης
1517 2422 1557 2453 είς
1580 2423 1719 2450 τελείωσιν
1743 2424 1842 2456 δεῖται,
1865 2426 1919 2452 ἀλλ’

1131 2465 1196 2491 αὐτὸ
1215 2466 1248 2500 τῇ
1271 2465 1366 2491 ἑαυτοῦ
1381 2465 1469 2500 φύσει,
1488 2467 1564 2501 ἡτοῦ
1583 2467 1685 2501 ἀγαθοῦ
1699 2468 1840 2506 τελειότης
1854 2471 1919 2497 ἐστι.

1132 2511 1167 2536 Τὸ
1183 2511 1211 2537 δὲ
1225 2511 1326 2538 τέλειον
1342 2512 1438 2546 ἐπίσης
1453 2513 1592 2547 αὐξήσεως
1605 2522 1633 2540 τε
1649 2515 1696 2541 καὶ
1713 2515 1856 2549 μειώσεως
1876 2517 1921 2551 ὴ).-

1131 2556 1284 2592 λοτρὶωται.
1311 2559 1365 2584 Καὶ
1387 2558 1430 2584 διὰ
1454 2559 1531 2585 τοῦτο
1555 2559 1603 2594 τὴν
1627 2558 1870 2597 ὲπιθεωρουμένην
1890 2563 1921 2597 τῇ

1134 2602 1193 2637 Θείᾳ
1211 2602 1290 2637 φύσει
1305 2603 1358 2629 τῶν
1381 2604 1492 2637 ἀγαθῶν
1506 2604 1671 2639 τελειότητα,
1694 2606 1811 2633 πάντοτέ
1834 2616 1923 2642 φαμεν

1131 2649 1179 2685 τὴν
1194 2649 1277 2685 αὐτὴν
1291 2648 1359 2677 εἶναι
1371 2659 1378 2665 ·
1394 2651 1454 2676 καθ’
1475 2651 1544 2686 ὅπερ
1562 2651 1595 2678 ἂν
1610 2651 1658 2688 τὴν
1676 2652 1797 2680 διάνοιαν
1819 2654 1924 2680 ἑαυτῶν

1120 2697 1342 2732 ,ἐπεκτείνωμεν,
1358 2699 1415 2723 ἐκεῖ
1429 2697 1556 2733 τοιαῦτ-ην
1571 2698 1839 2734 καταλαμϐάνοντες.
1856 2700 1924 2726 Οὺκη

1131 2742 1178 2769 οὖν
1200 2743 1326 2770 οὐδέποτε
1361 2743 1438 2769 κενὸν
1463 2744 1564 2778 ἀγαθοῦ
1591 2744 1621 2770 τδ
1649 2745 1734 2771 Θεῐον.
1768 2745 1848 2772 Ἀλλὰ
1876 2746 1923 2780 μὲν

1131 2788 1234 2822 ἀγαθοῦ
1248 2789 1348 2820 παντὸς
1361 2789 1497 2824 πλήρωμα
1511 2791 1524 2816 ὁ
1537 2789 1598 2822 Υἱός
1607 2798 1614 2806 ·
1630 2791 1744 2818 πάντοτε
1759 2790 1814 2826 ἀρα
1833 2791 1861 2816 ἐν
1886 2791 1921 2825 τῷ

1133 2836 1219 2871 Πατρὶ
1232 2835 1384 2871 θεωρεῖται,
1406 2834 1427 2871 ᾧ
1451 2836 1531 2871 φύσις
1553 2837 1569 2874 ἡ
1583 2838 1612 2865 ἐν
1628 2837 1709 2864 παντὶ
1726 2834 1823 2872 ἀγαθῷ
1836 2836 1919 2863 τελει-
