1970 3076
85 84 136 111 80')

649 87 787 116 CONTRA
805 88 997 123 EUNOBllUM,
1022 91 1085 118 LIB.
1106 89 1151 118 IX.

1662 91 1714 118 810

84 142 158 175 Ιπης.
181 141 269 172 Ἀλλὰ,
287 143 362 177 ερησὶ,
379 143 495 179 μηδεμία
518 144 587 170 ἔστω
601 144 772 180 ξήτησις,διὰ
787 145 812 171 τί
836 146 872 180 μὴ

942 154 1032 182 emper
1047 147 1172 175 eamdem
1183 153 1243 174 esse
1254 145 1372 174 dicimus
1381 168 1388 180 ,
1400 146 1432 174 ad
1458 147 1642 182 quodcunque
1669 157 1715 174 ne-

87 186 230 222 πρύτερον.
248 188 318 223 Πρὸς
333 189 362 215 ὃν
376 189 490 224 ἐροῦμεν
504 191 595 225 ἡμεῖςι
609 187 650 214 ὅτι
661 189 741 218 ’Λλλο
757 192 840 225 ἐστὶν,
854 189 876 219 ὧ

86 231 238 266 σοφώτατε,
262 233 416 268 νομοθετεῖν
439 243 465 261 τι
487 235 541 262 τῶν
560 236 748 272 καταγνωμῶν
772 237 801 270 ἐξ
818 238 877 264 ἑπι-

86 277 236 312 τάγματος,
252 279 300 304 καὶ
313 279 406 315 ἕτερον
421 279 452 306 τὸ
473 280 544 316 λόγῳ
559 282 622 317 περὶ
645 281 697 309 τῶν
711 283 877 318 ἀμφιϐαλλο-

87 323 176 358 μένων
192 324 384 358 προσάγεσθαι.
409 326 482 358 Ἕως
497 326 529 353 ἂν
543 327 632 354 τοίνυν
656 328 790 363 μηδεμίαν
812 327 877 364 ἔχῃς

87 369 176 396 αἰτίαν
200 370 297 402 εἰπεῖν,
321 371 381 397 καθ’
403 372 436 407 ἢν
463 371 574 404 εὐσεϐές
600 374 673 400 ἐστιν
699 373 810 409 ὕστερον
838 373 876 409 τῷ

88 415 176 450 Πατρὶ
188 415 234 442 τὺν
246 415 310 443 Υἰὸν
324 418 556 453 προσ-γεγενῆσθαι
576 419 676 453 λέγειν,
698 420 814 455 ἀργήσει
832 429 872 448 σοι

91 459 118 485 :b
130 461 268 496 ἐπίταγμα
287 462 362 497 παρὰ
376 464 432 494 τοῖς
448 464 640 499 σωφρονοῦσιν.

931 198 1015 220 stram
1037 192 1232 227 cogitationem
1258 192 1482 224 extenderimus,
1507 192 1562 219 illic
1590 193 1714 219 eamdem

931 237 1127 271 perfectionem
1154 238 1425 272 comprehendentes.
1464 237 1606 272 Nunquam
1631 238 1716 272 igitur

931 284 1004 311 bono
1029 291 1149 310 vacuum
1164 283 1270 311 Numen
1295 287 1396 310 manet.
1425 283 1506 317 Atqui
1534 284 1624 311 omnis
1650 284 1714 310 boni

931 327 1072 364 plenitudo
1090 332 1131 369 est
1147 329 1234 356 Filius
1250 338 1257 362 ;
1273 337 1380 364 semper
1394 329 1476 364 igitur
1491 329 1578 356 Filius
1593 329 1619 356 iu
1637 329 1717 356 Patre

931 375 1066 406 cernitur,
1083 374 1126 400 cui
1142 378 1241 400 natura
1258 377 1301 400 est
1337 373 1364 400 in
1385 374 1460 401 omni
1481 375 1553 401 bono
1572 374 1716 409 perfectio.

932 418 1000 450 Sed,
1015 419 1118 453 inquit.
1138 418 1212 445 nulla
1226 419 1261 446 sit
1277 418 1486 452 iuquisitio,cur
1502 427 1554 446 neti
1573 414 1659 454 prius.
1677 418 1717 445 Ad

930 472 1010 500 quem
1025 473 1074 492 nos
1091 464 1229 492 dicemus:
1243 463 1324 490 Aliud
1341 467 1398 495 est,
1413 472 1429 491 ο
1445 464 1666 499 sapientissime.
1684 471 1717 491 ex
1765 455 1769 458 ”

88 506 219 533 mandato
239 507 341 542 aliquid
357 516 451 536 eorum
472 518 534 545 qua:
550 510 602 538 fert
617 511 746 545 animus,
767 511 825 547 lege
849 511 956 540 sancire
983 516 1010 539 et
1036 512 1164 539 edicere:
1189 510 1265 539 aliud
1291 518 1356 538 vero
1381 511 1489 537 ratione
1513 511 1545 537 de
1571 511 1661 538 dubiis
1692 517 1717 538 et

87 553 275 579 controversis
303 553 382 580 fidem
409 553 509 582 facere.
534 555 661 588 Quandiu
686 564 752 592 ergo
780 554 882 584 nullam
897 564 1009 584 causam
1028 557 1131 591 poteris
1165 556 1298 588 reddere,
1335 560 1445 590 propter
1466 562 1547 589 quam
1573 556 1648 590 pium
1679 563 1720 584 est

87 598 184 625 dicere
212 598 310 626 Filium
342 601 479 635 posterius
506 609 520 628 a
550 602 632 631 Patre
658 604 780 638 genitum
808 610 885 636 esse,
901 603 976 630 iners
1001 607 1027 630 et
1053 602 1161 629 irritum
1181 602 1234 629 crit
1258 602 1306 629 tibi
1328 601 1459 634 edictum,
1478 601 1550 636 apud
1566 602 1674 629 sobrios
1693 608 1720 630 et.

89 643 253 676 prudentes.

127 687 206 714 Οὕτω
227 689 275 723 μὲν
297 687 342 716 οὖν
363 690 428 725 ἡμῖν
446 691 478 718 ὲκ
499 691 549 726 τῆς
570 695 696 729 τεχνικῆς
715 694 808 729 ἐφόδου
829 694 880 729 τὴν

89 733 221 769 ἀλήθειαν
241 734 373 770 Εὑνόμιος
389 736 428 768 εὶς
449 736 478 764 τὺ
501 738 621 773 ἐμφανὲς
643 739 715 774 ἄγει.
736 740 831 776 Ἡμεῖς
851 739 879 766 δὲ

969 690 1014 718 Sic
1030 690 1112 725 igitur
1125 689 1203 717 nobis
1215 689 1362 716 artificiosa
1377 689 1563 716 insinuatione
1575 689 1716 716 veritatem

933 739 960 765 in
985 738 1073 765 lucem
1097 736 1200 772 profert
1215 735 1378 762 Eunomius.
1400 734 1454 762 Nos
1476 739 1566 761 autem
1592 734 1665 762 sicut
1680 738 1722 761 est

90 779 164 807 τιατὰ
179 780 210 806 τὸ
226 780 338 816 σύνηθες
357 783 424 818 ἡμῖν
435 784 479 810 τὸν
497 784 601 812 ἐκείνου
620 785 698 820 λόγον
717 786 786 821 πρὸς
798 795 882 812 κατα-

944 784 1019 811 noris
1034 785 1120 811 nostri
1134 783 1205 810 illius
1217 789 1370 810 sermonem
1379 781 1411 808 ad
1421 781 1632 809 exstructionem
1641 780 1723 808 docu-

91 825 194 861 σκευὴν
213 825 267 852 τῶν
292 827 341 861 τῆς
361 827 489 863 ἀληθείας
511 829 653 865 δογμάτων
676 831 882 866 οἰκειωσόμεθα.

97 870 144 902 Ὠς
160 870 193 897 ἂν
208 872 255 898 καὶ
275 871 319 898 διὰ
339 872 434 899 τούτου
454 873 567 910 γένηται
582 875 670 911 δῆλον,
688 876 728 903 ὅτι
748 875 883 911 πανταχοῦ

93 917 167 943 κατὰ
177 916 207 943 τὸ
224 917 347 944 ἑκούσιον
363 917 408 944 ὑπ’
423 919 509 954 αὐτῆς
522 920 572 955 τῆς
587 921 714 956 ἀληθείας
729 920 882 956 ἀναγκαζό-

93 970 183 996 μενοι,
199 962 237 998 τῷ
251 963 312 990 καθ’
321 964 393 999 ἡμᾶς
402 965 609 1000 συναγορεύουσι
627 966 708 1002 λόγῳ.
717 967 748 993 Ei
761 966 814 1002 γὰρ
823 966 883 993 τότε

92 1007 224 1043 ἐγέννησε
239 1009 284 1035 τὸν
293 1009 367 1042 Υίδν,
381 1009 426 1036 ὅτε
441 1010 576 1044 ἐϐούλετο,
588 1010 679 1043 καθώς
693 1019 776 1047 φησιν
786 1012 800 1038 ὁ
811 1011 886 1038 ἀντί-

92 1054 190 1087 παλος,
205 1054 330 1081 ἐϐούλετο
353 1055 382 1082 δὲ
398 1056 428 1082 τὸ
444 1056 546 1090 ἀγαθὸν
559 1057 602 1084 ἀεὶ
614 1077 621 1089 ,
637 1057 785 1092 σύνδρομος
804 1057 833 1083 δὲ
851 1058 884 1093 τῇ

93 1100 248 1135 βουλήσειή
263 1100 385 1135 δύναμις,
400 1102 444 1128 ἀεὶ
458 1102 511 1137 ἄρα
525 1103 539 1128 ό
552 1102 614 1134 Υἱὸς
631 1102 698 1138 μετὰ
713 1102 760 1129 τοῦ
781 1103 886 1138 [lat-.pr

93 1145 267 1180 νοηθήσεται,
287 1146 335 1172 τοῦ
355 1147 398 1173 ἀεὶ
425 1147 471 1173 καὶ
494 1147 654 1182 βουλομένου
669 1147 700 1174 τὸ
720 1147 800 1174 καλὸν
812 1167 819 1179 ,
840 1148 886 1174 καὶ

92 1191 245 1226 δυναμένου
262 1191 333 1226 ἔχειν
346 1192 359 1218 ὃ
375 1191 509 1227 βούλεται.
521 1193 551 1219 Εἰ
567 1193 595 1219 δὲ
605 1193 658 1228 χρὴ
669 1193 715 1219 καὶ
730 1192 774 1219 τὸν
789 1192 888 1227 ἑφεξῆς

93 1237 181 1264 αὐτοῦ
193 1237 272 1270 λόγον
284 1240 469 1273 προσαγαγεῖν
481 1240 513 1274 τῇ
527 1239 651 1275 ἀληθείᾳ,
665 1239 756 1275 ῥᾴδιόν
770 1241 827 1266 ἐστι
842 1239 888 1266 καὶ

93 1281 193 1308 τοῦτον
207 1282 245 1317 τῷ
263 1283 324 1308 καθ’
340 1283 413 1318 ἡμᾶς
439 1284 608 1319 συναρμόσαι
625 1284 757 1319 δόγματι,
773 1284 814 1311 ὅτι
837 1293 890 1320 μη-

94 1326 180 1362 δεμία
199 1328 261 1363 περὶ
286 1329 380 1355 τούτου
394 1329 505 1364 ζήτησις
519 1329 589 1357 ἔστω
605 1331 661 1362 τοῖς
684 1329 830 1366 σώφροσιν,
841 1330 890 1358 Διά

95 1372 124 1399 τί
140 1373 177 1408 μὴ
193 1374 341 1409 πρότερονς
359 1374 392 1401 Ἦ
414 1375 468 1410 γὰρ
489 1375 536 1402 τοῦ
560 1376 692 1412 πρότερον
712 1376 784 1409 λέξις
801 1385 889 1412 χρονι-

96 1419 152 1452 κήν
165 1427 224 1444 τινα
235 1419 284 1454 τὴν
298 1419 407 1453 ἔνδειξιν
421 1420 485 1456 ἔχει,
498 1421 768 1458 ἀντιδιαστελλομένη
781 1423 848 1458 πρὸς
859 1423 889 1449 τὸ

98 1463 171 1497 μετὰ
186 1464 272 1490 ταῦτα
285 1465 331 1491 καὶ
349 1465 462 1501 ὕστερον
476 1474 482 1481 ·
502 1467 566 1493 ὅταν
579 1467 606 1494 δὲ
621 1467 716 1503 χρόνος
732 1468 768 1503 μὴ
783 1465 811 1504 ᾗ,
829 1476 890 1494 συν-

97 1509 218 1543 αιρεῖται
233 1509 340 1542 πάντως
352 1511 398 1537 καὶ
409 1511 457 1546 τῆς
475 1512 604 1548 χρονικῆς
615 1513 780 1545 διαστάσεως
791 1513 825 1540 τὰ
834 1513 891 1540 ὀνό-

100 1564 186 1591 ματα.
196 1555 275 1582 Ἀλλὰ
286 1556 338 1592 μὴν
348 1557 399 1592 πρὸ
408 1557 512 1592 χρόνων
520 1558 566 1585 καὶ
576 1559 628 1594 πρὸ
637 1559 742 1586 αίώνων
751 1559 764 1585 ὁ
772 1559 872 1595 Κύριος
882 1567 890 1575 θ

98 1601 238 1636 ἄχρηστος
253 1602 306 1637 ἄρα
321 1603 376 1634 τοῖς
390 1603 450 1630 νοῦν
464 1603 570 1639 ἔχουσιν
589 1605 635 1631 ἐπὶ
649 1605 696 1632 τοῦ
712 1604 822 1640 ποιητοῦ
838 1603 891 1631 τῶν

99 1647 254 1683 αἰώνων,ὴ
269 1648 314 1674 τοῦ
335 1649 465 1685 πρότερον
485 1650 530 1676 καὶ
548 1650 661 1686 ὕστερον
676 1651 798 1687 ζήτησις.
818 1650 892 1677 Κενὰ

99 1691 158 1727 γὰρ
176 1693 266 1728 πάσης
288 1693 404 1725 διανοίας
425 1695 482 1720 ἐστὶ
502 1695 537 1722 τὰ
559 1695 671 1722 τοιαῦτα
684 1695 738 1723 τῶν
753 1696 892 1731 ὀνομάτων

103 1738 144 1774 μὴ
157 1739 204 1764 ἐπὶ
224 1739 319 1776 χρόνου
343 1740 487 1776 λεγόμενα.
510 1741 586 1768 Ἐπεὶ
601 1739 647 1768 οὖν
657 1742 709 1777 πρὸ
723 1742 777 1769 τῶν
789 1742 892 1777 χρόνων

101 1785 118 1810 ὁ
141 1784 255 1820 Κύριος,
273 1786 303 1812 τὸ
328 1784 459 1822 πρότερον
479 1786 586 1819 πάντως
604 1788 650 1814 καὶ
668 1788 698 1814 τὸ
715 1787 826 1824 ὕστερον
847 1788 893 1815 ἐπὶ

102 1830 188 1856 αὑτοῦ
206 1830 297 1866 χώραν
317 1831 367 1858 οὐκ
381 1831 447 1866 ἔχει.
468 1832 544 1868 Τάχα
560 1833 609 1868 μὲν
625 1833 733 1869 ἀπόχρη
745 1833 792 1860 καὶ
809 1832 894 1860 ταῦτα

103 1876 175 1911 πρὸς
190 1877 345 1913 ἀνατροπὴν
361 1877 414 1904 τῶν
434 1878 464 1904 οὺ
482 1878 616 1913 δεομένων
634 1879 681 1905 τοῦ
701 1879 894 1915 προσπαλαίον-

103 1931 161 1955 τος,
178 1922 235 1948 ἀλλ’
250 1923 301 1948 ὑπὸ
320 1924 369 1957 τῆς
393 1924 459 1955 ἰδίας
480 1923 568 1950 αὐτῶν
586 1925 694 1956 ἀτονίας
710 1925 893 1951 καταπιπτόν-

103 1974 170 1993 των.
195 1967 244 1999 Τίς
269 1967 323 2003 γὰρ
344 1969 470 1996 τοσοῦτον
486 1969 612 2005 εὔσχολος
638 1971 670 1997 ὲκ
693 1970 746 1996 τῶν
765 1970 811 1997 τοῦ
836 1971 894 2006 βίου

105 2013 268 2048 φροντίδων,
280 2013 317 2045 ὡς
331 2014 377 2041 ἐπὶ
392 2015 517 2042 τοσοῦτον
533 2015 627 2042 ἑαυτὸν
641 2016 731 2043 δοῦναι
747 2017 780 2052 τῇ
795 2017 895 2052 ἀκροά-

105 2065 148 2082 σει
167 2058 218 2092 τῆς
235 2065 264 2083 τε
283 2058 461 2093 ματαιότητος
477 2060 531 2086 τῶν
547 2059 712 2087 ὑπεναντίων
729 2060 827 2094 λόγων,
849 2062 895 2087 καὶ

934 833 1088 857 mentorum
1105 828 1227 856 veritatis
1251 827 1459 862 applicabimus.
1478 825 1512 853 Ut
1527 827 1608 853 etiam
1623 833 1655 853 ex
1672 826 1723 852 hoc

934 875 1107 910 perspicuum
1128 875 1174 906 sit,
1197 882 1244 902 eos
1260 874 1360 909 ubique
1381 873 1463 901 etiam
1486 877 1596 907 sponte,
1614 873 1648 899 ab
1664 873 1723 908 ipsa

933 921 1047 948 veritate
1073 924 1194 952 coactos,
1224 924 1321 948 nostro
1341 920 1510 955 patrocinari
1536 919 1669 946 sermoni.
1695 919 1722 945 Si

934 966 1006 994 enim
1038 969 1102 993 tunc
1116 965 1209 1000 genuit
1220 966 1386 994 Filiuutcum
1398 965 1496 996 voluit,
1516 965 1588 992 sicut
1602 965 1667 992 dicit
1684 972 1724 991 re-

934 1011 1090 1043 fractarius,
1115 1011 1201 1037 voluit
1216 1014 1306 1037 autem
1329 1010 1566 1044 sempervbonum,
1585 1009 1725 1036 concurrit

935 1061 1027 1084 autem
1041 1056 1173 1084 voluntati
1189 1056 1322 1091 potentia,
1339 1063 1448 1090 semper
1467 1056 1551 1090 igitur
1565 1054 1652 1082 Filius
1662 1062 1723 1081 cum

937 1103 1016 1130 Putre
1028 1103 1204 1137 intelligetur,
1221 1102 1266 1137 qui
1280 1109 1387 1136 semper
1400 1102 1455 1128 vult
1471 1102 1582 1132 bonum,
1599 1104 1625 1127 et
1637 1104 1725 1135 potest

936 1148 1038 1176 habere
1061 1148 1133 1183 quod
1151 1148 1216 1175 vult.
1232 1147 1310 1180 Quod
1333 1148 1356 1174 si
1371 1152 1477 1182 opertct
1491 1151 1648 1181 sequentem
1665 1146 1726 1180 ejus

937 1201 1089 1221 sermonem
1105 1193 1137 1220 ad
1157 1193 1297 1220 veritatem
1321 1193 1467 1225 adducere,
1484 1201 1538 1219 non
1554 1196 1594 1220 est
1609 1192 1724 1219 arduum

937 1239 1018 1266 etiam
1034 1239 1107 1265 hunc
1120 1242 1215 1265 nostro
1227 1238 1345 1273 dogmati
1360 1238 1499 1273 adaptare.
1513 1238 1584 1273 quod
1598 1238 1672 1264 nulta
1691 1237 1725 1264 de

939 1285 990 1312 hoc
1001 1285 1072 1320 apud
1085 1285 1223 1312 modestus
1237 1285 1273 1312 sit
1289 1284 1485 1316 contraversia,
1497 1283 1552 1310 Cur
1561 1291 1615 1310 non
1632 1283 1726 1318 prius?

939 1328 1029 1356 Dietio
1043 1330 1114 1356 enim
1133 1329 1218 1364 prius,
1237 1329 1413 1364 temporalem
1432 1328 1575 1363 quemdam
1591 1328 1671 1355 habet
1687 1328 1726 1354 iu-

940 1375 1115 1408 dicationem,
1141 1383 1200 1411 qua}
1221 1375 1369 1410 opponitur
1385 1375 1426 1401 his
1441 1375 1565 1406 vncibus,
1583 1379 1676 1409 postea
1700 1377 1727 1400 ct

940 1420 1086 1455 posterius.
1103 1421 1171 1446 (lum
1188 1423 1277 1446 autem
1295 1423 1402 1454 tempus
1418 1427 1472 1446 non
1487 1419 1577 1452 fuerit,
1592 1423 1727 1453 temporu-

942 1467 975 1494 lis
992 1466 1166 1494 discretionis
1194 1466 1304 1492 nomiua
1329 1473 1442 1500 prorsus
1471 1465 1552 1492 simul
1583 1465 1726 1492 tolluntur.

941 1513 1023 1547 Atqui
1041 1517 1103 1540 ante
1120 1516 1242 1547 tempora
1263 1515 1290 1539 et
1318 1516 1381 1539 ante
1401 1512 1500 1539 saecula
1518 1511 1665 1539 Dominus:
1689 1512 1729 1539 iu-

942 1559 1017 1585 utilis
1039 1558 1122 1593 igitur
1145 1561 1235 1585 mente
1252 1557 1373 1592 prmditis
1395 1557 1421 1584 in
1443 1557 1545 1584 factore
1568 1558 1730 1585 szeculorum

943 1603 1043 1638 prioris
1067 1607 1094 1630 et
1121 1602 1280 1636 posterioris
1307 1602 1432 1637 quzrstio.
1457 1601 1527 1628 Sunt
1547 1603 1619 1629 enim
1642 1604 1731 1629 omnis

943 1648 1128 1683 intelligentiae
1144 1647 1235 1674 iuauia
1259 1647 1323 1674 talia
1347 1647 1467 1679 nomina,
1484 1654 1546 1674 cum
1561 1648 1594 1674 de
1612 1652 1733 1682 tempore

943 1701 999 1721 non
1013 1694 1152 1721 dicuntur.
1169 1693 1302 1725 Quoniam
1321 1693 1402 1728 igitur
1416 1697 1478 1720 ante
1495 1697 1619 1731 tempora
1640 1693 1730 1720 Domi-

944 1749 1007 1773 nus,
1024 1740 1100 1775 prius
1114 1743 1187 1767 certe
1200 1743 1226 1766 et
1239 1739 1377 1774 posterius
1388 1739 1492 1766 nullum
1505 1747 1617 1773 prorsus
1633 1740 1658 1766 in
1674 1740 1733 1775 ipso

944 1787 1033 1813 locum
1049 1785 1159 1812 habent.
1181 1784 1309 1813 Fortasse
1333 1785 1389 1811 lucc
1409 1784 1547 1811 suniciunt
1563 1785 1596 1811 ad
1616 1786 1734 1812 eversio»

945 1837 1006 1857 nem
1017 1837 1111 1857 eorum
1126 1836 1187 1863 quae
1201 1829 1380 1856 colluctatOre
1396 1836 1449 1855 non
1465 1829 1594 1863 indigent,
1612 1830 1659 1856 sed
1675 1838 1734 1864 quae

945 1883 994 1903 sua
1008 1875 1192 1902 imbecillitate
1208 1878 1351 1902 corruunt.
1368 1874 1417 1901 Cui
1435 1875 1506 1901 enim
1522 1879 1626 1902 tantum
1644 1876 1694 1903 abs
1704 1885 1735 1903 re

945 1927 994 1948 Sua
1005 1923 1031 1947 et
1045 1920 1119 1947 curis
1133 1920 1181 1947 otii
1195 1924 1246 1951 est,
1265 1923 1294 1946 ut
1311 1919 1432 1954 seipsum
1450 1920 1602 1946 auditorem
1617 1921 1734 1954 praebeat

945 1966 1074 1994 vanitatis
1087 1973 1242 1993 sermonum
1260 1964 1313 1992 sibi
1325 1966 1544 2000 repugnantium,
1560 1969 1642 2001 atque
1654 1967 1735 1994 etiam

946 2017 1046 2040 nostra:
1062 2015 1157 2039 contra
1172 2019 1216 2038 res
1229 2018 1313 2038 vanas
1323 2014 1350 2038 et
1367 2010 1459 2038 futiles
1475 2019 1570 2046 pugnae
1582 2019 1631 2039 seu
1645 2012 1736 2048 dispit-

947 2057 1073 2085 talionis?
1087 2057 1140 2084 Sed
1152 2057 1282 2092 quoniam
1296 2056 1433 2091 impietate
1444 2057 1651 2092 praeoccupatis,
1662 2057 1736 2084 velut

104 2101 155 2136 τῆς
172 2101 309 2137 ἡμετέρας
319 2103 386 2139 πρὸς
397 2103 430 2130 τὰ
442 2104 542 2139 μάταια
558 2105 707 2140 πράγματα
724 2106 813 2141 μάχης
822 2115 829 2137 ;
839 2106 888 2132 ἀλλ

949 2103 1071 2138 quaedam
1087 2110 1146 2137 qua:
1162 2110 1216 2129 non
1232 2105 1320 2136 potest
1334 2101 1387 2128 elui
1403 2102 1533 2134 tinctura,
1551 2107 1576 2129 et
1596 2103 1670 2130 fraus
1695 2104 1737 2130 iu-

105 2148 202 2184 ἐπειδὴ
217 2150 272 2180 τοῖς
287 2150 514 2185 προειλημμένοις
529 2151 560 2185 τῇ
577 2146 698 2185 ἀσεϐείᾳ,
715 2151 840 2186 καθάπερ
857 2159 898 2182 τις

104 2193 264 2226 δευσοποιὸς
281 2194 354 2230 βαφὴ
364 2215 371 2226 ,
385 2195 431 2221 καὶ
445 2195 619 2227 δυσέκνιπτος
632 2197 648 2231 ἡ
664 2196 753 2231 ἀπάτη
765 2215 772 2227 ,
789 2196 836 2222 xui.
854 2196 897 2222 διὰ

106 2239 208 2274 βάθους
231 2241 291 2271 ταῖς
316 2241 440 2275 καρδίαις
467 2240 648 2275 ἐγκέκαυται,
671 2241 767 2276 μικρὸν
793 2241 833 2268 ἔτι
859 2241 897 2276 τῷ

106 2285 180 2320 λόγῳ
190 2285 455 2322 προσδιατρῐψωμεν,
465 2287 491 2313 εἴ
501 2296 559 2319 πως
571 2287 749 2322 δυνηϐείημεν
758 2287 806 2323 τῆς
816 2296 898 2322 πονη-

108 2331 159 2366 ρᾶς
185 2330 287 2365 ταύτης
311 2332 418 2367 κηλῖδος
438 2332 526 2359 αὐτῶν
548 2332 598 2364 τὰς
624 2332 712 2367 ψυχὰς
730 2333 896 2368 ὰπορῤύψαι.

107 2375 202 2403 Εἰπὼν
227 2376 281 2411 γὰρ
306 2376 340 2403 τὰ
361 2377 507 2412 εἰρημένα,
531 2378 579 2404 καὶ
602 2377 748 2413 ἐπαγαγὼν
775 2378 897 2411 τούτοις,

107 2421 182 2448 κατὰ
197 2421 241 2450 τὸν
254 2421 397 2458 παιδευτὴν
417 2423 497 2449 αὺτοῦ
517 2422 676 2459 Προύνικον,
697 2424 899 2461 ἀσυναρτήτους

107 2467 186 2498 τινὰς
201 2467 249 2493 καὶ
270 2467 456 2503 ἀναρμόστους
472 2467 577 2502 ὖϐρεὼν
588 2477 617 2494 τε
632 2468 679 2495 καὶ
698 2468 899 2504 λοιδορημάτων

107 2512 236 2545 suam,
246 2512 292 2539 ἐπὶ
299 2513 344 2539 τὸν
355 2513 496 2548 κολοφῶνα
509 2512 563 2539 τῶν
572 2513 793 2549 ἐπιχειρημάτων
803 2514 899 2550 μετέρ-

109 2567 201 2594 χεται,
214 2558 262 2586 καὶ
272 2558 429 2586 καταλιπὼν
445 2560 493 2594 τὴν
511 2559 702 2594 ἀσυλλόγιστον
719 2559 769 2595 τῆς
787 2560 899 2595 ματαιὸ-

108 2612 192 2639 τητος
207 2603 324 2636 ἔκθεσιν,
341 2603 421 2631 πάλιν
435 2605 491 2636 τοῖς
515 2604 638 2640 κέντροις
656 2604 706 2639 τῆς
727 2604 898 2640 διαλεκτικῆς

109 2649 281 2681 καθοπλίσας
291 2650 337 2676 τὸν
350 2649 439 2684 λόγον,
451 2649 670 2684 συλλογιστικῶς,
678 2649 715 2682 ὡς
729 2650 823 2684 οἴεται,
839 2648 900 2677 καθ’

111 2695 191 2730 ἡμῶν
201 2696 402 2728 κατασκευάζει
417 2695 448 2722 τὺ
462 2695 571 2723 ἄτοπον.

148 2740 226 2775 Ἔχει
246 2740 275 2767 δὲ
299 2739 385 2773 οὕτως
414 2741 431 2776 ἡ
458 2741 530 2773 λέξις
561 2749 568 2756 ·
599 2742 704 2776 Πάσης
732 2741 901 2776 γεννήσεως

112 2785 167 2813 οὐκ
186 2785 233 2812 ἐπ’
247 2785 371 2820 ἄπειρον
384 2786 603 2821 ἐπειγομένης,
622 2787 691 2815 ἀλλ’
706 2787 750 2820 εἵς
765 2796 791 2814 τι
811 2786 896 2818 τέλος

231 2831 370 2863 ΡΑτιιοι..
389 2833 447 2864 Gn.
468 2833 563 2864 XLV.

950 2148 1094 2183 expiabilis
1115 2152 1141 2175 et
1162 2146 1329 2183 profundunt
1349 2148 1479 2175 cordibus
1494 2149 1585 2176 inusta
1607 2152 1658 2181 est.
1686 2157 1735 2177 nos

949 2194 1088 2229 paululum
1104 2194 1193 2221 adhuc
1207 2194 1233 2220 iu
1253 2193 1305 2220 hoc
1323 2201 1449 2220 sermone
1472 2194 1688 2227 immorabimur,
1713 2195 1735 2222 si

949 2228 1003 2273 quo
1024 2237 1104 2265 modo
1125 2238 1159 2264 ab
1184 2238 1235 2265 hac
1252 2238 1312 2264 labe
1331 2228 1453 2272 ipsorum
1475 2239 1582 2265 animas
1599 2239 1736 2274 possimus

949 2283 1039 2311 eluere
1063 2286 1090 2311 et
1106 2283 1256 2318 detergere.
1275 2283 1342 2309 Cum
1360 2283 1431 2310 enim
1454 2283 1614 2318 protulisset
1628 2291 1659 2311 ea
1678 2292 1738 2318 qua:

949 2333 1014 2356 sunt
1029 2329 1112 2361 dicta,
1129 2334 1210 2363 atque
1226 2329 1306 2356 etiam
1326 2328 1496 2362 subjungeus
1515 2329 1679 2362 induxisset,
1697 2337 1739 2355 se.«

950 2374 1068 2401 cundum
1084 2374 1267 2401 institutorem
1283 2381 1362 2401 suum
1381 2373 1538 2407 Pruuieum,
1559 2375 1738 2402 inconcinnus

950 2419 1081 2456 quasdam
1100 2421 1261 2454 ineptasque
1287 2423 1312 2447 et
1327 2420 1494 2454 incongruus
1510 2421 1738 2448 contumeliarum

950 2472 977 2495 et
989 2467 1178 2494 conviciorum
1187 2465 1309 2498 oetadas,
1323 2470 1379 2492 tum
1391 2466 1499 2494 demum
1513 2467 1545 2494 ad
1559 2468 1738 2503 colophonem

952 2512 1218 2547 argumentationum
1238 2511 1348 2544 transit,
1369 2515 1396 2538 et
1418 2511 1510 2538 relicta
1532 2513 1739 2540 ratiocinatione

951 2561 1061 2586 carente
1083 2552 1212 2585 vanitatis
1232 2557 1412 2592 expositione,
1437 2550 1543 2584 rursus,
1558 2558 1661 2586 aculeis
1681 2559 1738 2585 dia-

951 2603 1053 2630 lecticae
1085 2610 1211 2630 sermone
1237 2606 1353 2636 armato,
1384 2603 1560 2638 syllogisticc,
1592 2607 1622 2630 ut
1651 2608 1738 2639 putat,

952 2654 1049 2678 contra
1066 2659 1116 2678 nos
1131 2650 1181 2677 hoc
1195 2649 1343 2677 absurdum
1361 2650 1510 2684 praestruit.

985 2742 1031 2770 Sic
1049 2743 1121 2770 enim
1141 2742 1222 2770 habet
1239 2741 1320 2769 dictio
1338 2750 1344 2767 :
1360 2740 1426 2768 Cum
1443 2741 1527 2768 omnis
1541 2741 1672 2776 generatio
1687 2748 1739 2767 mm

953 2788 1110 2816 extendatur
1125 2788 1152 2815 in
1167 2787 1312 2819 inﬁnitum,
1338 2786 1383 2814 sed
1399 2787 1427 2814 in
1443 2786 1555 2822 aliquem
1573 2787 1650 2820 finem
1667 2785 1738 2813 desi-

1522 2833 1561 2862 ‘23
