1970 3076
101 117 147 146 813

650 111 788 145 CONTRA
809 117 1002 151 EUNOMIUM,
1025 119 1088 145 LlB.
1104 118 1147 145 IX.

1661 112 1711 140 Si!

101 173 188 203 νωνίαν
214 170 284 206 ἔχειν
303 171 362 198 τινὰ
378 172 463 199 ταῦτα
482 173 548 208 πρὸς
571 174 620 209 τὴν
641 175 801 210 προαιώνιον
824 175 871 202 τοῦ

934 184 984 203 .ur.
995 175 1058 203 Illac
1070 175 1160 202 omnia
1170 173 1301 209 principia
1309 178 1335 200 et
1347 172 1415 199 lines
1427 171 1469 199 his
1478 178 1537 206 quae
1546 169 1613 197 ﬁunt
1624 170 1714 197 deter-

94 217 250 257 ⁵μονογενοῦς
270 217 338 244 Θεοῦ
355 217 481 253 ὕπαρξιν.
501 220 581 246 Ὥστε
597 219 642 247 διὰ
664 220 719 248 τῶν
734 218 785 248 ὦδε
805 221 871 248 θεω-

103 264 238 303 ρουμένων,
254 263 341 299 ἀρχήν
356 272 416 290 τινα
437 264 483 290 καὶ
498 264 574 297 τέλος
590 266 636 293 ἐπὶ
654 267 704 302 τῆς
723 268 873 302 γεννήσεως

101 309 197 343 ἐκείνης
213 307 430 342 ἀναλογίζεσθαι.

130 399 232 427 Τούτων
245 398 291 427 οὗν
308 400 374 435 ἡμῖν
388 399 459 427 οὕτω
473 400 654 437 διῃρημένων,
671 401 749 428 πάλιν
772 402 816 428 τὸν
831 402 874 428 λό-

100 455 140 482 γον
153 445 203 472 τῶν
216 445 343 472 ἐναντίων
354 447 573 482 κατανοήσωμεν.
584 447 687 482 Πάσης,
697 448 771 482 φησὶ,
781 449 875 484 γεννή-

100 501 162 524 σεως
176 492 224 518 οὐκ
235 492 278 518 ἐπ’
289 493 401 527 ἄπειρον
419 493 618 528 ὲκτεινομένης,
629 493 686 520 ἀλλ’
706 493 747 525 εἴς
760 502 787 520 τι
799 494 875 525 τέλος

100 536 308 572 καταληγούσης.
328 537 437 573 Ἐπειδὴ
463 538 551 565 τοίνυν
572 538 695 574 νενόηται
706 538 737 565 τὸ
750 538 800 574 τῆς
815 547 877 573 γεν-

99 585 193 619 νήσεως
217 582 424 618 σημαινόμενον,
438 583 498 610 καθ’
518 583 792 619 ἐκατέρανέννσιαν,
821 586 876 612 εἴτε

98 629 141 665 τὴν
151 628 299 663 ἀποκύησιν
309 629 362 655 τῶν
376 629 547 664 σωματικῶν,
563 631 619 658 εἴτε
646 629 696 665 τὴν
707 631 877 665 κατασκευὴν

99 675 177 702 ἐθέλοι
191 674 245 701 τῶν
258 675 414 708 κτισμάτων
425 674 463 710 τῷ
473 675 586 710 τοιούτῳ
596 674 736 711 σημαίνειν
748 675 859 710 ὀνόματι
869 683 876 691 ·

98 719 132 749 ὧν
149 720 286 755 οὐδέτερον
307 721 353 746 ἐπὶ
373 721 422 755 τῆς
438 721 578 756 ἀκηράτου
593 721 699 756 φύσεως
719 721 768 758 τὴν
783 730 878 748 κοινω-

99 767 151 794 νίαν
164 766 229 801 ἔχει,
241 766 368 802 ἀλλοτρία
379 766 510 793 δέδεικται
525 766 572 793 τοῦ
588 766 767 803 προκειμένου
780 767 797 802 ἡ
811 766 878 802 πρό-

99 819 181 843 τασις·
197 811 228 837 οὐ
241 810 294 846 γὰρ
305 811 398 846 ἐπειδὴ
421 811 496 838 πᾶσα
518 812 624 847 ποίησίς
640 820 669 838 τε
691 812 737 838 καὶ
754 812 878 848 γέννησις

99 857 134 888 et;
142 864 166 882 τι
178 856 325 891 καταλήγει
344 857 441 892 πέρας,
454 857 559 892 ἀνάγκη
577 858 662 889 πᾶσα,
674 857 764 888 καθὼς
778 858 879 888 ἐκεῖνος

100 900 303 932 κατασκευάζει,
312 902 358 927 καὶ
369 902 430 933 τοὺς
446 902 682 936 παραδεξαμένους
694 901 740 929 τοῦ
756 901 820 928 Υίοῦ
832 903 880 937 τὴν

99 947 229 981 γέννησιν,
244 946 346 977 διπλοῖς
361 946 444 982 αὐτὴν
464 947 562 982 πέρασι
588 947 777 982 περιγράφειν,
794 947 881 982 ἀρχὴν

100 992 143 1019 καὶ
157 992 232 1023 τέλος
240 993 283 1018 ἐπ’
295 993 379 1028 αὐτῆς
390 993 554 1025 ἐννοοῦντας.
567 993 642 1020 Μὸνα
654 993 708 1029 γὰρ
721 993 754 1020 τὰ
769 993 882 1028 πηλικό-

99 1046 155 1073 τητι
169 1038 349 1074 γεγραμμένα
360 1039 423 1070 τινὶ,
441 1040 487 1066 καὶ
500 1039 610 1074 ἄρχεται
625 1040 763 1074 γινόμενα,
779 1039 826 1065 καὶ
842 1040 881 1070 εἰς

100 1084 179 1119 πέρας
193 1084 280 1119 λήγει.
295 1085 349 1111 Καὶ
367 1085 397 1111 τὸ
411 1086 442 1111 ἐκ
459 1085 505 1111 τοῦ
519 1085 614 1120 χρόνου
637 1085 734 1120 μέτρον
749 1085 788 1120 τῷ
806 1084 881 1119 ποσῴ

99 1129 142 1156 τοῦ
154 1129 323 1164 γεννωμένου
336 1130 573 1165 παρατεινόμενον,
589 1130 637 1166 τὴν
649 1130 736 1166 ἀρχὴν
750 1130 824 1165 παρὰ
834 1129 880 1156 τοῦ

99 1174 186 1206 τέλους
199 1175 315 1209 διῖστησι
332 1175 370 1210 τῷ
388 1176 487 1211 μεταξὺ
499 1177 672 1212 διαστήματι.
688 1176 724 1202 Τὸ
740 1176 767 1202 δὲ
782 1176 881 1202 ἄποσον

100 1221 143 1247 καὶ
153 1221 322 1253 ἀδιάστατον,
332 1221 389 1253 πῶς
396 1222 429 1248 ἄν
437 1231 478 1254 τις
486 1222 502 1258 ἢ
512 1222 692 1258 μετρήσειενῆ
702 1222 880 1255 διαστήσειενς

100 1267 174 1294 Ποῖον
189 1267 236 1293 ἐπὶ
249 1267 296 1293 τοῦ
311 1267 413 1294 ἅπόσου
433 1268 531 1305 μέτρον
544 1268 666 1303 εὑρὼν,ἢ
680 1270 753 1294 ποῖον
771 1268 816 1293 ἐπὶ
834 1266 880 1293 τοῦ

99 1312 254 1339 ἀδιαστάτου
261 1312 394 1348 διάστημα
403 1322 409 1346 ;
419 1314 481 1345 Πῶς
491 1313 520 1340 δέ
531 1322 571 1345 τις
581 1314 610 1340 τὸ
620 1314 744 1348 ἀόριστον
756 1312 825 1339 τέλει
836 1313 882 1338 καὶ

99 1359 164 1393 ἀρχῇ
178 1358 356 1393 διαλήψεται;
379 1360 461 1395 Ἀρχὴ
477 1359 531 1394 γὰρ
548 1360 594 1386 καὶ
608 1360 692 1390 τέλος,
705 1360 758 1385 τῶν
773 1358 882 1393 διαστη-

100 1404 220 1438 ματικῶν
234 1405 358 1439 περάτων
367 1405 625 1441 (ιι).Δάστέ.σΞωςδὲ
634 1404 670 1440 μὴ
678 1403 772 1439 οΰσης,
781 1403 840 1430 οὐδὲ
853 1403 882 1430 τὸ

100 1449 181 1484 πέρας
210 1449 299 1476 ἐστίν’
313 1450 382 1476 ἀλλὰ
412 1449 464 1485 μὴν
478 1449 635 1481 ἁδιάστατος
658 1451 674 1484 ἡ
698 1449 756 1476 θεία
784 1449 881 1484 φύσις·

924 222 1039 252 minant,
1049 221 1194 255 nullusque
1207 219 1315 251 dixerit,
1328 219 1385 246 haec
1397 218 1516 252 aliquam
1527 217 1627 244 habere
1639 223 1715 244 com—

924 267 1080 294 munionem
1102 274 1166 293 cum
1186 269 1348 292 antecetcrna
1369 263 1506 299 linigeniti
1524 262 1714 290 subsistentia.

924 312 962 339 ita
975 318 1002 339 ut
1011 320 1058 346 per
1076 312 1198 345 haecqua:
1207 311 1247 338 sic
1260 314 1418 346 spectantur
1432 309 1595 344 principium
1606 309 1716 343 aliquod

925 362 951 384 et
965 357 1043 384 linem
1058 356 1084 384 in
1100 357 1143 384 illa
1156 356 1331 391 generatione
1344 358 1468 389 oporteat
1481 354 1572 380 animo
1584 352 1715 387 cogitare.

960 406 1009 434 llis
1022 407 1104 441 igitur
1121 414 1135 432 a
1149 405 1230 432 nobis
1243 404 1283 431 sic
1298 403 1446 434 distinctis,
1466 411 1563 430 rursus
1583 402 1699 430 refracta
1709 417 1715 422 -

925 453 1028 480 riorum
1042 458 1196 479 sermonem
1214 449 1394 484 pensitcmus.
1412 447 1478 474 Cum
1496 447 1596 478 omnis,
1614 447 1714 481 inquit.

925 498 1065 534 generatio
1081 503 1134 523 non
1154 495 1180 522 in
1198 494 1333 522 inﬁnitum
1357 492 1540 523 extendatur,-
1557 493 1605 520 sed
1624 493 1650 519 in
1666 493 1715 518 ali-

927 550 1007 578 quem
1034 543 1113 570 ﬁncin
1135 540 1251 568 desinat.
1269 539 1403 572 Quoniam
1429 538 1510 573 igitur
1531 538 1714 573 generationis

927 588 1109 624 signiﬁcatum
1127 587 1153 614 in
1170 591 1286 621 utroque
1300 593 1383 613 sensu
1397 584 1565 611 intellectum
1585 590 1636 616 est,
1659 586 1716 611 sire

927 634 1112 669 corporalium
1128 636 1302 668 conceptum,
1319 631 1376 659 sive
1387 637 1483 658 eorum
1496 638 1556 665 qure
1567 635 1624 658 arte
1638 632 1714 660 Iiunt,

928 679 991 706 velit
1018 679 1070 706 hoc
1086 678 1133 705 tali
1158 678 1268 705 nomine
1293 676 1527 704 constructionem
1546 675 1714 710 signiﬁcare:

928 731 1044 759 quorum
1062 726 1189 751 neutrum
1213 723 1240 749 in
1259 721 1404 749 immortali
1421 725 1518 748 natura
1542 721 1718 748 communio-

930 776 990 796 nem
1004 768 1094 800 habet,
1111 768 1198 794 aliena
1215 774 1328 802 prorsus
1343 774 1358 792 a
1374 766 1500 801 subjecto
1515 764 1666 800 propositio
1676 769 1718 790 est

930 816 1130 843 demonstrata:
1151 821 1204 841 non
1220 813 1291 840 enim
1307 813 1438 848 quoniam
1459 812 1550 839 omnis
1567 811 1674 838 eﬂ‘ectio
1692 816 1720 836 et

931 861 1069 897 generatio
1093 861 1119 887 in
1137 860 1255 895 aliquem
1271 859 1400 886 desinunt
1421 858 1579 889 terminum,
1607 856 1719 884 omnino

931 915 1041 936 necesse
1051 911 1103 939 est,
1116 906 1185 934 sicut
1199 906 1244 932 illc
1255 905 1402 940 praestruit,
1415 908 1442 932 et
1454 911 1501 930 eos
1513 903 1558 938 qui
1572 902 1633 929 Filii
1643 911 1719 937 gene-

930 953 1064 979 rationem
1081 951 1277 986 approbarunt.
1295 950 1402 976 duobus
1420 949 1506 983 ipsam
1525 948 1651 974 terminis
1665 947 1720 973 cir-

931 998 1125 1030 cumscribere,
1146 997 1310 1032 principium
1328 1001 1353 1023 et
1372 995 1451 1023 ﬁnem
1465 998 1556 1022 mente
1564 995 1720 1029 concipien-

931 1047 982 1070 tes.
1003 1043 1040 1070 Ea
1065 1043 1138 1070 enim
1163 1042 1221 1069 sola
1238 1049 1298 1076 qua:
1313 1041 1465 1076 quantitate
1486 1040 1577 1074 aliqua
1602 1040 1720 1066 circum-

932 1089 1101 1120 scribuntur,
1118 1092 1145 1115 et
1161 1088 1296 1122 incipiunt
1313 1087 1382 1118 ﬁeri,
1397 1091 1424 1114 et
1442 1087 1468 1113 iu
1485 1086 1632 1113 terminum
1647 1085 1721 1112 desi-

932 1138 1009 1161 Hllﬂl.
1024 1134 1055 1160 ΕΙ.
1068 1142 1127 1168 qua:
1138 1139 1258 1168 tempore
1271 1138 1378 1160 COIISlal
1388 1140 1526 1164 mensura,
1540 1132 1605 1158 dum
1618 1136 1721 1166 quanto

932 1180 992 1213 ejus
1019 1179 1091 1214 quod
1128 1183 1284 1214 generatur,
1314 1178 1482 1209 extenditur,
1512 1178 1721 1212 principium-tt

934 1225 986 1252 ﬁne
1006 1225 1169 1252 iutermedio
1192 1225 1336 1251 intervallo
1356 1224 1510 1258 distinguit.
1531 1224 1608 1256 Quod
1628 1228 1719 1250 autem

933 1271 1093 1306 quantitatis
1117 1274 1159 1298 est
1184 1277 1294 1305 expers,
1316 1274 1342 1297 et
1359 1270 1530 1297 dimensione
1551 1273 1637 1300 caret,
1653 1277 1722 1304 quo-

933 1317 1012 1344 modo
1034 1317 1095 1351 quis
1120 1316 1161 1344 vel
1179 1316 1303 1343 metielur
1323 1316 1364 1343 vel
1378 1315 1546 1350 distinguet?
1568 1315 1720 1348 Quamnam

933 1362 959 1390 in
977 1370 1030 1390 non
1048 1366 1151 1397 quanto
1170 1369 1336 1394 mensuram,
1355 1362 1397 1389 vel
1411 1362 1549 1396 quodnam
1563 1361 1590 1388 in
1604 1369 1637 1388 eo
1649 1361 1721 1396 quod

933 1407 1033 1433 nullam
1051 1407 1130 1433 habet
1150 1406 1357 1437 dimensionem,
1372 1407 1551 1434 intervallum
1567 1405 1722 1433 invenerit?

933 1451 1074 1484 Quomodo
1088 1451 1159 1486 quod
1177 1451 1311 1478 inlinittun
1330 1455 1382 1483 est,
1402 1451 1455 1478 line
1471 1455 1497 1478 et
1514 1451 1651 1485 principio
1666 1451 1708 1477 dis

99 1495 256 1527 ἁδιάστατος
266 1495 294 1522 δὲ
309 1493 386 1528 οὖσα,
399 1495 483 1530 πέρας
499 1496 548 1522 οὐκ
562 1495 627 1530 ἔχει.
645 1495 681 1522 Τὸ
696 1495 723 1522 δὲ
737 1495 880 1530 ἀπεράτω-

935 1497 1046 1531 pcscct?
1068 1495 1134 1523 Nam
1159 1497 1322 1532 principium
1338 1500 1364 1522 et
1388 1496 1449 1523 linis
1486 1500 1550 1524 sunt
1573 1497 1607 1523 de
1622 1503 1723 1529 genere

97 1549 150 1572 τον,
167 1541 283 1576 ἄπειρον
307 1542 364 1568 ἐστι
386 1551 416 1568 τε
440 1542 484 1568 καὶ
512 1541 763 1576 λέγεται.Μᾱιταιον
782 1542 837 1577 ἄρα
854 1541 884 1567 τὸ

98 1587 207 1622 ἄπειρον
223 1589 293 1623 ἀρχῇ
307 1588 353 1614 καὶ
365 1588 475 1623 τελευτῇ
490 1588 670 1623 περιγράφειν
681 1595 688 1602 ⁸
701 1588 736 1617 τὸ,
744 1588 798 1623 γὰρ
810 1597 886 1623 περι-

97 1633 287 1668 γεγραμμένον
307 1633 418 1668 ἄπειρον
439 1631 508 1660 εἶναι
526 1634 556 1660 οὺ
577 1633 698 1660 δύναται.
711 1633 794 1660 Πόθεν
808 1631 855 1660 οὖν
872 1634 885 1659 ὁ

97 1678 268 1710 Πλατωνικὸς
282 1675 358 1711 οὗτος
372 1679 484 1713 Φαῖδρος
509 1679 542 1705 τὰ
557 1680 620 1714 περὶ
641 1679 728 1714 ψυχῆς
738 1680 796 1706 ἐκεῖ
812 1679 886 1714 φιλο-

98 1723 248 1759 σοφηθέντα
258 1724 296 1759 τῷ
310 1725 431 1751 Πλάτωνι
445 1726 500 1756 τοῖς
525 1725 598 1756 ἰδίοις
613 1724 743 1760 δόγμασιν
764 1725 884 1760 ἀσυναρ-

96 1771 182 1805 τήτως
197 1770 347 1805 ἐκράπτει;
370 1771 412 1802 Ὠς
427 1770 481 1805 γὰρ
497 1771 599 1802 ἐκεῖνος
620 1770 678 1797 ἐκεῖ
701 1770 809 1797 παῦσαν
824 1769 885 1796 εἷπε

97 1817 239 1852 κινήσεως,
257 1815 327 1842 οὕτω
351 1815 458 1842 παῦσαν
478 1815 524 1842 καὶ
539 1811 615 1847 οὗτος
631 1816 782 1850 γεννήσεως
799 1816 885 1842 εἰπεῖν

96 1861 281 1897 ἐπεθύμησεν,
297 1862 333 1893 ὡς
344 1862 376 1888 ἂν
393 1862 454 1893 τοὺς
476 1861 605 1896 ἀπείρους
620 1861 721 1887 τούτων
733 1862 792 1893 ταῖς
813 1861 885 1888 Πλα-

96 1910 225 1940 τωνικαῖς
239 1908 432 1942 καλλιφωνίαις
453 1908 688 1943 περιϐομϐήσειεν.
706 1909 761 1935 Καὶ
782 1907 886 1939 τούτοις

95 1954 221 1981 ἀπιστεῖν
242 1955 292 1981 οὐκ
311 1954 368 1980 ἔστι
381 1975 387 1984 ,
406 1954 497 1988 φησὶν,
515 1953 547 1979 ἐκ
562 1962 592 1979 τε
604 1953 653 1987 τῆς
669 1953 776 1987 φύσεως
789 1953 883 1988 αὐτῆς,

96 2000 135 2027 ἔτι
149 2001 178 2027 δὲ
193 2001 241 2027 καὶ
254 2000 308 2026 τῶν
324 1999 402 2026 θείων
415 2000 563 2034 ὀνομάτων.
583 1999 650 2025 Ἀλλ’
664 2000 680 2034 ἡ
693 1999 743 2034 μὲν
756 1999 837 2033 φύσις
854 1999 886 2025 ὲκ

95 2047 148 2073 τῶν
169 2047 325 2083 εἰρημένων
341 2047 390 2072 οὐκ
415 2046 568 2078 ἀξιόπιστος
583 2047 622 2076 εἰς
641 2044 814 2071 διδασκαλίαν
836 2045 886 2079 τῆς

95 2093 171 2123 θείας
187 2093 342 2127 γεννήσεως
367 2093 432 2127 ἡμῖν
454 2091 636 2125 ἀναπέφηνεν.
662 2089 729 2117 Οὐδὲ
749 2091 772 2116 εἰ
785 2089 830 2116 τὸν
843 2089 886 2116 κά-

96 2145 164 2171 σμον
180 2145 225 2168 τις
240 2136 321 2164 αὐτὸν
337 2137 376 2167 εἰς
394 2136 543 2170 ὑπόδειγμα
564 2135 640 2171 φέρει
653 2135 699 2161 τοῦ
713 2135 790 2168 λόγου
800 2143 806 2149 -
826 2135 886 2160 ἐπεὶ

95 2183 141 2208 καὶ
154 2184 186 2217 τῇ
203 2182 299 2208 τούτου
314 2182 400 2208 κτίσει
413 2180 503 2212 καθὼς
519 2181 548 2207 ἐν
563 2182 595 2216 τῇ
611 2181 796 2216 Κοσμογενείᾳ
811 2181 886 2215 παρὰ

93 2227 140 2254 τοῦ
162 2228 288 2259 Μωσέως
308 2227 454 2262 ἐμάθομεν,
470 2226 617 2262 συνδιεξῄει
632 2227 662 2252 τὸ
678 2228 710 2253 ἐκ
725 2226 771 2252 τοῦ
791 2226 886 2261 χρόνου

95 2273 207 2310 μέτρον,
236 2275 329 2309 ῥηταῖς
346 2274 462 2309 ἡμέραις
484 2282 514 2299 τε
541 2274 587 2299 καὶ
609 2272 682 2305 νυξὶν
703 2272 809 2307 ἑκάστῳ
834 2272 887 2298 τῶν

94 2321 248 2355 γινομένων
271 2320 340 2346 κατά
352 2328 413 2346 τινα
431 2320 507 2351 τάξιν
522 2319 569 2345 καὶ
588 2317 748 2345 ἀκολουθίαν
761 2326 888 2353 παραμεο

93 2367 256 2402 τρούμενον.
274 2367 360 2401 Ὅπερ
376 2367 421 2393 ἐπὶ
439 2366 488 2401 τῆς
510 2365 555 2392 τοῦ
577 2364 745 2398 Μονογενοῦς
772 2364 890 2391 ὑποστά-

94 2419 166 2443 σεως
193 2412 256 2438 οὐδὲ
283 2411 364 2443 αὐτὸς
384 2412 399 2438 ὁ
420 2410 474 2437 τῶν
500 2410 629 2436 ἐναντίων
654 2409 760 2444 δέχεται
786 2409 863 2444 λόγος
879 2417 885 2424 ·

92 2457 238 2492 ὁμολογῶν
259 2457 311 2492 πρὸ
343 2457 445 2492 χρόνων
472 2455 586 2482 αίωνίων
608 2453 676 2481 εἶναι
699 2455 745 2481 τὸν
773 2454 885 2490 Κύριον.

936 1542 1113 1569 terminorum
1129 1550 1189 1577 qua
1205 1542 1356 1569 intervallis
1371 1541 1588 1578 distinguuntur.
1608 1542 1660 1570 Ubi
1673 1551 1723 1570 au-

936 1592 989 1615 tem
1006 1588 1078 1615 nulla
1091 1592 1133 1615 est
1150 1588 1292 1621 dimensio,
1303 1595 1398 1622 neque
1416 1589 1548 1616 terminus
1575 1594 1633 1618 est:
1649 1590 1725 1624 alqui

935 1634 1025 1661 divina
1044 1639 1140 1661 natura
1156 1639 1229 1661 caret
1244 1634 1423 1661 dimensione.
1440 1634 1507 1661 Cum
1524 1639 1614 1662 autent
1630 1635 1665 1662 sil
1683 1636 1725 1661 iu-

936 1679 1080 1707 terminata
1097 1683 1124 1706 et
1137 1679 1316 1706 dimensionis
1335 1687 1443 1714 expers,
1465 1675 1615 1706 ﬁnem'non
1630 1680 1722 1707 habet.

937 1725 1014 1758 Quod
1030 1726 1103 1753 enim
1120 1726 1322 1752 intcrminatum
1336 1729 1386 1754 cst.
1403 1725 1538 1752 inﬁnitmn
1557 1730 1599 1753 est
1614 1731 1641 1752 et
1657 1725 1726 1752 dici-

937 1776 991 1799 tur.
1007 1770 1113 1798 Vanum
1130 1775 1171 1799 est
1185 1771 1268 1806 igitur
1283 1771 1417 1805 principio
1430 1776 1457 1798 et
1472 1772 1523 1798 line
1541 1771 1615 1805 quod
1633 1771 1725 1798 inlini-

937 1822 994 1844 tum
1019 1821 1061 1844 est
1079 1817 1315 1844 circumscribere.
1340 1815 1418 1849 Quod
1444 1817 1518 1844 enim
1546 1818 1725 1845 circumscri-

936 1866 1012 1898 ptum
1035 1865 1086 1894 est,
1114 1862 1249 1889 inﬁnitum
1269 1870 1328 1889 csse
1345 1870 1399 1889 non
1420 1866 1520 1896 potest.
1545 1862 1621 1889 Unde
1640 1864 1723 1897 igitur

936 1906 981 1934 hic
995 1905 1124 1933 Phaedrus
1142 1905 1310 1937 Platonicus.
1327 1914 1387 1941 qua:
1401 1906 1434 1934 de
1450 1907 1541 1934 animo
1563 1907 1619 1934 illic
1636 1908 1724 1942 philo-

936 1952 1049 1987 sophice
1064 1954 1179 1979 tractata
1194 1956 1257 1980 sunt
1269 1960 1283 1978 a
1295 1952 1417 1985 Platone,
1435 1953 1493 1980 suis
1506 1953 1623 1980 decretis
1635 1954 1726 1987 inepte

935 2003 961 2026 et
978 1999 1188 2032 incongrucnler
1203 1998 1312 2024 assuit?
1330 2002 1358 2024 ut
1373 1998 1444 2026 enim
1461 1998 1507 2025 ille
1517 1999 1646 2026 motionis
1663 2007 1726 2034 pau-

937 2051 1006 2074 sam,
1026 2042 1052 2069 id
1064 2046 1116 2075 est,
1130 2042 1248 2076 quietem
1264 2042 1319 2069 illic
1333 2042 1412 2074 dixit,
1427 2043 1467 2069 sic
1481 2042 1562 2069 etiam
1578 2042 1628 2070 iste
1643 2051 1725 2077 gelic-

936 2089 1053 2117 rationis
1079 2089 1198 2123 requiem
1217 2089 1274 2116 sive
1301 2088 1380 2116 linem
1399 2088 1489 2116 dicere
1511 2089 1678 2123 concupivit,
1696 2095 1725 2115 ut

938 2136 1034 2163 horum
1055 2134 1138 2162 rudes
1154 2138 1180 2161 et
1202 2134 1311 2168 ignaros
1326 2133 1369 2161 his
1391 2134 1560 2169 elegantibus
1578 2134 1725 2161 Platonicis

903 2176 925 2203 D
940 2181 1053 2209 vocibus
1069 2180 1242 2209 bombilaret.
1258 2181 1346 2215 Atque
1370 2181 1411 2208 his
1429 2180 1507 2208 ﬁdem
1521 2180 1651 2216 derogare
1670 2188 1725 2208 non

936 2228 1011 2260 licet,
1034 2228 1134 2262 inquit,
1150 2235 1212 2254 cum
1227 2235 1259 2254 ex
1281 2227 1339 2262 ipsa
1361 2231 1470 2257 natura,
1499 2230 1555 2254 tum
1579 2235 1610 2255 ex
1626 2227 1727 2255 divinis

936 2274 1050 2309 legibus.
1068 2273 1122 2301 Sed
1138 2277 1246 2304 natura,
1271 2281 1303 2300 ex
1322 2273 1364 2300 his
1379 2281 1439 2308 quae
1463 2273 1538 2300 dicta
1553 2277 1628 2305 sunt,
1647 2274 1725 2301 testis

938 2326 990 2345 non
1005 2318 1056 2346 ﬁde
1070 2318 1152 2352 digna
1167 2318 1199 2345 ad
1218 2318 1317 2346 divina:
1333 2322 1437 2346 natura:
1449 2318 1600 2345 doctrinam
1616 2326 1630 2345 ιι
1646 2319 1725 2346 nobis

938 2363 1125 2390 demonstrata
1151 2367 1204 2390 est.
1220 2363 1315 2397 Neque
1339 2363 1362 2390 si
1389 2363 1449 2397 quis
1476 2356 1608 2390 mundum
1635 2364 1726 2398 ipsum

940 2409 1033 2436 alferat
1059 2409 1264 2443 inexemplum
1281 2409 1378 2436 horum
1403 2409 1437 2436 de
1451 2409 1550 2444 quibus
1565 2413 1606 2436 est
1624 2417 1724 2439 sermo,

939 2456 1069 2490 quoniam
1085 2463 1146 2482 cum
1163 2455 1244 2489 hujus
1259 2455 1407 2488 creatione,
1426 2455 1497 2482 sicut
1511 2455 1538 2481 in
1556 2455 1626 2482 libro
1639 2455 1726 2482 Gene-

93 2513 158 2534 seos
180 2514 197 2533 a
220 2505 295 2533 Mose
313 2504 468 2536 didicimus,
491 2504 622 2538 temporis
649 2510 776 2530 mensura
792 2502 872 2530 simul
885 2503 1005 2530 excurrit
1023 2503 1105 2530 dictis
1119 2503 1215 2530 diebus
1231 2506 1258 2530 et
1275 2502 1404 2530 noctibus
1432 2503 1532 2537 cuique
1552 2503 1723 2529 nascentium

93 2553 255 2585 attributis,
286 2552 403 2587 quodam
430 2551 527 2578 ordine
551 2554 578 2578 et
600 2549 796 2584 consequentia
824 2549 982 2576 distributa.
1007 2549 1086 2583 Quod
1110 2549 1137 2576 in
1153 2549 1291 2584 linigenili
1323 2548 1513 2580 subsistentia,
1543 2556 1631 2583 neque
1666 2548 1724 2582 ipse

95 2597 325 2625 adversariorum
346 2596 464 2624 admittit
481 2603 592 2623 sermo:
610 2595 743 2622 conﬁtens
760 2598 822 2621 ante
839 2598 962 2629 tempora
976 2594 1119 2624 saecularia
1135 2594 1279 2621 Dominum
1296 2602 1365 2621 esse.

136 2665 303 2693 Ὑπόλοιπον
320 2664 342 2690 δ’
353 2664 386 2691 ἂν
396 2665 439 2698 εἴη
450 2663 500 2699 τὴν
516 2665 548 2690 ὲκ
563 2662 617 2689 τῶν
632 2662 710 2688 θείων
726 2661 814 2696 νόμων
830 2669 889 2687 συν-

92 2712 216 2748 ηγορίαν
241 2710 287 2738 τοῦ
308 2709 488 2746 προκειμένου
504 2709 679 2743 κατανοῆσαι,
694 2707 726 2734 δι’
746 2705 780 2743 ἦς
804 2707 889 2740 ἑπαγ-

93 2758 227 2793 γέλλεται
237 2757 284 2784 καὶ
294 2757 368 2788 τέλος
379 2755 425 2783 καὶ
433 2756 520 2791 ἀρχὴν
530 2756 579 2790 τῆς
591 2754 638 2781 τοῦ
649 2754 714 2780 Υίοῦ
726 2753 886 2788 γεννήσεως.

98 2804 231 2839 Ἠμέραν
241 2803 281 2837 τῷ
294 2803 373 2831 τέλει
386 2802 440 2837 τῆς
452 2802 642 2836 δημιουργίας
660 2800 826 2833 ἐναπέθετο,
840 2800 888 2826 καί

977 2663 1073 2691 Restat
1098 2666 1127 2689 ut
1150 2661 1330 2698 patrocinium
1348 2660 1418 2695 quod
1441 2668 1472 2687 cx
1495 2660 1595 2688 divinis
1619 2661 1724 2696 legibus

941 2708 975 2736 ad
1000 2708 1188 2743 probationem
1204 2708 1244 2735 rei
1268 2706 1413 2742 proposita:
1437 2704 1573 2732 adducere
1597 2712 1722 2739 conatur,

940 2755 1147 2789 diguoscamus,
1162 2761 1217 2788 quo
1232 2752 1373 2788 pollicetur
1384 2755 1410 2777 et
1426 2750 1504 2776 ﬁnem
1521 2755 1546 2777 et
1562 2751 1722 2786 principium

941 2800 1002 2827 Filii
1018 2799 1200 2835 generationis
1213 2798 1406 2826 demonstrare.
1425 2795 1506 2826 Diem,
1523 2794 1620 2831 inquit,
1639 2799 1722 2832 operi:

133 2850 177 2884 (a)
203 2850 293 2877 Ἐστὶν
310 2850 440 2886 ὀνόματα.
466 2851 511 2880 Sic
527 2852 663 2881 defectum
681 2850 788 2887 supplet
816 2849 882 2879 code

934 2849 1037 2890 toicusa
