1923 3071
257 116 308 145 8ίῦ

901 119 930 148 S.
949 119 1114 149 GREGORII
1135 119 1282 148 NYSSENI
1829 119 1869 147 816

255 177 297 205 ,ςιιὶ
311 176 528 204 consummationi
549 176 678 210 deposuit,
702 181 730 203 ut
750 180 816 204 esset
832 178 956 212 principii
971 179 1028 214 ﬁdei

1089 179 1142 213 τῆς
1157 180 1253 214 ἀρχῆς
1276 179 1333 213 τὴν
1346 179 1458 206 πίστιν.
1478 179 1518 206 οὐ
1535 179 1588 214 γὰρ
1608 178 1666 212 τὴν
1687 178 1807 212 ,πρώτην
1823 177 1869 211 τῆς

255 227 279 248 et
288 221 482 248 documentum.
493 220 554 247 Non
567 221 635 248 enim
644 222 759 255 primunt
768 224 946 260 generationis
957 224 1037 256 diem,

255 266 299 294 sed
314 268 461 300 septimum,
485 267 512 293 in
527 274 577 301 quo
597 266 628 292 ab
644 267 764 301 operibus
779 269 886 303 quievit,
902 271 929 297 in
942 278 1032 297 memo-

254 312 321 339 riam
338 313 429 339 mundi
442 313 582 340 creationis
595 313 676 342 dedit.
697 314 738 341 An
752 315 850 350 aliquis
863 316 1039 350 persuadebi-

252 362 296 387 tur
305 359 340 386 ab
351 359 397 386 illo
409 359 466 386 haec
478 360 579 395 scripta
590 367 661 393 esse,
671 364 698 387 et
711 368 765 388 non
776 369 791 388 a
802 362 880 389 nobis
895 361 921 388 in
933 362 1038 388 calum-

250 405 323 431 niam
339 405 434 440 scripti
450 405 610 440 interposita
625 413 686 433 esse
700 406 744 432 illa
761 406 842 439 dicta,
859 410 888 434 ut
901 406 1039 434 videretur

251 450 382 478 ridiculus
397 451 560 483 lectoribus.
582 452 645 479 dum
665 459 726 486 qua:
740 453 842 480 nullam
857 453 958 480 habent
968 460 1039 480 com-

250 495 418 527 munionem,
437 503 499 523 cum
516 496 558 523 his
575 503 635 530 quae
651 496 679 523 in
699 497 876 531 quaestionem
892 503 1035 530 vocantur,

250 540 282 566 ad
299 541 558 568 demonstrationem
583 541 733 575 pertrahit?
746 541 852 570 Etenim
867 543 940 578 quod
963 551 1037 578 qua:-

248 584 360 611 rebatur
376 584 428 612 hoc
439 590 508 618 erat,
523 589 552 612 ut
563 593 660 621 nempe
676 585 876 614 demonstraret
891 588 962 615 sicut
979 589 1036 624 ipse

249 630 390 665 professus
411 631 508 664 fuerat,
524 631 621 659 Filium
646 639 708 659 eum
730 639 784 660 non
806 637 889 664 esset,
915 634 1035 668 genitum

247 685 318 710 esse,
330 678 378 705 sed
390 678 571 713 generationis
581 679 746 714 principium
753 679 901 714 accepisse,
910 683 936 707 et
947 687 1034 707 cessa-

249 723 332 750 tionis
348 731 410 751 cum
430 724 539 758 genitus
554 728 608 756 est,
634 724 717 752 veluti
742 725 858 759 quodam
883 729 961 759 partu
988 723 1034 759 qui

248 769 449 804 generationem
476 774 595 805 tempore
611 769 762 805 protrahat.
779 770 819 797 Ad
842 769 868 796 id
884 777 948 797 vero
972 776 1035 804 pro-

248 814 366 842 bandum
383 815 445 843 talis
464 819 505 843 est
529 815 589 850 ejus
613 815 943 850 praestructiozpopulum
960 814 1035 842 vide-

1091 224 1260 259 γεννήσεως
1271 224 1394 258 ἡμέραν,
1408 223 1488 250 ἀλλὰ
1500 223 1558 257 τὴν
1576 223 1706 258 ἑϐδόμην
1716 224 1752 250 ἐν
1764 219 1784 258 ᾖ
1796 229 1869 249 κατε-

1090 277 1208 296 παυσεν
1229 269 1287 297 ἀπὸ
1312 268 1372 295 τῶν
1390 269 1500 303 ἔργων,
1514 269 1606 295 ἔδωκε
1626 269 1684 303 τὴν
1708 269 1869 303 ὑπόμνησιν

1089 314 1143 349 τῆς
1159 315 1360 350 δημιουργίας.
1378 315 1453 351 ’Ἀρά
1466 324 1506 347 τις
1533 315 1710 350 πεισθήσεται
1728 316 1793 350 παρ’
1807 315 1869 341 ἐκεί-

1089 369 1134 387 νου
1154 361 1240 388 ταῦτα
1262 361 1427 397 γεγράφὺαι,
1441 361 1488 388 καὶ
1508 361 1568 396 οὐχὶ
1587 361 1650 396 παρ’
1664 360 1744 395 ἡμῶν
1762 360 1807 386 ἐπὶ
1819 360 1870 386 διει-

1089 405 1153 440 δολῇ
1168 405 1214 432 τοῦ
1227 405 1441 441 συγγράμματος
1455 404 1679 441 παρεπεθεῖσθαι
1690 404 1723 431 τὰ
1734 404 1868 440 εἰρημέια,

1087 451 1125 483 ὡς
1138 451 1171 478 ἂν
1191 451 1390 485 καταγέλαστος
1407 451 1497 486 δοκοίη
1515 452 1571 482 τοῖς
1590 449 1800 485 ἐντυγχάνουσιν
1811 471 1817 482 ,
1840 451 1870 476 τὰ

1089 497 1172 533 μηδὲν
1196 497 1376 524 κοινωνοῦντα
1397 498 1453 529 τοῖς
1475 497 1650 533 ζητουμένοις
1669 497 1710 527 εἰς
1740 495 1870 527 ἀπόδειξιν

1087 542 1141 570 τῶν
1163 543 1350 578 προκειμένων
1366 541 1619 578 ἐπισυρόμενος;Τὸ
1643 542 1696 576 γὰρ
1711 540 1870 576 ζητούμενοι

1085 586 1129 624 ἦν,
1149 588 1232 621 δεῖξαι
1248 588 1338 620 καθὼς
1353 587 1533 623 ἐπηγγείλατο
1551 593 1588 622 μη
1605 587 1669 613 ὅντα
1686 589 1732 613 τὸν
1747 586 1811 612 Υἱὸν
1832 595 1870 620 γε-

1086 633 1232 668 γενῆσθαιο
1247 633 1304 659 ἀλλ’
1321 633 1407 668 ἀρχήν
1423 641 1452 658 τε
1476 631 1568 658 λαϐεῖν
1588 633 1742 665 γεννήσεως
1764 632 1811 657 καὶ
1827 631 1870 666 λή-

1086 680 1170 712 ξεως,
1185 678 1371 714 γεννώμενον,
1389 675 1444 704 οἷόν
1469 686 1541 709 τινος
1567 677 1659 708 ὠδῖνος
1682 677 1773 712 χρόνῳ
1791 686 1870 712 παρι-

1086 724 1224 759 τεινούσης
1237 724 1287 759 τὴν
1300 724 1434 758 γέννησιν.
1453 723 1484 749 Ἡ
1502 722 1530 749 δὲ
1547 724 1586 754 εἰς
1612 722 1691 749 τοῦτο
1717 723 1869 757 κατασκευὴ

1085 769 1125 801 τίς
1138 779 1145 801 ς
1162 769 1198 795 Τὸ
1210 768 1381 801 σαϐϐατίζειν
1394 769 1425 795 ὲκ
1439 767 1521 803 νόμου
1533 768 1603 794 κατὰ
1614 767 1663 803 τὴν
1678 767 1798 802 ἑϐδόμην
1807 768 1869 802 ἡμέ-

1087 824 1135 851 ραν
1148 815 1192 842 τὸν
1214 815 1347 850 Ἐϐραίων
1355 815 1429 842 λαόν.
1444 812 1479 840 Ὦ
1495 815 1564 849 πόση
1578 814 1724 848 συμφωνία
1739 814 1789 848 τῆς
1805 822 1868 848 μαρ-

247 859 310 887 licet
323 860 466 888 Hebraeum
492 868 526 888 ex
541 861 599 896 lege
613 861 728 895 septimo
747 868 856 895 quoque
874 860 917 888 die
934 860 1028 887 sabba-

1085 861 1179 897 τυρίας
1203 861 1270 896 πρὸς
1294 861 1325 887 τὸ
1349 861 1543 896 προκείμενονέ
1567 859 1675 894 Ἐπειδὴ
1698 860 1814 893 τιμᾶται
1838 859 1867 892 τῇ

246 906 341 933 tizare.
359 904 496 940 0~quanta
516 909 559 933 est
571 906 605 932 ad
627 906 652 933 id
672 906 743 940 quod
771 905 941 940 probandum
967 913 1031 940 pro-

245 951 368 986 ponitur,
394 951 548 979 testimonii
580 951 777 979 consouantial
812 951 1045 987 quandoquidem,

245 997 335 1032 quiete
345 1001 372 1024 et
385 999 440 1024 otio
451 997 598 1024 Sabbatum
614 996 731 1024 aJudaeo
742 997 904 1029 celebratur,
920 997 1032 1025 demon-

246 1046 362 1070 stratum
391 1046 446 1074 est,
475 1047 503 1069 ut
531 1043 582 1070 iste
609 1047 741 1075 autumat,
765 1041 908 1070 Dominum
930 1046 1032 1077 «partus

246 1088 411 1122 principium
431 1088 570 1120 habuisse,
599 1092 626 1116 et
655 1091 760 1123 partum
789 1088 937 1123 quievisse.
961 1087 1032 1121 Quot

245 1133 298 1161 alia
314 1133 347 1161 ad
363 1133 415 1160 hoc
439 1133 595 1161 testimonia
611 1134 674 1161 huic
698 1134 825 1169 scriptori
846 1133 1030 1169 praetermissa

244 1182 318 1210 sunt,
334 1179 419 1206 nihilo
436 1186 468 1206 eo
484 1179 554 1214 quod
567 1179 669 1206 dictum
691 1183 732 1206 est
749 1179 782 1206 ad
803 1179 908 1214 qumsiti
927 1179 1031 1206 consti-

243 1224 373 1252 tutionem
389 1223 617 1257 inieriora?Qu:e
634 1228 731 1252 octavo
751 1224 795 1252 die
815 1224 896 1252 ﬁebat
912 1226 1029 1252 cireum-

242 1270 329 1298 cisio:
350 1277 517 1306 azymorum,
534 1271 560 1298 id
580 1274 632 1303 est,
654 1270 907 1298 infermentatorum
928 1278 1028 1304 panum

241 1315 409 1348 hebdomas;
431 1315 590 1351 mysterium
613 1316 684 1350 quod
701 1315 904 1350 decimaquarta
925 1315 1028 1342 lunaris

241 1367 340 1388 cursus
357 1360 560 1388 celebrabatur:
580 1360 748 1395 purgationis
773 1360 925 1394 sacriﬁcia;
945 1361 1029 1396 lepra-

241 1413 302 1433 rum
329 1407 495 1438 observatio,
526 1406 607 1437 aries,
636 1406 748 1438 vitulus,
775 1406 903 1441 juvenea,
934 1406 1028 1433 hircus

241 1452 412 1485 emissarius,
435 1459 526 1487 caper.
543 1451 619 1484 Quod
636 1451 659 1478 si
677 1451 733 1478 haec
749 1459 764 1478 a
787 1451 926 1486 proposito
949 1451 1028 1486 longe

241 1502 345 1526 remota
361 1502 435 1531 sunt,
450 1498 587 1533 quomodo
607 1498 672 1525 illud
686 1498 756 1525 intra
768 1498 921 1533 quaesitum,
934 1497 1027 1524 dicant

1084 907 1168 942 ἀργίᾳ
1181 906 1256 942 παρὰ
1267 906 1313 933 τοῦ
1335 905 1461 933 Ἰουδαίου
1473 906 1504 931 τὸ
1521 905 1669 937 Σάϐϐατον,
1685 904 1868 931 ἀποδέδεικται

1083 949 1112 975 τὺ
1129 950 1174 976 τὸν
1194 949 1304 985 Κύριον,
1321 949 1412 981 καθὼς
1429 947 1609 983 «simulent,
1624 949 1711 984 ἀρχήν
1732 957 1763 975 τε
1782 949 1867 975 λαϐεῖν

1082 994 1128 1021 τοῦ
1147 995 1236 1025 τόκου,
1252 995 1298 1022 καὶ
1307 995 1465 1030 τικτόμενον
1482 994 1647 1021 παύσασθαι.
1661 994 1748 1020 Πόσαι
1764 996 1811 1020 καὶ
1825 994 1867 1020 ἆλ-

1082 1040 1125 1067 λαι
1135 1041 1202 1076 πρδς
1211 1041 1289 1067 τοῦτο
1307 1041 1455 1077 μαρτυρίαι
1469 1040 1507 1076 τῷ
1517 1041 1678 1075 λογογράφῳ
1690 1041 1867 1076 παρείθησαν,

1082 1086 1156 1112 οὐδὲν
1173 1086 1222 1121 τῆς
1238 1086 1386 1121 εἰρημένης
1409 1086 1475 1122 πρὸς
1497 1086 1624 1113 σύστασιν
1640 1086 1688 1112 τοῦ
1701 1084 1866 1121 ζητουμένου

1081 1132 1238 1167 λειπόμεναι
1256 1141 1263 1166 ;
1285 1133 1316 1158 Ἠ
1337 1132 1408 1159 κατὰ
1423 1133 1471 1167 τὴν
1493 1133 1589 1168 ὀγδόην
1614 1133 1770 1167 περιτομή·
1787 1134 1804 1167 ἡ
1819 1133 1868 1159 τῶν

1081 1177 1192 1213 ἀζύμων
1207 1178 1338 1213 ἑϐδομὰς·
1353 1178 1382 1204 τδ
1410 1179 1438 1205 ὲν
1453 1178 1736 1213 τεσσαρεσκαιδεκάτῃ
1754 1178 1801 1204 τοῦ
1827 1187 1867 1204 σε-

1081 1223 1186 1258 ληνείου
1197 1223 1296 1259 δρόμου
1312 1224 1473 1259 μυστήριον·
1484 1225 1510 1250 αἱ
1522 1223 1567 1250 τοῦ
1580 1224 1753 1259 καθαρισμοῦ
1770 1224 1867 1254 θυσίαι,

1081 1269 1096 1304 ἡ
1110 1269 1173 1304 περὶ
1188 1269 1241 1295 τῶν
1265 1269 1372 1304 λεπρῶν
1387 1271 1587 1305 παρατήρησις,
1600 1268 1615 1296 ὅ
1629 1270 1715 1305 κριὸς,
1729 1271 1743 1296 ὁ
1761 1270 1866 1304 μύοχοε,

1056 1307 1060 1311 λ
1080 1313 1235 1348 ἡδάμαλις,
1253 1314 1266 1339 ὁ
1290 1314 1489 1348 ἀποπομπαῐος,
1505 1315 1519 1339 ὁ
1539 1313 1664 1349 χίμαρος.
1683 1312 1716 1339 Εἰ
1731 1313 1760 1339 δὲ
1785 1312 1867 1338 ταῦτα

1080 1359 1173 1394 πόρρω
1194 1359 1248 1386 τῶν
1261 1359 1446 1394 προκειμένων
1463 1360 1546 1390 ἐστὶν,
1565 1359 1623 1390 πῶς
1635 1359 1711 1390 ἐντὸς
1723 1359 1812 1385 ἐκεῖνο
1822 1358 1865 1384 τοῦ

1080 1405 1256 1440 ζητουμένου,
1276 1405 1429 1439 λεγέτωσαν
1451 1406 1475 1431 οἱ
1502 1405 1619 1440 ζηλωταὶ
1637 1405 1691 1431 τῶν
1717 1404 1866 1432 ’ῐουδαῐκῶν

1082 1451 1247 1486 μυστηρίων.
1276 1451 1371 1486 Ἡμεῖς
1398 1452 1451 1486 γὰρ
1474 1451 1661 1486 μικροπρεπὲς
1678 1459 1707 1477 τε
1726 1451 1775 1477 καὶ
1796 1451 1867 1477 ἄναν-

1078 1497 1140 1532 δρον
1162 1498 1192 1523 τὺ
1217 1498 1272 1529 τοῖς
1296 1496 1484 1531 προκειμένοις
1502 1497 1676 1532 ἐπεμϐαίνειν
1702 1497 1866 1531 νομίζοντες,

239 1545 413 1572 mulatores
434 1543 609 1572 Iudaicarum
637 1544 841 1579 mysteriorum.
872 1543 927 1571 Nos
955 1544 1026 1571 enim

1080 1542 1284 1578 ἀναζητήσομεν
1298 1542 1330 1568 ἐκ
1344 1542 1392 1577 τῆς
1406 1542 1460 1568 τῶν
1480 1542 1678 1577 γεγραμμένων
1693 1542 1864 1574 ἀκολουθίας.

240 1594 336 1624 parum
358 1589 488 1616 decorum
516 1592 542 1616 et
565 1588 632 1616 viris
659 1588 799 1624 indignum
825 1587 1025 1622 existimantes,

241 1634 387 1669 propositis
415 1634 557 1666 insidere,
578 1641 611 1661 ex
638 1634 804 1668 scriptorum
830 1633 1027 1661 consecutiono

241 1680 421 1714 iuquiremus,
438 1680 460 1707 si
476 1680 542 1714 quid
556 1679 610 1707 tale
628 1684 680 1712 est,
696 1679 776 1714 quale
791 1679 878 1714 possit
896 1679 1027 1711 collucta-

240 1729 292 1753 tori
311 1725 440 1754 sudorem
464 1733 582 1754 movere.
596 1725 666 1759 Quae
687 1726 769 1761 igitur
792 1726 819 1753 in
837 1725 1024 1760 sequentibus,

239 1773 273 1799 de
286 1779 319 1800 eo
340 1773 411 1807 quod
435 1780 489 1800 non
515 1775 639 1807 oporteat
664 1772 793 1807 quiddam
819 1771 937 1799 medium
955 1771 1026 1799 inter

239 1817 348 1846 Patrem
364 1822 390 1845 et
403 1817 499 1845 Filium
516 1819 645 1853 cogitare,
660 1822 825 1853 praestruens
840 1817 1024 1853 persequitur,

240 1866 270 1890 ut
284 1863 402 1898 quodam
416 1862 496 1891 modo
512 1867 608 1891 nostro
620 1863 740 1899 dogmati
756 1863 947 1890 convenientia
957 1870 1023 1897 pra:-

238 1909 336 1937 teribo.
355 1909 433 1937 Esset
452 1910 523 1936 enim
539 1909 638 1937 mentis
654 1909 863 1937 inconsideratae
882 1912 909 1936 et
926 1908 1026 1944 iniquae

238 1954 319 1984 simul
333 1958 359 1982 et
373 1962 462 1988 saevae,
479 1954 505 1981 in
521 1955 639 1990 hisrqutc
650 1955 789 1986 dicuntur,
802 1962 856 1982 non
870 1954 1026 1981 discernere

238 2001 310 2036 quod
325 2001 465 2028 innoxium
481 2005 523 2028 est
542 2005 568 2028 et
586 2002 645 2029 sine
662 2001 785 2033 crimine,
801 2004 827 2028 et
847 2000 918 2035 quod
932 1999 1025 2026 crimi-

238 2055 335 2075 nosum
359 2051 411 2075 est.
432 2047 570 2082 Siquidem
599 2055 660 2074 cum
679 2046 780 2074 Judwis
807 2053 931 2081 pugnans
957 2052 1024 2072 con-

238 2093 325 2121 cessis
347 2099 400 2120 non
421 2092 581 2126 acquiescit,
599 2091 784 2120 immediatum
797 2092 901 2124 dicens,
918 2095 945 2119 et
959 2098 1024 2119 eon-

237 2145 336 2164 nexum
363 2145 416 2165 non
442 2137 598 2169 admittens,
624 2141 651 2164 et
676 2144 731 2164 non
747 2143 808 2164 esse
834 2135 937 2170 aliquid
962 2139 1024 2163 ante

237 2183 411 2219 Unigenitum
424 2184 556 2219 cogitans.
565 2186 591 2209 ιι
599 2189 659 2210 esse
667 2182 763 2210 Filium
772 2183 925 2218 suspicans,
935 2183 982 2211 sed
991 2183 1025 2210 de

1080 1588 1106 1614 εἴ
1121 1596 1146 1613 τι
1168 1587 1288 1614 τοιοῦτόν
1304 1588 1388 1618 ἐστιν,
1404 1585 1460 1614 οἷον
1484 1587 1583 1623 ἱδρῶτα
1602 1588 1711 1623 κινῆσαι
1729 1589 1768 1623 τῷ
1788 1598 1866 1624 προς-

1078 1633 1229 1660 παλαίοντι.
1248 1633 1317 1659 Ὅσα
1334 1633 1423 1660 τοίνυν
1437 1633 1465 1660 ἐν
1479 1634 1535 1665 τοῖς
1557 1633 1654 1669 ἐφεξῆς
1670 1634 1734 1670 περὶ
1748 1635 1796 1661 τοῦ
1820 1644 1868 1669 μη-

1078 1679 1122 1706 δὲν
1137 1679 1218 1714 μέσον
1227 1687 1252 1705 τι
1266 1678 1312 1705 τοῦ
1327 1678 1392 1705 Υἱοῦ
1407 1679 1453 1705 καὶ
1465 1679 1570 1714 Πατρὸς
1583 1680 1692 1709 ὲννοεῦ,
1702 1681 1867 1707 κατασκευὰ-

1079 1725 1131 1757 ζων
1151 1724 1292 1757 διέξεισιν,
1308 1724 1346 1755 ὡς
1368 1723 1549 1759 συμϐαίνοντά
1573 1733 1632 1756 πως
1652 1724 1692 1759 τῷ
1714 1726 1776 1752 καθ’
1795 1727 1866 1761 ἡμᾶς

1076 1771 1200 1806 δόγματι,
1217 1770 1430 1806 παρελεύσομεν.
1451 1770 1634 1805 Ἀδιακρισίας
1646 1771 1701 1806 γὰρ
1717 1771 1750 1798 ἂν
1767 1771 1809 1806 εἴη
1825 1771 1867 1798 καὶ

1076 1816 1271 1852 ἀγνωμοσύνης
1290 1816 1358 1851 ἅμα,
1377 1816 1414 1852 μὴ
1429 1816 1575 1851 διακρίνειν
1591 1817 1619 1842 έν
1639 1818 1695 1847 τοῖς
1711 1816 1866 1852 ).εγομένο;ς

1075 1863 1106 1889 τὸ
1119 1862 1261 1890 ἀνεύθυνόν
1277 1871 1306 1889 τε
1327 1862 1373 1889 καὶ
1395 1862 1426 1888 τὸ
1447 1863 1581 1888 ὑπαίτιον.
1604 1862 1714 1897 Ἐπειδὴ
1725 1864 1781 1894 τοῖς
1802 1863 1867 1889 ‘lrn-

1076 1908 1161 1944 δαίοις
1189 1908 1341 1943 μαχόμενος
1353 1928 1359 1939 ,
1377 1908 1426 1934 οὐκ
1440 1908 1594 1934 ἀκολουθῶν
1606 1910 1661 1940 τοῖς
1680 1909 1867 1944 ὁμολογουμέ-

1076 1961 1142 1984 νοις,
1163 1952 1211 1979 καὶ
1225 1952 1255 1979 τὸ
1274 1952 1375 1988 ἄμεσον
1391 1952 1488 1989 λέγων,
1505 1953 1551 1980 καὶ
1567 1953 1597 1979 τὸ
1618 1954 1735 1988 συναφὲς
1751 1954 1781 1980 οὺ
1793 1954 1868 1988 6216-

1078 2007 1166 2033 μενος,
1186 1999 1231 2025 καὶ
1246 1998 1275 2024 τὸ
1295 1998 1332 2034 μὴ
1347 1997 1417 2025 εἶναί
1439 2007 1463 2024 τι
1489 1999 1542 2033 πρὸ
1563 1998 1609 2025 τοῦ
1631 2000 1803 2033 Μονογενοῦς
1825 2001 1867 2025 ἐν·

1076 2044 1153 2077 νοῶν,
1169 2044 1216 2070 καὶ
1231 2044 1260 2070 τὸ
1276 2041 1345 2071 εἶναι
1361 2044 1424 2071 Υἱὸν
1448 2044 1577 2075 ὑπονοῶν,
1593 2045 1661 2071 ἀλλὰ
1684 2047 1748 2080 περὶ
1761 2046 1807 2072 τοῦ
1832 2046 1867 2080 μὴ

1075 2089 1139 2116 ὄντα
1159 2089 1322 2125 γεγενῆσθαι
1345 2089 1554 2124 διαμαχόμενος.
1578 2090 1684 2126 Μικρὸν
1707 2091 1736 2117 ἐν
1762 2091 1868 2121 τούτοις

1075 2135 1279 2171 ἀσχοληθέντες,
1292 2135 1336 2162 διὰ
1350 2136 1380 2162 τὸ
1394 2137 1449 2167 τοῖς
1469 2136 1601 2170 φθάσασιν
1617 2136 1717 2168 ἱκανῶς
1730 2137 1781 2171 ἤδη
1799 2145 1868 2171 προ-

1076 2181 1291 2209 κατεσκευάσθαι
1307 2181 1351 2208 τὸν
1363 2181 1450 2216 λόγον,
1461 2181 1515 2208 τῶν
1529 2183 1718 2218 προκειμένων
1734 2183 1866 2218 ἑξόμεθα.

206 2251 209 2257 .
237 2237 269 2257 eo
284 2229 329 2264 qui
345 2237 399 2256 non
413 2234 472 2257 erat
485 2231 605 2265 genitum
620 2235 680 2256 esse
700 2228 854 2255 decertans.
886 2227 986 2255 Parum
1016 2227 1043 2254 in
1065 2227 1108 2254 his
1136 2227 1324 2257 immorantes,
1350 2225 1415 2260 quia
1443 2225 1471 2252 in
1499 2227 1723 2254 antecedentibus
1761 2228 1870 2255 abunde

236 2276 303 2303 satis
332 2275 387 2310 jam
418 2283 507 2304 sermo
535 2278 714 2310 przcslructus
736 2277 789 2306 est,
822 2274 849 2301 in
876 2273 1022 2309 propositis
1038 2273 1212 2301 haerebimus.

271 2321 330 2348 Non
352 2325 393 2360 est
410 2322 531 2356 ejusdem
554 2325 581 2348 et
605 2320 674 2348 nihil
697 2319 824 2355 superius
843 2319 1021 2347 subsistentia

1109 2319 1164 2345 Οὐκ
1187 2318 1245 2345 ἔστι
1268 2318 1313 2345 τοῦ
1342 2319 1425 2346 αὐτοῦ
1442 2319 1497 2357 ’καὶ
1518 2319 1600 2354 μηδὲν
1620 2319 1798 2354 ὑπερτιοέναι
1821 2321 1868 2355 τῆς

237 2366 373 2402 Unigeniti
389 2374 501 2401 ponere,
532 2370 558 2393 et
584 2371 645 2392 ante
665 2365 866 2400 generationem
891 2371 945 2391 non
961 2371 1022 2392 esse

236 2411 337 2445 dicere,
362 2411 408 2439 sed
431 2416 496 2439 tunc
510 2411 630 2446 genitum
651 2409 734 2437 fuisse
749 2417 810 2437 cum
827 2409 906 2437 Pater
926 2410 1020 2437 voluit.

237 2456 298 2484 Haec
314 2456 385 2483 enim
401 2456 527 2483 adverbia
543 2459 608 2483 tunc
620 2460 648 2482 et
658 2455 777 2490 quando.
795 2455 827 2481 ad
844 2455 1020 2489 temporalem

238 2501 494 2528 demonstrationem
517 2501 624 2535 proprie
640 2504 666 2528 et
681 2500 843 2527 naturaliter
862 2500 1020 2535 signiﬁcan-

235 2547 299 2574 tiam
323 2546 454 2579 referunt,
470 2546 619 2574 secundum
635 2553 806 2573 communem
828 2553 893 2573 sane
909 2546 1022 2580 loquen-

235 2594 302 2621 tium
331 2592 567 2625 consuetudinem,
600 2596 627 2620 et
654 2592 804 2619 secundum
832 2592 961 2631 usitatam
993 2592 1020 2619 in

235 2638 378 2674 Scriptura
391 2637 630 2674 signiticatimtem.
651 2637 722 2664 Tunc
744 2637 829 2664 dicent
845 2638 870 2664 in
885 2637 1002 2673 gentibus
1013 2646 1022 2664 :

234 2689 270 2717 et,
287 2684 400 2717 Quando
413 2684 473 2710 misi
486 2691 549 2714 vos;
569 2686 605 2714 et,
624 2682 695 2709 Tunc
706 2682 899 2709 assimilabilur
915 2690 1022 2716 regnum

233 2730 366 2757 alarum.
385 2729 417 2756 Et
431 2732 557 2756 sexcenta
569 2728 700 2762 ejusmodi
716 2735 764 2763 per
779 2734 887 2755 omnem
902 2727 1022 2761 Scriptu-

235 2781 293 2801 ram
306 2775 340 2800 ad
355 2773 486 2808 propositi
497 2772 730 2801 conﬁrmationem
744 2773 805 2800 licet
817 2779 936 2803 sumere,
949 2772 1020 2806 quod

237 2819 336 2848 talibus
362 2819 494 2848 orationis
523 2819 666 2855 particulis
684 2819 832 2854 Scriptura:
852 2819 1021 2847 consuetudo

1074 2363 1121 2390 τοῦ
1137 2365 1305 2398 Μονογενοῦς
1321 2365 1561 2396 ὑποστὰσεως,καὶ
1572 2365 1610 2401 μὴ
1626 2363 1696 2391 εἶναι
1712 2365 1804 2400 λέγειν
1817 2367 1870 2401 προ

1073 2409 1123 2444 τῆς
1138 2410 1299 2444 γεννήσεως,
1313 2410 1380 2437 ἀλλὰ
1401 2411 1461 2437 τότε
1475 2410 1664 2446 γεγεννῆσθαι,
1681 2411 1725 2437 ὅτε
1745 2412 1760 2438 ὁ
1772 2412 1869 2446 Πατὴρ

1074 2454 1210 2490 ἠϐουλήθη
1223 2463 1229 2469 ⁸
1245 2455 1274 2482 τὸ
1286 2455 1340 2490 γὰρ
1363 2457 1431 2485 τότε
1453 2459 1498 2486 καὶ
1520 2457 1580 2486 ὅτε.
1600 2456 1705 2491 κυρίως
1720 2457 1767 2483 καὶ
1781 2465 1870 2492 atpos—

1075 2500 1149 2534 φυῶς
1166 2500 1212 2527 ἐπὶ
1231 2501 1279 2536 τὴν
1307 2501 1434 2536 χρονικὴν
1455 2501 1536 2534 δεῖξιν
1556 2501 1605 2537 τὴν
1622 2503 1763 2536 σημασίαν
1778 2505 1868 2538 ςέρει,

1075 2546 1145 2572 κατὰ
1162 2546 1210 2581 τὴν
1227 2547 1319 2582 κοινὴν
1334 2546 1388 2572 τῶν
1400 2547 1484 2581 ὑγιῶς
1500 2547 1692 2582 φθεγγομένων
1711 2548 1869 2583 συνήθειαν.

1076 2592 1122 2618 καὶ
1134 2592 1204 2618 κατὰ
1220 2592 1269 2627 τὴν
1285 2593 1313 2619 ὲν
1330 2594 1363 2627 τῇ
1382 2593 1476 2628 Γραφῇ
1489 2593 1639 2628 σημασίαιιι⁴
1659 2595 1729 2620 Τότε
1743 2595 1871 2628 ἐροῦσιν

1073 2637 1108 2664 ἐν
1127 2637 1189 2669 τοῖς
1221 2637 1333 2670 ἔθνεσι,
1352 2638 1410 2670 καὶ,
1427 2638 1496 2672 Ὅτε
1516 2638 1682 2665 ἀπέστειλα
1706 2637 1794 2673 ὑμᾶς,
1810 2640 1868 2669 καὶ,

1077 2683 1144 2709 Τίτε
1158 2683 1369 2717 ὁμοιωθήσεται
1383 2684 1401 2717 ή
1411 2685 1564 2716 βασιλεία.
1582 2685 1637 2711 Καὶ
1653 2686 1737 2720 μυρία
1754 2686 1869 2712 τοιαῦτα

1073 2727 1117 2754 διὰ
1137 2728 1226 2764 πάσης
1249 2729 1306 2757 ἔστι
1324 2729 1434 2764 Γραφῆς
1447 2730 1486 2761 εἰς
1506 2729 1642 2762 ἀπόδειξιν
1659 2730 1705 2756 τοῦ
1718 2730 1871 2765 προκειμέ-

1072 2781 1118 2799 νου
1138 2773 1245 2806 λαϐεῖν,
1259 2775 1299 2801 ὅτι
1321 2776 1377 2806 τοῖς
1400 2775 1529 2806 τοιούτοις
1540 2775 1587 2801 τοῦ
1603 2775 1684 2810 λόγου
1700 2777 1807 2811 μορίοις
1822 2775 1870 2801 τὶν

1072 2821 1167 2856 χρόνον
1196 2820 1402 2856 έπισημειοῦται
1426 2821 1474 2856 τῆς
1498 2821 1607 2857 Γραξῆς
1634 2823 1651 2858 ἡ
1668 2822 1809 2858 συνήθεια.
1838 2821 1869 2859 ει
