1923 3071
48 132 102 164 ιη

615 140 754 169 CONTRA
771 141 965 175 EUNOMIUM,
984 143 1046 172 LlB.
1068 144 1111 171 ta.

1625 145 1674 175 818

49 193 96 222 οὖν
108 193 204 230 χρόνος
221 193 271 220 οὐκ
292 191 343 230 ἧν,
360 194 449 226 καθὼς
463 195 477 222 ὸ
498 195 645 230 ἀντιλέγων
669 198 831 230 συντίθεται,

890 203 995 234 tempus
1017 201 1137 228 denotat.
1160 199 1189 228 Si
1209 200 1291 236 igitur
1312 204 1419 238 tempus
1442 209 1496 230 non
1511 207 1581 237 erat,
1602 204 1676 232 sicut

52 241 235 276 cwavﬁpqrat
251 240 358 273 πάντως
372 241 418 268 καὶ
428 243 444 278 ἡ
455 243 567 278 χρονικὴ
584 244 705 278 σημασία
717 253 723 259 ·
736 244 837 280 ταύτης

49 286 78 312 δὲ
93 287 130 322 μὴ
146 287 238 322 οὔσης,
253 287 284 314 τὸ
297 287 380 314 ἀΐδιον
392 288 441 323 τῆς
454 289 557 320 ἑννοίας
569 289 639 316 κατὰ
654 291 743 316 πᾶσαν
754 291 836 325 ἁνάγσ

50 340 102 367 κην
130 333 374 360 ἀντεισελεὺσεται’
389 335 423 369 τῇ
446 334 499 370 γὰρ
519 335 567 361 τοῦ
591 335 633 370 μὴ
653 334 728 363 εἶναι
750 338 835 372 φωνῇ,

50 377 96 404 καὶ
114 377 148 403 τὸ
169 378 241 405 ποτὲ
265 378 374 410 πάντως
392 379 618 407 συνυπακούεται.
639 381 670 407 Et
687 381 740 417 γὰρ
753 383 838 418 χωρὶς

48 423 96 450 τοῦ
116 425 185 451 ποτὲ
203 424 234 450 τὸ
249 424 292 458 μὴ
309 422 384 452 εἶναι
407 425 492 459 λέγοι,
509 426 569 452 οὐδὲ
593 426 640 453 νῦν
659 424 727 453 εἶναι
746 427 836 454 δώσει.

50 471 82 497 Εἰ
97 470 125 496 δὲ
141 471 172 497 τὸ
186 470 233 496 νῦν
243 471 331 502 διδοὺς
346 471 413 506 πρὸς
428 471 458 498 τὸ
470 472 553 498 ἀΐδιον
571 473 712 507 μάχονται,
730 473 838 505 πάντως

48 517 120 543 οὐτὸ
134 516 248 544 καθόλου
264 517 301 552 μὴ
323 515 402 550 εἶναι,
423 518 490 544 ἀλλὰ
510 519 538 545 τό
553 527 618 545 ποτε
644 519 679 555 μὴ
695 517 764 545 εἶναι
784 520 838 547 δια-

49 562 181 597 νενόηται.
196 562 252 597 Τῆς
269 562 297 589 δὲ
313 563 406 598 φωνῆς
423 563 525 598 ταύτης
537 565 721 591 ἀνυποστάτου
735 566 838 592 παντά-

49 616 132 634 πασιν
153 608 246 644 οὔσης,
271 610 294 635 εἰ
312 609 347 644 μὴ
370 609 436 644 πρὸς
451 609 500 644 τὴν
520 610 567 636 τοῦ
582 611 678 645 χρόνου
701 611 838 646 σημασίαν

47 653 186 688 ἐρείδοιτο,
199 654 311 689 ἀνόητον
326 654 358 681 ἂν
372 655 414 689 εἴη
429 655 476 681 καὶ
488 655 601 690 μάταιον
614 655 645 682 τὺ
659 656 727 691 μήτε
744 665 770 682 τι
786 657 838 691 πρὸ

47 699 96 725 τοῦ
113 699 176 725 Υἱοῦ
201 697 270 726 εἶναι
287 700 386 734 λέγειν,
406 701 473 736 μήτε
493 701 538 727 τὸν
554 702 668 728 πάντοτε
690 701 754 728 Υίὺν
768 700 838 729 εἶναι

48 745 274 777 κατασκευάζειν.
298 746 328 772 Εἰ
348 745 402 781 γὰρ
429 747 498 782 μήτε
525 746 616 779 τόπος,
636 748 703 783 μήτε
732 748 837 784 χρόνος,

49 791 118 826 μήτε
138 799 179 822 τις
199 790 279 826 ἑτέρα
307 791 395 823 κτίσις
415 792 504 824 ἐστὶν,
521 793 550 819 ὲν
609 794 659 819 οὐκ
681 794 754 820 ἔστιν
774 795 788 820 ὀ
809 797 838 821 ὲν

47 837 119 871 ἀρχῇ
131 836 168 862 ὣν
179 836 265 870 Λόγος
276 856 284 868 ,
298 837 464 873 πανταχόθεν
483 838 528 864 τοῦ
545 839 680 874 δόγματος
696 839 746 875 τῆς
764 840 836 867 εὐσε-

46 881 124 913 ϐείαις
142 881 282 916 ἐξῄρηται,
294 882 324 908 τό
340 891 404 909 ποτε
421 882 458 918 μὴ
472 881 540 909 εἶναι
559 884 604 910 τὸν
629 884 740 920 Κύριον.
763 886 835 912 Οὺκ·

47 927 94 954 οὖν
105 928 155 962 οὐχ
166 929 242 963 ἡμῖν,
259 927 316 954 ἀλλ’
332 928 420 963 ἑαυτῷ
430 929 601 964 διαμάχεται,
614 931 628 956 ὸ
641 931 686 956 καὶ
710 930 747 966 μὴ
769 928 837 957 εἶναι

47 972 95 1000 καὶ
122 971 191 999 εἶναι
218 973 262 1000 τὸν
279 974 419 1009 Μονογενῆ
441 974 619 1009 δογματίζων.
649 975 694 1002 Ἐν
720 976 774 1012 γὰρ
799 977 838 1012 τῷ

46 1019 188 1053 ὁμολογεῖν
199 1019 292 1054 μηδενὶ
305 1019 409 1054 τὴντοῦ
426 1019 490 1046 Υἱοῦ
506 1020 573 1055 πρὸς
584 1021 630 1048 τὸν
644 1022 755 1057 Πατέρα
770 1022 838 1049 διαι-

49 1064 155 1100 ρεῖσθαι
177 1065 333 1098 συνάφειαν,
348 1064 377 1091 τὸ
395 1065 482 1092 ἀΐδιον
499 1065 573 1100 αὐτῷ
591 1066 700 1098 πάντως
718 1076 840 1103 προσμε-

48 1110 236 1145 μαρτύρηκεν.
251 1111 282 1136 Et
299 1110 327 1136 δὲ
343 1111 372 1136 ἐν
389 1110 428 1146 τῷ
452 1111 540 1146 Ila-rp!
556 1111 629 1145 λέγοι
651 1112 688 1148 μὴ
703 1110 773 1140 εἶναι
792 1113 838 1140 τὸν

48 1155 124 1188 Υἱὺν,
136 1156 175 1191 τῷ
192 1156 304 1191 τοιούτῳ
324 1155 395 1191 λόγῳ
410 1156 459 1182 οὐκ
483 1157 649 1192 ἀντεροῦμεν
664 1159 751 1191 αὐτοὶ,
771 1159 838 1187 ἀλλὰ

46 1204 96 1237 τὴν
119 1201 233 1237 Γραφὴν
259 1201 448 1237 ἀντιθήσομεν,
460 1203 477 1237 ἦ
498 1211 590 1238 φησιν,
603 1204 632 1230 ὲν
647 1203 686 1239 τῷ
706 1205 793 1240 Πατρί
808 1214 836 1231 τε

46 1246 117 1274 εἶναι
135 1247 181 1274 τὸν
195 1247 269 1280 Υίδν,
285 1248 330 1274 καὶ
345 1249 374 1274 ὲν
392 1247 430 1283 τῷ
448 1248 505 1284 Υίῷ
524 1249 569 1275 τὸν
584 1249 693 1284 Πατέρα
703 1257 711 1264 ·
727 1251 759 1278 τὸ
772 1249 838 1277 ποτὲ

47 1293 64 1327 ἢ
81 1294 127 1319 ὅτε
138 1313 145 1325 ,
167 1292 182 1328 ἦ
202 1293 261 1319 τότε
272 1314 279 1324 ,
302 1293 338 1328 μὴ
361 1292 537 1328 προστιθεῖσα
555 1293 595 1328 τῷ
610 1294 696 1329 λόγῳ,
712 1295 780 1322 ἀλλὰ
803 1296 836 1331 τῇ

47 1340 205 1374 ἐποφατικῇ
219 1338 306 1374 ταύτῃ
321 1339 367 1365 καὶ
389 1338 513 1374 ἀπολύτῳ
530 1341 616 1375 φωνῇ,
634 1340 664 1366 τδ
688 1340 772 1367 ἀΐδιον
789 1341 837 1367 αὑ-

45 1385 84 1421 τῷ
105 1386 315 1421 μαρτυρήσασα.
329 1384 365 1411 Τὺ
380 1384 407 1410 δὲ
430 1386 643 1417 κατασκευάζειν
659 1385 738 1412 αὑτὸν
759 1386 837 1420 ἀγέν-

46 1440 127 1466 νητον
143 1432 209 1466 παρ’
220 1430 298 1466 ἡμῶν
316 1430 440 1464 λέγεσθαι
460 1430 504 1456 τὸν
533 1431 666 1466 μονογενῆ
680 1431 763 1463 Θεὸν,
778 1429 837 1457 ἴσον

46 1477 103 1503 ἔστι
123 1475 162 1511 τῷ
178 1475 267 1509 λέγειν
291 1475 332 1501 ὅτι
360 1474 406 1501 καὶ
422 1474 549 1509 γεννητὸν
565 1471 633 1500 εἶναι
656 1474 702 1501 τὸν
726 1474 837 1509 Πατέρα

887 245 1063 273 refractarius
1079 246 1234 279 asseutitur,
1250 246 1373 274 funditus
1389 247 1470 275 simul
1484 247 1589 276 tollitur
1604 252 1672 276 tem-

886 292 988 327 poralis
1015 291 1187 326 signiﬁcatio,
1212 300 1264 327 qua
1280 293 1396 326 sublata,
1416 294 1554 322 azternitas
1579 302 1676 323 neces-

888 337 961 364 sario
986 337 1097 364 omnino
1115 337 1197 364 mcnti
1215 341 1242 365 et
1264 337 1420 373 cogitationi
1447 344 1584 367 occurret.
1605 339 1674 367 Voci

888 384 970 414 enim,
993 391 1043 410 nou
1064 391 1129 415 esse,
1149 391 1198 410 vox
1220 383 1276 415 illa.
1301 384 1419 419 quando,
1443 376 1557 419 prorsus
1576 385 1677 412 subau-

888 428 970 455 ditur.
987 428 1014 455 Si
1026 429 1096 456 cnitn
1111 429 1213 464 absque
1226 429 1277 456 hac
1288 430 1421 464 particula
1434 430 1539 465 quando
1551 438 1605 457 non
1616 438 1676 458 csse

889 473 1001 506 diceret,
1019 481 1107 509 neque
1119 482 1191 501 nunc
1214 481 1275 502 esse
1289 473 1377 501 daret.
1396 473 1425 500 Si
1437 475 1508 502 enim
1525 482 1597 502 nunc
1607 474 1676 501 dans

889 525 950 544 cum
965 522 1068 545 aeterno
1085 524 1195 552 pugnat,
1211 526 1324 552 prorsus
1340 526 1396 545 non
1410 519 1436 545 in
1453 519 1610 547 universttm
1623 527 1676 546 non

888 570 959 594 esse,
987 563 1035 590 sed
1052 564 1198 599 aliquando
1215 572 1268 591 non
1290 564 1386 597 fuisse,
1416 565 1589 600 intelligitur.
1609 564 1676 592 Cum

888 613 977 635 autem
998 609 1054 635 haec
1072 616 1122 635 vox
1139 609 1214 636 nullo
1228 609 1309 636 modo
1324 610 1410 645 possit
1435 610 1596 643 subsistere,
1624 609 1676 637 nisi

889 654 1019 688 temporis
1035 655 1219 690 signiﬁcantia
1244 655 1338 682 innixa
1355 655 1488 688 ﬁrmetur,
1515 655 1628 683 stultum
1652 659 1680 683 ct

888 709 988 728 vanum
1005 708 1091 736 neque
1107 701 1171 736 quid
1196 705 1259 728 ante
1272 700 1371 728 Filium
1387 709 1448 728 esse
1470 701 1572 733 dicere.
1591 709 1680 736 neque

889 754 995 782 semper
1009 746 1107 774 Filium
1128 753 1189 774 esse
1206 752 1340 774 astruere.
1362 746 1429 773 Nam
1450 747 1473 774 si
1487 754 1576 782 neque
1591 746 1678 778 locus,

886 800 977 833 tteque
996 797 1113 828 tempus,
1132 799 1220 827 neque
1234 792 1288 819 ulla
1304 797 1431 819 creatura
1453 796 1496 820 est
1511 793 1563 819 alia
1578 792 1605 819 in
1626 799 1679 826 qua

890 846 944 865 non
968 842 1009 866 est
1029 839 1074 874 qui
1098 839 1124 866 in
1148 839 1283 874 principio
1305 843 1363 866 erat
1381 837 1510 870 Verbum,
1527 837 1646 873 undique
1664 845 1681 864 e

890 883 1016 919 dogmate
1043 883 1153 918 pietatis
1178 887 1333 918 exemptum
1351 886 1392 910 est
1417 883 1479 916 hoc,
1508 890 1606 918 nempe
1627 883 1680 910 ali-

889 928 999 964 quando
1017 936 1071 956 non
1087 929 1172 957 fuisse
1186 928 1341 956 Dominum.
1353 927 1417 955 .Non
1431 928 1514 962 igitur
1527 928 1616 960 nobis,
1631 930 1678 956 sed

889 975 941 1002 sibi
965 975 1016 1010 ipsi
1030 978 1174 1010 repugnat,
1195 975 1241 1009 qui
1259 979 1285 1000 et
1305 982 1359 1001 non
1376 981 1446 1004 esse,
1463 977 1490 1000 et
1511 981 1571 1000 esse
1586 974 1676 1002 docet.

888 1021 956 1048 Nam
976 1021 1041 1048 dum
1062 1021 1219 1052 conﬁtetur,
1246 1020 1321 1047 nullo
1335 1019 1425 1047 medio
1438 1019 1502 1047 Filii
1520 1027 1582 1047 cum
1598 1019 1680 1047 Patre

889 1069 1086 1096 connexionem
1116 1067 1211 1100 dividi,
1238 1067 1264 1095 ei
1296 1066 1409 1094 omnino
1441 1073 1491 1093 suo
1520 1065 1690 1093 testimonio.

888 1119 1019 1142 aeternum
1034 1113 1167 1141 attribuit.
1189 1113 1266 1146 Quod
1280 1113 1302 1140 si
1321 1113 1348 1139 in
1366 1111 1447 1138 l’atre
1461 1111 1533 1138 dicat
1553 1119 1606 1138 non
1619 1117 1680 1138 csso

889 1160 998 1192 Filium,
1022 1160 1068 1186 tali
1086 1159 1207 1187 sermoni
1230 1166 1284 1186 non
1300 1157 1352 1193 ipsi
1371 1164 1422 1184 nos
1446 1156 1678 1187 contradicemus,

889 1207 936 1235 sed
952 1206 1122 1241 Scripturam
1150 1212 1329 1239 oppnnrmus,
1349 1210 1409 1238 qua:
1431 1202 1529 1230 asserit
1557 1202 1584 1228 in
1600 1200 1679 1227 Patre

888 1261 950 1281 esse
964 1252 1073 1283 Filium,
1093 1256 1120 1279 ct
1145 1252 1171 1278 in
1195 1251 1264 1278 Filio
1287 1249 1407 1280 Patrem,
1439 1248 1602 1283 particulam
1629 1248 1679 1274 ali-

888 1298 1007 1334 quando,
1027 1298 1069 1325 vel
1093 1288 1212 1332 quando,
1236 1296 1279 1323 vel
1296 1300 1371 1326 tunc,
1390 1294 1507 1321 orationi
1531 1300 1584 1320 non
1606 1293 1676 1326 adji—

888 1343 975 1375 ciens,
986 1343 1033 1371 sed
1049 1343 1100 1370 hac
1114 1341 1273 1368 atlirmativa
1287 1344 1314 1368 et
1330 1339 1455 1367 absoluta
1470 1346 1534 1366 voce
1546 1342 1679 1365 aeternum

889 1389 940 1425 ipsi
954 1389 1109 1424 assignans.
1124 1387 1201 1420 Quod
1214 1389 1303 1413 autem
1316 1386 1374 1420 ipse
1403 1385 1512 1416 astruit,
1529 1383 1678 1418 ingenitum

889 1442 904 1462 a
928 1435 1007 1463 nobis
1028 1434 1201 1469 unigenitum
1219 1432 1303 1459 Deum
1326 1431 1394 1462 dici,
1409 1430 1514 1465 aequalc
1532 1433 1574 1456 cst
1598 1436 1629 1456 ac
1655 1428 1679 1456 si

889 1481 971 1514 dicat,
996 1480 1069 1516 quod
1088 1481 1169 1507 etiam
1187 1478 1294 1506 Patrem
1311 1478 1432 1513 genitum
1447 1484 1507 1504 esse
1522 1475 1678 1503 deﬁnimus.

45 1521 231 1557 διοριζόμεθα.
261 1522 316 1556 Τῆς
337 1520 390 1556 γὰρ
418 1520 502 1554 αὐτῆς
529 1519 653 1552 ἀτοπίας,
681 1519 780 1554 μᾶλλον
809 1519 837 1546 δὲ

891 1525 1018 1562 Ejusdem
1038 1525 1110 1553 enim
1128 1523 1318 1556 absurditatis,
1335 1523 1377 1550 vel
1397 1522 1489 1557 potius
1505 1520 1681 1556 blasphemia:

48 1567 222 1603 βλασφημίας
251 1566 389 1600 ἑκάτερον.
419 1565 500 1591 Ὥστε
527 1565 552 1590 εἰ
586 1564 635 1599 μὲν
662 1565 838 1598 συκοφαντεῖν

47 1613 160 1647 ἔγνωκε,
177 1610 345 1646 προπιθέτω
364 1609 410 1636 καὶ
435 1609 464 1636 τὸ
481 1609 572 1644 ἕτερον
589 1609 732 1644 ἔγκλημα,
755 1609 837 1644 μηδεο

49 1660 92 1690 νὸς
105 1657 315 1694 φειδόμενος.δι“
331 1653 368 1684 ὧν
386 1656 419 1683 ἂν
431 1654 577 1693 ᾖ-δυνατδν
591 1655 780 1691 χαλεπώτερον
793 1656 838 1682 ὲκ-

47 1707 192 1741 τραχύνειν
206 1704 264 1730 καθ’
278 1703 354 1738 ἡμῶν
367 1702 431 1734 τοὺς
449 1702 606 1732 ἀκούοντας.
621 1702 651 1728 Εἰ
665 1701 693 1728 δὲ
708 1701 736 1728 τὸ
745 1701 787 1728 ἒτε
793 1709 838 1736 ρον

47 1751 149 1778 τούτων
159 1750 205 1777 διὰ
218 1749 249 1776 τὸ
264 1748 412 1784 περιφανὲς
424 1748 473 1782 τῆς
488 1746 667 1780 συκοφαντίας
681 1746 730 1773 οὐκ
748 1747 838 1773 αἱτιᾶ-

48 1806 103 1829 ται,
119 1796 225 1831 ἀφιέτω
247 1795 294 1822 καὶ
317 1794 348 1821 τὸ
367 1794 525 1829 λειπόμενον
537 1802 544 1808 ·
556 1790 614 1819 ἴσον
637 1792 690 1827 γὰρ
716 1793 756 1824 εἰς
774 1792 839 1819 ἀσέ-

50 1844 124 1869 ϐειαν
141 1841 233 1872 καθὼς
251 1841 357 1877 είρηται
371 1840 418 1866 καὶ
430 1839 475 1866 τὸν
490 1838 553 1866 Υἱδν
570 1838 716 1873 ἀγέννητον
735 1837 836 1872 λέγειν,

50 1889 66 1924 ἢ
85 1889 134 1915 καὶ
144 1886 275 1922 γεννητὸν
286 1886 331 1913 τὸν
346 1886 466 1921 Πατέρα.

84 1935 115 1961 Et
133 1934 184 1970 μὲν
199 1931 245 1960 οὖν
265 1931 420 1968 εὑρίσκεταί
432 1940 474 1962 τις
493 1931 522 1957 ὲν
542 1931 597 1962 τοῖς
611 1931 675 1966 παρ’
697 1929 775 1966 ἠμιῖιν
791 1938 840 1964 γε-

51 1980 221 2016 γραμμένοις
235 1979 309 2014 φωνὴ
333 1978 455 2013 τοιαύτη,
475 1977 508 2004 δι’
524 1974 557 2013 ἦς
578 1977 735 2012 ἁγέννητος.
746 1977 761 2003 ὁ
775 1976 840 2008 Υἱὸς

50 2026 224 2061 ὀνομάζεται,
247 2024 308 2051 καθ’
328 2022 406 2059 ἡμῶν
426 2023 514 2050 αὐτῶν
536 2022 585 2058 τὴν
610 2022 729 2058 ἐσχάτην
749 2022 839 2058 ψῆφον

51 2073 202 2106 ἐξοίσομεν.
215 2072 246 2097 Εἰ
259 2070 287 2098 δὲ
299 2070 406 2105 ψευδεῖς
428 2070 518 2101 αἰτίας
531 2078 560 2095 τε
584 2069 632 2095 καὶ
654 2069 840 2103 συκοφαντίας

51 2119 109 2145 κατ’
120 2117 246 2150 ἐξουσίαν
260 2116 441 2151 συμπλάσσει,
454 2114 485 2141 τὸ
497 2114 591 2141 δοκοῦν
605 2114 652 2140 ὲπὶ
665 2114 774 2150 διαϐολῇ
784 2115 839 2140 τῶν

51 2164 110 2190 καθ’
127 2164 204 2198 ἡμᾶς
217 2163 359 2197 δογμάτων
370 2161 530 2196 λογοποιῶν,
545 2160 644 2195 γένοιτ’
657 2160 691 2187 ἂν
703 2160 768 2192 ἴσως
783 2161 840 2193 τοῖς

890 1577 1046 1607 utrumque.
1070 1571 1161 1604 Quare
1175 1570 1318 1606 siquidem
1340 1569 1416 1596 novit
1437 1567 1610 1599 calumniari,
1630 1567 1680 1593 ad-

888 1619 966 1655 jiciat
978 1623 1004 1646 ct
1021 1619 1136 1646 alterum
1151 1618 1256 1646 crimen
1271 1616 1339 1644 nihil
1355 1615 1504 1651 parcendo,
1525 1622 1579 1650 quo
1595 1614 1681 1650 possit

892 1666 1019 1693 acerbius
1034 1671 1198 1700 exasperare
1212 1668 1308 1690 contra
1323 1670 1374 1690 nos
1394 1661 1543 1689 auditores.
1564 1660 1640 1694 Quod
1655 1660 1678 1688 si

892 1710 988 1737 horum
996 1710 1120 1742 alterius,
1129 1709 1192 1744 quia
1205 1707 1393 1736 sitmaniiesta
1404 1706 1551 1738 calumnia,
1564 1713 1614 1733 nos
1627 1712 1680 1732 non

892 1758 1013 1786 accusat,
1043 1753 1159 1781 alterum
1189 1753 1271 1781 etiam
1300 1751 1374 1787 quod
1399 1755 1526 1786 superest
1549 1751 1679 1777 dimittat.

891 1799 1017 1835 Equalis
1029 1799 1102 1826 enim
1117 1802 1158 1826 est
1169 1798 1305 1833 impietas,
1322 1798 1394 1825 sicut
1404 1797 1506 1824 dictum
1520 1795 1682 1828 est,Filium

892 1844 1043 1879 ingenitum
1061 1844 1163 1877 dicere,
1180 1843 1222 1871 vel
1239 1842 1321 1871 etiam
1337 1841 1445 1869 Patrem
1460 1838 1591 1877 genitum.

928 1932 958 1960 Si
972 1932 1055 1967 igitur
1071 1931 1161 1966 aliqua
1187 1931 1214 1957 in
1229 1929 1332 1958 nostris
1350 1928 1462 1964 scriptis
1487 1935 1538 1955 vox
1556 1927 1618 1956 talis
1636 1928 1679 1955 in-

890 1982 1009 2013 venitur,
1032 1987 1086 2015 qua
1112 1978 1199 2006 Filius
1225 1978 1365 2014 ingenitus
1388 1977 1557 2008 nominetur,
1581 1980 1679 2003 contra

892 2034 942 2054 nos
961 2030 1112 2053 extremum
1128 2023 1263 2052 calculum
1278 2022 1448 2050 emittemus.
1465 2020 1543 2054 Quod
1557 2021 1579 2048 si
1591 2019 1676 2047 falsas

892 2071 1084 2098 accusationes
1113 2073 1141 2096 et
1159 2068 1313 2096 calumnias
1345 2067 1379 2093 ad
1405 2066 1514 2093 libitum
1535 2065 1676 2099 conﬁngit,

893 2117 1027 2152 quidlibet
1054 2116 1082 2143 in
1118 2119 1277 2143 nostrorum
1311 2112 1484 2140 decretorum
1512 2111 1679 2139 calumniam

893 2162 1082 2194 eonscribens,
1100 2161 1218 2188 fortasse
1235 2159 1306 2195 apud
1326 2159 1475 2194 prudentes
1510 2161 1537 2185 et
1553 2157 1610 2184 haec
1627 2163 1679 2184 no-

51 2220 80 2244 γε
94 2210 158 2237 νοῦν
173 2210 263 2245 ἔχουσι
284 2210 331 2236 καὶ
345 2208 416 2243 αὕτη
432 2208 481 2243 τῆς
493 2208 522 2233 ἐν
541 2208 607 2242 ἡμῖν
619 2206 760 2238 εὐσεϐείας
772 2206 838 2233 ἀπό-

893 2213 957 2237 strte
972 2208 1081 2244 pietatis
1097 2207 1177 2234 fuerit
1191 2205 1399 2236 demonstratio,
1418 2204 1483 2239 quia
1492 2203 1608 2231 veritate
1625 2210 1676 2237 pro

51 2257 142 2290 δειξις.
163 2257 224 2282 Ὀτι
242 2257 292 2291 τῆς
313 2255 442 2290 ἀληθείας
465 2254 543 2289 ἡμῶν
567 2251 788 2288 ὑπερμαχούσης,
811 2252 841 2278 τὸ

51 2301 147 2335 ψεῦδος
164 2301 204 2332 εἰς
218 2300 384 2336 κατηγορίαν
397 2299 443 2327 τοῦ
463 2299 596 2335 δόγματος
617 2300 695 2335 ήμῶν
709 2300 841 2335 προεστή-

53 2355 127 2379 σατο,
144 2345 288 2381 ἀλλοτρίαν
312 2345 358 2373 τοῦ
375 2345 508 2381 ἡμετέρου
532 2345 611 2379 λόγου
629 2345 841 2377 κατασκευάζων

52 2393 98 2428 τὴν
122 2393 172 2427 τῆς
195 2392 321 2423 ἀσεὸείας
345 2392 462 2428 γραφήν.
483 2391 551 2418 Ἀλλ’
568 2391 642 2418 ἔστιν
665 2392 693 2418 ὲν
715 2391 840 2426 συντόμῳ

53 2439 118 2473 πρὸς
131 2438 180 2470 τὰς
191 2438 279 2470 αἰτίας
288 2437 387 2469 ταύτας
397 2437 626 2472 ἀπολογήσασθαι.
642 2438 686 2469 Ὠς
696 2437 749 2473 γὰρ
760 2438 841 2473 ἡμεῖς

52 2484 96 2510 τὸν
109 2484 256 2519 ἀγέννητον
270 2481 339 2510 εἶναι
360 2483 472 2517 λέγοντα
487 2484 532 2510 τὸν
550 2484 680 2519 μονογενῆ
698 2483 764 2510 Θεὸν
778 2484 842 2510 ἑπά-

55 2539 132 2564 ρατον
158 2530 298 2565 κρίνομεν,
323 2530 394 2556 οὕτω
421 2529 543 2559 κάκεῖνος
565 2529 712 2564 ἐπαράσθω
729 2528 774 2556 τὸν
804 2529 840 2564 μὴ

55 2573 123 2603 εἶναι
145 2585 210 2603 ποτε
222 2576 268 2603 τὸν
290 2577 319 2602 ἐν
341 2577 410 2612 ἀρχῇ
425 2576 488 2602 ὅντα
513 2575 703 2611 διοριζόμενος.
725 2574 772 2601 Ἐκ
786 2575 840 2610 γὰρ

53 2622 99 2648 τοῦ
110 2622 232 2649 τοιούτου
245 2622 414 2657 δειχθήσεται
424 2621 535 2657 τρόπου,
549 2622 563 2647 ὂ
574 2629 604 2647 τε
619 2621 689 2647 κατὰ
700 2619 839 2654 ἀλήθειαν.

55 2668 101 2695 καὶ
114 2668 129 2694 ὁ
144 2668 348 2703 συκοφαντικῶς
362 2667 410 2699 τὰς
427 2667 516 2698 αἰτίας
530 2666 650 2701 ἐπάγων.
668 2667 699 2693 Et
717 2665 745 2692 δὲ
759 2666 840 2700 ἡμεῖς

56 2713 210 2748 ἀρνούμεθα
223 2713 257 2740 τὰ
267 2713 436 2748 ἐγκλήματα,
451 2713 498 2740 καὶ
510 2712 617 2748 Πατέρα
631 2711 766 2745 λέγοντες,
777 2710 841 2737 Υἱὺν

55 2759 86 2793 τῇ
103 2761 180 2794 φωνῇ
196 2759 414 2794 συνεπινοοῦμεν,
430 2759 476 2785 καὶ
499 2759 561 2786 Υἰὸν
574 2759 766 2793 ὀνομάσαντες,
779 2757 842 2793 ἀλη-

56 2805 108 2836 θῶς
126 2803 196 2831 εἷναί
215 2814 306 2840 φαμεν
324 2805 338 2831 ὃ
358 2805 475 2838 λέγεται,
490 2804 624 2840 γεννητῶς
637 2805 669 2831 ὲκ
691 2803 737 2830 τοῦ
760 2804 839 2838 ἀγεν-

59 2852 135 2886 νήτω
150 2842 237 2884 φωτὸς
256 2850 475 2885 ἁπαυγασθέντα,
494 2851 551 2882 πῶς
571 2851 600 2878 οὐ
618 2849 748 2886 πρόδηλος
764 2850 781 2886 ἡ
796 2858 840 2876 συ-

892 2256 971 2283 nobis
986 2257 1185 2290 propugnante,
1202 2252 1377 2280 mendacium
1393 2251 1420 2277 in
1437 2250 1524 2278 nostri
1542 2249 1679 2285 dogmatis

892 2301 1095 2330 accusationem
1111 2301 1138 2327 in
1153 2299 1271 2327 medium
1284 2298 1410 2334 protulit,
1421 2297 1536 2325 alienam
1551 2304 1565 2323 a
1583 2300 1680 2324 nostro

892 2356 1019 2377 sermone
1048 2345 1198 2381 impietatis
1227 2345 1393 2380 scripturam
1424 2347 1599 2372 construens.
1625 2343 1678 2370 Sed

892 2396 1025 2423 adversus
1043 2395 1092 2421 itas
1107 2392 1316 2420 criminationes
1339 2390 1433 2426 paucis
1450 2390 1541 2418 verbis
1556 2390 1620 2417 licet
1634 2389 1681 2416 de-

893 2440 1013 2469 fendere.
1027 2439 1063 2466 Ut
1079 2439 1151 2466 enim
1175 2445 1226 2465 nos
1242 2436 1394 2472 ingenitum
1420 2444 1481 2464 esse
1507 2435 1678 2470 unigenitum

892 2487 978 2514 Deum
995 2486 1041 2521 qui
1062 2488 1196 2515 autumat,
1212 2491 1274 2511 eum
1292 2482 1490 2510 exsecrabilem
1511 2481 1678 2516 judicamus,

893 2534 933 2562 sic
942 2537 968 2561 et
977 2534 1021 2560 ille
1031 2531 1222 2560 abominabilis
1231 2535 1300 2563 esto,
1310 2529 1358 2565 qui
1371 2537 1426 2556 non
1441 2527 1680 2562 fuissealiquando

892 2588 954 2608 cum
972 2579 1018 2614 qui
1033 2582 1093 2606 erat
1106 2578 1133 2605 in
1150 2577 1286 2612 principio
1303 2575 1478 2603 determinat.
1502 2573 1568 2600 Nam
1584 2573 1679 2600 eodem

892 2624 972 2651 modo
985 2622 1225 2653 demonstrabitur,
1242 2621 1344 2656 quique
1360 2619 1510 2647 secundum
1526 2617 1680 2647 veritatem,

892 2674 920 2697 et
935 2669 980 2704 qui
998 2669 1167 2696 calunmiose
1183 2666 1390 2694 criminationes
1414 2664 1533 2691 inducit.
1553 2662 1632 2696 Quod
1656 2663 1679 2690 si

893 2723 943 2743 nos
959 2715 1112 2742 inﬁciantur
1130 2713 1255 2744 crimina.
1279 2716 1307 2740 et
1320 2712 1427 2738 Patrem
1445 2709 1578 2742 dicentes,
1597 2709 1679 2736 simul

893 2763 976 2790 etiam
991 2761 1089 2788 Filium
1101 2761 1153 2788 hac
1168 2767 1234 2787 voce
1245 2762 1335 2785 mente
1346 2756 1527 2790 concipimus,
1539 2759 1566 2782 et
1580 2754 1680 2782 Filium

893 2808 1078 2840 nominantes,
1110 2814 1175 2834 vere
1190 2812 1251 2832 esse
1272 2804 1390 2831 dicimus
1421 2802 1446 2829 id
1469 2802 1543 2837 quod
1565 2802 1678 2834 dicitur,

897 2861 943 2885 per
962 2852 1070 2880 tuodum
1085 2849 1267 2886 generationis
1281 2848 1315 2876 ab
1332 2847 1452 2882 ingenita
1470 2848 1531 2875 luce
1546 2847 1677 2880 eﬁ'ulgcn-
