1923 3071
255 99 308 128 ὂίθ

917 111 946 141 S.
963 112 1026 140 GRE

1078 113 1127 141 ‘i'til
1147 114 1296 143 NYSSENI
1843 123 1887 152 £20

254 164 319 192 tem,
333 161 470 195 quomodo
490 170 542 189 non
557 166 717 199 propalatur
732 168 870 197 calumnia
885 178 980 198 eorum
994 181 1026 207 qu

254 203 426 218 li..:_-..:-.....
448 207 506 218 Eheu,
532 210 546 218 ι,
705 212 722 218 ..
817 215 833 218 ..
875 216 880 218 _

1093 175 1226 208 κοφιιντία
1243 175 1298 203 τῶν
1319 177 1466 212 ἀγέννητον
1481 178 1571 213 λέγειν
1587 180 1662 215 ἡμᾶς
1683 180 1729 207 τὸν
1749 182 1884 218 Μονογενῆ

254 203 427 240 Unigenitum
447 207 596 243 ingenitum
620 219 670 240 nos
695 212 787 242 dicere
809 215 1041 252 divulgant‘.’Non

253 255 342 278 tamen
370 254 498 287 quoniam
528 263 575 290 per
600 257 710 285 modum
736 262 921 295 generationis
951 264 1040 299 ipsum

252 300 311 320 esse
328 293 457 328 dicimus,
477 305 538 324 cum
556 306 610 326 non
627 299 714 329 fuisse
737 293 886 338 aliquando
916 314 964 341 per
989 307 1041 335 hoc

251 339 479 373 approbabituus.‘
492 342 560 376 Quis
572 345 644 372 enim
663 347 752 374 nescit
773 349 961 378 immediatam
977 360 1040 380 esse

249 386 400 413 secundum
421 388 604 423 signiﬁcatum
622 395 848 423 contrarietatem
861 398 933 425 entis
943 403 969 426 et
985 407 1038 428 non

249 431 385 460 entis?lta
405 438 433 461 ut
447 435 561 464 alterius
590 438 724 467 dictorum
739 442 884 471 affirmatio
906 448 1037 474 contrarii

249 483 364 510 prorsus
379 479 414 506 sit
430 482 551 515 negatio.
573 482 605 510 Et
620 487 851 519 quemadmodum
869 498 931 519 esse
965 493 1036 520 idem

248 527 288 549 cst
318 531 365 557 per
380 532 460 553 omne
475 531 593 563 tempus,
616 530 642 557 in
658 539 713 566 quo
728 533 838 568 quidem
855 536 955 571 aliquis
972 539 1037 566 sub-

248 568 348 597 sistere
371 571 437 605 quid
459 581 554 600 eorum
580 583 641 610 quae
662 582 736 610 sunt,
763 583 960 615 supposuerit:
980 591 1035 612 non

247 615 318 642 enim
337 618 423 652 magis
444 627 517 646 nunc
537 625 578 649 est
602 623 703 651 emlum
725 630 751 652 et
766 627 869 661 sidera,
887 634 914 656 et
932 631 983 663 sol,
1009 636 1039 659 et

248 661 350 698 reliqua
365 671 461 691 eorum
478 675 538 701 qua)
555 673 628 702 sunt,
645 678 726 705 quam
751 672 808 700 beri
827 678 853 701 et
874 676 1034 705 nudiuster-

247 707 311 740 tius,
327 711 451 744 atquein
477 713 551 740 omni
573 716 753 746 antecedente
777 723 914 756 tempore:
939 723 1034 752 eodem

247 754 327 781 modo
351 756 534 791 significatum
563 761 624 796 ejus
657 764 730 798 quod
755 765 855 794 dicitur
881 776 934 796 non
961 778 1033 805 esse,

246 808 354 836 semper
364 802 390 829 in
406 805 479 834 omni
496 813 528 832 ex
546 815 624 842 aequo
642 809 668 836 id
682 812 755 845 quod
768 820 822 840 non
841 815 952 843 exsistit
966 824 1033 844 con-

1095 219 1296 256 θρυλλούντων;
1310 223 1346 250 οὐ
1370 223 1424 259 μὴν
1443 225 1536 261 ἐπειδὴ
1552 226 1690 261 γεννητῶς
1713 227 1801 254 αὑτὸν
1823 226 1885 255 sini

1094 274 1193 302 φαμεν,
1207 268 1237 295 τὸ
1252 269 1289 305 μὴ
1305 267 1374 297 εἶναι
1390 263 1474 297 αὖτ’δν
1491 272 1565 303 ποτὲ,
1579 272 1623 298 διὰ
1644 272 1725 299 τοῦτο
1741 275 1885 309 παραδεξό-

1094 312 1173 347 μεοα.
1191 314 1239 345 Τίς
1251 314 1305 350 γὰρ
1320 315 1371 341 οὐκ
1384 313 1453 343 οἶδεν
1471 316 1512 343 ὃτι
1535 317 1636 352 ἇμεσός
1647 319 1724 345 seen
1738 321 1756 355 ἡ
1774 321 1846 346 κατὰ
1860 321 1885 347 τὸ

1093 360 1290 394 σημαινόμενον
1300 361 1457 394 ἐναντίωσις
1471 362 1518 389 τοῦ
1530 362 1606 395 ὄντος
1617 364 1663 390 καὶ
1677 364 1726 391 τοῦ
1745 366 1785 401 μὴ
1799 366 1883 399 δντοςς

1092 404 1172 430 Ὥστε
1191 405 1238 440 τὴν
1254 406 1300 432 τοῦ
1316 407 1409 443 ἑτέρου
1423 409 1478 434 τῶν
1500 409 1653 444 εἰρημένων
1673 409 1763 443 θέσιν,
1780 412 1883 447 ἁναῖρε-

1091 458 1133 476 σιν
1149 449 1196 476 τοῦ
1210 451 1330 478 ἐναντίου
1350 453 1477 487 γενέσθαι
1496 454 1614 487 πάντως.
1631 456 1687 483 Καὶ
1701 457 1745 483 ὅτι
1762 458 1883 494 καθάπρ

1088 495 1118 521 τὸ
1137 493 1207 522 εἶναι
1220 497 1291 524 κατὰ
1314 498 1413 531 παντὸς
1432 501 1528 534 χρόνον
1546 501 1642 528 ταύτόν
1657 502 1744 535 ἐστιν,
1759 503 1791 529 ἐν
1812 501 1882 539 ᾧπερ

1088 542 1120 569 ἄν
1135 552 1177 575 τις
1199 544 1346 578 ὑφεστάναι
1369 554 1396 572 τι
1421 546 1475 572 τῶν
1498 546 1582 574 ὄντων
1599 547 1754 583 ὑπόθηται·
1779 550 1810 576 οὐ
1832 552 1882 586 γὰρ

1089 589 1190 624 μᾶλλον
1206 588 1254 616 νῦν
1273 591 1346 617 ἐστιν
1360 591 1473 627 οὐρανὸς
1487 593 1533 619 καὶ
1550 593 1647 629 ἄστρα,
1667 595 1716 622 καὶ
1734 595 1822 630 ἥλιος,
1840 597 1882 623 ut

1086 634 1121 660 τὰ
1133 634 1213 661 λοιπὰ
1226 635 1280 663 τῶν
1293 635 1377 663 ὄντων
1391 638 1407 673 ἢ
1423 637 1487 673 χθὲς
1503 639 1550 665 καὶ
1561 636 1666 675 πρώην,
1684 640 1733 667 καὶ
1747 642 1833 668 παντὶ
1848 643 1881 678 τῷ

1087 681 1234 716 προάγοντι
1249 683 1338 718 χρόνῳ
1349 692 1355 698 ·
1370 683 1416 710 τὸν
1428 684 1509 711 αὐτὸν
1524 685 1623 720 τρόπον
1639 687 1748 713 καὶτοῦ
1765 688 1803 723 μὴ
1817 686 1879 715 εἶναι

1086 725 1116 752 τὸ
1130 727 1328 762 σημαινόμενον
1340 729 1438 764 ἐπίσης
1449 730 1478 756 ὲν
1491 731 1573 757 παντὶ
1583 731 1615 758 τὸ
1626 732 1805 767 ἀνύπαρκτον
1818 734 1878 768 ἔχει.

1086 771 1147 798 Εἴτε
1162 773 1233 799 κατὰ
1249 773 1278 800 τὸ
1294 774 1425 810 πρότερόν
1440 783 1491 808 τις,
1507 776 1561 803 εἴτε
1574 777 1643 804 κατὰ
1655 778 1686 804 τὸ
1707 779 1825 814 ὕστερον
1838 781 1877 806 λέ-

1085 826 1138 852 γοι.
1152 819 1188 845 οὺ
1203 819 1256 854 γὰρ
1274 820 1374 854 μᾶλλον
1384 820 1432 847 νῦν
1444 829 1469 847 τι
1483 822 1535 849 τῶν
1552 822 1718 857 ὑφεστώτων
1733 826 1786 851 οὐκ
1800 826 1876 857 ἔστιν,

246 847 324 874 tinet.
342 848 404 877 Sive
420 851 482 885 quis
508 854 660 882 secundum
679 857 766 892 prius,
795 859 853 888 sive
878 863 1026 890 secundum

247 894 380 907 “Apin—1....
397 896 430 907 .lf,
443 901 465 907 λι
508 898 529 907 l1
620 901 626 907 ι
749 905 754 907 .

1087 847 1102 899 ἦ
1119 865 1143 890 εὶ
1159 847 1290 900 πρότερον
1302 866 1476 903 ἀνύπαρκτον
1486 866 1529 904 ἦν,
1544 847 1612 896 ἀλλὰ
1621 867 1661 901 εἷς
1670 871 1685 897 ὁ
1694 871 1745 897 τοῦ
1761 872 1800 907 μὴ
1813 870 1876 899 εἶναι

246 894 380 926 posterius
394 896 477 923 dicat.
507 898 566 926 Non
582 901 655 928 enim
685 905 772 938 magis
791 913 874 939 nunc,
900 908 966 943 quid
989 917 1034 938 eo-

246 946 303 964 rum
318 948 378 974 quae
395 942 588 978 substiterunt,
603 954 657 974 non
671 954 722 981 est,
741 958 823 985 quam
844 953 867 988 si
884 942 962 988 prius
977 963 1033 984 non

243 983 404 1017 exstitisset,
422 988 469 1014 sed
486 996 539 1016 una
557 991 708 1028 eademque
723 999 765 1022 est
785 999 895 1025 essendi
916 1000 987 1028 ratio
1004 1002 1032 1029 in

243 1035 275 1055 vo
290 1030 362 1064 quod
381 1039 434 1059 non
462 1038 516 1066 est,
548 1035 577 1063 in
607 1039 681 1066 omni
711 1043 853 1076 temporali
875 1045 1030 1075 intervallo.

242 1074 376 1106 Quocirca
393 1078 419 1104 in
448 1079 612 1110 animalibus
638 1085 697 1118 ejus
712 1088 784 1121 quod
810 1088 861 1116 fuit
882 1091 908 1118 in
939 1100 1030 1120 rerum

243 1125 339 1148 natura
354 1122 380 1149 in
398 1124 423 1151 id
440 1126 514 1160 quod
539 1135 593 1155 non
620 1134 661 1158 est
687 1133 897 1168 resolutionem,
927 1142 954 1165 et
970 1139 1030 1173 ejus

241 1168 314 1202 quod
331 1171 452 1198 nondum
467 1172 494 1199 in
515 1181 605 1202 rerum
619 1180 746 1205 naturam
763 1187 905 1209 accessum
919 1184 1025 1219 habuit,

241 1214 399 1243 nominibus
413 1217 522 1251 quidem
543 1219 743 1255 diderentibus,
763 1232 817 1252 non
840 1228 1029 1258 exsistentiam

241 1258 443 1293 signiﬁcamus,
458 1262 501 1290 vel
513 1271 568 1290 non
585 1266 706 1300 genitum
733 1267 821 1298 fuisse
838 1279 852 1297 a
882 1272 1027 1308 principio,

240 1304 282 1331 vel
309 1310 446 1333 mortuum
481 1315 542 1335 esse
566 1310 687 1344 genitum
721 1312 866 1342 dicentes:
886 1317 1029 1351 aequaliter

241 1353 330 1377 autem
346 1358 395 1385 per
419 1357 563 1388 utramque
576 1362 681 1389 voeeln,
696 1365 750 1385 non
764 1360 950 1389 exsistentiam
963 1371 1027 1391 ora-

241 1396 315 1424 tione
339 1403 577 1432 rcprmsentamus.
609 1401 846 1434 Quemadmodum
872 1407 944 1435 enim
969 1409 1028 1437 dies

241 1446 320 1470 nocte
338 1444 506 1478 continetur,
523 1446 557 1473 ab
575 1452 690 1483 utraque
702 1455 791 1484 parte,
807 1459 861 1479 non
879 1459 969 1481 autem
982 1455 1027 1482 di-

240 1492 340 1515 runtur
353 1490 446 1518 eodem
463 1492 543 1519 modo
556 1498 647 1527 partes
665 1503 725 1530 quae
743 1498 896 1532 continent,
916 1501 965 1528 sed
976 1501 1027 1529 hoc

239 1534 348 1568 quidem
372 1540 433 1571 post
449 1545 600 1572 vesperam,
619 1541 683 1567 illud
701 1550 766 1569 vero
784 1549 847 1571 ante
865 1545 1026 1579 diluculum,

240 1586 292 1605 nox
309 1584 397 1607 autem
411 1585 452 1608 est
468 1582 540 1615 quod
550 1583 706 1612 declaratur
724 1589 877 1616 secundum
896 1595 1026 1626 utraque:

242 1624 338 1650 eodem
358 1627 449 1659 modo,
470 1629 491 1655 si
509 1629 571 1663 quis
591 1638 624 1657 ex
640 1636 735 1660 mutua
752 1634 825 1661 inter
838 1643 867 1663 se
889 1644 1028 1672 compara-

239 1670 313 1697 tione
330 1679 392 1698 cum
406 1680 438 1699 eo
453 1674 526 1708 quod
539 1677 675 1710 est,quod
694 1686 748 1706 non
765 1685 807 1708 est
821 1682 942 1710 vicissim
959 1692 1027 1711 con-

239 1716 350 1750 sideret,
365 1718 518 1747 nominabit
546 1721 655 1756 quidem
681 1724 848 1759 ditiorenter,
870 1729 943 1763 quod
963 1735 1026 1758 ante

237 1763 462 1791 constitutionem
489 1771 516 1794 et
544 1768 615 1802 quod
644 1775 706 1804 post
733 1772 940 1803 dissolutionem
965 1777 1025 1812 ejus

237 1810 310 1843 quod
329 1811 354 1837 in
376 1818 466 1838 rerum
483 1816 580 1840 natura
595 1815 772 1852 substiterat;
789 1820 836 1846 sed
850 1829 932 1848 unum
947 1830 1026 1857 pror-

237 1861 285 1882 sus
300 1855 425 1891 idemque
442 1858 624 1892 signiﬁcatum
639 1869 687 1896 per
699 1867 816 1898 utraque
837 1855 979 1902 iiitelliget,
997 1874 1025 1896 et

235 1901 308 1935 quod
324 1906 386 1930 ante
399 1904 635 1938 constitutionem,
654 1911 681 1935 et
694 1909 766 1941 quod
778 1915 839 1945 post
861 1901 1023 1942 dissolutio-

234 1955 296 1975 nem
307 1949 367 1983 ejus
381 1950 453 1984 quod
470 1951 644 1980 substiterat.
676 1953 744 1982 Nam
764 1964 819 1984 non
836 1965 896 1986 esse
911 1963 938 1986 et
963 1960 1024 1995 ejus

233 1995 305 2029 quod
321 2003 461 2030 nunquam
478 1997 538 2032 fuit,
571 2003 598 2026 et
623 2000 683 2035 ejus
711 2003 785 2036 quod
811 2009 948 2033 mortuum
969 2011 1021 2040 est,

234 2038 305 2066 idem
320 2045 371 2072 est,
388 2046 500 2076 excepta
522 2047 627 2071 tantum
647 2047 786 2075 nominum
809 2049 972 2084 diti'erenlia.
998 2052 1022 2079 si

233 2088 324 2112 tamen
350 2088 490 2121 exceperis
507 2096 567 2115 eam
584 2097 644 2124 quae
662 2091 690 2118 in
711 2099 760 2126 spe
784 2098 826 2121 est
841 2097 1022 2124 resurrectio-

233 2138 306 2158 nem.
322 2132 455 2165 Quoniam
475 2133 557 2169 igitur
575 2136 637 2163 vita:
658 2138 810 2173 principem
835 2145 861 2167 et
875 2141 1021 2175 ipsammet

1085 907 1162 943 λόγος
1171 910 1217 936 ἐπὶ
1230 910 1277 937 τοῦ
1290 911 1327 947 μὴ
1340 911 1416 944 ὄντος
1432 913 1460 939 ἐν
1475 914 1555 941 παντὶ
1567 916 1686 951 χρονικῴ
1700 917 1874 952 διαστήματι.

1084 955 1128 981 Διὸ
1148 956 1195 983 καὶ
1209 956 1255 983 ἐπὶ
1277 957 1331 983 τῶν
1352 956 1429 990 ζώων
1449 959 1498 994 τήν
1515 968 1545 986 τε
1560 960 1606 988 τοῦ
1623 963 1771 996 γεγονότος
1790 963 1830 995 είς
1848 963 1875 990 τὸ

1085 1000 1122 1036 μὴ
1132 1001 1161 1028 ὃν
1176 1001 1314 1034 ἀνάλυσιν,
1329 1003 1377 1029 καὶ
1393 1003 1440 1030 τοῦ
1458 1005 1571 1040 μηδέπω
1585 1006 1634 1041 τὴν
1654 1007 1693 1039 εἰς
1708 1007 1741 1034 τὸ
1754 1008 1874 1042 γενέσθαι

1082 1048 1198 1082 πάροδον
1218 1049 1375 1084 ἐσχηκότος,
1398 1051 1511 1086 ὀνόμασι
1530 1053 1579 1088 μὲν
1599 1054 1742 1090 διαφόροις
1761 1056 1813 1090 τὴν
1837 1058 1875 1082 ἀν-

1081 1093 1218 1128 υπαρξίαν
1233 1096 1411 1131 σημαίνομεν,
1425 1097 1441 1132 ἢ
1460 1098 1496 1133 μὴ
1509 1099 1674 1135 γεγενῆσθαι
1687 1101 1738 1135 τὴν
1747 1102 1845 1137 ἀρχὴν,
1859 1103 1873 1138 ἢ

1080 1137 1207 1165 τεθνάναι
1231 1140 1261 1166 τὸ
1290 1140 1459 1175 γεννώμενον
1485 1142 1619 1177 λέγοντες.
1647 1145 1763 1181 Ἐπίσης
1790 1147 1819 1174 δὲ
1844 1147 1873 1174 δι’

1081 1184 1214 1219 ἑκατέρας
1226 1188 1317 1222 φωνῆς
1328 1187 1358 1214 τὸ
1370 1189 1545 1225 ἀνύπαρκτον
1556 1191 1736 1227 παριστῶμεν
1746 1192 1786 1227 τῷ
1796 1193 1871 1228 λόγῳ.

1083 1230 1187 1267 Ὥσπερ
1200 1231 1254 1268 γὰρ
1272 1234 1288 1268 ἠ
1311 1235 1403 1270 ἡμέρα
1419 1237 1497 1263 νυκτὶ
1514 1239 1672 1272 περιέχεται
1698 1240 1763 1267 καθ’
1782 1242 1872 1268 ἑκάτε-

1081 1285 1127 1311 ρον
1144 1277 1237 1312 μέρος,
1260 1278 1367 1313 λέγεται
1381 1280 1409 1307 δὲ
1425 1282 1473 1316 οὐχ
1497 1282 1629 1315 ὡσαύτως
1647 1285 1682 1311 τὰ
1702 1286 1871 1321 περέχοντσ,

1080 1322 1148 1349 ἀλλὰ
1161 1323 1190 1350 τὸ
1205 1324 1254 1359 μὲν
1266 1325 1335 1359 μετὰ
1350 1326 1399 1361 τὴν
1411 1327 1542 1363 ἑσπέραν,
1556 1329 1585 1354 τῆ
1597 1329 1624 1355 δὲ
1637 1330 1692 1365 πρὸ
1702 1330 1750 1357 τοῦ
1766 1332 1871 1367 δρθρου,

1079 1369 1127 1402 νὺξ
1140 1369 1168 1396 δὲ
1184 1371 1214 1396 τὸ
1230 1370 1394 1406 δηλούμενόν
1410 1374 1467 1400 ἐστι
1481 1375 1541 1401 κατ’
1556 1375 1699 1411 ἀμφότερα
1710 1385 1717 1391 '
1732 1377 1782 1404 τὸν
1798 1379 1872 1405 αὑτὸν

1079 1415 1179 1450 τρόπον
1194 1417 1219 1442 εί
1232 1417 1264 1443 ὲκ
1276 1417 1323 1443 τοῦ
1340 1418 1514 1454 παραλλήλου
1527 1420 1595 1455 πρὺς
1609 1421 1639 1447 τὸ
1649 1421 1681 1447 ὃν
1697 1423 1870 1459 ἀντιθεωροὲη

1079 1468 1121 1492 τις
1137 1460 1166 1487 τὸ
1181 1461 1218 1497 μὴ
1243 1462 1284 1494 ὃν,
1303 1464 1486 1499 κατονομάσει
1502 1465 1551 1500 μὲν
1568 1466 1705 1502 διαφόρως
1728 1468 1758 1494 τό
1775 1477 1805 1494 τε
1823 1470 1872 1503 ιτιώ

1079 1508 1128 1542 τῆς
1145 1508 1300 1540 συστάσεως
1324 1509 1370 1536 καὶ
1385 1510 1415 1536 τὸ
1441 1510 1509 1544 μετὰ
1531 1512 1581 1546 τὴν
1594 1512 1640 1537 τοῦ
1656 1513 1807 1546 συστάντος
1821 1515 1872 1541 διάρ

1080 1553 1166 1585 λυσιν,
1181 1554 1211 1580 ἓν
1230 1554 1258 1581 δὲ
1272 1555 1363 1590 νοήσει
1378 1555 1412 1581 δι’
1429 1556 1591 1598 ἀμφοτέρων
1613 1558 1644 1584 τὸ
1661 1561 1868 1596 σημαινόμενον,

1078 1598 1109 1624 τό
1123 1606 1153 1624 τε
1169 1598 1222 1634 πρὸ
1245 1598 1296 1634 τῆς
1312 1599 1480 1633 συστάσεως,
1498 1602 1545 1628 καὶ
1560 1602 1589 1629 τὸ
1606 1604 1675 1637 μετὰ
1698 1605 1750 1640 τὴν
1764 1607 1811 1633 τοῦ
1825 1616 1868 1634 συ-

1079 1644 1191 1679 στάντος
1210 1645 1341 1672 διάλυσιν.
1359 1646 1396 1673 Τὸ
1411 1648 1464 1682 γὰρ
1482 1647 1519 1682 μὴ
1537 1646 1617 1680 εἶναι,
1637 1649 1684 1677 τοῦ
1700 1659 1731 1677 τε
1758 1653 1797 1688 μὴ
1812 1662 1868 1687 γεν-

1078 1690 1206 1725 νηθέντος
1224 1691 1271 1718 καὶ
1283 1691 1330 1718 τοῦ
1347 1691 1508 1727 τεθνηκότος
1525 1694 1596 1730 πλὴν
1609 1695 1658 1730 τῆς
1671 1696 1806 1732 διαφορᾶς
1820 1700 1868 1725 τῶν

1077 1736 1228 1771 ὀνομάτων,
1242 1735 1299 1764 ῐσόν
1317 1739 1400 1772 ἐστιν,
1429 1740 1638 1776 ὑπεξῃρημένου
1659 1742 1707 1769 τοῦ
1732 1746 1803 1771 κατὰ
1823 1746 1867 1780 τὴν

1077 1782 1171 1809 ἐλπίδα
1185 1783 1235 1817 τῆς
1249 1784 1422 1815 ἀναστάσεως
1437 1785 1527 1819 λόγου.
1553 1786 1661 1823 Ἐπειδὴ
1677 1789 1772 1817 τοίνυν
1788 1792 1866 1826 ἀρχη-

1076 1827 1122 1862 γὸν
1132 1827 1205 1863 ζωῆς
1217 1829 1264 1855 καὶ
1287 1829 1426 1864 αὑτοξωὴν
1448 1831 1492 1858 τὸν
1512 1836 1643 1869 μονογενῆ
1655 1834 1723 1861 Θεὸν
1734 1837 1810 1871 παρὰ
1821 1838 1865 1872 τῆς

1075 1874 1186 1909 Γραφῆς
1213 1875 1423 1911 μεμαθήκαμεν,
1440 1877 1487 1903 καὶ
1505 1877 1573 1912 φῶς,
1595 1880 1641 1906 καὶ
1663 1881 1805 1915 ἀλήθειαν,
1823 1885 1865 1910 καὶ

1075 1920 1128 1946 πᾶν
1142 1920 1238 1956 ὅτιπερ
1251 1921 1325 1947 ἐστιν
1338 1922 1367 1948 ὲν
1381 1922 1492 1957 ὀνόματι
1505 1923 1553 1950 καὶ
1563 1925 1680 1960 νοήματι
1690 1927 1791 1962 τίμιον,
1809 1930 1864 1956 ἆτο-

1075 1975 1124 1993 πον
1141 1967 1187 1993 καὶ
1210 1967 1337 2000 δυσσεϐὲς
1351 1966 1420 1995 εἶναί
1442 1979 1543 2005 φαμεν,
1565 1971 1603 2006 τῷ
1622 1971 1708 2005 ὅντως
1725 1975 1783 2002 ὖντι
1806 1985 1865 2003 συν-

1074 2010 1187 2046 θεωρεῖν
1206 2012 1237 2038 τδ
1262 2012 1291 2044 ὲξ
1313 2013 1437 2040 ἐναντίου
1463 2015 1620 2052 νοούμενον,
1644 2019 1660 2054 ἢ
1682 2018 1805 2048 διάλυσιν
1827 2023 1864 2054 είς

1073 2056 1186 2092 φθορὰν,
1201 2057 1218 2092 ἢ
1231 2057 1401 2094 ἁνυπαρξίαν
1413 2060 1465 2096 πρὸ
1479 2062 1529 2097 τῆς
1540 2059 1706 2098 συστάσεως,
1721 2067 1790 2093 ἀλλὰ
1800 2076 1864 2095 παν-

1072 2102 1185 2136 ταχόθεν
1201 2103 1269 2137 πρὸς
1289 2103 1321 2129 τὺ
1351 2104 1517 2140 προαιὼνιον
1536 2108 1738 2143 ἐπεκτείνοντες
1762 2113 1863 2140 ἑαυτῶν

1071 2147 1121 2182 τὴν
1134 2148 1264 2182 διάνοιαν,
1286 2149 1405 2185 οὐδαμοῦ
1421 2152 1491 2187 πρὸς
1504 2153 1535 2180 τὺ
1558 2155 1596 2190 μὴ
1618 2155 1647 2182 ὃν
1669 2159 1731 2188 ταῖς
1750 2159 1862 2191 ἐννοίαις

230 2176 314 2203 vitam
338 2178 509 2212 unigenitum
531 2180 616 2208 Deum
641 2189 674 2209 ex
697 2183 839 2219 Scriptura
859 2186 1019 2223 didicimus,

231 2225 254 2240 ιιΙ
274 2222 358 2240 Inmun
390 2227 413 2240 nl
432 2225 572 2240 uas-imum“
611 2231 635 2240 ..ι
655 2229 786 2240 -..ι.ιμ..ενι
811 2236 845 2240 η.
941 2234 946 2239 .

1078 2176 1189 2230 λήγομεν
1199 2203 1207 2210 ⁸
1218 2176 1276 2222 ἶσόν
1285 2197 1325 2227 είς
1334 2176 1461 2225 ἀσέϐειαιν
1471 2176 1609 2233 ἑρίνονζεις
1617 2177 1768 2238 οεῳδήποτε
1779 2176 1863 2240 Ipsi);

231 2225 257 2246 et
273 2222 370 2254 lucem,
390 2227 416 2250 et
432 2225 586 2259 veritatem,
609 2231 636 2254 et
652 2229 786 2265 quidquid
805 2236 847 2259 est
873 2234 1017 2262 nominatu

230 2270 256 2293 et
272 2267 410 2295 intellectu
425 2268 537 2304 dignum
563 2276 590 2299 et
612 2273 784 2309 bonorabile,
807 2277 957 2307 absurdum
979 2286 1019 2308 at-

229 2320 282 2347 que
296 2313 410 2348 impium
428 2314 547 2344 dicimus
572 2326 644 2352 esse,
673 2327 736 2348 cum
755 2329 788 2350 eo
812 2324 858 2358 qui
877 2332 942 2353 vere
963 2331 1015 2359 est,

228 2360 408 2394 contemplari
427 2361 509 2389 etiam
540 2364 613 2398 quod
636 2373 651 2393 e
676 2369 817 2396 contrario
843 2371 1015 2408 intelligitur,

227 2405 270 2431 \‘L‘l
290 2404 495 2435 dissolutiOnem
513 2409 539 2436 in
565 2410 718 2445 interitum,
748 2415 790 2441 vel
811 2423 865 2444 non
881 2419 1017 2447 exsisten-

229 2450 292 2476 tiam
313 2455 376 2478 ante
394 2454 628 2487 constitutionem.
661 2458 709 2486 sed
725 2460 846 2496 undique
871 2463 1016 2498 cogitatio-

228 2505 289 2525 nem
318 2498 351 2525 ad
382 2499 407 2526 id
434 2501 506 2535 quod
531 2503 629 2530 saecula
661 2507 801 2539 praecessit
824 2510 1013 2544 extendentes,

226 2553 362 2581 nusquam
377 2547 410 2574 ad
438 2548 462 2575 id
479 2549 552 2584 quod
576 2558 632 2578 non
649 2557 691 2579 est
714 2554 928 2588 cogitationibus
947 2558 1014 2586 deii-

226 2592 328 2624 nimus,
354 2594 486 2627 aequalem
516 2594 684 2630 impietatem
702 2598 871 2633 judicantes.
894 2603 1013 2637 quodam

225 2639 335 2666 tandem
352 2644 475 2675 tempore
487 2649 535 2676 per
546 2650 600 2669 non
622 2645 811 2673 exsistenliam
824 2647 944 2676 divinam
964 2658 1013 2678 na-

225 2688 314 2712 turam
331 2687 540 2715 circumcidere.
563 2689 634 2717 Idem
652 2698 724 2718 εη1111
740 2697 782 2720 est
804 2697 831 2720 et
848 2697 963 2724 mortale
976 2697 1014 2725 di-

225 2736 288 2755 cere
316 2731 496 2761 immortalem
525 2735 619 2767 vitam,
650 2741 678 2764 et
695 2736 790 2765 falsam
814 2741 956 2769 veritatem
985 2747 1012 2770 ct

225 2775 396 2804 tenebrosam
413 2779 510 2812 lucem,
530 2785 557 2808 et
573 2789 627 2808 non
651 2790 713 2810 esse
741 2784 767 2811 id
789 2785 860 2820 quod
878 2791 931 2815 est.
960 2789 1011 2821 Qui

228 2820 308 2855 igitur
334 2830 387 2849 non
409 2824 466 2852 fore
497 2827 643 2862 aliquando
674 2837 728 2857 non
759 2833 895 2866 concedit,
924 2842 1012 2870 neque

1071 2239 1105 2266 δι’
1119 2241 1289 2276 ἀνυπαρξίας
1303 2243 1481 2278 περικόπτειν
1496 2245 1526 2272 τὸ
1534 2244 1621 2274 Θεῖον.
1638 2248 1728 2275 Ταὺτὺ
1740 2239 1861 2286 γάργέστι

1072 2286 1118 2313 καὶ
1133 2286 1233 2322 θνητὴν
1245 2288 1331 2315 είπεῖν
1343 2288 1393 2324 τὴν
1409 2290 1542 2318 ἀθάνατον
1552 2292 1634 2328 ζωὴν,
1652 2294 1699 2322 καὶ
1718 2295 1802 2332 ψευδῆ
1817 2297 1862 2333 τὴν

1071 2331 1208 2366 ἀλήθειαν,
1227 2333 1273 2360 καὶ
1286 2334 1422 2370 σκοτεινὸν
1438 2335 1469 2362 τὸ
1479 2336 1547 2370 φῶς,
1568 2338 1614 2364 καὶ
1637 2339 1677 2375 μὴ
1690 2337 1762 2367 εἶναι
1778 2343 1808 2368 τι
1823 2331 1859 2369 ὃν.

1076 2376 1105 2402 '0
1118 2377 1208 2404 τοίνυν
1221 2378 1251 2405 τὺ
1266 2379 1303 2414 μὴ
1319 2378 1431 2407 ἔσεσθαί
1445 2389 1510 2408 ποτε
1524 2382 1562 2418 μὴ
1584 2383 1682 2417 διδοὺς,
1699 2386 1762 2414 οὐδὲ
1783 2388 1813 2414 τὸ
1826 2388 1860 2423 μὴ

1070 2421 1138 2451 εἶναι
1150 2433 1216 2452 ποτε
1227 2425 1400 2460 συνθήσεται,
1413 2428 1484 2455 κατὰ
1498 2429 1544 2456 τὸν
1557 2430 1690 2466 ἡμέτερον
1709 2432 1800 2467 λόγον,

1069 2469 1153 2505 αὐτὴν
1166 2470 1282 2497 ἀτοπίαν
1296 2471 1405 2506 φεύγων
1421 2474 1481 2500 καθ’
1497 2475 1627 2511 ἑκάτερον
1646 2477 1744 2512 μέρος·
1757 2480 1795 2511 ὡς
1809 2480 1859 2513 γὰρ

1068 2515 1099 2541 τὸ
1114 2515 1291 2543 ἀτελέστατον
1307 2517 1357 2553 τῆς
1378 2518 1451 2554 ζωῆς
1472 2520 1520 2546 τοῦ
1539 2521 1709 2556 Μονογενοῦς
1729 2525 1781 2551 οὐκ
1800 2527 1857 2552 ἐπι-

1069 2562 1163 2588 χότπει
1178 2562 1303 2595 θάνατος,
1321 2563 1408 2596 οὕτως
1431 2565 1490 2592 οὐδὲ
1506 2567 1576 2594 κατὰ
1590 2568 1620 2594 τὸ
1634 2569 1690 2596 ἄνω
1708 2571 1725 2606 ἡ
1738 2571 1858 2608 ἀνυπαρ-

1068 2607 1112 2640 ξία
1124 2609 1216 2643 στήσει
1230 2609 1299 2644 πρὸς
1313 2609 1343 2636 τὸ
1355 2610 1439 2637 ἀΐδιον
1451 2612 1533 2638 αὐτοῦ
1547 2613 1594 2648 τὴν
1606 2614 1679 2650 ζωὴν
1693 2617 1855 2651 προῖοῡσαν-

1067 2652 1104 2683 ὼς
1118 2652 1150 2679 ἂν
1168 2654 1334 2689 πανταχόθεν
1351 2655 1499 2692 καθαρεύοι
1517 2658 1547 2684 τὺ
1569 2659 1653 2692 ὅντως
1674 2660 1705 2687 ὃν
1721 2662 1772 2696 τῆς
1791 2664 1855 2699 πρὸς

1067 2698 1096 2724 τὸ
1109 2698 1145 2734 μὴ
1164 2699 1247 2732 ὅντως
1264 2700 1292 2726 ὃν
1304 2702 1455 2734 κοινωνίας.
1471 2703 1520 2730 Διά
1533 2704 1611 2731 τοῦτο
1625 2706 1719 2742 πόρῤω
1734 2698 1851 2742 γίνεσθαι

1067 2743 1115 2778 τῆς
1133 2745 1260 2780 τοιαύτης
1276 2746 1378 2782 πλάνης
1394 2749 1457 2780 τοὺς
1469 2749 1593 2785 μαθητὰς
1607 2750 1693 2779 θέλων
1712 2754 1726 2779 ὀ
1739 2754 1837 2789 Κύριος

1065 2791 1102 2821 ὡς
1116 2790 1149 2817 ἂν
1168 2791 1204 2826 μή
1230 2800 1295 2819 ποτε
1321 2793 1366 2819 καὶ
1390 2794 1465 2821 αὐτοὶ
1487 2795 1517 2822 τὸ
1533 2797 1717 2833 πρεσϐύτερον
1735 2800 1784 2834 τῆς
1806 2801 1851 2827 τοῦ

1067 2838 1234 2872 Μονσγενοῦς
1261 2839 1435 2873 ὑποστάσεως
1448 2842 1655 2878 ἀναζητοῦντες,
1673 2846 1740 2883 πρὸς
1757 2846 1787 2874 τὸ
1803 2847 1852 2886 ἀνῇ
