1970 3076
239 103 292 132 8‘23

838 105 866 132 S.
891 104 1051 133 GREGOBII
1070 103 1213 133 NYSSENI

1816 106 1868 134 8'24

240 164 314 188 esset
330 159 426 193 Filius,
443 161 594 188 secundum
608 162 694 196 ipsos,
718 170 807 198 neque
829 164 930 191 veritas
943 163 1024 190 nimi-

1082 163 1134 190 )εια
1149 165 1269 200 δηλονότι
1292 165 1422 200 ἐγεγόνει,
1439 165 1499 192 οὔτε
1521 166 1550 192 τὺ
1568 166 1662 202 νοητὸν
1685 165 1753 200 φῶς,
1772 164 1834 192 οὔτε
1851 164 1870 200 ἠ

243 214 303 233 rum
329 206 430 239 fuerat,
461 215 549 252 neqpe
574 207 619 234 lux
642 213 730 236 meme
751 209 915 244 cogitabilis,
939 217 1028 244 neque

244 253 306 279 fons
322 252 392 286 vitae,
411 261 499 286 neque
522 253 548 279 iu
575 254 735 281 universum
768 255 851 282 ullius
871 255 979 282 honesti
1001 260 1028 282 et

245 297 306 323 boui
325 302 432 324 natura.
458 298 540 333 Atqui
572 299 668 325 horqu
696 299 914 334 uniuscujusque
933 307 1027 327 exem-

243 344 335 376 ptione
348 343 421 379 quod
444 353 459 371 c
474 345 614 372 contrario
643 345 818 381 intelligitur,
835 346 974 374 subsistit.
997 345 1029 372 Et

244 389 266 415 si
285 389 329 415 lux
351 397 404 416 non
420 395 542 422 est,‘uon
560 395 653 426 potest
665 391 723 418 lieri
737 392 803 426 quiti
818 392 872 419 sint
895 392 1028 424 tenebrze,

243 438 269 460 et
284 435 311 461 in
328 435 390 462 aliis
398 436 495 463 eodem
512 437 604 469 modo,
630 438 691 464 loco
705 445 798 464 eorum
814 446 875 472 quae
897 442 1029 472 praestan-

244 480 312 506 tiora
332 480 534 514 intelliguntur,
551 490 612 509 eum
629 483 726 509 horum
740 483 850 517 aliquod
866 491 920 509 non
937 483 1026 513 adest,

246 534 298 552 non
315 527 452 562 contingit
481 529 650 555 contrarium
677 537 792 563 prorsus
810 537 864 555 non
884 537 945 556 esse
970 529 1029 556 loco

190 600 195 604 ,
243 571 404 599 deficientis.
419 572 490 607 Ergo
512 581 627 602 necesse
642 580 684 602 est
713 575 835 606 omnino,
857 575 881 602 si
904 576 1030 602 volunta-

244 622 297 644 lem
314 623 386 646 esset
399 619 544 647 habiturus
561 619 643 648 Pater
664 620 781 648 faciendi
809 621 906 648 Filium
932 629 1029 649 secun-

243 664 308 690 dum
322 665 456 692 haereseos
474 674 639 698 sermonem,
661 675 724 694 cum
753 668 820 694 nihil
836 672 909 695 esset
934 676 1028 696 eorum

243 717 304 744 qua:
319 709 404 737 Filius
420 715 473 742 est,
492 711 583 738 omnia
603 712 741 738 contraria
763 713 790 739 in
810 712 870 747 ipso
883 712 969 740 fuisse
980 720 1029 738 au-

245 761 369 789 tumare;
388 764 436 790 pro
453 757 513 784 luce
539 757 678 790 tenebras,
706 765 754 792 pro
774 758 889 786 veritate
913 758 1027 786 menda-

244 801 328 833 cium‘,
347 809 395 836 pro
409 802 462 828 vita
475 808 601 836 mortem,
611 810 659 838 pro
672 803 742 831 Μοιιο
756 805 868 832 malum.
886 805 938 837 Qui
953 805 1026 832 enim

244 851 330 879 creat,
351 855 411 882 qum
427 856 480 875 non
494 852 558 876 sunt
575 853 672 882 creat;
692 849 829 884 siquidem
849 850 874 877 ei
884 850 956 884 quod
973 854 1027 881 est.

245 900 298 919 non
315 901 384 928 opus
396 899 449 926 est,
467 900 497 922 ut
512 896 550 923 ait
572 895 733 927 Eunomius,
762 901 791 923 ut
819 900 973 932 generetur.
995 896 1029 924 lis

245 945 310 965 vero
338 947 399 974 qua:
423 948 471 974 per
497 942 700 976 oppositioncm
725 942 948 975 considerantur,
975 950 1028 970 non

245 984 354 1012 aliunde
368 986 503 1021 contingit
529 987 642 1014 meliora
671 995 724 1014 non
746 995 817 1021 esse,
845 996 926 1023 quam
943 983 975 1015 ei
997 983 1051 1015 eo~

244 1030 317 1064 quod
334 1031 391 1058 sint
409 1032 555 1060 deteriora.
575 1033 637 1060 llaec
650 1033 741 1068 itaque
764 1033 900 1061 hazrcseos
919 1034 1030 1068 sapien-

244 1075 282 1102 tia
295 1075 369 1103 Patri
385 1077 458 1105 dono
476 1077 538 1109 fert,
562 1086 610 1113 per
624 1086 684 1113 qua":
700 1079 847 1106 dedecorat
869 1079 930 1106 Filii
947 1084 1029 1107 aeter-

245 1121 369 1155 nitatem,
386 1124 518 1150 malorum
536 1124 687 1159 calalogum
705 1131 767 1153 ante
776 1124 837 1153 Filii
854 1125 1026 1154 demonstra-

245 1166 345 1194 tionem
364 1167 438 1194 Patri
453 1168 506 1195 Deo
527 1168 677 1196 adveheus.

280 1213 319 1239 Ac
336 1212 446 1247 quidem
473 1214 565 1241 nullus
590 1215 739 1247 existimet,
766 1216 799 1243 ab
827 1216 879 1243 alia
902 1222 1030 1244 creatura

245 1258 348 1286 scilicet
363 1259 447 1293 petito
461 1264 634 1294 argumento,
654 1269 685 1288 ex
703 1261 753 1288 hac
773 1263 967 1290 consecutionc
980 1263 1030 1290 do-

244 1305 342 1339 gmatis
358 1305 556 1332 absurditatcm
581 1306 796 1334 demonstratam
817 1312 950 1336 evertere.
962 1308 1029 1335 Nam

246 1350 394 1378 fortedicet
407 1352 519 1386 aliquis,
531 1352 604 1387 quod
616 1353 844 1387 quemadmodum
856 1355 955 1381 cmlum
966 1362 1028 1381 cum

245 1404 299 1424 non
326 1401 410 1430 esset,
430 1398 497 1424 nihil
512 1402 571 1425 erat
589 1398 626 1424 illi
647 1399 835 1430 contrarium,
862 1399 902 1427 sic
917 1403 943 1427 et
960 1399 1030 1427 Filio

245 1443 363 1470 nondum
377 1444 477 1479 genito,
494 1444 540 1479 qui
557 1447 596 1471 est
613 1445 723 1475 veritas,
742 1451 795 1471 non
814 1444 894 1479 plane
905 1445 1031 1480 cogimur

1080 211 1154 245 πηγὴ
1171 211 1221 245 τῆς
1243 211 1325 247 ζωῆς,
1343 212 1405 238 οὔτε
1430 213 1502 244 τινος
1527 212 1640 239 καθόλου
1664 211 1747 238 καλοῦ
1767 220 1796 238 τε
1823 213 1871 238 καὶ

1078 256 1181 289 ἀγαθοῦ
1199 256 1278 290 φύσις
1288 265 1294 271 ·
1309 257 1377 284 ἀλλὰ
1393 258 1444 293 μὴν
1458 258 1558 284 τούτων
1574 258 1690 285 ἑκάστου
1702 260 1735 293 τῇ
1753 258 1870 294 ὑπεραι-

1080 301 1154 335 ρέσει
1165 301 1232 334 τὸέξ
1242 303 1361 329 ἐναντίου
1374 303 1518 339 νοούμενον
1530 304 1801 339 παρυφίστατοιι.Καὶ
1813 313 1871 338 φω-

1078 347 1123 378 τὸς
1139 347 1176 382 μὴ
1193 347 1268 379 ὄντος
1284 348 1333 375 οὐκ
1349 348 1406 375 ἐστι
1421 350 1458 384 μὴ
1477 349 1570 380 σκίτος
1587 347 1666 380 εἶναι,
1688 350 1735 375 καὶ
1752 349 1799 375 ἐπὶ
1815 349 1872 375 τῶν

1079 392 1166 419 ἄλλων
1177 393 1316 426 ὡσαύτως,
1330 394 1388 421 ἀνθ’
1402 395 1516 422 ἑκάστου
1540 395 1593 421 τῶν
1613 395 1682 430 πρὸς
1696 395 1726 422 τὸ
1745 396 1871 430 κρεῖττον

1080 439 1241 472 νοουμένων,
1257 439 1319 466 ὅταν
1335 441 1371 476 μὴ
1395 442 1468 476 παρῇ
1489 448 1515 466 τι
1532 440 1644 473 τούτων,
1659 441 1709 467 οὐκ
1731 440 1871 475 ἐνδέχεται

1082 483 1118 519 μὴ
1132 484 1173 510 ’τὸ
1193 485 1313 511 ἐναντίον
1338 486 1446 518 πάντως
1470 484 1538 512 εἶναι
1563 487 1622 513 ἀντὶ
1644 486 1691 512 τοῦ
1719 486 1869 518 λείποντος.

1087 529 1204 565 Ἀνάγκη
1219 528 1265 557 οὖν
1279 532 1352 557 πᾶσα
1365 532 1402 562 ὡς
1412 531 1507 566 ἔμελλε
1523 532 1608 558 θέλειν
1618 533 1632 558 ὁ
1645 532 1736 567 Πατὴρ
1747 532 1793 558 τὸν
1807 532 1872 558 Υίὶν

1081 576 1193 610 ποιῆσαι
1210 576 1280 603 κατὰ
1294 577 1339 603 τὸν
1351 577 1400 612 τῆς
1415 578 1545 612 αἱρέσεως
1558 577 1647 610 λόγον,
1664 577 1778 613 μηδενὸς
1795 578 1872 608 ὄντος

1080 621 1134 648 τῶν
1152 622 1201 648 ὅσα
1215 623 1229 648 ό
1246 622 1309 654 Υἱός
1331 623 1415 654 ἐστιν,
1433 623 1521 650 πάντα
1535 622 1569 649 τά
1586 623 1694 650 ἐναντία
1708 623 1773 658 περὶ
1790 623 1872 649 αὑτὸν

1081 664 1149 694 εἶναι
1173 667 1281 702 λέγειν·
1297 669 1357 695 ἀντὶ
1384 668 1431 695 τοῦ
1455 669 1543 704 φωτὸς
1562 669 1592 695 τὸ
1617 668 1722 702 σκότος,
1741 669 1802 695 ἀντὶ
1822 670 1872 703 τῆς

1080 713 1208 748 ἀληθείας
1222 714 1251 740 τὸ
1265 713 1372 748 ψεῦδος,
1385 714 1445 741 ἀντὶ
1457 714 1506 749 τῆς
1521 714 1594 748 ζωῆς
1609 713 1654 740 τὸν
1665 713 1792 745 θάνατον,
1811 714 1873 740 ἀντὶ

1081 757 1127 784 τοῦ
1142 758 1224 784 καλοῦ
1238 758 1267 785 τὸ
1283 758 1376 785 κακόν.
1399 759 1427 785 '0
1440 758 1494 794 γὰρ
1508 758 1616 790 κτίζων,
1635 758 1668 784 τὰ
1681 759 1718 793 μὴ
1732 758 1797 784 ὄντα
1811 759 1872 784 κτί‹

1070 804 1137 836 νζει·
1152 804 1191 839 τῷ
1211 804 1265 839 γὰρ
1281 804 1348 835 ὄντι,
1372 803 1462 835 καθώς
1483 812 1564 839 φησιν
1582 805 1595 829 ὀ
1617 804 1760 839 Εὖνόμιος,
1782 805 1814 830 οὐ
1835 804 1873 830 δεῖ

1081 851 1241 885 γεννήσεως.
1256 851 1316 876 Τῶν
1329 850 1358 876 δὲ
1371 850 1441 876 κατὰ
1453 849 1588 876 ἀντίθεσιν
1605 850 1810 884 θεωρουμένων,
1824 849 1872 875 οὐκ

1080 897 1215 932 ἐνδέχεται
1233 896 1321 928 ἄλλως
1339 897 1374 923 τὰ
1397 896 1514 932 κρείττω
1533 896 1569 931 μὴ
1588 894 1666 925 εἶναι,
1688 895 1704 930 ἣ
1729 896 1762 922 ὲκ
1778 895 1826 921 τοῦ
1839 895 1873 921 τὰ

1080 944 1188 979 χείρονα
1215 941 1294 969 εἶναι.
1315 942 1409 969 Ταῦτα
1427 942 1516 968 τοίνυν
1534 943 1550 976 ὴ
1566 942 1646 976 σοφία
1669 941 1720 976 τῆς
1741 941 1872 976 αἱρέσεως

1080 990 1229 1024 δωροφορΞῖ
1253 988 1292 1024 τῷ
1307 989 1405 1024 Πατρὶ,
1430 988 1463 1014 δι’
1486 985 1524 1015 ὧν
1542 987 1670 1023 ἀτιμάζει
1696 988 1743 1014 τοῦ
1761 987 1829 1014 Υίοῦ
1843 987 1874 1013 τὸ

1080 1036 1175 1067 ἀΐδιον,
1190 1036 1234 1062 τὸν
1250 1034 1304 1061 τῶν
1324 1034 1417 1062 κακῶν
1437 1034 1586 1068 κατάλογον
1604 1034 1655 1070 πρὸ
1672 1034 1722 1068 τῆς
1741 1033 1789 1060 τοῦ
1807 1033 1872 1060 Υῑοῦ

1080 1082 1240 1116 ἀναδείξεως
1257 1081 1432 1117 προσάγουσα
1448 1081 1485 1116 τῷ
1501 1080 1560 1116 Θεῷ
1575 1081 1622 1107 καὶ
1636 1080 1733 1115 Πατρί.

1116 1216 1169 1243 Καὶ
1200 1215 1294 1250 μηδεὶς
1319 1215 1351 1241 ὲκ
1378 1213 1427 1248 τῆς
1453 1212 1537 1248 ἄλλης
1565 1213 1681 1244 κτίσεως
1706 1212 1873 1247 ἀνατρέπειν

1080 1259 1176 1286 οἰέσθω
1192 1259 1240 1294 τὴν
1257 1259 1289 1284 ἐκ
1302 1258 1353 1293 τῆς
1370 1257 1530 1289 ἀκολουθίας
1546 1257 1648 1292 ταύτης
1666 1257 1873 1292 ἀναδειχθεῖσαν

1081 1305 1196 1332 ἀτοπίαν
1205 1304 1252 1330 τοῦ
1263 1304 1409 1338 δόγματος.
1426 1303 1499 1338 Ἑρεῖ
1511 1303 1564 1339 γάρ
1578 1311 1620 1334 τις
1633 1303 1709 1338 ἴσως,
1723 1304 1765 1330 ὅτι
1777 1303 1873 1339 ὥσπερ

1081 1350 1127 1377 τοῦ
1141 1349 1256 1386 οὐρανοῦ
1274 1349 1312 1385 μὴ
1334 1349 1410 1381 δντος
1429 1349 1503 1376 οὐδὲν
1521 1349 1641 1376 ἐναντίον
1661 1349 1766 1384 τούτῳ·
1787 1350 1872 1382 οὕτως

1082 1396 1129 1423 καὶ
1143 1395 1190 1422 τοῦ
1212 1395 1276 1422 Υἱοῦ
1297 1396 1379 1430 μήπω
1395 1395 1550 1430 γενομένου,
1567 1396 1595 1427 ὃς
1614 1396 1688 1422 ἐστιν
1703 1395 1828 1431 ἀλήθεια,
1843 1397 1872 1422 οὐ

1082 1443 1190 1474 πάντως
1201 1442 1410 1477 ἀναγκαζόμεθα
1422 1443 1452 1468 τὸ
1468 1442 1588 1468 ἐναντίον
1601 1440 1670 1468 εἶναι
1689 1441 1870 1469 συντίθεσθαι.

245 1490 415 1517 contrarium
431 1489 518 1517 fuisse
532 1491 666 1517 confiteri.
685 1490 735 1516 Cui
750 1491 971 1525 respondendum
985 1495 1028 1519 est

1084 1488 1153 1524 Πρὸς
1168 1488 1197 1514 ὂν
1213 1487 1284 1514 ἔστιν
1297 1488 1399 1514 είττεῖν·
1417 1488 1457 1514 ὅτι
1473 1487 1579 1522 οὐρανῷ
1597 1488 1646 1523 μὲν
1673 1487 1703 1514 τὸ
1715 1487 1871 1523 ἀντικείμε-

244 1536 316 1570 quod
333 1536 403 1563 cmlo
417 1536 525 1570 quidem
552 1535 619 1562 nihil
634 1541 675 1562 est
692 1536 857 1570 oppositum,
876 1536 931 1563 nisi
956 1536 1025 1564 forte

245 1582 308 1616 quis
324 1583 412 1614 ipsum
429 1589 483 1608 non
504 1589 565 1609 esse
586 1582 672 1617 ipsius
688 1590 748 1609 esse
770 1582 924 1617 oppositum
945 1582 1030 1610 dicat.

247 1628 347 1654 Virtuti
366 1631 466 1659 autem.
480 1627 553 1662 quod
569 1627 717 1655 secumlum
736 1628 830 1654 vitium
849 1633 890 1654 est
917 1635 1031 1662 prorsus

246 1673 416 1700 adversatur.
435 1673 527 1700 Virtus
543 1677 632 1700 autem
648 1672 790 1700 Dominus.
815 1672 907 1705 Quare
930 1674 1030 1700 cmlum

246 1720 269 1747 si
285 1727 338 1746 non
354 1724 423 1749 erat,
439 1718 507 1745 nihil
523 1722 591 1749 erat,
612 1718 713 1745 bonum
739 1723 830 1746 autem
855 1719 878 1746 si
900 1727 953 1746 non
973 1725 1033 1747 erat

245 1764 413 1791 contrarium
434 1766 501 1790 erat.
520 1763 570 1795 Qui
589 1763 672 1797 igitur
690 1763 790 1790 bonum
807 1771 862 1790 non
878 1771 940 1791 esse
955 1772 1031 1792 asse-

247 1810 293 1842 rit,
309 1809 408 1835 malmn
432 1815 492 1835 esse
518 1808 620 1835 invitus
643 1808 779 1835 fatebitur.
809 1809 893 1844 Atqui
938 1809 1030 1843 Pater,

247 1855 346 1890 inquit,
366 1855 477 1882 omnino
491 1853 610 1890 perfecta
628 1859 670 1881 est
687 1855 786 1887 virtus,
812 1859 838 1882 et
855 1857 920 1888 vita,
944 1861 970 1883 et
986 1857 1031 1883 lux

247 1902 398 1933 inaccessa.
417 1901 561 1936 omniaque
584 1901 692 1928 excelsa
716 1901 816 1928 mentis
840 1909 920 1928 sensa
938 1906 964 1929 et
984 1910 1033 1929 no-

247 1947 319 1973 mina
336 1956 342 1974 :
357 1946 393 1974 ita
416 1951 445 1974 ut
461 1954 515 1973 non
530 1947 564 1973 sit
587 1947 785 1978 necessarium,
808 1947 917 1981 quando
940 1949 1032 1983 unige-

248 1993 303 2020 nita
327 1993 373 2019 lux
397 1993 518 2020 nondum
535 1997 604 2025 erat,
631 1992 703 2027 quod
721 2000 753 2019 ex
779 1993 893 2021 adverso
912 1997 1033 2022 occurrit

247 2048 280 2067 ex
305 2039 444 2066 contrario
468 2039 593 2073 intelligi,
623 2046 720 2073 nempe
745 2039 881 2066 tenebras.
907 2039 960 2068 Sed
989 2041 1034 2068 hic

248 2093 325 2113 meus
353 2083 396 2112 est
424 2092 527 2116 sermo,
555 2084 627 2118 quod
653 2092 742 2119 neque
765 2088 884 2119 unquam
914 2086 1034 2113 tenebrae

248 2134 336 2158 erant.
357 2129 451 2164 Neque
474 2130 546 2156 enim
563 2135 682 2163 unquam
708 2137 762 2156 non
779 2129 829 2156 fuit
845 2130 891 2157 lux
906 2139 912 2157 :
925 2138 1034 2165 semper

1081 1535 1126 1561 νόν
1138 1535 1211 1560 ἐστιν
1223 1533 1308 1565 οὐδὲν,
1325 1534 1348 1560 εἰ
1360 1533 1397 1569 μὴ
1412 1533 1465 1568 ἄρα
1475 1533 1514 1569 τῷ
1527 1531 1596 1560 εἶναι
1608 1534 1698 1566 αὐτὸν,
1712 1533 1743 1560 τὸ
1756 1534 1794 1569 μὴ
1805 1532 1872 1560 εἷναί

1081 1588 1123 1612 τις
1143 1579 1216 1613 λέγοι
1243 1579 1390 1606 ἀντίθετον.
1407 1579 1446 1614 Τῇ
1472 1579 1500 1606 δὲ
1519 1580 1602 1615 ἀρετῇ
1625 1579 1655 1606 τὸ
1683 1580 1755 1606 κατὰ
1775 1580 1873 1607 κακίαν

1070 1626 1192 1658 ,πάντως
1215 1625 1454 1660 ἀντικαθέστηκεν.
1477 1625 1574 1661 Ἀρετὴ
1595 1625 1624 1652 δὲ
1637 1627 1651 1652 ὁ
1667 1626 1786 1661 Κύριος·
1804 1626 1871 1653 ὥστε

1082 1672 1196 1709 οὐρανοῦ
1213 1672 1262 1707 μὲν
1281 1672 1317 1707 μὴ
1331 1671 1416 1703 ὖντος,
1431 1671 1506 1697 οῦδὲν
1518 1669 1561 1706 ἦν,
1579 1671 1682 1705 ἀγαθοῦ
1695 1671 1724 1698 δὲ
1739 1672 1776 1707 μὴ
1788 1672 1871 1705 ὄντος,

1081 1719 1112 1745 τὸ
1131 1717 1250 1744 ἐναντίον
1264 1715 1308 1752 ἦν.
1334 1717 1362 1743 '0
1374 1714 1420 1743 οὖν
1435 1716 1465 1743 τὸ
1481 1716 1582 1750 ἀγαθὸν
1597 1716 1684 1751 λέγων
1701 1717 1739 1752 μὴ
1753 1715 1833 1749 εἶναι,
1845 1718 1874 1744 τὺ

1083 1764 1167 1791 κακὸν
1188 1762 1317 1791 εἶναικαὶ
1332 1763 1369 1799 μὴ
1392 1763 1552 1798 βουλόμενος
1573 1763 1682 1794 πάντως
1699 1764 1872 1799 συνθήσεται.

1089 1810 1170 1837 Ἀλλὰ
1183 1811 1229 1837 καὶ
1243 1810 1257 1836 ὁ
1271 1809 1377 1845 Πατὴρ,
1393 1808 1469 1844 φησὶ,
1487 1809 1533 1835 καὶ
1545 1808 1681 1844 παντελής
1697 1809 1772 1836 ἐστιν
1791 1809 1873 1844 ἀρετὴ

1084 1857 1130 1883 καὶ
1150 1855 1216 1891 ζωὴ,
1243 1855 1290 1882 καὶ
1308 1854 1455 1890 ἀπρόσιτον
1472 1854 1539 1889 φῶς,
1559 1854 1605 1881 καὶ
1628 1854 1716 1881 πάντα
1733 1854 1767 1881 τὰ
1786 1854 1874 1890 ὑψηλὰ

1084 1902 1207 1938 νοήματά
1222 1910 1252 1928 τε
1269 1901 1316 1928 καὶ
1338 1900 1513 1936 avdite/ard);
1534 1901 1571 1936 μὴ
1589 1899 1657 1927 εἶναι
1677 1901 1813 1935 ἀνάγκην,
1831 1901 1874 1927 ὅτε

1083 1948 1114 1974 τὸ
1138 1947 1279 1983 μονογενὲς
1298 1946 1355 1980 φῶς
1372 1945 1448 1972 οῠπω
1470 1943 1515 1981 ἦν,
1535 1945 1566 1972 τὸ
1588 1945 1755 1981 κατάλληλον
1776 1946 1810 1972 ἐκ
1828 1945 1874 1972 τοῦ

1084 1994 1203 2021 ἐναντίου
1221 1992 1339 2019 νοεῖσθαι
1357 1992 1461 2024 σκότος.
1479 1992 1548 2018 Ἀλλ’
1559 1989 1635 2024 οὗτος
1650 1993 1664 2018 ὁ
1679 1992 1745 2024 ὲμός
1764 1992 1823 2018 ἐστι
1833 1992 1874 2019 λό-

1084 2048 1142 2074 γος,
1156 2040 1196 2066 ὅτι
1208 2038 1268 2065 οὐδέ
1282 2047 1347 2064 ποτε
1366 2038 1462 2068 σκότος
1472 2035 1516 2073 ἦν.
1532 2037 1599 2063 Οὐδὲ
1615 2037 1669 2072 γάρ
1689 2045 1755 2063 ποτε
1771 2037 1802 2063 τὸ
1818 2037 1874 2071 φῶς

1085 2087 1134 2113 οὐκ
1149 2084 1193 2121 ἦν,
1208 2085 1250 2111 ἀεὶ
1263 2084 1317 2120 γὰρ
1334 2085 1363 2111 ὲν
1379 2083 1419 2119 τῷ
1433 2085 1501 2118 φωτὶ
1514 2083 1602 2110 πάντα
1617 2083 1676 2109 ἐστὶ
1688 2083 1719 2109 τὸ
1737 2082 1807 2117 φῶς,
1825 2090 1873 2109 κα-

1086 2131 1138 2162 θὼς
1153 2132 1170 2166 ἡ
1185 2130 1338 2166 προφητεία
1348 2129 1431 2164 λέγει.
1444 2130 1475 2156 Εἰ
1487 2129 1515 2156 δὲ
1532 2129 1602 2156 κατά
1614 2128 1660 2156 τὸν
1672 2128 1751 2163 λόγον
1766 2130 1817 2164 τῆς
1833 2128 1874 2155 αι-

248 2178 321 2205 enim
337 2177 364 2204 in
379 2177 440 2204 luce
453 2175 545 2202 omnia
559 2179 622 2202 sunt
642 2175 698 2207 lux,
716 2175 788 2202 sicut
802 2175 942 2210 prophetia
957 2176 1031 2205 dicit.

1090 2176 1199 2211 ρέσεως,
1217 2175 1282 2202 ἄλλο
1295 2175 1325 2201 τὸ
1344 2174 1490 2209 ἀγέννητόν
1510 2175 1567 2200 ἐστι
1585 2174 1650 2208 φῶς,
1673 2174 1764 2200 καὶτὸ
1783 2174 1833 2209 μὲν
1846 2174 1873 2206 ἐξ

248 2221 325 2255 Quod
348 2222 372 2249 si
395 2221 546 2249 secundum
564 2228 717 2248 sermonem
738 2221 872 2249 haereseos
898 2222 950 2249 alia
973 2223 1034 2258 qui-

248 2269 310 2295 dem
330 2271 372 2295 est
384 2267 430 2294 lux
452 2267 583 2301 ingenita,
597 2270 625 2294 et
644 2267 700 2293 haec
724 2267 758 2294 ab
772 2271 884 2300 :etemo,
903 2268 956 2295 alia
970 2276 1034 2296 vero

249 2321 310 2349 qua:
327 2317 421 2349 postea
436 2317 597 2348 generatur:
608 2320 721 2340 necesse
742 2317 784 2340 est
803 2314 912 2349 penitus
926 2318 1035 2342 mternm

251 2359 304 2386 tuei
327 2366 467 2393 nunquam
494 2358 583 2384 locum
603 2358 726 2386 invenire
749 2358 901 2386 adversarii
924 2361 1035 2394 opposi-

250 2409 307 2431 tum
321 2413 328 2437 ;
342 2411 449 2439 semper
463 2404 536 2430 cnim
552 2403 612 2431 luce
631 2404 748 2436 lucente,
769 2404 796 2431 in
812 2412 843 2431 ea
860 2405 1033 2432 tenebrarum

249 2451 372 2483 operatio
386 2455 492 2484 tempus
503 2457 556 2477 non
568 2450 658 2477 habet.
674 2450 703 2477 ln
719 2458 749 2477 ea
766 2449 856 2477 autem
871 2458 930 2485 qum
942 2456 1034 2486 postea

251 2496 322 2525 facta
340 2499 390 2528 est,
417 2495 486 2522 sicut
510 2495 548 2522 illi
573 2495 659 2529 aiunt,
679 2503 732 2522 non
749 2503 829 2530 posse
845 2495 914 2527 ﬁeri,
932 2504 986 2523 non
1003 2504 1034 2523 ex

250 2540 370 2568 tenebris
393 2541 480 2568 lucem
507 2542 666 2577 splendere;
694 2541 742 2568 sed
764 2542 866 2576 passim
881 2546 909 2569 et
924 2542 1036 2569 omnino

250 2592 357 2613 :eteruae
373 2586 427 2613 luci
442 2591 469 2614 et
485 2587 508 2614 ei
530 2595 590 2622 qum
614 2587 751 2622 posterior
767 2587 839 2613 facta
856 2591 908 2619 est,
932 2587 1035 2615 medias

251 2633 441 2660 intercessisse
462 2633 590 2660 tenebras
615 2633 845 2667 deprehendetur.
877 2632 935 2660 Non
963 2633 1035 2660 enim

249 2686 319 2714 opus
338 2679 435 2707 fuisset
450 2679 630 2713 posteriorem
645 2679 716 2706 hanc
731 2679 818 2706 lucem
837 2679 966 2711 condere,
983 2680 1036 2707 nisi

250 2726 284 2753 ad
303 2726 422 2761 aliquam
444 2725 588 2752 utilitatem
609 2730 798 2760 comparatum
820 2729 893 2752 esset
916 2725 941 2752 id
963 2725 1036 2760 quod

214 2793 225 2803 ,
250 2775 370 2798 creatur.
385 2771 445 2798 Una
462 2775 552 2798 autem
570 2771 640 2798 lucis
657 2770 771 2803 utilitas,
789 2774 818 2798 ut
838 2771 926 2806 caligo
937 2778 1038 2805 praeva-

251 2819 310 2846 lens
326 2818 360 2844 ab
382 2818 442 2852 ipsa
459 2818 618 2853 dissipetur.
639 2817 692 2844 Sed
713 2817 758 2854 lux
775 2818 882 2852 quidem
904 2818 1035 2851 increata,

1086 2221 1181 2252 ἀϊδίου,
1194 2220 1271 2247 τοῦτο
1284 2220 1313 2247 δὲ
1330 2220 1398 2255 μετὰ
1408 2220 1493 2247 ταῦτα
1510 2220 1666 2254 γενόμενον,
1677 2219 1786 2255 ἀνάγκη
1801 2221 1874 2246 πᾶσα

1085 2267 1123 2302 τῷ
1145 2267 1194 2302 μὲν
1207 2267 1284 2302 ἀϊδίῳ
1299 2267 1378 2301 φωτὶ,
1397 2267 1532 2302 μηδέποτε
1550 2265 1642 2302 χώραν
1657 2267 1748 2302 εὑρεῖν
1765 2267 1874 2293 ἀντικα-

1084 2313 1215 2348 ταστῆναι
1231 2313 1261 2339 τὸ
1284 2313 1485 2347 ἀντικείμενον·
1510 2312 1556 2338 ἀεὶ
1578 2312 1632 2348 γὰρ
1649 2312 1804 2347 λάμποντος
1828 2311 1872 2338 τοῦ

1085 2361 1181 2395 φωτὸς,
1200 2360 1351 2395 ἡὲνέργεια
1366 2358 1413 2385 τοῦ
1428 2359 1540 2390 σκότους
1558 2359 1600 2385 ἐπ’
1616 2357 1698 2384 αὑτοῦ
1714 2359 1811 2393 καιρὸν
1826 2359 1872 2385 οὐκ

1085 2408 1150 2443 ἔχει.
1173 2407 1234 2434 Ἐπὶ
1256 2406 1283 2432 δὲ
1303 2405 1350 2432 τοῦ
1367 2405 1436 2440 μετὰ
1454 2404 1552 2436 ταῦτα,
1568 2404 1660 2436 καθὼς
1681 2404 1782 2431 ἐκεῖνοί
1799 2413 1871 2439 φασι,

1085 2453 1234 2487 γεγονότος,
1252 2453 1391 2487 ἀμήχανον
1420 2450 1488 2477 εἶναι
1517 2450 1554 2485 μὴ
1571 2451 1603 2476 ἐκ
1620 2450 1732 2481 σκότους
1761 2451 1792 2477 τὺ
1817 2451 1871 2484 φῶς

1085 2498 1200 2533 λάμψαι,
1215 2497 1282 2523 ἀλλὰ
1294 2497 1381 2531 πάντη
1393 2496 1440 2523 καὶ
1456 2496 1563 2526 πάντως
1578 2494 1624 2521 τοῦ
1640 2504 1668 2522 τε
1688 2495 1773 2522 ἀῖδίου
1786 2495 1872 2530 φωτὸς

1086 2542 1194 2570 καὶτοῦ
1216 2543 1327 2578 ὕστερον
1354 2541 1498 2576 γενομένου
1521 2542 1633 2572 σκότους
1656 2541 1686 2567 τὸ
1706 2541 1790 2576 μέσον
1813 2541 1871 2568 δια-

1084 2589 1261 2624 ληφθήσεται.
1286 2589 1323 2615 Οὐ
1341 2588 1396 2623 γὰρ
1415 2587 1447 2614 ἂν
1464 2589 1513 2622 τῆς
1536 2587 1709 2622 κατασκευῆς
1733 2587 1779 2614 τοῦ
1805 2587 1871 2622 μετὰ

1085 2635 1170 2662 ταῦτα
1189 2635 1276 2669 φωτὸς
1300 2634 1379 2670 χρεία
1397 2633 1511 2667 ἐγίνετο,
1529 2633 1552 2659 εἰ
1574 2633 1612 2668 μὴ
1631 2633 1699 2667 πρός
1722 2642 1749 2658 τι
1775 2633 1870 2668 χρήσι-

1088 2690 1136 2715 μον
1154 2679 1188 2716 ἦν
1210 2681 1240 2707 τὸ
1262 2681 1430 2715 κτιζόμενον.
1447 2680 1504 2707 Μία
1528 2679 1556 2705 δὲ
1582 2679 1670 2713 φωτὸς
1698 2679 1798 2714 χρῆσις
1826 2678 1868 2705 τοῦ

1086 2727 1196 2754 λύεσθαι
1212 2727 1258 2753 ἀπ’
1282 2726 1364 2752 αὐτοῦ
1379 2725 1423 2752 τδν
1441 2725 1628 2761 ὲκκρατοῦντα
1653 2725 1745 2758 ζόφον.
1763 2724 1800 2750 Τδ
1823 2724 1868 2757 μὲν

1086 2770 1132 2800 οὖν
1150 2772 1282 2803 ἀκτίστως
1304 2769 1337 2806 ἦν
1357 2771 1424 2805 φῶς,
1444 2770 1510 2797 αὐτὸ
1528 2771 1561 2797 δι’
1587 2769 1683 2796 ἑαυτοῦ
1708 2770 1784 2796 ἐστιν
1805 2770 1867 2801 ὅπερ

1087 2817 1144 2845 ἐστὶ
1161 2819 1194 2852 τῇ
1208 2816 1297 2852 φύσει.
1309 2816 1345 2842 Τὸ
1360 2816 1388 2842 δὲ
1415 2815 1571 2850 κτιζόμενον
1584 2814 1628 2842 διὰ
1643 2823 1670 2841 τι
1684 2814 1789 2850 γίνεται
1805 2814 1867 2842 πάν-
