1970 3076
241 119 292 148 82⁵1

861 113 888 141 S.
910 111 1072 141 GREGORII
1091 112 1236 142 NYSSENI

1811 108 1864 136 823

241 178 337 207 tut/ent,
357 175 454 202 idcirco
470 182 627 208 consequens
643 178 692 206 est,
712 181 792 208 neque
815 173 846 199 ab
865 173 926 200 aliis
941 173 1026 199 homi-

1083 172 1134 199 τῶν
1154 172 1249 199 ὄντων
1265 171 1396 206 εὕρεσιν.
1417 171 1486 198 Ἀλλ’
1508 171 1608 206 εἴποιμ’
1629 170 1662 197 ἂν
1683 169 1749 206 πρὸς
1771 169 1866 202 αὐτὸν,

242 224 318 250 nibus
339 230 430 249 eorum
457 229 514 256 qua:
538 225 599 246 sunt
623 220 796 246 inventionem
821 219 917 254 attingi
939 226 1024 253 posse.

242 269 341 297 Verum
365 268 428 295 huic
448 266 610 297 dixerimus,
628 265 699 300 quod
725 265 771 300 qui
798 265 908 297 asserit,
935 271 1025 292 rerum

243 313 428 341 inventionem
450 311 644 346 comprehendi
669 318 767 345 posse,
790 309 834 337 via
859 309 975 344 quadam
1000 312 1027 336 et

241 357 443 387 oonsecutionis
472 357 542 384 surie
562 364 610 391 per
626 364 717 384 rerum
736 356 929 391 cognitionem,
949 362 1026 382 suam

241 404 448 439 intelligentiam
476 403 609 438 provexit.
638 401 670 430 Et
698 411 745 437 per
767 410 797 430 ea
826 410 887 437 quae
919 402 1027 428 facilius

242 450 345 486 percipi
361 453 476 484 possunt
491 454 517 475 et
533 449 638 475 minora
658 448 824 476 exercitatus
842 456 889 482 per
902 454 1027 481 compre-

243 496 401 522 lmnsionem
417 503 424 521 :
442 494 482 521 sic
506 494 613 520 tandem
635 498 661 521 et
682 493 725 521 bis
749 501 809 528 quae
828 500 936 520 omnem
956 491 1028 518 noti-

243 542 306 568 tiam
340 543 481 575 superant.
506 547 584 567 suam
612 539 864 576 οοιιψιιιιιοιιείνιιιιι
894 538 1025 565 visionem

243 588 300 615 sive
318 586 538 621 imaginationem
560 586 701 620 applicuit.
719 584 769 617 Qui
795 584 875 619 igitur
896 583 1028 618 gloriatur

240 632 435 667 jactabnndas,
463 639 493 659 se
511 639 606 658 eorum
628 639 688 664 quae
712 635 777 657 sunt
799 629 940 656 scientiam
965 627 1028 655 ade-

243 683 319 714 ptum
340 686 410 709 esse.
429 677 500 712 quod
525 677 666 704 minimum
687 680 729 703 est
750 683 844 702 eorum
870 682 930 709 qum
949 674 1028 701 nobis

243 728 306 751 ante
324 723 419 751 oculos
441 727 581 757 apparent.
605 729 665 756 qum
682 721 717 748 sit
737 721 798 754 ejus
821 725 922 747 natura
947 719 1028 747 nobis

243 769 382 803 cxplanet,
404 772 432 794 ut
456 776 488 795 ex
504 775 536 795 eo
556 767 628 802 quod
650 770 743 794 notum
768 770 810 794 est
831 766 864 793 de
889 773 922 793 eo
945 765 1028 792 etiam

244 815 316 849 quod
346 814 485 841 occultum
514 817 557 841 est
581 818 606 840 et
629 812 798 847 incognitum
832 811 911 838 fidem
935 810 1027 838 faciat.

244 860 408 895 Eequmnam
433 859 468 887 sit
489 858 610 886 formica:
633 862 730 885 natura
749 864 876 885 sermone
898 857 1026 891 explicet,
1046 847 1065 874 Β

244 911 335 933 utrum
349 905 446 940 spiritu
461 910 487 932 et
503 905 588 932 halitu
609 904 669 938 ejus
687 904 740 931 vita
754 904 920 935 continetur,
935 906 1027 930 utrum

243 953 394 980 visceribus
407 951 591 987 dispensatur,
607 950 734 977 similiter
750 955 830 985 atque
850 950 910 976 aliis
924 949 1029 976 anima-

243 997 333 1028 libus.
363 1000 454 1023 utrum
480 996 591 1023 ossibus
625 1003 725 1030 corpus
752 999 940 1023 constructum
969 997 1026 1026 est,

244 1046 336 1069 utrum
353 1042 472 1069 medulla
490 1042 594 1069 ossium
614 1041 746 1068 cavitates
762 1041 837 1068 intus
852 1041 936 1076 plena:
952 1043 1028 1071 sunt,

245 1096 279 1115 an
299 1088 390 1115 nervis
412 1092 439 1114 et
460 1087 578 1114 vinculis
596 1094 743 1121 compages
759 1090 887 1114 contenta
912 1090 970 1118 est;
995 1093 1029 1112 an

245 1133 432 1160 musculorum
458 1132 603 1159 amictibus
621 1136 647 1159 et
668 1131 787 1158 adenum
810 1132 868 1158 sive
888 1130 1030 1166 glandula-

244 1186 306 1205 rum
323 1185 467 1205 nervorum
481 1177 550 1204 situs
562 1176 736 1210 continetur;
752 1184 787 1203 an
803 1176 957 1204 dorsalibus
969 1183 1029 1202 ver-

244 1225 330 1251 tebris
343 1232 357 1250 e.
371 1224 510 1258 bregmate
524 1222 557 1249 ad
572 1222 688 1249 caudam
707 1222 823 1250 medulla
840 1222 1029 1256 protenditur;

244 1278 279 1297 an
304 1269 446 1303 complexu
476 1276 599 1296 nervosa:
625 1269 790 1295 membrana:
816 1267 946 1296 membris
969 1276 1030 1303 qum

245 1278 279 1297 an
304 1277 446 1303 complexu
476 1277 599 1296 nervosa:
625 1277 790 1295 mcmnrana:
816 1277 946 1296 memoris
969 1277 1030 1295 tua:

245 1319 389 1343 moventur
404 1315 458 1341 vim
475 1315 657 1349 impultricem
678 1314 787 1347 inserit;
811 1321 845 1340 an
868 1314 894 1340 in
915 1277 1031 1347 ipsakest

242 1362 323 1397 jecur
343 1365 370 1387 et
394 1359 530 1387 folliculus
556 1360 635 1393 fellis,
662 1359 688 1386 id
708 1363 761 1391 est,
784 1363 940 1394 expurgant:
961 1367 975 1386 ε
990 1359 1031 1394 je-

245 1415 308 1434 corc
320 1406 396 1433 flava:
415 1406 478 1443 bilis
494 1406 712 1439 receptaculum;
733 1412 868 1440 rencsque
883 1411 908 1432 ct
923 1412 982 1438 cor,
1005 1410 1033 1432 et

246 1454 353 1481 arteria:
364 1457 390 1480 et
407 1459 492 1484 vcnm,
514 1452 735 1486 membramcque
754 1456 781 1478 et
797 1451 957 1486 prmcordia,
974 1452 1033 1479 sive

245 1505 353 1534 septum
378 1502 582 1530 transversum;
611 1502 701 1524 utrum
726 1497 820 1531 glabra
841 1497 884 1523 vel
906 1497 967 1530 pilis
985 1496 1032 1523 ob-

245 1545 345 1576 ducta;
365 1551 398 1570 an
418 1544 444 1570 in
472 1550 573 1569 marem
594 1546 621 1568 et
645 1541 771 1568 feminam
792 1541 983 1576 distinguitui;
1005 1541 1032 1568 in
1049 1541 1058 1563 ἶ

246 1599 298 1625 qua
322 1594 399 1625 parte
423 1588 546 1622 corporis
571 1588 612 1614 vis
637 1587 746 1614 videndi
770 1587 888 1618 insidet;
914 1595 948 1614 an
969 1587 1035 1614 odo-

247 1637 324 1664 randi
343 1643 425 1663 sensu
443 1634 556 1670 przedita
573 1638 634 1667 est;
649 1642 682 1660 an
699 1641 779 1660 unam
794 1634 892 1661 habeat
907 1634 1034 1669 ungulam

246 1683 289 1710 vel
317 1681 476 1712 multifidas,
503 1681 560 1707 sive
587 1680 613 1707 in
646 1681 746 1708 multos
771 1680 871 1714 digitos
900 1680 1035 1708 discretas

247 1729 347 1755 bases:
365 1727 484 1761 quandiu
501 1726 587 1758 vivit;
609 1730 635 1753 ct
646 1726 708 1760 quis
725 1734 756 1752 ex
774 1734 834 1754 sese
849 1726 1035 1762 generationis

248 1774 346 1802 modus
366 1778 414 1800 :et
441 1778 543 1807 quanto
573 1777 694 1807 tempore
719 1771 790 1800 fetus
814 1772 981 1806 concipitur.
1009 1774 1035 1799 et

247 1819 385 1854 quomodo
405 1826 494 1853 neque
517 1818 637 1845 formica:
659 1825 754 1845 omnes
777 1817 928 1852 pedestres,
946 1825 1036 1852 neque

248 1865 373 1892 volucres
400 1871 509 1896 omnes,
539 1863 585 1890 Sed
617 1863 675 1890 alia:
705 1863 781 1890 humi
809 1866 944 1898 reptant,
976 1863 1036 1890 alia:

248 1911 328 1939 aeriae
352 1909 488 1937 videntur.
514 1909 564 1942 Qui
592 1909 673 1944 igitur
691 1917 721 1937 se
744 1910 829 1943 jactat
856 1917 949 1936 eorum
971 1915 1032 1943 qua:

248 1962 310 1984 sunt
328 1960 451 1983 naturam
465 1956 591 1989 adeptum
602 1963 673 1986 esse,
688 1956 766 1982 nobis
782 1956 898 1990 primum
915 1954 1036 1982 formica:

249 2007 374 2029 naturam
390 2001 519 2028 declaret.
537 2000 637 2028 Deinde
650 2002 799 2036 potentiam
813 2002 886 2029 illam
901 2009 961 2037 quae
977 2010 1037 2030 om-

249 2056 310 2075 nem
330 2047 500 2074 intellectum
516 2051 637 2081 superat.
657 2048 770 2083 physice
794 2051 902 2076 tractet.
922 2048 998 2081 Quod
1012 2049 1035 2076 si

249 2093 417 2120 brevissima:
427 2091 550 2119 formica:
563 2092 746 2127 cognitionem
761 2091 882 2119 nondum
898 2092 926 2120 in
938 2097 1036 2120 natura

250 2143 415 2166 consecutus
434 2142 486 2169 est,
506 2137 643 2172 quomodo
665 2144 727 2164 eum
743 2137 791 2172 qui
809 2137 837 2164 in
863 2138 953 2172 seipso
975 2145 1034 2165 om-

250 2192 313 2213 nem
337 2183 530 2219 complectitur
560 2186 713 2210 creaturam
741 2183 966 2218 eomprehensiva
992 2191 1036 2211 ra-

1077 220 1117 246 ὃτι
1131 220 1145 246 ὁ
1159 218 1272 254 ὲφικτὴν
1292 216 1363 244 εἶναι
1386 217 1471 252 λέγων
1497 217 1551 244 τῶν
1569 217 1653 244 ὅντων
1677 217 1728 251 τὴν
1744 215 1865 250 εὕρεσιν,

1076 263 1128 299 ὁδῷ
1141 273 1194 291 τινι
1222 264 1329 295 πάντως
1344 264 1391 290 καὶ
1407 262 1550 298 ἀκολουθίᾳ
1572 261 1617 289 διὰ
1638 262 1687 297 τῆς
1702 261 1757 288 τῶν
1780 261 1867 287 ὅντων

1077 310 1204 344 γνώσεως
1232 310 1388 345 προήγαγεν
1405 309 1501 336 ἑαυτοῦ
1523 309 1573 344 τὴν
1586 309 1716 336 διάνοιαν.
1731 308 1787 335 Καὶ
1808 308 1867 338 τοῖς

1077 356 1220 391 εὑλήπτοις
1237 364 1266 382 τε
1282 357 1328 383 καὶ
1353 355 1524 390 μικροτέροις
1541 354 1739 390 ὲγγυμνασθεὶς
1753 354 1797 381 διὰ
1815 353 1867 388 τῆς

1077 401 1256 436 καταλήψεως
1266 409 1273 416 ·
1289 400 1375 432 οὕτως
1388 401 1434 427 καὶ
1448 401 1503 432 τοῖς
1519 400 1646 427 ἐπέκεινα
1659 399 1749 434 πάσης
1762 399 1866 429 ἑννοίας

1077 448 1208 475 ὲπέόαλεν
1222 447 1320 474 ἑαυτοῦ
1342 447 1392 483 τὴν
1412 447 1617 483 καταληπτικὴν
1633 446 1789 481 φαντασίαν.
1815 445 1868 471 Οὑ-

1077 493 1141 520 κοῦν
1156 495 1170 520 ὁ
1184 493 1232 529 τὴν
1245 493 1307 529 περὶ
1322 493 1377 520 τῶν
1388 493 1472 520 ὅντων
1486 492 1588 528 είδησιν
1611 491 1802 527 κατειληφέναι
1818 499 1866 525 με·

1077 539 1307 575 γαλαυχούμενος,
1324 539 1354 566 τὸ
1380 539 1542 575 μικρότατον
1566 538 1619 564 τῶν
1643 537 1866 573 προφαινομένων

1078 587 1153 621 ἡμῖν,
1175 585 1250 617 ὅπως
1266 586 1322 620 ἔχοι
1347 585 1455 618 φύσεως
1478 584 1683 620 ὲρμηνευσριτω.
1707 583 1749 615 Ὠς
1774 582 1806 608 ἃν
1823 582 1868 608 διὰ

1077 631 1123 658 τοῦ
1137 630 1275 666 γνωρίμου
1286 631 1333 658 καὶ
1348 630 1411 666 περὶ
1425 629 1471 656 τοῦ
1485 630 1674 665 κεκρυμμένου
1691 628 1867 656 πιστώσαιτο.

1077 677 1133 704 Καὶ
1156 677 1197 708 τίς
1220 676 1301 712 ἡτοῦ
1331 676 1476 712 μύρμηκος
1501 675 1581 710 φύσις
1609 675 1804 711 έρμηνευσάτω
1830 673 1869 708 τῷ

1078 722 1158 758 λόγῳ,
1180 723 1204 749 ει
1228 722 1362 758 πνεύματι
1383 721 1430 748 καὶ
1449 721 1567 756 ἄσθματι
1590 721 1730 756 συνέχεται
1751 719 1834 747 αὑτοῦ
1852 720 1868 755 ή

1078 768 1145 803 ζωὴ,
1162 769 1185 795 εί
1208 768 1372 803 σπλάγχνοις
1397 768 1577 802 οἰκονομεῖται
1597 766 1794 802 παραπλησίως
1812 767 1869 797 τοῖς

1078 814 1169 845 ἄλλοις
1190 813 1269 846 ζώοις
1285 822 1292 829 ·
1312 814 1337 841 εἰ
1355 813 1458 844 ὀστέοις
1471 812 1501 839 τὸ
1521 812 1598 847 σῶμα
1615 811 1804 847 περιείληπται
1817 817 1825 826 ο
1845 811 1870 836 εί

1081 859 1171 895 μυελῷ
1187 860 1220 886 τὰ
1234 859 1310 886 κοῖλα
1327 859 1388 894 ,τῶν
1405 858 1506 885 ὀστέων
1521 859 1593 885 κατὰ
1615 857 1644 884 τὸ
1662 857 1746 890 ἐντὸς,
1768 856 1793 882 εί
1809 855 1871 882 νεύ-

1081 913 1137 941 ροις
1161 905 1208 931 καὶ
1234 905 1392 940 συνδέσμοις
1413 904 1461 936 τὰς
1490 905 1623 940 ἁρμονίας
1650 903 1812 930 τετόνωται·
1846 903 1870 928 εί

1081 951 1156 987 μυῶν
1170 951 1337 988 περισολαίς,
1351 951 1397 978 καὶ
1412 951 1512 978 ἁδένων
1528 951 1544 987 ὴ
1557 950 1610 978 τῶν
1620 949 1723 986 νεύρων
1740 957 1871 985 περικρα-

1079 999 1165 1024 τεῖται
1188 998 1277 1030 θέσις·
1304 999 1328 1025 εί
1352 1000 1409 1030 τοῖς
1427 997 1562 1029 νωτιαίοις
1588 997 1744 1028 σπονδύλοις
1768 997 1800 1023 ὲκ
1823 995 1870 1022 τοῦ

1081 1036 1233 1078 βρέγματος
1246 1043 1292 1069 ἐπὶ
1308 1043 1338 1070 τὸ
1353 1043 1461 1078 οὐραῖον
1475 1044 1489 1069 ό
1506 1042 1602 1078 μυελὸς
1616 1042 1824 1078 παρα-τείνεται·
1846 1041 1870 1066 εί

1078 1088 1111 1123 τῇ
1128 1088 1241 1123 περιοχῇ
1261 1086 1307 1114 τοῦ
1324 1087 1473 1122 νευρώδους
1498 1087 1604 1122 ὑμένος,
1623 1088 1680 1118 τοῖς
1701 1085 1872 1120 κινουμένοις

1082 1133 1173 1168 μέλεσι
1189 1134 1237 1168 τὴν
1254 1133 1406 1169 όρμητικὴν
1425 1133 1544 1160 ἐνδίδωσι
1562 1133 1691 1167 δύναμιν·
1710 1133 1734 1159 ει
1753 1133 1827 1158 ἔστιν
1844 1132 1872 1158 ἐν

1081 1179 1154 1215 αὐτῷ
1167 1179 1198 1206 τὺ
1217 1176 1305 1215 ἧπαρ,
1334 1179 1380 1205 καὶ
1396 1179 1539 1214 χοληδόχον
1559 1179 1666 1213 ἀγγεῖον
1681 1179 1727 1205 ἐπὶ
1742 1177 1788 1204 τοῦ
1800 1178 1874 1212 ἧπα-

1080 1233 1136 1257 τος,
1152 1224 1244 1260 νεφροί
1257 1232 1287 1250 τε
1303 1224 1350 1250 καὶ
1365 1223 1471 1259 καρδία,
1493 1223 1540 1250 καὶ
1556 1223 1685 1258 ἀρτηρίαι
1699 1223 1747 1249 καὶ
1764 1222 1872 1257 φλέϐες,

1082 1270 1179 1306 ὑμένες
1191 1279 1221 1296 τε
1237 1270 1284 1296 καὶ
1296 1269 1401 1305 φρένες,
1415 1269 1461 1296 καὶ
1474 1269 1669 1304 διαφράγματα
1682 1276 1689 1283 ο
1705 1269 1752 1295 καὶ
1761 1269 1786 1294 εἰ
1797 1268 1874 1302 ψιλόν

1081 1315 1196 1350 ὲστιν,ἢ
1225 1315 1396 1350 τετρίχωται,
1417 1315 1464 1341 καὶ
1489 1315 1512 1341 εί
1530 1315 1597 1350 πρὸς
1613 1315 1644 1341 τὸ
1669 1314 1752 1350 ἄρρεν
1775 1322 1805 1340 τε
1827 1314 1874 1341 καὶ

1083 1362 1148 1396 θῆλυ
1160 1361 1357 1396 διαμερὶζεται,
1378 1361 1407 1387 έν
1421 1361 1472 1387 τίνι
1487 1370 1516 1387 τε
1540 1361 1616 1396 μέρει
1633 1360 1680 1387 τοῦ
1697 1361 1822 1396 σώματος
1846 1361 1875 1387 τὸ

1082 1407 1193 1435 όπτικδν
1213 1407 1416 1442 ὲγκαθίδρυται.
1439 1407 1493 1433 Καὶ
1516 1407 1539 1433 εί
1559 1406 1609 1440 τῆς
1627 1407 1813 1442 ὀσφραντικῆς
1830 1415 1875 1441 με·

1083 1454 1156 1489 τέχει
1175 1453 1345 1488 αἰσθήσεως·
1365 1453 1389 1479 εἰ
1405 1453 1548 1488 μονόνυχόν
1568 1443 1601 1478 τέ’
1613 1453 1696 1484 ἐστιν,
1709 1452 1726 1487 ἢ
1749 1452 1876 1487 πολυσχιν

1083 1499 1137 1530 δεῖς
1150 1498 1205 1533 ἔχει
1220 1498 1269 1530 τὰς
1292 1497 1398 1532 βάσεις·
1413 1497 1495 1524 πόσον
1507 1498 1535 1524 δὲ
1558 1497 1610 1532 βιοῖ
1631 1498 1725 1534 χρόνον
1741 1506 1747 1512 ·
1772 1498 1819 1524 καὶ
1835 1497 1876 1526 τίς

1084 1546 1098 1571 ό
1115 1545 1214 1580 τρόπος
1228 1545 1311 1580 αὐτῆς
1327 1544 1377 1579 τῆς
1388 1543 1417 1577 ἐξ
1433 1544 1555 1579 ἀλλήλων
1571 1544 1716 1577 γενέσεως·
1734 1544 1780 1570 ἐπὶ
1795 1543 1876 1569 πόσον

1083 1592 1111 1618 δὲ
1125 1591 1266 1618 κυίσκεται
1281 1591 1311 1617 τὸ
1324 1592 1481 1627 τικτόμενον
1497 1599 1503 1605 ·
1520 1591 1566 1618 καὶ¹
1578 1590 1636 1622 πῶς
1648 1590 1709 1616 οὔτε
1723 1590 1800 1622 πεζοὶ
1815 1590 1878 1616 πάνυ

1084 1647 1130 1669 τες
1145 1639 1169 1664 ot
1188 1638 1342 1673 μύρμηκες,
1363 1637 1424 1664 οὒτε
1448 1637 1597 1672 ὑπόπτεροι
1621 1637 1740 1669 πάντες·
1771 1636 1830 1663 ἀλλ’
1852 1638 1875 1662 οἱ

1087 1683 1145 1719 μὲν,
1158 1683 1212 1709 τῶν
1229 1684 1317 1718 χαμαὶ
1334 1682 1487 1718 ἐρχομένων
1500 1683 1569 1710 είοὶν
1581 1703 1587 1714 ,
1603 1684 1626 1709 oi
1640 1683 1668 1709 δὲ
1687 1682 1800 1718 διαέριοι
1815 1682 1874 1716 φαί-

1085 1738 1185 1756 νονται.
1204 1729 1232 1755 '0
1246 1729 1335 1755 τοίνυν
1349 1729 1401 1756 τῶν
1416 1729 1499 1756 ὄντων
1510 1728 1702 1764 κατειληφέναι
1716 1729 1766 1763 τὴν
1776 1728 1876 1762 γνῶσιν

1085 1774 1244 1810 κομπάζων,
1260 1775 1328 1805 τέως
1342 1775 1407 1809 ἡμῖν
1421 1774 1469 1810 τὴν
1483 1774 1530 1800 τοῦ
1544 1774 1688 1810 μύρμηκος
1702 1774 1784 1809 φύσιν
1795 1783 1876 1809 φανε-

1087 1821 1211 1856 ρωσάτω.
1237 1818 1292 1846 Εἴθ’
1321 1820 1391 1846 οὕτω
1417 1820 1609 1854 φυσιολογείτω
1630 1819 1678 1855 τὴν
1703 1820 1792 1847 πάντα
1815 1820 1876 1847 νοῦν

1086 1865 1270 1900 ὑπερέχουσαν
1285 1864 1409 1899 δύναμιν.
1426 1865 1457 1891 Εἰ
1472 1864 1500 1890 δὲ
1515 1864 1562 1891 τοῦ
1579 1863 1748 1900 βραχυτάτου
1770 1865 1878 1901 μύρμηο

1086 1919 1134 1942 κος
1148 1910 1224 1938 οὔπω
1244 1910 1388 1946 περιέλαϐε
1410 1911 1442 1946 τῇ
1464 1911 1542 1945 φύσει
1560 1911 1609 1947 τὴν
1628 1911 1738 1945 γνῶσιν,
1757 1911 1816 1943 πῶς
1833 1911 1877 1937 τὸν

1086 1957 1115 1984 ὲν
1127 1956 1215 1993 ἑαυτῷ
1232 1957 1321 1984 πᾶσαν
1336 1956 1552 1992 περικρατοῦντα
1566 1957 1615 1992 τὴν
1633 1956 1720 1983 κτίσιν
1737 1956 1776 1992 τῷ
1795 1965 1877 1983 κατα-

1086 2003 1211 2038 ληπτικῷ
1235 2003 1441 2039 περιειληφέναι
1468 2003 1539 2038 λόγῳ
1568 2003 1798 2038 μεγαλαυχεῖται;
1824 2003 1877 2029 Καὶ

1086 2049 1150 2081 τοὺς
1165 2049 1196 2075 τὺ
1215 2048 1327 2080 ἀσθενὲς
1341 2049 1390 2083 τῆς
1407 2048 1579 2084 ἀνθρωπίνης
1594 2048 1701 2082 φύσεως
1717 2049 1759 2082 ἐφ’
1774 2048 1876 2075 ἑαυτῶν

1087 2094 1284 2130 ὁμολογοῦντας
1297 2094 1463 2121 ἐσκοτῶσθαι
1479 2094 1553 2129 λέγει
1566 2094 1600 2121 τὰ
1611 2094 1660 2129 τῆς
1677 2094 1766 2129 ψυχῆς
1783 2094 1877 2128 αίσοη-

1086 2141 1180 2176 τὴρια,
1195 2140 1242 2167 καὶ
1267 2140 1335 2175 μήτε
1351 2140 1424 2172 τινὸς
1447 2140 1501 2167 τῶν
1518 2140 1622 2176 πρόσω,
1646 2140 1715 2175 μήτε
1738 2139 1792 2167 τῶν
1809 2139 1877 2176 ὑπὲρ

1086 2186 1207 2222 κεφαλῆς
1222 2187 1402 2221 ἐφικνεῖσθαι.

249 2230 324 2258 tione
341 2238 370 2258 se
389 2230 562 2264 complexum
585 2235 647 2255 esse
662 2227 859 2263 gloriabundus
874 2229 999 2263 jactitat?
1016 2236 1042 2259 et
1060 2239 1108 2260 eos
1145 2233 1253 2261 interim
1281 2234 1328 2268 qui
1358 2233 1484 2260 humanae
1511 2237 1615 2261 natura:
1641 2233 1826 2261 infirmitatem
1851 2233 1878 2260 in

251 2275 404 2310 semetipsis
429 2274 551 2302 sentiunt
566 2276 594 2300 et
617 2272 746 2304 fatentur,
764 2272 847 2300 animi
868 2275 1001 2303 sentiendi
1019 2276 1201 2304 instrumenta
1222 2278 1344 2305 tenebris
1370 2281 1398 2306 et
1423 2277 1540 2312 caligine
1565 2278 1653 2305 obsita
1673 2283 1700 2305 et
1720 2278 1808 2306 offusa
1833 2279 1878 2306 ha-

251 2323 315 2352 bere
332 2322 408 2354 dicit,
424 2328 512 2354 neque
529 2320 677 2354 quidquam
693 2327 788 2347 eorum
807 2327 868 2356 quae
883 2325 945 2349 sunt
969 2327 1030 2349 ante
1048 2322 1141 2357 pedes,
1157 2330 1248 2358 neque
1264 2330 1347 2358 supra
1365 2328 1447 2358 caput
1462 2324 1604 2358 attingere.

287 2367 339 2395 Sed
357 2367 404 2402 qui
416 2373 509 2394 eorum
525 2374 585 2401 qua:
601 2370 664 2394 sunt
681 2366 863 2401 cognitionem
879 2367 970 2399 habet,
994 2368 1033 2395 vi-
1049 2371 1071 2398 ι)

250 2414 365 2442 deamus
388 2411 452 2446 quid
474 2414 557 2446 supra
580 2411 648 2439 alios
676 2413 738 2439 Scit.
763 2412 829 2447 Ejus
851 2413 982 2440 tumidam
1009 2419 1036 2441 et

252 2458 372 2486 inﬂatam
391 2465 486 2484 vocem
501 2456 653 2484 audiamus.
675 2456 730 2488 l'et,
749 2457 848 2492 inquit.
863 2457 966 2491 [rustra
983 2457 1036 2484 Da-

251 2505 337 2531 minus
357 2503 470 2537 seipsum
485 2503 580 2529 ostium
601 2502 746 2529 nominarit
760 2510 766 2528 :
797 2503 820 2529 si
837 2503 925 2529 nullus
939 2508 976 2530 est
992 2504 1036 2538 qui

251 2549 414 2585 ingrediatur
432 2549 466 2575 ad
487 2548 578 2576 Patris
602 2549 773 2584 cognitionem
793 2553 817 2576 et
842 2550 1038 2584 contemplatio—

249 2605 309 2624 nem
321 2605 330 2623 :
348 2596 539 2631 [rustruetiam
554 2595 719 2628 via,unllam
741 2595 857 2628 prccbens
879 2597 1035 2630 facilitatem

251 2640 395 2668 volentibus
409 2641 441 2667 ad
461 2639 567 2666 Patrem
583 2639 684 2666 venire:
699 2640 827 2673 quomodo
847 2646 911 2667 esset
928 2641 973 2667 tux
988 2650 1038 2668 non

251 2686 336 2712 minus
352 2686 502 2717 illustrans,
529 2692 579 2710 non
602 2683 755 2710 illuminans
779 2685 860 2711 animi
880 2686 985 2712 oculum
1004 2687 1038 2713 ad

250 2732 423 2767 cognitionem
436 2731 527 2765 suique
539 2734 563 2756 et
575 2730 788 2763 supereniinentis
797 2730 878 2759 lucis?
886 2730 914 2758 Si
929 2732 1036 2766 quidem

250 2777 383 2812 quasdam
412 2774 636 2802 ratiocinationes
664 2774 745 2801 domo
767 2774 866 2802 allatas
889 2777 1037 2810 explicaret

252 2825 401 2852 subtilitate
411 2831 460 2852 sua
470 2822 636 2850 audientium
650 2823 853 2858 intelligentiam
867 2823 1036 2860 effugientes,

1127 2370 1195 2396 Ἀλλ’
1207 2370 1221 2396 ὁ
1232 2370 1280 2405 τὴν
1293 2369 1393 2404 γνῶσιν
1403 2370 1471 2405 ἔχων
1484 2369 1534 2396 τῶν
1546 2370 1639 2401 ὄντων,
1655 2370 1754 2406 ἴδωμεν
1766 2370 1794 2397 τί
1805 2371 1880 2407 παρᾶ

1087 2416 1150 2447 τοὺς
1166 2410 1269 2448 ἄλλους
1292 2415 1446 2442 ἐπίσταται.
1465 2415 1637 2450 Ἀκούσωμεν
1656 2416 1705 2450 τῆς
1728 2416 1881 2452 ὑπερόγκου

1088 2460 1194 2495 φωνῆς·
1214 2461 1249 2489 Ἦ
1268 2461 1367 2496 μάτην
1391 2461 1430 2489 ἂν
1451 2462 1468 2488 ό
1484 2462 1590 2496 Κύριος
1615 2462 1724 2488 ἑαυτὸν
1743 2462 1882 2498 ὠνόμασε

1088 2507 1191 2541 θύραν,
1209 2507 1292 2542 φησι,
1309 2506 1441 2542 μηδενὸς
1467 2508 1554 2540 ὄντος
1577 2507 1630 2535 τοῦ
1654 2507 1784 2542 διτόντος
1809 2509 1884 2543 πρὸς

1089 2553 1275 2587 κατανόησιν
1289 2553 1337 2580 καί
1351 2554 1473 2588 θεωρίαν
1484 2553 1540 2580 ’τοῦ
1552 2553 1676 2587 Πατρός,
1692 2553 1792 2588 μάτην
1807 2554 1833 2580 δ’
1847 2554 1884 2581 ἂν

1089 2599 1171 2632 ὁδὸς,
1189 2600 1339 2634 μηδεμίαν
1361 2599 1498 2634 παρέχων
1520 2599 1680 2634 εὐμάρειαν
1702 2600 1765 2633 τοῖς
1787 2600 1884 2628 ἐλθεῖν

1089 2643 1164 2678 πρὸς
1190 2643 1244 2671 τὸν
1259 2645 1374 2679 Πατέρα
1395 2644 1604 2680 βουλομένοις.
1634 2645 1701 2678 Πῶς
1723 2645 1750 2672 δ’
1777 2645 1816 2672 ἂν
1838 2646 1883 2679 εἴη

1089 2688 1169 2723 φῶς,
1181 2690 1225 2724 μὴ
1242 2690 1371 2724 φωτίζων
1387 2691 1457 2724 τοὺς
1475 2690 1658 2724 ἀνθρώπους,
1676 2691 1720 2726 μὴ
1738 2691 1883 2725 καῑαλάμε

1090 2741 1156 2761 πων
1168 2735 1200 2762 τὸ
1214 2735 1270 2770 τῆς
1281 2736 1385 2770 ψυχῆς
1399 2737 1477 2771 ὄμμα
1492 2737 1565 2771 πρὸς
1578 2738 1762 2771 κατανόησιν
1777 2736 1883 2764 ἑαυτοῦ

1090 2789 1122 2807 τε
1150 2781 1198 2808 καὶ
1225 2783 1439 2818 ’ὑπερκειμένου
1455 2784 1569 2818 φωτόιῃ
1589 2783 1620 2810 Et
1639 2783 1689 2818 μὲν
1713 2781 1759 2810 οὖν
1779 2782 1882 2810 οἴκοθέν
1914 2792 1917 2798 '

1090 2835 1164 2859 τινας
1184 2828 1328 2864 λογισμοὺς
1352 2829 1458 2865 διεξῄει,
1476 2830 1658 2865 ἐκφεύγοντας
1682 2832 1714 2866 τῇ
1742 2831 1883 2866 λεπτότητι
