1970 3076
95 131 149 160 8‘39

649 133 789 169 CONTRA
807 135 1000 170 EUNOM-UM,
1021 136 1085 165 LIB.
1105 137 1138 164 Χ.

1666 136 1720 164 R30

96 190 146 227 τὴν
174 191 229 219 τῶν
253 193 402 221 ἀκουόντων
423 193 551 228 διάνοιαν,
573 195 685 223 δυνατὸν
705 197 738 223 ἂν
760 195 793 232 ἦν
819 197 883 229 ἴσως

935 195 1050 224 fortasse
1063 197 1150 231 decipi
1161 199 1188 223 et
1201 195 1258 224 falli
1269 196 1437 232 contingeret
1453 196 1562 224 solertia
1575 197 1719 228 sermonis,

96 237 336 273 παρακρουσθῆναι
362 239 395 274 τῇ
417 239 539 275 περινοίᾳ
561 239 606 266 τοῦ
631 239 728 274 λόγου,
749 241 883 277 διαδιδρά-

97 291 206 314 σκοντος
240 283 368 316 πολλάκις
402 284 449 310 τοῦ
481 285 639 320 ἐγκειμένου
673 287 808 321 νοήματος
838 286 883 312 τὸν

95 327 238 355 ἀκούοντα.
263 328 339 354 Ἐπεὶ
360 329 388 355 δὲ
413 328 449 355 τὰ
476 329 534 356 Θεϊα
557 330 737 365 προϐάλλεται
764 331 882 366 ῥήματα.

94 372 203 403 πάντως
230 373 316 404 οὐδεὶς
340 373 548 409 καταμέμφεται
563 375 625 406 τοὺς
646 374 694 410 τὴν
709 374 883 402 θεόπνευστον

93 417 266 444 διδασκαλίαν
284 419 352 444 πᾶσι
370 419 460 454 κοινὴν
483 419 640 454 προκεῖσθαι
655 420 881 452 πεπιστευκότας.

99 463 209 499 Ἐπειδὴ
225 464 314 491 τοίνυν
330 463 410 499 θύρα,
423 465 516 500 φησὶν,
531 465 676 501 ὠνομάσθη
690 467 704 492 6
721 466 831 502 Κύριος,
851 466 884 493 ὲκ

93 509 189 536 τούτου
218 510 450 542 κατασκευάζεται
478 511 508 538 τὸ
537 512 712 547 καταληπτὴν
741 511 810 540 εἶναι
837 512 883 540 τοῦ

91 555 161 582 Θεοῦ
177 556 226 591 τὴν
238 556 330 583 οὐσίαν
339 565 345 571 ·
359 556 415 583 ἀλλ’
426 557 456 584 οὐ
472 557 576 592 δέχεται
591 557 640 593 τὴν
651 558 770 584 διάνοιαν
782 558 883 593 ταύτην

89 602 122 628 τὸ
147 601 321 636 Εὐαγγέλιον.
347 603 436 637 Αὐτῆς
459 603 513 639 γὰρ
543 602 702 638 ἀκούσωμεν
731 603 778 638 τῆς
811 603 884 636 θείας

90 647 203 681 φωνῆς’
227 646 301 681 Ἐγὼ
320 647 389 682 εἰμί,
410 647 501 682 φησὶν,
525 647 544 681 ἡ
567 647 656 680 θύρα·
678 647 715 673 δι’
734 647 807 682 ἐμοῦ
830 647 885 674 ἐάν

90 700 138 724 τις
158 692 290 726 εἰσέλθῃ,
322 692 501 726 σωθήσεταὶ,
525 693 573 720 καί
598 693 810 725 εἰσελεύσεται,
835 693 885 720 καί

90 735 301 768 ἐξελεύσεται.
330 737 380 764 καὶ
404 738 501 772 νομὴν
523 737 655 773 εὑρήσει.
685 737 718 764 Τί
739 738 827 764 τοίνυν
852 739 885 764 ὲκ

89 782 195 809 τούτων
212 784 228 818 ἡ
245 783 346 817 γνῶσις
368 783 417 818 τῆς
441 783 533 815 οὐσίας
557 783 648 815 ἐστίν;
676 783 808 810 Πλειόνων
831 783 884 819 γὰρ

89 828 177 855 ὄντων
202 828 256 855 τῶν
279 829 440 863 εἰρημένων,
465 830 511 856 καὶ
535 829 603 856 ἰδίαν
626 830 739 857 ἑκάστου
765 829 884 857 διάνοιαν

91 873 165 901 κατὰ
182 874 212 901 τὸ
229 874 424 910 σημαινόμενον
446 875 553 910 ἔχοντος
563 883 570 890 ”
586 875 648 902 οὔτε
671 876 759 903 πάντα
774 876 884 903 δυνατόν

90 921 151 946 ἐστι
165 919 203 955 τῷ
216 920 266 956 τῆς
278 920 372 952 οὐσίας
388 921 537 948 ἐντίθεσθαι
558 921 640 957 λόγῳ,
658 922 695 954 ὡς
714 922 746 949 ἂν
761 923 798 958 μὴ
814 922 884 958 σύμ-

91 974 190 1001 μικτον
204 967 237 992 ὲκ
253 966 388 1002 διαφόρων
403 966 509 1003 νοηθείη
528 967 558 994 τὸ
568 969 653 995 Θεῖον.
669 969 725 995 Καὶ
738 968 768 995 τὺ
784 968 883 1004 μᾶλλον

90 1011 196 1047 κυρίως
224 1012 377 1048 ἐφαρμόσαι
400 1012 439 1048 τῷ
467 1013 638 1049 προκειμένῳ
661 1014 819 1049 δυνάμενον,
834 1014 884 1041 οὐκ

89 1056 166 1083 ἔστιν
181 1057 298 1089 εὐκόλως
313 1059 345 1085 ἐκ
360 1058 414 1085 τῶν
427 1059 642 1095 κατειλεγμένων
662 1059 749 1095 εὑρεῖν
759 1068 765 1074 ·
779 1061 796 1096 ἡ
814 1060 883 1096 θύρα

88 1102 104 1127 ὁ
119 1101 237 1136 Κύριος·
253 1102 293 1128 Δι’
310 1102 393 1136 ἐμοῦ,
409 1104 501 1139 φησὶν,
517 1104 571 1131 ἐάν
582 1113 627 1137 τις
639 1105 772 1140 εἰσέλθῃ,
786 1105 883 1138 σωθή-

89 1153 187 1178 σεται,
209 1147 258 1173 καί
288 1148 501 1182 εἰσελεύσεται,
532 1150 581 1176 καί
609 1149 811 1182 ἐξελεύσεται,
834 1151 884 1178 καί

90 1190 192 1225 νομὴν
202 1191 337 1226 εὑρήσει·
351 1194 400 1229 τὴν
409 1193 510 1221 εἴσοδον
522 1195 642 1230 εἴπωμεν
654 1196 714 1222 ἀντὶ
727 1197 776 1231 τῆς
791 1196 884 1229 οὐσίας

89 1235 182 1270 λέγειν
203 1237 294 1269 αὐτὸν,
309 1238 326 1273 ἢ
343 1239 392 1274 τὴν
415 1240 550 1276 σωτηρίαν
571 1241 624 1267 τῶν
638 1241 784 1273 εἰσιόντων,
800 1242 816 1277 ἢ
835 1243 883 1277 τὴν

90 1281 207 1317 νομὴν,ἢ
219 1281 267 1317 τὴν
277 1282 374 1316 ἔξοδον,
390 1284 462 1320 ἥτὴν
478 1285 601 1320 εὐρεσιν;
612 1286 748 1313 Ἔκαστον
758 1287 812 1322 γὰρ
823 1287 884 1313 τού-

89 1336 147 1354 των
168 1327 263 1359 ίδιάζει
277 1328 316 1363 τῷ
332 1330 532 1366 σημαινομένῳ,
547 1331 594 1358 καὶ
606 1332 637 1358 οὐ
653 1334 793 1367 συμφωνεῖ
814 1333 882 1368 πρὸς

88 1373 122 1398 τὸ
131 1373 234 1408 ἕτερον.
247 1373 284 1400 Τὸ
295 1374 349 1409 γὰρ
361 1375 434 1407 ἐντὸς
450 1376 574 1410 γενέσθαι
586 1376 624 1412 τῷ
632 1376 748 1409 ἐξελθεῖν
762 1378 883 1405 ἐναντίον

89 1418 124 1444 ὲκ
147 1417 195 1444 τοῦ
221 1419 365 1454 προχείρου
392 1419 475 1452 δοκεῖ,
507 1421 553 1447 καὶ
582 1422 617 1448 τὰ
645 1422 712 1449 ἄλλα
741 1423 881 1455 ὡσαύτως.

91 1462 175 1490 ⁸Ἄλλο
190 1463 244 1499 γάρ
259 1472 286 1490 τι
304 1463 342 1499 τῷ
363 1464 421 1500 ίδίῳ
443 1465 514 1501 λόγῳ
531 1466 631 1502 ὲστίνή
647 1467 725 1502 νομὴ,
745 1468 838 1503 ἕτερον
854 1467 883 1494 δέ

88 1518 116 1536 τι
141 1510 217 1545 παρὰ
237 1510 316 1538 τοῦτο
340 1512 356 1546 ὴ
380 1511 496 1547 εὕρεσις.
515 1512 548 1539 Τί
570 1511 617 1540 οὖν
638 1513 670 1540 ὲκ
688 1513 790 1541 τούτων
805 1515 821 1549 ἡ
836 1513 883 1541 τοῦ

89 1555 198 1590 Πατρδς
218 1555 295 1582 οὐσία
313 1556 471 1591 νομίξεταις
493 1557 530 1584 οὐ
554 1558 608 1594 γὰρ
630 1558 661 1594 δὴ
683 1559 825 1586 τὰλπάντα
841 1569 882 1592 τις

89 1599 176 1626 εἰπὼν
202 1600 239 1636 μὴ
266 1601 459 1636 συμφωνοῦντα
482 1604 516 1638 τῇ
546 1604 667 1640 σημασίᾳ
683 1605 751 1640 πρὸς
769 1605 881 1641 ἄλληλα,

88 1644 139 1680 τὴν
153 1645 240 1680 ἁπλῆν
259 1655 287 1672 τε
302 1647 347 1673 καὶ
361 1647 504 1676 ἀσύνθετον
519 1649 612 1676 οὐσίαν
627 1650 670 1676 διὰ
683 1651 737 1677 τῶν
752 1651 883 1686 ἀσυμφώ-

88 1699 143 1717 νων
169 1691 325 1723 ἐνδείξεται.
353 1693 416 1725 Πῶς
436 1694 458 1721 δ’
484 1693 517 1720 ἂν
545 1694 669 1731 άληθεύοι
693 1697 707 1722 6
729 1696 823 1730 Λόγος,
842 1697 882 1723 ὅτι

90 1736 168 1763 Θεὸν
183 1736 281 1770 οὐδεὶς
303 1737 412 1772 ἑώρακε
434 1739 566 1767 πώποτε·
593 1741 650 1772 καὶ,
667 1742 717 1767 Ὃν
735 1739 814 1768 εἷδεν
830 1742 883 1769 dr—

89 1781 215 1816 θρώπων
230 1782 339 1816 οὐδεὶς,
355 1784 423 1811 οὔτε
444 1784 518 1811 ἰδεῖν
540 1785 677 1812 δύναται·
691 1786 755 1819 καὶ,
767 1786 809 1813 ὅτι
821 1787 882 1813 Οὐκ

89 1826 186 1859 ἐστιν,
203 1826 236 1860 ὃς
252 1827 356 1861 ὄψεται
380 1829 540 1862 πρόσωπον
560 1831 670 1864 Κυρίου
683 1831 732 1858 καί
746 1830 864 1865 ζήσεται
875 1840 881 1848 ·

89 1871 171 1907 εἴπερ
187 1871 204 1908 ἦ
221 1873 251 1899 τὺ
272 1873 346 1904 ἐντὸς
362 1873 410 1908 τῆς
427 1874 512 1910 θύρας
526 1875 542 1910 ἢ
561 1876 591 1902 τὸ
614 1877 691 1908 ἐκτὸς
703 1876 752 1912 τῆς
767 1878 881 1913 νομὴςὴ

89 1917 216 1953 εὕρεσις,
241 1918 319 1945 οὐσία
344 1919 449 1954 Πατρὺς
472 1920 629 1955 νομίζεταις
648 1921 685 1948 Οὐ
708 1922 761 1957 μὴν
789 1921 883 1958 ἐπειδὴ

88 1962 172 1989 τοῦτο
188 1963 238 1989 οὐκ
256 1962 338 1995 ἔστιν,
355 1963 438 1999 ἀργόν
462 1972 491 1990 τε
515 1965 562 1991 καὶ
584 1965 689 2000 ἄσημον
706 1966 752 1992 ἐπὶ
765 1966 811 1992 τοῦ
827 1967 883 1993 Κυ-

91 2009 151 2044 ρίου
166 2008 196 2036 τὺ
208 2008 293 2044 ὄνομα
312 2010 361 2045 τῆς
376 2009 460 2045 θύρας
483 2010 676 2046 ὑπονοήσομεν.
697 2012 816 2047 Ἀληθῶς
834 2012 884 2049 γὰρ

88 2054 104 2082 ὸ
127 2054 208 2086 αὐτός
222 2055 279 2082 ἐστι
297 2056 343 2082 καὶ
369 2055 437 2091 θύρα
459 2056 599 2092 περιοχῆς,
625 2057 672 2083 καὶ
706 2054 780 2088 οἶκος
796 2065 883 2086 κατα-

90 2102 184 2138 φυγῆς
194 2123 201 2136 ,
218 2101 309 2133 καθὼς
322 2103 336 2128 ὁ
348 2102 431 2129 Δασὶδ
442 2103 578 2138 ὀνομάζει,
594 2104 641 2130 καὶ
664 2103 698 2131 δι’
709 2103 807 2131 ἑαυτοῦ
821 2105 884 2136 τοὺς

89 2147 225 2183 εἰσιόντας
246 2147 361 2183 δέχεται,
385 2149 432 2176 καὶ
456 2150 485 2176 ὲν
505 2148 593 2185 ἑαυτῷ
612 2150 674 2182 τοὺς
688 2150 760 2179 ἔνδον
776 2151 885 2188 γενομέ-

89 2201 153 2225 νους
170 2192 261 2226 σώζει,
274 2193 321 2220 καὶ
336 2193 417 2220 πάλιν
430 2193 463 2220 δι’
476 2193 572 2222 ἑαυτοῦ
588 2194 655 2230 πρὸς
669 2194 718 2230 τὴν
729 2195 816 2230 νομὴν
830 2194 884 2221 τῶν
900 2211 922 2238 D

87 2238 198 2273 ἀρετῶν
215 2238 340 2273 προάγει.
362 2239 416 2265 Καὶ
441 2239 530 2267 πάντα
549 2239 653 2273 γίνεται
687 2241 742 2272 τοῖς
763 2239 884 2275 σωζομέ-

88 2291 157 2315 νοις,
186 2282 231 2310 ἴνα
259 2283 366 2318 ἑκάστῳ
388 2283 541 2319 πρόσφορον
567 2283 663 2310 ἑαυτὸν
692 2283 807 2318 ποιήσῃ·
838 2282 884 2310 καὶ

87 2329 160 2361 ὁδὸς,
176 2328 224 2355 καὶ.
236 2328 342 2365 ὀδηγδς,
353 2329 400 2356 καὶ
412 2329 481 2365 θύρα
499 2329 637 2365 περιοχῆς,
654 2329 700 2355 καὶ
715 2325 788 2360 οἶκος
800 2336 885 2355 καταρ

89 2375 192 2410 φυγῆς,
211 2375 258 2401 καὶ
277 2375 349 2411 ὕδωρ
365 2374 554 2407 ἀναπαύσεως,
574 2375 622 2402 καὶ
643 2375 726 2407 τόπος
747 2375 838 2410 χλόης,
852 2375 885 2409 ἥν

88 2421 120 2448 ιν
137 2421 178 2456 τῷ
194 2421 351 2457 Εὐαγγελίῳ
364 2420 448 2457 νομὴν
460 2420 603 2456 ὀνομάζει·
623 2422 638 2448 6
658 2421 686 2447 δὲ
710 2421 801 2453 καινὸς
825 2421 885 2447 θεο-

933 242 1044 270 notione
1070 242 1194 276 subjecta
1223 241 1374 270 auditorem
1401 249 1473 276 saepe
1504 241 1719 276 ρτειιιει-νοίοιιιε.

934 287 987 315 Sed
1015 288 1145 322 quoniam
1178 286 1272 314 divina
1300 288 1428 322 proponit
1455 287 1597 319 vocabula,
1629 286 1721 313 nullus

933 331 1056 368 profecto
1073 332 1164 366 culpat
1179 338 1227 359 eos
1247 331 1294 366 qui
1313 331 1464 359 doctrinam
1488 331 1618 359 divinitus
1636 330 1721 364 inspi-

933 381 1021 405 ratam
1049 376 1176 404 omnibus
1201 384 1371 404 communem
1397 377 1511 411 proponi
1534 376 1720 404 crediderunt.

934 423 1067 456 Quoniam
1082 422 1174 458 igitur,
1186 422 1233 454 ait,
1248 422 1377 450 Dominus
1386 423 1541 450 nominatus
1553 426 1594 449 est
1606 422 1720 452 ostium,

933 475 966 495 ex
989 475 1022 495 eo
1041 467 1180 501 pratstruit
1194 467 1463 502 comprehensibilem
1486 474 1547 494 esse
1562 466 1608 494 Dei
1626 473 1721 493 essen-

933 512 1011 539 tiam.
1030 511 1082 539 Sed
1101 510 1275 546 Evangelium
1294 511 1366 538 hunc
1389 518 1498 537 sensum
1515 518 1568 537 non
1593 510 1718 537 admittit.

934 555 1022 590 Ipsam
1046 555 1118 584 enim
1142 555 1260 581 divinam
1282 562 1374 581 vocem
1400 554 1553 580 audiamus.
1579 553 1633 588 Ego
1650 561 1718 584 sum,

934 601 1033 636 inquit,
1059 601 1176 628 ostium:
1195 608 1240 634 per
1264 607 1303 626 nte
1324 600 1347 626 si
1374 600 1431 634 quis
1460 599 1606 628 intraverit.
1632 598 1720 625 salvus

934 645 1007 671 erit:
1023 649 1047 672 et
1069 644 1238 679 ingredietur.
1262 649 1286 671 et
1305 643 1461 678 egredietur,
1486 648 1510 670 et
1533 651 1630 675 pascua
1651 644 1721 670 inre-

934 689 988 716 m'et
1005 689 1025 714 ‘.
1050 689 1090 715 Ex
1113 689 1155 715 his
1178 695 1302 723 quaenam
1329 687 1428 714 divittre
1451 688 1578 714 essentia:
1603 687 1722 722 cognitio

935 733 1066 761 elicitur?
1092 741 1153 760 cum
1177 733 1249 760 enim
1279 733 1355 768 plura
1380 733 1434 759 sint
1459 732 1541 763 dicta,
1571 736 1597 759 et
1625 732 1721 758 horum

935 779 1061 814 quodque
1074 780 1221 806 secundum
1235 786 1313 806 suum
1324 777 1506 813 signiﬁcatum
1522 777 1658 812 propriam
1671 776 1721 803 ha-

936 825 998 852 beat
1013 824 1238 859 intelligentiam;
1252 832 1339 859 neque
1357 823 1447 851 omnia
1467 828 1582 858 possunt
1598 823 1724 850 substan-

901 867 920 894 D
936 870 979 896 tite
995 869 1094 896 rationi
1107 868 1249 904 applicari,
1264 876 1298 895 ne
1315 868 1381 903 quid
1400 868 1573 895 commistum
1592 874 1626 894 ex
1643 865 1723 892 dili'e-

935 914 1060 942 rentibus
1075 919 1172 941 natura
1188 913 1280 940 divina
1295 913 1472 948 intelligatur.
1486 912 1518 940 Et
1530 913 1600 948 quod
1614 911 1724 947 proprie

936 960 1022 996 magis
1048 961 1087 986 rei
1109 960 1254 995 propositae
1281 967 1431 994 congruere
1456 963 1554 994 potest,
1579 966 1632 985 non
1660 958 1724 984 licet

934 1004 1014 1032 facile
1032 1013 1064 1032 ex
1080 1005 1201 1033 collectis
1224 1005 1354 1032 invenire.
1392 1003 1522 1031 Dominus
1544 1004 1656 1031 ostiutn.
1672 1002 1724 1029 Per

934 1057 984 1080 me,
1004 1049 1101 1084 inquit,
1119 1050 1143 1076 si
1162 1049 1220 1084 quis
1240 1049 1389 1081 intraverit,
1413 1048 1570 1078 servabitur.
1592 1051 1616 1074 et
1639 1047 1724 1082 ingrc-

934 1095 1031 1128 dietur,
1053 1099 1078 1122 et
1100 1095 1258 1130 egredietur,
1273 1099 1297 1122 et
1309 1103 1408 1128 pascua
1430 1094 1556 1125 inveniet;
1570 1095 1723 1128 ingressum

934 1140 1084 1168 dixerimus
1100 1148 1150 1175 pro
1169 1141 1287 1168 essentia
1311 1141 1399 1175 ipsum
1423 1139 1526 1171 dicere,
1547 1147 1581 1166 an
1607 1139 1723 1167 salutem

933 1186 1155 1221 ingredientium,
1172 1186 1215 1213 vel
1232 1193 1375 1221 egressum
1405 1185 1446 1212 vel
1464 1193 1605 1220 pascuum,
1621 1185 1662 1212 vel
1682 1185 1724 1211 in-

933 1231 1110 1258 ventionem?
1128 1231 1226 1258 horum
1238 1231 1309 1258 enim
1328 1231 1454 1266 quodque
1478 1231 1607 1266 peculiari
1620 1235 1725 1266 et-pro-

934 1276 993 1311 prio
1011 1276 1166 1311 signiﬁcatu
1188 1276 1374 1311 distinguitur,
1394 1284 1481 1311 neque
1505 1284 1565 1303 cuttt
1587 1277 1640 1302 alio
1659 1283 1725 1303 con-

934 1325 1022 1347 sonat.
1033 1319 1100 1348 Natn
1114 1321 1187 1348 intus
1196 1328 1266 1353 esse,
1278 1321 1301 1348 ei
1319 1321 1389 1355 quod
1405 1326 1447 1348 est
1456 1322 1540 1352 exire,
1557 1321 1724 1348 contrarium

933 1372 965 1392 ex
993 1366 1081 1400 primo
1111 1370 1273 1393 occurrente
1299 1366 1451 1400 signiﬁcatu
1479 1366 1596 1398 videtur,
1620 1370 1647 1393 et
1672 1366 1724 1393 alia

934 1410 1070 1438 similiter.
1087 1411 1168 1438 Aliud
1179 1412 1251 1438 enim
1264 1417 1305 1438 est
1317 1413 1427 1446 proprio
1439 1419 1564 1439 sermone
1580 1420 1723 1447 pascuum,

935 1457 1008 1483 aliud
1023 1465 1086 1484 vero
1097 1457 1226 1492 quiddam
1242 1463 1337 1492 praeter
1349 1458 1400 1485 lioc
1416 1459 1543 1486 inventio.
1559 1458 1627 1491 Quid
1642 1459 1726 1494 igitur

935 1511 968 1530 ex
979 1503 1022 1531 his
1035 1503 1124 1531 Patris
1138 1504 1258 1532 essentia
1272 1505 1420 1532 censetur?
1434 1504 1525 1539 Neque
1540 1505 1612 1531 enim
1631 1505 1723 1532 omnia

936 1550 1032 1585 siquis
1046 1550 1157 1582 dixerit,
1180 1557 1234 1576 non
1255 1549 1326 1576 ittter
1347 1558 1376 1577 se
1389 1550 1587 1584 signiﬁcatione
1609 1557 1725 1578 concor-

936 1597 1040 1629 dantia,
1061 1597 1210 1631 simplicem
1234 1600 1260 1623 et
1273 1596 1481 1630 incompositam
1508 1596 1656 1623 essentiam
1678 1604 1726 1632 per

936 1643 994 1670 hch
1007 1643 1171 1670 incoucinna
1183 1646 1211 1669 ct
1223 1642 1410 1670 discordantia
1426 1642 1567 1671 indicabit.
1583 1642 1726 1674 Quomodo

937 1693 1027 1717 autem
1037 1697 1130 1716 verum
1141 1688 1243 1716 diceret
1255 1695 1355 1721 sermo,
1369 1689 1439 1723 quod
1450 1689 1459 1703 ²
1470 1687 1553 1715 Nemo
1567 1687 1645 1714 Deum
1662 1688 1726 1715 vidit

936 1734 1152 1770 unquam;ct‘,
1170 1734 1253 1767 Quem
1279 1734 1413 1761 hominum
1439 1734 1528 1761 nullus
1552 1734 1627 1766 cidit,
1647 1742 1727 1768 neque

935 1786 1018 1816 potest
1028 1781 1131 1809 cidere:
1146 1786 1172 1808 et
1183 1781 1255 1816 quod
1266 1781 1277 1796 ⁸
1293 1780 1391 1807 Nullus
1403 1781 1476 1813 viret,
1488 1786 1511 1808 et
1523 1781 1618 1808 videbit
1633 1780 1727 1815 faciem

936 1828 1066 1855 Domini:
1089 1826 1224 1861 siquidem
1249 1827 1290 1854 vel
1314 1827 1385 1860 quod
1408 1826 1478 1852 intra
1500 1825 1599 1853 ostium
1624 1830 1666 1854 est
1685 1826 1727 1854 vel

937 1878 1024 1904 extra.
1050 1877 1076 1900 ct
1101 1872 1222 1900 inventio
1247 1873 1353 1906 pascui,
1374 1872 1494 1899 essentia
1519 1871 1608 1898 Patris
1632 1871 1728 1899 existi-

937 1921 1045 1947 matur?
1056 1918 1110 1946 Sed
1128 1918 1256 1953 quoniam
1273 1917 1324 1944 ltoc
1341 1925 1394 1944 non
1419 1921 1471 1949 est,
1493 1924 1546 1944 non
1567 1920 1656 1943 tamen
1675 1917 1726 1946 ltoc

940 1973 1039 1992 nomen
1053 1964 1116 1992 ostii
1140 1964 1166 1991 in
1186 1963 1301 1990 Domino
1329 1964 1447 1990 otiosunt
1468 1966 1494 1989 et
1518 1962 1726 1997 signiﬁcationis

937 2017 1035 2045 expers
1051 2009 1262 2044 suspicabimur.
1282 2008 1350 2036 Vere
1366 2009 1438 2036 enim
1455 2009 1514 2043 ipse
1528 2013 1570 2035 est
1584 2012 1610 2035 et
1624 2007 1726 2038 ostium

937 2055 1162 2088 circumstantiae,
1187 2059 1213 2082 et
1237 2054 1334 2083 domus
1358 2054 1467 2089 refugii,
1483 2054 1553 2081 sicut
1574 2053 1656 2081 David
1678 2061 1727 2082 non

937 2101 1052 2133 minat',
1068 2106 1094 2129 et
1106 2108 1154 2136 per
1169 2108 1198 2128 se
1212 2101 1299 2135 ipsum
1316 2100 1499 2134 ingredientes
1520 2098 1647 2132 admittit,
1661 2099 1727 2130 etin

937 2147 1029 2183 seipso
1041 2147 1092 2174 hos
1115 2146 1160 2182 qui
1185 2151 1248 2174 sunt
1273 2146 1347 2174 intus
1371 2149 1470 2177 servat,
1498 2149 1526 2172 et
1554 2151 1650 2172 rursus
1679 2152 1727 2180 per

938 2193 1027 2228 ipsum
1044 2193 1077 2220 ad
1092 2193 1223 2220 virtutum
1236 2199 1337 2227 pascua
1353 2191 1456 2219 educit.
1479 2190 1511 2218 Et
1531 2191 1574 2218 his
1591 2191 1637 2226 qui
1658 2190 1726 2219 salvi

939 2240 1019 2271 tiunt,
1031 2239 1123 2267 omnia
1139 2238 1179 2269 tit,
1196 2241 1225 2265 nt
1246 2237 1392 2272 unicuique
1414 2238 1535 2272 seipsum
1553 2229 1726 2266 commodum

934 2289 961 2313 et
975 2284 1103 2312 idoneum
1118 2284 1232 2312 reddat:
1249 2289 1276 2312 et
1289 2285 1344 2315 via.
1368 2288 1395 2311 et
1417 2284 1468 2311 vite
1486 2283 1551 2316 duit,
1575 2287 1602 2311 et
1624 2284 1726 2311 ostium

935 2330 1158 2363 circumstantiae,
1174 2335 1200 2358 et
1214 2330 1312 2358 domus
1323 2329 1430 2365 rcfugii.
1442 2333 1470 2357 et
1484 2337 1553 2365 aqua
1564 2330 1680 2365 requiei,
1697 2332 1726 2358 et

936 2377 1013 2404 locus
1028 2376 1118 2404 herba:
1140 2376 1246 2408 viridis,
1271 2383 1352 2411 quam
1371 2376 1398 2403 in
1422 2375 1568 2410 Evangelia
1592 2382 1725 2410 pascuum

937 2422 1081 2449 nominat':
1104 2421 1149 2449 hic
1169 2425 1259 2449 autem
1287 2421 1408 2449 novitius
1431 2421 1587 2457 theologus,
1612 2425 1726 2456 propter

89 2466 181 2500 λόγος,
195 2466 238 2494 διὰ
258 2467 307 2503 τὴν
321 2466 421 2501 γνῶσιν
434 2468 482 2502 τῆς
501 2466 548 2493 τοῦ
564 2466 670 2502 Πατρὸς
681 2466 784 2500 οὐσίας,
800 2467 883 2502 θύραν

937 2468 1117 2504 cognitionem
1139 2468 1266 2495 essentia:
1282 2467 1379 2500 Patris,
1395 2467 1433 2495 ait
1456 2467 1725 2496 Dominttm‘ostium

88 2513 174 2548 φησὶν
186 2512 343 2548 ὠνομάσθαι
365 2512 411 2540 τὸν
436 2513 547 2548 Κύριον.
569 2512 601 2538 Τί
624 2511 670 2540 οὖν
691 2512 751 2547 οὐχὶ
771 2513 818 2540 καὶ
835 2513 884 2548 τὴν

88 2559 206 2594 πέτραν,
222 2559 269 2586 καὶ
282 2558 327 2586 τὸν
345 2558 429 2592 λίθον,
443 2559 491 2585 καὶ
504 2558 553 2595 τὴν
571 2559 671 2594 πηγὴν,
685 2560 733 2586 καὶ
748 2559 778 2586 τὸ
795 2559 882 2591 ξύλον,

90 2604 139 2630 καὶ
165 2603 200 2630 τὰ
223 2603 305 2630 λοιπὰ
327 2603 380 2631 τῶν
399 2604 538 2640 ὀνομάτων
550 2605 619 2640 πρὸς
636 2605 685 2640 τὴν
704 2605 788 2641 αὐτὴν
810 2605 884 2631 ’ἐλκει

87 2651 224 2683 διάνοιαν,
257 2650 294 2681 ὡς
315 2649 349 2677 ἂν
374 2649 413 2685 τῷ
434 2650 531 2685 πλήθει
559 2650 612 2678 τῶν
641 2650 792 2677 ἀλλοκότων
814 2659 883 2686 μαρ-

88 2697 192 2733 ¹ιυριῶν
222 2696 253 2723 τὺ
285 2696 382 2723 ἑαυτοῦ
411 2697 499 2732 δόγμα
526 2696 709 2729 πιστώσαιτο,
733 2697 881 2732 δυνάμενος

91 2744 203 2778 ἑκάστῳ
213 2743 318 2769 τούτων
331 2743 378 2769 τὸν
390 2743 472 2769 αὐτὸν
491 2743 646 2779 ἐφαρμόσαι
664 2743 754 2778 λόγον,
770 2744 800 2771 ὃν
821 2745 886 2780 περὶ

90 2791 142 2824 τῆς
157 2789 218 2816 ὁδοῦ
243 2789 291 2816 καί⁵
305 2789 355 2825 τῆς
370 2788 467 2823 θύρας,
487 2789 534 2816 καὶ
555 2789 602 2816 τοῦ
619 2789 708 2824 φωτὸς
728 2790 883 2826 διεξῆλθενς

937 2515 1082 2542 nominari.
1097 2515 1153 2541 Cur
1164 2521 1219 2540 non
1231 2514 1312 2540 etiam
1328 2521 1422 2548 rupem
1435 2517 1462 2541 et
1477 2514 1604 2548 lapidem,
1619 2518 1646 2540 ct
1664 2512 1725 2539 fon-

937 2565 1002 2592 tem,
1031 2564 1058 2587 et
1085 2560 1199 2594 lignum,
1225 2565 1251 2587 et
1271 2559 1375 2594 reliqua
1404 2559 1516 2586 nomina
1545 2559 1579 2586 ad
1602 2558 1725 2586 eamdem

935 2606 1020 2632 trahit
1040 2605 1270 2640 intelligentiam,
1297 2609 1327 2632 ut
1352 2609 1572 2640 portentosorum
1600 2604 1725 2632 testimo.

934 2652 1043 2679 niorutn
1067 2651 1242 2679 multitudine
1266 2659 1346 2678 suum
1370 2651 1498 2686 placitum
1522 2650 1633 2685 probet,
1661 2656 1723 2677 cum

934 2697 1022 2732 possit
1035 2697 1133 2731 cuique
1154 2696 1250 2724 horum
1278 2697 1401 2724 eamdem
1424 2695 1558 2723 rationem
1582 2696 1722 2731 adaptare,

934 2751 1016 2778 quam
1029 2743 1061 2771 de
1074 2743 1116 2770 via
1130 2747 1157 2771 et
1169 2743 1240 2771 ostio
1254 2746 1280 2771 et
1293 2743 1354 2770 luce
1366 2741 1527 2770 recensuit?

91 2874 96 2876 Ἴ
130 2839 138 2856 '
156 2839 236 2868 Joan.
250 2848 277 2877 ι,
295 2841 320 2870 9.
359 2843 368 2858 ¹
383 2841 462 2871 Joan.
480 2850 500 2876 ι,
518 2841 559 2868 l8.
591 2840 744 2878 '_lTitnoth.
761 2848 797 2876 vt,
817 2841 858 2870 l6.

935 2828 1007 2869 Exod.
1025 2847 1122 2873 mnu,
1138 2837 1182 2866 ‘20.
1223 2837 1232 2854 '
1250 2836 1321 2865 Psal.
1335 2836 1440 2870 cxt..6.
