1923 3071
241 137 292 166 851
849 133 878 161 S.
900 130 1063 161 GREGORII

280 195 334 228 Ego
348 197 436 220 autem
457 200 472 219 a
496 192 639 227 Scriptura
670 189 803 220 divinitus
831 192 964 226 inspirata
979 191 1030 218 hoc
1045 192 1069 221 Α

242 243 354 266 cunctus
383 237 516 265 aﬂirmare
547 237 645 270 audeo,
673 238 745 272 quod
775 237 822 272 qui
839 245 922 272 supra
952 243 1033 264 omne

242 287 284 310 est
302 290 412 314 nomen,
429 282 510 310 nobis
531 281 626 309 multis
643 282 801 309 nominibus
817 281 917 308 dicitur
933 288 1032 308 secun-

242 328 305 354 dum
325 328 414 354 varias
447 331 474 354 et
501 328 600 354 multas
634 326 828 354 beneﬁciorum
853 325 1031 357 dilferentias,

241 373 305 399 dum
321 371 487 403 nominatur,
506 372 551 398 lux
568 371 677 406 quidem
694 378 755 398 cum
783 371 942 405 ignorantiae
967 370 1033 397 cali-

241 418 330 452 ginem
349 417 465 451 dispellit
479 421 506 443 ct
522 417 633 444 discutit
650 425 657 449 ;
670 417 724 443 vita
739 424 801 443 vero
814 424 875 442 cum
892 416 1032 442 immorta-

241 463 342 489 litatem
360 462 538 497 gratiﬁcatur;
552 463 606 494 tia,
621 470 681 488 cum
695 462 729 489 ab
741 469 834 489 errore
846 462 879 488 ad
891 461 1032 488 veritatem

241 514 369 542 tanquam
388 515 469 535 manu
482 508 574 541 ducit;
593 507 633 535 sic
646 507 727 535 etiam
745 508 829 534 turris
850 506 1032 538 fortitudinis,

240 554 374 581 etcivitas
392 554 601 588 complexionis,
616 558 640 580 et
669 553 740 585 fons,
757 557 784 580 et
800 561 892 588 rupes,
915 557 942 580 et
956 553 1032 585 vitisI

240 604 268 625 ct
284 600 417 632 incdit-us,
446 604 472 626 et
503 599 680 631 resurrectio,
695 604 722 626 et
745 600 837 625 omnia
864 598 927 624 talia
945 598 1033 625 nostri

242 645 347 672 ratione
363 646 540 678 nominatur;
559 645 636 671 vario
649 644 731 671 modo
759 645 878 679 seipsum
896 644 954 671 suis
970 651 1033 678 erga

241 699 292 717 nos
312 690 451 717 beneﬁciis
468 690 649 717 distribuens.
667 689 700 716 lli
719 698 783 717 vero
797 698 844 725 per
856 690 913 717 hare
924 689 1034 716 nomina

240 736 376 762 essentias
390 736 617 770 interpretantur,
634 736 680 770 qui
696 743 779 770 super
792 736 938 762 humanam
954 740 1032 762 natu-

242 789 298 808 ram
316 785 396 809 acute
406 787 532 812 cernunt,
550 782 596 816 qui
613 781 686 816 quod
698 786 741 809 est
758 780 1034 816 incomprehensibile

242 827 344 859 vident,
375 831 401 854 et
434 827 507 862 quod
533 831 623 862 potest
647 827 842 862 comprehendi
869 827 1030 861 despiciunt.

241 872 325 905 Quem
339 873 411 900 enim
420 881 507 907 neque
518 872 659 899 hominum
669 873 813 908 quisquam
823 872 890 899 vidit
900 879 1029 906 unquam,
1047 862 1069 890 Β

241 924 328 950 neque
355 921 444 952 potest
463 917 562 949 videre,
583 917 655 944 hunc
679 925 733 944 non
759 917 847 945 solum
865 925 894 944 se
921 917 1030 949 intueri,

241 963 289 990 sed
306 962 387 989 etiam
409 963 498 990 metiri
519 962 653 990 aliirmant
667 972 674 996 ;
686 963 764 990 ﬁdem
781 970 846 990 Vero
865 970 918 989 non
936 963 1032 989 animae

241 1009 322 1035 oculo
333 1012 458 1040 cernunt,
472 1009 543 1043 quod
557 1009 666 1043 quidem
679 1009 766 1036 solum
776 1011 924 1036 estnostra:
936 1010 1030 1044 cogni-

242 1053 309 1080 tioni
325 1060 512 1080 cummensum
524 1056 550 1080 et
560 1054 792 1080 accommodatum
803 1062 809 1080 :
819 1054 1031 1089 etcognitionem

242 1101 303 1132 qua:
319 1105 352 1124 ex
365 1098 518 1125 rationibus
535 1098 666 1133 procedit,
683 1098 744 1125 huic
755 1103 913 1133 prteponunt
932 1103 958 1126 et
974 1099 1032 1133 plu-

240 1144 282 1170 ris
301 1142 414 1169 faciunt.
443 1141 604 1169 Sic'audivi
636 1143 777 1170 historiam
794 1143 864 1171 ﬁlios
892 1143 1032 1178 Benjamin

242 1192 430 1220 accusantem,
445 1189 490 1222 qui
506 1188 614 1223 quiJcm
627 1188 660 1215 ad
677 1189 760 1223 legem
775 1197 829 1216 non
838 1189 1031 1224 respiciebant,

242 1234 275 1260 ad
304 1234 431 1268 capillum
462 1237 551 1260 autem
581 1234 679 1268 capitis
693 1233 775 1260 funda
788 1234 981 1268 jaculabantur
1004 1235 1031 1268 °;

244 1285 381 1311 sermone,
410 1279 517 1314 opinor,
538 1279 696 1306 declarante
722 1279 749 1306 in
774 1287 803 1306 re
827 1287 896 1306 vana
916 1284 942 1307 et
962 1280 1032 1308 futili

243 1324 364 1359 ipsorum
382 1324 580 1359 occupationen
597 1333 604 1351 τ
618 1324 690 1359 quod
710 1325 844 1352 inutilium
860 1330 887 1353 et
899 1326 1033 1358 inanium.

243 1377 332 1405 neque
350 1371 558 1398 subsistentium
585 1371 751 1406 jaculatores
778 1372 888 1406 quidam
915 1377 994 1400 erant
1007 1376 1034 1401 et

247 1416 330 1450 periti
347 1416 548 1449 collimatores;
584 1417 690 1443 utilium
717 1424 780 1444 vero
794 1421 821 1444 et
836 1417 1033 1453 manifesteju-

242 1462 364 1489 vantium
383 1462 501 1496 imperiti
517 1467 543 1490 et
561 1463 728 1497 neglectores
756 1471 763 1489 :
790 1463 870 1490 dictis
884 1465 955 1490 enim
969 1465 1034 1492 sub-

245 1507 309 1535 inde
322 1508 397 1535 addit
414 1508 526 1535 historia
555 1509 736 1536 calamitatem
757 1516 817 1547 qua:
838 1509 906 1544 ipsis
924 1510 1034 1540 accidit.

243 1553 315 1586 quod
335 1553 369 1580 ad
389 1552 587 1580 Sodomiticum
611 1554 700 1581 scelus
727 1554 803 1581 rabie
833 1555 972 1587 concitati,
1001 1556 1034 1583 ab

245 1600 381 1627 universis
390 1599 477 1634 copiis
489 1599 629 1627 lsraelitiei
644 1600 839 1634 populicontra
849 1601 922 1635 ipsos
936 1602 1034 1629 armati

244 1643 366 1671 funditas
378 1644 466 1671 eversi
476 1647 551 1671 sunt.
565 1643 605 1670 Ac
616 1643 682 1670 mihi
695 1643 799 1671 videtur
816 1644 963 1671 humanum
974 1653 1035 1674 esse

242 1689 399 1724 junioribus
414 1689 564 1724 sagittariis
577 1689 703 1722 suadere,
722 1697 756 1717 ne
769 1695 862 1717 contra
887 1692 970 1726 pilum
986 1700 1034 1719 ve-

245 1734 295 1760 lint
308 1734 432 1769 sagittam
453 1741 517 1762 arcu
537 1735 691 1767 immittere,
707 1735 808 1762 ostium
825 1743 889 1763 vero
904 1737 964 1765 ﬁdei
980 1745 1033 1765 non

244 1779 347 1812 videre,
367 1779 413 1807 sed
438 1784 468 1808 ut
482 1781 576 1808 relicto
591 1787 660 1808 vano
685 1781 733 1808 illo
749 1781 851 1813 labore,
865 1790 944 1817 quem
963 1783 989 1810 in
1004 1792 1036 1812 eo

1080 129 1228 159 NYSSENI
1825 126 1874 153 83!

1123 188 1193 222 Ἐγὼ
1212 187 1240 214 δὲ
1261 185 1337 212 τοῦτο
1362 184 1437 221 παρὰ
1452 185 1500 220 τῆς
1517 182 1695 210 θεοπνεύστου
1713 180 1827 217 Γραφῆς
1838 181 1874 207 ξι-

1083 233 1200 269 δαχθεὶς,
1211 231 1318 268 θαρσῶν
1331 229 1532 265 ἀποφαίνομαι·
1550 229 1590 255 ὅτι
1604 229 1618 254 ό
1636 227 1708 262 ὑπὲρ
1722 227 1778 253 πᾶν
1792 226 1873 260 ὗνομσ

1083 279 1129 311 ὢν,
1148 279 1212 314 ἡμῖν
1232 277 1405 311 πολυώνυμος
1431 275 1544 310 γίνεται,
1561 274 1630 301 κατὰ
1653 275 1703 304 τὰς
1720 273 1777 299 τῶν
1801 273 1873 307 εὐερ-

1083 325 1181 358 γεσιῶν
1207 324 1342 355 ποικιλίας
1364 322 1577 357 ὀνομαζόμενος·
1598 320 1655 354 φῶς
1676 319 1736 354 μὲν,
1754 319 1820 344 ὅταν
1835 318 1875 349 ἐξ-

1083 370 1206 404 αφανίζει
1224 370 1272 405 τῆς
1287 369 1397 403 ἀγνοίας
1410 368 1455 394 τὸν
1477 367 1573 400 ζόφοψ
1592 366 1647 401 ζωὴ
1673 366 1713 396 δὲ,
1738 366 1806 391 ὅταν
1829 364 1873 398 τὴν

1083 414 1232 442 ἀθανασίαν
1244 414 1393 449 χαρίζεται·
1406 413 1464 444 ὁδὸς
1474 413 1511 442 δὲ,
1529 412 1592 438 ὅταν
1605 411 1670 446 προς,
1681 411 1731 446 τὴν
1747 410 1874 444 ἀλήειειιν

1083 460 1137 488 ἀπὸ
1165 461 1214 496 τῆς
1238 461 1341 495 πλάνης
1364 459 1580 494 χειραγωγήσῃ·-
1598 457 1669 484 οὕτω
1695 457 1744 483 καὶ
1772 456 1874 491 animo;

1084 507 1185 542 ἰσχύος,
1202 508 1247 534 καὶ
1267 507 1343 537 πόλις
1366 505 1506 541 περιοχῆς,
1533 505 1579 531 καὶ
1607 504 1693 538 πηγὴ,
1711 504 1760 529 καὶ
1778 504 1873 538 πέτρα,

1082 553 1129 578 καὶ
1144 552 1273 587 ἄμπελος,
1296 552 1343 578 καὶ
1367 551 1467 586 ἰατρὸς,
1488 550 1535 577 καὶ
1551 550 1708 581 ἀνάστασις.
1724 550 1773 575 καὶ
1792 551 1875 576 πάντα

1083 597 1117 624 τὰ
1129 597 1240 624 τοιαῦτα
1261 598 1329 633 πρὸς
1346 599 1418 633 ἡμᾶς
1438 597 1613 633 ὀνομάζεται·
1631 598 1762 629 ποικίλως
1783 599 1875 624 siuti»:

1084 644 1145 674 ταῖς
1171 643 1318 678 ἡμετέραις
1343 643 1511 678 εὐεργεσίαις
1539 642 1739 677 καταμερίζων.
1767 642 1825 673 Τὰς
1850 643 1874 669 δὲ

1082 688 1176 719 οὐσίας
1191 687 1234 714 διὰ
1250 687 1303 713 τῶν
1322 687 1460 722 ὀνομάτων
1474 688 1667 723 ἑρμηνεύονται
1690 688 1715 713 οἱ
1739 687 1813 722 ὑπὲρ
1832 688 1876 722 τὴν

1083 734 1255 769 ἀνθρωπίνην
1281 734 1360 768 φύσιν
1381 734 1584 766 όξυωποῦντες,
1613 734 1637 760 οἱ
1662 734 1692 760 τὺ
1711 734 1763 768 μὲν
1777 734 1877 760 ἀκατά-

1083 780 1183 815 ληπτον
1198 780 1350 815 βλέποντες,
1367 780 1398 806 τὸ
1414 780 1441 806 δὲ
1458 779 1629 815 καταληπτὸν
1641 779 1874 814 παραϐλέποντες.

1071 827 1134 853 "0v
1147 826 1201 862 γὰρ
1214 825 1275 852 οὔτε
1292 823 1345 852 εἶδέ
1360 834 1402 857 τις
1423 825 1583 860 ἀνθρώπων,
1598 825 1659 852 οὔτε
1677 826 1743 852 ἰδεῖν
1757 826 1874 858 δύναται,

1083 871 1178 899 τοῦτον
1192 872 1221 898 οὐ
1240 871 1319 907 μόνον
1331 872 1407 907 ὀρᾷν.
1421 871 1489 898 ἀλλὰ
1501 872 1548 898 καὶ
1572 873 1680 907 μετρεῖν
1693 871 1876 898 διαεξεαεοῦν-

1083 924 1142 942 ται·
1158 916 1207 951 τὴν
1219 916 1247 942 δὲ
1263 916 1353 942 πίστιν
1366 916 1395 942 οὺ
1410 915 1537 950 βλέπουσι
1552 915 1591 950 τῷ
1611 917 1659 950 τῆς
1671 916 1762 951 ψυχῆς
1778 917 1876 950 ὀφθαλ-

1085 962 1137 998 μῷ,
1160 962 1232 998 ’ὅπερ
1256 961 1288 997 δὴ
1312 962 1390 997 μόνον
1420 961 1575 997 σύμμετρόν
1604 963 1663 988 ἐστι
1689 964 1722 998 τῇ
1756 964 1876 999 ἡμετέρᾳ

1083 1007 1261 1042 κατανοήσει·
1278 1006 1326 1042 τὴν
1350 1007 1383 1033 ὲκ
1411 1006 1465 1033 τῶν
1491 1006 1627 1042 λογισμῶν
1648 1007 1799 1041 ἐπίγνωσιν
1821 1009 1876 1034 ἐπί-

1082 1052 1199 1088 προσθεν
1220 1051 1320 1086 ταύτης
1333 1051 1498 1086 ποιούμενοι.
1516 1051 1608 1083 Οὕτως
1626 1052 1731 1087 ἥκουσα
1742 1052 1794 1086 τῆς
1809 1053 1877 1079 ἱστο-

1084 1097 1144 1133 ρίας
1159 1097 1213 1124 τῶν
1230 1096 1295 1123 υἱῶν
1322 1096 1451 1131 Βενιαμὶν
1470 1096 1684 1132 κατηγοροὺσης,
1705 1097 1817 1133 οἶ-πρὸς
1833 1098 1877 1132 μὲν

1083 1143 1128 1170 τὸν
1145 1144 1226 1178 νόμον
1241 1142 1290 1170 οὐκ
1304 1142 1427 1174 ἔϐλεπον,
1447 1141 1517 1169 κατὰ
1539 1141 1567 1168 δὲ
1585 1142 1676 1178 τριχὸς
1702 1142 1876 1173 ἐτοξὰςσντψ

1082 1189 1234 1224 δηλοῦντος,
1258 1186 1345 1224 οἶμαι,
1369 1188 1415 1214 τοῦ
1440 1187 1519 1222 λόγου
1546 1187 1596 1223 τὴν
1621 1187 1685 1223 περὶ
1703 1187 1735 1213 τὸ
1765 1189 1878 1222 μάταιον

1083 1234 1171 1262 αὐτῶν
1185 1233 1311 1268 ἀσχολίαν
1323 1241 1329 1248 ”
1346 1233 1387 1260 ὅτι
1404 1232 1458 1260 τῶν
1474 1233 1522 1268 μὲν
1542 1232 1686 1266 ἀνωφελῶν
1704 1233 1753 1259 καὶ
1777 1233 1876 1259 ἀνυπο-

1086 1281 1200 1314 στάτων,
1214 1279 1338 1315 ὲκηΰόλοι
1353 1279 1424 1311 τινὲς
1446 1278 1516 1315 ἦσαν
1539 1279 1585 1306 καὶ
1599 1278 1706 1313 εὐφυεῖς
1716 1280 1877 1314 στοχασταί·

1083 1327 1138 1355 τῶν
1153 1327 1181 1353 δὲ
1199 1325 1338 1361 προδήλως
1358 1325 1534 1360 ὠφελούντων
1567 1325 1682 1360 ἀμαθεῖς
1698 1334 1728 1352 τε
1749 1326 1798 1352 καὶ
1813 1327 1879 1360 ἀμε-

1084 1372 1188 1408 λέτητοι
1198 1380 1205 1387 ·
1222 1371 1319 1406 ὲπάγει
1331 1370 1386 1406 γὰρ
1399 1372 1455 1402 τοῖς
1469 1370 1623 1406 εἰρημένοις
1636 1371 1743 1407 ἱστορία
1758 1371 1809 1406 τὴν
1822 1372 1879 1398 κατ’

1084 1418 1183 1449 αὐτοὺς
1196 1416 1349 1453 συμφορὰν,
1360 1417 1434 1448 ὅπως
1453 1416 1521 1451 πρὸς
1536 1416 1585 1451 τὴν
1601 1416 1778 1452 Σοδομιτικὴν
1795 1425 1880 1451 παρσ-

1084 1464 1180 1499 νομίαν
1206 1463 1408 1498 λυσσήσαντες,
1442 1462 1611 1496 πανστρατιᾷ
1634 1461 1681 1488 τοῦ
1712 1462 1881 1497 Ἰσραηλίτου

1085 1511 1150 1538 λαοῦ
1173 1509 1233 1536 κατ’
1257 1508 1346 1536 αὐτῶν
1372 1507 1555 1540 ὁπλισθέντος,
1579 1507 1822 1543 ἐξεπορθήθησαν’
1837 1507 1880 1534 καί

1088 1566 1132 1593 μοι
1148 1557 1221 1583 δοκεῖ
1237 1554 1429 1590 φιλάνθρωπον
1454 1551 1524 1579 εἶναι
1549 1552 1661 1588 γνώμην
1682 1553 1881 1588 εἰσηγήσασθαι

1086 1604 1141 1634 τοῖς
1154 1602 1222 1633 νέοις
1235 1600 1367 1634 τοξόταις,
1389 1599 1427 1634 μὴ
1452 1598 1521 1625 κατὰ
1536 1598 1627 1633 τριχὸς
1652 1597 1755 1624 ἐθέλειν
1771 1598 1880 1630 τοξάζε-

1087 1648 1158 1681 σθαι,
1176 1647 1226 1681 τὴν
1248 1646 1277 1673 δὲ
1302 1645 1386 1680 θύραν
1409 1643 1446 1679 μὴ
1471 1643 1580 1678 βλέπειν
1605 1643 1654 1678 τῆς
1671 1644 1800 1675 πίστεως,

1086 1693 1222 1729 παρέντας
1248 1691 1297 1727 τὴν
1324 1690 1388 1726 περὶ
1412 1690 1443 1716 τὸ
1466 1689 1585 1724 ἄληπτον
1614 1690 1821 1724 ματαιοπονίαν,
1846 1690 1880 1724 μὴ

1088 1737 1251 1774 ζημιοῦσθαι
1271 1737 1301 1763 τὸ
1325 1736 1468 1772 πρόχειρον
1491 1735 1594 1770 κέρδος,
1609 1735 1640 1761 τὸ
1664 1735 1708 1761 διά
1729 1735 1817 1770 μόνης
1834 1735 1881 1768 τῆς

1090 1785 1207 1815 πίστεως
1224 1782 1430 1819 εὑρισκόμενον.

244 1825 318 1860 quod
337 1833 391 1853 non
409 1831 497 1861 potest
507 1825 699 1861 comprehendi
713 1827 864 1860 insumunt,
884 1828 957 1856 illius
970 1830 1039 1858 lucri
1060 1831 1132 1867 quod
1147 1831 1174 1858 in
1190 1833 1316 1866 promptu
1330 1827 1420 1864 parari
1429 1832 1526 1864 potest,
1535 1831 1668 1862 iacturam
1692 1833 1747 1854 n0n
1770 1826 1880 1856 faciant.

244 1870 316 1905 quod
332 1877 380 1905 per
399 1870 483 1898 solam
503 1869 583 1897 ﬁdem
601 1871 748 1899 invenitur.

282 1915 335 1943 Sed
350 1917 452 1951 reliqua
463 1917 553 1945 inanis
568 1918 641 1945 illius
653 1918 746 1954 scripti
758 1919 946 1952 considerans,
960 1920 1033 1956 piget

245 1970 288 1990 mc
307 1970 461 1990 sermonem
475 1964 592 1992 ulterius
611 1965 770 1999 provehere,
787 1967 901 1994 horrore
916 1967 1033 2001 quodam

244 2015 277 2035 ex
294 2008 336 2036 his
350 2016 410 2043 quae
434 2009 564 2036 dicuntur
586 2018 634 2037 cor
649 2018 739 2038 meum
761 2016 956 2046 percurrente;
979 2012 1034 2040 vult

244 2053 316 2080 enim
334 2053 406 2080 aliud
423 2053 552 2088 quiddam
580 2055 722 2083 ostendere
744 2060 843 2091 praeter
860 2057 943 2084 vitam
957 2062 1035 2084 aeter-

243 2107 306 2126 nam
322 2107 382 2126 esse
402 2098 511 2132 Filium,
533 2108 593 2135 quas
622 2101 732 2135 quidem
762 2101 814 2128 nisi
833 2102 862 2129 in
889 2103 1035 2138 llnigenito

245 2148 391 2178 spectetur.
411 2152 479 2171 vana
494 2144 559 2172 ﬁdes
584 2145 826 2179 demonstrabitur,
840 2147 929 2174 inanis
941 2148 1036 2182 praedi-

1124 1919 1204 1946 Ἀλλὰ
1230 1918 1264 1944 τὰ
1287 1917 1434 1952 λειπόμενα
1455 1918 1504 1952 τῆς
1525 1916 1706 1951 λογογραφίας
1732 1917 1883 1952 ἐπισκεᾴᾶ-

1085 1973 1176 2002 μενος,
1194 1963 1266 1990 ὀκνῶ
1281 1964 1449 1998 προαγαγεῖν
1470 1963 1624 1998 περαιτέρω
1647 1962 1692 1988 τὸν
1709 1961 1800 1996 λόγον,
1821 1964 1883 1999 $ng-

1083 2019 1134 2046 κης
1157 2010 1228 2041 τινὸς
1254 2010 1286 2036 ὲκ
1308 2008 1363 2035 τῶν
1384 2008 1538 2044 λεγομένων
1559 2008 1609 2044 τὴν
1633 2008 1747 2044 καρδίαν
1766 2009 1884 2045 ὑποδρα-

1085 2057 1196 2093 μούσης.
1213 2056 1340 2092 Βούλεται
1359 2055 1414 2091 γὰρ
1431 2054 1494 2081 ἄλλο
1511 2064 1538 2081 τι
1553 2055 1637 2088 δεῖξαι
1660 2054 1736 2090 παρὰ
1756 2056 1808 2091 τὴν
1822 2057 1883 2081 αἰω-

1088 2103 1146 2130 νίαν
1159 2102 1231 2138 ζωὴν
1247 2102 1291 2128 τὸν
1307 2101 1370 2128 Υίὺν
1384 2101 1458 2133 ὄντα,
1478 2101 1538 2136 ἣτις
1549 2101 1573 2126 εἰ
1591 2100 1628 2136 μὴ
1653 2100 1682 2127 ἐν
1705 2100 1746 2135 τῷ
1765 2101 1885 2135 Movere-

1088 2150 1128 2175 νεῖ
1143 2148 1280 2183 Θεωροῖτο,
1296 2147 1398 2182 ματαία
1427 2147 1476 2182 μὲν
1497 2148 1513 2182 ἡ
1539 2147 1628 2178 πίστις
1645 2146 1883 2182 ἀποδειχθήσεται,

244 2188 328 2220 catio,
351 2188 518 2222 superﬂuum
543 2189 690 2224 baptisma,
707 2195 857 2226 martyrum
882 2191 986 2220 labores
1010 2196 1033 2220 et

1089 2194 1166 2221 κενὸν
1192 2194 1220 2220 δὲ
1245 2194 1275 2220 τὸ
1299 2194 1439 2228 κήρυγμα,
1466 2192 1592 2228 περιττὸν
1616 2192 1645 2218 δὲ
1670 2192 1825 2228 βάπτισμα,
1845 2195 1883 2224 si;

244 2234 383 2261 cruciatus
401 2235 539 2261 incassum
562 2235 684 2270 suscepti
708 2239 735 2263 et
749 2237 867 2269 tolerati,
885 2237 995 2265 inutiles
1009 2242 1036 2265 et

246 2278 409 2306 infructuosi
438 2279 579 2307 hominum
610 2281 672 2308 vita:
699 2283 883 2317 apostolorum
909 2283 1033 2311 sudores.

245 2324 301 2350 Cur
315 2324 386 2351 enim
403 2324 541 2352 Christum
570 2327 779 2361 anrmntiarunt,
801 2328 829 2355 in
856 2336 909 2364 quo
927 2333 1035 2356 aeterna:

245 2370 318 2401 vitae,
333 2372 363 2395 ut
375 2374 469 2397 censet
490 2370 651 2404 Eunomius,
669 2380 722 2400 non
735 2377 777 2401 est
791 2375 932 2408 potestas?
949 2374 1034 2408 Quor-

246 2422 307 2442 sum
319 2422 367 2443 eos
381 2417 428 2450 qui
449 2417 635 2450 crediderunt,
651 2418 753 2446 Christi
766 2421 874 2448 nomine
886 2421 1031 2455 appellant,

245 2461 269 2490 si
283 2469 336 2488 non
352 2470 399 2496 per
418 2462 491 2489 hunc
503 2464 584 2490 vitam
611 2469 738 2491 aeternam
758 2467 933 2494 consecuturi
951 2467 1034 2494 sunt?

249 2506 323 2534 Mens
340 2507 420 2538 enim,
444 2508 490 2534 ait.
506 2515 595 2534 eorum
608 2510 653 2544 qui
667 2509 694 2536 t'n
710 2509 851 2537 Dominum
868 2511 1034 2539 crediderunt

245 2560 324 2586 super
342 2561 443 2579 onnrem
471 2553 619 2580 sensibilem
641 2559 666 2581 et
686 2555 876 2591 intelligibilem
895 2558 1035 2584 essentiam

245 2605 304 2624 tum
319 2606 374 2625 sese
387 2599 575 2634 extulitmeque
588 2600 615 2626 in
633 2599 698 2627 Filii
715 2603 879 2636 generatione
893 2602 1036 2630 subsistere

245 2648 329 2671 ουιεδι
345 2652 355 2671 :
374 2644 447 2672 ultra
461 2645 529 2672 hanc
544 2647 621 2680 gestit
636 2647 684 2680 ire,
704 2648 763 2674 vita:
777 2652 883 2675 (eterna:
903 2648 1033 2676 desiderio

248 2690 332 2724 primo
358 2699 494 2719 occurrere
531 2693 610 2726 potiri
641 2693 756 2727 cupiens.
780 2693 850 2727 Quid
888 2695 973 2731 magis
1004 2696 1032 2723 in

248 2734 291 2763 bis
305 2736 383 2765 dictis
398 2738 553 2773 deplorem?
579 2746 612 2766 an
633 2739 705 2775 quod
730 2739 757 2767 in
774 2739 842 2768 Filio
855 2740 937 2768 vitam
954 2745 1033 2769 aeter-

284 2823 295 2840 ο
305 2822 395 2854 ludio.
416 2833 461 2860 η,
485 2826 527 2854 16.

1088 2239 1163 2265 οὐδὲν
1182 2239 1210 2265 δὲ
1233 2238 1287 2264 τῶν
1310 2236 1456 2273 μαρτύρων
1483 2238 1507 2263 οἱ
1526 2237 1611 2269 πόνοι,
1633 2237 1764 2271 ἄχρηστοι
1782 2237 1814 2263 δὲ
1838 2238 1883 2264 καὶ

1087 2285 1210 2319 ἀνόνητοι
1233 2285 1266 2319 τῇ
1289 2283 1344 2318 ζωῇ
1368 2282 1422 2309 τῶν
1442 2282 1591 2317 ἀνθρώπων
1607 2283 1636 2308 οἱ·
1647 2281 1702 2308 τῶν
1727 2283 1883 2310 ἀποστόλων

1087 2329 1207 2365 ἱδρῶτες.
1223 2329 1255 2355 Τί
1269 2329 1323 2363 γὰρ
1338 2327 1520 2363 κατήγγειλαν
1534 2327 1579 2353 τὸν
1592 2327 1719 2362 Χριστὸν,
1742 2328 1771 2354 ἐν
1792 2325 1816 2362 ᾦ
1836 2329 1883 2364 τῆς

1084 2376 1195 2407 αἰωνίας
1211 2375 1283 2411 ζωῆς
1300 2375 1359 2401 κατ’
1383 2375 1516 2410 Εὐνόμιον
1537 2374 1586 2400 οὐκ
1610 2373 1683 2400 ἐστιν
1707 2375 1724 2409 ἠ
1746 2374 1882 2410 δύναμ;

1083 2421 1130 2452 Εἰς
1149 2421 1174 2447 τί
1191 2420 1218 2447 δὲ
1241 2419 1280 2455 τῷ
1293 2420 1403 2455 ὀνόματι
1430 2419 1548 2455 Χριστοῦ
1572 2419 1635 2451 τοὺς
1666 2421 1884 2452 πεπιστευκότας

1083 2465 1321 2502 κατονομάζουσιν,
1343 2465 1367 2491 εἰ
1389 2464 1426 2500 μὴ
1440 2465 1484 2491 διὰ
1508 2465 1602 2492 τούτου
1621 2465 1670 2500 τῆς
1690 2466 1808 2497 αἱωνίας
1823 2467 1884 2501 μὲλ-

1083 2511 1153 2537 λοιεν
1173 2511 1296 2547 μετέχειν
1318 2511 1409 2546 ζωῆς;
1432 2511 1458 2536 '0
1478 2510 1532 2545 γὰρ
1547 2510 1629 2544 νοῦς,
1655 2511 1731 2546 φησι,
1753 2511 1818 2538 τῶν
1839 2513 1883 2544 εις

1084 2557 1137 2584 τὸν
1154 2558 1263 2591 Κύριον
1279 2558 1529 2589 πεπιστευκότων,
1547 2556 1650 2583 πᾶσαν
1665 2557 1820 2592 αἰσθητὴν
1833 2559 1880 2584 καὶ

1084 2603 1199 2637 νοητὴν
1221 2603 1331 2630 οὐσίαν
1359 2603 1551 2637 ὑπερκύψας,
1574 2602 1645 2629 οὐδὲ
1662 2602 1713 2628 ἐπὶ
1738 2601 1797 2636 τῆς
1833 2603 1885 2630 τοῦ

1091 2649 1159 2676 Υῐοῦ
1174 2648 1345 2684 γεννήσεως
1362 2650 1504 2676 ἵστασθαι
1524 2649 1673 2683 πέφυκεν·
1694 2648 1839 2676 ἐπέκειγὰ
1852 2649 1886 2675 δὲ

1086 2695 1196 2728 ταύτης
1219 2696 1291 2722 ἵεται
1319 2696 1400 2727 πόθῳ
1420 2694 1474 2729 τῆς
1499 2695 1619 2722 αὶωνίου
1643 2694 1719 2728 ζωῆς
1743 2694 1887 2729 ἐντυχεῖν

1087 2741 1128 2775 τῷ
1148 2741 1251 2775 πρώτῳ
1272 2742 1458 2776 γλιχόμενος.
1488 2741 1521 2767 Τί
1541 2739 1596 2767 τῶν
1620 2740 1773 2776 ειρημένων
1804 2741 1887 2767 πλέον
