1970 3076
97 114 151 141 8.13

664 111 803 141 CONTRA
823 111 1016 145 EUNOMIUM.
1038 113 1100 141 LIB.
1121 113 1154 140 Χ.

1667 117 1717 145 856

96 173 247 208 ὀδύρωμαι,
263 170 297 198 τὸ
310 172 346 208 μὴ
366 169 434 199 εἶναι
453 171 501 208 τὴν
516 170 626 200 αἰωνίαν
641 171 713 207 ζωὴν
727 172 755 198 ὲν
774 171 812 207 τῷ
830 171 887 206 Υἰῷ

941 179 1000 201 nam
1013 180 1065 200 non
1082 181 1141 200 esse
1157 173 1246 200 miseri
1263 177 1384 206 censent,
1395 182 1428 202 an
1441 174 1512 210 quod
1525 174 1565 203 sic
1591 176 1718 206 humilem

96 219 160 250 τοὺς
176 218 308 251 δειλαίους
331 218 458 254 νομίζειν,
484 218 501 254 ἢ
528 218 558 245 τὺ
586 218 725 254 χθαμαλὴν
750 217 820 244 οὕτω
840 220 887 245 καὶ

95 265 240 300 πρόσγειον
260 264 368 298 βλέπειν
391 263 439 298 τὴν
464 263 511 289 τοῦ
538 262 705 297 Μονογενοῦς
730 264 886 296 ὑπόστασιν,

96 310 167 336 ὥστε
192 310 242 344 τῆς
273 310 359 345 ἀρχῆς
385 309 466 336 αὐτοῦ
491 311 546 340 τοῖς
574 309 712 345 λογισμοῖς
730 309 886 343 ἐπιϐάντας,

96 354 282 389 ὐπερκύπτειν
301 355 356 381 ἄνω
369 355 417 387 τῆς
430 353 477 380 τοῦ
495 354 559 380 Υίοῦ
577 353 649 389 ζωῆς
664 356 696 390 τῇ
717 355 820 381 ἑαυτῶν
834 355 888 382 δια-

96 400 157 436 νοίᾳ
170 400 362 435 φαντάζεσθαι.
388 400 434 426 καὶ
456 399 654 432 καταλιπόντας
669 400 744 427 κάτω
770 409 822 427 που
839 400 886 431 τοῦ

96 445 203 480 Κυρίου
219 445 268 480 τὴν
282 445 417 480 γέννησιν,
435 445 564 472 ἐπέκεινα
590 445 691 480 ταύτης
715 445 801 472 ῐεσθαι
813 445 887 481 πόθῳ

96 492 147 528 τῆς
163 491 271 516 αἰωνίου
288 490 371 526 ζωῆςς
382 490 489 526 Ταύτην
503 491 558 526 γὰρ
575 491 610 517 τὰ
620 491 753 526 εἰρημένα
766 490 814 526 τὴν
828 491 886 518 διά-

96 543 173 562 νοιαν
191 535 257 570 ἔχει,
274 535 314 562 ὅτι
338 535 352 561 6
386 535 555 570 ἀνθρώπινος
579 535 640 567 νοῦς
665 535 714 571 τὴν
734 536 787 562 τῶν
804 535 887 563 όντων

96 581 199 613 γνῶσιν
212 579 428 616 διερευνώμενος,
444 581 490 608 καὶ
505 580 554 615 τῆς
573 581 702 616 αἰσθητῆς
721 590 750 608 τε
766 582 811 608 καὶ
826 590 887 617 νοη-

56 621 63 625 ’
94 627 150 661 τῆς
177 627 291 660 κτίσεως
319 627 413 655 ἑαυτὸν
437 627 554 662 ύπάρας,
584 627 644 654 καθ’
662 627 808 663 ὁμοιότητα
833 627 886 654 τῶν

94 673 210 706 λοιπῶν,
227 673 378 709 κατώτερον
394 672 483 709 ἐαυτῷ
505 672 550 699 τὸν
571 673 601 699 ὲν
619 673 689 708 ἀρχῇ
715 673 778 700 ὄντα
801 673 886 708 Λόγον

95 720 165 746 Θεὸν
181 719 352 754 καταλείψει·
369 719 416 745 καὶ
435 719 463 745 ὲν
477 715 500 752 ᾧ
512 718 562 745 οὐκ
578 715 612 754 ἧν
629 720 643 745 ὁ
659 719 723 751 Θεὸς
745 719 841 754 Λόγος,
857 720 886 746 ὲν

95 766 197 800 ἐκείνῳ
214 765 294 796 αὐτὸς
308 765 410 798 γίνεται
427 764 469 791 διὰ
485 765 535 800 τῆς
556 765 819 801 πολυπραγμοσύνης
838 766 884 793 τοῠ

95 812 144 838 νοῦ
157 813 212 843 τοῖς
223 811 427 846 ὑπερκειμένας
437 811 484 846 τῆς
500 810 545 837 τοῦ
559 811 623 838 1⁸ἰοῦ
635 811 705 846 ζωῆς
716 811 883 846 ἐμϐατεύων,

939 222 964 244 et
979 217 1151 252 abjectam,ct
1167 223 1319 246 terrestrem
1337 220 1483 255 respiciant
1501 220 1637 256 Unigeniti
1651 224 1718 250 sub-

938 263 1100 295 sistentiam,
1115 263 1152 290 ita
1167 268 1197 290 ut
1220 265 1382 300 principium
1407 266 1492 301 ipsius
1517 267 1616 295 mentis
1632 268 1719 303 agita-

937 309 1059 337 tionibus
1071 310 1252 345 supergressi,
1264 319 1323 339 sese
1336 312 1463 340 extollere
1476 320 1556 347 supra
1566 312 1626 339 Filii
1637 313 1720 341 vitam

938 362 986 382 sua
1003 355 1123 390 ipsorum
1138 356 1302 391 cogitatione
1316 357 1417 392 ﬁngant
1432 362 1458 385 et
1473 358 1617 390 somnient,
1634 362 1660 386 et
1678 366 1720 386 re-

939 399 1003 427 licta
1028 399 1121 428 nescio
1152 408 1206 435 quo
1237 401 1364 432 deorsum
1401 401 1506 429 Domini
1535 404 1718 437 generatione,

938 452 1021 480 supra
1045 445 1115 473 hanc
1144 446 1234 473 efferri
1266 446 1401 474 desiderio
1420 448 1482 475 vitae
1511 449 1637 476 aeternae?
1656 449 1720 484 Qum

937 491 1009 518 enim
1026 491 1060 518 ab
1086 499 1119 518 eo
1147 491 1219 519 dicta
1246 497 1310 520 sunt
1327 493 1396 520 hanc
1421 493 1519 521 habent
1546 495 1718 528 sententiam.

938 534 1011 569 quod
1029 537 1146 564 humana
1163 545 1239 566 mens
1263 546 1357 565 eorum
1372 547 1431 574 quae
1453 543 1516 567 sunt
1539 541 1720 576 cognitionem

937 586 1124 617 perscrutans,
1142 587 1169 610 et
1182 591 1263 618 supra
1293 584 1456 616 sensibilcm
1472 588 1499 616 et
1524 585 1719 621 intelligibilem

937 631 1089 654 creaturam
1102 635 1163 656 sese
1175 636 1236 656 cum
1253 629 1360 662 extulit,
1376 629 1462 656 instar
1483 631 1659 666 reliquorum,
1675 631 1719 658 in-

936 671 1061 700 teriorem
1076 673 1164 708 seipso
1176 681 1237 701 eum
1260 674 1306 709 qui
1328 675 1355 701 in
1371 675 1504 710 principio
1518 680 1576 703 erat
1591 675 1720 708 Verbum,

936 717 1020 744 Deum
1040 718 1173 754 relinquet
1192 727 1199 746 :
1220 719 1285 746 etin
1296 727 1349 754 quo
1366 728 1420 747 non
1438 724 1496 747 erat
1507 720 1577 748 Deus
1593 720 1720 752 Verbum.

936 763 964 790 in
981 764 1026 791 illo
1042 764 1100 799 ipsc
1115 764 1230 792 efﬁcitur
1244 773 1293 800 per
1307 766 1493 794 curiositatem
1510 766 1619 797 mentis.
1636 766 1662 793 in
1678 766 1720 793 his

936 815 995 842 quae
1010 807 1070 836 Filii
1089 810 1172 836 vitam
1189 812 1391 845 superemineat
1409 811 1547 842 incedens,
1571 812 1625 838 illic
1643 815 1722 838 teter-

95 859 158 885 ὲκεῖ
179 857 228 892 τὴν
253 855 358 883 αἰώνιον
380 856 449 892 ζωὴν
471 856 663 892 ἐρευνώμενος,
681 857 746 884 ὅπου
770 858 784 883 6
809 865 887 892 μονο-

941 853 1002 881 nan'l
1018 854 1098 882 vitam
1114 859 1252 889 serutans,
1272 856 1318 883 ubi
1342 857 1497 891 unigenitus
1512 856 1580 884 Deus
1596 864 1650 884 non
1669 860 1722 884 est.

95 903 180 938 γενὴς
194 902 260 934 Θεὸς
275 902 324 928 οὐκ
341 901 423 928 ἔστιν.
440 902 517 937 Πόθῳ
536 901 589 938 γὰρ
606 904 655 937 τῆς
674 902 794 935 αἰωνίας,
811 904 886 938 φησὶ,

95 948 171 983 ζωῆς
188 948 230 980 εἰς
242 947 276 974 τὰ
287 947 414 974 ἐπέκεινα
430 947 477 974 τοῦ
492 947 556 974 Υἱοῦ
568 947 607 982 τῷ
622 947 660 982 νῷ
674 947 795 983 φέρεται,
806 948 844 980 ὡς
860 948 888 975 ὲν

94 993 138 1029 τῷ
151 984 328 1028 Υἰιῖιπὰντως
344 993 381 1028 μὴ
401 992 487 1028 εὑρὼν
502 993 532 1019 τὸ
548 993 721 1028 ζητούμενον.
737 994 768 1020 Εἰ
782 991 828 1020 οὖν
838 992 889 1021 οὔκ

96 1039 173 1065 ἐστιν
186 1040 215 1066 ἐν
230 1038 268 1074 τῷ
284 1038 340 1074 Υἰῴ
361 1039 378 1074 ἡ
402 1039 509 1071 αίώνιος
524 1038 590 1074 ζωὴ,
608 1039 662 1074 ἄρα
679 1039 775 1075 ψευδὴς
785 1039 888 1067 ἀλῶται

95 1083 218 1116 ὁείπὼν,
238 1084 277 1110 ὃτι
300 1083 372 1118 Ἐγώ
390 1085 448 1119 ειμι
474 1085 492 1118 ὴ
517 1083 587 1119 ξωήι
612 1084 627 1120 ἢ
654 1084 709 1120 ζωὴ
734 1085 783 1120 μὲν
804 1084 886 1119 ἔστιν,

96 1130 149 1156 οὐκ
174 1129 281 1161 αἰώνιος
305 1129 344 1157 δέ.
365 1129 444 1157 Ἀλλὰ
471 1130 502 1156 τὸ
529 1129 567 1165 μὴ
590 1129 888 1166 αἰώνιονηπρόσκαιρον

97 1176 219 1206 πάντως.
236 1174 272 1202 Τὸ
290 1176 318 1202 δὲ
336 1176 440 1203 τοιοῦτο
463 1176 511 1211 τῆς
534 1175 605 1212 ζωῆς
631 1175 698 1208 εἶδος
731 1177 819 1203 κοινὸν
840 1176 888 1203 καὶ

95 1219 154 1246 τῶν
169 1219 274 1252 ἀλόγων
289 1220 373 1247 ἐστίν.
389 1219 444 1246 Ποῦ
456 1220 544 1247 τοίνυν
559 1220 590 1246 τὸ
613 1220 753 1256 μεγαλεῖον
771 1221 820 1256 τῆς
843 1221 888 1247 ὄν-

97 1274 154 1296 τως
173 1264 256 1301 ζωῆς,
275 1265 298 1291 εἰ
315 1267 420 1300 μετέχοι
437 1265 537 1301 ταύτης
565 1267 613 1293 καὶ
634 1267 651 1301 ἡ
675 1265 770 1300 ἄλογος
791 1266 887 1301 φύσις;

98 1311 164 1343 Πῶς
180 1311 208 1337 δὲ
226 1311 321 1338 ταύτὸν
341 1311 415 1338 ἔσται
431 1313 462 1347 τῇ
483 1311 537 1347 ζωῇ
559 1313 573 1338 6
594 1312 682 1346 λόγος,
701 1313 726 1338 εἰ
744 1313 776 1348 τῇ
801 1313 888 1348 ἀλόγῳ

98 1355 182 1389 φύσει
196 1355 238 1382 διὰ
255 1355 304 1391 τῆς
320 1357 484 1392 προσκαίρου
497 1357 568 1392 ζωῆς
585 1357 774 1390 εἰσοικίζοιτο;
793 1359 822 1384 Εἰ
836 1359 889 1394 γὰρ

98 1402 173 1429 κατὰ
185 1402 230 1429 τὸν
243 1403 358 1438 μεγάλοι)
379 1403 516 1438 Ἰωάννην,
531 1403 587 1439 ζωὴ
611 1403 660 1439 μέν
676 1404 748 1431 ὲστιν
761 1405 775 1430 6
794 1404 888 1439 Λόγος,

99 1447 269 1482 πρόσκαιρος
283 1447 311 1474 δὲ
325 1447 392 1482 αὕτη
406 1448 453 1475 καὶ
465 1448 513 1475 οὐκ
532 1448 648 1481 αἰώνιος,
662 1449 752 1482 καθὼς
765 1451 798 1485 τῇ
814 1450 890 1485 αἰρέ-

100 1501 144 1519 σει
169 1492 254 1519 δοκεῖ·
267 1493 373 1526 γίνεται
386 1494 413 1520 δὲ
433 1494 480 1521 καὶ
500 1495 528 1521 ἐν
550 1495 605 1526 τοῖς
621 1495 710 1526 ἄλλοις
726 1496 742 1531 ἡ
758 1496 889 1531 πρόσκαι-

102 1546 159 1573 ρος,
176 1538 203 1564 τί
222 1539 291 1565 κατὰ
307 1539 337 1564 τὸ
357 1539 501 1566 ἀκόλουθον
522 1541 749 1576 συμπεραίνεται;
765 1542 781 1577 ἢ
797 1542 892 1576 λογικὰ

100 1580 173 1609 εἶναι
194 1582 228 1609 τὰ
250 1583 344 1616 ἄλογα,
357 1583 374 1618 ἢ
398 1584 494 1619 ἄλογον
518 1584 773 1619 ὁμολογεῖσθαιητὸν
796 1585 890 1619 Λόγον.

75 1621 178 1666 [Ἀρι
191 1628 230 1655 έτι
245 1628 330 1663 λόγων
345 1629 412 1664 πρὸς
426 1629 535 1664 ἔλεγχον
555 1630 604 1664 τῆς
627 1630 768 1664 ὲξαγίστου
784 1629 830 1656 καὶ
845 1639 892 1656 πο-

99 1674 189 1708 νηρᾶς
205 1674 294 1700 αὐτῶν
314 1674 485 1710 βλασφημίας
498 1673 630 1709 δεόμεθα;
648 1674 693 1709 Μὴ
706 1674 760 1710 γὰρ
781 1673 892 1701 τοιαῦτα

99 1719 246 1754 λεγόμενα.
269 1720 306 1752 ὡς
323 1720 514 1756 κεκρυμμένην
526 1719 597 1754 ἔχειν
612 1719 662 1754 τὴν
679 1719 833 1754 συμϐουλὴν
843 1719 892 1754 τῆς

99 1765 150 1792 τοῦ
165 1765 266 1801 Κυρίου
283 1765 440 1801 ἀρνήσεως;
459 1765 490 1791 Εἰ
509 1764 564 1800 γὰρ
580 1765 702 1800 φανερῶς
718 1764 766 1800 μὲν
781 1765 795 1791 6
812 1765 891 1791 ’Λπό-

101 1811 196 1843 στολος
210 1811 296 1845 λέγει·
308 1813 346 1840 Τὸ
359 1811 396 1846 μὴ
413 1811 519 1838 αἰώνιον
539 1810 704 1846 πρόσκαιρον
714 1819 721 1825 ·
737 1806 808 1836 οὗτοι
821 1810 848 1836 δὲ
863 1810 891 1836 ὲν

102 1857 173 1892 μόνῃ
187 1858 220 1892 τῇ
232 1857 310 1892 οὐσίᾳ
325 1856 370 1883 τοῦ
385 1856 490 1892 Πατρὺς
513 1855 563 1892 τὴν
585 1855 692 1882 αἰώνιον
705 1855 789 1890 ὁρῶσι
809 1855 889 1890 ζωὴν,

100 1902 147 1928 τὸν
162 1901 190 1927 δὲ
210 1901 273 1928 Υἱὸν
293 1901 343 1936 τῆς
365 1901 412 1928 τοῦ
434 1901 539 1936 Πατρὸς
555 1901 662 1934 φύσεως
677 1900 890 1936 ἀλλοτριοῦντες,

101 1946 335 1981 συναποτέμνουσι
355 1946 401 1973 καὶ
424 1947 473 1981 τῆς
499 1946 606 1973 αἰωνίου
621 1945 708 1981 ζωῆς·
725 1945 752 1972 τι
770 1945 831 1972 ἄλλο
847 1946 892 1972 καὶ

100 1993 163 2027 οὐχὶ
178 1992 291 2028 ἄρνησίς
306 1993 364 2019 ἐστι
382 1991 533 2028 περιφανὴς
567 1992 614 2019 καὶ
637 1991 764 2027 ἀθέτησις
779 1991 829 2026 τῆς
853 1991 892 2023 εἰς

101 2039 149 2066 τὸν
166 2039 266 2074 Κύριον
284 2038 400 2071 πίστεως
413 2055 420 2068 ,
447 2038 538 2072 σιφῶς
558 2037 605 2064 τοῦ
623 2038 783 2064 Ἀποστόλου
803 2037 892 2072 λέγον-

101 2094 159 2117 τος,
174 2085 235 2116 τοὺς
249 2085 277 2112 ὲν
291 2085 323 2119 τῇ
337 2084 392 2119 ζωῇ
409 2085 494 2119 ταύτῃ
520 2083 598 2118 μόνον
612 2084 640 2110 ὲν
657 2083 765 2118 Χριστῷ
780 2083 894 2117 ἠλπικό-

101 2138 154 2161 τας
171 2129 367 2160 ἐλεεινοτάτους
392 2129 517 2155 ἁπάντων
539 2127 622 2165 sive“;
645 2129 674 2154 Εἰ
696 2126 742 2155 οὖν
765 2128 820 2164 ζωὴ
845 2128 893 2164 μὲν

104 2175 281 2210 Κύριοςυούκ
297 2174 403 2206 αἰώνιος
426 2174 464 2206 δὲ,
483 2174 646 2209 πρόσκαιρος
663 2174 770 2205 πάντως
788 2175 860 2200 ἐστὶν
876 2175 892 2209 ἡ
909 2187 931 2216 1)

103 2218 162 2253 ζωὴ
176 2220 245 2253 καὶὴ
256 2219 402 2254 ἐφήμερος,
417 2219 433 2253 ἡ
448 2219 518 2245 κατὰ
532 2218 577 2244 τὸν
587 2218 706 2253 παρόντα
717 2217 811 2253 χρόνον
820 2219 894 2253 ἐνερ-

103 2264 236 2299 γουμένη,
253 2264 269 2300 ἢ
292 2265 354 2295 τοὺς
377 2264 533 2296 ἐλπίζοντας
546 2265 560 2290 ὁ
579 2264 737 2295 ’Λπόστολος
760 2263 893 2290 κατοικτί-

104 2310 193 2342 ζεται,
205 2309 243 2341 ὠς
257 2310 304 2345 τῆς
317 2309 447 2345 ἀληθινῆς
465 2309 674 2344 ἀφαμαρτόντας
687 2309 768 2344 ζωῆς.

148 2441 228 2468 Ἀλλὰ
246 2441 299 2477 μὴν
311 2440 405 2467 τοῦτον
425 2439 565 2471 διαϐάντες
577 2439 602 2466 οἱ
621 2439 679 2466 κατ’
696 2439 828 2474 Εὐνόμιον
842 2447 890 2465 πμ

105 2487 281 2522 φωτισμένοι,
296 2488 336 2518 εἰς
349 2486 380 2513 τὸ
408 2486 537 2512 ἐπέκεινα
550 2485 596 2511 τοῦ
608 2485 673 2511 Υἱοῦ
685 2486 742 2516 τοῖς
755 2484 893 2520 λογισμοῖς

106 2533 250 2568 φέρονται,
268 2532 296 2558 ὲν
319 2532 358 2567 τῷ
379 2531 431 2564 ἔξω
453 2530 500 2557 τοῦ
522 2529 689 2564 Μονογενοῦς
716 2529 894 2566 θεωρουμένῳ

105 2578 156 2612 τὴν
170 2577 278 2604 αἰώνιον
302 2575 498 2610 ἀναζητοῦντες
519 2574 603 2609 ζωήν.
618 2575 650 2601 Τί
667 2575 719 2610 χρὴ
734 2575 822 2609 λέγειν
847 2575 892 2602 ἐπὶ

106 2622 161 2650 τῶν
180 2622 308 2649 τοιούτων
325 2620 418 2648 κακῶν
445 2620 508 2648 ἄλλο
528 2619 597 2655 πλὴν
611 2620 636 2646 εἰ
649 2629 675 2646 τι
697 2619 792 2655 θρῆνον
813 2621 895 2647 ἐκκα-

105 2668 193 2694 λεῖται
205 2668 252 2695 καὶ
260 2667 392 2703 δάκρυον;
404 2667 436 2693 Ὠ
449 2666 507 2698 πῶς
517 2665 550 2692 ἂν
566 2665 790 2700 ὲπιστενάξαιμεν
799 2668 832 2701 τῇ
843 2666 896 2692 δει-

106 2714 171 2749 λαίᾳ
184 2713 271 2750 ταύτῃ
289 2713 336 2740 καὶ
350 2712 453 2747 ἑλεεινῇ
469 2711 560 2746 γενεᾷ,
577 2709 704 2737 τοιούτων
719 2710 811 2738 κακῶν
827 2710 888 2744 ἑξε-

142 2803 152 2819 ⁷
167 2802 248 2831 Joan.
266 2810 339 2837 xmt,
352 2801 379 2830 6.
417 2802 428 2819 '
442 2801 521 2830 Joan.
537 2809 557 2836 ι,
575 2802 602 2829 ι.
640 2801 651 2817 ⁹
665 2801 674 2828 |
689 2800 751 2828 Cor.
772 2807 817 2834 xv,
835 2799 878 2827 19.

939 899 1079 927 Desiderio
1105 901 1189 932 enim,
1213 902 1261 934 ait,
1290 902 1352 929 vitae
1371 907 1478 930 :etenue
1504 910 1583 937 supra
1600 907 1625 930 et
1651 902 1722 929 ultra

939 944 1036 972 Filium
1054 950 1145 974 mente
1160 946 1256 979 fertur,
1275 952 1304 973 ut.
1322 947 1366 981 qui
1386 948 1413 974 in
1429 947 1496 974 Filio
1512 955 1623 982 prorsus
1649 947 1721 982 quod

940 992 1077 1025 qttzeritur,
1092 998 1146 1019 non
1168 993 1312 1020 invenerit.
1336 993 1363 1020 Si
1377 993 1459 1028 igitur
1475 1001 1528 1020 non
1550 997 1592 1020 est
1612 993 1639 1020 in
1654 992 1722 1020 Filio

939 1036 994 1062 vita
1007 1041 1119 1068 acterna,
1143 1038 1258 1065 mendax
1278 1038 1487 1073 deprehenditur
1514 1039 1558 1066 ille
1579 1040 1623 1074 qui
1642 1039 1720 1070 dixit.

942 1081 995 1116 Ego
1030 1091 1086 1110 sum
1117 1083 1170 1110 vita
1186 1084 1212 1116 ';
1250 1085 1290 1111 vel
1319 1085 1373 1111 vita
1400 1085 1507 1120 quidem
1534 1089 1586 1116 est,
1603 1085 1649 1112 sed
1668 1092 1721 1112 non

939 1132 1038 1155 aeterna
1063 1128 1096 1154 At
1110 1129 1181 1163 quod
1200 1137 1253 1156 non
1278 1133 1407 1156 aeternum
1423 1135 1474 1162 est,
1489 1130 1581 1164 procul
1593 1130 1676 1157 dubio
1688 1131 1721 1157 ad

939 1176 1046 1207 tempus
1065 1177 1107 1201 est
1136 1178 1162 1202 et
1193 1180 1422 1203 momentaneum.
1441 1175 1514 1203 Talis
1539 1180 1628 1203 autem
1661 1177 1722 1203 vitae

939 1219 1045 1254 species
1056 1221 1208 1247 communis
1218 1225 1259 1248 est
1269 1221 1430 1248 bclluarum.
1442 1221 1556 1248 Ubinam
1572 1222 1653 1256 igitur
1661 1223 1723 1249 vitm

939 1271 1011 1291 vera:
1041 1266 1228 1299 pra-rogativa,
1260 1267 1282 1294 si
1299 1266 1358 1300 ejus
1383 1267 1519 1301 particeps
1545 1271 1586 1294 est
1609 1267 1722 1295 rationis

939 1314 1037 1342 expers
1049 1308 1157 1334 natura?
1170 1309 1304 1343 quomodo
1317 1309 1433 1337 Verbum
1444 1310 1512 1338 idem
1525 1311 1642 1338 eritcum
1651 1312 1721 1340 vita:

941 1352 963 1380 si
978 1360 1039 1379 cum
1056 1353 1168 1381 rationis
1182 1359 1290 1389 experte
1316 1359 1424 1388 natura,
1442 1363 1489 1391 per
1506 1356 1587 1383 vitam
1607 1365 1666 1392 qum
1680 1363 1722 1385 est

941 1398 973 1424 ad
999 1402 1107 1434 tempus
1131 1399 1158 1426 in
1185 1399 1305 1427 eamdem
1319 1400 1428 1428 donuun
1456 1402 1665 1430 introducatur?
1693 1403 1722 1431 Si

940 1443 1023 1475 enim,
1041 1449 1070 1471 ut
1089 1444 1127 1470 ait
1143 1452 1257 1479 magnus
1271 1445 1390 1473 Joannes
1405 1447 1416 1462 ⁸
1431 1465 1439 1478 ,
1459 1447 1513 1473 vita
1542 1448 1648 1481 quidem
1682 1453 1724 1475 est

942 1487 1070 1522 Verbum,
1096 1490 1252 1524 temporalis
1266 1496 1354 1518 autem
1372 1492 1428 1518 haec
1453 1499 1502 1519 nec
1519 1496 1629 1524 mterna,
1653 1493 1724 1520 sicut

944 1534 1038 1561 hau-esi
1053 1534 1159 1562 videtur
1178 1544 1184 1562 :
1200 1535 1319 1570 gignitur
1339 1539 1428 1563 autem
1452 1537 1532 1564 etiam
1546 1537 1572 1564 in
1594 1538 1653 1565 aliis
1669 1539 1723 1565 vita

943 1573 977 1606 ad
1005 1584 1122 1614 tempus,
1138 1580 1203 1615 quid
1227 1588 1258 1608 ex
1289 1581 1473 1616 consequente
1500 1583 1665 1610 conﬁcitur?
1681 1584 1724 1611 vel

942 1625 1022 1653 bruta
1054 1633 1115 1653 esse
1139 1627 1253 1654 rationis
1268 1627 1387 1662 capacia,
1404 1628 1447 1654 vel
1467 1627 1585 1656 Verbum
1601 1629 1724 1656 conﬁteri

942 1670 1056 1698 rationis
1072 1678 1179 1706 expers.
1206 1671 1248 1698 An
1263 1671 1352 1698 adhuc
1373 1672 1525 1700 rationibus
1536 1673 1570 1699 ad
1584 1673 1725 1700 refutatio-

942 1722 1003 1742 nem
1018 1722 1111 1742 eorum
1127 1715 1255 1750 improba:
1271 1719 1298 1743 et
1313 1717 1452 1744 scelerata:
1477 1717 1650 1752 blasphemiae
1661 1719 1726 1746 indi-

942 1760 1186 1795 3emus?Nunquid
1198 1761 1269 1788 enim
1283 1761 1346 1788 talia
1360 1769 1422 1789 cum
1436 1763 1575 1796 dicuntur,
1586 1764 1626 1791 sic
1638 1765 1726 1791 occul-

943 1810 998 1833 tum
1029 1806 1128 1833 habent
1153 1808 1298 1834 consilium
1327 1807 1516 1842 abnegationis
1543 1809 1672 1836 Domini?
1695 1810 1724 1837 Si

942 1851 1015 1878 enim
1038 1858 1129 1886 aperte
1152 1853 1258 1887 quidem
1277 1853 1343 1880 dicit
1368 1853 1514 1888 Apostolus
1533 1863 1540 1882 :
1569 1855 1646 1887 Quod
1671 1863 1724 1882 non

942 1900 1072 1924 aeternum
1096 1902 1137 1924 est
1162 1902 1380 1926 momentaneum
1416 1900 1459 1926 est
1488 1908 1494 1926 :
1514 1900 1558 1927 isti
1580 1905 1667 1928 autem
1697 1894 1736 1935 in:

943 1944 1000 1971 sola
1019 1942 1107 1970 Patris
1122 1944 1239 1971 essentia
1255 1944 1337 1971 vitam
1355 1949 1482 1972 teternam
1500 1945 1608 1979 vident;
1627 1946 1723 1973 Filium

942 1997 1006 2016 vero
1025 1997 1039 2015 a
1051 1988 1139 2016 Patris
1152 1994 1247 2016 natura
1261 1990 1325 2016 dum
1346 1991 1501 2017 abalienant
1517 1995 1543 2017 t-t
1572 1991 1606 2018 ab
1622 1997 1724 2019 aeterna

942 2035 996 2061 vita
1012 2035 1191 2062 abscindunt:
1208 2036 1270 2070 quid
1286 2035 1337 2062 hoc
1351 2035 1423 2062 aliud
1431 2040 1472 2063 est
1489 2043 1570 2071 qualn
1581 2031 1725 2064 manifesta

943 2082 1050 2116 negatio
1063 2085 1090 2107 ct
1119 2084 1292 2115 contemptus
1313 2081 1374 2108 ﬁdei
1401 2081 1426 2107 in
1457 2081 1599 2108 Dominum
1618 2099 1625 2111 ,
1663 2089 1724 2109 cum

944 2131 1035 2161 aperte
1045 2126 1115 2153 dicat
1127 2126 1271 2165 Apostolus
1283 2127 1293 2142 ⁹
1312 2146 1319 2158 ,
1340 2134 1387 2154 eos
1401 2128 1447 2161 qui
1462 2127 1488 2154 in
1504 2127 1554 2154 hac
1573 2127 1626 2154 vita
1637 2128 1724 2155 solum

944 2172 970 2198 in
985 2171 1094 2200 Christo
1119 2176 1306 2206 spcravet'unt,
1330 2173 1450 2199 omnium
1471 2181 1530 2200 csse
1547 2174 1727 2201 miserrimos?

946 2217 974 2244 Si
1002 2218 1083 2252 igitur
1112 2218 1164 2244 vita
1191 2217 1299 2252 quidem
1326 2223 1367 2245 est
1390 2219 1531 2250 Dominus,
1558 2226 1610 2247 non
1637 2223 1726 2246 autem

944 2267 1056 2294 aeterna,
1084 2263 1162 2296 plane
1184 2267 1226 2290 est
1256 2267 1447 2291 momentanea
1463 2265 1516 2290 vita
1540 2265 1622 2291 etiam
1645 2265 1726 2292 unius

944 2307 1009 2340 dici,
1024 2315 1084 2342 qua:
1098 2309 1247 2335 secundum
1266 2316 1386 2344 przesens
1414 2313 1519 2343 tempus
1544 2317 1656 2337 munere
1677 2318 1728 2337 suo

945 2352 1075 2387 fungitur,
1092 2354 1133 2380 vel
1158 2358 1300 2388 sperantes
1314 2355 1462 2389 Apostolus
1483 2355 1583 2382 niiscre
1593 2354 1726 2389 deplorat,

946 2401 974 2424 ut
989 2398 1035 2432 qui
1051 2406 1114 2425 vera
1130 2399 1184 2425 vita
1192 2399 1351 2426 exciderint.

981 2442 1174 2471 Verumtamen
1207 2444 1254 2478 qui
1281 2445 1432 2472 secundum
1461 2444 1627 2472 Eunomium
1666 2444 1728 2471 illu~

946 2488 1041 2514 minati
1055 2492 1130 2520 sunt,
1152 2488 1224 2515 hunc
1249 2490 1430 2524 supergressi,
1447 2490 1481 2517 ad
1510 2489 1556 2516 illa
1578 2496 1640 2524 quae
1665 2493 1729 2516 sunt

947 2541 1029 2567 supra
1054 2532 1152 2560 Filium
1173 2535 1271 2562 mentis
1299 2535 1359 2562 acie
1379 2534 1539 2567 eﬁ‘eruntur,
1548 2534 1576 2561 in
1601 2541 1633 2561 eo
1656 2533 1728 2568 quod

947 2583 1025 2605 extra
1038 2576 1216 2613 Unigcnitum
1245 2582 1395 2614 spectatur,
1420 2584 1551 2607 aeternam
1575 2583 1729 2614 quaerentes

947 2625 1039 2651 vitam.
1058 2623 1128 2657 Quid
1148 2624 1174 2651 in
1191 2624 1290 2652 talibus
1318 2625 1398 2652 malis
1425 2625 1496 2652 aliud
1515 2629 1557 2652 est
1583 2624 1728 2653 dicendum

948 2675 1030 2702 quam
1051 2667 1074 2696 si
1100 2667 1166 2703 quid
1181 2667 1214 2695 ad
1242 2668 1391 2696 Ianiculum
1408 2672 1435 2696 et
1458 2668 1593 2703 lacrymas
1614 2667 1730 2695 excitati

950 2712 972 2740 0
987 2713 1126 2748 quomodo
1146 2713 1370 2749 ingemuerimus,
1385 2713 1412 2740 in
1426 2713 1477 2741 hac
1491 2711 1591 2742 infelici
1604 2715 1632 2741 et
1644 2711 1733 2739 mise-
