1923 3071
238 110 289 139 εδδ

851 107 879 135 S.
900 103 1062 134 GREGORH
1081 103 1225 131 NYSSENI

1812 99 1864 127 836

237 168 316 196 tabili
332 167 516 204 generatione,
538 174 598 207 qua:
616 167 680 194 talia
701 165 804 193 invexit
820 165 904 192 mala!
922 164 1016 196 Quon-

1083 163 1208 198 ιεγκούρῃ
1217 160 1325 196 φοράνί
1345 157 1492 195 Ἕθρήνησέ
1515 166 1578 185 ποτε
1605 158 1652 184 τὸν
1689 157 1864 194 Ἰσραηλίτηι

237 215 300 241 dam
311 213 442 241 Jeremias
456 215 513 240 zelo
534 220 676 245 accensus,
698 212 876 239 lsraeliticum
890 210 1019 245 populum

238 259 389 295 deploravit
411 259 579 289 lamentans.
607 266 667 285 cum
693 257 831 284 Jechoniaa
859 255 1021 282 idololatria

238 304 302 332 duci
318 304 467 336 consensit,
491 307 519 331 et
542 311 591 338 pro
611 303 710 330 violata
740 302 873 329 scelerate
891 300 1021 334 religione

239 351 266 378 in
284 350 468 385 captivitatem
490 349 522 376 ad
539 349 666 384 Assyrios
681 346 855 375 condemnati
882 349 956 377 sunt,
973 351 1020 371 ex-

237 400 327 423 torres
342 403 358 422 e
382 395 550 426 sanctuario,
570 398 597 422 et
623 397 732 428 patrum
747 392 907 419 haereditate
927 389 1021 425 procul

239 441 347 476 dejecti.
369 441 430 468 Haec
438 441 558 467 lamenta
575 440 641 467 mihi
658 446 731 466 nunc
745 439 875 466 videntur
894 437 1022 471 proprius

238 493 266 516 et
280 487 486 515 conveniendus
499 486 603 514 cantari
614 506 620 517 ,
633 485 743 520 quando
757 483 894 512 Jechonize
904 483 1022 509 imitator

240 534 273 562 ad
291 534 362 561 hanc
377 541 473 560 novam
497 532 658 559 idololatria;
676 530 795 565 speciem
810 529 940 556 delinitos
957 528 1021 556 abs-

239 579 341 611 trahit,
368 586 382 606 a
407 582 518 613 paterna
543 577 710 608 haereditate,
732 575 758 602 id
784 579 827 602 est
848 574 911 604 ﬁde.
933 577 1024 600 exter-

241 625 360 652 minans.
377 623 481 657 Quibus
496 622 641 650 admodum
659 620 812 648 secundum
829 618 971 646 historiam
989 616 1023 644 ad

242 669 402 704 Babylonios
411 669 439 695 tit
449 667 665 702 transmigratio.
694 673 708 692 a
730 672 848 700 superna
862 663 1023 694 Jerusalem,

243 715 295 741 hoc
309 718 361 745 est,
378 721 392 740 a
413 713 458 740 Dei
485 713 608 740 Ecclesia
625 712 658 739 ad
673 712 744 738 hanc
761 708 1025 738 contusionem‘sce-

244 758 391 784 leratm-um
408 757 570 791 placitorum
594 755 866 791 transmigrantibus.
891 753 1024 781 Co'nl'usio

243 803 316 830 enim
338 802 456 837 Babylon
483 802 710 836 interpretatione
735 802 906 836 explicatur:
931 805 959 828 et
980 808 1025 828 se-

244 848 364 882 cundum
381 847 535 874 mutilatum
555 846 725 880 Jcchoniam,
751 851 778 874 et
799 847 843 874 hic
862 850 958 881 sponte
977 853 1026 873 sua

245 894 316 920 lucis
333 893 448 920 veritate
461 893 593 927 privatus,
610 892 698 920 tactus
712 896 754 919 est
763 893 854 927 praeda
869 895 895 919 et
908 891 1026 926 spolium

244 938 385 974 ltabylonii
405 938 529 974 tyranni:
555 939 618 972 quia
640 945 694 964 non
719 938 814 965 didicit
839 937 933 968 miser.
954 935 1026 977 quod

245 985 327 1011 vitam
342 989 470 1011 aeternam
487 991 520 1010 ex
535 991 612 1018 aequo
623 984 648 1010 in
663 982 744 1010 Patre
755 989 782 1010 et
798 983 866 1010 Filio
878 986 905 1010 et
922 982 1025 1017 Spiritu

246 1034 341 1057 sancto
361 1030 495 1064 inspicere
506 1029 585 1056 docet
605 1029 794 1064 Evangelium;
813 1029 846 1056 de
866 1028 948 1055 Patre
962 1027 1026 1062 qui-

200 1086 202 1088 ·
246 1075 308 1102 dem
320 1075 360 1103 sie
375 1075 481 1102 dicente
501 1082 637 1106 sermone,
656 1074 729 1110 quod
755 1075 843 1109 ipsum
861 1079 1029 1107 cognoscere

247 1125 348 1148 aeterna
368 1124 410 1148 est
422 1121 476 1147 vita
491 1121 529 1153 ‘°;
549 1120 582 1147 de
597 1120 666 1148 Filio
682 1124 784 1151 autem,
798 1119 868 1154 quod
884 1119 972 1146 omnis
982 1118 1029 1152 qui

247 1167 334 1194 credit
352 1168 377 1193 in
394 1167 481 1200 ipsum
496 1166 577 1194 habet
600 1166 682 1193 vitam
699 1169 828 1192 aztcrnam
852 1165 892 1197 ”;
917 1164 950 1190 de
967 1163 1030 1198 Spi-

248 1213 301 1240 ritu
313 1216 418 1243 sancto,
443 1212 517 1247 quod
532 1212 556 1239 ei
578 1212 623 1247 qui
639 1212 754 1246 gratiam
771 1211 886 1245 accepit,
900 1209 953 1237 erit
969 1209 1030 1237 l‘ons

248 1267 326 1294 aqua;
347 1259 470 1286 salientis
490 1258 516 1285 in
534 1259 615 1285 vitam
644 1261 772 1285 aeternam
800 1258 831 1283 η.
847 1256 917 1291 Ergo
942 1256 1031 1283 omnis

247 1305 293 1340 qui
319 1304 455 1332 desiderat
481 1303 564 1330 vitam
600 1307 742 1336 zelernam,
765 1307 909 1338 postquam
934 1306 1032 1329 nactus

247 1349 300 1376 erit
312 1348 420 1381 Filium,
431 1356 524 1375 verum
538 1348 599 1375 dico
615 1352 704 1375 etnon
718 1340 932 1378 falsinominem,
945 1351 1031 1374 totum

249 1395 350 1422 invenit
375 1395 403 1421 in
425 1395 485 1429 ipso
510 1394 581 1429 quod
611 1394 721 1429 quidem
751 1393 940 1426 desideravit;
970 1394 1032 1428 quia

248 1444 276 1468 et
292 1441 349 1475 ipse
365 1444 407 1468 est
427 1440 492 1470 vita.
507 1445 535 1467 et
557 1439 583 1466 in
602 1440 693 1474 seipso
712 1439 796 1466 vitam
812 1439 902 1466 habet.
920 1438 972 1465 Sed
989 1438 1033 1465 hic

249 1486 342 1513 subtili
353 1489 443 1513 mente
456 1486 584 1520 praeditus
596 1489 621 1511 ct
635 1485 717 1512 corde
737 1484 888 1519 perspicaci
905 1484 1032 1519 insignis.
1047 1497 1069 1527 ο

251 1539 306 1567 pra:
320 1532 405 1558 multa
422 1531 531 1558 videndi
550 1531 608 1558 acie
628 1531 655 1557 in
676 1530 747 1558 Filio
762 1537 818 1557 non
835 1530 937 1564 reperit
950 1530 1032 1556 vitam

247 1581 390 1607 miernam,
407 1577 452 1603 sed
482 1584 689 1611 supergressus,
716 1581 742 1603 et
771 1577 844 1603 hunc
875 1576 1033 1611 relinquens

251 1621 325 1648 velut
348 1621 485 1655 quoddam
500 1620 736 1655 impedimentum,
760 1621 793 1647 ad
822 1621 849 1648 id
869 1621 941 1656 quod
961 1629 1035 1656 qua:-

251 1666 331 1698 ritur,
359 1666 414 1693 illic
441 1669 629 1700 pcrscrutatur
648 1666 729 1693 vitam
751 1670 892 1699 aeternam,
911 1667 957 1694 ubi
979 1675 1034 1694 non

251 1719 312 1740 esse
343 1716 420 1747 putat
447 1719 541 1739 veram
572 1712 667 1740 vitam.
688 1711 822 1745 Quidnam
849 1713 946 1740 horum
973 1713 1036 1748 quis

252 1756 420 1792 cogitaverit,
444 1756 485 1783 vel
513 1756 547 1784 ad
573 1757 768 1792 blasphemiam
796 1758 966 1790 horribilius,
993 1758 1036 1785 vel

253 1803 285 1830 ad
296 1802 518 1830 lamentationum
529 1803 701 1831 occasionem
712 1804 832 1831 tristius?
841 1803 1035 1832 Verumtamen

253 1849 276 1876 si
291 1849 353 1884 quis
370 1848 470 1876 dixerit
488 1848 587 1884 dogma
604 1847 715 1876 Sabellii
736 1853 763 1877 et
789 1849 908 1877 Montani
933 1850 1036 1877 nostris

253 1895 369 1922 decretis
383 1893 528 1929 invulgari,
550 1894 664 1929 perinde
686 1898 728 1922 cst
758 1902 790 1922 ac
818 1895 840 1922 si
867 1894 928 1930 quis
953 1895 1035 1923 etiam

255 1940 379 1968 Eunomii
394 1940 590 1976 blasphemiam
604 1941 683 1969 nobis
698 1941 843 1968 aﬂ'ricaret.
856 1940 922 1968 Nam
936 1942 959 1969 si
975 1941 1037 1976 quis

255 1988 382 2013 accurate
417 1985 588 2020 perspexerit
621 1985 691 2013 hanc
718 1986 858 2014 haerescon
890 1986 1036 2020 fallaciam,

256 2038 380 2066 magnam
395 2037 456 2057 cum
481 2030 609 2058 Eunomii
629 2039 725 2058 errore
750 2031 962 2059 familiaritatem
989 2032 1038 2059 ha-

255 2076 319 2104 bere
333 2076 464 2103 inveniet:
476 2080 590 2111 uterque
602 2076 674 2103 enim
693 2076 814 2110 judaizat
827 2078 885 2112 ipso
901 2077 1037 2113 dogmate,

257 2130 345 2158 neque
358 2122 525 2156 unigenitum
540 2121 636 2151 Deum.
653 2130 741 2156 neque
757 2122 888 2156 Spiritum
914 2128 1037 2150 sanctum

1073 207 1135 233 λαὸν
1148 208 1162 232 ὁ
1182 206 1304 242 ζηλωτὴς
1330 204 1482 240 Ἱερεμίας.
1499 204 1542 230 ὅτε
1559 203 1597 238 τῷ
1619 204 1734 238 Ἰεχονίᾳ.
1759 203 1814 237 τῆς
1826 204 1866 229 εξ-

1073 252 1253 288 δωλολατρίας
1280 250 1474 285 καεὶηγουμένῳ
1498 250 1565 284 πρὸς
1579 249 1609 275 τὸ
1628 249 1712 276 κακὸν
1731 249 1866 282 συνεφρὸε

1073 307 1158 334 νησαν
1168 307 1175 314 ·
1191 298 1239 324 καὶ
1262 297 1321 324 ἀντὶ
1335 298 1384 332 τῆς
1396 297 1436 327 εἰς
1449 296 1499 331 τὴν
1514 295 1658 330 θρησκείαν
1674 295 1865 329 παρανομίας,

1073 343 1122 378 τὴν
1155 344 1195 375 εἰς
1224 341 1379 377 Ἀσσυρίους
1402 340 1587 375 αἰχμαλωσίαν
1614 339 1866 374 κατεδικάσθησαν,

1074 388 1268 421 ammon-.2;
1292 387 1338 413 τοῦ
1354 387 1538 421 ἁγιάσματος,
1554 387 1601 413 καὶ
1623 384 1719 421 πόρρω
1745 386 1797 416 τῆς
1812 385 1868 410 τῶν

1073 434 1199 469 πατέρων
1220 432 1399 468 κληρονομίας
1420 431 1568 466 γενόμενοι.
1595 431 1714 462 Τούτους
1731 439 1778 465 μοι
1793 430 1869 456 δοκεῖ

1073 480 1121 506 νῦν
1133 480 1196 511 τοὺς
1207 479 1323 514 Θρήνους
1337 477 1498 512 οἰκειότερον
1513 475 1632 512 ᾄδεσθαι,
1647 477 1691 502 ὅτε
1714 478 1730 502 ὁ
1741 476 1869 510 μιμητὴς

1073 525 1121 553 τοῦ
1142 525 1266 560 Ἰεχονίου
1289 524 1357 559 πρὸς
1375 523 1406 550 τὸ
1431 522 1523 549 καινδν
1538 522 1625 561 ’τοῦτο
1645 522 1696 557 τῆς
1721 521 1868 548 εἰδωλοὶα-

1074 571 1151 607 τρίας
1166 568 1235 601 εἶδος
1276 569 1339 600 τοὺς
1355 567 1542 602 ἀπαγομένους
1565 567 1719 601 ἐφέλκεται,
1749 566 1801 600 τῆς
1818 574 1869 592 m—

1074 615 1171 651 τρικῆς
1193 614 1332 646 ἐξοικίζων
1357 612 1554 648 κληρονομίας,
1572 612 1620 646 τῆς
1642 611 1764 641 πίστεως
1781 611 1865 644 λέγω.

1076 657 1124 692 Οἷς
1140 659 1258 694 ἀτεχνῶς
1281 659 1351 685 κατὰ
1373 658 1422 692 τὴν
1439 656 1557 692 ίστορίαν
1579 657 1619 687 εἰς
1634 655 1829 686 Βαϐυλωνίους
1853 656 1868 688 ἡ

1078 704 1275 741 μετανάστασις
1290 704 1411 738 γίνεται,
1438 701 1492 728 ἀπὸ
1510 701 1560 736 τῆς
1583 701 1639 728 ἄνω
1669 701 1868 736 Ἰείκυσώὴμ,

1076 750 1228 783 τουτέστιν,
1245 749 1299 776 ἀπὸ
1324 748 1376 783 τῆς
1399 748 1444 775 τοῦ
1472 747 1539 774 Θεοῦ
1568 747 1732 782 Ἑκκλησὶας
1750 746 1798 773 ἐπὶ
1821 747 1869 781 τὴν

1079 795 1206 830 σύγχυσιν
1219 794 1320 829 ταύτην
1333 793 1385 820 τῶν
1404 792 1528 828 πονηρῶν
1542 792 1684 827 δογμάτων
1699 791 1869 826 μεθισταμέ-

1042 830 1063 860 Β
1077 848 1142 870 νοις.
1156 838 1288 874 Σύγχυσις
1300 838 1354 873 γὰρ
1365 838 1381 872 ὴ
1394 836 1520 864 Βαϐυλὼν
1532 836 1718 872 ἑρμηνεύεται·
1737 837 1785 863 καὶ
1799 837 1870 863 κατὰ

1082 884 1127 911 τὸν
1146 883 1307 918 πηρωθέντα
1326 882 1461 917 Ἰεχονίαν,
1478 882 1524 908 καὶ
1536 879 1611 912 οὗτος
1625 881 1721 908 ἐαυτὴν
1734 882 1869 913 ἑκουσίως

1077 930 1124 956 τοῦ
1148 929 1235 963 φωτὸς
1248 928 1298 962 τῆς
1318 927 1446 962 ἀληθείας
1466 928 1614 962 στερήσας,
1628 927 1751 962 λάφυρον
1773 928 1868 961 γέγονε

1078 974 1123 1000 τοῦ
1135 973 1302 1000 Βαὸυλωνίου
1315 972 1458 1008 τυράννου,
1472 971 1509 1007 μὴ
1528 971 1693 1007 καταμαθὼν
1709 973 1723 998 ὁ
1743 972 1866 1002 Sasiam;

1078 1020 1118 1046 ὅτι
1136 1019 1185 1054 τὴν
1208 1018 1316 1046 αἰώνιον
1329 1018 1400 1053 ζωὴν
1423 1019 1521 1053 ἐπίσης
1536 1018 1622 1053 Πατρί
1637 1027 1665 1044 τε
1681 1018 1729 1044 καὶ
1748 1018 1808 1052 Υῐῷ
1824 1019 1869 1044 κιὶ

1079 1064 1216 1099 Πνεῦματι
1240 1064 1308 1098 ἁγίῳ
1333 1063 1363 1089 τὺ
1385 1063 1549 1097 Εὑαγγὲλιον
1573 1063 1669 1097 ἐνορᾷν
1697 1062 1868 1096 δογματίζει.

1079 1110 1146 1146 Περὶ
1164 1110 1212 1145 μέν
1227 1109 1273 1135 τοῦ
1286 1108 1402 1144 Πατρὸς,
1421 1108 1508 1139 οὕτως
1522 1108 1644 1138 εἰπόντος
1657 1107 1704 1133 τοῦ
1731 1107 1813 1141 λόγου
1831 1109 1869 1134 ὅτι

1080 1156 1118 1182 Τὸ
1129 1154 1272 1190 γινώσκειν
1289 1154 1370 1181 αὐτὸν
1384 1155 1399 1189 ἡ
1414 1153 1520 1185 αἰώνιός
1531 1155 1588 1180 ἐστι
1604 1152 1660 1187 ζωή
1671 1161 1678 1167 ·
1699 1153 1764 1187 περὶ
1781 1153 1811 1179 δὲ
1825 1153 1867 1178 τοῦ

1081 1200 1160 1233 Υἱοῦ,
1178 1200 1219 1227 ὃτι
1241 1200 1297 1232 Πᾶς
1310 1200 1323 1226 ὁ
1335 1199 1469 1226 πιστεύων
1482 1200 1521 1230 εἰς
1532 1198 1613 1224 αὑτὸν
1627 1198 1677 1232 τὴν
1689 1197 1800 1224 αἰώνιον
1817 1198 1871 1232 ἔχει

1082 1247 1162 1281 ζωήν·
1179 1246 1242 1280 περὶ
1255 1245 1282 1271 δὲ
1293 1245 1340 1271 τοῦ
1351 1244 1421 1271 Πνεύ
1426 1253 1508 1280 ματος
1519 1244 1566 1271 τοῦ
1580 1244 1667 1278 ἁγίου,
1683 1243 1778 1278 ὃτιΤῴ
1793 1244 1869 1275 δεξι-

1084 1291 1161 1326 μένῳ
1172 1290 1220 1325 τὴν
1235 1290 1314 1325 χάριν
1340 1289 1416 1316 ἐσται
1438 1289 1513 1324 πηγὴ
1538 1289 1632 1320 ὕδατος
1657 1288 1809 1323 ἁλλομένου
1834 1290 1871 1319 εἰς

1082 1336 1154 1372 ζωὴν
1178 1335 1304 1363 σίώνιον.
1329 1334 1434 1362 Οὐκοῦν
1466 1336 1519 1367 πᾶς
1545 1335 1559 1361 ό
1585 1334 1675 1361 ποθῶν
1688 1335 1739 1369 τὴν
1763 1335 1871 1361 αἰώνιον

1084 1381 1166 1415 ζωὴν,
1183 1381 1292 1407 ἐπειδὰν
1303 1380 1371 1417 εὕρῃ
1385 1381 1428 1407 τὸν
1439 1380 1513 1411 Υἱὺν,
1526 1381 1570 1407 τὸν
1586 1380 1671 1415 ἀληθῆ
1688 1380 1763 1414 λέγω
1779 1381 1831 1406 καὶ
1841 1381 1870 1406 οὐ

1084 1426 1272 1460 ψευδώνυμον,
1293 1425 1353 1452 ὅλον
1377 1421 1455 1460 εὗρεν
1469 1426 1498 1451 ἐν
1512 1425 1599 1460 ἐαυτῷ
1617 1426 1684 1460 ὅπερ
1705 1426 1869 1459 scandens.

1085 1471 1157 1498 Διότι
1170 1471 1217 1498 καὶ
1232 1470 1313 1502 αὑτός
1324 1471 1396 1496 ἐστιν
1411 1471 1428 1505 ἡ
1445 1470 1512 1505 ζωὴ,
1529 1470 1576 1497 καὶ
1588 1472 1616 1497 ἐν
1632 1470 1720 1505 ἐαυτῷ
1734 1471 1784 1506 τὴν
1802 1472 1871 1506 {reip

1084 1516 1150 1551 ἔχει.
1174 1516 1241 1542 Ἀλλ’
1265 1515 1279 1542 ὁ
1302 1516 1398 1547 λεπτὸς
1413 1513 1489 1547 οὗτος
1510 1516 1555 1542 τὸν
1571 1516 1643 1549 νοῦν,
1659 1517 1705 1543 καὶ
1717 1516 1871 1551 διοριτικίς

1084 1561 1132 1597 τὴν
1145 1561 1268 1597 καρδίαν,
1289 1561 1341 1588 ὑπὸ
1360 1561 1459 1595 πολλῆς
1473 1561 1609 1594 ὀξυωπίας
1621 1562 1659 1597 τῷ
1671 1561 1730 1595 Υἰῷ
1743 1563 1795 1598 τὴν
1810 1565 1871 1589 αἰω-

1085 1607 1144 1634 νίαν
1158 1607 1208 1634 οὐκ
1228 1606 1379 1641 ἐνευρίσκει
1393 1605 1464 1641 ζωήν
1476 1614 1483 1621 '
1508 1606 1564 1633 ἀλλ’
1579 1607 1628 1633 ὑπε
1634 1607 1699 1642 ρὸἀς
1713 1607 1811 1634 τοῦτον
1827 1609 1872 1634 καὶ

1085 1651 1258 1684 καταλιπὼν,
1274 1649 1330 1678 οἷον
1352 1651 1478 1686 ἐμπόδιόν
1503 1660 1528 1678 τι
1547 1653 1615 1688 προς
1631 1652 1660 1679 τὸ
1687 1653 1871 1688 ζητούμενον,

1085 1698 1144 1724 ἐκεῖ
1166 1697 1335 1732 διερευνᾶται
1353 1697 1402 1731 τὴν
1429 1696 1536 1724 αἰώνιον
1555 1697 1642 1733 ζωὴν,
1657 1699 1724 1725 ὅπου
1747 1698 1785 1734 μὴ
1805 1697 1871 1725 εἶναι

1085 1741 1170 1768 οἴεται
1190 1742 1240 1776 τὴν
1262 1741 1345 1773 ὅντως
1359 1742 1440 1777 ζωήν.
1456 1743 1488 1769 Τί
1505 1743 1539 1770 ἄν
1549 1752 1591 1774 τις
1604 1744 1756 1778 ἐπινοήσειε
1771 1744 1871 1770 τούτων

1086 1787 1103 1822 ἢ
1120 1787 1160 1819 εἰς
1183 1787 1356 1822 βλασφημίαν
1374 1788 1559 1823 φρικτότερον,
1579 1789 1595 1824 ἢ
1610 1789 1650 1820 εἰς
1666 1788 1774 1824 θρήνων
1791 1790 1872 1824 iap-

1087 1831 1141 1867 μὴν
1173 1832 1410 1868 σκυθρωπότερον;
1441 1833 1521 1860 Ἀλλὰ.
1545 1833 1598 1870 μὴν
1614 1833 1645 1860 τὸ
1669 1834 1818 1862 Σαδέλλιόν
1843 1843 1872 1861 τε

1087 1876 1136 1906 καὶ
1162 1876 1314 1909 Μοντανὺν,
1335 1878 1391 1908 τοῖς
1413 1878 1557 1914 ἡμετέροις
1588 1878 1716 1914 δόγμασιν
1744 1879 1872 1915 ἐπιθριιλ-

1087 1921 1207 1952 λεῖσθαι,
1228 1921 1348 1948 τοιοῦτόν
1372 1922 1461 1956 ἐστιν,
1484 1921 1539 1950 οἷον
1560 1924 1586 1949 ετ
1604 1932 1646 1955 τις
1671 1923 1718 1950 καὶ
1740 1925 1792 1960 τὴν
1816 1926 1872 1952 κατ’

1087 1967 1219 2003 Εὐνόμιον
1246 1968 1311 2003 ἡμῖν
1338 1967 1508 2003 βλασφημίαν
1536 1969 1734 2005 προαρίὸοιτο.
1768 1971 1799 1997 ΕΙ
1821 1972 1874 2006 γὰρ

1089 2022 1130 2046 τις
1154 2014 1358 2048 ὲπεσκεμμένος
1384 2014 1432 2049 τὴν
1454 2014 1509 2040 τῶν
1527 2016 1659 2050 αἱρέσεων
1676 2015 1781 2050 ταύτην
1805 2018 1874 2044 dxi.

1089 2068 1138 2094 την
1151 2059 1345 2091 διεξετάσειεν,
1371 2060 1480 2098 εὑρήσει
1497 2060 1596 2095 πολλὴν
1618 2061 1713 2096 ἔχοντα
1742 2063 1811 2097 πρὸς
1828 2064 1874 2098 τὴν

1090 2106 1150 2132 κατ’
1174 2106 1306 2140 Εὐνόμιον
1331 2106 1451 2141 πλάνην,
1472 2106 1521 2142 τὴν
1547 2107 1709 2142 οἰκειότητα.
1736 2108 1874 2140 Ἰουδατζει

256 2167 290 2194 ad
318 2166 428 2193 deitatis
455 2165 675 2192 communionem
701 2167 791 2200 magni
816 2166 887 2200 apud
917 2167 990 2201 ipsos
1012 2172 1031 2193 οι

1091 2150 1144 2185 γὰρ
1156 2151 1285 2185 ἑκάτερος
1296 2151 1369 2186 αὐτῷ
1383 2151 1507 2187 δόγματι,
1523 2151 1583 2179 οὔτε
1594 2153 1638 2179 τὸν
1652 2155 1785 2189 μονογενῆ
1799 2155 1873 2186 Θεὸν,

256 2210 338 2244 primi
353 2209 419 2236 dicti
443 2208 490 2235 Dei
519 2208 678 2236 admittens.
700 2209 785 2242 Quem
804 2210 876 2237 enim
903 2210 1040 2238 Sabellius

257 2253 325 2281 dicit
346 2253 532 2285 trinominem,
553 2253 625 2280 hunc
646 2253 796 2281 Eunomius
819 2254 941 2282 nominat
965 2255 1041 2289 iuge-

259 2298 357 2325 nitum.
376 2297 479 2325 llorum
504 2302 594 2325 autem
620 2303 717 2325 neuter
735 2299 762 2325 in
783 2297 919 2326 Trinitate
942 2307 1039 2334 perso-

258 2350 354 2371 narum
370 2343 570 2377 contemplatur
598 2343 736 2370 deitatem.
753 2343 820 2376 Quis
846 2344 927 2380 igitur
949 2344 1041 2372 adluc-

258 2394 317 2416 reat
334 2388 576 2419 Sabellio,-eorum
590 2389 636 2422 qui
661 2389 733 2416 hunc
745 2397 897 2416 sermonem
914 2390 1039 2424 legerint,

257 2433 389 2470 judicium
406 2433 527 2460 deﬁniat.
544 2433 596 2461 Sed
617 2434 673 2462 hmo
687 2435 797 2469 quidem
824 2436 968 2462 hactenus.

293 2550 426 2585 Quoniam
439 2558 502 2579 vero
515 2551 636 2586 prolixus
645 2554 686 2578 est
702 2551 923 2586 insequentibus,
937 2553 1042 2579 abomi-

259 2597 389 2625 nabilimn
403 2601 623 2632 argumentorum
637 2602 734 2624 tetrum
746 2604 920 2624 commovens
931 2598 1040 2625 odorem

258 2643 359 2678 quibus
397 2642 564 2677 unigenitum
594 2642 676 2670 Deum
705 2650 761 2669 non
787 2642 933 2676 aliquando
958 2642 1043 2672 fuisse

259 2688 394 2715 adstruit:
406 2688 534 2723 praeclare
550 2688 650 2716 habere
664 2688 734 2719 dico,
751 2694 813 2714 cum
826 2687 882 2722 jam
892 2695 926 2715 ex
938 2688 970 2716 iis
981 2697 1042 2724 qua:

298 2774 320 2791 "
333 2773 413 2801 Joan.
430 2783 495 2807 xvn.
512 2776 537 2802 5.
578 2776 596 2791 “
611 2775 688 2801 Joan.
706 2782 731 2805 ν,
760 2775 804 2802 ιο.
844 2776 865 2791 η
879 2775 956 2804 Joan.
973 2779 1058 2811 I\-,M.

1089 2196 1150 2223 οὔτε
1163 2196 1193 2223 τὸ
1213 2196 1324 2232 Πνεῦμα
1339 2198 1369 2223 τὸ
1386 2198 1462 2232 ἆγιον
1477 2198 1516 2229 εἰς
1529 2199 1670 2225 κοινωνίαν
1687 2200 1737 2234 τῆς
1752 2200 1876 2235 θεότητος

1089 2242 1136 2268 τοῦ
1154 2251 1201 2277 μεγ
1208 2242 1271 2269 ἁλου
1287 2243 1351 2278 παρ’
1364 2244 1454 2275 αὐτοῖς
1468 2244 1514 2270 καὶ
1529 2245 1634 2279 πρώτου
1646 2246 1795 2280 λεγομένου
1810 2247 1874 2274 Θεοῦ

1091 2287 1307 2322 προσδεχόμενος.
1319 2289 1368 2315 Ὃν
1386 2288 1439 2324 γὰρ
1454 2289 1596 2321 Σαϐἐλλιος
1618 2289 1692 2325 λέγει
1712 2292 1874 2327 τριώνυμον,

1089 2332 1183 2359 τοῦτον
1202 2333 1331 2368 Εὑνόμιος
1346 2333 1474 2369 ὀνομάζει
1499 2334 1653 2369 ἀγέννητον.
1675 2336 1826 2372 Οὐοέτερος
1848 2339 1875 2364 δὲ

1089 2378 1190 2405 τούτων
1215 2379 1244 2404 ἓν
1269 2380 1301 2414 τῇ
1319 2380 1413 2414 Τριάδι
1431 2380 1484 2407 τῶν
1505 2381 1678 2408 ὑποστάσεων
1701 2381 1803 2417 θεωρεῖ
1830 2384 1875 2417 τὴν

1090 2423 1212 2457 Θεότητα.
1230 2423 1277 2454 Τίς
1291 2424 1378 2450 τοίνυν
1392 2425 1499 2457 οἰκείως
1514 2425 1570 2460 ἔχει
1583 2426 1650 2462 πρὸς
1663 2427 1710 2453 τὸν
1722 2427 1874 2460 Σαὸἐλλιον,

1089 2469 1106 2503 ἡ
1121 2467 1174 2494 τῶν
1194 2468 1408 2503 ἐντυγχανόντων
1429 2471 1468 2506 τῷ
1484 2471 1554 2506 λόγῳ
1569 2471 1658 2507 κρίσις
1679 2473 1875 2509 ἀποφηνάσθω.

1097 2513 1175 2540 Ἀλλὰ
1188 2514 1274 2540 ταῦτα
1290 2515 1338 2549 μὲν
1357 2517 1396 2547 εἰς
1412 2516 1546 2543 τοσοῦτον.

1133 2559 1210 2586 Ἐπεὶ
1234 2559 1262 2585 δὲ
1286 2560 1368 2593 πολύς
1392 2561 1465 2588 ἐστιν
1484 2563 1513 2588 ἐν
1534 2562 1589 2593 τοῖς
1612 2562 1720 2597 ἐφεξῆς.
1745 2563 1802 2590 τῶν
1824 2565 1879 2600 βδε-

1092 2603 1180 2639 λυρῶν
1194 2604 1416 2641 ἐπιχειρημάτων
1430 2606 1563 2634 ἀνακινῶν
1581 2608 1630 2642 τὴν
1641 2608 1775 2643 δυσωδὴν,
1788 2610 1823 2638 δς
1844 2608 1878 2637 ὧν

1093 2649 1131 2684 μὴ
1146 2646 1215 2674 εἷναί
1232 2657 1295 2677 ποτε
1315 2651 1360 2677 τὸν
1371 2652 1501 2686 μονογενῆ
1518 2653 1717 2685 κατασκευάζει
1734 2653 1814 2688 Θεὸν,
1831 2665 1877 2682 κι-

1091 2692 1144 2725 to;
1169 2692 1239 2728 ἔχειν
1254 2695 1324 2730 φημὶ
1339 2695 1382 2722 διὰ
1402 2696 1455 2723 τῶν
1481 2696 1669 2732 προλαὸόντων
1696 2699 1818 2735 μετρίως
1832 2700 1878 2735 τῆς
