1923 3071
58 126 109 155 8'51

625 125 761 154 CONTRA
783 123 976 159 EUNOMIUM,
994 125 1057 153 LIB.
1081 125 1112 152 Χ.

1627 123 1678 150 838

60 183 124 218 περὶ
147 181 248 209 τούτων
270 183 334 217 ἡμῖν
352 181 472 214 διανοίας
500 181 726 217 ὲκκαῦαρθείσης,
753 181 839 217 μηκέτ

903 186 1100 216 prmccsseruut
1119 182 1153 209 ab
1167 182 1279 209 istorum
1293 181 1335 209 lue
1351 181 1418 208 satis
1429 181 1617 216 sitexpurgata
1631 190 1679 209 uo-

58 226 296 258 συνδιαϐαπτίζειν
314 226 359 252 τὸν
372 226 449 260 λόγον
466 227 520 257 τοῖς
535 226 636 261 ὁμοίοις
648 227 760 264 κακοῖς,
777 225 846 260 πλὴν

56 272 139 299 τοῦτο
153 272 231 307 μόνον
241 272 290 298 οὐκ
302 271 414 307 ἄκαιρον
429 272 492 302 iam;
505 271 661 307 προσθεῖναι
677 271 729 298 τῶν
742 271 845 297 πολλῶν

56 317 252 352 ἐκλεξάμενον
264 317 333 352 Φησὶ
346 318 415 343 κατὰ
431 317 461 343 τὸ
474 314 543 349 ἴσον,
562 317 608 343 καὶ
627 318 659 352 τῇ
677 316 722 343 τοῦ
739 315 845 352 Πατρὸς

56 364 138 399 οὗσίᾳ
169 362 342 398 συνεζεῦχθαι
362 371 432 394 τινος
451 363 498 398 τὴν
523 362 683 397 ὰγεννησίαν
711 363 842 394 εἰπόντος.

55 409 106 436 Δ.ὰ
120 409 175 436 τῶν
190 409 290 444 ὁμοίων
313 409 327 435 ό
342 409 419 443 λόγος
434 409 613 444 προέρχεται,
631 408 722 441 καθὼς
739 409 787 441 ἐπὶ,
797 408 843 434 τοῦ

55 455 125 482 Υῐοῦ
145 455 324 490 συνεπέρανεν
340 455 432 489 σαφῶς
449 455 493 482 διὰ
510 456 559 490 τῆς
578 455 632 481 τῶν
648 454 774 481 ἐναντίων
793 463 844 481 κα-

55 501 210 535 τασκευῆς,
234 501 263 526 τὸ
284 500 370 535 δόγμα
390 501 439 536 τῆς
464 501 602 532 εὐσεϐείας
623 500 796 536 κρατύνεται,
814 500 844 526 τὸ

58 547 97 581 μὴ
111 546 210 573 ταῦ-τὸν
227 545 333 572 οἴεσθαι
354 544 423 572 εἶναι
436 548 468 582 τῇ
483 547 560 581 οὐσίᾳ
574 547 621 582 τὴν
637 547 797 581 ἁγεννησὶαν
813 554 842 572 τε

56 590 105 617 καὶ
117 591 167 626 τὴν
180 590 305 625 γέννησιν
315 598 322 605 ·
341 591 398 617 ἀλλ’
419 591 626 627 ὲπιθεωρεῖσοαι
642 591 690 626 μὲν
704 591 789 617 ταῦτα
805 590 843 631 τῷ

55 635 241 671 ὑποκειμένῳ,
259 636 322 662 ἄλλο
342 636 371 662 δέ
387 645 413 663 τι
434 637 507 671 παρὰ
530 636 613 663 ταῦτα
633 634 702 663 εἶναι
722 635 760 671 τῷ
786 635 843 671 ἰδίῳ

53 682 129 717 λόγῳ
138 683 169 708 τὸ
183 681 371 716 ὑποκείμενον,
386 681 428 716 ἐφ’
441 678 471 708 οὗ
486 682 619 717 μηδεμιᾶς
630 682 758 718 διαφορᾶς
770 683 842 718 εὑρι-

56 727 205 762 σκομένης,
217 726 260 753 διὰ
274 726 304 752 τὸ
320 726 483 761 κεχωρίσθαι
502 727 550 761 τῆς
563 727 655 758 οὐσίας
669 727 718 762 τὴν
732 726 802 753 κατὰ
813 726 842 752 τδ

54 772 186 806 γεψιητόν
200 780 228 798 τε
249 771 296 798 καὶ
317 771 462 806 ἀγέννητον
473 771 601 808 διαφοράν
614 780 621 786 ·
637 772 757 798 λείπεται
771 771 841 798 uti

55 817 147 843 πᾶσαν
163 816 284 850 ἀνάγκην
297 815 327 842 τὸ
341 816 549 851 ἀπαράλλακτον
569 816 612 843 ἐπ’
623 817 722 851 ἀμφοῖν
732 816 781 851 τὴν
795 817 839 842 οὺ-

56 863 118 888 σίαν
144 862 323 888 συντίθεσθαι.
355 862 415 888 Ἔτι
439 862 486 888 καὶ
511 862 587 888 τοῦτο
607 863 661 894 τοῖς
687 862 839 897 εἰρημένοις

54 906 313 944 προσεξετάσωμεν*
330 906 391 937 Πῶς
409 906 572 941 κεχωρίσθαι
584 906 630 933 τοῦ
645 907 749 942 Πατρὶς
767 906 840 940 λέγει

53 955 105 989 τὴν
119 953 260 988 γέννησιν,
272 952 364 978 οὐσίαν
377 952 460 986 αὐτὴν
475 952 553 984 νοῶν,
570 952 586 987 ἢ
601 951 756 988 ὲνέργεῑαν;
772 952 840 978 Ἀλλ’

55 1000 82 1026 εί
98 1000 147 1034 μὲν
166 999 302 1034 ἐνέργειαν
313 997 395 1024 οἴεται
409 997 518 1032 ταύτην,
530 998 626 1032 ἐπίσης
640 998 746 1029 πάντως
762 997 800 1032 τῷ
811 1006 840 1024 τε

53 1043 240 1079 ἐνεργηοέντι,
258 1043 304 1068 καὶ
318 1042 356 1077 τῷ
378 1042 533 1077 ὲνεργοῦντι
548 1042 729 1068 συνάπτεται·
746 1041 840 1077 ὥσπερ

52 1090 102 1116 ἐπὶ
119 1089 208 1123 πάσης
222 1088 403 1121 κατασκευῆς,
420 1087 518 1122 ὁμοίως
533 1087 577 1113 ὲπί
590 1095 618 1113 τε
642 1087 687 1113 τοῦ
700 1087 839 1123 γινομένου

53 1135 102 1161 καὶ
126 1134 172 1161 τοῦ
195 1133 330 1165 ποιοῦντος
353 1134 425 1160 ἐςτιν
443 1133 505 1160 ἰδεῖν
524 1133 572 1168 τὴν
587 1133 741 1168 ἐνέργειαν,
774 1134 839 1169 μήτε

51 1180 101 1206 τοῦ
118 1179 316 1214 τεχνιτεύοντος
337 1179 532 1214 χωριζομένην,
557 1179 603 1205 καὶ
626 1180 658 1214 τῇ
683 1181 839 1215 κατασκευῇ

51 1226 108 1252 τῶν
120 1225 345 1260 ἀποτελεσμάτων
363 1224 573 1259 ἐμφαινομένην.
590 1224 620 1251 Εἰ
633 1223 660 1250 δὲ
677 1224 770 1250 οὐσίαν
790 1225 838 1251 αὒ-

52 1273 102 1307 τὴν
115 1272 188 1306 λέγοι
213 1271 262 1306 τῆς
279 1271 325 1297 τοῦ
342 1271 446 1306 Πατρδς
468 1270 559 1302 οὐσίας
577 1270 790 1306 κεχωρισμένην,
808 1271 840 1297 ἐκ

51 1317 155 1352 ταύτης
166 1315 302 1351 ὁμολογῶν
313 1313 381 1342 εἶναι
391 1315 436 1341 τὸν
447 1314 558 1350 Κύριον,
569 1315 646 1350 δῆλός
666 1316 722 1341 ἐστι
740 1314 840 1349 ταύτην

51 1362 116 1389 ἀντὶ
129 1362 174 1388 τοῦ
195 1361 301 1396 nam;
312 1361 358 1387 ἐπὶ
372 1360 418 1387 τοῦ
432 1361 598 1395 Μονογενοῦς
609 1361 724 1395 βλέπων,
746 1361 783 1392 ὡς
795 1361 840 1387 δύο

50 1406 178 1442 Πατέρας
191 1406 238 1434 ἐπὶ
256 1406 301 1433 τοῦ
318 1406 383 1433 Υίοῦ
400 1407 532 1434 νοεῖσθαι·
549 1407 594 1433 τὸν
615 1407 662 1442 μὲν
675 1407 840 1441 ὀνομαζόμε-

51 1462 99 1479 νον
114 1453 203 1488 μόνον,
217 1453 244 1478 ὃν
257 1452 288 1488 δὴ
299 1453 345 1479 καὶ
359 1453 503 1487 ἀγέννητον
514 1453 598 1486 λέγει,
614 1454 650 1488 μὴ
662 1452 840 1479 κοινωνοῦντα

51 1499 82 1525 δὲ
103 1499 151 1532 τῆς
171 1499 338 1533 γεννήσεω;’
362 1498 410 1534 τὴν
436 1499 479 1531 δὲ,
499 1498 533 1524 τὰ
548 1498 594 1524 τοῦ
612 1498 716 1533 [ἰατρὸς
733 1498 777 1524 ἐπὶ
793 1498 839 1524 τοῦ

52 1543 225 1577 Ηονογενοῦς
239 1542 411 1578 ἐνεργοῦσαν,
429 1543 463 1578 ἢν
482 1543 606 1578 γέννησιν
631 1543 766 1578 ὀνομάζει,
786 1543 840 1570 Καὶ

51 1587 135 1614 τοῦτο
151 1588 251 1622 μᾶλλον
268 1588 302 1614 δι’
318 1587 406 1614 αὐτῶν
427 1588 481 1614 τῶν
501 1588 633 1624 Εὐνομίου
649 1588 746 1623 λόγων,
760 1589 776 1624 ἢ
797 1587 841 1615 διὰ

52 1633 109 1660 τῶν
123 1632 264 1669 ἡμετέρων
278 1632 424 1667 ἐλέγχεται.

89 1720 173 1754 Λέγει
191 1719 245 1755 γὰρ
259 1720 288 1745 ὲν
303 1721 358 1751 τοῖς
378 1720 488 1755 ἐφεξῆς·
515 1717 545 1747 ὀ
557 1721 591 1747 δὲ
602 1721 673 1754 Θεὸς
683 1722 770 1756 χωρὶς
777 1731 841 1757 γεν-

51 1765 174 1799 νήσεως
181 1764 234 1796 ὢν,
245 1765 293 1792 καὶ
303 1765 358 1798 πρὸ
368 1765 422 1792 τοῦ
430 1766 624 1800 γεννηθέντος
629 1767 705 1794 ἐστι·
715 1768 760 1794 καὶ
781 1769 840 1803 μετ¹

51 1812 155 1845 ὀλίγον’
167 1808 204 1846 ’ῼ
224 1812 277 1845 γὰρ
291 1811 325 1838 ἐκ
342 1811 397 1838 τοῦ
413 1811 592 1846 γεννηθῆναι
605 1813 637 1838 τὸ
651 1810 736 1845 εἶναι,
753 1811 842 1846 οὗτος

52 1857 128 1891 πρὶν
138 1856 318 1891 γεννηθῆναι
327 1857 381 1884 οὐκ
390 1857 438 1891 ἦν.
448 1856 598 1884 Οὑκοῦνεὶ
609 1857 628 1891 ἠ
636 1857 778 1892 γέννησις
783 1857 842 1892 μὲν

52 1901 231 1936 κεχώρισται
240 1902 292 1929 τοῦ
299 1902 422 1936 Πατρός,
430 1901 469 1935 τῷ
475 1902 509 1929 δὲ
521 1901 576 1935 Υιῷ
585 1902 619 1929 ὲκ
634 1903 686 1929 τοῦ
696 1902 841 1938 γεννηθῆ-

51 1957 62 1974 ν
72 1956 102 1974 αι
113 1948 145 1974 τὺ
152 1944 329 1974 εἶναί-ἐστιν·
339 1947 617 1982 ἇραάνενέργητοςό
624 1949 723 1983 Πατὴρ
730 1950 778 1976 ἐπὶ
787 1949 842 1984 τῆς

52 1993 109 2020 τοῦ
124 1992 310 2027 Μονογενοῦς
323 1992 527 2026 ὑποστάσεως.
538 1995 554 2020 ό
563 1995 780 2029 κεχωρισμένος
788 1996 842 2030 τῆς

52 2038 237 2072 γεννήσεως,
248 2035 340 2072 ἀφ’ἦς
348 2040 363 2065 d
375 2037 441 2069 Υἱὸς
449 2040 480 2064 τὸ
490 2038 564 2066 εἶναι
582 2039 654 2074 ἔχει.
664 2041 694 2067 Εἰ
706 2039 752 2067 οὖν
765 2041 842 2076 ἠλλο-

50 2084 170 2119 τρίωται
188 2083 238 2117 τῆς
260 2083 307 2109 τοῦ
331 2082 396 2109 Υίοῦ
411 2085 562 2119 γεννήσεως
578 2085 591 2110 ὁ
610 2084 715 2121 Πατὴρ.
730 2086 746 2121 ἢ
764 2087 842 2114 ἄλλον

49 2126 116 2155 τινὰ
126 2125 234 2163 Πατέρα
249 2128 294 2154 τοῦ
306 2128 370 2154 Υἱοῦ
381 2128 424 2154 διὰ
433 2128 479 2155 τοῦ
490 2129 538 2164 τῆς
552 2131 702 2165 γεννήσεως
714 2131 843 2166 ὀνόματος

50 2172 284 2206 ἀναπλάσσουσιν,
305 2173 321 2208 ἢ
342 2173 536 2209 αὑτογέννητὸν
558 2182 619 2201 τινα
640 2175 686 2202 καὶ
699 2176 839 2210 αὑτογένε-
856 2176 877 2204 D

50 2219 118 2245 ολον
139 2219 184 2245 τὸν
204 2219 268 2245 Tib-1
290 2220 314 2245 ei
343 2219 420 2253 σοφοὶ
438 2219 480 2245 διὰ
498 2220 552 2246 τῶν
567 2220 719 2255 εἰρημένων
735 2222 840 2248 ἀποδει-

50 2264 194 2291 κνύουσιν.
222 2264 303 2299 Ὁρᾷς
318 2264 349 2290 τὸ
363 2264 568 2299 πεφωραμένον
579 2266 628 2301 τῆς
648 2266 766 2298 διανοίας
793 2267 838 2294 τοῦ

48 2309 104 2344 τὴν
121 2308 241 2344 ἀμαθίαν
257 2309 323 2343 ἡμῖν
336 2308 392 2335 ἄνω
404 2309 450 2335 καὶ
464 2311 538 2337 κάτω
549 2309 592 2336 διὰ
606 2310 659 2337 τῶν
674 2311 746 2338 ἰδίων
755 2312 840 2346 λόγων

50 2355 254 2390 προφέροντος·
269 2354 306 2386 ὡς
327 2355 503 2382 διαπλανᾶται
517 2357 577 2387 ταῖς
593 2356 755 2389 πολυοδίαις,
775 2358 841 2392 μᾶλ-

50 2403 101 2427 λον
118 2400 147 2427 δὲ
160 2401 220 2432 ταῖς
230 2400 347 2432 ἀνοδίαις
360 2401 376 2436 ὴ
389 2400 554 2435 βλασφημία,
568 2401 601 2427 δι’
615 2402 719 2434 οὐδενὸς
731 2403 840 2438 βεϐαίου

50 2446 127 2482 πρὸς
140 2446 185 2472 τὸν
197 2445 297 2472 σκοπὸν
313 2446 412 2481 ἑαυτῆς
427 2446 568 2482 προϊοῦσα.
583 2447 638 2473 Καὶ
653 2447 692 2478 ὡς
707 2447 780 2474 ἐστιν
795 2449 841 2476 ἐπὶ

48 2491 111 2518 τῶν
134 2491 238 2526 νηπίων
260 2491 332 2524 ἰδεῖν,
354 2492 418 2519 ὅταν
442 2493 487 2527 ὑφ’
509 2493 616 2528 ἡλικίας
641 2493 795 2529 ἁθὺροντες,
812 2495 841 2522 ὲν

48 2538 163 2573 ςιάμμῳ
173 2537 227 2563 τινὶ
242 2537 377 2572 μιμῶνται
388 2539 438 2570 τὰς
449 2539 504 2566 τῶν
516 2538 739 2575 οἰκοδομημάτων
755 2549 841 2567 κατα-

50 2584 172 2613 σκευάς·
183 2579 224 2614 οἷς
237 2582 267 2609 οὺ
279 2583 349 2609 κατὰ
360 2584 459 2610 σκοπὸν
469 2585 485 2620 ὴ
503 2584 617 2620 μίμησις
634 2586 763 2620 τεχνικῶς
774 2587 842 2622 πρὸς

48 2627 87 2654 τὸ
107 2627 263 2662 ἀρχέτυπον
285 2627 436 2662 ὁμοιοῦται·
461 2627 532 2655 ἀλλὰ
544 2629 676 2666 πρότερον
690 2630 735 2657 ὑπ’
750 2631 842 2662 ἀνοίας

48 2681 83 2700 τι
91 2672 165 2698 κατὰ
176 2672 208 2698 τὸ
217 2673 324 2708 συμϐὰν
334 2674 523 2709 ἐξειργάσαντο
532 2683 538 2690 ·
557 2673 616 2702 εἶτα
630 2675 800 2710 βουλεύονται
815 2678 842 2704 τί

49 2719 110 2755 χρὴ
130 2718 263 2753 ὀνομάσαι
285 2720 316 2746 τὸ
340 2719 565 2755 κατασκεύασμα.
594 2721 703 2756 Ταύτην
725 2722 771 2748 καὶ
795 2723 842 2749 ἐπὶ

49 2763 102 2790 τοῦ
116 2763 288 2798 λογογράφου
309 2765 358 2799 τὴν
375 2765 513 2800 ἀγχίνοιαν
528 2765 627 2799 βλέπω.
641 2764 703 2792 Οἴον
717 2767 770 2802 γάρ
783 2776 842 2794 τινα

50 2808 172 2844 ψάμμου
189 2809 305 2843 σωρείαν
324 2811 393 2837 κατὰ
413 2810 441 2836 τὺ
456 2810 566 2837 ἐπελθὸν
583 2811 656 2847 αὐτῷ
669 2812 704 2839 τὰ
716 2812 765 2845 τῆς
779 2813 842 2840 ἀσε-

897 231 952 253 stra
968 234 1054 259 mens,
1068 227 1090 254 si
1106 234 1158 253 non
1167 227 1282 261 amplius
1291 226 1426 254 similibus
1438 226 1516 253 maiis
1526 234 1546 253 sr
1557 234 1678 253 rmouem

896 276 1020 300 nostrum
1040 273 1187 307 tingamus.
1204 277 1304 308 praeter
1316 273 1368 299 hoc
1380 273 1468 299 solum
1481 272 1592 306 quodex
1610 273 1676 298 Inul-

895 318 930 345 tis
944 318 1213 352 selectumadjecisse
1230 318 1345 344 fortasse
1357 324 1411 344 non
1420 317 1676 351 eritimportunuin:

895 364 965 391 Idem
984 364 1050 391 dicit
1066 364 1207 399 tequaliter
1220 371 1281 391 eum
1293 372 1326 391 eo
1338 363 1384 398 qui
1403 363 1500 391 asserit
1514 371 1573 390 cum
1588 362 1677 390 Puris

894 408 1013 436 essentia
1043 409 1196 444 copulatam
1220 415 1282 436 esse
1314 407 1493 442 ἀγεννησίανι
1516 414 1563 441 per
1577 406 1676 434 similia

894 461 985 481 sermo
1002 453 1133 488 procedit,
1147 453 1217 481 sicut
1234 454 1261 480 in
1278 453 1348 480 Filio
1357 452 1490 481 conclusit
1504 460 1511 479 :
1525 456 1617 487 aperte
1628 459 1677 487 per

893 506 924 527 ea
936 507 996 534 qua:
1010 499 1157 526 adversarii
1169 499 1324 531 adstruunt,
1335 499 1442 533 pietatis
1454 499 1591 526 decretum
1607 505 1674 524 eon~

894 544 1036 578 ﬁrmatur;
1056 553 1110 572 non
1132 545 1200 572 idem
1217 548 1313 580 putare
1336 552 1398 571 cum
1418 544 1535 571 essentia
1562 543 1676 578 ingeniti

893 590 1026 617 rationem
1042 595 1067 618 et
1095 590 1306 626 generationem.
1323 590 1369 617 sed
1390 590 1447 617 lucc
1460 589 1486 616 in
1501 590 1594 617 eodem
1610 590 1676 617 sub-

890 635 964 671 jecto
983 636 1161 663 considerari.
1173 635 1331 670 Subjcetum
1343 639 1431 662 autem
1446 636 1554 670 propria
1571 636 1675 662 ratione

892 689 953 710 esse
967 682 1032 717 quid
1048 682 1122 709 aliud
1149 686 1246 716 praeter
1265 681 1329 713 ista,
1348 681 1374 708 iu
1389 689 1444 716 quo
1461 688 1523 708 cum
1542 681 1615 708 nulla
1633 681 1675 708 in-

892 728 1017 755 veniatur
1034 727 1194 759 diﬁ'erentia,
1209 734 1262 762 qua
1287 726 1320 753 ab
1335 727 1452 753 essentia
1469 730 1610 761 separetur
1623 726 1674 753 dif-

892 773 1006 802 ferentia
1024 781 1085 808 qme
1098 777 1140 801 est
1155 773 1304 801 secundum
1321 773 1441 808 genitum
1459 778 1485 800 et
1500 772 1650 807 ingenitum
1665 781 1673 800 :

892 824 977 847 restat
987 819 1142 847 necessario
1157 819 1182 846 iu
1195 819 1329 846 ambobus
1343 819 1489 846 essentiam
1510 819 1632 846 eamdem
1647 823 1675 845 et

891 864 1002 891 minime
1015 864 1182 891 diﬁ‘creutem
1199 871 1260 891 esse
1275 863 1409 891 conﬁteri.
1426 863 1492 891 Illud
1507 859 1589 891 etiam
1606 871 1674 899 pra:-

891 912 933 935 ter
943 915 974 935 ea
988 916 1048 943 qua:
1056 908 1112 943 jam
1128 908 1199 936 dicta
1223 912 1296 940 sunt,
1314 908 1499 936 examinemus
1513 908 1673 941 :Quomodo

885 953 935 984 ,hic
954 954 1053 981 asserit
1072 961 1087 980 a
1102 953 1182 980 Patre
1206 953 1405 989 generationem
1438 957 1591 988 separatam
1602 961 1675 987 esse,

891 999 1039 1026 essentiam
1057 999 1144 1034 ipsam
1161 999 1312 1034 intelligens
1336 1006 1369 1025 an
1386 1005 1450 1025 vero
1478 998 1678 1033 operationem?

892 1045 943 1073 Sed
953 1046 976 1073 si
992 1047 1176 1081 operationem
1193 1053 1252 1074 eam
1277 1053 1337 1073 esse
1362 1049 1446 1080 putat,
1462 1045 1531 1072 hanc
1547 1053 1579 1072 ex
1596 1053 1674 1080 aqua

890 1097 1003 1125 prorsus
1019 1099 1079 1118 cum
1094 1097 1205 1127 operato
1219 1096 1244 1118 et
1259 1095 1387 1126 operante
1403 1092 1542 1126 coujungit
1555 1101 1560 1118 :
1578 1099 1675 1126 quem-

891 1135 1038 1163 admodum
1063 1137 1089 1164 in
1123 1138 1195 1164 Omni
1223 1137 1312 1172 operis
1328 1141 1476 1167 structura.
1496 1137 1622 1164 similiter
1646 1138 1673 1164 in

891 1189 923 1208 eo
938 1181 1010 1217 quod
1024 1181 1052 1208 ﬁt
1066 1185 1092 1209 et
1109 1182 1135 1209 in
1150 1182 1280 1209 cﬂiciente
1296 1183 1480 1217 operationem
1498 1182 1560 1209 licet
1573 1182 1672 1214 ridere,

891 1234 978 1261 neque
993 1227 1027 1254 ab
1045 1227 1149 1255 artiﬁce
1160 1231 1309 1261 separatam
1325 1231 1350 1253 et
1364 1227 1389 1253 in
1406 1234 1517 1262 operum
1533 1231 1672 1254 structura

890 1277 1073 1307 apparentem.
1087 1272 1164 1304 Quod
1182 1272 1419 1308 sit’gcncralionom
1430 1272 1565 1310 videlicet)
1579 1280 1674 1299 esseu-

883 1317 954 1344 ‘tiam
971 1317 1056 1352 ipsam
1077 1317 1159 1350 dicat,
1176 1317 1209 1344 ab
1227 1317 1344 1344 essentia
1360 1317 1447 1344 Patris
1463 1322 1626 1352 separatam,
1641 1326 1672 1344 er

892 1362 942 1389 hac
957 1361 1101 1388 Dominum
1116 1369 1178 1388 esse
1198 1362 1330 1389 conﬁtens
1345 1371 1350 1388 :
1368 1361 1438 1389 hanc
1456 1361 1600 1390 manifesto
1614 1363 1674 1389 loco

890 1406 980 1434 Patris
1001 1407 1027 1433 in
1043 1406 1112 1434 Filio
1128 1407 1249 1441 respicit,
1267 1408 1304 1433 ita
1331 1411 1358 1434 ut
1377 1407 1444 1435 duos
1462 1407 1554 1435 Patres
1566 1407 1593 1435 in
1605 1407 1676 1435 Filio

891 1452 1034 1487 intelligat,
1050 1452 1125 1479 illum
1139 1451 1248 1486 quidem
1261 1452 1371 1479 nomine
1385 1453 1483 1484 solum,
1499 1461 1577 1488 quem
1592 1454 1674 1480 etiam

894 1498 1042 1533 ingenitum
1057 1499 1133 1530 dicit,
1155 1506 1215 1525 cum
1247 1500 1419 1533 generatione
1433 1499 1532 1526 nullam
1552 1506 1675 1526 commm

892 1545 1000 1572 nionem
1028 1544 1169 1572 habentem
1189 1565 1195 1578 ,
1216 1544 1286 1571 hanc
1298 1551 1363 1571 vero
1374 1552 1432 1579 qua:
1447 1550 1510 1572 sunt
1533 1543 1621 1573 Patris
1646 1546 1674 1572 iu

892 1589 1034 1625 Unigenito
1043 1595 1201 1624 operantem
1216 1599 1222 1617 :
1235 1597 1316 1624 quam
1328 1590 1528 1625 generationem
1541 1591 1673 1618 nominat.

891 1635 979 1670 Atque
991 1635 1043 1663 hoc
1061 1635 1148 1670 magis
1174 1643 1207 1662 ex
1235 1635 1304 1670 ipsis
1321 1636 1446 1663 Eunomii
1475 1637 1566 1664 verbis
1591 1645 1673 1672 quam

890 1681 994 1708 nostris
1008 1680 1229 1715 deprehenditur.

926 1727 996 1754 Dicit
1013 1727 1084 1754 enim
1108 1727 1134 1753 in
1157 1727 1355 1762 sequentibus:
1381 1727 1453 1754 Deus
1478 1733 1564 1755 autem
1578 1729 1674 1764 quiest

891 1772 946 1798 sine
965 1772 1150 1806 generatione,
1170 1772 1249 1798 etiam
1267 1776 1305 1798 est
1334 1777 1395 1800 ante
1419 1773 1445 1799 irl
1468 1773 1536 1808 quod
1556 1774 1672 1808 genitum

891 1821 949 1848 est;
980 1820 1007 1843 et
1031 1817 1111 1851 paulo
1141 1819 1219 1851 post:
1236 1816 1286 1843 Cui
1304 1817 1372 1844 enim
1387 1822 1424 1844 est
1440 1826 1492 1844 esse
1506 1826 1538 1845 ex
1563 1827 1592 1845 eo
1605 1821 1673 1854 quod

891 1862 924 1888 sit
942 1862 1054 1897 genitus.
1081 1862 1121 1888 hic
1143 1863 1296 1897 priusquam
1324 1868 1388 1890 esset
1407 1864 1508 1898 genitus
1532 1873 1582 1891 non
1605 1871 1670 1892 erat.

892 1907 961 1943 Ergo
976 1910 997 1935 si
1015 1909 1150 1943 generatio
1165 1917 1181 1935 (ι
1199 1909 1280 1936 Patre
1294 1914 1330 1936 est
1343 1914 1466 1944 separata
1481 1919 1490 1939 .'
1505 1911 1571 1938 Filio
1585 1917 1672 1938 autem

892 1962 945 1981 esse
968 1959 1006 1980 est
1037 1962 1069 1980 ea:
1097 1961 1125 1980 eo
1153 1955 1221 1990 quod
1250 1955 1283 1980 sit
1312 1955 1527 1990 grnitus:igitur
1549 1956 1631 1983 Pater
1645 1955 1673 1983 in

895 1999 1029 2035 Unigem'ti
1055 2000 1221 2027 subsistentia
1239 2001 1336 2027 otiosus
1355 2005 1403 2031 est,
1421 2001 1535 2036 nihilque
1550 2010 1670 2036 operam,

892 2056 950 2074 cum
965 2048 998 2074 sit
1020 2056 1036 2073 a
1060 2048 1226 2082 generatione
1251 2052 1389 2082 separatus
1404 2056 1419 2074 a
1443 2055 1495 2082 qua
1517 2048 1600 2076 Filius
1618 2057 1672 2076 esse

891 2093 976 2119 habet.
995 2092 1022 2119 Si
1039 2092 1121 2128 igitur
1134 2091 1214 2119 Pater
1229 2100 1243 2118 a
1263 2092 1323 2119 Filii
1348 2094 1521 2128 generatione
1539 2094 1671 2123 alienatus

892 2141 944 2171 est,
970 2138 1011 2165 vel
1040 2138 1122 2164 alium
1143 2138 1285 2172 quemdam
1306 2137 1365 2165 Filii
1381 2137 1486 2165 Patrem
1512 2147 1560 2174 per
1575 2148 1671 2167 norm-n

892 2183 1075 2218 generationis
1091 2183 1260 2218 conﬁngunt,
1277 2183 1318 2211 vel
1333 2191 1364 2211 ex
1378 2192 1407 2212 se
1425 2185 1543 2220 genitum
1555 2186 1672 2221 aliquem

893 2232 919 2256 et
936 2228 980 2256 cui
996 2228 1046 2262 ipsi
1061 2235 1074 2255 a
1090 2229 1181 2263 seipse
1192 2236 1278 2264 genus
1287 2233 1338 2260 est,
1354 2229 1450 2257 Filium
1472 2230 1516 2258 isti
1537 2232 1674 2266 sapientes

892 2281 941 2309 per
951 2281 982 2301 ea
999 2282 1058 2308 quae
1071 2274 1212 2302 suntdicta
1224 2275 1411 2303 demonstrant
1425 2285 1431 2302 :
1443 2276 1517 2304 vides
1528 2278 1676 2313 intelligen-

893 2320 958 2347 tiam
972 2321 1046 2348 velut
1061 2322 1086 2347 in
1116 2320 1188 2348 furto
1210 2321 1405 2356 deprehensam
1429 2322 1498 2358 ejus,
1528 2324 1573 2358 qui
1597 2326 1676 2354 nobis

894 2365 1029 2393 inscitiam
1047 2373 1155 2394 sursum
1175 2370 1201 2393 et
1214 2366 1339 2394 deorsum
1354 2368 1411 2396 suis
1420 2369 1593 2398 sermonibus
1609 2378 1674 2406 pro-

894 2410 946 2438 fert
957 2414 985 2437 et
994 2410 1097 2445 objicit,
1113 2418 1192 2445 quam
1211 2411 1303 2438 multis
1325 2412 1377 2440 viis
1390 2413 1508 2451 oberrat,
1526 2415 1568 2442 vel
1583 2417 1674 2451 potius

894 2455 974 2483 inviis
986 2455 1043 2483 sive
1067 2455 1152 2484 deviis
1174 2456 1241 2484 locis
1256 2457 1422 2492 blasphemia
1443 2459 1517 2487 nullo
1544 2460 1620 2488 ﬁrmo
1647 2466 1675 2488 et

894 2505 970 2529 certo
982 2501 1065 2536 gradu
1092 2501 1124 2528 ad
1141 2509 1219 2529 suum
1245 2510 1357 2537 scopum
1376 2505 1560 2540 progrediens.
1586 2506 1675 2540 Atque

894 2549 924 2573 ut
937 2546 964 2573 in
981 2545 1131 2574 infantibus
1153 2547 1216 2573 licet
1235 2547 1337 2581 videre,
1350 2555 1410 2575 cum
1429 2557 1484 2584 pne
1507 2553 1585 2577 atate
1608 2550 1675 2577 lusi-

894 2595 984 2619 tantes
994 2591 1023 2619 in
1038 2599 1124 2622 arena
1132 2592 1247 2627 quadam
1260 2592 1434 2621 :ediﬁeiorum
1451 2598 1601 2622 structuras
1612 2595 1675 2623 imi-

894 2641 998 2669 tantur,
1019 2637 1120 2672 quibus
1147 2646 1201 2666 non
1220 2638 1253 2665 ad
1268 2639 1384 2674 aliquem
1410 2647 1521 2675 scopum
1548 2640 1672 2672 imitatio,

895 2682 1044 2710 secundum
1063 2683 1130 2711 artis
1144 2683 1249 2718 regulas
1263 2684 1294 2710 ad
1307 2685 1479 2720 archetypum
1488 2685 1673 2721 assimilatur;

895 2725 942 2753 sed
962 2726 1038 2760 prius
1055 2733 1110 2761 prae
1133 2726 1250 2753 amentia
1264 2734 1297 2754 ex
1309 2731 1404 2754 eventu
1420 2727 1520 2762 aliquid
1534 2734 1676 2756 exstruxe-

895 2775 980 2797 runt:
997 2770 1095 2797 deinde
1120 2770 1273 2797 deliberant
1290 2771 1354 2805 quid
1385 2773 1526 2800 nominare
1551 2779 1674 2809 opOrlmt

896 2815 967 2850 quod
979 2819 1147 2843 exstructum
1163 2820 1202 2843 est
1217 2824 1224 2844 :
1237 2815 1358 2843 eamdem
1388 2817 1414 2844 in
1428 2817 1561 2854 scriptore
1586 2820 1673 2848 soler-
