1923 3071
241 110 293 138 839

840 105 868 133 S.
889 102 1051 132 GREGORII
1070 101 1214 130 NYSSENI

1819 96 1868 124 8ὶύ

242 169 308 193 tiam
324 164 458 200 perspicio
473 173 480 204 ;
496 164 568 192 velut
590 164 661 191 enim
682 171 771 191 arenae
783 171 921 193 acervum.
942 165 1022 197 prout

1087 161 1148 192 ἶείας
1161 161 1270 196 ῥήματα
1282 157 1468 193 συμφορήσας,
1484 156 1555 192 μετὰ
1567 155 1649 181 ταῦτα
1667 153 1809 187 λογίζεται
1823 155 1868 188 τέῳ

243 213 269 240 ci
281 213 308 240 in
336 217 452 238 mentem
479 210 563 241 venit,
589 210 735 244 impietatis
761 210 842 237 verba
865 215 1026 244 congerens,

244 261 338 292 postea
368 256 491 282 insanam
511 255 709 289 blasphemiam
740 263 794 282 non
822 254 1027 292 animadvertit,

244 303 346 336 absque
356 302 408 329 ulla
426 301 550 328 rationali
573 301 768 329 consecutionc
792 300 906 328 fortuito
923 304 950 327 et
961 307 1028 327 casu

244 355 291 383 per
300 355 331 375 ea
345 355 404 382 qum
415 347 448 373 ab
462 353 495 374 eo
509 351 572 373 sunt
594 347 666 374 dicta
682 347 869 381 pullulantem.
883 345 941 373 Non
955 346 1028 373 enim

243 393 361 420 arbitror
370 400 402 419 ex
417 393 556 427 proposito
568 393 752 426 generationis
768 392 974 420 subsistentiam
991 391 1027 418 ab

243 440 303 474 ipso
317 439 460 466 confictam
472 446 543 470 esse,
558 438 618 465 loco
632 432 722 465 Patris
736 438 861 465 essentia:
875 437 935 464 Filii
951 444 1029 464 acce-

242 485 359 512 dentem.
377 483 467 518 Neque
481 482 587 509 Patrem
604 490 619 510 a
638 482 698 510 Filii
713 483 888 518 generatione
906 483 1026 510 alienum

242 530 441 560 demonstrare,
463 527 513 554 fuit
537 528 592 559 hic,
609 528 680 555 sicut
695 536 767 560 reor,
797 535 897 563 scopus
926 528 1029 555 oratori

243 575 418 619 propositus;
436 582 524 609 ncque
542 574 594 600 hoc
606 581 621 600 a
637 574 727 609 seipso
745 582 830 609 genus
845 574 947 602 habens
965 581 1029 609 por-

242 625 357 650 tentum.
374 628 421 655 per
436 620 554 654 aliquam
570 619 775 647 antecedentem
804 619 1028 648 deliberationem

243 667 346 694 illatum
361 671 410 693 est.
429 664 482 692 Sed
499 665 591 692 omnia
612 665 677 691 talia
693 665 797 700 absque
820 673 901 693 sensu
920 673 968 700 per
984 673 1031 693 vo-

243 714 338 740 mitum
351 713 385 738 ab
407 711 458 738 hoc
480 711 667 746 scriptitatore
686 714 749 737 sunt
763 714 866 746 egesta,
882 715 911 738 ut
937 711 963 738 in
988 711 1031 738 bis

243 765 297 785 non
313 757 393 792 longa
406 756 440 783 sit
452 756 627 783 accusatione
640 755 743 791 dignus
757 756 805 790 qui
820 759 894 783 errat
909 756 936 783 in
945 756 1030 784 docu-

244 803 352 834 mentis,
368 809 455 836 neque
480 802 558 833 sciat,
573 802 644 829 sicut
666 801 787 836 loquitur
806 802 964 838 Apostolus,
983 810 1030 830 ne—

244 856 297 884 que
316 847 387 883 quod
405 847 482 879 dicit,
493 855 581 882 neque
592 847 625 874 de
640 847 739 881 quibus
756 846 870 874 allirmat
885 848 918 875 ’³.

278 894 327 921 Cui
343 893 427 924 enim,
441 893 538 928 inquit,
551 900 612 920 csse
638 893 772 928 contingit
795 900 829 920 ex
845 901 877 920 eo
898 893 971 928 quod
994 894 1029 921 sit

244 941 362 976 genitus,
379 941 422 967 hic
445 943 509 967 ante
526 939 730 974 generationem
754 947 808 967 non
833 944 904 967 erat.
927 939 955 966 Si
981 948 1030 974 pro

245 985 325 1014 Patre
348 986 503 1020 intelligens
527 985 731 1018 generationem
754 984 830 1015 dicit,
853 991 903 1019 ego
923 992 1031 1020 quoque

246 1032 391 1064 assentior,
409 1035 436 1058 et
453 1039 506 1058 non
533 1034 576 1058 est
596 1030 642 1065 qui
665 1030 853 1057 contradicat:
871 1030 941 1057 idem
958 1031 1030 1058 enim

247 1085 294 1112 per
309 1081 453 1111 utramque
467 1076 614 1103 dictionem
631 1075 693 1102 licet
711 1075 866 1111 significare
880 1085 887 1109 ;
904 1080 930 1103 et
949 1084 983 1104 ex
998 1084 1031 1104 eo

247 1123 319 1158 quod
339 1122 401 1157 quis
421 1122 503 1153 dicat,
523 1122 594 1156 quod
619 1121 757 1148 Abraham
774 1122 867 1156 genuit
887 1122 981 1157 Isaac;
1005 1127 1032 1151 et

247 1176 297 1204 pro
319 1168 418 1203 genuit,
434 1167 505 1202 quod
523 1172 599 1201 pater
616 1166 667 1194 fuit
689 1167 780 1195 lsaac:
798 1169 926 1202 quoniam
950 1169 1033 1204 igitur

249 1213 319 1240 idem
334 1217 375 1240 est
391 1212 517 1247 genuisse
533 1214 559 1238 et
576 1215 680 1246 patrem
695 1219 765 1243 esse,
778 1213 801 1240 si
818 1213 880 1248 quis
894 1213 922 1240 in
943 1214 1027 1241 altera

249 1259 336 1286 forma
362 1258 478 1293 accipiat
491 1258 584 1290 verba,
607 1257 677 1285 idem
692 1265 754 1286 esse
777 1265 840 1286 cum
857 1259 1032 1295 generatione

250 1305 400 1340 paternitas
416 1303 658 1332 demonstrabitur.
684 1303 713 1330 Si
745 1304 828 1339 igitur
843 1305 883 1332 sic
910 1305 1033 1340 loquitur

250 1350 400 1378 Eunomius
413 1359 420 1377 :
434 1349 505 1384 quod
530 1348 575 1376 cui
592 1356 625 1376 ex
645 1349 723 1377 Patre
746 1353 789 1377 est
816 1357 887 1382 esse,
905 1350 950 1378 hic
970 1355 1034 1379 ante

251 1396 357 1424 Patrem
387 1403 442 1422 non
468 1399 537 1425 erat,
554 1401 640 1422 sanus
657 1399 698 1422 est
716 1403 817 1428 sermo,
835 1400 866 1424 et,
881 1403 931 1424 nos
948 1396 1032 1425 dictis

250 1442 384 1469 calculum
399 1441 490 1468 album
506 1439 660 1474 adjicimus.
677 1440 755 1473 Quod
770 1441 794 1468 si
814 1441 848 1469 ad
877 1442 951 1469 illam
974 1450 1033 1470 ser-

251 1494 330 1514 mone
343 1486 459 1514 recurrit
484 1486 697 1521 generationem,
727 1490 754 1513 et
769 1491 923 1522 separatam
939 1495 1001 1516 esse
1018 1495 1034 1515 a

253 1533 332 1559 Patre
349 1531 500 1563 contendit,
519 1537 614 1559 etcum
632 1531 700 1559 Filio
714 1532 879 1567 copulatam,
895 1541 995 1561 vanum
1008 1539 1034 1561 et

253 1584 362 1605 cassum
377 1585 439 1604 esse
451 1577 568 1604 arbitror
580 1577 607 1603 in
617 1585 707 1604 rerum
726 1577 849 1605 inanium
874 1582 901 1605 et
915 1578 1033 1606 [utilium

252 1628 278 1650 ct
303 1631 318 1650 a
348 1623 453 1650 ratione
474 1622 614 1649 deviarum
644 1623 829 1657 speculatione
854 1622 956 1652 diutius
984 1624 1035 1651 im~

253 1667 364 1695 morari.
389 1666 481 1702 Neque
495 1667 567 1695 enim
587 1667 643 1694 sive
671 1675 728 1694 rem
754 1668 781 1694 in
805 1669 914 1703 propria
944 1669 1036 1697 subsi-

254 1714 354 1741 stcnlia
372 1717 520 1747 spectatam
543 1713 744 1747 generationem
760 1717 846 1748 putat,
864 1722 952 1749 neque
963 1715 986 1743 si
1001 1715 1035 1743 ad

254 1759 357 1794 aliquid
375 1757 448 1793 quod
466 1765 517 1784 non
533 1758 664 1785 subsistat
679 1759 836 1786 notionibus
854 1767 903 1793 per
919 1760 971 1787 hoc
985 1768 1034 1787 no-

255 1812 315 1832 men
346 1804 523 1839 pertrahitur,
550 1803 684 1831 hactenus
707 1811 740 1831 ex
769 1804 851 1831 dictis
877 1805 1036 1840 conspicere

255 1849 407 1885 potuimus:
427 1848 512 1876 fertur
525 1849 597 1875 enim
615 1848 641 1874 in
655 1852 799 1884 utramque
813 1850 970 1884 opinionem
982 1858 1037 1878 non

256 1896 323 1923 bene
338 1899 496 1929 compactus
508 1902 557 1922 nec
567 1893 651 1921 firmis
663 1895 920 1923 radicibnsinnixus
933 1905 1036 1930 sermo,

256 1941 390 1968 inclinans
401 1940 434 1967 ad
458 1940 484 1966 id
499 1939 571 1974 quod
588 1940 748 1975 intclligenti
767 1942 853 1976 magis
869 1942 1017 1976 placuerit.

292 1985 344 2012 Sed
361 1983 481 2010 nondum
503 1984 677 2018 blasphemia:
699 1986 862 2013 acerbitates
877 1987 1038 2014 examinata:

257 2033 335 2061 sunt,
366 2036 434 2063 quas
450 2029 476 2055 in
496 2029 673 2063 sequentibus
704 2030 817 2065 scriptis
848 2031 963 2065 adjicit;
990 2032 1037 2059 sed

254 2076 310 2109 jam
324 2075 381 2108 ejus
396 2075 468 2102 dicta
483 2075 515 2101 ad
533 2075 647 2102 verbum
661 2076 876 2104 consideremus.
892 2077 969 2104 [laud
981 2078 1038 2105 scio

258 2128 324 2147 sane
351 2119 487 2154 quomodo
501 2119 656 2146 horriﬁcam
680 2124 708 2146 et
733 2120 844 2155 impiam
866 2122 969 2149 Christi
990 2130 1040 2158 op-

259 2164 418 2201 pugnatoris
437 2162 556 2190 haeretici
581 2163 759 2198 scriptionem
777 2165 878 2192 audere
906 2166 970 2193 licet
991 2174 1039 2194 ore

259 2209 397 2244 proferre;
413 2215 510 2235 vereor
530 2216 563 2235 ne
581 2207 621 2234 ori
636 2215 684 2242 per
699 2209 771 2242 quod
786 2210 899 2237 verbum
929 2212 1038 2243 transit.

259 2253 379 2280 letalium
397 2259 562 2280 venenorum
577 2260 654 2280 more
684 2253 830 2281 mortiferae
850 2256 1042 2284 amaritudinis

259 2298 388 2333 reliquias
416 2298 500 2325 indat.
534 2297 652 2331 Oportet.
679 2298 765 2332 inquit
789 2300 949 2334 Apostolus,
966 2310 1042 2328 acce-

258 2343 361 2371 dentem
376 2343 409 2370 ad
429 2343 511 2370 Deum
525 2343 629 2370 credere
643 2344 706 2378 quia
721 2349 758 2370 est
775 2344 806 2372 “.
831 2344 915 2380 igitur
929 2347 1042 2374 deitatis

259 2389 398 2425 proprium
421 2387 550 2415 imlicium
567 2392 608 2416 est
627 2397 689 2416 vere
705 2397 776 2417 esse.
794 2390 844 2417 llic
860 2396 951 2418 autem
979 2399 1040 2420 eum

259 2435 306 2470 qui
326 2441 389 2461 vere
411 2438 462 2465 est.
482 2433 598 2461 adstruit
626 2434 665 2461 vel
689 2442 742 2461 non
766 2436 875 2470 proprie
899 2444 977 2468 esse,
999 2437 1042 2464 vel

259 2489 312 2508 non
329 2481 356 2508 in
372 2480 528 2508 universum
548 2488 626 2520 esse_:
643 2481 714 2515 quod
743 2481 814 2508 idem
827 2485 869 2509 est
884 2489 916 2509 ac
931 2483 954 2510 si
969 2482 1042 2510 dicat

258 2527 331 2562 quis,
345 2525 456 2553 omnino
469 2531 495 2554 et
518 2526 626 2561 penitus
647 2534 699 2553 non
716 2535 792 2560 esse;
817 2527 863 2562 qui
886 2528 958 2555 enim
978 2537 1042 2563 pro-

258 2573 316 2609 prie
334 2580 388 2600 non
411 2576 464 2605 est,
487 2579 576 2607 neque
590 2576 631 2600 est
655 2572 789 2600 funditus.
807 2573 1041 2606 Quemadmodum

259 2618 282 2646 is
299 2618 400 2646 dicitur
416 2625 462 2653 per
480 2618 662 2653 phantasiam,
686 2619 743 2645 sive
773 2617 993 2653 imaginationem
1013 2619 1042 2646 in

259 2664 362 2691 somnis
377 2671 496 2696 currere,
514 2663 559 2698 qui
583 2670 679 2690 cursus
698 2662 789 2690 studio
815 2670 924 2693 currere
949 2664 1055 2703 imagig

260 2713 349 2736 natur.
363 2708 414 2737 Sed
430 2709 558 2744 quoniam
569 2708 637 2736 falso
647 2708 702 2736 veri
713 2715 811 2736 cursus
824 2708 1042 2744 imaginationem

296 2797 346 2824 ⁸³1
365 2797 436 2825 Tim.
458 2807 477 2832 I,
492 2798 518 2827 ’1.
557 2797 669 2826 I‘llebr.
691 2804 729 2831 χι,
743 2796 770 2825 6.

1079 205 1236 241 ἀδιανόητον
1254 203 1437 239 βλασφημίαν,
1450 201 1517 238 προς
1531 201 1546 227 ὃ
1561 209 1586 227 τι
1602 200 1706 235 βλέπει,
1717 199 1783 234 δίχα
1799 200 1869 230 τινὲς

1079 251 1191 286 λογικῆς
1207 250 1365 284 ἀκολουθίας
1384 250 1416 275 ὲκ
1436 247 1482 274 τοῦ
1500 247 1655 281 αὐτομάτου
1667 246 1710 272 διὰ
1726 244 1784 272 τῶν
1796 246 1870 279 εἰρη-

1081 298 1167 332 μένων
1178 297 1352 330 ἀναφυεῖσαν.
1370 295 1406 321 Οὐ
1417 294 1471 330 γὰρ
1482 292 1557 329 οἶμαι
1570 292 1638 319 κατὰ
1652 292 1783 327 πρόθεσιν
1796 291 1870 325 αὐτῷ

1079 344 1128 378 τὴν
1154 344 1203 378 τῆς
1223 343 1354 377 γενέσεως
1384 341 1530 367 ὑπόστασιν
1554 338 1780 369 ἀναπεπλάσθαι,
1810 338 1870 364 ἀντὶ

1079 388 1186 423 Πατρὸς
1208 389 1240 424 τῇ
1261 388 1339 423 οὐσίᾳ
1359 387 1404 413 τοῦ
1429 385 1494 412 Υίοῦ
1515 385 1669 420 γινομένην.
1688 383 1758 411 Οὐδὲ
1776 383 1811 410 τὸ
1824 383 1870 409 ἁ).-

1079 433 1183 469 λότριον
1203 433 1393 467 ἀποδειχθῆναι
1415 431 1464 467 τῆς
1489 430 1640 465 γεννήσεως
1664 428 1710 455 τοῦ
1737 426 1806 454 Υἱοῦ
1827 429 1871 454 τὸν

1080 479 1198 515 Πατέρα,
1218 481 1233 506 ὁ
1254 480 1353 511 σκοπὸς
1373 476 1422 514 ἦν,
1440 478 1477 509 ὡς
1486 476 1573 513 οἶμαι,
1591 476 1631 511 τῷ
1653 476 1759 511 ῥήτορι,
1775 475 1840 501 οὺόὲ
1856 475 1871 509 ἡ

1080 525 1270 559 αὐτογένεθλος
1298 523 1438 560 τερατεία,
1472 523 1517 550 διά
1547 531 1618 554 τινος
1647 520 1871 557 προϐουλεύσεως

1080 570 1270 606 ἐπεισηνέχθη.
1296 571 1375 598 Ἀλλὰ
1387 567 1474 596 πάντα
1486 569 1521 595 τὰ
1532 568 1642 595 τοιαῦτα
1653 567 1772 598 διανοίας
1787 567 1873 601 χωρὶς

1079 618 1226 655 ἀπημέσθη
1240 617 1280 652 τῷ
1302 616 1479 652 λογογράφῳ,
1490 615 1529 648 ὼς
1545 615 1611 650 μηδὲ
1633 609 1732 648 πολλῆς
1753 613 1832 645 ἄξιον
1845 615 1872 640 ὲν

1079 664 1182 697 τούτοις
1196 664 1361 700 κατηγορίας
1384 661 1462 694 εἶναι,
1476 662 1522 689 τὸν
1542 660 1757 696 πλημμελοῦντα
1776 660 1831 694 μὲν
1846 661 1873 686 ὲν

1079 712 1136 742 τοῖς
1147 711 1294 746 δόγμασιν,
1315 709 1364 735 οὑκ
1377 708 1464 735 εἰδότα
1476 708 1521 741 δὲ,
1545 707 1636 738 καθώς
1656 716 1739 742 φησιν
1757 708 1770 733 6
1795 707 1873 733 Ἀπό-

1081 754 1187 787 στολός,
1200 755 1262 782 οὔτε
1276 755 1290 782 ὂ
1304 754 1394 789 λέγει,
1408 753 1469 780 οὔτε
1486 753 1550 789 περὶ
1562 753 1641 780 τίνων
1655 753 1871 780 διαϐεϐαιοῦται.

1115 884 1151 922 ’ᾯ
1167 886 1220 922 γὰρ
1235 886 1266 913 ὲκ
1284 885 1330 912 τοῦ
1356 884 1537 919 γεννηθῆναι,
1552 884 1628 918 φησὶ,
1645 884 1676 909 τὸ
1689 882 1773 916 εἶναι,
1794 879 1871 915 οὗτος

1081 932 1133 966 πρὸ
1150 932 1199 966 τῆς
1213 933 1366 967 γεννήσεως
1383 931 1432 957 οὒκ
1442 927 1486 966 ἦν.
1502 929 1533 956 Εἰ
1547 930 1607 956 ἀντὶ
1618 929 1665 956 τοῦ
1680 929 1792 964 Πατρός
1808 929 1874 955 νοῶν

1081 977 1128 1013 τὴν
1145 977 1270 1012 γέννησιν
1280 976 1364 1011 λέγει,
1377 976 1454 1010 κάγὼ
1471 975 1686 1010 συντίθεμαακαὶ
1695 976 1709 1001 ό
1724 974 1875 1008 ἀντιλέγων

1081 1024 1131 1050 οὐκ
1155 1023 1239 1049 ἐστιν.
1261 1023 1350 1049 Ταύτδ
1374 1023 1428 1057 γάρ
1452 1022 1510 1048 ἐστι
1535 1021 1568 1048 δι’
1593 1021 1727 1056 ἑκατέρας
1752 1020 1874 1055 σημῆναι

1081 1068 1129 1103 τῆς
1141 1067 1249 1100 λέξεως,
1265 1067 1297 1094 ἔκ
1311 1076 1342 1094 τε
1357 1068 1404 1094 τοῦ
1420 1068 1518 1100 εἰπεῖν,
1538 1068 1579 1094 ὅτι
1603 1066 1729 1102 Ἀϐραὰμ
1745 1067 1876 1101 ἐγέννησε

1081 1114 1126 1140 τὸν
1139 1114 1242 1146 Ἰσαὰκ,
1256 1115 1303 1141 καὶ
1319 1114 1379 1141 ἀντὶ
1392 1113 1437 1140 τοῦ
1455 1114 1609 1149 ἐγέννησεν,
1620 1114 1663 1139 ὅτι
1679 1113 1775 1149 πατὴρ
1786 1113 1876 1146 ἐγένε-

1081 1167 1112 1186 το
1137 1159 1184 1186 τοῦ
1205 1159 1305 1186 Ἰσαάκ.
1329 1160 1405 1187 Ἐπεὶ
1415 1157 1462 1186 οὖν
1474 1159 1571 1186 ταύτόν
1585 1159 1642 1185 ὲστι
1656 1159 1695 1194 τῷ
1709 1159 1877 1194 γεγεννηκὲ-

1082 1213 1125 1231 ναι
1141 1205 1171 1231 τὸ
1183 1205 1288 1240 πατέρα
1305 1203 1383 1238 εἶναι,
1400 1206 1427 1232 εί
1439 1213 1481 1236 τις
1497 1204 1565 1240 πρὸς
1576 1204 1668 1239 ἕτερον
1684 1203 1772 1230 τύπον
1795 1212 1876 1239 μετα-

1081 1249 1158 1276 λάϐοι
1174 1249 1210 1276 τὰ
1225 1249 1344 1284 ῥήματα,
1356 1250 1453 1276 ταύτὸν
1470 1247 1536 1276 οὖσα
1550 1250 1582 1285 τῇ
1596 1249 1722 1284 γεννήσει
1739 1250 1756 1284 ὴ
1773 1250 1877 1284 πατρό-

1081 1304 1132 1331 της
1146 1295 1378 1331 ὰναδειχθήσεται.
1398 1296 1429 1322 Εί
1447 1293 1493 1322 οὖν
1508 1294 1579 1322 οὕτω
1594 1295 1676 1330 φησὶν
1692 1296 1706 1321 6
1729 1295 1877 1330 Εὑνόμιος,

1083 1338 1170 1378 ὄτιᾯ
1189 1342 1244 1377 γὰρ
1268 1341 1300 1368 ὲκ
1321 1339 1367 1368 τοῦ
1387 1341 1492 1376 Πατρδς
1506 1341 1536 1367 τὺ
1557 1338 1644 1373 εἶναι,
1668 1337 1747 1372 οὗτος
1761 1341 1819 1376 πρὸ
1834 1341 1877 1366 τοῦ

1084 1390 1190 1424 Πατρός
1205 1390 1255 1416 οὐκ
1270 1388 1314 1426 ἧν,
1330 1389 1447 1424 ὑγιαίνει
1463 1390 1476 1416 6
1497 1388 1585 1422 λόγος,
1603 1389 1651 1415 καὶ
1665 1389 1749 1424 ἡμεῖς
1766 1390 1828 1420 τοῖς
1843 1390 1878 1414 εἰ·

1087 1437 1213 1472 ρημένοις
1232 1435 1441 1471 ἐπιψηφίζομεν.
1460 1434 1491 1462 Εί
1504 1435 1532 1461 δὲ
1555 1435 1622 1470 πρὸς
1638 1435 1748 1470 ἐκείνην
1764 1435 1879 1471 ἀνατρέ-

1085 1490 1127 1516 χει
1144 1480 1183 1515 τῷ
1197 1480 1268 1516 λόγῳ
1282 1480 1332 1516 τὴν
1348 1480 1484 1514 γέννησιν,
1499 1479 1547 1506 καὶ
1562 1480 1730 1514 κεχωρίσθαι
1747 1480 1800 1514 μέν
1815 1489 1877 1516 φησι

1086 1526 1132 1553 τοῦ
1153 1526 1269 1561 Πατρὺς,
1281 1522 1456 1560 συνεζεῦχθαι
1476 1525 1504 1551 δὲ
1521 1524 1560 1560 τῷ
1573 1524 1630 1559 Υἱῷ
1642 1545 1649 1558 ,
1664 1525 1782 1560 μάταιον
1800 1527 1879 1562 ἠγοῦ-

1089 1581 1138 1608 μαι
1151 1573 1182 1607 τῇ
1198 1571 1252 1598 τῶν
1270 1571 1434 1606 ἀδιανοήτων
1451 1570 1645 1606 ὲμφιλοχωρείν
1666 1571 1788 1607 θεωρίᾳ.
1814 1573 1878 1599 οὔτε

1088 1621 1141 1653 γὰρ
1162 1618 1186 1644 εί
1207 1618 1322 1653 πρᾶγμα
1337 1617 1397 1643 κατ’
1423 1617 1491 1643 ίδίαν
1507 1617 1655 1644 ὑπόστασιν
1678 1618 1877 1653 θεωρούμενον,

1088 1662 1137 1697 τὴν
1162 1662 1287 1698 γέννησιν
1309 1661 1408 1694 οἴεται,
1423 1661 1486 1688 οὔτε
1506 1663 1530 1688 εἰ
1555 1662 1624 1696 πρὸς
1645 1662 1676 1688 τὸ
1692 1663 1876 1690 ἀνυπόστατοι

1088 1710 1147 1740 ταῖς
1160 1708 1274 1740 ἐννοίαις
1286 1708 1329 1734 διὰ
1345 1707 1390 1734 τοῦ
1404 1707 1533 1743 ὀνόματος
1544 1707 1722 1743 ὑποσύρεται,
1740 1709 1823 1744 μέχρι
1835 1709 1876 1735 τοί

1089 1753 1136 1781 νῦν
1149 1755 1181 1780 ἐκ
1197 1754 1251 1780 τῶν
1266 1753 1418 1788 εἰρημένων
1438 1753 1554 1779 κατιδεῖν
1568 1753 1749 1788 δεδυνήμεθα.
1766 1755 1877 1788 Φέρεται

1090 1800 1144 1835 γὰρ
1157 1800 1256 1835 ὁμοίως
1269 1799 1338 1834 πρὸς
1353 1799 1486 1834 ἑκατέραν
1501 1798 1556 1825 τῶν
1571 1798 1735 1834 ὑπολήψεων
1760 1800 1793 1827 τὸ
1811 1802 1879 1826 ᾶπα-

1090 1846 1137 1881 γὲς
1149 1845 1194 1872 τοῦ
1209 1845 1287 1879 λόγου
1301 1846 1348 1872 καὶ
1363 1844 1466 1880 ἄριζον,
1482 1845 1550 1881 πρὸς
1564 1845 1595 1872 τὸ
1606 1845 1702 1872 δοκοῦν
1715 1846 1758 1881 τῷ
1779 1847 1877 1873 νοοῦντι

1091 1891 1322 1926 περικλινόμενον.

1133 1981 1201 2008 Ἀλλ’
1213 1980 1288 2008 οΰπω
1300 1980 1334 2007 τὰ
1349 1980 1453 2015 χαλεπὰ
1467 1980 1517 2014 τῆς
1532 1979 1705 2014 βλασφημίας
1723 1980 1868 2016 ἐξήτασται

1092 2028 1164 2063 ειπερ
1175 2028 1226 2063 ἤδη
1238 2027 1292 2054 τῶν
1303 2026 1525 2061 γεγραμμένωνὴ
1536 2026 1680 2052 ἀκολουθία
1698 2027 1861 2061 προστίθησι
1870 2046 1876 2057 ,

1092 2074 1139 2100 καὶ
1153 2073 1184 2108 δὴ
1201 2072 1236 2099 τὰ
1249 2073 1381 2108 εἰρημένα
1397 2072 1467 2099 κατὰ
1486 2072 1558 2105 λέξιν
1573 2068 1878 2107 διασκεψώμεθαῘΟΞΕα

1092 2118 1119 2145 δὲ
1140 2118 1198 2149 πῶς
1223 2118 1279 2144 ἔστι
1305 2117 1438 2152 τολμῆσαι
1462 2117 1653 2151 προσενεγκεῖν
1677 2116 1724 2143 διὰ
1749 2117 1878 2152 στόματος

1093 2163 1141 2198 τὴν
1155 2162 1276 2199 φρικώδη
1291 2170 1321 2188 τε
1338 2162 1384 2188 καὶ
1399 2162 1476 2188 ἄθεον
1488 2161 1535 2188 τοῦ
1548 2161 1736 2197 χριστομάχου
1751 2162 1878 2197 λογογρα-

1091 2209 1165 2243 φίαν.
1181 2209 1292 2234 Δέδοικα
1307 2207 1362 2243 γὰρ
1376 2208 1481 2242 μήποτε
1495 2207 1555 2234 καθ’
1569 2207 1719 2242 ὁμοιότητα
1733 2208 1790 2234 τῶν
1803 2208 1878 2242 δηλη-

1090 2252 1191 2288 τηρίων
1199 2253 1350 2288 φαρμάκων
1365 2252 1528 2287 ἐναπόθηται
1547 2252 1585 2287 τῷ
1604 2252 1721 2286 στόματι
1733 2273 1741 2284 ,
1757 2253 1793 2280 δι’
1809 2251 1839 2280 οὖ
1853 2253 1878 2278 τὺ

1092 2299 1167 2333 ῥῆμα
1184 2297 1368 2333 παρέρχεται,
1388 2298 1437 2332 τῆς
1460 2297 1621 2333 φθοροποιοῦ
1646 2299 1762 2333 πικρίας
1778 2299 1809 2325 τὸ
1829 2299 1879 2324 λεί·

1089 2343 1183 2378 ψανον.
1210 2343 1374 2370 Πιστεῦσαι
1399 2343 1446 2370 δεῖ
1465 2343 1518 2370 τὸν
1539 2345 1789 2378 προσερχόμενον
1812 2343 1877 2376 Θεῷ,

1094 2390 1174 2425 φησὶν
1194 2390 1208 2415 6
1234 2389 1407 2420 ’Λπόστολος,
1420 2389 1463 2415 ὅτι
1475 2389 1569 2417 ἐστιν.
1584 2389 1688 2416 Οὐκοῦν
1705 2390 1774 2416 ἴδιον
1789 2390 1878 2423 Θεότηο

1094 2444 1140 2467 τος
1153 2434 1322 2470 γνώρισμια,
1337 2435 1366 2462 τὸ
1387 2435 1494 2470 ἀληθῶς
1509 2433 1586 2462 εἶναι’
1605 2436 1619 2461 6
1638 2434 1666 2461 δὲ
1682 2436 1877 2468 κατασχεῇει

1095 2481 1139 2508 τὸν
1160 2481 1266 2517 ἀληθῶς
1279 2481 1344 2508 ὅντα
1355 2501 1362 2512 ,
1377 2481 1394 2516 ἢ
1416 2481 1453 2516 μὴ
1470 2481 1572 2516 κυρίως
1588 2479 1666 2511 εἶναι,
1681 2481 1698 2517 ἢ
1717 2482 1756 2518 μὴ
1768 2481 1878 2509 καθόλου

1096 2525 1163 2553 εἶναι
1172 2548 1179 2560 ,
1192 2527 1259 2562 ὅπερ
1271 2524 1329 2553 ἶσόν
1343 2527 1401 2553 ἐστι
1415 2526 1453 2561 τῷ
1468 2526 1534 2561 μηδὲ
1544 2527 1612 2558 ὅλως
1629 2524 1711 2554 εἶναι.
1732 2528 1764 2554 '0
1774 2527 1828 2563 γὰρ
1844 2527 1878 2562 μὴ

1095 2573 1196 2608 κυρίως
1217 2572 1264 2605 ὣν,
1293 2572 1355 2599 οὐδὲ
1370 2572 1442 2599 ἔστιν
1460 2572 1539 2603 ὅλως.
1559 2571 1621 2599 Οίον
1644 2573 1754 2609 τρέχειν
1776 2574 1878 2607 λέγεται

1096 2617 1165 2645 κατὰ
1181 2617 1229 2653 τὴν
1244 2617 1366 2644 ἐνύπνιον
1381 2617 1530 2652 φαντασίαν
1557 2618 1571 2644 ό
1590 2619 1622 2652 τῇ
1641 2618 1745 2654 σπουδῇ
1759 2618 1808 2645 τοῦ
1821 2618 1879 2653 δρό-

1098 2673 1147 2700 μου
1157 2664 1404 2700 ὲμφανταςόμενος.
1427 2664 1496 2691 Ἀλλ’
1511 2664 1604 2700 ἐπειδὴ
1618 2664 1727 2699 ψευδῶς
1743 2666 1793 2700 τὴν
1807 2665 1878 2697 δόκηι

1097 2719 1140 2738 σιν
1162 2709 1209 2736 τοῦ
1228 2709 1343 2746 ἀληθοῦς
1362 2710 1535 2746 ὑποκρίνεται
1558 2709 1676 2745 δρόμου,
1701 2710 1749 2737 διὰ
1767 2709 1843 2737 τοῦτο
1864 2710 1879 2743 ἡ
