1923 3071
29 119 76 147 SH

30 178 171 211 φαντασῐα
185 177 282 213 δρόμος
298 180 347 207 οὐκ
361 181 444 210 ἔστιν.

29 224 192 258 ταχρήσεως
212 225 332 260 Λέγηται,
349 227 516 266 ψευδωνύμῳ
535 234 567 267 τῇ
588 233 681 269 κλήσει
706 245 817 263 κατονο-

29 267 159 315 μάζεται.
175 269 277 297 Οὐκοῦν
293 272 307 297 ὀ
323 272 428 308 τολμῶν
445 275 490 301 τὸν
507 267 637 314 μονογενῆ
650 279 717 306 Θεὸν
731 280 821 315 λέγειν

27 310 44 345 ἦ
65 311 104 346 μὴ
118 310 198 344 εἶναι,
211 314 227 347 ἢ
253 314 288 350 μὴ
304 316 403 351 κυρίως
416 316 496 351 εἶναι,
509 310 604 355 σαφῶς
619 310 667 358 τὴν
684 324 724 356 είς
739 310 820 351 αυτὸν

28 355 123 383 πίστιν
139 357 281 394 διαγράφει
304 361 349 406 ῗοῦ
366 363 510 398 δόγματος.
528 366 575 399 Τίς
598 355 651 403 γὰρ
671 355 759 396 ἂνέτι
782 371 818 406 μὴ

25 402 85 428 ὄντι
100 403 289 438 πιστεύσειενς
313 403 347 433 Ἣ
363 408 404 439 τίς
421 409 454 436 ἂν
467 411 609 446 πρόσθοιτο
623 414 726 448 τούτῳ,
742 413 772 444 οὗ
789 417 819 443 τὸ

25 445 99 474 εἶναι
113 448 213 484 ἄκυρον
223 450 407 480 ἀποδέδεικται
419 445 495 491 παρᾶ
508 457 561 484 τῶν
574 459 678 495 ἐχθρῶν
692 445 738 488 σου
754 462 819 497 ἀλη-

24 491 104 520 θινοῦ
118 494 220 529 Κυρίου
236 497 282 523 καὶ
297 497 496 534 ἀνυπόστατονς

64 572 122 598 Καὶ
135 572 174 604 ὡς
187 573 219 600 ἂν
237 575 274 610 μὴ
292 575 392 608 δόξειεν
404 578 448 605 διὰ
460 587 532 612 τινος
547 584 727 616 συκοφαντίας
748 587 818 614 κατὰ

25 617 82 642 τῶν
96 618 263 647 ὑπναντίων
277 622 291 648 ὸ
305 623 370 658 παρ’
384 625 463 659 ⁴ἡμῶν
482 626 605 659 γίνεσθαι
620 628 697 663 λόγος
709 653 716 663 ,
733 632 816 668 αὐτὴν

26 663 224 699 παραθήσομαι
245 667 299 693 τῶν
315 668 419 696 ἀσεὸῶν
435 670 483 706 τὴν
506 672 577 706 λέξιν
593 674 707 709 ἔχουσαν
719 663 816 710 οὕτωέ-

26 709 91 734 οὐκ
102 707 154 741 ὢν,
172 710 242 737 οὐδὲ
256 713 364 746 κυρίως
380 715 431 746 ὢν,
449 717 541 751 φησὶν,
558 720 574 745 ὁ
635 722 761 756 κόλποις
774 707 817 750 ὢῖν

24 753 79 779 τοῦ
97 754 196 788 ὄντος,
215 756 249 782 ἐν
264 757 342 792 ἀρχῇ
358 759 409 792 ὢν,
436 761 485 787 καὶ
508 762 583 796 πρὸς
602 765 655 791 τὸν
675 753 815 800 Θεὸνγῶν,

22 799 85 825 κᾶν
93 801 252 833 Βασίλειος
263 803 315 830 τοῦ
326 803 481 840 διορισμοῦ
488 808 593 836 τούτου
606 811 655 836 καὶ
664 811 718 845 τῆς
726 799 816 847 ,προο-ζ

582 129 721 159 CONTRA
741 134 938 170 EUNUMIUM,
961 138 1024 167 LIB.
1047 140 1079 168 Χ.

468 185 545 212 Ἀλλὰ
559 187 609 214 κᾶν
622 188 709 222 οὕτως
722 190 754 217 ὲκ
769 200 804 218 κα

871 196 921 223 sibi
945 196 1040 232 lingit,
1063 196 1124 224 ideo
1150 196 1309 233 imaginatio
1333 206 1387 227 non
1405 205 1446 228 est
1468 208 1576 230 cursus.
1601 205 1655 232 Sed

1603 145 1657 173 859.

869 239 977 268 etiamsi
1007 242 1120 271 abusive
1148 244 1184 271 ita
1199 244 1316 279 dicatur,
1335 246 1402 274 falsa
1418 251 1506 276 tamen
1537 253 1655 280 nominis

870 287 1052 320 appellatione
1069 292 1189 316 vocatur.
1208 288 1279 325 Ergo
1302 291 1349 326 qui
1377 293 1458 320 audet
1486 295 1653 330 unigenitum

871 329 965 364 Deum,
980 332 1021 359 vel
1041 340 1094 360 non
1109 341 1180 366 esse,
1199 335 1242 362 vel
1260 343 1314 363 non
1336 338 1445 372 proprie
1470 329 1652 373 esscrdicere,

869 380 962 410 aperte
992 377 1019 404 in
1048 378 1136 413 ipsum
1170 380 1248 407 [idem
1274 382 1387 417 abrogat
1412 383 1557 418 dogmatis.
1587 385 1654 418 Quis

869 421 941 448 enim
958 423 1076 458 amplius
1098 424 1121 452 ei
1137 426 1182 460 qui
1203 434 1256 453 non
1272 431 1313 455 est
1345 428 1513 456 crediderit?
1531 431 1572 458 vel
1590 432 1653 459 huic

869 469 1028 501 assenserit,
1045 469 1123 505 cujus
1137 479 1198 499 esse
1219 473 1395 508 improprium
1416 479 1443 502 et
1466 476 1537 510 quod
1562 478 1652 505 subsi—

869 515 942 540 stere
964 519 1090 549 nequeat,
1118 516 1152 544 ab
1179 517 1298 546 inimicis
1324 519 1380 546 veri
1397 518 1504 547 Domini
1536 521 1651 549 demon-

869 562 986 585 stratum
1002 559 1097 588 fuerit?

902 614 936 641 At
955 622 989 642 ne
1003 616 1047 643 cui
1063 616 1187 645 videatur
1203 619 1342 647 calumnia
1357 620 1475 655 quadam
1490 627 1585 649 contra
1602 624 1651 650 atl-

867 660 1003 689 versarios
1020 662 1047 689 id
1062 670 1076 689 a
1092 664 1170 691 nobis
1184 664 1311 698 proferri,
1335 667 1421 701 ipsam
1442 674 1577 702 apponam
1600 669 1651 696 im-

868 705 973 739 piorum
993 706 1140 734 dictionem
1162 708 1201 735 sic
1219 708 1382 737 habentem:
1397 710 1449 744 Qui
1465 717 1581 745 nonest,
1607 713 1651 740 itt-

867 749 935 783 quit,
953 752 1142 786 nequeproprie
1154 758 1202 786 est,
1213 754 1258 789 qui
1268 759 1307 781 est
1319 754 1345 781 in
1356 755 1458 782 sinibus
1471 755 1528 791 ejus
1544 757 1650 792 quiest,

865 799 890 822 et
916 797 961 830 qui
991 797 1018 824 in
1035 798 1164 833 principio
1187 805 1237 832 est,
1262 805 1287 827 et
1304 800 1373 835 apud
1401 801 1485 829 Deum
1513 809 1572 835 est;
1596 805 1647 832 etsi

22 844 121 878 θήκης
143 846 316 881 ἀμελήσας,
350 850 534 879 ἀπαλλάττει
557 853 615 888 τὴν
641 839 804 892 ποτέ-ὄντος

868 839 996 872 Basilius,
1018 842 1068 869 hac
1097 843 1248 878 deﬁnitione
1277 851 1302 872 et
1339 846 1485 881 adjectione
1516 848 1647 884 neglecta,

22 890 232 923 προσηγορίαν
247 892 325 925 παρὰ
346 892 403 927 τὴν
425 894 576 928 ἀλήθειαν.
598 898 630 924 Τί
653 899 760 935 λέγεις;
785 890 813 929 ’ὁ

21 934 53 959 ἐν
69 933 109 968 τῷ
126 934 214 970 Πατρὶ
228 936 265 962 ὢν
285 939 335 964 οὐκ
362 939 435 970 ἔστι,
455 941 503 968 καὶ
517 943 530 968 ό
545 943 574 969 ὲν
590 944 659 980 ἀρχῇ
675 933 722 977 ὧν,
740 933 787 974 καὶ
800 950 814 975 ὀ

22 979 52 1004 ὲν
66 980 123 1010 τοῖς
139 981 248 1013 κόλποις
267 982 314 1014 ὢν,
331 983 375 1010 διὰ
389 985 466 1012 τοῦτο
479 987 528 1014 οὐκ
542 988 625 1020 ἔστιν,
646 979 687 1017 ὅτι
700 993 728 1018 ἐν
742 993 812 1028 ἀρχῇ

20 1024 97 1056 ἐστι,
116 1026 163 1052 καὶ
187 1027 215 1052 ἐν
232 1027 270 1063 τῷ
292 1029 377 1065 Πατρί
401 1031 475 1064 ἐστι,
498 1034 545 1059 καὶ
569 1035 598 1059 ὲν
624 1037 680 1067 τοῖς
703 1024 813 1070 κόλτὶόὶξ

20 1070 174 1106 καθορᾶται
185 1072 231 1099 τοῦ
244 1073 328 1105 ὄντος,
341 1075 387 1101 καὶ
400 1075 443 1102 διὰ
454 1077 531 1104 τοῦτο
542 1079 643 1114 κυρίως
656 1082 706 1108 οὐκ
720 1082 806 1117 ἐστιν,

19 1115 62 1140 ὅτι
75 1116 104 1141 ἐν
119 1116 157 1150 τῷ
171 1116 226 1143 ὄντι
239 1118 324 1151 tactv;
338 1120 369 1146 Ὢ
382 1121 467 1148 κενῶν
481 1131 509 1148 τε
522 1124 568 1149 καὶ
581 1125 739 1160 παραλόγων
751 1128 812 1163 δογ-

25 1161 121 1194 μάτων
134 1163 140 1188 l
164 1163 212 1189 νῦν
239 1164 353 1200 πρώτως
366 1166 414 1201 τῆς
429 1170 594 1203 κενοφωνίας
607 1172 708 1208 ταύτης
728 1161 810 1208 ἡκου-

21 1215 113 1241 σαμεν
129 1226 138 1239 ,
157 1207 200 1234 ὅτι
217 1210 230 1235 ὁ
245 1210 346 1246 Κύριος
365 1212 399 1238 δι’
420 1210 450 1240 οὗ
464 1215 498 1241 τὰ
518 1216 621 1248 πάντα,
645 1219 746 1254 κυρίως
760 1220 810 1247 οὐκ

19 1250 106 1277 ἔστιν.
130 1252 182 1278 Καὶ
199 1252 275 1280 οὔπω
293 1255 372 1282 τοῦτο
393 1257 486 1290 δεινὸν,
508 1259 565 1286 ἀλλ’
583 1260 622 1287 ἔτι
646 1263 692 1289 κα)¹
715 1263 808 1291 τούτου

20 1296 260 1333 παραλογώτερον,
277 1300 308 1326 τὸ
325 1301 362 1337 μὴ
379 1302 457 1336 μόνον
476 1304 512 1339 μὴ
530 1303 599 1332 εἶναι
615 1307 696 1334 αὑτὸν
710 1307 807 1343 λέγειν,

17 1341 35 1375 ἠ
64 1341 102 1376 μὴ
118 1344 218 1377 κυρίως
233 1343 311 1377 εἶναι,
326 1347 391 1374 ἀλλὰ
403 1349 448 1375 καὶ
466 1351 498 1385 τῇ
516 1351 632 1387 συνοέτῳ
647 1361 677 1379 τε
688 1354 735 1380 καὶ
747 1341 807 1381 itote

18 1387 83 1422 κέλῃ
106 1387 295 1435 ὲνϐεωρείσθαι
317 1391 405 1425 wiser
424 1395 474 1421 οὐκ
489 1395 527 1423 ὢν
546 1397 616 1433 γὰρ,
634 1399 727 1435 φησὶν,
748 1401 809 1428 οὐδὲ

18 1430 123 1462 ἁπλοῦς
140 1431 186 1459 ὢν.
200 1430 235 1469 ᾯ
250 1434 278 1460 δὲ
289 1435 318 1461 τὸ
334 1436 434 1464 ἁπλοῦν
448 1439 478 1466 οὐ
491 1430 629 1475 πρόσεστι,
640 1430 674 1470 ’τό
687 1430 807 1472 ποικίλον

15 1475 142 1510 δηλονότι
165 1484 412 1516 προσμαρτυρεῖται
445 1485 490 1511 καὶ
504 1486 638 1515 σύνθετον.
652 1489 714 1521 Πῶς
731 1488 777 1517 οὖν
792 1491 806 1518 ό

865 890 948 912 mutet
977 888 1044 915 antis
1067 889 1269 923 appellationem
1295 897 1392 925 pru'ter
1412 894 1558 921 veritatem.
1574 895 1646 928 Quid

864 930 951 959 dicis?
967 931 1017 965 Qui
1038 939 1080 961 est
1096 934 1123 961 in
1151 935 1228 963 Patre
1251 944 1305 964 non
1321 941 1380 967 est?
1391 939 1437 973 qui
1465 939 1492 966 in
1509 940 1646 976 principio

864 982 905 1004 est
926 981 952 1005 et
970 978 998 1004 in
1013 977 1102 1008 Patris
1116 980 1232 1014 sinibus,
1259 988 1404 1017 propterea
1431 993 1484 1012 non
1502 989 1555 1019 est,
1580 987 1646 1022 quia

863 1024 890 1050 in
905 1025 1038 1060 principio
1051 1030 1103 1058 est,
1117 1031 1144 1055 et
1156 1028 1183 1055 in
1200 1027 1281 1056 Patre
1296 1033 1349 1062 est,
1364 1035 1391 1058 et
1416 1031 1444 1059 in
1458 1032 1565 1061 sinibus
1585 1034 1646 1069 ejus

862 1070 908 1104 qui
937 1074 977 1097 est
1003 1072 1191 1107 conspicitur?
1210 1079 1353 1110 propterea
1381 1078 1490 1112 proprie
1514 1086 1570 1106 non
1592 1085 1645 1113 est,

861 1116 925 1150 quia
942 1121 983 1144 est
1002 1118 1028 1145 in
1048 1126 1081 1146 eo
1104 1120 1148 1154 qui
1166 1121 1231 1148 est?
1254 1120 1276 1149 0
1292 1130 1362 1150 vana
1384 1123 1529 1160 lutitiaque
1544 1130 1572 1153 et
1596 1127 1646 1155 ab-

861 1162 944 1189 surda
963 1163 1105 1198 dogmata!
1133 1165 1271 1202 Nusquam
1292 1174 1371 1196 antea
1395 1169 1466 1197 hanc
1491 1171 1567 1198 vocis
1585 1171 1646 1199 ina-

861 1207 972 1235 nitatem
991 1209 1048 1236 sive
1064 1211 1293 1247 vaniloquentiam
1312 1214 1486 1243 audivimus:
1505 1220 1577 1252 quod
1591 1218 1645 1244 Do-

859 1253 961 1286 minus,
992 1263 1039 1289 per
1054 1265 1134 1291 quem
1161 1259 1264 1291 omnia,
1283 1261 1392 1295 proprie
1417 1269 1472 1290 non
1500 1267 1549 1291 est.
1587 1263 1644 1292 Nec

861 1298 1018 1327 adhucboc
1029 1309 1112 1335 grave
1136 1307 1198 1335 est,
1222 1303 1270 1332 sed
1299 1305 1367 1333 illud
1393 1306 1475 1335 etiam
1493 1308 1579 1336 multo
1601 1314 1645 1337 est

859 1344 1018 1378 absurdius,
1042 1355 1097 1374 non
1119 1349 1208 1376 solum
1228 1358 1284 1377 non
1297 1358 1358 1378 esse
1376 1351 1464 1386 ipsum
1479 1353 1582 1388 dicere,
1599 1355 1643 1383 vel

859 1398 912 1418 non
934 1393 1044 1427 proprie
1057 1401 1136 1428 esse;
1149 1396 1197 1423 sed
1207 1397 1290 1424 etiam
1305 1398 1333 1424 in
1346 1399 1495 1433 composita
1511 1401 1643 1436 variaque

862 1438 984 1472 conspici
996 1443 1111 1469 natura:
1130 1449 1182 1469 non
1194 1443 1278 1476 enim,
1291 1444 1339 1477 ait,
1355 1452 1413 1478 eus,
1426 1454 1514 1481 neque
1527 1447 1642 1483 simplex

857 1491 917 1512 ens.
937 1484 985 1512 Cui
1006 1490 1097 1524 autem
1118 1488 1281 1523 simplicitas
1303 1498 1358 1518 non
1383 1491 1472 1524 adest,
1501 1494 1575 1528 quod
1599 1488 1643 1522 est

15 1522 100 1553 αὐτὸς
116 1524 162 1549 καὶ
178 1524 227 1550 οὐκ
246 1526 317 1552 ἔστιν
334 1528 403 1560 ὅλως
417 1531 463 1556 καὶ
476 1530 600 1565 σύνθετος
615 1535 684 1562 κατὰ
703 1536 752 1571 τὴν
766 1538 807 1563 οὐ·
820 1528 841 1556 c
861 1529 967 1557 "arium
991 1539 1088 1566 nempe
1105 1534 1276 1567 διίτῖδυίῑυτν
1306 1540 1332 1563 ει
1347 1537 1420 1571 (μίυά
1447 1539 1640 1574 οοτηροείιιιηι-

16 1566 79 1592 οἷαν
96 1568 183 1602 ἐστὶν;
206 1570 264 1606 Χρὴ
280 1572 333 1607 γὰρ
357 1573 410 1599 τῶν
425 1574 471 1601 δύο
486 1576 514 1602 τὸ
531 1577 633 1613 ἕτερον,
651 1579 666 1615 ἢ
692 1566 806 1608 καθόλου

15 1615 297 1650 προσμαρτυροῦντας
319 1619 392 1654 αὐτῷ
411 1620 441 1646 τὸ
456 1621 638 1658 ἀνύπαρκτον,
655 1624 722 1662 μηδὲ
744 1627 805 1653 σύν-

13 1657 98 1684 θετον
113 1659 210 1693 λέγειν,
230 1661 246 1697 ἢ
263 1663 293 1689 τὸ
308 1664 434 1692 σύνθετον
454 1657 750 1708 ἐπικαλοῦντας-αυτῷ,
768 1674 805 1709 μὴ

11 1704 135 1739 ἐξαίρειν
146 1706 192 1732 τοῦ
202 1706 285 1740 ὄντος.
310 1709 378 1736 Ἀλλ’
393 1711 430 1743 ὡς
442 1712 474 1738 ἂν
486 1713 630 1747 πολυειδῶς
642 1725 672 1742 τε
684 1718 731 1744 καὶ
745 1727 805 1745 ποι-

11 1748 98 1780 κίλως
113 1750 212 1783 γίνοιτο
228 1754 292 1788 παρ’
305 1754 394 1781 αὐτῶν
409 1757 428 1791 ἡ
442 1756 617 1794 βλασφημία,
638 1761 703 1788 πᾶσι
723 1763 804 1796 σφάλ-

11 1794 90 1821 λεται
107 1798 162 1828 τοῖς
180 1798 269 1832 ἀθέοις
288 1801 417 1836 νοήμασι’
434 1805 467 1839 τῇ
484 1805 534 1839 μὲν
555 1807 623 1841 πρὸς
641 1807 671 1834 τὸ
693 1808 721 1836 ὃν
743 1794 804 1844 συγ-

11 1841 122 1875 κρίσει,
141 1843 178 1877 μὴ
204 1842 273 1871 εἶναι
299 1847 400 1882 Κύριον
423 1849 554 1884 λέγουσα·
580 1854 613 1888 τῇ
630 1853 658 1879 δὲ
685 1855 752 1890 πρὸς
772 1841 802 1883 si)

10 1888 117 1914 ἁπλοῦν
132 1889 233 1924 σχέσει,
245 1891 367 1929 ἀμοιρεῖν
380 1895 429 1930 τῆς
441 1896 600 1933 ἁπλότητος·
616 1899 665 1926 οὐκ
679 1888 726 1935 ὢν,
741 1902 802 1929 οὐδὲ

8 1932 117 1966 ἁπλῶς,
134 1934 194 1960 οὐδὲ
209 1936 310 1971 κυρίως
331 1937 376 1964 ὧν.
391 1939 438 1971 Τίς
451 1941 504 1967 τῶν
517 1932 745 1978 παραϐεϐηκότων
756 1946 801 1973 τὸν

8 1979 89 2012 λόγον
109 1980 157 2006 καὶ
171 1980 221 2015 τὴν
236 1982 326 2009 πίστιν
345 1984 551 2021 ὲξομοσαμένων
565 1989 690 2017 τοσοῦτον
709 1991 800 2018 ἐνεδα-

8 2025 158 2059 ψιλεύσατο
174 2028 234 2059 ταῖς
244 2029 399 2065 ὰρνητικαῖς
416 2032 462 2059 τοῦ
478 2033 580 2069 Κυρίου
600 2037 719 2071 φωναῖςς
739 2038 798 2065 Ἀν-

8 2070 206 2108 τεφιλοτιμήθη
236 2073 275 2108 τῷ
307 2074 372 2110 Θείῳ
402 2077 450 2103 τοῦ
481 2079 602 2106 Ἰωάννου
630 2083 796 2118 κηρύγματι.

11 2117 128 2148 Ὁσάκις
139 2118 194 2153 γὰρ
200 2119 308 2165 ἐκεῖνος
318 2121 348 2147 τὸ
360 2119 399 2156 ἦν
406 2122 444 2157 τῷ
451 2123 530 2159 Λόγῳ
541 2128 715 2163 προσεμαρτύ
720 2117 796 2165 ρησε,

8 2162 173 2193 τοσαυτάκις
187 2158 263 2194 οὗτος
279 2164 427 2193 ἀντιθεῖναι
442 2167 472 2193 τὸ
486 2170 541 2195 οὐκ
556 2168 596 2205 ἦν
611 2171 648 2207 τῷ
664 2172 720 2200 ὄντι
736 2175 796 2208 ἐφι-

8 2209 160 2245 λονείκησε.
180 2211 234 2237 Καὶ
249 2211 288 2247 τῷ
303 2213 372 2249 ἁγίῳ
392 2214 503 2249 στόματι
521 2216 567 2242 τοῦ
591 2217 697 2254 Πατρὸς
717 2221 795 2255 ἡμῶν

8 2254 171 2290 Ξιαμάχεται
191 2256 277 2283 ταῦτα
298 2259 442 2295 προφέρων
463 2261 523 2287 κατ’
539 2262 619 2289 αὑτοῦ
641 2263 675 2290 τὰ
698 2254 796 2301 ἐγκλή-

8 2309 79 2335 ματα
93 2311 98 2316 ·
115 2301 157 2327 ὅτι
183 2302 279 2337 ἀμελεῖ
297 2304 352 2330 τῶν
365 2304 512 2341 διορισμῶν
526 2307 628 2334 τούτων
646 2309 793 2344 Βασίλειος,

8 2347 69 2374 ivra
85 2347 174 2381 λέγων
185 2348 230 2374 τὸν
242 2350 271 2375 ὲν
285 2349 322 2384 τῷ
342 2351 439 2383 [Ia-tot,
458 2353 504 2378 καὶ
519 2353 548 2379 ὲν
562 2355 595 2389 τῇ
610 2355 692 2390 ἀρχῇ,
707 2357 754 2383 καὶ
766 2359 795 2384 ὲν

8 2394 58 2424 ποῖς
74 2393 187 2425 κόλποις
201 2394 276 2427 ὄντα,
290 2395 327 2426 ὡς
340 2396 389 2430 τῆς
413 2398 538 2433 τοιαύτης
559 2400 730 2435 προσθέσεως
745 2403 793 2438 τῆς

8 2440 75 2466 ιατὰ
91 2439 143 2474 τὴν
154 2439 240 2475 ἀρχὴν
252 2442 298 2467 καὶ
308 2442 352 2468 τὸν
364 2442 472 2476 κόλπον,
487 2448 737 2484 παραγραφομένης
746 2450 792 2476 τοῦ

8 2483 78 2515 iui-.0;
95 2484 146 2519 τὴν
161 2484 285 2520 ὓπαρξιν.
304 2486 335 2512 Ὢ
358 2487 443 2514 κενῶν
462 2489 644 2524 μαθημάτωνῐ
665 2489 709 2520 οἷα
731 2503 793 2521 παι-

8 2529 126 2555 ἱεύουσιν
148 2530 172 2555 οἱ
192 2530 333 2557 παιδευταὶ
351 2532 399 2567 τῆς
422 2532 547 2568 ἀπάτηςί
563 2535 626 2561 οἴων
650 2536 790 2572 δογμάτων

13 2575 147 2609 ἰσηγηταὶ
165 2576 220 2607 τοῖς
242 2576 368 2603 ἀκούουσι
385 2577 519 2612 γίνονταιι
541 2581 572 2606 τὸ
587 2581 615 2607 ἐν
628 2590 681 2608 τινι
702 2582 732 2609 ὂν
753 2584 790 2620 μὴ

10 2618 69 2646 {vett
92 2620 274 2649 διδάσκουσιν.
294 2623 407 2654 Οὐκοῦν,
429 2624 520 2660 ἐπειδὴ
543 2626 617 2658 ἐντός
639 2627 684 2654 σού
705 2629 788 2661 ἐστιν,

8 2666 130 2700 Ξὺνὸμιε,
144 2668 160 2701 ή
173 2667 271 2702 καρδία
283 2668 330 2695 καὶ
341 2670 355 2695 ό
369 2669 527 2703 ἐγκέφαλος,
538 2671 649 2699 οὐκέστι
663 2674 733 2701 κατὰ
744 2674 790 2702 τὸν

8 2712 42 2739 ηδν
66 2713 208 2748 διορισμδν
231 2713 332 2740 τούτων
355 2715 492 2751 ἑκάτερον.
517 2717 549 2743 Et
569 2717 622 2753 γὰρ
647 2719 691 2745 διὰ
711 2719 789 2747 τοῦτο

8 2759 104 2793 ιυριως
123 2759 137 2784 ό
158 2759 304 2794 μονογενὴς
319 2759 384 2792 Geo;
397 2761 446 2788 οὐκ
458 2761 532 2794 ἔστι,
549 2762 615 2789 διότι
629 2765 658 2790 ἐν
673 2766 728 2796 τοῖς
741 2765 787 2792 τοῦ

8 2804 105 2840 ἰατρός
126 2804 185 2830 ἐστι
207 2805 332 2837 κόλποις,
352 2807 404 2832 πᾶν
421 2807 450 2833 τὸ
472 2807 500 2834 ἐν
521 2817 573 2834 τινι
589 2808 618 2835 ὃν
653 2810 698 2836 τοῦ
719 2809 786 2838 εἶναι

162 2851 295 2881 Ρλτιιοι.
320 2852 377 2882 (in.
404 2853 428 2882 Χ
438 2853 495 2885 LV.

857 1574 999 1607 Quomodo
1014 1576 1097 1612 igitur
1110 1578 1182 1606 idem
1200 1584 1227 1608 et
1244 1588 1298 1608 non
1313 1588 1355 1609 est
1374 1584 1498 1617 omnino,
1517 1589 1545 1612 et
1566 1593 1642 1613 com-

858 1618 976 1653 positum
993 1622 1144 1650 secundum
1164 1625 1311 1653 essentiam
1330 1627 1389 1654 est?
1401 1628 1498 1656 borum
1521 1629 1640 1658 duorum

856 1665 970 1693 alterum
986 1672 1102 1702 oportet,
1128 1669 1170 1697 vel
1193 1672 1306 1700 omnino
1325 1673 1350 1700 ei
1366 1674 1540 1710 assignantes
1566 1678 1640 1711 quod

856 1717 910 1737 non
929 1711 1047 1744 exsistit,
1063 1722 1152 1749 neque
1170 1718 1351 1752 compositum
1370 1719 1473 1754 dicere,
1495 1722 1538 1748 vel
1562 1729 1640 1749 com-

855 1755 972 1788 positum
992 1757 1019 1784 in
1034 1758 1092 1792 ipso
1105 1765 1245 1794 vocantes,
1263 1770 1316 1790 non
1339 1764 1459 1792 eximere
1473 1773 1505 1793 ex
1519 1774 1552 1794 eo
1565 1767 1638 1801 quod

853 1804 905 1827 cst.
923 1799 976 1828 Sed
988 1807 1016 1828 ut
1029 1803 1236 1834 multiformiter
1250 1811 1276 1834 et
1288 1808 1363 1836 varie
1379 1809 1413 1836 ab
1423 1810 1490 1844 ipsis
1507 1811 1553 1837 ﬁat
1567 1799 1639 1839 blasv

854 1844 969 1879 phemia,
991 1848 1120 1877 omnibus
1143 1850 1328 1880 hallucinatur
1349 1854 1439 1889 impiis
1465 1857 1634 1885 nationibus.

853 1890 918 1919 Nam
929 1893 961 1920 ad
975 1902 1025 1922 ens
1037 1898 1241 1931 comparatione
1253 1898 1333 1931 facta.
1345 1908 1399 1928 non
1415 1909 1476 1929 esse
1490 1902 1634 1931 Dominum

851 1936 937 1965 dicit:
952 1942 979 1964 et
1004 1940 1135 1968 relatione
1149 1949 1211 1969 cum
1226 1950 1258 1970 eo
1273 1944 1346 1978 quod
1369 1946 1485 1980 simplex
1498 1951 1550 1979 est,
1570 1955 1633 1975 eum

851 1984 1027 2019 simplicitate
1056 1988 1145 2022 privat
1174 1994 1202 2017 et
1217 1990 1353 2019 destituit.
1369 1991 1429 2020 Non
1444 2002 1505 2027 ens,
1531 1995 1632 2030 inquit.

851 2037 937 2063 neque
949 2031 1110 2066 simpliciter
1122 2053 1130 2066 ,
1147 2042 1235 2071 neque
1251 2038 1361 2072 proprie
1373 2046 1431 2066 ens.
1446 2038 1513 2071 Quis
1535 2047 1631 2068 eorum

849 2077 895 2109 qui
911 2084 1066 2106 sermonem
1080 2081 1244 2116 transgressi
1260 2087 1324 2109 sunt
1341 2087 1368 2110 et
1384 2083 1464 2111 [idem
1476 2085 1630 2120 ejurarunt,

849 2126 902 2148 tam
917 2122 1008 2158 largus
1018 2128 1060 2151 est
1070 2129 1096 2152 et
1109 2125 1231 2154 liberalis
1244 2127 1272 2154 in
1289 2128 1488 2163 profundendis
1502 2131 1631 2165 vocibus,

850 2168 949 2201 quibus
969 2169 1100 2199 Dominus
1123 2175 1260 2208 negatur?
1284 2174 1437 2203 Ambitiosa
1454 2177 1631 2206 contentione

848 2222 882 2240 ex
895 2215 1011 2243 adverso
1023 2223 1155 2253 repugnat
1185 2219 1230 2247 hic
1245 2220 1337 2248 divino
1350 2220 1465 2250 Joannis
1480 2224 1629 2257 praeconio.

848 2258 960 2292 Quoties
971 2262 1043 2290 enim
1053 2264 1236 2301 illequoderat
1256 2264 1346 2295 Verbo
1354 2268 1571 2303 attribuit,toties
1587 2270 1630 2297 hic

847 2312 983 2340 opponere
991 2316 1041 2335 non
1053 2313 1109 2335 erat
1123 2309 1146 2336 ei
1154 2309 1258 2344 quiest,
1268 2312 1443 2346 pertinaciter
1450 2314 1568 2343 obnixus
1576 2321 1614 2343 est
1621 2335 1629 2343 .

846 2350 924 2378 Etori
932 2358 1027 2380 sancto
1033 2352 1120 2381 Patris
1129 2355 1216 2382 nostri
1224 2358 1420 2392 repugnatlimc
1428 2360 1558 2388 adversus
1567 2368 1628 2388 eum

845 2399 987 2433 proferens
996 2401 1129 2429 crimina:
1148 2403 1220 2436 quod
1238 2404 1365 2432 nimirum
1380 2404 1497 2434 Basilius
1507 2406 1557 2434 has
1566 2407 1628 2434 deli-

844 2446 962 2473 nitiones
978 2447 1099 2482 negligit,
1117 2448 1211 2476 dicens
1224 2457 1285 2476 eum
1298 2458 1359 2478 esse
1372 2451 1469 2486 quiest
1486 2453 1513 2479 in
1529 2452 1622 2485 Pull't),

843 2496 870 2519 et
890 2491 916 2518 in
931 2493 1066 2528 principio
1086 2497 1113 2521 ct
1129 2494 1156 2522 in
1171 2495 1286 2529 sinibus,
1309 2497 1387 2532 quasi
1408 2498 1536 2526 nimirum
1551 2500 1627 2533 ejus-

845 2538 915 2565 modi
933 2538 1045 2571 additio,
1070 2540 1096 2567 in
1112 2541 1258 2576 principio,
1278 2547 1305 2570 et
1326 2544 1352 2570 in
1369 2544 1441 2576 sinu,
1467 2546 1625 2580 praescribat

841 2593 874 2613 ac
889 2585 998 2612 deﬁniat
1024 2587 1084 2621 ejus
1103 2588 1149 2622 qui
1173 2592 1215 2615 est
1232 2591 1429 2618 exsisteutiam.
1446 2591 1468 2619 0
1489 2592 1579 2618 inania
1598 2595 1625 2618 et

842 2632 955 2666 nugacia
971 2632 1149 2661 documenta!
1172 2635 1262 2670 qualia
1276 2637 1434 2672 praecipiunt
1449 2637 1550 2664 erroris
1565 2645 1619 2664 ma~

841 2677 934 2710 gistril
962 2678 1083 2712 qualium
1112 2679 1283 2708 decretorum
1310 2685 1436 2709 auctores
1454 2682 1622 2709 auditoribus

841 2719 925 2748 ﬁunt!
954 2723 1026 2757 quod
1043 2723 1070 2750 in
1090 2724 1180 2759 aliquo
1194 2728 1246 2757 est,
1269 2732 1322 2752 non
1338 2733 1399 2752 esse
1414 2725 1521 2753 docent.
1541 2725 1621 2762 Ergo,

839 2768 965 2801 quoniam
982 2768 1052 2796 intra
1066 2773 1102 2802 te,
1127 2777 1144 2797 ο
1156 2770 1280 2803 Eunomi,
1299 2775 1339 2798 est
1354 2778 1402 2797 cor
1418 2776 1445 2798 et
1468 2771 1621 2804 cerebrum.

838 2813 987 2841 secundum
1001 2819 1072 2842 luam
1081 2815 1292 2850 distinctionem,
1302 2817 1397 2844 horum
1410 2822 1555 2853 utrumque
1565 2825 1618 2845 non
