1923 3071
265 130 317 158 845

879 126 907 153 S.
928 125 1092 154 GllEGORlI
1113 126 1257 154 NYSSENI
1855 127 1899 155 Sil

267 192 320 216 est.
340 188 368 216 Si
387 186 458 213 enim
471 185 505 211 ob
521 193 579 211 eam
597 192 708 213 causam
736 185 891 220 unigenitus
906 184 977 212 Detts
991 192 1053 220 pro—
1068 210 1070 214 λ

1122 186 1212 217 ξάντως
1230 185 1368 222 ἐξῄρηται.
1393 186 1472 213 Ἀλλὰ
1488 186 1541 221 μὴν
1555 186 1582 211 ὲν
1599 185 1640 211 σοὶ
1658 185 1674 220 ἠ
1688 184 1793 220 καρδία
1809 186 1859 211 ut
1876 186 1899 211 οξ

270 234 327 268 prie
343 240 396 259 non
413 236 463 263 est,
491 231 553 265 quia
572 231 597 257 in
615 230 704 258 Patris
723 234 765 257 est
789 229 905 262 sinibus,
921 229 1054 264 quidquid

269 284 311 307 est
324 279 351 306 in
366 278 466 313 aliquo,
482 277 603 304 funditus
617 284 632 304 e
646 284 736 304 rerum
748 279 846 302 natura
857 275 991 303 sublatum
1002 281 1053 303 est.

270 325 352 360 Atqui
369 325 396 351 in
417 329 442 352 te
458 331 505 351 cor
520 328 563 351 est
579 327 606 350 et
625 330 679 350 non
694 330 741 357 per
753 330 792 355 se,
813 322 895 357 igitur
905 321 1055 349 secundum

270 375 344 397 tuam
368 371 501 397 rationem
516 369 557 396 vel
580 368 692 396 omnino
707 368 851 396 dicendum
867 371 909 396 est
926 375 979 395 non
996 375 1057 395 esse

271 417 372 451 ipsum,
393 415 436 443 vel
460 423 514 442 non
534 415 642 450 proprie
664 421 734 442 esse.
755 413 807 440 Sed
827 413 898 448 quod
917 413 1057 440 indoctunt

235 458 241 461 ⁷
271 467 299 490 et
310 462 510 497 hlasphemum,
529 461 554 488 id
569 465 611 489 est
627 461 708 496 impie
723 465 749 488 et
764 460 895 487 scelerate
909 458 1056 494 prolatum,

272 510 299 537 in
313 509 372 544 ejus
389 507 470 536 dictis
489 512 594 534 tantum
609 511 650 535 est
668 510 695 534 et
709 507 773 540 tale,
787 509 816 533 ut
831 506 913 533 etiam
929 509 993 533 ante
1009 511 1059 532 no-

273 559 345 582 stros
368 561 510 582 sermones
529 558 619 581 mente
635 553 756 589 praeditis
782 553 818 579 sit
841 551 1014 587 perspicuum
1033 555 1060 577 et

274 601 467 634 manifestum;
496 604 524 628 ιιι
540 604 629 628 autem
654 599 741 635 magis
756 599 816 634 ejus
835 606 897 625 cum
921 597 1059 632 impietate

273 648 420 682 conjuncta
437 647 571 674 dementia
594 647 759 677 innotescat,
787 645 838 671 hoc
865 644 898 671 iis
913 651 974 679 qua:
998 646 1061 670 ante

274 694 393 722 diximus
415 693 575 728 adjiciamus
593 699 598 717 :
613 692 640 719 Si
667 692 755 719 soltttu
780 690 889 726 proprie
910 697 972 717 esse
998 689 1060 717 licet

276 741 376 773 dicere,
393 741 436 767 cui
451 740 598 774 Scriptura
617 746 707 766 sermo
732 737 886 765 absolutum
905 741 931 764 et
948 736 1060 763 liberum

276 786 400 813 attribuit
416 793 486 816 esse.
504 784 681 820 quamobrem
704 783 786 810 veluti
809 782 914 818 aquarii
933 781 1061 808 habentes

277 836 436 868 potestatem
450 830 568 862 bibendi,
585 830 630 857 siti
646 828 814 856 enecantttr?
831 832 858 855 et
870 828 913 854 hic
927 827 954 853 in
973 834 1063 861 prom—

277 884 323 913 ptu
347 878 450 905 habens
475 876 605 904 adversus
619 875 814 910 blasphemiam
834 874 860 900 in
881 873 979 900 Filium
996 880 1064 907 pne--

277 928 434 951 st-ntaueunt
451 921 611 953 remedium,-
622 920 772 948 connivens
782 918 979 954 prmtercurrit,
992 918 1065 944 velut

278 969 381 998 servari
412 972 546 995 metuens.
575 966 606 993 lit
626 966 754 993 Basilium
782 965 854 1000 turpi
881 965 949 991 fama
974 963 1064 991 ditTert

277 1016 350 1050 quod
362 1014 555 1042 distinctiones
564 1012 672 1040 silentio
682 1012 781 1039 tacitus
793 1010 961 1046 praeteriens,
977 1009 1064 1037 solum

278 1064 304 1090 in
321 1070 351 1090 se
368 1062 427 1097 ipso
446 1060 558 1088 verbum
583 1064 639 1086 erat
656 1059 683 1085 in
698 1057 843 1092 Uuigenito
865 1056 1001 1092 exposuit.
1017 1055 1065 1082 At-

278 1110 324 1146 qui
341 1111 460 1144 poterat,
485 1114 545 1142 quae
567 1106 612 1133 ille
636 1105 713 1136 vidit,
737 1108 765 1132 et
788 1110 882 1131 eorum
898 1102 944 1137 qui
965 1101 1067 1128 habent

279 1155 375 1184 oculos
407 1154 597 1188 unusquisque
624 1151 709 1183 videt,
737 1154 764 1178 et
789 1149 835 1177 hic
858 1149 939 1176 etiam
964 1147 1065 1175 videre.

280 1200 358 1235 Quod
374 1201 439 1228 mihi
457 1199 562 1227 videtur
577 1197 669 1225 divino
695 1196 827 1224 instinctu
843 1194 988 1229 aﬂlatuque
1001 1201 1068 1221 eon-

279 1249 380 1276 eitatus
399 1246 526 1275 excelsus
539 1244 671 1276 Joannes,
690 1248 721 1271 ut
739 1249 786 1270 ora
800 1249 896 1269 eorum
918 1241 966 1277 qui
985 1239 1067 1268 Chri-

281 1299 353 1322 stum
378 1295 537 1328 oppugnant
560 1291 727 1322 Obstrueret,
754 1287 856 1323 quique
882 1290 994 1322 propter
1017 1285 1068 1313 has

281 1338 464 1369 accessiones,
479 1336 580 1364 Christi
592 1342 684 1363 verum
695 1341 757 1363 esse
767 1337 794 1362 et
804 1331 945 1368 proprium
959 1330 1068 1358 irritum

283 1386 372 1414 facere
387 1388 567 1416 conarentur,
585 1381 758 1417 simpliciter,
781 1380 920 1410 absolute.
937 1381 964 1406 et
986 1377 1069 1405 inter-

282 1431 384 1457 tninate
401 1429 513 1460 dixisse,
530 1427 600 1455 Deus
614 1430 673 1454 erat
693 1425 811 1454 Verbum
823 1445 829 1457 ,
843 1429 870 1452 et
887 1424 942 1451 vita
957 1427 1026 1455 erat,
1043 1427 1070 1450 et

283 1477 327 1504 lux
343 1479 412 1508 erat,
428 1478 454 1502 et
469 1481 522 1501 non
537 1473 625 1501 solum
641 1472 689 1507 qui
702 1475 743 1501 est
758 1471 785 1498 in
800 1469 943 1505 principio,
960 1472 987 1496 et
998 1467 1069 1503 apud

1106 231 1166 258 καθ’
1185 231 1285 267 ἑαυτήν
1299 233 1380 258 ἐστιν.
1401 232 1470 266 Ἀρα
1487 231 1557 258 κατὰ
1569 230 1613 256 τὸν
1635 230 1680 256 σὺν
1690 229 1774 259 λόγον
1797 229 1816 263 ἦ
1842 230 1900 254 n6-

1106 279 1166 305 όλου
1189 279 1240 314 χρὴ
1263 278 1299 314 μὴ
1314 276 1380 305 εἶναι
1394 277 1484 312 λέγειν
1498 277 1592 312 αὐτὴν,
1607 277 1623 311 ἢ
1647 276 1684 312 μὴ
1698 280 1810 311 κυρίως
1827 275 1898 303 εἶναι.

1113 324 1192 351 Ἀλλὰ
1215 324 1246 351 τὸ
1269 324 1318 358 μὲν
1337 324 1499 350 ἀπαίδευτον
1521 325 1550 349 ὲν
1571 324 1627 354 τοῖς
1649 321 1816 357 εἰρημένοις
1841 325 1899 356 παρ’

1107 371 1189 398 αὑτοῦ
1207 370 1253 397 καὶ
1272 371 1303 396 τὸ
1315 370 1483 405 βλάσφημον,
1505 368 1630 395 τοσοῦτόν
1648 376 1678 394 τε
1695 368 1745 394 καὶ
1767 366 1899 396 τῡιῦῧῒοη,

1108 418 1146 450 ὼς
1166 418 1212 444 καὶ
1233 418 1286 453 πρὸ
1307 418 1360 445 τῶν
1379 418 1520 453 ἡμετέρων
1540 416 1626 451 λόγων
1649 416 1817 450 καταφανὲς
1838 414 1900 441 εἶναι

1108 464 1163 494 τοῖς
1179 462 1240 490 νοῦν
1261 462 1378 498 ἔχουσιν·
1393 462 1431 494 ὼς
1449 463 1471 489 δ’
1495 462 1528 490 ἂν
1549 462 1648 497 μᾶλλον
1667 461 1802 496 Extat)»;
1825 460 1900 486 αὐτώ

1109 508 1213 542 γένοιτο
1227 509 1295 544 μετὰ
1308 509 1357 544 τῆς
1371 509 1497 540 ἀσεϐείας
1507 509 1524 544 ἡ
1541 508 1628 540 ἄνοια,
1641 507 1722 534 τοῦτο
1736 507 1797 537 τοῖς
1814 515 1901 541 προει-

1112 554 1238 589 ρημένοις
1259 554 1463 590 προσθήσομενι
1477 554 1506 580 Ei
1528 554 1606 588 μόνον
1628 554 1685 580 ἔστι
1704 552 1818 587 κυρίως
1841 549 1902 577 sive;

1110 600 1207 634 λέγειν,
1223 597 1244 634 ᾧ
1261 600 1310 635 τῆς
1325 599 1436 635 Γραφῆς
1453 600 1466 626 ὁ
1483 599 1560 634 λόγος
1580 598 1787 633 ἀπολελυμένον
1812 606 1843 623 τε
1865 599 1902 623 1:1".

1112 646 1223 681 ἄσχετον
1239 647 1372 681 μαρτυρεῖ
1390 647 1419 672 τὸ
1436 643 1503 672 εἶναι
1515 666 1522 678 ,
1538 644 1582 671 διὰ
1602 644 1629 670 τί
1646 644 1779 678 καθάπερ
1795 644 1823 669 οἱ
1836 643 1903 677 ὐδρο-

1112 692 1257 728 φοροῦντες
1274 693 1302 719 ὲν
1324 692 1432 728 ἐξουσίᾳ
1447 691 1492 718 τοῦ
1512 693 1583 717 πιεῖν
1600 692 1633 726 τῇ
1647 690 1712 727 δίψῃ
1731 690 1902 724 φθείροντπις

1113 739 1166 765 Καὶ
1180 736 1255 770 οὗτος
1267 738 1409 774 πρόχειρον
1424 738 1492 774 ἔχων
1501 738 1548 772 τῆς
1562 737 1631 764 κατὰ
1645 736 1691 762 τοῦ
1705 735 1777 763 Υἰοῦ

1115 784 1177 819 μίας
1188 784 1219 811 τὸ
1230 784 1445 820 ἀντιφάρμακον,
1457 782 1593 818 ὲπιμύσας
1605 781 1804 816 παρέδραμεν,
1820 780 1902 814 ὥσπερ

1114 831 1143 857 τὸ
1161 830 1279 865 σωθῆναι
1299 830 1474 866 φοϐούμενος.
1490 830 1544 856 Καὶ
1560 828 1662 855 ἀδικεῖν
1680 827 1811 854 αἰτιᾶται
1835 825 1903 852 Βασί-

1115 876 1195 908 λειον,
1210 877 1250 903 ὅτι
1265 877 1328 908 τοὺς
1343 875 1568 911 προσδιορισμοὺς
1582 874 1726 909 σιωπήσας
1736 893 1744 904 ,
1769 871 1855 907 μόνον
1873 872 1903 905 ἐᾷ’

1116 920 1210 949 ἑαυτοῦ
1224 920 1254 947 τὸ
1266 919 1304 955 ἦν
1318 920 1363 947 ἐπὶ
1378 919 1424 947 τοῦ
1438 918 1603 954 Μονογενοῦς
1630 918 1801 953 διηγήσατο.
1820 916 1904 943 Καίτοι

1116 975 1147 1001 γε
1159 966 1270 993 δυνατὸν
1280 964 1323 1001 ἦν,
1336 965 1353 993 ἂ
1364 966 1465 997 ἐκεῖνος
1476 963 1540 996 οἵδε,
1552 965 1599 991 λαὶ
1610 965 1732 994 ἕκαστος
1745 963 1807 988 τῶν
1820 961 1904 995 k641-

1119 1012 1186 1048 μοὺς
1209 1012 1324 1047 ἐχόντων
1350 1012 1411 1048 ὁρᾷ,
1437 1011 1484 1038 καὶ
1503 1011 1597 1037 τοῦτον
1611 1010 1685 1036 ἰδεῖν.
1709 1009 1746 1035 Ὅ
1776 1017 1827 1043 μοι
1847 1007 1905 1034 δοσιιὲ
1922 1029 1923 1035 η

1119 1058 1293 1094 προφητικῶς
1303 1057 1422 1093 κινηθεὶς
1436 1057 1450 1083 ὁ
1464 1056 1563 1092 ὑψηλὸς
1583 1055 1712 1089 Ἰωάννης
1725 1074 1733 1086 ,
1756 1054 1801 1085 ὡς
1821 1054 1852 1080 ἂν
1869 1054 1904 1087 ἐμ-

1118 1104 1236 1141 φραγείη
1253 1104 1287 1131 τὰ
1305 1103 1428 1139 στόματα
1444 1103 1497 1129 τῶν
1517 1100 1781 1138 χριστομαχούντων
1803 1100 1850 1126 διὰ
1869 1100 1904 1128 si;

1120 1150 1275 1186 προσθήκας
1292 1149 1392 1180 ταύτας
1411 1147 1577 1175 ἀθετούντων
1592 1146 1638 1173 τοῦ
1663 1145 1795 1180 Χριστοῦ
1818 1145 1849 1171 τὸ
1867 1153 1904 1170 κυ-

1121 1197 1184 1233 ρίως
1206 1194 1274 1222 εἶναι
1285 1215 1292 1227 ,
1309 1195 1401 1226 ἁπλῶς
1417 1194 1463 1220 καὶ
1487 1193 1644 1228 ἀδιορίστως
1662 1192 1769 1223 εἰπεῖν,
1793 1191 1838 1217 ὅτι
1854 1189 1906 1220 Θεὸς

1119 1241 1151 1278 ἦν
1165 1245 1179 1270 ὁ
1190 1243 1285 1276 Λόγος,
1302 1242 1349 1269 καὶ¹
1361 1241 1417 1276 ζωὴ
1427 1239 1470 1276 ἦν,
1483 1239 1531 1266 καὶ
1542 1238 1598 1273 φῶς
1609 1235 1654 1273 ἦν,
1671 1237 1702 1264 οὐ
1719 1238 1779 1272 μὴν
1795 1238 1826 1263 ὲν
1836 1236 1905 1271 ἀρχῇ,

1120 1289 1167 1316 καὶ
1182 1289 1249 1324 πρὸς
1263 1289 1309 1314 τὸν
1322 1287 1397 1320 Θεὸν,
1422 1286 1468 1314 καὶ
1485 1288 1514 1314 ὲν
1532 1286 1640 1316 κόλποις
1661 1283 1712 1310 τοῦ
1740 1283 1853 1318 [ἰατρὸς
1867 1281 1902 1308 ὧν

1120 1334 1188 1360 ὥστε
1205 1333 1248 1360 διὰ
1264 1333 1313 1368 τῆς
1329 1331 1454 1367 τοιαύτης
1466 1331 1583 1366 σχέσεως
1597 1328 1776 1364 ἀναιρεῖσθαι
1794 1326 1842 1353 τοῦ
1860 1327 1905 1352 Κι-

1122 1372 1179 1414 ρίου
1199 1379 1229 1406 τὸ
1247 1378 1349 1414 κυρίως
1370 1376 1450 1404 εἶναι·
1469 1376 1535 1403 ἀλλὰ
1560 1376 1588 1402 τὸ
1606 1376 1693 1402 εἰπεῖν
1718 1375 1762 1401 ὅτι
1787 1373 1853 1404 Θεὸς
1870 1370 1904 1407 ἦν,

1120 1425 1152 1460 τῇ
1169 1424 1275 1459 ἀσχέτῳ
1293 1423 1378 1459 ταύτῃ
1400 1423 1447 1450 καὶ
1467 1421 1593 1457 ἀπολύτῳ
1611 1421 1707 1456 φωνῇ,
1724 1421 1822 1447 πᾶσαν
1843 1427 1907 1452 περι-

1120 1469 1221 1505 δρομὴν
1239 1468 1292 1496 τῶν
1311 1469 1351 1499 εἰς
1368 1468 1494 1495 ἀσέὸειαν
1516 1466 1668 1502 τρεχόντων
1691 1466 1752 1496 τοῖς
1777 1463 1907 1498 λογισμοξς

285 1521 380 1552 Deum,
394 1524 421 1548 et
439 1520 465 1547 in
487 1518 593 1546 sinibus
608 1518 697 1545 Patris
713 1526 720 1543 :
739 1517 776 1544 ita
792 1520 820 1543 ut
835 1523 883 1550 per
897 1515 979 1542 talem
997 1514 1069 1542 rela-

1122 1513 1311 1548 ὐποτέμνεται.
1326 1513 1379 1539 Και
1393 1513 1433 1538 ἔτι
1448 1512 1515 1547 πρὸς
1527 1510 1652 1542 τούτοιςὸ
1667 1510 1718 1537 καὶ
1728 1510 1833 1545 μᾶλλον
1844 1508 1906 1539 €1.17-

285 1566 385 1592 tionem
410 1564 518 1599 proprie
541 1570 602 1590 esse
623 1561 731 1589 Domini
750 1559 942 1588 tollaturrsed
955 1559 1071 1586 dicendo

286 1610 359 1645 quod
382 1609 454 1636 Deus
470 1613 538 1641 erat,
556 1608 607 1635 hac
629 1608 714 1635 libera
731 1610 758 1635 et
778 1606 866 1633 soluta
882 1612 948 1633 voce
963 1612 1071 1632 omnem

287 1655 430 1683 circuitum
450 1654 483 1681 ad
500 1654 664 1688 impietatem
680 1651 847 1680 currentium
861 1650 1072 1686 cogitationibus

288 1699 436 1729 intercidit.
454 1699 589 1728 Praeterea
602 1699 674 1734 quod
695 1698 776 1726 etiam
799 1697 886 1733 magis
902 1696 1073 1724 adversario-

289 1754 349 1773 rum
365 1745 559 1780 malignitatem
584 1743 682 1772 refellit
697 1750 702 1768 :
719 1743 742 1769 si
764 1742 836 1770 enim
863 1741 889 1768 in
906 1740 997 1775 aliquo
1013 1747 1074 1767 esse

290 1795 479 1827 argumentum
499 1790 611 1821 faciunt,
629 1788 701 1824 quod
718 1795 772 1815 non
790 1787 826 1816 sit
842 1786 963 1822 proprie,
985 1793 1074 1820 neque

289 1837 397 1865 Patrem
427 1836 537 1872 proprie
567 1842 629 1862 esse
655 1833 766 1861 omnino
790 1832 955 1860 confitentur
978 1831 1026 1866 qui
1046 1830 1075 1858 in

291 1883 435 1918 Erangelio
449 1882 610 1912 didicerunt,
625 1879 696 1915 quod
709 1878 938 1914 quemadmodum
953 1877 1037 1904 Filius
1047 1877 1074 1904 in

290 1929 382 1961 Patre,
403 1929 443 1956 sic
457 1933 484 1955 et
497 1927 577 1954 Pater
598 1927 624 1953 in
644 1925 713 1953 Filio
728 1929 830 1956 manet,
848 1923 999 1952 secundum
1023 1923 1076 1950 Do-

292 1975 358 2002 mini
367 1983 472 2003 rocem.
488 1973 606 2008 [Equale
619 1976 661 2000 est
672 1972 744 1999 cnint
759 1970 784 1997 itt
800 1970 905 1998 sinibus
916 1967 1005 1996 Patris
1016 1976 1077 1996 esse

292 2022 401 2053 Filium,
415 2024 442 2048 et
457 2021 482 2047 in
500 2018 570 2046 Filio
584 2018 690 2045 Patrem
703 2024 763 2044 esse
775 2016 876 2043 dicere.
888 2014 983 2043 Obiter
996 2014 1077 2041 etiam

293 2068 343 2094 hoc
357 2066 545 2094 examinentus
561 2063 703 2097 :Quando,
732 2065 760 2089 ut
784 2061 921 2096 inquiunt,
946 2067 999 2086 non
1020 2062 1078 2086 erat

293 2111 389 2143 Filius,
410 2110 474 2146 quid
489 2109 645 2137 continebat
660 2107 750 2134 Patris
765 2106 863 2134 sinus?
878 2105 994 2132 Prorsus
1005 2105 1078 2131 ettittt

294 2157 452 2192 \elplenum
464 2155 568 2182 dabunt
582 2155 670 2189 ipsum
685 2153 781 2184 fuisse,
796 2152 837 2179 vel
847 2152 955 2179 inanem
966 2155 1077 2187 ponent.

1123 1569 1164 1596 χει
1187 1560 1237 1595 τὴν
1260 1559 1314 1586 τῶν
1336 1557 1530 1593 ἀντικειμένων
1547 1556 1691 1583 κακόνοιαν
1705 1561 1712 1568 '
1731 1555 1756 1581 εἰ
1774 1554 1830 1589 γὰρ
1844 1553 1872 1579 τὸ
1886 1553 1906 1577 ἐῖ

1123 1614 1175 1633 τινι
1197 1603 1266 1632 εἶναι
1288 1606 1399 1640 σημεῖον
1421 1603 1560 1630 ποιοῦνται
1576 1602 1622 1629 τοῦ
1642 1601 1679 1636 μὴ
1697 1601 1807 1636 κυρίως
1827 1597 1904 1626 εἶναι.

1123 1651 1184 1678 οὐδὲ
1200 1651 1246 1678 τὸν
1262 1650 1371 1686 Πατέρα
1393 1649 1493 1685 κυρίως
1513 1647 1582 1676 εἶναι
1599 1647 1708 1686 ειάντως
1727 1646 1905 1673 συντίθεντει.

1126 1696 1314 1732 μεμαθηκότες
1330 1697 1359 1723 ὲν
1373 1695 1413 1731 τῷ
1429 1693 1595 1729 Εὑαγγελίῳ,
1606 1691 1653 1720 ’ὃτι
1667 1691 1765 1727 ὥσπερ
1781 1692 1795 1718 ὁ
1811 1691 1872 1721 Tib;
1885 1691 1906 1714 ἐπί

1123 1741 1162 1777 τῷ
1177 1741 1273 1777 Πατρὶ,
1287 1741 1357 1767 οὕτω
1370 1741 1416 1767 καὶ
1431 1741 1444 1767 ὁ
1458 1739 1553 1773 Πατὴρ
1565 1739 1594 1765 ὲν
1609 1737 1647 1773 τῷ
1664 1737 1725 1772 Υἱῷ
1742 1737 1832 1771 μένει,
1848 1735 1905 1761 κατὰ

1125 1788 1174 1823 τὴν
1190 1787 1236 1814 τοῦ
1251 1787 1351 1822 Κυρίου
1367 1785 1467 1821 φωνήν.
1483 1783 1556 1812 Ἶσον
1572 1783 1626 1819 γάρ
1639 1783 1697 1809 ἐστι
1713 1782 1753 1817 τῷ
1769 1783 1796 1808 ὲν
1812 1781 1906 1809 mm,-

1125 1831 1192 1861 εἶναι
1211 1833 1257 1860 τοῦ
1268 1832 1372 1868 Harpe;
1384 1831 1429 1858 τὸν
1444 1831 1517 1862 Υίὸν,
1534 1830 1565 1856 τὸ
1577 1830 1606 1856 ὲν
1620 1828 1658 1863 τῷ
1672 1828 1733 1863 Υἰῷ
1748 1827 1797 1854 τὸν
1813 1826 1908 1859 [Ix-tia:

1126 1879 1194 1908 εἶναι
1207 1880 1306 1914 λέγειν.
1333 1878 1377 1905 Ἐν
1391 1877 1499 1913 παρόδῳ
1513 1876 1540 1902 δὲ
1557 1874 1694 1902 καὶτοῦτο
1712 1873 1909 1908 προσεξετὲςτω-

1129 1925 1257 1962 μεν·”οτε
1264 1925 1313 1950 οὐκ
1329 1921 1373 1959 ἦν,
1394 1922 1431 1954 ὥς
1446 1930 1536 1956 φασιν,
1560 1922 1574 1948 ὁ
1589 1921 1651 1952 Υἱὸς
1663 1941 1671 1953 ,
1687 1920 1715 1946 τί
1733 1920 1855 1954 περιεῖχε
1870 1915 1907 1941 τιεί

1128 1971 1232 2006 [ἰατρὸς
1244 1971 1257 1997 ὁ
1268 1969 1366 2001 κόλπος
1376 1977 1383 2001 ;
1394 1968 1506 1999 Πάντως
1518 1967 1571 2002 γὰρ
1583 1966 1600 2002 ἦ
1614 1965 1706 2001 πλήρη
1723 1964 1854 1991 δώσουσιν
1867 1962 1907 1988 αὶ-

1127 2016 1172 2042 τὸν
1191 2013 1270 2045 εἶναι,
1286 2014 1303 2049 ἢ
1319 2013 1396 2040 κενὸν
1411 2012 1600 2047 ὑποθήσονται.
1621 2011 1653 2037 Et
1677 2010 1728 2045 μὲν
1746 2007 1794 2035 οὖν
1815 2008 1908 2041 πλήρης

1128 2059 1161 2096 ἦν
1175 2062 1188 2087 ὁ
1202 2060 1311 2090 κόλπος,
1330 2059 1343 2085 ὀ
1363 2057 1427 2089 Υἱὸς
1449 2056 1557 2088 πάντως
1571 2053 1605 2091 ἦν
1619 2055 1666 2081 τοῦ
1687 2055 1791 2081 κόλπου
1808 2053 1837 2079 τὸ
1849 2052 1910 2084 πλὴν

1132 2115 1218 2142 ρωμα.
1240 2106 1271 2132 Et
1284 2104 1312 2131 δέ
1327 2112 1387 2131 τινα
1408 2104 1538 2138 κενότητα
1559 2103 1614 2133 τοῖς
1629 2100 1676 2127 τοῦ
1695 2100 1804 2134 Πατρδς
1821 2098 1908 2124 ἐπιθείην

1132 2152 1207 2189 ροῦσι
1224 2151 1343 2182 κόλποις,
1358 2148 1433 2176 οὐδὲν
1452 2147 1544 2182 ἓτερον
1556 2147 1573 2182 ἢ
1588 2146 1620 2173 ὲκ
1634 2145 1834 2182 παραυξήσεως
1844 2142 1909 2174 αὖτέ)

295 2203 323 2228 Si
344 2189 434 2236 igitur
458 2200 554 2234 plenus
577 2203 635 2225 erat
664 2197 759 2227 sinus,
781 2196 868 2225 Filius
891 2196 1004 2224 omnino
1021 2204 1066 2224 era

1132 2197 1371 2234 προσμαρτυροῦσι
1388 2195 1435 2230 τὴν
1455 2193 1630 2228 τελειότητα,
1652 2192 1708 2219 ἀπὸ
1728 2191 1777 2218 τοῦ
1797 2189 1870 2217 κενοῦ

295 2247 372 2274 sinus
387 2244 538 2281 plenitudo.
552 2243 630 2277 Quod
645 2243 668 2271 si
684 2243 802 2278 aliquant
827 2243 854 2270 in
869 2242 958 2270 Patris
973 2243 1079 2270 sinibus

296 2297 419 2329 spectant
428 2292 599 2323 inanitatem,
611 2290 677 2318 nihil
689 2289 762 2317 aliud
774 2297 854 2324 quam
868 2297 900 2317 ex
912 2290 1079 2316 incremento

297 2340 489 2376 perfectionem
506 2338 530 2366 ei
554 2337 705 2372 assignant,
730 2336 793 2371 quia
818 2336 852 2364 ab
875 2335 950 2363 inani
975 2335 1080 2362 etdeli-

296 2386 386 2414 ciente
402 2384 435 2412 ad
456 2383 563 2419 plenum
587 2386 613 2411 et
638 2382 786 2417 perlectum
814 2380 1000 2415 transmigret.
1027 2379 1080 2407 Sed

297 2439 351 2459 non
366 2432 564 2465 cognoverunt,
580 2435 667 2463 neque
686 2427 887 2458 intellexerunt,
904 2425 941 2452 ait
953 2424 1037 2452 David
1048 2424 1082 2452 de

296 2478 340 2504 his
358 2476 404 2512 qui
418 2477 446 2503 in
464 2475 583 2504 tenebris
601 2473 758 2505 ambulant;
785 2473 833 2508 qui
853 2471 924 2500 eniut
942 2479 1012 2498 vero:
1027 2471 1080 2498 lttci

296 2524 397 2551 bellum
413 2522 513 2555 intulit,
527 2522 554 2549 in
572 2522 633 2549 luce
650 2521 770 2548 animum
787 2519 886 2546 habere
904 2525 958 2544 tton
980 2521 1078 2552 potest.

296 2570 359 2598 Ideo
374 2567 479 2604 adjacet
494 2576 527 2596 ex
540 2566 729 2602 consequenti,
748 2563 821 2600 quod
834 2563 904 2591 hanc
918 2563 1082 2598 impietatem

297 2625 352 2645 non
369 2615 570 2644 intellexerunt.

333 2663 488 2698 Quinetiam
508 2669 522 2688 a
540 2660 620 2688 Patre
635 2659 696 2686 Filii
718 2657 865 2686 essentiam
890 2655 1005 2691 imperio
1028 2656 1084 2690 regi

300 2712 357 2738 sive
369 2709 458 2737 Patris
473 2707 595 2736 dominio
612 2704 710 2740 subjici
733 2707 866 2733 autumat.
883 2702 923 2730 sic
936 2702 1030 2729 dicens
1051 2701 1084 2728 ad

301 2756 431 2783 verbum:
448 2754 510 2781 Non
529 2753 597 2780 enim
620 2751 686 2778 hanc
706 2750 757 2778 sibi
775 2754 802 2776 ut
819 2748 952 2783 propriam
967 2747 1084 2775 vindicat

302 2801 468 2836 dignitatem,
491 2800 534 2834 qui
556 2806 601 2833 per
624 2797 730 2824 Patrem
745 2800 783 2823 est
799 2801 822 2822 el
837 2795 908 2826 vivit,
930 2801 988 2820 cum
1004 2793 1083 2820 etiam

306 2847 382 2878 tutius
403 2845 565 2871 dontinutrix
588 2843 699 2870 essentia
722 2842 755 2869 ad
775 2842 886 2874 scipsam
906 2839 992 2867 trahat
1017 2838 1083 2866 cutis

1133 2244 1179 2271 καὶ
1189 2243 1324 2274 λείποντος
1335 2241 1380 2268 ἐπὶ
1387 2241 1417 2267 τὸ
1427 2240 1526 2276 πλῆρες
1539 2238 1737 2274 μεθισταμένου
1749 2239 1797 2264 καὶ
1808 2237 1906 2263 τελειω-

1138 2289 1206 2316 Ἀλλ’
1220 2289 1269 2315 οὐκ
1285 2288 1405 2323 ἔγνωσαν
1417 2286 1476 2313 οὐδὲ
1490 2287 1619 2321 συνῆκαν,
1636 2285 1720 2320 φησὶν
1734 2285 1748 2310 ὁ
1762 2283 1842 2311 Δαῶδ
1855 2280 1908 2314 τεξρῖ

1133 2334 1186 2360 τῶν
1198 2334 1226 2359 ὲν
1235 2332 1324 2359 σκότει
1332 2331 1576 2366 διαπορευομένων.
1593 2330 1623 2357 '0
1629 2330 1682 2365 γὰρ
1693 2326 1907 2363 ἐκπεπολεμωμέ-

1134 2387 1178 2411 νος
1193 2378 1232 2414 τῷ
1243 2377 1360 2414 ἀληθινῷ
1375 2377 1454 2412 φωτὶ,
1463 2378 1491 2404 ὲν
1503 2377 1570 2411 φωτὶ
1583 2376 1631 2412 τὴν
1644 2375 1734 2411 ψυχὴν
1749 2375 1821 2410 ἔχειν
1834 2374 1858 2400 οὐ
1869 2373 1907 2398 ξ.-

1135 2434 1221 2453 ναται·
1237 2425 1279 2451 διὰ
1293 2424 1370 2450 τοῦτο
1393 2423 1588 2458 προσκείμενον
1608 2422 1640 2449 ὲκ
1657 2421 1705 2448 τοῦ
1722 2419 1862 2448 ἀκολούθου

1133 2470 1183 2506 τὴν
1201 2469 1328 2497 ἀσέϐειαν
1342 2468 1443 2503 ταύτην
1463 2467 1707 2503 ἐπανορθούμενον,
1723 2465 1819 2500 ὥσπερ
1836 2465 1910 2497 de?»

1136 2517 1181 2553 atq.
1195 2516 1341 2551 πληγέντες
1354 2514 1424 2542 κατὰ
1437 2514 1499 2545 τοὺς
1512 2512 1657 2548 Σοδομίτας
1674 2511 1704 2537 οὗ
1719 2510 1888 2545 κατενόησαν.

1102 2564 1229 2599 castigat,
1245 2567 1374 2598 tanquam
1388 2560 1509 2588 caecitate
1521 2558 1638 2594 perculsi
1673 2558 1747 2584 velut
1777 2555 1871 2584 Sedeat
1885 2559 1911 2578 tt

1175 2652 1255 2679 Ἀλλὰ
1268 2651 1314 2679 καὶ
1327 2649 1498 2686 κυριεύεσοαι
1515 2648 1589 2682 λέγει
1605 2647 1682 2682 παρὰ
1691 2646 1739 2673 τοῦ
1756 2646 1854 2682 Πατρὶς
1868 2645 1909 2670 τῑΞ

1134 2699 1199 2726 Υἱοῦ
1229 2698 1278 2733 τὴν
1302 2697 1405 2729 οὐσίαν,
1422 2695 1493 2722 οὕτω
1508 2694 1594 2728 λέγων
1615 2694 1654 2728 τῷ
1671 2694 1774 2730 ῥήματι
1787 2700 1793 2707 ·
1811 2693 1847 2718 οὐ
1862 2692 1909 2724 ττὲέ

1133 2744 1290 2772 οἰκειοῦται
1305 2742 1417 2774 ταύτην
1430 2740 1486 2774 τὴν
1495 2739 1586 2771 ἀξίαν
1601 2741 1617 2765 o'
1629 2739 1679 2765 διὰ
1688 2739 1740 2765 τὸν
1753 2738 1859 2771 Πατέία
1872 2736 1913 2761 ὢν

1134 2790 1182 2817 καὶ
1196 2785 1260 2821 ζῶν,
1278 2787 1333 2822 τῆς
1342 2787 1390 2814 καὶ
1403 2787 1509 2813 τούτου
1521 2785 1720 2818 κυριευούσης
1731 2784 1831 2815 οὐσίας
1840 2783 1911 2814 πρξς

1135 2835 1246 2869 ἑαυτὴν
1259 2834 1410 2867 ἑλκούσης
1430 2832 1486 2866 τὴν
1506 2832 1557 2859 τοῦ
1571 2832 1657 2864 ὄντος
1670 2831 1798 2858 ἔννοιαν.
1817 2828 1842 2854 Εἰ
1861 2827 1909 2860 pi?
