1923 3071
33 100 82 128 8-55

581 101 721 129 CONTRA
741 100 934 132 EUNOMIUM,
956 100 1019 127 LII}.
1040 101 1072 128 Χ.

1605 100 1656 127 8645

31 158 79 187 οὖν
96 169 147 187 τινι
158 159 212 186 τῶν
228 160 280 193 ἔξω
297 160 386 194 σοςςῶν
400 160 486 188 ταῦτα
500 161 588 192 δοκεῖ,
605 163 687 198 μηδὲν
701 162 818 197 ἐνοχλεῖ-

881 161 1013 188 tationem.
1031 160 1181 195 Siquidem
1201 159 1281 187 alicui
1305 164 1480 187 externorum
1504 155 1658 194 sapientum

32 205 87 231 σθω
106 207 139 231 τὰ
154 205 319 239 Εὑαγγέλια,
337 206 404 241 μηδὲ
428 207 444 242 ἡ
465 206 546 241 λοιπὴ
569 207 619 242 τῆς
638 207 818 234 Θεοπνεύστου

31 251 138 286 Γραφῆς
157 250 323 277 διδασκαλία.
338 250 385 282 Τίς
400 251 455 287 γὰρ
471 252 595 278 κοινωνία
610 252 649 287 τῷ
664 251 819 287 Χριστιανῷ

31 296 102 331 λόγῳ
116 296 180 332 πρὸς
192 295 241 331 τὴν
255 295 442 331 μωρανθεϊσαν
459 297 571 331 copiam;
589 297 619 323 Et
635 297 663 323 δὲ
678 298 734 328 τοῖς
749 305 819 332 γραο

32 343 119 375 φικοῖς
131 341 314 377 ἐπερείδεται,
331 342 444 375 δειξάτω
460 342 588 378 τοιαύτην
605 343 637 369 ὲκ
657 342 712 369 τῶν
736 342 820 377 ἁγίων

31 386 131 422 φωνὴν,
151 386 198 412 καὶ
219 387 299 421 ἡμεῖς
316 388 500 422 σιωπήσομεν.
528 387 647 419 Βοῶντος
664 388 757 415 ἀκούω
771 387 819 414 τοῦ

31 431 148 464 Παύλου,
171 432 211 458 ὅτι
236 429 289 465 Εἷς
311 433 418 466 Κύριος
447 432 568 467 Ἰησοῦς
591 434 730 468 Χριστός.
751 434 820 461 Ἀλλ’

30 478 140 514 ἀείτιὸοᾷ
159 477 198 513 τῷ
220 478 317 514 Παύλῳ
337 479 468 514 Εὐνόμιος
480 500 488 512 ,
502 479 594 506 δοῦλον
609 479 750 514 ὀνομάζων
775 479 821 506 τὸν

30 523 157 558 Χριστόν.
180 523 261 550 ’Ἄλλο
274 524 328 560 γάρ
341 533 367 549 τι
382 524 503 556 δουλείας
526 526 608 560 ἡμεῖς
629 525 679 551 οὐκ
695 525 822 558 ἐπιγινώ-

32 575 132 602 σκομεν
146 567 298 603 γνώρισμα,
315 568 384 603 πλὴν
400 568 429 595 τὸ
447 569 600 604 ὑποχείριον
615 567 684 596 εἶναι
704 570 752 596 καὶ
775 578 822 596 κυ-

31 613 286 647 ριεύεσθαι,“δοῦλος
302 614 410 647 πάντως
425 616 508 642 ἐστίν.
531 615 561 642 '0
572 615 600 642 δὲ
616 615 708 647 δοῦλος
722 618 754 652 τῇ
770 617 821 650 φύ-

31 667 74 684 σει
96 658 196 693 Κύριος
218 657 288 686 εἶναι
310 660 339 686 οὐ
363 660 484 693 δύναται,
509 661 558 688 κᾶν
577 661 610 688 ἐκ
623 662 822 697 καταχρήσεως

29 704 152 739 λέγηται.
171 703 222 731 Καὶ
239 705 265 732 τί
281 714 326 741 μοι
349 706 442 740 φέρειν
464 707 503 738 εἰς
529 707 682 743 μαρτυρίαν
704 707 752 743 τὴν
774 706 821 733 τοῦ

29 750 133 786 Κυρίου
150 750 297 787 κυριότητα
314 752 353 783 εἰς
371 751 420 783 τὰς
434 752 481 779 τοῦ
502 752 609 779 Παύλου
633 754 743 787 φωνάςς
774 753 822 779 Αὐ-

29 798 77 828 τὸς
101 796 155 832 γὰρ
180 798 195 824 ὁ
216 797 323 824 Παύλου
348 798 487 834 Δεσπότης
517 800 585 834 πρὶς
610 800 672 832 τοὺς
699 800 823 834 μαθητάς

869 208 926 235 haec
941 207 1103 243 probantur,
1120 206 1190 233 nihil
1203 205 1420 233 iutcrturbentur
1436 204 1593 240 Evangelia,
1613 212 1659 232 ne-

869 261 923 286 que
939 253 1044 287 reliqua
1058 252 1189 279 divinitus
1201 251 1341 285 inspirata:
1357 249 1507 285 Scriptura:
1521 249 1658 277 doctrina.

870 299 935 332 Qua:
956 299 1028 326 enim
1046 298 1258 325 communicatio
1281 296 1501 324 Christianorum
1529 295 1649 324 sermoni

870 353 933 372 cum
950 344 1032 372 stulta
1051 349 1078 371 ct
1092 344 1164 371 fatua
1181 342 1330 378 sapientia?
1346 341 1424 375 Quod
1442 343 1465 369 si
1489 341 1600 377 scriptis
1615 341 1658 368 in-

871 392 978 423 nititur,
993 390 1118 418 ostendat
1131 389 1211 416 talem
1225 397 1258 417 ex
1273 389 1377 417 sanctis
1392 388 1543 424 Scripturis
1554 396 1659 419 vocem,

871 443 898 466 ct
911 445 961 465 nos
974 436 1137 464 tacebimus.
1151 436 1320 463 Clamuntem
1334 434 1416 461 audio
1430 433 1558 467 Paulum,
1587 433 1658 468 quod

878 482 1085 511 UnusDominus
1100 481 1179 509 Jews
1194 480 1326 509 Christus.
1350 480 1402 508 Sed
1422 479 1506 507 Paulo
1530 479 1660 506 reclamat

872 534 899 556 et
914 529 1076 557 adversatur
1099 528 1259 559 Eunomius,
1284 527 1425 554 Christum
1447 533 1556 554 servum
1573 525 1661 552 nomi-

873 583 952 603 nans.
970 574 1027 602 Non
1054 575 1127 602 cuitu
1148 574 1222 601 aliud
1248 581 1298 600 nos
1328 572 1468 601 servitutis
1487 571 1617 599 indicium
1635 575 1662 598 et

872 626 978 649 certum
1003 621 1111 656 signum
1128 621 1314 655 agnoscimus,
1338 627 1419 654 quam
1444 618 1582 645 subditum
1601 625 1662 645 esse

873 668 899 690 ct
914 664 1059 698 imperium
1073 663 1145 698 pati;
1169 662 1222 698 qui
1240 664 1303 690 talis
1324 667 1376 695 est,
1404 666 1478 690 certe
1493 669 1587 690 servus
1609 666 1663 688 cst.

875 709 977 736 Servus
999 715 1089 737 autent
1119 713 1217 736 natura
1239 708 1371 736 Dominus
1396 716 1458 736 esse
1483 716 1537 735 non
1562 712 1662 743 potest.

873 756 1000 789 quamvis
1021 755 1154 782 abusione
1175 754 1293 782 dicatur.
1311 754 1382 787 Quid
1401 754 1467 780 mihi
1495 761 1608 781 necesse
1623 758 1666 781 est

874 800 952 828 Pauli
967 809 1046 828 voces
1062 801 1095 828 ad
1111 799 1352 829 demonstrandam
1372 799 1481 827 Domini
1497 800 1664 827 dominatio-

30 851 114 876 φησιν
128 842 233 878 ἀληθῶς
253 841 322 870 εἶναι
339 843 439 879 Κύριος
451 865 460 876 ,
475 845 672 880 ἀποδεχόμενος
687 845 735 880 τὴν
759 845 823 880 ὁμο-

881 854 936 873 :tcm
954 846 981 873 in
999 845 1187 873 testimonium
1209 844 1326 872 aﬂ'erre?
1342 843 1402 879 Ipse
1423 844 1496 871 enim
1521 843 1598 870 Pauli
1613 842 1666 870 Do-

29 887 124 921 λογίαν
133 887 186 914 τῶν
197 887 357 915 διδάσκαλον
364 889 444 915 αὑτὸν
454 889 502 915 καὶ
513 889 614 925 Κύριον
624 889 821 924 ὀνομαζόντων,

29 933 106 966 λέγει
119 933 184 968 γὰρ,
198 934 239 960 ὅτι
266 934 364 968 Ὑμεῖς
387 934 506 962 καλεῖτέ
530 943 566 970 με
585 935 695 969 Κύριον
710 936 759 962 καὶ
782 935 825 962 δι-

29 979 198 1010 δάσκαλον,
213 980 262 1007 καὶ
281 980 379 1014 καλῶς
388 980 501 1016 λέγετε·
515 981 573 1016 εἰμὶ
587 981 653 1016 γάρ*
673 981 704 1007 τὸ
718 981 745 1007 δὲ
758 981 824 1007 αὐτὸ

28 1024 112 1051 τοῦτο
130 1025 177 1051 καὶ
191 1024 235 1051 τὸν
250 1025 358 1060 Πατέρα
377 1025 442 1060 παρ’
456 1025 545 1052 αὐτῶν
561 1025 740 1061 ἐνομοθέτησε
753 1026 814 1059 λέγε

29 1071 95 1098 attat
103 1071 247 1105 εἰπώνσΜὴ
257 1071 405 1106 καλέσητε
412 1071 585 1106 καθηγητὴν
592 1072 640 1098 ἐπὶ
648 1071 772 1106 τῆςγῆς·
781 1069 825 1105 εἷς

28 1117 87 1151 γὰρ
97 1115 179 1151 ὑμῶν
189 1117 370 1152 καθηγητὴς,
383 1120 399 1145 ό
411 1119 511 1154 Πατὴρ
524 1120 540 1145 ό
553 1119 588 1145 ἐν
601 1118 661 1150 τοῖς
675 1119 823 1154 οὐρανοῖς.

28 1163 91 1190 Τίνι
115 1163 204 1190 τοίνυν
219 1165 382 1199 προσεκτέον
397 1166 464 1200 ἡμῖν
482 1166 511 1191 ἐν
534 1165 610 1201 μέσῳ
628 1165 730 1192 τούτων
746 1166 826 1192 ἀπει-

28 1210 193 1245 λημμένοιςς
210 1210 327 1237 Ἐκεῖθεν
338 1210 418 1242 αὐτὸς
430 1219 458 1236 τε
469 1212 483 1237 ὁ
494 1210 605 1246 Κύριος,
616 1212 663 1238 καὶ
673 1211 826 1238 ὁλαλοῡντα

30 1256 102 1289 ἔχων
122 1256 151 1282 ἐν
171 1255 258 1291 ἑαυτῷ
280 1256 326 1282 τὸν
350 1257 477 1292 Χριστὸν,
501 1257 531 1283 τὸ
557 1257 594 1292 μὴ
617 1257 714 1292 χρῆναι
734 1257 826 1284 δοῦλον

29 1301 114 1327 αὺτὸν
130 1302 229 1328 ἐννοεῖν
247 1302 420 1336 ὲγκελεύεται
432 1323 439 1333 .
463 1303 519 1330 ἀλλ’
537 1303 608 1330 οὕτω
629 1303 712 1339 τιμᾷν
734 1304 825 1336 αὐτὸν,

30 1347 126 1378 καθὼς
139 1349 249 1382 τιμᾶται
263 1349 277 1374 ὁ
288 1348 391 1384 Πατήρ.
411 1348 550 1375 Ἐντεῦθεν
564 1349 695 1384 Εὐνόμιος
706 1349 827 1381 δουλείας

30 1393 132 1427 ἐπάγει
149 1393 186 1428 τῷ
196 1393 288 1429 Κυρίῳ
303 1395 420 1430 γραφὴν,
437 1395 610 1430 κυριεύεσθαι
630 1395 715 1429 λέγων
727 1395 769 1423 τὸν
780 1396 826 1422 τοῦ

31 1439 136 1471 παντὸς
155 1440 306 1476 ἐξημμένον
325 1441 356 1467 τὸ
371 1441 481 1476 κράτος.
498 1439 572 1477 Ἀρα
597 1441 746 1476 ἀμφίϐολος
762 1442 827 1476 ⁴ἡμῖν

30 1487 79 1512 τοῦ
93 1486 230 1521 πρακτέου
276 1487 400 1522 αἴρεσις;
417 1487 453 1514 Ἢ
471 1489 535 1522 παρ’
556 1487 644 1521 ὀλίγον
656 1488 730 1513 ἐστὶν
743 1488 760 1522 ἡ
780 1487 826 1514 τοῦ

31 1532 254 1567 λυσιτελεστέρου
280 1532 431 1568 διάκρισιςς
471 1534 611 1568 Ἀτιμὰσω
646 1533 751 1560 Παύλου
780 1533 827 1568 τὴν

32 1577 203 1613 συμὸουλὴν,
216 1575 238 1605 ὧ
249 1579 381 1613 Εὑνόμιε;
393 1578 439 1614 Μὴ
453 1579 614 1613 πιστοτέραν
625 1579 765 1614 ἡγήσομαι
781 1579 829 1613 τῆς

32 1626 85 1659 σῆς
103 1624 212 1659 ἀπάτης
230 1624 277 1659 τὴν
294 1625 342 1660 τῆς
363 1624 492 1660 ἀληθείας
517 1625 628 1660 φωνήν;
658 1624 739 1651 Ἀλλ’
753 1624 829 1659 εἰμὴ

31 1670 134 1705 ἦλθον
145 1671 193 1697 καὶ
208 1671 360 1703 ἐλάλησα,
377 1670 469 1705 φησὶν,
483 1670 595 1702 αὐτοῖς,
613 1670 759 1704 ἁμαρτίαν
775 1671 830 1697 οὐκ

34 1715 134 1751 εἶχον.
157 1716 235 1742 Ἐπεὶ
245 1714 291 1742 οὖν
306 1715 386 1747 αὐτὸς
405 1715 536 1751 ἐλάλησεν
553 1716 643 1746 αὐτοῖς
659 1715 766 1751 ἀληθῶς
787 1716 830 1742 λέ-

33 1772 94 1797 γων
115 1762 211 1789 ἑαυτὸν
230 1760 298 1789 εἶναι
320 1762 430 1797 Κύριον,
445 1763 506 1797 οὐχὶ
519 1761 623 1796 ψευδῶς
640 1762 830 1797 ὀνομάζεσθαι·

36 1809 187 1844 Εἱμῖγὰρ,
211 1809 302 1844 φησὶν,
325 1809 385 1844 ουχὶ
404 1808 607 1844 ὀνομάζομαι...
629 1808 655 1834 τί
678 1808 828 1841 ἀναγκαῖον

35 1856 139 1886 ποιεῖν,
157 1852 179 1888 ᾧ
202 1855 403 1890 ἁναπόδραστός
425 1856 498 1881 ἐστιν
520 1856 552 1881 ἐκ
572 1854 618 1880 τοῦ
639 1854 792 1888 προγνῶναι
815 1855 832 1889 ὴ

32 1910 161 1937 τιμωρία
174 1909 181 1934 ;

89 1992 162 2019 ’Δλλ“
191 1993 255 2023 ἴσως
285 1990 364 2017 πάλιν
374 1991 438 2025 ἡμῖν
446 1990 513 2025 πρὶς
522 1989 607 2016 ταῦτα
614 1990 663 2024 τὴν
675 1989 777 2024 συνήθη
790 1997 834 2015 σο-

36 2037 106 2070 φίαν
123 2036 382 2071 ὰντιπροῦἀλλεται,
407 2036 454 2062 καὶ
477 2035 547 2068 λέξει
562 2035 606 2062 τὸν
619 2035 698 2061 αὐτὸν
714 2035 760 2061 καὶ
776 2035 834 2061 δου-

37 2081 132 2108 λεύειν
145 2082 192 2108 καὶ
207 2081 307 2116 Κύριον
321 2079 400 2113 εἶναι,
415 2080 468 2107 ὑπὸ
486 2080 536 2116 μὲν
547 2079 593 2106 τοῦ
609 2079 773 2115 κρατοῦντος
788 2088 835 2106 κυ-

39 2128 213 2163 ριευὸμενον,
224 2127 278 2153 τῶν
291 2127 318 2153 δὲ
335 2126 434 2153 λοιπῶν
446 2125 615 2162 κυριεύοντα.
631 2126 748 2159 Λέγεται
764 2125 792 2152 δὲ
802 2125 836 2152 τὰ

38 2174 115 2208 σοφὰ
135 2173 222 2199 ταῦτα
245 2173 314 2199 κατὰ
330 2173 379 2203 τὰς
402 2173 521 2207 τριόδους
540 2172 614 2208 παρὰ
634 2171 687 2198 τῶν
713 2171 835 2207 ἐραστῶν

34 2221 90 2254 τῆς
111 2220 221 2253 ἀπάτης
242 2219 460 2254 περιφερόμενα,
481 2218 505 2244 οἳ
528 2218 571 2245 διὰ
587 2218 641 2244 τῶν
657 2217 834 2253 ἀνθρωπίνων

36 2264 233 2300 περιστάσεων
247 2264 295 2295 τὰς
313 2264 429 2300 ματαίας
443 2263 546 2290 ἑαυτῶν
567 2263 715 2298 ὑπολήψεις
731 2263 795 2298 περ).
805 2262 836 2288 τὸ

36 2312 123 2338 Θεῐον
137 2309 325 2344 κρατύνουσιν.
366 2308 473 2344 Ἐπειδὴ
493 2309 547 2344 γὰρ
574 2309 602 2335 αἱ
621 2309 691 2336 κατὰ
712 2308 756 2334 τὸν
780 2307 836 2343 βίον

34 2355 139 2382 τοῦτον
153 2355 303 2390 συντυχίαι,
322 2355 376 2381 τῶν
390 2354 518 2381 τοιούτων
534 2355 599 2390 ἡμῖν
617 2354 786 2389 πραγμάτων
802 2354 836 2380 τὰ

37 2399 234 2434 ὑποδείγματα
251 2401 388 2435 φέρουσιν,
405 2397 459 2427 οἷον
472 2399 515 2426 ἐπ’
527 2400 614 2432 οἰκίας
629 2398 701 2426 ἔστιν
715 2399 838 2434 εὐπορω-

35 2447 129 2482 τέροις
147 2446 219 2475 ἰδεῖν.
242 2446 287 2473 τὸν
312 2446 528 2482 δραστικώτερόν
549 2455 578 2473 τε
593 2446 641 2473 καὶ
661 2445 837 2480 εὐνούστερον

35 2494 100 2520 τῶν
123 2493 277 2528 ὁμοδούλων
301 2493 519 2528 προτεταγμένον
541 2492 595 2519 τῶν
619 2492 837 2526 προσταγμάτων

35 2538 92 2565 τοῦ
108 2539 250 2570 δεσπότου,
266 2538 314 2574 τὴν
335 2539 405 2565 κατὰ
422 2538 476 2566 τῶν
491 2539 628 2574 ὁμοτίμων
639 2538 775 2573 ὑπεροχὴν
791 2538 838 2565 λα-

38 2586 142 2620 χόντα,
164 2583 266 2619 ταύτην
290 2585 452 2620 μετάγουσιν
470 2585 516 2611 ἐπὶ
529 2584 564 2610 τὰ
582 2584 640 2610 θεῖα
655 2584 777 2618 δόγματα
790 2584 839 2618 τὴν

37 2630 170 2657 διάνοιαν
182 2637 189 2644 ”
205 2629 274 2656 ὣστε
295 2630 339 2656 τὸν
359 2630 489 2665 μονογενῆ
506 2630 571 2656 Θεὸν
586 2629 787 2664 ὑπεζευγμένον
804 2631 838 2665 τῇ

36 2675 196 2711 δυναστείᾳ
214 2675 259 2702 τοῦ
284 2675 474 2712 ιζπερέχοντος,
498 2675 579 2712 μηδὲν
601 2674 792 2711 ἐμποδίζεσθαι
805 2677 838 2710 τῇ

85 2776 106 2791 ¹³
130 2779 211 2807 Joau.
234 2787 295 2810 xm,
312 2779 342 2805 ιῖ
395 2780 416 2794 ¹¹³
435 2779 527 2807 Matth.
544 2786 621 2812 uin,
636 2779 662 2806 9.

875 893 966 920 minus
983 892 1016 919 ad
1031 891 1183 926 discipulOs
1198 891 1236 918 ait
1247 898 1277 918 se
1291 898 1355 918 vere
1374 889 1520 918 Dominum
1531 896 1606 922 esse,
1619 896 1667 924 ap-

876 940 996 975 probans
1010 939 1107 965 horum
1121 937 1324 964 confessionem
1337 936 1383 972 qui
1400 937 1489 971 ipsum
1505 935 1665 971 magistrum

875 989 902 1011 et
918 983 1061 1014 Dominum
1084 983 1273 1015 nominabant;
1290 981 1354 1009 dicit
1377 981 1450 1008 enim
1468 990 1474 1008 :
1504 980 1552 1008 Vos
1568 982 1666 1008 vocatis

876 1037 916 1056 me
935 1028 1075 1055 Dominum
1092 1032 1116 1054 et
1136 1028 1304 1062 magistrum,
1324 1032 1348 1054 et
1363 1027 1424 1054 bene
1442 1027 1545 1062 quidem
1559 1026 1666 1053 dicitis:

876 1082 936 1100 sum
959 1074 1030 1100 enim
1042 1074 1074 1099 ”.
1091 1072 1148 1100 Hoc
1174 1073 1244 1100 idem
1268 1077 1294 1100 et
1309 1072 1419 1100 Patrem
1439 1073 1474 1100 ab
1499 1072 1566 1108 ipsis
1583 1071 1668 1106 jussit

877 1119 1016 1154 appellari,
1032 1127 1095 1146 cum
1109 1119 1193 1146 dixit:
1208 1118 1296 1154 Neque
1308 1119 1461 1145 vocaverilis
1476 1118 1630 1153 magistrum
1640 1118 1667 1144 in

878 1171 966 1196 terra;
987 1173 1055 1192 unus
1074 1166 1143 1192 enim
1164 1165 1290 1200 magister
1309 1169 1400 1196 vester,
1421 1163 1502 1191 Pater
1515 1172 1559 1199 qut
1575 1165 1603 1190 in
1616 1171 1668 1190 cac-

878 1211 910 1237 lt's
923 1210 955 1238 “.
971 1210 1087 1238 Cuiuam
1113 1211 1196 1246 igitur
1210 1211 1289 1238 nobis
1313 1211 1341 1237 in
1361 1210 1450 1238 medio
1466 1210 1562 1237 horum
1583 1210 1668 1237 inter-

877 1257 964 1292 ceptis
977 1256 1170 1284 adhaarendum
1185 1261 1227 1283 est
1239 1256 1250 1282 τ
1260 1255 1337 1284 lllinc
1353 1256 1411 1291 ipse
1427 1255 1567 1288 Dominus,
1581 1259 1608 1283 et
1620 1256 1666 1290 qui

879 1303 906 1330 in
922 1303 1012 1337 scipso
1027 1303 1108 1330 habet
1123 1304 1278 1338 loquentem
1293 1302 1443 1335 Christum,
1468 1310 1521 1329 non
1543 1307 1670 1337 oportere

879 1349 968 1383 ipsum
987 1356 1096 1377 servum
1112 1351 1204 1377 animo
1224 1349 1368 1384 concipere
1394 1349 1527 1384 prmcipit.
1556 1349 1603 1376 sed
1630 1349 1670 1375 sic

879 1395 968 1429 ipsum
984 1395 1078 1422 colere
1103 1395 1174 1421 sicut
1189 1394 1289 1422 colitur
1301 1393 1392 1421 Pater.
1411 1393 1497 1420 lstinc
1519 1392 1670 1419 Eunomins

879 1439 994 1466 Domino
1012 1439 1153 1467 servitutis
1170 1439 1306 1466 actionem
1331 1438 1457 1471 intendit,
1483 1438 1547 1465 dum
1571 1438 1671 1465 asserit

881 1494 943 1514 cum
962 1486 1008 1520 qui
1032 1486 1151 1514 universi
1168 1485 1311 1521 imperium
1334 1485 1449 1520 adeptus
1471 1488 1523 1515 est,
1546 1483 1670 1511 domina-

884 1533 950 1560 tioni
965 1532 1074 1567 subjici.
1090 1534 1131 1559 An
1146 1532 1274 1567 ambigua
1288 1531 1368 1559 nobis
1378 1531 1438 1566 ejus
1450 1530 1522 1566 quod
1537 1530 1671 1566 agendum

880 1583 922 1606 est
936 1578 1052 1606 electio?
1073 1587 1106 1605 au
1123 1586 1219 1613 parum
1245 1578 1359 1605 interest
1386 1577 1504 1604 utilioris
1519 1576 1671 1604 discretio?

881 1625 1032 1652 Consilium
1054 1624 1143 1657 Pauli,
1162 1633 1178 1651 ο
1194 1624 1321 1656 Eunomi,
1337 1622 1528 1651 contemnam?
1542 1621 1671 1650 Veritatis

883 1678 976 1698 vocem
1001 1675 1050 1698 tuo
1075 1678 1170 1698 errore
1192 1669 1393 1698 credibiliorem
1421 1676 1475 1696 non
1499 1668 1673 1696 arbitrabor?

884 1716 946 1744 Νἱιὶ
961 1719 1099 1748 vertissent,
1117 1717 1164 1748 ait,
1180 1721 1205 1743 et
1220 1725 1264 1743 eos
1276 1715 1408 1743 allocutus
1423 1723 1518 1747 essent,
1538 1720 1672 1749 peccaturo

884 1771 935 1790 non
965 1763 1088 1790 haberent
1099 1763 1131 1790 ¹⁷.
1151 1762 1285 1796 Quoniam
1309 1762 1393 1797 igitur
1416 1761 1476 1796 ipse
1499 1761 1607 1789 locutus
1632 1766 1674 1788 cst

884 1809 961 1843 ipsis.
976 1817 1039 1836 vere
1050 1808 1145 1836 dicens
1161 1808 1282 1843 scipsum
1295 1815 1357 1835 esse
1367 1806 1523 1837 Dominum,
1541 1814 1595 1833 non
1605 1805 1674 1833 falso

884 1854 1020 1882 nominari
1035 1853 1212 1884 :Sumenim,
1226 1853 1325 1888 inquit,
1366 1861 1419 1880 non
1446 1852 1591 1885 nominor,
1609 1852 1673 1886 quid

885 1907 998 1927 necesse
1014 1904 1056 1926 est
1074 1899 1176 1930 facere,
1196 1898 1241 1925 cui
1254 1906 1288 1926 ex
1299 1906 1332 1926 eo
1345 1897 1418 1934 quod
1440 1897 1572 1933 promovit
1587 1897 1674 1924 incvi-

885 1946 968 1973 labile
980 1950 1021 1973 est
1037 1944 1221 1980 supplicium?
1303 1939 1308 1947 ’

922 1991 976 2018 Sed
993 1990 1111 2017 fortasse
1125 1989 1159 2016 ad
1175 1989 1233 2016 haec
1247 1995 1344 2016 rursus
1361 1988 1492 2016 usitatam
1510 1988 1674 2024 sapientiam

887 2037 965 2064 nobis
979 2035 1157 2064 rcfractarius
1172 2038 1302 2070 opponet,
1311 2038 1338 2062 ct
1351 2034 1424 2062 dicet
1436 2035 1560 2062 eumdctn
1576 2039 1603 2061 ct
1617 2042 1676 2061 ser-

886 2081 945 2108 vire
961 2085 988 2108 et
1006 2080 1150 2107 Doutinum
1163 2087 1225 2107 esse
1238 2088 1246 2112 ;
1260 2079 1420 2113 praepotenti
1437 2079 1546 2114 quidem
1570 2079 1676 2112 subjec-

887 2131 956 2158 tum,
971 2125 1086 2160 reliquis
1107 2132 1172 2152 vero
1186 2124 1382 2151 dominantem.
1399 2123 1462 2151 lbec
1484 2129 1573 2150 autent
1598 2123 1677 2150 docte

851 2194 874 2222 D
888 2172 1019 2198 dicuntur
1038 2171 1066 2198 in
1080 2170 1169 2198 triviis
1188 2170 1222 2197 ab
1242 2168 1412 2197 amatoribus
1434 2169 1539 2197 erroris
1556 2169 1675 2196 circum-

888 2217 965 2250 l‘erri,
986 2217 1033 2252 qui
1047 2225 1095 2252 per
1112 2217 1248 2245 humanas
1261 2216 1485 2244 circumstantias
1500 2223 1586 2242 vanas
1612 2222 1677 2242 suas

888 2264 922 2290 de
939 2263 993 2291 Deo
1005 2263 1150 2299 opiniones
1162 2263 1336 2291 conﬁrmant.
1359 2262 1587 2296 Quandoquidem
1603 2261 1675 2288 enim

888 2310 934 2344 qui
951 2311 978 2336 in
999 2311 1049 2336 ltac
1064 2311 1117 2336 vita
1134 2310 1296 2345 contingunt
1312 2316 1395 2336 casus
1408 2308 1503 2335 talium
1520 2315 1611 2334 rerum
1628 2315 1676 2333 uo-

890 2356 932 2383 bis
954 2356 1078 2390 exempla
1094 2355 1222 2388 aﬁ‘eruut,
1244 2354 1400 2390 cujusmodi
1414 2354 1440 2380 in
1461 2353 1562 2380 tmmlia
1584 2353 1677 2387 copio-

890 2402 964 2430 siore
976 2402 1038 2429 licet
1050 2401 1152 2435 videre,
1165 2410 1198 2430 ex
1212 2402 1353 2429 conservis
1370 2401 1403 2427 ad
1424 2399 1558 2435 agendum
1582 2407 1675 2433 proin-

891 2447 1006 2481 ptiorem
1013 2446 1155 2482 magisque
1163 2447 1336 2478 benevolum.
1343 2446 1426 2473 rebus
1438 2445 1479 2473 sui
1497 2445 1599 2471 domini
1611 2451 1675 2478 prm-

891 2493 1004 2525 fectum,
1020 2497 1116 2520 contra
1129 2492 1249 2528 aquaies
1265 2492 1378 2528 gradum
1393 2491 1517 2519 altiorem
1532 2489 1656 2516 sortitum
1669 2496 1676 2519 ;

893 2538 965 2566 hunc
981 2538 1015 2565 ad
1033 2538 1126 2565 divina
1138 2539 1264 2574 dogmata
1273 2541 1436 2573 conceptum
1447 2535 1626 2564 transferunt,
1641 2533 1678 2559 ita

892 2589 923 2611 ut
934 2584 1104 2620 unigenitum
1121 2584 1205 2613 Deum
1221 2585 1350 2620 potestati
1370 2580 1601 2619 superemineutis
1615 2579 1676 2606 su!)-

890 2631 1014 2666 jugatum
1031 2630 1098 2658 nihil
1117 2635 1153 2658 su
1168 2630 1242 2665 quod
1266 2630 1405 2665 impediat.
1427 2629 1494 2663 quin
1510 2623 1678 2653 dominantis

894 2676 1058 2705 auctoritate
1082 2676 1244 2705 inferiorum
1265 2675 1456 2712 praefecturam
1469 2671 1602 2700 obtineat.
1622 2669 1676 2698 Sed

704 2777 723 2793 ⁸⁷
739 2776 816 2804 Joan.
831 2784 875 2809 xv,
891 2776 934 2804 2'2.
