1970 3076
251 90 304 119 867

855 96 885 123 S.
903 96 1069 125 aueconu
1089 97 1236 126 NYSSENI

1834 101 1886 129 858

250 161 302 181 nos
316 153 362 180 tali
373 153 589 188 sapientiaucum
606 154 756 184 dixerimus
771 157 871 191 valere,
880 166 929 194 pro
943 163 1036 187 nostra

1090 159 1136 187 τοῦ
1150 160 1356 193 δυναστεύοντος
1367 161 1474 198 ἐξουσίᾳ
1486 162 1553 198 πρὸς
1569 162 1618 198 τὴν
1633 162 1688 189 τῶν
1701 161 1887 189 καταδεεστέ-

243 198 438 234 intelligentiae
473 198 662 228 mediocritate
696 200 730 229 de
758 202 810 230 hac
830 211 859 231 re
884 212 1038 232 sermonem

249 245 469 273 consideremus.
501 245 542 272 An
561 245 669 274 Patrem
689 252 788 275 natura
806 248 952 277 Dominum
971 258 1039 277 con-

246 290 371 323 ﬁtentur,
391 298 424 318 an
443 291 562 326 alicujus
581 291 712 329 suffragio
731 295 830 322 adhoc
844 296 972 323 venisse?
986 295 1038 323 Sed

248 337 384 364 neminem
403 344 436 364 eo
455 338 581 365 amentia:
596 343 623 366 et
641 339 761 368 infamiae
780 343 950 376 processisse
966 342 1039 369 arbi-

249 388 318 416 tror,
341 383 388 419 qui
404 384 485 412 modo
501 393 665 421 quocunque
689 387 789 415 memis
806 391 833 415 et
852 389 1039 423 intelligentia

247 431 284 457 sit
306 437 430 465 compos.
446 434 475 457 ut
493 439 549 458 non
572 431 627 459 Deo
652 433 844 461 universorum
871 434 1038 462 dominatio-

247 483 310 503 nem
331 480 429 503 natura
443 477 536 504 inesse
547 481 673 505 testetur.
692 477 770 511 Quod
788 480 860 507 enim
880 483 977 507 natura
996 483 1038 508 est

247 522 362 557 simplex
379 527 407 551 et
422 524 541 559 partium
556 532 655 559 expers
678 530 705 552 et
723 525 946 561 incompositum,
964 526 1036 562 quod

247 569 357 604 quidem
384 570 477 603 fuerit,
494 574 580 598 totum
603 579 651 606 per
666 576 753 598 totum
779 572 904 605 lIOC'eSl,
925 580 980 600 non
1004 581 1037 601 ex

246 614 398 642 mutatione
410 614 530 649 alicujus
555 615 669 643 alterius
702 615 826 643 factum:
857 616 907 644 sed
928 617 954 644 in
982 626 1038 652 quo

246 663 299 691 est.
320 667 486 694 permanens
499 660 526 687 in
540 665 683 688 aeternum.
701 661 772 695 Quid
790 662 873 697 igitur
891 662 958 690 etde
967 662 1037 690 {lni-

246 705 337 738 genito
346 705 552 733 existimarunt?
565 710 655 733 utrum
669 707 822 742 simplicem
833 711 860 734 et
874 708 933 743 ejus
941 716 1037 737 essen-

246 749 312 776 tiam
328 750 502 782 confitentur,
522 758 556 778 an
572 751 691 784 aliquam
719 752 747 780 in
763 760 794 780 ea
808 753 1036 788 compositionem

247 795 423 830 intelligunt?
439 795 465 822 Si
486 796 568 831 igitur
589 797 692 833 aliquid
710 798 816 825 varium
841 802 868 826 et
893 799 1035 834 multiplex

246 841 394 876 multisque
406 842 528 877 partibus
543 831 674 871 cmistaus
690 845 762 871 hunc
775 852 836 872 esse
856 845 1035 880 arbitrantur;
1053 831 1074 860 Β

247 895 333 922 neque
348 888 428 922 plane
449 887 560 916 deitatis
577 897 676 916 nomen
696 890 721 917 ei
736 891 898 924 concedent,
926 892 960 919 ad
977 899 1036 919 ma-

245 929 358 957 tcriales
380 930 514 964 quasdam
535 934 562 957 et
587 932 747 965 corporales
772 932 915 967 opiniones
940 933 1037 962 decre-

246 978 303 1002 tum
319 975 352 1003 de
367 975 477 1004 Christo
485 977 671 1006 traducentes.
681 976 758 1010 Quod
776 979 799 1006 si
810 979 962 1014 simplicem
974 988 1037 1009 esse

245 1021 434 1054 consentiunt,
450 1022 588 1057 quemodo
600 1022 627 1049 in
644 1022 821 1058 simplicitate
833 1024 1036 1059 subjecti,con-

246 1067 394 1094 trariorum
411 1075 576 1096 concursum
600 1068 664 1096 licet
681 1069 800 1097 intueri?
818 1073 848 1097 ut
876 1071 950 1098 enim
974 1072 1037 1100 vita:

244 1115 272 1139 et
288 1113 385 1141 mortis
402 1114 429 1140 iu
445 1114 614 1141 contrarium
632 1114 790 1143 immediata
815 1120 857 1144 est
883 1118 1035 1153 oppositio,

245 1159 285 1185 sic
299 1166 361 1186 cum
380 1160 512 1188 servitute
526 1160 677 1189 dominatio
692 1163 798 1190 nullum
819 1163 901 1191 habet
918 1171 1035 1192 consor-

245 1205 324 1237 tium,
338 1209 364 1233 et
381 1207 499 1241 propriis
516 1206 707 1236 affectionibus
721 1208 839 1236 alienata
849 1213 904 1237 est.
927 1210 956 1237 Si
973 1211 1036 1246 quis

245 1251 316 1277 enim
331 1250 428 1278 horum
445 1256 592 1288 utrumque
611 1253 637 1280 in
658 1253 756 1288 seipsis
782 1255 954 1288 consideret,
979 1263 1034 1283 non

245 1297 375 1332 aequalem
386 1299 520 1327 ambobus
536 1299 672 1334 aptaverit
686 1298 884 1328 definitionem.
910 1301 1034 1333 Quorum

245 1348 334 1370 autem
344 1343 464 1372 definitio
471 1353 525 1372 non
533 1346 639 1379 eadem,
647 1346 745 1374 horum
752 1347 834 1374 etiam
843 1353 940 1375 natura
950 1349 1036 1375 omni-

245 1388 389 1416 nodiﬂ'ert.
409 1389 438 1416 Si
456 1390 540 1426 igitur
554 1391 670 1426 simplex
683 1392 834 1420 secundum
844 1397 969 1421 naturam
981 1393 1036 1422 Do-

245 1434 346 1466 minus,
361 1435 498 1470 quomodo
513 1435 540 1463 in
559 1437 685 1471 subjecto
700 1438 904 1465 contrariorum
917 1438 1034 1473 duplici-

1092 214 1146 241 ρων
1158 206 1316 241 ἡγεμονίαν.
1347 207 1415 233 Ἀλλ’
1430 208 1512 242 ἡμεῖς
1527 207 1664 243 ἐρρῶσθαι
1677 207 1837 242 φράσαντες
1852 208 1885 242 τῇ

1090 251 1200 287 τοιαύτῃ
1216 252 1305 288 σοφίᾳ,
1322 252 1392 279 κατὰ
1403 253 1433 279 τὸ
1446 253 1579 289 ἡμέτερον
1590 254 1639 288 τῆς
1652 253 1771 285 διανοίας
1784 253 1886 288 μέτρον

1089 296 1134 323 τὸν
1150 297 1214 333 περὶ
1232 297 1326 324 τούτου
1342 297 1420 332 λόγον
1437 297 1655 333 διασκεψώμεθα.
1681 296 1755 334 Ἀρα
1768 296 1815 324 τὸν
1830 298 1885 324 Πα-

1089 342 1156 378 τέρα
1180 342 1260 378 φύσει
1274 343 1374 379 Κύριον
1397 343 1591 378 ὁμολογοῦσιν,
1617 344 1633 379 ἢ
1655 344 1699 370 διὰ
1714 343 1885 379 χειροτονίας

1088 388 1161 421 τινὸς
1176 389 1244 425 πρὸς
1259 389 1338 416 τοῦτο
1351 389 1455 422 ἐλθεϊν;
1479 389 1560 417 ’Δλλὰ
1573 390 1624 417 οὐκ
1640 388 1717 426 οἶμαι
1744 391 1786 422 εἰς
1806 389 1885 416 τοῦτο

1091 435 1187 470 μανίας
1204 435 1290 462 ἐλθεῖν
1310 436 1356 462 τὸν
1378 436 1425 462 καὶ
1439 436 1561 463 ὁπωσοῦν
1576 436 1693 468 διανοίας
1714 436 1864 471 μετέχοντα
1876 444 1884 451 ·

1088 479 1126 511 ὡς
1139 480 1175 514 μὴ
1188 481 1221 515 τῇ
1236 479 1316 515 φύσει
1331 482 1552 517 προσμαρτυρεῖν
1567 481 1606 517 τῷ
1616 482 1674 517 Θεῷ
1688 482 1742 508 τῶν
1753 482 1822 508 ὅλων
1835 481 1885 517 τὴν

1088 525 1251 561 κυριότητα.
1274 525 1308 553 Ὀ
1322 526 1375 561 γὰρ
1392 527 1493 554 ἁπλοῦν
1511 529 1544 563 τῇ
1564 527 1643 562 φύσει
1659 528 1706 555 καὶ
1721 528 1827 563 ἀμερὲς
1838 527 1884 554 καὶ

1088 570 1243 603 ἀσύνθετον,
1259 571 1327 607 ὅπερ
1344 571 1377 598 ἂν
1390 571 1459 608 τύχῃ
1473 572 1512 604 ὃν,
1524 573 1584 599 ὅλον
1595 572 1681 600 διόλου
1698 571 1779 600 τοῦτὸ
1793 574 1881 604 ἐστιν,

1087 617 1137 643 οὐκ
1154 617 1186 643 ὲκ
1204 617 1355 653 μεταϐολῆς
1371 625 1443 650 τινος
1466 618 1559 654 ἑτέρου
1587 619 1727 653 γινόμενον
1739 628 1746 635 ·
1775 618 1834 645 ἀλλ’
1851 620 1880 645 ὲν

1087 658 1109 696 ᾧ
1121 664 1203 694 ἐστιν,
1218 661 1343 698 διαμένον
1352 663 1419 699 πρὸς
1431 664 1461 691 τὸ
1474 665 1568 691 ἀΐδιον.
1583 665 1615 691 Τί
1629 663 1676 692 οὖν
1691 665 1738 692 καὶ
1755 665 1822 700 περὶ
1837 665 1883 692 τοῦ

1088 708 1255 743 Μονογενοῦς
1270 709 1466 745 ὑπειλήφασιν;
1493 709 1547 745 ἄρα
1564 711 1652 746 ἁπλῆν
1670 711 1752 738 αὑτοῦ
1770 710 1820 746 τὴν
1839 711 1884 737 οὑ-

1089 754 1148 781 σὶαν
1160 754 1348 789 ὁμολογοῦσιν,
1364 756 1380 790 ἦ
1391 764 1452 782 τινα
1465 757 1512 783 καὶ
1524 757 1647 784 σύνθεσιν
1661 757 1725 792 περὶ
1738 756 1825 792 αὐτὴν
1839 758 1883 784 ὲν-

1088 801 1205 835 νοοῡσινς
1220 802 1251 828 Et
1267 801 1316 837 μὲν
1327 799 1373 829 οὖν
1388 803 1509 829 ποικίλον
1521 812 1546 830 τι
1562 803 1656 839 χρῆμα
1671 804 1717 830 καὶ
1730 802 1884 838 πολυμερὲς

1089 845 1157 874 εἶναι
1174 847 1268 875 τοῦτον
1285 848 1450 884 νομίζουσιν,
1465 849 1525 876 οὐδὲ
1547 849 1577 876 τὸ
1600 848 1686 884 ὁνομα
1708 849 1820 880 πάντως
1835 848 1884 883 τῆς

1089 893 1214 929 θεότητος
1229 894 1304 930 αὐτῷ
1315 896 1548 931 συγχωρήσουσιν,
1563 896 1602 927 είς
1617 895 1729 927 ὑλώδεις
1744 895 1822 926 τινὰς
1837 895 1884 921 καὶ

1090 940 1247 974 σωματικὰς
1256 940 1403 976 ὑπολήψεις
1417 940 1447 967 τὸ
1457 941 1521 977 περὶ
1531 941 1576 967 τοῦ
1589 938 1708 976 Χριστοῦ
1718 941 1808 976 δόγμα
1819 948 1883 975 μετ-

1088 985 1208 1020 άγοντες.
1223 984 1254 1012 Εἰ
1268 986 1295 1012 δὲ
1307 986 1408 1013 ἁπλοῦν
1420 985 1488 1013 εἶναι
1506 987 1683 1020 συντίθενται,
1701 987 1760 1018 πῶς
1779 983 1838 1012 ἔστι
1849 986 1881 1020 τῇ

1090 1032 1219 1067 ἁπλότητι
1235 1033 1281 1059 τοῦ
1298 1033 1480 1069 ὑποκειμένου
1498 1033 1546 1069 τὴν
1558 1034 1611 1060 τῶν
1631 1031 1760 1060 ἐναντίων
1775 1032 1884 1067 συνδρο-

1090 1077 1143 1114 μὴν
1163 1078 1330 1115 ὲνθεωρῆσαι
1343 1087 1350 1112 ;
1366 1078 1410 1111 Ὠς
1425 1079 1479 1116 γὰρ
1488 1079 1539 1114 τῆς
1553 1080 1624 1114 ζωῆς
1638 1080 1684 1106 καὶ
1704 1078 1751 1106 τοῦ
1765 1079 1881 1106 θανάτου

1087 1123 1188 1158 ἀμεσός
1204 1125 1276 1151 ἐστιν
1299 1125 1316 1160 ἡ
1338 1124 1406 1160 πρὸς
1420 1124 1450 1151 τὸ
1467 1125 1587 1151 ἐναντίον
1600 1124 1816 1156 άντιδιάστασις,
1839 1123 1883 1149 of»

1086 1178 1141 1201 τως
1159 1170 1176 1205 ἡ
1197 1170 1324 1206 κυριότης
1344 1169 1412 1206 πρὸς
1428 1170 1475 1206 τὴν
1491 1169 1612 1197 δουλείαν
1631 1170 1747 1205 ἄμικτός
1764 1171 1824 1196 ἐστι
1837 1170 1882 1197 καὶ

1087 1216 1288 1252 ἡλλοτριωμένη
1301 1218 1356 1248 τοῖς
1373 1216 1526 1249 ἰδιάζουσιν.
1541 1216 1577 1242 Οὐ
1590 1216 1643 1252 γὰρ
1656 1216 1688 1242 ἀν
1700 1224 1744 1248 τις
1752 1216 1882 1251 ἑκάτερον

1086 1262 1189 1289 τούτων
1205 1262 1246 1297 ἐφ’
1264 1262 1367 1288 ἑαυτῶν
1380 1262 1499 1298 θεωρῶν,
1513 1262 1559 1288 τὸν
1572 1259 1632 1288 ἴσον
1646 1261 1815 1296 ἀμφοτέροις
1831 1261 1881 1296 ἀρ-

1089 1308 1179 1344 μόσειε
1197 1308 1284 1343 λόγον.
1298 1305 1348 1335 Ὧν
1362 1308 1390 1335 δὲ
1404 1308 1418 1335 6
1434 1308 1512 1342 λόγος
1526 1308 1574 1342 οὐχ
1592 1309 1605 1334 6
1620 1307 1712 1339 αὐτὸς,
1725 1307 1828 1333 τούτων
1837 1306 1882 1332 καὶ

1087 1355 1104 1389 ἡ
1119 1353 1198 1388 φύσις
1214 1353 1322 1385 πάντως
1334 1353 1470 1389 διάφορος.
1499 1353 1532 1379 Εἰ
1545 1351 1592 1380 οὖν
1611 1352 1713 1384 ἁπλοῦς
1739 1351 1812 1378 κατὰ
1835 1351 1882 1386 τὴν

1088 1400 1168 1435 φύσιν
1183 1400 1196 1427 6
1206 1400 1317 1436 Κύριος,
1337 1399 1396 1432 πῶς
1411 1399 1444 1426 ἂν
1456 1399 1562 1434 γένοιτο
1578 1399 1640 1435 περὶ
1652 1399 1683 1425 τὸ
1701 1397 1881 1432 ὑποκείμενον

1087 1448 1103 1482 ἡ
1123 1446 1176 1473 τῶν
1192 1447 1319 1474 ἐναντίων
1338 1446 1444 1482 διπλόη,
1466 1446 1586 1478 δουλείας
1605 1444 1882 1480 συνανακιρνωμένης

245 1482 288 1506 tas
311 1487 373 1507 esse
393 1482 490 1515 possit,
515 1481 645 1509 servitute
671 1483 800 1509 nimirum
827 1491 889 1510 cum
912 1483 1036 1512 domina-

1089 1494 1122 1529 τῇ
1140 1493 1298 1529 κυριότητι;
1322 1492 1390 1519 Ἀλλ’
1407 1493 1431 1519 εί
1451 1491 1553 1529 Κύριος
1567 1491 1638 1519 κατὰ
1660 1491 1711 1526 τὴν
1723 1491 1780 1517 τῶν
1798 1490 1881 1524 ἁγίων

246 1525 321 1552 tione
344 1528 573 1561 contemperalafl
599 1527 651 1554 Sed
677 1528 700 1556 si
727 1528 860 1556 Dominus
885 1531 1036 1558 secundum

245 1574 405 1598 sanctorum
420 1571 573 1598 doctrinam
595 1573 768 1606 conceditur,
793 1574 882 1608 ipsum
896 1579 1036 1610 expertem

245 1624 307 1644 esse
316 1617 448 1644 contrarii
460 1618 621 1652 simplicitas
635 1618 753 1654 subjecti
771 1623 897 1647 testatur.
925 1620 1003 1654 Quod
1015 1622 1038 1650 si

247 1663 335 1697 ipsum
363 1663 467 1690 servire
493 1663 667 1697 denuntiant,
689 1664 791 1691 frustra
813 1665 838 1693 ei
869 1673 969 1694 nomen
990 1667 1039 1694 do-

246 1708 408 1736 minationis
434 1708 599 1736 attribuunt.
617 1709 694 1743 Quod
713 1710 784 1737 enim
811 1711 926 1746 simplex
938 1717 966 1740 et
982 1714 1038 1740 sin-

247 1761 340 1781 cermn
357 1758 467 1788 natura,
484 1754 519 1782 ad
537 1755 691 1783 contrarias
718 1757 902 1791 proprietates
918 1766 980 1786 nou-
996 1759 1038 1787 di-

246 1800 394 1827 scinditur.
409 1799 486 1833 Quod
502 1801 525 1829 si
546 1801 612 1829 illud
624 1802 734 1837 quidem
751 1802 841 1838 ipsum
856 1812 919 1832 esse
930 1805 1036 1838 dicunt,

246 1845 300 1872 hoc
325 1853 390 1873 vero
415 1846 468 1873 dici
492 1856 499 1874 :
519 1851 617 1874 natura
642 1848 751 1882 quidem
782 1856 902 1882 servum,
927 1850 1037 1878 nomine

246 1899 311 1918 vero
325 1891 466 1919 dominum
482 1892 643 1920 :ostendant
667 1893 752 1920 libere
775 1893 912 1928 ejusmodi
930 1903 1035 1929 vocem,

245 1939 272 1963 ct
282 1944 332 1963 nos
343 1944 357 1962 a
367 1935 596 1965 contradictionis
605 1937 746 1966 laboribus
761 1938 849 1974 longis
864 1940 1037 1974 requiescere

247 1981 356 2009 facient.
375 1981 442 2015 Quis
456 1983 528 2010 enim
544 1983 571 2010 in
587 1983 663 2012 vanis
679 1988 733 2010 tam
749 1984 805 2011 otio
817 1985 960 2013 abundans
981 1990 1034 2017 est.

246 2033 276 2055 ut
292 2033 397 2063 aperta,
418 2029 491 2056 clara
505 2034 531 2056 et
541 2029 693 2057 indubitata
704 2031 860 2058 rationibus
869 2031 1035 2067 redarguat?

245 2073 340 2109 Neque
349 2074 422 2102 enim
433 2074 455 2102 si
465 2074 527 2110 quis
541 2075 583 2102 sui
595 2075 682 2111 ipsius
695 2076 778 2104 caedis
790 2077 880 2105 scelus
897 2077 1036 2106 indicave-

245 2119 291 2152 rit,
307 2121 516 2148 accusatoribus
540 2121 618 2148 labor
633 2121 808 2156 relinquitur,
831 2123 914 2150 certis
930 2127 960 2150 ut
986 2124 1035 2152 de-

1090 1538 1263 1566 διδασκαλίαν
1288 1537 1614 1573 ὁμολογεῖται,ἀμέτοχον
1636 1536 1717 1563 αὐτὸν
1742 1533 1814 1562 εἶναι
1834 1534 1880 1561 τοῦ

1090 1585 1211 1611 ἐναντίου
1232 1585 1248 1620 ή
1275 1583 1394 1619 ἁπλότης
1419 1582 1466 1610 τοῦ
1494 1583 1674 1618 ὑποκειμένου
1701 1581 1879 1617 μαρτύρεται.

1090 1631 1121 1657 Et
1135 1631 1162 1657 δὲ
1176 1630 1309 1657 δουλεύειν
1338 1630 1418 1657 αὑτὸν
1433 1630 1637 1665 ἀποφαίνονται,
1653 1629 1743 1664 μάτην
1760 1627 1834 1661 αὐτῷ
1852 1626 1881 1653 τὸ

1088 1677 1173 1713 ὄνομα
1182 1675 1423 1713 προσμαρτυροῐωι
1433 1676 1482 1711 τῆς
1489 1676 1657 1711 κυριότητος.
1668 1675 1706 1701 Τὸ
1717 1674 1772 1710 γὰρ
1779 1673 1881 1701 ἀπλοῦν

1087 1723 1121 1757 τῇ
1138 1721 1217 1755 φύσει
1234 1721 1302 1756 πρὸς
1318 1721 1352 1747 τὰ
1367 1721 1475 1748 ἐναντία
1498 1721 1551 1747 τῶν
1569 1720 1723 1755 ἰδιωμάτων
1738 1720 1769 1746 οὐ
1779 1719 1880 1753 διασχί-

1089 1766 1172 1798 ζεται.
1195 1766 1225 1792 Εἰ
1236 1766 1264 1792 δὲ
1276 1766 1306 1792 τὸ
1319 1765 1369 1801 μὲν
1378 1763 1448 1792 εἷναί
1461 1773 1542 1800 φασιν
1554 1765 1680 1797 αὺτὸν,τδ
1692 1765 1721 1791 δὲ
1735 1764 1878 1798 λέγεσθαι·

1087 1813 1119 1848 τῇ
1132 1812 1211 1846 φύσει
1228 1811 1276 1847 μὲν
1288 1811 1390 1844 δοῦλον,
1405 1811 1444 1847 τῷ
1467 1811 1577 1846 ὀνόματι
1597 1811 1625 1837 δὲ
1640 1810 1743 1846 Κύριον
1755 1819 1762 1826 ⁶
1794 1809 1880 1842 δειξά-

1088 1867 1177 1885 τωσαν
1189 1858 1218 1884 ὲν
1235 1858 1378 1893 παρρησία
1389 1858 1517 1893 τοιαύτην
1533 1857 1634 1892 φωνὴν,
1646 1857 1693 1883 καὶ
1707 1856 1880 1883 ἀναπαύσον-

1089 1913 1130 1930 σιν
1145 1905 1218 1939 ἡμᾶς
1232 1903 1285 1930 τῶν
1311 1903 1424 1940 μακρῶν
1447 1903 1510 1939 περὶ
1527 1904 1575 1940 τὴν
1596 1903 1758 1939 ἀντίρρησιν
1778 1903 1877 1930 πόνων.

1052 1971 1056 1975 .
1087 1951 1134 1982 Τίς
1151 1951 1204 1985 γὰρ
1216 1950 1300 1981 οὕτως
1315 1951 1343 1976 ὲν
1358 1952 1415 1982 τοῖς
1435 1951 1558 1986 ματαίοις
1577 1950 1714 1985 εὗσχολος,
1729 1950 1768 1981 ὡς
1784 1950 1818 1977 τὰ
1830 1958 1880 1984 φα-

1087 1997 1153 2032 νερά
1172 2005 1201 2023 τε
1219 1997 1265 2023 καὶ
1286 1996 1457 2032 ἀναμφίϐολα
1483 1997 1526 2024 διὰ
1549 1997 1688 2032 λογισμῶν
1709 1995 1878 2031 ἐξελέγχειν;

1087 2043 1153 2069 Οὐδὲ
1169 2042 1224 2078 γὰρ
1244 2043 1271 2069 εἴ
1281 2051 1322 2073 τις
1343 2042 1439 2069 ἑαυτοῦ
1455 2044 1656 2078 καταμηνύσειε
1675 2042 1723 2069 τοῦ
1746 2043 1828 2077 φόνου
1850 2041 1880 2069 τὺ

1089 2088 1203 2123 μίασμα,
1227 2088 1307 2119 πόνος
1326 2097 1368 2119 τις
1383 2088 1558 2115 ὑπολείπεται
1575 2090 1632 2120 τοῖς
1655 2088 1832 2124 κατηγόροις,
1847 2088 1880 2114 δι’

1087 2132 1249 2165 ἀποδείξεών
1274 2142 1354 2160 τινων
1367 2134 1442 2168 ἄγειν
1465 2133 1514 2169 τὴν
1531 2133 1685 2168 μιαιφονίαν
1703 2135 1743 2165 είς
1759 2133 1878 2169 ἔλεγχον.

246 2167 493 2194 monstratiouibus
507 2166 607 2193 caedem
624 2166 657 2194 ad
669 2167 858 2202 probationem
883 2168 1031 2202 adducant,

1087 2178 1163 2205 Οὕτω
1177 2179 1224 2205 καὶ
1238 2179 1317 2214 ἡμεῖς
1331 2166 1422 2205 οὐκέτι
1434 2179 1480 2206 τὸν
1492 2166 1588 2214 εκ-τῆς
1598 2166 1753 2213 εξετάσεως
1766 2166 1877 2215 ἐλεγγον

246 2219 361 2246 eamque
380 2211 479 2238 faciant
493 2219 554 2239 esse
571 2212 745 2240 convincam.
765 2213 811 2241 Sic
831 2222 882 2242 nos
903 2222 957 2242 non
977 2223 1036 2242 am-

247 2258 319 2292 plius
334 2257 505 2292 argumentis
521 2260 596 2284 Certa
619 2257 726 2285 ratione
740 2259 885 2294 exquisitis
907 2260 1035 2289 adversa-

247 2302 303 2329 rios
318 2301 561 2337 reprehendemus,
575 2310 637 2329 cum
654 2302 795 2338 hucusque
813 2304 951 2340 impietate
971 2313 1036 2341 pro-

247 2348 396 2376 cesserint.
406 2347 459 2380 Qui
472 2348 544 2376 enim
553 2349 723 2384 unigenitum
738 2350 822 2379 Deum
836 2360 945 2380 servum
954 2357 1036 2381 natu-

247 2402 276 2421 ra
290 2395 400 2426 asserit,
413 2395 486 2422 hunc
496 2394 548 2422 sibi
557 2402 719 2424 conservum
729 2405 778 2432 per
792 2406 853 2433 qua
862 2398 897 2425 ait
907 2399 1034 2428 adstruit:

247 2447 280 2467 ex
299 2448 386 2474 eoque
406 2439 506 2475 duplex
531 2441 687 2471 absurdilas
704 2446 860 2472 necessario
882 2445 1035 2481 inferetur;

248 2487 288 2514 vel
304 2486 376 2513 enim
395 2493 557 2514 conservum
581 2492 738 2516 contemnet
756 2494 784 2517 et
804 2490 887 2517 fidem
912 2492 1034 2527 negabit,

245 2532 313 2567 jugo
327 2532 522 2561 dominationis
536 2533 638 2562 Christi
654 2542 789 2570 excusso;
803 2536 845 2564 vel
859 2544 968 2564 servum
988 2547 1035 2566 vc-

248 2577 399 2611 nerabitur,
415 2582 442 2605 et
457 2585 583 2607 naturam
601 2581 644 2608 sui
669 2581 740 2616 juris
754 2585 782 2609 et
797 2582 911 2610 liberam
924 2590 1033 2612 aversa-

247 2627 303 2654 tus,
319 2624 436 2658 quodam
452 2625 533 2653 modo
552 2627 673 2661 seipsum
690 2635 740 2662 pro
757 2627 812 2655 Deo
827 2628 909 2656 colet.
923 2628 950 2657 Si
962 2629 1036 2658 enim

247 2668 274 2695 in
292 2669 425 2697 servitute
445 2670 557 2705 quidem
578 2671 710 2706 seipsum,
742 2672 769 2700 in
785 2674 917 2701 servitute
944 2679 1035 2703 autem

247 2714 321 2742 videt
334 2715 415 2743 etiam
430 2716 457 2743 id
471 2716 544 2751 quod
552 2717 662 2750 colitur,
674 2717 702 2745 in
718 2718 838 2753 seipsum
852 2720 933 2754 plane
945 2721 1035 2749 intue-

247 2764 302 2793 tur,
318 2763 363 2796 qui
380 2762 464 2789 alium
485 2758 606 2797 seipsum
625 2763 652 2790 in
668 2771 701 2791 eo
711 2765 785 2799 quod
803 2765 935 2793 adoratur
951 2767 1034 2795 videt.

250 2807 401 2837 Enimvero.
411 2809 463 2835 alia
478 2809 569 2837 omnia
585 2817 646 2845 qua:
661 2811 817 2840 necessario
831 2812 859 2840 in
876 2812 958 2848 hujus
970 2813 1035 2850 dog-

1087 2223 1143 2254 τοῖς
1157 2223 1288 2255 ἐναντίοις
1304 2223 1459 2259 ἐποίσομεν,
1476 2224 1540 2250 ὅταν
1554 2224 1635 2260 μέχρι
1654 2224 1750 2251 τούτου
1766 2226 1800 2260 τῇ
1816 2226 1879 2251 ἀσε-
1912 2259 1915 2261 ἓ

1087 2266 1148 2302 δείᾳ
1162 2267 1339 2302 προέλθωσιν.
1372 2268 1401 2294 '0
1413 2268 1466 2303 γὰρ
1478 2268 1570 2295 δοῦλον
1589 2271 1623 2305 τῇ
1637 2268 1718 2304 φύσει
1732 2269 1822 2304 λέγων
1835 2270 1880 2296 τὸν

1088 2313 1219 2348 μονογενῆ
1234 2313 1310 2346 Θεὸν,
1331 2314 1474 2349 ὁμόδουλον
1497 2315 1587 2350 ἑαυτῷ
1601 2315 1695 2342 τοῦτον
1704 2315 1739 2342 δι’
1754 2313 1793 2342 ὧν
1808 2316 1878 2350 λέγει

1086 2359 1296 2391 κατασκευάζει,
1306 2360 1339 2386 ὲκ
1348 2359 1377 2386 δὲ
1388 2360 1482 2387 τούτου
1491 2360 1571 2395 διπλῆ
1583 2362 1599 2396 ή
1613 2361 1713 2388 ἀτοπία
1725 2363 1787 2388 κατ’
1803 2362 1879 2395 ἀνάγ-

1087 2414 1138 2441 κην
1147 2405 1377 2441 συνενεχθήσεται.
1389 2407 1424 2433 Ἢ
1437 2407 1491 2442 γὰρ
1501 2408 1702 2443 καταφρονήσει
1712 2408 1760 2434 τοῦ
1766 2409 1878 2443 ὁμοδού-

1086 2451 1133 2478 λου
1148 2452 1195 2478 καὶ
1206 2452 1255 2488 τὴν
1265 2452 1356 2479 πίστιν
1367 2453 1526 2489 ἀρνήσεται,
1537 2453 1582 2480 τὸν
1596 2453 1678 2488 ζυγὸν
1689 2455 1739 2488 τῆς
1752 2454 1801 2480 τοῦ
1815 2456 1880 2490 Χρι-

1087 2496 1150 2523 στοῦ
1159 2497 1317 2529 δεσποτείας
1327 2498 1551 2534 ἀποσεισάμενος·
1561 2498 1577 2533 ἢ
1590 2499 1724 2533 ύποκύψει
1736 2499 1776 2535 ’ιῷ
1783 2499 1878 2535 δούλῳ,

1086 2543 1133 2569 καὶ
1143 2542 1328 2578 ἀποστραφεὶς
1338 2544 1387 2579 τὴν
1397 2544 1553 2580 αὐτοκρατῆ
1564 2553 1594 2571 τε
1607 2545 1652 2571 καὶ
1668 2545 1820 2572 ἀδέσποτον
1831 2546 1878 2580 φύ-

1087 2597 1138 2620 σιν,
1152 2589 1252 2624 τρόπον
1267 2590 1328 2616 τινὰ
1341 2590 1436 2617 ἑαυτὸν
1451 2591 1512 2617 ἀντὶ
1523 2590 1591 2617 Θεοῦ
1607 2591 1818 2627 σεδασθήσεται.
1847 2593 1877 2620 Ei

1086 2633 1140 2669 γὰρ
1150 2635 1180 2661 ὲν
1193 2634 1300 2671 δουλείᾳ
1316 2635 1366 2671 μὲν
1381 2636 1485 2668 ἑαυτὸν,
1507 2637 1536 2662 ὲν
1555 2636 1661 2672 δουλείᾳ
1679 2636 1707 2663 δὲ
1720 2638 1772 2673 ὁρᾷ
1788 2638 1835 2664 καὶ
1849 2638 1879 2664 τδ

1087 2679 1222 2716 σέϐασμα,
1231 2681 1299 2717 πρὸς
1312 2682 1407 2709 ἑαυτὸν
1415 2682 1535 2718 ἀτεχνῶς
1549 2682 1653 2717 βλέπει,
1665 2684 1679 2709 6
1690 2683 1769 2710 ἀλλον
1783 2684 1877 2710 ἑαυτὸν

1086 2725 1115 2752 ὲν
1131 2725 1170 2760 τῷ
1182 2727 1334 2762 σεδάσματι
1349 2728 1467 2763 βλέπων.
1496 2728 1577 2756 Ἀλλά
1595 2728 1648 2764 μὴν
1661 2728 1696 2755 τὰ
1708 2728 1777 2755 ἄλλα
1791 2730 1874 2756 πάντα

1086 2771 1135 2798 ὅσα
1150 2773 1210 2798 κατ’
1224 2773 1347 2809 ἀνάγκην
1362 2775 1395 2809 τῇ
1413 2774 1498 2810 κακίᾳ
1511 2773 1598 2810 ταύτῃ
1616 2774 1810 2810 συνθεωρετται
1830 2774 1873 2801 τοῦ

1086 2817 1230 2852 δόγματος,
1244 2819 1286 2852 τίς
1300 2819 1333 2847 ἂν
1347 2820 1562 2857 ἐξαριθμήσαιτο
1575 2820 1652 2855 λόγος
1665 2829 1672 2854 ;
1697 2821 1746 2853 Τίς
1756 2821 1810 2857 γὰρ
1826 2822 1874 2849 οὐκ
