1923 3071
37 130 91 157 κιο

589 133 727 161 CONTRA
747 133 938 170 EUNOMIUM,
960 137 1022 164 LIB.
1046 139 1078 166 Χ.

1610 138 1661 165 850

37 182 110 210 οἶδεν
121 185 161 211 ὅτι
171 185 185 211 6
198 184 290 217 δοῦλος
299 186 332 222 τῇ
346 186 424 220 φύσει
435 187 481 214 καὶ
494 188 558 224 πρὸς
570 188 730 225 δεσποτικὴν
741 190 824 224 ἀνάγ-

880 193 957 220 matis
967 194 1145 228 perversitate
1153 199 1322 230 spectantur,
1342 200 1359 228 (ι
1379 196 1404 223 is
1411 199 1500 221 sermo
1515 199 1661 221 enumera-

37 238 92 265 κην
115 230 309 266 ἠσχολημένος,
335 232 395 258 οὐδὲ
415 232 462 259 τοῦ
478 233 547 260 κατὰ
566 234 611 262 τὺν
629 235 710 269 φόϐον
727 235 827 267 πάθους

38 276 119 307 ἐκτὸς
131 276 164 303 ἂν
179 276 239 312 air];
271 278 444 310 συνέζευκται
465 280 519 316 γάρ
540 289 596 313 πως
620 283 653 317 τῇ
680 282 759 317 φύσει
778 283 828 318 τῆς

39 321 162 353 δουλείας
177 322 192 348 6
209 323 300 357 φόϐος.
324 323 380 351 Καὶ
394 324 487 351 τούτου
504 325 608 361 μάρτυς
620 328 634 354 6
653 327 723 360 θεῖος
745 328 827 355 Ἀπό-

40 367 134 399 στολος
157 367 257 399 εἰπὼν,
280 369 320 395 ὅτι
340 370 401 396 Οὐκ
416 369 536 398 ἐλάϐετε
552 372 669 407 πνεῦμα
689 373 829 408 δουλείας

39 412 135 439 πάλιν
147 414 191 446 εἰς
201 414 306 448 φόϐον.
330 415 409 441 Ὥστε
424 415 484 442 καθ’
498 417 643 452 ὁμοιότητα
655 418 707 446 τῶν
720 419 824 456 ἀνθρώ-

40 466 100 484 πων
114 458 161 485 καὶ
171 459 201 485 τὸ
214 459 284 486 κατὰ
297 459 342 487 τὸν
357 461 438 495 φόϐον
452 462 535 495 πάθος
551 464 775 500 ἐπιθρυλλὴσουσι
787 464 825 500 τῷ

38 503 177 539 ὁμοδούλῳ
191 503 260 540 Θεῷ.

85 636 153 662 Ἀλλ’
167 637 181 663 6
198 636 247 671 μὲν
265 637 313 671 τῆς
331 638 462 673 αἱρέσεως
480 639 556 672 Θεὸς,
575 640 710 667 τοσοῦτον.
735 641 828 676 Ἡμεῖς

39 681 71 708 δὲ
83 683 107 708 et
120 682 191 708 κατὰ
205 682 250 709 τὸν
273 683 440 716 Ἀπόστολον,
459 685 502 711 ἐπ’
518 685 656 722 ἐλευθερίᾳ
679 686 754 722 παρὰ
762 687 828 722 Χρισ

41 727 107 754 στοῦ
123 728 267 763 κληθέντες
284 728 330 755 τοῦ
341 729 389 763 τῆς
402 729 523 762 δουλείας
539 731 612 766 ἡμᾶς
629 732 827 767 ἐλευθερώσαν-

39 781 102 804 τος,
130 773 179 800 ὃσα
202 775 309 809 φρονεῖν
330 775 404 810 παρά
426 775 480 802 τῶν
504 776 618 812 Γραφῶν
639 777 826 814 ἐδιδάχθημεν,

39 819 77 845 δι’
95 819 192 853 ὀλίγων
206 807 376 856 ὲέιθήσομαιί
396 821 466 856 Ἐγὼ
487 807 540 857 γὰρ
552 807 583 849 ei
596 823 646 857 τῆς
668 807 741 856 θείας
754 807 828 850 ἕιδα-ἰ
843 807 864 834 Β

42 864 156 896 σκαλίας
174 864 343 900 ὁρμώμενος,
362 864 470 902 θαρσῶν
491 867 684 904 ἀποφαίνομαι,
708 869 749 896 ὅτι
769 869 829 896 οὐδὲ

41 910 229 944 ἡμᾱςῶύλους
237 912 251 937 6
260 910 330 942 θεῖος
340 911 461 946 βούλεται
469 913 557 947 λόγος,
565 916 829 951 μετασκευασθεισης

41 957 61 990 ἡ
66 957 111 991 μίν
119 957 185 992 πρὸς
193 957 224 984 τὸ
231 959 352 993 κρεῖττον
364 959 412 994 τῆς
424 959 539 994 φύσεως.
552 961 606 987 Καὶ
618 962 632 987 6
644 962 730 988 πάντα
737 962 827 988 λαϐὼν

41 1003 79 1029 τὰ
94 1003 214 1039 ἡμέτερα
224 1024 231 1035 ,
249 1005 290 1039 ἐφ’
311 1003 363 1039 ᾧτε
388 1005 537 1033 ἀντιδοῦναι
553 1007 586 1033 τὰ
601 1006 664 1040 ῐδια,
677 1008 714 1040 ὡς
723 1009 773 1041 τὰς
785 1008 829 1035 νό-

41 1056 119 1081 σους,
128 1049 229 1076 καὶτὸν
240 1049 364 1082 θάνατον,
378 1051 424 1077 καὶ
434 1051 482 1086 τὴν
491 1052 730 1092 κατάραν,καὶτῆν
741 1054 829 1090 ἁμαρ-

40 1094 114 1126 τίαν,
129 1094 199 1121 οὕτω
224 1096 270 1122 καὶ
288 1096 337 1131 τὴν
355 1095 476 1124 δουλείαν
495 1097 589 1125 ἔλαϐεν
601 1107 608 1114 ·
633 1099 681 1134 οὐχ
695 1100 733 1132 ὡς
749 1101 830 1127 αὐτὸν

42 1141 118 1175 ἔχειν
132 1140 150 1167 ἃ
160 1141 265 1174 ἔλαϐεν,
281 1141 337 1167 ἀλλ’
350 1141 388 1173 ὡς
410 1143 558 1179 ἐκκαθᾶραι
571 1144 625 1171 τῶν
641 1145 767 1172 τοιούτων
781 1146 830 1182 τὴν

41 1187 135 1221 φύσιν,
160 1186 394 1222 ὲξαφανισθέντων
415 1189 444 1215 ὲν
464 1190 498 1225 τῇ
523 1190 653 1226 ἀκηράτῳ
679 1190 757 1225 φύσει
776 1192 830 1219 τῶν

40 1235 194 1270 ἡμετέρων.
230 1235 274 1266 Ὠς
288 1232 333 1261 οὖν
351 1235 400 1261 οὐκ
415 1234 490 1261 ἔσται
504 1235 575 1262 κατὰ
587 1236 636 1271 τὴν
652 1236 830 1273 ἐλπιζομένην

40 1280 117 1316 ζωὴν
129 1280 159 1307 οὐ
172 1280 258 1312 νόσος,
273 1280 303 1306 οὐ
314 1280 432 1315 κατάρα,
448 1281 496 1315 οὐχ
515 1281 645 1316 ἁμαρτία,
663 1282 693 1308 οὐ
706 1282 828 1315 θάνατος,

39 1326 130 1358 οὕτως
142 1327 181 1358 εις
200 1326 352 1361 ἀφανισμὸν
372 1327 418 1352 καὶ
433 1326 450 1361 ἠ
471 1326 575 1354 δουλεία
591 1328 660 1362 μετὰ
676 1328 777 1355 τούτων
790 1329 830 1355 δι-

39 1371 192 1399 ελεύσεται.
222 1372 277 1398 Καὶ
291 1372 332 1398 ὅτι
346 1371 431 1399 ταῦτα
447 1371 533 1408 ἀληθῆ
548 1372 635 1407 λέγω,
659 1373 743 1409 αὐτὴν
762 1372 830 1409 πρὸς

41 1417 196 1453 μαρτυρίαν
209 1417 283 1444 καλῶ
293 1418 342 1454 τὴν
358 1418 495 1454 ἀλήθειαν,
510 1418 527 1453 ἥ
542 1427 607 1454 φησι
621 1419 690 1455 πρὸς
705 1420 767 1452 τοὺς
777 1429 829 1456 μα-

876 239 967 267 verit?
991 239 1058 272 Quis
1074 241 1147 268 enim
1174 241 1282 276 ignorat
1307 239 1380 274 quod
1398 243 1496 267 natura
1520 246 1617 267 servus
1634 243 1659 266 et

882 284 982 312 domini
997 285 1161 314 necessitate
1186 290 1347 320 occupatus,
1368 292 1461 320 neque
1475 285 1658 319 perturbatio-

875 331 919 359 nis
934 335 1024 359 metus
1041 336 1067 359 et
1083 331 1188 360 timoris
1198 331 1278 359 fuerit
1289 330 1405 365 expers?
1418 330 1501 356 timor
1510 330 1581 357 enim
1592 337 1662 364 quo-

875 376 937 404 dam
962 377 1043 404 modo
1064 385 1126 404 cum
1153 381 1253 405 natura
1265 377 1407 404 servitutis
1432 376 1595 411 coniunctus
1619 378 1662 403 cst

876 422 1034 457 etjugatus.
1050 422 1137 459 Hujus
1160 424 1198 451 rei
1211 424 1288 451 testis
1299 423 1408 450 divinus
1423 422 1579 457 Apostolus.
1597 427 1659 447 cum

877 467 965 496 dixit:
983 468 1045 495 Non
1057 469 1193 503 accepistis
1208 469 1332 503 spiritum
1355 467 1492 495 servitutis
1510 467 1607 494 iterum
1629 473 1660 493 ut

878 515 998 541 timerent
1013 514 1043 540 ιθ.
1071 514 1110 541 lta
1123 519 1152 541 ut
1165 513 1199 541 ad
1214 513 1424 541 similitudinem
1441 512 1595 546 hominum,
1619 515 1661 538 at-

875 568 928 595 que
947 559 1073 588 affectum
1099 560 1208 588 timoris
1233 560 1267 588 de
1296 566 1428 589 censervo
1447 558 1513 597 ._Dco
1534 558 1661 594 prmdica—

876 606 977 634 verint.

914 650 966 678 Sed
983 651 1118 679 haereseos
1135 650 1244 685 quidem
1261 650 1341 681 Deus,
1365 649 1510 676 hactenus.
1535 647 1590 675 Nos
1615 654 1661 673 au‘

879 701 934 724 tem
962 696 1113 724 secundum
1139 696 1311 730 Apestolum,
1340 695 1392 730 qui»
1413 695 1441 722 in
1466 694 1619 722 libertatem
1646 700 1661 718 τι

879 742 991 770 Christo
1005 750 1099 770 sumus
1122 742 1223 775 vocnti,
1239 742 1285 777 qui
1308 749 1359 769 nos
1385 741 1543 768 aservitute
1564 739 1663 766 libera-

880 788 918 816 vit
932 789 964 822 ¹“,
989 796 1049 824 quae
1070 795 1166 823 sapere
1180 792 1207 816 et
1225 788 1326 816 sentire
1340 795 1374 815 ex
1399 786 1549 821 Scripturis
1573 784 1663 813 edocti

879 842 984 867 sumus,
1002 834 1096 869 paucis
1110 840 1253 868 exponam.
1274 833 1329 867 Ego
1346 832 1419 860 enim
1431 839 1463 859 ex
1488 831 1578 858 divina
1597 829 1663 856 doc-

879 880 950 907 trina
965 879 1099 914 impulsus
1118 878 1260 906 conﬁdens
1283 877 1443 913 pronuntio,
1475 875 1548 910 quod
1574 881 1664 909 neque

879 932 928 952 uos
940 924 1049 951 divinus
1066 931 1156 951 sermo
1171 930 1266 951 servos
1275 929 1336 950 esse
1351 921 1417 954 vult,
1432 927 1493 948 cum
1510 923 1603 947 nostra
1628 919 1664 946 sit

879 970 906 997 in
928 969 1025 997 melius
1053 972 1177 1004 reparata
1203 971 1311 995 natura.
1340 966 1372 993 Et
1385 965 1431 1001 qui
1456 965 1548 992 omnia
1569 967 1663 994 nostra

879 1015 1006 1051 sumpsit,
1029 1019 1059 1042 ut
1081 1022 1130 1043 sua
1147 1014 1226 1042 nobis
1250 1012 1416 1044 refunderet,
1434 1015 1463 1038 ut
1494 1010 1615 1041 morbos,
1637 1013 1664 1035 et

880 1067 1006 1095 mortem,
1019 1067 1047 1090 et
1062 1060 1293 1091 maledictionem,
1305 1062 1331 1086 et
1351 1056 1553 1094 peccatum,sic
1568 1058 1594 1082 et
1607 1062 1665 1082 ser-

879 1107 992 1136 vitutem
1005 1108 1092 1142 cepit:
1109 1114 1164 1134 non
1179 1105 1253 1140 quod
1269 1105 1329 1140 ipse
1342 1104 1454 1131 haberet
1463 1110 1495 1130 ea
1508 1109 1569 1136 qua:
1581 1100 1664 1135 cepit.

879 1152 927 1180 sed
944 1156 974 1180 ut
985 1157 1112 1179 naturam
1127 1150 1228 1178 talibus
1249 1149 1382 1184 expiaret,
1408 1147 1541 1175 obsoletis
1562 1149 1589 1173 et
1615 1153 1664 1172 ex-

879 1199 990 1234 punctis
1023 1198 1050 1225 in
1079 1201 1179 1224 natura
1204 1193 1403 1230 incorruptibili
1433 1194 1466 1221 iis
1494 1200 1553 1227 qua:
1572 1197 1665 1219 nostra

879 1249 953 1273 sunt.
969 1244 1047 1272 Sicut
1074 1243 1157 1278 igitur
1173 1242 1200 1269 in
1217 1241 1271 1269 vita
1290 1248 1351 1276 qua:
1375 1245 1510 1274 speratur,
1537 1245 1591 1264 non
1614 1235 1666 1263 erit

880 1289 1003 1320 morbus,
1018 1296 1072 1315 non
1082 1286 1269 1318 maledictum,
1282 1292 1336 1312 non
1345 1287 1497 1319 peccatum,
1508 1290 1562 1309 non
1572 1288 1646 1307 mors
1657 1289 1663 1308 :

879 1336 919 1363 sic
934 1335 968 1363 ad
983 1333 1160 1362 abolitionem
1176 1339 1238 1359 cum
1252 1331 1294 1359 his
1311 1331 1392 1359 etiam
1404 1329 1522 1358 servitus
1530 1327 1664 1356 dcveniet.

879 1379 958 1414 Quod
973 1383 1062 1407 autem
1076 1378 1134 1405 haec
1150 1384 1213 1405 vera
1230 1377 1301 1408 dico,
1319 1376 1406 1411 ipsam
1422 1375 1456 1402 ad
1477 1373 1665 1402 testimonium

880 1426 1021 1454 veritatem
1036 1432 1112 1458 voco,
1127 1415 1188 1459 (ιιωὲ
1199 1423 1237 1450 ait
1251 1422 1284 1450 ad
1306 1420 1549 1456 discipulos:Jam
1563 1428 1615 1447 non
1624 1418 1666 1445 di-

38 1464 128 1498 οητὰς
138 1483 146 1495 ,
169 1463 209 1490 ὅτι
227 1463 329 1490 οὐκέτι
346 1463 428 1491 κα.ὶῶ
441 1464 519 1499 ὑμᾶς
529 1464 666 1498 δούλους,
681 1466 761 1493 ἀλλὰ
780 1467 827 1501 φί-

880 1480 937 1498 cam
953 1480 996 1498 vos
1013 1478 1111 1503 seruos,
1125 1469 1170 1496 sed
1185 1469 1283 1496 amicos
1300 1469 1322 1484 ²⁰
1337 1488 1343 1494 .
1360 1467 1388 1495 Si
1398 1468 1481 1503 igitur
1496 1467 1523 1494 id
1535 1465 1611 1501 quod
1620 1473 1665 1492 se-

38 1511 127 1541 .lovc.
155 1508 185 1535 Et
200 1506 246 1536 οὖν
261 1509 290 1535 τὺ
309 1509 371 1536 καθ’
384 1511 458 1545 ἡμᾶς
476 1510 551 1537 ἔσται
566 1510 630 1537 ποτὲ
645 1510 692 1537 τοῦ
707 1511 756 1545 τῆς
768 1511 828 1538 δου-

38 1555 116 1586 λείας
129 1554 246 1586 ὀνείδους
253 1554 404 1590 ἐλεύθερον,
420 1554 478 1586 πῶς
491 1555 505 1580 6
517 1553 564 1581 τοῦ
579 1555 680 1585 παντὸς
692 1556 830 1592 Δεσπότης

38 1601 119 1636 παρὰ
136 1601 184 1636 τῆς
200 1600 392 1636 παραπληξιας
411 1609 442 1627 τε
457 1602 503 1628 καὶ
524 1601 620 1635 μανίας
645 1601 700 1628 τῶν
717 1602 828 1638 ἐξεστη-

38 1646 128 1672 κότων
142 1645 245 1673 τούτων
263 1646 471 1673 καταδουλοῦται
483 1655 489 1679 ;
510 1646 542 1673 Οἳ
558 1647 628 1673 κατὰ
639 1647 670 1673 τὸ
684 1647 828 1675 ἀκόλουθον

38 1693 162 1724 πάντως,
183 1691 244 1719 οὐδὲ
259 1691 403 1726 γινώσκειν
416 1692 496 1718 αὑτὸν
511 1691 545 1718 τὰ
561 1692 608 1718 τοῦ
621 1693 727 1729 Πατρὸς
746 1693 830 1728 διορί-

37 1738 144 1770 ζονται,
158 1737 201 1764 διὰ
215 1738 264 1774 τὴν
281 1738 344 1773 περὶ
357 1737 412 1764 τῶν
428 1737 528 1764 δούλων
542 1737 689 1773 ἀπόφασιν,
735 1747 828 1774 φησιν,

37 1787 81 1812 ὅτι
99 1785 114 1811 6
130 1784 221 1816 δοῦλος
240 1784 289 1810 οὐκ
303 1781 357 1811 οἶδε
371 1785 396 1810 τί
411 1786 485 1811 ποιεῖν
498 1786 512 1811 6
536 1784 629 1821 κύριος
645 1785 737 1812 αὐτοῦ.
760 1786 829 1812 Ἀλλ’

37 1833 106 1858 ὅταν
122 1830 207 1857 ταῦτα
221 1830 345 1864 λέγωσιν,
359 1831 552 1858 ἀκουσάτωσαν
565 1832 604 1858 ὅτι
620 1831 708 1858 πάντα
723 1832 751 1857 ὲν
768 1832 830 1857 ἑαυ-

37 1877 80 1912 τῷ
95 1876 128 1903 τὰ
141 1875 187 1902 τοῦ
202 1876 307 1911 Πατρὸς
317 1877 332 1903 6
351 1876 414 1907 Υἱὸς
430 1876 495 1912 ἔχει,
513 1877 559 1904 καὶ
577 1877 663 1903 πάντα
676 1877 767 1912 βλέπει
780 1877 829 1904 ὃσα

38 1924 53 1950 ὁ
68 1923 165 1957 Πατὴρ
184 1923 265 1955 ποιεῖ,
279 1923 326 1948 καὶ
341 1922 415 1948 οὐδὲν
429 1922 483 1949 τῶν
502 1923 641 1958 πατρικῶν
657 1923 764 1957 ἀγαθῶν
777 1923 830 1956 ἔξω

36 1969 91 2002 τῆς
118 1967 165 1994 τοῦ
178 1967 345 2002 Μονογενοῦς
371 1968 428 1994 ἔστι
441 1967 575 2002 γνώσεως.
608 1968 671 2000 Πῶς
687 1969 740 2004 γὰρ
757 1969 788 1996 ἀν
804 1977 829 1995 τι

37 2016 89 2042 τοῦ
103 2014 207 2049 Πατρὸς
221 2014 258 2048 μὴ
272 2014 338 2048 ἔχοι,
351 2013 410 2040 ὅλον
427 2013 495 2048 ἔχων
510 2015 538 2040 ἐν
551 2014 638 2049 ἑαυτῷ
652 2015 698 2041 τὸν
710 2014 828 2049 Πατέρα;

38 2059 148 2086 Οὐκοῦν
165 2060 188 2086 ει
204 2058 296 2090 δοῦλος
321 2059 370 2094 μὲν
384 2059 414 2085 οὐ
428 2059 556 2093 γινώσκει
577 2059 603 2085 τί
620 2061 691 2086 ποιεῖ
708 2061 722 2086 6
737 2059 831 2086 δεσπό-

37 2114 102 2141 της,
117 2105 132 2131 6
147 2105 175 2131 δὲ
187 2105 274 2132 πάντα
287 2105 315 2131 ὲν
329 2104 417 2140 ἑαυτῷ
431 2104 465 2130 τὰ
479 2103 525 2130 τοῦ
540 2104 647 2140 Πατρὸς
664 2104 730 2139 ἔχει,
745 2104 830 2139 νηψά-

37 2151 133 2178 τωσάν
149 2158 214 2176 ποτε
230 2151 254 2176 ot
269 2151 302 2185 τῇ
318 2149 386 2185 μέθῃ
401 2149 564 2184 παράφοοοι,
576 2150 624 2176 καὶ
638 2150 829 2184 ἀναϐλεψάτω-
845 2143 870 2170 D-

38 2205 93 2223 σαν
103 2196 151 2222 νῦν
159 2195 224 2229 γοῦν
233 2195 300 2231 πρὸς
308 2195 356 2230 τὴν
367 2195 504 2231 ἀλήθειαν,
534 2197 573 2223 ὅτι
585 2196 599 2221 6
612 2195 699 2222 πάντα
708 2195 776 2230 ἔχων
787 2196 829 2230 ἐφ’

37 2241 141 2271 ἑαυτοῦ
156 2241 328 2277 χαρακτῆρα,
346 2241 393 2268 καὶ
405 2242 419 2268 6
433 2241 480 2268 τοῦ
494 2241 594 2272 παντὸς
617 2241 775 2277 βασιλεύων,
793 2243 829 2277 μὴ

37 2287 174 2322 ὁμότιμον
188 2286 244 2321 ἔχει
259 2286 348 2321 ἐαυτῷ
366 2285 415 2321 τὴν
440 2287 557 2322 μορφήν.
575 2287 611 2312 Ἢ
627 2287 685 2318 πῶς
703 2288 719 2321 ἡ
734 2287 830 2322 ἀτιμία

37 2334 92 2368 τῆς
110 2333 241 2369 ἀληθινῆς
253 2331 438 2366 ἀπαυγάζεται
453 2332 531 2366 δόξης
544 2341 552 2365 ;
570 2332 678 2366 Ἀτιμία
691 2333 746 2369 γάρ
757 2334 830 2360 ἐστιν

38 2381 56 2414 ἡ
71 2378 192 2405 δουλεία.
220 2377 282 2409 Πῶς
295 2378 323 2404 δὲ
334 2378 349 2404 6
363 2377 409 2404 τοῦ
426 2377 558 2412 βασιλέως
578 2378 635 2409 υἱὸς
655 2379 695 2410 εὶς
709 2379 830 2406 δουλείαν

38 2425 190 2459 γεννᾶται;
203 2425 259 2452 Οὐκ
272 2423 329 2450 ἐστι
342 2423 437 2456 ταῦτα,
455 2423 505 2450 οὐκ
516 2423 599 2450 ἐστιν.
632 2423 701 2450 Ἀλλ’
717 2424 755 2456 ὡς
773 2425 830 2459 φῶς

37 2473 74 2497 ὲκ
98 2469 199 2503 φωτὸς,
219 2468 266 2495 καὶ
289 2467 345 2503 ζωὴ
365 2468 397 2494 ὲκ
412 2467 493 2503 ζωῆς,
515 2467 543 2501 ἐξ
564 2468 692 2503 ἀληθείας
706 2469 827 2505 ἀλήθεια,

37 2515 116 2542 οὕτω
130 2515 177 2541 καὶ
192 2515 224 2541 ἐκ
240 2514 341 2549 Κυρίου
361 2513 471 2549 Κύριος,
491 2513 617 2548 βασιλεὺς
640 2515 671 2540 ὲκ
689 2514 831 2549 βασιλέως,

38 2563 74 2588 ἐκ
97 2560 167 2588 Θεοῦ
184 2559 261 2593 Θεὸς,
288 2559 317 2593 ἐξ
339 2559 485 2586 ἀδεσπότου
504 2559 669 2591 ἀδέσποτος·
694 2560 753 2587 ὅλον
779 2560 833 2596 γὰρ

39 2607 114 2642 ἔχων
133 2607 162 2633 ὲν
182 2606 270 2640 ἑαυτῷ
290 2606 336 2632 τὸν
351 2605 470 2639 Πατέρα,
487 2605 513 2631 εί
531 2613 557 2631 τι
572 2606 696 2641 όΠατὴρ
724 2606 780 2640 ἔχει
804 2607 834 2633 ὲν

38 2652 146 2688 ιαυτῷ,
171 2652 279 2683 πάντως
301 2651 367 2686 ἔχει,
389 2652 436 2677 καὶ
449 2650 541 2685 ἐπειδὴ
563 2650 651 2677 πάντα
665 2650 712 2677 τοῦ
727 2652 833 2686 Πατρός

39 2699 134 2729 ἐστιν,
158 2697 209 2724 ὅσα
224 2697 271 2723 καὶ
288 2697 302 2723 6
314 2696 377 2727 Υἱὸς
395 2695 461 2730 ἔχει,
481 2695 586 2730 ἀνάγκη
603 2697 677 2722 πᾶσα
692 2696 766 2731 παρά
779 2696 833 2724 τῶν

38 2743 151 2779 ἐχθρῶν
164 2743 215 2778 τῆς
225 2741 271 2768 τοῦ
287 2741 352 2768 Θεοῦ
369 2741 458 2777 δόξης,
476 2741 555 2777 εἴπερ
565 2742 579 2768 6
592 2741 654 2773 Υἱὸς
667 2741 767 2773 δοῦλος,
786 2742 833 2768 καὶ

79 2834 104 2848 ¹¹
128 2833 210 2859 Rom.
246 2840 302 2863 vui,
320 2833 360 2859 15.
400 2833 420 2847 ¹¹
437 2831 496 2859 Gal.
512 2841 535 2865 v,
553 2832 598 2860 ⁸26-
614 2841 674 2867 διιιι.

880 1514 999 1542 cundum
1017 1522 1068 1541 nos
1092 1518 1133 1541 est
1154 1513 1299 1548 aliquando
1324 1520 1339 1539 a
1363 1512 1502 1540 servitutis
1521 1510 1666 1546 opprobrio

878 1560 930 1587 erit
945 1559 1072 1592 liberum,
1089 1559 1225 1594 quomodo
1241 1557 1361 1585 universi
1379 1557 1510 1585 Dominus
1526 1564 1540 1582 a
1556 1556 1666 1590 percul-

879 1604 956 1632 sione
967 1607 994 1631 et
1009 1603 1117 1631 insania
1132 1597 1229 1630 horum
1249 1602 1416 1629 furiosorum
1433 1605 1460 1628 et
1485 1601 1583 1628 mentis
1616 1599 1664 1627 im-

878 1654 972 1684 potum
994 1648 1020 1676 in
1041 1649 1201 1677 servitutem
1229 1645 1436 1682 redigiturtqui
1464 1644 1613 1673 secundum
1639 1643 1666 1671 id

878 1695 950 1730 quod
978 1695 1156 1729 consequitur
1171 1701 1285 1728 prorsus
1312 1692 1400 1727 ipsum
1420 1699 1475 1719 non
1498 1697 1666 1726 cognoscere

879 1748 940 1776 quae
959 1744 1023 1768 sunt
1051 1739 1142 1768 Patris
1166 1739 1368 1771 determinant;
1398 1742 1509 1772 propter
1528 1736 1604 1763 illam
1632 1735 1667 1763 de

879 1787 967 1815 servis
980 1786 1145 1814 sententiam
1161 1793 1222 1820 qua;
1236 1785 1284 1816 ait,
1295 1783 1369 1819 quod
1385 1791 1481 1810 servus
1496 1782 1583 1810 nescit
1601 1780 1666 1816 quid

879 1831 1006 1859 dominus
1022 1837 1090 1858 suus
1109 1829 1193 1857 facit:
1214 1828 1261 1856 sed
1278 1835 1340 1856 cum
1355 1827 1413 1854 haec
1424 1827 1530 1858 dicunt,
1555 1826 1666 1853 audiant

879 1877 952 1913 quod
969 1876 1062 1904 omnia
1077 1876 1105 1903 in
1118 1875 1210 1910 seipse
1228 1882 1289 1909 qua:
1309 1878 1374 1901 sunt
1388 1873 1489 1904 Patris,
1511 1872 1597 1899 Filius
1619 1872 1667 1898 ha-

880 1923 934 1954 bet.
956 1926 984 1950 ct
1005 1922 1097 1949 omnia
1113 1920 1226 1956 respicit
1250 1927 1311 1954 qua:
1335 1918 1416 1946 Pater
1442 1918 1518 1950 facit,
1545 1917 1667 1950 nihilque

881 1973 1056 2004 paternorum
1070 1966 1204 1993 bonorum
1221 1968 1263 1993 est
1276 1967 1354 2006 extra
1369 1962 1508 1998 Unigeniti
1533 1961 1667 1996 cognitio-

880 2021 952 2042 nem.
975 2011 1119 2046 Quomodo
1137 2011 1211 2038 euim
1240 2009 1345 2045 aliquid
1369 2009 1458 2036 Patris
1485 2015 1539 2036 non
1557 2007 1664 2038 habeat,

880 2060 927 2095 qui
942 2063 1028 2087 totum
1041 2058 1068 2085 in
1082 2057 1172 2093 seipse
1192 2056 1302 2084 Patrem
1315 2055 1417 2083 habet?
1434 2054 1504 2089 Ergo
1524 2054 1546 2082 si
1569 2060 1666 2080 servus

881 2113 934 2133 non
955 2103 1096 2140 cognoscit
1115 2101 1180 2138 quid
1195 2101 1277 2130 faciat
1290 2101 1430 2132 dominus,
1442 2100 1487 2127 hic
1503 2103 1593 2126 autem
1606 2106 1666 2125 om-

882 2152 926 2179 nia
944 2151 971 2178 in
988 2150 1078 2185 seipse
1097 2156 1158 2184 quae
1172 2151 1237 2176 sunt
1257 2146 1347 2175 Patris
1372 2146 1474 2174 habet:
1501 2144 1584 2172 sobrii
1610 2144 1666 2171 sint

882 2196 992 2224 tandem
1008 2195 1056 2231 qui
1079 2195 1212 2222 ebrietate
1226 2193 1299 2228 capti
1317 2192 1469 2223 insaniunt,
1491 2195 1518 2219 et
1539 2198 1614 2218 nunc
1634 2189 1662 2217 in

883 2242 1024 2270 veritatem
1036 2240 1132 2267 oculos
1143 2243 1316 2270 convertam,
1342 2236 1414 2272 quod
1433 2236 1480 2272 qui
1497 2243 1605 2263 omnem
1619 2235 1667 2262 ha-

882 2288 928 2315 bet
945 2287 973 2314 in
990 2286 1082 2321 seipse
1095 2285 1295 2316 characterem,
1306 2286 1333 2310 et
1349 2282 1397 2318 qui
1412 2282 1532 2310 universi
1547 2289 1593 2308 rex
1613 2284 1666 2311 est,

885 2341 940 2361 non
962 2333 1066 2360 honore
1088 2337 1181 2365 parem
1206 2329 1288 2356 habet
1304 2328 1333 2355 in
1356 2327 1447 2362 seipse
1471 2327 1604 2359 formam;
1625 2326 1667 2353 vel

884 2379 1021 2416 quomodo
1033 2377 1181 2413 ignominia
1194 2382 1210 2402 ο
1224 2382 1288 2403 vera
1303 2373 1390 2409 gloria
1407 2373 1550 2408 splendere
1561 2371 1668 2408 potest?

882 2424 1031 2461 Ignominia
1041 2423 1114 2450 enim
1124 2425 1166 2450 est
1182 2420 1311 2449 servitus.
1328 2418 1470 2453 Quomodo
1483 2422 1573 2446 autem
1594 2417 1667 2452 regis

898 2469 1003 2497 tiliusin
1015 2467 1172 2495 servitutem
1190 2464 1332 2501 gignitur?
1351 2462 1413 2491 Haec
1435 2471 1491 2491 non
1514 2467 1588 2495 sunt,
1611 2469 1667 2490 non

881 2515 1026 2546 sunthaec,
1038 2513 1085 2541 sed
1098 2517 1128 2541 ut
1139 2513 1185 2539 lux
1201 2512 1314 2544 deluce,
1329 2512 1384 2538 vita
1397 2511 1432 2538 de
1446 2511 1512 2542 vita,
1528 2514 1556 2537 et
1573 2516 1605 2536 ex
1619 2514 1666 2535 ve-

881 2561 962 2588 ritate
974 2560 1076 2587 veritas
1088 2568 1095 2586 :
1110 2558 1150 2586 sic
1161 2565 1194 2585 ex
1208 2557 1322 2584 Domino
1335 2555 1478 2587 Dominus,
1494 2562 1542 2582 rex
1565 2561 1599 2581 ex
1622 2559 1666 2579 re-

882 2615 924 2642 ge,
940 2614 973 2633 ex
986 2605 1042 2632 Deo
1059 2605 1142 2636 Deus.
1161 2612 1194 2632 ex
1215 2603 1301 2631 libero
1319 2602 1400 2632 liber;
1418 2604 1505 2628 totum
1526 2598 1598 2626 enim
1617 2597 1667 2624 ha-

882 2652 949 2679 bens
961 2651 989 2677 in
1005 2650 1095 2684 seipse
1109 2648 1230 2680 Patrem.
1247 2649 1271 2676 si
1286 2646 1350 2682 quid
1366 2647 1446 2674 Pater
1459 2645 1485 2672 in
1512 2643 1603 2678 seipse
1616 2642 1666 2669 ha-

883 2698 938 2729 bet,
954 2704 1067 2732 prorsus
1078 2696 1169 2723 omnia
1182 2694 1273 2722 habet.
1293 2693 1327 2720 Et
1338 2692 1466 2727 quoniam
1490 2689 1582 2717 omnia
1603 2693 1667 2716 sunt

886 2742 978 2770 Patris
990 2749 1159 2777 qumcunquc
1175 2740 1256 2767 habet
1277 2737 1373 2770 Filius,
1389 2743 1502 2764 necesse
1514 2738 1557 2763 est
1577 2735 1667 2762 omni-

722 2832 744 2847 "
757 2830 834 2858 Joan.
853 2839 898 2861 xv,
927 2832 970 2857 15.
