1970 3076
241 124 288 152 851

862 122 890 147 δ.
911 118 1073 147 GNEGORH
1096 118 1242 146 NYSSENI

1821 115 1876 144 852

241 191 277 210 uo
291 183 324 209 ab
343 181 460 209 inimicis
471 180 564 216 gloria:
582 179 640 211 Dei,
655 180 678 208 si
693 179 801 214 quidem
822 177 908 206 Filius
933 186 1029 206 servus

1099 177 1126 204 δν
1139 177 1247 212 Πατέρα
1264 178 1303 208 είς
1316 176 1438 203 δουλείαν
1451 175 1627 210 κατάγεσθαι.
1645 174 1730 202 Οὐδὲν
1745 174 1802 209 γάρ
1815 175 1874 201 ἐστι

241 233 295 260 est,
311 228 394 255 etiam
413 227 519 253 Patrem
537 227 564 253 in
582 226 742 253 servitutem
755 225 849 260 redigi.
867 225 939 251 Nihil
952 225 1024 252 enim

242 278 284 302 est
301 281 394 301 eorum
412 280 472 307 quae
487 273 514 299 iu
533 271 613 302 Filio.
630 275 800 307 spectantur,
826 271 898 306 quod
915 278 1028 305 prorsus

244 328 297 347 non
309 319 344 346 sit
358 319 456 346 Patris.
474 319 571 346 Omnia
590 319 673 350 enim.
694 319 743 350 ait,
766 327 824 345 mea
843 322 888 344 tua
908 323 978 349 sunt,
1005 322 1029 343 et

244 371 290 393 tua
305 375 362 393 mea
376 366 410 393 η.
427 365 498 398 Quid
515 366 598 401 igitur
611 365 707 393 miselli
725 365 840 392 dicent?
861 364 932 398 Quid
948 364 1031 399 igitur

243 411 330 444 magis
345 415 561 438 consentaneum
574 409 670 438 Filium
697 411 770 445 regia
790 408 877 437 Patris
898 413 1032 444 potestate

245 455 400 486 clarilirari.
414 455 459 490 qui
471 455 557 482 dixit:
571 455 667 482 Omnia
684 459 729 482 tua
747 462 806 482 mea
818 459 892 486 sunt,
905 460 931 481 et
947 454 1029 481 clari-

246 503 342 529 licatus
358 509 419 529 sum
432 502 458 528 in
477 502 553 536 ipsis,
563 502 604 530 vel
614 500 718 528 Patrem
729 501 878 536 ignominia
895 500 930 527 ob
946 500 1032 527 servi-

246 553 332 575 tutem
349 547 411 574 Filii
439 547 637 574 contumeliose
655 546 743 573 allici?
757 546 815 573 Non
831 547 901 573 enim
932 553 981 581 par
994 550 1034 572 est

246 603 308 621 eum
329 594 376 628 qui
390 594 481 621 omnia
493 601 552 629 qua:
577 596 642 620 sunt
672 592 730 618 Filii
745 592 770 618 in
802 592 891 626 seipso
913 591 1032 626 comple—

248 639 341 670 ctitur,
355 643 383 666 et
393 639 438 673 qui
455 639 513 674 ipse
525 641 567 665 est
579 638 604 665 in
615 637 693 668 Filio,
704 646 758 664 nou
771 638 851 664 etiam
869 637 895 664 in
906 637 1036 664 servitute

249 685 310 712 Filii
324 692 437 720 prorsus
446 692 517 716 esse.
527 688 609 719 atque
622 684 648 710 in
662 684 752 718 seipso
760 683 917 711 servitutem
928 683 1038 710 habere.

249 731 312 759 llaec
333 735 400 758 sunt
413 731 543 766 prwclara
561 729 688 756 Eunomii
708 729 847 764 sapientiae
861 729 1035 759 documenta.

249 785 299 813 per
310 784 381 812 quae,
402 777 466 803 dum
488 777 620 803 servitute
634 775 831 802 contumeliose.
839 774 974 801 deformat
987 774 1038 800 Do-

251 824 366 854 minum,
381 823 506 851 eamdem
523 823 699 857 ignominiam
727 822 929 856 iucorruptibili
945 821 1038 856 gloria:

251 867 341 895 Patris
355 868 448 894 inurit.
560 868 571 874 ⁸

288 914 341 941 Sed
355 921 451 941 rursus
465 913 497 940 ad
509 920 539 941 ea
547 921 608 948 qua:
617 913 644 940 in
654 913 763 948 scriptis
783 916 934 947 sequuntur
944 919 1037 939 recurv

254 968 357 988 ramus.
378 960 450 993 Quid
467 959 536 987 dicit
556 959 590 986 de
609 959 754 994 Unigenito
773 958 945 985 Eunomius?
961 958 1038 992 Quod

254 1006 307 1033 sibi
323 1012 376 1033 non
392 1005 462 1032 hanc
475 1005 778 1040 dignitatemvindicat;
794 1004 952 1039 dignitatem
966 1005 1037 1031 enim

255 1051 377 1078 nominat
391 1051 451 1086 ejus
463 1051 508 1085 qui
521 1054 562 1078 cst
576 1050 791 1085 appellationem.
812 1049 834 1076 0
852 1049 1039 1077 admirabilem

255 1098 453 1133 philosophiam
467 1099 473 1125 ί
491 1097 556 1131 Quis
570 1105 687 1132 unquam
706 1100 765 1132 post
780 1097 918 1124 hominum
937 1104 1040 1124 memo-

255 1145 336 1177 riam,
363 1143 420 1171 sive
445 1143 516 1179 apud
542 1142 662 1175 Grazcos.
690 1143 748 1170 sive
775 1142 846 1177 apud
870 1142 1040 1169 barbaricam

255 1189 456 1225 philosophiam
473 1189 555 1224 :quis
569 1193 710 1220 nostrum,
727 1189 788 1223 quis
806 1188 926 1215 omnium
934 1192 1041 1215 aetatum

257 1236 408 1267 hominum,
421 1242 519 1262 nomen
531 1235 670 1270 dignitatis
681 1234 737 1261 enti
746 1234 892 1268 imposuit?
906 1233 1041 1268 Quidquid

257 1282 328 1309 euim
337 1281 504 1308 exsislcnsin
514 1288 604 1308 rerum
614 1285 710 1306 natura
720 1280 1044 1310 consideratiir,e(uumu-

259 1327 304 1354 uis
325 1327 452 1362 loquendi
468 1326 638 1354 consuetudo
668 1333 729 1353 esse
745 1325 811 1352 dicit
831 1333 838 1350 :
866 1332 880 1351 a
894 1324 977 1352 verbo
994 1332 1043 1350 au-

259 1378 313 1401 tezn
325 1381 404 1406 esse,
417 1373 488 1400 eutis
505 1372 690 1400 denomiualio
706 1372 818 1398 formata
833 1376 884 1399 est.
907 1372 957 1398 Sed
973 1379 1045 1398 nunc

260 1426 331 1446 novo
355 1418 503 1446 locutionis
525 1425 635 1453 genere,
664 1424 714 1452 pro
733 1414 809 1444 "entis
835 1417 1043 1452 signiﬁcatione,

260 1472 310 1492 vox
329 1464 470 1500 dignitatis
499 1468 666 1498 usurpatur:
682 1463 747 1490 dicit
773 1463 845 1490 enim
871 1461 968 1489 Filium
991 1470 1045 1489 non

260 1509 313 1536 sibi
338 1508 479 1536 vindicare
502 1509 674 1544 dignitatem,
700 1509 747 1542 qui
769 1515 818 1542 per
839 1507 945 1534 Patrem
963 1511 1045 1535 estet

1078 224 1132 250 τῶν
1146 225 1174 250 ἐν
1186 224 1225 258 τῷ
1240 223 1296 258 Υίῷ
1313 222 1516 257 θεωρουμένων,
1531 221 1546 248 ὃ
1566 221 1604 256 μὴ
1628 221 1675 247 τοῦ
1690 221 1798 256 Harp/1c
1815 221 1873 246 ἐστι

1080 269 1197 300 πάντως.
1220 267 1319 295 Πάντα
1339 268 1406 302 ·,ὰρ,
1426 267 1509 301 φησι,
1527 267 1562 294 τὰ
1575 267 1631 301 ἐμὰ
1646 267 1687 293 σὰ
1697 286 1704 296 .
1718 266 1819 293 καὶτὰ
1832 267 1874 294 σὰ

1079 315 1145 350 ἐμά.
1158 315 1190 340 Τί
1204 313 1250 340 οὖν
1265 314 1371 346 ἐροῦσιν
1386 313 1411 340 οί
1425 313 1553 344 δείλαιοις
1573 312 1606 338 Τί
1620 310 1667 339 οὖν
1686 312 1874 346 εὐλογώτερον

1081 362 1126 388 τὸν
1138 361 1201 387 Υἱδν
1210 362 1242 396 τῇ
1259 360 1380 395 βασιλείᾳ
1393 359 1439 386 τοῦ
1452 358 1557 394 Πατρὸς
1571 358 1762 392 ἐνδοξςιὶζεσθαι
1776 359 1824 384 τὸν
1835 359 1875 384 εί-

1084 407 1178 436 πόντι.
1196 407 1236 433 ὅτι
1250 406 1290 433 Τὰ
1304 407 1337 433 σει
1352 405 1406 440 ἐμά
1416 415 1422 422 ³
1443 405 1489 432 καὶ
1506 404 1667 439 δεδόξασμαι
1684 404 1713 430 ἐν
1729 404 1823 434 αὐτοῖς
1834 412 1841 418 ·
1856 403 1874 437 ἦ

1083 452 1128 478 τὸν
1143 453 1252 487 Πατέρα
1265 453 1298 486 τῇ
1311 451 1405 486 ἀτιμίᾳ
1415 450 1465 485 τῆς
1477 450 1597 481 δουλείας
1608 449 1655 476 τοῦ
1665 449 1729 476 Υῑοῦ
1742 448 1877 483 καθυϐρί-

1084 497 1176 530 ζεσθαι
1189 508 1193 527 ;
1209 498 1246 523 Οὐ
1258 497 1312 533 γὰρ
1325 498 1381 525 ἐστι
1399 496 1444 523 τὸν
1457 496 1544 522 πάντα
1555 496 1588 522 τὰ
1599 495 1644 522 τοῦ
1659 495 1726 521 Υίοῦ
1741 496 1769 521 ὲν
1785 493 1876 528 ἐαυτῷ

1085 544 1255 578 περιέχοντα,
1269 543 1316 569 καὶ
1331 542 1409 569 αὑτὸν
1424 543 1452 568 ὲν
1467 541 1505 576 τῷ
1518 541 1575 576 Υἱῷ
1589 541 1663 572 ὄντα,
1682 540 1720 575 μὴ
1735 539 1782 566 καὶ
1797 541 1826 565 ὲν
1841 541 1874 573 τῇ

1085 590 1190 625 δουλείᾳ
1204 590 1249 616 τοῦ
1267 589 1332 616 Υίοῦ
1345 589 1452 620 πάντως
1467 586 1546 617 εἶναι.
1564 588 1610 614 καὶ
1625 587 1653 613 ὲν
1671 586 1746 621 αὐτῷ
1759 586 1809 621 τὴν
1821 586 1877 612 δου-

1085 637 1160 663 λείαν
1175 636 1255 672 ἔχειν.
1270 635 1360 662 Ταῦτα
1371 635 1498 671 κατορθοῖ
1507 634 1549 661 διὰ
1563 634 1613 669 τῆς
1624 633 1720 666 σοφίας
1732 632 1876 666 Εὑνύμιος,

1086 683 1119 708 δι’
1133 679 1171 709 ὧν
1196 681 1353 716 καθυϐρίζει
1378 682 1409 716 τῇ
1433 680 1538 715 δουλείᾳ
1561 679 1606 706 τὸν
1624 679 1742 713 Κύριον,
1761 678 1812 713 τὴν
1827 678 1878 703 αὑ-

1086 728 1135 763 τὴν
1151 728 1263 763 ἀτιμίαν
1279 728 1311 762 τῇ
1333 727 1461 762 ἀκηράτῳ
1475 725 1538 761 δόξῃ
1559 725 1605 751 τοῦ
1620 724 1726 759 Πατρὸς
1747 732 1880 759 προστριο

1088 774 1211 809 δόμενος.

1126 904 1196 930 Ἀλλ’
1215 903 1450 938 ὲπαναδράμωμεν
1470 902 1551 929 πάλιν
1567 902 1613 927 ἐπὶ
1626 902 1674 936 τὴν
1692 901 1746 927 τῶν
1760 908 1882 935 γεγραμ-

1093 952 1180 986 μένων
1207 950 1376 977 ἀκολουθίαν.
1411 949 1444 975 Τί
1466 949 1539 982 λέγει
1562 947 1626 982 περὶ
1647 947 1692 974 τοῦ
1712 946 1881 980 Μονογενοῦς

1091 1000 1106 1025 ὁ
1121 997 1266 1032 Εὑνόμιος;
1281 997 1340 1023 Ὅτι
1360 995 1409 1021 οὐκ
1427 993 1574 1021 οἰκειοῦται
1594 993 1695 1028 ταύτην
1716 992 1766 1027 τὴν
1785 991 1879 1024 ἀξίανσ

1093 1043 1173 1076 ἀξίαν
1194 1043 1248 1078 γὰρ
1267 1041 1392 1077 ὀνομάζει
1414 1041 1463 1076 τὴν
1497 1040 1543 1066 τοῦ
1578 1040 1653 1070 ὖντος
1683 1038 1880 1074 προσηγορίαν.

1097 1089 1129 1114 Ὤ
1148 1087 1501 1122 παραλόγουλφιλοσοφίαςί
1530 1086 1572 1116 τίς
1591 1085 1645 1111 τῶν
1672 1085 1782 1112 πώποτε
1803 1092 1881 1118 γεγο-

1095 1135 1177 1161 νότων
1196 1133 1360 1169 ἀνθρώπων,
1389 1133 1443 1159 εἴτε
1473 1133 1537 1167 παρ’
1552 1131 1695 1166 Ἕλλησιν,
1717 1130 1771 1156 εἴτε
1809 1130 1884 1162 παρὰ

1095 1182 1128 1216 τῇ
1146 1180 1299 1215 βαρϐαρικῇ
1320 1179 1480 1214 φιλοσοφίᾳ’
1509 1178 1549 1210 τίς
1570 1177 1624 1204 τῶν
1646 1177 1705 1204 καθ’
1728 1177 1820 1212 ἡμᾶς,
1842 1176 1884 1207 τίς

1095 1228 1149 1254 τῶν
1163 1228 1191 1254 ἐν
1210 1227 1290 1253 παντὶ
1310 1225 1348 1260 τῷ
1367 1225 1471 1260 χρόνῳ,
1493 1224 1570 1257 ἀξίας
1589 1224 1673 1258 ὄνομα
1694 1223 1732 1258 τῷ
1751 1223 1808 1250 ὃντι
1828 1222 1885 1248 ἕθε-

1095 1282 1144 1304 το;
1164 1274 1222 1300 Πᾶν
1242 1273 1294 1308 γὰρ
1314 1272 1344 1298 τὸ
1363 1273 1392 1298 ὲν
1411 1270 1557 1297 ὑποστάσει
1577 1269 1762 1304 θεωρούμενον
1792 1270 1810 1303 ἡ
1832 1277 1886 1294 κοι-

1097 1319 1129 1355 νὴ
1140 1319 1194 1345 τῶν
1205 1319 1274 1353 λόγῳ
1288 1318 1463 1352 κεχρημένων
1475 1315 1602 1351 συνήθεια
1616 1314 1685 1342 εἶναι
1695 1315 1778 1349 λέγει.
1806 1315 1885 1349 Παρὶ

1097 1366 1125 1392 δὲ
1146 1365 1177 1392 τὺ
1204 1362 1282 1396 εἶναι,
1305 1365 1322 1398 ἠ
1347 1363 1393 1389 τοῦ
1416 1363 1492 1394 ὄντος
1512 1361 1654 1396 ἐπωνυμία
1677 1360 1887 1395 παρεσχημὰτι·

1099 1420 1170 1438 σται.
1202 1410 1281 1436 ’Λλλὰ
1303 1409 1350 1435 νῦν
1373 1409 1572 1443 καινοτομεῖται
1589 1407 1658 1433 κατὰ
1671 1407 1719 1442 τῆς
1740 1406 1787 1433 τοῦ
1812 1407 1887 1437 ὄντος

1099 1457 1245 1493 σημασίας,
1260 1457 1334 1491 ὴτῆς
1348 1455 1425 1487 ἀξίας
1440 1454 1526 1488 φωνή.
1554 1453 1634 1487 Λέγει
1647 1453 1702 1487 γὰρ
1713 1452 1758 1478 τὸν
1771 1452 1835 1477 Υἱδν
1851 1451 1887 1485 μὴ

1099 1502 1263 1530 οἰκειοῦσθαι
1281 1502 1330 1537 τὴν
1342 1501 1387 1528 τοῦ
1400 1501 1476 1532 ὄντος
1489 1499 1576 1532 ἀξίαν.
1592 1498 1638 1525 τὸν
1656 1498 1700 1524 διὰ
1714 1498 1760 1523 τὸν
1778 1497 1888 1531 Πατέρα

261 1554 345 1586 vivit;
372 1554 418 1588 qui
441 1533 724 1589 nequeoScripturam
749 1533 831 1581 habet
854 1554 887 1581 ad
914 1555 1045 1581 sermonis

1100 1548 1164 1575 ὂντα
1180 1548 1226 1574 καὶ
1244 1546 1340 1579 ζῶντα.
1354 1545 1416 1572 οὔτε
1436 1545 1546 1580 Γραφὴν
1569 1545 1637 1579 ἔχων
1657 1543 1703 1569 τοῦ
1724 1543 1805 1575 λόγου
1824 1550 1890 1576 προ-

262 1601 445 1636 patrocinium
466 1604 493 1627 et
510 1599 709 1631 defensionem,
737 1608 826 1635 neque
855 1608 904 1635 per
932 1600 1049 1635 aliquam

264 1646 489 1681 consequentiam
509 1646 543 1672 ad
568 1646 639 1672 hanc
653 1646 800 1673 amentiam
816 1653 970 1673 sermonem
986 1653 1049 1680 pro-

264 1693 353 1726 duxit,
368 1692 414 1719 sed
432 1692 515 1719 veluti
534 1691 704 1718 llatulcntum
720 1692 879 1719 alimentum
898 1692 1051 1718 visceribus

264 1739 402 1774 ingerens.
422 1737 587 1773 indigestum
610 1745 660 1765 nec
675 1738 782 1765 ratione
804 1738 963 1765 conclusum
979 1738 1052 1764 velut

265 1784 409 1819 quemdam
421 1789 520 1812 tetrum
530 1784 635 1816 ﬂatum,
649 1784 844 1818 blasphemiam
855 1788 968 1811 eructat.
981 1783 1051 1816 Non,

265 1830 364 1864 inquit.
380 1830 460 1857 talem
477 1829 638 1865 dignitatem
662 1830 713 1857 sibi
736 1829 1054 1856 attribuitzeoncedatur

267 1877 331 1912 ipsi,
353 1883 403 1903 ens
428 1876 589 1910 dignitatem
613 1875 760 1902 nominari.
782 1875 852 1906 Quid
877 1875 981 1910 igitur?
1007 1875 1053 1909 qui

266 1927 318 1952 est.
335 1929 396 1949 esse
413 1929 467 1949 non
481 1921 533 1949 sibi
547 1921 687 1958 proprium
703 1920 940 1955 lacit?Quoniam,
952 1920 1054 1955 inquit,

267 1975 316 2002 per
335 1967 442 1994 Patrem
472 1972 524 1994 est.
552 1966 622 2006 Ergo
657 1973 711 1993 non
733 1973 795 1993 esse
811 1966 880 1993 dicis
910 1973 984 1996 eum,
1008 1965 1055 2000 qui

268 2021 329 2042 esse
346 2014 397 2041 sibi
420 2021 472 2040 non
492 2013 634 2040 vindicat?
660 2012 727 2039 Nam
746 2020 799 2040 non
823 2019 883 2039 esse
902 2012 1054 2047 proprium,

268 2063 296 2087 et
315 2060 432 2086 alienum
449 2066 511 2086 esse
536 2058 606 2085 idem
631 2057 766 2092 signiﬁcat
786 2066 793 2084 :
809 2062 836 2084 et
853 2057 997 2085 manifesta
1017 2057 1056 2084 si-

269 2106 460 2141 guilicatorum
474 2105 613 2131 contraria
627 2103 792 2132 dilferentia.
814 2104 890 2136 Quod
907 2104 980 2131 enim
999 2110 1058 2138 pro-

270 2152 359 2187 prium
380 2158 435 2178 non
457 2155 510 2182 est,
531 2150 670 2181 alienum;
695 2154 722 2176 et
746 2149 818 2184 quod
846 2150 976 2181 alienum,
1003 2156 1056 2176 non

270 2186 311 2223 est
334 2197 473 2231 proprium
492 2205 498 2223 :
514 2195 560 2230 qui
583 2195 666 2229 igitur
688 2202 742 2222 non
763 2195 815 2223 sibi
833 2195 974 2230 proprium
996 2202 1045 2222 οδες

1109 2189 1189 2219 εἶναι.
1221 2191 1250 2218 ’0
1265 2190 1293 2216 δὲ
1311 2189 1357 2216 τοῦ
1382 2186 1450 2220 εἶναι
1467 2187 1614 2221 ἀλλότριος,

272 2242 380 2274 asserit,
402 2242 535 2268 alienatus
556 2244 598 2268 est
623 2248 736 2276 prorsus
754 2241 788 2267 ab
802 2248 835 2268 eo
857 2241 929 2276 quod
955 2241 1056 2268 dicitur

273 2295 341 2316 esse.
368 2287 420 2320 Qui
443 2291 532 2314 autem
549 2287 583 2313 ah
599 2294 632 2314 eo
649 2287 722 2321 quod
741 2291 794 2318 est,
812 2287 918 2315 alienus
931 2292 984 2318 est.
1002 2295 1055 2314 non

272 2339 314 2361 est
338 2333 366 2360 in
392 2340 464 2361 esse.
481 2331 534 2360 Sed
554 2332 637 2367 hujus
665 2333 843 2361 absurditatis
865 2334 1056 2361 necessitatem

273 2378 389 2407 subinde
409 2377 514 2405 addidit
535 2385 598 2406 eum
614 2378 701 2410 dixit,
716 2378 783 2406 Cum
799 2379 878 2413 hujus
893 2379 1057 2406 doniinatrix

272 2426 386 2452 easenlia
401 2425 435 2452 ad
455 2425 568 2459 seipsam
588 2425 698 2452 traxerit
720 2426 787 2453 entia
811 2426 956 2452 notitiam:
979 2425 1061 2460 hujus

275 2475 364 2499 autem
386 2471 548 2499 inconcinna
574 2472 682 2507 quidem
696 2472 804 2501 locutio
826 2471 935 2499 silentio
951 2475 1062 2506 praeter-

274 2522 362 2548 eatur,
383 2517 430 2545 sed
450 2517 522 2552 quod
548 2517 574 2544 in
595 2517 653 2545 suis
668 2517 748 2544 dictis
766 2517 915 2547 contendit.
946 2517 972 2544 id
998 2524 1062 2544 vero

275 2564 443 2600 exquiratur.
478 2564 595 2598 Quinam
620 2568 662 2592 est
685 2564 794 2591 tandem
822 2571 912 2592 sermo
933 2564 979 2599 qui
1011 2563 1059 2592 de-

275 2614 409 2637 monstret
435 2609 524 2638 Patris
542 2610 690 2638 essentiam
723 2609 869 2644 Unigenito
901 2609 1061 2636 dominari?

277 2655 382 2683 Rursus
407 2664 439 2683 ex
466 2656 550 2683 nimia
577 2656 729 2690 repletione
749 2655 830 2682 nobis
856 2655 1061 2688 eructatzQuis

277 2701 441 2736 evangelista
469 2701 553 2735 hujus
575 2701 710 2728 sermonis
735 2705 778 2728 est
798 2701 911 2728 auctor?
930 2701 996 2733 Quae
1018 2701 1061 2728 in-

276 2749 367 2774 cursio
390 2746 554 2774 dialectica?
579 2753 639 2781 quze
661 2747 873 2781 propositiones,
898 2754 959 2782 qua:
995 2754 1057 2782 pro—

316 2835 336 2850 "
356 2834 435 2861 Joau.
454 2841 518 2865 xvn,
536 2832 576 2859 l0.

1101 1593 1270 1628 στήσασθαι,
1303 1592 1364 1618 οὒτε
1387 1591 1431 1618 διά
1455 1599 1526 1622 τινος
1554 1589 1714 1619 ἀκολουθίας
1746 1588 1815 1623 προς
1842 1587 1890 1622 τὴν

1101 1640 1193 1667 ἄνοιαν
1204 1639 1306 1673 ταύτην
1320 1636 1502 1673 προσαγαγὼν
1522 1636 1567 1662 τὸν
1589 1635 1668 1670 λόγον
1678 1643 1684 1648 ·
1703 1634 1760 1660 ἀλλ’
1778 1633 1816 1664 ὦς
1832 1641 1891 1659 τινα

1103 1684 1213 1720 φυσώδη
1229 1683 1332 1719 τροφὴν
1347 1684 1402 1714 τοῖς
1426 1682 1588 1716 σπλάγχνοις
1609 1680 1764 1714 ἐνθέμενος,
1790 1679 1891 1705 ἀκατά-

1104 1731 1200 1758 σκευόν
1213 1739 1242 1756 τε
1255 1731 1302 1756 καὶ
1317 1728 1520 1762 ἀσυλλόγιστον,
1535 1724 1589 1753 οἷόν
1600 1725 1750 1764 τιίπνεῦμα
1763 1725 1890 1754 δυσῶδες,

1103 1777 1152 1812 τὴν
1174 1776 1348 1812 βλασφημίαν
1371 1775 1524 1810 ἐρεύγεται.
1557 1774 1614 1800 Οὐκ
1632 1771 1792 1803 οίκειοῦται,
1815 1771 1891 1805 φησὶ,

1102 1823 1204 1857 ταύτην
1218 1822 1266 1858 τὴν
1282 1821 1374 1854 ἀξίαν·
1385 1820 1500 1847 δεδόσθω
1516 1819 1546 1846 τὸ
1558 1819 1587 1845 ὃν
1609 1818 1687 1849 ἀξίαν
1707 1815 1891 1851 κατονομάζε-

1105 1869 1176 1896 σθαι.
1194 1869 1226 1894 Τί
1241 1867 1306 1900 οὖν;
1338 1867 1367 1893 '0
1387 1866 1425 1893 ὣν
1440 1867 1490 1892 οὐκ
1514 1864 1662 1892 οἰκειοῦται
1675 1864 1706 1890 τὺ
1721 1861 1793 1889 εἶναι
1806 1862 1892 1894 ςὊτι,

1106 1915 1183 1950 φησὶ,
1200 1915 1245 1942 διὰ
1256 1914 1301 1941 τὸν
1315 1913 1423 1948 Πατέρα
1441 1911 1522 1938 ἐστίν.
1550 1910 1654 1937 Οὐκοῦν
1669 1909 1707 1944 μὴ
1717 1906 1788 1934 εἶναι
1805 1907 1895 1940 λέγεις

1105 1961 1151 1987 τὸν
1174 1958 1242 1986 εἶναι
1267 1958 1303 1994 μὴ
1319 1956 1524 1992 οίκειούμενονς
1546 1955 1583 1981 Τὸ
1598 1954 1651 1990 γὰρ
1676 1953 1713 1988 μὴ
1729 1951 1895 1979 οἰκειοῦσθαι

1107 2006 1146 2042 τῷ
1162 2005 1364 2040 ἀλλοτριοῦσθαι
1390 2002 1472 2030 ταὺτὸ
1491 2001 1636 2036 σημαίνει,
1661 2000 1707 2026 καὶ
1731 1998 1864 2034 πρόδηλος
1877 1998 1894 2031 ἡ

1106 2053 1161 2079 τῶν
1176 2050 1382 2087 σημαινομένων
1398 2048 1600 2083 ἀντιδιαίρεσις.
1630 2045 1667 2072 Τὸ
1680 2053 1709 2071 τε
1727 2045 1781 2079 γὰρ
1797 2045 1896 2070 οἰκεῖον

1108 2099 1158 2126 οὐκ
1172 2098 1321 2132 ἀλλότριον,
1348 2097 1395 2122 καὶ
1413 2095 1443 2122 τὸ
1456 2094 1595 2128 ἀλλότριον
1609 2093 1658 2119 οὐκ
1674 2092 1784 2118 οἰκεῖον.
1807 2090 1836 2116 '0
1851 2087 1896 2115 οὖν

1111 2146 1147 2181 μὴ
1165 2144 1347 2178 οἰκειούμενος
1370 2142 1400 2168 τὸ
1424 2139 1492 2168 εἶναι
1513 2139 1691 2174 ἠλλοτρίωται
1715 2137 1823 2167 πάντως
1850 2134 1896 2161 τοῦ

1641 2185 1670 2210 ἐν
1693 2184 1733 2218 τῷ
1755 2180 1825 2208 εἶναι
1849 2181 1899 2207 οὐκ

1109 2238 1192 2265 ἐστιν.
1217 2236 1297 2264 Ἀλλὰ
1318 2236 1367 2270 τὴν
1385 2235 1509 2269 ἀνάγκην
1524 2233 1573 2268 τῆς
1595 2230 1708 2261 ἀτοπίας
1733 2228 1835 2262 ταύτης
1847 2229 1897 2254 ἐπ-

1109 2285 1214 2320 ήγαγεν
1223 2281 1317 2313 εἰπὼν,
1333 2280 1390 2314 Τῆς
1404 2280 1452 2307 καί
1463 2279 1569 2306 τούτου
1579 2276 1782 2311 κυρωυούσης
1793 2274 1900 2306 οὐσίας

1110 2333 1185 2365 πρὸς
1200 2328 1314 2361 ἑαυτὴν
1328 2326 1480 2358 ἑλκούσης
1501 2323 1558 2358 τὴν
1581 2322 1633 2349 τοῦ
1657 2322 1745 2352 ὄντος
1766 2321 1898 2347 ἔννοιαν.

1111 2376 1212 2403 Τούτου
1228 2374 1256 2401 δὲ
1270 2374 1299 2400 τὺ
1315 2373 1364 2408 μὲν
1378 2371 1448 2398 κατὰ
1462 2370 1512 2406 τὴν
1528 2369 1683 2404 σύμφρασιν
1702 2366 1888 2401 ἀσυνάρτητον

1111 2421 1275 2450 σιωπάσθω·
1300 2418 1330 2444 τὸ
1345 2417 1374 2444 δὲ
1386 2415 1601 2450 σπουδαζόμενον
1618 2414 1648 2439 ὲν
1670 2413 1727 2442 τοῖς
1743 2410 1901 2445 λεγομένοις

1110 2465 1288 2501 ἐξεταζέσθω.
1313 2464 1392 2494 Τίνος
1411 2460 1598 2493 ἀποδείξαντος
1613 2459 1692 2492 λόγου
1707 2457 1739 2483 τὸ
1763 2455 1902 2501 κυριεύειν

1111 2500 1158 2541 τοῦ
1179 2510 1348 2545 Μονογενθῦς
1360 2508 1409 2543 τὴν
1426 2506 1473 2533 τοῦ
1498 2505 1604 2540 Πατρος
1625 2503 1717 2530 οὐσίαν
1729 2501 1851 2535 ;“Πάλιν
1870 2500 1902 2525 ἐκ

1111 2561 1160 2591 τῆς
1172 2557 1318 2593 πληθώρας
1328 2555 1393 2590 ἡμῖν
1405 2551 1629 2588 προσερεύγεται·
1643 2549 1690 2580 Τίς
1703 2546 1902 2581 εὐαηελιστὴς

1112 2606 1205 2634 τούτου
1223 2603 1341 2638 προέστη
1356 2600 1403 2627 τοῦ
1425 2599 1524 2633 λόγους
1548 2597 1596 2628 Τίς
1612 2596 1704 2630 ἔφοδος
1723 2592 1881 2627 διαλεκτική
1891 2601 1901 2623 ;

1112 2653 1191 2679 Ποῐαι
1207 2649 1368 2686 «perdo-nc;
1396 2647 1473 2676 Τίνες
1484 2642 1652 2671 κατασκευαὶ
1669 2641 1701 2668 τὸ
1725 2639 1903 2675 κυριεύεσθαι

1113 2698 1158 2725 τὸν
1169 2684 1298 2732 μονογενῆ
1313 2693 1379 2721 Θεὸν
1395 2692 1439 2719 διά
1458 2698 1528 2722 τινος
1550 2687 1710 2718 ἀκολουθίας
1735 2684 1902 2732 ἀπέδειξαν-ς

1120 2728 1200 2771 Ἀλλὰ
1214 2728 1281 2778 πρὸς
1294 2728 1393 2774 ἑαυτὴν
1403 2738 1488 2768 ἕλκει,
1501 2736 1594 2771 φησὶν,
1615 2735 1632 2770 ἡ
1648 2732 1695 2760 τοῦ
1714 2731 1782 2759 Υίοῦ
1796 2728 1905 2765 κυριεύ-
