1970 3076
107 119 162 148 88⁵1

671 119 811 148 CONTRA
831 117 1026 150 EUNOMIUM.
1046 118 1111 147 LIB.
1132 119 1179 147 Xl.

1698 119 1750 148 858

109 178 199 214 ὀχὶον.
213 178 246 206 Τί
269 179 322 214 γὰρ
342 178 375 205 ἆν
388 178 467 206 πλέον
489 179 614 214 εὑρεθείη
631 179 695 214 παρ’
711 177 788 213 ὴμῶν
801 177 840 209 εἰς
855 175 903 212 τὴν

960 176 1184 211 reprehensiones
1209 177 1376 209 inducendo,
1405 176 1508 205 frustra
1533 177 1672 205 sustinere
1688 181 1749 206 tur-

108 224 161 260 τῆς
184 225 329 257 κακονοίας
356 225 503 259 ἀπόδειξιν,
524 222 579 252 οἷόν
595 225 653 252 ἐστι
679 225 710 251 τὺ
732 225 764 251 ἐκ
778 224 824 251 τοῦ
840 231 906 259 προ-

108 270 201 306 χείρου
215 271 280 306 παρ’
297 271 386 297 αὐτῶν
406 272 435 298 ἐν
458 272 513 303 τοῖς
527 270 731 306 γεγραμμένοις
755 270 906 297 ἐπιδεικνύ-

110 324 212 351 μενον;
231 316 320 342 Μόνον
348 316 422 349 ἀξιον
449 317 498 352 τῆς
516 317 564 343 τοῦ
593 317 696 351 ἀγαθοῦ
720 315 906 352 προσηγορίας

109 362 178 398 φησὶ
192 362 237 388 τὸν
248 362 359 398 Πατέρα
368 371 375 378 ·
393 363 466 398 μόνῳ
486 363 585 398 ἐκείνῳ
599 363 648 398 τὴν
661 362 790 398 τοιαύτην
802 363 906 388 ἐπωνυ-

111 408 176 445 μίαν
200 408 366 442 ὀφείλεσθαι,
384 409 422 440 ὡς
447 408 494 435 καὶ
512 409 559 435 τοῦ
583 408 648 436 Υίοῦ
670 407 861 442 συντιθεμένου
875 406 906 434 τὸ

111 456 186 491 μόνῳ
196 456 344 491 προσήκειν
358 455 454 490 ἐκείνῳ
461 455 509 491 τὴν
516 455 682 490 ἀγαθότητα.
696 453 906 488 Ἀπολελόγηται

109 502 181 537 ὑπὲρ
196 502 273 537 ἡμῶν
288 503 302 528 6
316 502 468 537 κατήγορος
482 508 490 517 ”
511 502 583 536 τάχα
604 501 658 536 γάρ
674 510 716 533 τις
734 499 906 536 ἐπηρεαστὴς

109 548 139 574 ἐν
149 549 205 579 τοῖς
221 548 335 574 κατόπιν
349 547 513 583 ἐνομιζόμην
521 549 576 579 τοῖς
585 546 805 582 ἐντυγχάνουσιν,
823 546 851 571 ἐν
865 543 905 577 οἷς

108 592 286 619 ἀπεδείκνυον
295 592 434 628 ἀλλότριον
448 594 496 628 τῆς
510 592 646 628 πατρικῆς
662 592 831 626 ἀγαθότητος
843 591 905 622 τοὺς

108 638 312 674 χριπομάχους
325 639 540 671 κατασκευάζειν
561 638 606 665 τὸν
627 639 739 674 Κύριον.
761 637 841 664 Ἀλλὰ
858 637 906 664 νῦν

109 682 248 719 οἷμαιῑδιά
260 685 309 720 τῆς
330 684 384 711 τῶν
407 685 537 712 ἐναντίων
552 684 698 720 ὁμολογίας
718 683 906 719 ἀποδεδεῖχθαι

109 731 141 757 τὸ
160 731 199 767 μὴ
212 731 417 765 συκοφαντικῶς
439 732 513 767 ἡμᾶς
536 731 567 757 τὸ
578 731 697 758 τοιοῦτον
711 730 836 766 ἔγκλημα
850 731 906 761 τοῖς

109 777 219 812 ἐχθροῖς
227 777 379 813 ἐπιφέρειν.
403 777 432 804 '0
450 778 504 813 γὰρ
517 777 589 813 μόνῳ
603 777 642 812 τῷ
655 776 742 812 Πατρὶ
757 777 816 803 κατ’
827 776 906 809 ἀξίαν

109 821 268 857 ὀφείλεσθαι
278 822 324 848 τοῦ
334 821 436 856 ἀγαθοῦ
446 822 496 857 τὴν
507 821 664 857 ἐπωνυμίαν
677 821 773 855 λέγων,
786 821 906 856 κάκείνῳ

959 221 1033 249 bam.
1053 221 1125 255 Quid
1146 223 1218 250 enim
1241 224 1360 258 amplius
1380 231 1395 250 a
1419 223 1500 251 nobis
1527 222 1642 250 inveniri
1663 223 1751 258 possit

957 268 991 296 ad
1015 269 1214 297 malevolentiae
1233 269 1507 300 demonstrationem.
1529 277 1612 304 quam
1628 269 1701 304 quod
1721 269 1749 296 in

956 319 1085 348 promptu
1101 313 1135 341 ab
1152 314 1221 348 ipsis
1240 315 1266 341 in
1290 315 1400 350 scriptis
1415 315 1579 348 ostenditur,
1598 315 1686 342 solum
1701 323 1751 351 ap-

956 360 1103 395 pellatione
1116 360 1180 388 boni
1205 361 1317 396 dignum
1333 360 1440 388 Patrem
1456 362 1539 389 esse?
1554 360 1594 388 illi
1616 362 1679 394 soli,
1698 363 1748 394 ait,

956 406 1039 433 talem
1061 406 1273 441 appellationem
1300 406 1404 438 deberi,
1428 412 1456 434 ut
1480 407 1550 435 Filio
1573 408 1656 436 etiam
1683 408 1750 435 asti-

956 452 1067 487 pulante
1090 451 1129 479 illi
1147 451 1198 479 soli
1224 452 1331 479 bonitas
1349 457 1496 486 competat.
1517 453 1569 480 l‘ro
1581 454 1660 481 nobis
1678 461 1748 481 cau-

957 505 1015 526 sam
1040 497 1097 533 egit
1129 501 1292 531 accusator;
1317 497 1445 525 fcrtassis
1472 499 1544 525 enim
1578 500 1750 535 sycophanta

959 543 1071 579 quidam
1095 548 1121 571 et
1138 544 1323 571 calumniator
1345 544 1495 571 lectoribus
1517 545 1695 573 existimabar
1721 547 1765 590 in.

958 589 1001 616 his
1025 597 1085 624 quae
1101 590 1178 624 prius
1202 597 1217 615 a
1231 597 1274 617 me
1287 589 1390 624 scripta
1402 593 1477 621 sunt.
1499 589 1525 616 in
1536 590 1636 624 quibus
1648 590 1750 618 Christi

957 639 1162 670 oppugnatores
1188 635 1333 663 Dominum
1348 635 1467 662 alienutn
1489 639 1516 662 et
1537 641 1673 662 semotum
1689 643 1750 663 esse

957 689 971 708 a
985 685 1099 716 paterna
1120 682 1243 709 bonitate
1256 685 1426 716 praestruere
1442 681 1674 708 demonstrabam.
1697 681 1749 709 Sed

958 734 1034 754 nunc
1055 728 1155 763 opinor
1173 735 1221 762 per
1237 727 1458 755 adversariorum
1478 727 1681 754 confessionem
1704 727 1751 755 tle-

957 777 1142 801 monslratum
1156 781 1227 804 esse,
1246 780 1300 800 non
1317 773 1453 800 malitiose
1470 777 1496 799 et
1511 773 1681 800 calumniose
1700 781 1750 800 nos

957 817 1011 845 tale
1032 818 1136 846 crimen
1157 818 1279 845 inimicis
1301 817 1413 845 inferre.
1438 817 1490 851 Qui
1512 818 1584 846 enim
1611 819 1662 846 soli
1677 818 1751 847 Patri

111 867 187 903 μόνῳ
201 867 348 902 προσήκειν
357 865 441 894 εἰπὼν
452 866 501 902 τὴν
511 866 638 902 τοιαύτην
650 866 753 902 φωνὴν.
764 865 813 901 τὴν
831 874 908 901 περι-

960 871 1008 898 pro
1036 863 1171 899 dignitate
1199 864 1264 891 boni
1288 864 1498 899 appellationem
1522 865 1616 892 deberi
1640 865 1750 897 asserit,

109 912 281 948 εσταλμένην
296 913 325 939 ὲν
339 913 395 944 τοῖς
421 913 573 947 προάγουσι
594 912 726 948 πονηρίαν
752 912 798 938 νῦν
810 912 907 938 ἀνακε-

110 958 281 994 καλυμμένῳ
307 958 464 993 δημοσιεύει
491 958 529 994 τῷ
549 958 631 994 λόγῳ.
661 958 742 994 Μόνῳ
776 958 843 994 φησι
869 958 908 994 τῷ

111 1003 202 1039 Πατρὶ
213 1004 363 1040 προσήκειν
393 1003 439 1030 τοῦ
460 1003 562 1038 ἀγαθοῦ
582 1004 632 1039 τὴν
648 1004 816 1039 ἐπωνυμίαν.
835 1002 908 1039 τᾹρα

112 1050 185 1086 μετά
199 1050 246 1085 τῆς
257 1050 422 1085 ἐγκειμένης
429 1051 462 1085 τῇ
472 1051 547 1085 φωνῇ
559 1049 706 1085 σημασίας,
721 1049 737 1085 ἣ
749 1050 908 1085 διεζευγμέ-

110 1105 163 1132 νην
184 1097 234 1132 τῆς
247 1096 349 1128 οἰκείας
372 1096 518 1131 ἐμφάσεως
531 1105 539 1129 ς
556 1096 587 1123 Ei.
605 1096 653 1131 μὲν
665 1094 710 1123 οὖν
724 1096 755 1122 τὸ
766 1096 850 1131 ὄνομα
861 1096 907 1122 τοῦ

111 1142 218 1176 ἀγαθοῦ
235 1143 315 1178 μόνον
334 1142 476 1178 ἀνατίθησι
506 1142 545 1178 τῷ
566 1142 655 1178 Πατρὶ
670 1142 730 1169 κατ’
756 1142 906 1178 ἐξαίρετον,

112 1189 228 1222 ἐλεεινὸς
238 1189 272 1218 ἂν
283 1188 325 1224 εἴη
348 1189 399 1223 τῆς
416 1188 537 1223 ἀλογίας,
555 1189 676 1224 ῥήματος
686 1188 810 1215 διακένου
824 1189 908 1223 ψόφον

111 1235 152 1270 τῷ
159 1236 247 1270 Πατρὶ
255 1233 443 1270 χαριζόμενος.
457 1235 487 1261 Εἰ
499 1234 527 1261 δὲ
544 1234 574 1260 τὸ
584 1234 671 1270 νόημα
685 1234 715 1261 τὺ
723 1235 767 1261 διὰ
781 1234 827 1261 τοῦ
839 1235 908 1269 ἀγα-

112 1280 164 1307 θοῦ
183 1281 393 1316 σημαινόμενον,
413 1281 486 1316 μόνῳ
496 1281 645 1316 προσήκειν
652 1280 738 1307 οἴεται
749 1280 787 1316 τῷ
795 1280 853 1316 Θεῷ
863 1281 909 1307 καὶ

112 1326 215 1361 Πατρὶ,
228 1325 369 1361 βδελυκτὺς
385 1326 418 1353 ἀν
427 1326 468 1362 εῐη
479 1327 529 1362 τῆς
542 1326 737 1359 ἀσεϐείας,τῶν
750 1327 908 1362 Μανιχαίων

113 1371 166 1407 τὴν
176 1371 253 1398 νόσον
266 1371 314 1398 ἐπὶ
334 1370 388 1398 τῶν
399 1371 472 1398 ίδίων
482 1371 624 1406 δογμάτων
638 1371 844 1407 ἀνανεούμενος.
866 1372 910 1404 Ὠς

114 1417 170 1453 γὰρ
183 1417 261 1452 ὑγεία
268 1417 315 1444 καὶ
329 1417 417 1450 νόσος,
430 1416 516 1449 οῦτως
532 1417 578 1444 καὶ
586 1417 722 1453 ἀγαθότης
732 1417 777 1444 καὶ
793 1418 909 1453 πονηρία

114 1464 176 1495 ταῖς
190 1463 311 1499 ἀλλήλων
334 1464 489 1500 ἀναιρέσεσι
517 1464 751 1500 παρυφίστανται·
768 1464 837 1491 ὥστε
861 1465 910 1500 τὴν

114 1508 164 1535 τοῦ
180 1509 239 1541 ἐνὸς
261 1509 405 1543 ἀπουσίαν,
425 1509 542 1545 ὓπαρξιν
555 1509 602 1537 τοῦ
622 1509 716 1546 ἐτέρου
729 1510 861 1544 γίνεσθαι.
878 1511 909 1536 Et

114 1552 164 1581 οὖν
180 1554 253 1590 μόνῳ
263 1555 302 1590 τῷ
324 1555 412 1590 Πατρὶ
430 1555 579 1591 προσήκειν
594 1554 667 1590 λέγει
679 1556 728 1591 τὴν
742 1555 908 1590 ἀγαθότητα,

115 1599 257 1627 ἀποκλείει
272 1600 373 1636 ταύτης
386 1601 439 1627 πᾶν
451 1601 466 1627 ὅ
478 1609 503 1627 τι
512 1601 644 1636 πάρεστιν
657 1601 685 1627 ἐν
696 1601 752 1632 τοῖς
762 1598 821 1627 οὖσι
835 1600 910 1635 παρὰ

114 1645 164 1672 τὸν
176 1645 285 1682 Πατέρα
303 1646 459 1682 νοούμενον,
475 1645 545 1673 ὥστε
556 1647 613 1678 τοῖς
631 1647 698 1673 πᾶσι
714 1647 818 1674 καὶτὸν
830 1655 909 1682 μονο-

115 1691 184 1727 γενῆ
211 1692 277 1719 Θεὸν
293 1691 340 1718 τοῦ
365 1691 470 1727 ἀγαθοῦ
495 1692 732 1729 συναπείργεσθαι.
756 1693 800 1725 Ὧς
824 1693 879 1729 γὰρ
897 1694 911 1720 6

118 1737 200 1772 μόνον
212 1737 370 1771 γελαστικὸν
381 1735 451 1765 εἶναι
461 1737 548 1772 λέγων
556 1738 601 1765 τὸν
617 1737 771 1775 ἄνθρωπον,
783 1738 813 1765 τὸ
828 1738 910 1774 μηδὲν

115 1781 172 1808 τῶν
188 1781 290 1810 λοιπῶν
305 1782 381 1815 ζώων
397 1784 446 1818 τῆς
456 1783 584 1818 ἰδιότητος
597 1783 698 1819 ταύτης
714 1784 838 1820 μετέχειν
854 1792 913 1811 συν⁴

116 1828 289 1861 ενεδείξατο·
315 1828 402 1861 οὕτως
418 1830 432 1856 ό
454 1830 483 1856 ἐν
511 1829 584 1865 μόνῳ
600 1829 638 1865 τῷ
659 1831 792 1866 Πατρὶτό
810 1830 912 1865 ἀγαθὸν

117 1871 189 1902 εἶναι
213 1875 434 1910 ἀποφηνάμενος,
459 1876 570 1912 χωρίζει
583 1875 618 1903 τὰ
631 1876 719 1903 πάντα
733 1877 784 1912 τῆς
798 1877 869 1904 κατὰ
882 1877 912 1904 τὸ

116 1920 222 1954 ἀγαθὸν
240 1920 381 1956 ἰδιότητος.
403 1921 435 1948 Εἰ
459 1918 505 1948 οὖν
529 1922 609 1957 μόνος
622 1923 636 1949 6
649 1922 745 1958 Πατὴρ
759 1924 820 1949 κατ’
833 1923 912 1956 ἀξίαν

117 1967 297 2003 ὀφειλομένην
316 1967 374 2003 ἔχει
391 1967 437 1994 τοῦ
459 1967 562 2002 ἀγαθοῦ
577 1967 627 2003 τὴν
639 1968 807 2004 ἐπωνυμίαν,
822 1969 912 2001 καθώς

117 2023 204 2050 φησιν
219 2015 234 2041 ὀ
247 2014 387 2050 Εὑνόμιος,
406 2014 492 2041 οὐδενὶ
507 2014 562 2042 τῶν
578 2014 666 2042 ἀλλων
679 2016 696 2051 ἡ
709 2015 820 2050 τοιαύτη
835 2016 912 2051 φωνὴ

118 2061 222 2098 κυρίως
236 2061 488 2097 ἐφαρμοσθήσεται.
512 2062 591 2089 Πᾶσα
608 2062 637 2089 δὲ
658 2062 817 2098 προαίρεσις
829 2064 914 2099 ὀρμη-

117 2107 194 2142 τικὴ,
216 2107 274 2142 ἦτοι
290 2106 361 2134 κατά
371 2107 401 2133 τὸ
412 2107 514 2141 ἀγαθὸν
524 2108 675 2143 ἐνεργεῖται
688 2107 804 2140 πάντως,
820 2108 913 2144 ἢπρός

117 2154 151 2180 τὸ
177 2153 364 2188 ἀντικείμενον
386 2153 510 2189 φέρεται.
539 2154 576 2180 T6
599 2153 653 2189 γὰρ
676 2154 745 2190 πρὸς
769 2154 912 2190 οὐθέτερον

958 915 985 937 et
1006 911 1087 937 talem
1109 918 1204 937 vocem
1227 910 1265 937 illi
1288 910 1339 937 soli
1361 912 1507 938 convenire
1521 911 1567 946 qui
1586 911 1666 942 dixit,
1684 919 1751 938 con-

959 960 1073 983 tractam
1084 956 1110 982 in
1122 956 1342 991 praecedentibus
1354 956 1558 991 improbitatem
1572 966 1644 984 nunc
1657 962 1751 992 aperto

959 1007 986 1029 et
1008 1003 1131 1029 revelato
1154 1009 1281 1030 sermone
1307 1002 1440 1038 publicat.
1469 1002 1524 1030 Soli
1555 1003 1645 1038 inquit
1675 1003 1751 1030 Patri

959 1050 1105 1077 convenire
1127 1050 1191 1077 boni
1213 1050 1476 1078 denominationem.
1502 1050 1598 1077 Utrum
1626 1058 1687 1078 eum
1707 1051 1751 1078 in-

959 1097 1011 1124 sita
1031 1097 1092 1124 voci
1108 1096 1324 1131 significatione,
1344 1104 1378 1123 an
1397 1104 1464 1124 vero
1479 1097 1645 1131 disjunctam
1664 1105 1677 1123 a
1691 1105 1753 1132 pro—

959 1143 1019 1178 prio
1037 1142 1214 1177 signiﬁcato?
1229 1142 1257 1169 Si
1279 1142 1364 1177 igitur
1381 1143 1469 1170 solum
1482 1142 1545 1169 boni
1561 1151 1659 1170 nomen
1675 1142 1750 1170 Patri

960 1189 1085 1216 attribuit
1108 1196 1157 1224 per
1184 1189 1388 1221 excellentiam,
1414 1189 1582 1216 miserabilis
1610 1189 1691 1216 fuerit
1716 1190 1752 1216 ob

959 1234 1136 1267 dementiam,
1148 1235 1240 1262 inanis
1250 1234 1325 1262 verbi
1338 1235 1482 1269 strepitum
1499 1235 1573 1262 Patri
1582 1235 1750 1270 gratiﬁcans.

960 1280 1037 1314 Quod
1059 1281 1081 1308 si
1101 1281 1240 1308 notionem
1263 1288 1324 1316 qure
1349 1280 1412 1307 boni
1437 1281 1549 1308 nomine
1571 1281 1751 1316 significatur,

961 1325 1012 1352 soli
1035 1324 1089 1352 Deo
1108 1330 1136 1352 et
1162 1325 1237 1352 Patri
1260 1325 1407 1353 convenire
1427 1329 1515 1360 putat,
1534 1326 1710 1354 exsecrabilis
1725 1331 1752 1354 et

961 1371 1163 1399 abominandus
1192 1372 1274 1399 fuerit
1298 1372 1447 1407 impietatis
1472 1380 1566 1405 causa,
1584 1377 1614 1399 ut
1631 1374 1676 1407 qui
1693 1373 1752 1400 Ma-

961 1418 1130 1445 nichaeorum
1149 1418 1274 1445 morbum
1296 1418 1324 1445 in
1352 1418 1410 1446 suis
1429 1418 1550 1446 decretis
1573 1423 1685 1446 renovet
1723 1423 1752 1446 ut

960 1463 1034 1491 enim
1053 1464 1158 1491 sanitas
1175 1467 1201 1491 et
1219 1458 1346 1493 morbus.
1364 1465 1405 1491 sic
1426 1464 1534 1491 bonitas
1547 1469 1574 1492 et
1591 1460 1752 1499 improbitas

961 1511 1066 1537 mutuis
1080 1511 1287 1539 sublationibus
1301 1511 1483 1539 subsistunt:
1502 1511 1539 1538 ita
1557 1515 1586 1538 ut
1605 1511 1686 1538 unius
1703 1513 1752 1538 ab-

963 1556 1069 1590 sentia,
1088 1556 1203 1584 alterius
1218 1557 1382 1584 exsistentia
1401 1557 1457 1584 fiat.
1476 1556 1547 1592 Ergo
1564 1557 1587 1585 si
1606 1555 1681 1583 Patri
1701 1557 1753 1584 soli

961 1601 1113 1629 bonitatem
1146 1605 1273 1629 autumat
1298 1602 1466 1634 convenire,
1493 1602 1528 1629 ab
1556 1602 1608 1628 hac
1633 1603 1754 1629 excludit

961 1647 1096 1683 quidquid
1114 1648 1140 1675 in
1156 1655 1249 1675 rerum
1265 1652 1364 1675 natura
1380 1648 1553 1683 intelligitur,
1571 1653 1687 1684 excepto
1703 1648 1754 1675 Pa-

962 1698 1014 1721 tre.
1038 1693 1077 1721 lta
1096 1697 1126 1721 ut
1145 1701 1208 1722 cum
1225 1695 1355 1722 omnibus
1377 1694 1461 1722 etiam
1476 1695 1635 1729 unigenitus
1651 1695 1723 1723 Deus
1738 1703 1753 1722 a

962 1740 1037 1768 bono
1054 1739 1238 1768 excludatur:
1256 1744 1287 1768 ut
1300 1741 1373 1768 enim
1394 1740 1443 1775 qui
1462 1740 1530 1768 dicit
1551 1741 1641 1768 solum
1665 1741 1754 1769 homi-

962 1794 1024 1814 nem
1041 1787 1108 1813 risui
1131 1791 1225 1822 aptum
1247 1794 1309 1814 esse
1327 1790 1445 1816 natura.
1461 1787 1567 1813 nullum
1583 1787 1752 1822 reliquorum

963 1832 1122 1860 animalium
1139 1832 1222 1866 hujus
1239 1832 1417 1867 proprietatis
1434 1832 1573 1867 particeps
1591 1839 1653 1860 esse
1669 1833 1753 1860 simul

962 1878 1185 1906 demonstravit:
1205 1878 1245 1905 sic
1262 1878 1308 1912 qui
1334 1877 1360 1904 in
1381 1876 1463 1905 Patre
1480 1878 1540 1905 solo
1563 1876 1665 1905 bonum
1691 1886 1754 1905 esse

964 1923 1154 1959 pronuntiavit
1165 1944 1171 1955 ,
1185 1923 1277 1950 omnia
1294 1926 1405 1958 separat
1420 1931 1433 1949 a
1450 1923 1617 1958 proprietate
1632 1924 1708 1951 boni.
1724 1924 1752 1951 Si

963 1969 1048 2005 igitur
1062 1969 1138 1996 solus
1151 1967 1233 1995 Pater
1247 1975 1297 2003 pro
1310 1968 1444 2003 dignitate
1458 1969 1577 1996 debitam
1591 1969 1674 1996 habet
1690 1970 1758 2004 boni,

963 2015 1180 2043 nominationem
1191 2035 1198 2045 ,
1214 2014 1288 2042 sicut
1302 2014 1341 2041 ait
1355 2013 1508 2041 Eunomius
1518 2033 1526 2045 ,
1544 2013 1612 2040 nulli
1635 2014 1757 2041 aliorum"

963 2068 1015 2089 vox
1029 2061 1091 2088 talis
1107 2060 1217 2096 proprie
1230 2060 1424 2095 applicabitur.
1438 2059 1535 2087 Omnis
1548 2064 1639 2087 autem
1655 2061 1754 2088 electio

963 2115 1024 2143 qua:
1042 2111 1118 2134 motu
1134 2106 1294 2134 voluntario
1309 2106 1407 2138 fertur,
1424 2107 1467 2134 vel
1482 2106 1633 2134 secundtnn
1651 2107 1753 2134 bonum

963 2160 1078 2188 prorsus
1100 2156 1241 2187 operatur,
1263 2151 1306 2179 vel
1328 2151 1362 2178 ad
1377 2151 1548 2178 contrarium
1566 2151 1664 2179 fertur.
1685 2151 1753 2190 Nam

118 2196 279 2232 ἑπιρῤεπῶς
299 2197 382 2232 ἔχειν,
399 2197 417 2232 ἢ
437 2197 492 2224 τῶν
512 2197 623 2233 ἀψύχων
641 2198 717 2229 ἴδιον,
736 2198 753 2234 ἢ
769 2200 823 2226 τῶν
838 2200 909 2226 ἀναι-

966 2199 999 2225 ad
1024 2203 1153 2226 neutrum
1177 2197 1365 2233 propendere,
1390 2198 1432 2225 vel
1457 2206 1552 2225 eorum
1576 2206 1636 2232 qua
1660 2202 1755 2226 carent

119 2243 230 2279 σθήτων
244 2243 327 2271 ἐστίν.
341 2244 373 2270 Εἰ
389 2244 480 2271 τοίνυν
495 2244 575 2280 μόνος
592 2246 606 2272 ὀ
624 2245 719 2281 Πατὴρ
732 2245 844 2279 ἀγαθὸς,
864 2245 914 2273 οὐκ

118 2290 266 2324 ἐπίκτητον
281 2289 362 2325 ἔχων,
380 2290 437 2317 ἀλλ’
450 2291 479 2317 ἐν
489 2291 523 2326 τῇ
542 2290 622 2325 φύσει
633 2291 683 2326 τὴν
697 2290 863 2326 ἀγαοότητα,
883 2292 913 2317 οὐ

119 2335 282 2363 κοινωνεῖδέ
292 2335 332 2371 τῷ
342 2336 428 2371 Πατρὶ
440 2337 490 2372 τῆς
498 2337 606 2372 φύσεως
618 2339 633 2364 6
646 2337 721 2370 Υἱὸς,
736 2337 827 2369 καθὼς
840 2339 856 2372 ὴ
873 2337 915 2364 αῖ-

122 2390 198 2416 ρεσις
216 2381 353 2417 βούλεται·
371 2383 386 2409 ὁ
397 2383 447 2417 τῆς
469 2382 576 2418 ἀγαθῆς
592 2383 686 2415 οὐσίας
705 2383 846 2419 ἀμέτοχος,
867 2383 914 2410 καὶ

119 2427 172 2462 τῆς
185 2426 232 2453 τοῦ
247 2427 350 2461 ἀγαθοῦ
371 2427 479 2459 πάντως
497 2429 654 2464 ἐπωνυμίας
675 2428 912 2464 συνηλλοτρίωται.

126 2473 158 2499 '0
170 2472 199 2499 δὲ
215 2473 284 2508 μήτε
296 2474 345 2508 τῆς
363 2473 470 2508 φύσεως
488 2473 536 2501 τοῦ
554 2474 670 2508 ἀγαθοῦ,
692 2475 761 2511 μήτε
775 2475 823 2510 τῆς
842 2475 914 2502 ἐπω-

120 2518 221 2553 νυμίας
252 2518 385 2553 μετέχων,
407 2519 458 2545 οὐκ
481 2519 618 2553 ἀγνοεῖται
637 2520 746 2552 πάντως
758 2520 832 2551 ὅστις
844 2519 911 2553 ἐστὶ,

121 2563 174 2590 κᾶν
189 2563 245 2598 ἑγὼ
274 2564 413 2600 φείσωμαι
439 2564 486 2592 τοῦ
498 2565 659 2601 βλασφήμου
673 2566 813 2601 ὀνόματος.
830 2565 914 2592 Παντὶ

120 2610 177 2646 γὰρ
187 2610 267 2645 δῆλόν
282 2611 355 2638 ἐστιν
372 2611 414 2637 ὅτι
433 2612 464 2638 τὸ
479 2612 597 2648 πονηρόν
614 2621 644 2638 τε
664 2612 711 2639 καὶ
728 2612 914 2647 ἀντικείμενον

121 2657 161 2688 εἰς
184 2657 234 2692 τὴν
254 2657 302 2684 τοῦ
318 2657 384 2684 Υἱοῦ
404 2657 507 2684 ἔννοιαν
534 2657 719 2693 ὑποϐληθῆναι
739 2657 887 2692 φιλονεικεῖ
900 2658 914 2683 6

121 2703 262 2738 Εὐνόμιος.
289 2703 318 2730 '0
334 2703 389 2739 γὰρ
412 2703 449 2739 μὴ
464 2703 575 2738 ἀγαθὸς,
592 2704 660 2739 πρὸς
678 2705 753 2730 ποῖον
768 2704 854 2739 ὅνομα
874 2704 913 2730 oi-

121 2750 204 2782 κείως
214 2750 283 2785 ἔχει,
309 2750 390 2777 παντὶ
415 2750 531 2786 φανερὸν
557 2750 597 2786 τῷ
618 2750 736 2782 διανοίας
762 2750 912 2786 μετέχοντι.

128 2797 171 2827 Ὠς
187 2797 242 2832 γὰρ
271 2798 286 2823 ὀ
311 2797 350 2832 μὴ
375 2797 506 2832 ἀνδρεῖος,
520 2796 618 2830 δειλὸς,
637 2796 684 2823 καὶ
703 2797 717 2823 ὀ
733 2796 770 2832 μὴ
798 2796 912 2830 δίκαιος,

121 2842 223 2876 ἇόικος,
249 2844 297 2870 καὶ
320 2844 335 2870 6
354 2843 391 2879 μὴ
418 2844 497 2878 σοφὸς
512 2843 606 2880 ἄφρων
629 2843 815 2876 ἑστίνόὖτως
832 2844 879 2871 καὶ
899 2845 913 2871 ὀ

965 2245 1056 2272 anima
1070 2245 1212 2280 proprium
1227 2247 1284 2276 est,
1299 2244 1342 2271 vel
1359 2251 1454 2271 eorum
1471 2251 1532 2279 quae
1547 2252 1630 2272 sensu
1645 2245 1755 2279 privano

965 2295 1019 2318 tur.
1035 2291 1065 2318 Si
1078 2291 1162 2326 igitur
1176 2291 1253 2318 solus
1270 2290 1352 2318 Pater
1365 2290 1454 2318 bonus
1464 2310 1472 2322 ,
1489 2298 1544 2318 non
1558 2290 1734 2318 adventitiam
1746 2311 1754 2324 ,

964 2338 1012 2365 sed
1029 2341 1128 2364 natura
1150 2337 1261 2364 insitam
1288 2336 1393 2364 habens
1416 2336 1582 2368 bonitatem,
1598 2344 1652 2364 non
1678 2345 1756 2363 corn-

965 2390 1075 2410 munem
1091 2386 1183 2410 autem
1199 2390 1262 2410 cum
1281 2381 1361 2410 Patre
1375 2382 1482 2410 obtinet
1499 2387 1625 2409 naturam
1648 2381 1753 2414 Filius,

965 2430 1038 2457 sicut
1054 2430 1113 2456 vult
1131 2429 1266 2457 hteresis:
1283 2430 1330 2464 qui
1348 2429 1427 2456 bonae
1444 2428 1570 2456 essentia:
1586 2432 1627 2454 est
1642 2435 1754 2460 exsors,

964 2481 991 2503 et
1009 2483 1023 2503 a
1049 2476 1112 2503 boni
1133 2475 1217 2503 etiam
1239 2476 1432 2503 nominatione
1451 2483 1565 2510 prorsus
1579 2480 1621 2502 est
1637 2475 1754 2502 alienus.

964 2521 1015 2555 Qui
1036 2527 1126 2549 autem
1141 2529 1230 2557 neque
1242 2522 1308 2549 boni
1323 2527 1428 2549 naturae
1439 2542 1447 2554 ,
1463 2529 1552 2557 neque
1565 2521 1756 2557 appellationis

964 2572 1007 2596 est
1022 2568 1172 2604 particeps,
1187 2576 1241 2596 non
1256 2568 1382 2604 profecto
1395 2569 1539 2604 ignoratur
1552 2568 1679 2603 quisnam
1694 2571 1754 2599 est,

964 2615 1072 2643 etiamsi
1086 2622 1137 2651 ego
1152 2615 1285 2642 maledico
1296 2619 1323 2642 et
1334 2614 1417 2649 impio
1429 2614 1531 2641 nomini
1547 2622 1667 2649 parcam.
1689 2613 1756 2640 Cui-

963 2661 1006 2689 vis
1027 2661 1101 2688 enim
1125 2661 1302 2689 manifestum
1322 2665 1380 2693 est,
1400 2660 1474 2695 quod
1497 2659 1651 2695 improbant
1676 2659 1757 2694 quid-

964 2706 1027 2734 dam
1048 2711 1076 2734 et
1099 2708 1269 2734 contrarium
1292 2707 1319 2733 in
1344 2706 1406 2733 Filii
1425 2706 1566 2733 notionem
1593 2706 1757 2734 submittere

965 2753 1084 2788 maligne
1099 2753 1240 2781 contendit
1257 2753 1420 2781 Eunomius.
1437 2752 1488 2785 Qui
1506 2753 1578 2780 enim
1596 2760 1651 2780 non
1667 2752 1757 2780 bonus

964 2803 1025 2831 est,
1041 2807 1096 2834 quo
1113 2799 1224 2827 nomine
1238 2799 1274 2826 sit
1287 2800 1397 2834 proprie
1410 2798 1600 2834 appellandus.
1611 2798 1698 2826 cuivis
1713 2805 1756 2824 ra-

965 2845 1050 2873 tionis
1073 2845 1218 2874 discursus
1241 2844 1370 2881 participi
1395 2845 1571 2881 perspicuum
1596 2848 1649 2872 est.
1678 2844 1756 2871 Sicut
