1923 3071
52 149 94 177 Sbl
604 139 742 168 CONTRA
764 137 837 165 EUNI

889 136 956 168 lUM,
974 136 1036 162 LIB.
1057 135 1101 161 Xl.

1613 128 1665 155 86?.

54 203 98 237 τὴν
108 200 198 228 ἐλπίδα
216 199 261 227 τοῦ
277 198 370 234 μαθεῖν
384 198 413 224 τὸ
428 196 532 224 τοιοῦτο
541 196 664 232 μάθημα,
678 195 710 222 δι’
725 192 755 222 οὗ
775 203 827 220 κω-

889 199 944 219 ιιιιη
961 191 1102 226 appellans
1116 199 1122 216 ε
1142 196 1189 223 spe
1203 187 1326 215 discendi
1346 186 1427 213 talem
1443 185 1596 212 doctrinam
1612 193 1664 220 qua

55 246 209 281 λυθήσεσθαι
226 245 378 281 προσεδόκα
392 245 437 271 τὸν
452 244 576 270 θάνατον,
597 242 700 270 Οὐκοῦν
718 242 829 272 εἰκότως

54 296 67 321 ὁ
82 292 260 328 παρακληθεὶς
287 291 351 326 παρ’
366 290 459 322 αὑτοῦ,
479 287 554 321 οὗτος
577 290 623 316 καὶ
643 288 828 323 ἀποκρίνεται.

56 340 104 374 Τῆς
115 339 166 373 γὰρ
178 337 322 369 ἐντεύξεως
339 337 369 362 οὐ
387 336 453 371 πρὸς
471 337 516 362 τὸν
534 335 599 362 Θεὸν
617 334 701 367 Λόγον
715 341 828 368 γεγενη·

57 386 142 421 μένης,
154 382 307 413 ἀκολούθως
320 382 367 408 καὶ
376 382 393 416 ἡ
401 382 545 416 ἀπόκρισις
556 382 589 407 ἐκ
600 380 647 406 τοῦ
661 378 830 415 ἀνθρωπίνου

57 430 117 466 πρὸς
132 430 175 455 τὸν
190 427 346 454 ἱκετεύοντα
354 427 468 461 γίνεται,
477 426 572 461 διπλῆν
581 426 721 459 ἐπάγουσα
733 424 771 460 τῷ
779 424 831 459 νέῳ

54 477 97 510 τὴν
115 476 258 502 παίδευσιν.
286 473 410 500 Διδάσκει
423 473 477 508 γὰρ
491 472 561 499 κατὰ
575 472 682 504 ταύτὸν,
696 473 737 498 ὅτι
748 480 777 498 τε
792 471 832 506 τῷ

56 523 100 557 βίῳ
110 522 249 557 προσήκει,
265 520 312 547 καὶ
325 520 386 555 οὐχὶ
399 519 527 555 ῥημάτων
535 518 657 554 εὐφημίᾳ
671 516 831 553 θεραπεύειν

54 568 81 594 τὸ
93 567 174 597 Θεῖον,
204 567 233 592 ἐν
255 565 295 600 τῷ
310 566 359 597 τὰς
373 565 480 596 ἐντολὰς
497 565 593 594 ποιεῖν,
610 564 656 590 καὶ
677 563 831 599 προσόντων

56 613 154 640 πάντων
167 612 293 638 ὠνεῖσθαι
306 611 356 647 τὴν
366 611 473 638 αἰώνιον
483 610 565 646 ζωὴν,
574 611 620 637 καὶ
633 610 673 636 ὅτι
685 611 715 636 τὸ
726 609 830 644 ἀνθρώ-

55 667 125 685 πινον
137 660 165 685 ὲν
178 658 294 694 πονηρίᾳ
317 657 359 683 διὰ
373 658 421 691 τὴν
441 657 576 692 ἁμαρτίαν
596 657 749 691 γενόμενον,
767 656 832 682 ἁπο-

55 705 172 738 κέκριται
185 704 234 739 τῆς
259 704 357 738 κυρίας
375 703 422 729 τοῦ
448 702 551 737 ἀγαθοῦ
576 703 706 738 κλήσεως.
725 702 778 728 Καὶ
789 701 833 728 διὰ

55 750 126 776 τοῦτὸ
139 758 205 785 φησι
218 757 225 764 ·
246 750 276 776 Τί
286 758 324 784 με
339 749 437 784 λέγεις
459 750 590 783 ἁγαθόν;
606 749 655 775 Διὰ
673 748 721 775 τοῦ
735 749 831 780 εἰπεῖν,

56 796 111 830 ἐμὲ,
134 797 183 831 τὴν
204 796 376 831 ἀνθρωπίνην
399 796 479 831 φύσιν
507 797 556 830 τὴν
579 796 643 830 περὶ
665 796 746 822 αὐτὸν
767 796 834 823 ὐποο

55 841 176 867 δεικνύων
190 841 229 876 τῷ
247 841 330 876 λόγῳ·
349 834 384 877 τῆ
405 841 433 868 δὲ
454 841 561 876 θεότητι
585 841 834 877 προσμαρτυρήσας

54 887 98 922 τὴν
117 887 281 922 ἁγαθὸτητα,
300 887 394 914 ἑαυτὸν
408 887 535 922 ἄντικρυς
550 887 651 920 ἀγαθὸν
666 887 832 922 ἀπεφήνατο,

54 932 94 958 τὸν
109 932 215 967 ἀληθῶς
234 932 285 958 ὑπὸ
297 932 344 958 τοῦ
358 932 522 966 Εὑαγγελίου
537 933 603 959 Θεὸν
618 933 833 968 κηρυσσόμενον.

55 978 82 1004 El
97 978 142 1013 μὲν
155 977 212 1014 γὰρ
225 978 426 1013 ἀπεσχοινίζετο
440 980 488 1014 τῆς
505 979 551 1005 τοῦ
569 978 635 1005 Θεοῦ
651 980 835 1014 προσηγορίας

53 1024 65 1049 ὁ
79 1025 218 1059 μο.ογενὴς
244 1024 317 1055 Υἱὸς.
344 1025 394 1051 οὐκ
409 1023 442 1060 ἦν
463 1025 561 1052 ἄτοπον
577 1024 641 1056 ἴσως
657 1025 686 1052 τὸ
696 1025 834 1061 ἀλλότριον

54 1071 126 1097 αὐτὸν
144 1071 192 1097 καὶ
204 1071 252 1105 τῆς
270 1069 316 1096 τοῦ
331 1070 433 1104 ἀγαθοῦ
444 1071 629 1106 προσηγορίας
642 1071 757 1098 οἴεσθαι.

87 1159 115 1185 El
126 1159 153 1185 δὲ
169 1160 200 1194 δὴ
215 1160 261 1186 καὶ
271 1161 418 1195 προφῆται.
432 1161 478 1186 καὶ
503 1160 701 1194 εὐαγγελισταὶ,
712 1160 758 1186 καὶ
769 1159 836 1186 ἀπό-

55 1205 135 1231 στολοι
143 1205 166 1231 δι
172 1205 271 1231 ιϐοῶσι
279 1205 324 1231 τοῦ
331 1207 497 1240 Μονογενοῦς
505 1205 554 1241 τὴν
562 1206 684 1241 θεότητα”
693 1207 835 1241 μαρτυρεῖ-

54 1258 92 1275 ται
100 1251 125 1277 δὲ
133 1252 195 1286 παρ’
203 1251 285 1277 αὑτοῦ
296 1251 396 1286 Κυρίου
404 1251 442 1287 τῷ
451 1252 509 1286 Θεῷ
516 1252 662 1287 προσήκειν
672 1252 703 1278 τὸ
710 1252 758 1287 τῆς
767 1253 836 1285 ἁγα-

54 1295 156 1330 θότητος
166 1297 251 1331 δνομα
261 1305 268 1311 ⁸
283 1297 341 1328 πῶς
351 1297 380 1323 οὐ
390 1298 511 1323 κοινωνεῖ
522 1298 568 1331 τῆς
579 1297 742 1331 ὰγαθότητος
757 1297 770 1323 ὁ
781 1305 836 1322 κοι-

55 1341 138 1367 νωνῶν
146 1342 196 1376 τῆς
205 1341 329 1376 θεότητος
340 1351 347 1373 ;
358 1343 418 1368 ’Ότι
433 1342 486 1377 γὰρ
498 1343 544 1369 καὶ
553 1342 688 1378 προφῆται
697 1342 761 1368 Θεὸν
772 1343 835 1376 otto-

55 1386 152 1420 λογοῐισι
165 1388 212 1414 τὸν
220 1387 330 1422 Κύριον.
340 1388 386 1414 καὶ
399 1387 597 1421 εὐαγγελισταὶ,
608 1388 654 1414 καὶ
664 1387 782 1422 μαθηταὶ
790 1387 836 1414 καὶ

55 1432 201 1464 ἀπόστολοι,
222 1433 309 1464 οὐδεὶς
323 1432 394 1459 οὕτω
412 1433 466 1459 τῶν
484 1433 562 1459 θείων
569 1433 701 1467 ἀμύητος.
716 1432 753 1463 ὡς
765 1432 836 1466 λόγῳ

55 1477 149 1504 δεῖσθαι
164 1478 229 1513 περὶ
246 1478 348 1504 τούτων
365 1478 470 1513 μαθεῖν,
483 1479 529 1509 Τίς
544 1478 597 1513 γὰρ
611 1479 661 1504 οὐκ
671 1475 740 1504 οἶδεν
757 1477 785 1503 ὲν
803 1478 835 1512 τῇ

55 1523 164 1559 τετάρτῃ
178 1524 226 1550 καὶ
238 1525 442 1558 τεσσαρακοστῇ
456 1523 609 1558 ψαλμῳδίᾳ,
628 1524 668 1550 ὅτι
682 1523 748 1549 Θεὸν
762 1523 837 1558 παρὰ

56 1568 117 1595 Θεοῦ
127 1570 280 1605 χριόμενον,
297 1569 341 1595 τὸν
351 1570 372 1596 Χ
379 1570 467 1605 ριστὸν
479 1570 493 1595 ὁ
503 1570 647 1604 Προφήτης
661 1568 837 1603 διακηρύσσει

56 1614 90 1649 τῷ
111 1615 199 1650 λόγῳς
219 1616 265 1642 καὶ
287 1615 368 1641 πάλιν
391 1616 436 1641 τὸν
466 1615 577 1641 Ἡσαΐαν
600 1614 670 1640 οὕτω
698 1614 837 1649 προδήλως

58 1659 153 1693 βοῶντα
164 1661 212 1687 τοῦ
231 1661 296 1687 Υίοῦ
312 1661 360 1696 τὴν
373 1661 495 1696 θεότητα,
510 1660 551 1691 τίς
569 1661 662 1694 ἀγνοεῖ
676 1659 732 1686 τῶν
748 1659 839 1685 καθωα

59 1705 205 1740 μιληκύτων
213 1708 246 1742 τῇ
258 1707 426 1742 προφητείας
443 1707 487 1733 Ἐν
498 1703 538 1737 οἷς
550 1705 618 1740 μετὰ
626 1705 679 1731 τῶν
693 1705 781 1731 ἄλλων
791 1705 837 1730 καὶ

47 1751 130 1778 ,τοῦτὸ
144 1761 226 1788 φησιν
237 1772 244 1781 .
260 1753 299 1779 ὃτι
325 1753 462 1786 Σαϐαείμ,
477 1752 587 1786 ἄνδρες
603 1750 716 1785 ὑψηλοί
735 1750 784 1777 ἐπὶ
802 1750 840 1777 σὲ

59 1795 257 1830 διαϐήσονται,
274 1797 322 1825 καί
337 1798 384 1824 σοὶ
407 1798 528 1824 ἔσονται
542 1797 645 1824 δοῦλοι
655 1817 662 1827 .
678 1797 727 1824 καί
744 1797 840 1823 ὀπίσω

57 1849 111 1869 σου
126 1843 372 1877 ἀκολουθήσουσι
392 1843 544 1878 δεδεμένοι
566 1843 770 1878 χειροπέὸιιις,
790 1841 839 1868 καὶ

58 1887 88 1914 ἐν
99 1889 146 1915 σοι
163 1889 394 1923 προσεύξονται,
410 1890 454 1916 ὅτι
466 1890 500 1916 ὲν
515 1890 565 1916 σοὶ
585 1891 601 1916 ὁ
621 1889 703 1921 Θεὸς,
720 1889 769 1916 καί
785 1889 839 1915 οὐκ

58 1934 119 1961 ἔστι
136 1936 208 1968 Θεὸς
232 1936 315 1968 πλὴν
330 1935 397 1962 σοῦ.
412 1935 453 1962 Σὺ
469 1936 523 1970 γὰρ
537 1933 567 1961 εἷ
587 1936 603 1961 ό
621 1935 701 1967 Θεός.
724 1935 770 1966 Τίς
786 1935 840 1969 γὰρ

60 1978 132 2010 ἁλλος
142 1979 209 2011 Θεὸς
220 1980 234 2005 ὁ
251 1980 278 2005 ὲν
291 1979 379 2014 ἐαυτῷ
391 1979 456 2005 Θεὸν
471 1978 550 2014 ἔχων,
565 1979 612 2005 καὶ
622 1979 702 2010 αὐτὸς
711 1979 748 2005 ὢν
764 1979 839 2010 θεὸς.

59 2024 126 2060 πλὴν
141 2025 188 2052 τοῦ
208 2024 376 2059 Μονογενοῢς
386 2046 393 2057 ,
405 2024 558 2051 εἰπάτωσαν
573 2026 596 2051 oi
612 2025 660 2060 τῆς
674 2025 842 2060 προφητείας

60 2071 175 2105 ἀνήκοοι·
193 2071 243 2106 τὴν
257 2071 287 2098 δὲ
302 2071 349 2097 τοῦ
368 2071 540 2106 Ἐμμανουὴλ
557 2071 714 2106 ἑρμηνείαν,
732 2071 779 2097 καὶ
792 2071 842 2106 τὴν

59 2116 102 2142 τοῦ
117 2117 203 2152 Θωμᾶ
213 2117 281 2151 μετὰ
298 2117 345 2152 τὴν
359 2117 506 2150 ἐπίγνωσιν
518 2116 674 2151 ὁμολογίαν,
689 2117 740 2151 τήν
752 2125 781 2142 τε
795 2115 842 2143 τοῦ

66 2162 183 2190 Ἰωάννου
197 2162 412 2198 μεγαλοφωνίαν,
426 2162 462 2194 ὡς
477 2163 610 2198 πρόδηλον
627 2160 708 2189 οὖσαν
724 2162 771 2189 καὶ
787 2164 843 2194 τοῖς

882 241 998 264 mortem
1017 235 1143 271 impediri
1159 238 1186 261 et
1199 233 1288 261 arceri
1309 240 1390 267 posse
1414 232 1549 259 crederet.
1569 230 1665 257 Merito

880 284 964 318 igitur
979 282 1024 317 qui
1040 286 1152 308 vocatus
1167 284 1226 307 erat
1242 279 1275 306 ab
1297 280 1372 313 ipso,
1390 278 1434 304 hic
1448 278 1530 304 etiam
1552 284 1666 310 respon-

881 329 942 356 det:
956 328 1084 363 quoniam
1098 334 1151 353 non
1168 326 1200 352 ad
1217 325 1302 352 Deum
1313 324 1431 351 Verbum
1448 323 1519 350 facta
1535 326 1594 350 erat
1607 322 1665 349 col-

881 374 982 402 locutio
992 394 999 406 ,
1013 376 1215 407 consequenter
1229 370 1312 397 etiam
1327 370 1360 396 ab
1373 369 1543 396 humanitate
1555 367 1589 394 ad
1600 376 1665 402 sup-

880 420 1025 454 plicantem
1039 418 1068 444 iit
1086 415 1240 451 responsio,
1254 414 1390 449 duplicem
1401 414 1495 449 juveni
1513 414 1665 441 institutio-

881 473 942 493 nem
955 464 1087 491 inducens
1101 472 1108 490 :
1121 470 1170 498 per
1178 461 1304 489 eumdem
1318 460 1390 488 enim
1403 467 1558 487 sermonem
1570 459 1664 492 docet,

882 510 954 546 quod
969 518 1023 538 non
1037 510 1116 537 bonis
1131 508 1222 536 verbis
1232 527 1240 539 ,
1255 506 1303 535 sed
1320 510 1394 534 recta
1407 506 1462 533 vita
1477 505 1559 533 Deum
1575 505 1667 533 colere

882 561 908 585 et
920 557 1056 584 honorare
1066 555 1205 585 convenit,
1214 553 1241 580 in
1254 551 1439 588 exsequendis
1447 552 1507 587 ejus
1520 551 1666 582 mandatis.

881 607 909 631 et
923 603 950 630 in
966 602 1116 630 vendendis
1133 600 1261 628 omnibus
1277 599 1470 630 facultatibus,
1495 602 1524 625 ut
1543 598 1606 625 inde
1626 598 1668 625 vi-

883 655 937 677 tam
960 654 1089 676 aeternam
1105 652 1197 682 posset
1214 654 1314 674 emere.
1331 645 1400 672 Tum
1419 645 1500 672 etiam
1524 644 1596 679 quod
1618 644 1669 671 hu-
1702 654 1706 657 -

883 702 963 723 mana
983 698 1081 722 natura
1104 694 1131 720 in
1155 693 1228 720 malo
1250 700 1299 727 per
1321 695 1465 726 peccatum
1488 690 1638 718 constituta
1653 697 1668 716 a

883 749 946 770 vera
972 746 999 769 et
1023 741 1134 776 propria
1159 739 1226 767 boni
1252 738 1435 773 appellatione
1450 737 1612 764 secernitur.
1637 735 1670 762 Et

883 792 1013 823 praeterea
1030 787 1098 813 dicit
1113 795 1120 813 :
1140 785 1211 818 Quid
1228 793 1268 812 me
1284 784 1352 811 dicis
1369 784 1465 810 bonum
1477 784 1489 810 5’
1500 782 1567 810 Cum
1583 783 1670 815 dixit,

883 842 941 865 me,
958 834 1105 860 humanam
1131 837 1257 859 naturam
1283 838 1344 866 qn:e
1369 830 1459 865 ipsum
1483 830 1671 857 circumdabat

862 875 870 894 ⁵
885 879 1024 912 ostendit;
1041 882 1069 904 at
1085 885 1146 904 cutn
1163 884 1292 904 sermone
1307 875 1445 902 divinitati
1464 875 1615 901 bonitatem
1634 878 1672 901 at-

885 925 1000 957 tribuit,
1017 924 1135 958 seipsum
1160 931 1175 950 e
1200 922 1315 957 vestigio
1339 922 1441 948 bonum
1464 922 1670 956 pronuntiavit,

885 972 930 1007 qui
946 978 1009 998 rere
1024 971 1059 997 ab
1079 969 1226 1004 Evangelio
1248 969 1319 996 Deus
1344 968 1517 1003 prtedicatur.
1546 968 1574 994 Si
1598 968 1670 994 etiim

885 1021 1015 1052 tanquam
1032 1015 1157 1043 funiculo
1174 1014 1352 1041 divelleretur
1378 1020 1392 1039 a
1416 1012 1463 1040 Dei
1490 1013 1671 1047 appellatione

885 1063 1045 1098 unigenitus
1061 1061 1167 1092 Filius,
1185 1068 1239 1087 non
1264 1063 1337 1087 esset
1361 1058 1509 1085 absurdum
1535 1058 1670 1090 fortasse,

886 1110 974 1145 ipsum
989 1116 1004 1135 a
1020 1107 1084 1135 boni
1098 1106 1279 1141 appellatione
1292 1109 1386 1139 putare
1401 1104 1530 1131 alienum.

920 1154 998 1187 Quod
1020 1154 1043 1181 si
1066 1148 1223 1188 prophetat,
1244 1155 1270 1177 et
1292 1150 1482 1185 evangelistm.
1505 1153 1531 1176 et
1553 1148 1670 1182 apostoli

886 1200 1024 1235 Unigeniti
1041 1199 1211 1226 divinitatem
1228 1196 1377 1226 celebrant,
1399 1196 1457 1230 ipse
1470 1200 1558 1221 autem
1579 1194 1671 1222 Domi-

888 1254 941 1274 nus
957 1248 1074 1273 testatur
1088 1243 1217 1271 bonitatis
1240 1249 1338 1268 nomen
1358 1240 1413 1267 Deo
1431 1241 1586 1270 convenire.
1605 1249 1672 1274 quo-

886 1293 967 1320 modo
992 1299 1047 1318 non
1072 1290 1209 1325 particeps
1234 1291 1276 1314 est
1301 1287 1430 1313 bonitatis
1453 1287 1499 1321 qui
1521 1286 1671 1314 divinitatis

887 1346 1002 1366 consors
1024 1341 1066 1364 est
1085 1339 1113 1363 et
1135 1334 1292 1370 particeps?
1315 1334 1392 1366 Quod
1414 1334 1486 1360 enim
1510 1333 1591 1360 etiam
1610 1340 1672 1367 pro-

886 1385 974 1419 phetae
990 1382 1134 1409 Dominum
1150 1381 1233 1407 Deum
1252 1379 1427 1410 conﬁtentur,
1443 1383 1471 1406 et
1487 1379 1670 1414 evangelista},

887 1431 951 1458 item
968 1428 1096 1463 discipuli
1111 1431 1138 1455 et
1152 1426 1280 1462 apostoli,
1303 1426 1394 1452 nullus
1411 1432 1498 1459 usque
1512 1425 1579 1451 adeo
1596 1424 1672 1452 rudis

886 1480 929 1504 est
947 1480 976 1504 et
996 1476 1109 1510 ignarus
1132 1473 1287 1500 divinorum
1313 1474 1341 1498 et
1364 1478 1417 1497 non
1436 1470 1569 1501 initiatus,
1587 1474 1617 1496 ut
1639 1470 1672 1497 de

888 1522 930 1548 his
940 1520 1043 1548 erudiri
1063 1524 1189 1547 sermone
1206 1517 1335 1551 indigeat.
1350 1515 1417 1548 Quis
1437 1515 1509 1542 enim
1526 1515 1631 1548 ignorat
1645 1515 1671 1542 in

888 1571 986 1603 quarto
1005 1569 1031 1594 et
1046 1563 1256 1600 quadragesimo
1272 1562 1386 1596 psalmo,
1405 1561 1476 1595 quod
1495 1559 1577 1587 Deum
1591 1568 1605 1586 a
1620 1560 1673 1586 Deo

889 1617 1000 1640 unctum
1015 1611 1156 1638 Christum
1178 1608 1312 1643 Propheta
1332 1606 1503 1641 praedicat"!
1525 1605 1557 1632 Et
1578 1613 1674 1632 rursus

888 1659 1002 1691 lsaiam,
1018 1662 1071 1684 tam
1088 1659 1180 1692 apt-rte
1196 1659 1223 1681 et
1243 1654 1317 1682 clare
1339 1653 1504 1681 clamantem
1529 1651 1590 1680 Filii
1606 1652 1674 1680 divi—

889 1706 1013 1736 nitatem.
1028 1703 1090 1739 quis
1104 1709 1198 1730 eorum
1215 1701 1260 1735 qui
1287 1700 1315 1727 in
1331 1700 1472 1735 prophetia
1485 1699 1585 1727 versati
1600 1703 1673 1733 sunt,

889 1751 993 1778 nescit?
1018 1750 1045 1776 iu
1069 1748 1170 1784 quibus
1200 1754 1262 1773 cum
1291 1747 1353 1773 aliis
1380 1746 1430 1773 hoc
1451 1746 1532 1772 etiam
1557 1745 1674 1774 eﬂ'atur:

890 1794 1067 1823 Sabaimwiri
1082 1793 1206 1820 sublimes
1223 1791 1257 1818 ad
1280 1796 1304 1818 te
1323 1790 1482 1821 transibunt,
1507 1795 1531 1817 et
1547 1792 1585 1817 tui
1600 1795 1676 1817 erunt

889 1841 966 1868 servi.
989 1839 1054 1867 Post
1077 1844 1101 1865 te
1125 1838 1308 1867 ambulabunt.
1328 1837 1407 1863 uincti
1424 1836 1534 1862 manicis
1557 1841 1674 1871 pergant.

889 1893 914 1915 et
930 1893 954 1914 te
977 1885 1134 1916 adorabunt,
1152 1889 1225 1919 teque
1240 1881 1459 1917 deprecabuntur.
1477 1881 1590 1908 Tantum
1611 1883 1638 1908 in
1653 1888 1676 1908 ts

889 1939 928 1962 est
949 1933 1029 1964 Deus,
1049 1937 1074 1958 et
1090 1939 1142 1957 non
1166 1934 1204 1957 est
1226 1929 1322 1963 absque
1339 1933 1363 1954 te
1386 1927 1464 1954 Deus.
1485 1926 1548 1953 Vere
1562 1927 1630 1954 enim
1648 1932 1676 1953 tu

891 1988 918 2007 es
943 1979 1014 2005 Deus
1026 1977 1048 2005 ⁵.
1082 1975 1149 2008 Quis
1174 1974 1247 2002 enim
1275 1973 1347 2001 alius
1369 1971 1440 2000 Dens
1463 1972 1508 2006 qui
1534 1972 1561 1998 in
1586 1973 1677 2007 seipse

893 2025 977 2053 Deum
991 2023 1083 2053 habet,
1099 2026 1127 2049 et
1143 2021 1202 2056 ipse
1217 2023 1259 2048 est
1277 2018 1361 2050 Deus,
1379 2023 1478 2053 praeter
1493 2017 1676 2052 Unigenittun,

892 2073 985 2099 dicunt
1000 2070 1046 2106 qui
1060 2069 1231 2105 prophetiam
1248 2074 1302 2095 non
1321 2066 1477 2093 audierunt.
1491 2065 1524 2092 At
1536 2073 1599 2092 vero
1615 2064 1679 2092 Em-

893 2117 1002 2146 manuel
1018 2113 1281 2150 interpretationem,
1305 2116 1333 2140 et
1349 2111 1462 2139 Thomze
1478 2115 1540 2146 post
1562 2110 1680 2145 agnitio-

895 2171 956 2191 nem
973 2161 1185 2191 conl‘essionem.
1204 2161 1232 2186 et
1246 2157 1362 2185 Joannis
1376 2156 1449 2183 vocis
1472 2155 1678 2187 sublimitatem,

61 2207 109 2240 ἔξω
128 2208 179 2243 τῆς
195 2208 323 2240 πίστεως,
342 2209 526 2243 σιωπήσομαι.
552 2208 620 2234 Ἀλλ’
637 2209 698 2235 οὐδὲ
710 2209 760 2239 τὰς
772 2208 837 2235 Παύ-

896 2213 926 2235 ιιι
938 2211 1030 2235 notam
1050 2206 1133 2234 etiam
1150 2204 1193 2231 his
1208 2203 1255 2239 qui
1275 2206 1340 2230 sunt
1359 2205 1436 2230 extra
1452 2201 1530 2228 iidem
1548 2201 1677 2228 reticebo.

61 2252 103 2278 λου
115 2254 208 2287 φωνὰς
218 2252 250 2280 δι’
264 2252 406 2288 ἀκριϐείας
418 2250 493 2287 οἶμαι
503 2252 558 2279 δεῖν
573 2253 779 2289 παρατίθεσθαι,
793 2254 846 2280 πᾶ-

63 2307 103 2326 σιν
121 2299 206 2331 οὔσας
228 2300 320 2335 σχεδὸν
335 2300 379 2327 διὰ
403 2299 550 2334 στόματος·
569 2299 597 2330 ὃς
616 2300 647 2326 οὺ
665 2300 744 2334 μόνον
768 2299 844 2332 Θεὸν,

61 2345 125 2373 ἀλλὰ
141 2346 190 2373 καὶ
208 2346 294 2381 μέγαν
306 2346 384 2377 Θεὸν,
403 2346 450 2372 καὶ
462 2346 508 2372 ἐπὶ
523 2346 631 2372 πάντων
641 2346 706 2372 Θεὸν
719 2345 846 2381 ὀνομάζει

62 2390 105 2416 τὸν
121 2391 224 2427 Κύριον
234 2399 242 2408 ·
258 2391 325 2427 πρὸς
344 2390 393 2426 μὲν
415 2391 568 2426 Ῥωμαίους
583 2391 678 2424 λέγων,
692 2391 733 2418 ὅτι
744 2388 801 2418 ’Ὧν
818 2392 846 2418 οί

63 2436 187 2471 πατέρες
200 2438 247 2464 καὶ
261 2437 295 2469 ἐξ
305 2434 348 2464 ὧν
362 2439 378 2464 d
388 2437 513 2470 Χριστὸς
523 2437 555 2463 τὸ
565 2437 639 2464 κατὰ
651 2436 758 2471 σάρκα,
773 2438 790 2464 ὁ
804 2436 846 2463 ὢν

63 2481 109 2508 ἐπὶ
137 2482 259 2509 πάντων
285 2483 356 2515 Θεὸς
381 2481 544 2516 εὐλογητὸς
564 2483 608 2515 είς
630 2481 702 2515 τοὺς
725 2481 845 2515 αἰῶνας-

65 2527 132 2562 πρὸς
156 2527 186 2555 δὲ
206 2527 251 2554 τὸν
277 2527 401 2563 μαθητὴν
425 2527 521 2554 ἑαυτοῦ
543 2527 621 2553 Τίτον
637 2527 748 2562 γράφει,
766 2526 847 2554 Κατὰ

63 2572 118 2606 τὴν
136 2574 314 2609 ἐπιφάνειαν
334 2574 387 2601 τοῦ
403 2574 535 2609 μεγάλου
557 2573 631 2600 Θεοῦ
646 2573 696 2600 καὶ
708 2572 846 2607 Σωτῆρος

63 2617 146 2652 ἡμῶν
166 2619 269 2651 Ἰησοῦ
279 2618 418 2653 Χριστοῦ.
437 2618 562 2654 Τιμοθέῳ
577 2618 604 2644 δὲ
619 2618 765 2653 διαρρήδην
781 2618 844 2652 βοᾷ»

63 2663 104 2690 ὅτι
126 2665 152 2690 ’0
168 2665 242 2698 Θεὸς
259 2664 430 2699 ἐφανερώθη
455 2665 489 2691 ἐν
510 2663 598 2697 σαρκί
611 2684 618 2696 ,
634 2663 788 2696 ἐδιναιώθη
813 2663 847 2689 ἐν

65 2711 220 2744 πνεύματι.
252 2710 423 2745 Πανταχόθεν
452 2710 540 2736 τοίνυν
569 2709 772 2744 ἀποδειχθέντος
799 2708 846 2735 τοῦ

64 2753 130 2781 Θεοῦ
147 2753 216 2782 εἶναι
234 2755 279 2783 τὸν
295 2756 425 2791 μονογενῆ
437 2755 513 2788 Θεὸν,
531 2755 586 2787 πῶς
603 2756 617 2782 ὁ
636 2755 674 2790 τῷ
692 2755 751 2788 Θεῷ
767 2763 850 2790 προσ-

98 2846 109 2863 ι
125 2846 198 2874 l‘sal.
222 2854 290 2878 xuv,
307 2846 333 2872 8.

391 2845 458 2872 ‘lsa.
473 2853 532 2875 va,
550 2846 591 2877 li,
615 2846 665 2872 1.3..
689 2846 698 2858 "
721 2845 796 2871 llum.
823 2852 859 2875 ιιι,
880 2842 906 2870 5.

900 2254 954 2282 Sed
970 2260 1058 2288 neque
1073 2251 1152 2279 Pauli
1166 2257 1249 2277 voces
1263 2253 1361 2277 exacta
1378 2247 1528 2274 subtilitate
1541 2254 1681 2281 apponen—

896 2301 946 2328 das
961 2307 1022 2327 esse
1035 2298 1164 2327 arbitror.
1185 2300 1216 2323 ut
1230 2303 1291 2330 quat
1306 2293 1502 2329 propemodum
1519 2293 1574 2319 sint
1590 2292 1617 2319 in
1633 2299 1681 2319 ore

900 2346 1033 2375 omnium.
1067 2343 1113 2378 qni
1138 2349 1192 2369 non
1217 2341 1305 2369 solum
1328 2339 1424 2370 Deum,
1449 2338 1496 2365 sed
1520 2338 1600 2365 etiam
1627 2345 1681 2363 tua-

896 2399 979 2428 gnnm
1000 2390 1094 2420 Deum,
1110 2392 1137 2416 et
1152 2389 1179 2414 in
1201 2387 1328 2414 omnibus
1348 2386 1432 2412 Deum
1451 2384 1570 2412 nominat
1588 2383 1681 2409 Domi-

899 2444 983 2468 num;
1000 2435 1032 2462 ad
1044 2434 1183 2461 Romanos
1197 2431 1305 2466 quidem
1321 2430 1414 2457 dicens
1426 2439 1433 2456 :
1444 2429 1561 2462 Quorum
1579 2433 1680 2461 patres,

898 2487 923 2509 et
937 2489 970 2508 ea;
986 2479 1078 2515 quibus
1096 2482 1134 2505 est
1149 2475 1272 2503 Christus
1286 2473 1426 2501 secundum
1443 2479 1559 2504 carnem,
1581 2470 1626 2505 qui
1642 2475 1680 2497 est

899 2526 926 2552 in
943 2513 1062 2551 omnibus
1081 2521 1229 2549 benedictus
1257 2518 1324 2545 Deus
1342 2517 1369 2544 in
1391 2516 1516 2544 swcula'.
1538 2515 1578 2542 Ad
1599 2513 1681 2541 disci-

900 2571 992 2606 pulum
1008 2576 1086 2596 suum
1100 2566 1191 2593 Titum
1208 2563 1314 2594 scribit,
1326 2561 1475 2589 Secundum
1491 2559 1681 2594 apparitionem

901 2601 989 2650 iungm'
1004 2614 1049 2641 Dei
1062 2618 1085 2639 et
1094 2610 1241 2638 Saluatoris
1260 2608 1343 2635 nostri
1360 2606 1423 2633 Jesu
1437 2603 1562 2632 Christi“.
1577 2602 1618 2629 Ad
1632 2601 1680 2629 Ti-

901 2648 1038 2689 motheum
1051 2665 1114 2686 vero
1128 2660 1220 2691 aperte
1233 2654 1355 2682 clamitat
1369 2661 1376 2679 :
1390 2650 1461 2686 quod
1485 2649 1554 2676 Deus
1569 2648 1682 2682 manife-

900 2712 985 2735 statns
1010 2710 1047 2733 est
1071 2705 1099 2731 in
1122 2711 1211 2734 carne,
1228 2700 1390 2736 justi/Esaias
1413 2698 1439 2724 in
1463 2695 1587 2730 spiritu'.
1612 2694 1680 2722 Cum

898 2754 979 2789 igitur
995 2752 1095 2786 ubique
1106 2751 1322 2778 demonstratum
1346 2747 1392 2778 sit,
1412 2744 1581 2781 unigenitum
1597 2743 1681 2772 Deum

945 2843 954 2856 ‘
974 2842 1026 2869 Tit.
1041 2850 1070 2872 ιι,
1090 2841 1116 2868 ί.
1163 2839 1170 2854 ⁷
1201 2838 1329 2865 lTimollt
1364 2845 1404 2868 ill,
1428 2837 1468 2864 16.
