1923 3071
244 130 296 158 863

861 128 889 156 S.
907 128 1070 157 CREGORII
1089 127 1233 157 NYSSENI

1826 130 1871 157 861

243 197 306 219 esse
323 188 417 220 Deum,
430 187 566 222 quomodo
584 187 608 214 is
623 187 671 222 qui
691 187 746 216 Deo
764 188 913 217 bonitatem
930 197 1029 218 conve-

1080 190 1158 225 ήκειν
1181 189 1231 226 τὴν
1245 189 1402 226 ἁγαθότητα
1415 190 1512 225 λέγων,
1533 190 1582 226 τῆς
1596 190 1759 225 ἐπωνυμίας
1775 189 1869 224 ταύτης

245 235 304 262 nire
326 233 402 266 dicit,
433 233 467 260 ab
492 233 543 260 hac
569 234 750 268 appellatione
774 234 835 262 Filii
860 235 1029 263 divinitatem

243 280 359 308 alienam
384 286 445 306 esse
465 278 656 306 demonstrat?
679 281 830 314 praesertim
848 288 910 308 cum
936 281 1030 309 Domi-

243 333 296 353 nus
313 325 363 353 sibi
383 325 485 353 bonum
505 325 648 357 attribuat,
674 326 700 352 in
725 326 853 361 parabola
873 334 968 354 eorum
983 327 1030 362 qui

242 371 369 398 mercede
383 370 512 397 conducti
530 374 594 398 Sunt
615 371 642 397 in
657 371 775 398 vineam.
796 370 865 398 Cum
882 372 954 399 enim
975 372 1031 399 illic

242 416 289 451 qui
307 416 384 451 prius
400 415 529 442 conducti
551 415 644 443 labore
668 415 770 444 defessi
796 420 884 448 erant,
907 417 1031 453 indigna—

241 466 339 490 rentur
356 462 392 489 ob
411 461 546 489 mercedis
565 461 768 496 aequalitatem,
794 462 979 496 mulctamque
1003 466 1032 491 et

242 507 372 534 damnum
387 507 529 542 proprium
549 507 716 541 judicarent,
733 514 790 534 rem
814 514 830 534 a
844 508 949 536 caneris
965 515 1030 543 ope-

242 553 324 580 rariis
344 559 474 587 prospere
499 555 614 591 gestam,
633 560 728 580 eorum
743 553 790 588 qui
813 560 884 589 aegre
906 553 1030 582 ferebant

243 598 290 624 uni
310 597 379 625 dixit
390 597 483 632 justus
498 597 580 632 judcx
595 605 601 623 :
617 598 717 628 Amice,
739 606 789 625 non
805 599 875 632 facio
887 599 936 626 tibi
957 600 1030 634 inju-

242 644 322 674 riam,
348 651 433 670 nonne
455 642 564 669 denario
583 643 678 669 diurno
707 647 791 670 tecum
817 645 943 672 conveni?
967 644 1032 672 lt'cu

243 690 323 716 habes
343 689 412 724 quod
439 694 511 716 luunt
533 693 572 715 est
591 697 600 715 .'
617 688 674 716 volo
701 693 788 716 autem
811 693 836 716 et
857 689 917 716 huic
937 690 1030 718 ultimo

245 741 346 762 tantum
364 734 428 762 dare
451 740 578 769 quantum
605 734 662 760 tibi.
688 734 781 762 Annon
811 735 893 762 habeo
915 741 1031 770 potesta-

245 786 294 808 tem
310 781 336 807 in
352 781 415 807 m'eis
435 779 549 815 faciendi
564 779 633 814 quod
648 780 727 808 volo?
741 780 782 806 Αη
797 780 888 807 oculus
910 786 970 808 tuus
987 789 1032 808 no-

243 835 323 862 quant
343 830 392 856 est,
423 826 486 860 quia
508 833 554 860 ego
576 825 658 852 bonus
680 826 780 853 sum“?
803 825 900 853 Nullus
917 833 1030 861 prorsus

1080 236 1224 272 ἀλλοτρίαν
1245 236 1419 263 ἀποδείκνυσι
1437 236 1485 263 τοῦ
1511 236 1576 264 Υίοῦ
1597 237 1646 271 τὴν
1669 236 1807 270 θεότητα;
1823 236 1869 261 Καὶ

1079 281 1170 309 ταῦτα
1183 282 1265 309 αὐτοῦ
1279 282 1326 309 τοῦ
1339 282 1442 317 Κυρίου
1456 282 1487 309 τὸ
1502 283 1603 317 ἀγαθὸν
1621 282 1712 318 ἑαυτῷ
1730 289 1870 317 προσμαρ-

1080 326 1226 362 τυροῦντος
1249 327 1278 353 ὲν
1299 328 1332 362 τῇ
1352 326 1406 353 τῶν
1432 327 1647 363 μεμισθωμένων
1663 328 1704 358 είς
1723 327 1774 352 τὸν
1790 327 1870 358 ἀμπε·

1080 371 1154 398 λῶνα
1169 371 1320 407 παραϐολῇ.
1330 372 1403 398 Ἐκεῖ
1416 371 1469 407 γὰρ
1485 371 1538 398 τῶν
1554 371 1798 407 προκεκμηκότων
1813 371 1870 397 δυσ-

1081 417 1301 452 ανασχετούντων
1323 419 1356 453 τῇ
1381 417 1437 444 τῶν
1453 417 1637 453 μισθωμάτων
1658 417 1812 452 ἰσομοιρίᾳ.
1831 417 1870 442 12‘.

1081 461 1181 497 ζημίαν
1198 463 1343 497 κρινόντων
1367 462 1435 490 ίδίαν
1453 463 1508 490 τῶν
1522 463 1687 490 τελευταίων
1702 462 1756 498 τὴν
1773 463 1871 497 εὐπρα-

1080 507 1154 541 γίαν,
1170 507 1237 542 φησὶ
1259 507 1327 542 πρός
1341 515 1402 534 τινα
1424 507 1478 534 τῶν
1500 507 1723 542 χαλεπαινόντων
1744 508 1760 534 ὁ
1775 507 1871 537 δίκαιος

1080 555 1188 590 κριτὴς,
1201 552 1252 584 δτι,
1270 551 1391 586 Ἑταῖρε,
1409 553 1465 579 οὐκ
1481 551 1573 580 ἀδικῶ
1589 552 1720 586 σε.οὐχὶ
1732 552 1871 585 δηναρίου

1080 596 1283 632 συνεςάηησά
1295 605 1345 624 σοι
1358 597 1416 632 τὴν
1429 598 1560 632 ἡμέραν-ς
1579 597 1651 625 Ἰδοὺ
1663 598 1749 632 ἔχεις
1760 598 1795 624 τὸ
1803 598 1870 623 σὼ·-

1080 642 1156 670 θέλω
1168 642 1202 669 δὲ
1220 643 1268 670 καὶ
1289 643 1329 676 τῷ
1349 642 1468 678 ἐσχάτῳ
1493 643 1677 678 χαρίσασθαι
1697 643 1807 676 ὥσπερ
1828 644 1869 668 καὶ

1080 688 1141 716 σοί.
1152 688 1254 716 Μόνον
1263 690 1318 716 οὐκ
1332 688 1389 722 ἔχω
1399 689 1546 721 ἐξουσίαν
1556 689 1590 716 ἐν
1603 689 1666 722 τοῖς
1680 689 1771 724 ἐμοῖς
1781 689 1872 715 ποιεῖν·

1080 734 1096 761 ὃ
1113 734 1208 768 Oilei;
1231 735 1265 762 Ἠ
1281 736 1297 761 ό
1318 734 1473 769 ὀφθαλμός
1488 742 1547 762 σου
1565 735 1701 768 πονηρὸς
1715 754 1724 766 ,
1752 734 1799 761 ὅτι
1821 734 1871 767 ἐγὼ

1080 780 1191 815 ἀγαθός
1213 781 1290 815 clm;
1314 780 1427 812 Πάντως
1449 780 1478 807 δὲ
1494 780 1583 812 οὐδεὶς
1601 781 1666 816 περὶ
1682 780 1785 807 τούτου
1803 779 1869 814 φιλο-

1079 827 1209 861 νεικήσει,
1224 827 1264 853 ὅτι
1277 827 1293 862 ἡ
1307 825 1353 852 τοῦ
1369 826 1429 852 κατ’
1447 826 1526 858 ἀξίαν
1537 826 1661 861 διανομὴ,
1678 825 1748 852 ἴδιον
1761 826 1808 852 τοῦ
1820 834 1871 860 κρι-

243 861 277 899 tle
297 872 348 899 hoc
360 871 504 899 ambitiose
519 871 675 903 contendet,
689 870 763 906 quod
778 879 808 898 ea
832 879 892 907 qua:
903 879 953 906 pro
974 879 1030 899 me-

1080 871 1127 898 τοῢ
1143 871 1223 907 ἔργον
1243 871 1319 902 ἐστὶ,
1336 870 1431 907 κριτὴν
1448 871 1475 897 δὲ
1498 871 1544 897 τὸν
1561 871 1693 906 μονογενῆ
1717 871 1789 897 Θεὸν
1810 868 1871 898 εἶναι

244 917 305 945 litis
321 920 349 944 et
368 917 502 952 dignitate
527 916 556 943 fit
579 916 749 950 distributio,
774 917 914 952 proprium
929 917 1030 952 jndicis

243 971 344 991 munus
356 967 413 996 est;
438 962 609 998 unigenitum
623 966 714 990 autem
730 962 814 990 Deum
830 963 950 997 judicem
970 971 1030 991 esse

243 1017 339 1037 omnes
353 1008 492 1044 Evangelii
508 1008 634 1044 discipuli
650 1008 861 1043 adstipulan'ur.
879 1008 970 1041 Pater,
985 1009 1029 1036 in-

243 1057 313 1090 quit,
329 1064 379 1082 non
391 1056 494 1090 judicat
509 1063 673 1090 quamquam,
695 1056 740 1082 sed
754 1063 828 1082 omne
840 1054 971 1089 judicium
983 1055 1030 1082 de-

242 1101 282 1128 dit
312 1101 416 1129 Filia'.
445 1101 497 1129 Sed
529 1109 583 1128 non
614 1101 747 1128 resistunt
774 1101 885 1136 scriptis
907 1110 914 1128 :
935 1101 1030 1127 dicunt

242 1148 314 1176 enim
337 1148 417 1175 uuius
437 1147 617 1182 adjectionem
633 1148 742 1182 proprie
769 1148 801 1174 ad
818 1147 925 1174 Patrem
943 1148 1030 1182 respi-

243 1202 316 1222 cere.
333 1193 431 1222 Nullus
442 1195 526 1227 enim,
539 1194 586 1226 ait,
604 1194 697 1226 bonus,
712 1194 763 1220 nisi
777 1202 843 1221 unus
861 1194 929 1221 Deus
940 1195 972 1222 ιο.
988 1194 1030 1221 An

244 1240 326 1275 igitur
342 1240 375 1268 ad
394 1239 436 1268 sui
461 1239 642 1274 patrocinium
668 1240 827 1274 languescet
851 1240 974 1267 veritas?
988 1239 1029 1267 An

244 1285 338 1312 nmltis
361 1285 427 1313 locis
448 1285 560 1312 minimo
577 1285 685 1319 negotio
703 1284 773 1312 hanc.
791 1284 915 1313 fallacem
937 1290 963 1313 et
989 1293 1032 1312 ca-

245 1331 362 1365 ptiosam
391 1331 627 1359 ratiocinationem
659 1331 762 1359 erroris
795 1331 857 1359 licet
888 1332 1032 1360 refellere?

243 1376 294 1409 Qui
309 1377 380 1404 enim
399 1378 455 1404 haec
469 1377 502 1404 de
519 1377 598 1404 Patre
612 1376 690 1410 dixit,
709 1383 736 1404 et
754 1377 798 1404 illa
813 1377 846 1405 ad
862 1377 969 1405 Patrem
989 1378 1032 1405 di-

243 1422 291 1455 cit,
308 1421 380 1457 quod
396 1422 493 1450 Omnia
511 1431 569 1450 mea
583 1427 629 1449 tua
645 1427 718 1455 sunt,
734 1427 760 1451 et
774 1424 802 1450 in
817 1423 882 1457 ipsis
895 1423 1032 1458 gloriﬁca-

243 1473 287 1494 tus
304 1476 362 1494 sum
374 1468 406 1494 ".
425 1468 454 1495 Si
472 1472 562 1496 autem
580 1469 671 1495 omnia
693 1476 754 1504 quae
769 1472 834 1496 sunt
853 1467 943 1496 Patris
965 1469 1032 1496 dicit

1081 917 1181 948 πάντες
1195 917 1221 943 oi.
1239 916 1359 951 μαθηταὶ
1382 915 1428 943 τοῦ
1445 916 1611 950 Εὐαγγελίου
1635 915 1824 942 συντίθενται.
1848 916 1870 940 Ὀ

1079 964 1136 998 γὰρ
1150 961 1262 996 Πατὴρ,
1278 962 1356 997 φησὶ,
1373 962 1467 996 κρίνει
1479 961 1598 992 οὐδένα,
1610 962 1690 989 ἀλλὰ
1700 961 1765 994 τὴν
1780 961 1873 995 κρίσιν

1080 1008 1185 1036 πᾶσαν
1202 1007 1311 1034 δέδωκε
1331 1007 1371 1040 τῷ
1394 1007 1458 1040 mp.
1484 1007 1554 1034 Ἀλλ’
1575 1008 1605 1034 οὐ
1622 1007 1808 1034 καθίστανται
1824 1007 1871 1033 τῶν

1080 1054 1290 1090 γεγραμμένων.
1319 1053 1388 1081 Φασὶ
1414 1053 1469 1088 γὰρ
1490 1053 1540 1089 τὴν
1564 1053 1611 1080 τοῦ
1638 1053 1699 1085 ἑνὸς
1726 1054 1870 1089 πρόσθεσιν

1081 1099 1184 1135 κυρίως
1197 1100 1237 1130 εἰς
1253 1098 1298 1126 τὸν
1311 1099 1423 1134 Πατέρα
1436 1099 1554 1134 βλέπειν.
1574 1099 1680 1132 οὐδεὶς
1696 1101 1771 1136 γὰρ.
1784 1099 1870 1134 φησιν,

1081 1145 1201 1180 ἀγαθὸς,
1216 1145 1242 1172 εί
1259 1144 1299 1178 μὴ
1314 1142 1359 1177 εἷς
1372 1146 1389 1172 ό
1410 1145 1491 1178 Θεός.
1505 1143 1568 1181 Ἆρ’
1584 1143 1631 1172 οὖν
1654 1145 1787 1179 ἀτονὴσει

1082 1190 1245 1226 συνηγορίαν
1264 1189 1364 1225 ἑαυτῆς
1378 1190 1394 1225 ὴ
1411 1190 1543 1225 ἀλήθειας
1568 1191 1602 1216 Ἦ
1616 1189 1789 1224 πολλαχόθεν
1806 1191 1871 1217 ἐςτιν

1082 1237 1111 1262 ἐν
1123 1235 1249 1271 εὐσχολίᾳ
1264 1235 1348 1271 πολλῇ
1364 1236 1411 1263 καὶ
1423 1235 1517 1262 τοῦτωθ
1536 1235 1674 1270 ἐξελέγξαι
1689 1237 1738 1262 τὸν
1752 1237 1871 1270 παραλο-

1082 1281 1179 1317 γισμδν
1197 1281 1246 1316 τῆς
1261 1282 1384 1317 ἅπάτηςς
1405 1281 1434 1308 '0
1454 1281 1508 1317 γὰρ
1525 1281 1612 1308 ταῦτα
1623 1282 1687 1317 περὶ
1704 1281 1752 1308 τοῦ
1771 1282 1871 1316 Πατρὶς

1081 1328 1176 1359 εἰπὼν,
1194 1328 1306 1354 κάκεῖνα
1322 1328 1390 1363 πρὸς
1404 1327 1449 1354 τὸν
1471 1327 1580 1363 Πατέρα
1597 1332 1700 1362 φησὶν,
1715 1329 1758 1354 ὅτι
1777 1328 1872 1354 Πὰν-ια

1082 1373 1118 1400 τὰ
1135 1373 1189 1407 ἐμὰ
1210 1372 1251 1400 σά
1266 1372 1332 1400 ἐστι
1345 1381 1353 1389 ·
1368 1374 1415 1400 καὶ
1429 1373 1614 1407 Δεδόεασμιιι
1626 1374 1661 1400 ἐν
1671 1374 1790 1407 αὐτοῖς.
1809 1375 1872 1401 Elis

1081 1419 1171 1446 πάντα
1190 1419 1225 1446 τὰ
1247 1419 1293 1446 τοῦ
1315 1419 1420 1455 Harpe:
1434 1419 1481 1446 τοῦ
1500 1419 1565 1446 Υιοῦ
1587 1429 1670 1455 φησιν
1690 1418 1782 1452 εἶναι,
1806 1420 1833 1446 ἐν
1847 1421 1872 1447 δὲ

1081 1464 1138 1492 τῶν
1149 1465 1179 1491 ὲν
1196 1464 1237 1500 τῷ
1251 1465 1338 1501 Πατρὶ
1353 1464 1548 1501 θεωρουμένων
1560 1467 1576 1500 ἠ
1590 1465 1738 1501 ἁγαθότης,
1751 1467 1770 1501 ἦ
1790 1466 1872 1493 πάντα

245 1512 308 1540 Filii
326 1521 397 1545 esse,
418 1521 501 1541 unum
523 1518 613 1542 autem
633 1521 727 1541 eorum
743 1521 803 1550 quae
827 1514 854 1541 in
873 1513 950 1542 Patre
969 1522 1030 1549 spe-

1081 1510 1131 1537 οὐκ
1145 1509 1211 1545 ἔχει,
1233 1511 1312 1546 εἴπερ
1327 1510 1406 1537 τοῦτο
1429 1511 1479 1537 οὐκ
1502 1511 1572 1546 ἔχει,
1592 1511 1638 1538 καὶ
1659 1511 1811 1546 ψεύδεσθαι
1826 1514 1872 1546 ’,ςή-

247 1563 355 1586 ctantur
370 1564 413 1586 est
429 1559 548 1591 bonitas,
564 1559 607 1587 vel
628 1560 719 1587 omnia
745 1567 800 1587 non
818 1560 909 1590 habet.
932 1560 955 1587 si
973 1561 1030 1596 qui-

1083 1564 1160 1582 σουσι
1175 1556 1225 1592 τὴν
1240 1556 1368 1592 ἀλήθειαν
1378 1564 1385 1572 ·
1403 1556 1419 1592 ἢ
1444 1557 1524 1592 εἴπερ
1540 1556 1670 1591 ἀθέμιτον
1695 1557 1871 1584 ambusto-asi-

244 1604 306 1631 dem
327 1604 379 1631 hoc
404 1612 458 1632 non
483 1604 574 1636 habet,
589 1609 617 1632 et
633 1605 742 1632 mentiri
761 1606 854 1633 dicent
871 1605 1030 1637 veritatem:

245 1650 288 1677 vel
303 1650 325 1677 si
341 1649 419 1678 nefas
437 1655 479 1678 est
494 1651 634 1677 Veritatem
652 1651 738 1685 ipsam
759 1651 895 1686 suspicari
911 1651 937 1678 in
953 1659 1032 1678 men-

245 1697 354 1724 dacium
375 1697 450 1729 ferri,
467 1697 512 1732 qui
529 1697 619 1723 omnia
641 1704 702 1732 quae
717 1702 780 1725 sunt
796 1697 884 1725 Patris
905 1705 953 1725 sua
971 1705 1032 1726 esse

244 1743 321 1775 dicit,
349 1750 437 1777 neque
458 1746 534 1770 extra
561 1743 708 1770 bonitatem
731 1751 792 1771 esse
812 1743 932 1772 confessi
955 1747 1030 1771 sunt.

245 1787 297 1821 Qui
310 1788 381 1815 enim
398 1788 506 1815 Patrem
524 1788 551 1815 in
572 1788 720 1823 semetipso
740 1788 831 1821 habet,
853 1794 954 1824 etquae
969 1793 1033 1817 sunt

245 1833 334 1861 Patris
349 1834 507 1869 complexus
527 1838 568 1862 est
591 1834 694 1867 omnia,
711 1841 773 1861 cum
790 1835 919 1862 omnibus
936 1834 1033 1862 videli-

245 1883 289 1907 cet
304 1878 452 1906 bonitatem
468 1879 550 1906 etiam
571 1879 651 1906 habet
667 1889 673 1906 :
695 1880 783 1907 bonus
804 1880 886 1915 igitur
899 1879 995 1908 Filius.

281 1923 334 1951 Sed
359 1923 460 1956 nullus,
482 1923 583 1959 inquit,
603 1923 685 1950 bonua
707 1924 758 1951 nisi
777 1931 845 1951 unus
869 1924 958 1957 Deus.
978 1924 1033 1952 lloc

245 1969 280 1997 ab
303 1969 468 1997 adversariis
497 1969 655 2004 profertur,
683 1976 771 2004 neque
797 1971 854 2005 ipse
878 1978 1032 1998 sermonem

245 2013 352 2047 rejicio,
370 2020 424 2040 non
441 2017 531 2040 tamen
545 2017 688 2048 propterea
706 2013 766 2040 Filii
789 2014 938 2041 bonitatem
953 2021 1031 2049 nego.

246 2058 297 2091 Qui
314 2059 386 2086 enim
401 2058 547 2086 Dominum
564 2059 648 2086 Deum
665 2067 727 2086 esse
744 2059 900 2092 confitetur,
915 2063 942 2086 et
960 2059 1033 2095 quod

248 2105 349 2132 bonum
363 2109 416 2135 est.
434 2105 459 2132 ei
475 2105 586 2132 omnino
600 2105 653 2132 bac
670 2105 842 2134 confessione
852 2106 986 2133 attribuit.
1005 2105 1034 2134 Si

247 2151 320 2177 enim
353 2151 463 2178 bonitas
487 2151 597 2186 propria
623 2154 666 2178 est
687 2149 755 2184 Dei,
781 2154 809 2178 et
832 2151 966 2179 Dominus
992 2155 1034 2180 est

249 2196 330 2229 Deus,
350 2197 439 2224 bonus
463 2196 556 2231 itaque
571 2204 619 2231 per
635 2196 693 2223 lucc
708 2204 770 2231 quae
793 2196 883 2231 posita
905 2201 970 2224 sunt
989 2196 1033 2224 Fi-
1051 2207 1071 2234 ι)

248 2242 302 2269 lius
316 2242 480 2269 ostenditur.
502 2241 566 2274 Sed,
582 2242 630 2275 ait,
651 2242 734 2270 unius
750 2241 834 2270 dictio
847 2241 946 2270 Filium
966 2243 1031 2271 boni

247 2289 441 2316 communione
466 2289 594 2321 secernit,
613 2289 661 2316 sed
682 2293 726 2321 est
748 2289 828 2317 facile
844 2289 1034 2317 demonstrare

249 2331 321 2367 quod
338 2340 426 2367 neque
446 2332 498 2360 hoc
511 2340 527 2359 a
540 2332 610 2360 Filio
624 2332 732 2360 Patrem
743 2333 868 2369 dissipat.
884 2333 988 2361 Etenim
1006 2333 1033 2360 in

249 2378 378 2405 omnibus
397 2378 459 2406 aliis
477 2378 549 2414 quod
572 2386 657 2406 unttm
679 2383 730 2413 est,
748 2379 931 2414 incopulatam
952 2379 1033 2407 habet

250 2423 497 2458 significationem;
512 2424 538 2451 in
553 2424 632 2452 Patre
647 2433 709 2452 vero
723 2429 750 2452 et
767 2425 846 2459 Filio,
861 2425 933 2460 quod
947 2433 1033 2452 unum

249 2473 292 2497 est
309 2477 363 2496 non
381 2470 408 2496 in
423 2469 571 2498 solitudine
583 2471 640 2498 sive
650 2471 841 2506 singularitate
854 2471 1032 2506 conspicitur.

249 2517 306 2551 Ego
314 2516 401 2549 enim,
415 2516 514 2551 inquit,
529 2521 554 2543 et
569 2516 649 2543 Pater
663 2525 744 2543 unum
755 2525 844 2544 sumus
857 2517 890 2544 “.
907 2515 935 2543 Si
951 2517 1032 2552 igitur

249 2569 321 2590 unus
335 2561 445 2597 quidem
456 2562 563 2596 bonus;
581 2563 673 2590 unitas
686 2566 776 2590 autem
787 2562 908 2598 quaedam
921 2563 949 2590 in
965 2561 1034 2589 Filio

249 2613 276 2636 et
290 2608 370 2636 Patre
384 2608 562 2644 intelligitur;
575 2616 640 2643 ergo
655 2607 786 2636 Dominus
799 2609 846 2644 qui
863 2608 911 2636 uni
928 2608 1036 2636 bonita-

249 2659 304 2682 tem
320 2654 454 2686 attribuit,
474 2659 501 2682 et
515 2654 567 2682 sibi
583 2654 634 2689 ipsi
649 2661 698 2689 per
717 2654 799 2682 unius
816 2653 1034 2689 cognominatio-

251 2707 312 2727 nem
339 2701 488 2736 assignavit
512 2704 606 2735 utpote
633 2700 680 2735 qui
704 2699 740 2727 sit
769 2707 840 2727 unus
865 2707 927 2727 cum
944 2698 1034 2731 Patre,

250 2753 339 2781 neque
349 2754 365 2774 a
376 2746 466 2777 Patris
479 2747 584 2775 unitate
599 2747 750 2776 secundum
763 2750 888 2774 naturam
900 2745 1034 2774 divulsus.

287 2835 298 2851 ⁸
319 2835 413 2862 Matth.
428 2844 472 2869 xx,
486 2837 517 2863 l5
530 2845 590 2872 ειμι.
646 2838 656 2852 '
675 2836 706 2865 ιο
717 2844 752 2863 .n.
765 2844 789 2869 ν,
800 2835 844 2863 22.

904 2835 924 2852 ¹⁰
942 2833 1039 2861 Matth.
1055 2841 1111 2865 χιχ,
1137 2833 1176 2860 l7.

1081 1602 1144 1628 σθαι
1157 1602 1206 1638 τὴν
1217 1602 1301 1634 ὅντως
1314 1602 1442 1637 ἀλήθειαν
1457 1601 1496 1633 ὡς
1509 1603 1550 1633 είς
1559 1602 1658 1637 ψεῦδος
1672 1603 1738 1637 Erga:
1745 1603 1871 1638 ρομέειην.

1080 1650 1094 1676 ὁ
1111 1649 1200 1675 πάντα
1214 1649 1247 1675 τὰ
1261 1649 1308 1675 τοῦ
1324 1648 1431 1684 Πατρδς
1444 1649 1542 1675 ἑαυτοῦ
1555 1649 1652 1683 λέγων,
1666 1649 1729 1676 οὐδὲ
1741 1650 1796 1684 τῆς
1810 1651 1871 1683 ἀγι-

1081 1694 1191 1730 θότητος
1206 1695 1284 1726 ἐκτὸς
1294 1692 1363 1722 εἶναι
1374 1694 1609 1730 συνωμολόγησεν.
1631 1695 1661 1722 '0
1673 1696 1730 1731 γὰρ
1741 1696 1771 1722 ὲν
1787 1695 1870 1727 ἑαυτιέ

1079 1736 1124 1762 τὴν
1140 1735 1248 1772 Πατέρα
1261 1735 1342 1771 ἔχων,
1357 1736 1405 1763 καὶ
1419 1736 1454 1763 τὰ
1464 1737 1511 1763 τοῦ
1527 1736 1635 1771 Πατρὺς
1646 1735 1869 1771 ἐμπεριειληφῶ

1080 1782 1167 1808 πάντα
1180 1801 1188 1812 .
1205 1781 1274 1816 μετὰ
1294 1781 1403 1808 πάντων
1424 1781 1544 1817 δηλονότι
1567 1781 1615 1808 καὶ
1639 1782 1689 1816 τὴν
1714 1780 1867 1815 ἁγαθότητι

1079 1825 1150 1861 ἔχει·
1171 1826 1269 1853 οὐκοῦν
1286 1824 1387 1860 ἀγαθὸς
1400 1826 1414 1852 ὁ
1430 1825 1508 1857 Υἱόςι

1121 1915 1189 1942 Ἀλλ’
1213 1915 1323 1948 οὐδεὶς,
1339 1914 1426 1950 φησὶν-
1436 1933 1444 1945 ,
1466 1913 1586 1948 ἀγαθὸς,
1598 1913 1626 1939 ει
1638 1911 1684 1947 μὴ
1692 1909 1738 1946 εἷς
1755 1914 1772 1939 ό
1786 1913 1864 1944 Bede.

1078 1961 1163 1989 Τοῦτο
1185 1962 1259 1997 παρὰ
1275 1961 1328 1988 τῶν
1350 1960 1480 1988 ἐναντίων
1496 1959 1681 1995 προφέρεται,
1705 1960 1769 1986 οὐδὲ
1788 1959 1866 1989 αὐτὸς

1077 2007 1223 2034 ἁποϐἀλλω
1235 2007 1280 2034 τὸν
1295 2007 1383 2041 λόγον.
1399 2006 1436 2033 Οὺ
1454 2005 1507 2041 μὴν
1523 2005 1656 2041 ἀρνοῦμαι
1672 2004 1718 2031 διὰ
1733 2004 1813 2031 τοῦτο
1823 2003 1864 2029 τοῦ

1078 2052 1144 2080 Υἱοῦ
1157 2053 1206 2088 τὴν
1222 2052 1386 2087 ἁγαθότητα.
1405 2051 1434 2078 Ὀ
1448 2051 1477 2077 δὲ
1495 2050 1633 2086 ὁμολογῶν
1652 2050 1720 2077 Θεὸν
1741 2047 1811 2075 εἶναι
1823 2048 1864 2074 τὸν

1078 2099 1189 2134 Κύριον,
1203 2099 1250 2126 καὶ
1265 2097 1368 2132 ἀγαθον
1384 2097 1459 2133 αὑτῷ
1473 2097 1580 2128 πάντως
1598 2096 1642 2122 διὰ
1655 2096 1706 2130 τῆς
1722 2095 1864 2130 ὁμολογίας

1077 2146 1179 2181 ταύτης
1193 2144 1445 2180 συνεμαρτύρησεν.
1461 2143 1492 2169 Εἰ
1510 2142 1564 2177 γὰρ
1575 2143 1640 2169 ἴδιον
1655 2141 1725 2168 Θεοῦ
1741 2142 1758 2177 ἡ
1772 2139 1865 2175 ἁγαθὸ-

1078 2201 1143 2228 της,
1159 2192 1225 2224 Θεὸς
1236 2191 1264 2218 δὲ
1280 2193 1294 2218 ὁ
1305 2190 1418 2226 Κύριος,
1434 2189 1535 2224 ἀγαθὸς
1549 2189 1602 2225 ἄρα
1613 2188 1657 2216 διὰ
1671 2188 1726 2215 τῶν
1736 2188 1865 2214 τεθέντων

1079 2239 1093 2264 ὸ
1107 2237 1170 2269 Υἱὸς
1194 2236 1375 2271 ἀναπέφηνεν.
1401 2234 1495 2267 ’Δλλὰ,
1513 2233 1589 2269 φησὶ,
1612 2233 1659 2260 τοῦ
1675 2233 1735 2264 ἑνὸς
1758 2234 1776 2268 ἡ
1796 2231 1866 2264 λέξις

1079 2283 1221 2318 ἀποκρίνει
1235 2282 1281 2309 τὸν
1292 2283 1356 2309 Υἱὸν
1370 2281 1419 2316 τῆς
1435 2280 1482 2307 τοῦ
1498 2279 1601 2315 ἀγαθοῦ
1616 2278 1770 2310 κοινωνίας.
1788 2277 1864 2304 Ἀλλὰ

1080 2327 1169 2363 ῥᾴδιον
1192 2326 1278 2360 δεῖξαι
1300 2326 1342 2352 ὅτι
1363 2325 1424 2352 οὐδὲ
1442 2325 1472 2351 ab
1496 2325 1525 2353 ἓν
1545 2324 1624 2351 τοῦτο
1641 2323 1797 2360 διαχωρίςει
1820 2322 1864 2349 τοῦ

1080 2372 1145 2399 Υἱοῦ
1156 2373 1202 2399 τὸν
1216 2372 1334 2408 Πατέρα.
1349 2372 1411 2399 Ἐπὶ
1428 2371 1477 2406 μὲν
1493 2371 1546 2406 γὰρ
1558 2370 1611 2397 τῶν
1626 2369 1713 2397 ἄλλων
1727 2369 1864 2397 ἁπάντων,

1079 2419 1109 2446 τὸ
1123 2419 1152 2445 ἓν
1178 2419 1359 2446 ὰσυνδύαστον
1382 2417 1438 2452 ἔχει
1450 2416 1499 2452 τὴν
1518 2416 1665 2452 σημασίαν.
1688 2416 1750 2443 Ἐπὶ
1773 2416 1801 2442 δὲ
1821 2413 1866 2442 τοῦ

1080 2465 1186 2500 Πατρός
1203 2473 1232 2491 τε
1247 2464 1293 2491 καὶ
1309 2464 1353 2490 τοῦ
1367 2463 1442 2496 Υίοῠ,
1459 2463 1490 2489 τδ
1503 2462 1535 2488 ἓν
1546 2463 1596 2489 οὐκ
1612 2463 1641 2488 ὲν
1657 2462 1783 2496 μονύτητι
1802 2461 1867 2487 καθ-

1081 2511 1187 2546 ορᾶταν
1209 2509 1279 2544 Ἐγὼ
1299 2509 1365 2545 γὰρ.
1384 2508 1462 2543 φησὶ,
1487 2508 1538 2535 καὶ
1560 2509 1576 2535 ό
1589 2507 1690 2541 Πατὴρ
1709 2507 1744 2534 ἓν
1763 2507 1864 2541 ἐσμεν.

1080 2557 1111 2583 Et
1132 2555 1178 2583 οὖν
1193 2553 1232 2588 εἷς
1257 2555 1306 2591 μὲν
1325 2557 1339 2582 ὁ
1358 2555 1473 2589 ἀγαθὸς,
1492 2555 1584 2588 ἑνότης
1600 2553 1629 2580 δέ
1646 2561 1687 2585 τις
1706 2553 1735 2580 ὲν
1753 2552 1793 2587 τῷ
1809 2551 1865 2585 Tit}

1081 2603 1127 2630 καὶ
1138 2601 1177 2638 τῷ
1194 2601 1280 2638 Πατρὶ
1291 2602 1448 2637 θεωρεῖται·
1464 2601 1519 2636 ἄρα
1530 2602 1544 2627 ὁ
1559 2599 1659 2635 Κύριος
1674 2600 1714 2626 ἑνὶ
1726 2599 1865 2634 μαρτυρή-

1081 2656 1132 2679 σας
1148 2647 1197 2683 τὴν
1222 2647 1395 2684 ἁγαθότητα,
1416 2646 1464 2674 καὶ
1486 2645 1575 2681 ἐαυτῷ
1599 2644 1644 2672 διὰ
1664 2644 1711 2672 τοῦ
1735 2644 1794 2675 ἑνὸς
1816 2643 1864 2678 τὴν

1080 2694 1239 2731 ἐπωνυμίαν
1249 2694 1349 2730 ταύτην
1365 2693 1610 2730 προσεμαρτύρησε
1619 2712 1627 2724 ,
1640 2691 1678 2727 τῷ
1692 2691 1721 2719 ἓν
1731 2691 1787 2719 ὄντι
1797 2691 1863 2726 πρὸς

1085 2743 1126 2771 τὸν
1140 2743 1259 2779 Πατέρα,
1273 2743 1320 2770 καὶ
1329 2743 1379 2770 οὺκ
1393 2741 1629 2779 ἀποῤῥηγνυμὲνῳ
1639 2741 1689 2776 τῆς
1703 2740 1772 2768 κατὰ
1784 2740 1862 2774 φύσιν

1225 2841 1244 2856 ”
1264 2840 1341 2867 Joan.
1358 2846 1422 2873 xvu,
1442 2838 1484 2866 iii.
1530 2839 1550 2854 ”
1568 2837 1644 2865 .loan.
1665 2846 1692 2870 ι,
1711 2839 1754 2865 30.
