1923 3071
78 72 125 100 865

629 67 768 96 comas
783 66 977 100 EUNOMiUM,
995 55 1058 96 Lm.
1077 70 1119 97 xi.

1638 50 1690 96 οδε

78 132 205 167 ἐνότητος.
234 130 301 157 um:
317 131 389 162 ῖπως
404 129 437 157 ἂν
447 129 491 156 διὰ
505 130 613 156 πάντων
629 129 738 164 ἔκδηλον
751 128 852 163 γένοιτο

908 129 960 156 Sed
978 136 1005 158 ut
1017 139 1066 166 per
1080 132 1172 159 omnia
1188 130 1269 167 hu}us
1283 130 1373 166 gravis
1386 129 1530 165 scriptoris
1544 128 1692 156 ineruditio

75 179 118 206 τοῦ
131 177 229 212 σεμνοῦ
244 177 411 213 λογογράφου
424 177 454 203 τὸ
464 176 613 211 φιλομαθὲς
622 176 667 202 καὶ
681 175 851 208 ἀπαίδευτον,

75 224 156 260 αὐτὴν
174 224 384 259 κατανοήσωμεν
403 223 449 249 ἐπὶ
467 222 564 255 λέξεως
584 221 637 248 τῶν
655 221 853 257 γεγραμμένων

75 271 120 306 τὴν
136 268 270 301 σύνταξιν.
286 269 342 295 Οὐκ
362 268 525 299 οἰκειοῦται,
544 267 626 302 φησὶ,
644 267 692 302 τὴν
716 267 762 293 τοῦ
779 267 853 298 ὖντος

74 316 147 349 ἀξίαν
162 318 176 343 6
191 317 255 348 Υἱός
267 325 273 331 ·
294 315 372 348 ἀξίαν
392 314 542 350 ὀνομάζων,
565 313 630 340 αὺτδ
643 314 674 340 τὺ
693 312 773 340 εἷναι.
791 312 853 344 Πῶς

74 360 123 390 οἶδε
139 362 239 397 κυρίως
251 362 307 393 τοῖς
322 360 480 396 πράγμασιν
499 358 663 394 ἐφαρμόζειν
677 358 711 384 τὸ,
725 358 832 393 ῥήματα
845 357 851 384 ί

74 408 116 435 καὶ
132 408 225 443 ἐπειδὴ
240 407 284 434 διὰ
300 407 345 434 τὸν
360 406 468 442 Πατέρα
481 405 565 438 ἐστὶν,
583 403 786 440 ἀλλοτριοῦσθαι
805 402 854 430 αὐ·

72 454 114 481 τὸν
133 453 230 480 ἑαυτοῦ
251 452 335 487 λέγει.
359 452 403 484 Ὠς
420 452 468 479 καὶ
488 452 538 486 τῆς
554 450 649 478 τούτου
673 448 853 485 κυριευούσης

73 499 162 531 οὐσίας
176 499 243 534 πρὸς
258 498 355 534 ἑαυτὴν
372 497 503 532 ἑλκούσης
524 497 572 532 τὴν
586 496 632 523 τοῦ
652 495 727 526 ὖντος
738 494 852 521 ἔννοιαν.

72 542 155 569 Τοῦτο
175 543 202 569 δὲ
222 542 343 568 τοιοῦτόν
358 543 443 574 ἐστιν,
460 542 498 573 ὡς
514 541 547 568 ἂν
569 540 595 567 εί
615 549 657 572 τις
677 539 761 574 λέγοι,
783 539 823 565 ὅτι
839 539 854 565 6

71 585 271 620 ἀργυρώνητος,
291 585 358 612 καθό
375 585 444 616 ἐστι,
464 584 536 611 κατὰ
550 585 598 620 τὴν
612 584 679 611 ἰδίαν
693 583 852 616 ὑπόστασιν,

70 631 118 657 οὐκ
130 631 233 662 ἐκεῖνος
245 631 318 657 ὲστὶν
332 651 339 663 ,
353 631 409 657 ἀλλ’
423 630 607 666 ὁὲωνημένος,
624 631 674 666 τῆς
686 630 746 656 κατ’
760 628 854 655 οὐσίαν

70 675 165 703 ἑαυτοῦ
187 676 361 708 ὑποστάσεως
383 677 423 708 είς
436 676 486 712 τὴν
499 676 547 702 τοῦ
563 675 756 711 κυριεύσαντος
773 673 854 708 φύσιν

68 721 276 757 ἀναληφθείσης.
290 721 383 749 Ταῦτα
390 722 424 749 τὰ
433 721 522 757 ὑψηλά
530 721 576 748 τοῦ
585 721 710 755 θεολόγου
719 720 852 754 νοήματα,

67 768 82 802 ἠ
96 767 122 794 δὲ
135 767 191 794 τῶν
213 768 417 804 προειρημένων
430 767 565 800 ἀπόδειξις
584 767 644 801 olla;
660 766 752 798 αὑτοῦ,
770 763 848 799 φησὶ,

66 812 111 839 τοῦ
126 813 292 848 Μονογενοῦς
301 814 471 845 ἀποδιδόντος
482 813 521 848 τῷ
535 813 632 848 Πατρὶ,
643 812 692 848 τὴν
704 812 777 847 μόνῳ
789 811 847 837 κατ’

904 180 931 205 et
950 178 1059 205 inscitia
1078 178 1223 206 manifeste
1238 181 1339 214 pateat,
1354 176 1518 211 scriptorum
1534 176 1567 203 ad
1578 176 1690 203 verbum

904 224 1032 258 syntaxin
1047 225 1253 252 consideremus
1270 233 1276 251 :
1291 223 1388 256 Filius,
1403 223 1500 258 inquit.
1516 223 1576 258 ejus
1593 223 1637 258 qui
1650 226 1692 251 est

903 268 1062 303 dignitatem
1081 277 1135 296 non
1151 269 1202 296 sibi
1218 268 1349 301 vindicat,
1363 267 1521 302 dignitatem
1547 268 1692 295 nominans

904 313 995 349 ipsum
1017 321 1090 342 esse.
1113 314 1255 347 Quomodo
1279 313 1354 341 novit
1378 313 1486 348 proprie
1508 314 1587 341 verba
1610 314 1692 341 rebus

903 359 1112 387 accommodare
1127 360 1134 386 l
1152 360 1185 386 Et
1205 359 1334 394 quoniam
1354 366 1401 393 per
1414 358 1524 386 Patrem
1539 363 1590 392 est,
1611 359 1695 386 illum

904 404 939 431 ab
956 404 1016 439 ipso
1031 404 1180 431 alienatum
1201 411 1261 431 esse
1279 403 1357 436 dicit,
1370 403 1435 438 quia
1458 403 1586 430 nimirum
1610 403 1692 438 hujus

904 449 1070 477 dominatrix
1086 449 1207 477 essentia
1223 449 1256 477 ad
1271 449 1389 484 seipsam
1406 449 1497 476 trahat
1515 450 1586 477 entis
1603 450 1692 477 notio-

904 503 965 523 nem
983 505 989 523 :
1004 497 1056 523 hoc
1070 500 1160 523 autem
1175 496 1227 523 tale
1237 499 1280 523 est
1295 503 1326 522 ac
1338 496 1360 523 si
1379 495 1442 530 quis
1458 495 1541 528 dicat,
1559 496 1630 530 quod
1648 502 1694 523 ar-

905 545 985 576 gento
1000 545 1120 576 emptus,
1135 548 1188 576 qua
1205 544 1257 572 est,
1274 540 1424 567 secundum
1446 548 1521 567 suam
1538 541 1692 568 subsisten-

904 586 969 613 tiam
991 594 1045 613 non
1063 587 1108 613 ille
1124 589 1177 619 est,
1193 586 1241 613 sed
1256 585 1302 620 qui
1321 590 1429 620 emptus
1441 591 1493 617 est.
1514 586 1691 614 subsistentia

905 632 1054 660 secumlum
1076 632 1120 659 sui
1144 632 1291 660 essentiam
1313 631 1347 659 ad
1370 632 1539 659 dominantis
1566 638 1691 660 naturam

904 682 1054 712 assumpta;
1072 678 1113 705 hae
1128 681 1192 710 sunt
1201 679 1262 705 altae
1272 678 1354 712 hujus
1365 677 1482 713 theologi
1493 679 1629 711 notiones,
1644 678 1693 706 scd

905 727 967 750 ante
983 722 1118 750 dictorum
1136 722 1336 750 demonstratio
1351 723 1461 757 qualis?
1475 722 1544 749 Cum
1563 723 1632 758 ipse,
1649 724 1694 750 in-

905 771 974 805 quit,
988 770 1150 805 Unigenitus
1162 770 1257 797 reddat
1268 769 1340 797 Patri
1354 769 1403 797 soli
1416 769 1566 797 secundum
1575 769 1693 805 dignita.

903 821 954 843 tem
979 816 1099 844 debitam
1126 816 1411 851 cognominationem:
1437 820 1463 843 et
1495 816 1551 843 haec
1582 817 1691 845 locutus

66 859 143 891 ἀξίαν
173 859 351 895 ὀφειλομένην
376 859 545 894 ἐπωνυμίαν.
577 859 631 885 Καὶ
654 857 740 884 ταῦτα
766 855 851 882 εἰπὼν

908 863 1054 897 subjunxit,
1071 863 1159 889 solum
1175 864 1274 890 bonum
1289 870 1351 890 esse
1367 862 1486 895 Patrem,
1503 863 1548 890 ubi
1561 863 1646 898 igitur
1662 864 1689 891 in

66 904 163 938 ἐπάγει
178 904 208 930 τὸ
224 904 302 939 μόνον
315 902 383 931 εἶναι
396 903 498 938 ἀγαθὸν
513 902 633 938 Πατέρα.
649 901 704 928 Ποῦ
721 901 809 928 τοίνυν
822 900 851 926 ἐν

910 909 944 936 tis
963 908 1048 936 Filius
1067 909 1118 936 sibi
1137 908 1252 943 denegat
1269 909 1341 936 entis
1364 908 1595 943 appellationem?
1613 909 1686 944 quod
1720 901 1724 904 ’

65 949 170 981 τούτοις
192 951 314 986 ἀρνεῖται
335 951 349 976 6
362 949 425 980 Υίὸς
443 949 492 984 τὴν
511 948 670 983 ἐπωνυμίαν
693 947 739 973 τοῦ
757 946 850 977 ὖντοςς

908 954 1011 989 ιιιίιιθιιι
1027 954 1126 981 astruit
1136 953 1287 980 Eunomius
1303 954 1358 981 haec
1372 953 1504 988 adjiciens
1515 953 1547 980 ad
1559 954 1688 981 verbum:

65 996 131 1030 ὅπερ
149 994 351 1026 κατασκευάζει
373 994 504 1029 Εὑνόμιος
515 1013 523 1025 ,
538 993 624 1020 ταῦτα
638 991 793 1028 προστιθεὶς
807 990 852 1016 ἐπὶ

908 1000 956 1032 Qui
971 1001 1039 1027 enim
1062 1001 1122 1027 boni
1145 1000 1348 1034 appellationem
1366 999 1416 1026 soli
1432 999 1567 1026 convenire
1583 999 1692 1032 docuit,

64 1041 178 1073 λέξεως’
191 1040 222 1067 '0
234 1040 288 1075 γὰρ
307 1039 364 1074 τὴν
379 1039 431 1066 τοῦ
452 1039 564 1074 ἀγαθοῦ
585 1039 755 1072 πρόσρησιν
770 1037 852 1071 μόνῳ

908 1046 944 1073 illi
960 1055 1015 1074 sum
1037 1046 1171 1081 omnisque
1198 1046 1323 1072 bonitatis
1341 1045 1443 1072 auctori
1464 1049 1489 1072 et
1510 1046 1615 1072 omnino
1637 1045 1690 1072 ενιιί

65 1086 233 1121 προσήκειν
240 1085 362 1118 διδάξας
369 1085 474 1118 ἐκείνῳ
483 1084 522 1117 τῷ
530 1084 577 1111 καὶ
587 1083 641 1118 τῆς
648 1083 795 1118 σφετέρας
805 1082 852 1109 καὶ

908 1096 926 1118 ει
940 1091 1009 1126 quod
1027 1091 1056 1126 ﬁt
1069 1092 1182 1124 bonum,
1206 1091 1233 1117 in
1255 1090 1330 1117 illum
1350 1091 1449 1125 refert,
1472 1090 1516 1117 vix
1529 1099 1618 1117 eorum
1634 1099 1692 1125 quia

64 1132 170 1166 πάσης
183 1131 364 1166 ἀιιαθότητος
378 1131 469 1163 αἰτίῳ,
482 1129 530 1157 καί
540 1130 668 1157 πάντοτε
679 1129 751 1161 ὄντι,
762 1128 809 1155 καί
820 1129 852 1155 τὸ

908 1138 989 1171 ﬁunt,
1010 1142 1164 1172 potestatem
1189 1141 1213 1163 et
1246 1137 1314 1163 entia
1339 1144 1433 1163 nomen
1459 1136 1510 1162 sibi
1541 1136 1691 1170 applicauit.

65 1177 226 1212 γινόμενον
239 1177 349 1211 ἀγαθὸν
360 1177 405 1203 ἐπ’
416 1176 532 1203 ἐκεῖνον
542 1175 648 1210 φέρων·
665 1174 764 1210 σχολή
776 1175 802 1209 γ’
815 1173 852 1202 ἃν

909 1182 978 1216 Quid
1003 1183 1086 1210 habet
1107 1190 1250 1210 commune
1275 1189 1336 1209 cum
1360 1181 1442 1209 dictis
1463 1180 1602 1215 potestas?
1620 1179 1694 1213 Quo-

63 1224 124 1250 τῶν
138 1231 214 1250 ποτε
229 1222 392 1257 Τινομένων
402 1221 570 1255 ᾠκειώσατο
583 1221 639 1255 τὴν
650 1220 794 1253 ἐξουσίαν
804 1220 852 1247 καί

908 1228 988 1255 modo
1002 1235 1065 1255 cum
1083 1228 1133 1255 hac
1148 1232 1174 1255 et
1189 1228 1222 1254 ab
1239 1228 1309 1255 entis
1323 1227 1508 1254 nominatione
1523 1225 1609 1253 Filius
1624 1226 1692 1253 alie-

62 1269 120 1304 τὴν
127 1268 185 1296 τοῦ
195 1268 280 1301 ὄντος
287 1267 502 1303 ὲπωνυμίανἸί
510 1267 632 1294 κοινωνεῖ
639 1267 693 1297 τοῖς
700 1268 759 1302 είρη
764 1266 852 1301 μένοις

908 1280 986 1301 natus
1001 1273 1063 1300 est?
1078 1273 1130 1300 Sed
1150 1272 1214 1308 quid
1227 1273 1318 1307 potius
1335 1272 1363 1299 in
1377 1272 1420 1299 his
1435 1272 1568 1306 agendum
1596 1271 1630 1298 sit
1646 1279 1693 1299 ne-

61 1317 79 1352 ὴ
92 1315 206 1349 ἐξουσία
216 1323 222 1347 ;
232 1315 293 1345 Πῶς
304 1315 331 1340 δὲ
344 1313 412 1349 μετὰ
422 1313 522 1345 ταύτης
530 1313 577 1340 καὶ
585 1313 635 1348 τῆς
644 1312 691 1338 τοῦ
699 1312 774 1343 δντος
782 1312 852 1338 ἐπω-

908 1321 978 1353 scio,
995 1328 1029 1347 an
1045 1319 1157 1347 ridenda
1174 1319 1337 1350 sitinscitia,
1350 1326 1383 1346 an
1400 1318 1553 1346 miseranda
1564 1318 1691 1352 perditio.

63 1361 166 1396 νυμίας
189 1362 203 1388 6
225 1360 288 1392 Υίδς
306 1359 498 1395 ἡλλοτρίωται;
526 1358 594 1384 Ἀλλ’
609 1359 659 1384 οὐκ
683 1355 739 1384 οἶδα
755 1357 781 1384 τί
801 1356 852 1392 χρὴ

908 1365 1012 1393 Etenim
1030 1365 1089 1400 ejus
1103 1365 1186 1392 dictio
1204 1372 1257 1391 non
1273 1367 1413 1399 assumpta
1432 1368 1460 1390 ut
1479 1364 1505 1390 iu
1529 1371 1578 1390 usu
1593 1367 1692 1389 natura

63 1407 145 1433 πλέον
161 1407 193 1432 ἐν
205 1405 308 1436 τούτοις
319 1407 405 1432 ποιεῖν
416 1414 422 1420 ·
436 1405 517 1440 γελᾷν
531 1404 580 1440 τὴν
591 1403 722 1439 ἀμαθίαν,
738 1403 754 1438 ἢ
770 1402 852 1430 ἐλεεῖν

908 1410 977 1437 solet
991 1409 1119 1443 usurpari
1141 1409 1213 1443 apud
1236 1416 1284 1436 eos
1307 1410 1354 1443 qui
1377 1408 1500 1435 oratione
1525 1408 1563 1434 uti
1589 1408 1691 1441 sciunt,

61 1453 112 1487 τὴν
126 1451 278 1478 ἀπώλειαν.
304 1451 342 1477 ’Ἢ
363 1459 392 1477 τε
411 1450 465 1485 γὰρ
481 1451 529 1485 τῆς
547 1450 679 1485 σφετέρας
696 1449 769 1482 λέξις
781 1469 788 1479 ,
806 1449 852 1484 οὐχ

909 1455 986 1482 valde
1008 1455 1124 1489 peritum
1144 1462 1205 1481 esse
1225 1458 1342 1481 testatur
1359 1453 1385 1480 in
1404 1461 1435 1480 eo
1457 1453 1607 1481 rhetorices
1625 1454 1691 1480 ιιιιὶ-

61 1496 150 1528 οὖτως
166 1497 333 1531 ὲκληφθεῖσα
342 1496 379 1527 ὡς
394 1495 498 1529 πέφυκέ
510 1504 538 1521 τε
555 1495 601 1521 καὶ
611 1495 705 1521 εἴωθεν
716 1496 744 1522 ὲν
760 1494 852 1530 χρήσει

909 1501 971 1528 licio
985 1508 1041 1536 quo
1053 1500 1163 1526 nomina
1173 1500 1225 1526 alia
1239 1508 1288 1535 pro
1304 1500 1366 1527 aliis
1380 1505 1528 1534 ponuntur,
1542 1507 1623 1534 quam
1635 1500 1692 1535 glo-

61 1543 193 1576 γίνεσϐαι
210 1541 285 1578 παρὰ
299 1543 354 1573 τοῖς
376 1542 458 1568 εἰδόσι
478 1541 629 1576 κεχρῆσθαι
647 1540 719 1576 λόγῳ
730 1560 738 1572 ,
758 1541 852 1576 πολλὴν

908 1546 1004 1573 riolam
1019 1545 1124 1581 parvuli
1142 1546 1211 1580 apud
1228 1545 1432 1580 grammatistas
1448 1546 1509 1571 sine
1527 1546 1619 1571 labore
1647 1553 1690 1571 se-

60 1588 138 1623 αύτῷ
153 1589 292 1623 μαρτυρεί
304 1587 354 1622 τῆς
376 1587 606 1621 ἀντονομαστικῆς
620 1585 791 1621 τεχνολογίας
808 1586 852 1621 τὴι

908 1597 1027 1620 ctantur.
1043 1592 1074 1619 Et
1085 1592 1157 1626 quod
1171 1591 1228 1626 ipse
1237 1598 1252 1618 ιι
1263 1592 1402 1626 proposito
1413 1591 1527 1619 ridicule
1543 1591 1692 1618 transiera-

61 1635 235 1669 ἐπιστήμην,
252 1634 285 1669 ἠν
301 1634 346 1665 καὶ
364 1633 398 1659 τὰ
416 1632 546 1668 παιδάρια
566 1631 639 1667 παρὰ
651 1633 707 1663 τοῖς
726 1640 852 1667 γραμμα-

908 1643 953 1665 tur
966 1638 999 1665 ad
1014 1646 1045 1665 ea
1067 1644 1127 1672 quae
1148 1637 1250 1664 nullam
1268 1636 1368 1663 habent
1387 1637 1606 1664 communionem
1628 1645 1691 1664 cum

59 1681 170 1711 τισταίς
185 1679 304 1714 ἀμογητὶ
314 1677 486 1713 διεξέρχεται.
499 1678 553 1704 Καὶ
560 1677 590 1703 τὸ
602 1676 798 1712 παρενεχθῆναι
810 1676 852 1703 τοῦ

908 1685 1011 1712 ratione
1024 1687 1051 1711 et
1073 1685 1158 1717 ligura
1176 1690 1230 1717 qua
1254 1682 1381 1709 concludi
1396 1682 1516 1715 deberet,
1543 1682 1613 1709 Filio
1636 1691 1690 1709 non

60 1725 253 1761 προκειμένου
270 1724 382 1758 γελοίως
396 1724 477 1750 αὑτὸν
492 1723 558 1758 πρὸς
572 1724 605 1750 τὰ
624 1723 704 1759 μηδὲν
717 1724 852 1749 ἐπικοινω-

908 1738 968 1759 esse
982 1738 1153 1757 communem
1167 1729 1239 1757 entis
1250 1729 1469 1764 appellationem,
1482 1730 1553 1763 quod
1564 1730 1691 1757 absurdis

59 1772 165 1798 νοῦντα
181 1770 222 1806 τῷ
242 1770 314 1805 λόγῳ
334 1770 381 1797 καὶ
398 1769 437 1805 τῷ
453 1770 571 1804 σχήματι
587 1767 810 1804 συμπεραστικῷ,
827 1768 852 1795 τὲ

908 1781 934 1804 et
958 1777 1124 1812 portentosis
1137 1776 1235 1803 nititur
1249 1775 1456 1802 accommodare
1471 1775 1690 1809 probationibus.

61 1818 99 1853 μὴ
117 1818 262 1843 κοινωνεῖν
276 1816 321 1843 τὸν
336 1816 399 1843 Yth
413 1816 463 1850 τῆς
474 1815 631 1850 ἐπωνυμίας
643 1814 689 1841 τοῦ
699 1814 785 1847 ὄντος,
798 1815 852 1846 ταῖς

908 1821 970 1850 lianc
983 1829 1009 1850 et
1024 1823 1158 1858 ejusmodi
1176 1831 1235 1858 quae
1251 1823 1334 1850 vcluti
1352 1823 1386 1850 de
1404 1823 1540 1850 industria
1554 1823 1587 1850 ad
1603 1823 1690 1852 risum

59 1863 226 1894 ἀλλοκότοις
243 1863 464 1898 ἑφαρμοζόμενον
488 1862 669 1892 κατασκευαῖς
683 1869 689 1876 ·
708 1861 755 1887 καὶ
769 1860 852 1887 πάντα

908 1869 1080 1897 excitandum
1111 1869 1227 1897 conllata
1250 1873 1324 1896 sunt.
1353 1868 1390 1894 lta
1413 1873 1441 1895 ut
1466 1869 1524 1896 lieri
1549 1869 1636 1903 possit
1661 1873 1692 1896 ut

57 1911 94 1937 τὰ
108 1909 232 1937 τοιαῦτα
239 1908 365 1944 καθάπερ
376 1908 530 1943 ἐξεπίτηδες
540 1907 586 1934 ἐπὶ
596 1907 692 1941 γέλωτι
705 1906 852 1941 σύγκειται.

908 1914 988 1941 etiam
1011 1913 1178 1948 stupidiores
1200 1913 1265 1948 quid
1281 1913 1470 1948 perpetiantur
1489 1916 1515 1940 et
1536 1913 1643 1940 rideant
1656 1913 1691 1941 ob

58 1957 148 1982 Ὥστε
172 1963 202 1981 τι
227 1955 274 1982 καὶ
301 1954 397 1980 παθεῖν
412 1953 492 1988 τυχὸν
508 1954 571 1984 τοὺς
588 1953 787 1988 ἀμελεστέρους
811 1953 852 1978 καῚ

908 1960 1150 1988 inconcinnitatem
1165 1961 1226 1996 ejus
1252 1969 1422 1990 sermonum.
1447 1961 1691 1990 Verumenimvero

55 2002 234 2037 ἐπιγελάσαι
249 2000 287 2036 τῷ
299 2001 476 2036 ἀσυναρτήτῳ
489 2000 543 2026 τῶν
561 1999 656 2033 λόγων.
684 1998 764 2025 Ἀλλὰ
777 1999 806 2024 τὸ
820 1998 852 2033 μὴ

908 2006 981 2041 quod
994 2006 1064 2034 Deus
1076 2007 1194 2034 Verbum
1214 2015 1269 2035 non
1291 2008 1336 2040 sit,
1354 2008 1396 2035 vel
1416 2008 1489 2042 quod
1506 2008 1618 2036 omnino
1635 2016 1690 2035 non

56 2046 132 2074 εἶναι
147 2047 201 2074 τὸν
223 2046 289 2073 Θεὸν
311 2046 407 2080 Λόγον,
425 2046 441 2080 ἢ
465 2045 565 2079 ἀγαθὸν
586 2046 692 2076 πάντως
709 2045 746 2079 μὴ
767 2041 852 2070 εἶναιΙ

908 2052 945 2079 sit
959 2052 1059 2085 bonus,
1075 2053 1131 2080 haec
1142 2053 1214 2080 enim
1230 2054 1367 2088 praestruit
1378 2041 1501 2088 periqua:
1511 2057 1538 2081 et
1555 2053 1627 2081 entis
1641 2061 1691 2080 no-

54 2094 151 2121 ’ταῦτα
168 2092 229 2127 γὰρ
250 2091 448 2124 κατασκευάζει
466 2092 498 2118 δι’
526 2089 563 2118 ὦν
586 2092 636 2127 τήν
659 2100 690 2117 τε
709 2090 756 2117 τοῦ
782 2090 852 2121 ὄντος

909 2097 1086 2125 minationom
1108 2103 1134 2125 et
1152 2097 1215 2126 boni
1231 2099 1439 2133 appellationem
1462 2099 1529 2126 dicit
1551 2107 1604 2126 non
1619 2099 1690 2126 Filio

54 2139 232 2174 ἐπωνυμίαν
243 2138 289 2164 καὶ
304 2139 353 2173 τὴν
364 2137 410 2164 τοῦ
422 2137 523 2172 ἀγαθοῦ
542 2137 579 2173 μὴ
594 2136 757 2163 οἰκειοῦσθαι
772 2135 852 2169 λέγει,

910 2150 990 2177 posse
1008 2142 1115 2177 proprie
1131 2145 1291 2176 convenire;
1307 2147 1333 2171 et
1354 2144 1427 2178 quod
1441 2144 1580 2179 praestruit
1594 2151 1689 2171 eorum

53 2186 116 2212 Καὶ
132 2185 168 2211 τὸ
184 2183 402 2215 κατασκευάζειν
426 2183 474 2218 τὴν
496 2183 550 2210 τῶν
572 2183 719 2218 γινομένων
735 2182 852 2215 ἐξουσίαι

910 2196 970 2223 quae
1000 2188 1067 2215 ﬁunt
1089 2192 1251 2223 potestatem
1276 2197 1330 2217 non
1356 2190 1406 2224 ipsi
1437 2194 1607 2225 competere:
1633 2189 1691 2216 haec

55 2231 95 2266 μὴ
111 2231 273 2265 προσήκειν
289 2229 371 2265 αὐτῷ,
383 2228 467 2256 ταῦτα
477 2229 602 2264 δακρύων
618 2229 680 2260 ἄξια
695 2228 740 2255 καὶ
757 2228 852 2263 θρηνη-

910 2234 1038 2269 lacrymis
1054 2235 1135 2269 digna
1156 2239 1183 2262 et
1197 2234 1280 2262 ﬂebili
1297 2235 1473 2263 contibicinio
1489 2236 1545 2263 sive
1562 2235 1690 2263 lamento.

51 2276 139 2312 τικῆς
159 2275 321 2307 συναυλίας.

91 2322 169 2349 Οὐδὲ
195 2320 253 2356 γὰρ
275 2321 345 2347 κατά
367 2330 427 2348 τινα
445 2321 568 2356 προπετῆ
588 2321 635 2347 καὶ
658 2320 858 2356 ἀπερίσκεπτον

50 2367 150 2402 ὁρμὴν
167 2365 250 2396 ἅπαξ
265 2373 315 2392 που
330 2365 360 2392 τὸ
376 2365 494 2391 τοιοῦτον
509 2365 786 2401 παραφθεγξάμενος,
801 2362 860 2392 εἶτα

49 2411 269 2447 ἐπανορθοῦται
277 2412 332 2443 τοῖς
341 2410 439 2446 ἐφεξῆς
452 2411 482 2437 τὸ
498 2411 694 2446 πλημμέλημα,
710 2411 861 2446 ἀλλ’ὲμφι-

49 2459 182 2493 λοχωρεῖ
192 2458 231 2491 τῇ
242 2457 335 2491 κακίᾳ,
349 2459 404 2488 τοῖς
423 2457 558 2492 δευτέροις
574 2457 729 2491 φιλονεικῶν
741 2456 860 2492 ὑπερϐα-

48 2505 156 2532 λέσθαι
167 2504 210 2530 τὰ
225 2503 363 2538 φθάσαντα
373 2512 379 2518 ·
389 2503 460 2537 λέγει
473 2503 523 2539 γὰρ
533 2503 642 2539 προϊὼν,
658 2503 805 2530 Τοσοῦτον
812 2504 861 2530 αὺ-

49 2553 110 2579 τὸν
124 2550 217 2578 εἶναι
225 2549 302 2576 κάτω
314 2550 369 2584 τῆς
378 2551 457 2583 θείας
464 2551 593 2584 φύσεως,
600 2550 674 2577 ὅσον
684 2550 735 2577 ἀπ’
743 2550 861 2577 ἐκείνου

48 2598 133 2632 πρὸς
153 2596 194 2623 τὸ
215 2596 425 2629 ταπεινότερον
435 2597 454 2630 ἠ
467 2595 526 2623 τῶν
543 2595 678 2630 ἀγγέλων
695 2595 861 2629 ἀποϐέϐηκε

47 2644 156 2679 φύσις
166 2650 174 2657 ·
195 2641 232 2667 οὐ
242 2640 346 2672 τούτοις
358 2642 471 2677 γράφων
482 2642 538 2672 τοῖς
553 2642 680 2676 ῥήμασιν,
697 2640 765 2667 ἀλλὰ
781 2649 860 2667 κατα-

48 2689 216 2721 σκευάζων
235 2687 268 2713 δι’
283 2684 320 2714 ὧν
333 2687 406 2722 λέγει
421 2687 470 2722 τὴν
485 2687 611 2722 τοιαύτην
629 2686 757 2713 διάνοιαν.
781 2687 859 2719 Ἐξε-

48 2745 96 2763 att
112 2735 146 2763 δὲ
167 2733 271 2768 κρῖναι
284 2732 328 2758 τὸν
341 2732 418 2767 λόγον
433 2734 488 2763 τοῖς
503 2732 718 2767 ἐντυγχάνουσιν,
734 2732 790 2767 ἔχει
805 2732 861 2768 γὰρ

44 2783 128 2810 οὕτω
145 2780 188 2807 τὰ
203 2779 403 2815 γεγραμμένον
417 2779 468 2812 Ὃς
483 2777 522 2811 τῷ
532 2778 590 2813 μὲν
604 2778 731 2813 ἅγγελος
748 2777 862 2814 ὠνομά-
882 2801 884 2803 ,

945 2320 1037 2355 Neque
1054 2321 1125 2348 enim
1140 2321 1271 2356 praecipiti
1288 2321 1406 2356 quodam
1429 2325 1511 2356 atque
1533 2322 1690 2350 inconside-

910 2372 969 2393 rato
986 2367 1097 2401 impetu,
1115 2366 1199 2392 semel
1213 2366 1311 2393 alicubi
1333 2366 1387 2393 tale
1406 2367 1534 2401 quiddam
1550 2375 1691 2401 perperam

910 2413 1028 2444 locutus.
1043 2413 1070 2439 in
1093 2412 1271 2447 sequentibus
1293 2412 1393 2440 deinde
1409 2416 1530 2439 erratum
1549 2413 1691 2445 emendat;

911 2457 959 2485 sed
984 2458 1012 2484 in
1033 2458 1164 2491 pravitate
1188 2457 1366 2490 immoratur,
1395 2464 1428 2484 ac
1459 2458 1585 2485 secundis
1605 2457 1693 2485 autbi-

911 2503 980 2530 tiose
998 2502 1139 2530 contendit
1164 2502 1254 2538 priora
1275 2510 1425 2538 superare:
1442 2503 1509 2530 dicit
1527 2503 1599 2530 enim
1627 2510 1692 2537 pro-

910 2548 1145 2584 grediens,1psum
1162 2552 1234 2575 tanta
1254 2556 1310 2576 esse
1326 2548 1416 2576 divina
1429 2553 1525 2575 natura
1543 2548 1692 2584 inferiorem

909 2583 1007 2629 quanta
1025 2594 1118 2622 abillo
1143 2594 1177 2621 ad
1202 2595 1328 2622 humilius
1361 2595 1513 2630 angelorum
1535 2583 1631 2620 natura
1648 2593 1694 2620 dc-

909 2640 1025 2674 uendit;
1040 2641 1112 2676 quod
1125 2641 1234 2676 quidem
1246 2648 1302 2669 non
1313 2641 1409 2668 iisdem
1424 2640 1512 2668 verbis
1529 2639 1633 2671 scribit,
1647 2639 1694 2667 sed

913 2695 960 2722 per
971 2695 1002 2714 ea
1018 2695 1079 2722 quae
1098 2687 1163 2715 dicit
1175 2687 1256 2715 talem
1278 2686 1439 2715 sententiam
1453 2685 1567 2719 astruit;
1585 2685 1696 2713 lectori-

914 2734 965 2761 bus
983 2737 1072 2761 autem
1097 2741 1252 2762 sermonem
1277 2733 1341 2761 licet
1361 2731 1513 2768 diiudicare
1533 2740 1540 2759 :
1561 2732 1603 2760 sic
1622 2731 1695 2759 enim

915 2779 1016 2815 scripta
1031 2779 1113 2818 verba
1126 2779 1228 2808 habent
1244 2788 1251 2807 :
1268 2778 1320 2813 Qui
1335 2786 1368 2807 ea:
1386 2787 1415 2806 eo
1435 2779 1504 2814 quod
1526 2777 1634 2814 angelus
1651 2785 1698 2804 no—
