1923 3071
59 122 111 149 860

59 178 213 213 γενόμενος’
229 178 339 204 κάκεῖνο
350 177 378 204 δὲ
392 178 434 209 τίς
448 178 540 212 ἀγνοεῖ
554 179 608 206 τῶν
623 178 742 208 πάντων,
757 177 796 202 ὅτι
809 174 848 210 τῷ
862 179 885 206 A

59 225 114 250 δντι
125 224 154 250 τὸ
171 223 208 259 μὴ
220 223 250 250 ὃν
262 224 467 259 ἀντιδιαιρεῐται
488 225 567 260 μόνον
578 234 585 257 ;
603 225 684 251 Ὥστε
697 224 712 250 ὁ
724 224 769 250 τδν
784 222 848 249 Υἰὺν

59 269 271 302 ἀντιδιαστείλας
290 269 329 305 τῷ
344 269 417 301 ὄντι,
439 270 532 304 σαφῶς
560 270 715 302 Ὶουδςιϊζει,
735 268 785 304 τὴν
800 266 847 294 τοῦ

58 316 225 350 Μονογενοῢς
240 316 386 343 ὑπόστασιν
396 315 573 343 ὑποκλέπτων
587 316 633 343 τοῦ
641 316 785 350 δόγματος.
801 315 848 340 “Ov

59 363 113 398 γὰρ
124 362 175 395 ἔξω
186 363 237 397 τῆς
248 362 295 389 τοῦ
306 362 380 394 ὕντος
393 362 550 398 ἐπωνυμίας
564 362 648 396 λέγει,
663 362 709 388 καὶ.
720 360 766 387 τοῦ
780 357 849 386 εἶναι

59 408 168 439 πάντως
181 407 330 443 ἐξῃρῆσθαι
344 407 553 440 κατασκευάζει.
571 409 608 434 Οὐ
623 408 677 443 γὰρ
692 407 724 441 δὴ
738 405 769 432 τὸ
779 402 849 431 εἶναι

58 453 146 485 διδοὺς
168 454 236 489 πρὸς
257 454 303 480 τὸν
328 453 374 480 τοῦ
398 454 520 489 ῥήματος
546 451 612 489 ἦχον
635 452 847 487 διενεχθήσεται.

65 501 144 527 Ἀλλὰ
155 501 202 527 καὶ
211 501 244 536 τῇ
256 500 351 536 Γραφῇ
363 499 506 536 κρατύνειν
517 501 651 535 ἐπιχειρεῖ
661 498 710 534 τὴν
723 497 848 528 ἀτοπίαν,

59 547 104 573 καὶ
127 545 308 581 προϐάλλεται
334 545 380 572 τὸν
403 546 506 573 Μωσέα
532 545 681 581 συνήγορον
704 543 775 571 κατὰ
798 542 850 578 τῆς

58 592 195 628 ἀληθείας.

97 717 142 750 Ὦς
164 719 218 755 γὰρ
234 719 338 746 ἐκεῖθεν
353 719 418 755 ἡμῖν
439 719 630 755 διαλεγόμενος
651 719 714 750 τοὺς
733 718 850 749 οἰκείους

59 764 160 800 μύθους
186 766 247 792 κατ’
272 765 396 798 ἐξουσίαν
419 765 528 799 διέξεισι
552 765 655 799 λέγων,
676 765 717 792 ὅτι
739 765 770 790 '0
793 764 850 798 μὲν

58 810 257 839 ἀποστέλλων
269 811 400 845 Μωσῆν,
419 811 511 844 αὐτὸς
524 810 564 846 ἦν
579 813 595 837 ό
608 809 651 838 ὢν
661 831 667 841 ,
684 811 720 837 δι’
740 807 778 838 οὗ
799 810 848 836 καὶ
867 803 886 831 Β

56 857 227 884 ἀπέστελλε
244 858 292 884 καὶ
314 857 432 885 ἐλάλει·
454 857 508 885 τοῦ
524 857 582 892 μὲν
607 857 694 890 ὄντος
711 856 848 891 ἅγγελος,

58 902 116 930 τῶν
130 903 164 930 δὲ
180 903 283 930 ἄλλων
292 902 433 930 ἁπάντων
447 903 529 936 Θεός.
551 902 622 930 Ἀλλ’
633 904 674 930 ὅτι
691 902 739 937 μὲν
753 902 802 928 οὐκ
818 902 850 927 ὲκ

57 948 109 975 τῶν
130 949 328 984 γεγραμμένων
347 949 421 976 ἐστὶν
436 949 452 984 ὴ
469 949 558 984 ῥῆσις,
576 949 605 982 ἐξ
622 948 707 983 αὐτῆς
725 947 782 974 ἔστι
800 949 851 982 τῆς

58 994 169 1030 Γραφῆς
184 994 293 1021 εἰδέναι.
311 994 342 1021 Εἰ
354 995 382 1021 δὲ
395 995 440 1021 τὸν
455 995 518 1021 νοῦν
531 1003 597 1030 φησι
611 994 705 1021 τοῦτον
720 992 789 1020 εἶναι
803 993 850 1020 τοῦ

58 1039 232 1074 γράμματος,
248 1040 329 1072 αὐτὸς
339 1041 405 1076 ἡμῖν
415 1040 571 1073 ὲξεταστέος
584 1042 597 1067 ὸ
611 1041 788 1077 πρωτότυπος
803 1041 851 1074 τῆς

58 1086 170 1121 Γραφῆς
184 1086 270 1121 λόγος.
289 1087 343 1113 Καὶ
356 1087 464 1123 πρῶτόν
479 1095 511 1121 γε
528 1088 738 1123 καταράσωμεν,
752 1087 792 1113 ὅτι
806 1087 850 1113 τὸν

60 1133 117 1167 μετ’
133 1132 216 1159 αὐτὸν
233 1132 300 1159 Θεὸν
333 1134 348 1160 ὁ
369 1133 501 1169 Εὐνόμιος
513 1134 649 1170 ὀνομάσας
667 1133 712 1160 τὸν
731 1132 849 1168 Κύριον,

57 1178 132 1205 οὐδὲν
149 1178 225 1213 αὐτῷ
238 1178 317 1205 πλέον
334 1179 409 1215 παρὰ
422 1180 471 1216 τὴν
487 1179 635 1216 ἀγγελικὴν
651 1180 741 1206 δίδωσι
758 1179 849 1214 φύσιν.

58 1224 126 1251 Οὐδὲ
143 1225 198 1259 γὰρ
213 1225 226 1250 ὁ
246 1225 366 1258 Μωῦσῆς
378 1225 499 1258 ἀκούσας
520 1226 581 1257 θεὸς
595 1223 663 1252 εἶναι
678 1225 725 1252 τοῦ
738 1224 849 1261 Φαραὼ,

58 1270 136 1307 ἐξέϐη
150 1271 200 1306 τὴν
214 1270 412 1308 ἀνθρωπότητα
422 1280 429 1287 ·
448 1272 506 1299 ἁλλ’
521 1273 549 1298 ὲν
563 1273 596 1308 τῇ
611 1271 692 1306 φύσει
708 1272 739 1298 τὸ
753 1272 849 1308 ὁμότι-

59 1325 108 1351 μον
124 1316 213 1352 ἔχων,
233 1318 266 1352 τῇ
287 1317 337 1352 τῆς
356 1317 478 1350 ἐξουσίας
501 1318 622 1353 ὑπεροχῇ
641 1317 695 1344 τῶν
713 1317 851 1353 ὁμογενῶν

59 1361 213 1398 ὑπερήρθη,
225 1363 272 1388 καὶ
284 1362 359 1389 οὐδὲν
373 1363 508 1390 ἐκώλυσεν
519 1362 600 1389 αὐτὸν
613 1363 680 1398 πρὸς
691 1363 722 1389 τὸ
733 1362 770 1398 μὴ
782 1360 851 1390 εἶναι

59 1407 212 1443 ἄνθρωπον,
228 1408 258 1434 τὺ
272 1408 404 1444 κληθῆναι
423 1408 496 1436 θεόν.
519 1408 598 1436 Οὒτω
612 1409 659 1435 καὶ
676 1409 791 1437 ἐνταῦθα
804 1409 851 1436 ἕνα

58 1454 111 1480 τῶν
126 1454 252 1488 ἀγγέλων
273 1454 287 1480 ὁ
306 1455 437 1490 Εὑνόμιος
455 1455 537 1482 αὑτὸν
554 1453 623 1482 εἶναι
645 1455 851 1487 κατασκευάσας

59 1498 205 1533 ὒεραπεύει
228 1499 259 1526 τὸ
284 1499 389 1526 τοιοῦτο
423 1499 613 1535 πλημμέλημα
646 1502 696 1536 τῆς
729 1501 853 1536 θεότητος

60 1543 153 1579 κλήσει
179 1543 250 1571 κατὰ
268 1545 313 1571 τὸν
334 1545 498 1572 ἀποδοθέντα
523 1545 612 1580 λόγον,
632 1546 777 1582 ὁμωνυμίᾳ
802 1547 856 1573 τινὶ

60 1590 125 1623 πρὸς
137 1590 221 1617 αὑτὸν
233 1590 282 1626 τὴν
295 1590 342 1617 τοῦ
364 1591 432 1618 Θεοῦ
447 1593 632 1627 προσηγορίαν
653 1593 854 1629 κοινοποιῆσας.

67 1635 253 1671 Ἐξετάσωμεν
267 1637 348 1664 πάλιν
361 1637 431 1664 αὐτὰ
445 1637 479 1664 τὰ
491 1638 600 1673 ῥήματα
615 1639 665 1674 τῆς
681 1639 858 1675 βλασφημίας

868 1480 890 1510 C

61 1681 212 1717 ὲκθέμενοι.
230 1683 262 1709 '0
273 1683 482 1714 ἀποστέλλων.
495 1684 572 1719 φησι,
587 1684 641 1711 τὸν
655 1685 792 1717 Μωυσέα,
803 1686 854 1712 αὑ-

60 1727 110 1760 τύς
127 1726 169 1762 ἦν·
189 1729 207 1754 ό
220 1727 273 1760 ὢν,
289 1728 325 1755 δι’
343 1726 378 1756 οὗ
400 1729 434 1756 δὲ
450 1728 645 1762 ἀπέστειλεν,
668 1732 684 1757 ὀ
700 1731 752 1758 τοῦ
769 1731 856 1765 ὄντος

61 1773 186 1808 ἅγγελος
196 1771 245 1809 ἦν,
256 1774 342 1807 οὕτως
355 1775 495 1810 ὀνομάζων
508 1776 553 1802 τὸν
567 1775 679 1812 Κύριον.
691 1777 796 1804 Οὐκοῦν
810 1778 856 1804 ὑπ’

62 1820 144 1854 αὐτῆς
161 1820 303 1855 ἐλέγχεται
323 1822 371 1856 τῆς
389 1821 408 1847 Γ
410 1822 498 1857 ραφῆς
512 1823 528 1857 ὴ
544 1822 643 1849 ἀτοπία
659 1823 706 1849 τοῦ
723 1823 857 1859 λογογρά-

61 1873 120 1897 φου,
135 1865 165 1890 ὲν
178 1861 218 1896 οἷς
234 1866 248 1891 ὁ
262 1866 381 1901 Μωῦσῆς
403 1867 517 1894 ἱκετεύει
534 1867 579 1894 τὸν
595 1867 698 1903 Κύριον
716 1869 753 1904 μὴ
771 1870 856 1904 ἄγγε-

61 1910 104 1936 λον
117 1912 151 1946 τῇ
170 1911 303 1947 ἡγεμονίᾳ
320 1911 368 1938 τοῦ
385 1912 450 1939 λαοῦ
464 1913 611 1948 ἐπιστῆσαι
621 1933 629 1946 ,
642 1914 699 1941 ἀλλ’
711 1915 791 1942 αὑτὸν
807 1916 856 1950 τῆς

62 1956 176 1991 πορείας
191 1956 281 1983 αὐτῶν
296 1957 499 1993 ἀφηγήσασθαι.
516 1959 592 1994 Ἔχει
606 1959 633 1986 δὲ
651 1959 737 1992 οὕτως
752 1962 768 1996 ἡ
785 1961 857 1994 λέξις

62 2003 93 2028 ὲκ
103 2001 252 2038 προσώπου
267 2003 315 2029 τοῦ
330 2003 408 2030 Θεοῦ·
425 2004 538 2037 Βάδιζε,
552 2005 704 2040 κατάϐηθι,
721 2007 769 2034 καὶ
788 2005 858 2038 όδή-

62 2057 160 2083 miror
179 2048 233 2075 τὸν
247 2048 323 2075 ,ὶαὲν
342 2049 452 2076 τοῦτον
468 2051 511 2082 εις
532 2050 586 2077 τὸν
606 2051 699 2078 τόπον
721 2051 755 2078 ὃν
771 2050 858 2079 εἶπόν·

63 2102 113 2120 σοι
127 2101 133 2107 ·
151 2093 201 2120 καὶ
217 2093 282 2120 ἰδοὺ
305 2093 432 2129 ἄγγελός
445 2103 505 2129 μου
535 2096 749 2129 προπορεύεται
763 2104 821 2123 σου

63 2139 100 2166 ἂν
112 2138 208 2174 ἡμέρᾳ
219 2138 439 2174 ἐπισκέπτωμαι
449 2147 455 2154 ·
469 2139 516 2166 καὶ⁸
530 2139 587 2175 μετ’
597 2139 675 2174 ὀλίγα
686 2140 767 2168 πάλιν
779 2141 855 2176 φησί’

62 2186 116 2213 Καὶ
124 2185 346 2212 συναποστελῶ
354 2186 499 2220 πρότερόν
508 2195 566 2213 σου
576 2187 630 2213 τὸν
649 2187 776 2222 ἄγγελόν
784 2197 854 2222 μου.

64 2229 129 2258 Εἶτα
145 2231 244 2267 μικρὸν
267 2231 336 2266 μετὰ
347 2232 398 2267 τὴν
412 2231 583 2263 ἀκολουθίαν,
598 2232 702 2267 γίνεται
717 2234 792 2269 παρὰ
808 2235 854 2261 τοῦ

64 2277 230 2312 οεράποντος
253 2277 321 2313 πρὸς
342 2277 388 2304 τὸν
407 2277 472 2305 Θεὸν
497 2279 620 2313 ἱκετηρία
638 2278 732 2305 τοῦτον
757 2279 856 2315 ἔχουςα

64 2323 106 2350 τὸν
122 2323 234 2359 τρόπον·
250 2324 285 2351 El
301 2323 414 2358 εὕρηκα
427 2323 516 2359 χάριν
529 2324 668 2352 ἐναντίον
688 2332 757 2357 σου.
772 2334 856 2361 συμ-

65 2369 237 2403 πηρευθήτω
249 2371 265 2397 o’
275 2370 384 2404 Κύριός
397 2379 457 2404 μου
470 2370 534 2404 μεθ’
547 2370 639 2405 ἡμῶν·
655 2371 701 2398 καὶ
717 2371 807 2404 πάλιν,
823 2373 855 2399 Et

64 2414 104 2448 μὴ
123 2414 217 2447 αὐτὸς
235 2415 413 2449 συμπορεὺῃ
431 2414 512 2449 ἡμῖν.
532 2415 574 2449 μή
587 2423 626 2449 με
642 2416 794 2453 ἀναγάγῃς
810 2417 860 2444 ἐν-

64 2460 169 2488 ταῦθα.
190 2458 256 2486 Εἶτα
272 2460 419 2496 ἀπόκρισις
434 2460 481 2487 τοῦ
498 2460 566 2488 Θεοῦ
582 2462 649 2497 πρὸς
665 2462 710 2490 τὸν
729 2463 858 2491 Μωῦσέα·

65 2507 119 2533 Καὶ
135 2506 246 2533 τοῦτόν
269 2514 318 2533 σοι
340 2506 394 2533 τὸν
416 2507 510 2541 λόγον
532 2507 569 2533 ὃν
590 2507 713 2541 εῘρηκας
732 2507 859 2542 ποιήσω.

66 2553 206 2586 Ιξῦρηκας
229 2552 283 2587 γὰρ
302 2552 391 2587 χάριν·
411 2551 539 2580 ἐνώπιόν
560 2562 629 2588 μου.
655 2554 709 2581 Kal
736 2553 804 2582 οἶδά
821 2562 860 2582 σε

66 2598 145 2632 παρὰ
154 2597 279 2631 πάντας.
291 2598 394 2624 Οὐκοῦν
405 2599 429 2624 εἰ
440 2597 558 2633 Μωῡσῆς
571 2599 620 2633 μὲν
633 2601 802 2635 παραιτεῖται
813 2600 859 2628 τὸν

67 2643 193 2677 ἄγγελον,
207 2644 287 2675 αὐτὸς
299 2644 327 2671 δὲ
336 2645 350 2671 ὁ
361 2644 538 2680 χρηματίζων
550 2644 624 2680 αὐτῷ
636 2645 804 2681 συνέμπορος
816 2647 859 2681 γί-

872 2163 894 2191 D

67 2698 152 2721 νῐται,
171 2690 218 2716 καὶ
240 2690 402 2726 καθηγεμὼν
417 2691 466 2725 τῆς
488 2692 628 2725 στρατιᾶς,
649 2692 774 2727 φανερῶς
790 2693 858 2720 ἁπο-

615 117 681 145 (ἶΟΝ
692 116 754 144 iltA
768 113 961 145 EUNUMIUM,
981 112 1044 141 LIB.
1068 113 1110 140 XI.

1635 113 1687 140 870

900 173 989 207 ipsum
1007 172 1125 200 \'erbum
1141 176 1200 205 est,
1215 172 1263 200 sed
1285 172 1399 200 alterius
1423 172 1542 207 alicujus
1559 171 1640 199 Verbi
1658 170 1688 198 lit

902 218 1030 250 Verbum,
1046 219 1170 246 minister
1185 223 1212 246 ct
1228 219 1352 254 angelus,
1363 218 1388 245 i-l
1403 222 1456 250 est,
1474 219 1601 251 nuntius,
1616 217 1689 244 illius

899 263 998 291 factus.
1017 263 1085 290 Illud
1097 269 1186 291 autent
1199 265 1261 298 quis
1277 265 1399 291 omnium
1417 265 1524 299 ignorat
1537 263 1611 298 quod
1632 264 1689 290 enti

899 309 988 338 solum
1006 310 1156 345 opponitur
1167 318 1221 337 non
1236 310 1303 338 ens?
1326 311 1416 344 Quare
1430 311 1478 346 qui
1492 309 1590 337 Filium
1609 310 1643 336 ab
1656 317 1690 337 eo

900 355 946 390 qui
961 359 1014 386 est,
1031 354 1186 390 distinguit,
1207 353 1353 382 manifeste
1386 354 1525 390 judaizat,
1551 352 1690 387 Unigeniti

901 409 1046 436 personam
1061 409 1076 428 a
1101 400 1226 436 dogmate
1242 400 1408 435 subripiens.
1426 400 1511 433 Quem
1527 400 1599 427 enim
1613 404 1690 427 extra

902 447 974 474 entis
994 447 1207 474 nominationem
1219 446 1297 480 dicit,
1307 455 1339 474 ex
1355 454 1446 474 rerum
1455 451 1553 473 natura
1567 445 1690 473 funditus

902 497 1056 527 exemptum
1074 501 1137 520 esse
1159 494 1268 520 astruit.
1299 492 1358 519 Non
1371 492 1443 520 enim
1455 493 1501 528 qui
1513 492 1560 519 dat
1574 499 1646 523 esse,
1656 490 1691 518 de

903 538 979 567 nudo
993 539 1118 567 vocabuli
1135 547 1203 567 sono
1219 539 1345 575 litigabit.
1360 538 1602 567 Verumcnimvero
1619 537 1693 564 Scri-

904 588 991 619 ptura:
1005 584 1164 615 testimonio
1178 585 1377 614 absurditatem
1392 584 1559 611 continuare
1570 583 1692 616 molitur,

901 638 935 658 ac
949 630 1051 659 Mosem
1066 631 1195 667 proponit
1206 635 1301 659 contra
1316 631 1459 659 veritatem
1477 634 1636 666 patronum.

939 719 976 747 Ut
999 719 1072 747 enim
1091 719 1148 747 illic
1162 719 1300 747 disserens
1316 726 1381 747 suas
1411 718 1517 746 fabulas
1543 725 1592 752 pro
1609 717 1692 744 animi

902 765 1016 792 arbitrio
1043 765 1123 793 nobis
1152 770 1272 797 enarrat.
1291 765 1356 792 duln
1385 765 1467 796 dicit.
1487 764 1560 800 quod
1584 763 1635 790 Ille
1649 763 1694 799 qui

902 811 1003 839 Matrem
1022 812 1104 844 misit,
1119 813 1174 846 ipse
1187 817 1245 839 erat
1259 812 1304 847 qui
1320 816 1359 839 est
1376 820 1385 844 ;
1423 819 1469 846 per
1491 819 1567 845 quem
1591 815 1616 837 et
1632 810 1696 837 mit-

900 857 970 884 tebat
983 862 1007 884 et
1023 857 1198 891 loquebatur;
1225 856 1282 891 ejus
1301 856 1405 891 quidem
1421 856 1466 891 qui
1483 860 1532 888 est,
1564 855 1694 891 angelus;

900 903 1015 930 aliorum
1033 908 1121 929 autem
1138 902 1254 928 omnium
1284 901 1360 929 Deus.
1395 901 1448 928 Sed
1475 901 1547 936 quod
1567 901 1625 928 haec
1639 908 1695 928 non

901 949 956 976 sint
972 948 1122 983 Scriptura;
1145 949 1240 981 verba,
1256 948 1319 975 licet.
1345 956 1376 975 ex
1395 948 1454 982 ipsa
1468 948 1611 982 Scriptura
1630 954 1695 982 per-

900 994 1016 1029 spicere.
1043 993 1119 1027 Quod
1137 994 1159 1022 si
1194 995 1264 1021 hauc
1279 994 1346 1021 dicit
1363 1001 1424 1021 esse
1449 997 1568 1021 mentem
1585 993 1694 1025 litterae,

901 1041 960 1076 ipse
976 1041 1056 1068 nobis
1071 1041 1251 1076 primigenius
1267 1040 1416 1076 Scriptum
1430 1048 1521 1068 sermo
1535 1040 1696 1067 examinan-

898 1086 952 1114 dus
965 1093 1016 1114 est.
1042 1086 1075 1113 Et
1103 1087 1222 1122 primum
1247 1087 1357 1122 quidem
1384 1087 1449 1114 illud
1475 1086 1696 1114 abominabimur

901 1133 973 1168 quod
990 1140 1052 1160 cum
1070 1134 1249 1168 posteriorem
1266 1133 1352 1160 Deum
1371 1134 1524 1161 nominavit
1544 1132 1695 1160 Eunomius

901 1179 1059 1211 Dominum,
1078 1179 1146 1207 nihil
1160 1179 1185 1207 ei
1210 1179 1327 1214 amplius
1346 1187 1428 1214 quam
1454 1183 1579 1206 naturam
1595 1179 1698 1213 angeli-

899 1232 961 1252 cam
986 1225 1122 1253 attribuit.
1140 1224 1234 1260 Neque
1251 1225 1323 1252 enim
1339 1224 1429 1252 Moses
1443 1233 1505 1252 cum
1525 1224 1612 1251 audiit
1626 1224 1696 1252 deus

900 1277 964 1298 esse
979 1270 1145 1303 Pharaonis,
1157 1270 1355 1297 humanitatem
1366 1270 1442 1297 exuit
1459 1270 1496 1302 ";
1510 1269 1558 1297 sed
1573 1269 1695 1297 eamdem

901 1322 1029 1345 naturam
1057 1318 1171 1350 habens,
1197 1318 1341 1353 potestatis
1372 1318 1552 1353 praerogativa
1579 1317 1622 1344 his
1650 1317 1696 1352 qui

902 1364 1027 1398 ejusdem
1043 1365 1152 1399 generis
1166 1363 1386 1399 supercxaltatus
1394 1368 1454 1398 est;
1472 1364 1594 1399 nihilque
1607 1363 1696 1391 vetuit

903 1410 993 1446 ipsum
1009 1417 1071 1438 esse
1083 1410 1231 1442 hominem.
1246 1409 1320 1444 quod
1331 1414 1443 1437 vocatus
1464 1410 1500 1437 sit
1520 1408 1598 1437 deus.
1614 1409 1660 1437 Sic
1670 1413 1698 1437 et

906 1456 951 1484 hic
978 1464 1062 1484 unum
1094 1457 1254 1492 angelorum
1280 1456 1369 1491 ipsum
1395 1463 1457 1484 esse
1489 1464 1551 1483 cum
1578 1457 1698 1484 asseruit

908 1502 1069 1534 Eunomius,
1085 1503 1140 1530 tale
1155 1507 1297 1537 peccatum
1314 1506 1403 1533 sanat,
1417 1501 1568 1529 ditinitatis
1582 1502 1699 1537 appella-

907 1549 982 1576 tione
996 1549 1146 1576 secundum
1162 1548 1296 1576 rationem
1314 1547 1459 1582 redditam,
1482 1548 1546 1575 dum
1565 1548 1700 1585 homony-

907 1593 960 1620 mia
983 1593 1179 1629 quadam'ipsi
1206 1593 1252 1621 Dei
1285 1592 1494 1628 appellationem
1525 1601 1698 1622 communem

907 1639 982 1667 facit.
999 1639 1105 1668 Rursus
1129 1639 1185 1667 haec
1199 1636 1293 1667 eadem
1323 1640 1404 1667 verba
1422 1641 1610 1668 examinemus
1635 1649 1699 1668 cum

906 1687 1075 1722 blasphemia
1091 1692 1270 1722 exponentes.
1285 1686 1338 1720 Qui
1353 1688 1426 1715 misit
1444 1687 1577 1723 Moysent,
1595 1690 1698 1724 inquit,

907 1732 960 1767 ipse
977 1737 1032 1759 erat
1050 1733 1095 1767 qui
1116 1737 1173 1764 cst,
1194 1741 1240 1767 per
1254 1741 1331 1768 quem
1355 1738 1444 1760 autem
1467 1735 1556 1767 misit,
1573 1735 1630 1769 ejus
1655 1737 1700 1772 qui

905 1785 943 1806 est
963 1784 1020 1806 erat
1045 1779 1173 1813 angelus,
1193 1779 1233 1806 sic
1254 1779 1399 1808 nOminans
1420 1781 1575 1809 Dominum.
1599 1781 1700 1810 Verum

907 1823 941 1851 ab
957 1823 1016 1858 ipsa
1031 1823 1176 1858 Scriptura
1193 1824 1256 1852 vani
1274 1824 1358 1858 hujus
1386 1826 1529 1860 scriptoris
1544 1827 1700 1857 absurditas

906 1869 1126 1904 reprehenditur,
1138 1869 1165 1897 in
1178 1877 1233 1904 qua
1249 1871 1335 1898 Moses
1349 1871 1464 1906 supplex
1480 1872 1624 1900 Dominum
1639 1879 1700 1902 orat

906 1919 937 1942 ut
951 1923 1006 1942 non
1033 1915 1158 1950 angelum
1174 1916 1285 1943 ducatui
1299 1918 1390 1951 populi
1409 1917 1546 1952 pratliciat,
1565 1919 1611 1946 scd
1632 1921 1702 1956 ipse-

907 1965 962 1988 met
974 1961 1081 1989 itineris
1095 1961 1217 1996 ipsorum
1230 1962 1326 1989 ducem
1356 1971 1385 1990 se
1401 1965 1543 1998 prmheret.
1567 1965 1613 1992 Sic
1626 1967 1698 1993 enim

908 2005 989 2034 habet
1000 2010 1145 2035 contextus
1156 2015 1189 2034 ex
1206 2015 1323 2043 persona
1340 2008 1385 2036 Dei
1399 2018 1405 2036 ι
1425 2007 1506 2040 Vade.
1520 2010 1657 2043 descende,
1674 2017 1700 2038 ει

907 2051 958 2079 duc
973 2053 1042 2079 [tunc
1054 2053 1178 2087 populum
1200 2054 1227 2080 in
1243 2054 1330 2081 locum
1345 2063 1421 2089 quem
1442 2056 1489 2082 tibi
1508 2056 1566 2083 dixi
1582 2065 1591 2084 :
1607 2063 1632 2084 et
1644 2067 1702 2086 ecce

907 2100 1016 2134 angelus
1030 2107 1102 2127 meus
1117 2105 1178 2127 ante
1187 2104 1211 2127 te
1222 2101 1308 2136 pergit
1322 2109 1375 2136 qua
1387 2101 1429 2128 die
1444 2102 1644 2131 consideravero
1658 2104 1700 2138 “';

909 2152 940 2172 ac
951 2145 1031 2180 paulo
1048 2150 1110 2181 post
1127 2143 1165 2173 ait
1194 2155 1309 2175 rursus:
1326 2147 1361 2175 Et
1372 2148 1453 2176 simul
1472 2150 1578 2176 mittant
1603 2156 1664 2177 ante
1677 2157 1701 2179 te

909 2192 1031 2227 angelum
1044 2202 1130 2221 meum
1146 2194 1178 2221 ".
1190 2194 1292 2223 Deinde
1312 2196 1393 2231 paulo
1407 2201 1479 2232 post,
1501 2203 1702 2232 consequenter

911 2237 939 2264 lit
956 2238 1121 2273 supplicatio
1135 2239 1254 2267 ministri
1270 2240 1304 2267 ad
1319 2240 1403 2268 Deum
1427 2248 1488 2276 qua:
1501 2241 1534 2269 ad
1555 2242 1629 2269 hunc
1644 2250 1703 2270 mo-

909 2283 974 2311 dum
995 2284 1077 2313 habet
1095 2295 1101 2312 :
1118 2285 1148 2313 Si
1163 2286 1248 2313 inverti
1260 2287 1376 2322 gratiam
1392 2296 1481 2315 coram
1501 2294 1534 2322 te,
1547 2289 1627 2316 simul
1644 2297 1703 2324 pro~

909 2329 1047 2364 ﬁciscatur
1063 2329 1194 2358 Dominus
1222 2341 1294 2358 meus
1308 2333 1443 2360 nobiscum
1457 2334 1480 2350 ¹⁰
1496 2343 1503 2367 ;
1531 2339 1559 2362 et
1587 2342 1700 2363 rursus:

911 2375 973 2402 Nisi
986 2376 1042 2410 ipse
1058 2377 1195 2404 nobiscum
1219 2378 1320 2410 veniat,
1334 2387 1366 2406 ne
1391 2387 1431 2407 me
1447 2379 1510 2407 inde
1537 2380 1651 2408 abducas
1667 2382 1701 2408 “.

912 2419 1014 2449 Deinde
1031 2421 1078 2449 Dei
1101 2423 1246 2458 responsio
1258 2423 1292 2451 ad
1308 2423 1410 2453 Moscm
1428 2435 1434 2453 :
1451 2425 1486 2452 Et
1502 2427 1570 2453 hunc
1586 2427 1633 2454 tibi
1648 2435 1703 2454 ser-

912 2475 1015 2495 monem
1035 2477 1109 2504 quem
1124 2469 1218 2496 dixisti
1233 2470 1350 2505 faciam;
1365 2471 1488 2499 invenisti
1503 2474 1572 2500 enim
1587 2474 1702 2509 gratiam

911 2520 1001 2540 coram
1026 2522 1076 2541 ine.
1109 2513 1144 2542 Et
1161 2516 1222 2543 novi
1251 2520 1275 2543 te
1307 2525 1388 2552 supra
1421 2526 1510 2546 omnes
1525 2520 1558 2546 ¹².
1587 2519 1657 2554 Ergo
1679 2519 1702 2545 si

914 2557 1021 2595 Moyses
1043 2566 1153 2588 recusat
1169 2562 1296 2597 angelum
1307 2583 1314 2596 ,
1339 2563 1398 2599 ipse
1416 2568 1506 2592 autem
1520 2565 1565 2599 qui
1581 2565 1703 2599 loquitur

913 2611 976 2632 cum
993 2605 1063 2641 ipso,
1082 2607 1111 2633 lit
1125 2614 1219 2635 comes
1230 2611 1258 2635 et
1274 2608 1328 2636 dux
1342 2610 1491 2640 exercitus,
1502 2617 1551 2644 per
1569 2609 1625 2637 lucc
1642 2618 1702 2637 ma-

913 2650 1013 2679 nifeste
1027 2652 1244 2686 demonstratur,
1270 2654 1343 2690 quod
1366 2655 1412 2682 illc
1434 2655 1480 2690 qui
1493 2655 1554 2690 ejus
1577 2657 1622 2691 qui
1642 2661 1701 2689 est,

913 2699 1024 2726 nomine
1040 2699 1159 2733 seipsutn
1179 2705 1273 2727 notum
1287 2699 1362 2731 fecit.
1377 2700 1535 2734 unigenitus
1550 2705 1592 2729 est
1619 2701 1700 2730 Dens.

65 2735 203 2763 δείκνυται
218 2735 261 2763 διὰ
277 2735 395 2770 τούτων,
411 2736 452 2763 ὅτι
472 2737 486 2763 ὁ
506 2739 538 2773 τῇ
559 2737 606 2764 τοῦ
622 2737 697 2770 ὄντος
713 2738 856 2775 ὲπωνυμίξι
875 2741 971 2770 ἑαυτὸν
987 2744 1134 2784 γνωρίσας,
1151 2745 1165 2771 ό
1183 2745 1330 2781 μονογενής
1342 2745 1399 2772 ἐστι
1414 2745 1489 2778 Θεός.

103 2830 124 2847 ’⁷
147 2828 288 2860 ΕκοιΙΑἸι,
309 2830 330 2856 1.
350 2830 370 2846 ⁸⁸
386 2829 582 2862 Exod..xunt,
606 2831 628 2857 1.
664 2831 682 2845 ’τ
705 2830 769 2858 ibit’.
786 2832 813 2859 2.

852 2833 874 2849 “
889 2833 975 2862 Exod.
991 2842 1081 2866 xxxiv,
1094 2834 1119 2862 9.
1143 2834 1164 2850 ¹¹
1179 2834 1263 2862 Exod.
1284 2842 1386 2867 nnn,
1406 2835 1448 2862 15.
1471 2836 1493 2851 ¹²
1512 2836 1576 2864 ibid,
1596 2837 1634 2868 l7,
1654 2835 1692 2863 i2.
