1923 3071
270 97 317 124 871

303 161 381 195 Quod
397 162 420 190 si
432 162 494 197 quis
512 162 554 190 his
566 162 899 194 contradixerit..ludaicm
911 165 1049 200 opinionis

269 208 322 236 erit
335 212 476 243 patronus,
494 207 591 234 Filium
609 208 642 236 ad
662 210 754 243 populi
773 210 889 238 saiutem
905 218 959 238 non
972 211 1054 239 simul

268 259 421 279 assumens.
452 251 480 278 Si
505 252 576 279 enim
603 253 715 287 angelus
743 261 806 281 cum
842 254 972 284 lsraeiitis
997 263 1053 284 non

235 318 238 322 .
268 297 353 331 pergit
365 317 372 329 ,
386 296 432 330 qui
448 301 538 324 autem
552 305 599 332 per
613 298 674 333 ejus
690 299 736 333 qui
748 306 790 327 est
802 300 1052 330 denominationem

266 341 430 373 declaratur,
449 349 503 368 non
521 346 563 369 est
587 341 760 378 Unigenitus,
784 345 856 372 sicut
875 346 933 373 vult
959 346 1052 374 Euno-

265 387 347 418 mius,
368 387 436 414 nihil
461 387 534 414 aliud
555 395 636 422 quam
658 396 691 416 ex
716 388 858 425 Synagbga
886 391 994 419 decreta
1024 392 1052 420 in

266 432 416 460 Ecclesiam
435 433 480 460 Dei
496 433 661 461 transfertis.
685 435 769 470 Igitur
790 436 906 463 duorum
936 438 1051 465 alterum

269 478 426 505 necessario
449 478 663 512 confitebuntur,
684 481 726 508 vel
755 489 891 516 nusquam
918 482 985 511 Mosi
1004 484 1052 511 ad-

264 524 351 551 fuisse
365 523 535 558 unigenitum
553 524 656 557 Deum,
685 526 726 555 vel
755 526 844 561 ipsum
869 527 967 555 Filium
992 537 1053 557 esse

265 577 328 597 eum
346 570 390 604 qui
407 573 458 601 est,
489 577 504 596 a
519 578 573 604 quo
601 571 636 598 ad
662 572 817 599 ministrum
835 573 864 601 ﬂt
879 582 979 603 sermo.
999 575 1051 604 Sed

267 615 430 642 contradicit
450 616 530 642 dictis
559 617 646 651 ipsam
676 618 844 652 Scripturam
862 621 1050 654 praetendens,

264 669 326 696 quae
345 661 385 688 sic
401 661 449 692 ait,
466 661 553 695 angeli
585 669 677 689 vocem
696 663 882 697 praecessisse,
909 672 941 692 ac
957 670 1051 700 postea

263 708 325 742 ejus
345 708 390 741 qui
406 711 449 734 est
477 707 643 741 colloquium
667 709 842 736 subsecutum
863 709 968 738 fuisse:
999 712 1051 740 hoc

265 760 319 779 non
334 756 377 779 est
393 752 583 786 contradictio,
604 752 649 779 sed
679 758 837 781 nostrorum
866 756 1048 785 confirmatio.

264 797 331 824 Nam
347 801 373 825 et
391 805 441 825 nos
454 798 529 825 clare
557 798 674 826 dicimus
701 799 860 834 prophetam
882 801 916 829 de
941 801 1051 830 Christo

249 871 253 876 ,
266 843 424 878 mysterium
441 843 615 870 manifestum
630 843 719 872 facere
733 844 887 873 hominibus
901 847 1046 880 volentem,

263 890 402 924 angelum,
416 897 477 916 eum
496 889 541 924 qui
560 893 611 922 est,
627 890 798 925 appellasse;
816 899 850 919 ne
866 892 888 919 si
903 893 961 920 sola
990 893 1049 928 ejus

263 935 309 969 qui
337 939 389 968 est,
419 935 570 962 nominatio
604 935 631 962 in
661 935 797 971 colloquio
817 937 994 971 inveniretur,
1014 938 1049 966 ad

263 982 369 1008 Patrem
383 988 482 1008 sensus
497 988 590 1007 eorum
606 988 667 1015 qua:
680 981 810 1009 dicuntur
827 982 972 1010 referatur.
995 983 1049 1012 Sed

263 1027 489 1063 quemadmodum
505 1031 598 1054 noster
613 1034 703 1055 sermo
729 1028 829 1056 mentis
853 1029 1047 1064 impulsionum

263 1073 345 1100 index
378 1078 421 1099 est
447 1076 473 1099 et
500 1073 704 1100 internuntius:
732 1073 773 1100 sic
806 1074 888 1101 etiam
919 1074 1047 1108 dicimus,

263 1125 356 1145 verum
381 1117 500 1144 Verbum
523 1117 595 1152 quod
629 1121 672 1146 est
698 1119 726 1146 in
752 1119 888 1154 principio
918 1121 1047 1149 nuntians

262 1164 364 1200 proprii
380 1163 468 1191 Patris
484 1164 641 1198 consilium,
660 1164 696 1191 ob
716 1165 862 1193 nuntiandi
879 1173 979 1193 munus
993 1173 1048 1201 quo

261 1210 320 1245 ipse
348 1209 478 1244 fungitur,
513 1209 639 1245 angelum
669 1209 736 1237 dici.
764 1210 797 1237 Et
819 1211 1046 1245 quemadmodum

261 1254 387 1283 sublimis
403 1254 523 1282 Joannes
538 1255 584 1290 qui
597 1255 676 1290 prius
691 1255 780 1290 ipsum
794 1255 914 1284 Verbum
928 1257 1045 1291 dixerat,

260 1302 298 1329 ita
316 1301 469 1337 subjungit,
487 1301 573 1329 Deum
589 1309 651 1330 esse
671 1300 801 1335 Verbum,
829 1310 864 1330 ne
882 1303 905 1330 si
923 1303 970 1330 Dei
998 1311 1047 1338 ap-

261 1348 370 1383 pellatio
397 1347 600 1383 praecessisset,
628 1347 663 1375 ad
697 1347 806 1375 Patrem
835 1348 1046 1383 cogitationibus

260 1393 481 1428 impellerentur:
518 1393 559 1421 sic
584 1398 611 1420 et
639 1400 754 1428 magnus
780 1392 869 1422 Moses
894 1402 956 1421 cum
983 1402 1046 1422 eum

260 1440 385 1474 angelum
426 1439 500 1473 prius
535 1438 728 1471 nominasset,
761 1439 850 1474 ipsum
886 1448 948 1468 esse
983 1448 1045 1468 eum

259 1486 305 1520 qui
324 1490 364 1513 est
384 1485 474 1512 verbis
502 1485 681 1519 sequentibus
711 1485 819 1520 edocet,
847 1490 877 1512 ut
903 1485 1045 1513 manifeste

260 1532 420 1567 mysterium
436 1530 536 1557 Christi
558 1531 799 1564 pronuntiauetur;
837 1531 969 1565 siquidem
997 1540 1044 1567 per

259 1578 386 1612 angelum
407 1577 512 1611 paterni
529 1576 637 1603 consilii
670 1576 806 1611 interpres
822 1575 940 1603 Verbum
970 1577 1046 1604 Scri-

260 1628 342 1659 ptura
362 1623 451 1655 docet,
465 1626 492 1650 ct
508 1630 555 1657 per
566 1623 775 1657 appellationem
789 1622 850 1656 ejus
861 1623 969 1658 quiest,
985 1631 1045 1651 eam

260 1676 321 1704 quae
335 1673 376 1696 est
391 1669 542 1695 secundant
558 1668 706 1695 essentiam
727 1667 789 1694 Filii
808 1675 870 1694 cum
887 1668 965 1696 Patre
995 1676 1045 1695 ua.

260 1714 375 1741 turalem
392 1713 598 1748 proprietatem.
631 1711 709 1745 Quod
726 1712 750 1739 si
767 1712 847 1739 ctiam
869 1712 966 1740 Isaiam
985 1713 1046 1741 velit

259 1752 394 1795 objicere,
409 1760 455 1794 qui
472 1759 551 1792 dixit,
567 1767 666 1786 nomen
682 1759 743 1793 ejus
765 1759 854 1786 vocari
872 1760 962 1795 magni
979 1767 1046 1787 con-

259 1807 313 1834 silii
329 1806 472 1841 Angelum,
493 1813 581 1841 neque
596 1806 636 1832 sic
652 1810 776 1833 nostrum
789 1806 918 1833 everterit
940 1813 1045 1834 sermo-

259 1860 332 1880 nem.
353 1851 533 1886 Perspicuum
551 1851 623 1878 enim
641 1852 712 1886 quod
727 1851 782 1878 illic
796 1851 869 1878 nulla
880 1857 923 1879 est
937 1857 1047 1879 contra-

258 1898 351 1930 :lictio,
377 1897 441 1931 quia
473 1897 672 1925 incarnationis
701 1897 859 1932 mysterium
879 1905 929 1932 per
951 1898 1047 1925 vatici-

259 1952 332 1971 mum
349 1943 527 1978 significatur.
545 1943 687 1976 I’arvulus,
699 1944 798 1978 inquit,
814 1949 891 1970 natus
907 1948 945 1970 est
960 1944 1045 1977 nobis,

257 1995 281 2016 et
297 1990 369 2024 [ilius
389 1989 467 2016 datus
483 1995 520 2015 est
542 1989 628 2022 nobis,
647 1989 723 2024 cujus
740 1989 875 2022 imperium
904 1997 982 2023 super
995 1989 1045 2015 ltu-

258 2044 360 2063 merum
375 2036 442 2070 ejus,
464 2040 488 2062 et
507 2040 615 2062 rocatur
638 2043 732 2062 nomen
745 2035 801 2069 ejus
829 2035 917 2069 magni
943 2034 1046 2061 consilii

258 2082 374 2116 Angelus
388 2082 420 2108 ".
439 2081 480 2107 Ad
497 2081 568 2115 quod
584 2081 666 2107 David
683 2080 779 2115 opinor
797 2080 961 2115 respexisse,
980 2080 1044 2107 dum

258 2128 334 2160 regni
348 2126 407 2161 ejus
421 2126 646 2154 constitutionem
666 2129 786 2152 enarrat.
813 2125 872 2152 Non
898 2125 970 2160 quod
990 2133 1044 2153 non

257 2178 330 2200 esset
345 2180 402 2204 rex,
418 2171 466 2199 sed
486 2171 559 2206 quod
587 2171 693 2199 servilis
709 2171 858 2204 humilitas,
889 2179 970 2205 quam
998 2179 1045 2206 per

260 2218 474 2246 incarnationem
491 2217 614 2245 subierat
634 2216 775 2247 Dominus.
795 2217 828 2243 ad
851 2218 953 2252 regiam
971 2222 1045 2253 pote-

260 2269 357 2293 statem
376 2263 478 2291 assumi
511 2264 633 2291 deberet.
659 2263 825 2290 Cottslitutus
852 2272 921 2295 sum,
943 2264 1042 2299 inquit,

260 2318 307 2337 rex
321 2309 352 2336 ab
367 2317 396 2336 eo
408 2317 485 2344 super
496 2308 560 2335 Sion
577 2313 690 2335 montem
702 2313 823 2335 sanctum
835 2308 903 2344 ejus,
920 2309 1043 2336 nuntians

257 2359 415 2389 prmceptunt
434 2353 542 2380 Domini
556 2353 588 2381 “.
611 2352 681 2388 Ergo
702 2358 729 2380 et
745 2354 857 2387 angelus
870 2357 897 2381 et
914 2352 1043 2385 Verbum,

261 2401 380 2436 sigillum
398 2405 424 2427 et
443 2400 542 2434 imago.
558 2403 584 2426 ct
599 2398 689 2426 omnia
706 2398 839 2433 ejusmodi
852 2400 946 2427 eodem
961 2407 1043 2427 sensu

259 2444 359 2472 :licitur
374 2444 420 2478 qui
437 2448 575 2478 paternam
591 2443 740 2470 bonitatem
757 2451 806 2478 per
818 2444 937 2479 seipsum
952 2448 1043 2471 notam

259 2489 334 2516 facit.
350 2488 466 2522 Quando
491 2488 562 2515 enim
582 2488 695 2523 angelus
713 2488 825 2516 nuntius
851 2488 968 2523 alicujus
989 2488 1044 2515 eili-

259 2535 330 2562 citur
344 2544 349 2561 :
367 2534 493 2561 similiter
509 2533 638 2566 Verbum,
659 2533 757 2561 mentis
773 2534 910 2561 notionem
937 2534 1043 2561 involu-

258 2585 312 2608 tam
331 2580 448 2615 explieat
462 2588 469 2607 :
483 2584 509 2606 et
522 2578 640 2615 sigillum
661 2579 687 2606 in
705 2580 816 2615 propria
834 2579 922 2607 forma
945 2580 1042 2607 arche-

259 2633 364 2661 typum,
379 2626 406 2653 id
421 2629 475 2658 est,
491 2625 642 2660 principem
661 2625 786 2658 formam,
801 2625 989 2657 demonstrat,
1017 2629 1044 2653 et

260 2672 350 2707 imago
368 2672 427 2706 ejus
446 2671 494 2706 qui
522 2669 646 2705 depictus
665 2675 707 2699 est
735 2671 964 2706 pulchritudinem
996 2678 1044 2705 per

260 2725 290 2744 se
305 2718 508 2753 interpretatur.
524 2715 562 2743 Ita
579 2719 608 2743 ut
623 2715 679 2743 haec
695 2716 788 2744 omnia
801 2716 955 2752 signiﬁcatu
973 2716 1043 2743 inter

298 2808 322 2823 “
339 2807 447 2840 lsa.1x,
468 2807 494 2833 6.
533 2806 556 2822 “
576 2805 648 2834 Psal.
667 2813 698 2840 ιι,
715 2806 743 2833 ϐ.

913 106 942 132 S.
963 105 1128 135 GREGOllll
1146 107 1294 136 NYSSE‘NI

1826 113 1862 140 Si!

1064 172 1086 201 Α
1135 168 1166 194 El
1189 168 1217 195 δὲ
1241 169 1308 204 πρὸς
1330 168 1408 195 τοῦτο
1430 177 1472 201 τις
1495 168 1643 202 ἀντιλέγοι,
1665 168 1714 203 τῆς
1744 168 1860 204 Ὶουδαῑκῆς

1105 214 1264 250 ὑπολήψεως
1281 215 1357 241 ἔσται
1374 215 1532 249 συνήγορος,
1548 215 1593 240 τὸν
1612 214 1672 241 Υἱδν
1691 214 1730 249 μὴ
1747 223 1854 250 συμπίοι

1102 259 1248 295 λαμὸάνων
1265 261 1305 292 εἰς
1325 260 1375 295 τὴν
1390 260 1436 286 τοῦ
1460 260 1524 287 λαοῦ
1549 260 1695 295 σωτηρίαν.
1719 260 1750 286 Εἰ
1767 260 1814 294 γὰρ
1827 262 1861 294 ἆγ-

1103 305 1181 339 γελος
1201 306 1251 341 μὲν
1272 307 1328 337 τοῖς
1354 305 1533 341 Ἰσραηλίταις
1548 305 1578 332 οὐ
1596 305 1802 340 συναπέρχεται’
1819 306 1860 332 ὀᾶ

1102 350 1145 378 διὰ
1161 351 1210 385 τῆς
1231 351 1274 377 τοῦ
1289 351 1364 382 ὄντος
1379 351 1537 385 ἐπωνυμίας
1551 350 1725 385 δηλούμενος,
1741 352 1754 377 ὁ
1769 350 1861 384 Mavors-

1102 395 1149 430 νὴς
1163 396 1212 423 οὐκ
1226 396 1301 429 ἔστι,
1322 395 1412 427 καθὼς
1430 396 1561 431 Εὑνόμιος
1577 395 1699 430 βούλεται
1709 416 1716 427 ,
1734 395 1802 422 οὐδὲν
1815 396 1860 422 ἄλλο

1101 441 1118 476 ἢ
1133 440 1166 467 τὰ
1187 442 1219 467 ὲκ
1230 442 1280 476 τῆς
1294 441 1453 476 συναγωγῆς
1471 441 1594 476 δόγματα
1612 441 1680 476 πρὸς
1704 440 1752 475 τὴν
1771 441 1859 475 Ἐκκλη-

1103 485 1163 512 σίαν
1178 485 1224 512 τοῦ
1240 485 1306 512 Θεοῦ
1324 486 1515 521 μεταφέρεται,
1536 485 1640 512 υὺκοῦν
1655 485 1710 512 τῶι
1725 485 1768 511 δύο
1780 485 1805 511 τὸ
1819 485 1860 511 ἓτε-

1103 540 1148 567 ρον
1162 532 1191 564 ὲξ
1203 532 1324 566 ἀνάγκης
1344 530 1570 566 ὁμολογήσουσιν,
1587 530 1604 566 ῆ
1624 530 1748 565 μηδαμοῦ
1763 531 1860 565 παρεῖναι

1101 577 1139 612 τῷ
1152 577 1252 612 Μωῡσῇ
1265 577 1310 603 τὸν
1323 576 1454 612 μονογενῆ
1469 576 1545 607 θεὸν,
1560 576 1576 611 ἢ
1591 576 1672 602 αὑτὸν
1685 576 1730 602 τὸν
1740 576 1798 602 Υἱὸν
1809 574 1859 602 sive:

1100 622 1145 648 τὸν
1157 622 1231 655 ὄντα,
1252 623 1316 658 παρ’
1331 619 1361 648 οὗ
1375 623 1389 648 ὸ
1402 622 1480 656 λόγος
1500 622 1564 658 πρὸς
1582 622 1628 648 τὸν
1646 622 1793 657 Θεράποντα
1807 622 1858 654 γίνε-

1100 677 1154 695 ται.
1176 669 1246 696 Ἀλλ’
1262 669 1396 704 ἀντιλέγει
1412 670 1468 700 τοῖς
1484 669 1640 705 εἰρημένοις
1654 668 1739 704 αὐτὴν
1754 669 1796 704 τὴν
1809 668 1859 703 Γρα-

1100 715 1153 750 φὴν
1174 715 1380 750 προτεινόμενος
1400 715 1542 749 λέγουσαν,
1567 714 1683 748 ἀγγέλου
1708 713 1858 749 προτετάχθαι

1101 760 1202 795 φωνὴν,
1224 760 1270 787 καὶ
1286 760 1372 792 οὕτως
1390 760 1506 796 ὲπῆχθαι
1531 760 1576 786 τὸν
1592 760 1638 786 τοῦ
1661 760 1738 791 ὄντος
1754 760 1857 793 διάλογον.

1101 805 1186 832 Τοῦτο
1198 806 1227 832 δὲ
1241 806 1290 833 οὐκ
1303 807 1471 842 ἀντίρρησις,
1484 806 1552 833 ἀλλὰ
1567 806 1712 841 βεϐαίωσις
1722 807 1772 832 τῶν
1785 807 1857 841 ἡμετὲ-

1063 853 1084 881 Β
1100 859 1153 887 ρων
1169 851 1251 878 ἐστίν.
1267 852 1321 878 Καὶ
1337 853 1417 887 ἡμεῖς
1433 853 1487 888 γάρ
1509 861 1599 887 φαμεν
1615 851 1739 887 ἐναργῶς
1756 852 1795 877 τὺν
1812 859 1858 885 προ-

1099 897 1187 932 φήτην
1202 897 1232 923 τὺ
1247 897 1310 933 περὶ
1325 898 1372 924 τοῦ
1385 898 1503 934 Χριστοῦ
1517 899 1666 934 μυστήριον
1681 898 1794 932 ἐμφανὲς
1805 898 1857 931 τωιῆ-

1100 950 1143 968 σαι
1166 944 1222 974 τοῖς
1245 942 1400 978 ἀνθρώποις
1426 943 1603 979 βουλόμενον,
1623 943 1738 977 ἄγγελον
1757 943 1796 969 τὸν
1812 943 1856 968 om

1098 986 1326 1022 προσαγορεῦσαι·
1339 987 1376 1018 ὡς
1386 987 1418 1015 ἂν
1431 988 1468 1022 μὴ
1481 988 1563 1022 μόνης
1574 988 1624 1022 τῆς
1637 987 1686 1014 τοῦ
1701 987 1773 1018 avra;
1783 988 1856 1013 ἐπωνυ-

1100 1031 1163 1066 μίας
1183 1032 1252 1058 κατὰ
1269 1032 1315 1058 τὸν
1328 1032 1451 1066 διάλογον
1466 1033 1671 1068 εὐρισκομένης,
1688 1033 1753 1068 πρὸς
1768 1032 1805 1059 τὸν
1817 1033 1855 1058 ll:-

1097 1077 1164 1112 τέρα
1198 1079 1211 1104 ὁ
1233 1077 1295 1109 νοῦς
1319 1078 1373 1104 τῶν
1393 1078 1547 1114 λεγομένοιν
1575 1079 1779 1113 ἐπαναφέροντα.
1807 1078 1856 1104 Ἀλλ’

1098 1123 1190 1159 ὥσπερ
1215 1124 1228 1150 ὁ
1249 1124 1381 1160 ἡμέτερος
1406 1125 1483 1159 λόγος
1506 1125 1560 1151 τῶν
1583 1124 1630 1151 τοῦ
1656 1124 1703 1152 νοῦ
1731 1125 1856 1159 κινημάτων

1099 1169 1220 1204 μηνυτής
1235 1178 1264 1195 τε
1281 1169 1327 1195 καὶ
1344 1169 1457 1203 ἅγγελος
1468 1169 1581 1203 γίνεται,
1594 1168 1668 1195 οὕτω
1681 1168 1766 1203 φαμὲν
1778 1165 1816 1194 καὶ
1825 1167 1856 1193 τὶν

1097 1215 1222 1251 ἀληθινὸν
1243 1216 1328 1249 Λόγον
1347 1216 1392 1242 τὸν
1414 1216 1442 1242 ὲν
1459 1216 1529 1251 ἀρχῇ
1544 1215 1608 1242 ὄντα
1628 1214 1809 1249 διαγγέλλοντα
1823 1212 1855 1238 τοῦ

1099 1260 1164 1287 ἰδίου
1188 1261 1294 1296 Πατρὸς
1319 1261 1368 1297 τὴν
1387 1260 1533 1297 βουλὴν,τῇ
1552 1260 1679 1297 ἐνεργείᾳ
1695 1261 1743 1296 τῆς
1756 1258 1855 1293 ἀγγελίας

1097 1305 1346 1341 ἐπονομαζόμενον,
1371 1305 1485 1340 ἄγγελον
1509 1306 1648 1340 λέγεσθαι.
1674 1306 1729 1332 Καὶ
1752 1304 1855 1338 ὧσπερό

1098 1351 1197 1386 ὑψηλὸς
1210 1352 1335 1387 Ἰωάννης
1347 1351 1477 1387 πρότερον
1492 1351 1573 1377 αὑτὸν
1589 1352 1677 1384 Λόγον
1693 1349 1782 1383 εἰπὼν,
1793 1349 1855 1378 οὕτως

1096 1397 1193 1431 ἐπάγει
1210 1397 1255 1423 τὸν
1270 1397 1335 1423 Θεὸν
1349 1395 1419 1423 εἷναι
1433 1396 1478 1422 τὸν
1494 1395 1590 1430 Λόγον,
1604 1397 1643 1428 ὡς
1659 1395 1693 1423 ἂν
1713 1395 1748 1430 μὴ
1762 1402 1854 1429 apartm-

1097 1441 1217 1477 σαμένης
1227 1442 1276 1476 τῆς
1286 1441 1333 1468 τοῦ
1350 1441 1416 1468 Θεοῦ
1432 1440 1617 1477 προσηγορίας
1631 1440 1702 1476 πρὸς
1716 1440 1759 1466 τὸν
1772 1438 1854 1472 Πατέρι

1096 1488 1154 1519 ταῖς
1173 1487 1312 1518 ὑπονοίαις
1336 1485 1565 1521 ἀπενεχθείημεν·
1590 1485 1663 1512 οὕτω
1689 1485 1735 1512 καὶ
1759 1486 1771 1510 ὁ
1790 1483 1853 1519 μέγας

1057 1520 1079 1549 c
1096 1532 1214 1567 Μωῦσῆς
1234 1532 1347 1566 ἄγγελον
1362 1520 1653 1567 προυνομᾶσας,αὑτὸν
1672 1529 1741 1557 εἶναι
1757 1530 1795 1556 τὸν
1809 1529 1854 1554 ὅντα

1095 1579 1150 1609 τοῖς
1163 1577 1260 1612 ἐφεξῆς
1274 1577 1426 1604 ἐκδιδάσκει
1438 1577 1537 1611 λόγοις,
1545 1577 1582 1608 ὠς
1593 1577 1625 1603 ἂν
1636 1576 1759 1611 φανερῶς
1771 1575 1796 1601 τὸ
1804 1575 1854 1600 uti

1094 1622 1139 1649 τὸν
1153 1623 1270 1659 Χριστὸν
1293 1622 1492 1658 προαγγελϐείη
1517 1623 1668 1657 μυστήριον
1682 1629 1690 1636 ·
1705 1621 1748 1648 διὰ
1767 1621 1807 1656 μὲν
1822 1618 1853 1645 τιῦ

1095 1669 1221 1703 ἀγγέλου,
1237 1669 1283 1696 τὸν
1299 1668 1420 1704 ἑρμηνέα
1434 1668 1481 1695 τοῦ
1499 1667 1634 1703 πατρικοῦ
1654 1668 1809 1704 βουλήματος
1817 1664 1853 1690 Λί-

1095 1723 1142 1749 γον
1163 1715 1211 1751 τῆς
1225 1715 1335 1750 Γραῳῆς
1353 1714 1547 1749 διδασκούσης·
1567 1713 1611 1740 διὰ
1630 1713 1661 1739 δὲ
1684 1715 1732 1747 τῆς
1747 1711 1787 1738 τοῦ
1800 1712 1853 1739 Lm;

1095 1760 1278 1796 προσηγορίας
1287 1761 1337 1795 τὴν
1351 1761 1410 1786 κατ’
1422 1759 1487 1786 αὐτὸ
1500 1759 1530 1785 τὺ
1540 1757 1608 1785 εἶναι
1620 1757 1668 1785 τοῦ
1683 1757 1746 1784 Υἱοῦ
1759 1756 1815 1792 πρὸς
1822 1754 1852 1780 τὶν

1096 1807 1205 1843 Πατέρα
1223 1806 1340 1841 φυσικὴν
1356 1806 1519 1840 οἰκειότητα.
1544 1805 1574 1831 Εἰ
1593 1804 1621 1831 δὲ
1645 1805 1692 1831 καὶ
1709 1805 1752 1830 τὸν
1770 1802 1852 1829 Tini-1V

1096 1852 1283 1889 προϐάλλοιτο,
1300 1852 1338 1884 ὼς
1362 1851 1473 1878 εἰπόντα
1495 1850 1636 1877 καλεῖσθαι
1654 1850 1686 1876 τὺ
1703 1850 1782 1884 ὄνομα
1793 1845 1851 1874 uitri

1097 1898 1217 1934 μεγάλης
1233 1898 1329 1932 βουλῆς
1343 1897 1457 1931 ἄγγελον
1468 1917 1475 1930 ,
1491 1897 1551 1923 οὐδὲ
1567 1895 1654 1927 οὕτως
1677 1893 1810 1930 ἀνατρέψει
1821 1892 1852 1917 τὸν

1095 1944 1229 1979 ἡμέτερον
1239 1943 1326 1976 λόγον.
1339 1942 1429 1976 Σαφὲς
1443 1942 1496 1977 γὰρ
1509 1943 1566 1968 ἐκεῖ
1578 1941 1625 1968 καὶ
1637 1941 1817 1976 ἀναντίρρητον
1826 1937 1851 1966 ὡς

1094 1990 1111 2025 ἡ
1128 1989 1198 2016 κατὰ
1211 1989 1242 2015 τὺ
1256 1987 1424 2024 ἀνθρώπινον
1437 1988 1575 2022 οἰκονομία
1590 1987 1634 2013 διὰ
1648 1987 1698 2022 τῆς
1716 1982 1852 2021 προφητείας

1096 2035 1266 2070 σημαίνεται.
1285 2034 1408 2062 Παιδίον
1427 2034 1491 2069 γὰρ,
1511 2033 1608 2068 φησὶν,
1633 2032 1774 2067 ἐγεννήθη
1792 2029 1850 2064 ἡμῖν.

1095 2080 1144 2107 καὶ
1163 2080 1228 2112 Υἱὸς
1243 2080 1331 2113 ἐδόθη
1344 2079 1427 2114 ἡμῖν,
1442 2077 1477 2106 οὗ
1493 2079 1511 2112 ἡ
1523 2078 1600 2112 ἀρχὴ
1611 2078 1661 2104 ἐπὶ
1676 2077 1728 2104 τοῦ
1741 2076 1808 2110 ὤμου
1818 2073 1851 2099 αὺ-

1095 2126 1159 2159 τοῦ,
1178 2126 1228 2152 καὶ
1247 2124 1379 2152 καλεῖται
1398 2124 1431 2151 τὸ
1446 2124 1539 2158 ὄνομα
1550 2123 1643 2150 αὐτοῦ
1660 2123 1786 2157 μεγάλης
1797 2119 1851 2151 .50!"

1095 2171 1153 2205 λῆς
1167 2171 1302 2206 ἄγγελος.
1316 2170 1388 2205 Πρὸς
1400 2169 1414 2196 ὃ
1428 2169 1474 2196 καὶ
1487 2170 1532 2195 τὸν
1550 2169 1631 2195 Δαϐὶδ
1649 2166 1726 2203 οἶμαι
1738 2167 1849 2202 βλέποντι

1095 2218 1144 2253 τὴν
1164 2218 1212 2253 τῆς
1233 2217 1370 2252 βασιλείας
1390 2215 1555 2243 κατάστασιν
1579 2215 1742 2250 διηγεῖσθαι.
1761 2212 1806 2246 Οὐχ
1825 2209 1851 2239 ὡς

1095 2263 1144 2290 οὐκ
1159 2263 1234 2294 ὖντος
1248 2262 1388 2298 βασιλέως,
1400 2261 1457 2288 ἀλλ’
1472 2261 1510 2293 ὡς
1523 2262 1572 2295 τῆς
1584 2260 1711 2296 ὣυλικῆς
1724 2257 1850 2288 ταπεινότη-

1095 2317 1149 2341 τος,
1170 2310 1202 2344 ἣν
1225 2308 1326 2342 ὑπῆλθε
1347 2308 1405 2334 κατ’
1433 2306 1589 2340 οἰκονομίαν
1605 2307 1619 2332 ὸ
1639 2305 1756 2341 Κύριος,
1771 2303 1803 2333 εὶς
1817 2301 1850 2334 τήν

1094 2355 1143 2390 τῆς
1155 2354 1292 2389 βασιλείας
1303 2353 1380 2386 ἀξίαν
1393 2352 1602 2388 ἀναληφθείσης.
1613 2350 1797 2383 Κατεστάθην
1804 2346 1849 2381 τάρν

1095 2401 1171 2436 φησὶ,
1183 2399 1331 2432 ,βασιλεὺς
1342 2400 1392 2426 ὑπ’
1404 2398 1507 2431 αὑτοῦ,
1518 2398 1567 2425 ἐπὶ
1581 2397 1657 2424 Σιὼν
1671 2397 1740 2431 ὅρος
1750 2395 1780 2421 τὸ
1789 2393 1851 2436 tirin

1094 2435 1198 2479 αὖε-οῦ,
1210 2444 1394 2480 διαγγέλλων
1408 2445 1441 2471 τὸ
1455 2444 1631 2478 πρόσταγμα
1644 2442 1760 2476 Κυρίου.
1772 2435 1850 2465 οὐκοῦν

1095 2492 1209 2526 ἄγγελός
1223 2500 1252 2517 τε
1268 2491 1314 2518 καὶ
1338 2491 1422 2524 Λόγος
1433 2512 1440 2522 ,
1466 2490 1581 2525 σφραγίς
1596 2497 1625 2515 τε
1650 2488 1697 2515 καὶ
1711 2486 1800 2516 εἰκὼν.
1818 2481 1850 2508 καὶ

1096 2536 1184 2563 πάντα
1194 2536 1228 2562 τὰ
1239 2535 1350 2563 τοιαῦτα
1365 2534 1434 2562 κατὰ
1448 2534 1496 2569 τὴν
1516 2533 1601 2568 αὐτὴν
1614 2533 1716 2559 ἔννοιαν
1731 2525 1850 2564 Mysum?

1096 2579 1144 2614 τὴν
1164 2579 1300 2614 πατρικὴν
1320 2578 1474 2613 ἀγαθότητα
1491 2578 1524 2605 δι’
1537 2577 1633 2604 ἑαυτοῦ
1645 2575 1786 2611 γνωρίζων.
1804 2572 1849 2597 Ὅτε

1097 2624 1151 2660 γὰρ
1174 2624 1305 2659 ἄγγελος.
1329 2625 1449 2660 μηνυτής
1473 2631 1544 2654 τινος
1559 2623 1674 2657 γίνεται’
1692 2622 1738 2648 καὶ
1758 2621 1770 2646 6
1787 2616 1849 2648 Δότθς

1097 2670 1227 2702 ὡσαύτως
1251 2670 1416 2697 ὲκκαλύπτει
1435 2669 1466 2696 τὸ
1485 2669 1642 2703 ἐγκείμενον
1665 2667 1761 2702 νόημα,
1783 2662 1820 2690 καὶ
1836 2660 1847 2693 ‘i

1099 2717 1216 2752 σφραγὶς
1230 2717 1258 2744 ἐν
1271 2716 1309 2752 τῷ
1323 2717 1380 2752 ίόίῳ
1392 2715 1468 2751 τύπῳ
1483 2715 1514 2742 τδ
1528 2714 1676 2750 ἀρχέτυπον
1689 2712 1806 2743 δείκνυσι,
1815 2705 1848 2734 ιειὶ
