1923 3071
19 161 44 188 Π

525 161 664 190 CONTRA
680 161 876 195 EUNOMIUM,
899 161 964 189 LIB.
985 163 1038 192 XI.

1555 153 1609 183 878

19 216 104 251 ηάπιν,
123 214 192 243 κατὰ
208 214 257 247 τὰς
273 215 354 248 ποιὰς
369 216 424 243 τῶν
441 215 563 254 ἀστέρων
580 218 727 252 ἐπιπλοκὰς
743 228 772 246 τε

829 226 886 246 nem
901 218 958 245 fato
973 218 1091 254 qundam
1108 217 1244 246 subditam
1257 223 1318 244 esse
1333 213 1473 250 supponit,
1488 217 1518 241 ut
1534 212 1612 240 aiunt

19 262 38 288 tl
52 262 220 294 ἀποστάσεις,
234 262 284 293 τὰς
298 262 506 298 ἀποκληρώσεις
517 263 571 291 τῶν
588 263 651 299 βίων
663 266 720 296 τοῖς
734 273 775 291 τισ-

19 307 126 343 ιομὲνοις
142 308 309 342 συμόαίνειν,
337 308 387 343 τῆς
408 309 510 336 ἄνωθεν
526 310 614 345 εἱρμῷ
627 319 679 338 τινι
693 320 775 347 φερο-

19 353 71 387 ἐνης
83 353 220 386 δινήσεως,
234 353 283 384 τὰς
297 353 360 387 περί
372 362 398 380 τι
412 354 540 390 δυνάμεις
553 357 608 387 τοῖς
624 349 774 391 γινομένοις

19 397 207 431 τικλωθοὺσης·
225 398 296 432 τάχα
314 407 340 424 τι
354 399 473 426 τοιοῦτον
494 401 508 426 ὁ
526 401 608 436 σοφὸς
623 403 708 428 ὲννοεί
727 402 774 428 καί

19 452 67 477 qut,
86 442 123 478 τῷ
140 443 266 478 ὑπεράνω
282 444 372 480 πάσης
394 446 490 481 ἀρχῆς,
516 447 563 474 καὶ
577 447 710 480 ἐξουσίας,
727 448 774 475 καὶ

19 489 152 523 δριότητος,
178 489 225 515 καὶ
242 490 342 519 παντὸς
367 491 496 526 ὀνόματος
517 492 726 528 ὀνομαζομένου,
744 494 773 520 οὐ

19 534 71 561 όνον
91 535 118 561 ὲν
134 535 172 571 τῷ
187 536 264 562 αἰῶνι
280 535 376 571 τούτῳ,
396 537 464 564 ἀλλὰ
479 538 525 564 καὶ
542 539 571 565 ὲν
584 539 622 574 τῷ
641 539 773 574 μέλλοντι,

19 580 112 615 ιθάπερ
133 581 162 607 ὲν
181 581 280 613 κοίλοις
295 584 351 609 τισὶ
366 583 556 620 καθειργμένῳ
570 585 688 620 χωρίοις,
702 585 774 611 ἄνω-

19 634 38 651 εν
52 626 291 662 ἀποκεκληρῶσοαι
312 628 568 664 διαμεμετρημένην
582 630 649 666 πρὸς
663 630 712 666 τὴν
727 639 775 657 ποα

19 671 87 706 Ετητα
98 672 151 698 τῶν
165 673 313 708 γινομένων
328 674 376 709 τὴν
391 674 522 710 δύναμινς
539 676 774 712 Παραδραμοῦμαι

19 718 39 743 zl.
55 717 145 744 τοῦτον
161 718 205 744 διὰ
228 719 373 754 συντομίας
395 720 440 747 τὸν
461 721 550 755 λόγον,
573 721 603 754 ἐξ
617 722 710 758 ὀλίγης
725 722 775 757 τῆς

19 762 46 788 ὒν
66 762 258 795 ἐξετασθέντων
275 765 360 800 ἀρχῆς
384 765 527 801 σπέρματα
544 767 612 803 πρὸς
630 767 679 802 τὴν
692 776 774 794 κατα-

19 807 80 842 Ξησιν
91 808 138 843 τῆς
154 808 327 844 βλασφημίας
341 812 397 842 τοῖς
412 811 603 846 συνετωτέροις
614 811 668 838 τῶν
680 813 774 846 ἐντυγ-

19 854 120 880 ινόντων
134 854 376 890 καταϐαλλόμενος.
392 854 458 882 Εἶτα
471 856 514 883 διὰ
526 857 580 883 τῶν
597 857 695 892 ἐφεξῆς
708 858 775 884 ἀπο-

823 265 871 300 qui
888 272 984 292 vanam
1011 264 1081 292 hanc
1105 264 1267 299 profitentur
1293 262 1485 297 imposturam,
1507 267 1611 288 secun-

823 310 888 337 dum
903 310 1034 344 quasdam
1052 309 1192 336 stellarum
1217 308 1428 342 conjunctiones
1460 310 1487 334 et
1503 305 1611 332 distan-

824 356 877 383 tias
896 355 1054 383 sortitiones
1072 355 1132 382 vita!
1147 362 1277 390 generum
1302 353 1480 381 nascentibus
1503 352 1612 379 contin-

824 409 898 436 gere,
929 401 999 428 serie
1018 400 1135 436 quadam
1159 404 1187 428 et
1213 408 1284 427 nexu
1314 406 1440 434 supernae
1468 397 1612 432 vertiginis

824 447 896 474 vires
910 447 967 474 sive
985 446 1120 481 potentias
1134 446 1167 473 ad
1188 445 1290 481 aliquid
1310 444 1488 472 nascentibus
1501 443 1612 474 nentis;

825 492 941 520 fortasse
954 492 1018 527 quid
1038 492 1092 520 tale
1108 492 1153 519 hic
1170 492 1280 526 sapiens
1295 493 1496 518 commentatur
1511 493 1538 516 et
1564 496 1613 515 an-

825 542 928 569 fumat,
945 538 992 573 qui
1008 538 1220 572 supereminenti
1238 537 1312 564 omni
1343 536 1496 571 principatu
1510 539 1537 562 et
1563 542 1612 569 po-

825 588 923 611 testate
938 589 965 610 et
979 584 1176 614 dominatione.
1192 589 1218 611 et
1242 583 1316 610 omni
1343 582 1453 609 nomine
1466 582 1538 616 quod
1565 589 1613 607 no-

825 629 954 660 minatur,
969 636 1022 655 non
1051 628 1139 655 solum
1156 628 1183 654 in
1213 628 1264 655 hoc
1279 627 1390 657 saeculo,
1419 625 1465 653 sed
1482 625 1563 653 etiam
1584 625 1611 651 in

826 673 928 705 futuro,
945 678 1072 708 tanquam
1090 675 1115 700 in
1128 674 1203 701 cavis
1217 673 1381 708 quihusdam
1397 672 1465 699 locis
1493 671 1613 698 coercito

824 718 942 752 desuper
966 719 1044 753 quasi
1070 719 1169 746 sortito
1194 718 1344 753 obtigisse,
1379 717 1413 744 ad
1432 716 1612 753 quantitatem

824 771 918 790 eorum
941 771 1001 798 quze
1025 764 1092 791 liunt
1111 764 1268 792 demensam
1294 763 1442 798 potentiam
1457 762 1511 789 “ﬁt
1539 761 1614 788 hunc

826 810 936 836 concise
948 813 974 836 et
992 809 1112 837 breviter
1125 817 1278 837 sermonem
1296 813 1517 844 praetercurram,
1550 814 1612 834 cum

826 863 857 882 ex
875 855 920 881 illo
931 855 1030 891 exiguo
1042 855 1177 890 principio
1197 862 1292 882 eorum
1321 862 1383 890 qua
1406 854 1462 889 jam
1487 853 1613 880 discussa

19 899 67 933 λγία
82 909 120 931 τις
137 901 207 936 ὑπὲρ
222 901 299 936 ἡμῶν
321 902 410 928 αὐτῶν
431 901 593 938 γέγραπται.
672 890 726 940 γὰρ
742 903 775 930 ἂν

829 901 946 933 fuerunt,
965 890 1070 928 semina
1094 900 1128 928 ad
1156 900 1354 935 blasphemiam
1382 897 1612 934 dignoscendam,

19 954 34 971 τι
55 945 196 981 δοκοίημεν
225 948 280 978 τοῖς
303 947 494 982 ἐντυγχάνουσι
523 948 775 983 παραστοχέιξεσθαι

19 991 41 1025 ῆς
53 991 166 1024 διανοίας
179 992 225 1019 τοῦ
241 993 329 1027 λόγου,
342 994 388 1020 καὶ
411 994 478 1029 πρὸς
500 995 530 1021 τὸ
547 994 694 1022 ὑπεύθυνον
711 995 775 1030 μεοο

19 1038 149 1071 αμηνεὺειν
186 1039 220 1064 τὰ
243 1040 364 1074 ῥήματα,
387 1040 471 1075 αὐτῆς
492 1041 541 1076 τῆς
557 1040 660 1067 ἐκείνου
683 1040 776 1076 φωνῆς

19 1082 170 1117 ιολογούσης
193 1084 242 1119 τὴν
266 1084 391 1112 ἀτοπίαν.
417 1086 493 1120 Ἔχει
518 1085 572 1122 γὰρ
595 1086 665 1112 οὕτω
680 1086 715 1112 τὰ
728 1094 774 1120 γε·

19 1128 133 1163 ραμμένα
142 1127 195 1155 "ll
207 1129 260 1165 γὰρ
273 1131 333 1166 οὐχὶ
347 1131 382 1165 γῆ
402 1131 450 1166 μὲν
465 1132 511 1158 καὶ
526 1131 640 1166 ἄγγελος
650 1132 700 1159 οὐκ
712 1132 777 1159 ὄντα

19 1172 115 1207 έγονενς
139 1175 238 1210 Ὁρᾶτε
250 1176 294 1202 τὸν
309 1177 409 1212 ὑψηλὸν
423 1177 556 1211 Θεολόγον,
572 1177 610 1209 ὡς
624 1178 673 1204 οὐκ
687 1177 778 1213 αἰσχύ-

19 1226 65 1244 εται
86 1219 129 1245 τὸν
152 1219 235 1245 αὑτὸν
258 1222 294 1255 γῇ
319 1229 348 1246 τε
372 1221 418 1247 καὶ
441 1221 566 1255 ἀγγέλοις
583 1221 629 1247 καὶ
651 1221 725 1256 αὑτῷ
739 1221 777 1256 τῷ

19 1266 89 1300 οιητῇ
105 1265 150 1291 τοῦ
166 1266 266 1298 παντὸς
281 1266 443 1301 ὲφαρμόζων
457 1267 502 1294 τὸν
517 1267 614 1300 λόγον;
634 1267 738 1293 Οὐκοῦν
753 1268 777 1293 εἰ

19 1310 31 1335 ὰ
43 1310 106 1337 αὐτὰ
118 1311 234 1345 πρέπειν
246 1311 329 1338 οἴεται
346 1312 408 1348 περί
423 1321 451 1338 τε
468 1312 518 1347 τῆς
532 1312 583 1347 γῆς
595 1312 641 1338 καὶ
656 1312 701 1338 τοῦ
720 1313 777 1339 Κυ-

21 1354 54 1380 an
67 1355 163 1390 λέγειν,
181 1356 199 1391 ἢ
215 1357 262 1383 καὶ
277 1356 377 1392 ταύτην
394 1357 502 1389 πάντως
515 1357 678 1393 οεοποιήσει,
698 1357 716 1392 ἢ
731 1359 777 1385 καὶ

19 1401 93 1427 κεῖνον
106 1401 192 1438 ταύτῃ
207 1403 393 1436 συνατιμάσει.

33 1534 93 1562 Εἶτα
105 1535 266 1571 προστίθησι
278 1535 382 1567 τούτοις
394 1535 425 1561 δι’
437 1531 474 1562 ὧν
484 1535 686 1570 ἀπογυμνοῦται
699 1537 778 1564 πλέον

31 1581 180 1616 βλασφημία
193 1589 199 1595 '
215 1581 252 1612 ὡς
269 1581 336 1616 μηδὲ
349 1581 424 1607 παιδὶ
435 1580 651 1616 δυσκατανόητον
666 1579 734 1608 εἶναι
750 1583 781 1609 τὸ

21 1634 100 1653 τοπον.
113 1627 187 1662 Φημὶ
204 1626 269 1662 γὰρ,
285 1627 325 1653 ὅτι
341 1627 445 1662 μακρὸν
458 1626 491 1654 ἂν
509 1626 553 1661 εἴη
571 1627 658 1659 πάσας
673 1628 780 1660 ἐπεξιέο

22 1681 42 1698 ιι
60 1670 111 1700 τῶν
132 1673 235 1709 νοητῶν
264 1673 312 1703 τὰς
327 1673 468 1706 γενέσεις,
493 1672 510 1708 ἢ
533 1672 582 1704 τὰς
606 1673 713 1705 οὐσίας,
737 1672 780 1706 αἷς

23 1718 112 1750 πάσαις
122 1719 182 1754 οὐχὶ
193 1718 270 1754 κοινὴ
287 1726 329 1749 τις
345 1718 362 1753 ἡ
375 1717 422 1744 τοῦ
439 1718 488 1753 μὲν
507 1717 582 1750 ὄντος
598 1718 677 1753 φύσις
688 1727 696 1735 ⁶
713 1719 780 1746 ἀλλὰ

24 1764 66 1790 κτὰ
80 1765 127 1796 τὰς
145 1765 192 1791 τοῦ
210 1764 459 1800 δημιουργήσαντος
481 1765 629 1799 ἐνεργείας,
645 1766 661 1800 ἠ
678 1765 781 1798 παραλ-

25 1811 75 1844 ιγή.
97 1810 188 1837 Ταῦτα
214 1809 267 1845 γὰρ
289 1810 335 1836 καὶ
360 1808 523 1836 σιωπώντων
544 1810 633 1844 ἡμῶν,
656 1810 781 1845 ἀρίδηλον

26 1864 54 1889 εει
69 1857 113 1882 καὶ
134 1857 273 1892 περιφανῆ
291 1856 339 1890 τὴν
357 1854 429 1882 κατὰ
445 1855 492 1881 τοῦ
509 1855 573 1882 Υἱοῦ
597 1855 779 1891 βλασφημίαν,

27 1910 60 1927 ταν
74 1902 186 1938 ὁμολογῇ
205 1902 235 1928 τὸ
256 1901 327 1928 κατὰ
350 1901 441 1936 πάσης
459 1901 593 1935 γενέσεως
618 1901 665 1928 καὶ
688 1901 781 1933 οὐσίας

28 1949 146 1984 ῑγόμενον,
177 1948 261 1984 μηδὲν
285 1947 398 1984 ἀπᾴδειν
412 1947 460 1974 τοῦ
477 1948 540 1982 περὶ
564 1946 613 1981 τῆς
638 1946 713 1976 θείας
734 1946 780 1972 τοῦ

29 1995 157 2028 ονογενοῦς
180 1994 356 2024 ὑποστάσεως
376 1992 466 2027 λόγου.
488 1992 569 2019 Ἀλλά
586 2001 630 2027 μοι
646 1992 718 2019 δοκεί
732 2001 782 2018 κα-

30 2040 50 2072 i;
63 2041 129 2076 ἔχειν
144 2041 302 2077 ὑπερϐάντα
316 2039 365 2075 τὴν
380 2039 423 2066 διὰ
440 2039 522 2074 μέσου
541 2039 590 2074 τῆς
608 2038 781 2074 βλασφημίας

31 2088 164 2122 ιτασκευὴν
177 2107 184 2118 ,
212 2087 310 2120 τρόπον
334 2085 393 2112 τινὰ
419 2085 669 2120 προδιελεγχθεῖσαν
684 2085 712 2110 ὲν
726 2084 782 2115 τοῖς

32 2133 197 2168 ητασμένοις,
221 2133 267 2159 ἐπὶ
293 2132 328 2158 τὰ
350 2131 485 2166 κεφάλαια
507 2131 556 2165 τῆς
576 2129 622 2156 τοῦ
647 2130 782 2165 δόγματος

33 2179 84 2205 τῶν
98 2179 264 2215 κατηγορίας
280 2178 376 2206 ἐλθεῖν.
402 2177 586 2213 Εὑρεθήσεται
600 2176 654 2211 γὰρ
669 2176 782 2211 μάταιον

792 1557 814 1587 C

827 946 869 973 his
883 947 929 981 qui
957 945 1186 981 intelligentiores
1213 945 1270 973 haec
1289 946 1392 979 legunt,
1424 945 1612 979 disperserim,

826 992 926 1020 Deinde
948 992 975 1019 in
990 992 1169 1027 sequentibus
1181 991 1305 1020 defensio
1319 992 1443 1027 quadam
1464 999 1513 1027 pro
1534 991 1614 1018 nobis

827 1037 894 1072 ipsis
911 1038 1015 1073 scripta
1040 1041 1093 1066 est.
1120 1037 1179 1065 Non
1212 1038 1284 1065 enim
1316 1038 1434 1072 amplius
1462 1037 1614 1073 legentibus

826 1084 982 1111 videremur
1005 1088 1079 1111 recte
1103 1083 1241 1118 conjicere
1265 1091 1377 1112 sensum
1393 1083 1539 1115 orationis,
1566 1081 1614 1110 sed

827 1129 854 1156 in
868 1130 973 1156 crimen
990 1130 1048 1164 ejus
1061 1130 1143 1157 verba
1162 1129 1349 1164 interpretari,
1374 1130 1426 1157 nisi
1449 1130 1535 1165 ipsius
1562 1137 1613 1157 vox

827 1175 1023 1203 absurditatem
1040 1177 1130 1211 palam
1147 1176 1334 1204 conﬁteretur.
1350 1176 1396 1203 Sic
1419 1177 1492 1203 enim
1515 1176 1615 1203 habent

827 1221 1002 1255 seripta:An
1017 1229 1082 1252 non.
1108 1221 1206 1256 inquit,
1223 1226 1294 1249 terra
1318 1221 1428 1256 quidem
1449 1226 1476 1249 et
1501 1222 1615 1256 angelus

827 1273 889 1293 eum
916 1273 969 1293 non
1002 1271 1104 1298 essent,
1137 1267 1207 1293 facta
1237 1267 1322 1294 sunt?
1347 1266 1443 1298 Videte
1469 1267 1614 1295 sublimem

827 1311 995 1346 theologum,
1013 1313 1059 1347 qui
1081 1320 1134 1339 non
1153 1313 1294 1340 erubescit
1319 1312 1444 1340 eumdem
1461 1320 1614 1340 sermonem

828 1362 907 1385 terra:
920 1363 945 1385 et
957 1358 1061 1394 angelis
1071 1379 1079 1391 ,
1096 1363 1177 1393 atque
1192 1359 1313 1386 universi
1332 1359 1428 1386 factori
1457 1359 1614 1394 appingere.

827 1404 912 1439 Igitur
927 1404 949 1431 si
971 1403 1066 1431 eadem
1081 1404 1179 1431 decere
1202 1408 1290 1439 putat,
1309 1403 1344 1432 de
1362 1407 1435 1431 terra
1460 1408 1487 1432 et
1514 1403 1548 1431 de
1565 1402 1615 1431 Do-

829 1449 902 1476 mino
921 1457 1056 1481 asserere,
1069 1449 1110 1477 vel
1126 1450 1207 1477 etiam
1225 1449 1295 1476 hane
1311 1450 1393 1484 plane
1408 1450 1556 1482 deificabit,
1573 1449 1618 1478 vel

829 1494 905 1521 illum
920 1502 982 1522 cum
999 1495 1049 1522 hac
1064 1494 1146 1521 simul
1164 1494 1351 1522 dedecorabit.

864 1539 966 1568 Deinde
984 1540 1027 1569 his
1050 1541 1143 1576 adjicit
1171 1549 1220 1576 per
1238 1548 1299 1576 quae
1324 1540 1480 1568 denudatur
1508 1539 1617 1575 planius

831 1586 1009 1620 blasphemia,
1026 1586 1061 1613 ita
1078 1593 1106 1614 ut
1122 1595 1209 1622 neque
1229 1595 1314 1622 puero
1329 1587 1485 1615 absurilitas
1499 1586 1535 1614 sit
1551 1593 1614 1620 per-

830 1635 909 1666 ceptu
938 1631 1066 1660 difﬁcilis.
1094 1631 1160 1659 Dico
1188 1633 1260 1660 enim
1294 1632 1369 1667 quod
1404 1633 1514 1667 longum
1542 1635 1617 1659 esset

831 1684 927 1704 omnes
958 1684 1102 1705 recensere
1128 1677 1340 1713 intelligibilium
1355 1677 1557 1713 generationes,
1573 1676 1618 1704 vel

831 1723 975 1753 essentias.
994 1723 1094 1757 quibus
1108 1723 1236 1750 omnibus
1251 1731 1306 1750 non
1321 1723 1474 1750 communis
1490 1726 1527 1749 est
1545 1729 1620 1756 qna:-

831 1767 893 1794 dam
913 1769 986 1796 entis
1011 1773 1125 1802 natura,
1142 1769 1190 1796 sed
1214 1777 1262 1803 per
1276 1768 1428 1796 conditoris
1444 1769 1618 1802 operationes

832 1812 902 1839 inest
918 1812 1089 1840 differentia:
1105 1813 1163 1840 haec
1179 1813 1252 1841 enim
1266 1814 1348 1840 etiam
1363 1812 1443 1839 nobis
1463 1813 1618 1840 tacentibus

831 1857 940 1892 penitus
968 1858 1142 1893 perspicuam
1163 1863 1190 1886 et
1208 1857 1361 1885 evidentem
1391 1857 1491 1885 habent
1520 1863 1618 1885 contra

832 1901 931 1930 Filium
947 1903 1157 1938 blasphemiam.
1173 1911 1235 1930 cum
1250 1903 1370 1930 fateatur
1385 1903 1458 1938 quod
1485 1904 1519 1931 de
1542 1904 1617 1931 omni

832 1949 1010 1982 generatione
1022 1953 1047 1976 et
1061 1950 1180 1976 essentia
1193 1949 1304 1980 dicitur,
1333 1948 1400 1975 nihil
1417 1950 1571 1983 discrepare
1583 1950 1617 1976 ah

832 1994 866 2021 iis
881 2002 941 2028 quae
961 1994 995 2022 de
1012 1994 1104 2022 divina
1124 1994 1261 2029 Unigeniti
1277 1994 1454 2022 subsistentia
1471 1994 1611 2023 dicuntur.

833 2039 886 2068 Sed
899 2048 989 2074 operte
1006 2041 1123 2075 pretium
1152 2041 1218 2068 mihi
1240 2040 1347 2068 videtur
1364 2044 1557 2076 praztergressa
1585 2048 1616 2067 ea

832 2093 912 2120 quam
930 2093 978 2120 per
994 2085 1112 2113 medium
1125 2085 1301 2121 blasphemia:
1311 2090 1433 2113 astruere
1444 2086 1540 2113 nititur
1555 2093 1619 2120 pro-

831 2132 951 2164 batione,
973 2140 1056 2167 quam
1070 2132 1180 2167 quidem
1197 2133 1224 2159 in
1242 2132 1285 2160 his
1303 2140 1364 2167 qua;
1374 2132 1450 2167 prius
1464 2133 1617 2160 examinata

832 2183 895 2206 sunt
915 2178 1033 2213 quodam
1053 2178 1132 2205 modo
1149 2178 1362 2211 confutavimns,
1390 2178 1423 2205 ad
1449 2186 1554 2205 summa
1572 2186 1618 2206 ca-

36 2234 49 2250 v
68 2225 227 2256 ἀποδεικνὺς
254 2224 283 2251 τὸ
307 2224 357 2258 τῆς
381 2223 588 2257 παλιγγενεσίας
615 2221 778 2257 μυστήριον,

833 2224 888 2259 pita
902 2224 1037 2259 dogmatis
1056 2224 1177 2258 ipsorum
1197 2224 1384 2252 accusationis
1405 2224 1543 2252 devenire.
1574 2224 1618 2252 ln-

35 2270 119 2306 όνητον
131 2272 159 2298 δὲ
175 2271 225 2306 τὴν
239 2269 370 2306 μυστικὴν
384 2269 564 2305 δωροφορίαν,
580 2269 630 2303 τήν
644 2277 673 2294 τε
690 2275 782 2303 μετου-

36 2327 58 2343 ιν
72 2319 108 2349 εἰς
122 2318 199 2345 οὐδὲν
214 2317 296 2343 πλέον
308 2318 364 2348 τοῖς
383 2316 524 2351 μετέχουσι
541 2314 698 2349 γινομένην·
715 2314 782 2349 φησὶ¹

37 2371 51 2398 ρ
67 2363 131 2397 μετὰ
145 2364 209 2395 τοὺς
223 2362 364 2393 συντόνους
378 2361 496 2392 ἐκείνους
511 2361 622 2392 αἰῶνας,
633 2361 661 2386 ἐν
674 2357 715 2391 οἷς
728 2359 780 2385 Οὑ-

37 2409 144 2439 εντίνους
170 2417 200 2435 τε
224 2409 271 2434 καὶ
296 2407 463 2443 Κηρίνθους,
490 2407 536 2432 καὶ
559 2405 711 2438 Βασιλίδας,
735 2405 782 2431 καὶ

38 2454 160 2485 ιντανοῖις,
181 2454 230 2480 καὶ
253 2454 419 2488 Μαρκίωνας
438 2453 477 2484 εἰς
499 2452 624 2487 διαϐολὴν
647 2451 693 2478 τοῦ
721 2451 781 2478 καθ’

40 2499 68 2530 ἃς
91 2501 277 2535 προεστήσατο
293 2499 435 2533 δόγματος.
459 2498 506 2524 καὶ
528 2499 737 2530 κατασκευάσας
752 2498 782 2524 τὸ

40 2543 65 2570 δὲ
80 2545 145 2580 πρὸς
160 2545 211 2580 τὴν
228 2545 281 2571 τῶν
297 2544 465 2580 Χριστιανῶν
479 2544 663 2580 προσηγορίαν
675 2544 781 2575 οἰκείως

41 2599 77 2623 ίιν,
97 2593 159 2624 τοὺς
179 2591 317 2625 ἄγνωστον
334 2590 564 2625 ἀποφαινομένους
579 2590 627 2625 τὴν
641 2590 715 2617 θείαν
731 2589 782 2624 φύ-

42 2644 52 2668 ‘,
64 2637 200 2671 ἄγνωστον
214 2636 242 2662 δὲ
256 2637 303 2663 καὶ
316 2636 360 2662 τὸν
374 2636 422 2670 τῆς
435 2636 586 2670 γεννήσεως
602 2636 710 2670 τρόπον.
728 2635 782 2661 Καὶ

43 2682 202 2718 ιαριΘμήσας
215 2684 269 2713 τοῖς
281 2681 501 2716 διαϐεϐλημένοις
517 2681 599 2716 ἡμᾶς,
615 2681 700 2713 οὕτως
716 2682 782 2708 ἐπά-

53 2727 95 2753 τὺν
105 2728 168 2763 παρ’
178 2727 274 2754 ἑαυτοῦ
285 2726 362 2761 λόγον
371 2727 399 2753 ὲν
411 2726 516 2758 τούτοις
525 2727 657 2762 ῥήμασιν’
667 2737 675 2752 ι
687 2727 782 2762 Ἡμεῖς

50 2773 204 2808 πειθόμενοι
229 2774 282 2805 τοῖς
306 2773 392 2807 ἁγίοις
415 2772 462 2798 καὶ
478 2772 623 2807 μακαρίοις
643 2771 781 2807 ἀνδράσιν,

47 2825 58 2844 ι
71 2820 102 2854 τῇ
118 2822 264 2854 σεμνότητι
278 2819 331 2846 τῶν
344 2818 493 2854 ὀνομάτων,
513 2816 574 2843 οὔτε
589 2817 656 2843 ὲοῶν
671 2817 717 2844 καὶ
732 2826 783 2852 μυ-

47 2863 96 2891 ιῶν
111 2864 255 2900 συμϐόλων
278 2864 389 2900 ἰδιότητι
411 2862 559 2898 κυροῦσθαι
582 2871 672 2898 φαμεν
688 2862 718 2890 τὸ
732 2863 782 2898 τῆς

832 2270 957 2297 νυιιὶειυν
967 2270 1041 2297 enim
1054 2270 1214 2305 mysterium
1227 2271 1442 2304 regenerationis
1459 2277 1559 2297 vanum
1575 2271 1619 2298 de-

833 2321 997 2349 monstrare,
1020 2317 1100 2343 vilem
1117 2317 1198 2344 etiam
1229 2316 1372 2351 mysticam
1388 2316 1520 2344 donorum
1546 2317 1619 2344 obla-

832 2361 954 2391 tionem,
980 2361 1093 2395 ejusqne
1131 2360 1370 2395 participationem
1397 2361 1464 2387 nihil
1500 2361 1618 2396 amplius

833 2406 1059 2441 partieipantibns
1074 2406 1261 2434 conferentem
1276 2415 1283 2433 τ
1298 2406 1364 2433 dicit
1388 2407 1460 2434 enim
1479 2410 1541 2441 post
1555 2414 1618 2434 eon—

833 2452 908 2478 tinua
924 2452 968 2478 illa
981 2451 1092 2483 saecula,
1104 2451 1130 2478 in
1143 2451 1243 2486 quibus
1253 2451 1412 2478 Valentinos
1424 2458 1450 2479 et
1462 2451 1617 2484 Corinthos,

833 2501 859 2525 et
874 2497 1014 2528 Basilidas,
1039 2501 1065 2524 et
1082 2496 1242 2528 Montanos,
1265 2500 1292 2524 et
1321 2496 1473 2524 Marcionas
1489 2498 1522 2524 ad
1540 2497 1616 2524 calu—

833 2541 934 2568 mniam
961 2540 1049 2567 nostri
1074 2541 1209 2575 dogmatis
1235 2542 1394 2576 prmposuit,
1415 2546 1441 2569 et
1470 2542 1531 2569 inde
1553 2549 1618 2576 prm-

833 2592 954 2618 struens,
966 2595 1054 2622 neque
1075 2587 1155 2614 ullam
1171 2594 1232 2614 cum
1263 2587 1483 2614 Christianorum
1500 2587 1618 2622 appella-

833 2634 906 2660 tione
933 2632 1086 2659 atlinitatein
1111 2631 1211 2659 habere
1233 2639 1281 2659 eos
1303 2633 1348 2667 qui
1370 2633 1534 2666 incognitam
1552 2631 1617 2658 divi-

833 2685 894 2705 nam
915 2682 1042 2704 naturam
1059 2681 1227 2708 asseverant,
1249 2678 1416 2712 incognitum
1440 2678 1521 2704 etiam
1540 2684 1618 2711 gene-

833 2723 949 2751 rationis
965 2723 1085 2750 modum.
1109 2722 1141 2749 Et
1156 2730 1206 2749 nos
1221 2723 1302 2749 etiam
1322 2730 1522 2749 eonnumerans
1554 2730 1616 2749 cum

834 2769 876 2795 his
893 2769 939 2803 qui
961 2768 1121 2796 calumniati
1138 2772 1213 2799 sunt,
1231 2768 1271 2794 sic
1288 2767 1430 2802 subj-ungit
1452 2775 1531 2794 suum
1563 2775 1618 2794 ser-

834 2823 941 2842 monem
963 2815 1005 2842 his
1020 2815 1150 2842 verbisu
1166 2813 1219 2840 Nos
1244 2817 1333 2840 autem
1357 2814 1460 2840 sanctis
1486 2818 1512 2840 et
1531 2813 1617 2841 beatis

833 2861 901 2890 viris
924 2861 1156 2896 obtemperantes,
1187 2867 1276 2895 neque
1307 2860 1448 2900 nominum
1471 2860 1613 2895 gravitate,
