1923 3071
26 105 65 132 Ball

26 166 45 190 tu
58 161 92 195 oi;
105 164 119 199 ἡ
134 164 218 196 πίστις
231 166 400 200 κρατύνεται,
417 170 462 196 καὶ
471 171 672 205 διαχλευάζουσι
687 175 719 199 τὰ
736 182 787 209 μυ·
802 177 823 205 Α

26 210 91 236 mni
103 210 226 245 σύμϐολα,
243 212 289 238 καὶ
304 213 337 239 τὰ
357 213 556 251 διατηρούμενα
578 218 652 253 παρᾶ
671 219 724 246 τῶν
741 229 788 255 με·

26 257 153 292 μυημένων
169 257 231 292 €01];
249 258 284 284 Τὸ
297 259 325 285 δὲ
340 260 368 286 ὲν
385 261 498 296 δόγμασι
511 264 566 290 δεῖν
584 264 673 298 μόνοις
686 265 788 292 οἴεσθαι

26 302 62 336 τὴν
75 302 205 328 εὐσέϐειαν
222 301 301 335 εἶναι,
318 305 388 337 τίνος
402 306 486 340 οὕτως
501 309 565 335 ἴδιον
578 309 615 341 ὡς
627 310 680 336 τῶν
701 310 789 345 Ἐλλή-

26 359 83 382 nov;
102 350 172 377 Ἐπεὶ
185 351 304 378 κάκεῖνοί
317 361 397 386 φασιν
411 352 483 382 εἷναί
503 365 528 382 τι
543 357 613 383 κατὰ
627 358 675 393 τὴν
685 359 788 385 ἑαυτῶν

26 395 139 431 manem
163 396 209 422 τοῦ
233 398 408 433 κηρύγματος
431 400 509 435 ἡμῶν
533 402 725 438 πιθανώτερον,
743 405 788 430 καί

26 451 71 468 τινα
86 443 164 477 μέγαν
187 443 217 475 ἐξ
231 444 320 471 αὐτῶν
332 453 403 477 τινες
418 447 588 475 ὑποτίθενται
608 449 684 481 Θεὸν,
706 450 788 485 ὑπερ-

26 489 169 524 ινεστηκότα
182 489 235 516 τῶν
258 490 345 517 ἄλλων
361 493 408 518 καὶ
433 493 603 529 ὑποχειρίους
621 495 696 527 τινὰς
709 496 788 523 δυνὰ-

26 543 75 568 usi;
97 535 261 569 ὁμολογοῦσι,
285 535 329 564 διά
351 546 421 568 τινος
442 539 543 572 τάξεως
558 541 604 566 καὶ
617 540 786 573 ἀκολουθίας,

26 580 127 614 ἂλλήλων
144 581 190 615 μὲν
209 581 277 616 πρὸς
292 582 322 608 τὺ
355 583 447 617 μεῖζον
467 584 484 619 ἢ
505 585 714 620 καταδεέστερον
733 586 788 612 δια-

26 625 149 660 ρερούσας,
164 625 367 662 ὑπεζευγμένας
381 629 409 655 δὲ
424 629 513 661 πάσας
526 631 623 665 ἐπίσης
639 632 677 666 τῷ
693 631 789 667 ὑπερέ-

26 680 92 705 ίοντι.
111 672 201 699 Ταῦτα,
215 673 304 700 τοίνυν
319 674 366 701 καὶ
383 676 406 701 oi
424 675 578 710 καθηγηταί.
597 677 646 712 τῆς
666 677 730 709 νέας
751 679 790 704 εί-

26 717 196 753 Ξωλολατρείας
209 719 375 754 κηρύσσουσι
387 728 395 735 ”
414 721 460 748 καὶ
474 722 504 748 οὐ
522 722 670 749 δεδοίκασιν
686 724 710 750 οί
728 723 788 749 ἐπό-

26 772 86 796 ιιενοι
95 764 139 799 τὴν
149 765 324 801 ἐπικειμένην
333 767 388 798 τοῖς
401 767 604 802 παραδεὸηκόσι
617 770 787 804 κατάκρισιν.

26 808 113 843 Ὠσπερ
134 809 163 835 οὐ
187 810 332 845 συνιέντες,
355 812 396 838 ὅτι
417 813 447 839 τὸ
464 812 536 848 ἔργῳ
558 822 583 840 τι
604 815 716 850 ποιῆσαι
735 815 789 841 τῶν

26 853 128 886 Ξῖὸπων,
149 855 195 882 τοῦ
214 856 258 883 διὰ
280 858 400 893 ῥήματος
427 859 587 894 ἐξαμαρτεῖν
616 861 694 894 μόνον
714 861 788 896 παρὰ

26 900 77 926 πολὺ
90 900 282 937 χαλεπώτερον.
308 904 339 929 Ol
360 904 447 931 τοίνυν
473 904 546 940 ἔργῳ
569 905 618 940 μὲν
637 905 684 941 τὴν
700 907 789 933 πίστιν

26 945 177 980 ἰρειοὺμενοι,
201 949 249 974 καὶ
270 949 303 976 τὰ
320 949 368 984 ἔθη
390 951 581 985 φαυλξξοντες,
604 953 650 979 καὶ
672 954 720 989 τὴν
736 953 788 980 τῶν

26 990 142 1025 Βνομάτων
163 993 308 1028 ὁμολογίαν
333 996 529 1031 περιορῶντες,
550 998 596 1024 καὶ
618 998 662 1024 τὸν
685 999 717 1024 ἐκ
736 998 788 1025 τῶν

26 1038 141 1065 auuncth
151 1039 292 1074 συμϐόλων
307 1040 438 1076 ἁγιασμὺν
453 1042 510 1068 ἀντ’
525 1043 629 1074 οὐδενὸς
648 1041 716 1070 εἶναι
731 1044 790 1079 κρί-

26 1091 113 1114 νοντες·
140 1086 205 1120 πρὸς
226 1085 255 1112 δὲ
282 1087 316 1114 τὰ
341 1089 521 1124 σεσοφισμένα
547 1090 656 1124 ῥήματα
683 1090 789 1124 βλέπειν

26 1128 220 1165 ἱναπεισϐἐντες,
233 1132 280 1159 καὶ
291 1133 320 1159 ἐν
334 1135 366 1169 τῇ
381 1134 428 1160 τοῦ
438 1135 567 1170 γεννητοῦ
581 1137 626 1162 καὶ
642 1136 787 1172 ἁγεννὴτου

26 1175 158 1212 τεχνολογίᾳ
178 1177 228 1212 τὴν
250 1179 387 1214 σωτηρίαν
402 1176 472 1206 εἶναι
491 1179 654 1215 νομίζοντες,
679 1181 705 1207 τί
726 1181 788 1207 ἄλλο

26 1220 116 1255 καὶούχ).
125 1222 278 1256 παραϐάται
288 1223 342 1250 τῶν
351 1224 400 1258 τῆς
410 1225 545 1259 σωτηρίας
553 1225 693 1260 δογμάτων
701 1226 768 1252 εἰσίν
780 1234 786 1257 ;

26 1266 88 1294 locta
102 1268 179 1296 verba
193 1270 330 1305 respicere
345 1271 480 1305 persuasi,
498 1276 525 1298 et
551 1271 578 1299 in
605 1273 688 1306 geniti
727 1277 809 1307 atque

806 845 824 871 ll

549 111 686 139 CONTRA
709 113 902 147 EUNOMIUM.
919 117 981 145 LIB.
1004 119 1048 146 Kl.

1571 125 1622 153 8152

840 177 907 204 rium
921 178 1078 206 efﬁciuntur
1091 180 1102 206 ?
1116 180 1184 212 Quid
1201 181 1318 216 amplius
1335 182 1371 209 illi
1387 183 1432 218 qui
1457 184 1483 210 in
1505 183 1623 212 Helleni-

840 231 899 250 smo
923 229 1091 258 permanent,
1108 225 1140 252 ad
1168 227 1333 254 calumniam
1363 233 1463 256 nostrae
1492 230 1623 258 doctrina:

838 269 982 301 proferunt
994 269 1005 296 ’ἰ
1019 269 1077 296 Non
1090 274 1116 297 et
1127 270 1166 297 illi
1185 271 1257 299 risus
1274 273 1447 301 occasionem
1482 275 1621 302 nominum

840 315 1019 341 venerandam
1047 315 1204 350 dignitatem
1238 317 1351 349 faciunt,
1373 319 1398 345 in
1427 319 1524 354 quibus
1558 320 1623 348 ﬁdes

839 359 1024 392 conﬁrmatur,
1034 365 1060 388 et
1076 362 1247 389 subsannant
1261 364 1374 399 mystica
1389 365 1523 400 symbolo,
1541 366 1624 392 ritus-

839 413 892 440 que
908 406 1069 434 etinstiluta
1082 416 1142 442 qua:
1155 409 1190 436 ab
1206 409 1320 437 initiatis
1331 410 1510 437 observantur
1523 411 1621 444 ?Qltod

839 455 928 478 autem
948 452 973 478 in
1000 453 1117 480 decretis
1134 458 1259 488 oporteat
1282 455 1347 482 solis
1379 459 1474 490 putare
1495 457 1621 490 pietatem

839 498 1000 531 consistere,
1027 499 1106 533 cujus
1136 500 1176 527 sic
1195 501 1334 535 proprium
1368 501 1439 528 sicut
1466 503 1622 529 Gri-eorum

839 543 1047 577 cst?Quoniam
1065 546 1146 572 etiam
1175 546 1213 574 illi
1244 547 1332 579 aiunt,
1366 548 1515 575 secundum
1545 556 1622 575 suam

839 591 995 624 opinionem
1011 591 1114 625 aliquid
1136 599 1196 620 esse
1213 596 1305 620 nostra
1321 593 1514 627 praedicatione
1527 594 1623 627 proba-

840 636 942 662 bilius:
959 637 1105 670 quemdam
1126 645 1254 672 magnum
1271 645 1302 665 ex
1321 638 1389 673 ipsis
1410 638 1520 672 quidam
1540 639 1621 665 Deum

840 686 1005 715 supponunt,
1025 682 1085 709 aliis
1105 683 1365 717 superemiuenlem,
1391 687 1472 718 atque
1488 683 1624 718 subjecta;

839 727 878 753 illi
898 726 1030 761 quasdam
1047 732 1196 762 potestates
1213 730 1380 756 conﬁtentur
1395 729 1492 757 ordine
1507 730 1624 764 quodam
1647 757 1651 761 _

840 777 865 799 et
890 773 960 800 serie
979 773 1051 801 inter
1071 781 1100 800 se
1126 775 1275 802 secundum
1305 775 1395 809 majus
1434 775 1476 802 vel
1510 775 1625 802 interius

840 819 1014 852 differentes,
1043 819 1182 854 subjectas
1208 824 1298 848 autem
1316 828 1411 848 omnes
1440 821 1582 855 mqualiter
1600 821 1624 848 ei

842 864 888 899 qui
918 865 1110 899 supereminet.
1140 865 1202 893 Haec
1219 866 1328 901 quidem
1355 873 1432 892 nova:
1465 865 1626 892 idololatrim

844 910 964 945 magistri
979 911 1138 945 praedicant,
1154 919 1242 946 neque
1257 915 1387 938 verentur
1404 911 1502 938 docere
1519 910 1557 937 illi
1580 910 1624 944 qui

843 955 900 982 haec
922 963 1083 991 sequuntur,
1102 957 1351 991 transgressoribns
1367 956 1623 983 condemnationem

842 999 992 1027 imminere.
1021 1000 1105 1033 Quasi
1134 1009 1188 1028 non
1218 1002 1386 1036 intelligant.
1420 1000 1493 1035 quod
1520 999 1623 1034 aliquid

843 1045 991 1074 absurdum
1024 1047 1095 1074 facto
1126 1052 1300 1083 perpetrare.
1329 1048 1414 1074 multo
1446 1047 1555 1082 gravius
1584 1051 1626 1072 est

842 1099 922 1125 quant
940 1092 1022 1119 verbo
1038 1092 1096 1120 solo
1111 1100 1234 1127 peccare.
1252 1092 1302 1124 Qui
1320 1092 1402 1126 igitur
1420 1092 1492 1118 facto
1515 1090 1624 1125 quidem

843 1136 921 1164 ﬁdem
937 1141 1046 1172 negant,
1063 1141 1089 1165 et
1104 1137 1227 1165 instituta
1242 1145 1272 1164 ac
1289 1137 1357 1164 ritus
1374 1137 1448 1172 parvi
1472 1136 1584 1164 faciunt.
1599 1139 1625 1162 et

841 1182 982 1208 nominum
1001 1182 1200 1210 confessionem
1214 1182 1378 1216 despiciunt,
1393 1185 1419 1208 et
1441 1189 1473 1208 ex
1504 1180 1625 1216 mysticis

841 1227 972 1262 symbolis
998 1227 1242 1255 sanctiﬁcationem
1275 1235 1324 1262 pro
1343 1227 1430 1253 nihilo
1459 1227 1573 1257 ducunt,
1592 1225 1624 1251 ad

845 1274 958 1309 ingeniti
989 1275 1138 1303 artiﬁcioso
1169 1282 1293 1303 sermone
1328 1275 1443 1302 salutem
1476 1274 1625 1300 consistere

26 1314 155 1346 )pinantes,
180 1315 246 1349 quid
262 1315 334 1342 aliud
363 1320 438 1348 sunt,
464 1325 545 1351 quam
566 1321 786 1352 transgressores
805 1319 1033 1348 documentorum
1051 1322 1170 1348 salutis?

49 1359 75 1384 Ei
89 1359 115 1386 δέ
126 1368 166 1391 τις
176 1360 262 1387 οἴεται
273 1361 358 1388 ταῦτα
371 1362 441 1388 κατά
452 1371 511 1388 τινα
525 1363 707 1397 συκοφαντίαν
721 1363 785 1399 παρ’

26 1404 86 1437 ῇμῶν
99 1406 184 1437 αὐτοῖς
198 1407 388 1441 ἐπιφέρεσθαι,
408 1408 468 1434 καθ’
491 1408 584 1434 ἑαυτὸν
597 1408 787 1443 διασκεψάσθω

132 1450 211 1477 αὖτοῦ
231 1452 422 1487 γεγραμμένα,
444 1453 478 1480 τά
493 1462 521 1479 τε
541 1453 705 1488 προτεθέντα
721 1454 787 1488 ἡμῖν
802 1470 822 1497 C

26 1494 53 1524 εἰς
64 1494 186 1528 ἐξέτασιν,
208 1496 257 1524 καὶ
278 1497 327 1523 ὅσα
344 1498 413 1524 κατὰ
432 1498 462 1524 τὺ
478 1498 622 1525 ἀκόλουθον
639 1500 694 1530 τοῖς
711 1499 787 1534 εἰρη-

26 1539 101 1572 μένοις
123 1541 262 1574 ἐπάγεται.
287 1543 355 1576 Φησὶ
378 1543 432 1578 γὰρ
447 1544 492 1570 τὸν
515 1543 561 1570 τοῦ
586 1544 687 1579 Κυρίου
709 1544 788 1578 νόμον

26 1587 250 1622 τιραγραφόμενος
277 1588 370 1622 (νόμος
383 1589 436 1624 γάρ
458 1589 530 1615 ἐστιν
546 1591 562 1623 ἡ
577 1589 626 1624 τῆς
644 1589 718 1620 ϐείας
737 1598 787 1624 μυσ

26 1633 158 1666 ςταγωγίας
177 1633 342 1668 παράδοσις)
365 1635 401 1669 μὴ
424 1636 463 1666 εἰς
488 1636 597 1670 Πατέρα
610 1645 637 1662 τε
658 1636 704 1662 καὶ
726 1636 789 1662 Υἰὸν

26 1675 60 1701 ul
74 1676 145 1710 ἅγιον
163 1678 274 1713 Πνεῦμα
288 1679 318 1704 τὺ
335 1678 475 1714 βάπτισμα
491 1680 622 1712 γίνεσθαι,
638 1680 729 1712 καθὼς
746 1681 788 1706 ὲν-

26 1721 124 1749 ετείλατο
134 1725 186 1755 τοῖς
196 1724 331 1760 μαθηταῖς
340 1726 498 1760 παραδιδοὺς
510 1726 538 1752 τὸ
552 1727 697 1763 μυστήριον
708 1735 715 1742 ·
732 1727 788 1753 ἀλλ’

26 1767 53 1798 είς
66 1767 219 1804 δημιουργὸν
244 1770 292 1797 καὶ
315 1770 436 1805 κτίστην,
461 1771 507 1798 καὶ
527 1772 557 1797 οὐ
584 1772 663 1806 μόνον
681 1771 789 1806 Πατέρα

26 1814 77 1847 gnat
95 1815 138 1842 τοῦ
161 1816 338 1852 Μονογενοῦς,
362 1817 428 1843 ἀλλὰ
444 1818 490 1843 καὶ
503 1818 578 1844 Θεόν.
596 1819 627 1844 Ὦ
641 1819 655 1844 ὁ
672 1817 788 1848 ποτίζων

26 1858 57 1884 τὴν
70 1860 174 1895 πλησίον
188 1862 271 1889 αὐτοῦ
287 1863 442 1898 ἀνατροπὴν
458 1863 588 1897 θολεράνί
607 1863 669 1894 ῘΙώς
689 1864 789 1890 ἀνατα-

26 1904 102 1931 ιάσσει
122 1908 152 1942 τῇ
176 1908 281 1934 tamen
300 1908 442 1944 προσθήκῃ
458 1910 504 1936 καὶ
519 1909 642 1936 ἀναθολοῖ
659 1908 706 1944 τὴν
723 1909 788 1943 ἀλή-

26 1948 100 1976 ὶειανί
116 1951 173 1983 Πῶς
187 1953 216 1979 οὑ
240 1953 343 1980 δέδοικε
366 1954 415 1989 τὴν
437 1954 611 1990 ἐπικειμένην
628 1954 698 1990 ἀρὰν
719 1954 789 1980 κατὰ

26 1994 65 2020 τῶν
80 1998 272 2032 προστιθέντων
286 2007 311 2025 τι
325 2000 383 2030 ταῖς
401 1999 487 2031 θείαις
505 2001 616 2033 φωναῖς,
632 2000 648 2034 ἢ
665 2000 788 2035 ὑφαιρεῖν

26 2041 176 2077 ῖολμὼντωη
196 2044 370 2080 ’Δναγνῶμεν
382 2045 424 2072 ἐπ’
441 2045 514 2080 αὐτῷ
530 2045 583 2072 τῶν
598 2047 726 2082 ῥημάτων
740 2047 788 2082 τὴν

26 2085 57 2112 ῖοῦ
73 2088 168 2124 Κυρίου
189 2091 294 2125 φωνήν.
313 2091 522 2125 Πορευθέντες,
550 2092 626 2127 φησὶ.
644 2093 788 2126 μαθητεύ-

26 2139 80 2159 ’στε
92 2135 184 2163 πάντα
204 2137 239 2163 τὰ
255 2136 337 2170 ἔθνη,
359 2136 553 2170 βαπτίζοντες
568 2138 679 2170 αὐτοὺς
695 2140 737 2172 είς
754 2139 787 2166 τὸ
803 2131 824 2158 Ῑ)

26 2177 99 2213 irent:
117 2180 168 2208 τοῦ
191 2181 305 2216 Πατρὸς
324 2182 374 2209 καὶ
393 2182 445 2209 τοῦ
472 2183 541 2210 Υίοῦ
559 2183 608 2210 καὶ
627 2184 680 2211 τοῦ
701 2184 787 2218 ἁγίου

26 2224 182 2259 Ἶνεύματος.
211 2228 267 2255 Ποῦ
294 2228 396 2262 κτίσμα
418 2229 462 2255 τὸν
483 2229 544 2255 Υίὸν
564 2231 785 2264 προσηγόρευσε;

28 2269 64 2296 Ιοῧ
77 2272 182 2308 κτίστην
194 2273 241 2300 καὶ
257 2274 421 2309 δημιουργὸν
432 2275 478 2300 τοῦ
493 2275 661 2309 Μονογενοῦς
674 2276 717 2302 τὸν
732 2276 787 2302 Πα-

26 2314 74 2350 rip:
86 2317 99 2343 ὁ
112 2317 187 2351 λόγος
204 2319 323 2353 ὲδίδαξες
346 2319 400 2346 Ποῦ
413 2319 505 2351 δοῦλος
521 2320 588 2346 Θεοῦ
604 2321 632 2346 ἐν
646 2322 701 2352 τοῖς
715 2321 785 2356 εἰρη-

26 2360 97 2394 ιένοις
114 2363 126 2389 ὀ
142 2364 204 2395 Υἱὸς
218 2363 288 2392 εἶναι
307 2366 461 2393 διδάσκεται
474 2374 480 2398 ;
507 2366 562 2392 Ποῦ
578 2365 643 2397 Θεὸς
658 2366 705 2392 τοῦ
721 2366 786 2393 nos

26 2414 41 2430 νν
56 2408 83 2442 τῇ
99 2411 242 2445 παραδόσει
258 2411 305 2437 τοῦ
333 2411 481 2446 μυστηρίου
505 2411 669 2446 κηρύσσεται
684 2420 691 2443 ;
717 2412 786 2446 "Aput

26 2453 90 2478 νοεῖτε
104 2456 148 2481 καὶ
169 2457 284 2489 συνίετε,
300 2458 324 2483 οἱ
338 2457 369 2483 δι’
384 2457 492 2492 ἀπάτης
508 2457 704 2491 κατασυρέντες
720 2457 787 2492 πρὸς

26 2497 59 2530 ῖὴν
80 2499 226 2534 ἀπώλειαν,
253 2501 313 2529 τίνα
336 2503 389 2529 τῶν
415 2502 486 2529 ίδίων
508 2502 602 2537 ψυχῶν
629 2502 786 2536 καθηγητὴν

26 2546 215 2580 τροεστήσασθε,
230 2548 277 2574 τὸν
291 2548 432 2575 νοθεύονται
448 2549 495 2579 τὰς
510 2548 588 2582 ἁγίας
605 2548 726 2583 Γραφὰς,
742 2548 786 2574 τὴν

26 2591 199 2619 ιιταποιοῦντα
213 2593 262 2624 τὰς
279 2594 353 2625 θείας
376 2594 476 2628 φωνὰς,
491 2594 537 2620 τὸν
555 2594 734 2620 ἀναθολοῦντα
748 2593 786 2628 τῷ

27 2632 68 2668 δίῳ
85 2634 202 2672 βορῦόρῳ
225 2638 254 2664 τὸ
271 2638 389 2674 καθαρὸν
406 2640 458 2666 τῶν
473 2639 520 2673 τῆς
536 2639 674 2670 εὐσε”είας
690 2637 788 2672 δογμά-

26 2686 72 2710 ῖωνν
87 2681 129 2707 τδν
146 2683 182 2718 μὴ
201 2684 281 2718 μόνον
296 2684 357 2711 καθ’
383 2685 461 2719 ἡμῶν
482 2684 532 2720 τὴν
550 2684 646 2710 ἑαυτοῦ
663 2683 787 2718 γλῶσσαν

26 2724 154 2760 πλίζοντα,
177 2729 244 2755 ἀλλὰ
269 2731 315 2757 καὶ
343 2731 425 2763 αὑτὰς
452 2729 661 2765 μετασκευάζειν
686 2729 787 2764 ἐπιχει-

50 2812 68 2829 ε⁵
93 2814 182 2843 Matth.
200 2824 297 2850 xxvux.
316 2818 356 2846 l9.

871 1365 948 1398 Quod
963 1367 985 1393 si
1001 1367 1063 1401 quis
1079 1371 1154 1401 putat
1170 1366 1226 1393 haec
1241 1373 1255 1391 a
1267 1365 1345 1392 nobis
1359 1364 1493 1391 calumnia
1509 1363 1624 1398 quadam

841 1413 908 1448 ipsis
923 1413 1027 1445 inferri,
1043 1422 1101 1448 quae
1115 1413 1149 1440 ab
1166 1414 1225 1448 ipso
1238 1413 1339 1447 scripta
1365 1415 1439 1442 sunt,
1456 1419 1503 1446 per
1520 1419 1549 1438 se
1565 1411 1624 1445 ipse

840 1459 1002 1492 consideret,
1015 1463 1041 1487 et
1053 1467 1112 1494 qure
1123 1459 1201 1486 nobis
1210 1459 1243 1486 ad
1260 1466 1373 1486 examen
1389 1457 1526 1492 proposita
1546 1459 1623 1487 sunt,

840 1510 865 1532 et
884 1513 1053 1541 quascunque
1066 1514 1099 1532 ex
1114 1505 1304 1533 consecutione
1316 1504 1397 1531 dictis
1412 1503 1623 1536 subjunguntur.

839 1552 883 1579 Ait
899 1553 970 1579 enim
998 1551 1102 1579 Domini
1120 1551 1204 1586 legem
1226 1554 1383 1584 pervertens
1403 1548 1469 1582 (lex
1497 1548 1568 1574 enim
1584 1551 1622 1574 est

840 1598 938 1624 divinae
965 1597 1143 1625 institutionis
1173 1595 1316 1629 traditio),
1337 1602 1391 1621 non
1422 1594 1449 1621 in
1472 1593 1579 1620 Patrem
1599 1596 1622 1618 et

841 1643 937 1670 Filium
953 1647 979 1670 et
993 1642 1124 1678 Spiritum
1150 1646 1274 1668 sanetum
1304 1640 1438 1676 baptisma
1457 1639 1527 1670 ﬁeri,
1556 1638 1622 1665 sicut

840 1689 968 1724 praecepit
982 1687 1124 1723 discipulis
1144 1687 1253 1714 tradens
1270 1686 1440 1721 mysterium.
1456 1683 1503 1712 sed
1525 1683 1551 1710 in
1566 1683 1624 1717 opi-

841 1735 916 1761 licem
932 1738 958 1761 et
979 1737 1140 1763 creatorem.
1166 1736 1192 1758 et
1208 1739 1262 1758 non
1283 1731 1369 1758 solum
1394 1730 1512 1761 Patrem,
1527 1728 1623 1762 inquit,

841 1779 1048 1814 Unigenili,sed
1061 1778 1141 1805 etiam
1160 1776 1254 1804 Deum.
1283 1776 1354 1803 Proh
1371 1775 1377 1802 l
1394 1775 1439 1809 qui
1471 1773 1623 1808 proximum

840 1831 918 1852 suum
934 1827 1028 1858 potare
1045 1822 1108 1849 facit
1124 1822 1291 1849 eversionem
1310 1819 1463 1847 turbidam!
1481 1817 1623 1851 Quomodo

839 1869 931 1897 turbat
954 1876 1064 1896 comosa
1096 1867 1247 1901 adjectione
1273 1870 1300 1893 et
1314 1865 1440 1900 inquinat
1456 1864 1597 1890 veritatem
1615 1863 1621 1889 ί

839 1912 979 1946 Quomodo
995 1919 1048 1938 non
1074 1910 1199 1938 extimuit
1226 1910 1378 1945 impositam
1407 1907 1621 1936 exsecrationem

839 1956 970 1984 adversus
992 1963 1038 1983 eos
1052 1955 1095 1990 qui
1112 1953 1212 1981 divinis
1228 1953 1340 1980 vocibus
1357 1952 1458 1986 aliquid
1480 1951 1621 1985 adjiciunt,

839 2000 880 2027 vel
898 1999 944 2035 qui
967 1999 1130 2028 subtrahere
1146 1998 1247 2024 audent
1259 1998 1269 2023 τ
1281 1996 1415 2032 Legamus
1432 1997 1458 2023 in
1476 2004 1508 2022 eo
1523 1994 1621 2022 verbo—

840 2051 899 2071 rum
914 2051 1008 2071 vocem
1023 2043 1138 2070 Domini.
1157 2042 1265 2075 Eunlea,
1290 2041 1396 2076 inquit,
1423 2041 1513 2068 docete
1533 2047 1621 2066 omnes

840 2095 935 2125 gentes,
951 2089 1114 2123 baptizanles
1134 2096 1177 2115 eos
1199 2089 1224 2114 in
1247 2088 1350 2114 nomine
1369 2087 1472 2118 Patris,
1501 2090 1526 2112 et
1543 2085 1619 2115 Filii,

838 2141 862 2163 ει
875 2135 990 2168 Spiritus
1006 2134 1092 2161 sancti
1102 2133 1133 2160 ³ο.
1161 2132 1211 2160 Ubi
1238 2132 1335 2159 Filium
1360 2136 1513 2159 creaturam
1531 2130 1622 2165 appel-

839 2181 933 2208 lavit?
969 2179 1019 2207 Ubi
1051 2179 1176 2211 Patrem,
1211 2183 1360 2206 creatorem
1390 2182 1417 2205 et
1454 2176 1620 2204 conditorem

839 2227 987 2262 Unigeniti,
1000 2234 1061 2254 esse
1074 2232 1164 2252 sermo
1178 2223 1290 2252 docuit?
1304 2222 1355 2250 Ubi
1374 2224 1400 2249 in
1416 2223 1458 2249 his
1477 2229 1538 2256 qum
1549 2221 1621 2248 dicta

838 2278 902 2301 sunt
916 2272 1002 2299 Filius
1017 2279 1077 2298 esse
1091 2278 1186 2298 servus
1199 2270 1242 2296 Dei
1258 2269 1373 2296 docetur
1385 2268 1396 2294 τ
1408 2267 1459 2294 Ubi
1477 2267 1546 2294 Deus
1559 2266 1620 2292 Filii

839 2320 866 2346 in
884 2318 1006 2353 mysterii
1026 2316 1173 2344 traditione
1185 2313 1369 2350 praedicatur?
1383 2312 1452 2348 Ergo
1464 2312 1621 2347 cognoscite

837 2367 864 2390 et
880 2362 1021 2397 intelligite
1040 2361 1087 2395 qui
1103 2367 1196 2388 errore
1221 2363 1248 2386 et
1264 2360 1413 2393 impostura
1442 2358 1569 2393 pertraeti
1586 2357 1618 2383 ad

841 2407 981 2434 interitum
998 2405 1076 2436 estis,
1092 2413 1172 2439 quem
1188 2404 1339 2431 animarum
1357 2407 1509 2431 vestrarum
1535 2403 1621 2437 magi-

838 2457 924 2480 slrum
942 2451 1113 2486 prefecistis,
1130 2451 1176 2485 qui
1194 2450 1329 2477 adulterat
1340 2448 1499 2483 Scripturas
1514 2455 1619 2478 sacras,

837 2499 882 2534 qui
900 2501 1065 2525 transmutat
1079 2496 1186 2524 divinas
1203 2503 1295 2526 voces,
1318 2495 1363 2530 qui
1381 2494 1490 2528 proprio
1516 2493 1572 2519 luto
1595 2497 1621 2518 et

838 2551 917 2571 (ωηο
948 2550 1015 2578 pura
1047 2542 1173 2577 dogmata
1202 2541 1310 2575 pietatis
1337 2541 1471 2574 inquinat.
1498 2539 1544 2573 qui
1566 2545 1618 2564 non

836 2591 923 2618 solum
939 2594 1034 2618 contra
1050 2597 1099 2616 nos
1121 2596 1197 2616 suam
1214 2588 1332 2622 linguam
1354 2590 1452 2617 armat,
1468 2585 1514 2612 sed
1537 2584 1617 2611 etiam

836 2637 909 2671 ipsas
924 2639 1034 2663 sanctas
1051 2642 1132 2662 voces
1148 2637 1300 2668 pervertere
1321 2637 1436 2659 conatur
1449 2651 1457 2662 ,
1480 2630 1524 2664 qui
1541 2636 1617 2656 suam

837 2681 1037 2718 perversionem
1056 2680 1163 2706 Domini
1180 2679 1302 2706 doctrina
1319 2677 1403 2712 magis
1427 2680 1511 2703 ratam
1528 2677 1554 2700 et
1572 2673 1618 2699 lir-

837 2728 947 2755 Iuiorem
983 2734 1043 2754 csse
1069 2726 1256 2753 demonstrare
1288 2722 1430 2749 ambitiose
1465 2717 1616 2747 contmdtt.
