1923 3071
32 143 82 171 835

34 204 206 240 ίσχυροτᾶτην
221 204 355 238 ἀπόδειξιν
372 203 408 232 ὧν
423 205 545 239 λέγουσιν
557 207 628 242 ἔχειν
641 209 665 235 οἱ
682 209 711 236 τὺ
723 218 807 245 μεγα-
823 212 843 240 Α

34 251 97 276 λεῖον
117 249 165 283 τῆς
185 249 231 276 τοῦ
252 250 418 283 Μονογενοῦς
442 251 520 286 δόξης
541 253 580 284 εὶς
604 255 746 286 ταπεινοὺς
766 255 812 281 καὶ

33 295 218 330 δουλοπρεπεῖς
242 295 388 331 ὑπολήῲεις
409 298 589 332 κατάγοντες,
615 299 659 325 τὸν
676 300 744 335 πρὸς
763 300 811 336 τὴν

34 340 136 375 Μαρίαν
157 340 203 367 τοῦ
227 341 328 375 Κυρίου
350 341 443 376 λόγον,
461 343 490 369 ὃν
511 343 579 379 μετὰ
595 344 643 379 τὴν
666 346 811 371 ἀνάστασιν

35 385 82 418 πρὸ
104 384 151 420 τῆς
172 385 263 411 ἀνόδου
286 386 429 422 πεποίηται
442 387 545 422 λέγων,
569 389 616 424 Μή
627 398 687 424 μου
703 390 810 421 ἅπτου,

34 430 111 455 οὐπω
124 430 177 464 γὰρ
193 430 359 464 ἀναϐέϐηκα
371 431 445 465 πρὸς
459 433 512 458 τὸν
528 434 640 468 Πατέρα
667 443 741 469 μων
757 444 811 461 πο-

30 475 145 508 ρεύθητι
162 475 195 501 δὲ
207 476 281 508 πρὸς
299 476 370 508 τοὺς
381 477 531 511 ἀδελφούς
543 487 603 513 μου
617 480 666 506 καὶ
683 480 747 506 εἰπὲ
757 481 810 506 αὐ-

35 519 97 552 τοῖς,
113 519 157 546 ὅτι
169 521 318 548 ἀναϐαίνω
341 522 415 556 πρὸς
429 523 482 549 τὸν
495 523 609 558 Πατέρα
619 533 679 558 μου
690 525 737 551 καὶ
752 526 810 551 Πα-

33 565 97 598 τέρα
117 565 209 600 ὑμῶν,
229 566 279 592 καὶ
301 568 373 594 Θεόν
388 577 466 602 μου,
489 569 539 596 καὶ
558 571 632 596 Θεὸν·
647 571 739 605 ὑμῶν.
755 570 811 605 Τὴν

35 611 82 645 μὲν
95 609 139 637 οὖν
154 612 251 646 εὐσεῦῆ
264 613 318 638 τῶν
332 613 483 649 εἰρημένων
498 615 626 648 διάνοιαν,
642 616 701 642 καθ’
714 617 746 651 ἣν
761 625 810 643 πε-

35 657 213 692 πιστεύκαμεν
226 659 349 694 εἰρῆσθαι
363 660 449 686 ταῦτα
463 661 530 696 πρὸς
543 661 591 696 τὴν
608 662 727 697 Μαρίαν,
745 664 811 697 πρό-

32 702 104 735 δηλον
118 700 194 738 οἶμαι
209 705 264 736 τοῖς
285 705 515 740 παραδεξαμένοις
530 707 558 732 ὲν
573 706 685 742 ἀληθείᾳ
703 708 752 742 τὴν
768 708 811 734 πί-

34 756 86 773 στιν
99 756 104 762 ·
117 749 330 784 προστεθήσεται
348 750 375 775 δὲ
391 743 468 785 ὅμως.
480 752 526 778 καὶ
541 753 605 787 παρ’
622 753 700 787 ἡμῶν
717 754 730 779 6
747 754 811 788 περὶ

33 792 122 819 τούτου
136 793 215 828 λόγος
229 795 257 821 ὲν
273 794 312 829 τῷ
326 795 470 830 καθήκοντι
486 796 569 832 τόπῳ.
584 798 657 828 Τέως
673 798 700 824 δὲ
717 799 811 833 μαθεῖν

33 837 101 870 ἄξιον
125 839 202 874 παρὰ
223 840 277 865 τῶν
306 841 494 876 προφερόντων
521 843 585 877 ἡμῖν
608 843 657 874 τὰς
684 843 810 875 τοιαύτας

34 884 117 916 φωνὰς
128 904 134 912 .
152 884 193 910 ὅτι
209 884 238 910 τὸ
263 885 405 911 ἀναϐαῖνον
427 887 474 912 καὶ
497 887 526 912 τὸ
547 887 698 922 ὁρώμενον,
719 889 765 914 καὶ
780 887 810 914 τὸ
827 886 845 913 Β

32 928 70 954 διὰ
88 928 136 963 τῆς
157 929 229 964 ἁφῆς
251 930 447 965 γνωριζόμενον
462 932 508 958 καὶ
522 931 561 958 ἔτι
581 933 649 968 πρὸς
661 934 765 965 τούτοις
780 933 810 960 τὸ

32 975 81 1006 τοῖς
102 974 254 1010 ἀνθρώποις
276 976 320 1002 διὰ
342 977 391 1010 τῆς
417 977 593 1014 ἀδελφότητος
617 980 808 1013 οἰκειούμενον,

33 1017 82 1056 ἆρα
95 1020 141 1056 τῆς
157 1021 242 1053 Θείας,
261 1022 277 1057 ἢ
294 1022 343 1058 τῆς
357 1023 529 1059 ἀνθρωπίνης
544 1024 651 1059 φύσεως
666 1026 729 1052 ἴδιον
741 1024 810 1054 εἷναι

32 1063 191 1098 νομίζουσιν.
211 1066 242 1092 El.
275 1066 323 1101 μὲν
345 1067 399 1102 γὰρ
419 1068 576 1104 ψηλαφητὸν
591 1070 637 1096 καὶ
652 1071 746 1105 ὁρατὸν
765 1072 810 1097 καὶ

33 1109 126 1144 βρώσει
145 1111 193 1137 καὶ
208 1111 286 1137 πόσει
307 1112 502 1148 διοικούμενον,
518 1115 563 1141 καὶ
579 1116 633 1146 τοῖς
659 1115 811 1151 ἀνθρώποις

33 1156 155 1190 ὁμογενὲς
174 1157 222 1183 καὶ
241 1157 361 1192 ἀδελφὸν,
382 1159 427 1185 καὶ
444 1159 493 1185 ὅσα
509 1161 572 1194 περὶ
588 1160 636 1196 τὴν
654 1162 811 1197 σωματικὴν

34 1201 176 1235 καθορᾶται
198 1202 286 1237 φύσιν.
308 1204 395 1230 πάντα
416 1204 500 1230 ταῦτα
520 1206 567 1231 καὶ
584 1206 612 1231 ἐν
629 1206 735 1241 θεότητι
751 1207 811 1241 βλέ-

34 1253 122 1278 πουσι,
143 1246 299 1280 λεγέτωσαν
324 1248 387 1284 περὶ
413 1248 458 1274 τοῦ
483 1250 641 1284 μονογενοῦς
673 1251 739 1277 θεοῦ
764 1252 811 1278 καὶ

35 1292 123 1325 ταῦτα,
139 1292 188 1318 καὶ
207 1292 257 1319 ὅσα
270 1293 408 1327 βούλονται
429 1295 650 1330 μαρτυρείτωσαν
665 1295 748 1331 αὐτῷ,
764 1297 811 1322 καὶ

33 1337 76 1373 τὴν
89 1339 253 1374 πορευτικὴν
267 1339 416 1374 ἐνέργειαν,
433 1340 478 1366 καὶ
488 1340 536 1375 τὴν
548 1341 662 1376 τοπικὴν
679 1342 812 1376 μετάστα-

33 1392 81 1415 σιν,
106 1384 176 1420 ὅπερ
199 1384 264 1411 ἴδιον
286 1385 340 1411 τῶν
362 1386 391 1411 ὲν
420 1385 525 1419 σώματι
548 1387 810 1422 περιγεγραμμένων

33 1428 108 1456 ἐστίν.
133 1428 167 1456 Εἰ
186 1429 214 1456 δὲ
234 1430 248 1456 6
267 1429 315 1465 μὲν
332 1429 375 1456 διὰ
390 1429 440 1465 τῆς
461 1431 570 1466 Μαρίας
586 1431 708 1466 ἀδελφοῖς
723 1433 811 1460 διαλέ-

33 1482 113 1507 γεται,
130 1475 143 1501 6
160 1474 189 1501 δὲ
208 1474 360 1510 Μονογενὴς
376 1475 505 1510 ἀδελφοὺς
520 1477 570 1503 οὐκ
593 1477 661 1511 ἔχει’
680 1477 737 1510 πῶς
758 1479 811 1514 γὰρ

33 1518 63 1544 ἂν
74 1520 102 1546 ὲν
114 1519 238 1553 ἀδελφοῖς
250 1520 279 1545 τὸ
293 1520 434 1554 μονογενὲς
444 1519 613 1553 διασιῦζοιτος
633 1522 686 1548 Καὶ
700 1522 714 1548 ὁ
728 1522 811 1549 εἰπὼν

33 1565 145 1599 Πνεῦμα
158 1566 177 1591 ὁ
194 1564 274 1597 Θεὸς,
289 1565 354 1600 φησὶ
371 1565 438 1601 πρὸς
456 1565 518 1597 τοὺς
536 1566 658 1602 μαθητὰς
680 1569 694 1595 ό
720 1568 809 1600 αὐτὸς.
825 1557 846 1584 c

32 1609 68 1635 ὃτι
86 1609 290 1643 Ψηλαφήσιιτέ
301 1618 349 1644 με,
365 1609 407 1636 ἵνα
424 1610 498 1645 δείξῃ
515 1611 555 1637 ὅτι
569 1611 715 1647 ψηλαφητὴ
731 1613 780 1647 μὲν
795 1614 811 1648 ἡ

33 1655 183 1690 ἁνθρωπῖνη
196 1655 284 1689 φύσις,
300 1656 400 1690 ἀναφὲς
412 1656 439 1682 δὲ
456 1656 487 1682 τὸ
501 1656 581 1684 θεῖον.
606 1658 659 1684 Καὶ
679 1659 693 1685 ὁ
716 1660 811 1691 εἰπὼν,

34 1701 203 1734 Πορεύομιιι,
218 1702 266 1735 τὴν
274 1702 389 1736 τοπικὴν
403 1701 574 1737 διασημαίνει
589 1703 762 1738 μετάστασιν,
783 1705 811 1733 Ὀ

33 1746 58 1771 δὲ
78 1746 111 1773 τὰ
128 1747 217 1773 πάντα
234 1747 486 1783 συμπεριειληφὼς,
509 1749 538 1775 ἐν
549 1745 581 1781 ᾧ,
599 1748 689 1781 καθώς
704 1759 784 1785 φησιν
799 1752 812 1777 6

40 1793 209 1825 Ἀπὸσςολυς,
225 1792 335 1827 ἐκτίσθη
353 1793 387 1819 τὰ
401 1793 504 1826 πάντα,
525 1795 571 1820 καὶ
594 1795 622 1820 ὲν
635 1792 656 1828 ᾧ
678 1796 710 1822 τὰ
725 1797 812 1823 πάντα

35 1838 204 1873 συνέστηκεν,
216 1838 291 1864 οὐδὲν
311 1839 339 1864 ὲν
355 1839 411 1870 τοῖς
426 1836 500 1865 οὖσιν
517 1839 569 1871 ἔξω
581 1839 675 1866 ἑαυτοῦ
691 1840 756 1875 ἔχει,
774 1843 812 1873 εἰς

34 1882 46 1908 ὃ
70 1884 137 1910 κατᾶ
159 1892 220 1910 τινα.
243 1883 349 1919 κίνησιν
369 1885 384 1918 ἡ
408 1885 595 1920 μεταχώρησις
615 1887 727 1920 γίνεται.
746 1889 812 1914 Οὐδὲ

35 1930 85 1964 γὰρ
108 1927 180 1955 ἔστιν
207 1928 307 1964 ἑτέρως
326 1929 471 1964 ἐνεργῆσαι
493 1930 541 1965 τὴν
565 1931 679 1965 κίνησιν,
706 1933 742 1967 μὴ
767 1934 811 1959 τοῦ

36 1974 227 2009 μεθισταμένου
241 1974 286 2000 τὸν
309 1975 359 2009 μὲν
373 1976 401 2001 ἐν
416 1971 438 2008 ᾧ
451 1973 484 2010 ἦν
498 1976 702 2009 ἀπολείποντος,
720 1978 813 2014 ἕτερον

33 2018 58 2044 ὀὶ
76 2019 317 2055 ἁντιλαμὸάνοντος
335 2020 427 2048 τόπον.
449 2021 485 2047 Τὸ
506 2021 534 2048 δὲ
549 2022 592 2048 διὰ
606 2023 712 2049 πάντων
735 2022 811 2060 ἧκον,

34 2066 75 2091 καὶ
94 2067 121 2092 ἐν
143 2067 227 2092 πᾶσιν
248 2066 287 2098 ὂν,
307 2067 353 2093 καὶ
380 2066 470 2093 πάντα.
492 2069 683 2103 περικρατοῦν,
701 2071 747 2096 καὶ
768 2071 813 2097 ὑπ’

32 2111 132 2143 οὐδενὸς
147 2112 202 2137 τῶν
224 2112 307 2138 ὄντων
332 2113 562 2148 περιειργόμενον,
580 2115 628 2141 οὐκ
654 2116 725 2150 ἔχειν
747 2117 812 2143 ὅπου

34 2158 228 2193 μεταχωρήσει,
244 2157 282 2192 τῷ
299 2158 382 2193 μηδὲν
404 2156 473 2184 εἶναι
492 2159 568 2185 κενὸν
582 2160 716 2187 τοῦοείου
744 2163 812 2197 πλη-

34 2200 164 2236 ρώματος.
184 2202 246 2234 Πῶς
264 2203 455 2235 καταλιπόντες
475 2201 547 2230 οὗτοι
564 2205 594 2231 τὸ
612 2207 643 2232 ἐκ
657 2206 703 2232 τοῦ
720 2216 812 2241 φαινο-

34 2246 109 2279 μένου
124 2246 174 2278 τὰς
196 2247 286 2281 φωνὰς
311 2247 448 2281 γίνεσθαι.
475 2248 574 2280 ταύτας
591 2251 622 2283 τῇ
639 2249 697 2285 θείᾳ
718 2260 746 2276 τε
767 2253 814 2278 καὶ

33 2291 200 2328 ὑπερεχούσῃ
214 2293 300 2319 πάντα
321 2293 382 2319 νοῦν
401 2294 584 2329 ἐςαρμόζουσι
601 2296 693 2328 φύε-εκ
720 2298 814 2332 Σαφῶς

33 2335 75 2362 τοῦ
96 2337 256 2364 ’Λποστόλου
280 2337 309 2363 ἐν
330 2339 363 2372 τῇ
387 2338 454 2372 πρὸς
480 2338 636 2375 ’Λοηναίους
661 2341 815 2377 δημηγορίᾳ

32 2383 146 2410 τοιοῦτον
162 2383 380 2418 ἀπαγορεύοντος
394 2384 439 2410 ἐπὶ
453 2384 520 2410 Θεοῦ
541 2385 669 2420 νομίζειν.
696 2388 740 2418 Ὠς
755 2389 815 2423 οὐχὶ

31 2428 72 2454 διὰ
91 2429 273 2464 ψηλαφήσεως
293 2429 489 2464 εὑρισκομένης
503 2431 552 2465 τῆς
568 2432 640 2463 θείας
662 2432 812 2468 δυνάμεως,

33 2473 96 2499 ἀλλὰ
111 2474 155 2501 διὰ
170 2474 267 2509 νοητῆς
284 2475 398 2509 θεωρίας
413 2476 459 2501 καὶ
474 2476 600 2507 πίστεως,
616 2477 631 2511 ἦ
647 2477 726 2504 πάλιν
740 2480 754 2505 ὁ
770 2480 813 2514 βε-

33 2518 143 2553 ϐρωκὼς
158 2520 188 2545 ὲν
199 2519 345 2554 ὀφθαλμοῖς
362 2520 415 2545 τῶν
432 2520 568 2555 μαθητῶν,
585 2523 599 2547 6
614 2523 814 2559 ἐπαγγειλάμε-

35 2571 74 2592 νος
84 2564 112 2589 ὲν
125 2565 158 2598 τῇ
175 2564 303 2599 Γαλιλαίᾳ
322 2565 448 2599 προάξειν
463 2574 491 2591 τε
508 2567 552 2592 καὶ
562 2567 738 2602 ὀφθήσεσθαι,
754 2571 812 2597 τίνα

33 2607 75 2633 τὸν
85 2608 268 2643 ὀφθησόμενον
290 2610 380 2640 αὐτοῖς
407 2610 519 2644 timuit;
543 2609 615 2647 Ἀρςι
631 2613 675 2640 τὸν
693 2615 767 2645 Θεὸν,
787 2616 812 2642 ὂι

33 2652 90 2679 ιιῦτε
106 2654 213 2688 ἑώρακέ
228 2663 278 2685 τις,
293 2654 353 2680 οὔτε
369 2655 430 2681 ἰδεῖν
443 2656 567 2687 advocat;
588 2659 622 2684 Ἢ
638 2660 681 2685 τὸν
697 2668 811 2695 σωματι-

34 2697 77 2741 αδν
92 2700 263 2734 χαρακτῆρα,
278 2700 410 2732 τουτέστι,
428 2701 476 2736 τὴν
488 2702 535 2728 τοῦ
549 2703 642 2730 δούλου
659 2707 774 2741 μορφὴν,
786 2708 814 2733 ἐν

34 2740 94 2780 ᾖῆν
111 2745 125 2770 ὀ
146 2745 226 2777 Θεόςς
247 2746 277 2772 Εἰ
294 2746 382 2773 τοίνδν
394 2747 516 2783 φανερῶς
533 2749 576 2775 διὰ
592 2750 645 2776 τῶν
664 2740 815 2787 εἰρημένων

85 2836 93 2851 ί
113 2835 194 2864 Joan.
220 2845 262 2870 xx,
285 2838 324 2864 t7.
365 2837 459 2866 'Joan.
476 2847 512 2872 tv,
532 2838 576 2866 22.

558 148 697 176 CONTRA
716 149 911 184 EUNOMIUM,
934 151 998 179 LIB.
1015 153 1072 179 XII.

1595 154 1647 183 886

859 210 958 238 Putant
977 212 1049 239 enim
1067 212 1282 240 valentissimam
1310 212 1572 240 demenstratiuncm
1601 221 1648 240 eo-

862 263 922 282 rum
944 264 1004 291 qua:
1021 260 1147 284 asserunt
1180 257 1289 287 habere,
1310 257 1356 291 qui
1388 256 1526 290 Uuigeniti
1553 258 1646 292 gloriae

863 301 1031 336 majestatem
1048 301 1080 328 ad
1102 301 1218 329 lunniles
1231 306 1255 328 et
1274 302 1386 328 serviles
1414 302 1555 336 opiniones
1572 302 1644 329 redi-

861 352 938 382 gunt,
955 347 1065 373 verbum
1081 346 1186 373 Domini
1205 346 1238 373 ad
1254 346 1376 377 Mariam,
1392 347 1464 381 quod
1480 351 1540 381 post
1555 355 1647 374 resur-

863 393 1011 419 rectionem
1027 397 1089 419 ante
1105 393 1292 419 ascensionem
1309 392 1372 420 fecit
1388 393 1482 421 dicens
1496 403 1502 420 :
1521 393 1586 420 Noli
1608 402 1647 420 me

862 444 977 473 (angere,
998 438 1114 464 nondum
1129 438 1197 464 enim
1228 437 1336 463 ascendi
1355 438 1389 463 ad
1416 437 1524 464 Patrem
1540 445 1646 464 meum:

861 484 906 511 sed
925 483 989 510 vade
1020 482 1054 509 ad
1072 483 1167 517 fratres
1187 490 1257 509 meos
1286 486 1310 508 et
1327 482 1369 508 dic
1393 483 1450 509 eis:
1466 483 1584 509 Ast-endo
1613 484 1647 509 ad

861 529 969 556 Putrem
990 536 1074 555 meum
1089 533 1113 554 cl
1130 528 1237 555 Patrem
1253 531 1377 559 vestrum,
1404 527 1486 554 Deum
1500 536 1601 560 meum,
1621 534 1644 555 et

861 574 946 602 Deum
961 580 1074 602 vestrum
1088 574 1106 600 '.
1125 573 1199 601 Piam
1226 573 1308 608 igitur
1324 574 1420 600 horum
1437 574 1570 600 dictarunt
1584 582 1646 600 sen-

862 622 985 652 tentiam,
1001 620 1152 648 secundum
1181 627 1263 653 quant
1294 618 1461 647 credidimus
1492 619 1547 645 haec
1574 619 1645 645 dicta

861 675 923 695 esse
940 667 972 694 ad
989 667 1113 698 Mariam,
1135 666 1326 700 prrecognitam
1352 665 1395 692 his
1419 665 1465 699 qui
1491 665 1517 691 in
1536 665 1648 692 veritate

863 713 941 740 fidem
957 715 1121 746 acceperunt
1136 711 1272 743 arbitror;
1288 710 1467 737 nihilominus
1482 715 1571 737 tamen
1584 710 1647 745 quid

861 758 894 785 de
906 765 938 785 eo
955 757 1102 784 dicendum
1118 756 1153 783 sit
1176 763 1208 782 ac
1234 756 1415 787 sentiendum,
1445 757 1504 783 loco
1522 764 1644 790 congruo

862 811 1058 839 proponemus.
1076 802 1179 830 Interea
1196 806 1286 829 autent
1317 802 1351 829 ab
1368 802 1410 829 his
1436 803 1483 837 qui
1512 803 1561 830 has
1581 803 1648 829 tales

862 858 944 878 voces
960 850 1039 877 nobis
1055 849 1209 884 proferunt,
1225 855 1314 883 opera:
1334 849 1450 882 pretium
1468 853 1509 875 est
1522 849 1647 875 discere:

861 904 895 923 an
923 896 948 923 id
967 895 1039 930 quod
1066 895 1190 922 ascendit
1216 899 1243 921 et
1271 893 1343 929 quod
1374 894 1493 925 videtur,
1521 894 1650 928 quodque

860 946 935 970 tactu
962 942 1144 977 dignoscitur,
1171 944 1303 975 pra-terea
1319 940 1392 975 quod
1418 940 1576 967 hominibus
1603 948 1650 974 per

860 988 1057 1016 fraternitatem
1074 991 1220 1023 cognatum
1251 990 1304 1023 est,
1323 986 1432 1017 divinaz,
1464 987 1503 1013 vel
1522 986 1646 1012 humatue

862 1039 966 1061 natura:
978 1033 1116 1068 proprium
1132 1040 1194 1059 esse
1209 1036 1313 1059 rentur.
1339 1031 1367 1058 Si
1389 1031 1460 1058 enim
1485 1031 1558 1066 quod
1586 1035 1642 1058 tra-

860 1083 952 1107 ctatur
968 1083 995 1107 et
1011 1079 1128 1109 videtur,
1145 1083 1172 1105 et
1197 1078 1258 1105 cibo
1273 1081 1299 1105 et
1330 1082 1394 1112 potu
1423 1078 1604 1108 ministratur,
1623 1081 1648 1103 ct

861 1116 1181 1158 hominihus'cognatum
1199 1127 1225 1150 et
1238 1130 1398 1158 germanum
1412 1144 1420 1156 ,
1435 1125 1462 1149 et
1480 1130 1648 1157 qumcunque

862 1171 888 1197 in
905 1170 1039 1204 corporali
1057 1173 1152 1196 natura
1169 1173 1328 1200 cernuntur,
1348 1167 1403 1194 haec
1417 1167 1507 1194 onmia
1522 1168 1602 1194 etiam
1616 1168 1643 1194 in

861 1215 1003 1242 divinitate
1030 1218 1170 1248 spectant,
1189 1213 1222 1240 de.
1246 1213 1385 1247 unigenito
1417 1211 1471 1240 Deo
1487 1213 1543 1239 haec
1566 1213 1646 1239 etiam

861 1260 963 1292 dicant,
997 1264 1023 1287 et
1054 1267 1223 1294 qmecunque
1254 1259 1347 1285 volunt
1376 1259 1400 1285 ei
1434 1259 1596 1290 attribuant,
1620 1262 1646 1284 et

861 1306 1017 1333 ambulandi
1066 1311 1156 1332 actum
1204 1309 1230 1332 et
1278 1305 1390 1331 localem
1438 1304 1645 1338 migrationem.

862 1351 936 1385 quod
969 1351 1077 1385 quidem
1118 1354 1160 1377 est
1202 1350 1341 1384 proprium
1386 1357 1480 1375 eorum
1524 1357 1584 1384 qua:
1621 1349 1649 1376 in

862 1403 976 1431 corpore
987 1394 1194 1428 circumscripta
1208 1399 1281 1421 sunt.
1298 1394 1374 1426 Quod
1387 1394 1410 1420 si
1428 1394 1472 1420 ille
1484 1398 1525 1420 est
1539 1393 1584 1427 qui
1597 1400 1644 1427 per

864 1441 976 1468 Mariam
993 1448 1054 1468 cum
1079 1440 1208 1468 fratribus
1224 1440 1345 1472 disserit,
1372 1440 1533 1474 Uuigenitus
1557 1443 1648 1466 autem

864 1487 963 1514 fratres
974 1495 1029 1514 non
1044 1487 1140 1514 habet:
1152 1487 1289 1521 quomodo
1303 1486 1375 1513 enim
1391 1486 1418 1512 in
1435 1485 1566 1512 fratribus
1576 1484 1649 1519 quod

865 1534 1032 1569 unigenitum
1055 1538 1096 1561 est
1121 1532 1346 1560 conservaretur?
1364 1532 1395 1558 Et
1407 1532 1451 1566 qui
1474 1531 1553 1563 dixit,
1580 1531 1648 1558 Deus

864 1580 973 1614 spiritus
988 1584 1027 1606 est
1041 1579 1062 1610 ',
1080 1579 1151 1606 idem
1167 1578 1204 1605 ait
1223 1578 1256 1605 ad
1269 1578 1429 1612 discipulos,
1452 1576 1563 1610 Palpate
1578 1585 1616 1603 me
1628 1576 1648 1608 ',

865 1631 893 1653 ut
913 1626 1067 1653 ostenderet
1090 1625 1163 1659 quod
1187 1624 1330 1659 palpabilis
1349 1623 1458 1658 quidem
1482 1626 1578 1649 natura
1601 1622 1649 1649 hu-

865 1679 955 1702 mana,
972 1670 1044 1706 quod
1061 1675 1151 1697 autem
1171 1669 1292 1696 divinum
1310 1675 1360 1701 est,
1383 1673 1455 1696 laetu
1483 1669 1584 1703 percipi
1603 1676 1649 1695 ne-

865 1725 1001 1752 quaquam
1017 1720 1115 1751 potest.
1133 1715 1165 1742 Et
1179 1715 1224 1750 qui
1242 1714 1412 1747 dixit,Vado,
1435 1715 1547 1741 localem
1566 1714 1649 1749 signi-

864 1763 926 1789 fieat
940 1762 1145 1797 profectionem.
1157 1760 1208 1794 Qui
1219 1765 1308 1787 autent
1320 1759 1410 1786 omnia
1423 1760 1583 1794 complexus
1596 1762 1648 1789 est,
1681 1772 1685 1776 -

864 1806 890 1832 in
908 1814 971 1841 quo,
987 1806 1058 1833 sicut
1066 1805 1103 1832 ait
1114 1805 1270 1840 Apostolus,
1286 1808 1377 1831 creata
1389 1808 1452 1831 sunt
1466 1804 1569 1833 omnia.
1582 1808 1607 1830 et
1619 1803 1648 1830 iu

863 1858 917 1885 quo
933 1849 1127 1882 consistunt";
1153 1848 1220 1875 nihil
1240 1856 1333 1876 eorum
1349 1856 1409 1882 qua:
1425 1853 1489 1875 sunt
1511 1852 1586 1874 extra
1620 1855 1649 1874 se

865 1897 952 1930 ipsum
966 1895 1059 1928 habet,
1080 1895 1112 1922 ad
1128 1894 1201 1929 quod
1214 1897 1288 1921 motu
1304 1894 1394 1927 aliquo
1407 1894 1492 1928 possit
1510 1893 1646 1920 secedere.

864 1942 956 1976 Neque
975 1941 1047 1968 enim
1063 1941 1140 1968 aliter
1155 1945 1256 1967 motum
1273 1939 1329 1966 fieri
1349 1939 1492 1973 contingit,
1511 1939 1561 1965 nisi
1578 1938 1647 1972 qliod

865 1986 1049 2020 trausmigrat,
1071 1993 1131 2012 eum
1159 1985 1268 2018 quidem
1293 1985 1318 2010 in
1344 1991 1398 2018 quo
1416 1988 1484 2014 erat,
1502 1984 1648 2017 relinquat,

865 2031 978 2058 alterius
997 2037 1060 2056 vero
1079 2029 1167 2056 locant
1185 2032 1310 2062 occupet.
1329 2028 1405 2060 Quod
1423 2033 1512 2054 autent
1531 2036 1576 2062 per
1591 2035 1649 2054 om-

866 2077 909 2102 nia
926 2079 1058 2110 penetrat,
1073 2079 1099 2101 et
1115 2074 1141 2100 in
1158 2073 1286 2100 omnibus
1304 2076 1356 2104 est,
1373 2077 1399 2100 et
1413 2073 1503 2100 omnia
1515 2073 1646 2103 continet,

865 2127 890 2148 et
906 2130 919 2147 τι
937 2121 1010 2147 nullo
1032 2127 1125 2147 eorum
1150 2126 1210 2154 qua:
1237 2123 1300 2144 sunt
1328 2118 1572 2149 circumscribitur,
1594 2127 1647 2145 non

866 2167 945 2192 habet
957 2173 1011 2200 quo
1025 2165 1211 2199 trausmigret,
1227 2165 1289 2198 quia
1303 2164 1370 2191 nihil
1383 2163 1420 2190 sit
1430 2165 1509 2191 inane
1521 2169 1547 2191 et
1558 2165 1647 2191 divina

831 2221 849 2246 ι)
865 2211 1031 2247 plenitudine
1051 2219 1174 2237 vacuum.
1190 2210 1248 2242 Quo
1262 2209 1340 2236 modo
1360 2210 1403 2235 isti
1418 2210 1586 2242 amittentes,
1600 2210 1649 2238 has

865 2265 946 2284 voces
964 2257 1020 2284 fieri
1043 2257 1077 2283 ab
1094 2264 1126 2282 eo
1141 2256 1213 2290 quod
1229 2256 1351 2282 cernitur
1365 2260 1390 2282 cl
1408 2260 1519 2290 apparet
1536 2257 1650 2292 (netlipe

865 2304 899 2330 ab
917 2303 1086 2329 humanitate
1106 2301 1234 2333 Christi),
1250 2301 1299 2327 bas
1318 2301 1417 2326 divina:
1438 2306 1465 2326 et
1480 2309 1586 2328 onmem
1609 2302 1649 2328 itt-

864 2349 1002 2376 tellectum
1018 2347 1157 2382 superanti
1173 2351 1276 2374 natium
1291 2346 1446 2381 applicant?
1460 2347 1528 2374 Cum
1538 2348 1650 2382 Aposto-

864 2395 907 2422 lus
923 2398 1015 2428 aperte
1033 2394 1059 2420 iu
1076 2393 1207 2420 concinite
1227 2393 1260 2418 ad
1277 2393 1457 2419 Athenienses
1473 2393 1505 2420 de
1526 2393 1580 2420 Deo
1596 2394 1650 2420 tale

865 2440 1009 2475 prohibeat
1032 2439 1188 2466 existimare
1200 2438 1221 2464 ⁵.
1238 2438 1307 2470 Quia
1325 2446 1378 2464 non
1395 2446 1443 2472 per
1469 2439 1648 2472 palpationem

866 2489 892 2512 et
906 2489 1006 2511 tactum
1022 2484 1062 2511 vis
1078 2483 1169 2510 divina
1186 2483 1334 2515 invenitur,
1353 2483 1399 2510 sed
1416 2491 1462 2517 per
1481 2484 1649 2510 intellectua-

867 2530 917 2557 lem
942 2529 1196 2563 contemplationem
1213 2533 1238 2555 et
1257 2528 1346 2559 fidem,
1369 2529 1410 2555 vel
1435 2536 1529 2555 rursus
1544 2528 1588 2562 qui
1608 2536 1650 2554 co-

867 2574 949 2600 medit
966 2574 992 2600 in
1018 2574 1106 2600 oculis
1124 2573 1333 2607 discipulorum,
1359 2577 1385 2600 et
1408 2575 1452 2607 qui
1480 2573 1602 2607 promisit
1622 2573 1648 2599 in

864 2618 972 2646 Galilma
987 2627 1016 2646 se
1037 2627 1233 2654 praecessurum
1248 2623 1274 2645 et
1296 2619 1380 2645 visunt
1399 2618 1441 2649 iri,
1458 2627 1536 2653 quem
1556 2619 1650 2645 viden—

865 2664 928 2690 dum
954 2664 1021 2698 ipsis
1046 2664 1199 2697 significat?
1215 2662 1254 2689 An
1280 2663 1379 2688 ntrlllll?
1398 2671 1477 2697 quem
1496 2671 1575 2690 neum
1599 2671 1649 2689 uu-

865 2717 946 2744 quam
970 2710 1047 2741 vidit,
1074 2718 1161 2744 neque
1179 2709 1268 2736 videre
1293 2709 1418 2743 potest"?
1435 2717 1467 2734 an
1491 2700 1649 2743 corpoream

870 2757 993 2790 figuram,
1009 2757 1059 2783 hoc
1076 2761 1126 2787 est,
1150 2755 1220 2782 servi
1239 2755 1352 2781 formam
1369 2755 1394 2781 in
1418 2763 1470 2789 qua
1489 2760 1548 2781 erat
1567 2754 1649 2780 Deus?

635 2841 643 2855 ¹
664 2839 729 2868 Luc.
752 2850 811 2868 Ml"

863 2843 883 2871 3.
925 2844 933 2859 ‘
959 2844 1047 2876 (101.1,
1065 2845 1105 2871 l7.
1145 2846 1224 2872 5Act.
1251 2854 1314 2879 xm,
1338 2845 1370 2871 25
1408 2845 1502 2873 ‘Joan.
1522 2853 1540 2878 ι,
1557 2845 1596 2873 18.
