1923 3071
254 131 303 159 θυι

853 125 881 153 5.
902 125 1065 154 GREGORII
1086 126 1106 153 Ν
1113 125 1231 154 YSSENI

1827 123 1873 151 89!

253 188 375 224 Apostoli
387 193 605 218 sermonem,uoa
615 190 719 220 raptum
733 185 765 211 iri
777 185 804 211 in
818 184 928 211 nubibus
939 185 1022 211 obviat

1074 185 1186 220 ,βρίθον
1211 186 1257 212 τοῦ
1284 187 1421 221 σιὶματος,
1447 185 1565 220 διαέριον
1589 184 1634 211 ἐπὶ
1657 184 1717 216 τοὺς
1745 182 1871 216 copam»:

254 232 359 260 Christo
374 233 401 258 in
417 239 480 258 acra
493 231 514 246 "
527 238 533 256 :
548 231 588 259 sic
603 239 664 258 cum
680 230 834 258 audivimus
846 231 918 265 quod
932 235 1036 258 nostrzr

253 286 314 305 rum
341 277 523 312 primitiarum
549 276 630 304 Pater
649 281 677 304 et
700 277 770 304 Deus
797 276 884 304 factus
910 280 963 308 est,
993 277 1038 311 qui

252 332 332 351 Verus
347 327 389 351 est
415 323 485 350 Deus
507 328 534 351 et
551 322 641 354 Pater,
671 330 724 350 non
740 322 857 357 amplius
874 322 1038 357 amhigimus

250 369 375 396 emndem
393 373 420 396 et
434 372 558 396 nostrum
572 367 680 394 Patrem
698 371 726 394 et
748 366 831 393 Deum
849 366 950 393 factum
965 374 1035 399 esse,

250 415 296 449 qui
326 415 473 442 didicimus
499 414 571 448 quod
599 413 722 440 eamdem
746 413 816 440 viam
841 413 1034 448 ingrediemur,

249 469 330 496 quam
359 466 453 488 noster
479 469 632 495 praecursor
654 467 703 495 pro
720 459 798 487 nobis
824 459 966 494 ingressus
994 463 1037 486 est

248 507 384 534 Christus.
403 507 479 540 Quod
493 512 583 534 autem
600 515 647 542 per
664 507 805 533 mulierem
823 505 956 540 ejusmodi
975 513 1036 540 gra-

248 553 285 579 tia
307 553 486 587 signiﬁcetur,
519 553 570 580 hoc
596 553 685 586 ipsqu
708 552 788 578 etiam
815 558 967 578 consonum
993 555 1035 578 est

247 598 352 625 notioni
384 598 507 625 redditae.
538 597 684 630 Quoniam,
712 597 782 624 sicut
809 597 847 623 ait.
874 597 1033 630 Apostolus,

247 644 343 670 mulier
356 643 464 670 seducta
479 644 504 670 in
516 643 732 676 pra-t'aricntione
749 642 798 677 fuit
812 643 848 674 ”;
866 647 893 669 et
907 642 1034 669 deiectio-

246 688 290 715 nis
303 696 317 714 a
334 689 386 715 Deo
401 697 461 723 quze
476 696 523 722 per
537 689 747 715 inohedicntiam
764 687 833 714 facta
848 692 890 714 est
905 687 959 714 dux
972 687 1030 714 fuit:

245 734 349 761 idcirco
369 734 578 761 resurrectionis
606 734 691 768 prima
707 733 736 760 fit
759 734 845 765 testis,
873 738 901 760 ut
925 733 1032 759 ruinam

245 787 306 814 qua:
320 788 353 806 ex
369 779 592 815 prmvarieatione
607 784 700 807 secuta
714 783 765 811 est,
786 787 833 813 per
848 779 927 806 [idem
942 786 1032 806 resur-

243 826 374 853 rectionis
390 825 516 860 erigeret.
535 825 565 851 Et
580 825 808 860 quemadmodum
826 833 982 852 sermonum
997 824 1031 851 ab

1092 231 1191 262 ἰδόντες
1207 231 1355 266 φερόμενον
1368 251 1376 264 ,
1401 231 1562 266 πιστεύομεν
1581 229 1650 257 κατὰ
1666 230 1711 256 τὸν
1724 228 1776 255 τοῦ
1798 228 1871 253 Ἀπο-

1091 275 1182 302 στὸλου
1205 275 1282 310 λόγον
1303 277 1350 303 καὶ
1373 276 1454 312 ἡμεῖς
1482 275 1709 310 ἀρπιιγήσεσθαι
1735 274 1774 300 ἐν
1796 273 1870 306 νεμέ-

1089 323 1157 354 λαις
1172 323 1215 353 εις
1238 321 1411 355 ἀπάντησιν
1426 321 1477 348 τοῦ
1493 322 1601 355 Κιψίου
1623 321 1667 353 εις
1680 319 1766 352 ἀέρα.
1783 317 1869 347 Οὕτως

1089 367 1238 402 ἀκηκοότες
1250 388 1257 400 ,
1274 368 1315 394 ὅτι
1335 367 1384 403 τῆς
1405 367 1541 402 ἡμετέρας
1557 366 1684 402 ἀπαρχῖπ
1705 364 1803 399 Πατὴρ
1828 364 1868 389 καὶ

1087 413 1154 445 Θεὸς
1182 413 1294 447 γέγονεν
1319 414 1333 440 ὁ
1351 413 1476 448 ἀληθινὸς
1497 413 1562 444 Θεὸς
1586 412 1631 439 καὶ
1652 411 1768 446 Πατὴρ,
1783 410 1868 436 οὐκέτι

1085 459 1291 494 ἅμφιὸἁλλομεν
1304 480 1311 491 ,
1331 459 1377 486 τὸν
1390 460 1471 486 αὑτὸν
1484 460 1531 486 καὶ
1553 459 1685 494 ἡμέτερον
1700 458 1814 492 Πατέρα
1827 457 1867 483 καὶ

1085 505 1151 531 Θεὸν
1171 505 1314 539 γενέσθαι,
1345 504 1475 540 μαθόντες
1502 505 1542 530 ὃτι
1563 505 1603 535 είς
1628 504 1677 538 τὴν
1706 503 1795 537 αὐτὴν
1820 503 1868 528 εἱσ-

1084 551 1250 586 ελευσόμεθα
1260 571 1267 583 ,
1282 551 1348 578 ὅπου
1366 551 1518 586 πρόδρομος
1533 550 1604 586 ὑπὲρ
1617 549 1694 585 ἡμῶν
1716 549 1866 583 είσῆλθενὸ

1083 596 1209 631 Χριστός.
1225 596 1261 622 Τὸ
1277 597 1306 623 δὲ
1329 595 1373 622 διὰ
1396 595 1524 630 γυναικὸς
1546 595 1594 630 τὴν
1610 596 1690 630 χάριν
1708 595 1864 630 inp-35:01:.

1083 644 1130 670 καὶ
1152 643 1218 670 αὐτὸ
1241 643 1385 678 σύμφωνόν
1412 643 1470 669 ἐστι
1493 643 1531 678 τῷ
1555 643 1711 669 ἁποόοθέντι
1744 643 1864 677 νοήματι.

1083 689 1191 724 Ἐπειδὴ
1208 689 1279 724 γὰρ,
1297 688 1387 718 καθώς
1404 697 1486 722 φησιν
1506 689 1520 714 ὁ
1541 689 1700 719 Ἀπόστολος
1712 709 1719 719 ,
1745 689 1775 715 Ἠ
1796 688 1864 722 γυνὴ

1081 735 1300 768 ἐξαπατηθεῖσα
1317 735 1351 761 ἐν
1365 734 1529 768 παραϐάσει
1544 735 1656 769 γέγονε,
1671 735 1718 760 καὶ
1736 735 1788 768 τῆς
1807 735 1864 761 ἀπο-

1082 781 1201 812 στάσεως
1215 781 1264 816 τῆς
1276 781 1329 807 ἀπὸ
1344 781 1390 807 τοῦ
1412 780 1479 807 Θεοῦ
1501 781 1545 808 διὰ
1560 782 1609 816 τῆς
1624 781 1771 816 παρακοῆς
1786 789 1863 815 προη-

1080 827 1201 862 γήσατο·
1223 826 1267 853 διὰ
1289 826 1369 853 τοῦτο
1391 826 1442 861 τῆς
1457 827 1629 858 ἀναστάσεως
1649 826 1750 862 πρώτη
1768 827 1862 860 γίνεται

243 871 321 897 initio
345 871 480 906 serpentis
504 870 539 898 ad
561 871 648 898 virum
669 871 794 897 ministra
819 875 847 897 et
873 869 1022 897 consiliarit

1083 872 1185 907 μάρτυς
1197 890 1204 902 ,
1219 871 1262 898 ἵνα
1285 871 1334 906 τὴν
1356 872 1388 897 ὲκ
1411 872 1463 906 τῆς
1477 871 1657 907 παραϐάσεως
1675 871 1863 906 καταστροφὴν

243 915 314 942 facta
327 916 359 946 ",
378 915 541 950 principium
559 915 620 941 mali
638 919 665 941 et
685 916 824 950 sequelam
840 915 902 942 vitm
918 915 1026 942 intulit:

242 961 283 987 sic
299 961 359 995 ejus
372 961 418 996 qui
430 961 510 988 morti
527 961 601 988 dedit
617 961 783 989 delectet-cm
798 961 956 993 draconem,
970 969 1027 988 ser-

242 1015 337 1034 mones
354 1007 388 1033 atl
410 1006 561 1042 discipulos
579 1007 729 1042 perferens,
747 1007 904 1034 hominibus
929 1007 982 1034 dux
1001 1010 1028 1034 et

241 1053 368 1087 princeps
387 1052 448 1080 ﬁdei
474 1052 636 1086 efﬁceretur,
662 1061 710 1088 per
731 1061 812 1087 qttam
830 1053 926 1080 merito
941 1052 1026 1087 prima

239 1098 337 1125 mortis
349 1098 458 1125 occasio
471 1098 641 1126 dissolvitur.
660 1097 712 1126 Sed
738 1098 884 1125 verisimile
896 1103 937 1125 est
954 1105 969 1124 a
982 1097 1026 1124 di-

239 1143 429 1178 ligentioribus
445 1143 578 1170 utiliorem
595 1144 715 1178 aliquam
733 1143 941 1178 explicationem
963 1152 1026 1178 pro-

239 1189 390 1224 positorutu
414 1197 494 1223 posse
516 1189 642 1216 inveniri.
659 1189 735 1222 Quod
758 1189 781 1215 si
799 1188 880 1216 etiam
897 1188 964 1215 nihil
983 1189 1025 1215 in-

238 1233 387 1264 veniretur,
415 1231 488 1258 illam
508 1236 598 1259 tamen
613 1240 673 1267 qua:
686 1233 720 1259 ah
736 1233 901 1260 adversariis
918 1232 1025 1267 profer-

237 1280 292 1309 tur,
311 1285 423 1312 prorsus
436 1277 552 1305 otiosam
565 1285 624 1305 esse
634 1283 661 1305 et
674 1279 793 1308 inanem,
810 1279 832 1305 si
848 1279 881 1305 ad
893 1286 952 1305 eant
965 1286 1024 1313 quae

237 1323 344 1350 inventa
367 1327 408 1350 est
427 1323 595 1355 conferatur,
617 1324 766 1358 quemlibet
792 1324 835 1359 pie
861 1325 1022 1351 sentientem

235 1369 446 1403 astipulaturum
464 1377 526 1396 esse
549 1369 678 1396 arbitror.
702 1369 748 1396 Illa
769 1371 877 1405 quidem
904 1371 936 1398 ad
956 1370 1022 1398 Uni-

233 1412 316 1446 geuiti
336 1412 429 1447 gloria:
455 1412 669 1440 destructionem
687 1414 801 1441 conficta
820 1419 873 1447 est,
900 1420 926 1442 et
954 1415 1022 1442 nihil

233 1454 365 1492 amplius:
383 1457 440 1484 haec
454 1465 517 1485 vero
530 1460 640 1492 (nostra
657 1459 776 1494 scilicet)
794 1460 953 1487 ceconomiua
965 1461 1022 1488 sive

232 1502 446 1538 dispensationis
456 1505 605 1531 secundum
615 1505 752 1531 hominem
765 1513 877 1540 sroputn
889 1507 1020 1538 continet,

234 1544 454 1573 lie-monstratum
469 1552 511 1574 est
527 1548 599 1574 enim
614 1548 686 1582 quod
699 1557 752 1575 nou
766 1549 809 1575 ille
823 1551 869 1584 qui
884 1551 954 1585 tangi
968 1558 1022 1577 non

233 1594 332 1625 potest,
353 1599 439 1625 neque
456 1593 645 1623 transmutari,
663 1601 752 1628 ireque
764 1595 868 1627 videri;
885 1597 930 1622 sed
950 1596 1021 1631 quod

232 1636 308 1663 cerui
320 1639 348 1664 et
362 1638 465 1666 moveri
478 1641 505 1665 et
521 1638 622 1673 palpari
641 1644 740 1674 potest,
756 1640 827 1674 quod
844 1642 953 1675 quidem
973 1643 1022 1669 hu-

233 1689 322 1709 manae
340 1685 445 1710 natura:
461 1684 601 1718 proprium
617 1689 668 1716 est,
693 1684 785 1713 Mariae
798 1687 954 1714 mandatum
972 1687 1020 1715 da-

232 1728 279 1755 bat
292 1727 326 1755 ad
342 1727 440 1756 fratres
455 1737 607 1756 sermonem
622 1730 737 1758 deferre.

267 1858 399 1888 Praeterea
423 1861 473 1889 hoc
490 1863 571 1890 etiam
591 1863 703 1900 insuper
721 1866 918 1900 examineums,
937 1877 1017 1902 quam

230 1905 416 1950 defensionem
437 1907 500 1934 lacit
520 1916 569 1943 pro
593 1909 626 1937 iis
653 1910 678 1936 in
697 1911 796 1944 quibus
815 1919 830 1938 a
852 1920 949 1948 magno
969 1913 1019 1939 Ba-

230 1951 292 1978 silio
305 1953 505 1986 l‘t'pl‘CDllCllSlls
522 1958 573 1985 est.
589 1955 762 1982 tenebrarum
784 1957 936 1990 portionem
957 1958 1017 1984 uni-

229 1997 320 2032 genito
334 1997 388 2025 lico
407 1998 562 2033 assignans,
575 1999 638 2025 dum
662 1999 728 2026 dicit
745 2008 751 2025 :
775 2001 911 2032 Quantum
933 2001 1017 2028 distat

229 2042 348 2076 genitum
371 2043 405 2070 ah
425 2043 555 2080 ingenito,
577 2049 680 2072 tantum
699 2047 814 2074 dissidet
839 2048 928 2075 lumen
949 2058 963 2075 ιι
977 2051 1016 2076 Ιιι-

228 2088 310 2116 mine.
328 2089 396 2115 Cum
413 2091 484 2116 cnim
502 2091 546 2116 ille
560 2090 775 2119 demonstrasset
797 2101 851 2120 non
867 2096 1014 2122 secundum

229 2133 416 2161 retnissionem
444 2136 562 2169 aliquam
589 2140 616 2162 et
645 2138 820 2164 intentionem
843 2140 926 2173 genili
953 2148 1013 2167 cum

1079 916 1123 943 διὰ
1139 917 1188 951 τῆς
1201 916 1271 943 κατὰ
1290 916 1339 951 τὴν
1353 915 1500 943 ἀνάστασιν
1515 916 1632 948 πίστεως
1644 915 1802 951 ἀνορθώσῃ.
1817 917 1862 942 Καὶ

1078 961 1170 996 ὥσπερ
1187 961 1240 988 τῶν
1256 961 1304 988 τοῦ
1321 962 1408 995 ὄφεως
1423 961 1509 996 λόγων
1530 961 1560 988 τὸ
1576 961 1718 997 καταρχὰς
1735 961 1860 996 γενομένη

1078 1008 1146 1042 πρὸς
1171 1007 1214 1035 τὸν
1228 1007 1311 1043 ἄνδρα
1336 1007 1459 1038 διάκονός
1473 1016 1502 1034 τε
1519 1008 1565 1034 καὶ
1587 1007 1742 1043 σύμϐουλος
1755 1027 1762 1037 ,
1785 1006 1860 1041 ἀρχὴν

1076 1050 1124 1077 τοῦ
1142 1050 1227 1077 κακοῦ
1240 1051 1278 1086 τῷ
1297 1051 1346 1086 βίῳ
1363 1052 1410 1078 καὶ
1426 1051 1585 1078 ἀκολουθίαν
1604 1052 1783 1086 εἰσήνεγκεν·
1799 1051 1860 1078 οὕτω

1075 1096 1122 1122 τοῦ
1139 1096 1340 1128 θανατώσαντος
1361 1097 1405 1124 τὸν
1419 1096 1573 1132 ἀποστάτην
1591 1097 1727 1132 δράκοντα
1747 1097 1809 1128 τοὺς
1823 1096 1859 1122 λό-

1075 1151 1140 1176 γους
1161 1144 1217 1174 τοῖς
1233 1143 1366 1178 μαθηταῖς
1381 1143 1561 1178 διακομίσασα
1574 1163 1581 1175 ,
1600 1143 1724 1179 ἀρχηγὸς
1742 1145 1799 1175 τοῖς
1819 1143 1858 1169 ἀν-

1075 1186 1194 1222 θρώποις
1213 1188 1262 1222 τῆς
1284 1187 1402 1220 πίστεως
1416 1187 1536 1222 γένηται,
1553 1188 1587 1214 δι’
1603 1186 1638 1224 ἧς
1659 1188 1779 1220 εἰκότως
1800 1188 1858 1214 ἀνι-

1074 1231 1165 1259 λύεται
1187 1233 1203 1268 ἡ
1223 1232 1318 1268 πρώτη
1333 1233 1380 1259 τοῦ
1396 1233 1509 1260 θανάτου
1531 1233 1678 1268 ἀπόφασις.
1701 1234 1777 1260 Ἀλλ’
1790 1234 1856 1268 εὐρε-

1075 1276 1154 1310 θῆναι
1165 1278 1214 1313 μὲν
1226 1277 1298 1310 εῑκδς
1318 1278 1392 1314 παρὰ
1409 1278 1462 1305 τῶν
1485 1278 1704 1314 ὲπιμελεστὲρων
1721 1279 1856 1313 ὠφελιμω-

1074 1322 1155 1358 τέραν
1178 1323 1240 1350 τινὰ
1265 1323 1319 1351 τῶν
1344 1323 1531 1359 προκειμένων
1548 1323 1697 1359 ἐξήγησιν·
1722 1325 1748 1350 εί
1775 1324 1802 1350 δὲ
1817 1323 1856 1350 καὶ

1075 1368 1157 1403 μηδὲν
1173 1369 1342 1403 εὑρίσκοιτο,
1360 1369 1467 1405 ἐκείνην
1484 1369 1589 1401 πάντως
1606 1370 1701 1404 ἀργεῖν
1718 1370 1770 1404 τὴν
1790 1369 1854 1403 παρὰ

1073 1414 1127 1440 τῶν
1145 1414 1248 1450 ὲχθρῶν
1263 1415 1485 1450 προφερομένην,
1503 1415 1644 1450 συγκρίσει
1669 1415 1723 1450 τῆς
1746 1415 1854 1450 εὑρεθεί-

1074 1468 1123 1495 σης
1135 1480 1143 1492 ,
1165 1460 1253 1486 πάντα
1277 1458 1352 1495 οἶμαι
1368 1460 1414 1487 τὸν
1434 1460 1597 1488 εὐσεϐοῦντα
1615 1460 1806 1495 motasse“.
1828 1460 1853 1485 'H

1076 1505 1124 1540 μὲν
1141 1504 1195 1540 γὰρ
1217 1505 1262 1531 ὲπὶ
1278 1505 1434 1540 καθαιρέσει
1452 1505 1501 1540 τῆς
1527 1505 1574 1532 τοῦ
1594 1505 1766 1539 Μονογενοῦς
1787 1505 1853 1539 δόξης

1076 1551 1300 1586 συμπέπλασται,
1317 1551 1363 1578 καὶ
1385 1551 1464 1579 πλέον
1480 1551 1556 1578 οὐδέν
1568 1559 1575 1566 ·
1593 1551 1662 1586 αὕτη
1676 1551 1704 1577 δὲ
1729 1552 1778 1586 τῆς
1793 1550 1852 1577 κατᾶ

1073 1596 1118 1622 τὸν
1146 1596 1288 1631 ἄνθρωπον
1319 1596 1475 1632 οἰκονομίας
1506 1596 1552 1623 τὸν
1588 1596 1689 1623 σκοπὸν
1728 1598 1850 1630 περιέχει.

1079 1640 1199 1676 Ἐδείχθη
1224 1641 1277 1676 γὰρ
1293 1641 1334 1667 ὃτι
1348 1641 1397 1676 οὺχ
1412 1642 1426 1667 δ
1441 1641 1548 1676 ἁναφής
1566 1649 1592 1668 τε
1614 1641 1661 1667 καὶ
1680 1641 1850 1676 ἀμετάθετος,

1072 1685 1119 1711 καὶ
1134 1686 1262 1721 ἀόρατος,
1276 1686 1343 1713 ἀλλὰ
1355 1686 1385 1712 τὸ
1399 1686 1562 1722 βλεπόμενόν
1577 1695 1608 1712 τε
1630 1686 1677 1712 καὶ
1702 1685 1850 1720 κινούμενον

1072 1731 1118 1757 καὶ
1142 1731 1355 1767 ψηλαφώμενονο
1378 1732 1446 1768 ὅπερ
1472 1731 1523 1766 τῆς
1552 1732 1728 1766 ἀνθρωπίνης
1756 1731 1849 1766 φύσεως

1072 1776 1135 1804 ἴδιόν
1149 1778 1220 1810 ἐστι,
1241 1779 1274 1813 τῇ
1290 1778 1384 1814 Μαρίᾳ
1401 1778 1449 1813 τὴν
1472 1777 1580 1813 ἐντολὴν
1601 1777 1685 1804 ἐδίδου
1708 1777 1778 1812 πρὸς
1798 1776 1849 1806 τοὺς

1070 1822 1198 1856 ἀδελφοὺς
1213 1822 1369 1858 διακονῆσαι
1387 1823 1433 1849 τὸν
1447 1822 1537 1857 λόγον.

1107 1867 1166 1893 Ἔτι
1181 1868 1227 1894 καὶ
1241 1866 1319 1894 τοῦτο
1348 1867 1590 1902 προσεξετάσωμεν
1603 1875 1609 1881 ·
1627 1867 1686 1894 οἷον
1711 1867 1846 1901 πεποίηται

1069 1912 1116 1948 τὴν
1138 1913 1284 1947 ἀπολογίαν
1299 1913 1368 1948 ὑπὲρ
1384 1910 1421 1940 ὧν
1437 1913 1595 1948 ἀπηλέγχθη
1611 1913 1687 1948 παρὰ
1710 1913 1759 1939 τοῦ
1775 1912 1847 1947 μεγά-

1068 1958 1113 1984 λου
1127 1958 1275 1990 Βασιλείου,
1291 1959 1330 1990 εἰς
1343 1959 1392 1994 τὴν
1405 1959 1451 1985 τοῦ
1468 1959 1578 1990 σκότους
1598 1960 1696 1993 μοῖραν
1719 1959 1765 1985 τὸν
1780 1966 1846 1993 μονο-

1067 2005 1132 2040 γενῆ
1145 2005 1210 2032 Θεὸν
1222 2006 1358 2041 ἀφορίζων
1373 2006 1400 2032 ὲν
1415 2005 1453 2041 τῷ
1467 2006 1555 2039 λέγειν
1567 2014 1573 2020 ·
1589 2005 1670 2031 Ὅσον
1684 2005 1808 2039 διέστηκε
1821 2003 1845 2029 τὸ

1066 2051 1194 2085 γεννητὸν
1209 2051 1277 2086 πρὸς
1291 2051 1322 2077 τὸ
1332 2051 1477 2087 ἀγέννητον
1489 2073 1496 2084 ,
1516 2051 1641 2078 τοσοῦτον
1664 2053 1843 2088 παρήλλακτιι

1066 2095 1096 2121 τὸ
1108 2095 1165 2129 φῶς
1180 2096 1247 2130 πρὸς
1261 2096 1291 2122 τὺ
1304 2096 1371 2131 φῶς.
1384 2096 1523 2129 Δείξαντος
1536 2097 1590 2131 γὰρ
1606 2097 1713 2128 ἐκείνου
1736 2097 1773 2132 μὴ
1785 2096 1842 2122 κατὰ

1065 2141 1160 2175 ὕφεσὶν
1187 2149 1247 2167 τινα
1277 2142 1323 2168 καὶ
1341 2142 1464 2168 ἐπίτασιν
1493 2142 1540 2168 τοῦ
1568 2142 1699 2177 γεννητοῦ
1730 2143 1796 2178 πρὸς
1818 2142 1842 2167 τὸ

228 2178 348 2212 ingenito
363 2179 518 2206 distantiam
539 2188 616 2208 esse:
635 2182 681 2209 sed
703 2191 735 2209 ex
753 2183 883 2211 diametro
903 2187 1009 2219 opposi-

1074 2186 1211 2221 ιγέννητον
1238 2186 1286 2221 τὴν
1311 2187 1448 2214 διάστασιν
1464 2185 1549 2213 εἶναι·
1578 2188 1634 2214 ἀλλ’
1651 2189 1684 2213 ἑκ
1706 2188 1841 2222 διαμέτρου

227 2227 328 2250 tionem
355 2224 382 2250 in
408 2225 569 2260 signiﬁcatis
594 2234 672 2261 esse;
701 2232 782 2263 atque
806 2237 838 2255 ex
862 2232 1011 2264 positorum

226 2268 421 2302 consequentia
446 2270 618 2302 coniecisset,
649 2272 720 2306 qttod
736 2273 759 2299 si
780 2273 873 2301 eadem
901 2283 1013 2310 propor-

226 2315 300 2338 tione
314 2316 453 2346 paternum
472 2313 559 2341 lutucn
574 2323 588 2341 a
606 2315 665 2343 Filii
678 2317 779 2345 lttmine
799 2318 898 2351 differt,
919 2328 950 2347 ae
971 2321 1013 2348 in-

226 2358 346 2392 genitum
373 2358 483 2387 distata
500 2361 601 2396 genito,
628 2370 739 2390 necesse
762 2369 805 2392 est
822 2366 932 2392 omnino
959 2375 1012 2394 non

227 2403 338 2431 luminis
356 2404 570 2434 imminutionem
594 2407 620 2435 in
642 2407 710 2436 Filio
728 2410 851 2443 intelligi,
866 2412 913 2438 sed
935 2412 1013 2439 abso-

226 2451 310 2477 lutam
325 2450 527 2485 alienationem,
551 2455 608 2482 sive
623 2456 812 2490 privationem.
830 2458 863 2485 Ut
873 2460 943 2486 enim
960 2469 1012 2488 nor.

226 2496 287 2524 licet
321 2497 412 2525 dicere
440 2501 639 2534 generationem
655 2510 715 2530 esse
732 2505 873 2532 remissam
898 2507 1012 2541 ἀγέννη-

204 2542 209 2546 “
225 2543 296 2575 σίαν,
311 2543 368 2571 sive
381 2544 621 2579 ingenerationem,
638 2549 684 2575 sed
701 2549 727 2576 in
751 2551 907 2578 universum
926 2559 1010 2586 oppo-

224 2588 303 2616 sitire
319 2590 422 2618 distant
439 2591 509 2618 inter
524 2599 552 2619 sc
576 2593 727 2627 signiﬁcata
748 2595 960 2630 ingencrationis
985 2601 1012 2623 et

222 2636 422 2668 generationis:
441 2636 479 2663 sic
495 2637 516 2664 si
536 2638 656 2665 eamdem
672 2646 780 2667 servant
797 2641 1006 2675 discrepantiam

224 2682 365 2711 paternum
394 2681 483 2708 lumen
508 2690 569 2709 cum
600 2691 631 2710 eo
657 2685 758 2712 lmnine
781 2685 853 2719 quod
883 2686 909 2712 in
939 2686 1008 2714 Filio

223 2723 390 2759 intelligitur,
403 2735 434 2754 ex
446 2730 639 2764 consequentia
653 2739 706 2757 non
721 2731 837 2766 amplius
851 2731 934 2759 Filius
947 2740 1008 2760 esse

1066 2233 1114 2267 τὴν
1127 2232 1262 2259 ἀντίθεσιν
1277 2233 1305 2258 ἐν
1327 2235 1382 2264 τοῖς
1409 2233 1618 2268 σημαινομένοις
1632 2234 1767 2269 ὑπάρχειν
1780 2242 1786 2247 ·
1803 2233 1841 2259 καὶ

1066 2278 1293 2313 συλλογισαμένου
1317 2279 1361 2306 διὰ
1385 2279 1434 2314 τῆς
1452 2279 1505 2306 τῶν
1522 2279 1653 2306 τεθέντων
1670 2280 1840 2310 ἀκολουθίας,

1063 2326 1103 2352 ὅτι
1118 2325 1255 2359 ἀναλόγως
1273 2327 1305 2360 τῇ
1327 2326 1473 2362 ἀγεννησίᾳ
1501 2326 1548 2352 καὶ
1572 2327 1605 2360 τῇ
1632 2328 1777 2363 γεννήσει,
1798 2320 1840 2352 ’τοῦ

1063 2370 1197 2407 πατρικοῦ
1216 2371 1303 2405 φωτὸς
1320 2372 1385 2406 πρὸς
1408 2371 1437 2398 τὸ
1453 2371 1500 2398 τοῦ
1523 2372 1588 2398 Υἱοῦ
1603 2373 1839 2407 παραλλάσσοντος.

1063 2417 1169 2451 ἀνάγκη
1196 2417 1270 2443 πᾶσα
1301 2416 1338 2451 μὴ
1363 2417 1508 2444 ἐλάττωσιν
1532 2417 1620 2452 φωτὸς
1646 2419 1692 2444 ἐπὶ
1719 2418 1766 2445 τοῦ
1787 2416 1839 2444 Tia)

1067 2461 1189 2496 δοηοῆναι
1202 2481 1209 2493 ,
1226 2462 1292 2489 ἀλλὰ
1317 2462 1435 2497 παντελῆ
1455 2463 1640 2499 ἀλλοτρίωσιν.
1664 2465 1708 2496 Ὡς
1727 2467 1781 2499 γὰρ
1798 2463 1838 2490 et}!

1062 2508 1134 2536 ἔστιν
1149 2509 1235 2534 εἰπεῖν
1248 2509 1396 2544 ὑφιεμένην
1418 2510 1579 2545 ἀγεννησίαν
1595 2509 1664 2537 εἶναι
1679 2511 1734 2545 ’τὴν
1757 2511 1838 2544 γέννη-

1063 2561 1117 2579 σιν·
1135 2554 1203 2580 ἀλλὰ
1219 2555 1332 2581 καθόλου
1355 2555 1495 2590 διέστηκεν
1514 2555 1689 2594 ἀντιθετικώς
1706 2557 1753 2583 ἀπ’
1769 2556 1836 2588 ἀλλή-

1061 2600 1113 2626 λων
1128 2600 1161 2626 τὰ
1177 2602 1363 2636 σημαινόμενα
1377 2602 1426 2636 τῆς
1440 2602 1602 2636 ἀγεννησίας
1621 2603 1668 2629 καὶ
1689 2604 1735 2638 τῆς
1752 2604 1835 2636 Temi-

1062 2652 1129 2675 azm,‘
1142 2651 1148 2657 '
1167 2644 1253 2677 οὓτως
1271 2647 1295 2672 εἰ
1314 2646 1362 2681 τὴν
1379 2646 1462 2681 αὐτὴν
1482 2648 1613 2682 φυλάσσοι
1627 2648 1800 2684 παραλλαγὴν
1812 2645 1835 2671 τὸ

1061 2689 1193 2725 πατρικὸν
1206 2690 1262 2724 φῶς
1276 2691 1343 2726 πρὸς
1362 2692 1392 2718 τὸ
1405 2694 1432 2719 ἐν
1448 2692 1486 2727 τῷ
1503 2692 1559 2727 Υἱῷ
1569 2693 1713 2728 νοούμενον
1728 2693 1783 2726 φῶς
1792 2712 1798 2722 ,
1809 2693 1834 2717 ἑ(

1060 2735 1109 2770 τῆς
1126 2735 1284 2768 ἀκολουθίας
1299 2738 1388 2765 οὐκέτι
1415 2739 1429 2766 ὀ
1448 2739 1508 2770 Υἱὸς
1524 2738 1593 2766 εἶναι
1617 2740 1832 2775 ὑποληφοήσεῖαι,

259 2810 281 2826 η
297 2810 307 2837 ι
341 2809 434 2842 Thess.
457 2823 492 2848 IV,
510 2816 552 2843 l6.
593 2818 613 2834 ιε
629 2817 637 2845 l
654 2817 724 2846 Tim.
740 2826 769 2852 ιι,
789 2819 829 2847 Η.
866 2820 885 2836 ¹⁷
905 2820 1005 2850 Cenes.
1021 2845 1022 2850 η

1084 2823 1107 2851 1.
1126 2833 1187 2861 sqq.
