1923 3071
91 98 146 128 893

651 97 790 126 CONTRA
802 97 994 131 EUNOMIUM,
1011 97 1074 126 LlB.
1089 97 1146 125 XII.

1661 97 1712 126 894

92 154 192 190 ἐπίσης
206 153 290 189 αὐτῆς
306 162 335 180 τι
348 154 396 190 τῆς
412 154 574 189 ἀγεννησὶας
589 153 636 180 καὶ
653 153 699 180 τοῦ
721 154 781 180 κατ’
793 154 876 189 αὐτὴν

928 153 1137 186 cxistimabilur,
1152 161 1184 181 ex
1199 160 1276 188 aequo
1292 157 1346 180 tam
1366 154 1400 181 ab
1416 153 1475 188 ipso
1496 154 1613 188 ingenito
1634 162 1712 188 quam

92 200 182 234 φωτὸς
195 199 246 232 ἔξω
259 200 399 235 γινόμενος
412 209 417 214 ·
430 201 444 227 ὁ
457 200 486 226 δὲ
501 199 564 226 ἄλλο
575 208 600 226 τι
614 199 688 234 παρά
708 199 738 225 τὸ
750 199 808 234 φῶς
827 199 875 232 ὣν,

929 207 944 226 a
967 199 1069 228 lumine
1082 200 1153 234 quod
1177 199 1203 226 in
1223 199 1283 234 ipso
1306 205 1357 230 est.
1375 200 1500 228 seclusus
1519 203 1545 226 et
1568 204 1643 227 extra
1667 208 1713 234 po-

91 245 192 281 δηλαδὴ
208 246 276 281 πρὸς
300 247 331 272 τὸ
353 246 537 280 ἀντικείμενον
555 245 662 276 οἰκείως
677 245 746 271 κατά
768 245 798 271 τὸ
813 245 877 272 ἀκό-

92 291 187 318 λουθον
208 291 273 323 ἕξει.
293 292 400 326 Ταύτης
420 291 509 318 τοίνυν
522 291 571 326 τῆς
587 290 702 322 ἀτοπίας
719 291 751 317 ἐκ
764 291 817 316 τῶν
833 299 877 317 τε-

93 337 193 364 θέντων
211 337 394 372 ἀναφανείσης
407 357 413 368 ,
429 336 553 363 ἀναλύειν
572 337 703 372 ἐπιχειρεί
717 336 732 361 ὁ
748 336 877 370 Εὐνόμιος

90 381 152 411 ταῖς
166 382 301 415 τεχνικαῖς
316 381 418 414 ἐφόδοις
438 380 491 406 τῶν
514 380 678 412 ἀποδείξεων
690 401 697 414 ,
713 380 810 407 οὑτωσὶ
834 381 877 406 λέ-

91 435 148 460 γων
161 434 167 442 ·
189 427 290 461 Ἰσμεν
311 427 385 461 γὰρ,
405 426 494 461 ἴσμεν
516 426 548 453 τὸ
576 426 638 460 φῶς
664 427 697 453 τὸ
721 426 875 459 ἀληθινὸν,

92 471 183 505 ῑσμεν
205 471 259 498 τὸν
274 471 420 498 κτίσαντα
438 470 470 497 τὸ
498 469 560 504 φῶς
585 470 658 504 μετὰ
674 470 726 496 τὸν
747 470 877 503 οὐρανὸν

91 517 141 543 καὶ
169 516 229 550 τὴν
255 516 331 551 τῆν’
347 516 524 549 ἠκούσαμεν
548 514 640 548 αὐτῆς
654 515 709 549 τῆς
734 515 807 550 ζωῆς
826 516 875 542 καὶ

91 562 236 595 ἀληθείας
250 562 377 596 Χριστοῦ
398 561 541 596 λέγοντος
566 561 628 594 τοῖς
654 561 762 588 ἑαυτοῦ
783 563 877 595 μαθη-

92 607 172 640 ταῖς·
191 607 284 642 Ὑμεῖς
299 607 369 634 ἐστε
388 607 421 634 τὸ
437 606 500 641 φῶς
522 606 576 633 τοῦ
598 607 724 641 κόσμου.
740 605 876 640 Megaliu—

92 661 188 688 καμεν
200 653 280 686 παρὰ
300 653 353 680 τοῦ
366 652 515 687 μακαρίου
533 652 655 679 Παύλου
677 650 740 686 φῶς
755 652 877 686 ἀπρόσι-

92 707 146 726 τον
172 697 367 733 ὀνομάζοντος
384 697 437 724 τὸν
459 697 509 724 ἐπὶ
530 697 651 724 πάντων
678 697 768 729 Θεὸν,
793 697 830 731 τῇ
846 705 877 724 τε

92 743 251 778 προσθήκῃ
273 743 470 777 διορίζοντος,
496 744 544 770 καὶ
569 743 626 777 τὴν
648 743 802 778 ὑπεροχὴν
824 743 876 770 τοῦ

93 788 189 822 φωτὸς
200 787 440 820 ἐκδιδάσκοντος.
456 786 527 815 Εἶτα
546 788 698 822 τοσαύτην
716 787 811 822 φωτὸς
823 795 877 814 πα-

929 244 1008 271 situs.
1025 243 1075 277 Qui
1102 247 1191 271 autem
1215 244 1287 271 aliud
1313 243 1378 278 quid
1402 252 1484 278 quam
1502 245 1592 271 lumen
1611 250 1663 276 est,
1681 253 1713 272 ex

929 289 1124 323 consequentia
1139 289 1264 324 opposito
1280 291 1358 318 aliine
1382 289 1472 317 fuerit.
1493 290 1548 317 Hac
1573 291 1650 325 igitur
1671 291 1715 318 ab-

929 334 1062 362 surditate
1086 342 1117 360 ex
1136 335 1230 368 positis
1247 335 1392 362 manilesto
1416 339 1572 370 apparentc,
1594 340 1715 362 retexere

929 385 1043 406 conatur
1063 379 1210 407 Eunomius
1229 379 1384 407 artificiosis
1408 380 1638 408 insinuationibus
1665 381 1713 407 de-

929 425 1155 455 monstrationem
1176 425 1216 452 sic
1237 425 1331 452 dicens
1353 433 1359 451 :
1389 424 1493 452 Scimus
1509 426 1577 452 enim
1599 430 1622 453 et
1647 431 1713 453 recte

928 471 1025 497 scimus
1057 470 1143 497 lunten
1175 479 1284 502 verum,
1322 471 1419 497 scimus
1450 479 1508 497 eum
1539 472 1582 505 qui
1616 472 1712 498 creavit

930 516 1014 543 lucem
1045 522 1102 550 pos!
1133 516 1226 543 coelum
1251 521 1275 543 et
1306 521 1422 547 terram,
1452 516 1599 543 audivimus
1627 517 1713 551 ipsam

929 562 1009 588 vitam
1034 566 1058 588 et
1086 562 1219 588 veritatem
1245 561 1378 588 Christum
1404 562 1530 588 dicenlem
1555 562 1609 588 suis
1632 562 1713 589 disci-

929 607 1023 640 pulis.‘
1051 605 1100 633 Vos
1120 607 1182 632 estis
1209 606 1255 632 lux
1273 606 1363 632 mundi
1378 606 1414 637 ης
1433 606 1572 633 didicimus
1587 614 1618 633 ex
1639 607 1713 633 beata

930 652 1032 683 Paulo,
1055 651 1099 686 qui
1119 652 1202 678 lucem
1224 651 1429 678 inuecessibileut
1448 652 1468 667 ¹³
1491 652 1607 677 nominat
1632 652 1714 678 Deum

928 699 974 732 qui
992 702 1030 724 est
1056 705 1132 730 super
1156 697 1244 723 omnia
1263 704 1272 723 :
1296 705 1327 722 ac
1349 696 1480 730 ejusmodi
1502 696 1646 730 adjectioue
1667 697 1714 724 de-

929 744 1023 777 finiens
1036 749 1114 777 atque
1127 742 1389 776 super-excellentiam
1410 742 1476 769 lucis
1493 745 1599 770 docens.
1617 743 1714 770 Deinde

929 796 988 814 cum
1020 792 1121 814 tantum
1163 787 1230 814 lucis
1264 786 1405 813 discrimen
1441 786 1634 817 didicerimus,
1664 796 1714 814 mm

91 833 250 867 ριαλλαγὴν
274 833 477 867 μεμαθηκότες
491 854 498 864 ,
520 834 575 859 οὐκ
601 833 766 868 ἀνεξόμεθα
789 833 876 868 μέχρι

930 833 1115 860 sustinebimus
1147 841 1178 859 ne
1213 832 1315 867 quidem
1346 840 1426 866 usque
1456 833 1490 859 ad
1520 833 1613 860 exilem
1638 833 1715 860 audi-

92 877 187 912 ψιλῆς
206 877 279 913 γοῦν
295 877 404 912 ἀκοῆς,
419 877 476 911 τὴν
499 876 596 912 αὐτὴν
619 876 695 904 εἶναι
721 878 817 912 φωτὸς
834 878 878 904 ἕν-

92 931 198 955 νοιαν;
217 921 291 958 Ἀρα
308 923 465 955 σπουδάζων
479 925 514 950 τὰ
525 923 635 950 τοιαῦτα
650 923 694 950 διὰ
707 923 761 950 τῶν
776 925 877 959 ἐπιχει-

95 969 223 1004 ρημάτων
246 968 316 995 κατά
337 969 386 1004 τῆς
411 969 538 1004 ἀληθείας
571 969 801 1004 προϐάλλεταιςῆ
829 964 886 1005 τῆς

92 1014 270 1050 ἀναισθησίας
284 1015 338 1041 τῶν
353 1014 492 1050 ἑπομένων
509 1014 589 1041 αὐτοῦ
606 1016 665 1046 ταῖς
678 1015 795 1047 ἀπάταις
811 1016 877 1042 ἀπο-

92 1061 281 1096 πειρώμενοςς
296 1061 412 1096 Πότερον
425 1060 550 1086 δύνανται
565 1060 678 1087 συνιδεῖν
692 1060 737 1086 τὸν
748 1060 876 1096 παιδιώδη

92 1107 297 1143 παραλογισμὸν
315 1106 362 1133 τοῦ
378 1106 557 1141 σοφίσματος,
572 1106 589 1141 ἢ
605 1106 652 1132 καὶ
668 1105 734 1141 πρὸς
746 1105 794 1141 τὴν
807 1105 877 1131 οὕτω

91 1152 224 1188 πρόδηλον
237 1151 344 1187 ἀπάτην
356 1150 577 1186 ἀναισθητοῦσινς
592 1150 662 1185 Ἐγὼ
674 1151 722 1186 μὲν
735 1151 788 1186 γὰρ
800 1148 876 1186 οἶμαι

93 1197 196 1232 μηδένα
212 1197 295 1229 οὕτως
312 1197 443 1231 ἀνόητον,
468 1196 506 1227 ὡς
528 1196 564 1231 μὴ
579 1196 695 1222 συνιέναι
710 1195 759 1231 τὴν
781 1196 813 1222 ἐκ
828 1196 876 1230 τῆς

91 1242 251 1278 ὁμωνυμίας
270 1243 377 1278 ἀπάτην
388 1261 395 1273 ,
410 1242 443 1268 δι’
457 1239 491 1278 ἦς
505 1243 519 1268 ὁ
533 1241 663 1275 Εὑνόμιος
678 1241 772 1267 ἑαυτόν
787 1249 816 1267 τε
830 1241 876 1267 καὶ

90 1290 155 1320 τοὺς
170 1290 229 1315 κατ’
243 1288 324 1315 αὐτὸν
343 1286 555 1323 παρακρούεται.
570 1286 630 1317 Φῶς
648 1287 672 1312 οἱ
686 1286 814 1321 μαθηταὶ,
828 1294 875 1320 φη-

92 1336 154 1367 σὶν,
168 1333 365 1369 ὠνομάσθησαν
377 1353 384 1365 ,
404 1332 462 1367 φῶς
489 1333 517 1359 δὲ
543 1332 649 1366 λέγεται
675 1332 721 1358 καὶ
749 1331 778 1357 τὸ
797 1332 826 1357 ἐν
841 1332 874 1366 τῇ

91 1381 180 1408 κτίσει
193 1379 349 1415 γενόμενον.
366 1376 433 1405 Εἶτα
462 1377 503 1409 τίς
522 1378 572 1404 οὐκ
587 1376 655 1404 οἶδεν
672 1377 712 1403 ὅτι
728 1377 812 1411 ὄνομα
828 1376 876 1411 μό-

91 1435 138 1453 νον
155 1427 184 1452 ὲν
198 1425 303 1456 τούτοις
321 1424 378 1451 ἐστὶ
395 1423 482 1450 κοινόν
495 1442 504 1456 ,
521 1422 552 1449 τὸ
566 1423 594 1449 δὲ
617 1422 813 1458 σημαινόμενον
832 1422 875 1455 ἐφ’

91 1471 223 1506 ἐκατέρου
236 1470 379 1506 διάφορονς
394 1468 430 1495 Τὸ
444 1469 493 1504 μὲν
508 1467 560 1504 γὰρ
575 1467 685 1503 ἡλιακὸν
699 1467 772 1502 φῶς,
789 1467 875 1502 ὖψεὼς

91 1518 152 1543 ἐστι
167 1516 342 1551 διακριτικὸν,
362 1516 375 1541 ό
391 1515 419 1541 δὲ
435 1515 483 1549 τῆς
499 1514 669 1546 διδασκαλίας
681 1514 735 1540 τῶν
751 1513 877 1549 μαθητῶν
891 1507 911 1535 C

91 1561 172 1595 λόγος
183 1580 191 1592 ,
210 1561 269 1591 ταῖς
291 1559 390 1594 ψυχαῖς
406 1559 451 1585 τὸν
469 1558 606 1593 φωτισμὸν
623 1559 671 1593 τῆς
687 1557 813 1593 ἀληθείας
833 1559 877 1584 ὲν-

90 1606 208 1641 τίοησιν.
220 1606 252 1632 Et
272 1605 320 1640 μὲν
335 1602 381 1631 οὖν
402 1603 501 1638 ταύτην
523 1604 569 1630 καὶ
584 1604 626 1630 ἐπ’
643 1604 747 1630 ἐκείνου
760 1604 806 1630 τοῦ
820 1612 876 1638 φω-

90 1650 138 1681 τὸς
153 1650 200 1683 τὴν
214 1649 344 1685 διαφορὰν
358 1647 427 1675 οἶδεν
439 1657 445 1663 ·
461 1648 498 1680 ὡς
517 1649 546 1675 τὺ
559 1649 608 1683 μὲν
624 1649 748 1683 σώματος
762 1649 875 1681 οἴεσθαι,

90 1695 122 1721 τὸ
149 1694 177 1720 δὲ
194 1694 284 1729 ψυχῆς
310 1691 380 1720 εἶναι
398 1692 473 1728 φῶς,
504 1693 592 1719 οὐκέτι
617 1694 682 1728 ἡμῖν
709 1693 783 1720 ἔσται
804 1693 878 1728 ,πρὸς

91 1741 175 1768 αὑτὸν
192 1741 270 1775 λόγος
288 1740 392 1772 οὐδεὶς,
416 1740 500 1774 αὐτῆς
525 1739 575 1775 τῆς
592 1740 737 1773 ἀπολογίας
757 1740 803 1766 καὶ
825 1740 877 1774 πρὸ

91 1786 148 1813 τῶν
163 1785 304 1821 ἡμετέρων
328 1784 409 1811 αὑτὸν
437 1784 523 1818 λόγων
546 1784 770 1819 κατακρινούσης.
791 1784 822 1810 Εἰ
849 1784 877 1810 δὲ

90 1831 143 1867 τὴν
156 1830 284 1866 τοιαύτην
306 1830 349 1857 ἐπ’
366 1830 470 1856 ἐκείνου
490 1830 536 1857 τοῦ
553 1830 639 1865 φωτὸς
662 1829 790 1864 διαφορὰν
807 1829 876 1856 κατὰ

91 1876 140 1902 τὸν
154 1875 204 1910 τῆς
227 1875 366 1910 ἐνεργείας
389 1875 488 1910 τρόπον
503 1875 591 1909 εὑρεῖν
612 1875 660 1901 οὐκ
678 1874 733 1909 ἔχει
746 1883 752 1889 ³
778 1875 808 1900 οὑ
823 1874 877 1910 γὰρ

91 1921 124 1948 τὸ
145 1921 193 1956 μὲν
206 1920 354 1956 ὀφθαλμῶν
364 1920 463 1955 σαρκὸς
473 1941 480 1952 ,
497 1920 527 1946 τὸ
542 1920 569 1946 δὲ
584 1919 701 1951 διανοίας
717 1920 775 1947 ἐστὶ
794 1928 877 1955 φωτι-

93 1967 202 1993 στικόψ
225 1966 293 1992 ἀλλὰ
312 1966 360 2001 μία
378 1965 425 1992 καὶ
445 1966 539 1992 τούτου
556 1966 680 1992 κάκείνου
696 1965 741 1992 τοῦ
757 1966 844 2000 φωτὸς
859 1967 875 2001 ἡ

91 2012 219 2046 ἐνέργεια
232 2011 278 2037 ἐπὶ
296 2010 349 2037 τῶν
365 2010 454 2036 αὐτῶν
474 2011 658 2046 ἐνεργουμένη
671 2019 678 2026 ο
695 2009 752 2042 πῶς
766 2010 808 2037 διὰ
822 2010 876 2037 τῶν

91 2057 213 2092 ἡλιακῶν
227 2056 344 2083 ἀκτίνων
369 2056 416 2083 καὶ
444 2055 497 2082 τῶν
517 2055 700 2082 ἀποστυλικῶν
724 2055 829 2089 λόγων,
846 2056 876 2083 τδ

91 2102 282 2138 παρηλλάχθαι
306 2102 336 2128 τὸ
357 2101 498 2137 μονογενὲς
522 2101 579 2135 φῶς
602 2102 669 2136 πρὸς
694 2102 724 2128 τὸ
745 2102 876 2136 πατρικὸν

90 2147 151 2181 φῶς
178 2146 388 2178 ἀποδείκνυσιν;
420 2145 488 2172 Ἀλλ’
513 2146 527 2172 ό
554 2145 603 2178 μὲν
631 2146 711 2177 Υἱὸς,
738 2146 889 2183 ἀληθινὸν,¹

90 2194 169 2228 φησὶ,
187 2192 296 2226 λέγεται
312 2192 368 2226 φῶς
379 2212 386 2223 ,
400 2192 414 2218 ὁ
431 2191 459 2217 δὲ
474 2192 581 2226 Πατὴρ,
602 2191 756 2227 ἀπρόσιτον.
773 2192 876 2218 Οὐκοῦν

88 2239 115 2265 οἱ
142 2238 347 2274 προσδιορισμοὶ
363 2238 412 2272 τὴν
430 2237 499 2264 κατὰ
513 2237 543 2263 τὸ
570 2238 660 2272 μεῖζον
681 2238 810 2273 διαφορὰν
831 2238 877 2264 τοῦ

89 2283 227 2319 πατρικοῦ
245 2283 332 2317 φωτὸς
345 2282 549 2318 ἑρμηνεύουσιν.
566 2282 646 2309 Ἄλλο
659 2283 713 2318 γάρ
726 2292 751 2309 τι
766 2283 797 2309 τὸ
811 2284 877 2317 ἀλη-

89 2330 176 2362 θινὸν,
189 2329 237 2355 καὶ
252 2328 314 2355 ἄλλο
330 2329 359 2355 τὸ
372 2329 518 2364 ἀπρόσιτον
533 2328 629 2356 οἴεται.
645 2327 711 2355 Εἶτα
737 2329 777 2361 τίς
793 2329 878 2361 οὕτως

87 2374 212 2409 ἠλίθιος,
229 2374 266 2405 ὠς
288 2374 324 2409 μὴ
338 2374 451 2400 συνιδεῖν
466 2374 514 2409 τὴν
528 2375 581 2400 τῶν
595 2375 799 2408 σημαινομένων
814 2376 877 2402 ταὺ-

87 2419 209 2453 τὸτητα;
223 2419 260 2444 Τὸ
276 2419 329 2453 γὰρ
344 2418 469 2453 ἀληθινόν
481 2427 508 2445 τε
523 2420 568 2444 καὶ
587 2419 616 2445 τὸ
634 2420 781 2453 ἀπρόσιτον
794 2441 801 2451 ,
816 2421 861 2446 ἐπί

89 2474 141 2500 σης
159 2466 216 2496 τοῖς
233 2464 302 2490 κατὰ
322 2465 352 2490 τὸ
373 2465 493 2491 ἐναντίον
514 2465 668 2499 νοουμένοις
688 2465 760 2491 ἐστὶν
775 2466 876 2502 ἀπροπ-

88 2509 245 2535 πέ).αστον·
262 2508 298 2539 ὡς
315 2508 369 2542 γὰρ
395 2508 425 2534 τὸ
452 2508 548 2543 ἀληθὲς
572 2509 621 2543 τὴν
650 2509 696 2534 τοῦ
723 2509 834 2543 ψεύδους
848 2511 877 2536 οὐ

88 2554 270 2590 προσδέχεται
293 2554 364 2589 μίξιν
377 2573 383 2583 ,
400 2553 484 2583 οὕτως
501 2553 546 2579 καὶ
561 2553 590 2579 τὸ
607 2554 751 2588 ἀπρόσιτον
770 2555 814 2581 τὸν
831 2555 876 2581 τοῦ

89 2599 214 2626 ἐναντίου
247 2599 449 2634 προσεγγισμὸν
481 2599 511 2624 οὺ
538 2599 688 2632 προσίεται.
714 2600 798 2634 Κακῷ
823 2601 877 2635 γὰρ

89 2646 201 2675 πάντως
216 2644 361 2679 ἀπρόσιτον
377 2645 433 2669 ἐστι
447 2644 476 2669 τὺ
490 2643 644 2678 ἀπρόσιτον.
659 2645 695 2670 Τὸ
709 2645 736 2671 δὲ
753 2645 798 2671 τοῦ
812 2646 876 2672 Υἰοῦ

89 2689 169 2724 φῶς,
187 2689 272 2715 κακὸν
298 2689 348 2715 οὐκ
374 2688 448 2715 ἔστι·
467 2689 525 2720 πῶς
552 2689 606 2725 γὰρ
629 2691 657 2716 ὲν
679 2691 761 2727 κακίᾳ
784 2700 825 2724 τις
846 2693 876 2719 τὸ

129 2779 152 2796 ⁸⁸
172 2777 267 2806 Matth.
284 2787 310 2812 ν,
330 2779 371 2807 14.
407 2779 427 2795 ι’
447 2778 457 2805 Ι
479 2777 546 2806 Tim.
567 2786 602 2813 Vl,
624 2778 664 2805 16.

933 884 988 905 lum
1001 878 1117 905 eamdem
1139 886 1194 905 esse
1216 878 1282 904 lucis
1301 878 1447 904 nolitiam?
1470 878 1509 904 Au
1535 878 1607 905 serio
1632 886 1715 912 agens

931 925 993 951 talia
1003 932 1049 958 per
1059 925 1305 958 argumentationes
1317 928 1411 951 contra
1421 924 1561 951 veritatem
1571 925 1716 960 proponit?

932 977 967 996 an
997 975 1161 997 sectator-un
1195 977 1307 995 suorum
1334 974 1472 1003 stuporem
1510 967 1568 995 suis
1600 968 1716 996 fallaciis

930 1016 1034 1043 teutut?
1055 1020 1144 1042 utrum
1163 1015 1268 1050 possint
1295 1015 1423 1050 puerilem
1442 1014 1650 1050 paralogismum
1671 1022 1716 1042 so-

929 1061 1070 1096 phismatis
1080 1061 1228 1095 percipere.
1250 1068 1283 1087 an
1297 1061 1379 1087 etiam
1401 1059 1435 1087 ad
1459 1064 1513 1086 tam
1539 1060 1714 1095 perspicuum

929 1114 1049 1134 errorem
1078 1109 1105 1133 et
1131 1106 1264 1133 fallaciam
1291 1105 1439 1133 hebescunt
1468 1113 1550 1133 sensu
1568 1104 1716 1133 carentes?

929 1151 1059 1186 Equidem
1070 1151 1188 1179 arbitror
1203 1151 1336 1178 neminem
1354 1155 1408 1177 tam
1427 1154 1562 1178 amentem
1579 1154 1606 1178 et
1627 1150 1715 1185 stupi-

929 1197 994 1225 dum
1007 1205 1076 1229 esse,
1098 1201 1126 1224 ut
1141 1206 1193 1225 non
1208 1206 1238 1224 cr
1255 1197 1470 1232 :equivocalioue
1493 1196 1623 1230 intelligat
1640 1203 1715 1223 erro-

930 1250 986 1270 rem
1003 1250 1049 1274 per
1059 1250 1137 1276 quem
1154 1247 1180 1269 et
1194 1243 1313 1277 seipsum
1327 1248 1445 1274 suosque
1460 1240 1590 1267 fallaciter
1598 1240 1715 1267 succutit

929 1292 955 1314 et
982 1287 1086 1314 evertit.
1105 1286 1174 1317 Lux.
1199 1286 1298 1320 inquit,
1326 1284 1450 1320 diseipuli
1478 1284 1608 1311 nominati
1633 1288 1714 1316 sunt;

929 1333 975 1359 lux
987 1332 1068 1359 etiam
1083 1331 1181 1359 dicitur
1195 1339 1254 1366 qum
1265 1331 1292 1358 in
1305 1331 1443 1357 creatione
1461 1330 1531 1356 facta
1543 1333 1594 1357 est.
1616 1329 1715 1357 Deinde

929 1379 989 1414 quis
1004 1386 1058 1405 non
1073 1377 1143 1405 videt
1159 1385 1255 1405 nomen
1271 1377 1358 1404 solum
1378 1376 1405 1403 iu
1420 1377 1462 1404 his
1479 1383 1540 1403 esse
1558 1383 1713 1408 commune.

928 1425 1109 1460 significatum
1123 1432 1186 1452 vero
1205 1424 1232 1451 in
1246 1428 1361 1459 utroque
1381 1423 1509 1450 differre?
1527 1421 1594 1449 Nam
1617 1422 1714 1450 solaris

928 1471 1035 1506 quidem
1065 1471 1111 1498 lux
1135 1471 1210 1498 visus
1241 1475 1283 1498 est
1309 1469 1477 1502 discretiva;
1509 1476 1597 1496 sermo
1624 1473 1714 1495 autent

928 1517 1058 1544 doctrinae
1079 1515 1274 1550 discipulorum
1296 1515 1395 1542 animis
1418 1514 1539 1542 veritatis
1556 1513 1715 1540 illustratio-

928 1570 989 1589 nem
1005 1562 1134 1588 immittit.
1146 1561 1174 1588 Si
1188 1561 1269 1596 igitur
1285 1562 1354 1588 lianc
1368 1561 1395 1587 iu
1412 1560 1457 1587 illa
1470 1560 1528 1587 luce
1536 1558 1713 1586 diderentiam

928 1609 1014 1639 novit,
1030 1613 1058 1634 ut
1078 1608 1150 1634 illam
1168 1607 1277 1642 quidem
1300 1605 1434 1641 corporis,
1450 1605 1522 1632 hanc
1540 1611 1604 1631 vero
1617 1604 1715 1631 anima

928 1653 1014 1680 lucem
1039 1661 1100 1681 esse
1124 1653 1272 1684 existimet,
1299 1652 1372 1679 nulla
1391 1651 1470 1679 nobis
1495 1658 1557 1678 cum
1581 1650 1641 1684 ipso
1662 1649 1715 1677 erit

927 1699 1164 1734 disputatiozcum
1183 1699 1241 1733 ipsa
1267 1698 1390 1725 defensio
1412 1704 1468 1732 prae
1491 1696 1594 1724 nostris
1609 1702 1715 1724 sermo-

927 1743 1008 1771 nibus
1025 1744 1112 1778 ipsum
1127 1743 1296 1770 condemnet.
1313 1743 1391 1775 Quod
1409 1743 1431 1770 si
1448 1742 1529 1769 talem
1543 1742 1569 1769 in
1589 1741 1634 1768 illa
1655 1741 1715 1768 luce

928 1788 1107 1816 differentiam
1124 1796 1156 1816 ex
1175 1788 1341 1823 operationis
1357 1787 1437 1814 modo
1459 1787 1583 1814 invenire
1596 1793 1650 1813 non
1666 1794 1709 1820 po-

928 1837 982 1861 test
997 1842 1004 1860 :
1023 1840 1076 1860 non
1097 1833 1170 1859 enim
1185 1833 1229 1859 illa
1246 1832 1355 1867 quidem
1377 1832 1520 1859 oculorum
1536 1831 1638 1862 carnis,
1657 1831 1714 1858 inec

926 1887 991 1907 vero
1009 1879 1107 1906 mentis
1130 1883 1170 1906 est
1198 1878 1373 1905 illumiuatrix
1397 1887 1404 1904 :
1433 1878 1480 1905 sed
1509 1885 1561 1904 una
1585 1877 1668 1912 hujus
1687 1881 1714 1904 et

927 1925 1000 1952 illius
1013 1924 1080 1952 lucis
1104 1924 1224 1958 operatio
1238 1932 1297 1958 qua-
1315 1924 1341 1950 iu
1368 1922 1462 1950 iisde'u
1480 1927 1608 1958 operatur
1624 1932 1630 1949 :
1646 1930 1713 1957 quo-

928 1971 1009 1997 modo
1024 1978 1071 2005 per
1096 1970 1199 1997 solares
1226 1969 1315 1996 radios
1333 1975 1360 1996 et
1378 1969 1543 2003 apostolicos
1573 1976 1714 1996 sermones

928 2015 1063 2050 linigcniti
1075 2015 1162 2043 lucem
1177 2023 1191 2042 a
1203 2015 1263 2042 lucc
1277 2020 1388 2049 paterna
1408 2014 1510 2042 distare
1526 2014 1714 2041 demonstrat!

928 2061 980 2088 Sed
998 2061 1081 2089 Filius
1097 2062 1203 2096 quidem
1222 2069 1283 2087 vera
1300 2062 1343 2088 lux
1363 2061 1473 2093 dicitur,
1497 2060 1576 2087 Pater
1589 2067 1653 2087 vero
1668 2060 1713 2086 lux

927 2105 1065 2132 inaccessa
1089 2114 1095 2132 :
1123 2105 1295 2132 deﬁnitiones
1325 2106 1408 2138 igitur
1433 2105 1546 2139 adjectae
1565 2105 1713 2131 secundum

929 2152 1027 2186 majus,
1045 2151 1223 2179 diﬁ‘erentiam
1240 2158 1358 2186 paterna:
1377 2151 1446 2178 lucis
1471 2151 1602 2177 (lt-notant
1618 2159 1625 2177 :
1641 2150 1714 2177 aliud

933 2197 1004 2224 enim
1023 2197 1088 2232 quid
1104 2204 1164 2224 esse
1179 2201 1253 2231 putat
1266 2204 1371 2226 verum,
1391 2195 1462 2222 aliud
1479 2195 1660 2222 inaccessum.
1681 2195 1716 2220 At

929 2244 990 2278 quis
1006 2244 1043 2270 ita
1067 2243 1184 2271 stolidus
1211 2247 1252 2270 est
1271 2247 1296 2269 ιιι
1316 2250 1420 2274 vecors,
1448 2245 1476 2268 ut
1502 2249 1555 2271 non
1583 2240 1716 2274 intelligat

929 2289 1142 2323 significatorum
1158 2289 1279 2315 eamdem
1297 2288 1429 2314 rationem
1444 2288 1454 2313 ?
1470 2286 1536 2313 Nam
1552 2287 1596 2313 lux
1613 2294 1675 2313 vera
1688 2291 1716 2313 et

929 2335 974 2361 lux
990 2335 1128 2361 inaccessa
1149 2334 1286 2361 contraria
1309 2333 1490 2360 sentientibus
1516 2332 1656 2366 tequelitcr
1673 2335 1712 2357 est

930 2381 1067 2406 inaccessa
1084 2388 1090 2406 ι
1114 2383 1142 2406 ut
1164 2379 1236 2405 enim
1254 2387 1347 2405 verum
1368 2378 1427 2404 falsi
1442 2386 1495 2404 non
1513 2377 1633 2403 admittit
1665 2375 1711 2401 mi-

927 2425 1053 2455 stioncni,
1076 2426 1115 2451 sic
1128 2429 1154 2450 et
1177 2424 1346 2450 inaccessum
1362 2423 1493 2449 contrarii
1515 2420 1712 2456 proximitatem

927 2480 979 2497 non
1000 2471 1114 2504 appr-tit.
1132 2470 1201 2496 Malo
1216 2470 1286 2496 enim
1305 2477 1417 2503 prorsus
1442 2468 1622 2494 inaccessum.
1639 2464 1712 2498 quod

926 2521 967 2542 est
981 2516 1163 2542 illilCt'CSSlllll.
1176 2515 1231 2540 Lux
1244 2519 1333 2540 autent
1346 2514 1404 2540 Filii
1419 2513 1486 2539 mala
1499 2519 1551 2537 non
1570 2514 1629 2540 est;
1646 2516 1710 2540 quo-

929 2561 1007 2586 modo
1023 2560 1095 2587 cnim
1122 2561 1147 2586 in
1176 2560 1239 2586 vitio
1257 2560 1319 2594 quis
1342 2566 1433 2585 verum
1456 2555 1564 2582 videat?
1585 2551 1714 2587 quoniam

931 2606 1011 2640 igitur
1026 2614 1079 2632 non
1105 2606 1203 2632 malum
1227 2609 1269 2632 est
1285 2604 1396 2633 veritas,
1423 2609 1472 2628 nec
1498 2597 1603 2625 veritati
1626 2597 1715 2640 lucem

929 2659 990 2685 (ιιιιε
1005 2651 1032 2677 in
1048 2646 1129 2678 Patre
1149 2656 1206 2681 est,
1220 2652 1387 2676 inaccessam
1406 2653 1465 2673 esse
1487 2643 1548 2678 quis
1559 2641 1668 2669 dixerit.
1685 2639 1714 2666 Si

928 2684 1000 2723 cnim
1029 2695 1169 2723 veritatem
1187 2699 1301 2725 arceret,
1325 2691 1465 2720 mendacio
1488 2692 1561 2716 certe
1592 2684 1715 2713 adhaare-
