1923 3071
96 117 149 147 897

658 117 796 146 CONTRA
819 115 1014 153 EUNOMIUM,
1035 119 1098 147 LIB.
1115 121 1170 150 XII.

1666 123 1719 151 898

97 177 139 209 ξιν
152 175 207 207 τοῖς
230 174 400 210 βουλομένοις
415 175 606 207 ἐπιδεικνύειν,
630 176 691 204 ὅσον
704 177 770 212 πρὸς
784 177 814 202 τὸ
830 177 883 211 χεῖ-

941 182 1063 213 ιιιαιιιιιηι
1083 180 1110 207 in
1127 180 1248 208 deterius
1262 181 1400 209 demutat.
1423 186 1466 209 est
1482 181 1539 209 haec
1568 180 1614 209 lux
1639 182 1674 210 ab
1687 191 1719 210 ea

98 230 145 255 ρον
159 221 345 257 παρήλλακται
363 221 440 248 τοῦτο
455 222 485 248 τὸ
499 222 557 256 φῶς
571 222 637 257 πρὸς
657 222 687 248 τὸ
702 223 729 248 ὲν
741 223 781 257 τῷ
798 222 884 257 Πατρὶ

99 265 295 302 θεωρούμενον.
313 267 343 292 Εἰ
359 267 386 292 δὲ
412 267 459 292 καὶ
475 268 490 292 ὁ
505 267 589 301 Λόγος
601 288 608 298 ,
634 268 685 294 κᾶν
707 268 735 293 ἐν
748 267 828 302 σαρκὶ
843 267 885 301 γί-

98 321 172 339 νεται
185 332 192 343 ,
210 312 294 346 Λόγος
310 312 384 347 μένει
396 333 402 343 ,
424 313 469 339 καὶ
486 312 516 339 τὸ
539 312 605 346 φῶς.
623 312 673 339 κᾶν
694 314 723 338 ἐν
741 314 774 348 τῇ
791 313 882 348 σκοτίᾳ

103 357 196 392 λάμψῃ
210 377 216 387 ν
234 357 292 391 φῶς
308 357 382 383 οὐδὲν
394 354 472 392 ἧττόν
487 358 554 387 ἐστι,
570 357 616 384 τοῦ
631 357 751 384 ἐναντίου
765 357 812 392 τὴν
829 366 885 384 κοι-

98 403 195 429 νωνίαν
211 402 239 428 οὺ
256 402 477 437 προσδεχόμενον,
492 403 538 429 καὶ
555 403 571 438 ἡ
589 403 655 437 ζωὴΓ
669 403 719 429 κᾶν
734 403 763 429 ἐν
783 403 821 437 τῷ
839 403 885 429 θα-

99 448 171 482 νάτῳ
187 447 308 482 γένηται,
322 447 350 474 ὲν
364 448 445 483 ἑαυτῇ
461 447 623 481 φυλάσσεται
633 456 640 463 ο
657 448 703 474 καὶ
718 449 732 474 ό
745 447 885 479 Θεὸςνκᾶν

99 494 149 529 τὴν
165 492 211 519 τοῦ
235 492 327 519 δούλου
352 493 457 528 μορφὴν
473 493 591 529 ὑπέλθῃ.
607 494 656 520 οὐκ
678 493 758 524 αὐτὸς
782 493 885 527 γίνεται

99 539 191 568 δοῦλος
202 559 209 570 ,
223 539 280 566 ἀλλ’
293 541 331 570 εἰς
351 539 497 574 κυριότητα
519 540 566 565 καὶ
583 539 720 574 βασιλείαν
739 539 884 575 ἐξαιρεῖται

99 586 130 612 τὺ
141 585 306 620 ὑποχείριον,
321 585 423 620 Κύριον
437 585 482 611 καὶ
493 585 610 619 Χριστὸν
621 585 705 611 ποιῶν
719 585 749 611 τὸ
759 585 885 612 ταπεινὸν

99 633 145 659 καὶ
162 632 330 667 ἀνθρώπινον
341 638 349 645 ‘
360 631 417 661 πῶς
430 631 473 658 διὰ
490 631 584 657 τούτου
605 631 672 666 πρὸς
689 631 719 657 τὸ
735 632 823 666 χεῖρον
838 630 886 665 τὴν

99 678 276 713 παραλλαγὴν
288 676 334 703 τοῦ
352 676 439 711 φωτὸς
452 676 631 702 ἐπιδείκνυσιν
644 697 651 708 ,
668 677 732 708 ἴσως
757 676 835 703 ὲκατέ
841 684 885 711 pou

99 724 130 750 τὸ
149 724 282 759 ἄτρεπτον
297 723 337 755 εἰς
352 722 461 754 κακίαν,
477 723 523 749 καὶ
537 722 567 749 τὸ
579 722 755 749 ἀναλλοίωτον
769 721 885 757 ἔχοντοςς

99 770 166 796 Οὐδὲ
186 769 272 804 τούτῳ
287 769 428 804 προσέχων
439 789 446 800 ,
461 769 502 794 ὅτι
524 769 538 794 ὁ
553 768 621 804 πρὸς
643 767 690 794 τὺν
713 767 886 802 σαρκωθέντα

100 815 188 848 Λάγον
209 813 285 844 ἰδὼν,
309 813 338 845 ὃς
360 810 393 848 ἦν
423 813 468 839 καὶ
485 812 557 846 φῶς,
583 813 629 838 καὶ
653 812 724 847 ζωὴ,
745 812 791 838 καὶ
810 811 886 842 Θεόςο

935 230 994 256 qua:
1012 224 1038 250 in
1054 224 1133 252 Patre
1147 226 1349 254 consideratur.
1366 226 1444 259 Quod
1460 227 1483 254 si
1501 227 1618 255 Verbum
1633 229 1717 255 etiam

935 268 961 295 in
978 277 1059 296 carne
1075 270 1187 304 factum,
1201 271 1320 299 Verbum
1337 277 1438 303 manet,
1456 277 1483 299 et
1498 273 1542 299 lux
1561 273 1668 301 etiamsi
1691 272 1719 300 in

936 316 1055 344 tenebris
1070 317 1168 346 luceat.
1184 318 1360 346 nihilominus
1374 319 1418 346 lux
1434 322 1487 351 est,
1497 319 1626 346 contrarii
1641 327 1720 347 com-

935 361 1091 389 munionem
1123 371 1176 389 non
1206 363 1371 395 admittens:
1395 370 1420 390 et
1451 366 1505 391 vita
1535 365 1660 399 quamvis
1690 365 1718 392 in

935 411 1023 433 morte
1038 406 1129 439 fuerit,
1156 408 1183 435 in
1205 409 1294 443 svipsa
1310 414 1505 443 Conseruntur;
1532 414 1559 437 et
1580 410 1652 438 Deus
1667 410 1718 438 etsi

935 452 1006 479 servi
1024 451 1138 479 formam
1155 453 1253 484 ipduit.
1271 462 1324 482 non
1339 455 1397 489 ipse
1413 463 1508 482 servus
1536 456 1660 487 etIicitur.
1670 457 1718 484 sed

937 497 970 523 ad
980 497 1194 526 dominationem
1205 504 1349 535 etregnum
1360 501 1466 528 extollit
1477 502 1548 536 quod
1561 502 1717 537 subjicitur.

937 542 1080 570 Durninum
1098 548 1125 571 et
1137 543 1277 572 Christum
1290 545 1393 573 faciens
1406 546 1479 580 quod
1498 546 1601 575 humile
1617 553 1644 575 et
1667 548 1719 575 hu-

938 596 1046 616 manum
1064 594 1106 617 est
1119 598 1126 616 :
1141 591 1278 624 quomodo
1295 591 1346 619 iste
1371 592 1399 619 in
1419 592 1540 620 deterius
1562 593 1649 620 lucem
1669 594 1721 621 im.

937 639 1068 661 mutatam
1083 642 1145 662 esse
1159 635 1339 669 demonstrat,
1362 645 1424 664 cum
1440 642 1555 673 utraque
1570 646 1621 666 nec
1635 639 1662 666 in
1680 639 1720 666 vi-

938 681 1004 707 tium
1023 682 1090 708 verti
1108 689 1158 709 nec
1175 681 1311 710 immutari
1337 683 1442 718 possit?
1457 684 1524 711 Cum
1551 692 1641 719 neque
1668 685 1720 712 hoc

938 726 1146 760 animadvertat,
1176 728 1239 762 quia
1268 730 1315 764 qui
1342 729 1514 756 incarnatum
1538 729 1658 758 Verbum
1678 731 1722 758 in-

939 772 1024 800 tuitus
1039 777 1091 803 est.
1108 774 1154 808 qui
1169 778 1228 801 erat
1243 778 1270 801 et
1290 775 1346 806 lux,
1361 779 1387 802 et
1398 776 1463 807 vita,
1480 780 1507 802 et
1522 775 1604 807 Deus,
1620 783 1721 811 cogno-

940 817 977 844 vit
990 826 1037 853 per
1053 819 1167 853 gloriam
1187 828 1247 854 quae
1263 821 1321 847 visa
1338 826 1390 852 est,
1416 820 1525 848 Patrem
1538 821 1640 856 gloriae,
1659 829 1721 849 cum

100 845 209 894 ἐπέγνω
228 859 271 886 διὰ
293 859 342 893 τῆς
359 845 577 894 οφθείσηςγδόξης
590 858 636 884 τὸν
650 845 759 892 Πατέρα
775 857 824 892 τῆς
842 856 886 883 δό-

941 845 1021 892 am};
1043 845 1166 892 om;
1174 845 1376 900 ρῖέῖξαήἶξίιὶἶέ
1383 845 1390 852 ’
1403 845 1523 900 quas:
1538 845 1640 901 “4.1a?
1654 845 1720 893 ῡῖπὲῖ

99 907 148 941 ξης
158 927 164 937 ,
183 904 283 935 εἰπὼν,
307 903 505 938 Ἐθεασάμεθα
520 903 578 937 τὴν
595 903 688 935 δόξαν
705 903 798 931 αὑτοῦ
809 923 817 935 ,
832 902 888 929 δό-

99 951 158 983 ξαν
168 950 208 983 ὡς
224 949 412 984 Μονογενοῦς
427 949 507 983 παρὰ
526 950 652 982 Πατρός.

142 995 213 1021 Ἀλλ’
227 993 308 1030 ἦλθεν
325 995 371 1020 ἐπὶ
384 995 428 1021 τὸν
443 994 643 1029 ἁνταγώνιστον
662 995 738 1028 λόγον
749 1015 756 1026 ,
773 994 818 1020 τὸν
835 994 888 1021 πά-

99 1042 145 1068 λαι
159 1040 210 1076 μὲν
226 1040 291 1076 ἡμῖν
306 1041 337 1066 ἐκ
359 1040 408 1075 τῆς
429 1039 588 1072 ἀκολουθίας
609 1039 662 1066 τῶν
677 1039 827 1074 λεγομένων
843 1047 888 1065 rre-

98 1085 263 1121 φωραμὲνον
275 1106 282 1118 ,
304 1085 350 1112 νῦν
370 1085 398 1111 δὲ
411 1086 499 1120 γυμνῇ
514 1086 546 1120 τῇ
573 1086 647 1120 φωνῇ
664 1085 865 1120 προιςερόμενον
881 1095 886 1100 ·

98 1132 225 1168 βούλεται
247 1132 300 1167 γὰρ
318 1131 428 1167 ἐμπαθῆ
444 1139 505 1157 τινα
529 1132 577 1157 καὶ
595 1131 724 1166 ἐπίκηρον
749 1132 795 1157 καὶ
815 1131 889 1158 οὐδὲν

96 1180 150 1213 τῆς
163 1178 257 1213 ὑλικῆς
273 1178 318 1204 καὶ
337 1176 451 1212 ροώδους
474 1177 578 1211 φύσεως
593 1177 773 1212 διαφέρουσαν
788 1177 887 1203 ἐπιδεῖν

98 1226 145 1258 ξαι
160 1223 207 1251 τοῦ
226 1223 290 1250 Υίοῦ
303 1223 352 1258 τὴν
365 1223 474 1254 οὐσίαν,
490 1223 527 1253 ὡς
541 1221 572 1248 ἂν
588 1222 632 1248 διὰ
649 1222 744 1248 τούτου
761 1222 808 1258 τὴν
822 1223 888 1257 πρὸς

97 1271 147 1297 τὸν
166 1269 277 1305 Πατέρα
291 1268 422 1303 διαφορὰν
447 1266 622 1299 ἀποδείξειεν.
637 1268 705 1303 Φησὶ
719 1268 782 1304 γὰρ,
793 1267 823 1293 Εἰ
841 1269 889 1303 μὲν

97 1316 157 1350 ἔχει
169 1315 305 1342 δεικνύναι
316 1315 360 1341 καὶ
375 1315 419 1340 τὸν
434 1314 481 1339 ἐπὶ
498 1314 605 1340 πάντων
619 1314 694 1345 Θεὸν,
710 1313 805 1349 ὥσπερ
816 1315 889 1340 ἐστὶν

98 1362 247 1397 ἀπρόσιτον
275 1360 332 1395 φῶς
359 1361 387 1386 ὲν
417 1360 498 1395 σαρκὶ
529 1359 689 1394 γενόμενον,
720 1360 736 1394 ἢ
765 1359 889 1393 γενέσθαι

99 1407 272 1442 δυνάμενον,
309 1406 360 1433 ὑπ’
387 1405 507 1437 ἐξουσίαν
541 1405 649 1436 ἐλθεῖν,
684 1405 890 1440 προστάγμασιν

101 1451 266 1480 ὑπακοῦσαι.
290 1451 382 1485 νόμοις
398 1450 576 1486 ἀνθρωπίνοις
598 1449 793 1480 πολιτεύεσθαι,
810 1458 890 1476 σταυ-

101 1498 150 1533 ρὸν
178 1499 321 1531 ἐνεγκεῖν,
355 1496 413 1523 ἴσον
442 1497 544 1531 λεγέτω
581 1496 620 1531 τῷ
648 1497 718 1531 φωτὶ
751 1497 782 1523 τὸ
822 1497 925 1540 φῶς-Ο

100 1543 135 1569 Et
155 1541 240 1569 ταῦτα
257 1543 319 1576 παρ’
339 1542 415 1577 ἡμῶν
439 1541 605 1576 προεφέρετο
626 1541 669 1568 διὰ
694 1542 747 1567 τῶν
777 1550 889 1577 προκατΔ

99 1588 312 1623 ασκευασμένων
346 1588 416 1614 κατὰ
443 1588 472 1614 τὸ
497 1587 640 1614 ἀκόλουθον
661 1587 868 1622 ὲξευριςκόντων
883 1608 889 1617 ,

101 1633 142 1669 μὴ
157 1632 423 1668 συμμαρτυρούμενα
438 1633 496 1664 ταῖς
517 1633 621 1658 ἐκείνου
644 1635 745 1667 φωναῖς
756 1641 762 1647 ”
777 1634 818 1664 τίς
842 1634 890 1659 οὐκ

101 1680 137 1706 ἂν
164 1680 237 1714 ἡμᾶς
262 1680 438 1713 συκοφαντεῖν
458 1678 605 1714 ᾐτιάσατο,
624 1680 661 1710 ὼς
689 1679 812 1714 περινοίᾳ
838 1680 890 1704 τινι

99 1725 190 1759 λόγων
219 1726 286 1760 προς
312 1727 361 1761 τήν
388 1725 501 1752 ἀτοπίαν
532 1725 633 1760 ταύτην
666 1725 696 1751 τὸ
722 1725 807 1760 δόγμα
837 1725 890 1751 τῶν

100 1772 270 1799 ὑπεναντίων
283 1771 461 1802 ἐκϐάλλοντας
473 1779 480 1803 ;
492 1771 560 1798 Νυνὶ
573 1771 601 1797 δὲ
613 1772 758 1807 συνηγορία
768 1772 808 1803 τίς
822 1773 889 1805 ἐστι,

97 1817 148 1844 τοῦ
163 1817 398 1852 πεφροντισμένως
411 1818 483 1852 ἡμᾶς
496 1817 563 1851 μετὰ
575 1818 623 1850 τῆς
634 1817 760 1852 ἀληθείας
771 1817 890 1844 εὐθύνειν

99 1864 148 1890 τὸν
165 1864 214 1898 τῆς
228 1863 360 1898 αἱρέσεως
374 1862 462 1897 λόγον,
476 1862 506 1888 τὺ
521 1862 587 1897 μηδὲ
604 1864 665 1898 παρ’
679 1863 768 1889 αὐτῶν
781 1863 891 1889 ἐκείνων

99 1909 152 1945 τὴν
169 1909 238 1935 κατὰ
253 1909 283 1934 τὸ
302 1907 446 1934 ἀκόλουθον
463 1908 680 1942 ἀναφαινομένην
694 1908 808 1935 ἀτοπίαν
826 1916 890 1934 σιω-

102 1954 233 1989 πηθῆναι.
252 1953 316 1981 Ἰδοὺ
328 1953 382 1988 γὰρ
397 1953 456 1985 πῶς
468 1953 697 1988 ἀπαρακάλυπτός
710 1954 766 1979 ἐστι
780 1953 826 1979 καὶ
843 1962 891 1980 πε-

101 1999 334 2036 παρρησιασμένη
348 2001 365 2034 ἡ
386 1999 456 2026 κατὰ
476 1998 523 2026 τοῦ
549 1999 707 2033 μονογενοῦς
722 1999 787 2025 Θεοῦ
805 2000 889 2035 μάχη·

101 2047 151 2073 καὶ
165 2045 196 2071 τὸ
218 2046 287 2071 κατὰ
306 2044 510 2080 φιλανθρωπίαν
528 2044 607 2080 ἔργον
630 2045 739 2080 διαϐολὴ
762 2045 808 2071 καὶ
827 2053 892 2072 κατ-

102 2091 204 2127 ηγορία
226 2091 274 2126 τῆς
297 2090 344 2116 τοῦ
372 2089 436 2116 Υἱοῦ
453 2089 499 2116 τοῦ
521 2089 586 2116 Θεοῦ
614 2089 720 2124 φύσεως
741 2090 817 2125 παρὰ
838 2090 891 2116 τῶν

103 2137 212 2172 ἐχθρῶν
229 2135 372 2171 ἐνομίσθη,
396 2135 434 2166 ὡς
451 2134 511 2170 οὐχὶ
534 2134 729 2170 προνοητικῶς,
753 2135 821 2162 ἀλλὰ
843 2145 892 2170 φυσ

938 911 1019 946 gem'ti
1036 919 1052 938 a
1069 910 1150 938 Patre
1166 912 1199 937 ".

974 999 1027 1027 Sed
1048 999 1119 1026 venit
1147 999 1180 1026 ad
1208 998 1396 1026 refractarium
1423 1002 1450 1026 et
1478 997 1721 1024 eontraluctantcm

939 1053 1091 1073 Sermonem
1111 1052 1125 1071 ιι
1152 1045 1230 1072 nobis
1247 1044 1350 1080 pridem
1369 1052 1400 1071 ex
1417 1043 1614 1078 consequentia
1635 1042 1724 1070 dicto-

940 1100 998 1118 rum
1014 1091 1223 1126 diprehensum,
1249 1098 1322 1117 nunc
1348 1094 1438 1116 autem
1463 1089 1535 1116 nuda
1552 1096 1617 1116 voce
1635 1088 1723 1123 prola-

940 1142 1015 1168 tum;
1040 1137 1096 1163 vult
1116 1137 1187 1163 enim
1214 1135 1360 1170 quamdam
1388 1135 1529 1162 nitentibus
1556 1135 1665 1169 plenam
1695 1136 1723 1159 et

940 1183 1020 1208 morti
1045 1181 1190 1208 obnoxiam
1217 1189 1231 1208 a
1258 1181 1390 1208 materiali
1420 1184 1447 1207 et
1467 1179 1539 1206 ﬂuxa
1557 1185 1654 1206 natura
1671 1178 1716 1204 mi-

940 1230 1012 1254 nime
1029 1226 1198 1254 diiierentem
1223 1226 1281 1253 Filii
1305 1226 1453 1253 essentiam
1477 1225 1678 1256 demonstrare,
1694 1229 1722 1251 ut

940 1280 987 1307 per
1000 1272 1050 1299 hoc
1063 1279 1124 1299 cum
1140 1271 1220 1298 Patre
1232 1270 1411 1298 differentiam
1420 1269 1556 1296 ostendat.
1577 1269 1620 1296 Ait
1633 1269 1719 1300 enim,

938 1315 1078 1350 Siquidem
1089 1320 1179 1350 potest
1189 1317 1376 1344 demonstrare
1391 1319 1417 1341 et
1431 1315 1514 1342 Deum
1528 1315 1572 1348 qui
1584 1319 1625 1342 est
1642 1321 1724 1348 super

940 1362 1042 1394 omnia,
1056 1365 1086 1388 ut
1102 1366 1143 1388 cst
1158 1362 1202 1388 lux
1224 1361 1374 1391 inaccessa,
1401 1361 1427 1386 in
1445 1367 1526 1387 carne
1546 1359 1648 1386 factum
1664 1366 1726 1386 csse

942 1409 982 1436 vel
1001 1408 1056 1435 ﬁeri
1074 1415 1164 1442 posse,
1180 1407 1231 1434 sub
1245 1410 1406 1441 potestatein
1426 1405 1545 1437 venisse,
1560 1409 1587 1432 ct
1603 1403 1725 1438 imperiis

941 1455 1086 1485 obediisse.
1118 1454 1222 1488 legibus
1254 1453 1380 1479 humanis
1404 1451 1536 1486 patuisse,
1555 1458 1661 1477 crucem
1679 1454 1721 1480 tu.-

942 1500 1022 1527 lisse:
1046 1499 1176 1533 aequalem
1201 1498 1274 1524 dicat
1296 1497 1349 1524 luci
1372 1497 1469 1523 lucem.
1489 1496 1518 1523 Si
1533 1496 1589 1522 haec
1609 1503 1623 1522 a
1646 1495 1726 1522 nobis

942 1544 1139 1580 proferrentur,
1157 1547 1250 1578 utpote
1265 1550 1313 1577 per
1343 1550 1375 1570 ea
1391 1550 1451 1576 qua:
1471 1541 1548 1576 prius
1564 1545 1726 1576 praestructa

943 1591 1051 1617 fuerunt
1065 1598 1095 1616 ex
1111 1590 1306 1617 consecutione
1320 1588 1549 1623 excogitantibus,
1574 1595 1627 1614 non
1652 1587 1726 1613 illius

942 1637 1054 1663 vocibus
1086 1635 1306 1667 consentientia,
1333 1635 1395 1669 quis
1425 1641 1474 1662 nos
1497 1641 1551 1660 non
1584 1637 1726 1660 accusaret

941 1681 1084 1708 calumniis
1114 1682 1261 1715 impetere,
1289 1684 1316 1708 et
1345 1680 1491 1708 verborum
1523 1679 1640 1714 quadam
1677 1686 1724 1706 so-

942 1725 1018 1752 lerlia
1030 1729 1056 1752 et
1071 1724 1146 1752 vafra
1157 1724 1385 1751 commentatione
1398 1723 1430 1750 ad
1445 1724 1516 1751 hanc
1528 1724 1724 1750 absmzditatem

942 1769 1159 1798 adversariorum
1169 1769 1265 1804 dogma
1272 1769 1437 1804 propellere?
1452 1769 1529 1796 Nunc
1539 1773 1628 1796 autem
1636 1773 1728 1803 patro-

942 1815 1044 1842 cinium
1065 1815 1201 1850 quoddam
1224 1819 1276 1846 est,
1291 1815 1363 1848 quod
1381 1815 1530 1848 prudenter
1555 1818 1582 1841 et
1607 1813 1727 1841 sollicito

942 1868 992 1887 nos
1016 1867 1078 1886 cum
1096 1859 1209 1886 veritate
1226 1859 1359 1885 int-reseos
1377 1866 1530 1886 sermonem
1553 1859 1726 1892 corrigimus,

942 1904 1013 1941 quod
1026 1911 1113 1939 neque
1126 1904 1160 1930 ab
1177 1903 1229 1930 illis
1246 1903 1312 1938 ipsis
1333 1911 1394 1937 qua:
1409 1911 1441 1930 ex
1455 1904 1632 1937 consequenti
1644 1910 1727 1938 appa-

943 1956 982 1979 ret
1003 1951 1159 1978 absnrdilas
1179 1950 1287 1977 silentio
1306 1949 1468 1975 involvalur.
1491 1948 1639 1976 Eccecnim
1657 1956 1726 1984 quo-

942 1997 1023 2024 modo
1037 2000 1128 2031 aperta
1143 1999 1184 2023 est
1199 1999 1226 2022 et
1247 1995 1331 2021 libera
1354 1998 1449 2021 contra
1461 1994 1629 2028 unigenitum
1642 1993 1725 2021 Deum

944 2049 1042 2077 pugna.
1061 2040 1135 2075 Opus
1149 2040 1297 2074 quinetiam
1314 2039 1385 2073 quod
1406 2047 1455 2073 pro
1469 2047 1518 2066 sua
1536 2039 1562 2065 in
1577 2046 1663 2074 genus
1676 2039 1726 2065 hu—

944 2095 1053 2114 manum
1091 2086 1279 2114 benevolentia
1301 2084 1467 2119 Redemptor
1493 2084 1659 2119 adimpievit,
1697 2084 1724 2111 in

944 2133 1107 2162 calumniam
1121 2136 1146 2159 et
1164 2131 1327 2166 vituperium
1343 2135 1447 2157 natura:
1470 2129 1530 2157 Filii
1549 2129 1595 2156 Dei
1612 2129 1646 2156 ab
1671 2129 1725 2156 ini-

103 2182 191 2214 σικῶς
210 2180 290 2208 αὑτοῦ
314 2181 382 2216 πρὸς
402 2181 448 2206 τὸν
467 2182 495 2207 ὲν
519 2181 599 2216 σαρκὶ
620 2180 694 2215 βίον,
718 2182 764 2207 καὶ
789 2181 820 2207 τὸ
843 2181 888 2207 τοῦ

945 2180 1022 2207 micis
1037 2179 1168 2206 vertitur:
1182 2178 1260 2212 quasi
1275 2185 1329 2204 non
1353 2185 1385 2203 ex
1409 2184 1457 2203 sua
1477 2176 1658 2211 providentia,
1679 2176 1727 2204 sed

102 2227 223 2262 σταυροῦ
242 2226 326 2258 πάθος
342 2226 594 2261 κατολισθήσαντος.
622 2227 676 2252 Καὶ
699 2226 792 2261 ὥσπερ
812 2226 892 2260 φύσις

101 2274 164 2300 ἐστὶ
178 2272 217 2308 τῷ
228 2271 295 2306 λίθῳ
310 2272 327 2307 ἡ
345 2271 391 2298 ἐπὶ
413 2272 443 2297 τὸ
456 2272 531 2298 κάτω
552 2271 621 2307 φορὰ
632 2292 638 2303 ,
663 2271 710 2298 καὶ
730 2272 767 2306 τῷ
783 2273 848 2307 πυρὶ
862 2273 892 2298 τὸ

101 2318 239 2354 ἔμπαλιν,
273 2319 319 2344 καὶ
341 2318 391 2343 ούκ
414 2317 713 2353 ἀντιμεταλαμὸἀνουσι
739 2318 787 2349 τὰς
811 2318 892 2354 ἀλλή-

101 2366 158 2391 λων
174 2364 306 2399 ἰδιότητας
322 2364 349 2390 αἱ
373 2362 448 2394 ὗλαι,
468 2362 537 2389 ὥστε
557 2363 682 2398 ἀνωφερῆ
702 2363 750 2398 μὲν
764 2361 833 2390 εἶναι
847 2363 892 2390 τὸν

102 2410 188 2441 λίθον,
206 2408 307 2445 βρίθειν
320 2408 348 2434 δὲ
364 2408 394 2434 τὸ
408 2408 462 2443 πῦρ
475 2407 520 2434 ἐπὶ
538 2407 569 2434 τὸ
587 2408 662 2434 κάτω
674 2409 835 2444 φερόμενον”
852 2408 893 2435 οὖ-

101 2465 158 2487 τω;
179 2454 424 2486 κατασκευάζουσι,
451 2455 484 2489 τῇ
507 2453 555 2488 μὲν
579 2453 625 2479 τοῦ
641 2453 705 2480 Υἱοῦ
728 2454 806 2488 φύσει
828 2463 889 2480 συν-

100 2500 271 2527 οικειοῦσθαι
287 2499 322 2526 τὰ
335 2499 419 2534 πάθη,
435 2499 482 2525 καὶ
495 2499 538 2525 διὰ
552 2499 630 2525 τοῦτο
641 2501 708 2534 πρὸς
719 2500 750 2526 τὺ
765 2499 893 2534 συγγενὲς

102 2546 188 2580 ἑαυτῇ
201 2545 247 2571 καὶ
257 2545 354 2571 οἰκεῖον
371 2544 470 2570 ἐλθεῖν·
484 2544 531 2578 τὴν
544 2544 572 2570 δὲ
579 2543 626 2570 τοῦ
634 2544 737 2579 Πατρὸς
749 2544 893 2579 ἐλευθέραν

101 2589 190 2616 οὖσαν
202 2588 256 2615 τῶν
271 2588 397 2615 τοιούτων
414 2588 516 2622 παθῶν,
543 2589 687 2623 ἀπρόσιτον
704 2587 772 2615 εἶναι
787 2590 819 2624 τῇ
838 2588 892 2615 τῶν

101 2634 199 2662 κακῶν
213 2634 358 2670 προσὼλῇ.
376 2635 445 2669 Φησὶ
458 2633 511 2669 γὰρ
525 2633 569 2660 τὸν
583 2636 627 2660 ἐπὶ
642 2634 749 2661 πάντων
760 2634 834 2663 Θεὸν,
848 2634 892 2659 ὅσα

102 2690 159 2716 περ
171 2682 245 2707 ἐστὶν
258 2682 404 2716 ἀπρόσιτον
420 2681 487 2715 φῶς,
507 2683 574 2716 μήτε
591 2681 733 2716 γενόμενον
751 2682 779 2707 ἐν
800 2681 890 2716 σαρκὶ,

105 2729 177 2764 μήτε
191 2728 315 2762 γενέσθαι
329 2728 474 2763 δυνάμενον
485 2737 491 2743 ·
510 2729 588 2764 ἢρκει
604 2728 633 2754 τὸ
649 2728 779 2763 πρότερον
792 2728 846 2754 τῶν
856 2729 894 2755 εἰ-

142 2817 166 2833 ”
180 2814 258 2843 ὅσοι).
278 2824 296 2848 ι,
311 2815 354 2844 14.

943 2225 1061 2252 naturali
1077 2224 1195 2260 quadam
1213 2223 1395 2258 pr0pensione
1409 2223 1436 2249 in
1459 2223 1541 2249 vitam
1566 2229 1726 2256 corpoream

943 2271 1069 2298 ctcrucis
1096 2270 1250 2304 passionem
1273 2269 1401 2303 delapsus
1422 2269 1467 2296 sit.
1494 2268 1526 2294 Et
1551 2267 1728 2302 quemadmo-

943 2317 1006 2343 dum
1024 2317 1148 2343 naturale
1164 2321 1205 2344 est
1222 2315 1303 2350 lapidi
1318 2317 1346 2341 ut
1359 2314 1487 2342 deorsum
1505 2313 1594 2346 cadat,
1624 2318 1651 2341 et
1671 2313 1726 2348 igni

943 2367 1038 2390 contra
1056 2366 1084 2389 ut
1097 2369 1206 2389 sursnm
1225 2361 1343 2390 feratur.
1368 2367 1417 2386 nec
1439 2359 1559 2386 materne
1576 2359 1727 2394 proprieta-

945 2414 986 2436 tes
1008 2409 1077 2435 inter
1104 2416 1132 2434 se
1154 2407 1181 2435 in
1207 2407 1373 2434 contrarium
1400 2409 1524 2436 mutant,
1557 2405 1635 2432 itaut
1660 2404 1729 2439 lapis

945 2462 1053 2482 sursum
1069 2453 1181 2486 feratur,
1198 2458 1224 2480 et
1248 2452 1318 2487 ignis
1330 2452 1462 2486 gravitate
1487 2451 1614 2478 deorsum
1639 2449 1729 2484 depri-

948 2505 1039 2526 matur
1057 2509 1062 2526 :
1080 2500 1121 2526 sic
1134 2503 1311 2533 pra-struunt,
1324 2505 1385 2524 cum
1405 2495 1464 2523 Filii
1479 2500 1575 2522 natura
1587 2496 1729 2530 passiones

945 2546 1028 2577 coire,
1050 2549 1076 2572 et
1091 2548 1201 2579 propter
1215 2544 1266 2570 huc
1279 2543 1311 2569 ad
1327 2547 1471 2578 cognatum
1487 2541 1591 2575 sibiipsi
1612 2545 1637 2567 et
1649 2539 1728 2566 fami-

938 2592 1013 2618 lliure
1033 2592 1122 2618 venire
1137 2598 1143 2617 :
1157 2589 1247 2617 Patris
1262 2596 1326 2616 vero
1344 2593 1479 2617 naturam,
1504 2594 1564 2613 cum
1580 2586 1612 2612 ab
1629 2585 1726 2619 hujus-

948 2635 1020 2662 modi
1046 2635 1219 2671 passionibus
1245 2634 1280 2661 sit
1304 2633 1400 2662 libera.
1424 2632 1555 2658 malorum
1582 2630 1729 2664 appropin-

947 2681 1068 2716 quaiioni
1084 2681 1261 2707 inaccessam.
1278 2678 1345 2704 Dicit
1358 2678 1428 2704 enim
1440 2676 1522 2703 Deuzn
1540 2675 1584 2710 qui
1596 2680 1637 2702 cst
1648 2683 1730 2710 super

947 2727 1049 2759 omnia,
1067 2726 1111 2761 qui
1129 2725 1238 2760 quidem
1268 2729 1310 2751 est
1338 2723 1383 2750 lux
1415 2722 1566 2753 inaccessa,
1584 2728 1672 2756 neque
1690 2719 1729 2748 ia-
