1923 3071
198 126 252 155 899

820 121 849 151 S.
869 122 1032 152 GREGOR“
1049 123 1196 153 NYSSENI

1772 119 1824 147 900

199 189 274 211 ctum
291 181 318 209 in
333 188 426 215 carne,
444 188 532 216 neque
547 180 603 208 ﬂeri
619 188 715 216 posse:
735 182 808 217 quod
824 182 902 217 prius
922 181 977 208 dic-

1045 181 1159 216 γημένων
1173 181 1258 207 εἰπεῖν
1272 187 1278 194 ·
1304 179 1345 206 ὅτι
1363 180 1377 206 6
1393 178 1488 215 Πατὴρ
1500 178 1551 205 οὐκ
1563 179 1592 206 ἐν
1607 178 1690 215 σαρκὶ
1704 179 1822 213 ἐγένετο.

199 232 257 256 tum
276 227 338 258 fuit.
365 228 434 254 satis
454 231 513 254 erat
539 226 650 258 dixisse.
674 227 746 262 quod
768 226 847 254 Pater
876 234 930 253 non
958 226 986 253 in

200 280 283 300 carne
298 272 385 300 factus
401 276 461 306 est;
482 279 556 299 nunc
572 276 662 298 autem
681 272 780 306 duplex
797 271 919 307 quazdam
945 275 984 298 est

202 327 249 354 per
264 319 443 354 adiectionem
458 318 569 345 ahsurdi
590 318 736 344 astruetio.
762 317 811 346 Vel
824 317 896 345 enim
927 316 985 344 Filii

201 368 311 392 accusat
335 364 444 397 vilium,
463 364 505 392 vel
529 363 619 390 Patris
639 363 839 398 impotentiam.
867 362 895 390 Si
914 363 985 390 enim

201 411 300 438 malum
315 414 356 438 est
371 410 462 437 carnis
491 410 659 439 communio.
675 409 816 444 unigenito
825 409 879 436 Deo
891 409 986 435 vitium

200 456 331 491 assignat;
353 456 375 482 si
393 463 456 482 vero
470 455 571 482 bonum
595 459 649 485 est,
667 455 723 482 haec
738 455 764 481 in
785 462 870 488 genus
890 455 987 481 huma-

202 509 265 528 num
289 501 476 528 benevolentia
497 499 604 527 Patrem
627 500 659 526 ad
684 500 784 526 bonum
811 500 986 534 impotentem

200 554 261 574 esse
279 546 408 578 ostendit,
425 545 518 573 dicens
534 547 622 580 ipsum
639 553 692 573 non
719 546 841 580 potuisse
868 553 916 580 per
927 553 988 572 car-

201 599 263 619 nem
289 592 370 618 talem
386 591 501 626 gratiam
520 591 638 626 operari.
672 591 706 617 At
727 591 789 625 quis
805 592 926 617 omnium
942 597 988 618 ne-

201 638 264 669 scit,
287 637 358 672 quod
376 636 450 664 Sicut
465 637 545 664 Puler
561 638 684 671 vivi/icui,
706 637 744 663 sic
765 641 790 664 et
811 636 900 663 Filius
922 644 987 671 quos

201 683 255 711 mu
273 684 386 718 vivificat
402 683 446 709 ’³⁸1
472 691 522 710 uos
542 683 666 710 videlicet
681 687 802 710 mortuos
818 682 912 709 dicens
941 682 987 716 qui

202 737 216 756 a
234 737 297 756 vera
318 730 372 756 vita
394 729 555 756 excidimus.
585 728 612 756 Si
641 729 724 764 igitur
755 728 984 764 quemadmodum

203 775 283 802 Pater
298 775 425 807 vivitieat,
445 775 484 802 sic
507 783 561 802 non
578 775 657 802 aliter
672 774 758 801 Filius
782 774 904 801 eamdem
924 781 989 808 ope-

203 826 279 849 ratur
291 822 414 858 gratiam,
431 821 568 856 quomodo
587 820 641 848 Deo
657 820 764 847 rebellis
780 825 807 847 ct.
824 827 930 855 pugnax
940 819 987 846 ad-

1035 227 1104 253 Νυνὶ
1115 226 1143 252 δὲ
1150 225 1230 261 διπλῆ
1239 225 1279 257 τίς
1287 226 1344 251 ἐστι
1354 226 1397 252 διὰ
1411 225 1461 260 τῆς
1469 225 1628 261 προσθήκης
1638 226 1654 260 ἠ
1664 224 1712 251 τοῦ
1723 226 1824 252 ἀτόπου

1036 272 1202 307 κατασκευή.
1207 271 1242 297 Ἦ
1248 271 1302 306 γὰρ
1308 270 1421 298 τοῦΥῐοῦ
1428 272 1577 306 κατηγορεῖ
1583 270 1711 305 modum.“
1718 269 1765 296 τοῦ
1772 271 1826 296 Πα-

1035 317 1098 352 τρδς
1110 316 1266 352 ἀδυναμΐαν.
1283 317 1314 343 Et
1329 317 1377 352 μὲν
1388 316 1441 352 γὰρ
1457 316 1540 343 κακὸν
1558 316 1633 352 ήτῆς
1650 316 1753 351 σαρκὸς
1767 325 1825 342 κοι-

1015 390 1028 397 ν
1036 361 1174 397 νωνία,τῷ
1183 360 1385 397 μονογενεῖϐεῷ
1395 362 1603 396 προσμαρτυρεῖ
1611 361 1661 396 τὴν
1672 361 1773 388 κακίαν
1782 369 1789 375 ’
1800 362 1826 388 εἰ

1014 401 1021 403 ’
1036 407 1064 433 δὲ
1075 407 1174 441 ἀγαθὸν
1184 409 1200 443 ἡ
1214 407 1410 443 φιλανθρωπεα,
1419 407 1547 433 ἀδύνατον
1557 408 1597 438 εἰς
1610 407 1640 433 τὺ
1649 407 1753 440 ἀγαθὸν
1762 407 1828 433 ἀπο-

1036 453 1157 480 δείκνυσι
1169 454 1215 479 τὸν
1231 453 1351 488 Πατέρα,
1372 453 1459 486 λέγων
1484 453 1520 488 μὴ
1538 452 1570 479 ἂν
1584 452 1667 479 αὑτὸν
1679 452 1827 487 δυνηθῆναι

1036 497 1085 534 τὴν
1096 498 1221 534 τοιαύτην
1233 499 1311 534 χάριν
1323 498 1367 524 διὰ
1380 498 1480 533 σαρκὸς
1500 499 1654 533 ἐνεργῆσαι.
1673 499 1772 525 Καίτοι
1784 500 1828 531 τίς

1037 545 1086 571 οὐκ
1108 543 1161 571 οἶδε
1176 545 1229 571 τῶν
1245 545 1364 576 πάντων,
1384 544 1425 570 ὅτι
1450 544 1498 577 Ὧς
1515 546 1531 571 ὁ
1558 544 1660 578 Πατὴρ
1675 545 1826 579 ζωοποιές,

1038 590 1131 622 οὕτως
1150 589 1197 617 καὶ
1215 591 1231 617 ὁ
1245 589 1310 622 Υἱὸς
1331 589 1386 623 οὒς
1401 590 1480 623 θέλει
1498 589 1647 622 (maxumi;
1677 590 1767 625 ’Πμᾶς
1781 591 1828 626 δη-

1037 636 1103 671 λαδὴ
1115 636 1228 671 νεκροὺς
1243 635 1329 670 λέγων
1343 636 1405 666 τοὺς
1421 635 1471 670 τῆς
1492 635 1620 670 ἀληθινῆς
1639 636 1827 668 ἁποπεσύντας

1038 680 1118 715 ζωῆς.
1137 681 1168 708 Εἰ
1182 679 1228 708 οὖν
1240 681 1332 716 ὥσπερ
1347 682 1361 707 6
1373 681 1466 717 Πατὴρ
1477 681 1611 714 ζωοποιεῖ,
1625 682 1707 714 οἷἰτω¹
1717 684 1764 709 καὶ
1778 684 1828 710 οὐκ

1037 727 1124 757 ἄλλως
1135 727 1148 753 ὁ
1159 727 1222 758 Υἱὸς
1236 727 1285 762 τὴν
1300 727 1384 761 αὐτὴν
1397 727 1503 762 ἐνεργεῖ
1514 727 1593 762 χάριν
1605 735 1612 742 ·
1628 728 1686 758 πῶς
1701 729 1715 753 ὁ
1727 728 1828 764 Θεομὰ-

1038 780 1084 807 χος
1100 772 1160 798 κατ’
1181 772 1343 807 ἀμφοτέρων
1358 773 1426 798 κινεῖ
1444 772 1493 808 τὴν
1511 772 1668 808 βλάσφημον
1681 773 1825 807 γλῶσσαν;

1038 818 1083 844 τὸν
1098 818 1147 853 μὲν
1161 819 1271 854 Πατέρα
1284 819 1316 854 τῇ
1335 818 1402 853 πρὸς
1413 818 1442 844 τδ
1460 819 1559 852 ἀγαθὸν
1574 819 1719 854 ἀδυναμίᾳ.
1741 820 1786 846 τὺν
1799 821 1828 847 δὲ

202 875 298 894 versus
312 867 405 894 ambos
420 867 528 901 impiam
544 870 571 893 ct
579 866 737 892 maledicam
748 866 837 892 vibrat
848 866 966 901 linguam
977 885 985 896 ,

1045 851 1103 890 ru»;
1113 865 1145 899 τῇ
1161 851 1271 899 πρὺςτὺ
1285 851 1368 890 κακὸν
1381 851 1526 899 οἰκειότὴτι
1544 851 1727 900 καθυὸρίξωνς
1758 866 1827 891 Ἀλλ’

203 913 309 940 Patrem
325 913 432 947 quidem
451 912 483 939 ad
499 912 599 938 bonum
615 911 786 946 impotentia,
802 910 900 938 Filium
923 917 987 938 vero

204 958 237 985 ad
255 958 354 985 malum
385 965 469 992 prona
502 955 685 983 familiaritate
713 956 909 983 contumeliose
932 959 987 982 tra-

204 1002 300 1030 ctans?
316 1001 369 1029 Sed
383 1009 436 1029 non
463 1005 515 1033 est,
537 1001 634 1035 inquit,
653 1001 698 1028 lux
717 1001 769 1028 luci
785 1000 913 1036 aequalis,
927 1007 988 1034 pro-

205 1054 296 1083 pterea
310 1047 382 1083 quod
408 1047 452 1074 illa
464 1047 573 1081 quidem
595 1053 670 1079 vera,
687 1046 744 1074 haec
758 1054 824 1073 vero
849 1046 988 1073 inaccessa

205 1094 315 1120 dicitur.
341 1092 398 1120 Lux
425 1092 508 1127 igitur
534 1100 598 1119 vera
624 1092 817 1120 imminutione
845 1091 990 1119 censetur?

205 1138 496 1174 QuamobrenﬂAtqui
514 1138 623 1165 illorum
641 1142 683 1166 est
705 1145 806 1169 sermo,
833 1138 905 1172 quod
927 1145 990 1172 pro—

206 1190 296 1218 pterea
309 1185 396 1219 maior
403 1187 430 1212 et
443 1183 576 1212 excelsior
593 1183 682 1211 Patris
696 1184 825 1211 divinitas
836 1191 916 1218 quam
929 1182 989 1210 Filii

207 1231 374 1265 intelligitur,
396 1237 428 1258 eo
449 1229 521 1265 quod
551 1229 597 1256 ille
626 1229 736 1264 quidem
759 1236 840 1255 verus
867 1227 940 1255 Dens
962 1229 989 1254 in

207 1276 351 1312 Evangelio
364 1280 477 1303 vocatus
495 1279 537 1302 est
563 1285 568 1303 :
593 1275 636 1302 hic
653 1278 743 1302 autem
766 1275 825 1302 sine
846 1275 900 1301 reri
919 1274 992 1309 adje-

207 1323 304 1349 ctione.
318 1321 461 1354 Quomodo
489 1321 572 1356 igitur
595 1320 689 1347 eadem
706 1320 774 1348 ratio
800 1320 826 1346 in
851 1319 992 1348 divinitate

206 1368 315 1404 quidem
326 1368 517 1398 accretionem.
529 1367 556 1394 in
566 1367 628 1394 luce
636 1374 700 1394 vero
710 1366 993 1398 imminutionemtéus

207 1413 279 1449 quod
295 1413 462 1449 intelligitur,
480 1411 636 1448 signiﬁcat!
667 1411 694 1438 Si
712 1412 784 1439 enim
805 1411 841 1439 ob
854 1419 912 1438 eam
934 1419 995 1438 cau-

208 1469 266 1489 sam
297 1459 404 1487 Patrem
421 1458 491 1486 Filio
505 1458 635 1494 majorem
660 1461 815 1488 autumant,
833 1456 897 1491 quia
914 1464 994 1484 verus

1037 909 1086 936 οὐκ
1105 909 1172 941 ἐστι,
1189 910 1266 944 φησι,
1284 909 1323 944 τῷ
1344 910 1413 944 φωτὶ
1429 909 1458 936 τὸ
1474 909 1530 944 φῶς
1544 908 1600 936 ἴσον
1611 918 1618 924 ⁸
1644 910 1710 937 διότι
1731 911 1763 937 τὸ
1779 911 1827 946 μὲν

1037 954 1171 990 ἀληθινὸν,
1185 955 1215 981 τὸ
1230 955 1259 982 δὲ
1285 955 1430 990 ἀπρόσιτον
1442 955 1559 989 λέγεται.
1591 955 1627 981 Τὸ
1643 954 1690 982 οὖν
1703 956 1827 991 ἀληθινὸν

1038 1001 1183 1028 ἐλαττώσει
1199 1000 1341 1036 κρίνεταιζ
1368 1001 1416 1028 Διὰ
1435 1001 1475 1034 τί;
1501 1001 1556 1027 Καὶ
1579 1001 1632 1037 μὴν
1646 1003 1758 1028 ἐκείνων
1771 1003 1826 1028 ἐστὶ

1037 1046 1125 1080 λόγος,
1145 1047 1185 1073 ὄτι
1199 1046 1243 1073 διὰ
1265 1046 1343 1073 τοῦτο
1359 1046 1459 1081 μείζων
1477 1047 1524 1073 καὶ
1539 1047 1695 1082 ὑῂλρτέρα
1709 1047 1757 1074 τοῦ
1772 1049 1828 1074 Πα-

1038 1092 1101 1127 196:
1116 1094 1132 1128 ἡ
1145 1092 1239 1128 θεότης
1254 1092 1328 1128 παρὰ
1340 1093 1388 1128 τὴν
1402 1092 1449 1119 τοῦ
1460 1093 1524 1119 Υἱοῦ
1536 1094 1636 1120 νοεῖται
1647 1102 1654 1107 ·
1669 1093 1737 1120 διότι
1752 1095 1766 1120 ὁ
1780 1095 1829 1129 μὶν

1039 1137 1164 1172 ἀληθινὸς
1174 1138 1240 1169 Θεὸς
1254 1137 1327 1173 ἐντῷ
1340 1137 1498 1173 Εὑαγγελίῳ
1511 1138 1699 1174 προσεῐρηται,
1712 1140 1725 1165 6
1737 1139 1765 1165 δὲ
1777 1148 1830 1173 χω-

1041 1183 1083 1218 ρὶς
1099 1183 1148 1218 τῆς
1159 1183 1206 1209 τοῦ
1225 1183 1370 1217 ἀληθινοῦ
1387 1183 1552 1218 προσθήκης.
1572 1184 1634 1216 Πῶς
1648 1183 1695 1210 οὖν
1717 1185 1732 1210 6
1750 1185 1830 1217 αὐτὸς

1041 1228 1128 1262 λόγος,
1153 1228 1200 1255 ἐπὶ
1227 1229 1276 1264 μὲν
1291 1229 1340 1264 τῆς
1359 1228 1485 1265 θεότητος
1504 1229 1634 1266 αὔξησιν,
1665 1230 1713 1256 ἐπὶ
1729 1230 1758 1257 δὲ
1784 1231 1830 1257 τοῦ

1042 1275 1130 1309 φωτὸς
1150 1275 1296 1302 ἐλάττωσιν
1313 1275 1359 1302 τοῦ
1379 1275 1523 1311 νοουμένου
1550 1285 1698 1311 σημαινεις
1721 1277 1754 1304 Et
1779 1278 1832 1313 γὰρ

1042 1320 1085 1346 διὰ
1097 1320 1174 1347 τοῦτο
1194 1321 1304 1356 μείζονα
1326 1321 1373 1348 τοῦ
1392 1321 1457 1348 Υῑοῦ
1478 1322 1524 1349 τὸν
1539 1323 1648 1358 Πατέρα
1675 1323 1770 1358 φασὶν,
1791 1324 1831 1350 ὃτι

1042 1366 1166 1401 ἀληθινὸς
1178 1366 1245 1398 Θεός
1259 1368 1327 1404 ἐστι,
1343 1368 1413 1395 κατὰ
1428 1368 1473 1395 τὸν
1490 1368 1571 1395 αὑτὸν
1588 1369 1667 1403 λόγον
1684 1370 1786 1404 μείζων
1799 1370 1833 1396 ἂν

1043 1412 1220 1448 ὁμολογηθείη
1236 1413 1282 1439 τοῦ
1296 1413 1401 1449 Πατρδς
1414 1415 1428 1441 6
1445 1415 1522 1446 Υἱὸς,
1546 1414 1585 1440 ὅτι
1601 1414 1616 1440 6
1631 1414 1692 1450 μὲν,
1708 1415 1834 1449 ἀληθινὸν

1045 1459 1112 1492 φῶς,
1132 1459 1146 1485 6
1169 1458 1196 1485 δὲ
1216 1459 1264 1494 οὐχ
1285 1459 1372 1492 οὕτως
1392 1460 1617 1495 κατονομάζεται.
1651 1460 1732 1487 Ἀλλὰ.
1756 1461 1835 1487 τοῦτο

209 1507 279 1534 Deus
293 1511 346 1538 est,
359 1505 453 1532 eadem
479 1504 585 1531 ratione
599 1502 679 1530 Patre
696 1503 783 1537 major
798 1501 881 1530 Filius
897 1509 993 1529 conce-

1049 1504 1107 1540 μὲν,
1120 1505 1196 1539 φησι,
1212 1505 1242 1531 τὸ
1257 1505 1313 1539 φῶς
1331 1505 1364 1532 τὰ
1374 1505 1422 1541 τῆς
1443 1506 1646 1542 φιλανθρωπίας
1666 1507 1832 1542 ἐνήργησεν·

209 1553 299 1583 datur,
314 1552 378 1587 quia
393 1551 436 1577 hic
447 1550 556 1585 quidem
575 1556 638 1576 vera
654 1549 711 1581 lux,
731 1549 777 1576 ille
796 1556 851 1576 non
869 1549 909 1576 sic
932 1557 997 1584 cog-

210 1598 375 1626 nominatur.
392 1595 445 1623 Sed
463 1595 520 1622 hzec
535 1594 644 1629 quidem
661 1594 718 1625 lux,
740 1594 840 1629 inquit,
854 1601 914 1629 qua:
933 1598 997 1622 sunt

211 1641 400 1674 humanitatis,
417 1645 528 1675 operata
537 1642 589 1670 est,
605 1639 650 1666 illa
659 1646 724 1666 vero
740 1639 773 1665 ad
786 1639 867 1666 talem
881 1639 996 1674 gratiam

211 1688 334 1716 inellicax
353 1692 380 1714 et
396 1687 482 1713 otiosa
509 1685 620 1712 mansit.
641 1684 734 1712 Novus
751 1685 917 1720 praelationis
940 1686 997 1713 sive

212 1734 395 1770 praerogativa:
408 1732 514 1760 modus.
540 1731 618 1765 Quod
635 1731 754 1759 otiosum
770 1731 819 1758 l‘nit
833 1732 866 1759 ad
880 1732 998 1761 benevo-

213 1781 322 1808 lentiam
336 1780 363 1807 in
385 1787 471 1814 genus
493 1778 654 1809 humanum,
678 1777 768 1812 eoqui
792 1781 920 1813 operatus
945 1783 998 1810 est,

213 1827 339 1862 superius
353 1825 487 1859 judieaut.
503 1823 555 1850 Sed
575 1830 663 1858 neque
682 1826 734 1855 est,
764 1830 852 1858 neque
877 1823 929 1850 erit
946 1831 998 1850 uu-

212 1880 294 1908 quam
312 1872 381 1898 inter
393 1870 564 1898 Christianos
579 1869 663 1902 notio,
681 1875 730 1903 per
752 1876 833 1903 quam
850 1873 998 1904 prtestrua~

214 1924 257 1945 tur
272 1926 325 1945 non
340 1924 420 1944 omne
439 1916 551 1946 bonum,
565 1914 636 1949 quod
654 1913 764 1948 quidem
785 1917 828 1940 est
851 1913 997 1948 ejusmodi,

213 1972 246 1992 ex
258 1963 336 1990 Patre
351 1969 460 1990 causam
479 1961 588 1988 habere.
612 1959 749 1986 Bonorum
774 1963 863 1986 autem
890 1963 999 1986 nostro-

214 2018 274 2037 rum
300 2012 391 2044 caput,
415 2007 447 2034 ad
472 2007 556 2034 vitam
583 2005 681 2032 reditio
703 2004 774 2040 apud
803 2004 951 2039 prudentes
973 2008 1000 2031 et

215 2060 287 2083 recte
304 2054 450 2081 sentientes
470 2052 607 2079 creditur:
631 2050 688 2077 haec
709 2054 798 2077 autem
821 2058 870 2085 per
893 2049 999 2076 Domini

215 2101 405 2131 ceconomiam.
419 2100 475 2126 sive
486 2094 713 2128 incarnationem,
721 2095 823 2129 optime
831 2092 948 2128 perfecta
958 2100 1000 2123 est

215 2153 241 2176 ct
260 2147 416 2182 adimplcta.
431 2145 510 2171 Patre
526 2143 634 2170 interim
649 2149 705 2170 nou
715 2143 803 2169 otioso
815 2145 842 2168 et
853 2140 999 2173 ineilicacc,

216 2194 288 2221 sicut
311 2181 420 2219 liaaresis
449 2190 545 2225 rupide
571 2188 722 2222 contendit,
749 2193 869 2223 tempore
892 2194 1000 2214 cecono-
1017 2181 1039 2209 Ι)

217 2238 277 2264 mia:
289 2237 347 2264 sive
357 2234 570 2270 dispensationis
583 2233 654 2269 apud
666 2241 694 2261 se
707 2237 843 2260 manente.
858 2231 917 2259 Non
928 2232 1000 2259 enim

217 2283 452 2313 hocdemonstrat,
461 2281 506 2316 qui
517 2280 600 2306 dixit:
611 2280 796 2314 Quintisilme.
809 2286 907 2305 mecum
918 2283 957 2305 est
968 2278 999 2311 ²⁸;

216 2333 252 2361 et,
271 2328 351 2355 Pater
365 2328 391 2354 in
408 2336 446 2354 me
459 2334 566 2353 manens
582 2326 635 2353 haec
651 2333 728 2359 opera
742 2325 806 2360 facit
817 2326 849 2352 ⁸⁸.
860 2325 1001 2358 Quomodo

217 2376 300 2411 igitur
318 2375 429 2402 haeresis
449 2374 562 2408 gratiam
576 2380 635 2407 qum
651 2372 736 2399 nostri
753 2379 836 2399 causa
856 2371 925 2398 facta
946 2375 998 2403 est,

217 2422 267 2448 soli
285 2421 352 2448 Filio
367 2420 530 2449 attrilmens.
554 2419 701 2452 gratiarum
720 2418 834 2445 actionis
855 2425 903 2452 pro
919 2417 1001 2444 colla-

218 2468 253 2495 tis
270 2467 297 2494 iu
313 2474 362 2494 nos
386 2465 524 2493 beneﬁciis
539 2464 644 2492 Patrem
661 2464 726 2491 facit
749 2463 907 2491 exsortrm?
931 2463 1002 2490 Solis

217 2514 288 2541 cnim
312 2511 407 2540 benel'a
427 2511 533 2538 toribus
558 2510 704 2545 gratiarum
723 2509 839 2536 actionis
859 2508 1002 2536 retributio

217 2558 333 2586 naturali
346 2557 451 2584 ratione
465 2556 589 2584 debetur.
614 2555 664 2588 Qui
683 2560 772 2582 autem
790 2554 822 2581 ad
842 2554 1001 2581 benefit-inm

217 2604 411 2633 conferendum
438 2607 480 2631 est
508 2603 654 2638 impotens,
687 2605 763 2627 extra
791 2607 933 2626 numerum
960 2604 1003 2627 est

216 2659 309 2678 eorum
322 2651 366 2678 cui
377 2650 470 2686 gratia!
482 2655 531 2684 pro
545 2649 609 2674 dato
625 2646 758 2674 beneﬁcio
776 2650 907 2680 aguntur.
920 2644 1002 2672 Vides

218 2701 247 2723 ut
259 2704 306 2731 per
317 2696 408 2724 omnia
426 2695 492 2731 ipsis
509 2694 536 2721 in
550 2692 716 2720 contrarium
737 2689 808 2717 cedit
828 2690 1004 2725 blasphemiae

219 2749 318 2777 scOpus
336 2742 468 2768 adversus
480 2739 668 2775 Unigcnitum,
695 2744 758 2765 cum
781 2744 813 2763 ex
831 2743 1003 2771 consequen-

275 2828 382 2859 "Joan.
397 2837 430 2864 ν,
444 2828 489 2857 2|.
523 2829 547 2845 “
560 2829 626 2857 ibid.
644 2829 689 2857 57.
727 2828 751 2844 "
769 2826 848 2856 Joan.
867 2834 923 2860 xlv,
939 2826 982 2854 to.

1047 1551 1133 1576 ἐκεῖνο
1141 1550 1168 1576 δὲ
1182 1550 1249 1585 πρὸς
1257 1552 1306 1586 τὴν
1314 1551 1440 1586 τοιαύτην
1453 1552 1532 1587 χάριν
1540 1552 1721 1588 ἀνενέργητον
1733 1553 1832 1588 ἔμεινε.

1047 1596 1145 1628 Καινὸς
1171 1597 1359 1631 προτιμήσεως
1377 1597 1477 1632 τρόπος
1488 1605 1495 1612 ·
1519 1597 1549 1623 τὸ
1564 1598 1705 1632 ἄπρακτον
1721 1599 1761 1629 εἰς
1776 1598 1834 1632 φιλ-

1047 1641 1212 1676 ανθρωπίαν,
1230 1642 1277 1668 τοῦ
1295 1643 1492 1679 ὲνεργὴσαντος
1517 1643 1667 1679 ὑπέρτερον
1684 1644 1834 1679 κρίνουσιν.

1053 1687 1122 1714 Ἀλλ’
1135 1687 1195 1715 οὐδὲ
1208 1687 1293 1720 ἔστιν,
1305 1687 1366 1714 οὔτε
1382 1689 1525 1724 γενήσεται
1538 1688 1658 1716 τοιοῦτον
1671 1691 1701 1715 ὲν
1710 1690 1835 1724 Χριστια-

1047 1734 1101 1764 vni;
1119 1741 1182 1759 ποτε
1197 1733 1296 1768 νόημα,
1312 1733 1344 1760 δι’
1356 1732 1386 1761 οὗ
1403 1735 1636 1766 κατασκευάζεται
1655 1735 1693 1770 μὴ
1706 1736 1760 1761 πᾶν
1769 1736 1836 1768 ἀγα-

1048 1777 1102 1810 θὴν,
1124 1779 1219 1814 ὅτιπερ
1239 1779 1268 1805 ἐν
1289 1780 1346 1811 τοῖς
1359 1779 1490 1812 τοιούτοις
1513 1780 1599 1812 ἐστὶν,
1620 1781 1651 1807 ἐκ
1665 1789 1712 1807 του
1730 1781 1836 1816 Πατρὺς

1047 1823 1096 1858 τὴν
1108 1824 1196 1850 αἰτίαν
1210 1824 1282 1859 ἔχειν
1292 1833 1298 1840 ·
1314 1825 1368 1851 τῶν
1379 1825 1406 1851 δὲ
1421 1825 1481 1852 καθ’
1500 1827 1572 1861 ἡμᾶς
1587 1826 1696 1860 ἀγαθῶν
1708 1826 1739 1853 τὸ
1752 1828 1834 1861 xui-

1048 1868 1131 1900 λαιον,
1146 1870 1162 1904 ἡ
1183 1870 1249 1905 πρὸς
1260 1870 1309 1906 τὴν
1326 1869 1398 1906 ζωὴν
1420 1871 1548 1903 ἐπάνοδος
1563 1873 1636 1907 παρὰ
1650 1874 1707 1904 τοῖς
1721 1871 1752 1899 εὖ
1769 1882 1836 1907 φρο-

1048 1914 1122 1941 νοῦσι
1145 1915 1314 1942 πιστεύεται·
1332 1916 1400 1952 αὕτη
1418 1917 1446 1944 δὲ
1466 1917 1510 1944 διὰ
1531 1919 1581 1953 τῆς
1600 1918 1670 1945 κατὰ
1694 1919 1835 1955 ἄνθρωποι

1048 1963 1200 1996 οἰκονομίας
1224 1963 1269 1990 τοῦ
1286 1964 1388 1999 Κυρίου
1411 1964 1599 2000 κατώρθωται,
1620 1967 1669 1992 οὐκ
1693 1967 1835 2001 ἀπράκτου

1049 2007 1096 2033 καὶ
1111 2008 1302 2043 ἁνενεργήτου,
1320 2008 1412 2040 καθὼς
1426 2010 1442 2044 ὴ
1455 2010 1559 2045 αἵρεσις
1577 2010 1713 2044 βούλεται,
1726 2010 1774 2037 τοῦ
1787 2012 1838 2038 Πα-

1049 2052 1113 2088 τρδς
1130 2053 1158 2079 ἐν
1171 2053 1209 2088 τῷ
1230 2053 1318 2090 καιρῷ
1338 2054 1388 2089 τῆς
1403 2055 1554 2090 οἰκονομίας
1571 2056 1772 2088 ἀπιδιάσαντος.
1800 2056 1837 2083 Οὖ

1050 2097 1104 2132 γὰρ
1121 2098 1198 2125 τοῦτο
1214 2099 1380 2127 ἐνδείκνυται
1394 2101 1409 2126 6
1422 2099 1505 2127 εἰπὼν
1521 2120 1527 2131 ,
1548 2102 1588 2128 ὅτι
1608 2102 1638 2128 Ὀ
1654 2102 1775 2137 πέμψας
1789 2111 1836 2137 με.

1049 2143 1113 2177 μετ’
1133 2144 1206 2178 ἐμοῦ
1232 2144 1308 2176 ἐστι,
1335 2146 1391 2177 καὶ,
1407 2146 1435 2172 Ὀ
1467 2147 1568 2180 Πατὴρ
1590 2147 1624 2173 ἐν
1643 2147 1708 2182 ἐμοὶ
1727 2148 1836 2182 μένων,

1053 2188 1134 2215 ποιεῖ
1147 2189 1182 2215 τὰ
1202 2190 1272 2224 ἔργα
1292 2190 1395 2218 ταῦτα.
1427 2191 1488 2223 Πῶς
1504 2189 1550 2217 οὖν
1563 2193 1580 2227 ἡ
1602 2192 1707 2228 αἵρεσις
1719 2193 1791 2228 μόνῳ
1802 2193 1839 2228 τῷ

1054 2233 1111 2269 Υἱῷ
1124 2235 1172 2270 τὴν
1184 2235 1253 2270 ὑπὲρ
1266 2237 1342 2271 ἡμῶν
1358 2237 1436 2272 χάριν
1455 2238 1714 2274 προσμαρτυροῢσα,
1725 2239 1840 2275 ἀπόμοι-

1055 2288 1100 2315 ρον
1115 2282 1187 2307 ποιεῖ
1202 2281 1247 2307 τὸν
1260 2282 1369 2318 Πατέρα
1382 2284 1431 2318 τῆς
1449 2284 1494 2310 ἐπὶ
1505 2285 1560 2315 τοῖς
1574 2284 1782 2320 κατορθώμασιν
1797 2286 1840 2312 εὖ·

1053 2327 1215 2362 χαριστιαςς
1251 2328 1349 2359 Μόνοις
1363 2329 1416 2364 γὰρ
1441 2329 1510 2356 κατὰ
1531 2330 1611 2364 φύσιν
1630 2331 1767 2366 ὀφείλεται
1786 2333 1841 2362 τοῖς

1057 2372 1211 2407 εὐεργέταις
1231 2374 1247 2408 ἡ
1271 2373 1319 2409 τῆς
1337 2375 1510 2409 εὐχαριστίας
1527 2377 1675 2408 ἀντίδοσις·
1689 2378 1704 2403 6
1725 2377 1755 2404 δὲ
1775 2378 1841 2413 πρὸς

1054 2417 1211 2452 εὐεργεσίαν
1225 2419 1364 2451 ἀδύνατος,
1377 2421 1429 2453 ἔξω
1442 2420 1488 2446 τοῦ
1503 2421 1723 2457 εὐχαριστξῖσθαι
1733 2423 1841 2455 πάντως

1054 2463 1138 2490 ἐστίν.
1164 2463 1244 2499 Ὁρᾷς
1258 2465 1296 2496 ὡς
1315 2464 1359 2491 διὰ
1375 2465 1483 2493 πάντων
1498 2467 1588 2498 αὐτοῖς
1604 2467 1673 2502 πρὸς
1688 2467 1842 2494 τούναντίον

1054 2509 1068 2534 ὁ
1091 2508 1192 2540 σκοπὸς
1217 2510 1410 2545 περιτρέπεται
1432 2511 1481 2546 τῆς
1511 2511 1582 2538 κατὰ
1604 2512 1651 2539 τοῦ
1674 2513 1841 2547 Μονογενοῦς

1057 2555 1238 2591 βλασφημίας,
1257 2557 1327 2584 κατὰ
1343 2558 1374 2585 τὸ
1385 2559 1528 2586 ἀκόλουθον
1540 2560 1587 2586 ὲπὶ
1605 2560 1651 2586 τὸν
1668 2561 1778 2596 Πατέρα
1791 2569 1841 2596 με·

1054 2602 1246 2638 ταεαινούσης.
1276 2603 1331 2630 Καί
1357 2613 1401 2639 μοι
1421 2605 1494 2631 δοκεῖ
1509 2606 1567 2631 κατ’
1589 2605 1713 2641 ἀνάγκην
1725 2606 1842 2632 τοιοῦτον

1056 2647 1223 2682 συμϐαίνειν.
1242 2647 1272 2675 ΕΞ
1293 2648 1347 2685 γὰρ
1365 2650 1380 2676 6
1395 2650 1480 2685 τιμῶν
1494 2650 1540 2677 τὸν
1555 2651 1619 2678 Υῑδν
1644 2652 1712 2686 τιμᾷ
1729 2651 1774 2678 τὸν
1789 2652 1842 2678 Πα-

1055 2693 1132 2729 τέρα,
1147 2694 1216 2721 κατὰ
1227 2694 1277 2730 τὴν
1293 2695 1367 2721 θείαν
1382 2696 1528 2731 ἀπόφασιν,
1543 2696 1622 2731 δῆλον
1635 2697 1676 2723 ὃτι
1690 2697 1762 2732 καὶὴ
1776 2696 1841 2732 πρὸς

1056 2739 1086 2766 τὸ
1099 2740 1220 2767 ἐναντίον
1240 2740 1310 2768 κατὰ
1340 2741 1386 2768 τοῦ
1402 2742 1466 2769 Υίοῦ
1487 2742 1597 2778 σπουδὴ,
1615 2743 1661 2769 ἐπὶ
1676 2743 1722 2770 τὸν
1735 2742 1840 2779 Πατέρα
