1923 3071
65 118 116 147 901

627 117 766 146 CONTRA
785 116 980 151 EUNOMIUH,
998 117 1062 146 LIB.
1082 116 1139 145 Ill.

1633 119 1688 148 902

63 176 115 211 τὴν
127 175 264 211 ἀναφορὰν
282 175 347 210 ἔχει.
381 175 450 210 Ἐγὼ
470 175 497 202 δέ
515 183 585 210 φημι
598 175 662 207 δεῖν,
683 176 739 207 τοῖς
755 175 853 202 ἁπλού-

910 175 941 202 Lia
958 174 985 201 in
998 173 1107 202 Patrem
1126 177 1258 202 transeat.
1279 174 1317 202 Ae
1334 174 1400 203 mihi
1416 174 1523 203 videtur
1537 181 1569 203 ex
1592 182 1689 204 neces-

65 230 161 256 οτερον
174 221 326 256 δεχομένοις
341 221 372 248 τὺ
392 222 456 257 περὶ
471 221 515 248 τὸν
537 221 651 257 σταυρὸν
668 221 714 248 καὶ
725 222 774 250 τὴν
787 221 852 248 ἀνά-

65 277 160 295 στασιν
172 269 311 303 κήρυγμα,
337 268 397 303 ίσης
413 267 586 302 εὐχαριστίας
603 267 670 302 πρός
686 276 716 293 τε
731 267 777 293 τὸν
791 267 854 294 mw

65 315 114 341 καὶ
132 315 177 340 τὸν
194 315 313 350 Πατέρα,
328 314 376 348 τὴν
387 314 473 349 αὐτὴν
488 313 567 348 χάριν
582 313 708 340 ὑπόθεσιν
722 313 854 347 γίνεσθαι,

63 360 112 386 καὶ
125 361 155 386 τὸ
166 360 298 395 πατρικὸν
315 360 420 394 θέλημα
434 360 481 386 τοῦ
493 359 555 386 Υίοῦ
570 359 760 391 τελειώσαντος
771 365 779 374 '
795 359 856 385 τοῦ-

62 413 94 432 το
106 405 134 432 δέ
147 407 204 432 ἐστι
220 406 250 432 τὸ
264 405 384 438 Πάντας
398 406 573 439 ἀνθρώπους
589 404 720 438 σωθῆναι
729 425 735 436 ,
764 404 854 436 καθώς

64 460 149 485 φησιν
163 452 176 478 ὁ
195 448 374 482 Ἀπόστολος·
403 451 502 486 ὁμοίως
522 451 568 477 ἐπὶ
599 452 628 486 τῇ
655 450 745 486 χάριτι
768 449 855 486 ταύτῃ

61 498 149 532 τιμᾷν
166 497 212 523 τὸν
228 497 336 533 Πατέρα
351 506 380 523 τε
402 497 449 524 καὶ
468 497 513 524 τὸν
531 497 607 528 Υίόν,
623 497 660 528 ὡς
672 497 722 523 οὐκ
734 496 767 523 ἂν
778 504 853 529 γενον

65 542 152 577 μένης
165 543 229 578 ὑμῖν
248 542 395 578 σωτηρίας,
420 543 444 568 εί
463 542 500 577 μὴ
517 542 547 568 τὸ
566 542 667 575 ἀγαθὸν
688 541 793 576 θέλημα
807 540 853 567 τοῦ

62 580 172 623 Πατρὺς
185 588 230 615 διὰ
247 589 296 623 τῆς
311 588 378 620 ίδίας
392 588 533 623 δυνάμεως
546 587 628 615 αὐτοῦ
644 586 777 622 προῆλθεν
787 586 852 622 ἡμῖν

63 635 105 665 εἰς
120 635 267 669 ἐνέργειαν.
285 634 403 669 Δύναμιν
420 634 447 659 δὲ
464 632 510 659 τοῦ
526 633 631 668 Πατρὺς
643 633 687 659 τὸν
707 632 768 659 Υἱον
785 630 852 658 εἶναι

63 679 142 715 παρὰ
155 680 209 706 τῶν
227 680 340 715 Γραφῶν
355 679 567 714 μεμαθήκαμεν.

902 220 982 248 sitate
1000 220 1064 254 quid
1080 220 1134 248 tale
1147 220 1317 256 contingere.
1332 220 1360 247 Si
1371 221 1443 248 enim
1460 221 1506 256 qui
1529 221 1690 249 honoﬁﬂcat

903 266 1012 298 Filium,
1038 265 1201 293 honoriﬁcat
1219 270 1246 294 et
1263 265 1382 299 Patrem.
1395 267 1546 294 secundum
1565 266 1689 294 divinum

904 313 1032 344 eil‘atum,
1065 312 1238 347 perspicuum
1266 312 1339 347 quod
1360 312 1527 340 contrarium
1557 312 1690 341 adversus

905 358 1003 386 Filium
1030 359 1151 386 studiutn
1176 357 1209 385 ad
1220 357 1326 385 Patrem
1346 358 1427 385 habet
1449 358 1690 393 rrlationem.Ego

906 409 996 431 autent
1009 403 1084 434 dico.
1100 408 1227 440 oportere
1238 403 1280 431 his
1289 405 1335 439 qui
1349 404 1499 439 simplicius
1513 404 1546 431 de
1561 411 1642 431 cruce
1664 409 1692 431 et

905 450 1105 477 resurrectione
1119 450 1284 484 praeconium
1297 454 1471 484 acceperunt.
1484 450 1597 485 aequalis
1620 450 1690 485 grati

906 494 991 521 animi
1007 494 1217 529 signiﬁcationis
1236 502 1299 530 erga
1320 495 1418 522 Filium
1432 499 1459 523 et
1478 495 1595 528 Patrem,
1620 503 1692 523 eant-

905 540 966 568 dem
981 540 1097 576 gratiam
1110 540 1318 568 fundamentum
1347 541 1422 573 lieri,
1454 541 1605 576 praesertim
1628 549 1691 569 cum

907 586 993 614 Filius
1011 585 1101 614 Patris
1124 587 1292 614 voluntatem
1315 587 1471 622 perfecerit,
1495 595 1555 622 quae
1582 588 1692 623 quidem

905 637 958 665 est,
982 640 1071 660 omnes
1088 633 1205 660 homines
1225 633 1311 660 salvos
1325 633 1396 666 ﬁeri,
1419 634 1489 661 sicut
1513 635 1550 661 ait
1577 635 1694 669 Aposto-

908 677 952 705 lus
968 678 1010 704 ὀε
1027 679 1153 707 similiter
1168 679 1194 707 in
1207 679 1258 706 hac
1270 679 1357 715 gratia
1384 685 1411 706 et
1434 679 1542 707 Patrem
1558 684 1584 707 et
1594 680 1692 707 Filium

64 726 170 753 honore
186 725 308 756 allicere,
324 726 386 760 quia
403 725 477 752 salus
490 725 568 752 nobis
581 724 650 751 facta
668 731 720 750 non
743 723 849 754 fuisset,
870 723 922 750 nisi
941 723 1012 751 bona
1035 725 1162 753 voluntas
1186 725 1277 752 Patris
1311 733 1359 760 per
1393 725 1522 753 virtutem
1545 727 1632 761 ipsius
1660 727 1693 754 ad

63 771 253 805 operationem
265 770 297 797 ad
314 777 364 798 nos
381 770 570 805 Processisset.
602 769 735 797 Virtutem
748 774 837 797 autem
857 769 946 798 Patris
961 770 1060 798 Filium
1072 779 1135 800 esse
1145 780 1177 800 ex
1195 772 1344 807 Seripturis
1361 772 1519 800 didicimus.

101 817 185 844 Πάλιν
199 817 227 844 δὲ
243 816 277 843 τὰ
291 817 422 853 εἰρημένα
435 817 655 852 κατανοήσωμεν.
668 827 676 842 ι
689 817 720 843 Εί
740 817 788 852 μὲν
801 816 857 852 ἔχει

944 817 1051 846 Rursus
1068 823 1158 846 autem
1174 826 1234 853 quae
1248 820 1319 846 ditta
1337 824 1400 846 sunt
1411 840 1419 852 ,
1436 819 1626 854 dispiciamus.
1642 828 1651 845 ι
1666 819 1696 847 Si

61 862 219 892 δεικνύναι,
238 871 248 886 ι
270 861 353 896 φησὶ,
377 870 386 886 ι
405 861 450 888 τὸν
471 861 517 888 ἐπὶ
540 861 648 888 πάντων
664 861 748 893 Θεὸν,
763 861 856 896 ὥσπερ

63 908 140 935 ἐστὶν
152 907 300 942 ἀπρόσιτον
315 908 383 942 φῶς,
402 908 430 933 ὲν
443 907 524 942 σαρκὶ
535 907 688 942 γενόμενον,
701 907 718 942 ἢ
731 906 857 941 γενέσθαι

61 954 224 988 δυνάμενον,
238 950 295 979 ίσον
310 952 411 986 λεγέτω
427 952 465 987 τῷ
480 953 551 986 φωτὶ
563 952 592 979 τὺ
608 952 674 986 φῶς.
687 961 696 978 ι
721 952 857 987 Πρόδηλος

61 999 120 1034 γὰρ
134 999 148 1025 ὁ
161 998 216 1025 τῶν
229 999 381 1035 εἰρημένων
406 999 505 1030 σκοπὸς
521 998 554 1025 δι’
569 999 654 1033 αὐτῆς
679 999 728 1034 τῆς
742 998 796 1025 τῶν
810 1000 858 1034 ρη-

65 1046 161 1080 μάτων
181 1046 352 1080 κατασκευῆς
367 1054 372 1059 ·
394 1045 435 1072 ὅτι
451 1044 501 1071 οὐκ
516 1044 601 1071 οἴεται
616 1046 648 1080 τῇ
664 1044 857 1080 παντοδυνάμῳ

63 1091 173 1126 θεότητι
186 1091 232 1117 τὸν
243 1091 307 1117 Υίον
321 1090 368 1118 καὶ
383 1091 449 1126 πρὸς
464 1091 494 1117 το
516 1090 635 1117 τοιοῦτον
652 1089 721 1122 εἶδος
732 1091 781 1126 τῆς
797 1090 858 1124 φιλ-

63 1137 224 1172 ανθρωπίας
238 1137 344 1172 ίσχῦσαι
354 1144 361 1152 ο
373 1136 440 1163 ἀλλὰ
455 1136 494 1169 τῷ
503 1135 610 1171 φύσεως
623 1135 763 1172 ἐμπαθοῦς
775 1134 857 1169 εἶναι.

63 1184 95 1211 τὸ
111 1184 181 1210 κατὰ
195 1183 240 1211 τὸν
253 1183 368 1218 σταυρὸν
382 1182 509 1215 δέξασθαι
522 1182 617 1214 πάθος.
640 1183 722 1210 Ἀλλά
732 1192 776 1218 μοι
793 1191 857 1210 σκο-

64 1231 196 1266 πουμένῳ
212 1230 258 1257 καὶ
280 1229 459 1265 ἀναζητοῦντι
476 1229 556 1256 πόθεν
571 1231 631 1260 ταῖς
647 1229 787 1260 τοιαύταις
803 1228 858 1256 τῶν

64 1276 229 1311 ὑπολήψεων
244 1276 308 1311 περὶ
323 1275 353 1302 τδ
371 1275 446 1302 θεῖον
459 1275 614 1306 συνέπεσεν,
628 1274 664 1306 ὡς
677 1274 706 1300 τὸ
719 1274 767 1309 μὲν
782 1273 859 1308 ἀγέν-

25 1318 27 1321 ’
63 1329 147 1356 νητον
160 1321 216 1356 φῶς
233 1321 379 1356 ἀπρόσιτον
393 1319 461 1347 εἶναι
475 1320 514 1356 τῷ
527 1320 650 1355 ἐναντίῳ,
666 1320 713 1347 καὶ
730 1319 858 1354 καθαρῶς

63 1366 175 1398 ἀπαθὲς
192 1367 238 1394 καὶ
253 1367 392 1402 ἀκήρατον
405 1366 526 1394 οἴεσθαι·
543 1366 574 1392 τὸ
589 1366 617 1392 δὲ
634 1365 760 1401 γεννητὸν
775 1367 859 1400 ἐπαμ-

64 1412 221 1447 φοτερίζειν
239 1413 308 1440 κατὰ
321 1413 369 1449 τὴν
387 1412 477 1447 φύσιν,
493 1412 531 1444 ὡς
545 1412 596 1438 οὐκ
610 1411 760 1447 ἀκραιφνές
769 1420 799 1438 τε
813 1411 859 1438 καὶ

66 1456 188 1492 καθαρὸν
206 1457 235 1484 ὲν
251 1458 370 1495 ἀπαθείᾳ
387 1458 534 1494 φυλάσσειν
551 1457 581 1484 τδ
598 1457 683 1484 θεῖον·
708 1457 778 1484 ἀλλά
798 1466 858 1484 τινα

907 863 980 890 enim
997 867 1088 899 potest
1099 864 1299 897 demonstrare,
1316 864 1415 899 inquit,
1430 864 1513 892 Deum
1527 865 1573 900 qui
1585 869 1627 893 est
1649 873 1697 893 sn-

908 915 956 943 per
978 909 1082 940 omnia.
1110 910 1341 944 quemadmodum
1363 914 1405 937 est
1429 910 1474 937 lux
1494 911 1645 945 inaccessa,
1667 911 1696 939 in

908 962 990 981 carne
1008 955 1122 987 factum,
1136 955 1177 983 vel
1194 955 1251 983 ﬁeri
1267 957 1398 991 potuisse.
1412 957 1543 991 aequalem
1561 957 1634 985 dicat
1656 958 1696 984 lu-

908 1007 967 1027 cem
983 1001 1048 1028 luci.
1065 1010 1074 1027 ι
1090 1001 1255 1036 Perspicuus
1269 1006 1359 1029 autem
1375 1002 1509 1030 dictorum
1527 1010 1629 1038 scopus
1649 1011 1698 1038 per

908 1047 1031 1074 eamdem
1043 1048 1189 1075 verborum
1199 1048 1443 1076 constructionem.
1457 1048 1536 1081 Quod
1548 1056 1602 1076 non
1621 1053 1698 1084 putat

908 1099 942 1121 ex
957 1092 1140 1128 omnipotenti
1168 1093 1269 1121 deitate
1284 1093 1383 1121 Filium
1396 1093 1430 1122 ad
1458 1094 1539 1122 talem
1569 1094 1697 1122 humani-

909 1138 974 1166 tatis
991 1139 1119 1173 spceiem.
1137 1138 1190 1166 vim
1207 1143 1235 1166 et
1246 1139 1331 1166 robur
1345 1139 1484 1171 habuisse,
1508 1139 1555 1167 sed
1569 1140 1633 1174 quia
1649 1147 1699 1166 nae

909 1189 977 1212 tura:
990 1185 1109 1220 patibilis
1120 1188 1202 1214 esset.
1228 1185 1330 1213 idcirco
1343 1185 1437 1213 erucis
1461 1186 1620 1220 passionem
1636 1193 1698 1213 sus-

908 1231 1025 1265 cepisse.
1041 1230 1094 1257 Sed
1109 1231 1174 1258 mihi
1189 1231 1319 1266 cogitanti
1345 1234 1372 1258 et
1389 1231 1533 1265 diligenter
1553 1231 1698 1265 quaerenti.

908 1275 981 1302 unde
997 1275 1023 1302 in
1039 1275 1108 1304 tales
1124 1276 1158 1303 de
1175 1276 1229 1303 Deo
1241 1277 1385 1311 opiniones
1400 1276 1527 1303 inciderit
1543 1295 1551 1307 ,
1576 1279 1606 1302 ut
1621 1276 1698 1310 inge-

909 1320 993 1347 nitam
1008 1320 1116 1355 quidem
1135 1320 1223 1348 lucem
1239 1321 1410 1348 inaccessam
1425 1328 1487 1348 esse
1499 1321 1650 1352 contrario,
1672 1325 1700 1348 et

910 1373 976 1400 pure
993 1365 1188 1401 impassibilem
1216 1371 1297 1402 atque
1316 1367 1551 1402 inrorruptibilem
1574 1371 1698 1402 putaret;

909 1411 1030 1447 genitam
1051 1420 1117 1439 vero
1146 1412 1173 1439 in
1199 1417 1344 1447 utramque
1370 1416 1474 1448 partem
1493 1413 1571 1448 lapsu
1587 1413 1699 1447 ancipiti

909 1465 1022 1493 vergere
1040 1458 1190 1486 secundum
1218 1463 1356 1491 naturam,
1386 1462 1416 1485 ut
1439 1466 1501 1493 qua:
1528 1458 1699 1486 divinitatem

66 1503 195 1537 συμμιγῆ
211 1511 241 1530 τε
257 1504 303 1530 καὶ
321 1504 473 1540 σύγκρατον
494 1504 526 1530 ὲκ
543 1503 597 1531 τῶν
611 1503 738 1530 ἐναντίων
749 1503 798 1538 τὴν
813 1503 856 1530 οὺ-

912 1504 1046 1531 sinceram
1073 1507 1099 1531 et
1117 1511 1213 1538 puram
1230 1504 1256 1530 in
1273 1503 1491 1538 impassihilitate
1511 1511 1564 1530 non
1588 1511 1702 1531 conser-

67 1547 130 1574 οίαν
145 1548 227 1583 ἔχειν,
242 1549 290 1584 τὴν
303 1549 410 1585 καὶτῆς
423 1549 470 1576 τοῦ
486 1549 589 1584 ἀγαοοῦ
606 1549 751 1584 μετουσίας
766 1549 861 1584 ὀρεγο-

69 1593 167 1629 μένην,
195 1594 242 1620 καὶ
269 1595 337 1630 πρὸς
363 1595 473 1630 ἐμπαθῆ
501 1595 619 1622 διάθεσιν
641 1595 859 1630 μεταρῤέουσαν·

67 1638 164 1674 ἐπειδὴ
184 1639 259 1674 παρὰ
275 1640 325 1675 τῆς
342 1641 453 1676 Γραφῆς
471 1641 522 1667 οὐκ
545 1638 580 1676 ἦν
596 1641 644 1676 τῆς
658 1641 784 1676 τοιαύτης
801 1641 862 1668 ἀτο-

68 1684 137 1716 πίας
150 1684 198 1717 τὰς
217 1685 358 1717 ὑποθέσεις
383 1687 483 1722 εὑρεῖν,
505 1686 604 1722 ἐπῆλθέ
625 1695 670 1721 μοι
690 1686 860 1721 λογίσασθαι,

71 1729 177 1765 μήποτε
197 1730 250 1766 ἄρα
261 1731 310 1763 τὰς
327 1731 382 1758 τῶν
399 1732 556 1766 Αἰγυπτίων
575 1733 640 1768 περὶ
652 1731 682 1758 τδ
692 1733 768 1758 Θεῖον
781 1731 862 1767 μυθο-

68 1774 165 1809 λογίας
183 1775 336 1811 θαυμάσας,
365 1776 414 1808 τὰς
430 1777 542 1804 ἐκείνων
560 1778 639 1810 δόξας
658 1779 713 1809 τοῖς
736 1777 861 1814 περὶτοῦ

68 1821 241 1855 Μονογενοῦς
254 1823 468 1858 ἐγκαταμίγνυσι
481 1823 585 1857 λόγοιςς
595 1823 663 1850 Φασὶ
674 1823 728 1858 γὰρ
741 1823 862 1856 ἐκείνους

68 1866 120 1902 τὴν
139 1867 281 1894 ἀλλόκοτον
295 1869 491 1901 εἰδωλοποιίαν,
509 1869 573 1896 ὅταν
588 1869 768 1904 ἀνθρωπίνοις
784 1868 860 1904 μέλε-

69 1919 115 1939 σιν
125 1912 229 1947 ἀλόγων
236 1913 316 1941 τινῶν
328 1915 434 1950 μορφὰς
444 1915 765 1950 ὲφαρμόζωσιν,αίνιγμα
772 1914 862 1949 λέγειν

69 1957 142 1985 εἶναι
154 1959 204 1994 τῆς
217 1960 371 1996 συμμίκτου
385 1961 502 1995 φῦσεως,
515 1961 549 1996 ἢν
563 1960 795 1997 προσαγορεύουσι
808 1961 862 1988 δαί-

69 2012 152 2040 μονα.
166 2005 274 2041 Ταύτην
285 2006 312 2032 δὲ
324 2006 489 2042 λεπτοτέραν
502 2006 551 2042 μὲν
563 2006 617 2034 τῶν
631 2006 781 2042 ἀνθρώπων
792 2004 861 2033 εἶναι

68 2050 118 2076 καὶ
132 2050 199 2076 πολὺ
213 2052 246 2086 τῇ
259 2051 372 2087 δυνάμει
385 2051 434 2087 τὴν
448 2051 586 2088 ἡμετέραν
597 2052 804 2088 ὑπερφέρουσαν
815 2052 862 2087 φύ-

68 2103 115 2122 σιν
126 2103 133 2110 ·
151 2095 181 2122 τὸ
195 2096 224 2122 δὲ
235 2097 310 2124 Θεῖον
323 2097 372 2124 οὐκ
383 2098 482 2132 ἀμιγὲς
492 2098 552 2124 οὐδὲ
567 2097 684 2133 ἄκρατον
701 2097 782 2132 ἔχειν,
793 2097 861 2124 ἀλλὰ

67 2140 120 2168 καὶ
139 2140 228 2176 ψυχῆς
247 2142 326 2176 φύσει
349 2143 397 2170 καὶ
416 2143 541 2178 σώματος
567 2143 692 2179 αἰσθήσει
707 2151 860 2178 συγκεκρα-

68 2174 164 2223 μένον,
289 2197 319 2215 τε
338 2189 383 2216 καὶ
397 2174 476 2216 πόνον
497 2174 692 2225 ἀναδεχόμενον
703 2197 710 2205 ·
732 2174 769 2216 ὧν
783 2174 861 2215 οὐδὲν
876 2174 897 2202 D

67 2233 138 2269 περὶ
153 2233 198 2260 τὸν
211 2234 356 2270 ἀγέννητον
367 2232 436 2261 εἶναι
450 2235 526 2262 Θεόν.
546 2235 601 2262 Καὶ
613 2234 667 2270 γὰρ
684 2234 803 2261 κάκεῖνοι
817 2233 861 2260 λέ-

67 2287 150 2313 γουσι
164 2279 242 2306 τοῦτο
259 2280 288 2306 τὺ
298 2279 394 2315 ὄνομα,
405 2279 444 2316 τῷ
461 2280 620 2316 ὑπερέχοντι
639 2279 711 2307 κατὰ
731 2279 781 2311 τὰς
796 2279 861 2306 ὐπο-

65 2324 168 2359 λήψεις
185 2325 274 2352 αὐτῶν
297 2325 356 2361 Θεῷ
376 2326 425 2361 τὴν
450 2326 614 2361 ἁγεννησίαν
638 2325 860 2360 ἐπιφημίζοντες.

69 2371 182 2397 Ἔοικεν
196 2368 242 2398 οὖν
262 2371 328 2406 ἡμῖν
341 2373 355 2398 ό
374 2372 454 2406 σοφὸς
468 2372 593 2406 θεολόγος
606 2369 681 2403 οὗτος
696 2372 728 2398 ὲκ
747 2371 800 2398 τῶν
814 2371 861 2398 Αί-

67 2414 199 2449 γυπτίων
218 2415 321 2442 ἀδύτων
336 2416 471 2446 ¹Ἄνουϐιν,
484 2416 500 2451 ἢ
517 2414 625 2451 Ἶσιν,ἢ
641 2416 747 2448 Ὄσιριν
763 2415 800 2450 τῷ
815 2424 864 2450 κη-

69 2460 194 2495 ρύγματι
201 2460 255 2486 τῶν
261 2461 432 2496 Χριστιανῶν
442 2461 680 2496 ὲπεισάγειν,πλὴν
688 2461 737 2496 τῆς
743 2460 796 2487 τῶν
806 2461 864 2486 όνο-

69 2505 169 2540 μάτων
182 2505 340 2541 όμολογίας’
355 2506 477 2542 διαφέρει
489 2506 517 2533 δὲ
530 2507 639 2538 πάντως
653 2506 728 2533 οὐδὲν
744 2507 783 2537 είς
797 2505 861 2532 ἀσέ-

68 2551 163 2582 ϐειαν,
177 2551 191 2577 ὃ
212 2559 242 2578 τε
263 2551 402 2586 ὁμολογῶν
420 2551 455 2578 τὰ
472 2551 525 2578 τῶν
538 2550 652 2578 εἰδώλων
669 2551 798 2586 ὀνόματα,
817 2550 864 2577 καὶ

68 2598 84 2623 ὸ
99 2596 150 2629 τὰς
165 2598 229 2633 περὶ
247 2597 349 2624 τούτων
371 2598 447 2630 δόξας
459 2598 487 2623 ἐν
500 2597 589 2632 ἑαυτῷ
603 2596 749 2632 κρατύνας,
768 2596 822 2622 τῶν
835 2595 863 2621 δὲ

68 2642 212 2677 ὀνομάτων
239 2643 405 2678 φειδόμενος.
435 2643 466 2670 Ei.
492 2642 580 2669 τοίνυν
600 2643 631 2668 ὲκ
651 2642 700 2677 μὲν
721 2641 769 2676 τῆς
791 2640 864 2671 θείας

68 2686 186 2722 Γραφῆς
206 2688 369 2723 συνηγορίαν
384 2688 444 2715 τινὰ
459 2689 507 2724 τῆς
523 2688 649 2719 ἀσεϐείας
661 2687 761 2722 ταύτης
776 2687 864 2722 εὑρεῖν

67 2733 122 2758 οὐκ
135 2731 219 2765 ἐστιν,
234 2733 266 2759 ὲκ
280 2733 308 2759 δὲ
322 2735 375 2760 τῶν
391 2733 587 2770 ἱερογλυφικῶν
601 2733 771 2768 αἰνιγμάτων
788 2733 802 2758 ὁ
823 2731 865 2758 λό-

108 2820 134 2835 ¹⁸
152 2819 296 2848 l'l'imotb.
314 2828 344 2851 It.
357 2821 384 2850 ι.

912 1552 967 1579 vet,
982 1548 1029 1576 sed
1053 1549 1224 1576 commistam
1251 1549 1398 1583 quamdam
1422 1554 1449 1577 et
1469 1554 1700 1585 contemperatam

912 1600 945 1620 ex
959 1594 1106 1622 contrariis
1121 1594 1267 1622 essentiam
1289 1595 1396 1628 habeat,
1421 1603 1481 1630 quae
1495 1600 1522 1622 et
1533 1595 1596 1622 boni
1617 1595 1702 1630 parti-

912 1639 1077 1673 cipationem
1110 1644 1230 1674 appetat,
1254 1647 1279 1667 ct
1296 1641 1329 1667 ad
1356 1641 1513 1675 passibilem
1531 1640 1700 1668 all‘eetionetn

915 1684 1025 1712 deﬂuat.
1053 1685 1188 1718 Quoniam
1204 1694 1236 1713 ex
1269 1685 1412 1720 Scriptura
1433 1687 1497 1714 talis
1523 1687 1702 1714 absurditatis

912 1731 1087 1759 fundamenta
1115 1732 1239 1759 invenire
1266 1740 1320 1760 non
1349 1733 1423 1765 licet,
1449 1732 1515 1760 mihi
1530 1733 1557 1760 in
1581 1736 1700 1760 mentem

912 1776 987 1803 venit
1009 1776 1066 1804 haec
1085 1777 1252 1804 existimatio
1270 1785 1277 1803 :
1293 1776 1426 1812 numquid
1443 1777 1590 1812 aliquando
1616 1777 1702 1813 Egy-

911 1821 1030 1856 ptiorum
1050 1821 1084 1848 de
1097 1821 1238 1849 divinitate
1264 1821 1446 1849 fabulationes
1459 1822 1620 1854 admiratus,
1642 1823 1702 1850 illo-

911 1875 972 1895 rum
986 1867 1132 1902 opiniones
1154 1867 1189 1895 de
1206 1867 1352 1902 Unigenito
1366 1868 1541 1895 sermonibus
1554 1868 1699 1896 immiscet.

913 1912 996 1940 Aiunt
1008 1913 1080 1940 enim
1095 1913 1155 1940 illos
1169 1917 1354 1948 portentosam
1383 1914 1594 1941 simulacrorum
1613 1915 1702 1942 ﬁctio-

911 1966 985 1990 nem,
1002 1966 1063 1985 cum
1080 1958 1207 1986 humanis
1222 1958 1352 1987 membris
1365 1960 1545 1994 quorumdam
1558 1960 1701 1988 hrutorum

912 2003 1015 2031 formas
1027 2003 1245 2034 accommodant,
1261 2004 1375 2039 aenigma
1390 2011 1450 2032 esse
1466 2009 1571 2032 naturae
1586 2005 1700 2032 commi-

911 2053 961 2077 sta:
976 2050 1078 2081 dicere,
1096 2057 1178 2084 quam
1193 2050 1331 2084 appellant
1346 2050 1512 2084 daemonem;
1529 2051 1599 2078 hanc
1609 2056 1700 2078 autem

912 2095 1069 2122 hominibus
1101 2095 1272 2123 subtiliorem
1301 2099 1328 2123 et
1351 2096 1473 2130 putentia
1500 2097 1587 2124 multo
1607 2102 1701 2124 nostra

912 2141 1082 2175 superiorem
1097 2148 1158 2168 esse
1175 2145 1317 2174 naturam;
1335 2141 1501 2169 divinitatem
1513 2145 1602 2169 autem
1615 2150 1702 2177 neque

913 2186 1075 2218 immistam,
1093 2194 1181 2221 neque
1202 2194 1298 2222 puram
1324 2191 1351 2214 ct
1372 2187 1507 2214 sinceram
1524 2187 1634 2218 habere,
1654 2188 1701 2215 sed

912 2240 974 2260 cum
1000 2233 1097 2260 anima:
1110 2238 1206 2260 natura
1222 2237 1249 2260 et
1265 2233 1390 2268 corporis
1418 2241 1500 2261 sensu
1514 2238 1702 2268 contempera-

911 2282 977 2311 tam,
997 2279 1144 2314 voluptatis
1160 2283 1187 2306 et
1197 2279 1300 2306 laboris
1327 2276 1455 2314 capacem
1470 2299 1477 2310 ,
1491 2287 1609 2314 quorum
1632 2279 1700 2306 nihil

912 2325 940 2352 in
958 2324 1011 2352 Deo
1027 2324 1146 2359 ingenito
1165 2332 1236 2352 esse.
1252 2324 1319 2351 Nam
1337 2328 1364 2352 et
1379 2325 1416 2352 illi
1440 2325 1490 2352 hoc
1504 2332 1602 2352 nomen
1619 2333 1702 2353 usur-

913 2372 989 2402 pant,
1016 2368 1229 2401 supereminenti
1251 2369 1401 2396 secundum
1421 2369 1563 2403 opiniones
1580 2369 1701 2404 ipsorum

913 2413 981 2445 Deo,
1012 2413 1125 2448 ingeniti
1154 2414 1289 2441 rationem
1330 2415 1479 2442 honorifice
1510 2415 1700 2443 attribuentes.

915 2458 1098 2492 Quamobrem
1116 2459 1196 2486 nobis
1210 2459 1319 2487 videtur
1340 2460 1393 2488 iste
1418 2460 1529 2495 sapiens
1559 2460 1701 2495 theologus

914 2511 947 2530 ex
962 2502 1154 2539 Egyptiorum
1175 2504 1264 2539 adytis
1277 2507 1303 2531 et
1324 2505 1509 2538 penetralibus
1526 2504 1644 2536 Anubin,
1660 2505 1701 2532 vel

914 2549 980 2581 Isin,
992 2550 1033 2576 vel
1046 2549 1148 2580 Osirin,
1166 2550 1302 2584 praeconio
1318 2550 1534 2578 Christianorum
1562 2550 1701 2580 inducere.

914 2600 1026 2630 excepta
1043 2594 1183 2622 nominum
1207 2595 1382 2624 confessione
1398 2606 1405 2622 :
1421 2597 1488 2623 nihil
1514 2600 1604 2622 autem
1623 2597 1702 2630 plane

915 2641 1006 2668 dilfert
1022 2641 1055 2667 ad
1072 2641 1246 2675 impietatem.
1260 2646 1286 2669 et
1303 2642 1348 2676 qui
1365 2642 1498 2668 idolorum
1513 2641 1622 2668 nomina
1636 2649 1702 2669 con-

917 2686 1018 2718 fitetur,
1034 2690 1060 2714 et
1074 2688 1121 2721 qui
1144 2687 1286 2721 opiniones
1302 2687 1329 2714 in
1347 2687 1437 2722 seipso
1454 2687 1557 2714 habens
1573 2687 1702 2714 oblirma-

916 2737 969 2765 tas,
994 2732 1151 2761 nominibus
1166 2732 1292 2760 abstinet.
1310 2732 1337 2760 Si
1355 2733 1436 2768 igitur
1453 2739 1484 2759 ex
1507 2732 1600 2760 divina
1628 2731 1703 2761 Scri-
