1923 3071
227 127 280 156 903

852 118 881 146 Β.
897 117 1062 147 Gul-160R]!
1081 117 1227 147 NYSSENI

1798 119 1849 148 904

227 192 306 221 ptura
317 183 400 219 hujus
418 180 566 218 impietatis
574 179 755 216 patrocinium
769 177 878 213 aliquod
889 185 943 206 non
954 178 1016 205 licet

1076 186 1114 213 [ος
1138 179 1230 210 αὐτοῖς
1253 177 1303 213 τὴν
1328 178 1403 213 ίσχὺν
1417 177 1483 213 ἔχει.
1510 179 1618 209 πάντως
1638 177 1689 204 οὐκ
1711 177 1808 213 ἄδηλον
1825 178 1850 204 τί

226 231 365 263 invenire,
394 228 442 256 sed
471 234 502 254 ex
533 225 742 261 hieroglyphieis
768 224 931 259 zenigmatis,
958 223 1016 251 sive

229 275 378 303 involucris
389 272 590 308 Egyptiorum,
604 278 692 298 sermo
708 270 828 305 ipsorum
846 268 1016 296 roburhabet

227 321 351 357 profecto
376 328 430 346 non
447 319 596 346 obscurum
613 316 678 352 quid
707 317 776 344 bene
806 316 954 343 sentientes
969 315 1018 342 ho-

227 368 314 394 mines
333 366 366 393 de
388 365 430 392 bis
446 364 541 391 deceat
556 363 685 397 cogitare.
699 362 775 395 Quod
792 365 881 388 autem
900 368 954 388 non
973 368 1018 387 ea-

227 413 361 440 lumuiose
384 415 412 438 et
430 410 583 446 petulanter
598 410 668 435 hanc
690 407 907 435 criminationem
925 406 1019 434 inferi-

227 468 298 491 mus,
319 460 377 493 ipse
394 458 472 484 nobis
486 457 563 484 testis
587 465 619 483 ex
635 455 755 491 propriis
783 454 955 481 sermonibus
972 453 1019 480 ﬁat

226 505 389 532 Eunomius.
404 503 456 536 Qui
475 502 626 537 ingenitum
640 501 761 536 quidem,
780 500 868 527 lucem
895 499 1018 526 inacces-

227 558 285 578 sam
310 550 438 585 appellat,
465 553 492 575 et
516 548 549 575 ad
576 547 782 582 perpessionum
804 545 1018 580 experimentum

228 597 284 623 sive
306 596 485 622 tentatiouem
504 595 597 622 venire
615 601 668 620 non
691 593 846 623 valentem;
874 592 900 618 in
929 591 1019 626 genito

228 650 291 669 vero
301 645 423 668 mutuam
437 645 462 667 et
478 645 624 674 cognatam
643 639 723 665 talem
737 637 944 672 dispositionem
959 644 1020 664 esse

227 687 331 719 definit,
349 691 378 713 ut
395 693 481 720 neque
496 685 638 720 uuigeuito
651 684 715 716 Deo,
731 691 848 718 quorum
862 690 944 710 causa
961 690 1020 717 pas-

227 741 275 760 sus
287 737 338 763 est,
351 732 433 758 homo
451 731 598 766 quidquam
623 730 729 761 debeat.
757 728 891 764 siquidem
911 736 976 755 casu
993 731 1020 755 et

229 778 340 804 fortuito
366 777 513 804 secundum
550 777 671 811 ipsorum
696 775 828 802 rationem
859 774 892 801 ad
922 774 1019 800 horum

230 823 436 858 perpessiouum
452 826 479 849 et
494 822 665 849 crucialuum
685 819 880 855 experientiam
892 819 1020 853 delapsus

229 872 281 900 est,
299 868 403 903 patibili
425 867 544 894 essentia
561 853 728 893 naturaliter
745 865 777 892 ad
793 864 844 891 hoc
861 867 995 899 penracta
1012 873 1018 890 :
1037 853 1057 880 Β

232 914 304 949 quod
320 914 428 948 quidem
447 913 521 940 nulla
536 913 683 947 gratiarum
711 911 818 938 actione
839 910 949 945 dignum
969 913 1018 936 est.

232 961 299 993 Quis
314 961 385 987 enim
401 959 427 986 in
443 959 537 994 gratia:
554 962 631 993 parte
643 958 699 984 sive
714 956 836 984 beneﬁcii
859 956 918 983 loco
929 960 1020 990 ponat,

229 1008 302 1043 quod
319 1007 475 1034 necessario
501 1005 611 1036 accidit,
632 1004 757 1038 quaruvis
774 1003 810 1031 sit
839 1003 978 1029 lucrosum
995 1005 1022 1029 et

230 1053 366 1089 perutile?
393 1051 486 1086 Neque
504 1051 576 1078 enim
603 1051 668 1084 igni,
694 1049 794 1077 caloris
812 1055 906 1080 causa,
935 1055 1022 1083 neque

231 1106 317 1134 aqua“,
333 1098 432 1127 ﬂuxus.
455 1097 569 1132 gratiam
585 1096 728 1128 habemus,
750 1095 784 1122 ad
801 1098 908 1121 naturae
928 1101 1023 1121 neces-

231 1146 338 1173 sitatem
352 1144 424 1179 quod
441 1143 469 1170 fit
488 1146 649 1170 revocantes
669 1151 675 1168 :
696 1141 760 1176 quia
778 1148 832 1168 non
848 1140 937 1175 possit
952 1139 1022 1174 ignis

233 1197 247 1216 a
262 1189 401 1216 (-alorilica
420 1188 576 1223 operatione
594 1186 716 1217 destitui,
733 1192 820 1219 neque
833 1192 901 1219 aqua
919 1184 1023 1212 stabilis

232 1236 259 1262 in
273 1236 354 1270 plano
370 1241 490 1264 manere,
507 1236 603 1267 sponte
625 1231 704 1258 locali
728 1230 906 1257 inclinatione
921 1233 1022 1256 motum

234 1288 361 1316 prorsum
387 1279 548 1306 attrahente.
571 1277 600 1304 Si
619 1277 701 1312 igitur
730 1280 834 1302 naturae
860 1274 1024 1302 necessitate

233 1325 394 1353 beneficium
416 1322 613 1350 incarnationis
627 1329 642 1348 a
657 1321 727 1348 Filio
743 1319 897 1348 hominibus
924 1318 1023 1346 factum

232 1380 293 1399 esse
316 1371 421 1403 dicunt,
441 1370 542 1396 nullam
568 1368 681 1395 omnino
700 1366 944 1402 gratiam'habent,
960 1365 1024 1400 quia

234 1425 290 1446 non
308 1418 341 1445 ad
373 1417 483 1444 liberam
501 1419 528 1442 et
546 1414 697 1441 absolutam
726 1416 899 1448 potestatem.
928 1411 974 1438 scd
991 1410 1025 1437 ad

238 1464 390 1491 naturalem
415 1461 605 1490 necessitatem
618 1460 690 1494 quod
719 1458 820 1486 factum
837 1461 878 1486 est
894 1458 1024 1485 referunt.

234 1508 311 1542 Quod
325 1509 348 1535 si
371 1514 472 1534 munus
490 1506 516 1533 id
541 1513 603 1533 esse
620 1504 779 1536 sentientes,
797 1502 960 1530 beneficium
976 1502 1025 1529 de-
1039 1519 1061 1550 ϐ

234 1554 374 1585 decorant,
392 1559 487 1579 vereor
504 1558 537 1577 ne
552 1550 579 1576 iu
597 1550 766 1576 contrarium
788 1553 862 1574 rutro
879 1548 946 1582 ipsis
963 1555 1025 1574 eou-

235 1603 357 1626 vertatnr
370 1599 506 1633 impietas.
522 1601 603 1629 atque
628 1596 713 1630 pluris
729 1594 914 1621 aestimandam
932 1594 1026 1628 patibi-

237 1646 289 1672 lem
312 1645 373 1671 Filii
401 1643 608 1678 dispositiom-m
634 1641 745 1672 faciant,
774 1640 855 1674 q‘uam
886 1643 1025 1674 paternam

237 1690 498 1724 impassibilitatem,
513 1687 646 1722 siquidem
664 1687 691 1713 in
710 1686 790 1718 bono,
803 1684 875 1719 quod
891 1685 917 1711 in
933 1692 1026 1712 eorum

238 1736 381 1762 utilitatem
399 1734 480 1766 cedit,
511 1733 615 1768 pulchri
638 1732 770 1767 judicium
792 1730 902 1757 faciant.
920 1729 985 1756 Nam
1005 1730 1027 1757 si

238 1779 346 1809 Filium,
359 1779 430 1806 sicut
449 1777 483 1805 de
497 1777 577 1804 Patre
590 1777 739 1804 decernunt
754 1780 779 1802 et
792 1775 899 1805 docent.
918 1781 1027 1809 perpes-

237 1823 324 1850 siouis
339 1829 391 1849 non
414 1829 541 1856 capacem
557 1828 617 1848 esse
634 1820 804 1855 contigisset,
819 1819 1027 1846 inemendabilis

238 1873 319 1903 atque
342 1867 527 1901 irreparabilis
545 1867 690 1894 mansisset
713 1869 806 1892 nostra
824 1865 944 1896 miseria,
961 1864 1026 1899 quia

239 1922 292 1941 non
307 1917 379 1941 esset
394 1913 440 1948 qui
459 1920 507 1947 per
518 1912 656 1947 propriam
669 1911 864 1946 experientiam
886 1910 918 1936 ad
939 1910 1029 1936 incor—

215 1995 218 1998 .
239 1960 393 1994 rnptiouem
410 1958 566 1986 sublevaret
580 1957 728 1984 hominem.
744 1955 777 1982 Et
789 1956 828 1983 sic
843 1956 1027 1990 captiosorum

239 2013 270 2032 ac
283 2005 418 2032 fallacinm
430 2004 625 2038 magistrorum
636 2003 746 2030 solertia
760 2009 813 2029 non
826 2001 1028 2032 animadvertit,

1067 224 1200 259 προσήκει
1211 225 1273 255 τοὺς
1282 221 1311 250 εὖ
1323 223 1484 260 φρονοῦντας
1497 224 1559 260 περὶ
1570 223 1672 250 τούτων
1682 223 1850 257 λογίσασθαι.

1069 270 1129 296 Ὀτι
1145 270 1168 296 δ’
1181 270 1231 296 οὐκ
1242 270 1448 306 ὲτπιρεαστικῶς
1461 270 1562 305 ταύτην
1577 271 1625 304 τὴν
1644 270 1774 305 διαῦολὴν
1796 271 1852 296 ἐπ»-

1061 315 1197 356 ίρέρομεν,
1213 315 1293 347 αὐτὸς
1305 315 1338 342 ἂν
1351 316 1454 350 γένοιτο
1464 318 1529 351 ἡμῖν
1542 317 1646 351 μάρτυς
1660 315 1705 342 διὰ
1717 316 1772 342 τῶν
1785 316 1852 342 ἰδίων

1068 360 1153 394 λόγων
1169 360 1310 395 Εὑνόμιος,
1325 361 1339 386 ὁ
1355 361 1401 387 τον
1411 361 1556 396 ἀγέννητον
1572 363 1620 396 μὲν
1634 361 1783 397 ἀπρόσιτον
1799 361 1854 396 ςῶς

1068 405 1164 439 λέγων,
1179 406 1279 438 mret;
1293 407 1389 441 πεῖραν
1405 406 1574 441 παθημάτων
1585 407 1672 433 ἐλθεῖν
1685 408 1724 442 μὴ
1740 408 1854 442 δυνάμε-

1069 459 1124 484 νον,
1145 451 1191 478 ἐπὶ
1209 452 1237 478 δὲ
1253 451 1284 478 ἐδ
1305 452 1431 488 γεννητὸν
1443 452 1608 488 κατάλληλόν
1625 462 1654 479 τε
1675 454 1722 480 καὶ
1738 454 1854 489 συγγενῆ

1068 497 1117 532 τὴν
1137 497 1264 532 τοιαύτην
1281 497 1400 524 διάθεσιν
1418 497 1610 534 διοριζόμενος.
1634 499 1679 531 Ὠς
1693 499 1762 534 μηδὲ
1779 500 1855 535 χάριν

1068 542 1107 577 τῷ
1131 544 1270 577 μονογενεῖ
1291 543 1349 578 Θεῷ
1367 544 1411 570 τὸν
1424 544 1564 580 ἄνθρωπον
1588 542 1625 571 ὦν
1642 545 1736 572 ἕνεκεν
1757 546 1856 572 ἔπαθεν

1070 589 1151 624 ἔχειν,
1167 590 1246 625 εἴπερ
1257 590 1416 625 αὐτομάτως
1433 591 1504 617 κατὰ
1523 592 1569 618 τὸν
1587 591 1667 626 λόγον
1678 593 1770 619 αὐτῶν
1792 594 1856 627 πρὸς

1070 635 1119 669 τὴν
1135 634 1189 662 τῶν
1209 635 1378 670 παθημάτων
1399 636 1552 672 κατωλίσθη
1569 639 1676 673 πεῖραν,
1692 638 1744 672 τῆς
1769 639 1857 673 ἐμπα-

1071 679 1134 711 θοῦς
1145 680 1239 711 οὐσίας
1253 681 1374 714 φυσικῶς
1391 682 1459 717 πρὸς
1473 683 1550 709 τοῦτο
1564 685 1783 719 καιαπυρείαηςν
1794 685 1857 719 ὅπῃ

1071 726 1198 761 οὐδεμιᾶς
1211 726 1284 758 ἄξιον
1297 728 1471 763 εὐχαριστίας
1486 730 1553 756 ὲστί.
1579 730 1627 761 Τίς
1643 730 1697 766 γὰρ
1716 730 1749 756 ἂν
1770 732 1800 757 ὲν
1810 732 1856 765 χά-

1072 780 1145 807 ριτος
1167 771 1271 804 δέξαιτο
1295 773 1382 808 μέρει,
1405 775 1437 800 τὺ
1456 776 1515 801 κατ’
1537 776 1659 811 ἀνάγκην
1686 776 1854 811 συμϐαίνειν.

1073 817 1124 844 κᾶν
1140 818 1282 853 ἑπικερδὲς
1303 819 1349 845 καὶ
1368 819 1504 855 ὠφέλιμον
1518 818 1553 856 ᾖς
1577 822 1644 848 Οὔτε
1664 822 1720 857 γὰρ
1741 823 1782 857 τῷ
1798 824 1856 858 πυρὶ

1071 863 1121 898 τῆς
1140 862 1317 899 θερμότητος,
1333 863 1394 891 οὔτε
1405 865 1444 900 τῷ
1458 865 1531 892 ὕδατι
1544 867 1592 901 τῆς
1604 867 1678 902 ῥοῆς,
1689 868 1772 902 χάριν
1787 868 1858 902 γινὼ-

1072 916 1184 943 σκομεν,
1205 910 1246 941 είς
1262 910 1310 945 τὴν
1330 910 1451 945 ἀνάγκην
1472 912 1521 946 τῆς
1541 912 1647 946 redeam;
1666 914 1816 948 ἀνάγοντες
1831 915 1857 941 :5

1071 955 1223 990 γινόμενον,
1241 955 1286 982 διὰ
1296 956 1326 982 τὺ
1342 956 1379 992 μὴ
1395 957 1522 984 δύνασθαι
1535 958 1565 984 τὸ
1577 959 1631 994 πῦρ
1652 959 1702 994 τῆς
1716 960 1856 996 θερμαντι-

1072 1002 1123 1037 κῆς
1131 1002 1272 1037 ἐνεργείας
1287 1003 1518 1040 άπολειφθῆναι,ἦ
1536 1005 1665 1040 στάσιμον
1678 1007 1726 1032 ἐπὶ
1741 1007 1857 1041 πρανοῦς

1074 1048 1162 1082 μεῖναι
1173 1048 1203 1074 τὸ
1219 1047 1300 1082 ὕδωρ,
1322 1049 1482 1084 αὐτομάτως
1501 1050 1550 1085 τῆς
1569 1051 1684 1085 τοπικῆς
1699 1051 1857 1083 ὲπιχλίοεως

1073 1093 1254 1129 ἐφελκομένης
1270 1095 1316 1121 ἐπὶ
1338 1094 1368 1121 το
1382 1095 1475 1130 πρόσω
1490 1095 1539 1131 τὴν
1553 1097 1670 1132 κίνησιν.
1699 1097 1731 1124 Et
1749 1096 1797 1124 οὖν
1814 1098 1859 1132 9:1-

1074 1147 1142 1170 σεως
1175 1139 1281 1176 ἀνάγκῃ
1314 1140 1363 1175 τὴν
1393 1141 1437 1167 διὰ
1467 1142 1567 1176 σαρκὸς
1595 1143 1758 1177 εὐεργεσίαν
1789 1143 1858 1177 παρᾶ

1074 1183 1120 1209 τοῦ
1143 1183 1205 1210 Υίοῦ
1228 1185 1389 1220 γεγενῆσθαι
1409 1188 1464 1218 τοῖς
1487 1187 1639 1222 ἀνθρώποις
1659 1187 1797 1222 λέγουσιν,
1819 1189 1859 1214 οὗ-

1073 1229 1169 1264 δεμίαν
1193 1231 1301 1262 πάντως
1322 1231 1400 1267 χάριν
1414 1232 1607 1266 γινώσκουσιν,
1628 1234 1669 1260 ὅτι
1689 1234 1741 1260 οὐκ
1763 1235 1802 1266 είς
1818 1234 1860 1260 δύη

1074 1284 1154 1310 ναμιν
1173 1275 1391 1313 ἐξουσιαστικὴν,
1419 1278 1475 1304 ἀλλ’
1493 1279 1532 1310 εἰς
1552 1279 1670 1314 φυσικὴν
1690 1280 1815 1314 ἀνάγκην
1833 1279 1860 1306 τὸ

1075 1322 1183 1355 γεγονὸς
1202 1322 1389 1358 ἀναφέρουσιν.
1417 1324 1446 1350 Εἰ
1461 1323 1488 1350 δὲ
1508 1325 1557 1359 τῆς
1574 1324 1679 1360 δωρεᾶς
1702 1325 1860 1360 αἰσθανόμε-

1075 1374 1114 1392 νοι
1135 1366 1184 1401 τὴν
1205 1367 1363 1402 εὐεργεσίαν
1390 1368 1568 1402 ἀτιμάζουσι,
1603 1369 1710 1396 δέδοικα
1735 1370 1774 1405 μὴ
1798 1370 1861 1405 πρὶς

1075 1411 1227 1437 τούναντίον
1245 1414 1399 1447 περιτραπῇ
1418 1413 1498 1440 πάλιν
1520 1414 1610 1445 αὐτοῖς
1628 1415 1645 1449 ἠ
1665 1415 1797 1446 ἀσέϐεια,
1819 1416 1862 1442 καὶ

1075 1457 1274 1492 προτιμοτέραν
1290 1458 1455 1492 ποιήσωνται
1471 1458 1519 1494 τὴν
1534 1459 1644 1494 ἐμπαθῆ
1662 1459 1710 1486 τοῦ
1730 1460 1794 1487 fio-3
1808 1461 1862 1487 διὰ-

1077 1502 1151 1529 θεσιν
1183 1504 1231 1538 τῆς
1248 1504 1382 1540 πατρικῆς
1400 1504 1547 1537 ἀπαθείας,
1573 1506 1601 1531 ὲν
1617 1506 1656 1540 τῷ
1670 1506 1731 1532 καθ’
1753 1507 1862 1538 satiant;

1078 1548 1182 1582 ἀγαθῷ,
1194 1549 1243 1583 τὴν
1256 1549 1302 1575 τοῦ
1318 1549 1400 1576 καλοῦ
1414 1550 1504 1585 κρίσιν
1517 1551 1682 1585 ποιούμενοι.
1705 1552 1736 1578 Εἰ
1750 1553 1806 1587 γὰρ
1820 1554 1861 1579 xa‘.

1078 1594 1122 1620 τὸν
1145 1595 1224 1626 Υίὺν,
1256 1595 1346 1627 καθὼς
1369 1596 1432 1632 περὶ
1455 1596 1501 1622 τοῦ
1517 1597 1623 1629 Πατρὺς
1645 1597 1862 1632 δογματίζουσι-ι,

1078 1640 1270 1675 ἀπαράδεκτον
1285 1638 1354 1667 εἶναι
1368 1641 1465 1676 συνέϐη
1488 1642 1534 1667 τοῦ
1558 1642 1676 1672 πάθους,
1707 1643 1862 1678 ἀδιόρθωττις

1079 1686 1186 1721 ἔμεινεν
1200 1686 1233 1713 ἂν
1249 1688 1265 1722 ἡ
1286 1687 1336 1721 τῆς
1353 1686 1459 1721 φύσεως
1480 1687 1556 1721 ἡμῶν
1573 1687 1713 1721 συμιξορὰ,
1728 1688 1780 1714 οὐκ
1793 1687 1862 1717 ὄντος

1078 1731 1126 1756 τοῦ
1142 1731 1186 1757 διὰ
1210 1731 1259 1765 τῆς
1274 1731 1375 1762 οἰκείας
1396 1731 1493 1767 πείρας
1518 1732 1558 1762 είς
1574 1731 1729 1766 ἀφθαρσίαν
1744 1732 1862 1766 ἐξαιρου-

1082 1777 1162 1812 μένου
1183 1777 1229 1802 τὸν
1247 1776 1388 1811 ἄνθρωπον
1403 1786 1411 1794 ·
1428 1777 1475 1804 καὶ
1496 1777 1565 1803 οὕτω
1585 1777 1712 1804 λανθάνει
1734 1778 1862 1812 cogatis

1079 1823 1096 1857 ἡ
1107 1822 1235 1856 δεινότης,
1247 1822 1279 1848 δι’
1295 1820 1331 1848 ὧν
1345 1822 1484 1858 καθαιρεῖν
1494 1823 1627 1859 ἐπιχειρεῖ
1642 1823 1690 1850 τοῦ
1709 1823 1862 1858 μονογενοῦς

1081 1867 1147 1894 Θεοῦ
1161 1868 1190 1894 τὸ
1209 1868 1359 1902 μεγαλεῖον,
1375 1868 1415 1899 είς
1431 1867 1556 1903 μείζονάς
1570 1878 1598 1895 τε
1611 1870 1658 1895 καὶ
1668 1870 1862 1904 προτιμοτέρας

1081 1913 1228 1947 ὑπολήψεις
1247 1913 1326 1940 αὐτὸν
1341 1914 1519 1948 περιάγουσα.
1551 1915 1680 1950 Ἐπείπερ
1693 1916 1707 1941 ό
1722 1915 1863 1950 δυνάμενος

1082 1958 1237 1993 ὲπιδρᾱσαι,
1254 1958 1300 1985 τοῦ
1322 1958 1512 1990 ἀδυνατοῦντος
1527 1959 1594 1995 πρὸς
1607 1959 1638 1986 τὸ
1658 1960 1762 1994 ἀγαθὸν
1777 1968 1863 1995 προτιο

1086 2011 1149 2038 μοτε
1154 2012 1206 2038 ρος.

238 2051 310 2086 quod
327 2059 374 2086 per
388 2059 420 2078 ea
445 2051 545 2086 quibus
561 2051 705 2078 destruere
725 2050 836 2077 ruolitur
849 2049 961 2084 ingeniti
980 2048 1025 2076 Dei
1048 2051 1228 2085 majestatem,
1263 2052 1296 2078 ad
1311 2052 1428 2088 majores
1441 2058 1468 2079 et
1484 2052 1701 2081 honorabiliores
1728 2054 1864 2088 opiniones

239 2099 327 2133 ipsum
345 2097 506 2132 circumagit
527 2106 534 2122 ε
556 2096 691 2132 siquidem
719 2095 767 2130 qui
792 2099 881 2130 potest
909 2095 1016 2130 operari
1036 2096 1148 2129 bonum,
1172 2105 1205 2125 eo
1230 2098 1274 2132 qui
1299 2099 1331 2125 ad
1366 2099 1465 2126 bonum
1483 2105 1525 2126 est
1540 2099 1675 2134 impotens
1698 2100 1864 2136 praestantior

238 2152 291 2173 ES!-

276 2189 329 2215 Sed
350 2188 438 2215 sentio
460 2187 642 2214 inordinatum
662 2187 798 2214 sermonis
822 2178 951 2218 cursum;
970 2194 1023 2213 non
1042 2188 1065 2218 υ

239 2234 312 2260 enim
334 2237 422 2260 [mmet
441 2233 468 2259 in
487 2241 569 2260 cursu
589 2232 773 2262 couvenienti.
793 2232 851 2264 sed,
870 2236 899 2258 ut
920 2232 1029 2259 fervidis

241 2283 268 2306 et
285 2279 414 2305 animosis
438 2285 568 2313 equorum
600 2278 681 2312 pullis
705 2277 773 2304 solet
795 2277 970 2312 contingere,
995 2277 1030 2303 ab

241 2323 459 2350 adversariorum
477 2322 566 2357 impiis
579 2322 711 2350 conviciis
729 2322 879 2356 impetuosc
896 2321 981 2348 fertur
994 2320 1029 2347 ad

243 2368 425 2403 insequendas
447 2368 632 2396 absurditates
655 2375 749 2395 eorum
776 2375 836 2402 qua:
861 2369 1028 2401 supponunt.

243 2415 313 2449 Ergo
329 2415 386 2449 ipse
397 2414 566 2442 cohibendus
581 2417 623 2442 est
638 2421 669 2440 ac
684 2413 872 2448 reprimendus
883 2432 890 2443 .
911 2420 945 2439 ne
959 2419 1028 2446 prae-

243 2460 318 2487 ferox
336 2459 440 2486 frenum
462 2467 610 2494 respuens,
630 2459 701 2486 ultra
721 2459 829 2486 modum
850 2458 877 2485 in
899 2457 1030 2484 absurdo-

243 2513 302 2531 rum
316 2504 576 2532 demonstrationem
594 2509 735 2539 evagetur;
754 2504 860 2531 veniam
878 2507 966 2530 autem
981 2503 1030 2529 da-

243 2551 282 2577 bit
302 2550 435 2584 beniguus
448 2544 481 2577 ἐι
500 2549 632 2577 candidus
652 2549 759 2576 auditor
775 2549 810 2576 ob
827 2555 858 2575 ea
876 2555 936 2582 quae
953 2547 1026 2574 dicta

242 2599 323 2626 sunt,
341 2603 394 2622 non
410 2595 488 2622 nobis
508 2595 708 2620 incntubentem
728 2601 760 2620 ex
783 2593 959 2627 inquisitione
980 2592 1028 2618 ah-

243 2641 388 2668 sm'dorum
409 2639 688 2671 demonstrationem,
709 2638 756 2665 scd
781 2638 822 2664 his
845 2639 890 2672 qui
913 2638 1029 2672 maligna

244 2691 347 2721 ponunt
363 2686 494 2720 principia
505 2706 512 2718 ,
532 2685 679 2719 imputans.
697 2683 780 2710 Nobis
797 2688 888 2710 autem
905 2683 938 2709 ad
952 2683 1026 2710 aliud

244 2732 372 2765 quiddam
388 2739 482 2758 eorum
498 2738 557 2765 qua:
571 2731 644 2757 dicta
660 2733 740 2759 sunt.
758 2727 890 2762 adigenda
906 2728 1029 2762 specula-

244 2777 282 2801 lin
293 2775 372 2802 :dieit
384 2776 455 2802 enim
465 2774 538 2808 quod
548 2783 555 2798 ί
567 2774 648 2800 etiam
658 2773 737 2801 nobis
752 2772 834 2800 Deum
850 2773 1029 2808 compositum

244 2819 527 2853 eﬂicit,qnudlueem
549 2819 660 2852 quidem
682 2826 852 2846 communem
878 2825 1030 2854 supponere

1118 2185 1187 2212 Ἀλλ’
1210 2186 1371 2221 αἰσθάνομαι
1395 2187 1612 2220 ὑπατακτοῦντος
1639 2189 1686 2216 τοῦ
1713 2191 1794 2225 λόγου
1810 2201 1817 2206 ·
1838 2193 1864 2218 οὗ

1079 2229 1133 2264 γὰρ
1142 2229 1265 2265 ἐπιμένει
1273 2231 1311 2266 τῷ
1325 2231 1470 2266 καθήκοντι
1484 2231 1585 2267 δρόμῳ,
1595 2234 1666 2260 κατὰ
1677 2236 1741 2266 τοὺς
1754 2235 1865 2271 Θερμούς

1079 2283 1108 2301 τε
1123 2276 1168 2301 καὶ
1183 2275 1315 2310 θυμώδεις
1335 2276 1389 2302 τῶν
1411 2277 1508 2304 πώλων
1525 2279 1584 2309 ταῖς
1595 2278 1649 2305 τῶν
1661 2280 1865 2314 ἀνταγωνιστῶν

1081 2320 1265 2356 βλασφημίαις
1277 2323 1508 2358 συνεκφερόμενος
1522 2324 1589 2359 πρὸς
1606 2324 1641 2350 τὰ
1655 2325 1706 2360 τῆς
1716 2327 1865 2358 ὑποθέσεως

1079 2366 1177 2393 ἄτοπα.
1209 2366 1313 2393 Οὐκοῦν
1335 2368 1480 2394 καθεκτέον
1501 2369 1582 2395 αὑτὸν
1599 2369 1670 2404 πέρα
1686 2370 1734 2397 τοῦ
1760 2373 1865 2408 μετρίου

1080 2411 1146 2447 πρὸς
1159 2413 1328 2447 κατασκευὴν
1341 2413 1396 2439 τῶν
1407 2413 1515 2440 ἀτόπων
1529 2414 1722 2448 άφηνιάζοντα.
1748 2417 1866 2451 Συγγνώ-

1080 2465 1155 2482 σεται
1171 2457 1199 2483 δὲ
1211 2457 1318 2489 πάντως
1332 2459 1345 2484 ὁ
1357 2458 1506 2493 εὐγνώμων
1519 2460 1656 2494 ἀκροατὴς
1669 2462 1716 2487 ἐπὶ
1730 2464 1788 2494 τοῖς
1798 2464 1866 2497 εἰρη-

1082 2502 1181 2537 μένοις,
1194 2503 1242 2538 οὑχ
1255 2504 1320 2538 ἡμῖν
1335 2503 1383 2538 τὴν
1394 2504 1600 2531 ἀνακύπτουσαν
1611 2506 1643 2531 ὲκ
1656 2506 1707 2540 τῆς
1723 2507 1865 2540 ἐξετάσεως

1080 2548 1205 2580 ἀτοπίαν,
1222 2548 1288 2574 ἀλλὰ
1303 2550 1359 2579 τοῖς
1369 2548 1417 2580 τάς
1432 2549 1550 2583 πονηράς
1564 2550 1771 2585 ὑποτιθεμένοις
1786 2552 1865 2586 ἀρχὰς

1080 2592 1261 2628 λογιζόμενος.
1285 2593 1364 2628 Ἡμῖν
1377 2594 1405 2620 δὲ
1421 2595 1488 2629 πρὸς
1500 2594 1592 2630 ἔτερόν
1606 2604 1631 2622 τι
1648 2595 1703 2622 τῶν
1721 2597 1864 2632 εἰρημένων

1082 2639 1228 2673 μετακτέον
1245 2638 1294 2674 τὴν
1311 2639 1435 2675 Θεωρίαν.
1459 2641 1527 2675 Φησὶ
1544 2641 1656 2676 γὰρ,ὅτι
1681 2651 1692 2666 ‹
1708 2643 1763 2668 Καὶ
1778 2643 1864 2668 σύνθε-

1080 2691 1125 2709 τον
1153 2685 1216 2719 ἡμῖν
1229 2684 1273 2710 τόν
1288 2684 1353 2710 Θεὸν
1369 2685 1564 2720 ἀπεργάζεται,
1581 2685 1619 2720 τῷ
1636 2687 1726 2712 κοινὸν
1739 2687 1788 2720 μὲν
1806 2687 1864 2712 ὑπο-

1081 2729 1174 2768 θέσθαι
1198 2729 1229 2755 τὸ
1255 2729 1322 2764 φῶς,
1340 2730 1450 2766 ἰδιότησι
1474 2731 1501 2757 δέ
1518 2739 1572 2756 τισι
1594 2731 1642 2757 καὶ
1664 2732 1800 2762 ποικίλαις
1813 2731 1864 2757 δια-

1081 2775 1176 2808 φοραῖς
1187 2773 1300 2809 θατέρου
1311 2774 1437 2810 χωρίξειν
1449 2775 1570 2810 θάτερον.
1587 2775 1718 2802 Σύνθετον
1730 2776 1784 2811 γὰρ
1796 2776 1864 2802 asas

1081 2816 1160 2853 ἦττον
1173 2819 1202 2844 τὸ
1218 2819 1350 2854 κοινότητι
1366 2820 1415 2854 μιᾷ
1431 2819 1671 2856 συνενηνεγμένον,
1690 2820 1831 2856 διαφοραῖς
1841 2819 1864 2845 δέ
