1923 3071
64 139 116 168 909

536 220 662 228 ’νο-

590 143 726 170 (ΣΟΝῘΒᾹ
749 143 940 179 EUNUMIUM,
962 145 1029 173 LIB.
1053 146 1107 173 XII.

1637 143 1688 178 9lo

519 297 607 323 ΠΡΟΣ
623 298 691 324 ΤΟΝ
721 297 899 326 ΕΥΝΟΜΙΟΥ
919 298 1100 326 ΔΕΥΤΕΡοΝ
1121 299 1231 328 ΛΟΓΟΝ

731 385 913 429 ΛΟΓΟΣ
951 384 1026 428 ΙΒ’.

850 488 888 499 I—

486 550 623 581 CONTHA
669 553 812 582 EUNOMH
850 554 1034 583 SECUNDAM
1065 554 1265 583 ORATIONI'JM

373 634 900 689 LlBliI-DUODECIMI
949 630 1094 689 PARS
1129 644 1379 707 ALTERA,

324 730 632 776 IN'QUI-BUSDAM
673 738 877 767 CODICIBUS
913 739 1024 767 LIBER
1064 740 1232 769 DECIMUS
1275 740 1442 768 TERTIUS;

100 889 143 915 Τὰ
170 888 219 924 μὲν
241 889 273 924 δὴ
298 889 394 926 πρῶτα
417 890 473 918 τῶν
494 890 562 927 πρὸς
585 891 716 928 Εὐνόμιον
733 892 856 927 ἀγώνων,

944 893 1004 931 {am
1020 893 1129 931 quidem
1147 895 1239 923 divino
1260 895 1366 923 favente
1382 894 1483 923 auxilio
1506 896 1693 932 superioribus

64 936 168 967 ἱκανῶς
187 936 237 970 ἤδη
261 935 332 962 κατὰ
355 935 430 963 θείαν
452 937 609 972 συμμαχίαν
623 939 650 964 ὲν
664 939 719 969 τοῖς
735 938 856 972 φθάσασι

64 983 207 1018 διήνυσται
225 982 316 1014 πόνοις
326 991 332 997 ·
347 982 492 1019 καθώσπερ
507 982 566 1010 ἔστι
580 985 635 1015 τοῖς
651 983 820 1019 βουλομένοις
830 985 859 1018 ἐξ

64 1028 158 1055 αὐτῶν
182 1029 248 1064 ἡμῖν
270 1028 323 1055 τῶν
346 1029 540 1064 πεπονημένων
565 1030 759 1064 μαθεῖν,ὄπως
777 1032 805 1057 ὲν
821 1030 859 1066 τῷ

65 1076 194 1110 προτέρῳ
211 1074 264 1101 τῶν
277 1073 373 1108 λόγων,
392 1075 408 1110 ἡ
425 1075 516 1110 ἀπάτη
539 1076 609 1102 κατὰ
626 1075 726 1112 κράτος
747 1076 858 1111 ὲλὴλεγ-

64 1129 142 1152 κται,
166 1121 212 1147 καὶ
226 1120 350 1156 οὐδεμίαν
369 1121 445 1156 ἰσχὺν
458 1120 498 1147 ἔτι
521 1121 592 1148 κατὰ
608 1121 658 1156 τῆς
680 1122 808 1157 ἀληθείας
829 1123 859 1149 ἐν

65 1168 124 1198 τοῖς
141 1167 333 1202 ὲξητασμένοις
354 1167 385 1194 τὺ
405 1167 501 1202 ψεῦδος
523 1167 578 1203 ἔχει
592 1187 599 1199 ,
614 1169 671 1198 τοῖς
689 1175 722 1202 γε
740 1168 776 1204 μὴ
799 1167 860 1196 λίαν

64 1212 197 1248 ἐκθύμως
219 1212 424 1248 ἀναισχυντοῦσι
439 1213 507 1249 πρὸς
528 1214 576 1248 τὴν
591 1213 729 1249 ἀλήθειαν.
747 1214 856 1251 Ἐπειδὴ

65 1259 92 1284 δὲ
105 1258 155 1284 καὶ
167 1258 290 1294 δεύτερος
304 1258 377 1294 αὐτῷ
392 1259 463 1286 κατὰ
473 1259 522 1294 τῆς
533 1256 671 1291 εὐσεϐείας
688 1256 742 1286 οἶόν
753 1264 794 1291 τις
808 1256 857 1296 λῃ-

67 1304 180 1340 στρικὸς
196 1304 410 1340 συγκεκρότηται
428 1304 505 1338 λόγος
516 1313 523 1320 ⁶
544 1305 624 1332 πάλιν
641 1305 686 1331 τοῦ
707 1305 773 1331 Θεοῦ
787 1314 858 1340 συμ-

66 1347 222 1383 μαχοῦντος
246 1349 279 1375 δι’
295 1349 373 1384 ἡμῶν
399 1349 415 1385 ἡ
443 1349 554 1385 ἀλήθεια
578 1351 612 1385 τῇ
635 1349 785 1386 παρατάξει
804 1350 859 1377 τῶν

65 1394 175 1430 ἐχθρῶν
190 1394 395 1428 ἀνθοπλίζεται,
418 1395 543 1431 καθάπερ
558 1404 600 1427 τις
624 1396 774 1432 στρατηγὸς
793 1405 860 1432 προ-

66 1440 263 1476 καοη-(ουμὲνη
288 1441 342 1468 τῶν
370 1441 512 1477 ἡμετέρων
539 1441 624 1476 λόγων
640 1463 648 1474 ,
661 1442 706 1469 καὶ
734 1442 802 1478 πρὸς
828 1442 857 1468 τδ

65 1486 167 1513 δοκοῦν
186 1487 267 1522 ἑαυτῇ
281 1487 351 1514 κατὰ
360 1487 413 1514 τῶν
426 1487 561 1522 πολεμίων
580 1487 728 1514 εὐθύνουσα
739 1496 745 1503 ·
798 1488 858 1514 κατ’

66 1533 146 1566 [χνος
161 1533 285 1568 ἑπόμενοι
294 1553 300 1565 ,
317 1532 487 1569 θαρρούντως
502 1534 559 1565 τοῖς
575 1533 710 1569 δευτέροις
722 1534 776 1560 τῶν
787 1533 860 1568 ἁγώ-

66 1587 124 1605 νων
151 1579 387 1614 ὲπιτολμήσομεν,
403 1579 478 1605 οὐδὲν
500 1579 720 1613 καταπλαγέντες
741 1579 790 1614 τὴν
812 1579 858 1606 τοῦ
877 1570 896 1598 Β

65 1624 185 1659 ψεύδους
207 1623 356 1659 παράταξιν
367 1642 375 1656 ,
391 1623 443 1650 κᾶν
461 1625 489 1650 ἐν
506 1624 601 1659 πλήθει
624 1625 806 1660 προφαίνηται
819 1625 861 1651 λό-

66 1676 138 1702 γων.
153 1668 249 1699 Πιστὸς
266 1669 320 1704 γὰρ
339 1669 353 1694 ὁ
366 1669 597 1703 ἐπαγγειλάμενος
618 1668 719 1704 χιλίους
737 1669 782 1703 ὑφ’
799 1669 860 1701 ἐνὸς

66 1713 280 1749 διωχθήσεσθαι,
295 1713 341 1740 καὶ
360 1714 490 1750 μυριάδας
507 1714 559 1741 ὑπὸ
576 1714 622 1740 δύο
644 1714 860 1750 μετακινηϐήσε-

68 1759 151 1786 σθαι-⁸
167 1759 204 1790 ὡς
221 1759 269 1793 τῆς
283 1758 431 1791 εὺσεὸείας.
449 1759 478 1785 οὐ
489 1759 538 1794 τῆς
555 1759 728 1795 πολυχειρίας
746 1759 860 1794 ἐχούσης

65 1805 100 1832 τὸ
119 1803 191 1831 κατὰ
208 1804 324 1839 πόλεμον
338 1804 446 1839 κράτος.
463 1804 569 1839 Ὥσπερ
587 1805 602 1830 ὁ
620 1804 790 1839 πολύσαρκος
817 1804 862 1831 Γο-

65 1850 148 1881 λιὰθ,
159 1850 207 1885 τὴν
222 1850 332 1886 βαρεῖαν
348 1849 454 1884 εκείνην
469 1851 523 1881 τοῖς
542 1850 719 1886 Ἰσραηλίταις
735 1851 861 1878 ἐπισείων

66 1895 188 1931 αἰχμὴν,
200 1895 326 1931 οὐδεμίαν
343 1895 464 1931 ἐπήγαγε
480 1895 580 1922 δειλίαν
596 1896 673 1931 ἀνδρὶ
686 1896 793 1932 ποιμένι
815 1897 862 1923 καὶ

66 1941 235 1976 ἀμελετήτῳ
252 1940 300 1975 τῆς
320 1940 469 1975 πολεμικῆς
497 1940 658 1976 εὐστροφίας
676 1950 683 1956 ·
697 1937 718 1974 ᾧ
740 1942 862 1977 συμπλα-

67 1987 136 2018 κεὶς
152 1987 221 2012 κατὰ
228 1987 277 2021 τὴν
290 1986 379 2022 μάχην
395 1986 529 2020 ἀκέφαλος
537 1987 651 2021 γίνεται,
663 1987 732 2023 πρὸς
745 1988 862 2014 τούναν-

66 2033 131 2059 τίον
151 2032 224 2067 αὖτῷ
239 2033 288 2066 τῆς
312 2032 416 2064 ἐλπίδος
440 2032 682 2069 περιστραφείσης.
709 2033 761 2060 Τὸν
784 2032 863 2060 αὑτὸν

66 2079 176 2116 τρόπον
190 2079 236 2106 καὶ
249 2080 262 2104 ὁ
272 2078 332 2105 καθ’
347 2079 420 2114 ἡμᾶς
431 2078 525 2105 Γολιὰθ
538 2079 553 2105 ὁ
566 2079 616 2113 τῆς
633 2078 782 2113 ἀλλοφύλου
796 2078 864 2105 καθ-

67 2125 225 2162 ηγούμενος
248 2124 372 2159 γνώσεως
385 2144 393 2156 ,
412 2124 555 2160 πρόκωπον
570 2133 599 2150 τε
624 2124 671 2151 καὶ
684 2124 789 2160 γυμνὴν
807 2121 863 2152 οἷόν

65 2179 138 2199 τινα
149 2170 284 2206 ῥομφαίαν
298 2169 346 2205 τὴν
359 2170 532 2205 βλασφημίαν
553 2171 609 2201 τοῖς
628 2170 864 2205 ἀντιτεταγμένοις

67 2217 241 2254 προτείνων,
259 2218 305 2243 καὶ
321 2217 450 2249 στίλϐων,
466 2217 523 2252 ἅμα
535 2218 595 2248 «τοῖς
614 2216 769 2252 νεοθήκτοις
787 2215 864 2250 σοφί-

67 2270 193 2298 σμασιν,
217 2263 267 2289 οὐκ
294 2262 380 2298 ἐφάνη
403 2262 515 2297 φοϐερὸς
542 2263 588 2288 καὶ
616 2261 780 2297 δυσάντητος
808 2261 864 2293 τοῖς

68 2309 197 2340 ἰδιώταις
207 2309 281 2344 ἡμῖν,
302 2309 339 2341 ὡς
354 2310 412 2336 κατ’
425 2308 547 2341 ἐξουσίαν
565 2308 636 2344 ἔχειν
655 2307 735 2334 αὑτὸν
751 2308 783 2342 τῇ
800 2306 865 2342 ἐρη-

68 2355 130 2391 μίᾳ
151 2354 204 2381 τῶν
233 2354 439 2382 ἀντιδαινόντων
466 2353 681 2389 ἑπικομπὰζειν·
701 2353 758 2379 ἀλλ’
785 2349 864 2388 εὗρεν

66 2400 154 2436 ἡμᾶς
167 2401 199 2426 ὲκ
210 2401 259 2435 τῆς
272 2399 319 2427 τοῦ
338 2399 440 2436 Κυρίου
456 2399 572 2434 ποίμνης
588 2397 774 2433 αὐτοσχεδίους
785 2397 864 2424 πολι-

69 2444 191 2482 μιστὰς.
205 2445 267 2477 τοὺς
290 2444 357 2480 μήτι
385 2445 518 2480 μαθόντας
545 2444 716 2478 λογομαχεῖν,
732 2443 798 2477 μήτε
815 2441 863 2476 ζη-

68 2491 148 2526 μίαν
160 2488 190 2515 τὸ
204 2490 240 2525 μὴ
253 2489 440 2525 μεμαθηκέναι
453 2489 621 2524 νομίζοντας,
632 2487 763 2514 ἰδιωτικόν
774 2496 802 2514 τε
817 2487 864 2514 καὶ

67 2535 272 2570 ἀγροικίζοντα
296 2535 341 2562 τὸν
365 2534 443 2569 λόγον
470 2535 517 2569 τῆς
543 2533 671 2568 ἀληθείας
700 2533 760 2560 κατ’
782 2532 864 2559 αὐτοῦ

67 2581 321 2617 σφενδονήσαντας.
341 2580 448 2616 Ἐπειδὴ
466 2581 555 2607 τοίνυν
575 2580 621 2606 κατι.)⁸
639 2580 652 2605 ὁ
671 2578 865 2615 μνημονευθιὶς

67 2625 185 2658 ἐκεῖνος
201 2626 301 2662 ποιμὴν
315 2627 347 2662 τῇ
369 2625 497 2662 σφενδόνῃ
516 2624 673 2652 καταϐαλὼν
688 2624 733 2650 τὸν
749 2624 865 2657 ἀλλόφυ-

65 2673 141 2703 λον,
155 2671 354 2706 ὑπορῤαγείσης
372 2670 410 2706 τῷ
424 2670 490 2705 λίθῳ
513 2670 561 2705 τῆς
583 2669 806 2705 περικεφαλαίας,
820 2667 867 2695 καὶ

65 2717 151 2752 πρδς
165 2716 215 2751 τὴν
236 2717 296 2751 βίαν
313 2717 361 2752 τῆς
383 2717 462 2752 βολῆς
476 2717 543 2751 πρὸς
555 2717 589 2744 τὰ
608 2716 680 2748 ὲντὺς
694 2715 865 2750 διασχούοης,

64 2763 104 2789 οὐ
127 2760 224 2787 τοῦτον
239 2759 385 2796 ὲποιήσατο
408 2762 456 2796 τῆς
478 2762 660 2798 ἀνδραγαθίας
685 2761 730 2789 τὸν
747 2762 819 2797 ὅρον,
836 2761 866 2787 τὸ

119 2848 130 2863 ¹
149 2845 227 2873 Deut.
245 2855 329 2875 sun.
346 2847 388 2875 50.

911 940 1049 967 laboribus
1063 941 1149 975 prima
1163 945 1259 968 contra
1281 940 1445 968 Eunomium
1464 942 1612 969 certamina
1629 949 1695 969 con-

911 985 980 1012 fecta
999 987 1072 1019 sunt,
1090 986 1161 1013 sicut
1179 986 1221 1014 his
1239 986 1285 1021 qui
1305 987 1442 1014 voluerint
1458 990 1490 1014 e‘x
1506 987 1549 1015 his
1566 987 1693 1022 operibus

909 1038 970 1065 quat
992 1030 1192 1059 elaboravimus
1220 1031 1281 1058 licet
1314 1032 1469 1066 perdiscere
1498 1033 1634 1068 quomodo
1666 1032 1694 1059 in

909 1076 1000 1110 priore
1020 1083 1175 1103 sermonum
1201 1082 1277 1112 parte
1300 1085 1378 1104 error
1407 1082 1532 1112 potenter
1558 1079 1694 1106 reiutalus

910 1125 959 1154 est‘
987 1129 1074 1157 hcque
1097 1122 1182 1149 ullum
1211 1123 1329 1157 amplius
1349 1123 1434 1150 robur
1462 1123 1596 1151 adversus
1621 1126 1696 1152 veri-

909 1168 1018 1195 ritatem
1035 1168 1062 1194 iu
1084 1168 1126 1196 his
1144 1174 1205 1203 qua:
1231 1173 1295 1196 sunt
1318 1169 1472 1196 examinata
1488 1172 1516 1197 et
1537 1170 1694 1205 disquisita,

909 1213 991 1240 habet
1016 1213 1200 1246 mendacium,
1225 1214 1294 1249 apud
1322 1221 1369 1241 eos
1392 1215 1437 1249 qui
1461 1218 1516 1241 non
1545 1214 1623 1242 valde
1637 1214 1695 1242 ani-

909 1265 985 1287 mose
1006 1264 1101 1286 contra
1116 1261 1257 1287 veritatem
1278 1263 1342 1286 sunt
1356 1259 1540 1294 impudentes.
1559 1261 1694 1294 Quoniam

911 1312 975 1332 vero
994 1305 1131 1332 secundus
1153 1305 1229 1331 labor
1245 1305 1278 1332 ab
1300 1313 1332 1332 co
1354 1310 1448 1332 contra
1469 1306 1594 1340 pietatem
1612 1305 1695 1334 veluti

909 1351 1098 1386 praedatorium
1118 1351 1252 1385 quoddam
1281 1358 1378 1386 agmen
1407 1351 1539 1379 collectus
1559 1356 1618 1386 est;
1637 1360 1697 1379 rur-

910 1404 968 1427 sus,
987 1396 1041 1423 Deo
1061 1396 1220 1431 opitulante,
1241 1404 1289 1432 per
1303 1404 1352 1424 nos
1372 1397 1507 1424 instructa
1525 1398 1584 1425 acie
1600 1402 1696 1425 contra

910 1443 1001 1470 hostes
1016 1445 1136 1469 armatur
1148 1443 1259 1476 veritas,
1272 1449 1303 1469 ac
1317 1450 1366 1470 ceu
1382 1442 1505 1477 quaedam
1519 1442 1573 1470 dux
1588 1449 1696 1471 nostro-

910 1496 970 1515 rum
992 1495 1148 1516 sermonum
1169 1488 1364 1522 propugnatrix
1380 1488 1467 1523 prurit,
1486 1491 1577 1522 atque,
1597 1493 1625 1515 ut
1643 1488 1696 1515 sibi

910 1533 1027 1564 videtur,
1057 1537 1153 1560 contra
1176 1533 1269 1560 hostes
1286 1533 1389 1568 dirigit.
1406 1540 1487 1568 quam
1510 1541 1560 1561 nos
1582 1541 1598 1561 e
1613 1534 1698 1561 vesti-

911 1579 956 1614 gio
978 1582 1125 1614 sequentes
1148 1578 1318 1605 conﬁdenter
1345 1579 1474 1606 secundis
1500 1579 1697 1606 certaminibus

909 1625 1082 1657 audebimus,
1106 1624 1174 1651 nihil
1198 1623 1410 1651 reformidantes
1431 1623 1593 1651 instructam
1620 1631 1698 1650 men-

909 1670 980 1698 dacii
990 1670 1086 1700 aciem,
1099 1669 1206 1697 etiamsi
1219 1669 1394 1696 multitudine
1408 1674 1565 1696 sermonum
1577 1674 1697 1696 nostram

910 1724 1042 1751 superare
1061 1715 1195 1743 videatur.
1215 1714 1317 1743 Fidelis
1332 1715 1405 1742 enitn
1420 1715 1465 1750 qui
1486 1715 1610 1750 promisit
1626 1715 1699 1742 mille

911 1762 945 1789 ab
967 1769 1021 1789 uno
1048 1761 1264 1796 persequendos,
1285 1765 1312 1788 et
1332 1761 1425 1788 decem
1449 1761 1533 1787 millia
1555 1767 1570 1787 a
1592 1759 1698 1787 duobus

911 1807 1092 1843 proﬂigandos
1114 1815 1175 1835 esse
1196 1808 1215 1840 ¹,
1248 1807 1312 1842 quia
1333 1807 1419 1841 pietas
1445 1814 1499 1834 non
1516 1813 1531 1832 a
1554 1812 1698 1833 numerosa

911 1861 993 1880 manu
1019 1853 1102 1880 robur
1127 1852 1159 1879 ad
1178 1852 1278 1879 bellum
1306 1852 1437 1879 obtineat.
1466 1851 1698 1884 Quemadmodum

913 1899 959 1926 ille
975 1898 1154 1932 corpulentus
1172 1896 1278 1924 Goliath
1298 1903 1408 1932 gravem
1431 1896 1505 1923 illam
1519 1896 1548 1923 in
1563 1894 1699 1922 lsraelitas

912 1944 1054 1980 cuspidem
1066 1943 1226 1974 obribrans,
1241 1943 1346 1970 nullum
1364 1943 1479 1970 incussit
1493 1945 1625 1969 terrorem
1639 1941 1700 1968 viro

914 1990 1026 2025 pastori,
1051 1988 1156 2016 bellica:
1178 1987 1359 2015 volubilitatis
1375 1985 1438 2014 rudi
1465 1991 1546 2021 atque
1563 1986 1698 2020 imperito,

913 2043 929 2063 a
951 2043 1006 2071 quo
1033 2039 1180 2062 consertus
1204 2034 1233 2060 in
1248 2040 1336 2068 pugna
1355 2033 1445 2067 capite
1456 2032 1635 2059 obtruncatus
1646 2035 1698 2062 est,

913 2081 942 2109 in
959 2081 1128 2108 contrarium
1145 2080 1169 2107 ei
1183 2087 1230 2114 spe
1246 2086 1378 2106 conversa
1396 2087 1402 2105 ε
1422 2077 1516 2105 eodem
1531 2082 1604 2105 certe
1621 2077 1700 2104 modo

914 2128 959 2155 hic
981 2131 1076 2155 noster
1099 2126 1216 2157 Goliath,
1239 2125 1296 2160 qui,
1321 2124 1417 2151 aliena:
1434 2128 1461 2151 et
1486 2123 1633 2158 peregrinae
1654 2131 1700 2150 eo-

913 2173 1042 2210 gnitionis
1060 2173 1115 2200 dux
1137 2176 1165 2199 et
1189 2174 1294 2203 auctor,
1323 2169 1449 2204 capulum
1471 2169 1625 2196 districtum
1651 2178 1700 2195 nu-

878 2235 900 2266 c
916 2219 1036 2253 dumque
1050 2218 1123 2244 velut
1137 2224 1230 2244 ensem
1247 2221 1341 2243 tenens
1356 2215 1517 2250 sacrilegum
1534 2214 1701 2249 turpiumque

916 2263 1069 2291 convicium
1086 2257 1229 2297 praetendit
1251 2265 1278 2289 et
1302 2268 1398 2289 recens
1422 2261 1510 2288 acutis
1526 2260 1701 2295 sophismatis

918 2308 1035 2340 micans,
1049 2307 1130 2334 nobis
1143 2306 1314 2341 simplicibus
1328 2309 1355 2333 et
1369 2306 1485 2333 indoctis
1501 2313 1554 2333 non
1569 2309 1612 2333 est
1625 2305 1700 2332 visus

916 2353 1057 2383 terribilis,
1079 2359 1168 2387 neque
1193 2351 1313 2378 occurrit
1338 2350 1529 2383 formidabilis,
1546 2350 1582 2377 ita
1603 2355 1633 2377 ut
1651 2356 1701 2384 pro

917 2406 968 2427 suo
992 2398 1105 2426 arbitrio
1137 2398 1196 2432 ipse
1229 2397 1436 2432 repugnantium
1474 2397 1586 2431 penuria
1616 2395 1700 2430 possit

918 2445 1066 2473 insolenter
1087 2452 1116 2472 se
1139 2444 1259 2479 jactare;
1283 2444 1330 2471 sed
1358 2451 1408 2470 nos
1436 2450 1468 2471 ex
1493 2442 1599 2469 Domini
1621 2449 1701 2477 grege

917 2491 995 2526 quasi
1021 2489 1215 2517 tumultuarios
1240 2494 1267 2516 et
1294 2497 1326 2516 ex
1354 2494 1473 2524 tempore
1498 2488 1603 2515 oblatos
1619 2487 1701 2514 bella‘

918 2541 990 2564 tores
1007 2539 1105 2562 nactus
1120 2537 1173 2567 cst,
1192 2533 1238 2569 qui
1259 2541 1348 2568 neque
1362 2533 1452 2561 verbis
1473 2533 1637 2561 contendere
1657 2532 1700 2559 di-

918 2580 1045 2612 dicimus,
1069 2587 1158 2614 neque
1174 2585 1228 2605 non
1249 2578 1377 2606 didicisse
1391 2579 1502 2605 multam
1514 2578 1555 2605 vel
1570 2578 1698 2605 danmum

918 2624 1118 2656 existimamus,
1130 2622 1263 2658 plebeium
1275 2626 1302 2650 et
1313 2622 1443 2650 rusticum
1463 2629 1616 2650 sermonem
1632 2629 1700 2649 con-

921 2674 963 2698 tra
985 2671 1074 2706 ipsum
1099 2670 1171 2697 velut
1189 2668 1364 2697 fundibularii
1388 2668 1549 2702 iaculantes.
1566 2668 1700 2702 Quoniam

921 2717 1004 2752 igitur
1025 2715 1070 2744 ille
1084 2715 1139 2750 jam
1161 2717 1390 2742 commemoratus
1416 2716 1510 2748 pastor
1535 2713 1618 2743 funda
1639 2711 1701 2749 "per-

920 2768 1001 2789 cusso
1015 2760 1176 2796 alienigena,
1186 2761 1213 2786 et
1225 2758 1300 2793 galea
1314 2760 1439 2784 contorto
1450 2757 1539 2792 lapillo
1554 2758 1700 2793 perfracta,
