1923 3071
45 107 105 136 917

634 111 772 140 CONTRA
794 112 1060 147 EUNOMIUM,LIB.
1082 113 1137 142 Xll.

1628 112 1679 138 913

44 174 91 192 τοι
111 164 207 203 ὥσπερ
223 167 272 193 οὐκ
295 165 366 193 Ιστιν
390 167 482 194 οὐσίαν
502 168 645 203 ἀνθρώπου
673 170 791 206 νομίσαι,
814 170 842 198 se

897 171 1008 204 tionem,
1023 172 1169 200 essentiam
1184 179 1245 199 esse
1257 171 1429 199 deﬁnientes.
1451 170 1532 207 Atqui
1551 172 1679 207 quemad-

46 212 190 247 καθῆσθαι
215 213 315 248 καὶμὴ
340 213 472 249 καθῆσθαι
490 213 533 241 τὸν
563 215 719 251 ἄνθρωπονν
734 217 763 243 οὑ
786 217 840 253 γὰρ

45 257 97 284 τὸν
117 258 200 285 αὐτὸν
217 258 249 285 ἄν
263 268 304 291 τις
318 260 428 295 ἀποδοίη
443 261 674 297 λόγον,καθέδραν
689 271 718 289 τε
734 263 840 299 ἀνθρώ-

46 312 104 330 που
128 305 176 330 καὶ
201 304 343 340 ἄνθρωπον
366 307 446 333 αὺτὸν
467 307 622 343 ὁριζόμενος
637 315 644 324 ·
660 308 745 341 οὕτως
766 310 782 344 ἡ
804 309 841 346 μὴ

45 349 212 384 γεννηθεϊσα
227 351 304 377 οὐσία
318 351 388 378 κατὰ
413 351 462 387 τὴν
484 352 629 386 ἀναλογίαν
650 352 696 379 τοῦ
715 353 842 389 ῥηθέντος

47 395 120 430 ἡμῖν
131 395 336 431 ὐποδείγματος,
346 396 408 423 ἄλλο
420 405 444 423 τι
457 397 565 429 πάντως
579 398 636 424 ἐστὶ
651 399 688 433 τῷ
703 398 758 433 ἰδίῳ
770 398 842 434 λόγῳ

46 434 122 476 πρὸς
134 441 165 468 τὸ
182 442 214 468 ἐκ
232 443 277 470 τοῦ
294 443 330 477 μὴ
344 443 505 478 γεννηθῆναι
522 443 693 478 δηλούμενον.
714 444 781 470 ’Λλλ“
799 441 843 470 οὖ-

45 496 93 514 τοι
112 488 180 524 πρὸς
193 488 239 515 τὸν
257 489 373 524 πονηρὸν
393 490 493 516 ἐκεῖνον
512 490 610 516 σκοπὸν
626 490 790 525 ἀφορῶντες.
805 490 842 522 ὡς

48 534 87 560 ἂν
101 534 218 569 μάλιστα
243 536 292 570 τῆς
316 534 362 561 τοῦ
380 535 547 569 Μονογενοῦς
559 535 684 570 θεότητος
697 537 713 570 ἡ
729 536 840 572 ἄρνησις

47 579 147 611 αὐτοῖς
161 580 296 615 κυρωθείη
307 589 314 596 '
331 581 390 615 οὐχὶ
406 581 454 616 τὴν
466 580 557 607 οὐσίαν
567 581 613 607 τοῦ
629 581 733 617 Πατρὸς
756 582 843 616 ἀγεν-

46 625 166 658 νησίαν
186 623 256 652 εἶναι
277 625 410 660 λέγουσιν,
425 626 481 653 ἀλλ’
496 625 713 661 ἀναστρέψαντες
734 627 780 653 τὸν
797 626 840 653 λό-

46 678 121 704 γον.
144 670 236 697 οὐσίαν
262 670 310 705 τὴν
353 671 539 706 ἀγεννησίαν
561 671 719 706 ὁρίζονται,
740 672 783 698 ἵνα
808 674 840 708 τῇ

47 716 122 752 πρὸς
134 716 164 742 τὸ
175 717 300 752 γεννητὸν
312 717 496 753 ὰντ;διαστολῇ
510 718 539 744 τὸ
557 718 606 753 τῆς
621 718 726 752 φύσεως
738 719 842 754 παρηλ-

46 761 186 796 λαγμένον
200 761 243 787 διὰ
258 761 307 796 τῆς
331 761 513 793 ἐναντιώσεως
536 762 588 788 τῶν
600 762 738 797 ὀνομάτων
758 771 842 789 κατα.-

48 806 218 834 σκευάσωσι.
248 807 302 833 Καὶ
329 807 397 842 πρὸς
424 807 472 842 μὲν
500 808 549 842 τὴν
579 808 706 834 ἀσέϐειαν
734 809 840 844 μυρίοις

892 217 1001 244 modum
1014 225 1066 244 non
1087 217 1149 244 licet
1165 217 1324 245 existimare
1339 217 1484 245 essentiam
1503 217 1621 244 hominis
1635 224 1678 244 se-

891 263 956 290 d‘ere
973 267 999 290 et
1015 271 1068 291 non
1084 263 1194 297 sedere;
1209 264 1301 291 nullus
1312 263 1383 290 enim
1401 262 1523 290 eamdem
1542 262 1678 290 deﬁnitio-

891 315 952 335 nem
968 308 1125 341 reddiderit,
1143 308 1261 336 hominis
1277 308 1433 336 cathedram
1447 312 1474 336 et
1490 309 1578 343 ipsum
1591 309 1680 336 homi-

892 362 954 382 nem
969 355 1101 383 dcﬁuiens
1118 355 1176 383 :sic
1196 363 1249 382 non
1270 355 1360 390 genita
1377 355 1508 387 essentia,
1527 355 1678 383 secundum

891 401 1044 436 analogiam
1053 401 1117 428 dicti
1130 408 1144 427 a
1156 401 1234 429 nobis
1246 401 1372 437 exempli,
1382 401 1454 428 aliud
1465 400 1593 436 quiddam
1602 408 1679 436 pror-

893 455 940 475 sns
954 452 992 474 est
1003 447 1152 474 secundum
1163 447 1299 482 propriam
1309 447 1451 479 rationem,
1462 447 1496 474 ab
1504 454 1536 474 eo
1550 446 1621 482 quod
1631 454 1680 482 per

893 492 918 520 id
935 493 1007 527 quod
1027 500 1080 520 non
1096 497 1135 520 est
1157 492 1289 528 genitum,
1312 491 1492 527 signiﬁcatur.
1511 491 1564 519 Sed
1583 492 1627 518 isti
1644 490 1677 518 ad

892 537 968 565 illum
984 538 1136 573 improbum
1153 545 1265 572 scopum
1282 541 1497 572 prospectantes,
1514 542 1542 564 ut
1561 537 1678 564 maxime

893 583 1032 619 llnigeniti
1045 584 1153 612 dcitatis
1165 584 1309 619 abuegatio
1320 583 1506 614 conﬁrmetur,
1521 591 1573 610 non
1585 591 1678 610 esscn-

893 630 957 657 tiam
982 630 1069 657 Patris
1084 638 1145 658 esse
1163 629 1326 664 ἀγεννησίαν
1345 633 1489 663 asserunt;
1504 629 1551 656 sed
1570 629 1678 656 inversa

892 677 1017 706 oratione
1031 677 1203 712 ἀγεννησίαν,
1224 676 1250 703 id
1267 681 1318 710 est,
1334 676 1566 711 ingeneralionem,
1584 683 1676 703 essen-

892 723 956 750 tiam
972 731 1033 750 esse
1047 723 1190 755 deﬁniunt,
1211 727 1240 750 ut
1256 730 1305 758 per
1320 722 1500 750 diﬁ‘erentiam
1517 729 1577 756 quze
1591 726 1631 748 est
1645 721 1679 748 ad

893 768 919 796 id
933 769 1005 804 quod
1025 770 1147 804 genitum
1169 773 1220 801 est,
1240 773 1342 796 natura:
1361 768 1548 795 diversitatem
1566 774 1613 801 per
1630 774 1680 793 no-

893 815 995 842 minum
1014 815 1234 842 contrarietatem
1252 817 1425 848 prmstruant.
1450 813 1487 839 Ac
1509 812 1619 847 quidem
1646 812 1679 838 ad

47 852 201 887 ὀφθαλμοῖς
227 853 369 887 βλέπουσι,
388 854 455 889 πρὸς
471 854 498 880 δὲ
514 855 543 880 τὸ
561 855 699 889 ἀμήχανον
712 855 760 890 τῆς
776 856 840 891 περὶ

894 860 1058 894 impietatem
1094 859 1340 887 innumerabilibus
1367 858 1455 885 oculis
1489 856 1678 891 prospiciunt;

47 900 132 927 τοῦτο
153 899 281 934 σπουδῆς,
297 900 333 931 ὡς
345 899 497 935 μεμυκότες
514 900 546 927 τὰ
560 900 671 936 ὄμματα
691 901 740 936 τῆς
753 901 841 937 ψυχῆς

47 944 269 980 ἀμϐλυώττουσι.
284 945 331 977 Τίς
343 945 397 981 γὰρ
412 946 448 981 μὴ
470 946 625 974 παντάπασι
635 946 729 982 λημῶν
744 947 778 973 τὰ
792 948 840 982 τῆς

47 991 143 1026 ψυχῆς
166 990 347 1027 αίσθητήρια,
363 992 393 1018 οὺ
411 992 487 1027 διορᾷ
507 992 556 1027 τῆς
574 992 620 1018 τοῦ
639 993 772 1027 δόγματος
792 994 839 1020 αὖ·

46 1037 107 1064 τῶν
119 1037 205 1072 ἀρχῆς
222 1037 251 1063 τὺ
267 1038 370 1072 ἀπαγὲς
381 1037 427 1064 καὶ
445 1037 603 1069 ἀσύστατον,
618 1039 664 1065 καὶ
680 1039 718 1070 ὼς
733 1039 775 1064 ἐπ’
793 1039 840 1066 οὺ-

47 1081 134 1115 δενδί
143 1081 258 1116 βέϐηκεν
273 1082 362 1113 αὐτοῖς
376 1083 389 1108 ὁ
397 1081 485 1116 λόγος,
502 1083 515 1108 ο
527 1082 575 1118 τὴν
603 1084 785 1118 ἀγενιιησίίιγ
796 1085 841 1110 οὖ-

49 1130 115 1157 σίαν
138 1130 222 1157 ποιῶν
241 1138 248 1145 ·
265 1129 335 1156 οὕτω
352 1130 406 1165 γὰρ
422 1131 514 1162 αὐτοῖς
537 1131 552 1166 ἡ
570 1131 660 1166 ἀπάτη
674 1132 842 1159 κατασκευά-

48 1177 139 1209 ζεται.
163 1177 239 1210 Δέξω
265 1176 293 1202 δὲ
320 1176 410 1208 καθώς
434 1177 492 1203 ὲοτι
521 1177 633 1204 δυνατὸν
665 1178 781 1214 ἰσχυρῶς
808 1180 841 1214 τῇ

48 1223 159 1259 ἰμαυτῇ
178 1224 252 1258 φωνῇ
277 1222 323 1249 τὸν
347 1223 402 1250 τῶν
416 1223 520 1259 ἐχθρῶν
540 1223 735 1260 ἀνθυποφέρων
752 1224 840 1259 λόγον.

894 905 927 932 ad
945 905 971 932 id
989 909 1078 932 autent
1096 905 1168 940 quod
1188 906 1215 931 in
1239 904 1379 939 proposito
1395 903 1446 930 sibi
1461 901 1552 929 studio
1570 901 1681 928 omnino

895 951 952 977 ﬁeri
975 958 1028 977 non
1046 955 1147 984 potest.
1174 953 1303 984 tanquam
1331 949 1509 976 conniventes
1536 951 1563 974 et
1581 946 1680 974 mentis

894 996 989 1023 oculos
1020 996 1179 1023 claudentes
1207 995 1324 1030 caligant
1354 999 1435 1028 atque
1464 991 1678 1019 hallucinantur.

894 1041 960 1074 Quis
975 1042 1048 1069 enim
1064 1050 1118 1068 non
1136 1041 1248 1068 omnino
1271 1040 1355 1067 animi
1374 1039 1477 1066 viribus
1495 1042 1521 1065 et
1544 1036 1679 1065 sentiendi

894 1087 1085 1115 instrumentis
1105 1087 1221 1122 lippicns
1244 1089 1271 1114 ct
1289 1086 1448 1117 excutiens,
1474 1091 1528 1111 non
1553 1083 1679 1118 intelligit

894 1132 1058 1167 principium
1077 1132 1212 1167 dogmatis
1226 1139 1320 1159 eorum
1341 1131 1419 1158 nulla
1431 1137 1561 1165 compage
1579 1128 1680 1156 solida-

894 1181 961 1211 tum,
977 1179 1052 1206 nullo
1072 1178 1153 1206 modo
1173 1186 1254 1213 posse
1270 1177 1430 1209 subsistere,
1452 1181 1478 1203 et
1498 1175 1569 1210 quod
1585 1181 1679 1201 eorum

894 1225 964 1252 ratio
978 1225 1053 1252 nullo
1071 1225 1242 1252 ﬁrmamento
1260 1224 1369 1255 nititur,
1387 1230 1446 1258 quae
1461 1220 1633 1256 ἀγεννησίαν,
1653 1219 1680 1246 id

47 1274 105 1301 est,
121 1270 351 1304 ingeneratianem,
372 1269 437 1297 facit
463 1271 610 1297 essentiam
627 1279 635 1298 :
650 1271 690 1298 sic
706 1272 777 1300 enim
799 1271 876 1299 fraus
894 1278 988 1299 eorum
1003 1272 1184 1306 praestruitur.
1202 1271 1292 1298 Dicam
1306 1270 1378 1298 enim
1395 1268 1482 1303 quoad
1504 1267 1560 1294 ﬁeri
1581 1269 1679 1301 potest.

49 1324 113 1343 mea
133 1323 197 1343 voce
218 1316 323 1343 fortiter
346 1316 564 1344 adversariorum
584 1325 737 1345 sermonem
757 1319 921 1354 subjiciens.

87 1361 181 1394 Φασὶν,
197 1361 342 1397 ἀγέννητον
364 1362 409 1388 τὸν
433 1362 498 1389 Θεὸν
521 1363 718 1399 ὀνομάζεσθαι·
739 1365 840 1392 ἁπλοῦν

50 1407 81 1434 δὲ
102 1405 170 1434 εἶναι
192 1408 224 1442 τῇ
238 1407 318 1441 φύσει
331 1407 361 1434 τὸ
377 1407 470 1434 Θεῖοιν
488 1408 518 1434 τὸ
532 1408 559 1434 δὲ
578 1409 690 1442 ἁπλοῦν,
707 1410 841 1445 μηδεμίαν

50 1451 223 1486 ἐπιδέχεσθαι
249 1451 388 1478 σύνθεσιν·
414 1453 437 1478 εί
460 1450 506 1479 οὖν
532 1453 676 1485 ἀσύνθετος
700 1454 771 1482 κατὰ
792 1455 841 1491 τὴν

51 1498 135 1532 φύσιν
161 1497 234 1524 ἐστὶν
260 1499 274 1524 ὁ
289 1495 365 1529 Θεὸς,
435 1499 466 1525 τὺ
490 1499 535 1525 τοῦ
560 1500 705 1535 ἁγεννήτου
732 1500 841 1527 ἔπεστιν

51 1543 149 1578 ονομα,
170 1543 254 1578 αὐτῆς
272 1542 303 1570 ἂν
322 1543 364 1577 εἴη
387 1544 434 1579 τῆς
451 1544 557 1578 φύσεως
572 1545 657 1580 ὕνομα
678 1546 707 1572 τὸ
729 1547 842 1581 ἀγέννη-

51 1576 111 1615 τονξ
128 1588 183 1615 Καὶ
193 1576 265 1614 ἐστιν
276 1589 350 1615 οὐδὲν
360 1576 492 1624 Essem/sl
505 1576 701 1627 phrdysv'vmia
721 1593 736 1627 ἡ
750 1576 839 1627 ίρὺσις.
856 1576 878 1605 C

54 1635 127 1670 Πρὸς
142 1634 187 1665 οὓς
203 1634 281 1661 τοῦτό
301 1643 389 1669 φαμεν
399 1643 406 1650 ·
425 1636 465 1662 ὅτι
476 1636 566 1672 ἓτερον
578 1637 623 1663 τοῦ
631 1637 843 1670 ἁσ·.ινθέτοι›,καὶ

52 1681 148 1716 ἕτερον
161 1680 209 1707 τοῦ
224 1681 368 1715 ἀγεννήτου
386 1681 416 1708 τὸ
434 1682 641 1717 σημαινόμενον.
658 1684 693 1710 Τὸ
714 1684 763 1720 μὲν
777 1685 841 1720 γὰρ,

53 1726 105 1761 τὴν
120 1725 257 1761 ἁπλότητα
274 1726 320 1752 τοῦ
341 1727 519 1762 ὑποκειμένου
530 1736 536 1742 ·
554 1728 584 1754 τὸ
597 1728 634 1759 δὲ,
652 1728 681 1755 τὸ
708 1728 744 1764 μὴ
759 1729 788 1762 ἐξ
802 1730 843 1756 αῑ‹

54 1772 115 1803 τίας
132 1770 202 1798 εἶναι
216 1773 372 1808 παρίστησι,
398 1774 443 1799 καὶ
466 1773 517 1799 οὐκ·
539 1774 753 1802 ἀπαλλάσσονται
776 1775 844 1810 πρὸς

54 1817 173 1853 ἀλλήλας
197 1818 226 1844 αἱ
240 1818 294 1845 τῶν
308 1819 447 1853 ὀνομάτων
463 1819 604 1854 ἐμφάσεις,
622 1819 672 1846 κᾶν
692 1820 756 1856 περὶ
770 1821 799 1847 τὸ
813 1821 843 1848 ἒν

54 1864 198 1899 ἀμφότερα
213 1863 334 1899 λέγηται.
359 1864 427 1890 Ἀλλ’
444 1864 475 1890 ἐκ
493 1864 542 1899 μὲν
564 1865 614 1899 τῆς
630 1864 676 1891 τοῦ
695 1865 843 1900 ἀγεννήτου

55 1910 253 1945 προσηγορίας,
274 1910 305 1936 τὸ
322 1910 384 1937 ἄνευ
401 1909 489 1941 αἰτίας
511 1909 583 1936 εἶναι
598 1911 643 1937 τὸν
665 1910 751 1943 οὕτως
775 1912 842 1938 ὠνο-

57 1956 196 1991 μασμένον
212 1955 349 1991 ἐμάθομεν
359 1963 367 1971 ⁸
387 1956 419 1982 ἐκ
434 1956 462 1983 δὲ
478 1956 527 1991 τῆς
541 1956 586 1982 τοῦ
602 1956 698 1990 ἁπλοῦ,
716 1957 746 1984 τὸ
757 1957 842 1985 καθα-

57 2001 147 2037 ρεύειν
176 2000 341 2032 συνθέσεως·
368 2001 508 2036 οὐθέτερον
531 2001 558 2028 δὲ
584 2001 685 2028 τούτων
713 2003 772 2030 ἀντὶ
795 2003 842 2031 τοῦ

55 2048 136 2076 ἄλλου
170 2047 290 2081 λέγεται.
324 2047 428 2074 Οὐκοῦν
461 2048 589 2084 οὐδεμίαν
621 2048 743 2085 ἀνάγκην
776 2049 842 2085 ἔχει,

57 2093 150 2129 ἐπειδὴ
173 2092 277 2120 ἁπλοῦν
298 2093 356 2120 ἐστι
381 2094 415 2128 τῇ
440 2093 518 2127 φύσει
533 2094 562 2120 τὸ
578 2094 663 2127 Θεῖον,
682 2095 844 2131 ἅγεννησίαν

56 2139 139 2166 αὐτοῦ
151 2139 199 2175 τὴν
216 2139 296 2174 φύσιν
313 2139 554 2174 κατονομάζεσοαι.
587 2141 666 2168 Ἀλλὰ
683 2141 744 2168 καθ’
762 2142 776 2168 ὃ
794 2142 844 2177 μὲν

56 2186 163 2221 ἀμερής
179 2186 236 2212 ἐστι
252 2186 298 2212 καὶ
317 2185 472 2218 ἀσύνθετος,
491 2186 593 2219 ἁπλοῦς
618 2187 738 2222 λέγεται.
756 2188 816 2215 καθ’
830 2189 844 2215 ὅ

56 2232 84 2258 6‘:
101 2231 151 2258 οὐκ
173 2231 314 2267 ἐγεννήθη.
340 2232 494 2267 ἀγέννητος.
516 2233 546 2259 Εἰ
567 2233 595 2260 δὲ
613 2233 650 2269 μὴ
673 2233 798 2269 σημαίνοι
813 2235 843 2262 τὸ

56 2278 121 2304 ἄνευ
135 2277 226 2308 αἰτίας
239 2275 308 2304 εἶναι
327 2278 342 2312 ἡ
364 2277 500 2313 φωνὴποῦ
518 2279 675 2314 ἁγεννήτου,
690 2279 747 2306 ἀλλ’
760 2280 845 2307 ἁπλὸ-

55 2331 106 2357 της
117 2322 314 2357 ἀντεισέρχοιτο
323 2323 356 2358 τῇ
372 2331 404 2358 ση
410 2323 494 2358 μασίᾳ
503 2323 549 2350 τοῦ
567 2324 685 2350 τοιούτου
703 2325 843 2360 ὀνόματος,

57 2367 104 2394 καὶ
121 2367 165 2394 διὰ
187 2367 267 2394 τοῦτο
283 2368 429 2402 ἀγέννητος
453 2369 523 2396 κατὰ
546 2369 591 2396 τὸν
614 2370 691 2404 λόγον
706 2370 755 2405 τῆς
769 2371 844 2406 αἱρέ-

58 2422 126 2445 σεως
142 2413 256 2447 λέγοιτο,
274 2413 340 2440 διότι
353 2414 455 2446 ἁπλοῦς
481 2416 538 2441 ἐστι
556 2415 603 2441 καὶ
618 2415 762 2448 ἁσὺνθετος
772 2424 783 2432 ι
796 2416 845 2451 μία

58 2459 85 2486 δὲ
102 2458 148 2486 τοῦ
165 2459 252 2485 ἁπλοῦ
273 2468 303 2485 τε
327 2460 374 2486 καὶ
398 2460 544 2496 ἀγεννήτου
566 2461 583 2496 ὴ
606 2461 738 2496 σημασία,
756 2462 802 2488 καὶ
827 2463 843 2497 ἡ

58 2504 105 2532 τοῦ
121 2505 186 2531 Υιοῦ
201 2504 321 2539 ἁπλότης
334 2506 480 2540 ἀγεννησία
496 2506 603 2536 πάντως
617 2507 843 2542 ὀνομασϐἡσεται.

62 2550 177 2577 Ἀπλοῦν
193 2550 247 2586 γὰρ
264 2545 332 2577 εἶναι
347 2552 379 2585 τῇ
398 2551 476 2585 φύσει
496 2551 542 2577 καὶ
559 2551 604 2577 τὸν
630 2552 759 2588 μονογενῆ
780 2553 845 2579 Θεὸν

57 2596 108 2622 οὐκ
117 2596 291 2631 ἀρνήσονται,
306 2596 330 2622 ει
348 2596 384 2631 μὴ
405 2595 459 2631 ἄρα
475 2596 522 2622 καὶ
542 2596 573 2623 τὸ
595 2597 659 2624 Θεὸν
672 2595 742 2624 εἷναι
763 2599 846 2625 αὐτὸν

56 2641 229 2676 ἁρνήσαιντο.
252 2641 356 2668 οὐκοῦν
371 2641 497 2676 οὐδεμίαν
511 2641 582 2669 κατὰ
594 2642 624 2669 τὸ
648 2645 845 2679 σημαινόμενον

57 2687 199 2713 κοινωνίαν
215 2687 232 2722 ἡ
251 2687 371 2722 ἁπλότης
387 2687 455 2722 πρὸς
471 2687 501 2714 τὸ
513 2688 657 2723 ἀγέννητον
669 2689 735 2721 ἕξει.
750 2690 788 2721 ὡς
800 2690 843 2718 διὰ

55 2731 88 2757 το
102 2730 246 2758 ἀσύνθετον
267 2731 430 2766 ἀγεννησίαν
443 2731 491 2766 τὴν
512 2732 651 2766 φύσινκαὶ
668 2733 824 2768 νομίζεσθαι
835 2743 843 2751 -

57 2777 101 2803 ἵνα
120 2777 159 2812 μὴ
173 2776 245 2803 δυοῖν
263 2777 372 2803 ἀτόποιν
385 2777 415 2804 τὸ
426 2777 518 2813 ἕτερον
531 2778 591 2805 καθ’
606 2779 710 2805 ἑαυτῶν
725 2780 842 2807 ἐπισπά-

59 2831 155 2856 αοιντο,
171 2822 191 2859 ἢ
206 2822 365 2859 ἀρνούμενοι
378 2822 424 2850 τοῦ
442 2823 608 2859 Μονογενοῦς
628 2824 676 2860 τὴν
691 2824 813 2860 Θεότητα,
826 2825 843 2861 ἢ

929 1365 1022 1397 Aiunt,
1040 1364 1123 1392 Deum
1144 1363 1293 1399 ingenitum
1310 1361 1458 1394 nominari,
1481 1361 1610 1388 deitatem
1633 1367 1682 1386 au-

892 1413 946 1437 tem
974 1410 1124 1445 simplicem
1150 1417 1210 1436 esse
1230 1412 1338 1440 natura,
1363 1407 1521 1441 nullamque
1539 1405 1682 1432 admittere

893 1457 1130 1492 compositionem.
1152 1455 1180 1482 Si
1199 1455 1281 1491 igitur
1296 1453 1445 1482 secundum
1467 1457 1591 1479 naturam
1612 1451 1682 1478 Deus

893 1507 936 1531 est
952 1503 1065 1538 simplex
1082 1507 1109 1530 ct
1126 1501 1310 1529 concretionis
1322 1507 1429 1535 expers,
1447 1499 1490 1526 cui
1507 1495 1620 1534 ingeniti
1636 1504 1682 1524 no-

894 1557 955 1576 men
972 1549 1053 1581 inest,
1075 1549 1161 1584 ipsius
1181 1552 1286 1575 natura:
1303 1554 1401 1574 nomen
1418 1545 1498 1572 fuerit
1518 1544 1590 1579 quod
1607 1544 1684 1577 inge-

894 1595 980 1622 nitum
993 1598 1044 1623 est.
1055 1594 1179 1629 Nihilque
1199 1597 1241 1621 est
1255 1592 1327 1620 aliud
1342 1591 1511 1623 natura,nisi
1524 1589 1681 1625 ἀγεννησία,

893 1642 920 1669 id
940 1645 981 1669 est
1006 1641 1178 1676 ingeneratia.
1196 1639 1243 1666 Ad‘
1258 1646 1327 1674 quos
1350 1639 1402 1665 hoc
1428 1637 1546 1665 dicimus
1570 1645 1577 1663 ι
1604 1635 1681 1668 Quod

893 1688 966 1714 aliud
980 1691 1022 1714 est
1033 1686 1219 1721 incompositi,
1230 1689 1256 1712 et
1269 1684 1340 1712 aliud
1356 1683 1470 1719 ingeniti
1481 1681 1681 1718 signiﬁcatum;

893 1733 959 1761 illud
972 1732 1084 1768 quidem
1102 1731 1303 1766 simpl'citatem
1321 1729 1456 1764 subjecti,
1479 1730 1530 1756 hoc
1548 1736 1611 1755 vero
1629 1736 1682 1755 non

893 1784 926 1804 ex
942 1784 1023 1804 causa
1045 1783 1106 1804 esse
1123 1779 1312 1811 repraesentat.
1335 1774 1391 1802 Net:
1408 1774 1548 1802 nominum
1566 1773 1683 1808 propria:

894 1821 1107 1857 signiﬁcationes
1134 1820 1205 1847 inter
1224 1827 1254 1847 se
1275 1823 1426 1851 mutantur,
1451 1821 1557 1847 tametsi
1574 1819 1607 1846 de
1628 1826 1682 1845 uno

894 1868 974 1894 ambo
988 1866 1126 1893 dicantur.
1142 1866 1194 1893 Sed
1216 1873 1249 1893 ex
1271 1866 1385 1900 ingeniti
1406 1865 1596 1899 appellatione,
1617 1864 1682 1891 abs-

893 1919 945 1947 que
962 1918 1044 1939 causa
1067 1919 1128 1938 esse
1141 1919 1202 1938 eum
1223 1911 1268 1946 qui
1292 1911 1333 1938 sic
1351 1910 1507 1936 nominatur
1524 1908 1680 1940 didicimus,

893 1960 974 1992 atque
988 1964 1020 1983 ex
1037 1956 1170 1991 simplicis
1184 1955 1375 1991 appellatione,
1394 1962 1457 1982 eum
1473 1954 1506 1981 ab
1522 1955 1596 1981 omni
1613 1961 1681 1981 con-

893 2003 1014 2030 cretione
1031 2006 1058 2030 et
1080 2002 1280 2036 compositione
1308 2001 1424 2029 liberum
1447 2005 1474 2028 et
1497 2007 1596 2036 purum
1619 2008 1680 2028 esse

894 2048 1068 2082 intelligimus
1085 2055 1091 2075 :
1107 2047 1204 2074 horum
1230 2051 1320 2074 autent
1337 2050 1463 2074 neutrum
1481 2053 1530 2081 pro
1543 2045 1596 2072 alio
1610 2045 1680 2072 dici~

893 2097 947 2121 tur.
973 2093 1080 2121 Nullam
1110 2093 1193 2127 igitur
1213 2093 1402 2121 necessitatem
1431 2092 1529 2124 habet,
1551 2091 1679 2127 quoniam

894 2145 990 2167 natura
1000 2138 1071 2166 Deus
1078 2138 1194 2173 simplex
1206 2142 1257 2171 est,
1274 2137 1447 2172 ἀγεννησίαν.
1459 2137 1681 2172 ingenerationem

893 2186 954 2220 ejus
968 2188 1093 2212 naturam
1106 2184 1253 2212 nominari.
1268 2183 1321 2211 Sed
1333 2190 1386 2218 qua
1398 2183 1515 2218 partium
1530 2186 1571 2209 est
1584 2189 1681 2217 expers

896 2236 925 2260 et
938 2231 1144 2268 incompositus,
1165 2231 1279 2265 simplex
1292 2229 1409 2262 dicitur;
1423 2236 1481 2264 qua
1491 2236 1556 2257 vero
1574 2236 1628 2256 non
1640 2234 1682 2256 est

898 2277 1019 2312 genitus,
1035 2276 1174 2311 ingenitus
1193 2275 1283 2303 dictus
1301 2278 1354 2302 est.
1370 2273 1448 2307 Quod
1466 2274 1493 2301 si
1505 2273 1616 2308 ingeniti
1629 2280 1681 2299 vox

897 2324 962 2350 sine
971 2329 1054 2350 causa
1069 2330 1130 2349 esse
1143 2329 1196 2349 non
1212 2320 1346 2356 signiﬁcet
1358 2329 1364 2347 :
1377 2319 1424 2348 sed
1438 2319 1598 2354 simplicitas
1614 2319 1681 2346 sub-

897 2369 1084 2404 ingrederetur
1108 2367 1333 2403 signiﬁcationem
1358 2366 1422 2393 talis
1444 2365 1563 2392 neminis
1583 2373 1589 2390 :
1606 2363 1680 2391 ideo—

898 2423 951 2451 que
971 2415 1109 2449 ingenitus
1127 2413 1279 2441 secundum
1304 2413 1439 2440 rationem
1456 2411 1592 2438 haereseos
1604 2409 1680 2436 dice-

898 2465 983 2492 retur,
997 2463 1139 2494 propterea
1151 2458 1223 2494 quod
1237 2458 1351 2493 simplex
1368 2461 1410 2486 est
1421 2461 1449 2485 et
1458 2455 1678 2490 incompositus:

897 2513 950 2533 una
968 2510 1065 2533 autem
1083 2505 1217 2540 simplicis
1240 2508 1267 2532 et
1289 2503 1462 2538 incompositi
1487 2501 1679 2536 signiﬁcantia.

895 2553 977 2580 etclam
998 2551 1059 2578 Filii
1075 2551 1237 2586 simplicitas
1256 2550 1411 2586 ἀγεννησίαπ
1430 2555 1542 2584 prorsus
1556 2546 1679 2574 nomina-

895 2598 970 2626 bitur
993 2608 999 2624 :
1025 2598 1177 2633 simplicem
1201 2597 1273 2625 enim
1293 2604 1354 2624 esse
1378 2599 1475 2622 natura
1510 2591 1678 2625 unigenitum

895 2644 980 2672 Deum
999 2652 1052 2671 non
1067 2644 1273 2674 inﬁciabuntur,
1296 2642 1348 2669 nisi
1374 2648 1440 2668 sane
1457 2638 1564 2674 penitus
1587 2636 1677 2669 ipsum

897 2689 982 2717 Deum
997 2697 1057 2717 esse
1075 2693 1184 2723 negent.
1203 2688 1273 2722 Ergo
1288 2687 1390 2713 nullam
1408 2682 1557 2712 secundum
1572 2679 1679 2715 signiti-

897 2739 989 2762 eatutn
1006 2734 1168 2768 simplicitas
1178 2740 1240 2760 cutn
1255 2730 1376 2765 ingenito
1388 2726 1495 2755 habebit
1509 2723 1679 2752 communio-

898 2789 972 2813 nem,
993 2784 1022 2808 ut
1039 2787 1086 2815 per
1103 2779 1128 2806 id
1144 2778 1218 2813 quod
1235 2781 1277 2804 est
1294 2770 1677 2808 incompositumﬁyavvnsta,

898 2826 924 2854 id
943 2830 984 2855 est
1005 2823 1285 2860 ingeneratiomatura
1305 2818 1487 2849 existimetur,
1508 2821 1541 2842 no
1559 2815 1679 2840 duorum
