1923 3071
205 47 259 76 υῗὲλ

205 103 388 132 alxsurdorum
416 105 533 132 altcrtnn
556 108 652 132 contra
675 105 780 140 seipsos
803 105 934 133 eliciant:
950 104 1028 134 νιιιΑ

207 155 337 186 negantes
352 150 491 186 Unigcniti
513 151 653 185 deitatem,
670 152 712 179 vel
740 151 821 180 etiam
839 152 866 180 in
891 152 937 180 iilo
952 153 993 179 in-

206 196 289 231 geniti
319 196 453 224 rationem
475 196 623 224 celebrent.
651 196 678 224 Si
699 197 770 224 enim
797 196 868 224 Deus
897 203 993 225 natura

206 243 330 278 simplex,
340 250 438 270 nomen
447 246 537 270 autem
548 242 707 278 (secundum
717 243 800 278 ipsos)
812 243 994 278 simplicitatis

206 292 247 316 est
256 289 415 324 ingenitum,
425 289 653 324 vclcompositum
664 289 760 316 Filium
770 298 830 318 esse
840 291 992 321 adstruent.

207 343 268 361 runt
300 343 355 370 quo
380 344 469 370 neque
501 336 586 362 Deum
613 343 675 363 esse
701 337 921 368 drmonstratur,
953 337 992 364 rel

206 381 228 407 si
256 381 283 407 in
315 382 374 415 ipso
398 381 526 408 deitatem
546 382 726 413 conﬁtentur,
758 382 872 416 simplex
903 386 993 410 autem

205 427 276 453 sicut
304 427 407 454 dictum
428 430 481 460 est,
512 427 583 454 Deus
613 432 665 461 est,
692 428 816 455 eumdem
844 428 992 463 ingenitum

206 476 316 507 propter
345 473 548 508 simplicitatem
582 475 693 501 omnino
722 482 783 502 esse
807 478 991 510 praestruunt,-

205 518 339 553 siquidem
371 519 533 554 simplicitas
562 520 632 546 idem
666 527 727 547 cum
751 520 898 556 ἁγεννησίᾳ
924 520 992 548 exis-

205 565 328 600 timatur.
360 564 394 593 Ut
416 570 506 593 autem
532 566 603 601 quod
632 567 733 593 dicitur
762 567 863 594 clarius
889 567 992 595 eluces-

206 615 267 642 cat.
296 620 392 640 rursus
422 612 495 649 quod
517 618 558 640 est
584 613 687 640 dictum
709 618 836 648 repetam.
861 613 916 640 Nos
941 614 993 640 hoc

206 658 334 690 dicimus,
351 658 423 692 quod
449 658 475 684 in
497 663 611 693 utroque
636 657 777 685 nominum
797 658 892 686 subest
912 658 992 693 quid-

205 703 267 742 dam
286 703 426 738 proprium
443 703 516 738 quod
538 703 724 738 signiﬁcatur,
744 711 830 738 neque
848 711 896 738 per
915 705 991 739 inge-

205 748 305 781 nitum,
329 749 355 775 id
380 749 452 784 quod
477 749 664 783 individuum,
691 750 747 777 sire
769 750 840 785 quod
868 750 992 785 partibus

204 799 292 828 caret,
320 795 507 830 significatur,
533 804 620 831 neque
642 803 689 831 per
715 797 829 831 simplex
853 796 926 831 quod
949 801 992 824 est

206 841 368 876 ingenitum,
394 841 441 868 sed
464 841 490 868 in
515 841 632 876 simplici
656 842 765 877 quidem
789 842 860 876 quod
886 843 991 870 incom-

206 888 324 922 positum
342 892 394 918 est,
416 891 506 915 mente
532 888 754 923 complectimur.
776 892 802 915 et
827 888 854 915 in
872 889 992 924 ingenito

207 940 260 960 non
276 941 307 960 ex
331 933 421 968 aliqua
440 940 522 961 causa
539 941 599 961 esse
620 933 767 968 signiﬁcari
790 934 862 961 docti
884 943 990 962 sumus.

207 978 303 1006 Filium
323 983 412 1006 autem
428 987 458 1006 ex
476 978 530 1006 Deo
548 978 630 1006 Deum
644 987 716 1011 esse,
732 979 874 1016 ipsumque
889 981 993 1015 simpli—

209 1031 269 1051 cem
287 1023 398 1051 credere
417 1029 542 1058 oportere
557 1024 732 1057 arbitramur,
751 1025 814 1059 quia
832 1026 903 1061 quod
920 1027 992 1054 Deus

207 1073 260 1102 est,
275 1070 309 1096 ab
328 1069 402 1096 omni
417 1072 592 1098 concretione
611 1079 707 1107 purum
725 1078 775 1100 est.
794 1074 880 1107 Atque
897 1074 992 1102 eodem

208 1117 288 1144 modo
300 1117 380 1144 etiam
402 1117 429 1144 in
450 1117 511 1150 hoc,
534 1126 621 1153 neque
638 1127 685 1153 per
703 1119 764 1146 Filii
786 1121 993 1155 appellationem

206 1163 407 1198 simplicitatem
424 1165 549 1191 essentia:
563 1165 728 1199 signiﬁcare,
744 1174 832 1201 neque
844 1175 891 1201 per
907 1167 991 1202 ipsam

207 1208 410 1242 simplicitatem
437 1208 497 1236 Filii
515 1209 698 1244 signiﬁcatum
713 1215 920 1245 repraesentare,
945 1211 992 1239 sed

207 1262 239 1281 ex
253 1254 304 1281 hoc
318 1254 439 1289 quidem.
459 1262 554 1290 nempe
576 1255 635 1282 Filii
653 1256 772 1287 nomine,
786 1265 846 1291 qua:
866 1265 897 1284 ex
911 1258 993 1284 Patre

206 1303 248 1327 cst
270 1300 449 1328 subsistentia
474 1301 618 1328 manifesta
642 1302 688 1329 ﬁat
703 1311 708 1328 :
725 1310 756 1328 ex
775 1303 893 1337 simplici
918 1311 992 1335 vero,

206 1346 234 1374 id
248 1346 321 1382 quod
341 1354 391 1374 vox
411 1347 472 1374 talis
488 1347 619 1374 declarat.
634 1347 767 1381 Quoniam
785 1349 866 1383 igitur
888 1349 994 1384 simpli-

207 1391 298 1420 citatis
319 1399 379 1427 qua:
402 1397 443 1420 cst
462 1392 611 1420 secundum
628 1394 775 1421 essentiam
796 1394 865 1421 ratio
884 1395 993 1429 quidem

210 1447 262 1465 una
279 1444 306 1466 et
327 1439 420 1466 eadem
442 1439 510 1467 etin
530 1438 608 1466 Patre
623 1443 650 1467 et
666 1439 694 1466 itt
713 1439 780 1466 Filio
802 1440 919 1474 dicatur,
947 1448 991 1468 ne-
1006 1447 1030 1478 ο

208 1493 263 1518 que
278 1485 470 1512 imminutione
492 1486 592 1520 aliqua,
608 1493 696 1521 neque
719 1486 899 1514 redundantia
915 1486 992 1514 diil‘c-

210 1537 284 1563 iens;
305 1531 426 1564 genitum
446 1535 536 1557 autem
553 1531 587 1558 ab
604 1531 725 1566 ingenito
743 1531 891 1558 secundum
908 1532 993 1566 signi-

209 1581 318 1607 ticatum
336 1579 448 1606 multum
472 1578 580 1606 dill'erat
597 1589 602 1605 :
623 1579 674 1606 hoc
693 1579 765 1607 enim
788 1580 815 1606 in
841 1581 926 1607 altero
943 1588 993 1607 no-

209 1625 313 1653 minum
337 1625 399 1653 licet
423 1625 584 1660 intelligere.
600 1626 672 1660 quod
694 1626 721 1652 in
744 1626 829 1653 alteto
851 1634 905 1653 non
923 1631 964 1654 est
984 1635 993 1653 :

209 1677 353 1707 propterea
373 1672 501 1703 dicimus,
521 1672 623 1698 nullam
639 1672 829 1700 necessitatem
843 1681 914 1704 esse,
931 1681 992 1700 cum

209 1719 246 1746 sit
260 1719 395 1753 ingenitus
408 1718 498 1750 Pater,
518 1718 648 1753 quoniam
670 1719 729 1754 ejus
743 1720 863 1746 essentia
880 1720 992 1755 simplex

209 1768 262 1798 est,
273 1765 445 1800 ἀγεννησίαν,
457 1765 687 1800 ingenerationem,
700 1765 753 1792 dici
765 1765 824 1800 ejus
833 1766 992 1793 essentiam.

209 1810 302 1846 Neque
319 1813 402 1842 enim,
423 1811 536 1846 simplex
556 1819 618 1838 cum
643 1812 678 1838 sit
696 1811 790 1844 Filius,
809 1816 836 1839 et
854 1812 924 1839 idem
948 1820 995 1846 ge-

211 1857 286 1884 nitus
313 1857 444 1888 creditus,
464 1857 667 1892 simplicitatem
689 1857 749 1892 ejus
769 1858 885 1885 dicimus
899 1865 994 1886 essen-

209 1902 285 1930 tiam.
309 1902 361 1930 Sed
385 1902 613 1937 quemadmodum
629 1903 741 1938 simplex
763 1907 805 1930 est
828 1903 947 1931 essentia
969 1908 996 1930 et

210 1957 265 1976 non
285 1950 457 1984 simplicitas,
485 1950 525 1977 sic
548 1953 576 1976 ct
600 1950 722 1978 essentia
743 1950 874 1985 ingenita,
899 1954 927 1978 et
939 1958 994 1977 non

209 1995 368 2030 ἀγεννησία,
384 1996 555 2030 ingeneratio.
573 1994 674 2022 Eodem
691 1995 772 2023 modo
786 2003 848 2023 cum
865 1996 901 2022 sit
913 1995 994 2023 etiant

211 2040 319 2074 genitus
334 2039 430 2072 Filius,
446 2041 480 2068 ab
496 2041 569 2068 onmi
593 2040 755 2069 necessitate
771 2041 859 2068 soluta
874 2047 916 2068 εει
930 2048 994 2066 ora-

212 2088 259 2120 tlo,
283 2087 412 2121 quoniam
436 2087 550 2121 simplex
579 2090 621 2114 est
645 2086 732 2122 ipsius
750 2087 880 2118 essentia,
901 2094 996 2114 essen-

212 2133 278 2159 tiam
307 2133 368 2167 ejus
396 2133 597 2166 generationem
630 2140 701 2164 esse,
740 2132 863 2160 delinire.
895 2131 994 2159 Verum

212 2179 294 2205 etiam
308 2179 353 2206 llic
369 2178 505 2213 propriam
520 2177 745 2211 signiﬁcationem
759 2182 874 2213 utraque
886 2178 995 2205 nomina

213 2225 324 2251 habent.
341 2223 407 2250 Nam
419 2228 446 2251 et
461 2223 544 2258 geniti
563 2223 708 2258 appellatio
722 2231 752 2250 ex
767 2224 857 2259 aliquo
872 2231 934 2252 esse
947 2224 996 2251 tibi

213 2269 305 2296 animo
321 2268 440 2303 subjicit,
457 2274 483 2296 et
502 2276 555 2303 qua
574 2269 688 2303 simplex
712 2269 823 2301 dicitur,
841 2269 868 2296 id
886 2269 958 2304 quod
981 2277 997 2296 a

213 2315 412 2350 compositione
439 2315 556 2341 alienum
580 2318 622 2342 est
652 2320 680 2342 et
710 2315 836 2342 liberum.
864 2315 916 2342 Sed
941 2316 998 2342 haec

215 2361 268 2389 illis
283 2369 338 2388 non
355 2360 481 2389 videntur
497 2370 503 2388 :
519 2361 611 2388 volunt
629 2361 712 2393 enim,
730 2362 860 2396 quoniam
882 2362 996 2396 simplex

213 2411 254 2434 est
282 2406 372 2434 Patris
397 2407 515 2434 essentia
541 2415 593 2434 non
621 2407 695 2435 aliud
719 2407 794 2442 quid,
810 2415 891 2443 quam
919 2408 999 2442 ἀγεν-

213 2452 329 2488 νησίαν,
362 2453 601 2488 ingencralionem,
631 2454 717 2488 ipsam
735 2462 796 2482 esse
823 2454 996 2482 existimari:

213 2499 329 2534 ideoque
349 2504 376 2525 et
398 2499 533 2534 ingenitus
553 2500 662 2527 dicitur.
679 2500 719 2527 Ad
736 2508 805 2534 quos
829 2505 855 2527 et
871 2501 922 2528 hoc
937 2500 1000 2528 licet

214 2546 307 2574 dicere
330 2545 403 2581 quod
419 2545 546 2580 quoniam
570 2546 652 2574 etiam
667 2547 773 2574 Patrem
797 2551 946 2574 creatorem
973 2552 1000 2574 et

215 2593 386 2620 conditorem
405 2591 556 2623 nominant.
580 2592 696 2627 simplex
723 2597 812 2619 autem
831 2595 873 2619 cst
899 2600 998 2619 secun~

215 2639 281 2664 dum
299 2637 458 2667 essentiam.
485 2638 531 2672 qui
555 2638 587 2665 iis
606 2637 764 2665 nominibus
789 2641 920 2668 vovatur;
941 2638 998 2671 jam

216 2685 325 2716 tempus
342 2686 383 2710 est
399 2686 428 2709 ut
443 2681 487 2710 isti
500 2683 636 2716 sapientes
649 2687 801 2710 creaturam
820 2686 847 2708 et
861 2682 999 2716 opiﬁcium

216 2726 308 2755 Patris
334 2729 482 2756 essentiam
515 2729 709 2764 pronuntient.
729 2727 864 2763 siquidem
890 2736 998 2755 onmem

219 2774 428 2810 signiﬁcantiam
441 2775 561 2803 nominis
575 2776 648 2810 quod
671 2776 698 2802 in
714 2783 746 2803 eo
759 2775 868 2807 dicitur,
896 2775 1000 2814 simpli-

825 46 853 74 S.
872 45 1039 74 CREGORII
1059 46 1204 75 NYSSEN!

1044 107 1161 142 κάκείνῳ
1189 107 1238 143 τὴν
1266 107 1426 142 ἀγεννησέαν
1458 108 1679 144 ἐπιφημίζοντες.
1718 110 1752 136 ει
1788 110 1843 145 γὰρ

1046 152 1146 178 ἁπλοῦν
1162 152 1211 188 μὲν
1226 154 1258 188 τῇ
1270 153 1349 187 φύσει
1364 153 1394 179 τὸ
1408 153 1496 185 Θεῖον,
1514 155 1599 190 ὄνομα
1616 155 1644 181 δὲ
1662 156 1724 182 κατ’
1737 157 1844 188 αὔτως

1044 197 1092 233 τῆς
1112 198 1261 233 ἁπλότητος
1278 200 1334 225 ἐστι
1358 199 1386 225 τὸ
1401 199 1556 234 ἀγέννητον,
1579 200 1596 235 ἣ
1620 200 1752 228 σύνθετον
1771 199 1844 228 Εἶναι

1044 244 1090 271 τὸν
1110 245 1174 271 Υίὺν
1197 245 1456 277 κατασκευάσωσιν,
1481 243 1503 280 ᾧ
1525 247 1557 272 τὸ
1580 247 1649 281 μηδὲ
1672 247 1744 273 Θεὸν
1770 246 1844 274 εἶναι

1045 291 1297 324 συναποδείκνυται,
1319 291 1336 326 ἢ
1353 293 1375 318 εἰ
1389 292 1545 327 ὁμολογοῖεν
1559 294 1602 320 ἐπ’
1617 293 1694 328 αὐτῷ
1709 294 1765 327 τὴν
1781 294 1843 320 (ie-5-

1043 344 1121 370 τητα,
1141 336 1242 363 ἁπλοῦν
1262 337 1300 368 δὲ,
1318 337 1407 369 καθὼς
1430 338 1548 373 εἴρηται,
1563 338 1594 364 τὸ
1603 337 1680 366 Εείόν
1703 339 1778 368 ἐστι.
1797 339 1844 365 τὸν

1044 381 1124 407 αὑτὸν
1145 381 1191 408 καὶ
1204 382 1349 416 ἀγέννητον
1363 383 1407 408 διὰ
1421 383 1469 418 τὴν
1486 383 1624 418 ἁπλότητα
1640 384 1754 415 πάντως
1772 381 1843 410 εἶναι

1044 427 1291 459 κατασκευάζουσιν
1304 436 1310 443 ·
1337 429 1414 464 εἴπερ
1436 430 1452 464 ὴ
1467 429 1586 464 ἁπλότης
1601 429 1686 456 ταὺτὸ
1700 431 1733 465 τῇ
1759 430 1843 463 ἀγεν-

1044 474 1123 509 νησίςι
1139 474 1293 509 νομίζεται·
1313 475 1350 506 ὡς
1372 475 1394 501 δ’
1412 475 1445 502 ἂν
1459 475 1624 510 σαφέστερον
1641 475 1671 501 τὺ
1688 475 1841 509 λεγόμενον

1044 521 1156 554 γένοιτο,
1180 521 1259 547 πάλιν
1280 522 1310 547 τὸ
1331 521 1412 556 ῥηθὲν
1432 521 1614 556 ἀναλήψομαι.
1638 521 1738 556 Ἡμεῖς
1759 521 1843 548 τοὶτΰ

1043 575 1142 601 φαμεν,
1168 567 1207 594 ὅτι
1233 569 1262 594 ἐν
1286 567 1408 602 ἑκατέρῳ
1424 567 1478 594 τῶν
1498 567 1648 602 ὀνομάτων,
1672 568 1741 594 ἴδιόν
1760 576 1788 593 τι
1811 569 1841 594 τὸ

1044 613 1241 648 σημαινόμενον
1268 612 1381 639 ὕπεστι·
1411 613 1458 639 καὶ
1487 612 1548 639 οὕτε
1576 613 1614 648 τῷ
1640 614 1788 649 ἀγεννήτῳ
1811 614 1841 640 τὺ

1043 658 1143 693 ἀμερὲς
1165 659 1354 694 ἑρμηνεύεται,
1380 658 1442 685 οὗτε
1465 659 1503 694 τῷ
1520 659 1597 694 ἁπλῷ
1617 659 1649 685 τὺ
1667 660 1837 695 ἀγέΜτςν·

1043 705 1100 731 ἀλλ’
1115 706 1143 731 ἐν
1160 705 1208 739 μὲν
1222 705 1261 740 τῷ
1279 705 1365 740 ἁπλῷ,
1381 705 1411 731 τὸ
1425 705 1570 732 ἀσύνθετον
1581 706 1748 740 ὲνοήσαμεν.
1766 707 1798 732 ὲν
1812 706 1839 732 δὲ

1043 747 1081 784 τῷ
1097 749 1245 784 ἁγεννήτῳ,
1259 749 1288 775 τὸ
1309 749 1346 784 μὴ
1370 749 1398 782 ἐξ
1416 750 1504 781 αἰτίας
1520 748 1588 776 εἷναί
1603 759 1675 781 τινος
1692 751 1839 786 ἐδιδὰχῦη-

1045 803 1104 830 μεν.
1133 794 1185 821 Τὸν
1207 795 1234 821 δὲ
1252 795 1370 822 Υἱὺνςὲκ
1390 795 1458 823 Θεοῦ
1483 795 1548 822 Θεὸν
1575 796 1651 828 ὅντα,
1676 797 1726 822 καὶ
1756 797 1840 824 αὐτὸν

1043 841 1145 868 ἁπλοῦν
1162 841 1299 867 πιστεύειν
1315 841 1427 877 οἰόμεθα
1438 842 1493 869 δεῖν
1503 851 1510 858 ν
1525 841 1568 869 διὰ
1582 842 1612 868 τὸ
1629 843 1726 877 πάσης
1742 843 1839 870 τηθέ-

1044 895 1112 919 σεως
1126 886 1288 922 καθαρεύειν
1301 887 1331 914 τὸ
1348 888 1432 915 Θεῖον.
1450 888 1506 915 Καὶ
1519 888 1589 915 κατὰ
1612 889 1659 915 τὸν
1676 889 1762 915 αὑτὸν
1780 890 1839 924 τρό-

1044 942 1091 959 πον
1103 933 1149 960 καὶ
1162 934 1208 960 ἐπὶ
1221 933 1325 966 τούτου,
1342 934 1409 968 μήτε
1425 934 1469 961 διὰ
1485 935 1536 970 τῆς
1553 935 1600 962 τοῦ
1615 935 1682 962 Υἱοῦ
1697 945 1839 971 προσηγο-

1045 979 1104 1015 ρίας
1119 979 1167 1014 τὴν
1180 979 1317 1014 ἁπλότητα
1336 980 1384 1014 τῆς
1398 981 1491 1012 οὐσίας
1514 981 1668 1016 σημαίνειν,
1688 982 1753 1016 μήτ’
1770 982 1839 1016 αἰτῇ

1044 1026 1173 1059 ἁπλότητι
1192 1026 1326 1061 παριστᾷν
1346 1025 1375 1052 τὸ
1392 1026 1438 1052 τοῦ
1452 1026 1517 1053 Υἱοῦ
1537 1028 1748 1061 σημαινόμενον.
1770 1027 1840 1054 Ἀλλ·

1043 1071 1075 1097 ὲκ
1097 1071 1190 1098 τούτου
1216 1071 1275 1106 μὲν,
1289 1071 1337 1106 τὴν
1358 1072 1389 1098 ἐκ
1405 1072 1452 1098 τοῦ
1471 1072 1576 1108 Πατρὸς
1590 1073 1741 1099 ὑπόστασιν
1756 1082 1840 1106 φανε-

1045 1117 1165 1152 ρούσοω·
1185 1118 1217 1144 ἐκ
1236 1118 1264 1144 δὲ
1285 1117 1331 1144 τοῦ
1354 1117 1450 1150 ἁπλοῦ,
1467 1118 1534 1153 ὅπερ
1548 1119 1675 1153 ἐμφαίνει
1693 1120 1710 1154 ἡ
1724 1119 1839 1153 τοιαύτη

1045 1164 1131 1199 φωνή.
1166 1164 1242 1190 Ἐπεὶ
1261 1162 1306 1191 οὖν
1329 1165 1343 1191 ὁ
1367 1165 1416 1199 μὲν
1431 1164 1479 1199 τῆς
1500 1164 1559 1191 κατ’
1574 1165 1669 1191 οὐσίαν
1683 1165 1839 1201 ἁπλότητος

1043 1208 1120 1242 λόγος
1135 1206 1174 1240 εἷς
1190 1209 1236 1235 καὶ
1261 1210 1275 1236 ὁ
1296 1209 1376 1241 αὐτὸς
1401 1211 1447 1237 καὶ
1472 1210 1517 1236 ἐπὶ
1539 1210 1646 1245 Harpe;
1659 1210 1777 1246 λέγηται
1795 1211 1840 1238 καὶ

1044 1255 1089 1280 ἐπὶ
1107 1254 1182 1288 Υἱοῦ,
1196 1254 1255 1282 οὔτε
1271 1255 1364 1290 ὑφέσει
1377 1256 1440 1287 τινὶ,
1455 1255 1516 1282 οὔτε
1534 1256 1696 1291 πλεονασμῷ
1711 1257 1838 1283 διαλλάσ-

1045 1308 1113 1326 σων’
1138 1300 1168 1327 τὸ
1185 1300 1212 1326 δὲ
1228 1300 1355 1335 γεννητὸν
1370 1301 1409 1335 τῷ
1433 1301 1573 1336 ἀγεννήτῳ
1592 1301 1692 1336 πολλὴν
1715 1302 1792 1328 κατὰ
1810 1301 1840 1328 τὸ

1045 1346 1242 1380 σημαινόμενον
1257 1346 1305 1381 τὴν
1319 1346 1449 1380 διαφορὰν
1460 1346 1515 1382 ἔχει
1527 1355 1534 1362 ·
1555 1347 1633 1373 τοῦτο
1648 1349 1704 1382 γὰρ
1723 1347 1802 1374 ἐστιν
1814 1349 1840 1374 ἐν

1045 1391 1083 1426 τῷ
1107 1391 1192 1426 ἑτέρῳ
1212 1391 1265 1417 τῶν
1291 1392 1430 1426 ὀνομάτων
1446 1392 1551 1426 νοῆσαι,
1572 1391 1586 1416 ὃ
1602 1392 1630 1418 ἐν
1644 1392 1684 1426 τῷ
1702 1392 1778 1426 ἄλλῳ
1792 1393 1841 1419 οὐκ

1045 1437 1124 1462 ἔστι·
1144 1436 1186 1463 διὰ
1207 1435 1286 1463 τοῦτό
1310 1445 1399 1470 φαμεν
1435 1436 1570 1472 μηδεμίαν
1603 1437 1728 1472 ἀνάγκην
1758 1435 1840 1471 εἶναι,

1047 1483 1193 1517 ἀγεννήτου
1218 1482 1294 1513 ὄντος
1321 1483 1368 1508 τοῦ
1394 1483 1510 1516 Πατρδς,
1539 1483 1630 1518 ἐπειδὴ
1657 1484 1733 1519 ἁπλῆ
1767 1484 1840 1510 ἐστιν

1047 1528 1128 1555 αὑτοῦ
1154 1529 1170 1563 ή
1194 1528 1281 1560 οὐσία,
1299 1529 1459 1564 ὰγεννησίαν
1481 1529 1607 1563 λέγεσθαι
1620 1529 1705 1556 αὑτοῦ
1724 1530 1778 1564 τὴν
1797 1531 1840 1556 οὑ-

1048 1575 1117 1601 σίαν.
1144 1574 1209 1600 Οὐδὲ
1231 1574 1285 1609 γὰρ
1311 1574 1396 1601 ἀττλοῦ
1421 1575 1497 1606 ὖντος
1516 1575 1563 1601 τοῦ
1584 1575 1662 1606 Υίοῦ,
1687 1576 1737 1602 τοῦ
1760 1575 1842 1603 απιτοῦ

1047 1621 1093 1646 καὶ
1108 1612 1237 1654 γεννητοῦ
1255 1617 1324 1647 εἶναι
1345 1620 1572 1654 πεπιστευμένον,
1594 1619 1738 1655 ἁπλότητα
1763 1621 1841 1654 λέγο-

1048 1675 1096 1701 μεν
1108 1665 1155 1701 τὴν
1169 1665 1272 1692 οὐσίαν.
1298 1666 1366 1692 Ἀλλ’
1383 1665 1475 1701 ὥσπερ
1487 1665 1560 1699 ἁπλῆ
1573 1666 1646 1691 ἐστιν
1662 1667 1679 1701 ἡ
1695 1667 1841 1698 οὺσία,κιιὶ

1045 1712 1095 1747 οὐχ
1111 1711 1239 1746 ἁπλότης,
1251 1711 1336 1742 οὕτως
1350 1711 1395 1738 καὶ
1410 1711 1554 1746 ἀγέννητός
1570 1712 1645 1738 ἐστιν
1663 1713 1679 1746 ἡ
1694 1712 1778 1739 οὐσία
1797 1713 1841 1738 καὶ

1045 1759 1095 1784 οὐκ
1117 1758 1272 1794 ἀγεννησία.
1298 1758 1349 1784 Τὸν
1373 1758 1455 1784 αὐτὸν
1478 1758 1577 1792 τρόπον
1601 1758 1736 1792 γεννητοῦ
1767 1759 1841 1789 am.-

1046 1806 1093 1832 καὶ
1111 1805 1158 1832 τοῦ
1183 1804 1259 1837 Υἰοῦ,
1277 1804 1367 1839 πάσης
1392 1805 1515 1839 ἀνάγκης
1536 1806 1549 1831 6
1566 1804 1644 1839 λόγος
1661 1805 1840 1840 κεχώρισται.

1046 1849 1138 1885 ἐπειδὴ
1165 1849 1236 1885 ἁπλῆ
1260 1851 1332 1876 ἐστιν
1354 1848 1436 1875 αὐτοῦ
1460 1849 1477 1883 ἡ
1498 1848 1586 1880 οὐσία,
1610 1848 1742 1883 γέννησιν
1760 1849 1841 1875 αὑτοῦ

1045 1897 1094 1932 τὴν
1110 1896 1202 1923 οὐσίαν
1218 1896 1371 1931 ὁρίζεσθαι·
1389 1895 1455 1922 ἀλλὰ
1470 1895 1515 1922 καὶ
1527 1894 1643 1921 ἐνταῦθα
1662 1895 1734 1922 ἰδίαν
1750 1895 1842 1930 ἔμει-

1047 1951 1088 1968 σιν
1105 1943 1222 1977 ἑκάτερα
1243 1942 1297 1968 τῶν
1310 1941 1448 1977 ὀνομάτων
1464 1941 1530 1976 ἔχει.
1550 1941 1586 1968 Ἦ
1599 1949 1628 1967 τε
1649 1940 1706 1976 γὰρ
1718 1941 1766 1967 τοῦ
1782 1949 1841 1974 γεν-

1046 1989 1126 2024 νητοῦ
1143 1989 1324 2024 προσηγορία,
1346 1988 1376 2014 τὸ
1399 1987 1430 2014 ἑκ
1454 1987 1526 2018 τινός
1550 1995 1590 2014 σοι
1613 1987 1778 2022 παρίστησι,
1795 1987 1841 2013 καὶ

1045 2035 1083 2070 τῷ
1111 2034 1221 2066 ἁπλοῦν,
1238 2034 1291 2069 -τῷ
1319 2033 1490 2069 ἀπηλλάχθαι
1519 2033 1681 2064 συνθέσεως.
1718 2032 1787 2059 Ἀλλ’
1808 2034 1840 2058 οὐ

1047 2082 1131 2109 ταῦτα
1148 2082 1284 2113 κάκείνοις
1308 2081 1394 2107 δοκεῖ’
1423 2079 1561 2115 βούλονται
1580 2080 1635 2114 γὰρ
1652 2080 1748 2115 ἐπειδὴ
1770 2079 1840 2114 ἁπλῆ

1011 2119 1034 2147 D
1046 2129 1091 2154 τοῦ
1111 2128 1216 2163 Πατρός
1231 2129 1304 2154 ἐστιν
1320 2129 1336 2162 ὴ
1351 2127 1439 2157 οὐσία.
1459 2126 1497 2162 μὴ
1512 2126 1575 2154 ἄλλο
1594 2135 1620 2152 τι
1636 2126 1652 2161 ἥ
1678 2126 1842 2160 ἀγεννησίαν

1048 2175 1132 2210 αὐτὴν
1151 2172 1219 2200 εἶναι
1244 2173 1416 2209 νομίζεσθαιο
1442 2173 1567 2200 διότικαὶ
1591 2172 1741 2206 ἁγὲννητος
1765 2172 1840 2205 λὲγε-

1047 2231 1102 2248 ται.
1121 2222 1191 2256 Πρὸς
1203 2220 1249 2252 οὒς
1270 2220 1409 2247 καὶτοῦτο
1425 2218 1500 2246 ἐστιν
1516 2220 1612 2250 εἰπεῖν,
1626 2219 1668 2245 ὅτι
1681 2218 1777 2253 ἐπειδὴ
1796 2219 1841 2244 καὶ

1048 2267 1159 2301 κτίστην
1187 2266 1231 2292 τὸν
1257 2265 1364 2301 Πατέρα
1382 2265 1429 2292 καὶ
1456 2264 1620 2299 δημιουργὸν
1644 2263 1838 2299 ὀνομάζουσιν·

1049 2313 1150 2344 ἁπλοῦς
1172 2313 1200 2339 δὲ
1215 2312 1275 2339 κατ’
1294 2311 1388 2338 οὐσίαν
1401 2310 1473 2337 ἐστὶν
1489 2312 1503 2336 ὁ
1521 2310 1607 2336 ταῦτα
1622 2309 1839 2344 ὀνομαζόμενος

1050 2359 1108 2394 ὥρα
1127 2360 1183 2390 τοῖς
1199 2360 1290 2393 σοφοῖς
1311 2357 1416 2388 τούτοις
1430 2357 1519 2383 κτίσιν
1534 2356 1580 2382 καὶ
1597 2355 1781 2390 δημιουργίαν
1796 2355 1841 2389 τὴν

1050 2405 1143 2431 οὐσίαν
1168 2404 1215 2431 τοῦ
1240 2403 1346 2438 Πατρὸς
1370 2401 1577 2437 ἀποφαίνεσοαι,
1605 2401 1723 2435 ἐπείπερ
1752 2402 1840 2427 πᾶσαν

1051 2452 1186 2486 σημασίαν
1198 2450 1245 2476 τοῦ
1261 2450 1324 2486 περὶ
1338 2449 1419 2476 αὑτὸν
1437 2448 1582 2483 λεγομένου
1601 2447 1747 2482 ὀνόματος,
1765 2448 1779 2473 ό
1795 2447 1840 2480 τῆς

1050 2497 1199 2532 ἁπλότητος
1220 2496 1298 2530 λόγος
1315 2497 1356 2527 είς
1381 2495 1430 2531 τὴν
1446 2494 1540 2521 οὐσίαν
1563 2493 1669 2527 ἀνάγει.
1693 2493 1729 2519 Ἣ
1754 2492 1839 2518 τοξψλν

1050 2545 1244 2580 χωρισάτωπαν
1267 2543 1314 2570 τοῦ
1341 2541 1456 2578 ὁρισμοῦ
1484 2541 1534 2575 τῆς
1557 2540 1633 2571 θείας
1663 2539 1761 2570 οὐσίας
1793 2539 1839 2572 τὴν

1051 2590 1222 2625 ἀγεννησίαν.
1239 2589 1284 2616 ἐπὶ
1311 2588 1393 2623 μόνης
1414 2587 1464 2621 τῆς
1489 2587 1556 2617 ἰδίας
1579 2586 1728 2621 ἐμφάσεως
1749 2585 1839 2621 μένου-

1051 2645 1111 2668 σαν,
1129 2636 1145 2671 ἢ
1167 2636 1246 2670 εἴπερ
1270 2635 1312 2661 διὰ
1333 2634 1383 2670 τὴν
1398 2633 1535 2668 ἁπλότητα
1549 2631 1596 2658 τοῦ
1612 2632 1795 2666 ὑποκειμένου
1809 2632 1837 2664 τῇ

1051 2682 1198 2718 ἀγεννησίᾳ
1211 2681 1262 2716 τὴν
1279 2681 1372 2707 οὒσίαν
1386 2680 1528 2715 ὸρίζοιντο,
1541 2678 1585 2704 διὰ
1597 2678 1647 2712 τὴν
1658 2677 1746 2713 αὐτὴν
1755 2676 1837 2703 αἰτίαν

1052 2730 1098 2757 καὶ
1111 2729 1160 2764 τὴν
1177 2729 1265 2755 κτίσιν
1288 2728 1335 2754 καὶ
1349 2727 1398 2763 τὴν
1421 2725 1601 2762 δημιουργίαν
1616 2725 1649 2759 τῇ
1671 2723 1720 2750 τοῦ
1737 2722 1837 2757 Ila-:96;

1054 2777 1133 2814 οὐσία
1156 2774 1383 2811 ἐνοεωρείτωταν,
1408 2773 1445 2805 ὡς
1469 2771 1531 2808 οὺχὶ
1553 2770 1700 2805 κτιζοὺσης
1725 2770 1772 2797 καὶ
1797 2768 1837 2803 δη-
