1923 3071
55 118 96 146 921

55 174 229 209 μιονργούσης
247 174 276 200 ὲν
289 175 320 209 τῇ
347 174 424 209 οὐσίῃ
442 174 592 208 δυνάμεως.
615 173 670 200 ἀλλ’
687 173 772 206 αὐτῆς
785 173 834 207 τῆς

52 220 182 254 δυνάμεως
207 219 311 254 κτίσμα
336 221 383 246 καὶ
405 220 600 255 δημιούργημα
624 220 783 254 νοουμένης.
803 220 833 246 Εἰ

52 265 76 290 δὲ
94 263 169 290 τοῦτο
184 264 379 292 ἀποϐάλλουσιν
401 265 438 296 ὡς
462 265 578 301 πονηρόν
600 273 629 291 τε
654 266 700 291 καὶ
723 265 832 297 ἄτοπον,

52 310 232 344 πεισθήτωσαν
246 312 277 337 ἐκ
293 311 341 346 τῆς
354 311 514 343 ἀκολουθίας
526 312 652 338 κάκεῖνον
664 311 751 346 τούτῳ
770 320 832 338 συν-

51 355 203 382 αποϐάλλειν
225 357 271 382 τὸν
291 357 378 390 λόγον.
411 358 454 388 Ὠς
478 357 532 393 γὰρ
559 358 608 384 οὐχ
629 357 686 384 ἔστι
705 357 833 392 δημιούρ-

51 409 119 436 γημα
134 401 180 428 τοῦ
194 401 360 437 δημιουργοῦ
374 402 460 433 οὐσία,
478 403 564 433 οὕτως
582 403 640 429 οὐδὲ
654 403 799 438 ἀγεννησία
815 403 832 438 ἡ

50 447 90 473 τοῦ
107 447 253 482 ἁγεννήτου
269 447 357 474 οὐσία.
373 448 520 482 Συντομίας
536 448 564 475 δὲ
585 449 664 484 χάριν
678 448 724 476 καὶ
745 457 832 483 σαφη-

50 491 124 524 νείας,
142 492 222 519 πάλιν
237 492 282 518 τὸν
299 493 380 519 αὐτὸν
403 493 611 528 ἐπαναλήψομαι
635 493 722 526 λόγον.
747 493 777 520 Εἰ
795 494 830 530 μὴ

50 536 88 562 διὰ
101 536 129 562 τὸ
143 536 182 572 μὴ
200 536 387 571 γεγεννῆσθαι.
408 537 476 564 ἀλλὰ
494 537 536 564 διὰ
557 537 587 564 τὸ
601 537 670 571 ἁπλῆ
691 538 737 564 καὶ
752 538 832 565 ἀσύν-

50 581 118 612 θετος
139 582 218 608 οὐσία
233 583 247 608 ὁ
265 581 358 617 Πατὴρ
373 579 453 613 εἶναι,
475 582 622 618 ἀγέννητος
642 583 765 616 λέγεται·
788 583 831 610 διὰ

49 626 91 662 τὴν
104 626 187 661 αὐτὴν
200 627 287 654 αἰτίαν
299 627 344 653 καὶ
359 628 373 653 ό
386 627 449 659 Υἱὸς
461 627 607 662 ἀγέννητος
619 628 815 663 νομισθήσεται
824 636 830 643 ·

48 671 120 697 οὐσία
133 671 188 706 γὰρ
204 671 251 698 καὶ
266 668 343 703 οὗτός
363 673 421 697 ἐστι
443 672 579 706 μονοειδὴς
605 673 651 698 καὶ
675 672 830 703 ἀσύνθετος,

47 717 75 742 Εἰ
93 716 118 742 δὲ
134 716 180 742 τὸν
196 717 260 743 Υἰδν
273 717 333 742 ἐπεὶ
357 717 486 752 ἐγεννήθη
504 717 632 752 γεννητὸν
655 718 684 751 ἐξ
708 717 831 753 ἀνάγκης

47 761 254 797 ὁμολογήσομεν,
276 762 354 797 δῆλον
369 763 409 789 ὅτι
435 763 480 789 καὶ
496 763 542 789 τὸν
563 763 683 799 Πατέρα,
699 764 760 790 ἐπεὶ
781 764 831 790 οὐκ

47 806 182 842 ἐγεννήθη,
198 807 384 842 προσεροῦμεν
397 808 553 843 ἀγέννητον.
574 809 604 835 Ei
621 809 649 835 δὲ
666 809 752 841 τοῦτο,
768 809 785 844 ἦ
800 818 830 836 τε

602 116 741 144 CONTRA
761 115 961 146 EUNOMIUM,
982 115 1044 142 LIB.
1064 116 1120 143 XII.

851 185 868 210 Α
886 173 976 200 citatis
992 173 1061 199 ratio
1081 173 1112 199 ad
1131 172 1277 199 essentiam
1293 171 1406 198 reducit.
1424 171 1472 199 Vel
1494 170 1576 206 igitur
1593 178 1607 196 υ
1621 171 1669 197 (le-

1620 116 1676 144 022

888 217 1009 244 ﬁnitione
1024 217 1121 244 divina:
1139 218 1265 245 essentia:
1286 217 1459 251 ἁγεννησίαν,
1483 217 1508 243 id
1531 220 1582 247 est,
1600 216 1671 250 inge--

885 264 1057 294 iterationem,
1082 268 1220 298 separent,
1245 264 1270 290 in
1296 264 1353 290 sola
1378 262 1486 297 propria
1506 266 1533 289 et
1553 263 1671 296 genuina

885 308 1086 344 signiﬁcatione
1115 315 1281 340 manentem,
1301 309 1342 336 vel
1362 309 1384 336 si
1403 313 1513 343 propter
1537 308 1670 342 simplici-

884 356 966 379 tatem
991 353 1108 388 subjecti
1133 355 1165 389 τῇ
1191 354 1349 388 ἁγεννησίᾳ,
1376 361 1429 380 non
1449 353 1532 388 geniti
1554 354 1668 384 ratione,

883 401 1031 427 essentiam
1057 400 1197 432 deﬁniant,
1222 404 1333 434 propter
1355 399 1477 427 eamdem
1505 407 1616 427 causam
1642 404 1671 426 et

883 450 1048 475 creaturam.
1063 450 1091 472 ct
1106 445 1242 480 opiﬁcium
1259 446 1285 472 in
1306 445 1396 472 Patris
1417 446 1534 473 essentia
1550 449 1670 472 contem-

883 490 1003 524 plentur,
1025 490 1139 525 perinde
1165 498 1198 517 ac
1215 491 1237 518 si
1256 491 1342 517 \‘iitus
1357 498 1417 525 qua:
1437 494 1479 518 est
1494 490 1521 517 in
1536 490 1668 522 essentia.

883 541 936 561 non
954 540 1030 562 creet
1051 538 1077 562 et
1101 535 1243 567 moliatur,
1261 535 1308 562 sed
1326 534 1384 570 ipsa
1398 535 1486 563 virtus
1507 539 1534 562 et
1549 539 1669 570 potestas

884 580 1050 615 intelligatur
1076 585 1202 607 creatura
1231 584 1259 607 et
1288 580 1436 615 opiﬁcium.
1463 580 1539 613 Quod
1569 581 1591 608 si
1617 581 1669 608 hoc

883 625 1015 658 objiciunt
1029 629 1058 652 ut
1073 625 1224 660 improbum
1239 629 1265 652 et
1278 625 1439 657 absurdum,
1454 625 1668 660 pcrsuadeanttlr

882 678 914 696 ex
928 671 1134 702 consecutione,
1153 670 1236 698 etiam
1254 678 1308 697 una
1323 679 1385 697 cum
1400 672 1452 698 boc
1471 671 1546 698 illum
1562 680 1668 699 sermo-

885 723 945 743 nem
965 716 1163 750 repudiarewt
1183 716 1255 743 enim
1273 716 1410 751 opiﬁcium
1427 724 1481 743 non
1504 721 1546 744 est
1562 718 1668 751 opiﬁcis

886 762 1018 793 essentia,
1034 761 1072 788 sic
1084 769 1174 796 neque
1188 762 1347 796 ἀγεννησία,
1363 762 1534 797 ingeneralio,
1554 763 1669 798 ingeniti

882 808 1011 834 essentia.
1037 807 1198 842 Compendii
1225 811 1315 834 autem
1347 812 1374 835 ct
1399 808 1577 836 diluciditatis
1606 817 1669 844 gra-

47 852 153 887 ἀλήθεια
173 852 219 879 καὶ
237 853 253 888 ή
272 853 324 880 τῶν
347 854 478 880 τεθέντων
494 854 638 881 ἀκολουθία
660 855 828 889 καταναγκά-

883 854 930 885 tia,
958 860 1056 880 rursus
1079 853 1203 880 eumdem
1229 860 1401 881 resumatnus
1423 861 1588 881 sermonem.
1610 854 1668 882 Nisi

46 898 96 932 ζει,
122 899 254 934 πρόδηλον
282 899 322 926 ὅτι
347 900 406 935 οὐχὶ
429 900 521 931 οὐσίας
547 901 604 927 ἐστὶ
629 901 659 927 τὸ
682 900 828 936 ἀγέννητον

46 944 132 979 ὄνομα,
156 945 222 971 ἀλλὰ
243 945 373 980 διαφορᾶς
397 954 468 977 τινος
489 945 633 980 νοημάτων
653 946 827 981 σημαντικὸν,

45 991 88 1024 τῆς
103 990 133 1016 τὸ
151 990 278 1025 γεννηθὲν
294 990 341 1017 τοῦ
364 990 401 1025 μὴ
421 990 595 1025 γεννηθέντος
609 991 827 1027 διαστελλούσης.

883 902 1024 934 propterea
1046 898 1119 934 quod
1138 906 1190 926 non
1208 898 1315 933 genitus
1339 902 1392 931 est,
1410 899 1457 927 sed
1475 899 1537 934 quia
1554 899 1668 934 simplex

882 949 909 973 et
934 945 1115 980 incomposita
1133 945 1168 972 sit
1191 945 1319 976 essentia,
1345 944 1425 972 Pater
1442 946 1577 979 ingenitus
1594 945 1669 972 dici—

882 996 937 1026 tur,
955 991 988 1019 ob
1003 990 1125 1018 eamdem
1140 998 1251 1018 causam
1266 991 1347 1018 etiam
1367 990 1451 1019 Filius
1465 991 1602 1026 ingenitus
1611 990 1666 1018 exi-

49 1034 208 1060 stnnabitur.
227 1033 350 1061 Essentia
370 1034 442 1061 enim
458 1035 539 1062 etiam
560 1034 604 1062 hic
624 1038 666 1062 est
681 1034 826 1063 uniformis
845 1041 872 1062 et
887 1035 1094 1071 compositionis
1109 1043 1214 1062 exsors.
1234 1034 1312 1068 Quod
1334 1036 1357 1063 si
1391 1036 1501 1068 Filium,
1538 1036 1667 1071 quoniam

45 1080 148 1112 genitus
164 1084 215 1111 est,
237 1079 356 1114 genitura
382 1080 539 1108 necessario
553 1079 754 1114 conﬁtebimur,
768 1081 940 1116 perspicuum
954 1081 1026 1117 quod
1042 1081 1123 1108 etiam
1153 1080 1272 1114 Patrem,
1309 1081 1438 1116 quoniam
1470 1089 1525 1109 non
1558 1082 1667 1117 genitus

45 1129 90 1156 est,
106 1125 229 1152 dicemus
250 1125 412 1160 ingenitum.
432 1125 509 1158 Quod
527 1126 550 1154 si
569 1126 622 1153 lloe
638 1131 665 1154 et
678 1126 780 1154 veritas
798 1131 826 1154 et
846 1126 998 1161 positorum
1014 1126 1099 1154 series
1131 1133 1303 1161 consequens
1320 1127 1403 1161 cogit,
1436 1126 1539 1161 liquido
1559 1131 1667 1154 constat

46 1172 189 1206 ingenitum
212 1179 265 1198 non
281 1179 342 1199 esse
364 1179 461 1200 nomen
482 1172 619 1204 essentia.
651 1173 698 1200 sed
731 1173 890 1201 diﬁ‘erentize
922 1173 1038 1208 alicujus
1063 1180 1158 1201 eorum
1192 1180 1252 1208 quae
1285 1173 1483 1207 intelliguntur,
1507 1173 1668 1209 signiﬁcati-

46 1226 114 1249 vun',
137 1225 199 1253 qua:
222 1209 356 1253 quod'est
380 1219 502 1253 genitum
527 1226 542 1246 a
570 1227 624 1247 non
647 1221 738 1255 genito
764 1220 829 1247 facit
847 1220 1012 1256 discrepare.

77 1263 140 1291 Εἶτα
163 1266 210 1292 καὶ
227 1265 305 1291 τοῦτο
322 1266 377 1297 τοῖς
399 1266 553 1301 εἰρημένοις
571 1266 829 1302 προσεξετάσωμεν·

46 1311 73 1336 Εἰ
89 1311 118 1337 τὸ
132 1311 279 1346 ἀγέννητον
294 1310 380 1346 ὄνομα
399 1319 466 1346 φασι
487 1311 535 1346 τὴν
558 1312 651 1338 οὐσίαν
677 1312 829 1347 σημαίνειν,

45 1356 86 1382 καὶ
106 1356 143 1392 μὴ
166 1356 197 1382 τὸ
212 1356 275 1383 ἄνευ
296 1356 386 1388 αἰτίας
409 1357 458 1393 τὴν
473 1357 621 1384 ὑπόστασιν
644 1357 732 1392 ἔχειν·
762 1358 830 1393 ποίῳ

44 1401 150 1436 ὀνόματι
180 1401 211 1428 τὺ
234 1401 297 1429 ἄνευ
324 1402 412 1435 αἰτίας
438 1400 506 1429 εἶναι
533 1402 579 1429 τὸν
604 1403 712 1438 Πατέρα
732 1404 830 1439 συστή-

45 1455 125 1479 σουσι,
149 1449 200 1482 τῆς
225 1447 385 1482 ἀγεννησίας
402 1448 441 1478 εἰς
463 1447 512 1482 τὴν
535 1449 584 1482 τῆς
606 1448 698 1479 οὐσίας
717 1448 827 1480 ἔνδειξιν

44 1493 104 1527 παρ’
122 1493 213 1520 αὐτῶν
227 1493 465 1528 ἀποτεταγμένης;
483 1493 514 1520 Et
527 1493 579 1528 γὰρ
596 1492 632 1529 μὴ
646 1494 694 1529 τὴν
707 1493 828 1520 διασταλ-

44 1539 116 1576 τικὴν
135 1541 191 1567 τῶν
209 1540 382 1567 ὑποστάσεων
403 1540 532 1575 διαφορὰν
551 1540 594 1566 διὰ
616 1541 666 1575 τῆς
682 1540 727 1567 τοῦ
753 1541 828 1575 ἀγεν-

917 1267 1021 1295 Deinde
1034 1267 1085 1294 hoc
1095 1267 1177 1295 etiam
1189 1270 1287 1302 praeter
1301 1275 1332 1295 ea
1343 1275 1404 1303 quae
1414 1272 1479 1296 sunt
1489 1269 1560 1296 dicta
1571 1270 1667 1304 exqui-

881 1320 993 1340 ramus:
1005 1312 1032 1339 Si
1048 1319 1149 1339 nomen
1165 1312 1217 1339 hoc
1232 1312 1382 1347 ingenitum
1395 1313 1578 1341 substantiam
1590 1315 1667 1342 aiunt

880 1357 1092 1392 signiﬁcare,vet
1118 1365 1173 1385 non
1197 1359 1299 1394 absque
1328 1366 1411 1386 causa
1440 1358 1548 1388 Patrem
1573 1360 1666 1388 subsi-

880 1403 1007 1430 stentiam
1025 1403 1134 1436 habere,
1149 1411 1203 1438 quo
1215 1405 1326 1431 nomine
1341 1404 1444 1440 absque
1461 1413 1542 1433 causa
1556 1405 1663 1434 Patrem

880 1456 941 1476 esse
955 1449 1135 1482 constituent,
1151 1457 1213 1477 cum
1231 1450 1378 1486 ἀγεννησια
1397 1451 1431 1478 ad
1449 1451 1574 1479 essentia
1596 1452 1666 1478 indi-

881 1495 1015 1522 cationem
1039 1496 1074 1523 ab
1091 1496 1159 1531 ipsis
1184 1497 1219 1524 sit
1234 1497 1377 1524 ordinata?
1398 1497 1426 1524 Si
1446 1498 1518 1524 enim
1538 1497 1666 1525 differen-

882 1539 947 1566 tiam
962 1543 1024 1575 qua:
1041 1540 1234 1569 subsistentias
1247 1542 1389 1577 disjungit,
1405 1542 1516 1577 ingeniti
1532 1550 1596 1569 voce
1610 1549 1665 1569 non

43 1586 120 1620 νήτου
138 1585 233 1621 φωνῆς
258 1585 447 1620 διδασκόμεθα,
473 1585 530 1611 ἀλλ’
553 1585 638 1619 αὐτῆς
658 1586 764 1620 φύσεως
786 1586 824 1612 ἐν·

880 1585 1021 1618 docemur,
1042 1587 1090 1614 sed
1118 1587 1204 1622 ipsius
1231 1592 1335 1615 natura:
1363 1588 1434 1615 hanc
1460 1588 1578 1616 indicem
1603 1595 1665 1616 esse

43 1630 175 1667 ὄειχτικὴν
189 1629 259 1658 εἶναι
271 1630 371 1666 ταύτην
391 1631 595 1666 ὑποληψόμεθα,
610 1629 665 1658 οἷον
679 1631 828 1667 ἀπορρέου-

44 1677 89 1702 σὰν
108 1686 165 1708 πως
180 1677 227 1703 τοῦ
243 1677 438 1712 ὑπερκειμένου
458 1677 632 1712 πράγματος·
651 1677 697 1703 καὶ
716 1677 760 1703 διὰ
778 1678 827 1712 τῆς

42 1721 92 1746 τῶν
109 1722 249 1748 συλλαϐῶν
275 1722 455 1757 ἐκφωνήσεως
479 1721 703 1748 ἐκκαλύπτουσαν
728 1721 758 1748 τὸ
783 1721 827 1757 ζη-

42 1765 179 1801 τούμενον,
202 1768 307 1802 ἀνάγκη
324 1768 397 1794 πᾶσα
417 1767 434 1802 ἢ
461 1767 497 1802 μὴ
516 1765 584 1793 εἶναι
599 1768 643 1794 τὸν
657 1768 722 1794 Θεὸν
745 1768 825 1801 ἀγέν-

42 1820 128 1846 νητον,
145 1812 161 1848 ἢ
179 1813 215 1848 μὴ
231 1812 367 1847 λέγεσθαι,
387 1813 522 1848 μηδεμιᾶς
533 1813 623 1847 φωνῆς
634 1813 681 1848 τὴν
700 1814 827 1849 τξιαύτην

42 1858 156 1892 ἱμᾳασιν
172 1858 326 1890 ἰδιαζόντως
338 1859 381 1885 ἐπ’
394 1859 477 1886 αὑτοῦ
491 1858 689 1894 παρεχομένης.
707 1859 761 1894 Τῆς
773 1859 826 1894 γὰρ

41 1902 214 1938 ἁγεννησῗας,
241 1903 331 1935 καθὼς
354 1902 426 1930 οὗτοί
442 1913 534 1938 φασιν,
556 1904 586 1930 οὐ
607 1904 636 1930 τὺ
658 1903 720 1932 ἄνευ
738 1905 827 1937 αἰτίας

41 1946 107 1975 εἶναι
123 1946 365 1985 διασημαινούσης,
389 1949 456 1977 ἀλλὰ
480 1950 529 1985 τὴν
556 1950 635 1984 φύσιν
658 1950 827 1985 ἐνδεικνυμέ-

41 2003 101 2040 νηςζ
112 1997 348 2031 περιτραπήσεται
364 1997 471 2028 πάντως
484 1997 574 2028 αὐτοῖς
591 1997 658 2033 πρὸς
675 1997 826 2024 τούναντίον

40 2039 68 2066 τὸ
89 2039 222 2077 σόφισμα,
247 2042 294 2068 καὶ
310 2041 486 2077 εὑρεθήσεται
502 2042 646 2076 διαφεῦγον
661 2041 708 2070 τοῦ
726 2043 827 2077 δόγμα-

40 2094 83 2117 τος
98 2087 190 2114 αὐτῶν
202 2087 248 2114 ἐπὶ
262 2087 309 2114 τοῦ
324 2087 391 2114 Θεοῦ
410 2088 441 2114 τὸ
459 2088 615 2123 ἀγέννητον.
638 2088 759 2124 Μηδενὸς
772 2087 827 2122 γὰρ

40 2133 130 2167 ἑτέρου
154 2134 276 2169 ῥήματος
297 2134 313 2169 ἢ
333 2133 464 2169 ὀνόματος
484 2133 515 2160 τὺ
535 2134 572 2169 μὴ
598 2134 760 2170 γεννηθῆναι
782 2133 827 2161 τὸν

41 2178 146 2214 Πατέρα
171 2179 366 2214 παριστῶντος,
390 2179 436 2207 τοῦ
460 2179 487 2206 δὲ
513 2180 660 2215 ἁγεννήτου
685 2180 756 2206 κατὰ
778 2179 827 2215 τὴν

39 2224 132 2258 metu
149 2225 250 2257 αὐτῶν,
271 2225 333 2252 ἄλλο
350 2233 376 2251 τι
393 2225 438 2252 καὶ
456 2225 516 2260 οὐχὶ
536 2225 566 2252 τὸ
589 2225 627 2260 μὴ
649 2224 827 2260 γεγεννῆσθαι

37 2270 277 2306 διερμηνεύοντος,
306 2270 409 2306 οἴχεται
436 2271 483 2297 καὶ
512 2270 653 2306 συνεῤῥοίη
687 2270 755 2306 πρὸς
782 2271 827 2298 τὸν

38 2317 183 2344 Σαῦέλλιον
205 2317 296 2348 αὐτοῖς
325 2316 522 2352 κατολισθήσας
551 2317 565 2343 ὁ
588 2316 675 2350 λόγος.
708 2317 827 2353 ’Δνάγκη

37 2360 88 2395 γὰρ
115 2361 194 2387 πᾶσα
220 2360 262 2387 διὰ
285 2360 334 2396 τῆς
361 2361 522 2392 ἀκολουθίας
540 2360 652 2396 ταύτης,
677 2361 723 2388 τὺν
748 2361 828 2388 αὑτὸν

35 2405 104 2432 εἶναι
121 2406 282 2442 νομίζεσθαι
303 2406 342 2442 τῷ
358 2407 414 2442 Υὶῴ
438 2407 482 2433 τὸν
505 2407 624 2442 Πατέρα,
641 2407 690 2442 τῆς
712 2407 782 2434 κατὰ
797 2408 828 2434 τὸ

35 2453 165 2488 γεννητὸν
190 2453 236 2479 καὶ
254 2453 400 2488 ἀγέννητον
422 2453 552 2486 διαφορᾶς
576 2452 608 2478 ὲκ
629 2452 675 2479 τοῦ
695 2445 826 2487 δόγματος

35 2497 125 2523 αὐτῶν
139 2497 336 2532 ἐκκλαπείσης.
355 2497 436 2523 Ὥστε
450 2497 522 2523 δυοῖν
544 2496 665 2532 θάτερον.
683 2497 700 2532 ἢ
723 2497 826 2532 ἀναθή-

34 2551 126 2570 σονται
152 2543 204 2578 τὴν
221 2543 285 2578 περὶ
306 2542 352 2569 τοῦ
375 2543 507 2577 ὀνόματος
529 2542 618 2575 δόξαν,
641 2542 679 2574 ὡς
695 2542 826 2578 διαφορὰν

34 2589 81 2625 τῆς
96 2590 232 2624 ἐκατέρου
248 2590 387 2624 ἰδιότητος,
404 2588 452 2615 καὶ
461 2589 523 2623 οὐχὶ
537 2589 616 2623 φύσιν
632 2588 807 2623 σημαίνοντος
818 2598 824 2604 ν

34 2635 46 2668 ἢ
70 2634 281 2670 παραμένοντες
302 2636 358 2666 τοῖς
371 2633 562 2668 ἐγνωσμένοις,
581 2633 644 2668 περὶ
659 2633 759 2667 ταύτης
775 2633 825 2667 τῆς

33 2681 123 2715 φωνῆς
139 2679 280 2715 Eamne
296 2680 482 2714 συνθήσονται.
504 2679 540 2705 Οὐ
559 2681 612 2717 γὰρ
630 2680 703 2707 ἐστιν
717 2679 790 2710 ὅπως
805 2680 822 2714 ὴ

35 2727 85 2754 τῶν
100 2727 281 2754 ὑποστάσεων
301 2726 415 2761 διαφορὰ
432 2725 462 2752 τὸ
477 2725 630 2760 ἀσύγχυτον
647 2724 713 2758 ἔξει,
730 2725 767 2760 μὴ
783 2724 823 2765 τῷ

36 2773 157 2809 γεννητῷ
172 2772 381 2808 διαστελλομὲνη
397 2771 464 2807 πρὸς
484 2770 515 2797 τὺ
530 2771 684 2805 ἀγέννητον.
705 2771 784 2796 Ὥστε
799 2771 824 2796 ει

33 2821 82 2855 μὲν
99 2818 238 2855 διαςορὰν
255 2819 379 2854 σημαίνει
401 2818 432 2844 τὸ
448 2817 542 2852 ὄνομα,
559 2817 575 2852 ὴ
591 2816 668 2844 οὐσία
685 2816 760 2843 ἔσται
781 2816 823 2842 διὰ

877 1631 1064 1665 opinabimnr,
1085 1633 1158 1660 velut
1177 1641 1192 1660 a
1215 1640 1244 1660 re
1266 1633 1389 1668 subjecta
1403 1633 1605 1668 quodammodo
1624 1634 1665 1661 ef-

877 1675 1016 1708 ﬁuentem,
1034 1684 1082 1711 per
1099 1677 1266 1712 syllabarum
1284 1678 1499 1706 enuntiationem
1519 1679 1666 1713 explican-

878 1725 931 1749 tem
952 1721 1025 1756 quod
1048 1722 1189 1757 quaeritur,
1205 1722 1316 1749 omnino
1344 1730 1454 1750 necesse
1479 1729 1520 1751 est
1544 1725 1586 1751 vel
1610 1732 1665 1751 non

876 1773 938 1794 esse
956 1766 1039 1794 Deum
1056 1768 1218 1802 ingenitum,
1235 1768 1277 1794 vel
1296 1775 1350 1794 non
1372 1767 1437 1800 dici,
1454 1775 1515 1795 cum
1537 1769 1611 1796 trulla
1629 1769 1665 1796 sit

877 1820 929 1840 vox
942 1821 1001 1848 qua:
1016 1813 1096 1840 talem
1112 1813 1338 1848 signiﬁcationem
1354 1814 1463 1848 proprie
1477 1818 1504 1841 et
1517 1815 1663 1849 separatim

878 1858 905 1885 in
921 1866 954 1886 eo
968 1859 1096 1894 prmbeat.
1113 1858 1182 1886 Nam
1199 1867 1261 1885 cum
1284 1866 1383 1886 nomen
1403 1859 1575 1894 ἀγεννησίας,
1593 1860 1664 1887 sicut

878 1904 923 1932 isti
939 1909 1077 1937 asserunt,
1097 1905 1199 1940 absque
1209 1912 1291 1931 causa
1306 1912 1368 1932 esse
1383 1912 1437 1932 non
1454 1905 1600 1940 signiﬁcet,
1614 1906 1662 1933 sed

877 1955 1003 1978 naturam
1019 1951 1132 1982 indicet,
1151 1951 1178 1978 in
1198 1951 1365 1978 contrarium
1382 1958 1495 1986 prorsus
1508 1958 1602 1978 eorum
1618 1960 1663 1980 so-

878 1997 984 2032 phisma
999 1997 1057 2025 sive
1068 1997 1194 2024 cavillum
1210 1997 1443 2031 conlorquebitur,
1459 2001 1486 2025 et
1511 1998 1663 2026 invenietur

877 2043 912 2070 ab
926 2050 1020 2070 eorum
1034 2042 1161 2077 dogmate
1177 2043 1248 2077 quod
1263 2043 1411 2077 ingenitum
1428 2048 1471 2071 est
1486 2044 1512 2070 in
1526 2043 1581 2070 Deo
1594 2044 1662 2072 ellu-

877 2095 950 2123 gere.
969 2088 1037 2115 Cum
1059 2088 1132 2116 enim
1154 2088 1258 2115 nullum
1276 2088 1349 2115 aliud
1370 2089 1482 2116 verbum
1501 2090 1541 2116 vel
1563 2097 1662 2117 nomen

877 2131 1028 2167 ingenitum
1048 2139 1110 2160 esse
1130 2131 1237 2159 Patrem
1253 2132 1344 2159 animo
1369 2137 1554 2167 reprmsentct,
1574 2137 1601 2162 et
1621 2134 1663 2161 in-

878 2178 962 2213 geniti
982 2185 1080 2205 nomen
1097 2177 1248 2205 secundent
1270 2178 1392 2212 ipsorum
1411 2178 1572 2213 sapientiam
1589 2180 1663 2207 aliud

844 2223 1007 2271 uniddam
1034 2231 1116 2258 quam
1140 2230 1194 2250 non
1221 2223 1342 2258 genitum
1372 2231 1433 2251 esse
1460 2224 1605 2259 signiﬁcet,
1628 2226 1662 2253 ad

880 2268 1028 2296 Sabellinm
1046 2269 1103 2295 abit
1123 2273 1152 2295 et
1169 2268 1280 2296 conﬂuit
1305 2276 1398 2296 eorum
1418 2270 1548 2298 delabens
1561 2278 1661 2299 sermo.

878 2313 997 2340 Omnino
1011 2313 1083 2340 enim
1097 2321 1209 2342 necesse
1223 2319 1265 2341 est
1279 2322 1312 2342 ex
1326 2315 1377 2342 hac
1397 2318 1592 2351 consequentia
1614 2317 1663 2343 Pa-

878 2363 947 2387 trem
968 2367 1029 2387 cum
1052 2359 1122 2386 Filio
1137 2360 1261 2388 eumdem
1283 2368 1345 2388 esse
1359 2361 1522 2394 existimari,
1542 2363 1563 2390 si
1578 2363 1662 2397 geniti

877 2409 905 2431 et
925 2405 1036 2440 ingeniti
1060 2405 1212 2432 dilTerentia
1236 2413 1268 2433 ex
1292 2414 1388 2433 eorum
1408 2407 1535 2442 dogmate
1555 2409 1662 2435 sublata

878 2451 969 2478 fuerit.
994 2451 1032 2478 Ita
1061 2456 1090 2479 ut
1109 2451 1225 2479 duorum
1250 2453 1376 2484 alterum,
1394 2453 1434 2481 vel
1458 2461 1539 2488 quam
1561 2455 1661 2482 habent

878 2497 911 2524 de
925 2497 975 2524 hoc
989 2497 1098 2524 nomine
1109 2497 1263 2532 opinionem
1279 2499 1474 2532 retractabunt,
1489 2503 1580 2534 utpote
1588 2501 1660 2534 quod

877 2542 1057 2577 dili'erentiam
1082 2543 1228 2578 utriusque
1252 2543 1426 2578 proprietatis
1455 2553 1509 2572 non
1534 2549 1659 2571 naturam

877 2587 1023 2622 signiﬁcet,
1049 2589 1090 2615 vel
1107 2589 1133 2615 in
1159 2589 1218 2616 suis
1233 2589 1353 2617 decretis
1371 2595 1572 2625 permanentes,
1586 2590 1659 2616 circa

878 2634 949 2660 hanc
963 2641 1056 2660 vocem
1068 2635 1186 2661 Sabellio
1199 2634 1449 2670 adstipulabnntur.
1461 2635 1517 2662 Non
1532 2635 1603 2662 enim
1618 2639 1660 2662 est

877 2679 1014 2714 quomodo
1029 2679 1211 2714 hypostaseon
1227 2681 1378 2708 diﬁerentia
1399 2681 1424 2707 id
1445 2681 1516 2715 quod
1534 2681 1660 2707 inconiu-

876 2733 936 2753 sum
951 2729 994 2753 ast.
1013 2725 1123 2758 lia-beat,
1146 2726 1169 2754 si
1186 2733 1218 2753 ca
1235 2734 1294 2761 quas
1306 2732 1348 2754 est
1361 2727 1445 2762 geniti
1462 2734 1522 2753 cum
1539 2726 1659 2760 ingenito

878 2770 1029 2798 dilferentia
1048 2778 1100 2798 non
1123 2771 1318 2806 distinguatur.
1333 2772 1422 2804 Quare
1447 2771 1469 2798 si
1488 2779 1587 2798 nomen
1606 2772 1659 2799 dit--

879 2817 1021 2844 terentiam
1039 2818 1138 2852 signat,
1155 2818 1274 2845 essentia
1295 2825 1343 2852 per
1357 2817 1565 2852 appellationem
1579 2817 1658 2845 istam
