  <div class='ocr_page' id='page_1' title='image "/cluster/home/n/w/nwhite01/storage/ocr_20150623/45/njp.32101077772596/476.png"; bbox 0 0 1970 3076; ppageno 0'>
   <div class='ocr_carea' id='block_1_1' title="bbox 80 113 135 142">
    <p class='ocr_par' dir='ltr' id='par_1_1' title="bbox 80 113 135 142">
     <span class='ocr_line' id='line_1_1' title="bbox 80 113 135 142; baseline 0 0"><span class='ocrx_word' id='word_1_1' title='bbox 80 113 135 142; x_wconf 74' lang='lat'><strong>925</strong></span> 
     </span>
    </p>
   </div>
   <div class='ocr_carea' id='block_1_2' title="bbox 631 115 1148 150">
    <p class='ocr_par' dir='ltr' id='par_1_2' title="bbox 631 115 1148 150">
     <span class='ocr_line' id='line_1_2' title="bbox 631 115 1148 150; baseline 0.01 -8"><span class='ocrx_word' id='word_1_2' title='bbox 631 115 770 143; x_wconf 68' lang='lat' dir='ltr'><strong>CONTRA</strong></span> <span class='ocrx_word' id='word_1_3' title='bbox 792 116 985 150; x_wconf 54' lang='lat' dir='ltr'><strong>EUROMIUM,</strong></span> <span class='ocrx_word' id='word_1_4' title='bbox 1007 119 1069 147; x_wconf 76' lang='lat' dir='ltr'><strong>LIB.</strong></span> <span class='ocrx_word' id='word_1_5' title='bbox 1091 119 1148 147; x_wconf 74' lang='lat' dir='ltr'><strong>XII.</strong></span> 
     </span>
    </p>
   </div>
   <div class='ocr_carea' id='block_1_3' title="bbox 1658 123 1710 150">
    <p class='ocr_par' dir='ltr' id='par_1_3' title="bbox 1658 123 1710 150">
     <span class='ocr_line' id='line_1_3' title="bbox 1658 123 1710 150; baseline -0.019 0"><span class='ocrx_word' id='word_1_6' title='bbox 1658 123 1710 150; x_wconf 74' lang='lat'><strong>926</strong></span> 
     </span>
    </p>
   </div>
   <div class='ocr_carea' id='block_1_4' title="bbox 77 172 864 215">
    <p class='ocr_par' dir='ltr' id='par_1_4' title="bbox 77 172 864 211">
     <span class='ocr_line' id='line_1_4' title="bbox 77 172 864 211; baseline 0.004 -12"><span class='ocrx_word' id='word_1_7' title='bbox 77 172 114 208; x_wconf 74' lang='grc' dir='ltr'><strong>ἦν</strong></span> <span class='ocrx_word' id='word_1_8' title='bbox 142 172 246 207; x_wconf 72' lang='grc' dir='ltr'>ἐξαιρεῖ</span> <span class='ocrx_word' id='word_1_9' title='bbox 272 173 322 209; x_wconf 83' lang='grc' dir='ltr'><strong>τῆς</strong></span> <span class='ocrx_word' id='word_1_10' title='bbox 344 173 484 207; x_wconf 71' lang='grc' dir='ltr'>ἐπινοίας,</span> <span class='ocrx_word' id='word_1_11' title='bbox 517 175 657 203; x_wconf 70' lang='grc' dir='ltr'><strong>ἀδιάλυτον</strong></span> <span class='ocrx_word' id='word_1_12' title='bbox 688 177 734 202; x_wconf 76' lang='grc' dir='ltr'><strong>καὶ</strong></span> <span class='ocrx_word' id='word_1_13' title='bbox 770 177 864 211; x_wconf 55' lang='grc' dir='ltr'>παγίακ</span> 
     </span>
    </p>
   </div>
   <div class='ocr_carea' id='block_1_5' title="bbox 916 172 1712 215">
    <p class='ocr_par' dir='ltr' id='par_1_5' title="bbox 923 177 1712 215">
     <span class='ocr_line' id='line_1_5' title="bbox 923 177 1712 215; baseline 0.005 -13"><span class='ocrx_word' id='word_1_14' title='bbox 923 177 1023 204; x_wconf 84' lang='lat' dir='ltr'><strong>tionem</strong></span> <span class='ocrx_word' id='word_1_15' title='bbox 1035 181 1190 212; x_wconf 57' lang='lat' dir='ltr'><strong>permaneat</strong></span> <span class='ocrx_word' id='word_1_16' title='bbox 1202 178 1336 207; x_wconf 76' lang='lat' dir='ltr'><strong>soliditas.</strong></span> <span class='ocrx_word' id='word_1_17' title='bbox 1347 178 1438 215; x_wconf 83' lang='lat' dir='ltr'><strong>Neque</strong></span> <span class='ocrx_word' id='word_1_18' title='bbox 1453 179 1523 208; x_wconf 89' lang='lat' dir='ltr'><strong>enim</strong></span> <span class='ocrx_word' id='word_1_19' title='bbox 1537 179 1623 215; x_wconf 86' lang='lat' dir='ltr'><strong>ipsam</strong></span> <span class='ocrx_word' id='word_1_20' title='bbox 1632 179 1712 213; x_wconf 84' lang='grc' dir='ltr'>ἀγεν-</span> 
     </span>
    </p>
   </div>
   <div class='ocr_carea' id='block_1_6' title="bbox 80 217 873 257">
    <p class='ocr_par' dir='ltr' id='par_1_6' title="bbox 80 217 873 257">
     <span class='ocr_line' id='line_1_6' title="bbox 80 217 873 257; baseline 0.006 -14"><span class='ocrx_word' id='word_1_21' title='bbox 80 217 152 253; x_wconf 82' lang='grc' dir='ltr'>μετά</span> <span class='ocrx_word' id='word_1_22' title='bbox 173 218 204 244; x_wconf 82' lang='grc' dir='ltr'>τδ</span> <span class='ocrx_word' id='word_1_23' title='bbox 229 219 427 255; x_wconf 79' lang='grc' dir='ltr'><strong>προενεχθῆναι</strong></span> <span class='ocrx_word' id='word_1_24' title='bbox 451 220 537 254; x_wconf 71' lang='grc' dir='ltr'>δεῖξαι</span> <span class='ocrx_word' id='word_1_25' title='bbox 564 220 719 256; x_wconf 72' lang='grc' dir='ltr'>δυνήσεται,</span> <span class='ocrx_word' id='word_1_26' title='bbox 739 222 788 256; x_wconf 73' lang='grc' dir='ltr'>τῆς</span> <span class='ocrx_word' id='word_1_27' title='bbox 806 231 873 257; x_wconf 78' lang='grc' dir='ltr'><strong>προ-</strong></span> 
     </span>
    </p>
   </div>
   <div class='ocr_carea' id='block_1_7' title="bbox 78 264 874 304">
    <p class='ocr_par' dir='ltr' id='par_1_7' title="bbox 78 264 874 304">
     <span class='ocr_line' id='line_1_7' title="bbox 78 264 874 304; baseline 0.008 -15"><span class='ocrx_word' id='word_1_28' title='bbox 78 264 238 300; x_wconf 85' lang='grc' dir='ltr'><strong>ενεχοείσης</strong></span> <span class='ocrx_word' id='word_1_29' title='bbox 253 265 296 292; x_wconf 80' lang='grc' dir='ltr'>διὰ</span> <span class='ocrx_word' id='word_1_30' title='bbox 318 266 364 292; x_wconf 74' lang='grc' dir='ltr'>τοῦ</span> <span class='ocrx_word' id='word_1_31' title='bbox 380 266 499 301; x_wconf 81' lang='grc' dir='ltr'>φθόγγου</span> <span class='ocrx_word' id='word_1_32' title='bbox 516 267 621 302; x_wconf 79' lang='grc' dir='ltr'>ρήσεως</span> <span class='ocrx_word' id='word_1_33' title='bbox 644 268 675 294; x_wconf 84' lang='grc' dir='ltr'>ὲκ</span> <span class='ocrx_word' id='word_1_34' title='bbox 699 268 744 294; x_wconf 85' lang='grc' dir='ltr'>τοῦ</span> <span class='ocrx_word' id='word_1_35' title='bbox 775 269 874 304; x_wconf 75' lang='grc' dir='ltr'>στόμα-</span> 
     </span>
    </p>
   </div>
   <div class='ocr_carea' id='block_1_8' title="bbox 76 310 873 349">
    <p class='ocr_par' dir='ltr' id='par_1_8' title="bbox 76 310 873 349">
     <span class='ocr_line' id='line_1_8' title="bbox 76 310 873 349; baseline 0.009 -14"><span class='ocrx_word' id='word_1_36' title='bbox 76 318 125 340; x_wconf 79' lang='grc' dir='ltr'>τος</span> <span class='ocrx_word' id='word_1_37' title='bbox 152 311 182 336; x_wconf 82' lang='grc' dir='ltr'><strong>ὲν</strong></span> <span class='ocrx_word' id='word_1_38' title='bbox 201 310 241 346; x_wconf 79' lang='grc' dir='ltr'>τῷ</span> <span class='ocrx_word' id='word_1_39' title='bbox 265 311 327 347; x_wconf 81' lang='grc' dir='ltr'>ἀέρι</span> <span class='ocrx_word' id='word_1_40' title='bbox 346 312 382 347; x_wconf 84' lang='grc' dir='ltr'>μὴ</span> <span class='ocrx_word' id='word_1_41' title='bbox 404 313 604 349; x_wconf 74' lang='grc' dir='ltr'><strong>συμμενούσης.</strong></span> <span class='ocrx_word' id='word_1_42' title='bbox 628 315 683 340; x_wconf 85' lang='grc' dir='ltr'><strong>Καὶ</strong></span> <span class='ocrx_word' id='word_1_43' title='bbox 705 314 776 341; x_wconf 74' lang='grc' dir='ltr'>οὕτω</span> <span class='ocrx_word' id='word_1_44' title='bbox 794 315 816 341; x_wconf 78' lang='grc' dir='ltr'>δ’</span> <span class='ocrx_word' id='word_1_45' title='bbox 841 315 873 342; x_wconf 79' lang='grc' dir='ltr'><strong>ἄν</strong></span> 
     </span>
    </p>
   </div>
   <div class='ocr_carea' id='block_1_9' title="bbox 76 356 874 393">
    <p class='ocr_par' dir='ltr' id='par_1_9' title="bbox 76 356 874 393">
     <span class='ocr_line' id='line_1_9' title="bbox 76 356 874 393; baseline 0.008 -12"><span class='ocrx_word' id='word_1_46' title='bbox 76 363 120 386; x_wconf 80' lang='grc' dir='ltr'>τις</span> <span class='ocrx_word' id='word_1_47' title='bbox 147 356 229 391; x_wconf 80' lang='grc' dir='ltr'><strong>μάθοι</strong></span> <span class='ocrx_word' id='word_1_48' title='bbox 254 357 284 383; x_wconf 83' lang='grc' dir='ltr'>τὸ</span> <span class='ocrx_word' id='word_1_49' title='bbox 308 358 362 383; x_wconf 86' lang='grc' dir='ltr'><strong>τῶν</strong></span> <span class='ocrx_word' id='word_1_50' title='bbox 389 359 542 393; x_wconf 78' lang='grc' dir='ltr'><strong>εἰρημένων</strong></span> <span class='ocrx_word' id='word_1_51' title='bbox 566 359 730 386; x_wconf 80' lang='grc' dir='ltr'><strong>ἀσύστατον·</strong></span> <span class='ocrx_word' id='word_1_52' title='bbox 752 361 792 387; x_wconf 81' lang='grc' dir='ltr'><strong>ὅτι</strong></span> <span class='ocrx_word' id='word_1_53' title='bbox 822 361 874 387; x_wconf 80' lang='grc' dir='ltr'><strong>κᾶν</strong></span> 
     </span>
    </p>
   </div>
   <div class='ocr_carea' id='block_1_10' title="bbox 79 402 873 441">
    <p class='ocr_par' dir='ltr' id='par_1_10' title="bbox 79 402 873 441">
     <span class='ocr_line' id='line_1_10' title="bbox 79 402 873 441; baseline 0.006 -14"><span class='ocrx_word' id='word_1_54' title='bbox 79 402 238 433; x_wconf 78' lang='grc' dir='ltr'><strong>σιωπῶντες</strong></span> <span class='ocrx_word' id='word_1_55' title='bbox 260 402 309 434; x_wconf 76' lang='grc' dir='ltr'>τὰς</span> <span class='ocrx_word' id='word_1_56' title='bbox 335 404 383 438; x_wconf 82' lang='grc' dir='ltr'><strong>τῆς</strong></span> <span class='ocrx_word' id='word_1_57' title='bbox 409 404 496 439; x_wconf 69' lang='grc' dir='ltr'>ψυχῆς</span> <span class='ocrx_word' id='word_1_58' title='bbox 513 405 616 436; x_wconf 79' lang='grc' dir='ltr'>ἐννοίας</span> <span class='ocrx_word' id='word_1_59' title='bbox 637 405 873 441; x_wconf 81' lang='grc' dir='ltr'>ἀπογραφώμεοα,</span> 
     </span>
    </p>
   </div>
   <div class='ocr_carea' id='block_1_11' title="bbox 77 447 873 485">
    <p class='ocr_par' dir='ltr' id='par_1_11' title="bbox 77 447 873 485">
     <span class='ocr_line' id='line_1_11' title="bbox 77 447 873 485; baseline 0.006 -12"><span class='ocrx_word' id='word_1_60' title='bbox 77 448 107 473; x_wconf 79' lang='grc' dir='ltr'>οὐ</span> <span class='ocrx_word' id='word_1_61' title='bbox 130 447 164 473; x_wconf 76' lang='grc' dir='ltr'><strong>τὰ</strong></span> <span class='ocrx_word' id='word_1_62' title='bbox 194 448 243 482; x_wconf 76' lang='grc' dir='ltr'><strong>μὲν</strong></span> <span class='ocrx_word' id='word_1_63' title='bbox 270 449 412 483; x_wconf 62' lang='grc' dir='ltr'><strong>ὑφεστῶτα</strong></span> <span class='ocrx_word' id='word_1_64' title='bbox 435 449 489 476; x_wconf 84' lang='grc' dir='ltr'><strong>τῶν</strong></span> <span class='ocrx_word' id='word_1_65' title='bbox 511 450 654 485; x_wconf 72' lang='grc' dir='ltr'>νοημάτων</span> <span class='ocrx_word' id='word_1_66' title='bbox 675 451 725 485; x_wconf 79' lang='grc' dir='ltr'><strong>τὴν</strong></span> <span class='ocrx_word' id='word_1_67' title='bbox 750 451 793 478; x_wconf 72' lang='grc' dir='ltr'><strong>διὰ</strong></span> <span class='ocrx_word' id='word_1_68' title='bbox 819 451 873 478; x_wconf 82' lang='grc' dir='ltr'><strong>τῶν</strong></span> 
     </span>
    </p>
   </div>
   <div class='ocr_carea' id='block_1_12' title="bbox 77 494 872 529">
    <p class='ocr_par' dir='ltr' id='par_1_12' title="bbox 77 494 872 529">
     <span class='ocr_line' id='line_1_12' title="bbox 77 494 872 529; baseline 0.006 -11"><span class='ocrx_word' id='word_1_69' title='bbox 77 494 251 528; x_wconf 74' lang='grc' dir='ltr'><strong>γραμμάτων</strong></span> <span class='ocrx_word' id='word_1_70' title='bbox 277 494 426 529; x_wconf 70' lang='grc' dir='ltr'><strong>σημείωσιν</strong></span> <span class='ocrx_word' id='word_1_71' title='bbox 457 495 579 528; x_wconf 80' lang='grc' dir='ltr'><strong>δέξεται,</strong></span> <span class='ocrx_word' id='word_1_72' title='bbox 605 496 635 522; x_wconf 76' lang='grc' dir='ltr'>τὸ</span> <span class='ocrx_word' id='word_1_73' title='bbox 667 496 695 523; x_wconf 77' lang='grc' dir='ltr'>δὲ</span> <span class='ocrx_word' id='word_1_74' title='bbox 723 496 872 523; x_wconf 72' lang='grc' dir='ltr'>ἀσύστατον</span> 
     </span>
    </p>
   </div>
   <div class='ocr_carea' id='block_1_13' title="bbox 77 538 873 577">
    <p class='ocr_par' dir='ltr' id='par_1_13' title="bbox 77 538 873 577">
     <span class='ocr_line' id='line_1_13' title="bbox 77 538 873 577; baseline 0.008 -14"><span class='ocrx_word' id='word_1_75' title='bbox 77 538 225 573; x_wconf 74' lang='grc' dir='ltr'>ἀμοιρήσει</span> <span class='ocrx_word' id='word_1_76' title='bbox 236 540 285 574; x_wconf 80' lang='grc' dir='ltr'><strong>τῆς</strong></span> <span class='ocrx_word' id='word_1_77' title='bbox 297 540 325 566; x_wconf 78' lang='grc' dir='ltr'><strong>ὲν</strong></span> <span class='ocrx_word' id='word_1_78' title='bbox 339 541 393 572; x_wconf 81' lang='grc' dir='ltr'>τοῖς</span> <span class='ocrx_word' id='word_1_79' title='bbox 405 541 552 576; x_wconf 85' lang='grc' dir='ltr'>γράμμασι</span> <span class='ocrx_word' id='word_1_80' title='bbox 565 542 750 577; x_wconf 83' lang='grc' dir='ltr'>σημειώσεως.</span> <span class='ocrx_word' id='word_1_81' title='bbox 765 542 873 574; x_wconf 81' lang='grc' dir='ltr'><strong>Ἔξεστι</strong></span> 
     </span>
    </p>
   </div>
   <div class='ocr_carea' id='block_1_14' title="bbox 78 583 873 624">
    <p class='ocr_par' dir='ltr' id='par_1_14' title="bbox 78 583 873 624">
     <span class='ocr_line' id='line_1_14' title="bbox 78 583 873 624; baseline 0.009 -16"><span class='ocrx_word' id='word_1_82' title='bbox 78 583 133 618; x_wconf 73' lang='grc' dir='ltr'><strong>γὰρ</strong></span> <span class='ocrx_word' id='word_1_83' title='bbox 150 584 204 610; x_wconf 78' lang='grc' dir='ltr'><strong>πᾶν</strong></span> <span class='ocrx_word' id='word_1_84' title='bbox 229 585 242 610; x_wconf 85' lang='grc' dir='ltr'>ὃ</span> <span class='ocrx_word' id='word_1_85' title='bbox 256 585 281 610; x_wconf 83' lang='grc' dir='ltr'>τί</span> <span class='ocrx_word' id='word_1_86' title='bbox 296 593 348 621; x_wconf 85' lang='grc' dir='ltr'><strong>περ</strong></span> <span class='ocrx_word' id='word_1_87' title='bbox 370 585 402 612; x_wconf 80' lang='grc' dir='ltr'>ἂν</span> <span class='ocrx_word' id='word_1_88' title='bbox 423 587 469 613; x_wconf 76' lang='grc' dir='ltr'><strong>ἐπὶ</strong></span> <span class='ocrx_word' id='word_1_89' title='bbox 482 587 542 613; x_wconf 78' lang='grc' dir='ltr'>νοῦν</span> <span class='ocrx_word' id='word_1_90' title='bbox 564 587 637 624; x_wconf 77' lang='grc' dir='ltr'>ἔλθῃ,</span> <span class='ocrx_word' id='word_1_91' title='bbox 661 589 711 614; x_wconf 70' lang='grc' dir='ltr'><strong>κᾶν</strong></span> <span class='ocrx_word' id='word_1_92' title='bbox 728 589 873 623; x_wconf 76' lang='grc' dir='ltr'><strong>ὑφίσταται</strong></span> 
     </span>
    </p>
   </div>
   <div class='ocr_carea' id='block_1_15' title="bbox 78 628 872 667">
    <p class='ocr_par' dir='ltr' id='par_1_15' title="bbox 78 628 872 667">
     <span class='ocr_line' id='line_1_15' title="bbox 78 628 872 667; baseline 0.009 -14"><span class='ocrx_word' id='word_1_93' title='bbox 78 628 149 654; x_wconf 79' lang='grc' dir='ltr'><strong>κατὰ</strong></span> <span class='ocrx_word' id='word_1_94' title='bbox 165 628 214 663; x_wconf 81' lang='grc' dir='ltr'><strong>τὴν</strong></span> <span class='ocrx_word' id='word_1_95' title='bbox 236 629 353 662; x_wconf 83' lang='grc' dir='ltr'>σύνεσιν,</span> <span class='ocrx_word' id='word_1_96' title='bbox 369 630 419 657; x_wconf 81' lang='grc' dir='ltr'>κᾶν</span> <span class='ocrx_word' id='word_1_97' title='bbox 430 631 467 662; x_wconf 81' lang='grc' dir='ltr'>ὡς</span> <span class='ocrx_word' id='word_1_98' title='bbox 483 631 581 667; x_wconf 78' lang='grc' dir='ltr'><strong>ἑτέρως</strong></span> <span class='ocrx_word' id='word_1_99' title='bbox 595 632 660 667; x_wconf 77' lang='grc' dir='ltr'>ἔχει,</span> <span class='ocrx_word' id='word_1_100' title='bbox 676 634 735 659; x_wconf 79' lang='grc' dir='ltr'>κατ’</span> <span class='ocrx_word' id='word_1_101' title='bbox 749 634 872 665; x_wconf 77' lang='grc' dir='ltr'><strong>ἐξουσίαν</strong></span> 
     </span>
    </p>
   </div>
   <div class='ocr_carea' id='block_1_16' title="bbox 78 673 871 715">
    <p class='ocr_par' dir='ltr' id='par_1_16' title="bbox 78 673 871 715">
     <span class='ocr_line' id='line_1_16' title="bbox 78 673 871 715; baseline 0.009 -16"><span class='ocrx_word' id='word_1_102' title='bbox 78 673 259 701; x_wconf 76' lang='grc' dir='ltr'><strong>ὲναποθέσθαι</strong></span> <span class='ocrx_word' id='word_1_103' title='bbox 273 675 311 710; x_wconf 80' lang='grc' dir='ltr'><strong>τῷ</strong></span> <span class='ocrx_word' id='word_1_104' title='bbox 331 677 485 712; x_wconf 84' lang='grc' dir='ltr'>γράμματι.</span> <span class='ocrx_word' id='word_1_105' title='bbox 504 678 592 704; x_wconf 73' lang='grc' dir='ltr'>Ταὺτὸ</span> <span class='ocrx_word' id='word_1_106' title='bbox 613 678 641 705; x_wconf 76' lang='grc' dir='ltr'>δὲ</span> <span class='ocrx_word' id='word_1_107' title='bbox 658 680 697 710; x_wconf 82' lang='grc' dir='ltr'>εἰς</span> <span class='ocrx_word' id='word_1_108' title='bbox 718 679 871 715; x_wconf 77' lang='grc' dir='ltr'>φανέρωσιν</span> 
     </span>
    </p>
   </div>
   <div class='ocr_carea' id='block_1_17' title="bbox 77 719 871 762">
    <p class='ocr_par' dir='ltr' id='par_1_17' title="bbox 77 719 871 762">
     <span class='ocr_line' id='line_1_17' title="bbox 77 719 871 762; baseline 0.01 -17"><span class='ocrx_word' id='word_1_109' title='bbox 77 719 198 751; x_wconf 82' lang='grc' dir='ltr'>διανοίας</span> <span class='ocrx_word' id='word_1_110' title='bbox 213 722 227 747; x_wconf 85' lang='grc' dir='ltr'><strong>ό</strong></span> <span class='ocrx_word' id='word_1_111' title='bbox 241 721 357 756; x_wconf 77' lang='grc' dir='ltr'><strong>φθόγγος</strong></span> <span class='ocrx_word' id='word_1_112' title='bbox 378 724 434 749; x_wconf 78' lang='grc' dir='ltr'><strong>ἐστὶ</strong></span> <span class='ocrx_word' id='word_1_113' title='bbox 463 723 502 759; x_wconf 84' lang='grc' dir='ltr'>τῷ</span> <span class='ocrx_word' id='word_1_114' title='bbox 524 724 683 759; x_wconf 82' lang='grc' dir='ltr'><strong>γράμματι·</strong></span> <span class='ocrx_word' id='word_1_115' title='bbox 701 726 797 760; x_wconf 62' lang='lat' dir='ltr'><strong>Enim;</strong></span> <span class='ocrx_word' id='word_1_116' title='bbox 817 727 871 762; x_wconf 80' lang='grc' dir='ltr'>γὰρ</span> 
     </span>
    </p>
   </div>
   <div class='ocr_carea' id='block_1_18' title="bbox 77 763 870 806">
    <p class='ocr_par' dir='ltr' id='par_1_18' title="bbox 77 763 870 806">
     <span class='ocr_line' id='line_1_18' title="bbox 77 763 870 806; baseline 0.013 -17"><span class='ocrx_word' id='word_1_117' title='bbox 77 763 111 790; x_wconf 80' lang='grc' dir='ltr'>δι’</span> <span class='ocrx_word' id='word_1_118' title='bbox 126 764 265 800; x_wconf 78' lang='grc' dir='ltr'><strong>ἑκατέρων</strong></span> <span class='ocrx_word' id='word_1_119' title='bbox 282 766 311 792; x_wconf 77' lang='grc' dir='ltr'>τὸ</span> <span class='ocrx_word' id='word_1_120' title='bbox 327 767 421 803; x_wconf 82' lang='grc' dir='ltr'>νοηθὲν</span> <span class='ocrx_word' id='word_1_121' title='bbox 441 769 648 805; x_wconf 74' lang='grc' dir='ltr'><strong>ἐξαγγέλλομεν.</strong></span> <span class='ocrx_word' id='word_1_122' title='bbox 675 771 745 806; x_wconf 76' lang='grc' dir='ltr'>Πρὸς</span> <span class='ocrx_word' id='word_1_123' title='bbox 768 772 792 798; x_wconf 86' lang='grc' dir='ltr'><strong>τί</strong></span> <span class='ocrx_word' id='word_1_124' title='bbox 816 773 870 799; x_wconf 88' lang='grc' dir='ltr'>τοί-</span> 
     </span>
    </p>
   </div>
   <div class='ocr_carea' id='block_1_19' title="bbox 76 810 867 852">
    <p class='ocr_par' dir='ltr' id='par_1_19' title="bbox 76 810 867 852">
     <span class='ocr_line' id='line_1_19' title="bbox 76 810 867 852; baseline 0.011 -17"><span class='ocrx_word' id='word_1_125' title='bbox 76 817 125 836; x_wconf 85' lang='grc' dir='ltr'><strong>νυν</strong></span> <span class='ocrx_word' id='word_1_126' title='bbox 149 810 223 845; x_wconf 82' lang='grc' dir='ltr'><strong>ὁρῶν</strong></span> <span class='ocrx_word' id='word_1_127' title='bbox 251 812 318 848; x_wconf 84' lang='grc' dir='ltr'>μόνῃ</span> <span class='ocrx_word' id='word_1_128' title='bbox 341 813 491 841; x_wconf 79' lang='grc' dir='ltr'>συνδιαλύει</span> <span class='ocrx_word' id='word_1_129' title='bbox 514 817 546 851; x_wconf 82' lang='grc' dir='ltr'>τῇ</span> <span class='ocrx_word' id='word_1_130' title='bbox 572 818 647 852; x_wconf 75' lang='grc' dir='ltr'>φωνῇ</span> <span class='ocrx_word' id='word_1_131' title='bbox 665 817 713 852; x_wconf 81' lang='grc' dir='ltr'><strong>τὴν</strong></span> <span class='ocrx_word' id='word_1_132' title='bbox 737 817 867 850; x_wconf 79' lang='grc' dir='ltr'>ἐπίνοιαν,</span> 
     </span>
    </p>
   </div>
   <div class='ocr_carea' id='block_1_20' title="bbox 78 856 867 896">
    <p class='ocr_par' dir='ltr' id='par_1_20' title="bbox 78 856 867 896">
     <span class='ocr_line' id='line_1_20' title="bbox 78 856 867 896; baseline 0.013 -15"><span class='ocrx_word' id='word_1_133' title='bbox 78 856 195 883; x_wconf 82' lang='grc' dir='ltr'><strong>συνιδεῖν</strong></span> <span class='ocrx_word' id='word_1_134' title='bbox 212 858 262 884; x_wconf 84' lang='grc' dir='ltr'><strong>οὐκ</strong></span> <span class='ocrx_word' id='word_1_135' title='bbox 284 858 346 893; x_wconf 71' lang='grc' dir='ltr'>ἔχω,</span> <span class='ocrx_word' id='word_1_136' title='bbox 371 860 477 892; x_wconf 78' lang='grc' dir='ltr'><strong>Παντὸς</strong></span> <span class='ocrx_word' id='word_1_137' title='bbox 492 861 546 896; x_wconf 81' lang='grc' dir='ltr'>γὰρ</span> <span class='ocrx_word' id='word_1_138' title='bbox 559 862 646 896; x_wconf 84' lang='grc' dir='ltr'>-λόγου</span> <span class='ocrx_word' id='word_1_139' title='bbox 668 863 714 889; x_wconf 83' lang='grc' dir='ltr'><strong>τοῦ</strong></span> <span class='ocrx_word' id='word_1_140' title='bbox 737 864 781 891; x_wconf 83' lang='grc' dir='ltr'>διὰ</span> <span class='ocrx_word' id='word_1_141' title='bbox 797 873 867 896; x_wconf 81' lang='grc' dir='ltr'>τινος</span> 
     </span>
    </p>
   </div>
   <div class='ocr_carea' id='block_1_21' title="bbox 77 901 867 944">
    <p class='ocr_par' dir='ltr' id='par_1_21' title="bbox 77 901 867 944">
     <span class='ocr_line' id='line_1_21' title="bbox 77 901 867 944; baseline 0.013 -18"><span class='ocrx_word' id='word_1_142' title='bbox 77 901 142 936; x_wconf 67' lang='grc' dir='ltr'><strong>ἤχου</strong></span> <span class='ocrx_word' id='word_1_143' title='bbox 157 903 372 938; x_wconf 75' lang='grc' dir='ltr'><strong>προφερομένου,</strong></span> <span class='ocrx_word' id='word_1_144' title='bbox 389 905 436 931; x_wconf 85' lang='grc' dir='ltr'>τοῦ</span> <span class='ocrx_word' id='word_1_145' title='bbox 454 906 503 940; x_wconf 77' lang='grc' dir='ltr'>μὲν</span> <span class='ocrx_word' id='word_1_146' title='bbox 518 907 672 942; x_wconf 84' lang='grc' dir='ltr'>πνεύματος</span> <span class='ocrx_word' id='word_1_147' title='bbox 689 908 735 935; x_wconf 77' lang='grc' dir='ltr'><strong>τοῦ</strong></span> <span class='ocrx_word' id='word_1_148' title='bbox 748 909 797 944; x_wconf 82' lang='grc' dir='ltr'><strong>τὴν</strong></span> <span class='ocrx_word' id='word_1_149' title='bbox 810 918 867 943; x_wconf 85' lang='grc' dir='ltr'><strong>φω-</strong></span> 
     </span>
    </p>
   </div>
   <div class='ocr_carea' id='block_1_22' title="bbox 76 946 867 990">
    <p class='ocr_par' dir='ltr' id='par_1_22' title="bbox 76 946 867 990">
     <span class='ocr_line' id='line_1_22' title="bbox 76 946 867 990; baseline 0.013 -18"><span class='ocrx_word' id='word_1_150' title='bbox 76 946 125 982; x_wconf 69' lang='grc' dir='ltr'><strong>νὴν</strong></span> <span class='ocrx_word' id='word_1_151' title='bbox 144 947 413 984; x_wconf 80' lang='grc' dir='ltr'><strong>διαπορθμεύσαντος</strong></span> <span class='ocrx_word' id='word_1_152' title='bbox 434 952 502 986; x_wconf 78' lang='grc' dir='ltr'>πρὸς</span> <span class='ocrx_word' id='word_1_153' title='bbox 527 952 557 978; x_wconf 85' lang='grc' dir='ltr'>τὸ</span> <span class='ocrx_word' id='word_1_154' title='bbox 580 954 719 987; x_wconf 83' lang='grc' dir='ltr'>συγγενὲς,</span> <span class='ocrx_word' id='word_1_155' title='bbox 742 955 758 990; x_wconf 87' lang='grc' dir='ltr'><strong>ἡ</strong></span> <span class='ocrx_word' id='word_1_156' title='bbox 782 963 867 990; x_wconf 83' lang='grc' dir='ltr'>μετα-</span> 
     </span>
    </p>
   </div>
   <div class='ocr_carea' id='block_1_23' title="bbox 75 993 868 1035">
    <p class='ocr_par' dir='ltr' id='par_1_23' title="bbox 75 993 868 1035">
     <span class='ocr_line' id='line_1_23' title="bbox 75 993 868 1035; baseline 0.013 -18"><span class='ocrx_word' id='word_1_157' title='bbox 75 993 199 1027; x_wconf 74' lang='grc' dir='ltr'>χώρησις</span> <span class='ocrx_word' id='word_1_158' title='bbox 213 994 333 1027; x_wconf 83' lang='grc' dir='ltr'>γίνεται·</span> <span class='ocrx_word' id='word_1_159' title='bbox 359 996 373 1022; x_wconf 84' lang='grc' dir='ltr'><strong><em>ὁ</em></strong></span> <span class='ocrx_word' id='word_1_160' title='bbox 395 995 423 1022; x_wconf 84' lang='grc' dir='ltr'>δὲ</span> <span class='ocrx_word' id='word_1_161' title='bbox 447 996 500 1023; x_wconf 77' lang='grc' dir='ltr'><strong>τῶν</strong></span> <span class='ocrx_word' id='word_1_162' title='bbox 524 997 660 1032; x_wconf 78' lang='grc' dir='ltr'><strong>ῥηθέντων</strong></span> <span class='ocrx_word' id='word_1_163' title='bbox 680 998 741 1030; x_wconf 84' lang='grc' dir='ltr'>νοῦς</span> <span class='ocrx_word' id='word_1_164' title='bbox 759 1000 802 1026; x_wconf 77' lang='grc' dir='ltr'>διὰ</span> <span class='ocrx_word' id='word_1_165' title='bbox 819 1001 868 1035; x_wconf 81' lang='grc' dir='ltr'><strong>τῆς</strong></span> 
     </span>
    </p>
   </div>
   <div class='ocr_carea' id='block_1_24' title="bbox 74 1037 867 1081">
    <p class='ocr_par' dir='ltr' id='par_1_24' title="bbox 74 1037 867 1081">
     <span class='ocr_line' id='line_1_24' title="bbox 74 1037 867 1081; baseline 0.013 -18"><span class='ocrx_word' id='word_1_166' title='bbox 74 1037 161 1072; x_wconf 79' lang='grc' dir='ltr'>ἀκοῆς</span> <span class='ocrx_word' id='word_1_167' title='bbox 176 1038 215 1074; x_wconf 82' lang='grc' dir='ltr'>τῷ</span> <span class='ocrx_word' id='word_1_168' title='bbox 233 1041 392 1076; x_wconf 83' lang='grc' dir='ltr'>μνημονικῷ</span> <span class='ocrx_word' id='word_1_169' title='bbox 407 1043 456 1077; x_wconf 86' lang='grc' dir='ltr'><strong>τῆς</strong></span> <span class='ocrx_word' id='word_1_170' title='bbox 471 1042 517 1068; x_wconf 85' lang='grc' dir='ltr'>τοῦ</span> <span class='ocrx_word' id='word_1_171' title='bbox 532 1043 675 1076; x_wconf 82' lang='grc' dir='ltr'>ἀκούοντος</span> <span class='ocrx_word' id='word_1_172' title='bbox 684 1044 771 1080; x_wconf 78' lang='grc' dir='ltr'>ψυχῆς</span> <span class='ocrx_word' id='word_1_173' title='bbox 785 1047 867 1081; x_wconf 81' lang='grc' dir='ltr'>ἐγχα-</span> 
     </span>
    </p>
   </div>
   <div class='ocr_carea' id='block_1_25' title="bbox 74 1082 864 1126">
    <p class='ocr_par' dir='ltr' id='par_1_25' title="bbox 74 1082 864 1126">
     <span class='ocr_line' id='line_1_25' title="bbox 74 1082 864 1126; baseline 0.01 -16"><span class='ocrx_word' id='word_1_174' title='bbox 74 1082 219 1117; x_wconf 59' lang='lat' dir='ltr'><strong>ptius-tat,</strong></span> <span class='ocrx_word' id='word_1_175' title='bbox 244 1085 299 1113; x_wconf 82' lang='grc' dir='ltr'>εἴτε</span> <span class='ocrx_word' id='word_1_176' title='bbox 333 1086 434 1122; x_wconf 82' lang='grc' dir='ltr'>ἀληθὴς</span> <span class='ocrx_word' id='word_1_177' title='bbox 467 1088 521 1113; x_wconf 81' lang='grc' dir='ltr'>εἴτε</span> <span class='ocrx_word' id='word_1_178' title='bbox 549 1088 744 1124; x_wconf 82' lang='grc' dir='ltr'>διεσφαλμένος</span> <span class='ocrx_word' id='word_1_179' title='bbox 779 1091 864 1126; x_wconf 84' lang='grc' dir='ltr'><strong>τύχοι.</strong></span> 
     </span>
    </p>
   </div>
   <div class='ocr_carea' id='block_1_26' title="bbox 73 1127 867 1171">
    <p class='ocr_par' dir='ltr' id='par_1_26' title="bbox 73 1127 867 1171">
     <span class='ocr_line' id='line_1_26' title="bbox 73 1127 867 1171; baseline 0.011 -18"><span class='ocrx_word' id='word_1_180' title='bbox 73 1127 182 1154; x_wconf 73' lang='grc' dir='ltr'><strong>Οὺκοῦν</strong></span> <span class='ocrx_word' id='word_1_181' title='bbox 196 1128 303 1164; x_wconf 77' lang='grc' dir='ltr'>ψυχρὰν</span> <span class='ocrx_word' id='word_1_182' title='bbox 324 1130 373 1165; x_wconf 77' lang='grc' dir='ltr'>τῆς</span> <span class='ocrx_word' id='word_1_183' title='bbox 389 1131 510 1163; x_wconf 76' lang='grc' dir='ltr'><strong>ἐπινοίας</strong></span> <span class='ocrx_word' id='word_1_184' title='bbox 522 1132 536 1158; x_wconf 86' lang='grc' dir='ltr'>ὁ</span> <span class='ocrx_word' id='word_1_185' title='bbox 551 1131 718 1169; x_wconf 77' lang='grc' dir='ltr'><strong>λογογράφος</strong></span> <span class='ocrx_word' id='word_1_186' title='bbox 738 1135 801 1170; x_wconf 85' lang='grc' dir='ltr'>ἡμῖν</span> <span class='ocrx_word' id='word_1_187' title='bbox 819 1135 867 1171; x_wconf 82' lang='grc' dir='ltr'><strong>τὴν</strong></span> 
     </span>
    </p>
   </div>
   <div class='ocr_carea' id='block_1_27' title="bbox 72 1171 866 1213">
    <p class='ocr_par' dir='ltr' id='par_1_27' title="bbox 72 1171 866 1213">
     <span class='ocr_line' id='line_1_27' title="bbox 72 1171 866 1213; baseline 0.01 -16"><span class='ocrx_word' id='word_1_188' title='bbox 72 1171 224 1206; x_wconf 72' lang='grc' dir='ltr'><strong>ἑρμηνείαν</strong></span> <span class='ocrx_word' id='word_1_189' title='bbox 237 1172 336 1208; x_wconf 86' lang='grc' dir='ltr'>ταύτην</span> <span class='ocrx_word' id='word_1_190' title='bbox 352 1175 534 1210; x_wconf 80' lang='grc' dir='ltr'>προτείνεται,</span> <span class='ocrx_word' id='word_1_191' title='bbox 551 1177 584 1211; x_wconf 79' lang='grc' dir='ltr'><strong>τῇ</strong></span> <span class='ocrx_word' id='word_1_192' title='bbox 606 1176 726 1203; x_wconf 77' lang='grc' dir='ltr'><strong>διαλύσει</strong></span> <span class='ocrx_word' id='word_1_193' title='bbox 740 1178 790 1212; x_wconf 81' lang='grc' dir='ltr'><strong>τῆς</strong></span> <span class='ocrx_word' id='word_1_194' title='bbox 810 1187 866 1213; x_wconf 76' lang='grc' dir='ltr'><strong>φω-</strong></span> 
     </span>
    </p>
   </div>
   <div class='ocr_carea' id='block_1_28' title="bbox 74 1217 866 1259">
    <p class='ocr_par' dir='ltr' id='par_1_28' title="bbox 74 1217 866 1259">
     <span class='ocr_line' id='line_1_28' title="bbox 74 1217 866 1259; baseline 0.01 -16"><span class='ocrx_word' id='word_1_195' title='bbox 74 1217 125 1250; x_wconf 77' lang='grc' dir='ltr'>νῆς</span> <span class='ocrx_word' id='word_1_196' title='bbox 139 1219 349 1254; x_wconf 77' lang='grc' dir='ltr'><strong>χαρακτηρίζων</strong></span> <span class='ocrx_word' id='word_1_197' title='bbox 365 1221 412 1247; x_wconf 76' lang='grc' dir='ltr'><strong>καὶ</strong></span> <span class='ocrx_word' id='word_1_198' title='bbox 427 1221 594 1256; x_wconf 78' lang='grc' dir='ltr'>ὁριζόμενος.</span> <span class='ocrx_word' id='word_1_199' title='bbox 613 1223 668 1249; x_wconf 67' lang='grc' dir='ltr'><strong>Καὶ</strong></span> <span class='ocrx_word' id='word_1_200' title='bbox 680 1223 774 1250; x_wconf 77' lang='grc' dir='ltr'>τούτου</span> <span class='ocrx_word' id='word_1_201' title='bbox 788 1224 866 1259; x_wconf 87' lang='grc' dir='ltr'>χάριν</span> 
     </span>
    </p>
   </div>
   <div class='ocr_carea' id='block_1_29' title="bbox 72 1264 865 1304">
    <p class='ocr_par' dir='ltr' id='par_1_29' title="bbox 72 1264 865 1304">
     <span class='ocr_line' id='line_1_29' title="bbox 72 1264 865 1304; baseline 0.009 -14"><span class='ocrx_word' id='word_1_202' title='bbox 72 1264 87 1290; x_wconf 83' lang='grc' dir='ltr'>ὁ</span> <span class='ocrx_word' id='word_1_203' title='bbox 111 1264 222 1295; x_wconf 80' lang='grc' dir='ltr'>συνετὸς</span> <span class='ocrx_word' id='word_1_204' title='bbox 243 1265 380 1301; x_wconf 65' lang='grc' dir='ltr'><strong>ἀκροατὴς</strong></span> <span class='ocrx_word' id='word_1_205' title='bbox 400 1267 513 1299; x_wconf 78' lang='grc' dir='ltr'>ἐκεῖνος,</span> <span class='ocrx_word' id='word_1_206' title='bbox 537 1268 626 1300; x_wconf 86' lang='grc' dir='ltr'>καθώς</span> <span class='ocrx_word' id='word_1_207' title='bbox 641 1277 722 1304; x_wconf 82' lang='grc' dir='ltr'>φησιν</span> <span class='ocrx_word' id='word_1_208' title='bbox 742 1269 865 1303; x_wconf 79' lang='grc' dir='ltr'>Ἡσαΐας,</span> 
     </span>
    </p>
   </div>
   <div class='ocr_carea' id='block_1_30' title="bbox 73 1309 866 1350">
    <p class='ocr_par' dir='ltr' id='par_1_30' title="bbox 73 1309 866 1350">
     <span class='ocr_line' id='line_1_30' title="bbox 73 1309 866 1350; baseline 0.011 -16"><span class='ocrx_word' id='word_1_209' title='bbox 73 1309 288 1344; x_wconf 74' lang='grc' dir='ltr'><strong>παραγράφεται</strong></span> <span class='ocrx_word' id='word_1_210' title='bbox 313 1311 362 1346; x_wconf 82' lang='grc' dir='ltr'><strong>μὲν</strong></span> <span class='ocrx_word' id='word_1_211' title='bbox 385 1311 432 1347; x_wconf 78' lang='grc' dir='ltr'><strong>τὴν</strong></span> <span class='ocrx_word' id='word_1_212' title='bbox 457 1313 612 1349; x_wconf 77' lang='grc' dir='ltr'><strong>ἀδιανόητον</strong></span> <span class='ocrx_word' id='word_1_213' title='bbox 626 1315 727 1350; x_wconf 80' lang='grc' dir='ltr'>ταύτην</span> <span class='ocrx_word' id='word_1_214' title='bbox 746 1315 796 1350; x_wconf 85' lang='grc' dir='ltr'><strong>τῆς</strong></span> <span class='ocrx_word' id='word_1_215' title='bbox 807 1316 866 1343; x_wconf 77' lang='grc' dir='ltr'><strong>ἑπι-</strong></span> 
     </span>
    </p>
   </div>
   <div class='ocr_carea' id='block_1_31' title="bbox 72 1353 866 1396">
    <p class='ocr_par' dir='ltr' id='par_1_31' title="bbox 72 1353 866 1396">
     <span class='ocr_line' id='line_1_31' title="bbox 72 1353 866 1396; baseline 0.013 -17"><span class='ocrx_word' id='word_1_216' title='bbox 72 1353 161 1386; x_wconf 77' lang='grc' dir='ltr'><strong>νοιας</strong></span> <span class='ocrx_word' id='word_1_217' title='bbox 184 1354 366 1389; x_wconf 77' lang='grc' dir='ltr'>φυσιολογίαν,</span> <span class='ocrx_word' id='word_1_218' title='bbox 391 1357 475 1390; x_wconf 74' lang='grc' dir='ltr'>ὅντως</span> <span class='ocrx_word' id='word_1_219' title='bbox 496 1358 621 1394; x_wconf 82' lang='grc' dir='ltr'>διαλυτὴν</span> <span class='ocrx_word' id='word_1_220' title='bbox 645 1360 729 1396; x_wconf 82' lang='grc' dir='ltr'><strong>αὐτὴν</strong></span> <span class='ocrx_word' id='word_1_221' title='bbox 753 1361 800 1387; x_wconf 75' lang='grc' dir='ltr'><strong>καὶ</strong></span> <span class='ocrx_word' id='word_1_222' title='bbox 823 1362 866 1389; x_wconf 82' lang='grc' dir='ltr'><strong>ἀν-</strong></span> 
     </span>
    </p>
   </div>
   <div class='ocr_carea' id='block_1_32' title="bbox 73 1399 866 1442">
    <p class='ocr_par' dir='ltr' id='par_1_32' title="bbox 73 1399 866 1442">
     <span class='ocr_line' id='line_1_32' title="bbox 73 1399 866 1442; baseline 0.013 -18"><span class='ocrx_word' id='word_1_223' title='bbox 73 1399 228 1426; x_wconf 74' lang='grc' dir='ltr'>υπόστατον</span> <span class='ocrx_word' id='word_1_224' title='bbox 244 1401 387 1434; x_wconf 76' lang='grc' dir='ltr'>ἀποδείξας</span> <span class='ocrx_word' id='word_1_225' title='bbox 408 1403 477 1431; x_wconf 82' lang='grc' dir='ltr'><strong>κατὰ</strong></span> <span class='ocrx_word' id='word_1_226' title='bbox 489 1404 535 1431; x_wconf 81' lang='grc' dir='ltr'><strong>τὸν</strong></span> <span class='ocrx_word' id='word_1_227' title='bbox 555 1404 650 1432; x_wconf 79' lang='grc' dir='ltr'>τούτου</span> <span class='ocrx_word' id='word_1_228' title='bbox 667 1405 752 1440; x_wconf 78' lang='grc' dir='ltr'>λόγον.</span> <span class='ocrx_word' id='word_1_229' title='bbox 769 1407 866 1442; x_wconf 88' lang='grc' dir='ltr'>Τεχνο-</span> 
     </span>
    </p>
   </div>
   <div class='ocr_carea' id='block_1_33' title="bbox 72 1444 865 1487">
    <p class='ocr_par' dir='ltr' id='par_1_33' title="bbox 72 1444 865 1487">
     <span class='ocr_line' id='line_1_33' title="bbox 72 1444 865 1487; baseline 0.011 -17"><span class='ocrx_word' id='word_1_230' title='bbox 72 1444 149 1478; x_wconf 84' lang='grc' dir='ltr'>λογεῐ</span> <span class='ocrx_word' id='word_1_231' title='bbox 161 1445 189 1472; x_wconf 82' lang='grc' dir='ltr'>δὲ</span> <span class='ocrx_word' id='word_1_232' title='bbox 207 1447 330 1482; x_wconf 77' lang='grc' dir='ltr'>περὶτῆς</span> <span class='ocrx_word' id='word_1_233' title='bbox 356 1448 517 1485; x_wconf 77' lang='grc' dir='ltr'><strong>ἐγκειμένης</strong></span> <span class='ocrx_word' id='word_1_234' title='bbox 531 1452 563 1486; x_wconf 84' lang='grc' dir='ltr'><strong>τῇ</strong></span> <span class='ocrx_word' id='word_1_235' title='bbox 582 1451 652 1483; x_wconf 81' lang='grc' dir='ltr'>λέξει</span> <span class='ocrx_word' id='word_1_236' title='bbox 666 1451 805 1487; x_wconf 83' lang='grc' dir='ltr'>δυνάμεως</span> <span class='ocrx_word' id='word_1_237' title='bbox 822 1453 865 1480; x_wconf 75' lang='grc' dir='ltr'>διὰ</span> 
     </span>
    </p>
   </div>
   <div class='ocr_carea' id='block_1_34' title="bbox 72 1490 864 1532">
    <p class='ocr_par' dir='ltr' id='par_1_34' title="bbox 72 1490 864 1532">
     <span class='ocr_line' id='line_1_34' title="bbox 72 1490 864 1532; baseline 0.009 -15"><span class='ocrx_word' id='word_1_238' title='bbox 72 1490 128 1518; x_wconf 76' lang='grc' dir='ltr'><strong>τῶν</strong></span> <span class='ocrx_word' id='word_1_239' title='bbox 143 1492 290 1527; x_wconf 82' lang='grc' dir='ltr'>γνωρίμων</span> <span class='ocrx_word' id='word_1_240' title='bbox 317 1493 534 1529; x_wconf 83' lang='grc' dir='ltr'><strong>ὑποδειγμάτων,</strong></span> <span class='ocrx_word' id='word_1_241' title='bbox 553 1497 584 1531; x_wconf 86' lang='grc' dir='ltr'><strong>τῇ</strong></span> <span class='ocrx_word' id='word_1_242' title='bbox 604 1497 667 1532; x_wconf 82' lang='grc' dir='ltr'>περὶ</span> <span class='ocrx_word' id='word_1_243' title='bbox 683 1497 737 1523; x_wconf 86' lang='grc' dir='ltr'>τῶν</span> <span class='ocrx_word' id='word_1_244' title='bbox 761 1498 864 1532; x_wconf 71' lang='grc' dir='ltr'>δογμάο</span> 
     </span>
    </p>
   </div>
   <div class='ocr_carea' id='block_1_35' title="bbox 925 223 1710 262">
    <p class='ocr_par' dir='ltr' id='par_1_35' title="bbox 925 223 1710 262">
     <span class='ocr_line' id='line_1_35' title="bbox 925 223 1710 262; baseline 0.006 -13"><span class='ocrx_word' id='word_1_245' title='bbox 925 223 1031 258; x_wconf 82' lang='grc' dir='ltr'>νησίαν,</span> <span class='ocrx_word' id='word_1_246' title='bbox 1046 232 1127 258; x_wconf 85' lang='lat' dir='ltr'><strong>quam</strong></span> <span class='ocrx_word' id='word_1_247' title='bbox 1140 232 1172 252; x_wconf 82' lang='lat' dir='ltr'><strong>ex</strong></span> <span class='ocrx_word' id='word_1_248' title='bbox 1185 226 1415 254; x_wconf 73' lang='lat' dir='ltr'><strong>commentatione</strong></span> <span class='ocrx_word' id='word_1_249' title='bbox 1428 226 1519 262; x_wconf 91' lang='lat' dir='ltr'><strong>eripit,</strong></span> <span class='ocrx_word' id='word_1_250' title='bbox 1535 226 1710 254; x_wconf 47' lang='lat' dir='ltr'><strong>indissolubi‘</strong></span> 
     </span>
    </p>
   </div>
   <div class='ocr_carea' id='block_1_36' title="bbox 924 270 1711 308">
    <p class='ocr_par' dir='ltr' id='par_1_36' title="bbox 924 270 1711 308">
     <span class='ocr_line' id='line_1_36' title="bbox 924 270 1711 308; baseline 0.004 -11"><span class='ocrx_word' id='word_1_251' title='bbox 924 270 975 297; x_wconf 85' lang='lat' dir='ltr'><strong>lem</strong></span> <span class='ocrx_word' id='word_1_252' title='bbox 986 271 1100 297; x_wconf 81' lang='lat' dir='ltr'><strong>ettixam</strong></span> <span class='ocrx_word' id='word_1_253' title='bbox 1116 275 1177 306; x_wconf 89' lang='lat' dir='ltr'><strong>post</strong></span> <span class='ocrx_word' id='word_1_254' title='bbox 1190 272 1324 306; x_wconf 86' lang='lat' dir='ltr'><strong>prolatum</strong></span> <span class='ocrx_word' id='word_1_255' title='bbox 1339 280 1492 300; x_wconf 83' lang='lat' dir='ltr'><strong>sermonem</strong></span> <span class='ocrx_word' id='word_1_256' title='bbox 1509 274 1652 301; x_wconf 76' lang='lat' dir='ltr'><strong>ostendere</strong></span> <span class='ocrx_word' id='word_1_257' title='bbox 1663 281 1711 308; x_wconf 87' lang='lat' dir='ltr'><strong>po-</strong></span> 
     </span>
    </p>
   </div>
   <div class='ocr_carea' id='block_1_37' title="bbox 924 315 1710 354">
    <p class='ocr_par' dir='ltr' id='par_1_37' title="bbox 924 315 1710 354">
     <span class='ocr_line' id='line_1_37' title="bbox 924 315 1710 354; baseline 0.005 -12"><span class='ocrx_word' id='word_1_258' title='bbox 924 315 997 348; x_wconf 92' lang='lat' dir='ltr'><strong>terit,</strong></span> <span class='ocrx_word' id='word_1_259' title='bbox 1010 323 1072 342; x_wconf 90' lang='lat' dir='ltr'><strong>cum</strong></span> <span class='ocrx_word' id='word_1_260' title='bbox 1095 324 1142 350; x_wconf 89' lang='lat' dir='ltr'><strong>per</strong></span> <span class='ocrx_word' id='word_1_261' title='bbox 1155 324 1254 344; x_wconf 81' lang='lat' dir='ltr'><strong>sonum</strong></span> <span class='ocrx_word' id='word_1_262' title='bbox 1270 318 1353 345; x_wconf 88' lang='lat' dir='ltr'><strong>dictio</strong></span> <span class='ocrx_word' id='word_1_263' title='bbox 1369 327 1400 346; x_wconf 76' lang='lat' dir='ltr'><strong>ex</strong></span> <span class='ocrx_word' id='word_1_264' title='bbox 1414 327 1460 346; x_wconf 87' lang='lat' dir='ltr'><strong>ore</strong></span> <span class='ocrx_word' id='word_1_265' title='bbox 1476 320 1579 354; x_wconf 85' lang='lat' dir='ltr'><strong>prolata</strong></span> <span class='ocrx_word' id='word_1_266' title='bbox 1594 319 1619 346; x_wconf 90' lang='lat' dir='ltr'><strong>in</strong></span> <span class='ocrx_word' id='word_1_267' title='bbox 1647 327 1710 347; x_wconf 86' lang='lat' dir='ltr'><strong>aere</strong></span> 
     </span>
    </p>
   </div>
   <div class='ocr_carea' id='block_1_38' title="bbox 924 362 1710 400">
    <p class='ocr_par' dir='ltr' id='par_1_38' title="bbox 924 362 1710 400">
     <span class='ocr_line' id='line_1_38' title="bbox 924 362 1710 400; baseline 0.006 -13"><span class='ocrx_word' id='word_1_268' title='bbox 924 369 979 388; x_wconf 93' lang='lat' dir='ltr'><strong>non</strong></span> <span class='ocrx_word' id='word_1_269' title='bbox 994 366 1162 395; x_wconf 89' lang='lat' dir='ltr'><strong>permaneat.</strong></span> <span class='ocrx_word' id='word_1_270' title='bbox 1176 362 1208 389; x_wconf 87' lang='lat' dir='ltr'><strong>Et</strong></span> <span class='ocrx_word' id='word_1_271' title='bbox 1223 363 1264 390; x_wconf 90' lang='lat' dir='ltr'><strong>sic</strong></span> <span class='ocrx_word' id='word_1_272' title='bbox 1281 363 1417 392; x_wconf 86' lang='lat' dir='ltr'><strong>dictorum</strong></span> <span class='ocrx_word' id='word_1_273' title='bbox 1436 366 1496 400; x_wconf 82' lang='lat' dir='ltr'><strong>ejus</strong></span> <span class='ocrx_word' id='word_1_274' title='bbox 1512 367 1666 393; x_wconf 80' lang='lat' dir='ltr'><strong>l‘utilitatcm</strong></span> <span class='ocrx_word' id='word_1_275' title='bbox 1683 371 1710 392; x_wconf 86' lang='lat' dir='ltr'><strong>et</strong></span> 
     </span>
    </p>
   </div>
   <div class='ocr_carea' id='block_1_39' title="bbox 924 404 1710 444">
    <p class='ocr_par' dir='ltr' id='par_1_39' title="bbox 924 404 1710 444">
     <span class='ocr_line' id='line_1_39' title="bbox 924 404 1710 444; baseline 0.009 -13"><span class='ocrx_word' id='word_1_276' title='bbox 924 404 1133 432; x_wconf 83' lang='lat' dir='ltr'><strong>instabilitatem</strong></span> <span class='ocrx_word' id='word_1_277' title='bbox 1145 407 1208 441; x_wconf 86' lang='lat' dir='ltr'><strong>quis</strong></span> <span class='ocrx_word' id='word_1_278' title='bbox 1229 407 1403 442; x_wconf 88' lang='lat' dir='ltr'><strong>intellexerit,</strong></span> <span class='ocrx_word' id='word_1_279' title='bbox 1415 411 1479 444; x_wconf 82' lang='lat' dir='ltr'><strong>quia</strong></span> <span class='ocrx_word' id='word_1_280' title='bbox 1497 411 1602 438; x_wconf 88' lang='lat' dir='ltr'><strong>etiamsi</strong></span> <span class='ocrx_word' id='word_1_281' title='bbox 1620 416 1710 438; x_wconf 83' lang='lat' dir='ltr'><strong>Iacue-</strong></span> 
     </span>
    </p>
   </div>
   <div class='ocr_carea' id='block_1_40' title="bbox 923 451 1707 488">
    <p class='ocr_par' dir='ltr' id='par_1_40' title="bbox 923 451 1707 488">
     <span class='ocr_line' id='line_1_40' title="bbox 923 451 1707 488; baseline 0.009 -11"><span class='ocrx_word' id='word_1_282' title='bbox 923 451 1020 482; x_wconf 82' lang='lat' dir='ltr'><strong>rimus.</strong></span> <span class='ocrx_word' id='word_1_283' title='bbox 1043 455 1136 479; x_wconf 85' lang='lat' dir='ltr'><strong>tamen</strong></span> <span class='ocrx_word' id='word_1_284' title='bbox 1167 453 1250 480; x_wconf 90' lang='lat' dir='ltr'><strong>animi</strong></span> <span class='ocrx_word' id='word_1_285' title='bbox 1271 454 1398 482; x_wconf 84' lang='lat' dir='ltr'><strong>notiones</strong></span> <span class='ocrx_word' id='word_1_286' title='bbox 1421 455 1519 483; x_wconf 89' lang='lat' dir='ltr'><strong>litteris</strong></span> <span class='ocrx_word' id='word_1_287' title='bbox 1537 458 1707 488; x_wconf 79' lang='lat' dir='ltr'><strong>mandamus,</strong></span> 
     </span>
    </p>
   </div>
   <div class='ocr_carea' id='block_1_41' title="bbox 923 499 1709 537">
    <p class='ocr_par' dir='ltr' id='par_1_41' title="bbox 923 499 1709 537">
     <span class='ocr_line' id='line_1_41' title="bbox 923 499 1709 537; baseline 0.008 -14"><span class='ocrx_word' id='word_1_288' title='bbox 923 503 978 523; x_wconf 92' lang='lat' dir='ltr'><strong>non</strong></span> <span class='ocrx_word' id='word_1_289' title='bbox 992 500 1084 524; x_wconf 91' lang='lat' dir='ltr'><strong>tamen</strong></span> <span class='ocrx_word' id='word_1_290' title='bbox 1096 505 1126 524; x_wconf 87' lang='lat' dir='ltr'><strong>ea</strong></span> <span class='ocrx_word' id='word_1_291' title='bbox 1145 505 1206 531; x_wconf 66' lang='lat' dir='ltr'><strong>qua:</strong></span> <span class='ocrx_word' id='word_1_292' title='bbox 1222 506 1285 526; x_wconf 85' lang='lat' dir='ltr'><strong>vere</strong></span> <span class='ocrx_word' id='word_1_293' title='bbox 1298 499 1452 526; x_wconf 88' lang='lat' dir='ltr'><strong>subsistunt</strong></span> <span class='ocrx_word' id='word_1_294' title='bbox 1465 501 1547 528; x_wconf 87' lang='lat' dir='ltr'><strong>animi</strong></span> <span class='ocrx_word' id='word_1_295' title='bbox 1561 510 1581 529; x_wconf 71' lang='lat' dir='ltr'><strong>s:</strong></span> <span class='ocrx_word' id='word_1_296' title='bbox 1591 510 1649 534; x_wconf 86' lang='lat' dir='ltr'><strong>nsa,</strong></span> <span class='ocrx_word' id='word_1_297' title='bbox 1662 510 1709 537; x_wconf 84' lang='lat' dir='ltr'><strong>per</strong></span> 
     </span>
    </p>
   </div>
   <div class='ocr_carea' id='block_1_42' title="bbox 923 541 1708 581">
    <p class='ocr_par' dir='ltr' id='par_1_42' title="bbox 923 541 1708 581">
     <span class='ocr_line' id='line_1_42' title="bbox 923 541 1708 581; baseline 0.009 -13"><span class='ocrx_word' id='word_1_298' title='bbox 923 541 1027 569; x_wconf 80' lang='lat' dir='ltr'><strong>litteras</strong></span> <span class='ocrx_word' id='word_1_299' title='bbox 1045 543 1273 578; x_wconf 77' lang='lat' dir='ltr'><strong>significationem</strong></span> <span class='ocrx_word' id='word_1_300' title='bbox 1294 545 1440 579; x_wconf 84' lang='lat' dir='ltr'><strong>accipient,</strong></span> <span class='ocrx_word' id='word_1_301' title='bbox 1460 547 1532 581; x_wconf 91' lang='lat' dir='ltr'><strong>quod</strong></span> <span class='ocrx_word' id='word_1_302' title='bbox 1549 552 1638 574; x_wconf 77' lang='lat' dir='ltr'><strong>autem</strong></span> <span class='ocrx_word' id='word_1_303' title='bbox 1659 556 1708 575; x_wconf 83' lang='lat' dir='ltr'><strong>ne-</strong></span> 
     </span>
    </p>
   </div>
   <div class='ocr_carea' id='block_1_43' title="bbox 922 589 1707 627">
    <p class='ocr_par' dir='ltr' id='par_1_43' title="bbox 922 589 1707 627">
     <span class='ocr_line' id='line_1_43' title="bbox 922 589 1707 627; baseline 0.009 -13"><span class='ocrx_word' id='word_1_304' title='bbox 922 589 982 623; x_wconf 89' lang='lat' dir='ltr'><strong>quit</strong></span> <span class='ocrx_word' id='word_1_305' title='bbox 995 589 1158 621; x_wconf 81' lang='lat' dir='ltr'><strong>subsistere,</strong></span> <span class='ocrx_word' id='word_1_306' title='bbox 1185 589 1370 618; x_wconf 84' lang='lat' dir='ltr'><strong>declaratione</strong></span> <span class='ocrx_word' id='word_1_307' title='bbox 1394 599 1455 626; x_wconf 72' lang='lat' dir='ltr'><strong>quae</strong></span> <span class='ocrx_word' id='word_1_308' title='bbox 1481 592 1509 618; x_wconf 86' lang='lat' dir='ltr'><strong>tit</strong></span> <span class='ocrx_word' id='word_1_309' title='bbox 1528 600 1575 627; x_wconf 85' lang='lat' dir='ltr'><strong>per</strong></span> <span class='ocrx_word' id='word_1_310' title='bbox 1604 594 1707 622; x_wconf 56' lang='lat' dir='ltr'><strong>litteras</strong></span> 
     </span>
    </p>
   </div>
   <div class='ocr_carea' id='block_1_44' title="bbox 922 634 1708 670">
    <p class='ocr_par' dir='ltr' id='par_1_44' title="bbox 922 634 1708 670">
     <span class='ocr_line' id='line_1_44' title="bbox 922 634 1708 670; baseline 0.008 -10"><span class='ocrx_word' id='word_1_311' title='bbox 922 634 1036 661; x_wconf 82' lang='lat' dir='ltr'><strong>carebit.</strong></span> <span class='ocrx_word' id='word_1_312' title='bbox 1065 634 1203 670; x_wconf 86' lang='lat' dir='ltr'><strong>Quidquid</strong></span> <span class='ocrx_word' id='word_1_313' title='bbox 1227 636 1299 663; x_wconf 89' lang='lat' dir='ltr'><strong>enim</strong></span> <span class='ocrx_word' id='word_1_314' title='bbox 1328 637 1354 663; x_wconf 91' lang='lat' dir='ltr'><strong>in</strong></span> <span class='ocrx_word' id='word_1_315' title='bbox 1384 641 1501 664; x_wconf 81' lang='lat' dir='ltr'><strong>tuentem</strong></span> <span class='ocrx_word' id='word_1_316' title='bbox 1517 639 1630 670; x_wconf 79' lang='lat' dir='ltr'><strong>venerit.</strong></span> <span class='ocrx_word' id='word_1_317' title='bbox 1651 639 1708 666; x_wconf 82' lang='lat' dir='ltr'><strong>sive</strong></span> 
     </span>
    </p>
   </div>
   <div class='ocr_carea' id='block_1_45' title="bbox 921 677 1707 715">
    <p class='ocr_par' dir='ltr' id='par_1_45' title="bbox 921 677 1707 715">
     <span class='ocr_line' id='line_1_45' title="bbox 921 677 1707 715; baseline 0.008 -10"><span class='ocrx_word' id='word_1_318' title='bbox 921 677 1102 714; x_wconf 78' lang='lat' dir='ltr'><strong>intelligentia</strong></span> <span class='ocrx_word' id='word_1_319' title='bbox 1118 680 1264 714; x_wconf 81' lang='lat' dir='ltr'><strong>subsistat,</strong></span> <span class='ocrx_word' id='word_1_320' title='bbox 1277 681 1335 708; x_wconf 83' lang='lat' dir='ltr'><strong>sive</strong></span> <span class='ocrx_word' id='word_1_321' title='bbox 1361 682 1442 709; x_wconf 80' lang='lat' dir='ltr'><strong>aliter</strong></span> <span class='ocrx_word' id='word_1_322' title='bbox 1455 690 1484 710; x_wconf 89' lang='lat' dir='ltr'><strong>se</strong></span> <span class='ocrx_word' id='word_1_323' title='bbox 1516 683 1624 715; x_wconf 82' lang='lat' dir='ltr'><strong>habeat,</strong></span> <span class='ocrx_word' id='word_1_324' title='bbox 1646 685 1707 711; x_wconf 88' lang='lat' dir='ltr'><strong>licet</strong></span> 
     </span>
    </p>
   </div>
   <div class='ocr_carea' id='block_1_46' title="bbox 921 725 1707 759">
    <p class='ocr_par' dir='ltr' id='par_1_46' title="bbox 921 725 1707 759">
     <span class='ocr_line' id='line_1_46' title="bbox 921 725 1707 759; baseline 0.008 -8"><span class='ocrx_word' id='word_1_325' title='bbox 921 732 970 759; x_wconf 92' lang='lat' dir='ltr'><strong>pro</strong></span> <span class='ocrx_word' id='word_1_326' title='bbox 996 725 1059 759; x_wconf 88' lang='lat' dir='ltr'><strong>jure</strong></span> <span class='ocrx_word' id='word_1_327' title='bbox 1082 731 1109 752; x_wconf 91' lang='lat' dir='ltr'><strong>et</strong></span> <span class='ocrx_word' id='word_1_328' title='bbox 1135 726 1269 754; x_wconf 85' lang='lat' dir='ltr'><strong>arbitratu</strong></span> <span class='ocrx_word' id='word_1_329' title='bbox 1293 727 1393 755; x_wconf 86' lang='lat' dir='ltr'><strong>litteris</strong></span> <span class='ocrx_word' id='word_1_330' title='bbox 1425 729 1604 756; x_wconf 82' lang='lat' dir='ltr'><strong>committere.</strong></span> <span class='ocrx_word' id='word_1_331' title='bbox 1635 730 1707 757; x_wconf 90' lang='lat' dir='ltr'><strong>idem</strong></span> 
     </span>
    </p>
   </div>
   <div class='ocr_carea' id='block_1_47' title="bbox 920 771 1706 810">
    <p class='ocr_par' dir='ltr' id='par_1_47' title="bbox 920 771 1706 810">
     <span class='ocr_line' id='line_1_47' title="bbox 920 771 1706 810; baseline 0.008 -13"><span class='ocrx_word' id='word_1_332' title='bbox 920 774 1011 797; x_wconf 84' lang='lat' dir='ltr'><strong>autem</strong></span> <span class='ocrx_word' id='word_1_333' title='bbox 1026 774 1068 798; x_wconf 88' lang='lat' dir='ltr'><strong>est</strong></span> <span class='ocrx_word' id='word_1_334' title='bbox 1083 771 1117 798; x_wconf 86' lang='lat' dir='ltr'><strong>ad</strong></span> <span class='ocrx_word' id='word_1_335' title='bbox 1145 771 1358 800; x_wconf 83' lang='lat' dir='ltr'><strong>declarationem</strong></span> <span class='ocrx_word' id='word_1_336' title='bbox 1393 774 1502 805; x_wconf 88' lang='lat' dir='ltr'><strong>mentis.</strong></span> <span class='ocrx_word' id='word_1_337' title='bbox 1520 782 1604 802; x_wconf 87' lang='lat' dir='ltr'><strong>sonus</strong></span> <span class='ocrx_word' id='word_1_338' title='bbox 1634 776 1706 810; x_wconf 87' lang='lat' dir='ltr'><strong>quod</strong></span> 
     </span>
    </p>
   </div>
   <div class='ocr_carea' id='block_1_48' title="bbox 920 815 1708 855">
    <p class='ocr_par' dir='ltr' id='par_1_48' title="bbox 920 815 1708 855">
     <span class='ocr_line' id='line_1_48' title="bbox 920 815 1708 855; baseline 0.008 -13"><span class='ocrx_word' id='word_1_339' title='bbox 920 815 1017 843; x_wconf 72' lang='lat' dir='ltr'><strong>littera:</strong></span> <span class='ocrx_word' id='word_1_340' title='bbox 1031 825 1038 849; x_wconf 93' lang='lat'>;</span> <span class='ocrx_word' id='word_1_341' title='bbox 1053 824 1086 843; x_wconf 90' lang='lat' dir='ltr'><strong>ex</strong></span> <span class='ocrx_word' id='word_1_342' title='bbox 1103 824 1181 851; x_wconf 61' lang='lat' dir='ltr'><strong>aquo</strong></span> <span class='ocrx_word' id='word_1_343' title='bbox 1197 818 1269 845; x_wconf 86' lang='lat' dir='ltr'><strong>enim</strong></span> <span class='ocrx_word' id='word_1_344' title='bbox 1289 826 1336 852; x_wconf 89' lang='lat' dir='ltr'><strong>per</strong></span> <span class='ocrx_word' id='word_1_345' title='bbox 1352 823 1467 854; x_wconf 89' lang='lat' dir='ltr'><strong>utraque</strong></span> <span class='ocrx_word' id='word_1_346' title='bbox 1487 820 1558 855; x_wconf 88' lang='lat' dir='ltr'><strong>quod</strong></span> <span class='ocrx_word' id='word_1_347' title='bbox 1577 821 1668 848; x_wconf 84' lang='lat' dir='ltr'><strong>animo</strong></span> <span class='ocrx_word' id='word_1_348' title='bbox 1682 827 1708 849; x_wconf 88' lang='lat' dir='ltr'><strong>et</strong></span> 
     </span>
    </p>
   </div>
   <div class='ocr_carea' id='block_1_49' title="bbox 883 864 1708 902">
    <p class='ocr_par' dir='ltr' id='par_1_49' title="bbox 883 864 1708 902">
     <span class='ocr_line' id='line_1_49' title="bbox 883 864 1708 902; baseline 0.01 -15"><span class='ocrx_word' id='word_1_349' title='bbox 883 864 905 893; x_wconf 88' lang='grc' dir='ltr'><strong>Β</strong></span> <span class='ocrx_word' id='word_1_350' title='bbox 921 866 1010 889; x_wconf 86' lang='lat' dir='ltr'><strong>mente</strong></span> <span class='ocrx_word' id='word_1_351' title='bbox 1037 867 1198 898; x_wconf 85' lang='lat' dir='ltr'><strong>conceptum</strong></span> <span class='ocrx_word' id='word_1_352' title='bbox 1229 868 1282 896; x_wconf 86' lang='lat' dir='ltr'><strong>est,</strong></span> <span class='ocrx_word' id='word_1_353' title='bbox 1309 865 1493 894; x_wconf 88' lang='lat' dir='ltr'><strong>enuntiamus.</strong></span> <span class='ocrx_word' id='word_1_354' title='bbox 1528 866 1597 900; x_wconf 83' lang='lat' dir='ltr'><strong>Quid</strong></span> <span class='ocrx_word' id='word_1_355' title='bbox 1624 867 1708 902; x_wconf 77' lang='lat' dir='ltr'><strong>igitur</strong></span> 
     </span>
    </p>
   </div>
   <div class='ocr_carea' id='block_1_50' title="bbox 919 908 1707 948">
    <p class='ocr_par' dir='ltr' id='par_1_50' title="bbox 919 908 1707 948">
     <span class='ocr_line' id='line_1_50' title="bbox 919 908 1707 948; baseline 0.008 -14"><span class='ocrx_word' id='word_1_356' title='bbox 919 915 1034 936; x_wconf 84' lang='lat' dir='ltr'><strong>cernens</strong></span> <span class='ocrx_word' id='word_1_357' title='bbox 1050 908 1107 935; x_wconf 90' lang='lat' dir='ltr'><strong>sola</strong></span> <span class='ocrx_word' id='word_1_358' title='bbox 1124 916 1185 936; x_wconf 92' lang='lat' dir='ltr'><strong>cum</strong></span> <span class='ocrx_word' id='word_1_359' title='bbox 1203 917 1268 937; x_wconf 88' lang='lat' dir='ltr'><strong>voce</strong></span> <span class='ocrx_word' id='word_1_360' title='bbox 1283 910 1380 938; x_wconf 74' lang='lat' dir='ltr'><strong>&quot;animi</strong></span> <span class='ocrx_word' id='word_1_361' title='bbox 1407 912 1542 940; x_wconf 77' lang='lat' dir='ltr'><strong>notionem</strong></span> <span class='ocrx_word' id='word_1_362' title='bbox 1570 913 1707 948; x_wconf 85' lang='lat' dir='ltr'><strong>dissolvit,</strong></span> 
     </span>
    </p>
   </div>
   <div class='ocr_carea' id='block_1_51' title="bbox 918 955 1704 994">
    <p class='ocr_par' dir='ltr' id='par_1_51' title="bbox 918 955 1704 994">
     <span class='ocr_line' id='line_1_51' title="bbox 918 955 1704 994; baseline 0.008 -14"><span class='ocrx_word' id='word_1_363' title='bbox 918 961 972 980; x_wconf 90' lang='lat' dir='ltr'><strong>non</strong></span> <span class='ocrx_word' id='word_1_364' title='bbox 987 960 1099 988; x_wconf 89' lang='lat' dir='ltr'><strong>possum</strong></span> <span class='ocrx_word' id='word_1_365' title='bbox 1114 955 1276 991; x_wconf 78' lang='lat' dir='ltr'><strong>intelligere.</strong></span> <span class='ocrx_word' id='word_1_366' title='bbox 1296 955 1390 984; x_wconf 88' lang='lat' dir='ltr'><strong>Omnis</strong></span> <span class='ocrx_word' id='word_1_367' title='bbox 1406 958 1478 985; x_wconf 90' lang='lat' dir='ltr'><strong>enim</strong></span> <span class='ocrx_word' id='word_1_368' title='bbox 1495 959 1630 986; x_wconf 78' lang='lat' dir='ltr'><strong>sermonis</strong></span> <span class='ocrx_word' id='word_1_369' title='bbox 1659 961 1704 994; x_wconf 85' lang='lat' dir='ltr'><strong>qui</strong></span> 
     </span>
    </p>
   </div>
   <div class='ocr_carea' id='block_1_52' title="bbox 917 998 1704 1040">
    <p class='ocr_par' dir='ltr' id='par_1_52' title="bbox 917 998 1704 1040">
     <span class='ocr_line' id='line_1_52' title="bbox 917 998 1704 1040; baseline 0.01 -15"><span class='ocrx_word' id='word_1_370' title='bbox 917 998 1009 1034; x_wconf 89' lang='lat' dir='ltr'><strong>aliquo</strong></span> <span class='ocrx_word' id='word_1_371' title='bbox 1022 1007 1089 1027; x_wconf 91' lang='lat' dir='ltr'><strong>sono</strong></span> <span class='ocrx_word' id='word_1_372' title='bbox 1109 1001 1255 1034; x_wconf 82' lang='lat' dir='ltr'><strong>profertur,</strong></span> <span class='ocrx_word' id='word_1_373' title='bbox 1276 1002 1389 1036; x_wconf 84' lang='lat' dir='ltr'><strong>spiritus</strong></span> <span class='ocrx_word' id='word_1_374' title='bbox 1412 1004 1519 1038; x_wconf 87' lang='lat' dir='ltr'><strong>quidem</strong></span> <span class='ocrx_word' id='word_1_375' title='bbox 1537 1005 1582 1040; x_wconf 85' lang='lat' dir='ltr'><strong>qui</strong></span> <span class='ocrx_word' id='word_1_376' title='bbox 1611 1014 1704 1033; x_wconf 73' lang='lat' dir='ltr'><strong>vocem</strong></span> 
     </span>
    </p>
   </div>
   <div class='ocr_carea' id='block_1_53' title="bbox 919 1045 1706 1084">
    <p class='ocr_par' dir='ltr' id='par_1_53' title="bbox 919 1045 1706 1084">
     <span class='ocr_line' id='line_1_53' title="bbox 919 1045 1706 1084; baseline 0.01 -13"><span class='ocrx_word' id='word_1_377' title='bbox 919 1045 1079 1072; x_wconf 85' lang='lat' dir='ltr'><strong>transmittit</strong></span> <span class='ocrx_word' id='word_1_378' title='bbox 1093 1046 1125 1073; x_wconf 89' lang='lat' dir='ltr'><strong>ad</strong></span> <span class='ocrx_word' id='word_1_379' title='bbox 1138 1047 1163 1074; x_wconf 90' lang='lat' dir='ltr'><strong>id</strong></span> <span class='ocrx_word' id='word_1_380' title='bbox 1176 1048 1249 1082; x_wconf 88' lang='lat' dir='ltr'><strong>quod</strong></span> <span class='ocrx_word' id='word_1_381' title='bbox 1267 1048 1319 1075; x_wconf 89' lang='lat' dir='ltr'><strong>sibi</strong></span> <span class='ocrx_word' id='word_1_382' title='bbox 1335 1055 1480 1084; x_wconf 80' lang='lat' dir='ltr'><strong>cognatum</strong></span> <span class='ocrx_word' id='word_1_383' title='bbox 1495 1055 1545 1083; x_wconf 85' lang='lat' dir='ltr'><strong>est,</strong></span> <span class='ocrx_word' id='word_1_384' title='bbox 1572 1051 1600 1078; x_wconf 87' lang='lat' dir='ltr'><strong>tit</strong></span> <span class='ocrx_word' id='word_1_385' title='bbox 1615 1057 1706 1080; x_wconf 80' lang='lat' dir='ltr'><strong>trans-</strong></span> 
     </span>
    </p>
   </div>
   <div class='ocr_carea' id='block_1_54' title="bbox 918 1089 1702 1132">
    <p class='ocr_par' dir='ltr' id='par_1_54' title="bbox 918 1089 1702 1132">
     <span class='ocr_line' id='line_1_54' title="bbox 918 1089 1702 1132; baseline 0.01 -15"><span class='ocrx_word' id='word_1_386' title='bbox 918 1091 1063 1125; x_wconf 77' lang='lat' dir='ltr'><strong>migratio;</strong></span> <span class='ocrx_word' id='word_1_387' title='bbox 1081 1089 1320 1120; x_wconf 38' lang='lat' dir='ltr'><strong>dictorum‘autetn</strong></span> <span class='ocrx_word' id='word_1_388' title='bbox 1350 1097 1483 1123; x_wconf 86' lang='lat' dir='ltr'><strong>sententia</strong></span> <span class='ocrx_word' id='word_1_389' title='bbox 1503 1100 1530 1123; x_wconf 85' lang='lat' dir='ltr'><strong>et</strong></span> <span class='ocrx_word' id='word_1_390' title='bbox 1560 1105 1636 1125; x_wconf 84' lang='lat' dir='ltr'><strong>mens</strong></span> <span class='ocrx_word' id='word_1_391' title='bbox 1654 1105 1702 1132; x_wconf 88' lang='lat' dir='ltr'><strong>per</strong></span> 
     </span>
    </p>
   </div>
   <div class='ocr_carea' id='block_1_55' title="bbox 918 1137 1706 1176">
    <p class='ocr_par' dir='ltr' id='par_1_55' title="bbox 918 1137 1706 1176">
     <span class='ocr_line' id='line_1_55' title="bbox 918 1137 1706 1176; baseline 0.011 -14"><span class='ocrx_word' id='word_1_392' title='bbox 918 1137 1039 1164; x_wconf 90' lang='lat' dir='ltr'><strong>auditum</strong></span> <span class='ocrx_word' id='word_1_393' title='bbox 1069 1138 1096 1164; x_wconf 94' lang='lat' dir='ltr'><strong>in</strong></span> <span class='ocrx_word' id='word_1_394' title='bbox 1123 1138 1259 1166; x_wconf 89' lang='lat' dir='ltr'><strong>audientis</strong></span> <span class='ocrx_word' id='word_1_395' title='bbox 1287 1140 1417 1167; x_wconf 83' lang='lat' dir='ltr'><strong>memoria</strong></span> <span class='ocrx_word' id='word_1_396' title='bbox 1447 1141 1623 1176; x_wconf 85' lang='lat' dir='ltr'><strong>imprimitur.</strong></span> <span class='ocrx_word' id='word_1_397' title='bbox 1647 1143 1706 1171; x_wconf 85' lang='lat' dir='ltr'><strong>sive</strong></span> 
     </span>
    </p>
   </div>
   <div class='ocr_carea' id='block_1_56' title="bbox 917 1183 1706 1225">
    <p class='ocr_par' dir='ltr' id='par_1_56' title="bbox 917 1183 1706 1225">
     <span class='ocr_line' id='line_1_56' title="bbox 917 1183 1706 1225; baseline 0.01 -16"><span class='ocrx_word' id='word_1_398' title='bbox 917 1191 992 1216; x_wconf 86' lang='lat' dir='ltr'><strong>vera,</strong></span> <span class='ocrx_word' id='word_1_399' title='bbox 1009 1183 1066 1211; x_wconf 88' lang='lat' dir='ltr'><strong>sive</strong></span> <span class='ocrx_word' id='word_1_400' title='bbox 1093 1183 1161 1211; x_wconf 83' lang='lat' dir='ltr'><strong>falsa</strong></span> <span class='ocrx_word' id='word_1_401' title='bbox 1193 1185 1287 1212; x_wconf 87' lang='lat' dir='ltr'><strong>fuerit.</strong></span> <span class='ocrx_word' id='word_1_402' title='bbox 1306 1187 1489 1219; x_wconf 82' lang='lat' dir='ltr'><strong>Quamobrem</strong></span> <span class='ocrx_word' id='word_1_403' title='bbox 1520 1188 1571 1216; x_wconf 88' lang='lat' dir='ltr'><strong>iste</strong></span> <span class='ocrx_word' id='word_1_404' title='bbox 1587 1189 1706 1225; x_wconf 88' lang='lat' dir='ltr'><strong>scriptor</strong></span> 
     </span>
    </p>
   </div>
   <div class='ocr_carea' id='block_1_57' title="bbox 917 1229 1706 1270">
    <p class='ocr_par' dir='ltr' id='par_1_57' title="bbox 917 1229 1706 1270">
     <span class='ocr_line' id='line_1_57' title="bbox 917 1229 1706 1270; baseline 0.01 -15"><span class='ocrx_word' id='word_1_405' title='bbox 917 1229 997 1256; x_wconf 91' lang='lat' dir='ltr'><strong>nobis</strong></span> <span class='ocrx_word' id='word_1_406' title='bbox 1012 1229 1081 1256; x_wconf 88' lang='lat' dir='ltr'><strong>hanc</strong></span> <span class='ocrx_word' id='word_1_407' title='bbox 1096 1232 1337 1259; x_wconf 87' lang='lat' dir='ltr'><strong>commcntationis</strong></span> <span class='ocrx_word' id='word_1_408' title='bbox 1361 1232 1485 1268; x_wconf 78' lang='lat' dir='ltr'><strong>frigidam</strong></span> <span class='ocrx_word' id='word_1_409' title='bbox 1503 1234 1706 1270; x_wconf 86' lang='lat' dir='ltr'><strong>interpretatio-</strong></span> 
     </span>
    </p>
   </div>
   <div class='ocr_carea' id='block_1_58' title="bbox 917 1275 1704 1317">
    <p class='ocr_par' dir='ltr' id='par_1_58' title="bbox 917 1275 1704 1317">
     <span class='ocr_line' id='line_1_58' title="bbox 917 1275 1704 1317; baseline 0.011 -17"><span class='ocrx_word' id='word_1_410' title='bbox 917 1283 979 1301; x_wconf 88' lang='lat' dir='ltr'><strong>nem</strong></span> <span class='ocrx_word' id='word_1_411' title='bbox 995 1275 1128 1309; x_wconf 87' lang='lat' dir='ltr'><strong>obtendit,</strong></span> <span class='ocrx_word' id='word_1_412' title='bbox 1147 1276 1211 1304; x_wconf 87' lang='lat' dir='ltr'><strong>dutn</strong></span> <span class='ocrx_word' id='word_1_413' title='bbox 1226 1285 1285 1304; x_wconf 89' lang='lat' dir='ltr'><strong>eam</strong></span> <span class='ocrx_word' id='word_1_414' title='bbox 1302 1278 1377 1306; x_wconf 78' lang='lat' dir='ltr'><strong>vocis</strong></span> <span class='ocrx_word' id='word_1_415' title='bbox 1401 1279 1580 1309; x_wconf 90' lang='lat' dir='ltr'><strong>dissolutione</strong></span> <span class='ocrx_word' id='word_1_416' title='bbox 1606 1281 1704 1317; x_wconf 82' lang='lat' dir='ltr'><strong>ﬁgurat</strong></span> 
     </span>
    </p>
   </div>
   <div class='ocr_carea' id='block_1_59' title="bbox 916 1321 1704 1361">
    <p class='ocr_par' dir='ltr' id='par_1_59' title="bbox 916 1321 1704 1361">
     <span class='ocr_line' id='line_1_59' title="bbox 916 1321 1704 1361; baseline 0.009 -14"><span class='ocrx_word' id='word_1_417' title='bbox 916 1324 943 1347; x_wconf 87' lang='lat' dir='ltr'><strong>et</strong></span> <span class='ocrx_word' id='word_1_418' title='bbox 958 1321 1061 1349; x_wconf 84' lang='lat' dir='ltr'><strong>defluit.</strong></span> <span class='ocrx_word' id='word_1_419' title='bbox 1076 1322 1167 1357; x_wconf 89' lang='lat' dir='ltr'><strong>Atque</strong></span> <span class='ocrx_word' id='word_1_420' title='bbox 1182 1323 1264 1358; x_wconf 87' lang='lat' dir='ltr'><strong>hujus</strong></span> <span class='ocrx_word' id='word_1_421' title='bbox 1282 1325 1369 1359; x_wconf 77' lang='lat' dir='ltr'><strong>gratia</strong></span> <span class='ocrx_word' id='word_1_422' title='bbox 1385 1325 1539 1361; x_wconf 73' lang='lat' dir='ltr'><strong>intelligens</strong></span> <span class='ocrx_word' id='word_1_423' title='bbox 1555 1328 1600 1355; x_wconf 90' lang='lat' dir='ltr'><strong>ille</strong></span> <span class='ocrx_word' id='word_1_424' title='bbox 1623 1328 1704 1356; x_wconf 87' lang='lat' dir='ltr'><strong>audi-</strong></span> 
     </span>
    </p>
   </div>
   <div class='ocr_carea' id='block_1_60' title="bbox 916 1368 1702 1408">
    <p class='ocr_par' dir='ltr' id='par_1_60' title="bbox 916 1368 1702 1408">
     <span class='ocr_line' id='line_1_60' title="bbox 916 1368 1702 1408; baseline 0.01 -15"><span class='ocrx_word' id='word_1_425' title='bbox 916 1370 969 1399; x_wconf 90' lang='lat' dir='ltr'><strong>tor,</strong></span> <span class='ocrx_word' id='word_1_426' title='bbox 986 1368 1058 1395; x_wconf 87' lang='lat' dir='ltr'><strong>sicut</strong></span> <span class='ocrx_word' id='word_1_427' title='bbox 1077 1369 1115 1395; x_wconf 85' lang='lat' dir='ltr'><strong>ait</strong></span> <span class='ocrx_word' id='word_1_428' title='bbox 1134 1369 1237 1402; x_wconf 87' lang='lat' dir='ltr'><strong>lsaias,</strong></span> <span class='ocrx_word' id='word_1_429' title='bbox 1262 1370 1465 1406; x_wconf 76' lang='lat' dir='ltr'><strong>incogitabilem</strong></span> <span class='ocrx_word' id='word_1_430' title='bbox 1483 1373 1554 1401; x_wconf 87' lang='lat' dir='ltr'><strong>hanc</strong></span> <span class='ocrx_word' id='word_1_431' title='bbox 1567 1373 1702 1408; x_wconf 76' lang='grc' dir='ltr'><strong>ἐπινοίας,</strong></span> 
     </span>
    </p>
   </div>
   <div class='ocr_carea' id='block_1_61' title="bbox 915 1415 1704 1454">
    <p class='ocr_par' dir='ltr' id='par_1_61' title="bbox 915 1415 1704 1454">
     <span class='ocr_line' id='line_1_61' title="bbox 915 1415 1704 1454; baseline 0.011 -16"><span class='ocrx_word' id='word_1_432' title='bbox 915 1415 1156 1447; x_wconf 77' lang='lat' dir='ltr'><strong>cantmentationis,</strong></span> <span class='ocrx_word' id='word_1_433' title='bbox 1175 1415 1373 1451; x_wconf 78' lang='lat' dir='ltr'><strong>physiologiam</strong></span> <span class='ocrx_word' id='word_1_434' title='bbox 1399 1419 1540 1454; x_wconf 74' lang='lat' dir='ltr'><strong>expungit,</strong></span> <span class='ocrx_word' id='word_1_435' title='bbox 1567 1427 1630 1446; x_wconf 88' lang='lat' dir='ltr'><strong>vere</strong></span> <span class='ocrx_word' id='word_1_436' title='bbox 1645 1420 1704 1448; x_wconf 87' lang='lat' dir='ltr'><strong>dis-</strong></span> 
     </span>
    </p>
   </div>
   <div class='ocr_carea' id='block_1_62' title="bbox 916 1459 1701 1500">
    <p class='ocr_par' dir='ltr' id='par_1_62' title="bbox 916 1459 1701 1500">
     <span class='ocr_line' id='line_1_62' title="bbox 916 1459 1701 1500; baseline 0.009 -13"><span class='ocrx_word' id='word_1_437' title='bbox 916 1459 1058 1487; x_wconf 81' lang='lat' dir='ltr'><strong>solubilcm</strong></span> <span class='ocrx_word' id='word_1_438' title='bbox 1085 1465 1112 1487; x_wconf 88' lang='lat' dir='ltr'><strong>et</strong></span> <span class='ocrx_word' id='word_1_439' title='bbox 1128 1468 1188 1495; x_wconf 68' lang='lat' dir='ltr'><strong>qua:</strong></span> <span class='ocrx_word' id='word_1_440' title='bbox 1205 1462 1356 1489; x_wconf 88' lang='lat' dir='ltr'><strong>consistere</strong></span> <span class='ocrx_word' id='word_1_441' title='bbox 1375 1464 1488 1490; x_wconf 89' lang='lat' dir='ltr'><strong>omnino</strong></span> <span class='ocrx_word' id='word_1_442' title='bbox 1517 1472 1571 1492; x_wconf 89' lang='lat' dir='ltr'><strong>non</strong></span> <span class='ocrx_word' id='word_1_443' title='bbox 1601 1470 1701 1500; x_wconf 86' lang='lat' dir='ltr'><strong>potest,</strong></span> 
     </span>
    </p>
   </div>
   <div class='ocr_carea' id='block_1_63' title="bbox 915 1505 1703 1543">
    <p class='ocr_par' dir='ltr' id='par_1_63' title="bbox 915 1505 1703 1543">
     <span class='ocr_line' id='line_1_63' title="bbox 915 1505 1703 1543; baseline 0.011 -12"><span class='ocrx_word' id='word_1_444' title='bbox 915 1505 1108 1534; x_wconf 87' lang='lat' dir='ltr'><strong>demonstrans</strong></span> <span class='ocrx_word' id='word_1_445' title='bbox 1123 1507 1272 1534; x_wconf 85' lang='lat' dir='ltr'><strong>secundum</strong></span> <span class='ocrx_word' id='word_1_446' title='bbox 1292 1508 1353 1543; x_wconf 76' lang='lat' dir='ltr'><strong>ejus</strong></span> <span class='ocrx_word' id='word_1_447' title='bbox 1366 1516 1532 1537; x_wconf 83' lang='lat' dir='ltr'><strong>sermonem.</strong></span> <span class='ocrx_word' id='word_1_448' title='bbox 1548 1510 1703 1540; x_wconf 73' lang='lat' dir='ltr'><strong>Artificiosa</strong></span> 
     </span>
    </p>
   </div>
   <div class='ocr_carea' id='block_1_64' title="bbox 73 1537 864 1593">
    <p class='ocr_par' dir='ltr' id='par_1_64' title="bbox 73 1537 864 1577">
     <span class='ocr_line' id='line_1_64' title="bbox 73 1537 864 1577; baseline 0.01 -15"><span class='ocrx_word' id='word_1_449' title='bbox 73 1544 128 1563; x_wconf 79' lang='grc' dir='ltr'>των</span> <span class='ocrx_word' id='word_1_450' title='bbox 148 1537 249 1573; x_wconf 67' lang='grc' dir='ltr'>θεωρίᾳ</span> <span class='ocrx_word' id='word_1_451' title='bbox 265 1539 438 1574; x_wconf 72' lang='grc' dir='ltr'><strong>προὸιόἀζων</strong></span> <span class='ocrx_word' id='word_1_452' title='bbox 452 1541 497 1567; x_wconf 88' lang='grc' dir='ltr'>τὸν</span> <span class='ocrx_word' id='word_1_453' title='bbox 510 1541 600 1575; x_wconf 83' lang='grc' dir='ltr'>λόγον.</span> <span class='ocrx_word' id='word_1_454' title='bbox 621 1542 691 1577; x_wconf 84' lang='grc' dir='ltr'><strong>Πρὸς</strong></span> <span class='ocrx_word' id='word_1_455' title='bbox 708 1542 737 1570; x_wconf 86' lang='grc' dir='ltr'><strong>ὅν</strong></span> <span class='ocrx_word' id='word_1_456' title='bbox 758 1544 772 1570; x_wconf 90' lang='grc' dir='ltr'><strong>ὸ</strong></span> <span class='ocrx_word' id='word_1_457' title='bbox 788 1544 864 1570; x_wconf 82' lang='grc' dir='ltr'>Εὐνό-</span> 
     </span>
    </p>
   </div>
   <div class='ocr_carea' id='block_1_65' title="bbox 916 1537 1701 1593">
    <p class='ocr_par' dir='ltr' id='par_1_65' title="bbox 916 1541 1701 1593">
     <span class='ocr_line' id='line_1_65' title="bbox 916 1541 1701 1593; baseline 0.009 -15"><span class='ocrx_word' id='word_1_458' title='bbox 916 1557 1005 1579; x_wconf 86' lang='lat' dir='ltr'><strong>autem</strong></span> <span class='ocrx_word' id='word_1_459' title='bbox 1019 1553 1052 1580; x_wconf 90' lang='lat' dir='ltr'><strong>de</strong></span> <span class='ocrx_word' id='word_1_460' title='bbox 1065 1553 1091 1580; x_wconf 89' lang='lat' dir='ltr'><strong>vi</strong></span> <span class='ocrx_word' id='word_1_461' title='bbox 1108 1552 1135 1580; x_wconf 91' lang='lat' dir='ltr'><strong>in</strong></span> <span class='ocrx_word' id='word_1_462' title='bbox 1163 1541 1299 1582; x_wconf 25' lang='lat' dir='ltr'><strong>dictione&quot;</strong></span> <span class='ocrx_word' id='word_1_463' title='bbox 1315 1556 1404 1590; x_wconf 88' lang='lat' dir='ltr'><strong>posita</strong></span> <span class='ocrx_word' id='word_1_464' title='bbox 1433 1557 1553 1588; x_wconf 83' lang='lat' dir='ltr'><strong>disserit,</strong></span> <span class='ocrx_word' id='word_1_465' title='bbox 1570 1558 1701 1593; x_wconf 83' lang='lat' dir='ltr'><strong>exemplis</strong></span> 
     </span>
    </p>
   </div>
   <div class='ocr_carea' id='block_1_66' title="bbox 75 1583 862 1625">
    <p class='ocr_par' dir='ltr' id='par_1_66' title="bbox 75 1583 862 1625">
     <span class='ocr_line' id='line_1_66' title="bbox 75 1583 862 1625; baseline 0.013 -17"><span class='ocrx_word' id='word_1_466' title='bbox 75 1590 148 1617; x_wconf 83' lang='grc' dir='ltr'>μιος,</span> <span class='ocrx_word' id='word_1_467' title='bbox 173 1583 217 1611; x_wconf 83' lang='grc' dir='ltr'>διὰ</span> <span class='ocrx_word' id='word_1_468' title='bbox 240 1585 289 1620; x_wconf 84' lang='grc' dir='ltr'>τῆς</span> <span class='ocrx_word' id='word_1_469' title='bbox 314 1586 415 1621; x_wconf 80' lang='grc' dir='ltr'>σεμνῆς</span> <span class='ocrx_word' id='word_1_470' title='bbox 437 1586 538 1623; x_wconf 78' lang='grc' dir='ltr'><strong>ταύτης</strong></span> <span class='ocrx_word' id='word_1_471' title='bbox 561 1588 743 1625; x_wconf 77' lang='grc' dir='ltr'>λογογραφίας</span> <span class='ocrx_word' id='word_1_472' title='bbox 767 1591 862 1618; x_wconf 78' lang='grc' dir='ltr'>ἑαυτὸν</span> 
     </span>
    </p>
   </div>
   <div class='ocr_carea' id='block_1_67' title="bbox 73 1628 862 1672">
    <p class='ocr_par' dir='ltr' id='par_1_67' title="bbox 73 1628 862 1672">
     <span class='ocr_line' id='line_1_67' title="bbox 73 1628 862 1672; baseline 0.014 -19"><span class='ocrx_word' id='word_1_473' title='bbox 73 1628 257 1665; x_wconf 83' lang='grc' dir='ltr'>ἀντεπαίρων,</span> <span class='ocrx_word' id='word_1_474' title='bbox 280 1631 405 1658; x_wconf 74' lang='grc' dir='ltr'><strong>ἀναλύειν</strong></span> <span class='ocrx_word' id='word_1_475' title='bbox 430 1634 565 1668; x_wconf 72' lang='grc' dir='ltr'>ἐπιχειρεῖ</span> <span class='ocrx_word' id='word_1_476' title='bbox 588 1635 622 1661; x_wconf 82' lang='grc' dir='ltr'><strong>τὰ</strong></span> <span class='ocrx_word' id='word_1_477' title='bbox 644 1635 707 1671; x_wconf 76' lang='grc' dir='ltr'>περὶ</span> <span class='ocrx_word' id='word_1_478' title='bbox 731 1636 780 1672; x_wconf 85' lang='grc' dir='ltr'>τῆς</span> <span class='ocrx_word' id='word_1_479' title='bbox 805 1638 862 1664; x_wconf 72' lang='grc' dir='ltr'><strong>ἐπιι</strong></span> 
     </span>
    </p>
   </div>
   <div class='ocr_carea' id='block_1_68' title="bbox 72 1674 654 1718">
    <p class='ocr_par' dir='ltr' id='par_1_68' title="bbox 72 1674 654 1718">
     <span class='ocr_line' id='line_1_68' title="bbox 72 1674 654 1718; baseline 0.012 -17"><span class='ocrx_word' id='word_1_480' title='bbox 72 1674 148 1708; x_wconf 82' lang='grc' dir='ltr'>νοίας</span> <span class='ocrx_word' id='word_1_481' title='bbox 161 1675 361 1714; x_wconf 80' lang='grc' dir='ltr'><strong>διηρθρωμένα,</strong></span> <span class='ocrx_word' id='word_1_482' title='bbox 377 1679 470 1708; x_wconf 76' lang='grc' dir='ltr'>τοῦτον</span> <span class='ocrx_word' id='word_1_483' title='bbox 483 1679 526 1707; x_wconf 82' lang='grc' dir='ltr'><strong>τὸν</strong></span> <span class='ocrx_word' id='word_1_484' title='bbox 545 1680 654 1718; x_wconf 82' lang='grc' dir='ltr'>τρόπον.</span> 
     </span>
    </p>
   </div>
   <div class='ocr_carea' id='block_1_69' title="bbox 109 1819 859 1863">
    <p class='ocr_par' dir='ltr' id='par_1_69' title="bbox 109 1819 859 1863">
     <span class='ocr_line' id='line_1_69' title="bbox 109 1819 859 1863; baseline 0.013 -17"><span class='ocrx_word' id='word_1_485' title='bbox 109 1819 236 1855; x_wconf 71' lang='grc' dir='ltr'><strong>Ἄμεινον</strong></span> <span class='ocrx_word' id='word_1_486' title='bbox 253 1822 280 1848; x_wconf 72' lang='grc' dir='ltr'>δὲ</span> <span class='ocrx_word' id='word_1_487' title='bbox 298 1823 362 1854; x_wconf 75' lang='grc' dir='ltr'>ἴσως</span> <span class='ocrx_word' id='word_1_488' title='bbox 378 1824 441 1859; x_wconf 72' lang='grc' dir='ltr'>πρὶν</span> <span class='ocrx_word' id='word_1_489' title='bbox 457 1824 591 1853; x_wconf 82' lang='grc' dir='ltr'>διευθῦναι</span> <span class='ocrx_word' id='word_1_490' title='bbox 614 1827 647 1853; x_wconf 78' lang='grc' dir='ltr'>τὰ</span> <span class='ocrx_word' id='word_1_491' title='bbox 663 1829 859 1863; x_wconf 79' lang='grc' dir='ltr'><strong>γεγραμμένα,</strong></span> 
     </span>
    </p>
   </div>
   <div class='ocr_carea' id='block_1_70' title="bbox 72 1867 859 1908">
    <p class='ocr_par' dir='ltr' id='par_1_70' title="bbox 72 1867 859 1908">
     <span class='ocr_line' id='line_1_70' title="bbox 72 1867 859 1908; baseline 0.013 -16"><span class='ocrx_word' id='word_1_492' title='bbox 72 1867 118 1894; x_wconf 74' lang='grc' dir='ltr'><strong>τὸν</strong></span> <span class='ocrx_word' id='word_1_493' title='bbox 127 1867 227 1894; x_wconf 76' lang='grc' dir='ltr'>σκοπὸν</span> <span class='ocrx_word' id='word_1_494' title='bbox 241 1868 375 1902; x_wconf 77' lang='grc' dir='ltr'>ἐξετάσαι,</span> <span class='ocrx_word' id='word_1_495' title='bbox 387 1871 413 1897; x_wconf 86' lang='grc' dir='ltr'>τί</span> <span class='ocrx_word' id='word_1_496' title='bbox 424 1871 582 1907; x_wconf 80' lang='grc' dir='ltr'><strong>βουλόμενος</strong></span> <span class='ocrx_word' id='word_1_497' title='bbox 596 1874 745 1908; x_wconf 66' lang='grc' dir='ltr'>ἀποφεύγει</span> <span class='ocrx_word' id='word_1_498' title='bbox 758 1875 787 1902; x_wconf 87' lang='grc' dir='ltr'><strong>τὸ</strong></span> <span class='ocrx_word' id='word_1_499' title='bbox 799 1877 859 1902; x_wconf 80' lang='grc' dir='ltr'>κατ’</span> 
     </span>
    </p>
   </div>
   <div class='ocr_carea' id='block_1_71' title="bbox 71 1913 860 1956">
    <p class='ocr_par' dir='ltr' id='par_1_71' title="bbox 71 1913 860 1956">
     <span class='ocr_line' id='line_1_71' title="bbox 71 1913 860 1956; baseline 0.013 -18"><span class='ocrx_word' id='word_1_500' title='bbox 71 1913 194 1940; x_wconf 78' lang='grc' dir='ltr'>ὲπενοιαν</span> <span class='ocrx_word' id='word_1_501' title='bbox 210 1915 381 1950; x_wconf 75' lang='grc' dir='ltr'>ἐπιλέγεσθαι</span> <span class='ocrx_word' id='word_1_502' title='bbox 408 1917 446 1953; x_wconf 86' lang='grc' dir='ltr'>τῷ</span> <span class='ocrx_word' id='word_1_503' title='bbox 462 1918 521 1954; x_wconf 86' lang='grc' dir='ltr'><strong>Θεῷ</strong></span> <span class='ocrx_word' id='word_1_504' title='bbox 536 1919 566 1945; x_wconf 91' lang='grc' dir='ltr'><strong>τὺ</strong></span> <span class='ocrx_word' id='word_1_505' title='bbox 587 1920 741 1956; x_wconf 83' lang='grc' dir='ltr'><strong>ἀγέννητον.</strong></span> <span class='ocrx_word' id='word_1_506' title='bbox 766 1921 860 1956; x_wconf 82' lang='grc' dir='ltr'>Δόγμα</span> 
     </span>
    </p>
   </div>
   <div class='ocr_carea' id='block_1_72' title="bbox 70 1958 859 2000">
    <p class='ocr_par' dir='ltr' id='par_1_72' title="bbox 70 1958 859 2000">
     <span class='ocr_line' id='line_1_72' title="bbox 70 1958 859 2000; baseline 0.011 -16"><span class='ocrx_word' id='word_1_507' title='bbox 70 1958 162 1985; x_wconf 76' lang='grc' dir='ltr'><strong>κοινὸν</strong></span> <span class='ocrx_word' id='word_1_508' title='bbox 185 1960 230 1986; x_wconf 77' lang='grc' dir='ltr'><strong>ἐπὶ</strong></span> <span class='ocrx_word' id='word_1_509' title='bbox 249 1961 356 1988; x_wconf 86' lang='grc' dir='ltr'>πάντων</span> <span class='ocrx_word' id='word_1_510' title='bbox 376 1962 430 1989; x_wconf 80' lang='grc' dir='ltr'><strong>τῶν</strong></span> <span class='ocrx_word' id='word_1_511' title='bbox 457 1964 697 2000; x_wconf 82' lang='grc' dir='ltr'><strong>παραδεδεγμένων</strong></span> <span class='ocrx_word' id='word_1_512' title='bbox 720 1965 765 1992; x_wconf 78' lang='grc' dir='ltr'><strong>τὸν</strong></span> <span class='ocrx_word' id='word_1_513' title='bbox 783 1965 859 2000; x_wconf 85' lang='grc' dir='ltr'>λόγον</span> 
     </span>
    </p>
   </div>
   <div class='ocr_carea' id='block_1_73' title="bbox 70 2005 859 2046">
    <p class='ocr_par' dir='ltr' id='par_1_73' title="bbox 70 2005 859 2046">
     <span class='ocr_line' id='line_1_73' title="bbox 70 2005 859 2046; baseline 0.003 -10"><span class='ocrx_word' id='word_1_514' title='bbox 70 2005 121 2039; x_wconf 81' lang='grc' dir='ltr'><strong>τῆς</strong></span> <span class='ocrx_word' id='word_1_515' title='bbox 146 2005 286 2038; x_wconf 78' lang='grc' dir='ltr'>εὐσεϐείας</span> <span class='ocrx_word' id='word_1_516' title='bbox 306 2008 459 2044; x_wconf 80' lang='grc' dir='ltr'><strong>κεκράτηκε</strong></span> <span class='ocrx_word' id='word_1_517' title='bbox 470 2030 477 2042; x_wconf 87' lang='grc'><strong>,</strong></span> <span class='ocrx_word' id='word_1_518' title='bbox 502 2010 532 2036; x_wconf 87' lang='grc' dir='ltr'>τὸ</span> <span class='ocrx_word' id='word_1_519' title='bbox 546 2011 636 2038; x_wconf 77' lang='grc' dir='ltr'>πᾶσαν</span> <span class='ocrx_word' id='word_1_520' title='bbox 651 2012 679 2037; x_wconf 79' lang='grc' dir='ltr'>ἐν</span> <span class='ocrx_word' id='word_1_521' title='bbox 693 2011 731 2046; x_wconf 82' lang='grc' dir='ltr'>τῷ</span> <span class='ocrx_word' id='word_1_522' title='bbox 750 2011 859 2046; x_wconf 79' lang='grc' dir='ltr'>Χριστῷ</span> 
     </span>
    </p>
   </div>
   <div class='ocr_carea' id='block_1_74' title="bbox 69 2049 860 2092">
    <p class='ocr_par' dir='ltr' id='par_1_74' title="bbox 69 2049 860 2092">
     <span class='ocr_line' id='line_1_74' title="bbox 69 2049 860 2092; baseline 0.011 -17"><span class='ocrx_word' id='word_1_523' title='bbox 69 2051 119 2086; x_wconf 76' lang='grc' dir='ltr'>τὴν</span> <span class='ocrx_word' id='word_1_524' title='bbox 133 2051 228 2077; x_wconf 79' lang='grc' dir='ltr'>ἐλπίδα</span> <span class='ocrx_word' id='word_1_525' title='bbox 240 2053 289 2087; x_wconf 83' lang='grc' dir='ltr'>τῆς</span> <span class='ocrx_word' id='word_1_526' title='bbox 307 2049 442 2090; x_wconf 72' lang='grc' dir='ltr'>σωτηρίας</span> <span class='ocrx_word' id='word_1_527' title='bbox 457 2055 511 2081; x_wconf 82' lang='grc' dir='ltr'>δεῖν</span> <span class='ocrx_word' id='word_1_528' title='bbox 528 2055 609 2090; x_wconf 78' lang='grc' dir='ltr'><strong>ἔχειν.</strong></span> <span class='ocrx_word' id='word_1_529' title='bbox 634 2056 676 2088; x_wconf 85' lang='grc' dir='ltr'>Ὠς</span> <span class='ocrx_word' id='word_1_530' title='bbox 688 2057 738 2084; x_wconf 82' lang='grc' dir='ltr'><strong>οὐκ</strong></span> <span class='ocrx_word' id='word_1_531' title='bbox 757 2057 860 2092; x_wconf 73' lang='grc' dir='ltr'>ἐνδεχό-</span> 
     </span>
    </p>
   </div>
   <div class='ocr_carea' id='block_1_75' title="bbox 72 2097 858 2137">
    <p class='ocr_par' dir='ltr' id='par_1_75' title="bbox 72 2097 858 2137">
     <span class='ocr_line' id='line_1_75' title="bbox 72 2097 858 2137; baseline 0.008 -15"><span class='ocrx_word' id='word_1_532' title='bbox 72 2105 153 2131; x_wconf 86' lang='grc' dir='ltr'>μενον</span> <span class='ocrx_word' id='word_1_533' title='bbox 166 2097 252 2129; x_wconf 83' lang='grc' dir='ltr'>ἄλλως</span> <span class='ocrx_word' id='word_1_534' title='bbox 263 2099 291 2125; x_wconf 80' lang='grc' dir='ltr'>ὲν</span> <span class='ocrx_word' id='word_1_535' title='bbox 302 2099 413 2133; x_wconf 80' lang='grc' dir='ltr'><strong>ἀγαθοῖς</strong></span> <span class='ocrx_word' id='word_1_536' title='bbox 425 2100 560 2134; x_wconf 85' lang='grc' dir='ltr'>γενέσθαι,</span> <span class='ocrx_word' id='word_1_537' title='bbox 576 2100 611 2136; x_wconf 87' lang='grc' dir='ltr'><strong>μὴ</strong></span> <span class='ocrx_word' id='word_1_538' title='bbox 626 2101 674 2136; x_wconf 82' lang='grc' dir='ltr'>τῆς</span> <span class='ocrx_word' id='word_1_539' title='bbox 689 2103 727 2133; x_wconf 81' lang='grc' dir='ltr'>είς</span> <span class='ocrx_word' id='word_1_540' title='bbox 742 2102 858 2137; x_wconf 80' lang='grc' dir='ltr'><strong>Χριστὸν</strong></span> 
     </span>
    </p>
   </div>
   <div class='ocr_carea' id='block_1_76' title="bbox 70 2141 858 2183">
    <p class='ocr_par' dir='ltr' id='par_1_76' title="bbox 70 2141 858 2183">
     <span class='ocr_line' id='line_1_76' title="bbox 70 2141 858 2183; baseline 0.009 -16"><span class='ocrx_word' id='word_1_541' title='bbox 70 2141 188 2173; x_wconf 81' lang='grc' dir='ltr'>πίστεως</span> <span class='ocrx_word' id='word_1_542' title='bbox 206 2145 394 2180; x_wconf 82' lang='grc' dir='ltr'><strong>παρεχομένης</strong></span> <span class='ocrx_word' id='word_1_543' title='bbox 409 2145 439 2172; x_wconf 77' lang='grc' dir='ltr'><strong>τὸ</strong></span> <span class='ocrx_word' id='word_1_544' title='bbox 461 2146 686 2181; x_wconf 81' lang='grc' dir='ltr'><strong>σπουδαζόμενον.</strong></span> <span class='ocrx_word' id='word_1_545' title='bbox 704 2147 811 2183; x_wconf 85' lang='grc' dir='ltr'><strong>Ταύτης</strong></span> <span class='ocrx_word' id='word_1_546' title='bbox 829 2148 858 2174; x_wconf 84' lang='grc' dir='ltr'>δὲ</span> 
     </span>
    </p>
   </div>
   <div class='ocr_carea' id='block_1_77' title="bbox 70 2187 857 2227">
    <p class='ocr_par' dir='ltr' id='par_1_77' title="bbox 70 2187 857 2227">
     <span class='ocr_line' id='line_1_77' title="bbox 70 2187 857 2227; baseline 0.008 -14"><span class='ocrx_word' id='word_1_547' title='bbox 70 2188 119 2221; x_wconf 81' lang='grc' dir='ltr'>τῆς</span> <span class='ocrx_word' id='word_1_548' title='bbox 134 2187 252 2220; x_wconf 79' lang='grc' dir='ltr'>διανοίας</span> <span class='ocrx_word' id='word_1_549' title='bbox 268 2190 373 2224; x_wconf 79' lang='grc' dir='ltr'>παγίως</span> <span class='ocrx_word' id='word_1_550' title='bbox 385 2193 445 2222; x_wconf 80' lang='grc' dir='ltr'>ταῖς</span> <span class='ocrx_word' id='word_1_551' title='bbox 457 2191 556 2227; x_wconf 75' lang='grc' dir='ltr'>ψυχαῖς</span> <span class='ocrx_word' id='word_1_552' title='bbox 570 2192 623 2219; x_wconf 86' lang='grc' dir='ltr'>τῶν</span> <span class='ocrx_word' id='word_1_553' title='bbox 638 2193 857 2220; x_wconf 84' lang='grc' dir='ltr'><strong>πεπιστευκότων</strong></span> 
     </span>
    </p>
   </div>
   <div class='ocr_carea' id='block_1_78' title="bbox 915 1598 1700 1635">
    <p class='ocr_par' dir='ltr' id='par_1_78' title="bbox 915 1598 1700 1635">
     <span class='ocr_line' id='line_1_78' title="bbox 915 1598 1700 1635; baseline 0.005 -10"><span class='ocrx_word' id='word_1_554' title='bbox 915 1598 988 1625; x_wconf 86' lang='lat' dir='ltr'><strong>notis</strong></span> <span class='ocrx_word' id='word_1_555' title='bbox 1001 1606 1009 1630; x_wconf 89' lang='lat'><strong>;</strong></span> <span class='ocrx_word' id='word_1_556' title='bbox 1024 1605 1056 1625; x_wconf 86' lang='lat' dir='ltr'><strong>ac</strong></span> <span class='ocrx_word' id='word_1_557' title='bbox 1071 1606 1117 1633; x_wconf 89' lang='lat' dir='ltr'><strong>per</strong></span> <span class='ocrx_word' id='word_1_558' title='bbox 1131 1598 1290 1634; x_wconf 80' lang='lat' dir='ltr'><strong>dogmatum</strong></span> <span class='ocrx_word' id='word_1_559' title='bbox 1314 1601 1527 1635; x_wconf 87' lang='lat' dir='ltr'><strong>speculationem</strong></span> <span class='ocrx_word' id='word_1_560' title='bbox 1549 1609 1700 1630; x_wconf 85' lang='lat' dir='ltr'><strong>sermonem</strong></span> 
     </span>
    </p>
   </div>
   <div class='ocr_carea' id='block_1_79' title="bbox 914 1642 1701 1681">
    <p class='ocr_par' dir='ltr' id='par_1_79' title="bbox 914 1642 1701 1681">
     <span class='ocr_line' id='line_1_79' title="bbox 914 1642 1701 1681; baseline 0.009 -13"><span class='ocrx_word' id='word_1_561' title='bbox 914 1642 1049 1677; x_wconf 87' lang='lat' dir='ltr'><strong>producit.</strong></span> <span class='ocrx_word' id='word_1_562' title='bbox 1070 1643 1171 1670; x_wconf 86' lang='lat' dir='ltr'><strong>Contra</strong></span> <span class='ocrx_word' id='word_1_563' title='bbox 1186 1651 1266 1678; x_wconf 89' lang='lat' dir='ltr'><strong>quem</strong></span> <span class='ocrx_word' id='word_1_564' title='bbox 1283 1644 1442 1678; x_wconf 82' lang='lat' dir='ltr'><strong>Eunomius,</strong></span> <span class='ocrx_word' id='word_1_565' title='bbox 1460 1654 1509 1681; x_wconf 87' lang='lat' dir='ltr'><strong>per</strong></span> <span class='ocrx_word' id='word_1_566' title='bbox 1528 1648 1599 1674; x_wconf 87' lang='lat' dir='ltr'><strong>hanc</strong></span> <span class='ocrx_word' id='word_1_567' title='bbox 1618 1654 1701 1674; x_wconf 81' lang='lat' dir='ltr'><strong>vene-</strong></span> 
     </span>
    </p>
   </div>
   <div class='ocr_carea' id='block_1_80' title="bbox 914 1688 1699 1726">
    <p class='ocr_par' dir='ltr' id='par_1_80' title="bbox 914 1688 1699 1726">
     <span class='ocr_line' id='line_1_80' title="bbox 914 1688 1699 1726; baseline 0.005 -11"><span class='ocrx_word' id='word_1_568' title='bbox 914 1688 1028 1716; x_wconf 88' lang='lat' dir='ltr'><strong>randatn</strong></span> <span class='ocrx_word' id='word_1_569' title='bbox 1042 1696 1199 1716; x_wconf 85' lang='lat' dir='ltr'><strong>sermonum</strong></span> <span class='ocrx_word' id='word_1_570' title='bbox 1219 1690 1397 1724; x_wconf 84' lang='lat' dir='ltr'><strong>scriptioncm</strong></span> <span class='ocrx_word' id='word_1_571' title='bbox 1427 1691 1546 1726; x_wconf 85' lang='lat' dir='ltr'><strong>seipsum</strong></span> <span class='ocrx_word' id='word_1_572' title='bbox 1574 1691 1699 1724; x_wconf 75' lang='lat' dir='ltr'><strong>efferens,</strong></span> 
     </span>
    </p>
   </div>
   <div class='ocr_carea' id='block_1_81' title="bbox 914 1734 1699 1773">
    <p class='ocr_par' dir='ltr' id='par_1_81' title="bbox 914 1734 1699 1773">
     <span class='ocr_line' id='line_1_81' title="bbox 914 1734 1699 1773; baseline 0.004 -12"><span class='ocrx_word' id='word_1_573' title='bbox 914 1742 974 1769; x_wconf 70' lang='lat' dir='ltr'><strong>qua:</strong></span> <span class='ocrx_word' id='word_1_574' title='bbox 1002 1734 1037 1762; x_wconf 91' lang='lat' dir='ltr'><strong>de</strong></span> <span class='ocrx_word' id='word_1_575' title='bbox 1063 1736 1294 1763; x_wconf 88' lang='lat' dir='ltr'><strong>commentatione</strong></span> <span class='ocrx_word' id='word_1_576' title='bbox 1316 1736 1435 1764; x_wconf 88' lang='lat' dir='ltr'><strong>dilucide</strong></span> <span class='ocrx_word' id='word_1_577' title='bbox 1464 1741 1527 1765; x_wconf 88' lang='lat' dir='ltr'><strong>sunt</strong></span> <span class='ocrx_word' id='word_1_578' title='bbox 1554 1737 1699 1773; x_wconf 83' lang='lat' dir='ltr'><strong>explicata,</strong></span> 
     </span>
    </p>
   </div>
   <div class='ocr_carea' id='block_1_82' title="bbox 913 1780 1469 1810">
    <p class='ocr_par' dir='ltr' id='par_1_82' title="bbox 913 1780 1469 1810">
     <span class='ocr_line' id='line_1_82' title="bbox 913 1780 1469 1810; baseline 0.002 -2"><span class='ocrx_word' id='word_1_579' title='bbox 913 1780 1064 1809; x_wconf 83' lang='lat' dir='ltr'><strong>dissolvere</strong></span> <span class='ocrx_word' id='word_1_580' title='bbox 1079 1785 1195 1808; x_wconf 87' lang='lat' dir='ltr'><strong>conatur</strong></span> <span class='ocrx_word' id='word_1_581' title='bbox 1209 1782 1242 1809; x_wconf 90' lang='lat' dir='ltr'><strong>ad</strong></span> <span class='ocrx_word' id='word_1_582' title='bbox 1257 1782 1330 1809; x_wconf 88' lang='lat' dir='ltr'><strong>hunc</strong></span> <span class='ocrx_word' id='word_1_583' title='bbox 1348 1782 1469 1810; x_wconf 87' lang='lat' dir='ltr'><strong>modum.</strong></span> 
     </span>
    </p>
   </div>
   <div class='ocr_carea' id='block_1_83' title="bbox 949 1827 1698 1865">
    <p class='ocr_par' dir='ltr' id='par_1_83' title="bbox 949 1827 1698 1865">
     <span class='ocr_line' id='line_1_83' title="bbox 949 1827 1698 1865; baseline 0.004 -12"><span class='ocrx_word' id='word_1_584' title='bbox 949 1827 1002 1854; x_wconf 80' lang='lat' dir='ltr'><strong>Sed</strong></span> <span class='ocrx_word' id='word_1_585' title='bbox 1019 1831 1130 1862; x_wconf 69' lang='lat' dir='ltr'><strong>praestat</strong></span> <span class='ocrx_word' id='word_1_586' title='bbox 1143 1827 1260 1855; x_wconf 81' lang='lat' dir='ltr'><strong>fortasse</strong></span> <span class='ocrx_word' id='word_1_587' title='bbox 1269 1828 1428 1863; x_wconf 85' lang='lat' dir='ltr'><strong>priusquam</strong></span> <span class='ocrx_word' id='word_1_588' title='bbox 1445 1836 1505 1863; x_wconf 66' lang='lat' dir='ltr'><strong>quae</strong></span> <span class='ocrx_word' id='word_1_589' title='bbox 1519 1834 1584 1857; x_wconf 78' lang='lat' dir='ltr'><strong>sunt</strong></span> <span class='ocrx_word' id='word_1_590' title='bbox 1597 1829 1698 1865; x_wconf 76' lang='lat' dir='ltr'><strong>scripta</strong></span> 
     </span>
    </p>
   </div>
   <div class='ocr_carea' id='block_1_84' title="bbox 913 1872 1698 1910">
    <p class='ocr_par' dir='ltr' id='par_1_84' title="bbox 913 1872 1698 1910">
     <span class='ocr_line' id='line_1_84' title="bbox 913 1872 1698 1910; baseline 0.003 -10"><span class='ocrx_word' id='word_1_591' title='bbox 913 1872 947 1900; x_wconf 89' lang='lat' dir='ltr'><strong>ad</strong></span> <span class='ocrx_word' id='word_1_592' title='bbox 971 1879 1094 1899; x_wconf 82' lang='lat' dir='ltr'><strong>normam</strong></span> <span class='ocrx_word' id='word_1_593' title='bbox 1122 1872 1276 1908; x_wconf 82' lang='lat' dir='ltr'><strong>exigantur,</strong></span> <span class='ocrx_word' id='word_1_594' title='bbox 1308 1880 1421 1907; x_wconf 88' lang='lat' dir='ltr'><strong>scopum</strong></span> <span class='ocrx_word' id='word_1_595' title='bbox 1449 1874 1618 1907; x_wconf 79' lang='lat' dir='ltr'><strong>examinare,</strong></span> <span class='ocrx_word' id='word_1_596' title='bbox 1645 1882 1698 1910; x_wconf 87' lang='lat' dir='ltr'><strong>qua</strong></span> 
     </span>
    </p>
   </div>
   <div class='ocr_carea' id='block_1_85' title="bbox 912 1918 1698 1953">
    <p class='ocr_par' dir='ltr' id='par_1_85' title="bbox 912 1918 1698 1953">
     <span class='ocr_line' id='line_1_85' title="bbox 912 1918 1698 1953; baseline 0.003 -8"><span class='ocrx_word' id='word_1_597' title='bbox 912 1922 1003 1946; x_wconf 90' lang='lat' dir='ltr'><strong>mente</strong></span> <span class='ocrx_word' id='word_1_598' title='bbox 1015 1918 1084 1953; x_wconf 78' lang='lat' dir='ltr'><strong>fugit</strong></span> <span class='ocrx_word' id='word_1_599' title='bbox 1099 1918 1213 1953; x_wconf 80' lang='lat' dir='ltr'><strong>ingeniti</strong></span> <span class='ocrx_word' id='word_1_600' title='bbox 1235 1926 1335 1946; x_wconf 91' lang='lat' dir='ltr'><strong>nomen</strong></span> <span class='ocrx_word' id='word_1_601' title='bbox 1351 1918 1385 1946; x_wconf 84' lang='lat' dir='ltr'><strong>de</strong></span> <span class='ocrx_word' id='word_1_602' title='bbox 1415 1918 1470 1946; x_wconf 86' lang='lat' dir='ltr'><strong>Deo</strong></span> <span class='ocrx_word' id='word_1_603' title='bbox 1487 1919 1541 1946; x_wconf 91' lang='lat' dir='ltr'><strong>dici</strong></span> <span class='ocrx_word' id='word_1_604' title='bbox 1567 1921 1627 1946; x_wconf 82' lang='grc' dir='ltr'><strong>κατ’</strong></span> <span class='ocrx_word' id='word_1_605' title='bbox 1642 1920 1698 1947; x_wconf 75' lang='grc' dir='ltr'><strong>ἐπί-</strong></span> 
     </span>
    </p>
   </div>
   <div class='ocr_carea' id='block_1_86' title="bbox 911 1964 1697 1998">
    <p class='ocr_par' dir='ltr' id='par_1_86' title="bbox 911 1964 1697 1998">
     <span class='ocr_line' id='line_1_86' title="bbox 911 1964 1697 1998; baseline 0.003 -7"><span class='ocrx_word' id='word_1_606' title='bbox 911 1973 996 1996; x_wconf 86' lang='grc' dir='ltr'>νοιαν,</span> <span class='ocrx_word' id='word_1_607' title='bbox 1012 1964 1038 1991; x_wconf 90' lang='lat' dir='ltr'><strong>id</strong></span> <span class='ocrx_word' id='word_1_608' title='bbox 1053 1968 1105 1998; x_wconf 89' lang='lat' dir='ltr'><strong>est,</strong></span> <span class='ocrx_word' id='word_1_609' title='bbox 1120 1972 1152 1992; x_wconf 87' lang='lat' dir='ltr'><strong>ex</strong></span> <span class='ocrx_word' id='word_1_610' title='bbox 1168 1964 1267 1992; x_wconf 88' lang='lat' dir='ltr'><strong>mentis</strong></span> <span class='ocrx_word' id='word_1_611' title='bbox 1282 1965 1524 1992; x_wconf 86' lang='lat' dir='ltr'><strong>commentatione.</strong></span> <span class='ocrx_word' id='word_1_612' title='bbox 1546 1965 1627 1998; x_wconf 83' lang='lat' dir='ltr'><strong>Fides</strong></span> <span class='ocrx_word' id='word_1_613' title='bbox 1641 1965 1697 1993; x_wconf 66' lang='lat' dir='ltr'><strong>haec</strong></span> 
     </span>
    </p>
   </div>
   <div class='ocr_carea' id='block_1_87' title="bbox 912 2010 1698 2046">
    <p class='ocr_par' dir='ltr' id='par_1_87' title="bbox 912 2010 1698 2046">
     <span class='ocr_line' id='line_1_87' title="bbox 912 2010 1698 2046; baseline 0.001 -9"><span class='ocrx_word' id='word_1_614' title='bbox 912 2010 1066 2038; x_wconf 82' lang='lat' dir='ltr'><strong>communis</strong></span> <span class='ocrx_word' id='word_1_615' title='bbox 1095 2010 1122 2037; x_wconf 93' lang='lat' dir='ltr'><strong>in</strong></span> <span class='ocrx_word' id='word_1_616' title='bbox 1153 2011 1281 2038; x_wconf 89' lang='lat' dir='ltr'><strong>omnibus</strong></span> <span class='ocrx_word' id='word_1_617' title='bbox 1310 2011 1357 2045; x_wconf 90' lang='lat' dir='ltr'><strong>qui</strong></span> <span class='ocrx_word' id='word_1_618' title='bbox 1385 2011 1499 2038; x_wconf 88' lang='lat' dir='ltr'><strong>verbum</strong></span> <span class='ocrx_word' id='word_1_619' title='bbox 1534 2019 1698 2046; x_wconf 82' lang='lat' dir='ltr'><strong>acceperunt</strong></span> 
     </span>
    </p>
   </div>
   <div class='ocr_carea' id='block_1_88' title="bbox 916 2055 1697 2091">
    <p class='ocr_par' dir='ltr' id='par_1_88' title="bbox 916 2055 1697 2091">
     <span class='ocr_line' id='line_1_88' title="bbox 916 2055 1697 2091; baseline 0.004 -9"><span class='ocrx_word' id='word_1_620' title='bbox 916 2056 1026 2091; x_wconf 87' lang='lat' dir='ltr'><strong>pietatis</strong></span> <span class='ocrx_word' id='word_1_621' title='bbox 1042 2056 1194 2090; x_wconf 67' lang='lat' dir='ltr'><strong>praevaluit,</strong></span> <span class='ocrx_word' id='word_1_622' title='bbox 1210 2063 1319 2083; x_wconf 91' lang='lat' dir='ltr'><strong>omnem</strong></span> <span class='ocrx_word' id='word_1_623' title='bbox 1335 2055 1432 2083; x_wconf 87' lang='lat' dir='ltr'><strong>salutis</strong></span> <span class='ocrx_word' id='word_1_624' title='bbox 1447 2063 1522 2090; x_wconf 86' lang='lat' dir='ltr'><strong>spem</strong></span> <span class='ocrx_word' id='word_1_625' title='bbox 1540 2057 1567 2083; x_wconf 95' lang='lat' dir='ltr'><strong>in</strong></span> <span class='ocrx_word' id='word_1_626' title='bbox 1587 2057 1697 2085; x_wconf 80' lang='lat' dir='ltr'><strong>Christo</strong></span> 
     </span>
    </p>
   </div>
   <div class='ocr_carea' id='block_1_89' title="bbox 913 2099 1695 2136">
    <p class='ocr_par' dir='ltr' id='par_1_89' title="bbox 913 2099 1695 2136">
     <span class='ocr_line' id='line_1_89' title="bbox 913 2099 1695 2136; baseline 0.003 -9"><span class='ocrx_word' id='word_1_627' title='bbox 913 2100 1063 2127; x_wconf 85' lang='lat' dir='ltr'><strong>habendam</strong></span> <span class='ocrx_word' id='word_1_628' title='bbox 1097 2107 1169 2128; x_wconf 89' lang='lat' dir='ltr'><strong>esse.</strong></span> <span class='ocrx_word' id='word_1_629' title='bbox 1201 2099 1279 2133; x_wconf 79' lang='lat' dir='ltr'><strong>Quod</strong></span> <span class='ocrx_word' id='word_1_630' title='bbox 1314 2108 1368 2127; x_wconf 91' lang='lat' dir='ltr'><strong>non</strong></span> <span class='ocrx_word' id='word_1_631' title='bbox 1398 2100 1538 2136; x_wconf 75' lang='lat' dir='ltr'><strong>contingat</strong></span> <span class='ocrx_word' id='word_1_632' title='bbox 1567 2101 1646 2128; x_wconf 87' lang='lat' dir='ltr'><strong>aliter</strong></span> <span class='ocrx_word' id='word_1_633' title='bbox 1669 2103 1695 2129; x_wconf 94' lang='lat' dir='ltr'><strong>in</strong></span> 
     </span>
    </p>
   </div>
   <div class='ocr_carea' id='block_1_90' title="bbox 912 2145 1696 2182">
    <p class='ocr_par' dir='ltr' id='par_1_90' title="bbox 912 2145 1696 2182">
     <span class='ocr_line' id='line_1_90' title="bbox 912 2145 1696 2182; baseline 0.001 -8"><span class='ocrx_word' id='word_1_634' title='bbox 912 2146 991 2174; x_wconf 88' lang='lat' dir='ltr'><strong>bonis</strong></span> <span class='ocrx_word' id='word_1_635' title='bbox 1005 2153 1077 2179; x_wconf 88' lang='lat' dir='ltr'><strong>esse,</strong></span> <span class='ocrx_word' id='word_1_636' title='bbox 1095 2146 1122 2173; x_wconf 90' lang='lat' dir='ltr'><strong>id</strong></span> <span class='ocrx_word' id='word_1_637' title='bbox 1135 2150 1186 2178; x_wconf 87' lang='lat' dir='ltr'><strong>est,</strong></span> <span class='ocrx_word' id='word_1_638' title='bbox 1203 2150 1331 2173; x_wconf 73' lang='lat' dir='ltr'><strong>aeternam</strong></span> <span class='ocrx_word' id='word_1_639' title='bbox 1348 2145 1504 2173; x_wconf 83' lang='lat' dir='ltr'><strong>felicitatem</strong></span> <span class='ocrx_word' id='word_1_640' title='bbox 1525 2147 1650 2182; x_wconf 83' lang='lat' dir='ltr'><strong>adipisci,</strong></span> <span class='ocrx_word' id='word_1_641' title='bbox 1672 2149 1696 2176; x_wconf 89' lang='lat' dir='ltr'><strong>si</strong></span> 
     </span>
    </p>
   </div>
   <div class='ocr_carea' id='block_1_91' title="bbox 911 2190 1694 2226">
    <p class='ocr_par' dir='ltr' id='par_1_91' title="bbox 911 2190 1694 2226">
     <span class='ocr_line' id='line_1_91' title="bbox 911 2190 1694 2226; baseline 0.001 -8"><span class='ocrx_word' id='word_1_642' title='bbox 911 2191 939 2219; x_wconf 91' lang='lat' dir='ltr'><strong>in</strong></span> <span class='ocrx_word' id='word_1_643' title='bbox 952 2192 1091 2220; x_wconf 88' lang='lat' dir='ltr'><strong>Christum</strong></span> <span class='ocrx_word' id='word_1_644' title='bbox 1105 2192 1170 2219; x_wconf 84' lang='lat' dir='ltr'><strong>fides</strong></span> <span class='ocrx_word' id='word_1_645' title='bbox 1185 2199 1238 2218; x_wconf 88' lang='lat' dir='ltr'><strong>non</strong></span> <span class='ocrx_word' id='word_1_646' title='bbox 1255 2190 1370 2226; x_wconf 60' lang='lat' dir='ltr'><strong>pra-beat</strong></span> <span class='ocrx_word' id='word_1_647' title='bbox 1384 2191 1455 2225; x_wconf 90' lang='lat' dir='ltr'><strong>quod</strong></span> <span class='ocrx_word' id='word_1_648' title='bbox 1467 2192 1613 2226; x_wconf 86' lang='lat' dir='ltr'><strong>expetitur.</strong></span> <span class='ocrx_word' id='word_1_649' title='bbox 1628 2192 1694 2219; x_wconf 88' lang='lat' dir='ltr'><strong>Cum</strong></span> 
     </span>
    </p>
   </div>
   <div class='ocr_carea' id='block_1_92' title="bbox 69 2228 864 2274">
    <p class='ocr_par' dir='ltr' id='par_1_92' title="bbox 69 2233 859 2274">
     <span class='ocr_line' id='line_1_92' title="bbox 69 2233 859 2274; baseline 0.009 -16"><span class='ocrx_word' id='word_1_650' title='bbox 69 2233 279 2269; x_wconf 78' lang='grc' dir='ltr'><strong>ἑρηρεισμένης,</strong></span> <span class='ocrx_word' id='word_1_651' title='bbox 300 2236 345 2261; x_wconf 76' lang='grc' dir='ltr'><strong>καὶ</strong></span> <span class='ocrx_word' id='word_1_652' title='bbox 359 2236 448 2272; x_wconf 76' lang='grc' dir='ltr'>πάσης</span> <span class='ocrx_word' id='word_1_653' title='bbox 461 2239 543 2272; x_wconf 83' lang='grc' dir='ltr'>τιμῆς</span> <span class='ocrx_word' id='word_1_654' title='bbox 558 2246 587 2263; x_wconf 89' lang='grc' dir='ltr'>τε</span> <span class='ocrx_word' id='word_1_655' title='bbox 603 2238 650 2265; x_wconf 78' lang='grc' dir='ltr'><strong>καὶ</strong></span> <span class='ocrx_word' id='word_1_656' title='bbox 672 2238 799 2274; x_wconf 83' lang='grc' dir='ltr'>λατρείας</span> <span class='ocrx_word' id='word_1_657' title='bbox 812 2239 859 2266; x_wconf 72' lang='grc' dir='ltr'><strong>καὶ</strong></span> 
     </span>
    </p>
   </div>
   <div class='ocr_carea' id='block_1_93' title="bbox 916 2228 1696 2274">
    <p class='ocr_par' dir='ltr' id='par_1_93' title="bbox 916 2237 1696 2266">
     <span class='ocr_line' id='line_1_93' title="bbox 916 2237 1696 2266; baseline 0 0"><span class='ocrx_word' id='word_1_658' title='bbox 916 2243 1001 2266; x_wconf 77' lang='lat' dir='ltr'><strong>autem</strong></span> <span class='ocrx_word' id='word_1_659' title='bbox 1023 2239 1080 2266; x_wconf 71' lang='lat' dir='ltr'><strong>haec</strong></span> <span class='ocrx_word' id='word_1_660' title='bbox 1098 2238 1233 2266; x_wconf 89' lang='lat' dir='ltr'><strong>sententia</strong></span> <span class='ocrx_word' id='word_1_661' title='bbox 1261 2238 1374 2265; x_wconf 87' lang='lat' dir='ltr'><strong>ﬁrmiter</strong></span> <span class='ocrx_word' id='word_1_662' title='bbox 1397 2237 1566 2265; x_wconf 79' lang='lat' dir='ltr'><strong>credentium</strong></span> <span class='ocrx_word' id='word_1_663' title='bbox 1598 2238 1696 2266; x_wconf 84' lang='lat' dir='ltr'><strong>animis</strong></span> 
     </span>
    </p>
   </div>
   <div class='ocr_carea' id='block_1_94' title="bbox 69 2278 861 2320">
    <p class='ocr_par' dir='ltr' id='par_1_94' title="bbox 69 2278 861 2320">
     <span class='ocr_line' id='line_1_94' title="bbox 69 2278 861 2320; baseline 0.009 -16"><span class='ocrx_word' id='word_1_664' title='bbox 69 2278 150 2314; x_wconf 76' lang='grc' dir='ltr'>δόξης</span> <span class='ocrx_word' id='word_1_665' title='bbox 160 2279 198 2314; x_wconf 85' lang='grc' dir='ltr'><strong>τῷ</strong></span> <span class='ocrx_word' id='word_1_666' title='bbox 212 2283 348 2314; x_wconf 81' lang='grc' dir='ltr'>μονογενεῖ</span> <span class='ocrx_word' id='word_1_667' title='bbox 357 2282 415 2317; x_wconf 84' lang='grc' dir='ltr'><strong>Θεῷ</strong></span> <span class='ocrx_word' id='word_1_668' title='bbox 431 2283 505 2318; x_wconf 76' lang='grc' dir='ltr'>παρὰ</span> <span class='ocrx_word' id='word_1_669' title='bbox 520 2283 627 2310; x_wconf 87' lang='grc' dir='ltr'>πάντων</span> <span class='ocrx_word' id='word_1_670' title='bbox 639 2284 676 2315; x_wconf 84' lang='grc' dir='ltr'>ὡς</span> <span class='ocrx_word' id='word_1_671' title='bbox 689 2284 801 2320; x_wconf 85' lang='grc' dir='ltr'>ἀρχηγῷ</span> <span class='ocrx_word' id='word_1_672' title='bbox 811 2285 861 2320; x_wconf 82' lang='grc' dir='ltr'><strong>τῆς</strong></span> 
     </span>
    </p>
   </div>
   <div class='ocr_carea' id='block_1_95' title="bbox 69 2325 858 2366">
    <p class='ocr_par' dir='ltr' id='par_1_95' title="bbox 69 2325 858 2366">
     <span class='ocr_line' id='line_1_95' title="bbox 69 2325 858 2366; baseline 0.008 -15"><span class='ocrx_word' id='word_1_673' title='bbox 69 2325 145 2360; x_wconf 87' lang='grc' dir='ltr'><strong>ζωῆς</strong></span> <span class='ocrx_word' id='word_1_674' title='bbox 159 2327 351 2362; x_wconf 81' lang='grc' dir='ltr'><strong>ἀνακειμένης,</strong></span> <span class='ocrx_word' id='word_1_675' title='bbox 368 2329 408 2363; x_wconf 88' lang='grc' dir='ltr'><strong>τῷ</strong></span> <span class='ocrx_word' id='word_1_676' title='bbox 422 2329 542 2356; x_wconf 80' lang='grc' dir='ltr'><strong>ποιοῦντι</strong></span> <span class='ocrx_word' id='word_1_677' title='bbox 557 2330 590 2357; x_wconf 86' lang='grc' dir='ltr'><strong>τὰ</strong></span> <span class='ocrx_word' id='word_1_678' title='bbox 602 2330 647 2356; x_wconf 77' lang='grc' dir='ltr'>τοῦ</span> <span class='ocrx_word' id='word_1_679' title='bbox 659 2331 765 2366; x_wconf 83' lang='grc' dir='ltr'>Πατρὺς</span> <span class='ocrx_word' id='word_1_680' title='bbox 781 2330 858 2366; x_wconf 77' lang='grc' dir='ltr'>ἔργα,</span> 
     </span>
    </p>
   </div>
   <div class='ocr_carea' id='block_1_96' title="bbox 69 2371 860 2411">
    <p class='ocr_par' dir='ltr' id='par_1_96' title="bbox 69 2371 860 2411">
     <span class='ocr_line' id='line_1_96' title="bbox 69 2371 860 2411; baseline 0.006 -14"><span class='ocrx_word' id='word_1_681' title='bbox 69 2371 163 2403; x_wconf 84' lang='grc' dir='ltr'>καθὼς</span> <span class='ocrx_word' id='word_1_682' title='bbox 180 2372 260 2404; x_wconf 81' lang='grc' dir='ltr'>αὐτὸς</span> <span class='ocrx_word' id='word_1_683' title='bbox 275 2373 289 2399; x_wconf 86' lang='grc' dir='ltr'><strong>ό</strong></span> <span class='ocrx_word' id='word_1_684' title='bbox 312 2373 413 2409; x_wconf 84' lang='grc' dir='ltr'><strong>Κύριος</strong></span> <span class='ocrx_word' id='word_1_685' title='bbox 431 2375 460 2401; x_wconf 83' lang='grc' dir='ltr'><strong>ὲν</strong></span> <span class='ocrx_word' id='word_1_686' title='bbox 475 2375 514 2410; x_wconf 83' lang='grc' dir='ltr'>τῷ</span> <span class='ocrx_word' id='word_1_687' title='bbox 531 2375 690 2411; x_wconf 88' lang='grc' dir='ltr'>Εὐαγγελίῳ</span> <span class='ocrx_word' id='word_1_688' title='bbox 714 2376 779 2411; x_wconf 67' lang='grc' dir='ltr'>φησι</span> <span class='ocrx_word' id='word_1_689' title='bbox 790 2396 797 2407; x_wconf 89' lang='grc'><strong>,</strong></span> <span class='ocrx_word' id='word_1_690' title='bbox 813 2377 860 2405; x_wconf 79' lang='grc' dir='ltr'><strong>καὶ</strong></span> 
     </span>
    </p>
   </div>
   <div class='ocr_carea' id='block_1_97' title="bbox 70 2416 859 2457">
    <p class='ocr_par' dir='ltr' id='par_1_97' title="bbox 70 2416 859 2457">
     <span class='ocr_line' id='line_1_97' title="bbox 70 2416 859 2457; baseline 0.009 -16"><span class='ocrx_word' id='word_1_691' title='bbox 70 2416 208 2452; x_wconf 79' lang='grc' dir='ltr'><strong>μηδεμιᾶς</strong></span> <span class='ocrx_word' id='word_1_692' title='bbox 232 2418 302 2445; x_wconf 82' lang='grc' dir='ltr'>κατὰ</span> <span class='ocrx_word' id='word_1_693' title='bbox 326 2421 414 2446; x_wconf 85' lang='grc' dir='ltr'>πᾶσαν</span> <span class='ocrx_word' id='word_1_694' title='bbox 445 2420 545 2455; x_wconf 84' lang='grc' dir='ltr'>ἀγαθοῦ</span> <span class='ocrx_word' id='word_1_695' title='bbox 570 2422 736 2457; x_wconf 80' lang='grc' dir='ltr'><strong>πράγματος¹</strong></span> <span class='ocrx_word' id='word_1_696' title='bbox 756 2421 859 2448; x_wconf 79' lang='grc' dir='ltr'><strong>ἔννοιαν</strong></span> 
     </span>
    </p>
   </div>
   <div class='ocr_carea' id='block_1_98' title="bbox 69 2462 879 2503">
    <p class='ocr_par' dir='ltr' id='par_1_98' title="bbox 69 2462 879 2503">
     <span class='ocr_line' id='line_1_98' title="bbox 69 2462 879 2503; baseline 0.007 -14"><span class='ocrx_word' id='word_1_697' title='bbox 69 2462 223 2497; x_wconf 77' lang='grc' dir='ltr'>ὑπερὸολῆς</span> <span class='ocrx_word' id='word_1_698' title='bbox 240 2463 440 2500; x_wconf 79' lang='grc' dir='ltr'><strong>ἐλαττουμένῳ,</strong></span> <span class='ocrx_word' id='word_1_699' title='bbox 465 2467 514 2493; x_wconf 73' lang='grc' dir='ltr'>οὐκ</span> <span class='ocrx_word' id='word_1_700' title='bbox 529 2465 585 2492; x_wconf 78' lang='grc' dir='ltr'>οἶδα</span> <span class='ocrx_word' id='word_1_701' title='bbox 610 2467 691 2493; x_wconf 80' lang='grc' dir='ltr'>πόθεν</span> <span class='ocrx_word' id='word_1_702' title='bbox 707 2474 859 2503; x_wconf 83' lang='grc' dir='ltr'>παρακινη-</span> <span class='ocrx_word' id='word_1_703' title='bbox 875 2491 879 2495; x_wconf 80' lang='grc'><strong>,</strong></span> 
     </span>
    </p>
   </div>
   <div class='ocr_carea' id='block_1_99' title="bbox 69 2505 857 2547">
    <p class='ocr_par' dir='ltr' id='par_1_99' title="bbox 69 2505 857 2547">
     <span class='ocr_line' id='line_1_99' title="bbox 69 2505 857 2547; baseline 0.011 -17"><span class='ocrx_word' id='word_1_704' title='bbox 69 2505 163 2537; x_wconf 80' lang='grc' dir='ltr'>θέντες</span> <span class='ocrx_word' id='word_1_705' title='bbox 178 2506 324 2543; x_wconf 70' lang='grc' dir='ltr'>δυσμενείᾳ</span> <span class='ocrx_word' id='word_1_706' title='bbox 342 2509 389 2535; x_wconf 76' lang='grc' dir='ltr'>καὶ</span> <span class='ocrx_word' id='word_1_707' title='bbox 404 2509 492 2545; x_wconf 84' lang='grc' dir='ltr'>φθόνῳ</span> <span class='ocrx_word' id='word_1_708' title='bbox 510 2511 560 2546; x_wconf 83' lang='grc' dir='ltr'><strong>τῆς</strong></span> <span class='ocrx_word' id='word_1_709' title='bbox 580 2510 624 2537; x_wconf 81' lang='grc' dir='ltr'>τοῦ</span> <span class='ocrx_word' id='word_1_710' title='bbox 641 2511 741 2546; x_wconf 80' lang='grc' dir='ltr'>Κυρίου</span> <span class='ocrx_word' id='word_1_711' title='bbox 756 2513 837 2547; x_wconf 85' lang='grc' dir='ltr'>τιμῆς</span> <span class='ocrx_word' id='word_1_712' title='bbox 850 2531 857 2542; x_wconf 84' lang='grc'><strong>,</strong></span> 
     </span>
    </p>
   </div>
   <div class='ocr_carea' id='block_1_100' title="bbox 68 2551 858 2592">
    <p class='ocr_par' dir='ltr' id='par_1_100' title="bbox 68 2551 858 2592">
     <span class='ocr_line' id='line_1_100' title="bbox 68 2551 858 2592; baseline 0.009 -15"><span class='ocrx_word' id='word_1_713' title='bbox 68 2551 197 2587; x_wconf 80' lang='grc' dir='ltr'>καθάπερ</span> <span class='ocrx_word' id='word_1_714' title='bbox 220 2552 321 2588; x_wconf 82' lang='grc' dir='ltr'>ζημίαν</span> <span class='ocrx_word' id='word_1_715' title='bbox 344 2555 450 2587; x_wconf 75' lang='grc' dir='ltr'>ἑαυτοῖς</span> <span class='ocrx_word' id='word_1_716' title='bbox 475 2556 612 2591; x_wconf 79' lang='grc' dir='ltr'>κρίνοντες</span> <span class='ocrx_word' id='word_1_717' title='bbox 640 2556 688 2591; x_wconf 82' lang='grc' dir='ltr'>τὴν</span> <span class='ocrx_word' id='word_1_718' title='bbox 714 2557 858 2592; x_wconf 83' lang='grc' dir='ltr'>γινομένην</span> 
     </span>
    </p>
   </div>
   <div class='ocr_carea' id='block_1_101' title="bbox 65 2595 858 2638">
    <p class='ocr_par' dir='ltr' id='par_1_101' title="bbox 65 2595 858 2638">
     <span class='ocr_line' id='line_1_101' title="bbox 65 2595 858 2638; baseline 0.01 -17"><span class='ocrx_word' id='word_1_719' title='bbox 65 2595 107 2630; x_wconf 85' lang='grc' dir='ltr'>τῷ</span> <span class='ocrx_word' id='word_1_720' title='bbox 131 2600 270 2632; x_wconf 84' lang='grc' dir='ltr'>μονογενεῖ</span> <span class='ocrx_word' id='word_1_721' title='bbox 290 2599 349 2634; x_wconf 82' lang='grc' dir='ltr'><strong>Θεῷ</strong></span> <span class='ocrx_word' id='word_1_722' title='bbox 372 2601 446 2635; x_wconf 79' lang='grc' dir='ltr'>παρὰ</span> <span class='ocrx_word' id='word_1_723' title='bbox 460 2601 514 2627; x_wconf 82' lang='grc' dir='ltr'>τῶν</span> <span class='ocrx_word' id='word_1_724' title='bbox 535 2602 754 2628; x_wconf 84' lang='grc' dir='ltr'><strong>πεπιστευκότων</strong></span> <span class='ocrx_word' id='word_1_725' title='bbox 773 2611 858 2638; x_wconf 87' lang='grc' dir='ltr'>προσ-</span> 
     </span>
    </p>
   </div>
   <div class='ocr_carea' id='block_1_102' title="bbox 66 2641 856 2682">
    <p class='ocr_par' dir='ltr' id='par_1_102' title="bbox 66 2641 856 2682">
     <span class='ocr_line' id='line_1_102' title="bbox 66 2641 856 2682; baseline 0.01 -15"><span class='ocrx_word' id='word_1_726' title='bbox 66 2641 193 2677; x_wconf 77' lang='grc' dir='ltr'><strong>κύνησιν,</strong></span> <span class='ocrx_word' id='word_1_727' title='bbox 220 2644 363 2680; x_wconf 85' lang='grc' dir='ltr'>ἀντεροῦσι</span> <span class='ocrx_word' id='word_1_728' title='bbox 389 2648 449 2678; x_wconf 84' lang='grc' dir='ltr'>ταῖς</span> <span class='ocrx_word' id='word_1_729' title='bbox 474 2647 558 2678; x_wconf 85' lang='grc' dir='ltr'>θείαις</span> <span class='ocrx_word' id='word_1_730' title='bbox 581 2649 690 2682; x_wconf 83' lang='grc' dir='ltr'>τιμαῖς,</span> <span class='ocrx_word' id='word_1_731' title='bbox 722 2649 769 2675; x_wconf 77' lang='grc' dir='ltr'><strong>καὶ</strong></span> <span class='ocrx_word' id='word_1_732' title='bbox 799 2648 856 2674; x_wconf 85' lang='grc' dir='ltr'>πεί-</span> 
     </span>
    </p>
   </div>
   <div class='ocr_carea' id='block_1_103' title="bbox 67 2687 855 2728">
    <p class='ocr_par' dir='ltr' id='par_1_103' title="bbox 67 2687 855 2728">
     <span class='ocr_line' id='line_1_103' title="bbox 67 2687 855 2728; baseline 0.01 -16"><span class='ocrx_word' id='word_1_733' title='bbox 67 2687 125 2713; x_wconf 86' lang='grc' dir='ltr'>θειν</span> <span class='ocrx_word' id='word_1_734' title='bbox 149 2689 345 2725; x_wconf 75' lang='grc' dir='ltr'>ἐπιχειροῦσιν,</span> <span class='ocrx_word' id='word_1_735' title='bbox 363 2691 400 2723; x_wconf 86' lang='grc' dir='ltr'>ὡς</span> <span class='ocrx_word' id='word_1_736' title='bbox 421 2692 496 2718; x_wconf 80' lang='grc' dir='ltr'>οὐδὲν</span> <span class='ocrx_word' id='word_1_737' title='bbox 514 2692 567 2719; x_wconf 87' lang='grc' dir='ltr'><strong>τῶν</strong></span> <span class='ocrx_word' id='word_1_738' title='bbox 591 2693 655 2728; x_wconf 77' lang='grc' dir='ltr'>περὶ</span> <span class='ocrx_word' id='word_1_739' title='bbox 676 2693 755 2720; x_wconf 72' lang='grc' dir='ltr'>αὑτοῦ</span> <span class='ocrx_word' id='word_1_740' title='bbox 780 2693 855 2728; x_wconf 86' lang='grc' dir='ltr'>λεγο-</span> 
     </span>
    </p>
   </div>
   <div class='ocr_carea' id='block_1_104' title="bbox 68 2734 855 2777">
    <p class='ocr_par' dir='ltr' id='par_1_104' title="bbox 68 2734 855 2777">
     <span class='ocr_line' id='line_1_104' title="bbox 68 2734 855 2777; baseline 0.009 -17"><span class='ocrx_word' id='word_1_741' title='bbox 68 2734 158 2769; x_wconf 81' lang='grc' dir='ltr'>μένων</span> <span class='ocrx_word' id='word_1_742' title='bbox 174 2735 282 2771; x_wconf 79' lang='grc' dir='ltr'><strong>ἀληθῶς</strong></span> <span class='ocrx_word' id='word_1_743' title='bbox 297 2737 414 2773; x_wconf 81' lang='grc' dir='ltr'><strong>λέγεται.</strong></span> <span class='ocrx_word' id='word_1_744' title='bbox 428 2737 495 2767; x_wconf 80' lang='grc' dir='ltr'><strong>οὔτε</strong></span> <span class='ocrx_word' id='word_1_745' title='bbox 510 2739 563 2775; x_wconf 87' lang='grc' dir='ltr'><strong>γὰρ</strong></span> <span class='ocrx_word' id='word_1_746' title='bbox 575 2739 640 2772; x_wconf 84' lang='grc' dir='ltr'>Θεὸς</span> <span class='ocrx_word' id='word_1_747' title='bbox 659 2740 710 2767; x_wconf 82' lang='grc' dir='ltr'><strong>κᾶν</strong></span> <span class='ocrx_word' id='word_1_748' title='bbox 723 2740 855 2777; x_wconf 75' lang='grc' dir='ltr'><strong>ὀνομάζη-</strong></span> 
     </span>
    </p>
   </div>
   <div class='ocr_carea' id='block_1_105' title="bbox 105 2829 314 2866">
    <p class='ocr_par' dir='ltr' id='par_1_105' title="bbox 105 2829 314 2866">
     <span class='ocr_line' id='line_1_105' title="bbox 105 2829 314 2866; baseline 0.01 -8"><span class='ocrx_word' id='word_1_749' title='bbox 105 2831 117 2849; x_wconf 87' lang='grc'>⁶</span> <span class='ocrx_word' id='word_1_750' title='bbox 131 2829 212 2862; x_wconf 73' lang='grc' dir='ltr'>Χοιπ.</span> <span class='ocrx_word' id='word_1_751' title='bbox 231 2837 258 2866; x_wconf 63' lang='lat' dir='ltr'><strong>x,</strong></span> <span class='ocrx_word' id='word_1_752' title='bbox 271 2829 314 2860; x_wconf 77' lang='lat'><strong>37.</strong></span> 
     </span>
    </p>
   </div>
   <div class='ocr_carea' id='block_1_106' title="bbox 909 2284 1692 2319">
    <p class='ocr_par' dir='ltr' id='par_1_106' title="bbox 909 2284 1692 2319">
     <span class='ocr_line' id='line_1_106' title="bbox 909 2284 1692 2319; baseline -0.003 -7"><span class='ocrx_word' id='word_1_753' title='bbox 909 2285 945 2312; x_wconf 87' lang='lat' dir='ltr'><strong>sit</strong></span> <span class='ocrx_word' id='word_1_754' title='bbox 971 2284 1069 2316; x_wconf 79' lang='lat' dir='ltr'><strong>defixa,</strong></span> <span class='ocrx_word' id='word_1_755' title='bbox 1097 2287 1124 2311; x_wconf 86' lang='lat' dir='ltr'><strong>et</strong></span> <span class='ocrx_word' id='word_1_756' title='bbox 1151 2284 1237 2312; x_wconf 86' lang='lat' dir='ltr'><strong>honos</strong></span> <span class='ocrx_word' id='word_1_757' title='bbox 1269 2284 1359 2312; x_wconf 91' lang='lat' dir='ltr'><strong>omnis</strong></span> <span class='ocrx_word' id='word_1_758' title='bbox 1385 2287 1413 2311; x_wconf 87' lang='lat' dir='ltr'><strong>et</strong></span> <span class='ocrx_word' id='word_1_759' title='bbox 1439 2284 1530 2311; x_wconf 90' lang='lat' dir='ltr'><strong>cultus</strong></span> <span class='ocrx_word' id='word_1_760' title='bbox 1556 2287 1583 2311; x_wconf 90' lang='lat' dir='ltr'><strong>et</strong></span> <span class='ocrx_word' id='word_1_761' title='bbox 1607 2285 1692 2319; x_wconf 79' lang='lat' dir='ltr'><strong>gloria</strong></span> 
     </span>
    </p>
   </div>
   <div class='ocr_carea' id='block_1_107' title="bbox 909 2329 1694 2366">
    <p class='ocr_par' dir='ltr' id='par_1_107' title="bbox 909 2329 1694 2366">
     <span class='ocr_line' id='line_1_107' title="bbox 909 2329 1694 2366; baseline -0.001 -10"><span class='ocrx_word' id='word_1_762' title='bbox 909 2330 1050 2364; x_wconf 80' lang='lat' dir='ltr'><strong>unigenito</strong></span> <span class='ocrx_word' id='word_1_763' title='bbox 1071 2329 1127 2358; x_wconf 89' lang='lat' dir='ltr'><strong>Deo</strong></span> <span class='ocrx_word' id='word_1_764' title='bbox 1154 2335 1183 2358; x_wconf 83' lang='lat' dir='ltr'><strong>ut</strong></span> <span class='ocrx_word' id='word_1_765' title='bbox 1210 2331 1272 2358; x_wconf 67' lang='lat' dir='ltr'><strong>vitae</strong></span> <span class='ocrx_word' id='word_1_766' title='bbox 1289 2330 1406 2366; x_wconf 89' lang='lat' dir='ltr'><strong>principi</strong></span> <span class='ocrx_word' id='word_1_767' title='bbox 1433 2330 1469 2358; x_wconf 91' lang='lat' dir='ltr'><strong>sit</strong></span> <span class='ocrx_word' id='word_1_768' title='bbox 1493 2330 1622 2365; x_wconf 83' lang='lat' dir='ltr'><strong>reposita,</strong></span> <span class='ocrx_word' id='word_1_769' title='bbox 1648 2330 1694 2364; x_wconf 90' lang='lat' dir='ltr'><strong>qui</strong></span> 
     </span>
    </p>
   </div>
   <div class='ocr_carea' id='block_1_108' title="bbox 909 2374 1696 2411">
    <p class='ocr_par' dir='ltr' id='par_1_108' title="bbox 909 2374 1696 2411">
     <span class='ocr_line' id='line_1_108' title="bbox 909 2374 1696 2411; baseline -0.001 -9"><span class='ocrx_word' id='word_1_770' title='bbox 909 2376 997 2403; x_wconf 88' lang='lat' dir='ltr'><strong>Patris</strong></span> <span class='ocrx_word' id='word_1_771' title='bbox 1013 2383 1095 2410; x_wconf 88' lang='lat' dir='ltr'><strong>opera</strong></span> <span class='ocrx_word' id='word_1_772' title='bbox 1107 2380 1246 2411; x_wconf 85' lang='lat' dir='ltr'><strong>operatur,</strong></span> <span class='ocrx_word' id='word_1_773' title='bbox 1263 2376 1334 2403; x_wconf 89' lang='lat' dir='ltr'><strong>sicut</strong></span> <span class='ocrx_word' id='word_1_774' title='bbox 1347 2375 1406 2410; x_wconf 87' lang='lat' dir='ltr'><strong>ipse</strong></span> <span class='ocrx_word' id='word_1_775' title='bbox 1420 2375 1552 2402; x_wconf 88' lang='lat' dir='ltr'><strong>Dominus</strong></span> <span class='ocrx_word' id='word_1_776' title='bbox 1566 2375 1594 2402; x_wconf 86' lang='lat' dir='ltr'><strong>in</strong></span> <span class='ocrx_word' id='word_1_777' title='bbox 1607 2374 1696 2401; x_wconf 88' lang='lat' dir='ltr'><strong>Evan—</strong></span> 
     </span>
    </p>
   </div>
   <div class='ocr_carea' id='block_1_109' title="bbox 908 2420 1694 2457">
    <p class='ocr_par' dir='ltr' id='par_1_109' title="bbox 908 2420 1694 2457">
     <span class='ocr_line' id='line_1_109' title="bbox 908 2420 1694 2457; baseline -0.003 -8"><span class='ocrx_word' id='word_1_778' title='bbox 908 2422 978 2457; x_wconf 79' lang='lat' dir='ltr'><strong>gelio</strong></span> <span class='ocrx_word' id='word_1_779' title='bbox 1000 2421 1100 2454; x_wconf 70' lang='lat' dir='ltr'><strong>dicit“,</strong></span> <span class='ocrx_word' id='word_1_780' title='bbox 1123 2421 1224 2456; x_wconf 90' lang='lat' dir='ltr'><strong>quique</strong></span> <span class='ocrx_word' id='word_1_781' title='bbox 1247 2421 1321 2448; x_wconf 88' lang='lat' dir='ltr'><strong>nulla</strong></span> <span class='ocrx_word' id='word_1_782' title='bbox 1344 2421 1491 2450; x_wconf 86' lang='lat' dir='ltr'><strong>secundum</strong></span> <span class='ocrx_word' id='word_1_783' title='bbox 1520 2428 1628 2448; x_wconf 89' lang='lat' dir='ltr'><strong>omnem</strong></span> <span class='ocrx_word' id='word_1_784' title='bbox 1655 2420 1694 2447; x_wconf 86' lang='lat' dir='ltr'><strong>rei</strong></span> 
     </span>
    </p>
   </div>
   <div class='ocr_carea' id='block_1_110' title="bbox 910 2465 1692 2502">
    <p class='ocr_par' dir='ltr' id='par_1_110' title="bbox 910 2465 1692 2502">
     <span class='ocr_line' id='line_1_110' title="bbox 910 2465 1692 2502; baseline -0.004 -7"><span class='ocrx_word' id='word_1_785' title='bbox 910 2467 988 2495; x_wconf 87' lang='lat' dir='ltr'><strong>bonae</strong></span> <span class='ocrx_word' id='word_1_786' title='bbox 1017 2467 1142 2494; x_wconf 90' lang='lat' dir='ltr'><strong>notitiam</strong></span> <span class='ocrx_word' id='word_1_787' title='bbox 1166 2467 1360 2502; x_wconf 85' lang='lat' dir='ltr'><strong>exsuperantia</strong></span> <span class='ocrx_word' id='word_1_788' title='bbox 1392 2466 1504 2494; x_wconf 85' lang='lat' dir='ltr'><strong>inferior</strong></span> <span class='ocrx_word' id='word_1_789' title='bbox 1529 2471 1571 2493; x_wconf 85' lang='lat' dir='ltr'><strong>est</strong></span> <span class='ocrx_word' id='word_1_790' title='bbox 1601 2465 1692 2498; x_wconf 87' lang='lat' dir='ltr'><strong>Patre,</strong></span> 
     </span>
    </p>
   </div>
   <div class='ocr_carea' id='block_1_111' title="bbox 908 2502 1692 2542">
    <p class='ocr_par' dir='ltr' id='par_1_111' title="bbox 908 2502 1692 2542">
     <span class='ocr_line' id='line_1_111' title="bbox 908 2502 1692 2542; baseline -0.003 -2"><span class='ocrx_word' id='word_1_791' title='bbox 908 2502 1001 2542; x_wconf 77' lang='lat' dir='ltr'><strong>nescio</strong></span> <span class='ocrx_word' id='word_1_792' title='bbox 1016 2513 1089 2540; x_wconf 89' lang='lat' dir='ltr'><strong>unde</strong></span> <span class='ocrx_word' id='word_1_793' title='bbox 1100 2513 1228 2540; x_wconf 88' lang='lat' dir='ltr'><strong>commoti</strong></span> <span class='ocrx_word' id='word_1_794' title='bbox 1252 2511 1352 2540; x_wconf 88' lang='lat' dir='ltr'><strong>infesto</strong></span> <span class='ocrx_word' id='word_1_795' title='bbox 1368 2513 1431 2540; x_wconf 89' lang='lat' dir='ltr'><strong>odio</strong></span> <span class='ocrx_word' id='word_1_796' title='bbox 1447 2516 1474 2539; x_wconf 89' lang='lat' dir='ltr'><strong>et</strong></span> <span class='ocrx_word' id='word_1_797' title='bbox 1490 2511 1590 2539; x_wconf 85' lang='lat' dir='ltr'><strong>invidia</strong></span> <span class='ocrx_word' id='word_1_798' title='bbox 1606 2511 1692 2539; x_wconf 87' lang='lat' dir='ltr'><strong>hono-</strong></span> 
     </span>
    </p>
   </div>
   <div class='ocr_carea' id='block_1_112' title="bbox 907 2555 1691 2592">
    <p class='ocr_par' dir='ltr' id='par_1_112' title="bbox 907 2555 1691 2592">
     <span class='ocr_line' id='line_1_112' title="bbox 907 2555 1691 2592; baseline -0.004 -7"><span class='ocrx_word' id='word_1_799' title='bbox 907 2560 946 2586; x_wconf 88' lang='lat' dir='ltr'><strong>ris</strong></span> <span class='ocrx_word' id='word_1_800' title='bbox 966 2558 1074 2585; x_wconf 88' lang='lat' dir='ltr'><strong>Domini</strong></span> <span class='ocrx_word' id='word_1_801' title='bbox 1091 2562 1219 2592; x_wconf 89' lang='lat' dir='ltr'><strong>tanquam</strong></span> <span class='ocrx_word' id='word_1_802' title='bbox 1237 2556 1367 2584; x_wconf 92' lang='lat' dir='ltr'><strong>damnum</strong></span> <span class='ocrx_word' id='word_1_803' title='bbox 1385 2562 1412 2583; x_wconf 89' lang='lat' dir='ltr'><strong>ct</strong></span> <span class='ocrx_word' id='word_1_804' title='bbox 1432 2556 1625 2583; x_wconf 83' lang='lat' dir='ltr'><strong>detrimentum</strong></span> <span class='ocrx_word' id='word_1_805' title='bbox 1641 2555 1691 2583; x_wconf 90' lang='lat' dir='ltr'><strong>sibi</strong></span> 
     </span>
    </p>
   </div>
   <div class='ocr_carea' id='block_1_113' title="bbox 908 2599 1692 2637">
    <p class='ocr_par' dir='ltr' id='par_1_113' title="bbox 908 2599 1692 2637">
     <span class='ocr_line' id='line_1_113' title="bbox 908 2599 1692 2637; baseline -0.001 -9"><span class='ocrx_word' id='word_1_806' title='bbox 908 2602 975 2637; x_wconf 90' lang='lat' dir='ltr'><strong>ipsis</strong></span> <span class='ocrx_word' id='word_1_807' title='bbox 990 2602 1156 2636; x_wconf 74' lang='lat' dir='ltr'><strong>iudicantes,</strong></span> <span class='ocrx_word' id='word_1_808' title='bbox 1174 2609 1233 2628; x_wconf 86' lang='lat' dir='ltr'><strong>eam</strong></span> <span class='ocrx_word' id='word_1_809' title='bbox 1245 2609 1305 2636; x_wconf 65' lang='lat' dir='ltr'><strong>qua:</strong></span> <span class='ocrx_word' id='word_1_810' title='bbox 1326 2601 1470 2628; x_wconf 81' lang='lat' dir='ltr'><strong>exhibetur</strong></span> <span class='ocrx_word' id='word_1_811' title='bbox 1482 2600 1622 2636; x_wconf 80' lang='lat' dir='ltr'><strong>unigenito</strong></span> <span class='ocrx_word' id='word_1_812' title='bbox 1638 2599 1692 2627; x_wconf 83' lang='lat' dir='ltr'><strong>Deo</strong></span> 
     </span>
    </p>
   </div>
   <div class='ocr_carea' id='block_1_114' title="bbox 908 2645 1692 2682">
    <p class='ocr_par' dir='ltr' id='par_1_114' title="bbox 908 2645 1692 2682">
     <span class='ocr_line' id='line_1_114' title="bbox 908 2645 1692 2682; baseline -0.001 -8"><span class='ocrx_word' id='word_1_813' title='bbox 908 2647 1001 2675; x_wconf 88' lang='lat' dir='ltr'><strong>abhis</strong></span> <span class='ocrx_word' id='word_1_814' title='bbox 1017 2647 1063 2682; x_wconf 93' lang='lat' dir='ltr'><strong>qui</strong></span> <span class='ocrx_word' id='word_1_815' title='bbox 1075 2645 1252 2674; x_wconf 83' lang='lat' dir='ltr'><strong>crediderunt</strong></span> <span class='ocrx_word' id='word_1_816' title='bbox 1275 2646 1472 2678; x_wconf 84' lang='lat' dir='ltr'><strong>adorationem,</strong></span> <span class='ocrx_word' id='word_1_817' title='bbox 1503 2646 1563 2681; x_wconf 85' lang='lat' dir='ltr'><strong>ejus</strong></span> <span class='ocrx_word' id='word_1_818' title='bbox 1592 2646 1692 2673; x_wconf 87' lang='lat' dir='ltr'><strong>divinis</strong></span> 
     </span>
    </p>
   </div>
   <div class='ocr_carea' id='block_1_115' title="bbox 908 2691 1693 2726">
    <p class='ocr_par' dir='ltr' id='par_1_115' title="bbox 908 2691 1693 2726">
     <span class='ocr_line' id='line_1_115' title="bbox 908 2691 1693 2726; baseline -0.003 -6"><span class='ocrx_word' id='word_1_819' title='bbox 908 2693 1058 2721; x_wconf 90' lang='lat' dir='ltr'><strong>honoribus</strong></span> <span class='ocrx_word' id='word_1_820' title='bbox 1079 2692 1282 2725; x_wconf 88' lang='lat' dir='ltr'><strong>contradicunt,</strong></span> <span class='ocrx_word' id='word_1_821' title='bbox 1308 2696 1336 2719; x_wconf 90' lang='lat' dir='ltr'><strong>et</strong></span> <span class='ocrx_word' id='word_1_822' title='bbox 1359 2691 1522 2726; x_wconf 75' lang='lat' dir='ltr'><strong>persuadere</strong></span> <span class='ocrx_word' id='word_1_823' title='bbox 1556 2695 1693 2719; x_wconf 86' lang='lat' dir='ltr'><strong>conantur</strong></span> 
     </span>
    </p>
   </div>
   <div class='ocr_carea' id='block_1_116' title="bbox 907 2735 1691 2774">
    <p class='ocr_par' dir='ltr' id='par_1_116' title="bbox 907 2735 1691 2774">
     <span class='ocr_line' id='line_1_116' title="bbox 907 2735 1691 2774; baseline -0.005 -6"><span class='ocrx_word' id='word_1_824' title='bbox 907 2739 981 2774; x_wconf 83' lang='lat' dir='ltr'><strong>quod</strong></span> <span class='ocrx_word' id='word_1_825' title='bbox 998 2738 1065 2768; x_wconf 89' lang='lat' dir='ltr'><strong>nihil</strong></span> <span class='ocrx_word' id='word_1_826' title='bbox 1082 2745 1177 2767; x_wconf 88' lang='lat' dir='ltr'><strong>eorum</strong></span> <span class='ocrx_word' id='word_1_827' title='bbox 1196 2745 1257 2774; x_wconf 82' lang='lat' dir='ltr'><strong>quae</strong></span> <span class='ocrx_word' id='word_1_828' title='bbox 1269 2737 1303 2766; x_wconf 89' lang='lat' dir='ltr'><strong>de</strong></span> <span class='ocrx_word' id='word_1_829' title='bbox 1319 2737 1378 2773; x_wconf 88' lang='lat' dir='ltr'><strong>ipso</strong></span> <span class='ocrx_word' id='word_1_830' title='bbox 1400 2737 1541 2771; x_wconf 90' lang='lat' dir='ltr'><strong>dicuntur,</strong></span> <span class='ocrx_word' id='word_1_831' title='bbox 1558 2743 1621 2764; x_wconf 84' lang='lat' dir='ltr'><strong>vere</strong></span> <span class='ocrx_word' id='word_1_832' title='bbox 1647 2735 1691 2765; x_wconf 81' lang='lat' dir='ltr'><strong>di—</strong></span> 
     </span>
    </p>
   </div>
  </div>
