1970 3076
274 139 325 168 951

895 142 925 171 S.
943 142 1106 171 GliEGORll
1124 142 1270 173 NYSSENI

1855 149 1901 177 93!

274 207 362 233 neque
381 201 487 236 reliqua
514 200 623 228 excelsa
636 205 662 228 et
678 200 732 229 Deo
749 200 848 230 decora
866 203 977 230 nomina
990 205 1016 231 in
1032 212 1057 231 ο(

1115 208 1216 243 κυρῖω;
1229 207 1355 241 λέγεσθαι
1377 208 1593 244 κατεσκευάσθη·
1613 208 1692 236 τοῦτο
1709 206 1757 236 οὖν
1777 207 1900 245 εἷναιτὴι

275 247 383 282 proprie
400 247 456 275 dici
477 251 669 282 prmstructum
689 251 741 280 est;
758 249 809 276 hoc
826 249 908 285 igitur
919 258 980 278 esse
993 251 1063 278 divi.

273 301 371 320 norum
397 294 591 330 mysteriorum
616 296 888 330 comprehensionem
919 297 1062 330 deﬁniunt,

273 347 370 374 nempe
384 339 446 367 Filii
466 340 595 369 deitatem
608 342 712 377 sperni,
727 343 816 378 palam
837 343 894 370 fere
919 347 947 370 et
958 344 984 370 in
1001 352 1065 378 pro-

274 386 367 420 patulo
385 387 572 415 exclamantes
589 388 663 415 omni
683 389 806 416 auditum
830 389 973 424 praebenti,
991 389 1063 424 quod

269 431 402 461 Lirettibi
412 433 563 460 secundum
579 434 762 469 cognitionem
788 435 910 470 perfecto
923 442 994 468 esse,
1008 443 1062 462 tton

271 477 393 504 credenti
422 478 567 514 Unigenito
588 479 652 512 Deo.
667 481 740 516 quod
757 481 816 516 ipse
839 488 903 508 vere
921 485 963 508 est
980 481 1061 514 Deus,

272 529 360 557 neque
374 522 471 551 Filium
485 524 587 553 honore
598 525 722 553 atﬁcienti
737 530 764 553 et
779 527 889 558 colenti.
900 526 972 554 sicut
983 526 1063 554 Pater

272 568 422 596 honoratur
454 574 481 597 et
504 571 618 604 colitur,
645 580 698 599 non
714 572 812 599 Filium
836 572 883 600 sed
907 578 1061 600 creaturam

271 619 368 641 natura
382 615 547 643 existimanti
560 626 567 650 ;
583 625 636 644 non
654 617 807 651 Dominum,
821 626 876 645 non
893 619 1000 649 lterum.
1013 618 1061 646 sed

270 668 379 688 servum
394 666 421 688 et
436 662 597 694 subjectum.
613 663 653 690 Ad
667 663 718 690 hoc
732 664 804 691 enim
820 669 928 699 spectat
946 664 1061 692 'c0ttsilii

270 713 364 733 eorum
377 707 448 740 linis,
461 708 569 735 tametsi
586 709 675 736 verbis
688 709 750 736 aliis
761 709 929 745 blasphemia
940 710 1062 745 contegi-

269 756 325 780 tur.

305 798 452 834 Propterea
469 799 543 827 varie
569 800 702 835 inpriore
728 801 877 836 scriptione
905 802 1061 837 tripudians

270 848 440 881 argutiarum
465 847 593 874 versutiis
608 850 635 874 et
650 847 726 874 varia
759 847 910 882 ingenitum
927 854 986 876 arte
1005 852 1062 875 tra-

1116 252 1266 287 κατὰληψιν
1284 252 1337 279 τῶν
1357 252 1436 278 θείων
1450 253 1608 288 μυστηρίων
1623 252 1772 288 ὁρίζονται,
1792 253 1824 279 τὸ
1843 252 1902 279 ἀθε-

1115 298 1218 325 τεῖσθαι
1230 298 1276 324 τοῦ
1291 297 1357 324 Υίοῦ
1370 298 1418 334 τὴν
1433 298 1548 333 θεότητα
1559 318 1566 330 .
1584 300 1695 333 μονονοὺ
1715 299 1843 334 φανερῶς
1859 299 1903 334 Ep.-

1114 343 1231 374 6οῶντες
1245 343 1326 370 παντὶ
1342 343 1380 378 τῷ
1393 343 1441 379 τὴν
1454 344 1539 378 ἀκοὴν
1551 344 1688 379 ὑπέχοντι,
1705 345 1745 370 ὅτι
1759 341 1806 369 Σοὶ
1818 343 1902 376 ἔξεστι

1113 389 1208 424 τελείῳ
1222 389 1291 416 κατά
1305 389 1350 424 τὴν
1366 389 1465 423 γνῶσιν
1479 387 1548 416 ε’ίναι
1558 410 1564 421 ,
1583 390 1620 425 μὴ
1636 389 1789 416 πιστεύοντι
1806 388 1847 423 τῷ
1858 388 1903 414 Μο-

1114 437 1218 470 νογενεῖ
1230 435 1298 471 θεῷ.
1313 437 1355 463 ὅτι
1371 436 1429 463 ἐστὶ
1442 436 1508 468 Θεὸς
1522 435 1627 471 ἀληθῶς
1639 444 1646 450 ·
1665 435 1702 472 μὴ
1719 436 1836 471 τιμῶντι
1862 435 1903 461 τὸν

1114 483 1186 516 Υίδν,
1199 483 1289 514 καθὼς
1299 483 1410 518 τιμᾶται
1422 483 1437 508 ὀ
1448 483 1552 519 Πατὴρ,
1572 483 1609 518 μὴ
1625 482 1698 514 Υἰὸν,
1716 482 1783 508 ἀλλά
1803 482 1904 516 κτίσμα

1114 529 1183 556 κατὰ
1199 529 1248 564 τὴν
1267 529 1347 564 φύσιν
1359 527 1429 556 εἶναι
1447 529 1593 564 νομίζοντι·
1624 529 1660 564 μὴ
1676 529 1789 564 Κύριον,
1809 527 1848 563 μὴ
1863 527 1902 554 δε-

1114 574 1227 610 σπότην,
1244 575 1312 602 ἀλλά
1323 574 1416 602 δοῦλον
1428 576 1474 602 καὶ
1488 575 1654 610 ὑποχείριον.
1672 575 1744 610 Πρὸς
1756 574 1838 601 τοῦτο
1853 573 1903 608 γὰρ

1114 619 1206 655 βλέπει
1221 620 1251 646 τὸ
1262 620 1347 655 πέρας
1358 621 1408 655 τῆς
1424 619 1587 656 συμϐουλῆς,
1601 619 1653 647 κᾶν
1670 619 1774 656 ἑτέροις
1785 620 1903 655 ῥήμασιν

1112 667 1129 702 ἡ
1147 666 1304 702 βλασφημία
1317 666 1565 702 περικαλύπτηται.

1146 800 1196 827 Διά
1207 799 1292 827 ταῦτα
1308 799 1438 831 ποικίλως
1456 799 1526 826 κατὰ
1549 799 1598 835 τὴν
1618 800 1753 836 προτέραν
1771 802 1898 836 λογογρα-

1112 848 1175 880 φίαν
1201 846 1406 882 ὲμπυῤῥιχίζων
1419 847 1452 881 τῇ
1468 846 1522 872 τῶν
1537 847 1710 882 σοφισμάτων
1726 849 1842 882 στροφῇ.
1859 847 1902 873 καὶ

270 880 359 925 cuius,
371 893 547 927 deceptorum
559 893 672 928 surripit
684 880 901 928 intelligentiam,
917 895 944 922 in
960 895 1057 930 quibus

1110 880 1246 929 διαφόρως
1269 880 1487 928 τεχνολογῶνητὺ
1508 880 1665 927 ἀγέννητον,
1685 880 1835 919 ἐκκλέπτει
1857 893 1901 929 τὴν

269 937 335 964 dicit
349 947 355 964 ι
373 937 460 970 Quare
476 938 499 964 si
514 946 594 973 neque
612 945 644 964 ex
666 939 893 971 commentatione,
907 948 987 974 neque
1003 941 1060 974 pri-

269 983 382 1016 vatione,
400 990 480 1018 neque
499 983 524 1009 in
535 989 625 1018 parte;
639 988 678 1010 est
695 984 764 1010 enim
784 985 869 1018 partis
880 992 988 1016 exsors;
1007 986 1059 1012 sive

268 1030 429 1061 individuus,
446 1038 526 1065 neque
541 1031 568 1056 in
583 1031 638 1065 ipso
652 1036 690 1057 est
716 1031 838 1062 alterutri,
855 1039 923 1058 unus
948 1032 1018 1059 enim
1034 1037 1060 1060 et

269 1077 340 1103 solus
351 1077 499 1111 ingi'nitus:
514 1077 567 1110 ipse
579 1077 658 1111 igitur
670 1077 785 1112 ingenita
795 1078 843 1104 erit
853 1078 976 1105 essentia.
990 1078 1058 1105 Cum

269 1123 349 1157 igitur
366 1122 462 1149 doctor
488 1127 581 1150 noster
610 1123 795 1157 perspexisset
828 1122 958 1150 damnum
986 1123 1059 1158 quod

267 1177 299 1197 ex
315 1169 478 1196 nccrssitatc
497 1169 675 1203 consequitur
693 1173 719 1196 et
738 1169 855 1204 maligne
874 1171 1013 1198 succussis
1028 1179 1060 1199 ac

267 1215 389 1250 deceptis
404 1215 532 1248 infertur,
548 1215 622 1249 quod
638 1215 726 1250 ipsius
739 1219 779 1242 est
798 1217 824 1242 in
836 1215 981 1243 Dominum
994 1225 1060 1244 con-

267 1260 395 1288 fessionis
412 1260 606 1295 transgressio,
628 1267 726 1294 nempe
753 1261 878 1288 assensio
896 1261 978 1296 hujus
996 1269 1060 1296 pro-

267 1306 411 1342 positionis
442 1307 532 1341 ipsum
558 1313 612 1333 non
628 1313 690 1333 esse
716 1314 780 1334 vere
809 1306 906 1339 Deum,
935 1308 967 1334 ad
984 1309 1056 1342 quod

266 1352 413 1379 verborqu
442 1352 540 1378 borqu
572 1352 731 1379 consecutio
749 1357 913 1388 contorquet
941 1352 1057 1388 dogma;

266 1403 409 1433 propterea
429 1397 481 1423 hoc
509 1395 619 1431 quidem
639 1401 667 1423 ut
685 1401 789 1431 partetn
816 1406 870 1425 non
887 1399 912 1425 in
936 1398 990 1426 Deo
1004 1399 1058 1426 dici

265 1444 315 1479 τὴν
344 1442 505 1477 ὰγεννησίαν
542 1450 597 1469 non
625 1443 808 1475 contradicit,
838 1444 1008 1479 simplexque
1033 1449 1059 1471 et

265 1489 428 1525 quantitatis
459 1488 711 1522 magnitudinisque
728 1496 828 1523 expers
843 1495 870 1516 et
888 1489 1058 1524 incomposi-

265 1540 324 1564 tum
350 1535 430 1562 etiam
448 1534 506 1569 ipse
525 1533 607 1560 Deum
619 1534 766 1567 confitens,
780 1535 833 1562 hoc
851 1539 940 1562 autent
972 1543 1060 1570 neque

267 1582 419 1610 secundum
438 1580 698 1607 commentationem
723 1585 850 1615 oportere
865 1580 892 1608 in
911 1581 970 1616 ipso
987 1581 1058 1609 hanc

266 1626 532 1662 cognominationem
544 1625 609 1656 dici,
622 1630 649 1652 et
663 1626 830 1653 contradicit
842 1630 869 1653 et
877 1627 1058 1654 demonstrat:

263 1671 363 1708 quibus
403 1679 458 1699 non
487 1671 642 1698 immancns
675 1679 764 1711 neque
797 1673 977 1707 acquiesceus
1005 1673 1058 1701 iste

265 1719 446 1754 scriptitator.
473 1725 570 1745 rursus
595 1717 675 1745 nobis
695 1725 772 1745 suam
785 1719 948 1753 sapientiam
969 1719 997 1746 in
1012 1727 1056 1747 se-

263 1765 354 1794 cundo
368 1772 494 1792 sermone
505 1772 537 1791 ex
559 1764 676 1791 adverso
694 1763 802 1799 objicit,
818 1765 860 1792 his
875 1772 936 1800 quae
951 1764 985 1793 de
1003 1765 1059 1800 opi-

264 1813 357 1844 nione,
381 1811 406 1839 id
432 1814 485 1842 est,
502 1810 735 1838 commentatione
757 1811 830 1838 dicta
850 1810 962 1838 fuerunt
978 1819 1058 1847 repu-

263 1864 362 1894 8113113.

299 1901 351 1930 Sed
366 1906 472 1935 tempus
485 1904 669 1935 opportunttm
697 1899 777 1927 fuerit
807 1901 953 1935 reliquum,
984 1901 1056 1937 quod

264 1949 297 1976 ad
341 1948 391 1974 hoc
427 1947 543 1982 pertinet
577 1947 755 1974 astructiouis
791 1947 860 1982 ipsis
897 1947 925 1974 in
955 1955 1058 1976 memo-

263 1995 331 2022 riam
346 2000 484 2025 revocare,
504 1996 609 2020 tantum
628 1993 679 2020 hoc
695 1993 783 2020 solum
811 1993 962 2021 subdentes
978 1995 1054 2022 :Non

263 2044 305 2067 est
317 2040 344 2066 in
360 2039 478 2066 humana
505 2043 602 2064 natura
624 2037 751 2070 facultas,
767 2038 801 2065 ad
819 2043 944 2065 exactam
959 2039 1055 2074 cogni-

264 2087 363 2113 tionem
394 2084 520 2112 esseu'tire
537 2084 582 2110 Dei
610 2093 616 2111 :
636 2084 750 2112 fortasse
766 2089 859 2112 autem
875 2085 926 2112 hoc
941 2085 970 2112 in
996 2085 1054 2112 sola

263 2133 382 2160 humana
398 2131 516 2166 potentia
529 2130 663 2157 amt-mare
676 2138 772 2165 parum
788 2135 845 2164 est;
863 2138 957 2158 verum
972 2131 1052 2158 etiam

263 2179 451 2212 incorpore-am
480 2180 605 2203 naturam
632 2176 788 2204 inferiorem
814 2177 837 2204 si
865 2177 928 2212 quis
943 2177 1051 2211 dixerit,

1074 1556 1095 1585 ο

262 2231 344 2258 quam
359 2226 388 2248 ut
406 2223 492 2257 possit
506 2229 606 2256 capere
620 2225 645 2248 et
663 2222 806 2256 complecti
820 2222 976 2257 cognitione
991 2222 1052 2249 iufi-
1068 2234 1090 2261 ι)

264 2270 347 2295 uitam
376 2273 511 2299 naturam,
529 2275 619 2302 neque
635 2267 747 2294 omnino
766 2268 916 2300 aberrabit,
938 2272 968 2296 ut
988 2269 1052 2296 licet

263 2315 394 2348 exemplis
406 2313 589 2340 familiaribus
605 2313 697 2340 animo
714 2314 868 2349 percipere.
892 2314 970 2347 Quod
988 2322 1050 2342 cum

263 2360 346 2386 multa
360 2359 414 2386 sint
428 2359 509 2386 etiam
530 2358 682 2386 differentia
709 2367 769 2394 quae
781 2368 830 2394 per
844 2367 953 2388 carnem
967 2361 1051 2387 vitam

264 2405 363 2432 sortita
392 2409 457 2432 sunt
471 2405 612 2438 animalia,
640 2406 763 2440 qlmdam
779 2405 889 2441 quidem
917 2406 1051 2438 volatilia,

263 2452 385 2486 quwdant
416 2459 480 2479 vero
507 2452 660 2483 terrestria,
677 2451 806 2487 quodque
834 2452 923 2480 nubes
939 2457 1051 2487 supcrat

264 2498 369 2524 alarum
384 2497 495 2528 virtute,
510 2499 537 2524 et
551 2497 622 2531 quod
637 2497 713 2524 cavis
731 2497 841 2530 insidet,
859 2501 886 2524 et
902 2497 930 2524 in
951 2497 1052 2524 latibu-

265 2544 298 2570 lis
310 2543 423 2570 latitat:
446 2542 468 2569 si
490 2541 598 2576 quidem
625 2542 698 2569 inter
723 2549 753 2569 se
776 2546 980 2577 comparentur,
999 2550 1052 2570 non

265 2596 361 2624 parum
379 2588 481 2615 distare
495 2587 632 2615 videbitur
643 2587 746 2615 aerium
763 2596 776 2614 a
793 2589 926 2616 terrestri.
943 2588 972 2615 Si
988 2595 1053 2615 vero

264 2642 326 2663 eum
339 2633 487 2665 sideribus,
503 2637 531 2660 et
547 2641 600 2660 non
614 2638 722 2661 errante
737 2633 802 2661 orbe
817 2633 863 2660 ﬁat
873 2633 1051 2667 comparatio,

264 2680 332 2707 nihil
350 2681 440 2707 minus
454 2687 468 2706 a
484 2679 554 2706 caelo
566 2678 716 2706 discretum
733 2687 794 2707 esse
810 2679 882 2714 qttod
900 2678 926 2705 in
940 2678 1052 2706 sublimi

264 2733 312 2761 per
325 2726 443 2753 volatum
459 2723 555 2758 fertur,
577 2725 610 2752 ab
630 2724 795 2752 animalibus
816 2724 992 2752 terrestribus
1008 2732 1054 2758 pu-

263 2771 376 2798 tabitur.
395 2769 442 2798 Sic
457 2771 614 2806 angelorum
630 2774 752 2805 potestas
766 2777 828 2797 eum
844 2773 935 2797 nostra
953 2769 1053 2797 collata

263 2815 351 2842 multo
371 2817 432 2850 plus
463 2815 618 2850 prterellere
634 2815 753 2847 videtur,
774 2815 848 2850 quod
871 2814 946 2842 nullo
970 2822 1052 2842 sensu

263 2861 444 2891 intet‘turbata
472 2862 543 2889 nuda
569 2865 599 2900 et
611 2861 730 2888 revelata
757 2861 907 2896 cognitricc
919 2865 1053 2897 potestate

1109 940 1228 966 διάνοιαν
1239 939 1293 966 τῶν
1309 939 1496 975 ὲξαπατήτων,
1517 940 1546 965 ὲν
1568 937 1609 970 οἷς
1629 947 1721 975 φησιν·
1741 940 1862 967 Οὐκοῦν
1878 942 1901 967 ει

1107 985 1184 1019 μήτε
1197 985 1259 1010 κατ’
1274 984 1420 1016 ἐπίνοιαν,
1429 983 1505 1019 μήτε
1518 985 1593 1011 κατὰ
1607 984 1762 1019 στέρησιν,
1777 986 1857 1020 μήτε
1871 986 1902 1012 ἐν

1110 1030 1206 1066 μέρειε
1221 1030 1334 1066 ἀμερὴς
1342 1030 1407 1065 γάρ·
1421 1030 1498 1065 μήτε
1509 1030 1544 1057 ἐν
1554 1030 1634 1063 αὑτῷ
1643 1031 1728 1057 ἐστιν
1738 1031 1854 1065 ἕτερον,
1862 1029 1902 1064 εἷς

1108 1078 1164 1112 τὰρ
1186 1077 1236 1104 καὶ
1259 1078 1350 1111 μόνος
1377 1075 1549 1111 ἀγέννητος·
1570 1077 1661 1109 αὐτὸς
1684 1075 1724 1103 ἂν
1737 1078 1784 1110 εἵη
1814 1078 1902 1104 οὐσία

1109 1124 1283 1161 ἀγέννητος.
1306 1123 1424 1150 Συνιδὼν
1446 1123 1535 1150 τοίνυν
1553 1124 1567 1150 ὁ
1582 1123 1739 1155 διδάσκαλος
1754 1124 1835 1159 ἡμῶν
1857 1125 1901 1159 τὴν

1109 1172 1141 1198 ὲκ
1167 1171 1218 1206 τῆς
1243 1171 1365 1205 ἀνάγκης
1388 1169 1567 1205 ἐγγινομένην
1590 1171 1646 1201 τοῖς
1669 1171 1901 1205 παρακρουσθείσι

1109 1217 1224 1253 ζημίαν,
1241 1217 1282 1243 ὅτι
1300 1215 1386 1250 αὐτῆς
1401 1217 1458 1242 ἔστι
1472 1217 1520 1250 τῆς
1534 1216 1574 1247 εὶς
1585 1215 1631 1241 τὸν
1648 1215 1750 1251 Κύριον
1759 1216 1902 1250 ὁμολογίας

1110 1263 1265 1299 παράϐασις
1281 1263 1298 1298 ἡ
1315 1262 1380 1298 περὶ
1398 1261 1445 1288 τοῦ
1463 1261 1499 1297 μὴ
1522 1259 1591 1288 εἶναι
1612 1261 1693 1288 αὑτὸν
1712 1261 1823 1296 ἀληθῶς
1839 1262 1901 1288 Θεὸν

1111 1307 1319 1342 συγκατάθεσις·
1332 1307 1371 1338 είς
1383 1307 1480 1342 ὄπερή
1497 1306 1551 1332 τῶν
1567 1306 1696 1341 ῥημάτων
1713 1307 1821 1333 τούτων
1838 1308 1900 1334 ἁκο-

1109 1354 1201 1380 λουθία
1217 1353 1402 1388 καταστρέφει
1419 1353 1448 1379 τὸ
1462 1352 1560 1387 δόγμα.
1576 1352 1626 1378 Διὰ
1647 1352 1728 1379 τοῦτο
1745 1353 1776 1379 rb
1792 1353 1843 1388 μὲν
1866 1354 1901 1385 ὡς

1111 1400 1192 1435 μέρος
1208 1399 1244 1435 μὴ
1262 1399 1435 1433 ἐπιλέγεσθαι
1457 1399 1496 1433 τῷ
1515 1398 1574 1434 Θεῷ
1590 1399 1639 1434 τὴν
1664 1399 1832 1434 ἀγεννησίαν
1855 1400 1901 1426 οὐκ

1109 1446 1261 1480 ἀντιλέγει,
1283 1445 1385 1472 ἁπλοῦν
1404 1454 1433 1471 τε
1452 1445 1498 1471 καὶ
1519 1445 1620 1472 ἀποσον
1637 1445 1685 1472 καὶ
1704 1445 1843 1480 ἀμέγεοες
1859 1447 1901 1472 καὶ

1110 1492 1259 1519 ἀσύνθετον
1275 1493 1322 1519 καὶ
1342 1491 1422 1523 αὐτὸς
1438 1491 1624 1527 συνομολογῶν
1638 1489 1708 1519 εἶναι
1725 1492 1756 1518 τὸ
1767 1491 1855 1524 Θεῖον,
1874 1492 1900 1518 τὸ

1111 1538 1140 1565 δὲ
1152 1539 1213 1565 κατ’
1233 1538 1354 1565 ἐπίνοιαν
1373 1538 1409 1573 μὴ
1430 1538 1485 1565 δεῖν
1503 1539 1546 1564 ἐπ’
1570 1538 1651 1565 αὑτοῦ
1674 1539 1725 1573 τὴν
1745 1539 1900 1574 ἐπωνυμίαν

1111 1583 1237 1618 λέγεσθαι
1259 1584 1372 1618 ταύτην,
1399 1585 1446 1610 καὶ
1468 1582 1603 1618 ἀντιλέγει
1629 1583 1675 1611 καὶ
1700 1584 1898 1611 ἀποδείκνυσιν

1107 1626 1148 1660 οἷς
1161 1628 1210 1655 οὐκ
1225 1629 1351 1664 ἐμμένων
1367 1629 1381 1655 ὁ
1401 1629 1580 1665 λογογράφος,
1597 1631 1678 1657 πάλιν
1692 1631 1762 1666 ἡμῖν
1774 1631 1825 1665 τὴν
1840 1632 1899 1666 παρ’

1108 1673 1205 1700 ἑαυτοῦ
1231 1675 1326 1709 σοφίαν
1347 1675 1570 1710 ἀντικαθίστησιν
1597 1676 1625 1701 ὲν
1639 1675 1677 1710 τῷ
1705 1675 1827 1711 δευτέρῳ
1850 1675 1900 1701 τῶν

1107 1719 1203 1754 λόγων,
1221 1721 1277 1752 τοῖς
1302 1721 1365 1756 περὶ
1387 1721 1437 1756 τῆς
1461 1721 1582 1753 ἐπινοίας
1606 1721 1728 1756 ῥηθεῖσιν
1753 1721 1900 1757 ἀνετίμαχὸ⁴

1109 1773 1200 1800 μενος.

1143 1895 1243 1931 Καιρδς
1256 1895 1278 1922 δ’
1292 1896 1324 1922 ἂν
1337 1897 1379 1931 εἴη
1396 1896 1487 1923 λοιπὸν
1508 1897 1554 1924 καὶ
1571 1897 1663 1929 αὐτοῖς
1685 1899 1839 1934 μνησθῆναι
1854 1899 1900 1935 τῆς

1105 1943 1146 1974 εἰς
1164 1942 1242 1969 τοῦτο
1262 1943 1445 1978 κατασκευῆς,
1467 1944 1591 1970 τοσοῦτον
1617 1945 1786 1977 ὑπειπόντας
1805 1947 1899 1981 μόνον·

1105 1988 1162 2016 Οὐκ
1175 1988 1248 2016 ἐστιν
1271 1990 1300 2016 ὲν
1322 1989 1477 2026 ἀνθρωπίνῃ
1501 1991 1579 2025 φύσει
1600 1990 1715 2026 δύναμις
1737 1993 1778 2024 είς
1800 1992 1900 2028 ἀκριϐῆ

1105 2035 1266 2070 κατανόησιν
1283 2035 1349 2061 Θεοῦ
1372 2035 1464 2067 οὐσίας
1475 2044 1482 2050 ·
1496 2036 1566 2071 τάχα
1586 2036 1615 2063 δὲ
1638 2037 1737 2072 μικρόν
1763 2039 1839 2064 ἐστιν
1854 2038 1901 2065 ἐπὶ

1105 2083 1189 2118 μόνης
1202 2082 1392 2118 ἀποφήνασθαι
1407 2083 1486 2110 τοῦτο
1497 2083 1547 2118 τῆς
1559 2083 1732 2119 ἀνθρωπίνης
1742 2084 1884 2119 δυνάμεως
1892 2092 1900 2101 ⁴

1103 2128 1170 2156 ἀλλὰ
1188 2128 1235 2154 καὶ
1251 2128 1301 2163 τὴν
1315 2127 1460 2164 ἀσώματον
1487 2129 1576 2155 κτίσιν
1599 2129 1726 2156 ἐλάττονά
1738 2138 1782 2162 τις
1806 2130 1899 2163 εἰπὼν,

1103 2174 1119 2210 ἢ
1132 2174 1203 2200 ὥστε
1218 2174 1341 2210 χωρῆσαι
1356 2175 1403 2201 καὶ
1421 2174 1578 2208 περιλαϐεῖν
1595 2176 1627 2210 τῇ
1648 2174 1746 2209 γνώσει
1761 2176 1813 2211 τὴν
1827 2176 1901 2208 ἀόριο

1104 2229 1164 2247 στον
1182 2220 1271 2255 φύσιν,
1291 2221 1321 2246 οὑ
1343 2221 1391 2247 τοῦ
1413 2221 1513 2252 πάντας
1536 2221 1736 2256 ἁμαρτήσεται,
1756 2219 1813 2248 οἷον
1831 2219 1899 2247 ἔστιν

1103 2267 1149 2293 ἐπὶ
1177 2266 1232 2292 τῶν
1255 2267 1404 2302 καθ’ὴμᾶς
1427 2267 1633 2302 ὑποδειγμάτων
1660 2267 1822 2303 ὑπονοῆσαι.
1842 2267 1899 2293 Ὀτι

1103 2311 1206 2338 πολλῶν
1217 2312 1302 2339 ὅντων
1319 2312 1366 2338 καὶ
1378 2312 1513 2348 διαφόρων
1524 2312 1577 2338 τῶν
1589 2312 1634 2339 διὰ
1650 2313 1752 2348 σαρκὸς
1765 2312 1817 2348 τὴν
1830 2311 1899 2348 ζωὴν

1103 2357 1259 2393 εἰληχότων,
1274 2357 1328 2384 τῶν
1347 2357 1396 2391 μὲν
1414 2358 1532 2393 πτηνῶν,
1544 2359 1599 2384 τῶν
1612 2358 1640 2384 δὲ
1658 2358 1807 2394 χερσαίων.
1825 2359 1857 2385 τό
1873 2366 1900 2384 τι

1103 2403 1253 2438 ὑπερνεφὲς
1279 2404 1309 2429 ἐν
1334 2405 1366 2440 τῇ
1390 2402 1445 2430 τῶν
1468 2404 1575 2440 πτερῶν
1601 2405 1716 2440 δυνάμει
1742 2405 1897 2440 γενόμενον,

1103 2450 1150 2476 καὶ
1163 2449 1194 2476 τὸ
1210 2450 1265 2480 τοῖς
1283 2449 1382 2481 κοίλοις
1402 2449 1598 2485 καθιδρυμένον
1618 2451 1664 2476 καὶ
1683 2450 1856 2485 ἑμφωλεῦον.
1872 2452 1899 2477 El

1105 2494 1154 2528 μὲν
1175 2494 1243 2529 πρὸς
1263 2493 1365 2529 ἄλληλα
1384 2493 1518 2528 κρίνοιντο
1529 2515 1537 2527 ,
1554 2495 1603 2521 οὑκ
1619 2495 1709 2528 ὀλίγον
1725 2495 1759 2522 ἂν
1781 2495 1900 2530 ﬁmo-ri.

1102 2547 1147 2566 ναι
1163 2539 1225 2574 δόξῃ
1244 2538 1292 2565 τοῦ
1308 2540 1434 2575 χερσαίου
1458 2539 1488 2566 τὸ
1508 2540 1646 2575 ἐναέριον·
1670 2542 1694 2567 εί
1721 2541 1749 2568 δὲ
1776 2542 1848 2577 πρὸς
1869 2542 1899 2568 τὰ

1103 2585 1199 2620 ἄστρα,
1225 2585 1271 2611 καὶ
1299 2584 1348 2620 τὴν
1375 2585 1480 2621 ἀπλανῆ
1506 2588 1624 2622 σφαῖραν
1646 2588 1662 2622 ὴ
1686 2587 1831 2623 σύγκρισις
1847 2587 1895 2621 εῖτ,

1103 2630 1178 2656 οὐδὲν
1192 2629 1302 2656 ἔλαττον
1323 2630 1487 2665 κεχωρίσθαι
1508 2631 1555 2658 τοῦ
1580 2632 1695 2667 οὐρανοῦ
1717 2632 1748 2659 τὸ
1767 2640 1889 2668 μετεωρο

1103 2674 1204 2707 ποροῦν
1229 2675 1274 2701 διὰ
1305 2676 1429 2711 πτήσεως
1459 2677 1512 2703 τῶν
1538 2679 1603 2713 περὶ
1629 2678 1682 2713 γῆν
1707 2679 1899 2714 νομισθήσεται

1104 2721 1190 2753 ζώων.
1208 2720 1301 2753 υῦτως
1318 2723 1364 2748 καὶ
1383 2724 1399 2758 ἡ
1424 2723 1478 2749 τῶν
1502 2724 1627 2757 ἀγγέλων
1649 2723 1774 2758 δύναμις,
1798 2724 1838 2760 τῷ
1853 2724 1899 2759 μὲν

1103 2767 1231 2802 ἡμετέρῳ
1255 2768 1471 2803 συγκρινομένη,
1506 2769 1636 2804 πάμπολυ
1662 2770 1790 2805 προέχειν
1816 2769 1897 2801 δοκεῖ,

1103 2813 1143 2839 ὅτι
1168 2812 1296 2847 οὐδεμιᾶς
1322 2814 1473 2849 αίσθήσεως
1491 2815 1660 2850 ἐνοχλούσης,
1681 2817 1772 2852 γυμνῇ
1798 2824 1828 2841 τι
1853 2816 1897 2842 καὶ

1104 2859 1328 2896 ἀπαρακαλύπτῳ
1354 2862 1387 2897 τῇ
1412 2863 1547 2898 γνωστικῇ
1573 2862 1684 2897 δυνάμει
1711 2862 1767 2889 τῶν
1790 2862 1896 2899 ὑψηλῶν
