1970 3076
109 153 164 182 935

675 150 813 179 CONTRA
829 150 1024 184 ΕυΝοιιιωι,
1043 152 1105 181 LIB.
1128 153 1185 181 XII.

1687 157 1739 186 9M

108 214 281 250 ὶπορέγεται.
299 213 330 240 Et
341 212 369 239 δὲ
383 212 450 248 πρὸς
463 211 492 238 τὸ
510 211 652 247 μεγαλεῖον
668 212 714 239 τοῦ
728 212 811 244 ὅντως
825 211 884 238 lino

954 219 1014 246 qua:
1031 218 1095 240 sunt
1119 214 1226 242 excelsa
1243 219 1269 242 et
1285 223 1390 244 summa
1413 216 1526 252 expetit.
1542 216 1619 250 Quod
1635 217 1657 245 si
1675 225 1736 246 cum

107 261 156 286 καὶ
169 260 186 294 ὴ
203 258 314 284 ἐκείνων
335 257 485 292 κατάληψις
506 254 665 289 ἐξετάζοιτο,
686 257 754 292 τάχα
769 257 783 282 ὁ
799 257 899 292 τολμή-

108 314 158 336 σας
174 305 259 331 είπεῖν
274 304 310 339 μὴ
333 304 427 339 πόρρω
444 304 494 338 τῆς
516 303 650 338 ἡμετέρας
671 303 837 339 βραχύτητος
852 303 898 330 καὶ

105 350 156 386 τὴν
171 350 281 376 ἐκείνων
297 349 411 384 δύναμιν
428 349 575 383 ἀφεστάναι
589 351 637 384 τῆς
665 349 738 380 θείας
766 350 898 385 κατανοή-

107 405 190 429 σεως,
207 397 257 423 οὐκ
276 395 328 428 ἔξω
347 395 392 421 τοῦ
417 395 519 426 εἰκότος
546 395 735 430 ἀποτολμήσει.
750 396 820 422 Πολὺ
843 397 897 431 γὰρ

105 442 138 468 τὸ
153 443 234 477 μέσον
258 442 304 468 καὶ
328 441 502 476 ἁδιεξίτητον,
528 437 550 475 ᾧ
567 440 633 475 πρὸς
656 441 703 476 τὴν
724 443 834 477 κτιστὴν
851 444 896 469 οὑ-

107 488 168 514 σίαν
187 487 204 522 ἡ
220 486 344 517 ἄκτιστος
361 485 441 520 φύσις
454 485 658 520 διατετείχισται
669 494 675 500 ·
691 485 759 521 αὕτη
776 486 897 522 πεπερά-

104 542 200 563 τωται,
212 533 301 567 ἐκείνη
312 531 396 567 πέρας
412 531 461 557 οὐκ
476 531 541 566 ἔχει·
557 531 625 566 αὕτη
636 532 691 563 τοῖς
704 531 775 563 ἰδίοις
788 531 897 567 μέτροις

104 578 177 605 κατὰ
195 578 225 604 τὸ
241 578 341 614 ἀρέσαν
362 578 394 612 τῇ
412 577 491 612 σοφίᾳ
511 576 557 603 τοῦ
580 576 757 609 πεποιηκότος
781 578 896 613 ὲμπερμ

104 625 249 659 είληπται·
265 624 314 658 τῆς
332 623 359 649 δὲ
377 623 475 658 μέτρον
492 623 507 658 ἡ
523 623 644 658 ἀπειρία.
658 622 732 658 Αὕτη
748 623 895 658 διαστημα-

101 671 167 704 τικῇ
193 675 244 696 τινι
269 669 420 704 παρατάσει
445 668 716 703 συμπαρεκτείνεται,
743 669 789 694 καὶ
808 669 894 704 χρόνῳ

102 715 152 741 καὶ
164 715 239 750 τόπῳ
251 714 472 749 περιειργομένη·
485 713 575 747 ἐκείνη
589 713 786 748 ὑπερεκπίπτει
803 715 894 740 πᾶσαν

101 761 284 796 διαστήματος
300 759 418 786 ἔννοιαν
440 759 558 794 καθάπερ
582 759 613 785 ἄν
637 768 677 790 τις
700 759 829 795 ἐπιϐάλλῃ
849 759 893 786 τὸν

100 807 175 839 νοῦν,
191 806 251 833 κατ’
269 807 355 832 ἐκεῖνο
371 805 419 841 τὴν
435 805 698 841 πολυπραγμοσύνην
712 805 893 840 ὲκφεύγουσα.

107 853 152 880 Ἐν
176 852 262 889 ταύτῃ
286 853 318 887 τῇ
339 851 394 886 ζωῇ
418 851 464 878 καὶ
478 851 564 887 ἀρχὴν
590 852 645 882 τοῖς
670 849 729 878 οὖσι
753 851 799 878 καὶ
818 851 895 883 τέλος

107 898 183 925 ἐστιν
199 898 357 932 ἐπινοῆσαι·
383 898 400 932 ἡ
423 897 450 924 δὲ
467 897 536 935 ὑπὲρ
552 897 598 932 τὴν
619 897 706 924 κτίσιν
721 898 891 933 μακαριότης
907 891 927 919 Β

98 943 163 970 οὔτε
185 943 271 979 ἀρχὴν
294 942 355 970 οὕτε
378 943 452 974 τέλος
481 943 630 978 προσίεται,
647 943 702 969 ἀλλ’
719 943 788 978 ὑπὲρ
810 943 839 970 τὸ
861 945 889 970 ὲν

99 990 224 1027 ἑκατέρῳ
241 990 438 1025 σημαινόμενον
454 989 573 1023 πέφυκεν
586 989 628 1015 ἀεὶ
641 989 770 1021 ὡσαύτως
780 989 888 1024 ἔχουσα,

98 1037 148 1063 καὶ
163 1037 205 1070 ἐφ’
222 1036 319 1069 ἑαυτῆς
335 1035 476 1070 βεϐηκυῖα.
493 1035 523 1061 οὺ
539 1035 757 1070 διαστηματικῶς
774 1035 804 1062 ἔκ
818 1044 890 1068 τινος

98 1082 140 1114 εἷς
160 1091 186 1107 τι
205 1082 239 1117 τῇ
261 1081 316 1116 ζωῇ
331 1079 494 1107 διοδεὺουσα,
518 1079 585 1106 Οὔτε
602 1079 656 1114 γὰρ
674 1080 801 1115 μετουσίᾳ
818 1079 890 1115 ζωῆς

98 1128 197 1163 ἑτέρας
221 1128 249 1153 ὲν
272 1126 311 1162 τῷ
333 1126 381 1162 ζῇν
398 1126 509 1160 γίνεται,
528 1126 564 1157 ὼς
586 1126 730 1153 ἀκόλουθον
752 1125 820 1153 εἶναι
843 1127 889 1154 καὶ

98 1174 186 1208 πέρας
198 1173 245 1199 καὶ
255 1172 342 1207 ἀρχὴν
358 1172 503 1207 μετουσίας
514 1171 640 1198 νοεῖσθαι.
663 1171 731 1198 Ἀλλ’
744 1172 807 1198 αὐτο
822 1173 888 1208 ὅπερ

97 1219 168 1250 ἐστὶ,
189 1218 244 1254 ζωή
265 1220 338 1245 ἐστιν
355 1219 383 1244 ὲν
403 1217 476 1252 αὑτῷ
500 1217 693 1252 ἐνεργουμένη,
714 1217 773 1244 οὔτε
791 1218 888 1253 μείζων

96 1256 159 1292 οὗτε
175 1265 292 1291 ἐλάττων
308 1265 340 1291 ὲκ
354 1263 511 1298 προσθήκης
530 1263 546 1298 ἢ
563 1263 730 1297 ὑφαιρέσεως
747 1263 886 1298 γινομένη.

102 1310 134 1337 Ἦ
149 1310 199 1345 μὲν
213 1311 267 1345 γὰρ
281 1311 320 1341 εἰς
336 1310 365 1336 τὸ
391 1309 481 1344 μεῖζον
504 1308 661 1342 ἐπαύξησις,
681 1310 708 1334 ὲν
727 1309 764 1344 τῷ
783 1310 888 1344 ἀπείρῳ

97 1356 191 1391 χώραν
201 1357 250 1383 οὑκ
261 1356 326 1391 ἔχει.
342 1355 396 1389 Τῆς
409 1355 436 1381 δὲ
450 1354 520 1381 κατὰ
531 1356 578 1388 τὴν
592 1354 737 1380 ἐλάττωσιν
756 1350 885 1386 ἐπινοίαςμ

95 1402 128 1429 τὺ
146 1402 218 1428 κατὰ
241 1401 320 1436 φύσιν
346 1399 449 1431 ἀπαθὲς
473 1399 772 1434 ἁνεπίδεκτον.”Ωσπερ
795 1399 822 1424 δὲ
841 1399 887 1426 τὸν

95 1447 210 1482 οὐρανὸν
224 1447 349 1483 ὁρῶντες,
366 1446 412 1473 καὶ
432 1445 531 1480 τρόπον
552 1445 610 1471 τινὰ
627 1445 669 1471 διὰ
685 1445 738 1471 τῶν
753 1444 887 1479 ὁρατικῶν

95 1493 281 1529 αἰσθητηρίων
295 1492 341 1519 τοῦ
356 1491 425 1518 κατὰ
443 1491 473 1518 τὸ
489 1491 553 1525 ’ύψος
570 1491 749 1525 ἐφαπτόμενοι
761 1489 885 1521 κάλλους,

94 1537 166 1565 εἷναι
183 1539 231 1573 μὲν
247 1539 275 1564 τὸ
290 1538 449 1573 φαινόμενον
471 1537 520 1563 οὐκ
543 1536 760 1571 ἁμῃιϐἁλλομεψ
775 1535 806 1562 τὸ
819 1536 846 1562 δὲ
861 1537 886 1562 τί

95 1587 169 1612 ἐστιν
183 1585 365 1620 ἐρωτηθέντες
383 1583 574 1619 διερμηνεῦσαι
594 1583 631 1618 τῷ
653 1583 724 1617 λόγῳ
743 1582 790 1618 τὴν
806 1582 885 1617 φύσιν

93 1633 145 1658 οὐκ
159 1632 257 1667 ἔχομεν
267 1640 273 1646 ·
290 1631 463 1666 θαυμάζομεν
477 1630 504 1656 δὲ
522 1630 600 1665 μόνον
615 1629 662 1664 τὴν
678 1628 819 1663 ἐγκύκλιον
837 1628 884 1655 τοῦ

93 1677 197 1709 παντὸς
223 1677 339 1712 ὁρῶντες
362 1676 524 1711 περιφορὰν,
542 1675 588 1701 καὶ
612 1675 665 1701 τῶν
683 1675 823 1707 πλανήτων
837 1675 884 1709 τὴν

93 1724 255 1759 ἐναρμόνιον
276 1723 322 1750 ἐπὶ
338 1722 369 1748 τὸ
389 1722 506 1757 ἔμπαλιν
525 1721 638 1756 κίνησιν,
662 1721 758 1747 κύκλον
776 1720 804 1746 τέ
825 1729 884 1746 τινα

92 1770 139 1797 τὸν
152 1770 296 1804 λεγόμενον
310 1768 455 1804 ζωοφόρον,
469 1767 539 1794 κατὰ
550 1767 580 1793 τὸ
590 1766 664 1798 λοξὶν
679 1766 883 1801 ἐγκεχαραγμέ-

92 1823 138 1842 νον
153 1814 192 1849 τῷ
209 1813 291 1849 πόλῳ,
318 1809 340 1847 ᾧ
358 1813 406 1848 τὴν
428 1814 533 1848 κίνησιν
556 1811 608 1838 τῶν
633 1811 703 1837 κατὰ
721 1810 750 1836 τὸ
767 1811 883 1836 ἐναντιον

91 1859 256 1894 εἰλουμένων
284 1858 486 1894 παρατηροῦσιν
513 1858 536 1883 οἱ
561 1855 646 1882 ταῦτα
666 1855 753 1889 σοφοί·
776 1855 882 1889 φωστὴ-

92 1913 149 1940 ρων
166 1913 195 1931 τε
208 1904 336 1939 διαφορὰς
351 1903 420 1930 κατά
442 1912 471 1929 τε
495 1903 528 1929 τὰ
551 1902 650 1937 μεγέθη
666 1902 710 1927 καὶ
727 1901 773 1932 τὰς
792 1901 882 1934 αὐτῶν

92 1951 238 1985 ιῖιότητας,
256 1949 380 1980 ἐπιτολάς
393 1957 422 1975 τε
435 1948 481 1975 καὶ
497 1948 584 1979 δύσεις
599 1947 667 1973 κατὰ
678 1946 726 1981 τὴν
741 1946 882 1980 ἐγκύκλιον

90 1996 139 2022 τοῦ
157 1996 234 2027 ἔτους
247 1995 367 2031 περίοδον
386 1995 431 2021 ἐπὶ
456 1994 510 2020 τῶν
528 1993 615 2020 αὐτῶν
636 1993 677 2019 ἀεὶ
692 1992 793 2027 καιρῶν
810 2000 882 2026 γινο-

91 2042 177 2076 μένας
190 2041 382 2076 ἀπαραϐἀτως”
395 2041 516 2071 συνόδους
529 2048 557 2065 τε
571 2039 624 2065 τῶν
633 2038 823 2073 πλανωμένων,
835 2038 881 2064 καὶ

90 2087 248 2122 ὐποδρομὲις
272 2086 324 2113 τῶν
348 2085 573 2121 ὑποϐεϐηκότων,
600 2085 645 2111 καί
669 2083 803 2118 ἐκλείψεις
828 2082 881 2109 τῶν

88 2133 307 2168 ὑπερκειμένων,
330 2132 374 2159 καὶ
390 2132 440 2166 γῆς
460 2131 646 2161 ἁποσκιὰσεις,
672 2129 718 2155 καὶ
742 2129 880 2156 ἀποκατα-

89 2179 200 2209 στάσεις
212 2178 265 2204 τῶν
281 2177 470 2209 ἐκλειπόντων,
485 2177 534 2211 τήν
551 2185 579 2202 τε
593 2175 717 2209 πολυειδῆ
734 2176 782 2210 τῆς
801 2175 878 2210 σελή-
894 2203 898 2206 ν

900 1566 920 1594 C

952 259 1094 293 majestate
1111 261 1170 295 ejus
1182 261 1228 296 qui
1256 269 1318 289 vere
1334 267 1384 294 est,
1401 262 1510 290 illorum
1530 263 1738 298 comprehensio

951 305 1131 338 examinetur,
1163 306 1278 334 fortasse
1300 307 1346 341 qui
1366 315 1450 335 ausus
1478 308 1557 335 fuerit
1575 308 1665 336 dicere
1681 316 1736 336 non

952 351 1031 386 longe
1058 359 1073 378 a
1103 356 1195 379 nostra
1227 353 1358 380 brevitate
1387 353 1494 381 illorum
1523 356 1578 382 vim
1604 362 1618 381 a
1644 355 1736 382 divina

951 397 1106 432 cognitione
1136 397 1250 429 distare.
1282 406 1336 426 non
1354 399 1456 434 absque
1473 401 1606 435 probabili
1630 401 1736 429 ratione

950 443 1069 470 audebt.
1086 442 1198 470 Multum
1215 444 1286 470 enim
1303 445 1374 478 quod
1390 445 1577 472 interm-"dium
1593 449 1634 473 est
1647 450 1674 473 et
1688 446 1737 473 im-

950 485 1083 521 pervium,
1104 493 1159 521 quo
1171 486 1204 513 ad
1218 491 1338 513 creatam
1355 493 1478 514 naturam
1500 489 1619 515 increnta
1636 493 1735 517 natura

950 532 1113 566 praemunita
1129 536 1172 559 est
1196 536 1222 559 et
1240 532 1395 559 obvallata:
1413 533 1470 568 ipsa
1488 534 1562 560 ﬁnita
1578 539 1619 562 est
1632 540 1658 562 et
1679 541 1736 563 ter—

949 577 1063 609 minata,
1090 578 1136 604 illa
1153 585 1218 605 vero
1234 579 1379 605 terminum
1400 587 1454 606 non
1471 580 1551 606 habet
1570 588 1577 612 ;
1598 581 1653 608 lucc
1678 582 1736 610 suis

949 623 1095 654 mensuris,
1113 624 1184 651 sicut
1215 624 1274 658 ejus
1291 625 1336 659 qui
1357 625 1420 652 fecit
1451 622 1591 660 sapientia:
1621 627 1735 662 placuit,

948 668 1189 704 circumpreliensa
1200 674 1252 702 est,
1273 670 1346 698 illius
1375 678 1439 698 vero
1455 679 1581 698 mensura
1614 673 1734 700 inﬁnitas

949 714 1024 748 ipsa;
1040 715 1096 742 haec
1121 715 1288 743 intervullari
1302 716 1419 751 quadam
1445 717 1607 744 extensione
1625 722 1734 751 proten-

947 759 1031 792 ditur,
1044 765 1218 796 temporeque
1229 767 1254 789 et
1267 763 1327 789 loco
1337 762 1467 794 coercita,
1479 763 1523 789 illa
1535 771 1643 790 omnem
1655 763 1735 791 inter-

947 806 1008 833 valli
1021 807 1158 834 notionem
1171 811 1290 842 superat.
1309 808 1348 834 Ad
1359 808 1431 843 quod
1445 809 1506 843 quis
1519 814 1633 836 mentem
1645 809 1735 837 immi-

947 853 1024 884 serit,
1040 853 1189 880 secundum
1202 853 1267 881 illud
1281 854 1466 881 curiositatem
1476 853 1608 889 eﬂ‘ugiens
1623 854 1666 882 εἴη
1683 855 1733 882 hac

941 898 997 925 vita
1018 903 1045 926 et
1070 899 1233 935 principium
1264 908 1357 928 eorum
1373 909 1432 935 quze
1443 905 1516 932 sunt,
1531 905 1557 928 et
1579 901 1657 928 ﬁnem
1671 901 1734 928 licet

942 944 1103 980 intelligere:
1121 945 1178 973 haec
1196 953 1278 980 supra
1300 950 1453 974 creaturam
1480 940 1628 978 beatitudo,
1643 955 1732 981 neque

941 990 1114 1025 principium.
1139 999 1228 1026 neque
1246 991 1325 1018 ﬁnem
1355 992 1467 1026 appetit,
1484 992 1531 1019 sed
1552 1000 1632 1026 supra
1647 992 1672 1020 id
1689 997 1732 1020 est

940 1035 1012 1070 quod
1031 1035 1056 1062 in
1077 1039 1193 1071 utroque
1214 1036 1392 1071 signiﬁcatur,
1406 1043 1514 1070 semper
1539 1037 1633 1062 eodem
1651 1036 1731 1062 modo

941 1089 1000 1108 sese
1016 1081 1128 1112 habens,
1143 1086 1170 1108 et
1182 1081 1207 1107 in
1223 1082 1310 1116 seipsa
1325 1081 1458 1116 ingressa,
1476 1090 1529 1109 non
1544 1090 1590 1116 per
1603 1082 1732 1110 interval-

941 1127 995 1153 lum
1012 1135 1043 1154 ex
1060 1127 1151 1161 aliquo
1166 1127 1200 1154 ad
1224 1127 1325 1161 aliquid
1344 1127 1369 1154 in
1394 1128 1448 1154 vita
1463 1128 1514 1155 iter
1532 1128 1633 1155 faciens
1650 1137 1657 1155 :
1676 1136 1731 1155 non

940 1173 1010 1200 enim
1028 1173 1089 1199 \‘itzc
1104 1173 1216 1200 alterius
1231 1174 1437 1208 participatione
1458 1174 1571 1202 vivendo
1598 1175 1728 1209 gignitur,

940 1220 976 1246 ita
996 1224 1024 1246 ut
1051 1227 1220 1255 consequens
1236 1220 1282 1252 sit,
1307 1225 1334 1246 et
1353 1220 1510 1251 terminum,
1527 1224 1553 1247 et
1567 1220 1728 1255 principium

940 1265 1155 1299 participatiouis
1172 1269 1260 1292 mente
1272 1269 1298 1291 et
1314 1265 1492 1299 intelligentia
1506 1266 1658 1300 complecti.
1675 1266 1729 1293 Sed

939 1311 1027 1345 ipsum
1053 1311 1123 1345 quod
1146 1315 1197 1343 est,
1215 1311 1268 1337 vita
1282 1315 1323 1338 est
1337 1312 1364 1337 in
1385 1311 1443 1346 ipso
1459 1319 1586 1346 operans,
1605 1320 1664 1347 quae
1680 1320 1729 1340 ne—

939 1364 991 1390 que
1009 1356 1095 1389 major
1133 1364 1221 1390 neque
1249 1357 1339 1382 minor
1356 1364 1388 1383 ex
1410 1357 1567 1384 accessione
1599 1359 1640 1385 vel
1663 1359 1729 1386 sul.-

939 1401 1085 1428 stractione
1104 1401 1142 1427 ﬁt.
1160 1400 1226 1427 Nam
1241 1401 1312 1436 quod
1330 1401 1355 1427 in
1377 1400 1465 1436 mz-jus
1479 1402 1506 1428 lit
1521 1402 1727 1435 incrementum,

939 1446 964 1473 in
978 1446 1083 1473 inﬁnito
1101 1446 1190 1473 locum
1205 1454 1258 1473 non
1280 1447 1371 1474 habet.
1397 1446 1472 1480 Quod
1489 1448 1560 1474 enim
1578 1449 1726 1475 secundum

939 1495 1062 1518 naturam
1079 1492 1227 1526 impatibile
1250 1497 1302 1524 cst,
1319 1492 1438 1519 nationis
1452 1501 1511 1527 qua:
1533 1492 1560 1520 ﬁt
1577 1493 1726 1520 secundum

938 1537 1152 1569 decremenlum,
1170 1545 1220 1564 non
1234 1543 1275 1565 est
1285 1545 1380 1572 capax.
1391 1538 1622 1571 Quemadmodum
1636 1544 1726 1566 autem

939 1583 1038 1609 cmium
1054 1583 1248 1613 intuentes.'ct
1272 1583 1472 1617 quodammodo
1488 1591 1535 1617 per
1563 1584 1661 1610 visoria
1685 1584 1727 1610 in—

937 1631 1086 1655 strumenta
1097 1628 1324 1662 pulchritudinem
1338 1636 1397 1663 qua:
1412 1629 1437 1655 in
1448 1628 1556 1656 sublimi
1575 1633 1626 1660 cst,
1645 1629 1728 1656 attin-

935 1676 1038 1707 gentes,
1055 1680 1115 1699 esse
1125 1673 1232 1707 quidem
1262 1673 1334 1708 quod
1352 1676 1463 1707 apparet
1476 1681 1529 1699 non
1545 1673 1722 1707 ambigimus,

936 1718 999 1752 quid
1024 1722 1113 1745 autem
1142 1718 1176 1746 sit
1194 1718 1351 1753 interrogati
1379 1718 1493 1745 deﬁnire
1523 1719 1647 1746 oratione
1668 1727 1722 1746 non

934 1772 1098 1799 possrimus;
1117 1764 1163 1791 sed
1184 1765 1270 1791 solum
1286 1765 1446 1791 circularem
1463 1765 1594 1791 ambitum
1608 1765 1726 1792 universi

935 1811 1152 1845 contemplantes
1175 1810 1354 1836 admiramur.
1366 1809 1454 1844 Atque
1470 1809 1639 1843 planetarum
1661 1817 1726 1836 con-

934 1855 1044 1883 cordem
1057 1860 1082 1882 et
1098 1856 1260 1882 concinnum
1279 1859 1380 1882 motum
1400 1855 1426 1881 in
1435 1855 1598 1882 contrarium
1618 1855 1725 1882 :circu-

935 1901 1214 1938 lu:nquequemdam.
1241 1901 1287 1935 qui
1305 1900 1439 1928 Zodiacus
1467 1901 1577 1932 diritur,
1604 1901 1629 1928 in
1656 1902 1725 1928 obli-

933 1955 1015 1982 quum
1041 1948 1102 1982 polo
1120 1948 1295 1981 insculptum,
1311 1947 1337 1973 in
1366 1954 1419 1981 quo
1445 1947 1591 1973 motionem
1609 1954 1715 1979 eorum,

933 2002 992 2029 qua:
1005 1994 1031 2020 in
1050 1993 1216 2021 contrarium
1234 1993 1388 2024 volvuntur,
1405 1991 1550 2019 observant
1568 1992 1662 2018 harum
1678 2001 1722 2020 re-

933 2047 991 2065 rum
1011 2037 1082 2065 docti
1100 2042 1126 2064 et
1141 2038 1283 2072 sapientes
1300 2037 1484 2063 Luminarium
1495 2042 1584 2064 autem
1596 2037 1722 2064 differen-

932 2084 984 2111 tias
996 2083 1143 2110 sccundnm
1153 2083 1352 2117 magnitudines
1360 2087 1385 2109 et
1400 2083 1518 2117 ipsorum
1532 2084 1719 2118 proprietates,

931 2134 1061 2164 ortusque
1082 2133 1109 2156 et
1137 2136 1262 2160 occasus,
1295 2128 1445 2155 secundum
1468 2129 1627 2156 circrrlarem
1656 2131 1721 2158 anui

931 2176 1075 2203 circuitum
1090 2175 1117 2201 in
1146 2174 1240 2202 iisdem
1256 2182 1363 2209 semper
1374 2175 1542 2208 temporibus
1562 2175 1646 2203 factas
1662 2176 1721 2203 sine

87 2231 137 2257 νης
155 2222 306 2254 ἀλλοίωσιν,
322 2222 368 2248 καὶ
382 2221 427 2248 τοῦ
445 2220 518 2256 ἡλίου
533 2219 581 2255 τὴν
603 2220 648 2246 ἐπὶ
667 2219 713 2246 τοῦ
728 2219 809 2254 μέσου
825 2219 877 2245 τῶν

937 2231 1023 2250 errore
1043 2222 1097 2249 ullo
1114 2226 1140 2249 et
1154 2221 1322 2256 evagatione,
1356 2222 1498 2255 coitusque
1527 2222 1673 2248 errantium
1695 2227 1720 2249 et

87 2268 178 2295 πόλων
208 2267 323 2303 κίνησιν,
349 2267 386 2298 ὡς
409 2266 550 2297 ἀνάπλεως
573 2264 611 2291 ὣν
639 2264 684 2291 τοῦ
700 2263 764 2290 ἰδίου
790 2264 877 2298 φωτὸς

86 2313 135 2340 καὶ
147 2314 208 2345 ταῖς
225 2314 330 2340 ἀκτῖσιν
345 2313 373 2339 ὲν
387 2312 478 2347 κύκλῳ
497 2310 680 2346 καταστεφὴς,
694 2310 781 2337 πάντα
800 2319 829 2336 τε
844 2311 875 2345 τῇ

85 2360 240 2394 φωτιστικῇ
260 2358 373 2393 δυνάμει
394 2357 652 2393 περιπτυσσόμενος,
677 2356 747 2382 ἐστιν
768 2356 813 2382 ὅτε
830 2355 876 2381 καὶ

83 2405 169 2436 αὐτὸς
195 2404 314 2430 ἐκλείπει
336 2404 383 2430 τοῦ
409 2403 549 2439 σεληναίου
573 2401 707 2436 σώματος,
730 2401 766 2433 ὥς
784 2409 874 2435 φασιν,

83 2449 323 2486 ἱπτπροσθοῦντος.
341 2449 394 2476 Καὶ
417 2449 453 2481 ὡς
475 2448 545 2475 κατὰ
563 2448 594 2474 τὺ
616 2447 736 2486 βούλημα
755 2446 801 2473 τοῦ
818 2447 876 2473 δια-

82 2498 216 2530 τάξαντος
231 2497 274 2523 ἀεὶ
286 2496 330 2523 τὸν
349 2496 413 2522 ἴδιον
434 2495 531 2530 δρόμον
556 2494 653 2527 ἀνύων,
668 2493 875 2529 περιπορεύετοιι

81 2543 128 2570 διὰ
142 2543 191 2578 τῆς
204 2541 372 2577 τεταγμένης
386 2541 498 2576 προόδου
513 2540 560 2567 καὶ
572 2539 739 2571 ὑποΰὰσεως,
756 2538 803 2570 τὰς
816 2538 877 2564 τέσ-

83 2597 171 2623 σαρας
189 2588 236 2614 τοῦ
252 2588 326 2619 ἔτους
340 2586 413 2622 ὥρας
430 2587 458 2612 ὲν
473 2587 581 2618 ἑαυταῖς
597 2585 765 2612 ἀνειλίσσων.
783 2584 876 2611 Ταῦτα

79 2633 212 2670 ὁρῶντες,
230 2631 299 2660 εἶναι
315 2632 364 2668 μὲν
387 2631 420 2659 τὰ
442 2631 590 2667 φαινόμενα
604 2631 636 2657 δι’
651 2627 688 2658 ὧν
703 2630 810 2666 ὁρῶμεν
827 2631 876 2657 οὐκ

80 2679 303 2714 ἀμφιϐάλλομεν·
332 2679 425 2704 οὐσίαν
448 2678 476 2704 δὲ
498 2677 583 2712 λόγων
609 2677 724 2704 ἑκάστου
750 2675 875 2703 τοσοῦτον

80 2727 136 2754 τῶν
154 2727 238 2753 ὄντων
252 2725 389 2760 ἀπέχομεν
413 2724 591 2758 κατανοῆσαι,
616 2724 676 2751 ὅσον
701 2725 725 2750 εἰ
742 2724 808 2758 μηδὲ
826 2724 874 2759 τὴν

80 2772 170 2809 ἀρχὴν
184 2773 217 2806 τῇ
231 2771 355 2806 αἰσθήσει
368 2769 399 2796 τὸ
417 2770 498 2804 φανὲν
517 2770 711 2805 ἐγνωρίσαμεν.
728 2769 805 2796 Οὕτω
828 2769 874 2795 καὶ

79 2823 127 2847 τον
139 2819 256 2854 ποιητὴν
277 2817 323 2844 τοῦ
341 2817 453 2852 κόσμου,
476 2816 515 2842 δτι
533 2815 580 2850 μὲν
602 2815 674 2842 ἔστιν
693 2816 811 2850 οἴδαμεν,
828 2814 873 2841 τὸν

80 2866 108 2893 δὲ
122 2865 174 2898 τῆς
187 2864 279 2896 οὐσίας
289 2863 368 2898 λόγον
381 2862 486 2896 ἀγνοεῖν
499 2861 547 2888 οὐκ
565 2861 729 2899 ἀρνούμεθα.

929 2268 1078 2296 subcursus
1089 2267 1304 2300 subeuntium,et
1314 2266 1437 2294 defectus
1448 2267 1717 2301 superemineutium,

927 2319 955 2341 et
967 2319 1046 2341 terrm
1056 2313 1277 2340 obumbrationes
1294 2316 1318 2339 et
1331 2313 1512 2339 revolutiones
1523 2312 1718 2347 deﬁcientium,

929 2356 1175 2390 multiformemque
1191 2356 1260 2382 lunae
1272 2357 1460 2387 mutationem,
1478 2357 1597 2391 solisque
1615 2357 1640 2384 in
1660 2367 1716 2385 rne-

928 2403 973 2429 dio
1015 2401 1139 2436 polorum
1174 2404 1289 2432 motum,
1334 2405 1362 2427 ut
1403 2402 1509 2436 propria
1543 2403 1717 2437 Inceplcnus

927 2452 979 2480 est,
1020 2448 1132 2480 suisque
1158 2446 1241 2473 radiis
1285 2446 1310 2472 in
1342 2447 1444 2474 circulo
1480 2453 1629 2476 coronatus
1659 2458 1716 2476 om-

927 2494 972 2520 nia
1002 2500 1051 2520 sua
1075 2493 1227 2520 illustrante
1249 2497 1380 2526 potestate
1409 2494 1602 2528 complectens,
1631 2495 1715 2521 intir—

927 2538 991 2565 dum
1012 2538 1093 2566 etiam
1115 2537 1172 2572 ipse
1195 2536 1294 2569 deﬁcit,
1324 2538 1409 2564 lunari
1435 2545 1560 2572 corpore,
1580 2544 1607 2565 nt
1620 2540 1712 2571 aiunt,

927 2587 1089 2611 occursante
1115 2588 1141 2610 et
1158 2582 1344 2610 obumbrante.
1369 2583 1456 2618 Atque
1473 2588 1501 2610 ut
1514 2591 1561 2618 pro
1579 2586 1716 2613 voluntate

926 2628 1078 2656 ordiuantis
1092 2635 1199 2662 semper
1223 2634 1302 2653 suum
1323 2636 1432 2655 cursum
1445 2629 1602 2659 conﬁciens,
1615 2630 1714 2656 circuit

926 2680 952 2703 et
963 2674 1119 2702 obambulat
1145 2681 1192 2708 per
1216 2673 1266 2701 sibi
1292 2675 1470 2701 constitutum
1498 2682 1671 2710 progressum
1687 2680 1713 2702 et

926 2721 1079 2748 ordinatum
1097 2719 1195 2750 locum,
1214 2723 1330 2754 quatuor
1348 2719 1411 2746 anui
1427 2719 1530 2747 direrSn
1546 2724 1666 2754 tempore
1683 2721 1712 2747 in

927 2766 1023 2801 scipsis
1037 2765 1211 2794 convolvens,
1229 2765 1285 2791 lucc
1301 2765 1479 2799 su~pieientes
1493 2773 1552 2800 quzc
1568 2771 1711 2800 apparent,

925 2820 986 2839 esse
998 2811 1107 2846 quidem
1126 2818 1172 2845 per
1191 2817 1222 2836 ea
1236 2818 1296 2845 qin
1309 2811 1444 2838 cernimus
1470 2819 1521 2839 non
1545 2811 1710 2844 dubitamus,

927 2858 973 2886 sed
989 2857 1124 2884 rationum
1145 2856 1289 2882 essentiam
1309 2856 1443 2892 cujusque
1455 2865 1548 2884 eorum
1562 2863 1622 2893 qua!
1635 2861 1712 2892 sunt,
