1970 3076
83 111 134 140 937

643 115 780 144 CONTRA
795 116 950 147 EUNOMIU
957 118 990 151 Μ,
1011 118 1074 147 LIB.
1087 119 1145 147 Xll.

1656 120 1708 149 958

84 169 165 195 παντὶ
188 169 379 206 ὑποϐέϐληται,
403 171 429 198 τί
453 171 482 198 τὸ
500 172 636 208 φυλάσσον
659 176 688 201 ὲν
708 175 746 210 τῷ
772 176 871 212 βεϐαίῳ

936 177 989 212 [uid
1007 185 1079 210 esse,
1092 178 1134 205 vel
1150 177 1201 205 sub
1224 185 1305 212 quam
1323 178 1515 206 neceSSitatem
1542 178 1633 214 adigi?
1660 179 1708 206 lllc

84 213 132 248 τὴν
148 214 258 248 στάσινς
274 215 306 242 Τί
323 216 353 242 τὸ
369 217 507 252 ὑπερεῖδον
518 218 602 254 αὐτῆς
615 220 665 255 τὴν
681 221 727 247 ἐπὶ
745 221 776 247 τὸ
794 221 869 249 κάτω

921 227 1012 250 autem
1032 222 1221 250 immaterialis
1243 228 1269 250 ct
1295 224 1424 251 aetherius
1444 225 1526 259 ignis,
1549 228 1630 260 alque
1665 225 1709 252 hic

86 258 186 305 ιροράη
202 260 233 286 El
245 260 330 288 ταῦτα
341 262 386 289 καὶ
400 262 432 289 τὰ
444 262 557 290 τοιαῦτά
578 273 619 296 τις
634 266 708 300 ἡμᾶς
725 266 870 299 κατεξετὰ-

936 268 1031 296 nfusus
1055 276 1104 303 per
1135 268 1254 296 medium
1291 277 1346 303 aer,
1372 271 1419 305 qui
1446 258 1520 298 velut
1544 258 1639 298 murus
1667 276 1710 298 cst

87 303 137 336 ζοι,
153 305 207 340 ἄρα
222 306 264 337 τίς
272 306 349 334 ἔσται
360 308 484 336 τοσοῦτον
494 310 660 346 ἀνεστηκὼς,
677 311 746 338 ὥστε
757 313 875 340 καθυπο-

87 350 198 384 σχέσοαι
208 351 262 378 τῶν
274 353 402 380 τοιούτων
411 354 459 390 τὴν
470 355 569 389 γνῶσιν
581 364 588 388 ;
602 357 683 382 Οὐδὲν
696 357 749 392 γὰρ
761 358 801 389 εἰς
811 358 875 385 ἀπό-

87 404 177 431 κρισιν
199 398 254 429 τοῖς
277 398 444 434 εὐγνώμοσιν
468 400 484 435 ἢ
508 401 588 428 τοῦτο
613 402 743 436 λείπεται,
756 404 795 430 ὅτι
810 405 824 430 ὁ
839 405 874 431 τὰ

86 441 174 467 πάντα
196 442 225 468 ὲν
248 443 329 479 σοφίᾳ.
348 445 473 480 ποιήσας,
492 445 571 480 μόνος
591 446 645 473 οἵδε
670 447 715 474 τὸν
734 447 810 482 λόγον
825 448 874 483 τῆς

86 484 210 518 κτίσεως.
230 487 323 522 Ἡμεῖς
336 488 365 515 δὲ
380 489 467 516 πίστει
487 490 599 526 νοοῦμεν
618 492 795 527 κατηρτίσθαι
812 494 874 525 τοὺς

86 530 188 562 αἰῶνας
214 532 314 567 ῥήματι
333 533 417 566 Θεοῦ,
440 534 531 567 καθώς
555 544 636 572 φησιν
663 537 677 563 ὁ
704 537 873 570 Ἀπόστολος.

923 315 1034 350 quidam
1050 314 1231 350 intersepiens
1246 319 1370 343 naturam
1385 317 1588 344 calefacientem
1602 321 1629 344 et
1643 324 1709 344 con-

927 364 1079 387 sutnentetn
1103 360 1138 387 ab
1161 359 1273 386 humida
1299 364 1395 387 natura
1422 365 1450 388 et
1477 366 1642 396 consumplu
1670 361 1710 388 fa-

927 404 991 432 cili?
1012 404 1101 439 Atque
1124 404 1262 439 quomodo
1291 408 1364 431 terra
1388 405 1416 431 in
1433 410 1508 440 parte
1523 406 1577 432 ima
1599 406 1625 432 in
1647 405 1710 432 uni-

927 457 1007 477 verso
1025 450 1132 476 lirmata
1156 453 1184 476 et
1211 449 1352 484 subjecta?
1367 449 1497 484 quidnam
1519 454 1561 478 est
1585 449 1658 485 quod
1682 451 1709 478 in

927 495 1006 523 ﬁrmo
1021 500 1122 524 statum
1136 496 1293 524 custodiat?
1307 496 1436 531 quidnam
1453 496 1552 527 ﬁrmat,
1564 500 1591 524 et
1608 496 1711 524 stabilit

927 541 988 575 ejus
1006 541 1040 568 ad
1057 541 1141 569 imunt
1158 542 1308 569 lationem?
1326 542 1353 568 Si
1379 541 1436 568 haec
1458 546 1484 569 et
1501 542 1564 568 talia
1581 543 1643 576 quis
1660 549 1710 569 nos

85 576 255 610 exquirendo
274 577 431 613 interroget,
459 586 493 606 an
508 580 571 614 quis
594 582 645 608 erit
675 582 742 610 adeo
762 584 860 611 mentis
881 584 968 616 impos
983 590 1010 614 et
1025 592 1103 614 extra
1121 595 1150 615 se
1164 587 1298 620 dejectus,
1326 590 1356 613 ut
1374 587 1467 613 talium
1505 587 1627 621 polliceri
1661 595 1711 614 au-

86 621 375 668 deatrcognitionem?
397 624 471 661 Nihil
500 626 584 661 mquis
610 631 636 654 et
660 628 783 656 candidis
800 630 866 658 viris
886 631 920 658 ad
958 640 1122 668 responsum
1163 633 1346 667 relinquitur.
1375 640 1456 667 quam
1484 633 1557 667 quod
1589 633 1634 659 ille
1663 633 1710 667 qui

87 667 180 694 omnia
194 668 222 694 in
240 669 374 703 sapientia
391 670 491 704 fecit",
521 673 597 700 solus
617 674 692 701 novit
712 680 845 703 creaturae
876 667 1021 707 rationem.

87 716 179 747 aptata
192 721 252 742 esse
265 715 375 747 saecula,
393 717 464 744 sicut
483 718 521 745 ait
534 719 683 754 Apostolus
696 721 716 748 ³.

121 760 154 786 Εἰ
175 759 221 787 οὖν
245 761 320 788 κάτω
346 763 432 796 κτίσις
453 766 468 800 ἡ
485 766 566 802 μέχρι
586 768 640 794 τῶν
654 769 805 804 αἰσθήσεων
821 771 875 797 τῶν

87 805 232 853 ᾑμετέριυν
248 807 393 841 φθάνουσα,
408 811 478 846 ὑπὲρ
490 812 524 839 τὰ
539 813 625 849 μέτρα
638 816 687 850 τῆς
704 816 876 853 ἀνθρωπίνης

1066 679 1121 707 Nos
1159 684 1248 707 autent
1274 679 1326 706 fide
1350 679 1537 714 intelligimus,
1561 679 1642 706 verbo
1666 679 1712 707 Dei

965 769 993 796 Si
1017 769 1110 805 itaque
1127 771 1180 797 ima
1205 773 1341 802 creatura,
1358 777 1419 804 quae
1445 772 1556 798 nostros
1574 776 1661 804 usque
1681 770 1714 799 ad

930 824 1028 844 sensus
1048 816 1186 851 pertingit,
1204 816 1315 843 modutn
1330 816 1455 843 humana:
1483 816 1648 851 cognitionis
1666 824 1714 844 su-

88 850 146 899 ὲστὶ
163 852 299 885 γνώσεως,
316 854 374 886 πῶς
390 855 404 881 ὁ
426 857 497 892 μόνῳ
516 857 646 894 θελήματι
661 861 691 887 τὸ
710 850 762 889 πᾶν
782 850 880 899 συστη-

936 866 1016 896 perat,
1044 850 1181 896 quomodo
1207 861 1231 887 is
1249 861 1295 895 qui
1315 860 1372 888 sola
1399 850 1536 888 voluntate
1553 860 1712 888 universum

89 896 225 944 σάμενος,
251 899 325 931 ἐντὸς
347 901 396 936 τῆς
430 903 567 938 ἡμετέρας
592 905 649 932 ἐστὶ
683 896 864 944 καταλήψεως
870 917 878 942 ;

89 942 249 989 {lucida};
263 945 347 971 ταῦτα
370 947 416 973 καὶ
431 949 514 983 μανία
533 949 641 986 ψευδὴς,
659 952 749 984 καθώς
764 942 845 989 φησιν
866 957 881 982 ὁ

88 986 250 1023 Προφήτης,
267 989 296 1015 τὺ
309 990 412 1016 οἴεσθαι
421 991 535 1028 δυνατὴν
545 992 613 1021 εἷναί
626 1004 677 1022 τινι
691 996 739 1031 τὴν
819 998 881 1033 ἁλή-

89 1041 168 1059 πτων
185 1035 332 1069 περίνοιαν.
353 1035 446 1068 Οὕτως
468 1038 542 1065 ἔστιν
563 1040 626 1067 ίδείν
644 1042 729 1077 μικρὰ
742 1044 825 1078 νήπια
837 1044 881 1072 διὰ

88 1078 140 1114 τὴν
164 1079 196 1105 ἐκ
221 1079 270 1114 τῆς
294 1081 400 1116 ἡλικίας
422 1082 532 1117 ἄγνοιαν
549 1084 678 1117 παίζοντά
695 1095 724 1113 τε
744 1088 811 1123 ὁμοῦ
833 1089 881 1117 καὶ

91 1123 286 1156 σπουδάζοντα.
306 1126 438 1159 Πολλάκις
451 1128 504 1164 γὰρ
518 1129 626 1162 ἀκτῖνος
646 1131 763 1166 ἡλιακῆς
776 1133 819 1160 διὰ
834 1133 882 1160 θυ-

91 1169 166 1204 ρίδος
181 1170 272 1203 αὐτοῖς
282 1172 445 1208 εἱσρυείσης,
461 1175 642 1211 περιχαρέντα
655 1176 693 1212 τῷ
708 1178 800 1205 κάλλει
815 1180 881 1215 πρὸς

90 1215 123 1241 τδ
134 1216 295 1251 φαινόμενον
311 1217 390 1252 ἵεται,
406 1220 452 1246 καὶ
474 1220 566 1256 φέρειν
581 1221 728 1255 φιλονεικεῖ
740 1223 783 1250 διὰ
793 1225 881 1260 χειρὸς

90 1260 143 1295 τὴν
158 1260 266 1292 ἀκτῖνα,
281 1263 329 1288 καὶ
345 1262 504 1298 διαμάχεται
521 1265 588 1300 πρὸς
609 1265 721 1301 ἄλληλα,
738 1268 784 1294 καὶ
804 1276 882 1303 περι-

91 1305 241 1340 ὃράσσεται
256 1306 302 1333 τοῦ
318 1308 404 1342 φωτὸς
417 1310 450 1344 τῇ
468 1310 596 1346 περιϐολῇ
613 1310 667 1338 τῶν
682 1311 830 1345 δακτύλων,
845 1314 882 1346 ὡς

90 1351 198 1385 οἴεται,
221 1352 271 1388 τὴν
294 1354 382 1389 αὐγὴν
408 1355 594 1391 ὲνδησάμενα·
618 1357 686 1385 ἀλλὰ
713 1359 882 1395 διαλυθείσης

91 1397 149 1424 τῶν
162 1398 300 1426 δακτύλων
323 1401 372 1436 τῆς
392 1401 541 1438 ἐμπλοκῆς,
557 1403 662 1437 γέλωτα
679 1407 751 1431 ποιεῖ
766 1407 821 1438 τοῖς
837 1414 884 1441 νη-

93 1444 169 1476 πίοις
184 1446 231 1472 καὶ
246 1446 343 1481 κρότον
353 1446 511 1483 διαρρυεῖσα
524 1449 577 1476 τῶν
590 1450 690 1486 χειρῶν
707 1452 724 1487 ἡ
739 1452 790 1486 τῆς
805 1452 883 1478 ἀκτῖ-

92 1498 139 1521 νος
158 1490 238 1526 λαόή.
259 1491 336 1519 Οὕτω
347 1492 395 1519 καὶ
411 1493 444 1520 τά
456 1493 505 1529 τῆς
520 1495 656 1531 ἡμετέρας
669 1498 765 1530 γενεᾶς
779 1497 881 1531 παιδία,

93 1535 188 1580 καθῴς
205 1545 285 1572 φησιν
298 1538 315 1573 ή
331 1539 481 1574 παραϐολὴ,
499 1542 558 1572 ταῖς
579 1541 693 1577 ἀγοραῖς
711 1543 885 1580 ἐγκαθήμενα

93 1579 200 1612 παίζει.
222 1581 253 1607 οι
270 1581 318 1617 τὴν
335 1582 409 1610 θείαν
427 1584 541 1620 δύναμιν
560 1585 604 1613 διὰ
626 1587 680 1615 τῶν
691 1588 740 1623 τῆς
754 1589 885 1624 Προνοίας

92 1624 185 1659 λόγων
201 1626 249 1653 καὶ
266 1627 320 1654 τῶν
347 1627 493 1664 Θαυμάτων
507 1632 567 1662 ταῖς
579 1631 678 1667 ψυχαῖς
697 1633 885 1669 ὲλλάμπουσαν

94 1670 254 1705 βλέποντες,
269 1669 324 1700 οἷον
339 1674 436 1701 ἀκτῖνά
451 1684 511 1702 τινα
524 1676 569 1703 καὶ
585 1677 739 1713 θερμότητα
755 1680 803 1714 τῆς
814 1680 886 1715 ἡλια-

95 1716 149 1752 κῆς
164 1718 350 1753 ἀπορρέουσαν
365 1720 481 1754 φύσεως,
494 1722 553 1757 οὐχὶ
569 1723 736 1758 θαυμάζουσι
746 1724 794 1760 τὴν
806 1726 885 1761 χάριν

95 1764 146 1790 καὶ
156 1765 338 1799 προσκυνοῦσι
368 1767 412 1793 τὸν
440 1767 484 1794 διὰ
511 1770 612 1796 τούτων
639 1771 780 1806 νοούμενον
795 1779 801 1786 ’
828 1772 885 1799 ἀλλ’

96 1810 268 1845 ὑπερϐάντες
289 1811 319 1838 τὸ
330 1813 452 1848 χωρητὺν
467 1815 499 1850 τῇ
516 1814 598 1850 ψυχῇ,
612 1817 671 1847 ταῖς
685 1817 739 1843 τῶν
755 1818 887 1853 σοφισμά-

95 1863 153 1881 των
171 1854 267 1887 λαϐαῖς
276 1857 324 1883 τοῦ
339 1858 458 1892 ἀναφοῦς
472 1860 707 1895 περιδράσσονται,
722 1863 768 1888 καὶ
777 1865 886 1898 κρατεῖν

96 1900 203 1927 οἴονται
222 1902 265 1928 διὰ
277 1902 330 1929 τῶν
347 1903 533 1944 συλλογισμῶν
548 1906 618 1941 ἅπερ
631 1907 732 1934 οἴονται
742 1917 748 1923 ⁸
769 1908 888 1944 διασχόν‹

95 1953 144 1978 τος
157 1945 187 1972 δὲ
200 1945 247 1971 τοῦ
260 1946 340 1981 λόγου
358 1948 405 1974 καὶ
420 1949 614 1982 διαπτύξαντος
624 1951 673 1986 τὴν
689 1951 742 1978 τῶν
756 1954 888 1988 σοφισμά-

94 1997 153 2015 των
175 1989 284 2025 πλοκὴν,
303 1991 458 2027 εὑρίσκεται
469 1994 524 2026 τοῖς
540 1994 601 2022 νοῦν
615 1995 705 2030 ἔχουσι
720 1997 750 2023 τὺ
760 1998 890 2033 ἀπειλημ-

96 2034 183 2068 μένον
205 2035 304 2068 ,οὐδέν’
331 2037 402 2065 οὕτω
419 2041 616 2076 μικροπρεπῶς
632 2050 661 2068 τε
683 2042 729 2069 καὶ¹
752 2043 888 2078 βρεφικῶς

97 2081 157 2111 τοῖς
180 2081 329 2116 ἀμηχάνοις
355 2083 597 2119 ὲμματαιάζοντες,
622 2085 677 2114 οἶόν
697 2096 749 2115 τινι
765 2089 890 2126 γπαλάμῃ

98 2125 214 2162 παιδικῇ
231 2127 280 2163 τὴν
296 2129 472 2165 ἀπερινόητον
483 2131 529 2158 τοῦ
543 2132 609 2159 Θεοῦ
623 2133 702 2167 φύσιν
714 2135 772 2166 ταῖς
785 2134 889 2169 ὀλίγαις

100 2172 248 2205 συλλαϐαῖς
259 2175 309 2209 τῆς
326 2176 487 2212 ἀγεννησίας
497 2178 709 2212 ὲναποκλείουσι,
718 2181 765 2207 καὶ
775 2189 889 2215 συναγο-

930 906 1086 939 constituit,
1103 906 1131 933 in
1146 909 1240 933 nostra
1256 905 1498 940 comprchensione
1512 905 1716 933 contineretur?

930 952 1046 980 Vanitas
1067 952 1124 979 hate
1139 955 1166 978 ct
1181 951 1258 978 furor
1276 950 1363 978 falsus
1382 971 1389 984 ,
1404 951 1475 978 sicut
1499 951 1537 977 ait
1561 950 1712 987 Propheta.

931 1002 1027 1033 putare
1039 995 1356 1032 incomprehensibilium
1365 996 1548 1031 cognitionem
1560 997 1642 1024 alicui
1654 1004 1717 1024 con-

931 1047 1038 1068 cessam
1069 1047 1142 1068 esse.
1172 1039 1218 1066 Sic
1245 1039 1338 1067 videre
1364 1040 1427 1067 licet
1458 1041 1588 1074 parvulos
1604 1045 1716 1076 propter

931 1086 1020 1113 astatis
1028 1085 1145 1120 puerilis
1155 1085 1338 1119 ignorantiam
1348 1084 1442 1112 ludere
1452 1085 1534 1112 simul
1546 1089 1573 1112 et
1584 1086 1695 1113 studere
1708 1093 1716 1112 :

933 1138 1004 1166 saepe
1029 1131 1103 1159 enim
1119 1131 1196 1158 radio
1212 1130 1294 1158 solari
1313 1137 1358 1164 per
1374 1129 1521 1157 fenestram
1538 1131 1573 1158 ad
1591 1131 1654 1158 illos
1671 1131 1716 1158 in-

931 1176 1041 1209 ﬂuente,
1069 1176 1195 1204 delectati
1219 1175 1431 1210 pulchritudine,
1457 1175 1492 1202 ad
1516 1176 1543 1203 id
1568 1176 1640 1211 quod
1669 1183 1717 1211 ap-

932 1226 1010 1259 paret
1027 1225 1103 1255 eunt,
1126 1225 1153 1249 et
1167 1229 1250 1248 manu
1279 1220 1384 1248 raditum
1400 1220 1471 1248 ferre
1494 1221 1673 1253 contendunt,
1688 1226 1716 1248 et

933 1269 1004 1297 inter
1040 1275 1072 1295 se
1102 1272 1232 1302 pugnant,
1258 1270 1339 1300 atque
1362 1265 1509 1301 digitorum
1537 1274 1620 1299 nexu,
1645 1267 1717 1294 sicut

932 1318 1040 1350 putant,
1069 1313 1139 1341 lucis
1156 1312 1287 1348 fulgorem
1315 1312 1447 1347 illigatum
1468 1311 1592 1347 undique
1621 1320 1716 1348 appre-

933 1360 1067 1391 hendunt,
1085 1358 1133 1386 sed
1146 1358 1295 1394 digitorum
1308 1357 1444 1385 dissoluto
1455 1358 1611 1392 complexu,
1631 1360 1717 1386 risum

933 1409 960 1433 et
981 1405 1107 1440 plausum
1126 1403 1248 1439 parvulis
1262 1403 1354 1430 facere
1368 1403 1477 1431 videtur
1491 1411 1505 1431 e
1522 1404 1650 1432 manibus
1663 1404 1718 1432 dil-

923 1451 1021 1479 ‘lluens
1034 1450 1103 1478 radii
1115 1449 1214 1485 captio.
1231 1448 1277 1476 Sic
1286 1454 1387 1477 nostra
1396 1449 1580 1484 generationis
1595 1449 1713 1484 parvuli,

935 1497 1006 1525 sicut
1019 1496 1107 1531 inquit
1125 1495 1265 1530 parabola,
1284 1495 1312 1522 in
1327 1494 1393 1523 foris
1409 1494 1583 1523 considentes
1599 1495 1715 1522 ludunt:

936 1542 983 1577 qui
1008 1542 1128 1570 divinam
1153 1541 1301 1576 potentiam
1326 1548 1374 1576 per
1392 1539 1574 1568 Providentia:
1599 1541 1719 1568 rationes

936 1591 964 1615 et
991 1586 1123 1613 miracula
1153 1585 1308 1612 illucentcm
1336 1584 1467 1617 videntes,
1496 1585 1570 1612 velut
1612 1585 1719 1612 radium

937 1632 1081 1667 quemdam
1094 1635 1121 1659 et
1137 1631 1256 1658 calorem
1276 1638 1291 1658 e
1316 1631 1398 1658 solari
1421 1634 1518 1657 natura
1539 1629 1719 1662 deﬂuentem,

937 1674 987 1705 nec
996 1677 1165 1704 admirantur
1173 1677 1349 1712 gratiam,nec
1358 1676 1472 1704 adorant
1480 1683 1539 1703 eum
1552 1676 1598 1710 qui
1607 1684 1654 1710 per
1664 1676 1721 1703 hinc

937 1723 1116 1758 intelligitur;
1144 1722 1191 1750 sed
1211 1722 1296 1749 animi
1321 1727 1432 1757 captum
1459 1723 1640 1758 supergressi,
1673 1730 1716 1749 are

937 1769 1074 1804 gutiarum
1097 1768 1324 1803 prehensionilttts
1350 1775 1412 1795 eum
1434 1768 1478 1802 qui
1507 1772 1610 1795 tactum
1629 1767 1721 1802 cll'ugit

939 1822 1046 1842 omnem
1065 1814 1294 1848 complectuntur,
1309 1817 1390 1848 atque
1406 1821 1435 1841 se
1443 1817 1539 1848 putant
1554 1817 1646 1841 tenere
1660 1814 1719 1840 suis

939 1859 1222 1895 argumentationibus
1245 1867 1275 1887 ea
1289 1867 1349 1893 qua:
1366 1859 1524 1894 opinantur.
1542 1858 1611 1885 Cum
1629 1862 1719 1886 autem

939 1906 1008 1933 ratio
1029 1905 1221 1940 penetraverit,
1249 1909 1276 1932 et
1303 1904 1479 1939 explicat-erit
1495 1904 1665 1939 argutiarum
1694 1907 1721 1930 ct

939 1953 1095 1987 captionum
1111 1952 1230 1986 plexum,
1242 1951 1270 1978 lti
1285 1951 1332 1986 qui
1348 1954 1437 1978 mente
1450 1955 1476 1978 et
1488 1950 1720 1985 rationisjudicio

939 1998 1041 2030 valent,
1057 1997 1124 2024 nihil
1136 1997 1362 2032 comprehensum
1381 2004 1443 2024 esse
1467 1997 1650 2031 comperiunt.
1676 1996 1721 2024 Sic

940 2044 1040 2080 pusillo
1063 2044 1154 2071 animo
1179 2047 1206 2071 et
1228 2043 1358 2075 intantili,
1384 2043 1459 2070 circa
1483 2042 1664 2077 impossibilia
1689 2043 1717 2070 in

939 2097 1039 2118 vanum
1065 2090 1230 2122 laborantes,
1260 2089 1344 2116 veluti
1366 2088 1485 2124 qttadatu
1509 2089 1599 2124 palma
1623 2089 1719 2124 puerili

941 2136 1181 2171 iutperceptihilem
1196 2135 1244 2163 Dei
1258 2140 1383 2162 naturam
1399 2135 1494 2170 paucis
1507 2135 1620 2170 syllabis
1635 2135 1718 2170 hujus

945 2183 1064 2211 nominis
1089 2182 1250 2218 ἀγεννησῑαν
1277 2181 1430 2212 includunt,
1453 2184 1481 2208 et
1507 2188 1563 2209 sua:
1579 2181 1723 2208 dementize

100 2217 213 2253 ρεύουσι
221 2220 253 2254 τῇ
265 2221 408 2257 παρανοίᾳ,
420 2223 466 2250 καὶ
472 2223 569 2250 οἴονται
581 2224 706 2252 τοσοῦτον
717 2226 764 2253 καὶ
771 2226 884 2254 τοιοῦτοι

943 2227 1159 2263 patrocinantur,
1185 2230 1267 2261 atque
1292 2225 1438 2261 opinantur
1453 2229 1558 2252 tantum
1586 2229 1614 2253 et
1643 2225 1723 2252 talettt

100 2263 171 2291 εἶναι
195 2265 225 2291 τὸ
243 2265 328 2299 Θεῖον,
348 2268 385 2299 ὠς
395 2268 559 2306 ἀνθρωπικῷ
568 2270 689 2306 λογισμῷ
698 2271 827 2299 δύνασθαι
846 2273 890 2299 διὰ

102 2312 171 2346 μιᾶς
183 2313 368 2348 προσηγορίας
378 2315 628 2350 ὲμπεριείργεσθαι,
648 2317 694 2344 καὶ
709 2319 768 2350 ταῖς
778 2318 826 2352 μὲν
836 2318 891 2345 τῶν

101 2357 190 2391 ἁγίων
195 2360 297 2393 φωναῖς
304 2359 457 2388 ἀκολουθεῖν
467 2370 516 2397 σχη
521 2362 686 2397 ματίζονται·
694 2363 783 2390 αὐτῶν
789 2363 817 2389 δὲ
825 2365 870 2390 ἐκε
875 2364 892 2389 ί-

102 2414 159 2433 νων
171 2406 367 2442 ὺπεραίροντες
380 2409 479 2441 αὐτοὺς
492 2410 521 2436 οὐ
539 2410 736 2437 δεδοίκασιν.⁶Α
745 2410 799 2446 γὰρ
807 2411 892 2443 οὐδεὶς

102 2451 160 2479 τῶν
173 2453 315 2488 μακαρίων
335 2454 439 2491 ἀνδρῶν
458 2456 575 2491 εἰρηκὼς
593 2456 784 2489 ἐπιδείκνυται,
798 2454 836 2484 ὧν
848 2465 890 2488 τις

103 2498 154 2525 καὶ
163 2498 241 2533 λόγος
253 2501 283 2526 ὲν
296 2501 356 2532 ταῖς
370 2500 456 2533 θείαις
472 2501 571 2537 βίϐλοις
582 2502 754 2538 ἀνάγραπτος
769 2503 890 2538 φέρεται,

103 2543 193 2571 ταῦτα
202 2542 284 2577 οὗτοι,
300 2546 392 2578 καθώς
402 2556 483 2583 φησιν
494 2549 508 2574 ὁ
526 2548 554 2574 Ἀ
560 2547 694 2581 πόστολος,
705 2548 754 2582 Μὴ
770 2548 892 2581 εἰδότες,

103 2591 182 2626 μήτε
198 2591 218 2618 d
241 2591 365 2626 λέγουσι
388 2593 438 2620 καὶ
456 2593 522 2628 περὶ
538 2591 581 2621 ὧν
600 2594 804 2626 διατείνονται,
821 2595 895 2629 ὅμως

106 2637 186 2664 αὐτοί
208 2646 238 2664 τε
260 2637 358 2665 ειδέναι
374 2639 449 2672 φασὶ,
475 2640 590 2671 καὶτοῖς
611 2640 700 2671 ἄλλοις
718 2639 895 2674 καθηγεῖσθαι

109 2683 160 2718 τῆς
175 2683 303 2718 εἰδήσεως
321 2684 531 2719 μεγαλαυχοῦσι.
549 2684 600 2711 Καὶ
612 2685 654 2711 διὰ
663 2684 741 2711 τοῦτο
753 2685 798 2710 τὸν
814 2684 897 2710 Μονο-

108 2729 177 2765 γενῆ
193 2730 259 2756 Θεὸν
288 2730 326 2766 μὴ
349 2731 456 2766 ἀληθῶς
473 2729 540 2758 εἶναι
557 2731 571 2757 ὃ
586 2731 694 2765 λέγεται
708 2731 898 2765 κατειληφέναι

148 2818 158 2833 ⁷
175 2818 250 2847 Psal.
267 2825 327 2850 Clll,
345 2819 390 2845 25.
430 2818 440 2834 ⁸
454 2817 539 2855 _lchr.
553 2826 571 2850 ι,
588 2818 614 2846 2.
653 2819 664 2834 ⁹
678 2818 687 2845 l
703 2817 773 2845 Tim.
793 2824 812 2850 ι,
829 2815 855 2845 7.

250 2868 387 2898 Parnm“
410 2867 467 2897 Gtt.
482 2866 576 2898 XLV.

942 2281 1003 2300 esse
1023 2273 1117 2305 Deum,
1147 2276 1175 2299 ut
1194 2272 1315 2298 humana
1334 2272 1440 2298 ratione
1457 2278 1505 2305 per
1530 2278 1612 2298 ttnam
1632 2271 1726 2306 appel.

942 2319 1070 2346 lationem
1088 2318 1175 2353 possit
1192 2318 1323 2344 coerceri.
1339 2317 1379 2344 Ac
1395 2324 1425 2344 se
1436 2316 1546 2351 quidem
1566 2320 1723 2344 sanctorum

942 2372 1023 2391 voces
1050 2364 1128 2398 sequi
1150 2363 1299 2390 simulant:
1325 2362 1373 2390 sed
1395 2370 1424 2389 se
1450 2369 1532 2396 supra
1557 2362 1619 2389 illos
1650 2362 1725 2397 ipsos

944 2409 1113 2441 extollentes,
1136 2416 1183 2436 eos
1210 2417 1265 2435 non
1290 2412 1426 2435 verentur.
1450 2407 1516 2440 Quae
1538 2407 1610 2434 enim
1635 2407 1727 2434 nullus

945 2455 1084 2483 beatorum
1100 2454 1220 2481 virorunt
1245 2454 1346 2482 dixisse
1368 2454 1583 2484 demonstratur,
1611 2460 1725 2486 quorum

946 2501 1036 2537 aliqua
1063 2501 1091 2527 in
1114 2500 1214 2528 divinis
1246 2500 1325 2527 libris
1351 2499 1455 2533 scripta
1480 2499 1550 2525 ratio
1576 2497 1725 2533 profertur.

947 2548 1004 2574 haec
1027 2546 1081 2578 isti,
1104 2546 1175 2573 sicut
1201 2545 1320 2580 loquitur
1346 2545 1504 2579 Apostolus,
1530 2551 1581 2570 non
1605 2543 1725 2572 scientes,

949 2600 1029 2626 neque
1036 2599 1092 2626 quw
1100 2590 1199 2623 dicunt,
1211 2598 1290 2625 neque
1299 2590 1330 2616 de
1339 2589 1430 2625 quibus
1441 2589 1576 2624 afﬁrmant
1588 2587 1609 2619 ν,
1620 2594 1727 2614 verum-

946 2642 1036 2664 tamen
1051 2637 1102 2671 ipsi
1116 2644 1145 2664 se
1161 2636 1231 2663 scire
1250 2635 1422 2670 proﬁtentur,
1439 2638 1465 2661 et
1479 2634 1540 2660 aliis
1560 2633 1644 2659 dttces
1667 2641 1728 2660 esse

949 2682 1068 2709 scientia:
1087 2680 1248 2716 gloriantur.
1264 2680 1303 2706 Ac
1316 2687 1364 2713 per
1378 2679 1429 2704 hoc
1447 2677 1622 2712 Unigcttitum
1641 2675 1725 2702 Deum

950 2736 1005 2757 non
1018 2735 1081 2756 vere
1094 2735 1154 2755 esse
1171 2725 1243 2762 quod
1258 2725 1358 2753 dicitur
1382 2723 1624 2758 comprehendisse
1654 2727 1728 2748 asse-

1519 2857 1556 2888 30
