1970 3076
270 113 323 142 039

902 113 929 140 S.
951 113 1113 142 GREGORII
1128 114 1147 141 Ν
1154 114 1272 143 YSSENI

1839 115 1884 143 940

272 177 386 208 verant,
408 170 554 198 necessitas
582 172 654 200 enim
677 171 915 200 ratiocinationum
937 171 990 200 hoc
1010 172 1051 207 ju-

1104 174 1320 210 διισχυρίςονται.
1336 174 1368 200 Ἡ
1380 173 1434 209 γὰρ
1441 173 1495 200 τῶν
1508 172 1692 207 συλλογισμῶν
1699 172 1807 207 ἀνάγκη
1815 172 1884 199 τοῦτο

273 220 326 246 bet.

306 266 393 298 Quam
420 265 512 292 miseri
538 269 566 292 et
578 265 689 293 solertia
701 264 841 293 destituti!
862 265 948 299 Quam
963 265 1054 292 infelix

273 312 339 346 ipsis
353 315 379 339 et
396 311 515 339 exitialis
530 311 703 340 considerata
720 312 907 347 philosophial
925 311 992 345 Quis
1017 312 1055 340 ita

272 357 334 383 data
350 364 432 392 opera
449 361 546 392 sponte
566 365 615 385 sua
629 357 686 385 ruit
698 358 726 385 in
740 358 911 391 barathrum,
924 358 995 385 sicut
1010 357 1055 384 isti

272 403 364 430 labore
383 408 409 430 et
429 403 519 430 studio
534 403 623 431 lacum
649 404 822 439 blasphemia:
837 404 889 431 sibi
923 404 991 439 ipsis
1016 403 1056 430 fo-

270 449 390 476 derunt?
402 453 504 484 quanta
523 457 652 476 mensura
669 457 683 476 a
700 458 747 484 spe
763 449 983 477 Christianorum
1003 449 1057 476 fru-

271 496 348 522 strati
375 499 478 523 suntet
496 496 595 523 excisi!
622 495 700 528 Quali
723 496 797 522 hiatu
824 495 857 523 ad
880 497 1056 523 servatrieem

272 541 351 568 tidem
375 542 516 576 intersepti
545 542 623 568 sunt!
640 541 747 574 Quanto
765 541 826 569 sinu
850 548 865 568 a
894 540 945 568 [ide
969 541 1056 575 patris

271 588 386 615 Abrahae
405 588 606 623 demigrarunt!
621 588 667 614 ille
680 588 714 621 (si
729 592 836 622 oportet
852 588 1001 616 secundum
1015 588 1055 614 in-

271 634 343 668 genii
359 634 553 662 sublimitatem
573 634 694 669 Apostoli
725 639 828 661 mutata
856 642 921 662 voce
954 634 1055 669 allego-

269 681 325 707 rice
347 682 465 705 mentem
491 683 518 706 et
535 686 645 707 sensum
665 679 787 706 historia:
809 680 968 714 intelligere,
998 687 1056 706 ma-

271 728 352 751 nente
365 725 494 751 nimirum
509 725 641 752 historica
651 725 786 759 veritate),
801 726 857 759 ille,
875 726 997 760 inquam,
1014 725 1056 752 di-

269 769 333 795 vino
352 770 479 797 mandato
503 771 580 798 exsul
595 778 610 798 e
625 774 698 798 terra
720 771 830 806 propria
853 776 879 799 et
894 771 1057 806 cognatione

271 822 320 842 sua
332 815 515 850 egressionem
527 816 591 844 fecit
602 817 660 844 viro
670 817 807 852 propheta:
815 817 951 850 decoram,
961 817 994 844 ad
1004 817 1051 845 Dei

268 861 453 896 cognitionem
472 862 589 896 urgenti.
608 861 666 890 Non
681 863 754 890 enim
772 863 838 890 mihi
853 863 960 891 videtur
975 871 1051 898 qua:-

268 907 331 933 dam
346 907 441 935 localis
464 907 625 943 demigratio
646 916 742 936 eorum
765 917 826 944 qua:
843 909 1053 944 intelligibiliter

268 952 456 985 inveniuntur,
469 953 617 981 conciliare
632 954 916 989 comprehensionem,
929 955 976 982 sed
995 955 1053 990 ipse

265 1005 301 1024 ex
317 997 408 1032 seipso
423 1001 450 1025 et
474 998 584 1033 propria
610 1002 694 1031 terra,
719 1006 816 1033 nempe
845 1006 878 1026 ex
895 1002 1003 1026 terreno
1026 1002 1052 1026 et

267 1043 362 1071 humili
374 1043 472 1078 spiritu
489 1051 627 1079 egressus,
639 1045 764 1079 utquoad
776 1045 833 1072 lieri
851 1048 951 1079 potest,
970 1051 1052 1079 supra

267 1089 421 1116 communis
448 1093 552 1116 natura:
580 1089 711 1117 terminos
734 1097 812 1117 suam
836 1089 923 1124 ipsius
952 1089 1051 1116 intelli-

266 1133 386 1168 gentiam
402 1133 524 1165 extollat,
549 1134 687 1168 animique
710 1141 772 1161 cum
797 1134 924 1162 sensibus
948 1141 1050 1169 cogna-

265 1179 367 1206 tionem
392 1179 530 1214 relinquat
549 1188 556 1206 :
576 1183 606 1206 ut
620 1179 696 1206 nullo
710 1186 804 1206 eorum
820 1187 880 1214 quae
902 1179 993 1206 sensui
1008 1186 1053 1213 ap-

265 1227 363 1259 parent
394 1225 568 1260 praepeditus,
588 1224 622 1252 ad
647 1225 834 1260 cognitionem
858 1231 965 1256 eorum,
991 1230 1053 1258 quae

265 1278 377 1298 sensum
402 1272 544 1298 oculorum
555 1271 699 1306 eltugiunt,
722 1271 887 1298 obscuretur
898 1274 924 1298 et
936 1270 1050 1305 caliget;

264 1324 352 1351 neque
378 1317 472 1344 auditu
503 1316 733 1350 circumsonante,
762 1324 850 1352 neque
878 1317 938 1344 visu
956 1316 984 1343 in
1008 1315 1051 1343 his

263 1369 325 1397 qua
347 1365 479 1397 apparent
504 1361 710 1397 intelligentiam
736 1361 893 1393 scducente,
920 1361 1052 1396 quemad-

264 1407 375 1435 modum
396 1407 434 1434 ait
451 1406 616 1442 Apostolus;
642 1415 690 1442 per
709 1407 788 1435 ﬁdem
811 1408 965 1439 ambulans,
996 1416 1051 1436 non

264 1453 385 1488 speciem
399 1453 432 1485 ¹⁰,
451 1453 479 1480 in
500 1455 606 1480 tantum
635 1452 782 1481 subvectus
812 1452 863 1480 fuit
887 1454 1050 1488 cognitionis

264 1497 453 1533 magnitudine
476 1502 503 1525 et
529 1497 707 1530 excellentia,
734 1498 772 1525 ita
787 1501 817 1525 ut
841 1498 967 1526 humana;
987 1507 1085 1542 per-C

264 1543 390 1571 fectionis
417 1542 552 1571 terminus
583 1543 778 1571 existimetur:
805 1544 832 1571 in
863 1548 971 1572 tantum
1001 1545 1047 1573 Dei

263 1588 447 1623 cognitionem
477 1587 601 1623 adeptus.
617 1593 748 1623 quantum
775 1588 816 1616 l‘as
832 1593 873 1616 est
893 1589 1002 1616 brevem
1025 1594 1052 1617 et

263 1634 405 1661 mortalem
423 1633 493 1660 hane
509 1634 658 1668 potentiam
671 1637 809 1661 extentam
825 1642 933 1670 capere.
950 1635 1052 1668 Quam-

264 1680 357 1708 obrem
374 1679 460 1707 omnis
474 1684 603 1706 creatura
618 1679 766 1713 Dominus,
786 1688 817 1708 ac
833 1682 856 1708 si
875 1681 984 1716 aliquod
1009 1683 1052 1709 in-

266 1730 377 1754 ventum
408 1726 505 1754 fuisset
535 1727 698 1761 patriarelne
717 1727 815 1759 factus,
846 1728 955 1762 proprie
981 1728 1050 1755 Deus

266 1772 401 1799 Abraham
425 1773 600 1800 nominatur:
632 1776 820 1800 verumtamen
848 1773 912 1808 quid
947 1774 980 1801 de
1005 1774 1051 1800 illo

264 1825 353 1845 sermo
370 1818 457 1845 dicit?
473 1819 544 1853 quod
564 1818 647 1845 exivit
666 1819 792 1846 nesciens
808 1826 862 1853 quo
879 1819 930 1846 iret
947 1819 979 1846 “.
994 1819 1048 1846 Sed

263 1871 351 1899 neque
377 1864 416 1891 illi
440 1871 537 1891 nomen
557 1863 617 1899 ejus
642 1872 722 1898 quem
740 1864 880 1899 diligebat.
895 1864 1001 1892 discere
1017 1865 1050 1891 li-

262 1911 338 1943 cuit;
358 1918 446 1945 neque
459 1915 547 1938 tamen
563 1911 598 1938 ob
614 1910 684 1941 hanc
700 1911 881 1946 ignorantiam
901 1918 973 1945 aegre
987 1911 1050 1937 tulit

263 1961 310 1983 aut
323 1957 441 1983 erubuit.
460 1955 516 1983 Hoc
530 1956 614 1992 igitur
628 1956 679 1992 ipsi
693 1960 751 1984 erat
769 1964 868 1984 secura
883 1962 909 1984 et
921 1961 992 1987 tuta.
1017 1957 1049 1984 ad

264 2002 291 2030 id
307 2002 380 2037 quod
397 2003 579 2037 quaerebatur,
607 2002 745 2033 deductio.
775 2003 846 2037 quod
867 2003 942 2030 nulla
957 2011 1050 2030 corum

263 2056 325 2083 qua:
339 2052 463 2083 prompta
484 2052 548 2075 sunt
568 2048 599 2075 ad
613 2048 798 2084 cognitionem
823 2049 850 2076 in
878 2049 920 2076 his
946 2051 1050 2078 notitiis

263 2102 324 2129 quae
338 2093 372 2121 de
387 2093 442 2120 Deo
459 2097 540 2125 sunt,
557 2094 633 2128 quasi
655 2101 736 2121 manu
750 2094 906 2127 duceretur,
925 2096 1052 2131 quodque

264 2139 340 2166 nullo
369 2139 480 2174 penitus
508 2146 602 2166 eorum
627 2146 686 2173 quae
705 2140 898 2174 comprehendi
924 2146 1049 2176 possunt,

1107 221 1200 247 κελεύε
1205 230 1222 247 ι.

1113 282 1117 286 -
1147 267 1190 298 Ὧς
1213 266 1323 293 δείλαιοι
1345 265 1395 300 τῆς
1415 264 1570 300 ἀγχινοίας·
1588 265 1625 296 ὡς
1648 263 1782 298 δυστυχὴς
1802 263 1885 294 αὐτοῖς

1106 311 1153 338 καὶ
1163 311 1284 347 ὀλέθριος
1305 312 1322 346 ὴ
1348 309 1556 346 κατεσκεμμένη
1582 308 1734 345 φιλοσοφίαε
1753 308 1802 340 Τίς
1823 307 1885 334 οὓτω

1105 357 1177 384 κατὰ
1189 357 1306 392 σπουδὴν
1319 356 1463 391 αὐτομολεῖ
1479 355 1547 391 πρὸς
1562 355 1592 382 τὸ
1606 355 1751 391 βάραθρον,
1767 355 1806 386 ὼς
1821 351 1885 381 05w

1106 403 1179 438 πόνῳ
1196 403 1241 429 καὶ
1257 403 1357 438 σπουδῇ
1371 403 1416 429 τὸν
1426 402 1526 429 λάκκον
1541 403 1647 434 ἑαυτοῖς
1658 403 1708 437 τῆς
1722 400 1886 437 βλασφημίας

1105 449 1263 484 ὠρύξαντο;
1278 450 1332 485 ὅσῳ
1349 449 1388 485 τῷ
1405 450 1496 485 μέτρῳ
1510 450 1559 485 τῆς
1577 449 1684 480 ἐλπίδος
1697 448 1750 475 τῶν
1762 449 1885 483 Χριστια-

1105 495 1158 522 νῶν
1175 495 1368 530 ἀφοῳίσθησαν
1381 503 1388 510 ·
1402 495 1449 530 οἴῳ
1466 495 1585 530 χάσματι
1602 494 1671 530 πρὸς
1692 494 1742 529 τὴν
1756 493 1886 526 σώζουσαν

1106 541 1196 571 πίστιν
1215 539 1440 574 διετειχίσθησαν·
1461 540 1522 566 ὅσον
1535 540 1580 567 τὸν
1595 540 1693 566 κόλπον
1710 539 1760 572 τῆς
1777 538 1886 569 πίστεως

1105 586 1150 613 τοῦ
1165 587 1270 622 Πατρὺς
1292 586 1417 621 Ἀϐραὰμ
1441 585 1646 621 ἆπῳκίσθησανῐ
1665 585 1785 616 Ἐκεῖνος
1807 585 1839 619 (εἰ
1852 584 1888 610 δεῖ

1106 632 1176 659 κατὰ
1195 632 1243 667 τὴν
1264 631 1311 658 τοῦ
1343 631 1503 657 ’Δποστόλου
1534 631 1717 666 μεγαλοφυῖαν
1743 629 1887 661 ἀλλάξαντα

1104 677 1153 712 τὴν
1166 677 1257 713 φωνὴν
1273 676 1459 712 ἁλληγορικῶς
1471 677 1516 703 τὸν
1531 677 1593 703 νοῦν
1609 677 1659 711 τῆς
1680 676 1799 710 ἱστορίας
1813 683 1887 702 κατα·

1105 724 1209 759 νοῆσαι,
1227 723 1360 758 μενούσης
1368 722 1467 758 δηλαδὴ
1482 722 1528 749 καὶ
1540 722 1591 757 τῆς
1606 722 1745 757 ἱστορικῆς
1755 720 1887 755 ἀληθείας)

1105 770 1200 805 ἐξῆλθε
1230 770 1274 796 διὰ
1301 769 1373 796 θείου
1394 769 1604 804 προστάγματος
1619 768 1670 802 τῆς
1688 767 1756 797 ιδίας
1768 766 1829 801 γῆς,
1846 766 1887 791 καὶ

1104 817 1155 852 τῆς
1182 816 1241 843 καθ’
1269 815 1364 843 ἑαυτὸν
1387 815 1554 850 συγγενείας,
1571 813 1660 846 ἔξοδον
1677 812 1754 848 ἀνδρὶ
1770 812 1887 847 προφήτῃ

1104 863 1171 898 πρὸς
1182 861 1248 888 Θεοῦ
1257 861 1418 896 κατανόησιν
1429 859 1596 894 ἐπειγομένῳ
1607 858 1775 894 πρέπουσαν.
1788 857 1824 883 Οὺ
1841 857 1888 891 γάρ

1104 916 1149 944 μοι
1163 908 1286 939 δοκεῖτις
1297 906 1394 942 τοπικὴ
1419 905 1614 941 μετανάστασις
1634 903 1688 930 τῶν
1702 902 1808 937 νοητῶς
1823 902 1888 937 εὑρι-

1104 955 1242 989 σκομένων
1252 953 1389 988 προξενεῖν
1399 952 1447 987 τὴν
1461 951 1624 986 κατάληψιν.
1650 950 1719 976 Ἀλλ’
1733 949 1816 981 αὐτὸς
1829 950 1888 976 ἐαυ-

1101 998 1149 1025 τοῦ
1177 998 1223 1024 καὶ
1248 999 1297 1033 τῆς
1328 997 1395 1029 ιδίας
1407 997 1469 1032 γῆς,
1484 997 1531 1023 τοῦ
1547 997 1641 1031 γηῖνου
1657 1004 1686 1021 τε
1702 995 1748 1021 καὶ
1767 993 1888 1021 ταπεινοῦ

1102 1045 1175 1078 λέγω
1192 1044 1364 1079 φρονήματος
1390 1042 1442 1075 ἔξω
1460 1042 1614 1077 γενόμενος,
1633 1041 1680 1067 καὶ
1695 1040 1840 1075 ὑπεράρας
1857 1039 1890 1070 ὡς

1102 1087 1157 1117 οἷόν
1170 1098 1199 1116 τε
1214 1087 1248 1125 ἦν
1261 1089 1315 1116 τῶν
1326 1088 1422 1116 κοινῶν
1443 1088 1493 1122 τῆς
1511 1088 1620 1122 φύσεως
1647 1087 1718 1121 ὅρων
1731 1084 1832 1112 ἑαυτοῦ
1847 1085 1891 1119 τὴν

1102 1134 1231 1167 διάνοιαν,
1258 1135 1304 1162 καὶ
1338 1132 1498 1160 καταλιπὼν
1521 1132 1570 1167 τῆς
1596 1131 1685 1166 ψυχῆς
1700 1131 1750 1166 τὴν
1767 1130 1836 1166 πρὸς
1847 1130 1892 1161 τὰς

1102 1180 1240 1216 αἰσθήσεις
1252 1180 1409 1214 συγγένειαν
1422 1187 1428 1194 ·
1447 1178 1484 1210 ὡς
1505 1178 1600 1213 μηδενὶ
1620 1176 1673 1203 τῶν
1690 1177 1751 1203 κατ’
1768 1175 1892 1211 αἴσθησιν

1102 1225 1325 1262 προφαινομένων
1353 1224 1550 1260 διοχλούμενος,
1575 1223 1643 1259 πρὸς
1659 1222 1708 1257 τὴν
1731 1222 1892 1256 κατανόησιν

1101 1273 1155 1300 τῶν
1168 1272 1291 1308 ἀοράτων
1303 1270 1510 1306 ἀμαυρωθῆναι,
1521 1271 1587 1305 μήτε
1600 1269 1683 1304 ἀκοῆς
1696 1267 1891 1303 περιηχούσης.

1103 1319 1171 1354 μήτε
1188 1318 1276 1352 ὅψεως
1288 1318 1316 1344 ἐν
1331 1318 1386 1348 τοῖς
1401 1315 1573 1351 φαινομένοις
1589 1315 1638 1350 τὴν
1653 1315 1775 1341 διάνοιαν
1788 1313 1894 1339 διαπλα-

1102 1365 1200 1399 νώσης,
1213 1363 1303 1394 καθώς
1317 1370 1398 1397 φησιν
1412 1363 1427 1388 ὸ
1443 1361 1614 1392 ’Λπόστολος,
1628 1360 1671 1387 διὰ
1685 1360 1808 1390 πίστεως
1822 1367 1894 1394 περι-

1101 1409 1205 1442 πατῶν,
1222 1409 1251 1436 οὐ
1270 1409 1314 1435 διὰ
1328 1408 1423 1440 εἴδους,
1440 1408 1480 1439 εἷς
1498 1406 1623 1434 τοσοῦτον
1640 1405 1749 1440 ἐπήρθη
1763 1406 1798 1440 τῇ
1815 1413 1897 1440 μεγα-

1101 1455 1197 1491 λοφυῖᾳ
1210 1455 1258 1490 τῆς
1271 1454 1396 1489 γνώσεως
1406 1474 1413 1484 ,
1431 1453 1500 1480 ὥστε
1527 1454 1588 1488 ὅρος
1604 1451 1770 1487 νομισθῆναι
1784 1452 1836 1486 τῆς
1852 1452 1894 1477 ἀν-

1102 1500 1240 1536 θρωπίνης
1253 1498 1433 1529 τελειώσεως·
1444 1497 1570 1524 τοσοῦτον
1583 1498 1665 1531 γνοὺς
1680 1497 1728 1523 τὸν
1745 1496 1824 1528 Θεὸν,
1840 1495 1893 1522 ὅσοι

1101 1545 1135 1583 ἦν
1145 1546 1256 1574 δυνατὸν
1269 1546 1318 1581 τὴν
1334 1545 1461 1581 βραχεῖαν
1478 1545 1524 1571 καὶ
1547 1544 1678 1579 ἐπίκηρον
1697 1543 1803 1578 ταύτην
1820 1543 1893 1569 δῦνα-

1103 1601 1149 1629 μιν
1163 1591 1359 1628 ὑπερταθεῖσαν
1372 1590 1504 1626 χωρῆσαι.
1521 1589 1672 1625 Τοιγαροῦν
1689 1590 1737 1616 καὶ
1756 1590 1784 1615 '0
1797 1589 1893 1620 πάσης

1101 1639 1225 1670 κτίσεως
1244 1637 1359 1671 Κύριος,
1382 1635 1476 1670 ὥσπερ
1495 1644 1522 1661 τι
1540 1634 1650 1670 εὕρημα
1663 1634 1711 1661 τοῦ
1725 1635 1894 1669 πατριάρχου

1101 1683 1257 1718 γενόμενος,
1290 1681 1362 1712 ἰδίως
1399 1680 1472 1712 Θεὸς
1492 1680 1544 1707 τοῦ
1567 1680 1695 1714 Ἀϐραὰμ
1720 1679 1892 1713 ὀνομάζεται.

1107 1729 1176 1756 Ἀλλ’
1193 1730 1266 1762 ὅμως
1281 1727 1308 1754 τί
1326 1735 1391 1762 φησι
1413 1727 1476 1762 περὶ
1499 1726 1603 1752 ἐκείνου
1616 1727 1630 1752 ὁ
1646 1725 1725 1759 λόγος
1740 1733 1747 1756 ς
1773 1725 1837 1751 Ὀτι
1853 1724 1894 1756 ἑξ-

1101 1775 1191 1810 ἧλθεν,
1209 1774 1258 1800 οὐκ
1273 1772 1453 1807 ἐπιστάμενος
1474 1771 1524 1798 ποῦ
1542 1771 1702 1806 ἀπέρχεται·
1717 1771 1777 1797 ἀλλ*
1792 1770 1852 1796 οὐδὲ
1868 1770 1894 1796 τὸ

1101 1822 1186 1856 δνομα
1197 1819 1242 1846 τοῦ
1269 1818 1452 1853 ἀγαπωμένου
1479 1817 1573 1852 μαθεῖν
1597 1817 1738 1852 χωρήσας,
1763 1815 1828 1842 οὔτε
1846 1817 1894 1851 μὴν

1101 1868 1134 1902 τῇ
1149 1866 1243 1900 ἀγνοίᾳ
1256 1865 1343 1901 ταύτῃ
1357 1858 1564 1898 δυσανασχετῶν
1577 1871 1606 1888 τε
1624 1862 1671 1888 καὶ
1685 1862 1893 1896 αἰσχυνόμενος.

1101 1912 1186 1939 Τοῦτο
1200 1912 1248 1947 μὲν
1266 1909 1312 1937 οὖν
1325 1909 1399 1944 αὐτῷ
1418 1910 1491 1944 καὶὴ
1506 1908 1629 1944 ἀσφαλὴς
1642 1906 1676 1943 ἦν
1685 1908 1716 1934 τ’)
1729 1907 1895 1942 ζητούμενον

1101 1958 1205 1993 ὁδηγία,
1229 1957 1259 1983 τὸ
1274 1956 1367 1993 μηδενὶ
1381 1955 1435 1982 τῶν
1458 1954 1610 1990 προχείρων
1627 1954 1666 1985 εὶς
1688 1953 1856 1988 κατανόησιν
1869 1954 1895 1978 ἐν

1100 2004 1160 2035 ταῖς
1171 2003 1235 2037 περὶ
1247 2001 1294 2028 τοῦ
1311 2001 1379 2027 Θεοῦ
1404 2000 1534 2031 διανοίαις
1556 1999 1805 2034 χειραγωγεῖσθαι·
1831 1997 1894 2033 μηδέ

1100 2058 1152 2076 τινι
1177 2048 1245 2079 ὅλως
1264 2046 1317 2073 τῶν
1339 2045 1623 2080 καταλαμϐανομένων
1639 2044 1806 2071 ὲνσείσασαν
1824 2044 1894 2078 αὑτῴ

1102 2103 1168 2122 ποτε
1183 2094 1233 2129 τὴν
1245 2093 1363 2119 διάνοιαν
1381 2091 1474 2126 στῆναι
1489 2091 1537 2126 τῆς
1550 2091 1587 2121 εἰς
1603 2090 1633 2116 τὸ
1648 2089 1779 2116 ἐπέκεινα
1790 2089 1845 2116 τῶν
1855 2097 1895 2123 γι-

1103 2139 1284 2175 νωσκομένων
1299 2137 1422 2173 πορείας.

263 2189 398 2213 commota
416 2185 503 2220 ipsius
523 2185 698 2221 intelligentia
720 2193 892 2221 progressum
910 2189 969 2222 ejus
985 2190 1105 2222 sisteret,
1121 2187 1190 2215 adid
1202 2185 1279 2220 ’quod
1294 2184 1385 2211 omnia
1403 2190 1463 2218 qua?
1477 2185 1683 2218 cognoscuntur
1700 2186 1825 2216 superat.

299 2230 352 2277 sed
368 2231 599 2277 quemadmodum
617 2231 773 2266 indigenam
793 2233 852 2267 ejus
873 2235 1045 2269 sapientiam,
1064 2250 1085 2277 ο

263 2276 436 2305 Chaldaicam
455 2276 517 2304 dico
539 2277 748 2311 philosophiam.
776 2286 862 2314 usque
879 2280 911 2306 ad
936 2288 967 2307 ea
989 2290 1048 2316 qua:

264 2326 396 2357 apparent
417 2322 612 2350 consistentem
637 2323 845 2352 ratiocinatione
864 2333 927 2352 cum
950 2327 1050 2354 transi-

264 2368 362 2400 liisset,
381 2372 462 2403 atque
476 2368 518 2396 bis
532 2376 592 2403 qua:
602 2376 685 2396 sensu
697 2375 902 2405 cognoscuntur
915 2373 1049 2400 excelsior

265 2412 364 2444 factus,
396 2420 428 2439 ex
451 2412 655 2447 pulchritudine
679 2421 772 2441 eorum
797 2422 858 2449 quae
880 2416 1049 2450 contempla-

264 2458 338 2484 tione
361 2458 559 2492 percipiuntur,
586 2462 667 2493 atque
695 2466 727 2486 ex
754 2459 905 2486 caelestium
930 2461 1048 2488 miracn«

265 2504 353 2530 lorum
381 2504 576 2536 concinnitate,
603 2504 699 2532 formis
723 2512 776 2531 non
804 2505 919 2532 efﬁctam
936 2514 985 2534 nec
999 2514 1047 2534 ex-

264 2556 387 2583 pressam
404 2549 636 2584 pulchritudinem
650 2549 889 2583 videreexpetivit:
908 2550 981 2578 sicel
994 2551 1045 2578 alia

263 2595 354 2621 omnia
369 2603 428 2630 quae
442 2595 652 2622 ratiocinatione
672 2595 821 2629 procedens
837 2596 1046 2630 comprehende-

262 2640 318 2672 bat,
343 2641 399 2667 sive
418 2641 578 2675 potentiam,
600 2640 658 2668 sive
671 2640 830 2673 bonitatem,
849 2641 906 2668 sive
920 2642 990 2676 quod
1006 2648 1047 2670 est

263 2693 323 2712 esse
346 2687 449 2721 absque
469 2686 575 2721 origine
594 2691 620 2713 ct
641 2686 784 2720 principio.
811 2686 868 2713 sive
884 2686 956 2721 quod
972 2687 1047 2714 nullo

264 2730 392 2759 deﬁnitur
416 2732 544 2765 termino,
570 2731 628 2760 sive
648 2731 712 2766 quid
733 2732 806 2759 aliud
831 2733 883 2760 tale
900 2734 1047 2768 cogitatum

319 2821 340 2835 “‘
361 2819 380 2845 ll
396 2819 458 2846 Cor.
480 2828 506 2851 v.
524 2820 549 2846 7.
606 2821 625 2836 “
645 2820 726 2848 llcbr.
743 2829 780 2855 ιι,
797 2821 824 2849 8.

1140 2228 1210 2259 Ἀλλ’
1227 2231 1321 2266 ὥσπερ
1336 2230 1385 2265 τὴν
1401 2228 1533 2264 ἐγχώριον
1547 2227 1629 2255 αὑτοῦ
1647 2227 1754 2261 σοφίαν,
1770 2228 1822 2262 τὴν
1833 2227 1898 2253 Χαλ-

1100 2279 1196 2315 δαῖκὴν
1207 2279 1277 2312 λέγω
1289 2276 1457 2312 φιλοσοφίαν,
1471 2275 1551 2310 μέχρι
1561 2275 1615 2301 τῶν
1626 2274 1802 2309 φαινομένων
1812 2273 1894 2300 Emi.»-

1102 2335 1150 2354 σαν
1156 2325 1194 2361 τῷ
1202 2323 1432 2359 λογισμῷδιαὸὰς,
1441 2323 1488 2349 καὶ
1496 2320 1661 2356 ὑψηλότερος
1670 2320 1725 2346 τῶν
1733 2320 1779 2346 διὰ
1794 2320 1845 2354 τῆς
1856 2320 1895 2346 αἶ-

1102 2372 1222 2407 σθήσεως
1231 2369 1438 2404 γινωσκομένων
1448 2368 1604 2402 γενόμενος,
1614 2368 1646 2393 ἐκ
1657 2366 1706 2392 τοῦ
1716 2366 1834 2397 κάλλους
1845 2365 1897 2391 τῶν

1101 2416 1305 2452 θεωρουμένων,
1319 2415 1366 2442 καὶ
1381 2415 1412 2441 ἐκ
1434 2415 1484 2450 τῆς
1499 2413 1684 2449 εὐαρμνστίας
1693 2412 1748 2438 τῶν
1761 2412 1895 2447 οὐρανίων

1101 2463 1257 2498 θαυμάτων,
1284 2461 1315 2488 τὸ
1333 2461 1474 2487 ἀτύπωτον
1499 2459 1597 2491 κάλλος
1619 2459 1684 2485 ἰδεῖν
1709 2457 1896 2492 ἐπεθύμησεν-

1103 2507 1176 2535 οῢτω
1203 2508 1250 2534 καὶ
1270 2507 1304 2534 τὰ
1329 2507 1395 2534 ἀλλα
1416 2507 1503 2533 πάντα
1520 2507 1569 2532 ὅσα
1588 2504 1690 2540 προῖὼν
1711 2504 1752 2538 τῷ
1774 2502 1896 2537 λογισμῷ

1100 2552 1312 2587 κατελάμϐανεν,
1336 2551 1390 2577 εἴτε
1402 2551 1526 2586 δύναμιν,
1543 2550 1596 2576 εἴτε
1615 2549 1784 2584 ἁγαθότιητα,
1801 2550 1857 2574 εἴτε
1869 2547 1897 2572 τὸ

1099 2599 1224 2634 ἀνάρχως
1237 2596 1316 2629 εἶναι,
1328 2597 1383 2623 εἴτε
1399 2597 1429 2623 τὺ
1444 2596 1510 2632 πρὸς
1529 2595 1604 2622 οὐδὲν
1631 2596 1720 2629 πέρας
1743 2593 1896 2630 ὁρίζεσθαι,

1099 2644 1153 2670 εἴτε
1181 2653 1206 2670 τι
1219 2643 1337 2671 τοιοῦτον
1352 2643 1444 2678 ἕτερον
1459 2643 1548 2677 νόημα.
1568 2643 1632 2677 περὶ
1655 2641 1705 2677 τὴν
1723 2641 1802 2668 θείαν
1818 2640 1897 2675 νεῦσιν

1100 2690 1266 2725 εὑρίσκεται,
1283 2690 1370 2716 πάντα
1381 2688 1473 2723 ἐφόδια
1491 2688 1559 2724 πρὸς
1572 2688 1621 2723 τὴν
1635 2688 1692 2714 ἄνω
1709 2687 1837 2724 πορείαν,
1852 2686 1897 2712 καὶ

1101 2736 1257 2772 ὑποϐάθρας
1284 2735 1453 2771 ποιούμενος,
1481 2736 1529 2762 καὶ
1550 2734 1594 2762 ἀεὶ
1616 2735 1673 2766 τοῖς
1688 2733 1896 2770 εὑρισκομέννλς
