1970 3076
98 117 146 146 οιι

657 121 798 150 CONTRA
818 122 1013 160 EUNOMIUM,
1030 125 1092 154 LIB.
1116 126 1171 154 ΧΗ.

1671 127 1722 154 9ίί

96 178 304 213 ἐπερειδόμενος
318 179 366 205 καὶ
376 180 430 211 τοῖς
440 179 592 215 ἔμπροσθεν
604 181 825 218 ἐπεκτεινόμενος
836 184 886 216 τὰς

943 189 964 212 at
984 185 1075 213 animo
1095 192 1254 222 perceptum
1273 186 1307 214 de
1330 186 1423 214 divina
1448 190 1547 214 natura
1568 187 1716 218 inveninn.

97 223 185 255 καλὰς
199 223 306 254 ὲκείνας
327 224 481 256 ἀναϐάσεις.
494 225 584 257 καθώς
604 234 685 261 φησιν
697 228 711 253 ὁ
727 229 884 264 Προφήτης,

96 269 128 296 ὲν
140 271 174 305 τῇ
189 270 287 306 καρδίᾳ
301 270 495 306 διατιθέμενος,
514 272 561 298 καὶ
571 273 624 300 πᾶν
636 273 667 299 τὸ
678 270 885 309 καταλαμϐανό-

95 323 179 349 μενον
196 315 248 342 om
268 315 319 350 τῆς
344 315 411 348 ιδίας
427 316 578 352 δυνάμεως,
594 318 631 350 ὡς
653 318 700 345 τοῦ
720 318 885 355 ζητουμένου

99 360 263 396 μικρὰτερον
285 361 456 397 ὑπερϐαίνων
470 370 478 377 ³
505 362 566 389 ἐπεὶ
590 365 680 391 πᾶσαν
699 366 727 391 ὲν
747 366 807 398 ταῖς
823 367 887 401 περὶ

97 406 146 432 τοῦ
163 406 230 433 Θεοῦ
257 406 406 442 ὑπολήψεσι
421 408 470 443 τὴν
483 408 512 440 ἐξ
529 409 660 444 ὀνόματος
675 411 821 447 γινομένην
835 412 887 447 τῆς

99 452 209 486 φύσεως
219 453 341 479 εἰκασίαν
349 453 530 489 παρέδραμεν,
540 456 642 490 ἐκκαθή
648 465 697 491 ρας
707 457 751 483 τὸν
759 457 887 493 λογισμὸν

95 499 154 524 τῶν
165 499 295 526 τοιούτων
305 500 446 531 ὑπονοιῶν,
463 502 548 537 ἀμιγῆ
559 511 587 528 τε
604 504 649 529 καὶ
662 503 785 538 καθαρὰν
799 504 887 540 πάσης

100 544 206 574 ἐννοίας
231 545 282 580 τὴν
299 544 390 572 πίστιν
404 546 554 578 ἁναλαὸὼν,
571 547 649 574 τοῦτο
665 549 776 583 σημεῖον
794 549 887 585 ὲποιή-

101 598 167 615 σατο
177 590 228 625 τῆς
240 590 286 617 τοῦ
301 590 367 617 Θεοῦ
383 591 555 626 ἐπιγνώσεως
572 593 691 624 ἁπλανές
702 602 731 620 τε
746 594 792 620 καὶ
810 594 888 630 ἔκδη-

101 635 157 668 λον,
173 635 204 662 τὸ
219 636 335 671 κρείττω
346 638 393 663 καὶ
412 637 575 673 ὑψηλάτερον
592 639 692 670 παντὸς
708 639 887 674 γνωριστικοῦ

102 681 217 715 σημείου
233 682 279 708 τὸν
287 681 352 708 Θεὸν
365 680 432 709 εἶναι
444 682 595 710 πιστεῦσαι.
612 684 661 710 Διά
675 693 716 710 τοι
732 684 810 710 τοῦτο
821 683 889 719 μετὰ

101 726 150 761 τὴν
175 727 359 754 ὲπιπεσοῦσαν
377 729 485 764 ἐκείνην
499 729 625 756 ἔκστασιν
658 732 689 757 ἐκ
704 731 758 757 τῶν
780 730 889 766 ὐῂὶῶν

101 772 256 808 θεαμάτων,
271 774 350 801 πάλιν
361 775 389 805 ἐς
401 775 449 811 τὴν
461 775 632 812 ἀνθρωπίνην
643 777 800 812 κατακύψας
810 777 890 803 ἀσθέ-

100 827 176 846 νειαν
189 828 195 834 ·
217 820 289 854 Ἐγὼ
304 821 338 848 δέ
351 822 418 855 εἶμι,
435 822 511 857 φησι,
529 821 567 856 γῆ
583 823 630 849 καὶ
658 824 773 856 σποδός
785 830 792 837 '
811 831 889 849 τουτ-

937 232 1028 258 omnia
1038 231 1135 259 viatica
1151 232 1185 259 ad
1202 240 1382 267 supernorum
1397 232 1590 267 perfectionem
1607 232 1722 263 faciens.

936 278 963 302 et
986 275 1065 309 quasi
1092 275 1221 309 fulcrum,
1247 280 1275 304 et
1297 278 1517 305 sustentaculum
1550 277 1721 313 prtejaeiens,

937 329 1099 357 semperque
1123 322 1240 351 inventis
1256 323 1367 351 innixus
1391 328 1418 351 et
1433 325 1614 359 praesentibus
1631 326 1722 353 inten-

937 372 992 399 tus,
1005 367 1135 402 pulchras
1149 368 1210 396 illas
1223 369 1408 402 ascensiones,
1421 371 1492 398 sicut
1503 371 1540 398 ait
1549 370 1682 407 Propheta
1691 372 1721 402 ".

938 413 965 440 in
988 413 1071 441 corde
1096 413 1257 449 disponens,
1273 420 1300 442 et
1324 423 1404 442 omne
1426 416 1498 451 quod
1516 417 1724 452 comprehendi—

938 464 983 487 tur
1007 467 1022 486 a
1043 461 1153 495 propria
1171 460 1308 492 facultate,
1329 466 1357 488 ut
1376 469 1408 489 eo
1421 463 1493 497 quod
1520 463 1651 498 quaeritur
1670 461 1722 487 mi-

938 512 1000 534 nus.
1021 505 1274 539 superasccndens;
1300 511 1444 541 postquam
1473 515 1579 534 omnem
1607 516 1667 543 qua:
1691 517 1722 536 CX

938 551 1097 578 nominibus
1116 555 1206 586 potest
1224 551 1378 587 ingenerari
1404 558 1508 580 naturae
1527 554 1722 588 conjecturam,

938 595 1012 622 circa
1036 595 1180 630 opiniones
1202 604 1263 631 quae
1288 596 1322 624 de
1350 596 1404 624 Deo
1430 601 1504 628 sunt,
1530 599 1723 632 praitercurrit,

939 641 1040 669 talibus
1053 642 1257 676 suspicionibus
1273 643 1405 670 rationem
1419 647 1596 678 expurgatam
1611 644 1723 674 habens.

939 687 1190 722 impermistamque
1208 692 1235 715 et
1257 695 1353 723 puram
1381 688 1415 715 ab
1434 688 1509 715 onmi
1535 688 1630 714 notitia
1647 689 1724 715 ﬁdem

939 733 1066 768 adeptus,
1079 734 1131 761 hoc
1143 734 1252 769 signum
1265 734 1368 761 erroris
1379 734 1502 761 nescium
1513 737 1540 760 et
1551 733 1724 760 manifestum

939 779 973 806 de
990 779 1036 807 Dei
1066 780 1223 815 cognitione
1251 780 1327 812 fecit,
1355 780 1428 814 quod
1448 780 1624 815 prastantius
1639 783 1680 807 est
1701 783 1727 806 et

939 825 1076 852 excelsius
1091 826 1164 852 omni
1186 826 1264 860 signo
1277 826 1310 852 ad
1336 826 1518 860 cognitionem
1538 825 1612 857 dato,
1630 832 1727 859 nempe

100 865 184 897 ἐστιν,
203 866 309 901 ἄφωνός
325 875 354 892 τε
379 867 425 893 καὶ
439 867 627 903 ἀνενέργητος,
648 868 685 900 ὡς
698 869 767 904 πρὸς
780 869 828 904 τὴν
840 869 886 896 τοῦ

943 871 1063 904 credere,
1090 871 1153 907 quia
1172 871 1244 900 Deus
1257 876 1308 899 est.
1324 872 1471 907 Propterea
1485 875 1545 906 post
1559 872 1632 898 illam
1648 878 1725 898 men-

98 909 243 943 νοηθέντος
270 911 373 945 ἀγαθοῦ
391 912 548 946 ἑρμηνείαν.
573 913 606 938 Ἡ
628 912 683 948 γὰρ
696 914 731 948 γῆ
751 910 825 940 δοκεί
843 922 887 948 μοι

99 957 148 983 καὶ
164 957 180 992 ή
195 957 283 994 τέφρα
297 957 326 983 τὸ
337 957 437 992 ἄψυχον
453 958 500 984 καὶ
514 958 545 984 τὸ
559 958 654 992 ἄγονον
669 959 725 994 ἃμα
743 959 888 994 διασημαί-

98 1011 168 1035 νειν,
186 1003 231 1029 καὶ
243 1003 312 1030 οὕτω
322 1003 403 1038 νόμος
418 1004 534 1035 πίστεως
549 1004 652 1038 γίνεται
666 1005 707 1040 τῷ
719 1005 788 1040 μετὰ
801 1004 889 1032 ταῦτα

99 1048 152 1083 βίῳ
165 1055 172 1063 ·
200 1048 333 1075 διδάσκων
349 1050 382 1084 τῇ
406 1050 466 1076 κατ’
483 1049 563 1077 αὐτὸν
579 1050 683 1086 ἱστορίᾳ
701 1051 763 1082 τοὺς
777 1051 816 1086 τῷ
830 1051 889 1086 Θεῷ

98 1094 272 1128 προσιόντας,
300 1095 341 1120 ὃτι
352 1095 402 1121 οὐκ
429 1095 501 1121 ἔστιν
516 1095 602 1127 ἄλλως
619 1097 797 1132 προσεγγίσαι
812 1097 887 1132 Θεῷ,

101 1139 140 1174 μὴ
155 1139 272 1171 πίστεως
290 1139 482 1176 μεσιτευούσης
501 1141 547 1168 καὶ
565 1142 754 1177 συναπτούσης
777 1142 810 1168 δι’
830 1143 890 1169 ἑαυ-

99 1186 150 1220 τῆς
174 1186 220 1212 τὸν
245 1185 423 1221 ἐπιζητοῦντα
448 1187 510 1215 νοῦν
532 1188 599 1223 πρὸς
623 1187 672 1223 τὴν
699 1188 889 1222 ἀκατάληπτον

102 1230 198 1264 φύσιν.
215 1231 379 1258 Καταλιπὼν
393 1232 448 1268 γὰρ
463 1233 512 1268 τὴν
533 1234 564 1259 ἐκ
590 1233 641 1268 τῆς
666 1233 792 1268 γνώσεως
811 1234 891 1260 πολυ-

100 1277 299 1312 πραγμοσύνην
313 1297 320 1310 ,
356 1278 550 1310 Ἐπίστευσε,
573 1279 672 1314 φησιν,
703 1279 826 1314 Ἀϐραὰμ
851 1278 892 1312 τῷ

101 1322 176 1354 Θεῷ,
203 1322 250 1349 καὶ
274 1322 415 1358 ἐλογίσθη
432 1323 512 1356 αὐτῷ
534 1323 578 1355 εὶς
600 1324 807 1358 δικαιοσύνην.
835 1326 891 1352 υὺκ

101 1368 212 1404 ἐγράφη
226 1368 253 1395 δὲ
278 1369 311 1395 δι’
328 1369 441 1402 ἐκεῖνον,
459 1370 473 1396 ὁ
494 1370 653 1402 ’Δπόστολος
670 1370 754 1405 λέγει,
772 1370 840 1397 ἀλλὰ
857 1370 892 1398 δι’

101 1415 188 1449 ἡμᾶς,
200 1415 240 1441 ὅτι
257 1415 307 1450 τὴν
329 1415 495 1450 πίστιν,οὐχὶ
510 1416 560 1451 τὴν
576 1415 677 1450 γνῶσιν
690 1417 704 1443 6
719 1415 785 1447 Θεὸς
801 1417 841 1448 sl;
854 1416 893 1443 δι-

101 1459 251 1494 καιοσύνην
265 1459 400 1494 λογίζεται
409 1461 464 1492 τοῖς
474 1461 635 1497 ἀνθρώποις.
651 1462 683 1488 Ἡ
695 1462 745 1495 μὲν
758 1461 812 1497 γὰρ
822 1461 893 1496 γνῶ-

103 1513 147 1536 σις
169 1505 206 1536 ὡς
235 1506 388 1541 ἐμπορικήν
403 1514 464 1533 τινα
479 1507 528 1541 τὴν
541 1506 662 1534 διάθεσιν
681 1507 749 1542 ἔχει,
767 1507 839 1543 μόνῳ
854 1507 893 1542 τῷ

101 1551 298 1587 γινωσκομένῳ
324 1552 522 1588 συντιθεμένη·
546 1553 563 1589 ἡ
587 1553 616 1579 δὲ
646 1553 701 1579 τῶν
722 1552 892 1589 Χριστιανῶν

102 1596 207 1628 πίστις,
223 1596 271 1631 οὐχ
287 1596 382 1629 οὕτως.
397 1598 433 1624 Οὐ
444 1598 499 1634 γὰρ
514 1598 568 1625 τῶν
586 1599 811 1635 γινωσκομένων,
826 1599 894 1626 ἀλλὰ

101 1643 159 1668 τῶν
176 1642 357 1677 ἐλπιζομένων
371 1643 444 1670 ἐστὶν
461 1644 608 1676 ὑπόστασις
621 1653 629 1660 ⁸
645 1645 675 1671 τὸ
689 1645 717 1672 δὲ
732 1645 893 1681 διακρατοῦ-

103 1697 186 1722 μενον
200 1690 249 1715 οὐκ
261 1689 408 1721 ὲλπὶζεται.
427 1691 458 1716 Ὅ
479 1691 533 1725 γὰρ
554 1691 616 1726 ἔχει
632 1700 687 1724 τις,
711 1692 789 1726 φησὶ,
804 1692 833 1718 τί
845 1692 894 1718 καὶ

100 1733 216 1764 ἐλπίζει
227 1743 236 1766 ;
247 1735 282 1761 Τὸ
295 1735 324 1761 δὲ
336 1735 480 1770 διαφεῦγον
495 1735 543 1771 τὴν
551 1737 714 1772 κατανόησιν
728 1737 816 1772 ἡμῶν,
830 1737 895 1773 ὴμέ-

102 1781 213 1815 τερονὴ
237 1781 326 1812 πίστις
342 1782 422 1813 ποιεῖ,
433 1781 476 1808 διὰ
491 1781 540 1817 τῆς
566 1781 632 1814 ἰδίας
654 1782 825 1818 βεϐαιότητος
849 1783 891 1816 ἐγι

102 1826 233 1862 γοωμένη
250 1827 280 1852 τὸ
295 1827 331 1862 μὴ
346 1827 518 1863 φαινόμενον.
537 1827 614 1854 Οὕτω
627 1828 680 1864 γάρ
695 1837 760 1864 φησι
772 1829 835 1865 περὶ
847 1828 893 1855 τοῦ

103 1872 202 1898 πιστοῦ
231 1874 245 1899 ὁ
267 1873 435 1905 Ἀπόστολος,
463 1874 503 1900 ὅτι
527 1874 586 1901 Τὸν
605 1875 733 1909 ἀόρατον
750 1875 791 1908 ὡς
818 1874 895 1909 ὀρῶν

102 1917 298 1951 ἐκαρτέρησε.
313 1918 433 1950 Maturo;
455 1917 501 1946 οὖν
513 1920 526 1946 ὁ
544 1919 588 1945 διὰ
600 1919 726 1953 γνώσεως
740 1920 787 1955 τῆς
807 1921 894 1956 μάτην

104 1964 257 2000 φυσιοὺσης
272 1965 420 1999 ἐπιγνῶναι
436 1966 484 2000 τὴν
499 1966 573 1992 θείαν
589 1966 683 1993 οὐσίαν
697 1966 809 1993 δυνατὸν
826 1964 895 1992 εἶναι

103 2012 204 2046 λέγων.
217 2011 285 2038 οὕτε
301 2013 354 2048 γὰρ
369 2013 511 2049 ἄνθρωπος
526 2012 596 2039 οὕτω
611 2013 708 2047 μέγας,
718 2012 787 2039 ὥστε
799 2012 894 2045 ἐξισῶ-

105 2066 153 2084 σαι
182 2057 220 2092 τῷ
249 2057 340 2094 Κυρίῳ
363 2059 412 2094 τὴν
431 2057 638 2093 καταληπτικὴν
655 2057 753 2085 ἑαυτοῦ
770 2058 893 2094 δύναμιν.

107 2104 158 2136 Th;
172 2104 226 2138 γὰρ
242 2104 276 2130 ἑν
291 2105 617 2138 νεφέλαιςῖσωθήσεται
632 2104 672 2137 τῷ
686 2105 802 2138 Κυρίῳ;
814 2106 896 2140 φησὶν

105 2151 120 2175 ὀ
134 2149 228 2175 Δαϐίδ·
245 2148 307 2175 οὔτε
322 2149 393 2175 οὕτω
414 2149 511 2185 μικρὸν
521 2149 551 2175 τὸ
567 2149 742 2185 ζητούμενον,
757 2150 828 2176 ὥστε
844 2150 896 2176 ὑπὸ

939 918 974 945 tis
985 917 1194 945 commotionem
1207 925 1267 952 qum
1278 926 1310 945 ex
1323 918 1377 945 illis
1390 917 1505 945 excelsis
1516 916 1726 952 speculamentis

939 964 1083 994 inciderat,
1112 971 1209 991 rursus
1232 964 1265 990 ad
1295 964 1440 991 humanam
1472 963 1657 989 inﬁrmitatem
1681 969 1725 988 re.-

939 1007 1059 1041 volutus,
1079 1008 1134 1044 Ego
1148 1018 1205 1036 veru
1218 1029 1226 1041 ,
1245 1009 1335 1044 inquit
1347 1030 1354 1042 ,
1371 1017 1429 1035 sum
1455 1009 1540 1043 pulvis
1557 1012 1581 1034 et
1597 1008 1662 1034 cinis
1673 1027 1681 1040 ,
1701 1007 1726 1032 id

939 1059 981 1083 est
992 1059 1096 1086 mutus,
1112 1056 1185 1083 iners
1203 1059 1229 1083 et
1246 1055 1369 1082 incﬁicax
1387 1055 1420 1082 ad
1434 1054 1646 1090 explicationem
1663 1051 1726 1079 boni

939 1101 1013 1135 quod
1037 1105 1128 1128 mente
1149 1105 1324 1136 conceperat.
1341 1100 1425 1128 Terra
1441 1101 1513 1128 cnim
1537 1099 1603 1126 mihi
1621 1098 1727 1126 videtur

940 1151 967 1174 ct
983 1147 1066 1179 cinis,
1081 1147 1155 1182 quod
1174 1147 1272 1174 anima:
1297 1154 1395 1182 expers
1413 1150 1440 1174 et
1456 1146 1549 1174 sterile
1575 1145 1667 1175 simul.
1688 1144 1726 1171 si-

940 1193 1080 1227 gniﬁcare.
1105 1192 1136 1220 Et
1150 1193 1191 1220 sic
1216 1193 1257 1220 lex
1275 1192 1336 1218 ﬁdei
1355 1192 1384 1218 ﬁt
1398 1192 1459 1219 vitae
1476 1193 1603 1226 posterae,
1625 1189 1727 1216 docens

941 1238 992 1265 hac
1013 1238 1126 1265 historia
1147 1245 1194 1265 eos
1209 1238 1256 1272 qui
1272 1236 1305 1264 ad
1321 1237 1405 1264 Deum
1422 1235 1566 1267 accedunt,
1584 1234 1657 1270 quod
1673 1242 1726 1261 non

942 1284 1022 1312 aliter
1047 1284 1111 1311 licet
1133 1283 1189 1312 Deo
1209 1283 1440 1319 appropinquare,
1466 1282 1520 1309 nisi
1543 1281 1594 1309 ﬁde
1608 1281 1727 1308 interve—

941 1330 1044 1362 niente,
1064 1333 1091 1357 et
1106 1337 1154 1365 per
1171 1337 1200 1357 se
1213 1329 1359 1364 copulaute
1375 1329 1543 1355 intellectum
1555 1328 1601 1361 qui
1617 1326 1729 1361 inquirit

942 1382 1005 1402 cum
1036 1379 1136 1402 natura
1160 1373 1440 1409 incomprehensibili.
1466 1372 1570 1400 Relicta
1600 1372 1671 1399 enim
1695 1379 1728 1398 ex

942 1421 1097 1455 cognitione
1116 1419 1286 1450 curiositate,
1313 1418 1441 1450 Credidit,
1472 1417 1570 1451 inquit,
1595 1416 1729 1442 Abraham

943 1463 1009 1496 Deo,
1043 1470 1066 1492 et
1091 1469 1241 1498 reputatum
1266 1468 1306 1491 est
1327 1463 1360 1490 rei
1385 1462 1419 1489 ad
1441 1462 1579 1497 justitiam
1603 1462 1636 1488 ”.
1670 1461 1728 1487 Non

945 1511 1077 1545 scriptum
1109 1515 1153 1538 est
1175 1514 1286 1545 propter
1317 1509 1406 1542 illum,
1432 1508 1470 1535 ait
1500 1507 1659 1542 Apostolus,
1683 1506 1730 1533 sed

945 1562 1058 1593 propter
1080 1564 1141 1590 nos,
1168 1556 1243 1592 quod
1260 1556 1353 1589 ﬁdem,
1377 1563 1432 1582 non
1456 1554 1639 1589 cognitionem
1661 1553 1732 1580 Deus

944 1603 979 1630 ad
997 1603 1133 1638 justitiam
1157 1602 1315 1629 hominibus
1332 1604 1453 1637 reputat.
1468 1599 1535 1626 Nam
1547 1599 1668 1634 cognitio
1683 1605 1730 1625 ve-

945 1649 986 1676 lut
1009 1648 1217 1684 negotiatoriam
1241 1647 1388 1683 quamdam
1413 1645 1621 1681 dispositionem
1640 1644 1732 1674 habet,

945 1695 996 1722 soli
1020 1694 1130 1728 cognito
1150 1694 1316 1726 assentiens,
1339 1693 1386 1720 sed
1422 1691 1640 1719 Christianorum
1666 1690 1732 1717 ﬁdes

945 1748 1000 1767 non
1020 1740 1078 1772 sic;
1105 1747 1158 1766 non
1176 1739 1248 1766 enim
1267 1746 1360 1766 eorum
1382 1745 1441 1772 qua:
1455 1741 1670 1772 cognoscuntur,
1686 1735 1732 1762 scd

944 1792 1006 1820 quae
1029 1788 1175 1819 sperantur
1197 1789 1239 1811 est
1262 1783 1468 1811 fundamentum
1494 1782 1552 1809 sive
1569 1780 1730 1808 substantia.

945 1829 1024 1863 Quod
1049 1838 1113 1857 vero
1143 1833 1251 1857 tenetur
1277 1829 1392 1856 ﬁrmiter
1416 1835 1471 1855 non
1497 1831 1634 1862 speratur.
1658 1826 1734 1858 Quod

944 1877 1013 1904 enim
1027 1876 1084 1910 quis
1100 1874 1185 1906 habet,
1203 1875 1239 1901 ait
1253 1874 1409 1909 Apostolus,
1420 1872 1483 1908 quid
1501 1873 1581 1900 etiam
1595 1876 1682 1906 sperat
1695 1871 1733 1896 “9

945 1921 1023 1955 Quod
1049 1926 1138 1949 autem
1163 1925 1286 1948 nostram
1304 1919 1487 1955 cognitionem
1506 1918 1586 1953 fugit,
1605 1921 1730 1944 nostrum

947 1970 1015 1997 ﬁdes
1036 1968 1112 2000 facit,
1133 1968 1273 2003 spondens
1297 1967 1406 2002 propria
1436 1965 1563 1992 ﬁrmitate
1579 1963 1652 1999 quod
1677 1970 1732 1990 non

947 2019 1070 2051 apparet.
1094 2014 1140 2042 Sic
1160 2014 1232 2042 enim
1253 2013 1290 2039 ait
1315 2013 1348 2040 de
1373 2012 1445 2039 ﬁdeli
1472 2010 1630 2047 Apostolus,
1656 2009 1733 2041 Quod

946 2061 1103 2088 inuisibilem
1123 2064 1251 2094 tanquam
1266 2058 1354 2085 videns
1369 2058 1473 2092 fortiter
1486 2056 1611 2084 sustinuit
1627 2055 1659 2081 ”.
1677 2053 1731 2080 Va-

947 2115 999 2134 nus
1017 2106 1099 2141 igitur
1120 2105 1167 2140 qui
1183 2112 1232 2139 per
1251 2104 1432 2138 cognitionem
1458 2102 1561 2129 frustra
1582 2100 1731 2129 innantem,

947 2153 1067 2180 divinam
1095 2151 1242 2179 essentiam
1265 2157 1345 2185 posse
1369 2148 1491 2184 dignosci
1511 2150 1644 2175 autumat.
1674 2145 1732 2172 Non

105 2194 246 2229 λογισμῶν
279 2195 452 2230 ἀνθρωπίνης
489 2195 656 2230 βραχύτητος
685 2195 891 2231 ἰιεριληίιινθῆνειι⁴

949 2196 1021 2224 enim
1039 2196 1121 2222 homo
1144 2195 1179 2221 ita
1197 2202 1322 2229 magnus,
1339 2198 1369 2220 ut
1385 2192 1637 2228 comprehensivam
1654 2198 1731 2218 suam

106 2240 211 2266 ’Δκουε
224 2240 271 2266 τοῦ
288 2239 501 2275 Ἐκκλησιασωῦ
522 2239 760 2274 συμϐουλεύοντος,
780 2239 828 2273 Μὴ
847 2239 895 2271 ὲξυ

104 2286 242 2320 ενεγκεῗν
253 2286 334 2320 ῥῆμα
349 2286 405 2320 πρὸ
432 2286 592 2321 προσώπου
609 2286 693 2318 Θεοῦ,
714 2285 758 2312 ὅτι
782 2286 798 2312 ό
814 2285 894 2318 Θεές,

106 2332 203 2367 φησιν,
231 2332 266 2358 ὲν
297 2332 336 2365 τῷ
361 2332 476 2367 οὐρανῷ
501 2332 571 2365 ἅνω,
585 2332 687 2358 καὶσὺ
702 2331 751 2358 ἐπὶ
771 2330 825 2365 τῆς
844 2330 898 2365 γῆς

106 2377 198 2404 κάτω.
211 2378 332 2404 Δείκνδσι
347 2379 385 2410 δὲ,
402 2376 489 2413 οἶμαι,
502 2378 545 2404 διὰ
558 2378 606 2412 τῆς
619 2377 672 2403 τῶν
687 2377 827 2411 στοιχείων
838 2376 899 2402 τοὺ-

105 2433 163 2450 των
177 2424 244 2458 πρὸς
254 2424 356 2458 ἄλληλα
371 2423 545 2455 οἰκειώσεως,
565 2424 664 2458 μᾶλλον
679 2423 706 2449 δὲ
721 2423 898 2454 διαστάσεως,

105 2471 171 2496 ὅσον
200 2469 351 2505 ὑψηλοτέρα
371 2471 387 2504 ἡ
402 2470 460 2496 θεία
481 2469 560 2504 φύσις
587 2470 636 2504 τῆς
649 2468 703 2494 τῶν
723 2468 900 2504 ἀνορωπίνων

105 2515 248 2549 λογισμῶν
278 2515 426 2550 περινοίας.
445 2517 526 2541 Ὅσον
551 2515 604 2549 γὰρ
618 2514 741 2549 ἀνώτερα
762 2514 795 2540 τὰ
812 2513 898 2548 ἄστρα

105 2562 159 2595 τῆς
173 2562 228 2587 τῶν
241 2561 377 2588 δακτύλων
393 2561 473 2595 ἁφῆς.
493 2559 630 2590 τοσοῦτον,
647 2559 745 2594 μᾶλλον
760 2558 788 2584 δὲ
801 2558 899 2584 πολλα-

107 2607 224 2634 πλάσιον
237 2608 306 2642 καὶὴ
317 2607 405 2633 πάντα
417 2605 480 2632 νοῦν
493 2606 661 2641 ὑπερέχουσα
675 2604 754 2639 φύσις
766 2603 818 2630 τῶν
828 2604 900 2637 λογι-

107 2652 187 2688 σμῶν
202 2652 255 2678 τῶν
270 2652 371 2687 γηΐνων
391 2651 617 2686 ὐπερανέστηκεν.

949 2240 1105 2268 facultatem
1120 2240 1235 2266 Domino
1251 2247 1359 2274 :cquare
1373 2239 1480 2266 audeat.
1503 2238 1568 2270 Quis
1584 2237 1678 2267 enim,
1694 2237 1735 2263 in-

950 2287 1008 2321 quit
1028 2285 1121 2317 David,
1140 2286 1166 2312 in
1179 2285 1290 2312 nubibus
1302 2285 1450 2320 a’quabitur
1462 2284 1575 2311 Domino
1587 2283 1626 2310 “‘2
1646 2290 1734 2316 neque

947 2333 1018 2359 enim
1035 2331 1108 2366 quod
1134 2331 1267 2365 qumritur
1293 2331 1329 2357 ita
1355 2338 1467 2364 parvum
1489 2333 1531 2357 est
1548 2334 1576 2357 et
1599 2329 1679 2359 exile,
1706 2331 1735 2353 nt

948 2376 1103 2403 rationibus
1120 2377 1244 2403 humanm
1261 2375 1402 2402 brevitatis
1419 2375 1506 2410 possit
1528 2372 1732 2408 comprehendi.

948 2423 1018 2450 Audi
1036 2421 1228 2449 Ecclesiastem
1252 2422 1291 2448 sic
1308 2421 1509 2448 consulentem:
1532 2419 1596 2447 Noli
1619 2419 1735 2453 proferre

948 2467 1054 2494 verbum
1080 2473 1140 2493 ante
1165 2467 1261 2499 facient
1288 2465 1345 2492 Dei.
1375 2465 1445 2498 Quia
1471 2465 1553 2496 Deus,
1581 2464 1680 2499 inquit,
1707 2464 1734 2488 in

953 2514 1016 2540 cazlo
1032 2521 1148 2544 sursum,
1165 2517 1190 2538 ct
1212 2519 1238 2538 tu
1253 2512 1278 2537 in
1292 2516 1360 2538 terra
1380 2511 1502 2537 deorsum
1514 2511 1544 2536 ".
1563 2509 1733 2536 Demonstrat

953 2563 1043 2586 autem
1064 2566 1110 2593 per
1137 2558 1233 2584 horum
1260 2557 1456 2584 elementorum
1478 2559 1598 2582 mutuam
1616 2553 1731 2587 conjun-

953 2604 1080 2635 etionem,
1095 2603 1149 2629 imo
1163 2609 1227 2629 vero
1237 2601 1406 2633 distantiam,
1420 2604 1522 2635 quanto
1532 2599 1623 2626 divina
1639 2602 1734 2624 natura

954 2649 1133 2676 humanarum
1157 2648 1395 2675 ratiocinationum
1412 2645 1611 2681 excogitatione
1626 2647 1669 2671 est
1689 2651 1733 2670 su»

106 2700 231 2727 blimior.
256 2699 364 2732 Quanto
380 2699 451 2726 enim
466 2698 556 2726 sidera
572 2698 718 2733 digitorum
739 2701 812 2725 tactu
835 2702 898 2725 sunt
917 2697 1023 2728 altiora,
1035 2701 1121 2727 tanto,
1135 2697 1189 2724 imo
1201 2703 1266 2724 vero
1275 2695 1367 2722 multis
1394 2694 1527 2729 partibus,
1538 2700 1598 2728 quae
1628 2697 1734 2719 omnem

107 2746 278 2773 intellectum
294 2750 405 2780 supcrat
418 2749 525 2777 natura,
542 2745 656 2773 terrenis
675 2745 884 2780 cogitationibus
902 2748 928 2771 et
948 2744 1098 2771 rationibus
1115 2743 1239 2778 superior
1260 2745 1358 2770 exstat.

161 2803 182 2818 ι’
201 2801 275 2829 Psal.
294 2810 392 2833 Lxxxv,
410 2802 437 2829 ὓ.

107 2845 245 2870 Lxuvrn,
259 2837 285 2864 7.
326 2839 346 2853 ”
365 2836 454 2864 Eccle.
470 2845 496 2870 γ,
511 2838 536 2864 1.

498 2803 519 2818 ¹³
535 2802 603 2830 Gen.
621 2809 666 2834 xv,
689 2801 720 2834 G;
746 2801 822 2829 Rom.
853 2810 889 2833 vr,
907 2801 933 2829 3.

1000 2802 1020 2816 ”
1038 2801 1115 2828 Rom.
1133 2808 1192 2832 vm,
1207 2799 1252 2827 24.
1316 2799 1335 2815 ⁸⁵
1354 2797 1435 2825 ilcbr.
1459 2805 1497 2830 xi,
1512 2796 1557 2823 27.
1623 2794 1643 2810 ¹⁶
1658 2788 1729 2818 Psai.
