1923 3071
781 77 794 86 κ

241 126 294 154 965

841 124 872 155 S.
898 125 1059 155 GREGORH
1078 127 1222 157 NYSSENI

1822 125 1871 152 ομ

276 182 348 220 Ergo
359 190 421 211 cum
435 182 612 211 didicerimus
622 186 752 219 quantum
765 187 870 212 naturae
881 184 1027 213 discrimen

1114 188 1218 215 Οὐκοῦν
1236 187 1366 222 μαθόντες
1381 187 1443 215 ὅσον
1458 186 1508 222 τῆς
1530 186 1636 221 φύσεως
1661 185 1695 212 τδ
1715 184 1871 212 διαλλάττο-

240 233 293 263 esl,
312 229 339 257 in
367 229 485 265 propriis
505 229 630 257 terminis
647 230 738 264 quiete
759 233 786 257 et
809 231 953 266 tranquille
969 238 1028 258 ma-

241 282 365 303 neamus.
378 275 475 302 Tutius
485 274 557 302 enim
568 274 650 302 simul
661 278 687 302 et
696 274 861 310 religiosius,
874 275 935 311 plus
946 283 1027 311 quam

240 321 313 355 quod
335 319 508 356 intelligitur,
534 319 582 348 Dei
606 319 776 356 maiestatem
799 324 826 348 et
850 321 1028 357 magniﬁcen-

239 367 306 394 tiam
326 374 388 394 esse
416 366 538 399 credere,
562 373 644 402 quam
666 367 829 402 quibusdam
854 367 1028 403 opinionibus

240 411 355 447 gloriam
373 410 459 446 ipsius
478 411 738 439 circumscribentes
749 431 756 443 ,
772 411 840 438 nihil
856 419 937 446 supra
954 412 1028 439 illam

241 460 351 492 putare;
369 457 521 492 praesertim
533 464 620 491 neque
634 456 657 484 si
670 457 730 492 quis
742 461 830 484 tutum
841 465 902 485 esse
917 457 1026 490 dixerit,

240 501 360 529 divinam
373 501 521 529 essentiam
535 509 589 529 non
602 501 712 530 curiose
729 505 756 529 et
772 502 889 530 sollicite
901 510 1028 538 perscru-

240 547 361 580 tandam,
385 550 416 574 ut
445 547 655 575 inenarrabilem
678 551 705 575 et
736 547 862 576 humanis
887 547 1029 584 cogitatio-

241 591 321 619 nibus
342 592 656 627 incomprehensibilem,
683 596 710 620 et
731 592 941 620 intractabilem.
960 591 1028 619 Nam

240 637 358 666 obscura
384 638 454 665 velle
479 639 636 674 conjectura
661 639 831 674 pertingere,
857 642 883 666 et
910 638 1028 674 aliquam

241 684 412 712 occultorum
436 685 618 721 cognitionem
636 693 669 714 ex
692 686 872 714 humanarum
891 686 1028 714 rationum

241 729 471 757 commentatione
488 731 617 764 serutari,
634 730 710 759 falsis
723 731 899 766 opinionibus
916 735 944 759 et
958 739 1029 759 com.

241 773 374 802 mentitiis
396 774 499 802 aditum
527 778 554 802 et
581 776 804 810 consequentiam
828 775 940 811 praebet,
964 775 1028 810 quia

241 819 288 854 qui
307 826 338 847 ea
353 827 412 855 quae
435 821 595 856 ignorantur
617 821 792 857 eonjectavit,
810 829 865 849 non
880 821 968 849 solum
981 829 1028 849 vc-

241 873 314 898 rum,
342 867 390 894 sed
407 870 434 895 et
456 867 544 902 ipsum
570 868 742 896 mendacium
767 876 853 903 sape,
877 872 906 896 ut
934 877 1028 896 verum

242 911 408 947 opinabitur.
424 912 632 949 Evangeliorum
645 918 735 941 autem
750 918 776 942 et
786 914 934 949 prophetia:
945 913 1029 941 disci-

242 957 332 992 pulus,
349 957 421 993 quod
437 958 546 994 quidem
563 964 605 986 est
617 959 662 986 ille
673 959 720 994 qui
732 963 784 992 est,
803 964 856 986 tam
873 967 905 986 ex
926 959 1029 987 sanctis

243 1001 392 1038 Scripturis
414 1011 483 1039 quas
503 1004 616 1038 audivit,
638 1011 719 1040 quam
734 1012 768 1032 ex
789 1012 882 1032 c0rum
899 1013 959 1040 quae
979 1013 1029 1040 ap-

241 1052 339 1084 parent
358 1053 420 1085 apta
439 1050 634 1084 concinnitate,
645 1055 672 1078 ct
687 1058 734 1086 per
751 1050 931 1078 Providentiae
947 1059 1029 1087 opera

243 1094 338 1122 credit.
350 1095 420 1128 Quid
432 1100 522 1123 autem
535 1101 561 1123 et
573 1096 711 1131 quomodo
730 1099 782 1127 est,
799 1099 829 1123 ut
842 1095 936 1124 inutile
948 1097 1030 1124 simul

241 1145 270 1169 et
294 1141 414 1177 ineptum
434 1150 488 1169 non
503 1142 638 1177 esquiret,
660 1149 748 1176 neque
765 1141 850 1168 ullum
868 1141 941 1169 dabit
953 1150 1029 1170 men-

243 1187 323 1214 dacio
341 1191 436 1214 contra
457 1187 599 1215 veritatem
624 1187 781 1222 introitum;
808 1195 870 1216 nam
895 1188 922 1215 in
947 1187 1029 1215 nimis

243 1233 324 1260 anxie
341 1237 367 1260 et
386 1233 495 1261 curiose
517 1233 682 1268 inquirendo
703 1241 833 1269 perversa
851 1237 877 1262 ct
893 1233 974 1260 fallax
989 1241 1031 1260 ra-

242 1278 385 1305 tiocinatio
419 1278 509 1306 locum
540 1279 660 1313 invenit,
692 1279 739 1307 sed
771 1279 844 1307 omni
871 1279 1030 1307 curiositate

244 1329 368 1353 cessante
385 1332 500 1360 prorsus
524 1326 613 1353 omnis
631 1326 774 1353 aberrandi
797 1326 947 1354 necessitas
964 1325 1030 1353 abs-

243 1371 381 1398 conditur.
411 1370 444 1397 Et
468 1371 541 1405 quod
566 1379 629 1398 vera
656 1372 726 1399 ratio
746 1372 833 1405 adest,
850 1379 883 1399 ex
901 1371 952 1399 hoc
975 1371 1030 1398 dis-

244 1417 333 1450 cendi,
350 1417 487 1452 quomodo
507 1416 690 1445 Ecelesiarum
713 1417 832 1448 hmreses
852 1417 880 1444 in
898 1417 987 1445 varias
1003 1420 1031 1444 et

245 1463 432 1499 discrepantes
456 1463 491 1491 de
517 1463 572 1490 Deo
595 1463 738 1498 opiniones
761 1471 823 1491 cum
843 1471 935 1491 errore
952 1463 1032 1490 deﬂe-

244 1509 345 1540 xerint,
359 1517 421 1536 cum
438 1509 510 1536 alius
530 1508 680 1536 secundum
696 1510 814 1544 aliquam
830 1509 910 1536 aliam
930 1509 1030 1537 mentis

245 1554 392 1582 motionem
420 1553 540 1588 seipsum
559 1553 704 1588 deceperit.
722 1553 758 1580 Ut
779 1554 859 1581 etiam
883 1553 911 1580 hi
926 1554 977 1588 ipsi
998 1554 1031 1581 de

245 1599 346 1634 quibus
370 1602 412 1626 cst
443 1606 544 1631 sermo,
568 1599 595 1625 in
622 1599 674 1626 hoc
703 1599 850 1633 impietatis
875 1599 1032 1626 barathrum

247 1644 352 1672 lubrice
373 1647 546 1671 corruerunt.
571 1643 668 1670 Annon
695 1643 823 1671 omnibus
848 1647 921 1671 esset
946 1644 1032 1672 tutius

247 1689 398 1718 secundum
420 1689 566 1724 Sapientia!
592 1689 737 1717 consilium
753 1697 807 1717 non
827 1697 949 1724 quaerere
968 1698 1032 1725 prn-

247 1735 391 1768 fundiora,
421 1735 468 1763 sed
488 1744 516 1763 ιιι
542 1736 633 1771 quiete
660 1736 776 1771 simplex
796 1735 856 1762 ﬁdei
879 1736 1031 1770 depositum

247 1781 402 1810 inviolabile
428 1785 456 1809 et
484 1781 614 1809 intactum
641 1781 693 1809 sibi
711 1781 778 1816 ipsis
792 1781 952 1809 custodire?
979 1780 1032 1808 Sed

246 1829 389 1861 postquam
405 1826 512 1862 penitus
527 1826 608 1861 cmpit
621 1826 760 1853 hominum
769 1826 859 1853 vilitas
873 1829 899 1852 et
913 1825 1030 1858 vanitas,

246 1877 347 1900 temere
368 1880 415 1908 per
436 1880 467 1900 ea
497 1880 557 1908 qua:
579 1874 669 1899 mente
691 1869 883 1906 comprehendi
899 1878 952 1897 non
969 1878 1032 1905 pos-

246 1921 320 1952 sunt,
345 1917 479 1951 incedere,
494 1925 526 1945 ac
545 1917 663 1945 decretis
681 1915 788 1944 ﬁrmare
803 1924 880 1943 vanae
894 1916 1032 1951 opinionis

246 1971 303 1992 sua:
322 1968 475 1991 commenta
496 1973 502 1991 :
521 1963 583 1991 inde
598 1963 696 1998 longus
714 1962 857 2000 catalogus
876 1969 970 1989 eorum
986 1961 1032 1997 qui

245 2009 354 2037 veritati
379 2009 478 2036 bellum
501 2009 631 2041 inferunt,
656 2009 727 2036 inter
746 2016 815 2043 quos
833 2007 860 2034 hi
883 2007 963 2035 etiam
981 2007 1033 2042 ipsi

246 2045 280 2082 de
302 2054 400 2090 quibus
420 2061 509 2082 sermo
533 2057 584 2086 est,
617 2053 662 2088 qui
685 2054 786 2081 erroris
813 2057 840 2080 ct
859 2052 963 2080 fraudis
983 2053 1032 2079 do-

247 2100 382 2134 gmatistze
396 2103 590 2134 apparuerunt,
610 2099 656 2132 qui
671 2098 743 2133 quod
761 2099 831 2126 Deus
846 2103 899 2130 cst,
912 2099 1031 2125 circum-

247 2145 396 2179 scriptione
428 2144 546 2179 quadam
578 2144 809 2178 complcctentcs,
835 2145 1031 2179 propemodum

1079 234 1147 266 ὲστὶ,
1160 235 1215 266 τοῖς
1235 234 1310 266 ίδίοις
1323 234 1396 269 ὅροις
1410 233 1444 260 δι’
1460 233 1576 269 ἡσυχίας
1587 231 1770 267 ἐμμένωμεν.
1780 231 1872 265 ’Δι’-γε-

1079 280 1204 316 λέστερον
1215 280 1269 315 γὰρ
1282 280 1341 315 ἅμα
1363 281 1409 307 καὶ
1427 279 1618 314 εὐσεϐέστερον
1636 278 1722 304 πλέον
1738 277 1789 304 τοῦ
1803 286 1871 303 γλω-

1081 325 1160 359 μένου
1187 324 1217 351 τὸ
1241 323 1448 360 μεγαλοπρεπὲς
1465 321 1534 350 εἶναι
1555 322 1603 350 τοῦ
1623 322 1695 349 Θεοῦ
1721 321 1871 353 πιστεύειν,

1079 371 1096 406 ἦ
1112 379 1182 398 τισιν
1201 370 1338 402 ὑπονοίαις
1364 370 1413 406 τὴν
1432 369 1510 402 δόξαν
1525 369 1608 397 αὑτοῦ
1631 368 1871 404 περιγράψαντας,

1081 414 1163 449 μηδὲν
1195 414 1265 450 ὑπὲρ
1289 415 1377 441 ἐκεῖνο
1394 414 1508 441 οἴεσθαι.
1522 414 1577 440 Καὶ
1600 413 1692 444 ἄλλως
1715 413 1774 439 οὐδ’
1794 413 1826 439 ἂν
1837 422 1873 444 τις

1079 459 1199 494 ἀσφαλὲς
1222 457 1290 486 εἶναι
1302 460 1425 495 φήσειεν,
1448 458 1737 494 ἀπολυπραγμόνητον
1762 459 1812 493 ὲᾷν
1830 458 1873 492 τὴν

1079 505 1156 532 θείαν
1172 505 1265 532 οὐσίαν
1288 505 1325 537 ὡς
1343 505 1498 541 ἀπόρρητον
1511 504 1557 531 καὶ
1571 504 1718 538 ἀνέπαφον
1736 503 1874 538 ἀνθρωπί-

1078 561 1135 584 νοις
1147 552 1294 587 λογισμοῖς.
1320 551 1357 578 Τὸ
1372 551 1420 586 μὲν
1433 551 1486 587 γὰρ
1503 551 1556 579 τῶν
1572 551 1678 586 ἀδήλων
1702 552 1873 585 καταστοχὰ⁴

1079 599 1183 631 ζεσθαι,
1197 598 1244 625 καί
1253 607 1313 625 τινα
1326 597 1380 624 τῶν
1400 597 1566 633 ἀποκρύφων
1578 597 1682 632 γνῶσιν
1700 597 1733 630 ἐξ
1755 597 1873 629 ἐπινοίας

1078 645 1255 680 ἀνθρωπίνων
1269 644 1406 680 λογισμῶν
1431 643 1602 680 ἐρευνᾶσθαι,
1614 643 1740 679 πάροδον
1755 644 1806 670 καὶ
1816 643 1873 670 ἀκό-

1079 690 1171 717 λουθον
1189 690 1234 717 καὶ
1248 691 1307 721 ταῖς
1320 689 1526 725 διεψευσμέναις
1546 689 1601 716 τῶν
1613 689 1786 724 ὑπολήψεων
1801 689 1872 715 δίδω-

1079 745 1130 764 σιν.
1143 737 1213 764 Διότι
1224 736 1278 764 τῶν
1296 736 1484 772 ἀγνοουμένων
1497 737 1511 762 ό
1523 736 1738 771 ἐστοχασμένος,
1752 736 1785 762 οὺ
1800 735 1871 770 μόνον

1078 783 1109 810 τὸ
1129 783 1238 818 ἀληθὲς,
1258 782 1326 810 ἀλλὰ
1347 783 1393 810 καὶ
1413 782 1481 810 αὐτὸ
1503 782 1633 814 πολλάκις
1654 782 1686 808 τὸ
1705 782 1818 816 ψεῦδος,
1838 781 1871 814 ὡς

1079 830 1178 866 ἀληθὲς
1198 830 1373 866 ὑπολήψεται.
1397 829 1426 856 '0
1441 830 1469 856 δὲ
1485 829 1540 856 τῶν
1557 829 1741 863 Εὖαγγελίων
1759 829 1810 856 καὶ
1828 829 1871 862 τῆς

1079 876 1246 912 προφητείας
1269 875 1408 911 μαθητὴς,
1433 876 1473 902 ὅτι
1499 875 1546 909 μὲν
1569 874 1642 900 ἐστιν
1666 875 1680 900 ό
1705 874 1763 906 ὣν,
1787 874 1816 906 ἐξ
1838 871 1870 900 dra

1079 924 1182 961 ἀκήκοέ
1203 932 1233 950 τε
1248 923 1301 950 τῶν
1315 922 1410 956 ἁγίων,
1428 921 1474 947 καὶ
1497 920 1540 947 διὰ
1558 921 1607 955 τῆς
1629 919 1685 946 τῶν
1702 919 1870 954 φαινομένων

1079 969 1276 1005 εὐαρμοστίας,
1292 969 1339 994 καὶ
1354 967 1408 994 τῶν
1423 967 1472 1001 τῆς
1490 966 1619 1001 Προνοίας
1632 965 1726 1001 ἔργων
1739 964 1868 991 πιστεύει.

1079 1017 1111 1043 Τί
1125 1016 1154 1042 δὲ
1171 1016 1218 1043 καὶ
1241 1015 1314 1046 ὅπως
1337 1013 1420 1045 ἐστὶν,
1437 1013 1474 1044 ὡς
1488 1011 1624 1046 ἀνωφελὲς
1639 1011 1702 1046 ἅμα
1718 1010 1767 1037 καὶ
1782 1011 1870 1044 ἀνένη-

1078 1070 1123 1089 τον
1136 1062 1185 1088 οὐκ
1198 1059 1339 1093 ἐξετάζων,
1353 1058 1479 1093 οὐδεμίαν
1491 1056 1569 1083 δώσει
1583 1056 1622 1092 τῷ
1632 1056 1730 1091 ψεύδει
1743 1056 1818 1082 κατὰ
1827 1056 1871 1090 τῆς

1079 1106 1206 1141 ἀληθείας
1220 1105 1268 1141 τὴν
1283 1104 1394 1131 εἴσοδον.
1416 1103 1460 1129 Ἐν
1479 1102 1526 1138 μὲν
1540 1101 1594 1137 γὰρ
1611 1100 1652 1136 τῷ
1668 1101 1869 1136 πολυπραγμο-

1079 1153 1135 1179 νεῖν
1160 1151 1206 1178 καὶ
1229 1148 1433 1186 παραλογισμδς
1454 1147 1544 1183 χώραν
1567 1146 1710 1182 εὑρίσκει·
1736 1147 1831 1181 πάςης
1847 1146 1869 1172 δὲ

1079 1195 1341 1232 πολυπραγμοσύνης
1366 1193 1502 1229 ἀργούσης
1514 1212 1521 1224 ,
1539 1191 1785 1218 συναποκόπτεται
1808 1192 1868 1218 πάν-

1079 1251 1132 1274 τως
1146 1242 1193 1268 καὶ
1207 1242 1224 1276 ἡ
1238 1240 1284 1267 τοῦ
1297 1240 1456 1275 διαμαρτεῖν
1474 1238 1590 1272 ἀνάγκη.
1607 1237 1663 1264 Καὶ
1681 1237 1727 1263 ὅτι
1744 1237 1846 1272 ἀληθὴς
1859 1238 1870 1262 ὁ

1078 1288 1156 1321 λόγος
1171 1287 1301 1321 πάρεστιν
1316 1286 1347 1311 ἐκ
1375 1284 1469 1311 τούτου
1484 1283 1588 1318 μαθεῖν,
1603 1282 1663 1314 πῶς
1684 1283 1715 1308 αἱ
1738 1282 1796 1308 τῶν
1817 1282 1870 1308 Ἐι-

1080 1332 1198 1368 κλησιῶν
1219 1330 1339 1366 αἱρέσεις
1364 1330 1405 1361 εἰς
1432 1328 1556 1359 ποικίλας
1579 1328 1626 1354 καὶ
1648 1327 1806 1362 διαψύρους
1827 1328 1870 1357 τὰς

1080 1376 1198 1413 περὶτοῦ
1211 1376 1278 1403 Θεοῗι
1294 1375 1441 1410 ὑπολήψεις
1457 1373 1701 1408 ἀπεπλανήθησαν,
1713 1373 1800 1400 ἄλλοι)
1815 1373 1870 1399 κατ’

1080 1422 1162 1457 ἄλλην
1175 1421 1234 1448 τινὰ
1244 1421 1292 1455 τῆς
1306 1419 1424 1450 διανοίας
1440 1419 1545 1454 κίνησιν
1556 1418 1652 1444 ἑαυτὸν
1664 1418 1869 1460 ἀπατήσαντος.

1080 1468 1143 1499 Πῶς
1162 1467 1237 1494 αὐτοὶ
1249 1463 1321 1492 οὗτοι
1340 1465 1404 1500 περὶ
1420 1461 1458 1490 ὧν
1471 1465 1485 1490 ὁ
1503 1463 1582 1497 λόγος
1603 1463 1669 1498 περὶ
1684 1463 1718 1490 τὸ
1738 1463 1870 1498 βάραθρον

1081 1512 1160 1539 τοῦτο
1187 1511 1236 1546 τῆς
1264 1509 1389 1540 ἀσεϐείας
1413 1507 1587 1535 κατώλισθον.
1610 1504 1674 1542 'Ap‘
1701 1508 1767 1542 οὐχὶ
1795 1508 1871 1533 πᾶσιν

1082 1556 1282 1592 ἀσφαλέστερον
1297 1553 1329 1590 ἦν
1346 1553 1414 1581 κατὰ
1428 1554 1477 1587 τὴν
1492 1551 1645 1587 συμϐουλὴν
1660 1552 1714 1588 τῆς
1722 1553 1826 1587 Σο-,ρίας
1840 1551 1872 1586 μὴ

1083 1603 1172 1638 ζητεῖν
1185 1602 1219 1628 τὰ
1230 1600 1381 1636 βαθύτερα;
1401 1598 1479 1625 Ἀλλὰ
1488 1597 1644 1634 δι’ὴσυχίας
1658 1596 1710 1631 τὴν
1725 1597 1820 1632 ἁπλῆν
1830 1596 1871 1629 τῆς

1082 1649 1199 1679 πίστεως
1216 1646 1450 1682 παρακαταθήκην
1474 1643 1570 1671 ἄσυλον
1594 1644 1705 1674 ἑαυτοῖς
1728 1643 1873 1677 ἀσφαλὶζε-

1083 1694 1144 1721 σθαι
1155 1703 1162 1727 ;
1183 1693 1251 1720 Ἀλλ’
1264 1692 1324 1719 ἐπεὶ
1336 1691 1403 1721 ὅλως
1416 1689 1502 1725 ἀρχὴν
1512 1688 1607 1715 ἐλαϐεν
1620 1689 1636 1723 ὴ
1650 1688 1707 1714 τῶν
1722 1688 1872 1723 ἀνθρώπων

1082 1740 1217 1772 οὐδένεια,
1243 1739 1298 1770 τοῖς
1322 1737 1509 1772 ἀπερινοήτοις
1533 1733 1697 1770 ἐμϐατεύειν
1726 1735 1811 1770 εἰκῆ,
1831 1734 1871 1759 καὶ

1082 1785 1197 1820 δόγμασι
1214 1783 1357 1820 κρατύνειν
1380 1782 1415 1809 τὰ
1440 1783 1490 1817 τῆς
1508 1780 1626 1816 ματαίας
1642 1780 1767 1815 οίήσεως
1790 1779 1870 1806 αὐτῶν

1083 1830 1297 1866 παρευρήματα’
1322 1827 1444 1855 ἐντεῦθεν
1457 1827 1471 1853 ὁ
1487 1826 1569 1858 πολὺς
1593 1825 1749 1858 κατάλογος
1766 1825 1820 1851 τῶν
1842 1826 1869 1857 τῇ

1083 1876 1195 1911 ἀληθείᾳ
1216 1874 1487 1911 προσπολεμούντων,
1512 1872 1558 1899 καὶ
1574 1871 1652 1897 αὐτοὶ
1668 1868 1746 1897 οὗτοι
1763 1871 1827 1905 περὶ
1838 1868 1869 1896 ἐν

1082 1923 1097 1949 ὀ
1112 1923 1190 1958 λόγος
1204 1921 1287 1954 ἐστὶν,
1302 1921 1327 1947 οἳ
1342 1918 1519 1955 δογματισταὶ
1538 1918 1587 1953 τῆς
1604 1917 1716 1952 ἀπάτης
1733 1917 1869 1950 ἀναπεφή-

1083 1977 1170 2000 νασιν,
1181 1969 1203 1994 ot
1217 1968 1256 1999 εἰς
1272 1966 1446 2001 περιγραφήν
1461 1972 1521 1990 τινα
1539 1963 1569 1989 τὸ
1582 1963 1659 1989 Θείον
1679 1962 1808 1996 ἄγοντες,
1827 1970 1868 1996 μοι

1082 2015 1190 2050 νονουχὶ
1213 2012 1337 2048 φανερῶς
1359 2010 1591 2040 εἰδωλοποιοῦντες
1612 2008 1720 2035 ἑαυτῶν
1736 2008 1788 2043 τὴν
1810 2007 1870 2033 ὑπῄ-

1083 2068 1166 2093 νοιαν,
1187 2060 1214 2085 ὲν
1229 2058 1267 2094 τῷ
1282 2058 1331 2093 τὴν
1347 2056 1550 2092 ἐμφαινομένην
1567 2055 1601 2089 τῇ
1634 2053 1805 2088 datm-11cm
1819 2053 1868 2078 διὲ-

1082 2114 1156 2133 νοιαν
1176 2104 1277 2139 ταύτην
1302 2103 1444 2135 θεοποιεῖν,
1466 2101 1504 2132 ὡς
1527 2100 1587 2135 οὐχ).
1613 2099 1686 2126 κατά
1712 2108 1776 2125 τινα
1799 2099 1868 2130 λόγον

1083 2149 1319 2186 ὲπιθεωρουμένην
1341 2149 1376 2183 τῇ
1400 2147 1459 2182 θείᾳ
1486 2146 1578 2181 φύσει,
1602 2145 1660 2171 ἀλλ’
1684 2145 1774 2180 αὐτὴν
1794 2141 1866 2170 οὖσαν

247 2195 337 2224 aperte
356 2197 433 2216 suam
449 2189 603 2224 opinionem
622 2189 693 2216 velut
712 2189 812 2216 idolum
831 2189 945 2224 lingunt,
965 2190 1028 2216 dum

1082 2196 1158 2227 Θεὸν,
1171 2195 1188 2231 ἦ
1201 2195 1294 2222 οὐσίαν
1316 2193 1394 2220 Θεοῦ.
1410 2192 1505 2219 Καίτοι
1519 2199 1550 2225 γε
1567 2191 1630 2222 ἴσως
1648 2190 1733 2226 ἐχρῆν
1748 2190 1816 2226 πρὸς
1830 2190 1867 2215 τὸν

246 2235 317 2261 hanc
338 2234 544 2269 intelligentiam
569 2241 628 2269 quae
652 2239 694 2262 est
713 2235 740 2261 in
767 2242 861 2262 eorum
884 2235 1031 2271 ἀγεννησίᾳ

247 2279 384 2313 deiﬁcant,
410 2284 440 2308 ut
460 2289 519 2316 qum
542 2281 619 2309 nulla
645 2281 751 2308 ratione
776 2281 803 2307 in
828 2281 919 2308 divina
935 2287 1032 2309 natura

245 2331 383 2360 cernatur,
401 2326 449 2354 sed
464 2327 522 2362 ipsa
541 2327 576 2355 sit
592 2327 674 2359 Deus,
688 2327 729 2355 vel
747 2326 792 2354 Dei
805 2327 933 2355 essentia.
949 2327 1031 2362 Atqui

247 2373 365 2400 fortasse
378 2372 522 2408 oportebat
536 2380 584 2401 eos
603 2373 635 2400 ad
651 2377 805 2400 sanctorum
819 2373 933 2400 chorum
952 2373 1031 2407 inspi-

245 2419 359 2452 cientes,
380 2419 529 2454 prophetas
552 2418 674 2453 intelligo
690 2422 717 2446 et
734 2419 914 2454 patriarchas,
931 2419 1031 2454 quibus

245 2464 423 2491 multifariam
450 2464 600 2498 multisque
625 2463 714 2492 modis
729 2464 851 2493 veritatis
880 2472 970 2492 sermo
990 2465 1032 2491 in-

245 2511 354 2544 sonuit;
375 2514 402 2538 et
424 2514 519 2545 postea
549 2510 625 2545 ipsos
653 2510 734 2538 etiam
752 2511 921 2545 inspectores
936 2513 962 2537 ct
980 2510 1032 2537 mi-

245 2557 349 2585 nistros
373 2556 460 2584 factos
485 2556 573 2588 verbi,
598 2564 660 2583 cum
684 2557 807 2583 venerari
833 2556 894 2583 fidei
921 2556 1030 2591 dignam

244 2602 421 2631 autoritatem
450 2609 556 2634 eorum,
575 2609 636 2637 qua:
661 2601 695 2628 ab
720 2601 780 2636 ipso
807 2600 908 2635 Spiritu
934 2605 1032 2628 testata

245 2653 308 2676 sunt
324 2653 351 2676 et
366 2648 536 2678 confirmata,
558 2651 614 2674 tum
628 2647 736 2674 illorum
753 2646 885 2673 doctrinm
898 2650 925 2673 et
939 2647 1032 2681 cogni-

245 2694 328 2721 tionis
349 2694 475 2721 tcrminis
497 2693 635 2725 insistere,
650 2700 737 2727 neque
754 2691 854 2722 audere
874 2692 900 2718 in
916 2692 959 2719 his
972 2699 1032 2727 qua:

246 2742 401 2766 sanctorum
415 2739 623 2773 comprehensio
640 2746 694 2765 non
718 2738 869 2765 aiIirmavit.
889 2737 928 2764 Illi
947 2738 1030 2769 enini,

245 2787 311 2809 tunc
326 2783 452 2811 humanae
467 2783 530 2811 vitae
541 2783 709 2819 incognitum
725 2783 821 2815 Deum,
839 2787 950 2818 propter
964 2791 1032 2818 pra:-

244 2826 378 2855 valcntcm
401 2829 476 2857 circa
488 2830 560 2859 idola
572 2837 692 2859 errorem
706 2829 879 2865 perspicuum
893 2832 920 2869 et
937 2833 1030 2868 notum

1082 2241 1136 2268 τῶν
1146 2241 1230 2275 ἁγίων
1242 2240 1320 2275 χορὸν
1335 2239 1547 2269 ἀποὸλέποντας,
1565 2238 1626 2268 τοὺς
1639 2237 1789 2272 προφήτας
1805 2237 1867 2268 λέγω

1083 2287 1130 2314 καὶ
1147 2286 1319 2322 πατριάρχας
1333 2306 1340 2317 ,
1362 2283 1402 2315 οἷς
1416 2281 1577 2318 πολυμερῶς
1594 2282 1642 2309 καὶ
1666 2282 1843 2317 πολυτρόπως
1856 2282 1868 2305 ό

1082 2334 1132 2368 τῆς
1157 2331 1285 2366 ἀληθείας
1305 2329 1483 2364 ὲνεφθέγξατο
1501 2328 1596 2362 λόγος·
1622 2328 1670 2354 καὶ
1697 2327 1770 2363 μετὰ
1790 2326 1866 2354 ταῦτα

1082 2378 1145 2408 τοὺς
1162 2376 1298 2407 αὐτόπτας
1313 2383 1342 2401 τε
1359 2374 1406 2400 καὶ
1422 2373 1561 2408 ὑπηρέτας
1577 2373 1747 2408 γενομένους
1763 2372 1810 2399 τοῦ
1828 2371 1867 2398 λό-

1082 2429 1147 2456 γου,
1163 2421 1210 2448 καὶ
1222 2418 1415 2454 δυσωηθῆναι
1432 2418 1481 2452 μὲν
1501 2417 1548 2452 τὴν
1566 2417 1741 2449 ἀξιοπιστίαν
1760 2417 1814 2444 τῶν
1829 2417 1866 2442 ὑπ’

1083 2466 1165 2492 αὑτοῦ
1185 2464 1413 2501 μαρτυρηθέντων
1429 2463 1475 2490 τοῦ
1495 2463 1670 2497 Πνεῦματος,
1698 2463 1829 2498 ἐμμένειν
1844 2462 1866 2488 δὲ

1082 2512 1137 2542 τοῖς
1152 2511 1224 2546 ὅροις
1237 2510 1285 2545 τῆς
1297 2509 1407 2536 ἐκείνων
1420 2507 1590 2539 διδασκαλίας
1602 2507 1649 2533 καὶ
1661 2507 1808 2540 γνώσεως,
1829 2507 1866 2532 καὶ

1085 2557 1122 2592 μὴ
1145 2555 1293 2590 ὲπιτολμᾷν
1312 2554 1418 2585 τούτοις
1435 2550 1471 2579 ὧν
1495 2554 1512 2588 ἡ
1535 2552 1588 2578 τῶν
1612 2552 1699 2584 ἁγίων
1721 2552 1866 2585 κατάλῃςις

1082 2600 1132 2626 οὐκ
1147 2600 1272 2635 ὲφήσατο.
1296 2598 1408 2624 Ἐκεῖνοι
1427 2597 1481 2632 γὰρ
1494 2596 1675 2632 ἀγνοούμενον
1691 2596 1764 2628 τέως
1778 2598 1810 2631 τῇ
1826 2597 1866 2622 ἁν-

1083 2645 1204 2680 θρωπίνῃ
1229 2644 1284 2678 ζωῇ
1304 2643 1348 2670 τὸν
1371 2643 1434 2670 Θεὸν
1452 2643 1495 2669 διὰ
1512 2643 1560 2678 τὴν
1579 2641 1788 2677 ἐπικρατοῦσαν
1809 2642 1861 2668 τότε

1083 2691 1147 2725 περὶ
1167 2690 1201 2717 τὰ
1219 2689 1315 2716 εἴδωλα
1338 2689 1440 2723 πλάνην
1464 2688 1571 2724 ἐμφανῆ
1593 2688 1639 2714 καὶ
1659 2687 1801 2722 γνώριμον
1819 2688 1866 2716 τοῖς

1082 2737 1236 2773 ἀνθρώποις
1247 2737 1387 2768 ποιοῦντες
1400 2736 1430 2763 ἔκ
1440 2745 1470 2762 τε
1485 2735 1538 2762 τῶν
1551 2735 1700 2770 θαυμάτων
1711 2735 1728 2762 a
1743 2736 1801 2766 τοῖς
1810 2734 1866 2767 παρ’

1083 2782 1164 2810 αὐτοῦ
1182 2783 1377 2818 γεγενημένοις
1406 2782 1579 2818 ἐμφαίνεται,
1594 2780 1640 2807 καὶ
1662 2781 1695 2806 ὲκ
1711 2780 1766 2806 τῶν
1778 2779 1867 2813 ὀνομά-

1082 2838 1136 2857 των
1152 2829 1183 2856 δι’
1198 2827 1236 2859 ὧν
1250 2830 1280 2856 τὸ
1295 2830 1415 2857 ποικίλον
1427 2829 1477 2864 τῆς
1488 2827 1562 2860 θείας
1574 2827 1717 2862 δυνάμεως
1733 2825 1865 2853 κατανοεῖ·
