1923 3071
55 115 104 143 945

586 109 724 139 CONTRA
742 108 925 138 EUNOMIUM
944 109 1010 137 LIB.
1026 109 1085 137 ΧΠ.

1612 109 1665 137 946

53 181 114 212 ται,
129 171 192 208 πρὸς
210 171 260 208 τὴν
278 171 384 199 σύνεσιν
402 172 452 207 τῆς
467 171 542 204 θείας
563 171 670 206 φύσεως
688 179 825 208 χειραγω-

889 171 1034 199 tominibus
1060 170 1203 203 facientes,
1233 174 1290 198 tum
1320 177 1354 198 ex
1381 168 1524 197 miraculis
1551 176 1612 205 qua:
1638 169 1666 195 in

54 218 135 252 γοῦσι,
149 217 194 253 τὴν
211 217 445 253 μεγαλοπρέπειαν
460 217 543 252 μόνην
555 217 609 245 τῶν
621 218 685 253 περὶ
702 217 748 244 τὸν
760 217 827 245 Θεὸν

55 263 237 298 θεωρουμένων
247 264 303 294 τοῖς
317 262 469 298 ἀνθρώποις
482 262 670 298 γνωρίζοντες·
683 263 728 290 τὸν
740 263 768 289 δὲ
779 263 829 298 τῆς

54 310 142 341 οὐσίας
158 309 245 343 λόγον,
263 309 300 340 ῶς
317 308 380 336 οὗτε
403 309 514 336 δυνατὸν
529 309 697 345 χωρηθῆναι¹
717 307 779 335 οὕτε
801 317 828 335 τι

54 355 161 392 φέροντα
175 356 230 387 τοῖς
254 355 509 391 πολυπραγμονοῦσι
527 356 557 381 τὸ
578 355 690 390 κέρδος,
711 354 829 390 ἄρρητον

54 403 155 437 ἀφῆκαν
168 402 214 429 καὶ
230 401 417 434 ἀνεξέταστον.
439 401 494 428 Καὶ
510 401 565 438 γὰρ
580 402 627 429 καὶ
641 401 724 428 τᾶλλα
741 401 830 428 πάντα

54 449 93 475 ὅτι
107 449 151 484 μὲν
165 448 258 482 γέγονε
268 448 347 484 διηγή
353 457 433 475 σαντο
446 469 453 480 ,
467 449 589 484 οὐρανὸν,
604 449 666 483 γῆν,
679 448 828 480 θάλασσαν,

54 494 167 530 χρόνους,
189 495 290 526 αἰῶνας
303 495 350 522 καὶ
371 495 420 529 τὴν
436 495 465 522 ὲν
486 495 591 526 τούτοις
609 495 714 522 κτίσιν·
738 495 779 521 ὅτι
802 494 830 520 δὲ

54 541 149 568 τούτων
163 541 287 574 ἕκαστον,
303 542 349 568 καὶ
363 541 447 573 ὅπως,
465 542 512 568 καὶ
526 541 597 574 ὅθεν,
614 541 810 576 ἁπεσιώπησαν
821 550 828 558 ·

55 587 122 614 οὕτω
134 588 178 614 καὶ
191 587 255 623 περὶ
270 586 348 618 Θεοῦ,
364 587 405 614 ὅτι
418 588 466 622 μὲν
478 587 534 614 ἔστι
548 608 556 620 ,
571 587 618 614 καὶ
632 588 688 619 τοῖς
702 586 831 622 ὲκζητοῦ--

55 642 96 660 σιν
109 633 184 659 αὐτὸν
200 633 398 668 μισθαποδότης
411 633 526 667 γίνεται,
545 633 756 668 συμόουλεὺουσι
773 633 831 660 πεί·

54 679 153 706 θεσθαι·
165 679 213 714 τὴν
223 680 251 706 δὲ
261 679 341 714 φύσιν
352 679 436 714 αὐτὴν
446 680 483 711 ὡς
493 680 562 715 ὑπὲρ
575 680 629 706 πᾶν
637 677 719 707 οὖσαν
728 680 814 714 ὄνομα
822 700 830 713 ,

52 725 113 752 οὔτε
127 726 268 761 ὠνόμασαν
278 747 286 759 ,
305 725 366 752 οὕτε
383 726 528 761 ὲμὲλησαν.
545 726 578 752 Εἰ
597 726 651 762 γάρ
666 735 693 753 τι
707 726 774 762 πρὸς
786 726 832 762 δή-

50 773 131 799 λωσιν
144 772 191 807 τῆς
207 772 281 804 θείας
298 773 488 807 κατανοήσεως
512 772 711 808 μεμαθήκαμεν
730 772 830 808 ὄνομα,

51 819 136 845 πάντα
151 817 236 845 ταῦτα
250 818 391 845 κοινωνίαν
406 818 461 854 ἔχει
479 819 526 845 καὶ
549 819 694 853 ἀναλογίαν
707 819 776 855 πρὸς
796 819 830 847 τὰ

51 864 158 891 τοιαῦτα
176 865 231 891 τῶν
254 865 401 900 ὀνομάτων,
426 865 444 892 ἃ
457 865 503 892 τοῦ
525 874 598 897 τινος
616 866 759 901 ἀνθρώπου
783 867 832 902 τὴν

53 910 166 945 ίδιότητα
184 910 328 937 δείκνυσιν.
350 911 394 942 Ὠς
409 911 463 946 γὰρ
483 911 507 937 oi
527 911 572 938 τὸν
591 912 772 947 ἀγνοούμενον
789 913 833 940 διά

49 965 130 983 τινων
143 956 338 991 γνωρισμάτων
359 956 511 991 δηλοῦντες,
528 957 677 993 εὐπατρίδαι
692 958 784 990 αὑτὸν,
799 958 833 986 ἂν

50 1002 122 1029 οὕτω
137 1001 219 1037 τύχῃ,
235 1002 281 1028 καὶ
294 1001 348 1029 τῶν
356 1000 384 1029 εὗ
391 1003 541 1036 γεγονότων
553 1003 677 1037 λέγουσιν
691 1002 771 1037 εἶναι,
787 1005 833 1032 καὶ

49 1048 172 1084 λαμπρὸν
183 1049 210 1074 ὲν
221 1047 327 1084 πλούτῳ
334 1048 381 1074 καὶ
391 1049 419 1075 ὲν
429 1048 493 1084 ἀξίᾳ
503 1049 691 1084 περίϐλεπτον,
702 1050 834 1078 ἀνθοῦντά

48 1104 81 1123 τε
96 1096 126 1130 τῇ
138 1094 194 1130 ὥρᾳ
202 1115 209 1126 ,
220 1095 266 1125 καὶ
278 1095 324 1122 ἐπὶ
340 1095 418 1122 τόσον
428 1095 594 1124 διανεστῶτα
604 1096 642 1132 τῷ
653 1097 771 1132 σώματι,
787 1098 834 1125 καὶ

48 1143 84 1169 τὰ
102 1142 209 1169 τοιαῦτα
224 1142 363 1176 λέγοντες,
377 1141 407 1168 οὗ
420 1141 467 1178 τὴν
489 1142 568 1176 φύσιν
583 1143 629 1170 τοῦ
650 1143 814 1179 δηλουμένου
826 1165 833 1178 ,

49 1189 117 1216 ἁλλά
130 1197 188 1215 τινα
200 1188 376 1224 γνωρίσματα
390 1188 444 1215 τῶν
459 1188 521 1224 περὶ
532 1189 611 1215 αὐτὸν
628 1191 836 1225 γινωσκομένων

49 1236 195 1271 ὲδήλωταν.
212 1234 279 1261 Οῧτε
293 1234 347 1270 γὰρ
363 1234 393 1261 τὸ
409 1235 528 1269 εὐγενὲς,
543 1235 604 1262 οὔτε
616 1237 646 1263 τὸ
660 1237 836 1272 πολυχρήμαο

48 1291 107 1314 τον,
115 1281 173 1308 οὔτε
184 1281 214 1308 τὺ
224 1281 372 1316 περιφανὲς
379 1281 425 1307 τοῦ
432 1281 594 1317 ἀξιώματος,
604 1282 665 1309 οὔτε
672 1283 702 1309 τὸ
712 1284 781 1311 κατὰ
787 1285 836 1320 τὴν

49 1328 71 1354 ὦ
76 1336 124 1363 ραν
132 1326 308 1362 περίϐλεπτον
316 1327 329 1352 ὁ
338 1326 479 1362 ἄνθρωπός
489 1327 573 1360 ἐστιν,
582 1328 638 1355 ἀλλ’
650 1329 763 1356 ἕκαστον
774 1330 836 1357 τού-

48 1383 105 1401 των
118 1374 179 1409 περὶ
194 1373 239 1399 τόν
253 1381 313 1400 τινα
329 1373 481 1408 θεωρεῖται·
497 1373 583 1405 οὕτως
594 1375 641 1401 καὶ
655 1375 740 1402 πᾶσαι
750 1376 837 1410 φωναὶ

48 1421 101 1453 τῆς
115 1419 192 1453 ἁγίας
209 1419 320 1454 Γραερῆς
337 1419 376 1450 είς
391 1417 542 1453 δοξολογίαν
557 1419 632 1448 θείαν
647 1420 836 1457 ὲξευρημέναι,

48 1465 107 1491 τῶν
125 1464 185 1499 περὶ
202 1463 246 1490 τὸν
267 1463 332 1490 θεόν
348 1472 375 1490 τι
398 1463 570 1499 δηλουμένων
593 1465 835 1501 ἀποσημαίνουσιν,

50 1511 121 1538 ἰδίαν
138 1510 255 1545 ἔμφασιν
268 1509 369 1545 ἑκάστη
387 1510 559 1546 παρεχομένη
576 1510 610 1537 δι’
621 1507 658 1538 ὧν
673 1511 690 1547 ἢ
711 1512 741 1538 τὸ
757 1512 838 1539 δυνα-

48 1557 107 1588 τὸν,
133 1556 149 1591 ἢ
165 1555 194 1582 τὺ
207 1555 254 1582 τοῦ
279 1555 400 1591 χείρονος
421 1556 606 1590 ἀνεπίδεκτον,
627 1557 643 1591 ἢ
658 1557 687 1584 τὸ
703 1557 740 1594 μὴ
755 1558 785 1591 ἐξ
799 1559 841 1586 αἰ-

48 1603 112 1634 τίας
126 1599 205 1635 εἶναι,
228 1602 243 1637 ἦ
259 1602 288 1628 τδ
304 1602 340 1637 μὴ
356 1602 396 1634 εἰς
409 1602 581 1638 περιγραφὴν
596 1602 689 1635 τέλους
700 1603 837 1640 ἔρχεσθαι,

48 1649 65 1683 ἦ
83 1648 115 1674 τὺ
134 1647 207 1674 κατά
227 1648 335 1674 πάντων
363 1646 434 1682 ἔχειν
450 1647 480 1673 τὸ
501 1647 611 1682 κράτος,
630 1647 646 1683 ἢ
662 1648 730 1680 ὅλως
746 1658 771 1676 τι
786 1650 841 1676 τῶν

49 1693 117 1729 περὶ
143 1693 240 1723 αὐτὸν.
261 1692 459 1727 διδασκόμεθα*
478 1692 563 1729 αὐτὴν
578 1693 605 1720 δὲ
621 1694 670 1729 τὴν
690 1694 783 1721 οὐσίαν
803 1695 841 1727 ὠς

47 1739 113 1766 οὔτε
123 1739 226 1774 διανοίᾳ
236 1739 288 1765 τινὶ
299 1739 434 1774 χωρητὴν.
446 1738 506 1765 οὔτε
517 1739 588 1776 λόγῳ
599 1740 731 1775 φραστὴν,
744 1741 839 1768 ἀπολυ-

46 1785 244 1821 πραγμόνητον
259 1785 348 1817 εἴασε,
365 1786 453 1820 σιωπῇ
475 1785 605 1820 τιμᾶσθαι
625 1785 837 1821 νομοθετήσασα,

46 1832 77 1858 ἐν
88 1831 127 1866 τῷ
141 1831 254 1858 κωλύειν
263 1830 317 1857 τῶν
332 1830 486 1865 βαθυτέρων
498 1830 546 1866 τὴν
559 1831 681 1866 ζήτησιν,
697 1832 744 1858 κα)⁸
756 1832 785 1858 ἐν
801 1832 839 1868 τῷ

44 1878 140 1911 λέγειν
155 1877 192 1913 μὴ
206 1877 260 1904 δεῖν
279 1877 430 1911 ἐξενεγκεῖν
445 1877 519 1912 ῥῆμα
531 1877 583 1912 πρὸ
598 1877 744 1913 προσώπου
761 1878 838 1906 Θεοῦ.

882 216 969 251 ipsius
983 215 1113 252 operibus
1123 216 1241 249 elucent,
1253 224 1314 243 cum
1336 223 1368 243 ex
1382 215 1551 248 nominibus,
1568 214 1667 249 quibus

882 262 999 290 varietas
1017 262 1115 290 divinaa
1131 261 1239 291 virtutis
1261 262 1432 298 intelligitur,
1455 261 1489 288 ad
1506 260 1604 288 divina:
1618 267 1668 287 na-

882 311 951 336 tura:
971 308 1176 343 intelligentiam
1192 313 1321 344 tanquam
1337 315 1419 335 manu
1435 307 1550 338 ducunt,
1564 306 1670 341 magni-

883 355 1018 382 ficentiam
1039 355 1125 382 solam
1140 362 1235 382 eorum
1250 362 1310 390 quae
1328 355 1361 382 de
1376 354 1430 381 Deo
1447 353 1667 386 considerantur,

883 399 1043 428 hominibus
1057 404 1150 427 notam
1166 400 1311 433 facientes;
1331 399 1458 428 cssentiae
1476 402 1566 426 autem
1583 398 1670 425 ratio~

884 453 958 478 nem,
982 449 1012 473 ut
1031 453 1093 481 quae
1116 446 1175 481 capi
1193 446 1268 473 nullo
1288 445 1369 472 modo
1390 445 1488 480 possit,
1502 452 1591 480 neque
1604 443 1669 479 quid

884 491 979 519 all'erat
1002 492 1070 520 lucri
1099 495 1126 520 et
1151 492 1286 520 commodi
1302 491 1344 520 his
1363 491 1408 527 qui
1436 491 1518 519 nimis
1543 491 1623 518 anxie
1645 495 1672 517 et

885 539 993 567 curiose
1014 540 1186 574 perquirunt,
1204 538 1367 566 ineil‘abilem
1383 542 1409 566 et
1429 545 1484 565 non
1502 537 1672 572 pervestiga-

884 585 965 613 bilem
988 585 1161 613 dimiserunt.
1185 583 1292 612 Etenim
1308 584 1389 611 etiam
1411 584 1464 610 alia
1484 583 1575 610 omnia
1598 586 1672 617 certq

885 631 955 659 facta
971 639 1031 660 esse
1044 636 1234 664 narraverunt,
1250 631 1361 664 coelum,
1374 635 1485 663 terram,
1502 636 1587 660 mare,
1602 632 1673 656 tem-

885 685 962 713 pora,
994 678 1105 711 seacula,
1121 681 1218 713 etquae
1235 677 1262 704 in
1281 677 1321 705 eis
1337 681 1412 708 sunt,
1431 680 1582 714 creaturas.
1601 674 1673 707 Quid

886 729 975 752 autem
988 724 1086 752 horum
1104 724 1331 760 unumquodque,
1343 728 1369 751 et
1383 722 1532 759 quomodo,
1549 726 1577 749 et
1592 721 1672 754 unde,

886 770 960 798 taciti
982 770 1173 806 praeterierunt
1190 780 1196 798 :
1219 770 1260 798 sic
1275 770 1357 797 etiam
1374 770 1407 797 de
1425 768 1481 796 Deo
1496 768 1560 803 quia
1573 771 1626 800 est,
1647 771 1674 795 et

887 817 1074 852 quzerentibus
1097 825 1127 844 se
1150 816 1180 843 fit
1196 819 1387 843 remunerator
1402 815 1434 847 ’⁸,
1450 814 1595 842 consulunt
1613 821 1674 841 cre-

887 863 972 891 dere:
988 867 1115 890 naturam
1136 866 1226 890 autem
1249 862 1336 898 ipsam
1356 869 1416 896 quae
1439 867 1522 896 supra
1542 865 1583 889 est
1593 868 1675 888 omne

886 920 998 943 nomen,
1023 918 1112 946 neque
1144 910 1333 941 nominarunt,
1360 916 1449 944 neque
1474 912 1616 936 curarunt.
1645 907 1674 934 Si

887 958 958 986 enim
971 965 1070 986 nomen
1094 956 1204 992 aliquod
1224 956 1257 984 ad
1270 956 1480 984 declarationem
1508 955 1606 983 divinae
1629 963 1675 982 eo-

888 1005 1018 1040 gnitionis
1047 1004 1206 1037 didicimus,
1237 1003 1296 1030 haec
1331 1002 1675 1030 omnia'communionem

889 1050 999 1081 habent,
1016 1053 1042 1077 et
1059 1049 1267 1085 proportionem
1290 1055 1352 1076 cum
1367 1048 1504 1083 ejusmodi
1518 1047 1676 1075 nominibus

889 1104 950 1131 quae
973 1095 1089 1130 alicujus
1111 1094 1232 1123 hominis
1256 1094 1451 1130 proprietatem
1474 1094 1675 1123 demonstrant.

889 1142 1124 1176 Quemadmodum
1150 1140 1222 1169 enim
1250 1140 1277 1167 hi
1301 1141 1347 1175 qui
1375 1140 1529 1176 quempiam
1556 1141 1609 1168 sibi
1635 1148 1678 1167 in-

889 1189 1038 1224 cognitum,
1066 1195 1114 1223 per
1143 1187 1235 1222 aliqua
1262 1186 1365 1214 indicia
1382 1190 1417 1214 et'
1431 1187 1508 1221 signa
1526 1186 1676 1218 declarant,

889 1238 979 1273 ipsum
1001 1245 1033 1265 ex
1057 1236 1129 1263 bono
1155 1239 1232 1270 patre
1253 1238 1344 1261 ortum
1369 1237 1395 1262 et
1415 1234 1574 1269 ingenuum,
1597 1234 1619 1261 si
1637 1234 1678 1262 sic

890 1290 951 1310 sors
974 1282 1076 1314 tulerit,
1105 1285 1132 1308 et
1157 1287 1189 1307 ex
1213 1279 1353 1307 nobilibus
1380 1279 1475 1306 dicunt
1497 1286 1567 1311 esse,
1597 1283 1679 1314 atque

890 1327 993 1355 divitiis
1010 1327 1114 1354 clarum
1132 1329 1159 1353 et
1181 1325 1314 1360 dignitate
1330 1325 1521 1360 conspicuum,
1540 1327 1618 1352 aetate
1631 1324 1680 1352 ους

891 1379 1006 1406 rentem,
1024 1377 1051 1400 et
1076 1373 1104 1400 in
1130 1375 1235 1399 tantum
1254 1378 1369 1406 corpore
1388 1371 1564 1404 eminentem,
1579 1374 1605 1398 et
1618 1378 1680 1406 quae

892 1425 956 1449 sunt
972 1419 1106 1455 ejusmodi
1126 1419 1190 1446 dum
1213 1418 1318 1449 dicunt,
1343 1425 1396 1446 non
1412 1421 1538 1444 naturam
1557 1417 1617 1452 ejus
1631 1417 1680 1452 qui

892 1466 1060 1498 declaratur,
1074 1463 1122 1492 sed
1139 1463 1261 1498 quaedam
1278 1463 1356 1497 signa
1372 1466 1399 1490 et
1411 1466 1491 1490 notas
1507 1469 1602 1490 eorum
1620 1470 1680 1497 qua:

853 1524 875 1554 α
891 1513 918 1540 in
932 1512 991 1547 ipso
1004 1513 1219 1546 cognoscuntur,
1235 1509 1404 1536 indicarunt.
1416 1507 1510 1543 Neque
1524 1509 1595 1536 enim
1608 1508 1681 1543 quod

892 1565 1056 1594 generosum
1084 1561 1111 1584 et
1135 1555 1237 1587 nobile,
1266 1561 1356 1589 neque
1377 1555 1566 1590 pecuniosum,
1592 1563 1682 1590 neque

893 1605 998 1632 illustre
1012 1603 1154 1638 dignitate,
1171 1609 1261 1636 neque
1279 1600 1352 1636 quod
1367 1604 1447 1628 aetate
1462 1600 1549 1633 floret,
1568 1604 1595 1629 et
1619 1608 1682 1636 spe-

893 1641 1061 1680 clahilc’est,
1081 1649 1139 1683 ipse
1156 1647 1237 1675 homo
1251 1650 1304 1678 est,
1320 1646 1368 1674 sed
1385 1647 1483 1674 borum
1508 1647 1681 1682 unumquod-

893 1704 946 1732 que
965 1695 991 1722 in
1016 1695 1110 1729 aliquo
1133 1698 1285 1729 spectatur.
1314 1693 1360 1721 Sic
1381 1693 1464 1721 etiam
1483 1700 1580 1722 omnes
1600 1701 1681 1722 voces

893 1745 995 1770 sanctae
1015 1740 1165 1775 Scripturae
1187 1739 1221 1766 ad
1244 1738 1469 1774 glorificationem
1493 1739 1613 1766 divinam
1638 1739 1681 1766 in-

893 1793 990 1819 ventae,
1008 1794 1103 1814 eorum
1126 1781 1228 1820 aliquid
1250 1793 1311 1820 qum
1325 1785 1351 1812 in
1372 1784 1427 1812 Deo
1440 1785 1624 1818 declarantur,
1644 1785 1682 1813 si-

892 1834 1030 1870 gnificant,
1062 1832 1198 1868 propriam
1221 1830 1446 1866 significationem
1476 1831 1589 1866 singulae
1615 1839 1682 1867 prte-

893 1880 998 1912 bentes,
1019 1886 1068 1915 per
1096 1885 1176 1914 quas,
1192 1877 1235 1905 vel
1257 1879 1330 1912 quod
1348 1881 1444 1912 potens
1471 1881 1523 1910 est,
1544 1878 1586 1905 vel
1607 1878 1681 1913 quod

43 1923 196 1950 deterioris
226 1931 279 1950 non
304 1927 346 1951 est
367 1931 462 1958 capax,
486 1923 528 1950 vel
547 1923 619 1958 quod
648 1931 703 1951 non
728 1929 770 1953 est
794 1933 826 1953 ex
848 1933 941 1958 causa.
958 1927 1000 1954 vel
1024 1925 1096 1961 quod
1128 1924 1317 1952 circumscribi
1330 1931 1383 1951 non
1400 1927 1499 1959 potest,
1534 1924 1577 1951 vel
1609 1924 1682 1959 quod

44 1969 74 1996 in
104 1969 197 1995 omnia
211 1968 293 1996 habet
313 1969 468 2004 imperium,
485 1969 527 1995 vel
551 1969 663 1997 omnino
694 1970 760 2003 quid
780 1979 874 1999 eorum
894 1980 954 2006 quae
976 1972 1004 1999 in
1029 1971 1089 2007 ipso
1107 1970 1328 2002 considerantur,
1354 1969 1506 1997 docemur:
1535 1970 1680 1998 essentiam

43 2017 141 2040 autem
167 2015 264 2048 ipsam,
282 2018 312 2040 ut
334 2022 421 2049 neque
446 2014 623 2050 intelligentia
649 2017 869 2051 perceptibilem,
890 2025 978 2052 neque
1003 2017 1128 2044 oratione
1150 2014 1300 2047 eil‘abilem,
1322 2022 1377 2042 non
1405 2014 1514 2043 curiose
1541 2015 1681 2050 inquiren-

42 2059 110 2086 dam
130 2059 244 2088 dimisit,
262 2059 369 2087 silentio
384 2059 524 2087 colendam
541 2067 603 2087 esse
617 2061 755 2093 sanciens.
775 2062 840 2090 dum
860 2063 945 2091 Vetuit
971 2062 1168 2098 profundorum
1190 2060 1407 2096 inquisitionem,
1433 2065 1460 2088 et
1495 2060 1560 2088 dum
1597 2060 1681 2089 edixit

44 2110 107 2130 non
127 2108 255 2138 oportere
272 2103 367 2131 ell'erre
386 2105 498 2132 verbum
524 2109 586 2133 ante
615 2105 710 2134 faciem
736 2107 793 2135 Dei.

81 2150 135 2177 Διὰ
152 2150 232 2176 τοῦτο
249 2150 338 2176 πᾶσάν
354 2159 395 2181 τις
411 2150 588 2178 θεόπνευστον
608 2152 700 2188 φωνὴν
722 2153 832 2188 ἐρευνώ-

926 2152 967 2181 0b
984 2160 1044 2181 eam
1059 2159 1170 2180 causam
1189 2151 1236 2187 qui
1248 2158 1357 2179 omnem
1373 2150 1505 2179 divinitus
1521 2152 1682 2187 inspiratam

43 2204 132 2232 μενος
144 2216 151 2228 ,
165 2196 217 2222 οὐκ
231 2195 263 2222 ἂν
283 2195 358 2231 εὖροι
373 2196 422 2230 τῆς
436 2196 511 2227 θείας
526 2196 634 2231 φύσεως
650 2199 699 2233 τὴν
715 2199 842 2227 διδασκα-

40 2243 121 2273 λίαν,
141 2241 203 2268 οὐδὲ
218 2241 269 2277 μὴν
283 2241 362 2268 ἄλλου
382 2242 453 2274 τινὸς
465 2242 519 2269 τῶν
535 2244 597 2269 κατ’
611 2243 703 2271 οὐσίαν
723 2245 842 2281 ὑφεστη-

40 2288 148 2314 κότων.
173 2286 255 2313 Ὅθεν
276 2287 305 2313 ἐν
323 2287 420 2323 ἀγνοίᾳ
441 2288 550 2315 πάντων
569 2288 711 2324 διάγομεν,
736 2290 843 2326 πρῶτον

40 2332 169 2364 ἑαυτοὺς
186 2331 345 2366 ἀγνοοῦντες
360 2334 384 2360 οί
407 2333 560 2369 ἄνθρωποι,
580 2334 676 2362 ἔπειτα
693 2335 722 2362 δὲ
745 2336 793 2363 καὶ
809 2336 844 2363 τὰ

39 2377 118 2404 ἄλλα
135 2376 238 2404 πάντα.
256 2377 304 2408 Τίς
321 2378 375 2413 γάρ
391 2379 464 2405 ἔστιν
480 2379 509 2410 ὃς
525 2379 574 2414 τῆς
592 2379 660 2412 ἰδίας
681 2380 778 2407 ἑαυτοῦ
793 2381 846 2416 ψυ-

39 2423 99 2458 χῆς
119 2422 153 2449 ἑν
170 2422 322 2457 καταλήψει
344 2423 507 2459 γεγένηταις
529 2425 577 2456 Τίς
590 2426 604 2452 ὁ
618 2425 745 2460 ἐπιγνοὺς
760 2427 845 2462 αὐτῆς

38 2471 98 2507 τὴν
118 2468 234 2502 οὐσίαν;
260 2469 355 2504 ’Υλική
378 2469 420 2502 τίς
440 2471 529 2502 ἐστιν,
557 2471 573 2506 ἢ
599 2471 694 2504 ἀῦλοςς
717 2472 846 2508 καθαρῶς

38 2515 217 2550 ἀσώματος,
233 2515 249 2550 ἦ
267 2524 293 2542 τι
312 2515 360 2542 καὶ
382 2516 563 2551 σωματοειδὲς
578 2517 643 2552 περ),
657 2517 762 2553 αὑτήν;
783 2518 846 2550 Πῶς

39 2562 177 2596 γίνεταις
204 2561 265 2593 πῶς
294 2562 434 2597 κιρνᾶται;
467 2562 550 2589 πόθεν
576 2563 758 2599 είσιρίνεται;
786 2565 846 2596 πῶς

36 2606 217 2641 expiata-rat;
229 2607 261 2633 Τί
273 2607 304 2634 τὸ
318 2607 482 2642 συνδεσμοῦν
491 2608 537 2634 καὶ
551 2607 691 2644 μεσιτεῦον
703 2610 758 2645 ἔχει
774 2609 842 2646 πρὸς

36 2652 95 2687 τὴν
110 2652 163 2679 τοῦ
181 2652 306 2690 σώματος
317 2653 413 2687 φύσιν;
429 2653 490 2685 Πῶς
504 2654 519 2689 ἡ
532 2654 638 2690 ἀναφὴς
651 2664 680 2682 τε
696 2656 744 2682 καὶ
757 2655 842 2692 ἀσχη-

38 2697 202 2733 μάτιστος,
229 2698 280 2734 ίδίᾳ
305 2699 360 2726 τινὶ
379 2701 536 2735 περιγραφῇ
559 2700 768 2737 περιείληπται;
794 2701 843 2733 Τίς

37 2743 120 2770 κατὰ
139 2744 193 2775 τὰς
215 2744 352 2779 ἐνεργείας
373 2745 507 2780 διαφοράς
523 2745 612 2782 Πῶςὴ
628 2747 696 2783 αὑτὴ
710 2747 757 2774 καί
770 2747 841 2781 ὑπὲρ

81 2835 107 2852 ⁸⁸
131 2834 219 2863 Hebr.
236 2843 283 2868 xv,
300 2836 326 2864 (ἱ.

891 2206 984 2225 vocem
1011 2196 1178 2234 perscrutari
1201 2197 1328 2230 voluerit,
1357 2205 1410 2225 non
1440 2197 1561 2225 inveniet
1583 2198 1683 2226 divina:

892 2249 998 2272 naturae
1011 2243 1176 2276 doctrinam,
1189 2251 1240 2271 nec
1253 2243 1336 2271 ullius
1347 2249 1443 2271 eorum
1452 2251 1514 2279 quae
1525 2251 1574 2279 per
1588 2251 1683 2273 essen-

894 2290 959 2316 tiam
976 2289 1132 2317 subsistunt
1150 2298 1156 2316 :
1172 2289 1245 2316 unde
1264 2289 1293 2316 in
1311 2296 1403 2316 rerum
1417 2290 1540 2318 omnium
1555 2290 1683 2326 ignoran-

895 2336 931 2362 tia
947 2338 974 2362 et
996 2335 1114 2369 caligine
1137 2334 1274 2369 degimns,
1291 2335 1410 2370 primum
1430 2343 1482 2364 nos
1505 2336 1579 2372 ipsos
1605 2337 1684 2372 igno.

895 2384 992 2409 rantes
1004 2381 1140 2413 homines,
1156 2379 1255 2409 deinde
1274 2381 1357 2408 etiam
1377 2385 1476 2409 caetera
1492 2383 1593 2410 omnia.
1615 2383 1682 2416 Quis

894 2427 968 2455 enim
982 2431 1024 2455 est
1038 2427 1084 2462 qui
1103 2434 1160 2455 suae
1173 2427 1291 2462 propriae
1308 2427 1406 2455 animae
1421 2427 1604 2463 cognitionem
1621 2437 1683 2464 per-

895 2478 1001 2508 ceptam
1021 2473 1135 2501 habuit?
1159 2472 1226 2506 Quis
1245 2473 1322 2501 novit
1345 2473 1436 2509 ipsius
1453 2475 1621 2503 essentiam?
1640 2475 1681 2501 An

895 2519 1047 2547 materialis
1066 2523 1119 2551 est,
1144 2527 1178 2547 an
1197 2520 1401 2549 immaterialis?
1416 2529 1484 2556 pure
1508 2520 1680 2556 incorporea,

896 2573 931 2593 an
946 2565 1012 2600 quid
1025 2565 1051 2592 in
1063 2573 1095 2593 ea
1110 2566 1292 2601 corporeum?
1305 2566 1448 2600 Quomodo
1461 2566 1594 2597 nascitur,
1610 2574 1681 2601 quo-

895 2611 977 2639 modo
1007 2612 1195 2647 temperatur?
1214 2613 1288 2640 unde
1320 2613 1348 2640 in
1374 2620 1474 2648 corpus
1505 2611 1681 2640 insinuatur?

896 2657 1033 2692 quomodo
1060 2658 1204 2686 abscedit?
1229 2658 1299 2692 Quid
1325 2658 1406 2686 habet
1429 2658 1502 2692 quod
1522 2657 1632 2693 colliget
1655 2661 1684 2685 et

896 2703 1089 2731 intermedium
1107 2703 1199 2732 veniat
1226 2704 1261 2732 ad
1285 2706 1412 2731 naturam
1437 2703 1584 2738 corporis?
1608 2703 1681 2737 Quo—

896 2749 978 2778 modo
994 2753 1098 2778 tactum
1125 2749 1193 2786 fugit
1216 2753 1242 2778 et
1264 2747 1354 2785 ﬁgurae
1374 2748 1465 2777 omnis
1484 2755 1592 2785 expers,
1614 2756 1679 2785 pro-
