  <div class='ocr_page' id='page_1' title='image "/cluster/home/n/w/nwhite01/storage/ocr_20150623/45/njp.32101077772596/487.png"; bbox 0 0 1923 3071; ppageno 0'>
   <div class='ocr_carea' id='block_1_1' title="bbox 245 124 294 153">
    <p class='ocr_par' dir='ltr' id='par_1_1' title="bbox 245 124 294 153">
     <span class='ocr_line' id='line_1_1' title="bbox 245 124 294 153; baseline -0.041 0"><span class='ocrx_word' id='word_1_1' title='bbox 245 124 294 153; x_wconf 70' lang='lat'><strong><em>9’&quot;!</em></strong></span> 
     </span>
    </p>
   </div>
   <div class='ocr_carea' id='block_1_2' title="bbox 246 180 1032 219">
    <p class='ocr_par' dir='ltr' id='par_1_2' title="bbox 246 180 1032 219">
     <span class='ocr_line' id='line_1_2' title="bbox 246 180 1032 219; baseline -0.003 -9"><span class='ocrx_word' id='word_1_2' title='bbox 246 184 307 219; x_wconf 87' lang='lat' dir='ltr'><strong>pria</strong></span> <span class='ocrx_word' id='word_1_3' title='bbox 335 183 451 218; x_wconf 80' lang='lat' dir='ltr'><strong>quadam</strong></span> <span class='ocrx_word' id='word_1_4' title='bbox 481 181 737 216; x_wconf 78' lang='lat' dir='ltr'><strong>circumscriptione</strong></span> <span class='ocrx_word' id='word_1_5' title='bbox 767 180 1032 217; x_wconf 73' lang='lat' dir='ltr'><strong>comprehenditur?</strong></span> 
     </span>
    </p>
   </div>
   <div class='ocr_carea' id='block_1_3' title="bbox 247 226 1033 262">
    <p class='ocr_par' dir='ltr' id='par_1_3' title="bbox 247 226 1033 262">
     <span class='ocr_line' id='line_1_3' title="bbox 247 226 1033 262; baseline -0.004 -6"><span class='ocrx_word' id='word_1_6' title='bbox 247 229 375 262; x_wconf 68' lang='lat' dir='ltr'><strong>Qumnam</strong></span> <span class='ocrx_word' id='word_1_7' title='bbox 402 227 553 255; x_wconf 76' lang='lat' dir='ltr'><strong>secundum</strong></span> <span class='ocrx_word' id='word_1_8' title='bbox 578 228 754 262; x_wconf 87' lang='lat' dir='ltr'><strong>operationes</strong></span> <span class='ocrx_word' id='word_1_9' title='bbox 776 227 836 262; x_wconf 85' lang='lat' dir='ltr'><strong>ejus</strong></span> <span class='ocrx_word' id='word_1_10' title='bbox 860 226 1033 255; x_wconf 75' lang='lat' dir='ltr'><strong>dill‘erentia?</strong></span> 
     </span>
    </p>
   </div>
   <div class='ocr_carea' id='block_1_4' title="bbox 246 272 1029 308">
    <p class='ocr_par' dir='ltr' id='par_1_4' title="bbox 246 272 1029 308">
     <span class='ocr_line' id='line_1_4' title="bbox 246 272 1029 308; baseline -0.003 -7"><span class='ocrx_word' id='word_1_11' title='bbox 246 274 388 307; x_wconf 73' lang='lat' dir='ltr'><strong>Quomodo</strong></span> <span class='ocrx_word' id='word_1_12' title='bbox 413 273 508 301; x_wconf 86' lang='lat' dir='ltr'><strong>eadem</strong></span> <span class='ocrx_word' id='word_1_13' title='bbox 532 273 614 300; x_wconf 88' lang='lat' dir='ltr'><strong>etiam</strong></span> <span class='ocrx_word' id='word_1_14' title='bbox 636 281 719 308; x_wconf 80' lang='lat' dir='ltr'><strong>supra</strong></span> <span class='ocrx_word' id='word_1_15' title='bbox 740 273 840 300; x_wconf 87' lang='lat' dir='ltr'><strong>coelum</strong></span> <span class='ocrx_word' id='word_1_16' title='bbox 863 272 1029 305; x_wconf 72' lang='lat' dir='ltr'><strong>extenditur,</strong></span> 
     </span>
    </p>
   </div>
   <div class='ocr_carea' id='block_1_5' title="bbox 247 319 1032 355">
    <p class='ocr_par' dir='ltr' id='par_1_5' title="bbox 247 319 1032 355">
     <span class='ocr_line' id='line_1_5' title="bbox 247 319 1032 355; baseline -0.001 -9"><span class='ocrx_word' id='word_1_17' title='bbox 247 322 311 347; x_wconf 87' lang='lat' dir='ltr'><strong>dum</strong></span> <span class='ocrx_word' id='word_1_18' title='bbox 332 320 444 347; x_wconf 86' lang='lat' dir='ltr'><strong>curiosa</strong></span> <span class='ocrx_word' id='word_1_19' title='bbox 460 319 634 355; x_wconf 73' lang='lat' dir='ltr'><strong>indagatione</strong></span> <span class='ocrx_word' id='word_1_20' title='bbox 652 327 711 354; x_wconf 64' lang='lat' dir='ltr'><strong>qua:</strong></span> <span class='ocrx_word' id='word_1_21' title='bbox 732 323 796 347; x_wconf 87' lang='lat' dir='ltr'><strong>sunt</strong></span> <span class='ocrx_word' id='word_1_22' title='bbox 822 319 971 347; x_wconf 78' lang='lat' dir='ltr'><strong>invisibilia</strong></span> <span class='ocrx_word' id='word_1_23' title='bbox 989 319 1032 345; x_wconf 88' lang='lat' dir='ltr'><strong>in-</strong></span> 
     </span>
    </p>
   </div>
   <div class='ocr_carea' id='block_1_6' title="bbox 247 365 1033 401">
    <p class='ocr_par' dir='ltr' id='par_1_6' title="bbox 247 365 1033 401">
     <span class='ocr_line' id='line_1_6' title="bbox 247 365 1033 401; baseline -0.001 -9"><span class='ocrx_word' id='word_1_24' title='bbox 247 366 375 401; x_wconf 78' lang='lat' dir='ltr'><strong>vestigat,</strong></span> <span class='ocrx_word' id='word_1_25' title='bbox 394 371 476 401; x_wconf 88' lang='lat' dir='ltr'><strong>atque</strong></span> <span class='ocrx_word' id='word_1_26' title='bbox 499 366 581 393; x_wconf 84' lang='lat' dir='ltr'><strong>etiam</strong></span> <span class='ocrx_word' id='word_1_27' title='bbox 603 365 636 392; x_wconf 87' lang='lat' dir='ltr'><strong>ad</strong></span> <span class='ocrx_word' id='word_1_28' title='bbox 657 365 812 393; x_wconf 86' lang='lat' dir='ltr'><strong>materiales</strong></span> <span class='ocrx_word' id='word_1_29' title='bbox 829 365 943 393; x_wconf 66' lang='lat' dir='ltr'><strong>allectus</strong></span> <span class='ocrx_word' id='word_1_30' title='bbox 961 365 1033 392; x_wconf 87' lang='lat' dir='ltr'><strong>dela-</strong></span> 
     </span>
    </p>
   </div>
   <div class='ocr_carea' id='block_1_7' title="bbox 247 410 1032 446">
    <p class='ocr_par' dir='ltr' id='par_1_7' title="bbox 247 410 1032 446">
     <span class='ocr_line' id='line_1_7' title="bbox 247 410 1032 446; baseline -0.003 -8"><span class='ocrx_word' id='word_1_31' title='bbox 247 412 322 438; x_wconf 84' lang='lat' dir='ltr'><strong>bitur</strong></span> <span class='ocrx_word' id='word_1_32' title='bbox 331 411 452 446; x_wconf 84' lang='lat' dir='ltr'><strong>pondere</strong></span> <span class='ocrx_word' id='word_1_33' title='bbox 465 411 590 446; x_wconf 86' lang='lat' dir='ltr'><strong>corporis</strong></span> <span class='ocrx_word' id='word_1_34' title='bbox 605 415 734 443; x_wconf 88' lang='lat' dir='ltr'><strong>attracta,</strong></span> <span class='ocrx_word' id='word_1_35' title='bbox 749 410 872 445; x_wconf 89' lang='lat' dir='ltr'><strong>iramque</strong></span> <span class='ocrx_word' id='word_1_36' title='bbox 881 414 908 438; x_wconf 82' lang='lat' dir='ltr'><strong>et</strong></span> <span class='ocrx_word' id='word_1_37' title='bbox 921 414 1032 442; x_wconf 86' lang='lat' dir='ltr'><strong>metum,</strong></span> 
     </span>
    </p>
   </div>
   <div class='ocr_carea' id='block_1_8' title="bbox 247 455 1032 492">
    <p class='ocr_par' dir='ltr' id='par_1_8' title="bbox 247 455 1032 492">
     <span class='ocr_line' id='line_1_8' title="bbox 247 455 1032 492; baseline -0.003 -8"><span class='ocrx_word' id='word_1_38' title='bbox 247 457 369 484; x_wconf 83' lang='lat' dir='ltr'><strong>dolorem</strong></span> <span class='ocrx_word' id='word_1_39' title='bbox 381 461 408 484; x_wconf 89' lang='lat' dir='ltr'><strong>et</strong></span> <span class='ocrx_word' id='word_1_40' title='bbox 425 457 603 492; x_wconf 87' lang='lat' dir='ltr'><strong>voluptatem,</strong></span> <span class='ocrx_word' id='word_1_41' title='bbox 616 456 835 484; x_wconf 84' lang='lat' dir='ltr'><strong>misericordiam</strong></span> <span class='ocrx_word' id='word_1_42' title='bbox 851 460 878 483; x_wconf 89' lang='lat' dir='ltr'><strong>et</strong></span> <span class='ocrx_word' id='word_1_43' title='bbox 889 455 1032 488; x_wconf 72' lang='lat' dir='ltr'><strong>saevitiam,</strong></span> 
     </span>
    </p>
   </div>
   <div class='ocr_carea' id='block_1_9' title="bbox 248 499 1034 537">
    <p class='ocr_par' dir='ltr' id='par_1_9' title="bbox 248 499 1034 537">
     <span class='ocr_line' id='line_1_9' title="bbox 248 499 1034 537; baseline -0.004 -7"><span class='ocrx_word' id='word_1_44' title='bbox 248 510 323 537; x_wconf 76' lang='lat' dir='ltr'><strong>spem</strong></span> <span class='ocrx_word' id='word_1_45' title='bbox 342 506 369 530; x_wconf 90' lang='lat' dir='ltr'><strong>et</strong></span> <span class='ocrx_word' id='word_1_46' title='bbox 384 503 556 534; x_wconf 83' lang='lat' dir='ltr'><strong>memoriam,</strong></span> <span class='ocrx_word' id='word_1_47' title='bbox 578 502 712 536; x_wconf 79' lang='lat' dir='ltr'><strong>ignaviam</strong></span> <span class='ocrx_word' id='word_1_48' title='bbox 735 505 762 528; x_wconf 80' lang='lat' dir='ltr'><strong>et</strong></span> <span class='ocrx_word' id='word_1_49' title='bbox 776 501 930 533; x_wconf 78' lang='lat' dir='ltr'><strong>audaciam,</strong></span> <span class='ocrx_word' id='word_1_50' title='bbox 942 499 1034 528; x_wconf 86' lang='lat' dir='ltr'><strong>antici-</strong></span> 
     </span>
    </p>
   </div>
   <div class='ocr_carea' id='block_1_10' title="bbox 249 545 1034 581">
    <p class='ocr_par' dir='ltr' id='par_1_10' title="bbox 249 545 1034 581">
     <span class='ocr_line' id='line_1_10' title="bbox 249 545 1034 581; baseline -0.003 -7"><span class='ocrx_word' id='word_1_51' title='bbox 249 548 313 574; x_wconf 88' lang='lat' dir='ltr'><strong>tiam</strong></span> <span class='ocrx_word' id='word_1_52' title='bbox 329 551 355 574; x_wconf 88' lang='lat' dir='ltr'><strong>et</strong></span> <span class='ocrx_word' id='word_1_53' title='bbox 370 548 476 578; x_wconf 90' lang='lat' dir='ltr'><strong>odium,</strong></span> <span class='ocrx_word' id='word_1_54' title='bbox 499 551 526 574; x_wconf 84' lang='lat' dir='ltr'><strong>et</strong></span> <span class='ocrx_word' id='word_1_55' title='bbox 546 547 637 574; x_wconf 87' lang='lat' dir='ltr'><strong>omnia</strong></span> <span class='ocrx_word' id='word_1_56' title='bbox 654 554 713 581; x_wconf 66' lang='lat' dir='ltr'><strong>quin</strong></span> <span class='ocrx_word' id='word_1_57' title='bbox 727 553 759 574; x_wconf 82' lang='lat' dir='ltr'><strong>ex</strong></span> <span class='ocrx_word' id='word_1_58' title='bbox 789 546 928 573; x_wconf 87' lang='lat' dir='ltr'><strong>contrario</strong></span> <span class='ocrx_word' id='word_1_59' title='bbox 951 545 1034 573; x_wconf 90' lang='lat' dir='ltr'><strong>animi</strong></span> 
     </span>
    </p>
   </div>
   <div class='ocr_carea' id='block_1_11' title="bbox 249 591 1033 627">
    <p class='ocr_par' dir='ltr' id='par_1_11' title="bbox 249 591 1033 627">
     <span class='ocr_line' id='line_1_11' title="bbox 249 591 1033 627; baseline -0.004 -7"><span class='ocrx_word' id='word_1_60' title='bbox 249 593 428 620; x_wconf 78' lang='lat' dir='ltr'><strong>facultatibus</strong></span> <span class='ocrx_word' id='word_1_61' title='bbox 445 592 618 620; x_wconf 77' lang='lat' dir='ltr'><strong>elliciuntur:</strong></span> <span class='ocrx_word' id='word_1_62' title='bbox 636 599 697 627; x_wconf 57' lang='lat' dir='ltr'><strong>quae</strong></span> <span class='ocrx_word' id='word_1_63' title='bbox 723 592 784 626; x_wconf 87' lang='lat' dir='ltr'><strong>quis</strong></span> <span class='ocrx_word' id='word_1_64' title='bbox 801 591 1033 622; x_wconf 85' lang='lat' dir='ltr'><strong>animadvertens,</strong></span> 
     </span>
    </p>
   </div>
   <div class='ocr_carea' id='block_1_12' title="bbox 249 637 1034 674">
    <p class='ocr_par' dir='ltr' id='par_1_12' title="bbox 249 637 1034 674">
     <span class='ocr_line' id='line_1_12' title="bbox 249 637 1034 674; baseline -0.004 -8"><span class='ocrx_word' id='word_1_65' title='bbox 249 647 303 666; x_wconf 90' lang='lat' dir='ltr'><strong>non</strong></span> <span class='ocrx_word' id='word_1_66' title='bbox 329 639 491 674; x_wconf 75' lang='lat' dir='ltr'><strong>cogitaverit</strong></span> <span class='ocrx_word' id='word_1_67' title='bbox 517 639 662 673; x_wconf 81' lang='lat' dir='ltr'><strong>quemdam</strong></span> <span class='ocrx_word' id='word_1_68' title='bbox 687 638 817 673; x_wconf 86' lang='lat' dir='ltr'><strong>populum</strong></span> <span class='ocrx_word' id='word_1_69' title='bbox 842 638 990 664; x_wconf 89' lang='lat' dir='ltr'><strong>animatum</strong></span> <span class='ocrx_word' id='word_1_70' title='bbox 1007 637 1034 663; x_wconf 94' lang='lat' dir='ltr'><strong>in</strong></span> 
     </span>
    </p>
   </div>
   <div class='ocr_carea' id='block_1_13' title="bbox 249 683 1035 719">
    <p class='ocr_par' dir='ltr' id='par_1_13' title="bbox 249 683 1035 719">
     <span class='ocr_line' id='line_1_13' title="bbox 249 683 1035 719; baseline -0.004 -8"><span class='ocrx_word' id='word_1_71' title='bbox 249 684 340 719; x_wconf 87' lang='lat' dir='ltr'><strong>seipso</strong></span> <span class='ocrx_word' id='word_1_72' title='bbox 355 684 474 711; x_wconf 86' lang='lat' dir='ltr'><strong>coitione</strong></span> <span class='ocrx_word' id='word_1_73' title='bbox 494 683 611 719; x_wconf 90' lang='lat' dir='ltr'><strong>quadam</strong></span> <span class='ocrx_word' id='word_1_74' title='bbox 627 687 829 710; x_wconf 82' lang='lat' dir='ltr'><strong>coarctatarum</strong></span> <span class='ocrx_word' id='word_1_75' title='bbox 845 686 872 710; x_wconf 91' lang='lat' dir='ltr'><strong>et</strong></span> <span class='ocrx_word' id='word_1_76' title='bbox 889 689 1035 717; x_wconf 89' lang='lat' dir='ltr'><strong>compara-</strong></span> 
     </span>
    </p>
   </div>
   <div class='ocr_carea' id='block_1_14' title="bbox 250 729 1036 764">
    <p class='ocr_par' dir='ltr' id='par_1_14' title="bbox 250 729 1036 764">
     <span class='ocr_line' id='line_1_14' title="bbox 250 729 1036 764; baseline -0.003 -8"><span class='ocrx_word' id='word_1_77' title='bbox 250 735 338 756; x_wconf 84' lang='lat' dir='ltr'><strong>tarum</strong></span> <span class='ocrx_word' id='word_1_78' title='bbox 356 729 468 762; x_wconf 83' lang='lat' dir='ltr'><strong>habere,</strong></span> <span class='ocrx_word' id='word_1_79' title='bbox 493 738 555 757; x_wconf 86' lang='lat' dir='ltr'><strong>cum</strong></span> <span class='ocrx_word' id='word_1_80' title='bbox 573 737 667 756; x_wconf 89' lang='lat' dir='ltr'><strong>eorum</strong></span> <span class='ocrx_word' id='word_1_81' title='bbox 693 736 753 764; x_wconf 61' lang='lat' dir='ltr'><strong>qua</strong></span> <span class='ocrx_word' id='word_1_82' title='bbox 768 729 840 756; x_wconf 87' lang='lat' dir='ltr'><strong>dicta</strong></span> <span class='ocrx_word' id='word_1_83' title='bbox 858 731 922 756; x_wconf 89' lang='lat' dir='ltr'><strong>sunt</strong></span> <span class='ocrx_word' id='word_1_84' title='bbox 937 735 1036 754; x_wconf 90' lang='lat' dir='ltr'><strong>unum-</strong></span> 
     </span>
    </p>
   </div>
   <div class='ocr_carea' id='block_1_15' title="bbox 250 773 1035 811">
    <p class='ocr_par' dir='ltr' id='par_1_15' title="bbox 250 773 1035 811">
     <span class='ocr_line' id='line_1_15' title="bbox 250 773 1035 811; baseline -0.001 -10"><span class='ocrx_word' id='word_1_85' title='bbox 250 775 379 811; x_wconf 81' lang='lat' dir='ltr'><strong>quodque</strong></span> <span class='ocrx_word' id='word_1_86' title='bbox 403 775 569 811; x_wconf 83' lang='lat' dir='ltr'><strong>permultum</strong></span> <span class='ocrx_word' id='word_1_87' title='bbox 599 782 613 802; x_wconf 92' lang='lat' dir='ltr'><strong>a</strong></span> <span class='ocrx_word' id='word_1_88' title='bbox 640 774 748 801; x_wconf 63' lang='lat' dir='ltr'><strong>cmteris</strong></span> <span class='ocrx_word' id='word_1_89' title='bbox 778 773 902 801; x_wconf 83' lang='lat' dir='ltr'><strong>dilIerat?</strong></span> <span class='ocrx_word' id='word_1_90' title='bbox 928 777 954 800; x_wconf 92' lang='lat' dir='ltr'><strong>et</strong></span> <span class='ocrx_word' id='word_1_91' title='bbox 982 781 1035 808; x_wconf 88' lang='lat' dir='ltr'><strong>qua</strong></span> 
     </span>
    </p>
   </div>
   <div class='ocr_carea' id='block_1_16' title="bbox 252 818 1033 858">
    <p class='ocr_par' dir='ltr' id='par_1_16' title="bbox 252 818 1033 858">
     <span class='ocr_line' id='line_1_16' title="bbox 252 818 1033 858; baseline -0.004 -10"><span class='ocrx_word' id='word_1_92' title='bbox 252 825 327 856; x_wconf 85' lang='lat' dir='ltr'><strong>parte</strong></span> <span class='ocrx_word' id='word_1_93' title='bbox 342 821 497 856; x_wconf 63' lang='lat' dir='ltr'><strong>praevaleat,</strong></span> <span class='ocrx_word' id='word_1_94' title='bbox 529 825 556 848; x_wconf 91' lang='lat' dir='ltr'><strong>et</strong></span> <span class='ocrx_word' id='word_1_95' title='bbox 580 820 608 847; x_wconf 91' lang='lat' dir='ltr'><strong>in</strong></span> <span class='ocrx_word' id='word_1_96' title='bbox 627 820 731 855; x_wconf 88' lang='lat' dir='ltr'><strong>reliqua</strong></span> <span class='ocrx_word' id='word_1_97' title='bbox 763 819 905 858; x_wconf 58' lang='lat' dir='ltr'><strong>imperium</strong></span> <span class='ocrx_word' id='word_1_98' title='bbox 926 818 1033 850; x_wconf 86' lang='lat' dir='ltr'><strong>habeat,</strong></span> 
     </span>
    </p>
   </div>
   <div class='ocr_carea' id='block_1_17' title="bbox 251 863 1037 895">
    <p class='ocr_par' dir='ltr' id='par_1_17' title="bbox 251 863 1037 895">
     <span class='ocr_line' id='line_1_17' title="bbox 251 863 1037 895; baseline -0.005 -1"><span class='ocrx_word' id='word_1_99' title='bbox 251 872 281 894; x_wconf 89' lang='lat' dir='ltr'><strong>ut</strong></span> <span class='ocrx_word' id='word_1_100' title='bbox 299 867 381 895; x_wconf 85' lang='lat' dir='ltr'><strong>etiam</strong></span> <span class='ocrx_word' id='word_1_101' title='bbox 397 866 439 894; x_wconf 89' lang='lat' dir='ltr'><strong>vis</strong></span> <span class='ocrx_word' id='word_1_102' title='bbox 465 867 512 893; x_wconf 89' lang='lat' dir='ltr'><strong>illa</strong></span> <span class='ocrx_word' id='word_1_103' title='bbox 544 865 735 893; x_wconf 82' lang='lat' dir='ltr'><strong>ratiocinatrix</strong></span> <span class='ocrx_word' id='word_1_104' title='bbox 759 864 854 891; x_wconf 86' lang='lat' dir='ltr'><strong>talium</strong></span> <span class='ocrx_word' id='word_1_105' title='bbox 884 863 1037 891; x_wconf 90' lang='lat' dir='ltr'><strong>motionum</strong></span> 
     </span>
    </p>
   </div>
   <div class='ocr_carea' id='block_1_18' title="bbox 251 908 1038 946">
    <p class='ocr_par' dir='ltr' id='par_1_18' title="bbox 251 908 1038 946">
     <span class='ocr_line' id='line_1_18' title="bbox 251 908 1038 946; baseline -0.005 -7"><span class='ocrx_word' id='word_1_106' title='bbox 251 912 484 940; x_wconf 80' lang='lat' dir='ltr'><strong>dominationibus</strong></span> <span class='ocrx_word' id='word_1_107' title='bbox 503 915 530 938; x_wconf 89' lang='lat' dir='ltr'><strong>et</strong></span> <span class='ocrx_word' id='word_1_108' title='bbox 544 911 666 946; x_wconf 90' lang='lat' dir='ltr'><strong>imperiis</strong></span> <span class='ocrx_word' id='word_1_109' title='bbox 685 910 847 937; x_wconf 81' lang='lat' dir='ltr'><strong>succumbat</strong></span> <span class='ocrx_word' id='word_1_110' title='bbox 866 913 892 936; x_wconf 90' lang='lat' dir='ltr'><strong>et</strong></span> <span class='ocrx_word' id='word_1_111' title='bbox 908 908 1038 943; x_wconf 78' lang='lat' dir='ltr'><strong>subjicia-</strong></span> 
     </span>
    </p>
   </div>
   <div class='ocr_carea' id='block_1_19' title="bbox 252 953 1038 993">
    <p class='ocr_par' dir='ltr' id='par_1_19' title="bbox 252 953 1038 993">
     <span class='ocr_line' id='line_1_19' title="bbox 252 953 1038 993; baseline -0.006 -8"><span class='ocrx_word' id='word_1_112' title='bbox 252 965 306 990; x_wconf 79' lang='lat' dir='ltr'><strong>tur,</strong></span> <span class='ocrx_word' id='word_1_113' title='bbox 323 962 405 993; x_wconf 83' lang='lat' dir='ltr'><strong>atque</strong></span> <span class='ocrx_word' id='word_1_114' title='bbox 420 965 454 986; x_wconf 78' lang='lat' dir='ltr'><strong>ex</strong></span> <span class='ocrx_word' id='word_1_115' title='bbox 471 958 561 993; x_wconf 88' lang='lat' dir='ltr'><strong>scipsa</strong></span> <span class='ocrx_word' id='word_1_116' title='bbox 587 964 664 984; x_wconf 81' lang='lat' dir='ltr'><strong>suam</strong></span> <span class='ocrx_word' id='word_1_117' title='bbox 679 956 761 983; x_wconf 89' lang='lat' dir='ltr'><strong>etiam</strong></span> <span class='ocrx_word' id='word_1_118' title='bbox 787 962 898 990; x_wconf 85' lang='lat' dir='ltr'><strong>operam</strong></span> <span class='ocrx_word' id='word_1_119' title='bbox 919 953 953 981; x_wconf 89' lang='lat' dir='ltr'><strong>ad</strong></span> <span class='ocrx_word' id='word_1_120' title='bbox 970 954 1038 981; x_wconf 85' lang='lat' dir='ltr'><strong>tales</strong></span> 
     </span>
    </p>
   </div>
   <div class='ocr_carea' id='block_1_20' title="bbox 253 1000 1038 1038">
    <p class='ocr_par' dir='ltr' id='par_1_20' title="bbox 253 1000 1038 1038">
     <span class='ocr_line' id='line_1_20' title="bbox 253 1000 1038 1038; baseline -0.008 -7"><span class='ocrx_word' id='word_1_121' title='bbox 253 1005 380 1038; x_wconf 83' lang='lat' dir='ltr'><strong>impetus,</strong></span> <span class='ocrx_word' id='word_1_122' title='bbox 403 1003 486 1031; x_wconf 88' lang='lat' dir='ltr'><strong>veluti</strong></span> <span class='ocrx_word' id='word_1_123' title='bbox 517 1002 629 1030; x_wconf 92' lang='lat' dir='ltr'><strong>domino</strong></span> <span class='ocrx_word' id='word_1_124' title='bbox 660 1001 768 1028; x_wconf 87' lang='lat' dir='ltr'><strong>cuidam</strong></span> <span class='ocrx_word' id='word_1_125' title='bbox 798 1000 942 1036; x_wconf 80' lang='lat' dir='ltr'><strong>tyrannica</strong></span> <span class='ocrx_word' id='word_1_126' title='bbox 972 1006 1038 1026; x_wconf 45' lang='lat' dir='ltr'><strong>con‘</strong></span> 
     </span>
    </p>
   </div>
   <div class='ocr_carea' id='block_1_21' title="bbox 252 1044 1040 1084">
    <p class='ocr_par' dir='ltr' id='par_1_21' title="bbox 252 1044 1040 1084">
     <span class='ocr_line' id='line_1_21' title="bbox 252 1044 1040 1084; baseline -0.008 -8"><span class='ocrx_word' id='word_1_127' title='bbox 252 1050 354 1077; x_wconf 82' lang='lat' dir='ltr'><strong>ducat?</strong></span> <span class='ocrx_word' id='word_1_128' title='bbox 371 1049 447 1076; x_wconf 84' lang='lat' dir='ltr'><strong>lianc</strong></span> <span class='ocrx_word' id='word_1_129' title='bbox 467 1049 550 1084; x_wconf 79' lang='lat' dir='ltr'><strong>igitur</strong></span> <span class='ocrx_word' id='word_1_130' title='bbox 573 1048 627 1075; x_wconf 87' lang='lat' dir='ltr'><strong>vim</strong></span> <span class='ocrx_word' id='word_1_131' title='bbox 646 1046 825 1081; x_wconf 87' lang='lat' dir='ltr'><strong>multiplicem</strong></span> <span class='ocrx_word' id='word_1_132' title='bbox 851 1049 878 1073; x_wconf 90' lang='lat' dir='ltr'><strong>et</strong></span> <span class='ocrx_word' id='word_1_133' title='bbox 905 1044 1040 1072; x_wconf 80' lang='lat' dir='ltr'><strong>multifor-</strong></span> 
     </span>
    </p>
   </div>
   <div class='ocr_carea' id='block_1_22' title="bbox 254 1090 1040 1129">
    <p class='ocr_par' dir='ltr' id='par_1_22' title="bbox 254 1090 1040 1129">
     <span class='ocr_line' id='line_1_22' title="bbox 254 1090 1040 1129; baseline -0.006 -8"><span class='ocrx_word' id='word_1_134' title='bbox 254 1103 324 1123; x_wconf 89' lang='lat' dir='ltr'><strong>mem</strong></span> <span class='ocrx_word' id='word_1_135' title='bbox 340 1102 433 1121; x_wconf 90' lang='lat' dir='ltr'><strong>eorum</strong></span> <span class='ocrx_word' id='word_1_136' title='bbox 451 1101 511 1129; x_wconf 70' lang='lat' dir='ltr'><strong>qua:</strong></span> <span class='ocrx_word' id='word_1_137' title='bbox 537 1095 565 1121; x_wconf 91' lang='lat' dir='ltr'><strong>in</strong></span> <span class='ocrx_word' id='word_1_138' title='bbox 588 1093 680 1121; x_wconf 90' lang='lat' dir='ltr'><strong>animo</strong></span> <span class='ocrx_word' id='word_1_139' title='bbox 700 1092 901 1127; x_wconf 79' lang='lat' dir='ltr'><strong>intelliguntur,</strong></span> <span class='ocrx_word' id='word_1_140' title='bbox 926 1090 987 1125; x_wconf 85' lang='lat' dir='ltr'><strong>quis</strong></span> <span class='ocrx_word' id='word_1_141' title='bbox 1007 1097 1040 1117; x_wconf 84' lang='lat' dir='ltr'><strong>ex</strong></span> 
     </span>
    </p>
   </div>
   <div class='ocr_carea' id='block_1_23' title="bbox 255 1135 1040 1175">
    <p class='ocr_par' dir='ltr' id='par_1_23' title="bbox 255 1135 1040 1175">
     <span class='ocr_line' id='line_1_23' title="bbox 255 1135 1040 1175; baseline -0.008 -8"><span class='ocrx_word' id='word_1_142' title='bbox 255 1140 398 1175; x_wconf 84' lang='lat' dir='ltr'><strong>Scriptura</strong></span> <span class='ocrx_word' id='word_1_143' title='bbox 422 1139 556 1166; x_wconf 86' lang='lat' dir='ltr'><strong>divinitus</strong></span> <span class='ocrx_word' id='word_1_144' title='bbox 576 1138 710 1173; x_wconf 85' lang='lat' dir='ltr'><strong>inspirata</strong></span> <span class='ocrx_word' id='word_1_145' title='bbox 735 1144 787 1164; x_wconf 91' lang='lat' dir='ltr'><strong>nos</strong></span> <span class='ocrx_word' id='word_1_146' title='bbox 812 1135 924 1163; x_wconf 85' lang='lat' dir='ltr'><strong>docuit?</strong></span> <span class='ocrx_word' id='word_1_147' title='bbox 943 1135 1040 1162; x_wconf 87' lang='lat' dir='ltr'><strong>Utrum</strong></span> 
     </span>
    </p>
   </div>
   <div class='ocr_carea' id='block_1_24' title="bbox 253 1183 1039 1220">
    <p class='ocr_par' dir='ltr' id='par_1_24' title="bbox 253 1183 1039 1220">
     <span class='ocr_line' id='line_1_24' title="bbox 253 1183 1039 1220; baseline -0.009 -7"><span class='ocrx_word' id='word_1_148' title='bbox 253 1193 336 1214; x_wconf 89' lang='lat' dir='ltr'><strong>unum</strong></span> <span class='ocrx_word' id='word_1_149' title='bbox 355 1185 485 1220; x_wconf 85' lang='lat' dir='ltr'><strong>quiddam</strong></span> <span class='ocrx_word' id='word_1_150' title='bbox 511 1188 555 1212; x_wconf 90' lang='lat' dir='ltr'><strong>est</strong></span> <span class='ocrx_word' id='word_1_151' title='bbox 579 1191 612 1211; x_wconf 81' lang='lat' dir='ltr'><strong>ex</strong></span> <span class='ocrx_word' id='word_1_152' title='bbox 639 1183 768 1210; x_wconf 90' lang='lat' dir='ltr'><strong>omnibus</strong></span> <span class='ocrx_word' id='word_1_153' title='bbox 788 1183 1039 1215; x_wconf 84' lang='lat' dir='ltr'><strong>eontemperatum,</strong></span> 
     </span>
    </p>
   </div>
   <div class='ocr_carea' id='block_1_25' title="bbox 254 1227 1041 1266">
    <p class='ocr_par' dir='ltr' id='par_1_25' title="bbox 254 1227 1041 1266">
     <span class='ocr_line' id='line_1_25' title="bbox 254 1227 1041 1266; baseline -0.009 -7"><span class='ocrx_word' id='word_1_154' title='bbox 254 1236 281 1260; x_wconf 88' lang='lat' dir='ltr'><strong>et</strong></span> <span class='ocrx_word' id='word_1_155' title='bbox 298 1239 359 1266; x_wconf 67' lang='lat' dir='ltr'><strong>quae</strong></span> <span class='ocrx_word' id='word_1_156' title='bbox 373 1231 573 1258; x_wconf 83' lang='lat' dir='ltr'><strong>contrariorum</strong></span> <span class='ocrx_word' id='word_1_157' title='bbox 595 1230 667 1257; x_wconf 91' lang='lat' dir='ltr'><strong>inter</strong></span> <span class='ocrx_word' id='word_1_158' title='bbox 685 1237 714 1257; x_wconf 87' lang='lat' dir='ltr'><strong>se</strong></span> <span class='ocrx_word' id='word_1_159' title='bbox 732 1227 893 1263; x_wconf 84' lang='lat' dir='ltr'><strong>temperatio</strong></span> <span class='ocrx_word' id='word_1_160' title='bbox 916 1230 944 1254; x_wconf 90' lang='lat' dir='ltr'><strong>et</strong></span> <span class='ocrx_word' id='word_1_161' title='bbox 975 1233 1041 1252; x_wconf 90' lang='lat' dir='ltr'><strong>con-</strong></span> 
     </span>
    </p>
   </div>
   <div class='ocr_carea' id='block_1_26' title="bbox 260 1271 1041 1312">
    <p class='ocr_par' dir='ltr' id='par_1_26' title="bbox 260 1271 1041 1312">
     <span class='ocr_line' id='line_1_26' title="bbox 260 1271 1041 1312; baseline -0.009 -8"><span class='ocrx_word' id='word_1_162' title='bbox 260 1277 383 1312; x_wconf 83' lang='lat' dir='ltr'><strong>spiratio,</strong></span> <span class='ocrx_word' id='word_1_163' title='bbox 402 1282 432 1304; x_wconf 96' lang='lat' dir='ltr'><strong>ut</strong></span> <span class='ocrx_word' id='word_1_164' title='bbox 447 1276 522 1312; x_wconf 85' lang='lat' dir='ltr'><strong>quod</strong></span> <span class='ocrx_word' id='word_1_165' title='bbox 537 1283 620 1303; x_wconf 94' lang='lat' dir='ltr'><strong>unum</strong></span> <span class='ocrx_word' id='word_1_166' title='bbox 636 1278 689 1307; x_wconf 86' lang='lat' dir='ltr'><strong>est,</strong></span> <span class='ocrx_word' id='word_1_167' title='bbox 700 1274 784 1302; x_wconf 91' lang='lat' dir='ltr'><strong>multa</strong></span> <span class='ocrx_word' id='word_1_168' title='bbox 805 1273 860 1301; x_wconf 80' lang='lat' dir='ltr'><strong>sit?</strong></span> <span class='ocrx_word' id='word_1_169' title='bbox 877 1272 930 1300; x_wconf 90' lang='lat' dir='ltr'><strong>Sed</strong></span> <span class='ocrx_word' id='word_1_170' title='bbox 944 1271 1041 1299; x_wconf 86' lang='lat' dir='ltr'><strong>borum</strong></span> 
     </span>
    </p>
   </div>
   <div class='ocr_carea' id='block_1_27' title="bbox 254 1320 1043 1360">
    <p class='ocr_par' dir='ltr' id='par_1_27' title="bbox 254 1320 1043 1360">
     <span class='ocr_line' id='line_1_27' title="bbox 254 1320 1043 1360; baseline -0.009 -8"><span class='ocrx_word' id='word_1_171' title='bbox 254 1325 374 1360; x_wconf 85' lang='lat' dir='ltr'><strong>quidque</strong></span> <span class='ocrx_word' id='word_1_172' title='bbox 390 1323 537 1358; x_wconf 81' lang='lat' dir='ltr'><strong>separatim</strong></span> <span class='ocrx_word' id='word_1_173' title='bbox 553 1323 733 1354; x_wconf 83' lang='lat' dir='ltr'><strong>intellectum,</strong></span> <span class='ocrx_word' id='word_1_174' title='bbox 747 1321 820 1349; x_wconf 88' lang='lat' dir='ltr'><strong>velut</strong></span> <span class='ocrx_word' id='word_1_175' title='bbox 835 1321 863 1348; x_wconf 93' lang='lat' dir='ltr'><strong>in</strong></span> <span class='ocrx_word' id='word_1_176' title='bbox 877 1320 968 1354; x_wconf 88' lang='lat' dir='ltr'><strong>amplo</strong></span> <span class='ocrx_word' id='word_1_177' title='bbox 977 1326 1043 1346; x_wconf 89' lang='lat' dir='ltr'><strong>vase</strong></span> 
     </span>
    </p>
   </div>
   <div class='ocr_carea' id='block_1_28' title="bbox 255 1363 1041 1403">
    <p class='ocr_par' dir='ltr' id='par_1_28' title="bbox 255 1363 1041 1403">
     <span class='ocr_line' id='line_1_28' title="bbox 255 1363 1041 1403; baseline -0.006 -7"><span class='ocrx_word' id='word_1_178' title='bbox 255 1369 358 1403; x_wconf 79' lang='lat' dir='ltr'><strong>aliquo,</strong></span> <span class='ocrx_word' id='word_1_179' title='bbox 384 1376 483 1403; x_wconf 85' lang='lat' dir='ltr'><strong>nempe</strong></span> <span class='ocrx_word' id='word_1_180' title='bbox 500 1368 592 1395; x_wconf 85' lang='lat' dir='ltr'><strong>anima</strong></span> <span class='ocrx_word' id='word_1_181' title='bbox 612 1367 749 1394; x_wconf 88' lang='lat' dir='ltr'><strong>inclusunt</strong></span> <span class='ocrx_word' id='word_1_182' title='bbox 768 1366 829 1393; x_wconf 89' lang='lat' dir='ltr'><strong>est?</strong></span> <span class='ocrx_word' id='word_1_183' title='bbox 846 1365 880 1392; x_wconf 83' lang='lat' dir='ltr'><strong>Et</strong></span> <span class='ocrx_word' id='word_1_184' title='bbox 903 1363 1041 1400; x_wconf 90' lang='lat' dir='ltr'><strong>quomodo</strong></span> 
     </span>
    </p>
   </div>
   <div class='ocr_carea' id='block_1_29' title="bbox 255 1409 1041 1441">
    <p class='ocr_par' dir='ltr' id='par_1_29' title="bbox 255 1409 1041 1441">
     <span class='ocr_line' id='line_1_29' title="bbox 255 1409 1041 1441; baseline -0.003 -3"><span class='ocrx_word' id='word_1_185' title='bbox 255 1413 377 1440; x_wconf 80' lang='lat' dir='ltr'><strong>omnium</strong></span> <span class='ocrx_word' id='word_1_186' title='bbox 395 1413 436 1440; x_wconf 88' lang='lat' dir='ltr'><strong>sic</strong></span> <span class='ocrx_word' id='word_1_187' title='bbox 458 1412 677 1440; x_wconf 86' lang='lat' dir='ltr'><strong>incumbentium</strong></span> <span class='ocrx_word' id='word_1_188' title='bbox 694 1418 807 1441; x_wconf 82' lang='lat' dir='ltr'><strong>sensum</strong></span> <span class='ocrx_word' id='word_1_189' title='bbox 826 1418 880 1437; x_wconf 89' lang='lat' dir='ltr'><strong>non</strong></span> <span class='ocrx_word' id='word_1_190' title='bbox 896 1409 1041 1441; x_wconf 84' lang='lat' dir='ltr'><strong>habemus,</strong></span> 
     </span>
    </p>
   </div>
   <div class='ocr_carea' id='block_1_30' title="bbox 254 1454 1043 1488">
    <p class='ocr_par' dir='ltr' id='par_1_30' title="bbox 254 1454 1043 1488">
     <span class='ocr_line' id='line_1_30' title="bbox 254 1454 1043 1488; baseline -0.006 -3"><span class='ocrx_word' id='word_1_191' title='bbox 254 1457 423 1485; x_wconf 72' lang='lat' dir='ltr'><strong>conﬁdentes</strong></span> <span class='ocrx_word' id='word_1_192' title='bbox 443 1456 525 1485; x_wconf 91' lang='lat' dir='ltr'><strong>simul</strong></span> <span class='ocrx_word' id='word_1_193' title='bbox 545 1460 571 1484; x_wconf 88' lang='lat' dir='ltr'><strong>et</strong></span> <span class='ocrx_word' id='word_1_194' title='bbox 585 1455 776 1488; x_wconf 78' lang='lat' dir='ltr'><strong>formidantes,</strong></span> <span class='ocrx_word' id='word_1_195' title='bbox 794 1454 857 1482; x_wconf 89' lang='lat' dir='ltr'><strong>odio</strong></span> <span class='ocrx_word' id='word_1_196' title='bbox 873 1454 1004 1482; x_wconf 85' lang='lat' dir='ltr'><strong>habentes</strong></span> <span class='ocrx_word' id='word_1_197' title='bbox 1016 1457 1043 1480; x_wconf 86' lang='lat' dir='ltr'><strong>et</strong></span> 
     </span>
    </p>
   </div>
   <div class='ocr_carea' id='block_1_31' title="bbox 257 1499 1043 1538">
    <p class='ocr_par' dir='ltr' id='par_1_31' title="bbox 257 1499 1043 1538">
     <span class='ocr_line' id='line_1_31' title="bbox 257 1499 1043 1538; baseline -0.008 -8"><span class='ocrx_word' id='word_1_198' title='bbox 257 1502 412 1538; x_wconf 81' lang='lat' dir='ltr'><strong>diligentes.</strong></span> <span class='ocrx_word' id='word_1_199' title='bbox 437 1501 561 1529; x_wconf 86' lang='lat' dir='ltr'><strong>dolentes</strong></span> <span class='ocrx_word' id='word_1_200' title='bbox 575 1505 602 1529; x_wconf 88' lang='lat' dir='ltr'><strong>et</strong></span> <span class='ocrx_word' id='word_1_201' title='bbox 624 1500 785 1536; x_wconf 80' lang='lat' dir='ltr'><strong>gaudentes,</strong></span> <span class='ocrx_word' id='word_1_202' title='bbox 802 1503 829 1527; x_wconf 88' lang='lat' dir='ltr'><strong>et</strong></span> <span class='ocrx_word' id='word_1_203' title='bbox 847 1499 963 1526; x_wconf 87' lang='lat' dir='ltr'><strong>aliorum</strong></span> <span class='ocrx_word' id='word_1_204' title='bbox 984 1505 1043 1525; x_wconf 92' lang='lat' dir='ltr'><strong>om-</strong></span> 
     </span>
    </p>
   </div>
   <div class='ocr_carea' id='block_1_32' title="bbox 256 1542 1043 1581">
    <p class='ocr_par' dir='ltr' id='par_1_32' title="bbox 256 1542 1043 1581">
     <span class='ocr_line' id='line_1_32' title="bbox 256 1542 1043 1581; baseline -0.008 -6"><span class='ocrx_word' id='word_1_205' title='bbox 256 1549 332 1576; x_wconf 87' lang='lat' dir='ltr'><strong>nium</strong></span> <span class='ocrx_word' id='word_1_206' title='bbox 347 1547 493 1575; x_wconf 74' lang='lat' dir='ltr'><strong>confusura</strong></span> <span class='ocrx_word' id='word_1_207' title='bbox 511 1550 538 1574; x_wconf 87' lang='lat' dir='ltr'><strong>et</strong></span> <span class='ocrx_word' id='word_1_208' title='bbox 552 1547 712 1581; x_wconf 82' lang='lat' dir='ltr'><strong>permistum</strong></span> <span class='ocrx_word' id='word_1_209' title='bbox 728 1546 802 1573; x_wconf 89' lang='lat' dir='ltr'><strong>intus</strong></span> <span class='ocrx_word' id='word_1_210' title='bbox 818 1548 921 1571; x_wconf 92' lang='lat' dir='ltr'><strong>motum</strong></span> <span class='ocrx_word' id='word_1_211' title='bbox 937 1542 1043 1570; x_wconf 89' lang='lat' dir='ltr'><strong>haben—</strong></span> 
     </span>
    </p>
   </div>
   <div class='ocr_carea' id='block_1_33' title="bbox 258 1589 1044 1628">
    <p class='ocr_par' dir='ltr' id='par_1_33' title="bbox 258 1589 1044 1628">
     <span class='ocr_line' id='line_1_33' title="bbox 258 1589 1044 1628; baseline -0.009 -6"><span class='ocrx_word' id='word_1_212' title='bbox 258 1600 309 1627; x_wconf 86' lang='lat' dir='ltr'><strong>tes,</strong></span> <span class='ocrx_word' id='word_1_213' title='bbox 325 1594 373 1622; x_wconf 89' lang='lat' dir='ltr'><strong>sed</strong></span> <span class='ocrx_word' id='word_1_214' title='bbox 390 1593 576 1628; x_wconf 84' lang='lat' dir='ltr'><strong>particulatim</strong></span> <span class='ocrx_word' id='word_1_215' title='bbox 593 1592 715 1627; x_wconf 91' lang='lat' dir='ltr'><strong>ipsorum</strong></span> <span class='ocrx_word' id='word_1_216' title='bbox 735 1591 882 1626; x_wconf 88' lang='lat' dir='ltr'><strong>potentiam</strong></span> <span class='ocrx_word' id='word_1_217' title='bbox 900 1589 1044 1623; x_wconf 74' lang='lat' dir='ltr'><strong>cognosci-</strong></span> 
     </span>
    </p>
   </div>
   <div class='ocr_carea' id='block_1_34' title="bbox 258 1635 1044 1674">
    <p class='ocr_par' dir='ltr' id='par_1_34' title="bbox 258 1635 1044 1674">
     <span class='ocr_line' id='line_1_34' title="bbox 258 1635 1044 1674; baseline -0.008 -6"><span class='ocrx_word' id='word_1_218' title='bbox 258 1648 331 1672; x_wconf 87' lang='lat' dir='ltr'><strong>mus,</strong></span> <span class='ocrx_word' id='word_1_219' title='bbox 346 1648 409 1667; x_wconf 93' lang='lat' dir='ltr'><strong>cum</strong></span> <span class='ocrx_word' id='word_1_220' title='bbox 428 1638 531 1674; x_wconf 88' lang='lat' dir='ltr'><strong>aliquid</strong></span> <span class='ocrx_word' id='word_1_221' title='bbox 546 1638 654 1669; x_wconf 90' lang='lat' dir='ltr'><strong>horum,</strong></span> <span class='ocrx_word' id='word_1_222' title='bbox 669 1637 731 1664; x_wconf 90' lang='lat' dir='ltr'><strong>aliis</strong></span> <span class='ocrx_word' id='word_1_223' title='bbox 742 1635 959 1672; x_wconf 81' lang='lat' dir='ltr'><strong>quiescentibus,</strong></span> <span class='ocrx_word' id='word_1_224' title='bbox 975 1642 1044 1669; x_wconf 67' lang='lat' dir='ltr'><strong>prm—</strong></span> 
     </span>
    </p>
   </div>
   <div class='ocr_carea' id='block_1_35' title="bbox 258 1681 1045 1719">
    <p class='ocr_par' dir='ltr' id='par_1_35' title="bbox 258 1681 1045 1719">
     <span class='ocr_line' id='line_1_35' title="bbox 258 1681 1045 1719; baseline -0.009 -5"><span class='ocrx_word' id='word_1_225' title='bbox 258 1686 327 1714; x_wconf 80' lang='lat' dir='ltr'><strong>valct</strong></span> <span class='ocrx_word' id='word_1_226' title='bbox 352 1689 379 1713; x_wconf 83' lang='lat' dir='ltr'><strong>et</strong></span> <span class='ocrx_word' id='word_1_227' title='bbox 403 1684 565 1719; x_wconf 78' lang='lat' dir='ltr'><strong>exsuperat?</strong></span> <span class='ocrx_word' id='word_1_228' title='bbox 590 1682 719 1716; x_wconf 65' lang='lat' dir='ltr'><strong>Quaenam</strong></span> <span class='ocrx_word' id='word_1_229' title='bbox 749 1682 858 1717; x_wconf 83' lang='lat' dir='ltr'><strong>penitus</strong></span> <span class='ocrx_word' id='word_1_230' title='bbox 881 1681 1045 1716; x_wconf 80' lang='lat' dir='ltr'><strong>compositio</strong></span> 
     </span>
    </p>
   </div>
   <div class='ocr_carea' id='block_1_36' title="bbox 260 1726 1044 1764">
    <p class='ocr_par' dir='ltr' id='par_1_36' title="bbox 260 1726 1044 1764">
     <span class='ocr_line' id='line_1_36' title="bbox 260 1726 1044 1764; baseline -0.004 -7"><span class='ocrx_word' id='word_1_231' title='bbox 260 1731 316 1758; x_wconf 66' lang='lat' dir='ltr'><strong>haec</strong></span> <span class='ocrx_word' id='word_1_232' title='bbox 335 1734 362 1757; x_wconf 87' lang='lat' dir='ltr'><strong>et</strong></span> <span class='ocrx_word' id='word_1_233' title='bbox 379 1729 535 1764; x_wconf 89' lang='lat' dir='ltr'><strong>dispositio,</strong></span> <span class='ocrx_word' id='word_1_234' title='bbox 558 1732 640 1762; x_wconf 87' lang='lat' dir='ltr'><strong>atque</strong></span> <span class='ocrx_word' id='word_1_235' title='bbox 663 1727 778 1754; x_wconf 89' lang='lat' dir='ltr'><strong>multum</strong></span> <span class='ocrx_word' id='word_1_236' title='bbox 804 1727 893 1754; x_wconf 84' lang='lat' dir='ltr'><strong>inanis</strong></span> <span class='ocrx_word' id='word_1_237' title='bbox 916 1727 943 1753; x_wconf 91' lang='lat' dir='ltr'><strong>in</strong></span> <span class='ocrx_word' id='word_1_238' title='bbox 965 1726 1044 1754; x_wconf 85' lang='lat' dir='ltr'><strong>nobis</strong></span> 
     </span>
    </p>
   </div>
   <div class='ocr_carea' id='block_1_37' title="bbox 258 1772 1045 1812">
    <p class='ocr_par' dir='ltr' id='par_1_37' title="bbox 258 1772 1045 1812">
     <span class='ocr_line' id='line_1_37' title="bbox 258 1772 1045 1812; baseline -0.006 -8"><span class='ocrx_word' id='word_1_239' title='bbox 258 1776 380 1812; x_wconf 83' lang='lat' dir='ltr'><strong>spatiosa</strong></span> <span class='ocrx_word' id='word_1_240' title='bbox 393 1775 541 1811; x_wconf 85' lang='lat' dir='ltr'><strong>capacitas,</strong></span> <span class='ocrx_word' id='word_1_241' title='bbox 557 1774 595 1800; x_wconf 84' lang='lat' dir='ltr'><strong>ita</strong></span> <span class='ocrx_word' id='word_1_242' title='bbox 612 1777 641 1801; x_wconf 92' lang='lat' dir='ltr'><strong>ut</strong></span> <span class='ocrx_word' id='word_1_243' title='bbox 656 1773 754 1808; x_wconf 86' lang='lat' dir='ltr'><strong>cuique</strong></span> <span class='ocrx_word' id='word_1_244' title='bbox 769 1773 896 1808; x_wconf 85' lang='lat' dir='ltr'><strong>proprius</strong></span> <span class='ocrx_word' id='word_1_245' title='bbox 914 1772 990 1800; x_wconf 91' lang='lat' dir='ltr'><strong>locus</strong></span> <span class='ocrx_word' id='word_1_246' title='bbox 1009 1772 1045 1800; x_wconf 85' lang='lat' dir='ltr'><strong>sit</strong></span> 
     </span>
    </p>
   </div>
   <div class='ocr_carea' id='block_1_38' title="bbox 259 1818 1045 1857">
    <p class='ocr_par' dir='ltr' id='par_1_38' title="bbox 259 1818 1045 1857">
     <span class='ocr_line' id='line_1_38' title="bbox 259 1818 1045 1857; baseline -0.005 -7"><span class='ocrx_word' id='word_1_247' title='bbox 259 1823 429 1857; x_wconf 77' lang='lat' dir='ltr'><strong>assignatus,</strong></span> <span class='ocrx_word' id='word_1_248' title='bbox 446 1821 520 1849; x_wconf 86' lang='lat' dir='ltr'><strong>velut</strong></span> <span class='ocrx_word' id='word_1_249' title='bbox 536 1819 701 1855; x_wconf 87' lang='lat' dir='ltr'><strong>quibusdam</strong></span> <span class='ocrx_word' id='word_1_250' title='bbox 721 1819 819 1846; x_wconf 88' lang='lat' dir='ltr'><strong>mediis</strong></span> <span class='ocrx_word' id='word_1_251' title='bbox 840 1823 867 1846; x_wconf 90' lang='lat' dir='ltr'><strong>et</strong></span> <span class='ocrx_word' id='word_1_252' title='bbox 892 1818 1045 1852; x_wconf 74' lang='lat' dir='ltr'><strong>interiectis</strong></span> 
     </span>
    </p>
   </div>
   <div class='ocr_carea' id='block_1_39' title="bbox 259 1863 1045 1902">
    <p class='ocr_par' dir='ltr' id='par_1_39' title="bbox 259 1863 1045 1902">
     <span class='ocr_line' id='line_1_39' title="bbox 259 1863 1045 1902; baseline -0.008 -7"><span class='ocrx_word' id='word_1_253' title='bbox 259 1867 418 1902; x_wconf 77' lang='lat' dir='ltr'><strong>scpimentis</strong></span> <span class='ocrx_word' id='word_1_254' title='bbox 438 1866 578 1902; x_wconf 86' lang='lat' dir='ltr'><strong>prohibito</strong></span> <span class='ocrx_word' id='word_1_255' title='bbox 602 1864 667 1892; x_wconf 80' lang='lat' dir='ltr'><strong>ferri</strong></span> <span class='ocrx_word' id='word_1_256' title='bbox 685 1863 719 1890; x_wconf 85' lang='lat' dir='ltr'><strong>ad</strong></span> <span class='ocrx_word' id='word_1_257' title='bbox 741 1863 823 1890; x_wconf 86' lang='lat' dir='ltr'><strong>vicini</strong></span> <span class='ocrx_word' id='word_1_258' title='bbox 849 1863 1045 1890; x_wconf 88' lang='lat' dir='ltr'><strong>commercium</strong></span> 
     </span>
    </p>
   </div>
   <div class='ocr_carea' id='block_1_40' title="bbox 257 1909 1044 1944">
    <p class='ocr_par' dir='ltr' id='par_1_40' title="bbox 257 1909 1044 1944">
     <span class='ocr_line' id='line_1_40' title="bbox 257 1909 1044 1944; baseline -0.008 -3"><span class='ocrx_word' id='word_1_259' title='bbox 257 1919 286 1941; x_wconf 86' lang='lat' dir='ltr'><strong>et</strong></span> <span class='ocrx_word' id='word_1_260' title='bbox 300 1912 540 1942; x_wconf 85' lang='lat' dir='ltr'><strong>commistionem?</strong></span> <span class='ocrx_word' id='word_1_261' title='bbox 555 1911 612 1939; x_wconf 87' lang='lat' dir='ltr'><strong>Hoc</strong></span> <span class='ocrx_word' id='word_1_262' title='bbox 635 1911 717 1938; x_wconf 89' lang='lat' dir='ltr'><strong>etiam</strong></span> <span class='ocrx_word' id='word_1_263' title='bbox 736 1910 825 1944; x_wconf 87' lang='lat' dir='ltr'><strong>ipsum</strong></span> <span class='ocrx_word' id='word_1_264' title='bbox 848 1909 870 1936; x_wconf 92' lang='lat' dir='ltr'><strong>si</strong></span> <span class='ocrx_word' id='word_1_265' title='bbox 887 1917 936 1944; x_wconf 87' lang='lat' dir='ltr'><strong>per</strong></span> <span class='ocrx_word' id='word_1_266' title='bbox 950 1916 1044 1936; x_wconf 86' lang='lat' dir='ltr'><strong>essen-</strong></span> 
     </span>
    </p>
   </div>
   <div class='ocr_carea' id='block_1_41' title="bbox 259 1954 1046 1991">
    <p class='ocr_par' dir='ltr' id='par_1_41' title="bbox 259 1954 1046 1991">
     <span class='ocr_line' id='line_1_41' title="bbox 259 1954 1046 1991; baseline -0.009 -4"><span class='ocrx_word' id='word_1_267' title='bbox 259 1961 326 1987; x_wconf 86' lang='lat' dir='ltr'><strong>tiam</strong></span> <span class='ocrx_word' id='word_1_268' title='bbox 344 1959 385 1986; x_wconf 86' lang='lat' dir='ltr'><strong>ira</strong></span> <span class='ocrx_word' id='word_1_269' title='bbox 400 1958 536 1991; x_wconf 87' lang='lat' dir='ltr'><strong>subsistit,</strong></span> <span class='ocrx_word' id='word_1_270' title='bbox 554 1957 598 1984; x_wconf 87' lang='lat' dir='ltr'><strong>vel</strong></span> <span class='ocrx_word' id='word_1_271' title='bbox 611 1960 712 1988; x_wconf 90' lang='lat' dir='ltr'><strong>metus,</strong></span> <span class='ocrx_word' id='word_1_272' title='bbox 723 1955 765 1982; x_wconf 87' lang='lat' dir='ltr'><strong>vel</strong></span> <span class='ocrx_word' id='word_1_273' title='bbox 780 1955 884 1989; x_wconf 80' lang='lat' dir='ltr'><strong>reliqua</strong></span> <span class='ocrx_word' id='word_1_274' title='bbox 898 1962 958 1989; x_wconf 77' lang='lat' dir='ltr'><strong>quae</strong></span> <span class='ocrx_word' id='word_1_275' title='bbox 972 1954 1046 1981; x_wconf 77' lang='lat' dir='ltr'><strong>dicta</strong></span> 
     </span>
    </p>
   </div>
   <div class='ocr_carea' id='block_1_42' title="bbox 259 2001 1046 2040">
    <p class='ocr_par' dir='ltr' id='par_1_42' title="bbox 259 2001 1046 2040">
     <span class='ocr_line' id='line_1_42' title="bbox 259 2001 1046 2040; baseline -0.008 -7"><span class='ocrx_word' id='word_1_276' title='bbox 259 2010 335 2040; x_wconf 87' lang='lat' dir='ltr'><strong>sunt,</strong></span> <span class='ocrx_word' id='word_1_277' title='bbox 352 2005 394 2033; x_wconf 87' lang='lat' dir='ltr'><strong>vel</strong></span> <span class='ocrx_word' id='word_1_278' title='bbox 405 2011 529 2040; x_wconf 74' lang='lat' dir='ltr'><strong>quamam</strong></span> <span class='ocrx_word' id='word_1_279' title='bbox 543 2003 680 2030; x_wconf 90' lang='lat' dir='ltr'><strong>motiones</strong></span> <span class='ocrx_word' id='word_1_280' title='bbox 692 2009 746 2028; x_wconf 90' lang='lat' dir='ltr'><strong>non</strong></span> <span class='ocrx_word' id='word_1_281' title='bbox 760 2001 943 2029; x_wconf 82' lang='lat' dir='ltr'><strong>subsistentes</strong></span> <span class='ocrx_word' id='word_1_282' title='bbox 958 2001 1046 2028; x_wconf 83' lang='lat' dir='ltr'><strong>exsis-</strong></span> 
     </span>
    </p>
   </div>
   <div class='ocr_carea' id='block_1_43' title="bbox 259 2046 1046 2087">
    <p class='ocr_par' dir='ltr' id='par_1_43' title="bbox 259 2046 1046 2087">
     <span class='ocr_line' id='line_1_43' title="bbox 259 2046 1046 2087; baseline -0.011 -7"><span class='ocrx_word' id='word_1_283' title='bbox 259 2057 331 2085; x_wconf 90' lang='lat' dir='ltr'><strong>tunt,</strong></span> <span class='ocrx_word' id='word_1_284' title='bbox 351 2052 413 2087; x_wconf 85' lang='lat' dir='ltr'><strong>quis</strong></span> <span class='ocrx_word' id='word_1_285' title='bbox 441 2057 532 2079; x_wconf 87' lang='lat' dir='ltr'><strong>sermo</strong></span> <span class='ocrx_word' id='word_1_286' title='bbox 556 2047 760 2083; x_wconf 80' lang='lat' dir='ltr'><strong>explanaverit?</strong></span> <span class='ocrx_word' id='word_1_287' title='bbox 787 2046 815 2073; x_wconf 90' lang='lat' dir='ltr'><strong>Si</strong></span> <span class='ocrx_word' id='word_1_288' title='bbox 841 2046 914 2073; x_wconf 90' lang='lat' dir='ltr'><strong>enim</strong></span> <span class='ocrx_word' id='word_1_289' title='bbox 940 2053 988 2080; x_wconf 87' lang='lat' dir='ltr'><strong>per</strong></span> <span class='ocrx_word' id='word_1_290' title='bbox 1016 2052 1046 2072; x_wconf 88' lang='lat' dir='ltr'><strong>se</strong></span> 
     </span>
    </p>
   </div>
   <div class='ocr_carea' id='block_1_44' title="bbox 260 2091 1045 2129">
    <p class='ocr_par' dir='ltr' id='par_1_44' title="bbox 260 2091 1045 2129">
     <span class='ocr_line' id='line_1_44' title="bbox 260 2091 1045 2129; baseline -0.011 -3"><span class='ocrx_word' id='word_1_291' title='bbox 260 2098 426 2129; x_wconf 85' lang='lat' dir='ltr'><strong>subsistunt,</strong></span> <span class='ocrx_word' id='word_1_292' title='bbox 443 2104 499 2123; x_wconf 89' lang='lat' dir='ltr'><strong>non</strong></span> <span class='ocrx_word' id='word_1_293' title='bbox 513 2102 569 2122; x_wconf 93' lang='lat' dir='ltr'><strong>una</strong></span> <span class='ocrx_word' id='word_1_294' title='bbox 584 2097 626 2121; x_wconf 86' lang='lat' dir='ltr'><strong>est.</strong></span> <span class='ocrx_word' id='word_1_295' title='bbox 654 2093 754 2125; x_wconf 87' lang='lat' dir='ltr'><strong>aninta,</strong></span> <span class='ocrx_word' id='word_1_296' title='bbox 773 2092 844 2119; x_wconf 82' lang='lat' dir='ltr'><strong>sicut</strong></span> <span class='ocrx_word' id='word_1_297' title='bbox 866 2091 969 2119; x_wconf 87' lang='lat' dir='ltr'><strong>dictutn</strong></span> <span class='ocrx_word' id='word_1_298' title='bbox 991 2094 1045 2124; x_wconf 84' lang='lat' dir='ltr'><strong>est,</strong></span> 
     </span>
    </p>
   </div>
   <div class='ocr_carea' id='block_1_45' title="bbox 260 2137 1044 2178">
    <p class='ocr_par' dir='ltr' id='par_1_45' title="bbox 260 2137 1044 2178">
     <span class='ocr_line' id='line_1_45' title="bbox 260 2137 1044 2178; baseline -0.013 -6"><span class='ocrx_word' id='word_1_299' title='bbox 260 2144 308 2172; x_wconf 90' lang='lat' dir='ltr'><strong>sed</strong></span> <span class='ocrx_word' id='word_1_300' title='bbox 329 2143 453 2178; x_wconf 70' lang='lat' dir='ltr'><strong>quaedam</strong></span> <span class='ocrx_word' id='word_1_301' title='bbox 478 2141 632 2168; x_wconf 87' lang='lat' dir='ltr'><strong>animarum</strong></span> <span class='ocrx_word' id='word_1_302' title='bbox 660 2138 688 2165; x_wconf 89' lang='lat' dir='ltr'><strong>in</strong></span> <span class='ocrx_word' id='word_1_303' title='bbox 707 2138 786 2165; x_wconf 90' lang='lat' dir='ltr'><strong>nobis</strong></span> <span class='ocrx_word' id='word_1_304' title='bbox 811 2137 896 2164; x_wconf 91' lang='lat' dir='ltr'><strong>coitio</strong></span> <span class='ocrx_word' id='word_1_305' title='bbox 920 2144 1044 2172; x_wconf 90' lang='lat' dir='ltr'><strong>compre-</strong></span> 
     </span>
    </p>
   </div>
   <div class='ocr_carea' id='block_1_46' title="bbox 260 2183 1045 2221">
    <p class='ocr_par' dir='ltr' id='par_1_46' title="bbox 260 2183 1045 2221">
     <span class='ocr_line' id='line_1_46' title="bbox 260 2183 1045 2221; baseline -0.011 -3"><span class='ocrx_word' id='word_1_306' title='bbox 260 2192 346 2218; x_wconf 86' lang='lat' dir='ltr'><strong>hensa</strong></span> <span class='ocrx_word' id='word_1_307' title='bbox 365 2192 419 2221; x_wconf 88' lang='lat' dir='ltr'><strong>est,</strong></span> <span class='ocrx_word' id='word_1_308' title='bbox 441 2195 503 2215; x_wconf 91' lang='lat' dir='ltr'><strong>cum</strong></span> <span class='ocrx_word' id='word_1_309' title='bbox 521 2186 620 2214; x_wconf 83' lang='lat' dir='ltr'><strong>borum</strong></span> <span class='ocrx_word' id='word_1_310' title='bbox 645 2184 765 2220; x_wconf 88' lang='lat' dir='ltr'><strong>quidque</strong></span> <span class='ocrx_word' id='word_1_311' title='bbox 780 2183 807 2211; x_wconf 92' lang='lat' dir='ltr'><strong>in</strong></span> <span class='ocrx_word' id='word_1_312' title='bbox 827 2183 1002 2218; x_wconf 89' lang='lat' dir='ltr'><strong>peculiarem,</strong></span> <span class='ocrx_word' id='word_1_313' title='bbox 1018 2187 1045 2210; x_wconf 91' lang='lat' dir='ltr'><strong>et</strong></span> 
     </span>
    </p>
   </div>
   <div class='ocr_carea' id='block_1_47' title="bbox 260 2228 1049 2267">
    <p class='ocr_par' dir='ltr' id='par_1_47' title="bbox 260 2228 1049 2267">
     <span class='ocr_line' id='line_1_47' title="bbox 260 2228 1049 2267; baseline -0.008 -5"><span class='ocrx_word' id='word_1_314' title='bbox 260 2233 495 2267; x_wconf 88' lang='lat' dir='ltr'><strong>circumscriptam</strong></span> <span class='ocrx_word' id='word_1_315' title='bbox 523 2232 640 2257; x_wconf 90' lang='lat' dir='ltr'><strong>animam</strong></span> <span class='ocrx_word' id='word_1_316' title='bbox 660 2232 794 2257; x_wconf 86' lang='lat' dir='ltr'><strong>secretum</strong></span> <span class='ocrx_word' id='word_1_317' title='bbox 820 2229 856 2256; x_wconf 89' lang='lat' dir='ltr'><strong>sit</strong></span> <span class='ocrx_word' id='word_1_318' title='bbox 883 2235 914 2255; x_wconf 86' lang='lat' dir='ltr'><strong>ac</strong></span> <span class='ocrx_word' id='word_1_319' title='bbox 929 2228 1049 2256; x_wconf 86' lang='lat' dir='ltr'><strong>distinc-</strong></span> 
     </span>
    </p>
   </div>
   <div class='ocr_carea' id='block_1_48' title="bbox 262 2274 1050 2312">
    <p class='ocr_par' dir='ltr' id='par_1_48' title="bbox 262 2274 1050 2312">
     <span class='ocr_line' id='line_1_48' title="bbox 262 2274 1050 2312; baseline -0.006 -6"><span class='ocrx_word' id='word_1_320' title='bbox 262 2284 330 2306; x_wconf 92' lang='lat' dir='ltr'><strong>tum.</strong></span> <span class='ocrx_word' id='word_1_321' title='bbox 352 2278 430 2312; x_wconf 86' lang='lat' dir='ltr'><strong>Quod</strong></span> <span class='ocrx_word' id='word_1_322' title='bbox 445 2278 468 2306; x_wconf 88' lang='lat' dir='ltr'><strong>si</strong></span> <span class='ocrx_word' id='word_1_323' title='bbox 489 2276 636 2312; x_wconf 87' lang='lat' dir='ltr'><strong>quamdam</strong></span> <span class='ocrx_word' id='word_1_324' title='bbox 656 2275 803 2303; x_wconf 86' lang='lat' dir='ltr'><strong>motionem</strong></span> <span class='ocrx_word' id='word_1_325' title='bbox 819 2281 879 2309; x_wconf 71' lang='lat' dir='ltr'><strong>quae</strong></span> <span class='ocrx_word' id='word_1_326' title='bbox 899 2274 1050 2302; x_wconf 82' lang='lat' dir='ltr'><strong>subsistere</strong></span> 
     </span>
    </p>
   </div>
   <div class='ocr_carea' id='block_1_49' title="bbox 263 2320 1050 2361">
    <p class='ocr_par' dir='ltr' id='par_1_49' title="bbox 263 2320 1050 2361">
     <span class='ocr_line' id='line_1_49' title="bbox 263 2320 1050 2361; baseline -0.008 -8"><span class='ocrx_word' id='word_1_327' title='bbox 263 2329 392 2361; x_wconf 83' lang='lat' dir='ltr'><strong>nequeat,</strong></span> <span class='ocrx_word' id='word_1_328' title='bbox 414 2325 472 2351; x_wconf 63' lang='lat' dir='ltr'><strong>hac</strong></span> <span class='ocrx_word' id='word_1_329' title='bbox 495 2331 546 2351; x_wconf 91' lang='lat' dir='ltr'><strong>nos</strong></span> <span class='ocrx_word' id='word_1_330' title='bbox 563 2327 659 2358; x_wconf 85' lang='lat' dir='ltr'><strong>putare</strong></span> <span class='ocrx_word' id='word_1_331' title='bbox 675 2326 801 2357; x_wconf 87' lang='lat' dir='ltr'><strong>oportet;</strong></span> <span class='ocrx_word' id='word_1_332' title='bbox 817 2321 954 2356; x_wconf 90' lang='lat' dir='ltr'><strong>quomodo</strong></span> <span class='ocrx_word' id='word_1_333' title='bbox 977 2320 1050 2356; x_wconf 88' lang='lat' dir='ltr'><strong>quod</strong></span> 
     </span>
    </p>
   </div>
   <div class='ocr_carea' id='block_1_50' title="bbox 264 2367 1048 2401">
    <p class='ocr_par' dir='ltr' id='par_1_50' title="bbox 264 2367 1048 2401">
     <span class='ocr_line' id='line_1_50' title="bbox 264 2367 1048 2401; baseline -0.008 -2"><span class='ocrx_word' id='word_1_334' title='bbox 264 2378 318 2398; x_wconf 90' lang='lat' dir='ltr'><strong>non</strong></span> <span class='ocrx_word' id='word_1_335' title='bbox 335 2370 519 2399; x_wconf 84' lang='lat' dir='ltr'><strong>essentialiter</strong></span> <span class='ocrx_word' id='word_1_336' title='bbox 535 2369 661 2401; x_wconf 76' lang='lat' dir='ltr'><strong>exsistit,</strong></span> <span class='ocrx_word' id='word_1_337' title='bbox 677 2368 757 2395; x_wconf 84' lang='lat' dir='ltr'><strong>nobis</strong></span> <span class='ocrx_word' id='word_1_338' title='bbox 774 2367 930 2394; x_wconf 87' lang='lat' dir='ltr'><strong>dominatur</strong></span> <span class='ocrx_word' id='word_1_339' title='bbox 951 2371 979 2394; x_wconf 82' lang='lat' dir='ltr'><strong>et</strong></span> <span class='ocrx_word' id='word_1_340' title='bbox 997 2367 1048 2394; x_wconf 88' lang='lat' dir='ltr'><strong>im-</strong></span> 
     </span>
    </p>
   </div>
   <div class='ocr_carea' id='block_1_51' title="bbox 263 2413 1045 2453">
    <p class='ocr_par' dir='ltr' id='par_1_51' title="bbox 263 2413 1045 2453">
     <span class='ocr_line' id='line_1_51' title="bbox 263 2413 1045 2453; baseline -0.006 -8"><span class='ocrx_word' id='word_1_341' title='bbox 263 2421 350 2453; x_wconf 83' lang='lat' dir='ltr'><strong>perat,</strong></span> <span class='ocrx_word' id='word_1_342' title='bbox 372 2421 500 2452; x_wconf 84' lang='lat' dir='ltr'><strong>tanquam</strong></span> <span class='ocrx_word' id='word_1_343' title='bbox 523 2423 556 2443; x_wconf 87' lang='lat' dir='ltr'><strong>ex</strong></span> <span class='ocrx_word' id='word_1_344' title='bbox 584 2414 727 2450; x_wconf 86' lang='lat' dir='ltr'><strong>tyrannide</strong></span> <span class='ocrx_word' id='word_1_345' title='bbox 752 2421 803 2441; x_wconf 90' lang='lat' dir='ltr'><strong>nos</strong></span> <span class='ocrx_word' id='word_1_346' title='bbox 828 2414 857 2440; x_wconf 92' lang='lat' dir='ltr'><strong>in</strong></span> <span class='ocrx_word' id='word_1_347' title='bbox 884 2413 1045 2441; x_wconf 85' lang='lat' dir='ltr'><strong>servitutem</strong></span> 
     </span>
    </p>
   </div>
   <div class='ocr_carea' id='block_1_52' title="bbox 263 2458 1046 2497">
    <p class='ocr_par' dir='ltr' id='par_1_52' title="bbox 263 2458 1046 2497">
     <span class='ocr_line' id='line_1_52' title="bbox 263 2458 1046 2497; baseline -0.008 -6"><span class='ocrx_word' id='word_1_348' title='bbox 263 2464 386 2495; x_wconf 90' lang='lat' dir='ltr'><strong>trahens,</strong></span> <span class='ocrx_word' id='word_1_349' title='bbox 411 2462 595 2497; x_wconf 85' lang='lat' dir='ltr'><strong>quodcunque</strong></span> <span class='ocrx_word' id='word_1_350' title='bbox 624 2460 721 2487; x_wconf 79' lang='lat' dir='ltr'><strong>horum</strong></span> <span class='ocrx_word' id='word_1_351' title='bbox 748 2459 939 2495; x_wconf 59' lang='lat' dir='ltr'><strong>praevaluerit?</strong></span> <span class='ocrx_word' id='word_1_352' title='bbox 963 2458 996 2485; x_wconf 84' lang='lat' dir='ltr'><strong>Et</strong></span> <span class='ocrx_word' id='word_1_353' title='bbox 1023 2459 1046 2486; x_wconf 89' lang='lat' dir='ltr'><strong>si</strong></span> 
     </span>
    </p>
   </div>
   <div class='ocr_carea' id='block_1_53' title="bbox 263 2504 1047 2543">
    <p class='ocr_par' dir='ltr' id='par_1_53' title="bbox 263 2504 1047 2543">
     <span class='ocr_line' id='line_1_53' title="bbox 263 2504 1047 2543; baseline -0.006 -6"><span class='ocrx_word' id='word_1_354' title='bbox 263 2510 354 2537; x_wconf 82' lang='lat' dir='ltr'><strong>anima</strong></span> <span class='ocrx_word' id='word_1_355' title='bbox 369 2507 435 2543; x_wconf 91' lang='lat' dir='ltr'><strong>quid</strong></span> <span class='ocrx_word' id='word_1_356' title='bbox 455 2511 499 2536; x_wconf 84' lang='lat' dir='ltr'><strong>est</strong></span> <span class='ocrx_word' id='word_1_357' title='bbox 518 2506 592 2542; x_wconf 89' lang='lat' dir='ltr'><strong>quod</strong></span> <span class='ocrx_word' id='word_1_358' title='bbox 608 2510 700 2533; x_wconf 86' lang='lat' dir='ltr'><strong>mente</strong></span> <span class='ocrx_word' id='word_1_359' title='bbox 716 2505 892 2539; x_wconf 86' lang='lat' dir='ltr'><strong>percipiatur,</strong></span> <span class='ocrx_word' id='word_1_360' title='bbox 909 2504 1047 2540; x_wconf 88' lang='lat' dir='ltr'><strong>quomodo</strong></span> 
     </span>
    </p>
   </div>
   <div class='ocr_carea' id='block_1_54' title="bbox 264 2550 1046 2590">
    <p class='ocr_par' dir='ltr' id='par_1_54' title="bbox 264 2550 1046 2590">
     <span class='ocr_line' id='line_1_54' title="bbox 264 2550 1046 2590; baseline -0.008 -7"><span class='ocrx_word' id='word_1_361' title='bbox 264 2556 291 2582; x_wconf 92' lang='lat' dir='ltr'><strong>in</strong></span> <span class='ocrx_word' id='word_1_362' title='bbox 307 2554 485 2590; x_wconf 77' lang='lat' dir='ltr'><strong>intelligibili,</strong></span> <span class='ocrx_word' id='word_1_363' title='bbox 503 2551 576 2587; x_wconf 90' lang='lat' dir='ltr'><strong>quod</strong></span> <span class='ocrx_word' id='word_1_364' title='bbox 590 2551 685 2578; x_wconf 90' lang='lat' dir='ltr'><strong>multis</strong></span> <span class='ocrx_word' id='word_1_365' title='bbox 700 2550 847 2577; x_wconf 81' lang='lat' dir='ltr'><strong>conﬂatum</strong></span> <span class='ocrx_word' id='word_1_366' title='bbox 865 2554 906 2577; x_wconf 89' lang='lat' dir='ltr'><strong>est</strong></span> <span class='ocrx_word' id='word_1_367' title='bbox 922 2550 1046 2584; x_wconf 88' lang='lat' dir='ltr'><strong>partibus</strong></span> 
     </span>
    </p>
   </div>
   <div class='ocr_carea' id='block_1_55' title="bbox 263 2593 1046 2634">
    <p class='ocr_par' dir='ltr' id='par_1_55' title="bbox 263 2593 1046 2634">
     <span class='ocr_line' id='line_1_55' title="bbox 263 2593 1046 2634; baseline -0.01 -6"><span class='ocrx_word' id='word_1_368' title='bbox 263 2604 290 2627; x_wconf 87' lang='lat' dir='ltr'><strong>et</strong></span> <span class='ocrx_word' id='word_1_369' title='bbox 301 2599 493 2634; x_wconf 86' lang='lat' dir='ltr'><strong>compositum,</strong></span> <span class='ocrx_word' id='word_1_370' title='bbox 509 2600 599 2632; x_wconf 89' lang='lat' dir='ltr'><strong>potest</strong></span> <span class='ocrx_word' id='word_1_371' title='bbox 616 2595 798 2626; x_wconf 87' lang='lat' dir='ltr'><strong>considerari,</strong></span> <span class='ocrx_word' id='word_1_372' title='bbox 813 2601 876 2621; x_wconf 90' lang='lat' dir='ltr'><strong>cum</strong></span> <span class='ocrx_word' id='word_1_373' title='bbox 892 2593 954 2621; x_wconf 82' lang='lat' dir='ltr'><strong>talis</strong></span> <span class='ocrx_word' id='word_1_374' title='bbox 971 2595 1046 2621; x_wconf 91' lang='lat' dir='ltr'><strong>notio</strong></span> 
     </span>
    </p>
   </div>
   <div class='ocr_carea' id='block_1_56' title="bbox 875 119 1255 150">
    <p class='ocr_par' dir='ltr' id='par_1_56' title="bbox 875 119 1255 150">
     <span class='ocr_line' id='line_1_56' title="bbox 875 119 1255 150; baseline -0.011 0"><span class='ocrx_word' id='word_1_375' title='bbox 875 121 904 150; x_wconf 90' lang='lat' dir='ltr'><strong>S.</strong></span> <span class='ocrx_word' id='word_1_376' title='bbox 924 119 1088 149; x_wconf 76' lang='lat' dir='ltr'><strong>GEEGORH</strong></span> <span class='ocrx_word' id='word_1_377' title='bbox 1106 119 1255 148; x_wconf 81' lang='lat' dir='ltr'><strong>NYSSENI</strong></span> 
     </span>
    </p>
   </div>
   <div class='ocr_carea' id='block_1_57' title="bbox 1827 120 1878 147">
    <p class='ocr_par' dir='ltr' id='par_1_57' title="bbox 1827 120 1878 147">
     <span class='ocr_line' id='line_1_57' title="bbox 1827 120 1878 147; baseline 0 -1"><span class='ocrx_word' id='word_1_378' title='bbox 1827 120 1878 147; x_wconf 60' lang='lat'><strong>915</strong></span> 
     </span>
    </p>
   </div>
   <div class='ocr_carea' id='block_1_58' title="bbox 1047 177 1877 216">
    <p class='ocr_par' dir='ltr' id='par_1_58' title="bbox 1047 177 1877 216">
     <span class='ocr_line' id='line_1_58' title="bbox 1047 177 1877 216; baseline -0.005 -9"><span class='ocrx_word' id='word_1_379' title='bbox 1047 184 1067 212; x_wconf 77' lang='grc' dir='ltr'><strong>Α</strong></span> <span class='ocrx_word' id='word_1_380' title='bbox 1083 181 1128 207; x_wconf 78' lang='grc' dir='ltr'>τὸν</span> <span class='ocrx_word' id='word_1_381' title='bbox 1149 180 1261 216; x_wconf 80' lang='grc' dir='ltr'>οὐρανὸν</span> <span class='ocrx_word' id='word_1_382' title='bbox 1280 178 1470 212; x_wconf 77' lang='grc' dir='ltr'><strong>ἀνατείνεται,</strong></span> <span class='ocrx_word' id='word_1_383' title='bbox 1492 179 1524 214; x_wconf 83' lang='grc' dir='ltr'>τῇ</span> <span class='ocrx_word' id='word_1_384' title='bbox 1545 177 1807 214; x_wconf 72' lang='grc' dir='ltr'><strong>πολυπραγμοσύνῃ</strong></span> <span class='ocrx_word' id='word_1_385' title='bbox 1826 178 1877 203; x_wconf 53' lang='grc' dir='ltr'><strong>τῶν</strong></span> 
     </span>
    </p>
   </div>
   <div class='ocr_carea' id='block_1_59' title="bbox 1082 223 1876 263">
    <p class='ocr_par' dir='ltr' id='par_1_59' title="bbox 1082 223 1876 263">
     <span class='ocr_line' id='line_1_59' title="bbox 1082 223 1876 263; baseline -0.008 -8"><span class='ocrx_word' id='word_1_386' title='bbox 1082 227 1205 263; x_wconf 83' lang='grc' dir='ltr'><strong>ἀοράτων</strong></span> <span class='ocrx_word' id='word_1_387' title='bbox 1220 226 1267 253; x_wconf 75' lang='grc' dir='ltr'>καὶ</span> <span class='ocrx_word' id='word_1_388' title='bbox 1287 225 1354 261; x_wconf 83' lang='grc' dir='ltr'>πρὸς</span> <span class='ocrx_word' id='word_1_389' title='bbox 1368 224 1402 251; x_wconf 81' lang='grc' dir='ltr'><strong>τὰ</strong></span> <span class='ocrx_word' id='word_1_390' title='bbox 1416 224 1496 252; x_wconf 79' lang='grc' dir='ltr'>ὑλικὰ</span> <span class='ocrx_word' id='word_1_391' title='bbox 1515 224 1589 259; x_wconf 75' lang='grc' dir='ltr'><strong>πάθη</strong></span> <span class='ocrx_word' id='word_1_392' title='bbox 1611 223 1820 250; x_wconf 77' lang='grc' dir='ltr'>κατολισθαίνει</span> <span class='ocrx_word' id='word_1_393' title='bbox 1840 224 1876 257; x_wconf 74' lang='grc' dir='ltr'>τῷ</span> 
     </span>
    </p>
   </div>
   <div class='ocr_carea' id='block_1_60' title="bbox 1084 269 1877 308">
    <p class='ocr_par' dir='ltr' id='par_1_60' title="bbox 1084 269 1877 308">
     <span class='ocr_line' id='line_1_60' title="bbox 1084 269 1877 308; baseline -0.005 -9"><span class='ocrx_word' id='word_1_394' title='bbox 1084 272 1162 308; x_wconf 83' lang='grc' dir='ltr'>βάρει</span> <span class='ocrx_word' id='word_1_395' title='bbox 1174 272 1219 299; x_wconf 78' lang='grc' dir='ltr'>τοῦ</span> <span class='ocrx_word' id='word_1_396' title='bbox 1236 271 1360 307; x_wconf 84' lang='grc' dir='ltr'>σώματος</span> <span class='ocrx_word' id='word_1_397' title='bbox 1370 270 1569 305; x_wconf 81' lang='grc' dir='ltr'>καθελκομένη,</span> <span class='ocrx_word' id='word_1_398' title='bbox 1582 269 1667 304; x_wconf 76' lang='grc' dir='ltr'>θυμόν</span> <span class='ocrx_word' id='word_1_399' title='bbox 1678 278 1710 296; x_wconf 84' lang='grc' dir='ltr'><strong>τε</strong></span> <span class='ocrx_word' id='word_1_400' title='bbox 1723 269 1774 296; x_wconf 71' lang='grc' dir='ltr'>καὶ</span> <span class='ocrx_word' id='word_1_401' title='bbox 1786 269 1877 303; x_wconf 59' lang='grc' dir='ltr'>ἶνόὃον,</span> 
     </span>
    </p>
   </div>
   <div class='ocr_carea' id='block_1_61' title="bbox 1083 314 1876 352">
    <p class='ocr_par' dir='ltr' id='par_1_61' title="bbox 1083 314 1876 352">
     <span class='ocr_line' id='line_1_61' title="bbox 1083 314 1876 352; baseline -0.006 -9"><span class='ocrx_word' id='word_1_402' title='bbox 1083 316 1170 352; x_wconf 81' lang='grc' dir='ltr'>λύπην</span> <span class='ocrx_word' id='word_1_403' title='bbox 1183 325 1212 342; x_wconf 85' lang='grc' dir='ltr'><strong>τε</strong></span> <span class='ocrx_word' id='word_1_404' title='bbox 1222 316 1269 343; x_wconf 74' lang='grc' dir='ltr'>καὶ</span> <span class='ocrx_word' id='word_1_405' title='bbox 1278 315 1385 351; x_wconf 76' lang='grc' dir='ltr'>ἡδονὴν,</span> <span class='ocrx_word' id='word_1_406' title='bbox 1398 314 1472 341; x_wconf 75' lang='grc' dir='ltr'>ἔλεον</span> <span class='ocrx_word' id='word_1_407' title='bbox 1488 314 1534 341; x_wconf 73' lang='grc' dir='ltr'>καὶ</span> <span class='ocrx_word' id='word_1_408' title='bbox 1551 314 1697 350; x_wconf 80' lang='grc' dir='ltr'>ἀπήνειαν,</span> <span class='ocrx_word' id='word_1_409' title='bbox 1712 314 1814 339; x_wconf 72' lang='grc' dir='ltr'>ἑλπίδι</span> <span class='ocrx_word' id='word_1_410' title='bbox 1831 315 1876 339; x_wconf 68' lang='lat' dir='ltr'><strong>xz‘:</strong></span> 
     </span>
    </p>
   </div>
   <div class='ocr_carea' id='block_1_62' title="bbox 1086 359 1878 398">
    <p class='ocr_par' dir='ltr' id='par_1_62' title="bbox 1086 359 1878 398">
     <span class='ocr_line' id='line_1_62' title="bbox 1086 359 1878 398; baseline -0.005 -9"><span class='ocrx_word' id='word_1_411' title='bbox 1086 363 1204 398; x_wconf 80' lang='grc' dir='ltr'><strong>μνήμην,</strong></span> <span class='ocrx_word' id='word_1_412' title='bbox 1221 362 1319 389; x_wconf 77' lang='grc' dir='ltr'><strong>δειλίαν</strong></span> <span class='ocrx_word' id='word_1_413' title='bbox 1343 361 1389 388; x_wconf 76' lang='grc' dir='ltr'>καὶ</span> <span class='ocrx_word' id='word_1_414' title='bbox 1404 360 1503 396; x_wconf 79' lang='grc' dir='ltr'>θράσος</span> <span class='ocrx_word' id='word_1_415' title='bbox 1513 381 1519 391; x_wconf 86' lang='grc'><strong>,</strong></span> <span class='ocrx_word' id='word_1_416' title='bbox 1534 361 1626 395; x_wconf 74' lang='grc' dir='ltr'>φιλίαν</span> <span class='ocrx_word' id='word_1_417' title='bbox 1649 360 1698 386; x_wconf 81' lang='grc' dir='ltr'>καὶ</span> <span class='ocrx_word' id='word_1_418' title='bbox 1715 361 1798 394; x_wconf 80' lang='grc' dir='ltr'>μῖσος</span> <span class='ocrx_word' id='word_1_419' title='bbox 1810 381 1818 391; x_wconf 88' lang='grc'><strong>,</strong></span> <span class='ocrx_word' id='word_1_420' title='bbox 1833 359 1878 385; x_wconf 69' lang='grc' dir='ltr'><strong>καὶ</strong></span> 
     </span>
    </p>
   </div>
   <div class='ocr_carea' id='block_1_63' title="bbox 1084 406 1880 441">
    <p class='ocr_par' dir='ltr' id='par_1_63' title="bbox 1084 406 1880 441">
     <span class='ocr_line' id='line_1_63' title="bbox 1084 406 1880 441; baseline -0.005 -6"><span class='ocrx_word' id='word_1_421' title='bbox 1084 409 1172 435; x_wconf 82' lang='grc' dir='ltr'>πάντα</span> <span class='ocrx_word' id='word_1_422' title='bbox 1187 408 1221 435; x_wconf 78' lang='grc' dir='ltr'>τὰ</span> <span class='ocrx_word' id='word_1_423' title='bbox 1238 407 1308 434; x_wconf 80' lang='grc' dir='ltr'>κατὰ</span> <span class='ocrx_word' id='word_1_424' title='bbox 1323 408 1352 434; x_wconf 83' lang='grc' dir='ltr'><strong>τδ</strong></span> <span class='ocrx_word' id='word_1_425' title='bbox 1367 408 1485 434; x_wconf 73' lang='grc' dir='ltr'>ἐναντίον</span> <span class='ocrx_word' id='word_1_426' title='bbox 1501 408 1560 438; x_wconf 80' lang='grc' dir='ltr'>’ταῖς</span> <span class='ocrx_word' id='word_1_427' title='bbox 1572 406 1706 441; x_wconf 74' lang='grc' dir='ltr'>δυνάμεσι</span> <span class='ocrx_word' id='word_1_428' title='bbox 1722 406 1776 441; x_wconf 80' lang='grc' dir='ltr'>τῆς</span> <span class='ocrx_word' id='word_1_429' title='bbox 1791 406 1880 440; x_wconf 53' lang='grc' dir='ltr'>ψυχῆς</span> 
     </span>
    </p>
   </div>
   <div class='ocr_carea' id='block_1_64' title="bbox 1084 452 1880 490">
    <p class='ocr_par' dir='ltr' id='par_1_64' title="bbox 1084 452 1880 490">
     <span class='ocr_line' id='line_1_64' title="bbox 1084 452 1880 490; baseline -0.004 -10"><span class='ocrx_word' id='word_1_430' title='bbox 1084 454 1277 490; x_wconf 78' lang='grc' dir='ltr'>ὲνεργούμενας</span> <span class='ocrx_word' id='word_1_431' title='bbox 1293 454 1340 485; x_wconf 83' lang='grc' dir='ltr'><strong>Τίς</strong></span> <span class='ocrx_word' id='word_1_432' title='bbox 1363 455 1417 489; x_wconf 77' lang='grc' dir='ltr'>ἄρα</span> <span class='ocrx_word' id='word_1_433' title='bbox 1429 454 1598 488; x_wconf 71' lang='grc' dir='ltr'><strong>κατανοήσας</strong></span> <span class='ocrx_word' id='word_1_434' title='bbox 1617 453 1668 479; x_wconf 78' lang='grc' dir='ltr'>οὐκ</span> <span class='ocrx_word' id='word_1_435' title='bbox 1680 452 1829 486; x_wconf 75' lang='grc' dir='ltr'>ἐλογίσατο</span> <span class='ocrx_word' id='word_1_436' title='bbox 1845 454 1880 487; x_wconf 68' lang='grc' dir='ltr'>μή</span> 
     </span>
    </p>
   </div>
   <div class='ocr_carea' id='block_1_65' title="bbox 1083 498 1879 535">
    <p class='ocr_par' dir='ltr' id='par_1_65' title="bbox 1083 498 1879 535">
     <span class='ocr_line' id='line_1_65' title="bbox 1083 498 1879 535; baseline -0.004 -9"><span class='ocrx_word' id='word_1_437' title='bbox 1083 509 1145 527; x_wconf 86' lang='grc' dir='ltr'>τινα</span> <span class='ocrx_word' id='word_1_438' title='bbox 1158 500 1244 535; x_wconf 80' lang='grc' dir='ltr'>δῆμον</span> <span class='ocrx_word' id='word_1_439' title='bbox 1259 499 1351 534; x_wconf 69' lang='grc' dir='ltr'>ψυχῶν</span> <span class='ocrx_word' id='word_1_440' title='bbox 1372 501 1400 526; x_wconf 74' lang='grc' dir='ltr'>ἐν</span> <span class='ocrx_word' id='word_1_441' title='bbox 1422 499 1511 534; x_wconf 76' lang='grc' dir='ltr'>ἐαυτῷ</span> <span class='ocrx_word' id='word_1_442' title='bbox 1525 499 1795 534; x_wconf 74' lang='grc' dir='ltr'><strong>συγκεκροτημένων</strong></span> <span class='ocrx_word' id='word_1_443' title='bbox 1807 498 1879 532; x_wconf 58' lang='grc' dir='ltr'>ἔχω,</span> 
     </span>
    </p>
   </div>
   <div class='ocr_carea' id='block_1_66' title="bbox 1085 544 1881 581">
    <p class='ocr_par' dir='ltr' id='par_1_66' title="bbox 1085 544 1881 581">
     <span class='ocr_line' id='line_1_66' title="bbox 1085 544 1881 581; baseline -0.004 -9"><span class='ocrx_word' id='word_1_444' title='bbox 1085 546 1213 580; x_wconf 76' lang='grc' dir='ltr'>πάμπολυ</span> <span class='ocrx_word' id='word_1_445' title='bbox 1237 545 1291 572; x_wconf 86' lang='grc' dir='ltr'>τῶν</span> <span class='ocrx_word' id='word_1_446' title='bbox 1322 546 1472 581; x_wconf 79' lang='grc' dir='ltr'><strong>εἰρημένων</strong></span> <span class='ocrx_word' id='word_1_447' title='bbox 1501 545 1616 572; x_wconf 78' lang='grc' dir='ltr'>ἑκάστου</span> <span class='ocrx_word' id='word_1_448' title='bbox 1642 545 1711 580; x_wconf 76' lang='grc' dir='ltr'>πρὸς</span> <span class='ocrx_word' id='word_1_449' title='bbox 1738 544 1778 570; x_wconf 68' lang='grc' dir='ltr'>τὰ</span> <span class='ocrx_word' id='word_1_450' title='bbox 1800 544 1881 570; x_wconf 69' lang='grc' dir='ltr'>λοιτά</span> 
     </span>
    </p>
   </div>
   <div class='ocr_carea' id='block_1_67' title="bbox 1084 590 1882 627">
    <p class='ocr_par' dir='ltr' id='par_1_67' title="bbox 1084 590 1882 627">
     <span class='ocr_line' id='line_1_67' title="bbox 1084 590 1882 627; baseline -0.003 -9"><span class='ocrx_word' id='word_1_451' title='bbox 1084 592 1272 627; x_wconf 82' lang='grc' dir='ltr'>διαφέροντος;</span> <span class='ocrx_word' id='word_1_452' title='bbox 1287 592 1342 619; x_wconf 80' lang='grc' dir='ltr'><strong>Καὶ</strong></span> <span class='ocrx_word' id='word_1_453' title='bbox 1358 591 1426 619; x_wconf 79' lang='grc' dir='ltr'>καθὸ</span> <span class='ocrx_word' id='word_1_454' title='bbox 1448 591 1480 618; x_wconf 85' lang='grc' dir='ltr'>ἂν</span> <span class='ocrx_word' id='word_1_455' title='bbox 1503 592 1636 626; x_wconf 77' lang='grc' dir='ltr'>ἐπικρατῇ</span> <span class='ocrx_word' id='word_1_456' title='bbox 1652 590 1703 626; x_wconf 79' lang='grc' dir='ltr'><strong>τὴν</strong></span> <span class='ocrx_word' id='word_1_457' title='bbox 1723 591 1801 617; x_wconf 67' lang='grc' dir='ltr'>κατὰ</span> <span class='ocrx_word' id='word_1_458' title='bbox 1816 591 1882 617; x_wconf 69' lang='grc' dir='ltr'>πάν-</span> 
     </span>
    </p>
   </div>
   <div class='ocr_carea' id='block_1_68' title="bbox 1085 637 1882 673">
    <p class='ocr_par' dir='ltr' id='par_1_68' title="bbox 1085 637 1882 673">
     <span class='ocr_line' id='line_1_68' title="bbox 1085 637 1882 673; baseline -0.003 -9"><span class='ocrx_word' id='word_1_459' title='bbox 1085 647 1139 665; x_wconf 83' lang='grc' dir='ltr'><strong>των</strong></span> <span class='ocrx_word' id='word_1_460' title='bbox 1159 638 1265 673; x_wconf 74' lang='grc' dir='ltr'>ἔχοντος</span> <span class='ocrx_word' id='word_1_461' title='bbox 1282 638 1451 670; x_wconf 77' lang='grc' dir='ltr'><strong>δυναστείαν,</strong></span> <span class='ocrx_word' id='word_1_462' title='bbox 1476 637 1512 668; x_wconf 81' lang='grc' dir='ltr'>ὡς</span> <span class='ocrx_word' id='word_1_463' title='bbox 1527 638 1574 663; x_wconf 78' lang='grc' dir='ltr'>καὶ</span> <span class='ocrx_word' id='word_1_464' title='bbox 1587 637 1654 664; x_wconf 78' lang='grc' dir='ltr'>αὐτὸ</span> <span class='ocrx_word' id='word_1_465' title='bbox 1673 637 1704 663; x_wconf 83' lang='grc' dir='ltr'>τὸ</span> <span class='ocrx_word' id='word_1_466' title='bbox 1725 637 1882 670; x_wconf 56' lang='grc' dir='ltr'>λογιστικὴν</span> 
     </span>
    </p>
   </div>
   <div class='ocr_carea' id='block_1_69' title="bbox 1085 676 1884 718">
    <p class='ocr_par' dir='ltr' id='par_1_69' title="bbox 1085 676 1884 718">
     <span class='ocr_line' id='line_1_69' title="bbox 1085 676 1884 718; baseline -0.004 -8"><span class='ocrx_word' id='word_1_467' title='bbox 1085 685 1145 715; x_wconf 84' lang='grc' dir='ltr'>ταῖς</span> <span class='ocrx_word' id='word_1_468' title='bbox 1159 684 1356 718; x_wconf 77' lang='grc' dir='ltr'>ὲπικρατήσεσι</span> <span class='ocrx_word' id='word_1_469' title='bbox 1370 682 1424 709; x_wconf 83' lang='grc' dir='ltr'>τῶν</span> <span class='ocrx_word' id='word_1_470' title='bbox 1449 682 1577 709; x_wconf 80' lang='grc' dir='ltr'><strong>τοιούτων</strong></span> <span class='ocrx_word' id='word_1_471' title='bbox 1599 682 1764 717; x_wconf 75' lang='grc' dir='ltr'><strong>κινημάτων</strong></span> 
     </span>
    </p>
   </div>
   <div class='ocr_carea' id='block_1_70' title="bbox 1087 728 1883 763">
    <p class='ocr_par' dir='ltr' id='par_1_70' title="bbox 1087 728 1883 763">
     <span class='ocr_line' id='line_1_70' title="bbox 1087 728 1883 763; baseline -0.001 -8"><span class='ocrx_word' id='word_1_472' title='bbox 1087 737 1162 755; x_wconf 80' lang='grc' dir='ltr'>πτειν</span> <span class='ocrx_word' id='word_1_473' title='bbox 1179 729 1225 755; x_wconf 76' lang='grc' dir='ltr'>καὶ</span> <span class='ocrx_word' id='word_1_474' title='bbox 1239 728 1437 755; x_wconf 77' lang='grc' dir='ltr'><strong>ὑποτάσσεσθαι</strong></span> <span class='ocrx_word' id='word_1_475' title='bbox 1450 736 1456 743; x_wconf 88' lang='grc'>·</span> <span class='ocrx_word' id='word_1_476' title='bbox 1471 729 1518 754; x_wconf 55' lang='grc' dir='ltr'><strong>καὶ¹</strong></span> <span class='ocrx_word' id='word_1_477' title='bbox 1527 728 1576 763; x_wconf 82' lang='grc' dir='ltr'>τὴν</span> <span class='ocrx_word' id='word_1_478' title='bbox 1591 728 1656 763; x_wconf 73' lang='grc' dir='ltr'>παρ’</span> <span class='ocrx_word' id='word_1_479' title='bbox 1671 728 1775 754; x_wconf 71' lang='grc' dir='ltr'>ἑαυτοῦ</span> <span class='ocrx_word' id='word_1_480' title='bbox 1792 737 1883 762; x_wconf 65' lang='grc' dir='ltr'>συνερ-</span> 
     </span>
    </p>
   </div>
   <div class='ocr_carea' id='block_1_71' title="bbox 1086 771 1885 810">
    <p class='ocr_par' dir='ltr' id='par_1_71' title="bbox 1086 771 1885 810">
     <span class='ocr_line' id='line_1_71' title="bbox 1086 771 1885 810; baseline -0.001 -9"><span class='ocrx_word' id='word_1_481' title='bbox 1086 775 1148 809; x_wconf 85' lang='grc' dir='ltr'>γίαν</span> <span class='ocrx_word' id='word_1_482' title='bbox 1166 774 1234 810; x_wconf 77' lang='grc' dir='ltr'>πρὸς</span> <span class='ocrx_word' id='word_1_483' title='bbox 1245 774 1294 805; x_wconf 76' lang='grc' dir='ltr'>τὰς</span> <span class='ocrx_word' id='word_1_484' title='bbox 1309 773 1434 805; x_wconf 77' lang='grc' dir='ltr'>τοιαύτας</span> <span class='ocrx_word' id='word_1_485' title='bbox 1451 774 1540 809; x_wconf 78' lang='grc' dir='ltr'>ὁρμὰς</span> <span class='ocrx_word' id='word_1_486' title='bbox 1565 771 1619 800; x_wconf 72' lang='grc' dir='ltr'>οἷον</span> <span class='ocrx_word' id='word_1_487' title='bbox 1635 773 1760 809; x_wconf 73' lang='grc' dir='ltr'>δεσπότῃ</span> <span class='ocrx_word' id='word_1_488' title='bbox 1777 775 1832 800; x_wconf 75' lang='grc' dir='ltr'>τινὶ</span> <span class='ocrx_word' id='word_1_489' title='bbox 1846 783 1885 800; x_wconf 69' lang='grc' dir='ltr'>τυ-</span> 
     </span>
    </p>
   </div>
   <div class='ocr_carea' id='block_1_72' title="bbox 1089 817 1885 856">
    <p class='ocr_par' dir='ltr' id='par_1_72' title="bbox 1089 817 1885 856">
     <span class='ocr_line' id='line_1_72' title="bbox 1089 817 1885 856; baseline -0.001 -10"><span class='ocrx_word' id='word_1_490' title='bbox 1089 820 1220 856; x_wconf 80' lang='grc' dir='ltr'>ραννικῶς</span> <span class='ocrx_word' id='word_1_491' title='bbox 1237 819 1440 854; x_wconf 68' lang='grc' dir='ltr'>συνεισφέρεινς</span> <span class='ocrx_word' id='word_1_492' title='bbox 1460 820 1496 846; x_wconf 82' lang='grc' dir='ltr'><strong>Τὸ</strong></span> <span class='ocrx_word' id='word_1_493' title='bbox 1516 817 1562 846; x_wconf 73' lang='grc' dir='ltr'>οὖν</span> <span class='ocrx_word' id='word_1_494' title='bbox 1586 819 1749 854; x_wconf 77' lang='grc' dir='ltr'><strong>πολυμερὲς</strong></span> <span class='ocrx_word' id='word_1_495' title='bbox 1769 820 1822 846; x_wconf 67' lang='grc' dir='ltr'>καὶ</span> <span class='ocrx_word' id='word_1_496' title='bbox 1840 828 1885 845; x_wconf 60' lang='grc' dir='ltr'>πνι-</span> 
     </span>
    </p>
   </div>
   <div class='ocr_carea' id='block_1_73' title="bbox 1091 865 1884 901">
    <p class='ocr_par' dir='ltr' id='par_1_73' title="bbox 1091 865 1884 901">
     <span class='ocr_line' id='line_1_73' title="bbox 1091 865 1884 901; baseline -0.001 -9"><span class='ocrx_word' id='word_1_497' title='bbox 1091 866 1193 898; x_wconf 79' lang='grc' dir='ltr'>λυειδὲς</span> <span class='ocrx_word' id='word_1_498' title='bbox 1211 865 1290 892; x_wconf 78' lang='grc' dir='ltr'>τοῦτο</span> <span class='ocrx_word' id='word_1_499' title='bbox 1306 866 1359 892; x_wconf 84' lang='grc' dir='ltr'>τῶν</span> <span class='ocrx_word' id='word_1_500' title='bbox 1378 865 1448 893; x_wconf 79' lang='grc' dir='ltr'>κατὰ</span> <span class='ocrx_word' id='word_1_501' title='bbox 1465 865 1553 901; x_wconf 70' lang='grc' dir='ltr'>ψυχὴν</span> <span class='ocrx_word' id='word_1_502' title='bbox 1570 867 1736 900; x_wconf 78' lang='grc' dir='ltr'>νοουμένων,</span> <span class='ocrx_word' id='word_1_503' title='bbox 1754 867 1803 898; x_wconf 81' lang='grc' dir='ltr'><strong>τίς</strong></span> <span class='ocrx_word' id='word_1_504' title='bbox 1822 867 1835 891; x_wconf 76' lang='grc' dir='ltr'><strong>ὁ</strong></span> <span class='ocrx_word' id='word_1_505' title='bbox 1850 867 1884 891; x_wconf 69' lang='grc' dir='ltr'>εει-</span> 
     </span>
    </p>
   </div>
   <div class='ocr_carea' id='block_1_74' title="bbox 1091 911 1883 946">
    <p class='ocr_par' dir='ltr' id='par_1_74' title="bbox 1091 911 1883 946">
     <span class='ocr_line' id='line_1_74' title="bbox 1091 911 1883 946; baseline -0.001 -9"><span class='ocrx_word' id='word_1_506' title='bbox 1091 911 1171 943; x_wconf 77' lang='grc' dir='ltr'>δάξας</span> <span class='ocrx_word' id='word_1_507' title='bbox 1194 912 1268 946; x_wconf 76' lang='grc' dir='ltr'>ἡμᾶς</span> <span class='ocrx_word' id='word_1_508' title='bbox 1298 912 1330 938; x_wconf 81' lang='grc' dir='ltr'>ὲκ</span> <span class='ocrx_word' id='word_1_509' title='bbox 1354 911 1404 946; x_wconf 85' lang='grc' dir='ltr'>τῆς</span> <span class='ocrx_word' id='word_1_510' title='bbox 1435 911 1616 938; x_wconf 77' lang='grc' dir='ltr'>θεοπνεύστου</span> <span class='ocrx_word' id='word_1_511' title='bbox 1644 911 1762 946; x_wconf 55' lang='grc' dir='ltr'>Γραφῖκ</span> <span class='ocrx_word' id='word_1_512' title='bbox 1789 911 1883 945; x_wconf 46' lang='lat' dir='ltr'><strong>My“;</strong></span> 
     </span>
    </p>
   </div>
   <div class='ocr_carea' id='block_1_75' title="bbox 1091 956 1885 992">
    <p class='ocr_par' dir='ltr' id='par_1_75' title="bbox 1091 956 1885 992">
     <span class='ocr_line' id='line_1_75' title="bbox 1091 956 1885 992; baseline -0.001 -9"><span class='ocrx_word' id='word_1_513' title='bbox 1091 957 1208 992; x_wconf 80' lang='grc' dir='ltr'>Πότερον</span> <span class='ocrx_word' id='word_1_514' title='bbox 1222 956 1252 983; x_wconf 70' lang='grc' dir='ltr'>ἓν</span> <span class='ocrx_word' id='word_1_515' title='bbox 1264 957 1290 983; x_wconf 89' lang='grc' dir='ltr'><strong>τί</strong></span> <span class='ocrx_word' id='word_1_516' title='bbox 1305 957 1379 983; x_wconf 84' lang='grc' dir='ltr'>ἐστιν</span> <span class='ocrx_word' id='word_1_517' title='bbox 1390 956 1419 989; x_wconf 79' lang='grc' dir='ltr'>ἐξ</span> <span class='ocrx_word' id='word_1_518' title='bbox 1432 957 1558 983; x_wconf 80' lang='grc' dir='ltr'>ἁπάντων</span> <span class='ocrx_word' id='word_1_519' title='bbox 1568 957 1803 992; x_wconf 71' lang='grc' dir='ltr'>συγκεκραμένον</span> <span class='ocrx_word' id='word_1_520' title='bbox 1816 966 1824 990; x_wconf 88' lang='lat'><strong>;</strong></span> <span class='ocrx_word' id='word_1_521' title='bbox 1835 958 1885 984; x_wconf 61' lang='grc' dir='ltr'>Καὶ</span> 
     </span>
    </p>
   </div>
   <div class='ocr_carea' id='block_1_76' title="bbox 1090 1001 1884 1037">
    <p class='ocr_par' dir='ltr' id='par_1_76' title="bbox 1090 1001 1884 1037">
     <span class='ocr_line' id='line_1_76' title="bbox 1090 1001 1884 1037; baseline 0 -9"><span class='ocrx_word' id='word_1_522' title='bbox 1090 1002 1132 1033; x_wconf 82' lang='grc' dir='ltr'>τις</span> <span class='ocrx_word' id='word_1_523' title='bbox 1143 1003 1159 1036; x_wconf 84' lang='grc' dir='ltr'>ἡ</span> <span class='ocrx_word' id='word_1_524' title='bbox 1170 1001 1224 1028; x_wconf 84' lang='grc' dir='ltr'><strong>τῶν</strong></span> <span class='ocrx_word' id='word_1_525' title='bbox 1237 1001 1365 1028; x_wconf 76' lang='grc' dir='ltr'>ἐναντίων</span> <span class='ocrx_word' id='word_1_526' title='bbox 1376 1001 1444 1036; x_wconf 78' lang='grc' dir='ltr'>πρὸς</span> <span class='ocrx_word' id='word_1_527' title='bbox 1454 1001 1554 1036; x_wconf 74' lang='grc' dir='ltr'>ἄλληλα</span> <span class='ocrx_word' id='word_1_528' title='bbox 1566 1002 1663 1037; x_wconf 68' lang='grc' dir='ltr'>κρᾶσις</span> <span class='ocrx_word' id='word_1_529' title='bbox 1671 1003 1722 1028; x_wconf 71' lang='grc' dir='ltr'>καὶ</span> <span class='ocrx_word' id='word_1_530' title='bbox 1735 1002 1884 1037; x_wconf 64' lang='grc' dir='ltr'>σύμπνοια,</span> 
     </span>
    </p>
   </div>
   <div class='ocr_carea' id='block_1_77' title="bbox 1090 1047 1885 1083">
    <p class='ocr_par' dir='ltr' id='par_1_77' title="bbox 1090 1047 1885 1083">
     <span class='ocr_line' id='line_1_77' title="bbox 1090 1047 1885 1083; baseline 0.001 -9"><span class='ocrx_word' id='word_1_531' title='bbox 1090 1047 1128 1079; x_wconf 82' lang='grc' dir='ltr'>ὡς</span> <span class='ocrx_word' id='word_1_532' title='bbox 1154 1047 1182 1074; x_wconf 78' lang='grc' dir='ltr'>ἓν</span> <span class='ocrx_word' id='word_1_533' title='bbox 1202 1048 1317 1083; x_wconf 79' lang='grc' dir='ltr'>πρᾶγμα</span> <span class='ocrx_word' id='word_1_534' title='bbox 1339 1047 1374 1074; x_wconf 82' lang='grc' dir='ltr'><strong>τὰ</strong></span> <span class='ocrx_word' id='word_1_535' title='bbox 1395 1047 1479 1074; x_wconf 77' lang='grc' dir='ltr'>πολλὰ</span> <span class='ocrx_word' id='word_1_536' title='bbox 1500 1047 1648 1081; x_wconf 76' lang='grc' dir='ltr'>γενέσθαι;</span> <span class='ocrx_word' id='word_1_537' title='bbox 1678 1048 1753 1074; x_wconf 76' lang='grc' dir='ltr'>Ἀλλ’</span> <span class='ocrx_word' id='word_1_538' title='bbox 1772 1048 1885 1075; x_wconf 71' lang='grc' dir='ltr'>ἕκαστον</span> 
     </span>
    </p>
   </div>
   <div class='ocr_carea' id='block_1_78' title="bbox 1090 1090 1888 1129">
    <p class='ocr_par' dir='ltr' id='par_1_78' title="bbox 1090 1090 1888 1129">
     <span class='ocr_line' id='line_1_78' title="bbox 1090 1090 1888 1129; baseline 0.001 -10"><span class='ocrx_word' id='word_1_539' title='bbox 1090 1093 1193 1119; x_wconf 68' lang='grc' dir='ltr'>τούτων</span> <span class='ocrx_word' id='word_1_540' title='bbox 1212 1093 1270 1120; x_wconf 79' lang='grc' dir='ltr'>κατ’</span> <span class='ocrx_word' id='word_1_541' title='bbox 1287 1093 1355 1120; x_wconf 84' lang='grc' dir='ltr'>ἰδίαν</span> <span class='ocrx_word' id='word_1_542' title='bbox 1370 1093 1513 1128; x_wconf 75' lang='grc' dir='ltr'>νοούμενον</span> <span class='ocrx_word' id='word_1_543' title='bbox 1529 1090 1586 1120; x_wconf 77' lang='grc' dir='ltr'>οἷον</span> <span class='ocrx_word' id='word_1_544' title='bbox 1605 1094 1635 1120; x_wconf 81' lang='grc' dir='ltr'>ὲν</span> <span class='ocrx_word' id='word_1_545' title='bbox 1657 1093 1821 1129; x_wconf 77' lang='grc' dir='ltr'>πολυχὼρῳ</span> <span class='ocrx_word' id='word_1_546' title='bbox 1838 1096 1888 1120; x_wconf 66' lang='grc' dir='ltr'>τινὶ</span> 
     </span>
    </p>
   </div>
   <div class='ocr_carea' id='block_1_79' title="bbox 1091 1136 1885 1173">
    <p class='ocr_par' dir='ltr' id='par_1_79' title="bbox 1091 1136 1885 1173">
     <span class='ocr_line' id='line_1_79' title="bbox 1091 1136 1885 1173; baseline 0.003 -9"><span class='ocrx_word' id='word_1_547' title='bbox 1091 1137 1195 1173; x_wconf 76' lang='grc' dir='ltr'>ἀγγείῳ</span> <span class='ocrx_word' id='word_1_548' title='bbox 1217 1139 1250 1173; x_wconf 85' lang='grc' dir='ltr'>τῇ</span> <span class='ocrx_word' id='word_1_549' title='bbox 1268 1138 1340 1173; x_wconf 72' lang='grc' dir='ltr'>ψυχῇ</span> <span class='ocrx_word' id='word_1_550' title='bbox 1361 1138 1607 1171; x_wconf 75' lang='grc' dir='ltr'>κατακέχλεισταις</span> <span class='ocrx_word' id='word_1_551' title='bbox 1626 1136 1683 1165; x_wconf 72' lang='grc' dir='ltr'>Καῖ</span> <span class='ocrx_word' id='word_1_552' title='bbox 1698 1139 1761 1171; x_wconf 59' lang='lat' dir='ltr'><strong>sub;</strong></span> <span class='ocrx_word' id='word_1_553' title='bbox 1777 1141 1831 1166; x_wconf 77' lang='grc' dir='ltr'>οὐκ</span> <span class='ocrx_word' id='word_1_554' title='bbox 1848 1141 1885 1166; x_wconf 70' lang='grc' dir='ltr'><strong>ἀεὶ</strong></span> 
     </span>
    </p>
   </div>
   <div class='ocr_carea' id='block_1_80' title="bbox 1092 1183 1888 1220">
    <p class='ocr_par' dir='ltr' id='par_1_80' title="bbox 1092 1183 1888 1220">
     <span class='ocr_line' id='line_1_80' title="bbox 1092 1183 1888 1220; baseline 0.004 -12"><span class='ocrx_word' id='word_1_555' title='bbox 1092 1183 1200 1209; x_wconf 74' lang='grc' dir='ltr'>πάντων</span> <span class='ocrx_word' id='word_1_556' title='bbox 1222 1183 1258 1214; x_wconf 83' lang='grc' dir='ltr'>ὡς</span> <span class='ocrx_word' id='word_1_557' title='bbox 1283 1183 1449 1218; x_wconf 72' lang='grc' dir='ltr'>ἐγκειμένων</span> <span class='ocrx_word' id='word_1_558' title='bbox 1468 1183 1517 1219; x_wconf 86' lang='grc' dir='ltr'>τὴν</span> <span class='ocrx_word' id='word_1_559' title='bbox 1539 1184 1664 1219; x_wconf 74' lang='grc' dir='ltr'>αἴσθησιν</span> <span class='ocrx_word' id='word_1_560' title='bbox 1684 1184 1804 1219; x_wconf 77' lang='grc' dir='ltr'>ἔχομεν,</span> <span class='ocrx_word' id='word_1_561' title='bbox 1828 1185 1888 1220; x_wconf 61' lang='grc' dir='ltr'>θαρ-</span> 
     </span>
    </p>
   </div>
   <div class='ocr_carea' id='block_1_81' title="bbox 1093 1228 1884 1265">
    <p class='ocr_par' dir='ltr' id='par_1_81' title="bbox 1093 1228 1884 1265">
     <span class='ocr_line' id='line_1_81' title="bbox 1093 1228 1884 1265; baseline 0.004 -11"><span class='ocrx_word' id='word_1_562' title='bbox 1093 1228 1203 1263; x_wconf 79' lang='grc' dir='ltr'>ῥοῦντες</span> <span class='ocrx_word' id='word_1_563' title='bbox 1225 1228 1283 1263; x_wconf 81' lang='grc' dir='ltr'>ἆμα</span> <span class='ocrx_word' id='word_1_564' title='bbox 1300 1229 1346 1255; x_wconf 78' lang='grc' dir='ltr'>καὶ</span> <span class='ocrx_word' id='word_1_565' title='bbox 1367 1228 1572 1265; x_wconf 81' lang='grc' dir='ltr'>δειλαινόμενοι,</span> <span class='ocrx_word' id='word_1_566' title='bbox 1597 1229 1744 1265; x_wconf 73' lang='grc' dir='ltr'>μισοῦντές</span> <span class='ocrx_word' id='word_1_567' title='bbox 1770 1239 1803 1256; x_wconf 83' lang='grc' dir='ltr'><strong>τε</strong></span> <span class='ocrx_word' id='word_1_568' title='bbox 1827 1231 1884 1257; x_wconf 70' lang='lat' dir='ltr'><strong>xr.‘</strong></span> 
     </span>
    </p>
   </div>
   <div class='ocr_carea' id='block_1_82' title="bbox 1092 1274 1888 1311">
    <p class='ocr_par' dir='ltr' id='par_1_82' title="bbox 1092 1274 1888 1311">
     <span class='ocr_line' id='line_1_82' title="bbox 1092 1274 1888 1311; baseline 0.005 -11"><span class='ocrx_word' id='word_1_569' title='bbox 1092 1274 1174 1300; x_wconf 77' lang='grc' dir='ltr'>αὑτὸν</span> <span class='ocrx_word' id='word_1_570' title='bbox 1191 1275 1238 1301; x_wconf 76' lang='grc' dir='ltr'>καὶ</span> <span class='ocrx_word' id='word_1_571' title='bbox 1261 1275 1396 1310; x_wconf 75' lang='grc' dir='ltr'>ἡδόμενοι,</span> <span class='ocrx_word' id='word_1_572' title='bbox 1415 1276 1462 1302; x_wconf 75' lang='grc' dir='ltr'><strong>καὶ</strong></span> <span class='ocrx_word' id='word_1_573' title='bbox 1479 1276 1533 1302; x_wconf 83' lang='grc' dir='ltr'><strong>τῶν</strong></span> <span class='ocrx_word' id='word_1_574' title='bbox 1556 1275 1643 1303; x_wconf 78' lang='grc' dir='ltr'>ἄλλων</span> <span class='ocrx_word' id='word_1_575' title='bbox 1659 1276 1776 1303; x_wconf 75' lang='grc' dir='ltr'>πάντων</span> <span class='ocrx_word' id='word_1_576' title='bbox 1793 1286 1888 1311; x_wconf 76' lang='grc' dir='ltr'>συγκε-</span> 
     </span>
    </p>
   </div>
   <div class='ocr_carea' id='block_1_83' title="bbox 1092 1320 1889 1357">
    <p class='ocr_par' dir='ltr' id='par_1_83' title="bbox 1092 1320 1889 1357">
     <span class='ocr_line' id='line_1_83' title="bbox 1092 1320 1889 1357; baseline 0.005 -12"><span class='ocrx_word' id='word_1_577' title='bbox 1092 1320 1212 1355; x_wconf 81' lang='grc' dir='ltr'>χυμένην</span> <span class='ocrx_word' id='word_1_578' title='bbox 1227 1321 1274 1347; x_wconf 78' lang='grc' dir='ltr'>καὶ</span> <span class='ocrx_word' id='word_1_579' title='bbox 1287 1321 1515 1356; x_wconf 76' lang='grc' dir='ltr'>ἀναμεμιγμένην</span> <span class='ocrx_word' id='word_1_580' title='bbox 1530 1320 1601 1348; x_wconf 81' lang='grc' dir='ltr'>ἔνδον</span> <span class='ocrx_word' id='word_1_581' title='bbox 1618 1321 1668 1357; x_wconf 80' lang='grc' dir='ltr'>τὴν</span> <span class='ocrx_word' id='word_1_582' title='bbox 1682 1322 1801 1357; x_wconf 73' lang='grc' dir='ltr'>κίνησιν</span> <span class='ocrx_word' id='word_1_583' title='bbox 1818 1323 1889 1357; x_wconf 73' lang='grc' dir='ltr'>ξιον-</span> 
     </span>
    </p>
   </div>
   <div class='ocr_carea' id='block_1_84' title="bbox 1092 1365 1886 1402">
    <p class='ocr_par' dir='ltr' id='par_1_84' title="bbox 1092 1365 1886 1402">
     <span class='ocr_line' id='line_1_84' title="bbox 1092 1365 1886 1402; baseline 0.003 -10"><span class='ocrx_word' id='word_1_584' title='bbox 1092 1373 1137 1397; x_wconf 84' lang='grc' dir='ltr'><strong>τες</strong></span> <span class='ocrx_word' id='word_1_585' title='bbox 1151 1372 1158 1379; x_wconf 90' lang='grc'><strong>·</strong></span> <span class='ocrx_word' id='word_1_586' title='bbox 1175 1365 1232 1392; x_wconf 81' lang='grc' dir='ltr'>ἀλλ’</span> <span class='ocrx_word' id='word_1_587' title='bbox 1250 1365 1302 1393; x_wconf 80' lang='grc' dir='ltr'>ἀνὰ</span> <span class='ocrx_word' id='word_1_588' title='bbox 1329 1365 1411 1402; x_wconf 84' lang='grc' dir='ltr'>μέρος</span> <span class='ocrx_word' id='word_1_589' title='bbox 1436 1366 1524 1394; x_wconf 83' lang='grc' dir='ltr'>αὐτῶν</span> <span class='ocrx_word' id='word_1_590' title='bbox 1543 1366 1592 1402; x_wconf 83' lang='grc' dir='ltr'>τὴν</span> <span class='ocrx_word' id='word_1_591' title='bbox 1608 1367 1778 1394; x_wconf 80' lang='grc' dir='ltr'>δυναστείαν</span> <span class='ocrx_word' id='word_1_592' title='bbox 1800 1370 1886 1402; x_wconf 52' lang='lat' dir='ltr'><strong>Emta—</strong></span> 
     </span>
    </p>
   </div>
   <div class='ocr_carea' id='block_1_85' title="bbox 1093 1410 1887 1449">
    <p class='ocr_par' dir='ltr' id='par_1_85' title="bbox 1093 1410 1887 1449">
     <span class='ocr_line' id='line_1_85' title="bbox 1093 1410 1887 1449; baseline 0.004 -11"><span class='ocrx_word' id='word_1_593' title='bbox 1093 1410 1244 1447; x_wconf 80' lang='grc' dir='ltr'>νώσκομεν,</span> <span class='ocrx_word' id='word_1_594' title='bbox 1259 1412 1322 1440; x_wconf 83' lang='grc' dir='ltr'>ὅταν</span> <span class='ocrx_word' id='word_1_595' title='bbox 1339 1413 1513 1448; x_wconf 72' lang='grc' dir='ltr'>ἐπικρατήσῃ</span> <span class='ocrx_word' id='word_1_596' title='bbox 1534 1421 1560 1440; x_wconf 88' lang='grc' dir='ltr'><strong>τι</strong></span> <span class='ocrx_word' id='word_1_597' title='bbox 1573 1413 1675 1440; x_wconf 83' lang='grc' dir='ltr'>τούτων</span> <span class='ocrx_word' id='word_1_598' title='bbox 1691 1414 1887 1449; x_wconf 65' lang='grc' dir='ltr'>ἡσυχαζόντων</span> 
     </span>
    </p>
   </div>
   <div class='ocr_carea' id='block_1_86' title="bbox 1092 1457 1887 1495">
    <p class='ocr_par' dir='ltr' id='par_1_86' title="bbox 1092 1457 1887 1495">
     <span class='ocr_line' id='line_1_86' title="bbox 1092 1457 1887 1495; baseline 0.004 -11"><span class='ocrx_word' id='word_1_599' title='bbox 1092 1457 1146 1484; x_wconf 80' lang='grc' dir='ltr'>τῶν</span> <span class='ocrx_word' id='word_1_600' title='bbox 1156 1457 1256 1492; x_wconf 81' lang='grc' dir='ltr'>ἄλλων;</span> <span class='ocrx_word' id='word_1_601' title='bbox 1281 1458 1326 1489; x_wconf 85' lang='grc' dir='ltr'>Τίς</span> <span class='ocrx_word' id='word_1_602' title='bbox 1342 1458 1370 1484; x_wconf 82' lang='grc' dir='ltr'>δὲ</span> <span class='ocrx_word' id='word_1_603' title='bbox 1385 1459 1453 1490; x_wconf 78' lang='grc' dir='ltr'>ὅλως</span> <span class='ocrx_word' id='word_1_604' title='bbox 1468 1460 1515 1486; x_wconf 72' lang='grc' dir='ltr'>καὶ</span> <span class='ocrx_word' id='word_1_605' title='bbox 1531 1459 1547 1494; x_wconf 88' lang='grc' dir='ltr'>ἡ</span> <span class='ocrx_word' id='word_1_606' title='bbox 1565 1458 1689 1491; x_wconf 80' lang='grc' dir='ltr'>σύνθεσις</span> <span class='ocrx_word' id='word_1_607' title='bbox 1706 1461 1755 1486; x_wconf 77' lang='grc' dir='ltr'>καὶ</span> <span class='ocrx_word' id='word_1_608' title='bbox 1771 1461 1790 1495; x_wconf 81' lang='grc' dir='ltr'><strong>ἠ</strong></span> <span class='ocrx_word' id='word_1_609' title='bbox 1802 1461 1887 1487; x_wconf 66' lang='grc' dir='ltr'>διάθε-</span> 
     </span>
    </p>
   </div>
   <div class='ocr_carea' id='block_1_87' title="bbox 1056 1503 1888 1544">
    <p class='ocr_par' dir='ltr' id='par_1_87' title="bbox 1056 1503 1888 1544">
     <span class='ocr_line' id='line_1_87' title="bbox 1056 1503 1888 1544; baseline 0.004 -15"><span class='ocrx_word' id='word_1_610' title='bbox 1056 1515 1077 1544; x_wconf 78' lang='lat' dir='ltr'><strong>C</strong></span> <span class='ocrx_word' id='word_1_611' title='bbox 1095 1512 1136 1534; x_wconf 87' lang='grc' dir='ltr'><strong>σις</strong></span> <span class='ocrx_word' id='word_1_612' title='bbox 1150 1503 1218 1538; x_wconf 73' lang='grc' dir='ltr'>αὕτη</span> <span class='ocrx_word' id='word_1_613' title='bbox 1229 1523 1237 1535; x_wconf 88' lang='grc'><strong>,</strong></span> <span class='ocrx_word' id='word_1_614' title='bbox 1259 1504 1304 1530; x_wconf 74' lang='grc' dir='ltr'><strong>καὶ</strong></span> <span class='ocrx_word' id='word_1_615' title='bbox 1327 1504 1473 1536; x_wconf 81' lang='grc' dir='ltr'>πολύκενος</span> <span class='ocrx_word' id='word_1_616' title='bbox 1488 1505 1516 1530; x_wconf 77' lang='grc' dir='ltr'>ὲν</span> <span class='ocrx_word' id='word_1_617' title='bbox 1531 1506 1598 1540; x_wconf 84' lang='grc' dir='ltr'>ἡμῖν</span> <span class='ocrx_word' id='word_1_618' title='bbox 1619 1505 1785 1541; x_wconf 71' lang='grc' dir='ltr'>εὐρυχωρία</span> <span class='ocrx_word' id='word_1_619' title='bbox 1799 1526 1807 1537; x_wconf 86' lang='grc'><strong>,</strong></span> <span class='ocrx_word' id='word_1_620' title='bbox 1825 1507 1888 1533; x_wconf 69' lang='grc' dir='ltr'>ὥστε</span> 
     </span>
    </p>
   </div>
   <div class='ocr_carea' id='block_1_88' title="bbox 1094 1549 1888 1586">
    <p class='ocr_par' dir='ltr' id='par_1_88' title="bbox 1094 1549 1888 1586">
     <span class='ocr_line' id='line_1_88' title="bbox 1094 1549 1888 1586; baseline 0.004 -11"><span class='ocrx_word' id='word_1_621' title='bbox 1094 1549 1201 1584; x_wconf 71' lang='grc' dir='ltr'>ἑκάστῳ</span> <span class='ocrx_word' id='word_1_622' title='bbox 1216 1550 1264 1584; x_wconf 84' lang='grc' dir='ltr'>τὴν</span> <span class='ocrx_word' id='word_1_623' title='bbox 1279 1550 1344 1576; x_wconf 74' lang='grc' dir='ltr'>ἰδίαν</span> <span class='ocrx_word' id='word_1_624' title='bbox 1361 1549 1453 1586; x_wconf 76' lang='grc' dir='ltr'>χώραν</span> <span class='ocrx_word' id='word_1_625' title='bbox 1470 1550 1667 1585; x_wconf 80' lang='grc' dir='ltr'>ἁποταχθῆναι,</span> <span class='ocrx_word' id='word_1_626' title='bbox 1683 1549 1743 1577; x_wconf 78' lang='grc' dir='ltr'>οἷόν</span> <span class='ocrx_word' id='word_1_627' title='bbox 1765 1560 1825 1578; x_wconf 75' lang='grc' dir='ltr'>τισι</span> 
     </span>
    </p>
   </div>
   <div class='ocr_carea' id='block_1_89' title="bbox 1097 1594 1890 1632">
    <p class='ocr_par' dir='ltr' id='par_1_89' title="bbox 1097 1594 1890 1632">
     <span class='ocr_line' id='line_1_89' title="bbox 1097 1594 1890 1632; baseline 0.001 -12"><span class='ocrx_word' id='word_1_628' title='bbox 1097 1602 1151 1626; x_wconf 74' lang='grc' dir='ltr'>σοις</span> <span class='ocrx_word' id='word_1_629' title='bbox 1163 1595 1209 1621; x_wconf 80' lang='grc' dir='ltr'>καὶ</span> <span class='ocrx_word' id='word_1_630' title='bbox 1223 1594 1425 1630; x_wconf 80' lang='grc' dir='ltr'>διατειχίσμασι</span> <span class='ocrx_word' id='word_1_631' title='bbox 1436 1595 1598 1631; x_wconf 80' lang='grc' dir='ltr'>κωλυομένῳ</span> <span class='ocrx_word' id='word_1_632' title='bbox 1609 1596 1680 1631; x_wconf 83' lang='grc' dir='ltr'>πρὸς</span> <span class='ocrx_word' id='word_1_633' title='bbox 1687 1596 1740 1632; x_wconf 81' lang='grc' dir='ltr'>τὴν</span> <span class='ocrx_word' id='word_1_634' title='bbox 1749 1597 1890 1632; x_wconf 65' lang='grc' dir='ltr'>ἐπιμιξᾷτιν</span> 
     </span>
    </p>
   </div>
   <div class='ocr_carea' id='block_1_90' title="bbox 1094 1633 1890 1676">
    <p class='ocr_par' dir='ltr' id='par_1_90' title="bbox 1094 1633 1890 1676">
     <span class='ocr_line' id='line_1_90' title="bbox 1094 1633 1890 1676; baseline 0.004 -10"><span class='ocrx_word' id='word_1_635' title='bbox 1094 1640 1140 1666; x_wconf 76' lang='grc' dir='ltr'>τοῦ</span> <span class='ocrx_word' id='word_1_636' title='bbox 1157 1639 1276 1674; x_wconf 82' lang='grc' dir='ltr'>γείτονος</span> <span class='ocrx_word' id='word_1_637' title='bbox 1289 1649 1296 1673; x_wconf 83' lang='grc'>;</span> <span class='ocrx_word' id='word_1_638' title='bbox 1311 1633 1382 1667; x_wconf 60' lang='grc' dir='ltr'>Αὺτὶ</span> <span class='ocrx_word' id='word_1_639' title='bbox 1395 1641 1424 1667; x_wconf 78' lang='grc' dir='ltr'>δὲ</span> <span class='ocrx_word' id='word_1_640' title='bbox 1439 1640 1527 1673; x_wconf 77' lang='grc' dir='ltr'>τοῦτο,</span> <span class='ocrx_word' id='word_1_641' title='bbox 1542 1642 1566 1668; x_wconf 79' lang='grc' dir='ltr'><strong>εί</strong></span> <span class='ocrx_word' id='word_1_642' title='bbox 1583 1642 1642 1668; x_wconf 82' lang='grc' dir='ltr'>κατ’</span> <span class='ocrx_word' id='word_1_643' title='bbox 1660 1641 1761 1669; x_wconf 71' lang='grc' dir='ltr'>οὖσίαν</span> <span class='ocrx_word' id='word_1_644' title='bbox 1776 1643 1890 1676; x_wconf 60' lang='grc' dir='ltr'>ὑφεστε-</span> 
     </span>
    </p>
   </div>
   <div class='ocr_carea' id='block_1_91' title="bbox 1095 1685 1891 1724">
    <p class='ocr_par' dir='ltr' id='par_1_91' title="bbox 1095 1685 1891 1724">
     <span class='ocr_line' id='line_1_91' title="bbox 1095 1685 1891 1724; baseline 0.004 -13"><span class='ocrx_word' id='word_1_645' title='bbox 1095 1693 1141 1711; x_wconf 83' lang='grc' dir='ltr'><strong>κεν</strong></span> <span class='ocrx_word' id='word_1_646' title='bbox 1154 1686 1168 1711; x_wconf 86' lang='grc' dir='ltr'>ὁ</span> <span class='ocrx_word' id='word_1_647' title='bbox 1189 1685 1289 1720; x_wconf 77' lang='grc' dir='ltr'>θυμὸς,</span> <span class='ocrx_word' id='word_1_648' title='bbox 1304 1685 1320 1721; x_wconf 79' lang='grc' dir='ltr'>ἢ</span> <span class='ocrx_word' id='word_1_649' title='bbox 1333 1687 1346 1711; x_wconf 83' lang='grc' dir='ltr'>ὁ</span> <span class='ocrx_word' id='word_1_650' title='bbox 1359 1686 1449 1720; x_wconf 74' lang='grc' dir='ltr'>φόϐος,</span> <span class='ocrx_word' id='word_1_651' title='bbox 1463 1687 1480 1722; x_wconf 82' lang='grc' dir='ltr'>ἢ</span> <span class='ocrx_word' id='word_1_652' title='bbox 1500 1687 1547 1714; x_wconf 63' lang='grc' dir='ltr'>καὶ</span> <span class='ocrx_word' id='word_1_653' title='bbox 1563 1687 1595 1714; x_wconf 76' lang='grc' dir='ltr'><strong>τὰ</strong></span> <span class='ocrx_word' id='word_1_654' title='bbox 1608 1687 1690 1714; x_wconf 67' lang='grc' dir='ltr'>λοιπὰ</span> <span class='ocrx_word' id='word_1_655' title='bbox 1708 1688 1768 1714; x_wconf 80' lang='grc' dir='ltr'><strong>τῶν</strong></span> <span class='ocrx_word' id='word_1_656' title='bbox 1786 1689 1891 1724; x_wconf 67' lang='grc' dir='ltr'>εἰρημέ-</span> 
     </span>
    </p>
   </div>
   <div class='ocr_carea' id='block_1_92' title="bbox 1095 1731 1889 1768">
    <p class='ocr_par' dir='ltr' id='par_1_92' title="bbox 1095 1731 1889 1768">
     <span class='ocr_line' id='line_1_92' title="bbox 1095 1731 1889 1768; baseline 0.004 -12"><span class='ocrx_word' id='word_1_657' title='bbox 1095 1739 1157 1763; x_wconf 82' lang='grc' dir='ltr'>νων,</span> <span class='ocrx_word' id='word_1_658' title='bbox 1174 1731 1191 1766; x_wconf 75' lang='grc' dir='ltr'>ἦ</span> <span class='ocrx_word' id='word_1_659' title='bbox 1206 1739 1277 1762; x_wconf 83' lang='grc' dir='ltr'>τινες</span> <span class='ocrx_word' id='word_1_660' title='bbox 1297 1732 1477 1758; x_wconf 81' lang='grc' dir='ltr'>ἀνυπόστατοι</span> <span class='ocrx_word' id='word_1_661' title='bbox 1490 1734 1608 1767; x_wconf 78' lang='grc' dir='ltr'>κινήσεις</span> <span class='ocrx_word' id='word_1_662' title='bbox 1621 1734 1794 1768; x_wconf 67' lang='grc' dir='ltr'>τυγχάνωσι</span> <span class='ocrx_word' id='word_1_663' title='bbox 1804 1756 1812 1768; x_wconf 86' lang='grc'><strong>,</strong></span> <span class='ocrx_word' id='word_1_664' title='bbox 1828 1735 1867 1766; x_wconf 76' lang='grc' dir='ltr'>τις</span> <span class='ocrx_word' id='word_1_665' title='bbox 1879 1734 1889 1759; x_wconf 69' lang='grc' dir='ltr'>ξι</span> 
     </span>
    </p>
   </div>
   <div class='ocr_carea' id='block_1_93' title="bbox 1094 1775 1888 1814">
    <p class='ocr_par' dir='ltr' id='par_1_93' title="bbox 1094 1775 1888 1814">
     <span class='ocr_line' id='line_1_93' title="bbox 1094 1775 1888 1814; baseline 0.003 -11"><span class='ocrx_word' id='word_1_666' title='bbox 1094 1775 1290 1811; x_wconf 81' lang='grc' dir='ltr'>διερμηνεύσας</span> <span class='ocrx_word' id='word_1_667' title='bbox 1313 1776 1407 1811; x_wconf 71' lang='grc' dir='ltr'>λόγος;</span> <span class='ocrx_word' id='word_1_668' title='bbox 1426 1777 1457 1803; x_wconf 84' lang='grc' dir='ltr'>Εἰ</span> <span class='ocrx_word' id='word_1_669' title='bbox 1480 1777 1529 1812; x_wconf 79' lang='grc' dir='ltr'>μὲν</span> <span class='ocrx_word' id='word_1_670' title='bbox 1548 1778 1601 1813; x_wconf 80' lang='grc' dir='ltr'>γὰρ</span> <span class='ocrx_word' id='word_1_671' title='bbox 1628 1779 1838 1814; x_wconf 70' lang='grc' dir='ltr'>ὑφεστήκασεν,</span> <span class='ocrx_word' id='word_1_672' title='bbox 1863 1779 1888 1805; x_wconf 64' lang='grc' dir='ltr'>οὐ</span> 
     </span>
    </p>
   </div>
   <div class='ocr_carea' id='block_1_94' title="bbox 1097 1818 1889 1858">
    <p class='ocr_par' dir='ltr' id='par_1_94' title="bbox 1097 1818 1889 1858">
     <span class='ocr_line' id='line_1_94' title="bbox 1097 1818 1889 1858; baseline 0.009 -14"><span class='ocrx_word' id='word_1_673' title='bbox 1097 1818 1145 1853; x_wconf 85' lang='grc' dir='ltr'><strong>μία</strong></span> <span class='ocrx_word' id='word_1_674' title='bbox 1173 1819 1263 1855; x_wconf 76' lang='grc' dir='ltr'>ψυχὴ,</span> <span class='ocrx_word' id='word_1_675' title='bbox 1290 1820 1381 1852; x_wconf 78' lang='grc' dir='ltr'>καθὼς</span> <span class='ocrx_word' id='word_1_676' title='bbox 1412 1820 1540 1856; x_wconf 68' lang='grc' dir='ltr'>εἴρηται,</span> <span class='ocrx_word' id='word_1_677' title='bbox 1563 1821 1631 1848; x_wconf 81' lang='grc' dir='ltr'><strong>ἁλλά</strong></span> <span class='ocrx_word' id='word_1_678' title='bbox 1654 1830 1682 1848; x_wconf 82' lang='grc' dir='ltr'><strong>τι</strong></span> <span class='ocrx_word' id='word_1_679' title='bbox 1710 1825 1889 1858; x_wconf 70' lang='grc' dir='ltr'>συγκρότημέι</span> 
     </span>
    </p>
   </div>
   <div class='ocr_carea' id='block_1_95' title="bbox 1095 1863 1889 1902">
    <p class='ocr_par' dir='ltr' id='par_1_95' title="bbox 1095 1863 1889 1902">
     <span class='ocr_line' id='line_1_95' title="bbox 1095 1863 1889 1902; baseline 0.004 -11"><span class='ocrx_word' id='word_1_680' title='bbox 1095 1863 1187 1900; x_wconf 77' lang='grc' dir='ltr'>ψυχῶν</span> <span class='ocrx_word' id='word_1_681' title='bbox 1205 1866 1233 1892; x_wconf 82' lang='grc' dir='ltr'>ἐν</span> <span class='ocrx_word' id='word_1_682' title='bbox 1255 1867 1319 1900; x_wconf 79' lang='grc' dir='ltr'>ἡμῖν</span> <span class='ocrx_word' id='word_1_683' title='bbox 1342 1866 1551 1902; x_wconf 65' lang='grc' dir='ltr'>περιείληπται,</span> <span class='ocrx_word' id='word_1_684' title='bbox 1577 1867 1695 1893; x_wconf 72' lang='grc' dir='ltr'>ἑκάστου</span> <span class='ocrx_word' id='word_1_685' title='bbox 1724 1868 1832 1894; x_wconf 73' lang='grc' dir='ltr'>τούτων</span> <span class='ocrx_word' id='word_1_686' title='bbox 1856 1870 1889 1898; x_wconf 70' lang='grc' dir='ltr'>εἰς</span> 
     </span>
    </p>
   </div>
   <div class='ocr_carea' id='block_1_96' title="bbox 1097 1910 1891 1948">
    <p class='ocr_par' dir='ltr' id='par_1_96' title="bbox 1097 1910 1891 1948">
     <span class='ocr_line' id='line_1_96' title="bbox 1097 1910 1891 1948; baseline 0.003 -12"><span class='ocrx_word' id='word_1_687' title='bbox 1097 1910 1247 1942; x_wconf 71' lang='grc' dir='ltr'>ἰδιάζουσαν</span> <span class='ocrx_word' id='word_1_688' title='bbox 1267 1912 1313 1937; x_wconf 76' lang='grc' dir='ltr'>καὶ</span> <span class='ocrx_word' id='word_1_689' title='bbox 1329 1912 1587 1947; x_wconf 77' lang='grc' dir='ltr'>περιγεγραμμένην</span> <span class='ocrx_word' id='word_1_690' title='bbox 1601 1912 1692 1948; x_wconf 71' lang='grc' dir='ltr'>ψυχὴν</span> <span class='ocrx_word' id='word_1_691' title='bbox 1709 1913 1891 1948; x_wconf 71' lang='grc' dir='ltr'>ἀποκεκριμέ-</span> 
     </span>
    </p>
   </div>
   <div class='ocr_carea' id='block_1_97' title="bbox 1096 1955 1890 1995">
    <p class='ocr_par' dir='ltr' id='par_1_97' title="bbox 1096 1955 1890 1995">
     <span class='ocr_line' id='line_1_97' title="bbox 1096 1955 1890 1995; baseline 0.003 -12"><span class='ocrx_word' id='word_1_692' title='bbox 1096 1964 1151 1983; x_wconf 78' lang='grc' dir='ltr'>νον.</span> <span class='ocrx_word' id='word_1_693' title='bbox 1179 1955 1210 1982; x_wconf 77' lang='lat' dir='ltr'><strong>Et</strong></span> <span class='ocrx_word' id='word_1_694' title='bbox 1236 1956 1264 1982; x_wconf 81' lang='grc' dir='ltr'><strong>δέ</strong></span> <span class='ocrx_word' id='word_1_695' title='bbox 1283 1966 1344 1984; x_wconf 81' lang='grc' dir='ltr'>τινα</span> <span class='ocrx_word' id='word_1_696' title='bbox 1372 1957 1478 1993; x_wconf 81' lang='grc' dir='ltr'>κίνησιν</span> <span class='ocrx_word' id='word_1_697' title='bbox 1495 1958 1681 1984; x_wconf 76' lang='grc' dir='ltr'>ἀνυπόστατον</span> <span class='ocrx_word' id='word_1_698' title='bbox 1707 1959 1818 1985; x_wconf 74' lang='grc' dir='ltr'>οἴεσθαι</span> <span class='ocrx_word' id='word_1_699' title='bbox 1843 1960 1890 1995; x_wconf 63' lang='grc' dir='ltr'>χρῄ</span> 
     </span>
    </p>
   </div>
   <div class='ocr_carea' id='block_1_98' title="bbox 1095 1999 1890 2041">
    <p class='ocr_par' dir='ltr' id='par_1_98' title="bbox 1095 1999 1890 2041">
     <span class='ocr_line' id='line_1_98' title="bbox 1095 1999 1890 2041; baseline 0.005 -14"><span class='ocrx_word' id='word_1_700' title='bbox 1095 2001 1181 2028; x_wconf 75' lang='grc' dir='ltr'>ταῦτα</span> <span class='ocrx_word' id='word_1_701' title='bbox 1192 1999 1272 2036; x_wconf 77' lang='grc' dir='ltr'>εἶναι,</span> <span class='ocrx_word' id='word_1_702' title='bbox 1288 2002 1346 2033; x_wconf 83' lang='grc' dir='ltr'>πῶς</span> <span class='ocrx_word' id='word_1_703' title='bbox 1356 2005 1523 2038; x_wconf 83' lang='grc' dir='ltr'>κατακρατεῐ</span> <span class='ocrx_word' id='word_1_704' title='bbox 1535 2004 1581 2030; x_wconf 80' lang='grc' dir='ltr'>καὶ</span> <span class='ocrx_word' id='word_1_705' title='bbox 1590 2004 1753 2031; x_wconf 77' lang='grc' dir='ltr'>δυναστεύει</span> <span class='ocrx_word' id='word_1_706' title='bbox 1773 2006 1853 2041; x_wconf 67' lang='grc' dir='ltr'>ἡμῶν</span> 
     </span>
    </p>
   </div>
   <div class='ocr_carea' id='block_1_99' title="bbox 1096 2048 1890 2086">
    <p class='ocr_par' dir='ltr' id='par_1_99' title="bbox 1096 2048 1890 2086">
     <span class='ocr_line' id='line_1_99' title="bbox 1096 2048 1890 2086; baseline 0.005 -12"><span class='ocrx_word' id='word_1_707' title='bbox 1096 2048 1278 2084; x_wconf 74' lang='grc' dir='ltr'>ἀνύπαρκτον,</span> <span class='ocrx_word' id='word_1_708' title='bbox 1298 2049 1426 2085; x_wconf 74' lang='grc' dir='ltr'>καθάπερ</span> <span class='ocrx_word' id='word_1_709' title='bbox 1443 2049 1475 2076; x_wconf 79' lang='grc' dir='ltr'>ἐκ</span> <span class='ocrx_word' id='word_1_710' title='bbox 1495 2050 1651 2085; x_wconf 82' lang='grc' dir='ltr'>τυραννίδος</span> <span class='ocrx_word' id='word_1_711' title='bbox 1665 2051 1746 2086; x_wconf 79' lang='grc' dir='ltr'>ἡμᾶς</span> <span class='ocrx_word' id='word_1_712' title='bbox 1760 2052 1890 2078; x_wconf 62' lang='lat' dir='ltr'><strong>acalaui-</strong></span> 
     </span>
    </p>
   </div>
   <div class='ocr_carea' id='block_1_100' title="bbox 1097 2094 1888 2132">
    <p class='ocr_par' dir='ltr' id='par_1_100' title="bbox 1097 2094 1888 2132">
     <span class='ocr_line' id='line_1_100' title="bbox 1097 2094 1888 2132; baseline 0.005 -14"><span class='ocrx_word' id='word_1_713' title='bbox 1097 2101 1188 2128; x_wconf 83' lang='grc' dir='ltr'>μενον,</span> <span class='ocrx_word' id='word_1_714' title='bbox 1211 2094 1306 2128; x_wconf 83' lang='grc' dir='ltr'>ὅτιπερ</span> <span class='ocrx_word' id='word_1_715' title='bbox 1322 2094 1354 2120; x_wconf 86' lang='grc' dir='ltr'>ἂν</span> <span class='ocrx_word' id='word_1_716' title='bbox 1377 2094 1478 2121; x_wconf 79' lang='grc' dir='ltr'>τούτων</span> <span class='ocrx_word' id='word_1_717' title='bbox 1497 2095 1716 2130; x_wconf 83' lang='grc' dir='ltr'>κατακρατῆσαν</span> <span class='ocrx_word' id='word_1_718' title='bbox 1730 2096 1822 2132; x_wconf 72' lang='grc' dir='ltr'>τύχῃ;</span> <span class='ocrx_word' id='word_1_719' title='bbox 1839 2097 1888 2123; x_wconf 75' lang='lat' dir='ltr'><strong>K1&quot;.</strong></span> 
     </span>
    </p>
   </div>
   <div class='ocr_carea' id='block_1_101' title="bbox 1095 2138 1889 2176">
    <p class='ocr_par' dir='ltr' id='par_1_101' title="bbox 1095 2138 1889 2176">
     <span class='ocr_line' id='line_1_101' title="bbox 1095 2138 1889 2176; baseline 0.004 -12"><span class='ocrx_word' id='word_1_720' title='bbox 1095 2139 1120 2164; x_wconf 76' lang='grc' dir='ltr'>ει</span> <span class='ocrx_word' id='word_1_721' title='bbox 1130 2138 1222 2173; x_wconf 87' lang='grc' dir='ltr'>νοητόν</span> <span class='ocrx_word' id='word_1_722' title='bbox 1234 2138 1259 2164; x_wconf 78' lang='grc' dir='ltr'>τι</span> <span class='ocrx_word' id='word_1_723' title='bbox 1268 2139 1340 2165; x_wconf 73' lang='grc' dir='ltr'>ἐστιν</span> <span class='ocrx_word' id='word_1_724' title='bbox 1355 2140 1371 2174; x_wconf 82' lang='grc' dir='ltr'>ἡ</span> <span class='ocrx_word' id='word_1_725' title='bbox 1384 2138 1466 2174; x_wconf 77' lang='grc' dir='ltr'>ψυχὴ,</span> <span class='ocrx_word' id='word_1_726' title='bbox 1482 2139 1540 2171; x_wconf 82' lang='grc' dir='ltr'>πῶς</span> <span class='ocrx_word' id='word_1_727' title='bbox 1554 2141 1582 2166; x_wconf 78' lang='grc' dir='ltr'>ἐν</span> <span class='ocrx_word' id='word_1_728' title='bbox 1595 2140 1633 2174; x_wconf 82' lang='grc' dir='ltr'>τῷ</span> <span class='ocrx_word' id='word_1_729' title='bbox 1644 2141 1737 2176; x_wconf 75' lang='grc' dir='ltr'>νοητῷ</span> <span class='ocrx_word' id='word_1_730' title='bbox 1750 2141 1889 2176; x_wconf 51' lang='grc' dir='ltr'>Θεωρεῖτε</span> 
     </span>
    </p>
   </div>
   <div class='ocr_carea' id='block_1_102' title="bbox 1098 2183 1887 2223">
    <p class='ocr_par' dir='ltr' id='par_1_102' title="bbox 1098 2183 1887 2223">
     <span class='ocr_line' id='line_1_102' title="bbox 1098 2183 1887 2223; baseline 0.009 -14"><span class='ocrx_word' id='word_1_731' title='bbox 1098 2183 1128 2210; x_wconf 82' lang='grc' dir='ltr'>τὸ</span> <span class='ocrx_word' id='word_1_732' title='bbox 1145 2183 1296 2219; x_wconf 71' lang='grc' dir='ltr'>πολυμερὲς</span> <span class='ocrx_word' id='word_1_733' title='bbox 1317 2192 1344 2210; x_wconf 86' lang='grc' dir='ltr'><strong>τε</strong></span> <span class='ocrx_word' id='word_1_734' title='bbox 1367 2185 1413 2211; x_wconf 87' lang='grc' dir='ltr'>καὶ</span> <span class='ocrx_word' id='word_1_735' title='bbox 1434 2184 1569 2217; x_wconf 81' lang='grc' dir='ltr'>σύνθετον,</span> <span class='ocrx_word' id='word_1_736' title='bbox 1592 2185 1668 2218; x_wconf 82' lang='grc' dir='ltr'>ἰδίως</span> <span class='ocrx_word' id='word_1_737' title='bbox 1685 2187 1738 2222; x_wconf 75' lang='grc' dir='ltr'>’τῆς</span> <span class='ocrx_word' id='word_1_738' title='bbox 1760 2190 1887 2223; x_wconf 70' lang='grc' dir='ltr'>τοιαύτης</span> 
     </span>
    </p>
   </div>
   <div class='ocr_carea' id='block_1_103' title="bbox 1097 2229 1889 2268">
    <p class='ocr_par' dir='ltr' id='par_1_103' title="bbox 1097 2229 1889 2268">
     <span class='ocr_line' id='line_1_103' title="bbox 1097 2229 1889 2268; baseline 0.008 -13"><span class='ocrx_word' id='word_1_739' title='bbox 1097 2229 1199 2260; x_wconf 76' lang='grc' dir='ltr'>ἑννοίας</span> <span class='ocrx_word' id='word_1_740' title='bbox 1215 2229 1290 2264; x_wconf 77' lang='grc' dir='ltr'>παρὰ</span> <span class='ocrx_word' id='word_1_741' title='bbox 1314 2229 1362 2261; x_wconf 77' lang='grc' dir='ltr'>τὰς</span> <span class='ocrx_word' id='word_1_742' title='bbox 1379 2230 1535 2265; x_wconf 82' lang='grc' dir='ltr'>σωματικὰς</span> <span class='ocrx_word' id='word_1_743' title='bbox 1551 2230 1653 2262; x_wconf 79' lang='grc' dir='ltr'>ταύτας</span> <span class='ocrx_word' id='word_1_744' title='bbox 1665 2232 1819 2268; x_wconf 73' lang='grc' dir='ltr'>ποιότητας</span> <span class='ocrx_word' id='word_1_745' title='bbox 1833 2235 1889 2260; x_wconf 71' lang='grc' dir='ltr'>θεω-</span> 
     </span>
    </p>
   </div>
   <div class='ocr_carea' id='block_1_104' title="bbox 1101 2275 1887 2315">
    <p class='ocr_par' dir='ltr' id='par_1_104' title="bbox 1101 2275 1887 2315">
     <span class='ocr_line' id='line_1_104' title="bbox 1101 2275 1887 2315; baseline 0.005 -14"><span class='ocrx_word' id='word_1_746' title='bbox 1101 2275 1233 2311; x_wconf 84' lang='grc' dir='ltr'>ρουμένης</span> <span class='ocrx_word' id='word_1_747' title='bbox 1246 2284 1253 2309; x_wconf 89' lang='grc'>;</span> <span class='ocrx_word' id='word_1_748' title='bbox 1275 2276 1307 2301; x_wconf 85' lang='grc' dir='ltr'><strong>Ἦ</strong></span> <span class='ocrx_word' id='word_1_749' title='bbox 1323 2275 1351 2302; x_wconf 85' lang='grc' dir='ltr'>δὲ</span> <span class='ocrx_word' id='word_1_750' title='bbox 1367 2275 1499 2311; x_wconf 80' lang='grc' dir='ltr'>αὐξητικὴ</span> <span class='ocrx_word' id='word_1_751' title='bbox 1513 2275 1627 2310; x_wconf 77' lang='grc' dir='ltr'>δύναμις</span> <span class='ocrx_word' id='word_1_752' title='bbox 1641 2278 1692 2313; x_wconf 80' lang='grc' dir='ltr'>τῆς</span> <span class='ocrx_word' id='word_1_753' title='bbox 1705 2278 1810 2315; x_wconf 69' lang='grc' dir='ltr'>ψυχῆς,</span> <span class='ocrx_word' id='word_1_754' title='bbox 1830 2280 1847 2314; x_wconf 84' lang='grc' dir='ltr'>ἦ</span> <span class='ocrx_word' id='word_1_755' title='bbox 1864 2288 1887 2305; x_wconf 76' lang='grc' dir='ltr'><strong>τε</strong></span> 
     </span>
    </p>
   </div>
   <div class='ocr_carea' id='block_1_105' title="bbox 1097 2321 1888 2360">
    <p class='ocr_par' dir='ltr' id='par_1_105' title="bbox 1097 2321 1888 2360">
     <span class='ocr_line' id='line_1_105' title="bbox 1097 2321 1888 2360; baseline 0.006 -14"><span class='ocrx_word' id='word_1_756' title='bbox 1097 2321 1242 2357; x_wconf 78' lang='grc' dir='ltr'>ὀρεκτικὴ,</span> <span class='ocrx_word' id='word_1_757' title='bbox 1270 2321 1316 2348; x_wconf 79' lang='grc' dir='ltr'>καὶ</span> <span class='ocrx_word' id='word_1_758' title='bbox 1342 2321 1487 2357; x_wconf 77' lang='grc' dir='ltr'>θρεπτικὴ,</span> <span class='ocrx_word' id='word_1_759' title='bbox 1506 2323 1555 2349; x_wconf 78' lang='grc' dir='ltr'>καὶ</span> <span class='ocrx_word' id='word_1_760' title='bbox 1578 2323 1746 2360; x_wconf 83' lang='grc' dir='ltr'>ἀλλοιωτικὴ</span> <span class='ocrx_word' id='word_1_761' title='bbox 1761 2345 1770 2356; x_wconf 84' lang='grc'><strong>,</strong></span> <span class='ocrx_word' id='word_1_762' title='bbox 1797 2327 1846 2351; x_wconf 70' lang='grc' dir='ltr'><strong>καὶ</strong></span> <span class='ocrx_word' id='word_1_763' title='bbox 1863 2326 1888 2351; x_wconf 64' lang='grc' dir='ltr'>τὲ</span> 
     </span>
    </p>
   </div>
   <div class='ocr_carea' id='block_1_106' title="bbox 1098 2366 1887 2405">
    <p class='ocr_par' dir='ltr' id='par_1_106' title="bbox 1098 2366 1887 2405">
     <span class='ocr_line' id='line_1_106' title="bbox 1098 2366 1887 2405; baseline 0.004 -13"><span class='ocrx_word' id='word_1_764' title='bbox 1098 2367 1186 2393; x_wconf 82' lang='grc' dir='ltr'>πάντα</span> <span class='ocrx_word' id='word_1_765' title='bbox 1197 2366 1245 2401; x_wconf 83' lang='grc' dir='ltr'>μὲν</span> <span class='ocrx_word' id='word_1_766' title='bbox 1258 2366 1292 2393; x_wconf 87' lang='grc' dir='ltr'><strong>τὰ</strong></span> <span class='ocrx_word' id='word_1_767' title='bbox 1303 2367 1350 2393; x_wconf 84' lang='grc' dir='ltr'>τοῦ</span> <span class='ocrx_word' id='word_1_768' title='bbox 1360 2367 1485 2403; x_wconf 80' lang='grc' dir='ltr'>σώματος</span> <span class='ocrx_word' id='word_1_769' title='bbox 1496 2368 1654 2404; x_wconf 74' lang='grc' dir='ltr'>τρέφεσθαι,</span> <span class='ocrx_word' id='word_1_770' title='bbox 1669 2370 1709 2405; x_wconf 80' lang='grc' dir='ltr'>μὴ</span> <span class='ocrx_word' id='word_1_771' title='bbox 1724 2370 1771 2396; x_wconf 73' lang='grc' dir='ltr'><strong>διὰ</strong></span> <span class='ocrx_word' id='word_1_772' title='bbox 1785 2372 1887 2397; x_wconf 49' lang='grc' dir='ltr'>πάντων</span> 
     </span>
    </p>
   </div>
   <div class='ocr_carea' id='block_1_107' title="bbox 1097 2411 1887 2451">
    <p class='ocr_par' dir='ltr' id='par_1_107' title="bbox 1097 2411 1887 2451">
     <span class='ocr_line' id='line_1_107' title="bbox 1097 2411 1887 2451; baseline 0.006 -14"><span class='ocrx_word' id='word_1_773' title='bbox 1097 2411 1126 2437; x_wconf 79' lang='grc' dir='ltr'>δὲ</span> <span class='ocrx_word' id='word_1_774' title='bbox 1141 2411 1244 2447; x_wconf 86' lang='grc' dir='ltr'>διήκειν</span> <span class='ocrx_word' id='word_1_775' title='bbox 1267 2412 1315 2448; x_wconf 84' lang='grc' dir='ltr'><strong>τὴν</strong></span> <span class='ocrx_word' id='word_1_776' title='bbox 1338 2413 1479 2448; x_wconf 61' lang='grc' dir='ltr'>αἴσθησιν</span> <span class='ocrx_word' id='word_1_777' title='bbox 1497 2414 1554 2441; x_wconf 74' lang='grc' dir='ltr'>ἀλλ’</span> <span class='ocrx_word' id='word_1_778' title='bbox 1576 2415 1675 2450; x_wconf 72' lang='grc' dir='ltr'>ἐπίσης</span> <span class='ocrx_word' id='word_1_779' title='bbox 1698 2417 1759 2447; x_wconf 83' lang='grc' dir='ltr'>τοῖς</span> <span class='ocrx_word' id='word_1_780' title='bbox 1778 2417 1887 2451; x_wconf 52' lang='grc' dir='ltr'>ἀῷὗχτῑς</span> 
     </span>
    </p>
   </div>
   <div class='ocr_carea' id='block_1_108' title="bbox 1099 2457 1888 2496">
    <p class='ocr_par' dir='ltr' id='par_1_108' title="bbox 1099 2457 1888 2496">
     <span class='ocr_line' id='line_1_108' title="bbox 1099 2457 1888 2496; baseline 0.004 -13"><span class='ocrx_word' id='word_1_781' title='bbox 1099 2457 1157 2484; x_wconf 70' lang='grc' dir='ltr'>ἔνια</span> <span class='ocrx_word' id='word_1_782' title='bbox 1173 2457 1226 2484; x_wconf 81' lang='grc' dir='ltr'>τῶν</span> <span class='ocrx_word' id='word_1_783' title='bbox 1249 2459 1278 2484; x_wconf 81' lang='grc' dir='ltr'>ὲν</span> <span class='ocrx_word' id='word_1_784' title='bbox 1299 2459 1365 2494; x_wconf 81' lang='grc' dir='ltr'>ἡμῖν</span> <span class='ocrx_word' id='word_1_785' title='bbox 1378 2459 1502 2495; x_wconf 83' lang='grc' dir='ltr'>ἀμοιρεῖν</span> <span class='ocrx_word' id='word_1_786' title='bbox 1525 2460 1576 2495; x_wconf 78' lang='grc' dir='ltr'>τῆς</span> <span class='ocrx_word' id='word_1_787' title='bbox 1589 2461 1746 2496; x_wconf 76' lang='grc' dir='ltr'>αἰσθήσεως</span> <span class='ocrx_word' id='word_1_788' title='bbox 1762 2482 1770 2492; x_wconf 79' lang='grc'><strong>,</strong></span> <span class='ocrx_word' id='word_1_789' title='bbox 1792 2463 1888 2488; x_wconf 71' lang='grc' dir='ltr'>ὀπέων</span> 
     </span>
    </p>
   </div>
   <div class='ocr_carea' id='block_1_109' title="bbox 1099 2505 1888 2545">
    <p class='ocr_par' dir='ltr' id='par_1_109' title="bbox 1099 2505 1888 2545">
     <span class='ocr_line' id='line_1_109' title="bbox 1099 2505 1888 2545; baseline 0.005 -14"><span class='ocrx_word' id='word_1_790' title='bbox 1099 2505 1145 2531; x_wconf 76' lang='grc' dir='ltr'>καὶ</span> <span class='ocrx_word' id='word_1_791' title='bbox 1159 2505 1288 2540; x_wconf 85' lang='grc' dir='ltr'>χόνδρων,</span> <span class='ocrx_word' id='word_1_792' title='bbox 1305 2506 1408 2541; x_wconf 84' lang='grc' dir='ltr'>ὀνύχων</span> <span class='ocrx_word' id='word_1_793' title='bbox 1425 2515 1455 2533; x_wconf 83' lang='grc' dir='ltr'><strong>τε</strong></span> <span class='ocrx_word' id='word_1_794' title='bbox 1470 2508 1516 2534; x_wconf 84' lang='grc' dir='ltr'>καὶ</span> <span class='ocrx_word' id='word_1_795' title='bbox 1530 2507 1640 2543; x_wconf 83' lang='grc' dir='ltr'>τριχῶν,</span> <span class='ocrx_word' id='word_1_796' title='bbox 1652 2507 1702 2534; x_wconf 74' lang='grc' dir='ltr'>καὶ</span> <span class='ocrx_word' id='word_1_797' title='bbox 1714 2510 1888 2545; x_wconf 63' lang='grc' dir='ltr'>τρεφομένων</span> 
     </span>
    </p>
   </div>
   <div class='ocr_carea' id='block_1_110' title="bbox 1098 2551 1436 2587">
    <p class='ocr_par' dir='ltr' id='par_1_110' title="bbox 1098 2551 1436 2587">
     <span class='ocr_line' id='line_1_110' title="bbox 1098 2551 1436 2587; baseline 0.009 -11"><span class='ocrx_word' id='word_1_798' title='bbox 1098 2551 1145 2576; x_wconf 79' lang='grc' dir='ltr'>καὶ</span> <span class='ocrx_word' id='word_1_799' title='bbox 1162 2551 1211 2577; x_wconf 84' lang='grc' dir='ltr'>οὐκ</span> <span class='ocrx_word' id='word_1_800' title='bbox 1226 2551 1436 2587; x_wconf 81' lang='grc' dir='ltr'>αἰσθανομένων.</span> 
     </span>
    </p>
   </div>
   <div class='ocr_carea' id='block_1_111' title="bbox 265 2640 1887 2681">
    <p class='ocr_par' dir='ltr' id='par_1_111' title="bbox 265 2640 1887 2681">
     <span class='ocr_line' id='line_1_111' title="bbox 265 2640 1887 2681; baseline 0.001 -11"><span class='ocrx_word' id='word_1_801' title='bbox 265 2647 371 2681; x_wconf 51' lang='lat' dir='ltr'><strong>absque</strong></span> <span class='ocrx_word' id='word_1_802' title='bbox 386 2644 526 2680; x_wconf 81' lang='lat' dir='ltr'><strong>corporeis</strong></span> <span class='ocrx_word' id='word_1_803' title='bbox 550 2643 594 2669; x_wconf 89' lang='lat' dir='ltr'><strong>his</strong></span> <span class='ocrx_word' id='word_1_804' title='bbox 627 2641 805 2677; x_wconf 86' lang='lat' dir='ltr'><strong>qualitatibus</strong></span> <span class='ocrx_word' id='word_1_805' title='bbox 825 2640 933 2674; x_wconf 84' lang='lat' dir='ltr'><strong>proprie</strong></span> <span class='ocrx_word' id='word_1_806' title='bbox 956 2641 1074 2675; x_wconf 85' lang='lat' dir='ltr'><strong>spectari</strong></span> <span class='ocrx_word' id='word_1_807' title='bbox 1094 2642 1212 2671; x_wconf 75' lang='lat' dir='ltr'><strong>debeat?</strong></span> <span class='ocrx_word' id='word_1_808' title='bbox 1234 2644 1266 2671; x_wconf 87' lang='lat' dir='ltr'><strong>Et</strong></span> <span class='ocrx_word' id='word_1_809' title='bbox 1284 2645 1388 2672; x_wconf 79' lang='lat' dir='ltr'><strong>auctrix</strong></span> <span class='ocrx_word' id='word_1_810' title='bbox 1409 2644 1507 2672; x_wconf 64' lang='lat' dir='ltr'><strong>animae</strong></span> <span class='ocrx_word' id='word_1_811' title='bbox 1527 2645 1659 2679; x_wconf 83' lang='lat' dir='ltr'><strong>potentia,</strong></span> <span class='ocrx_word' id='word_1_812' title='bbox 1683 2649 1712 2672; x_wconf 83' lang='lat' dir='ltr'><strong>et</strong></span> <span class='ocrx_word' id='word_1_813' title='bbox 1729 2646 1887 2680; x_wconf 71' lang='lat' dir='ltr'><strong>appetitrix,</strong></span> 
     </span>
    </p>
   </div>
   <div class='ocr_carea' id='block_1_112' title="bbox 266 2687 1048 2725">
    <p class='ocr_par' dir='ltr' id='par_1_112' title="bbox 266 2687 1048 2725">
     <span class='ocr_line' id='line_1_112' title="bbox 266 2687 1048 2725; baseline -0.008 -5"><span class='ocrx_word' id='word_1_814' title='bbox 266 2698 293 2719; x_wconf 75' lang='lat' dir='ltr'><strong>et</strong></span> <span class='ocrx_word' id='word_1_815' title='bbox 307 2693 399 2725; x_wconf 86' lang='lat' dir='ltr'><strong>altrix,</strong></span> <span class='ocrx_word' id='word_1_816' title='bbox 428 2695 455 2718; x_wconf 85' lang='lat' dir='ltr'><strong>et</strong></span> <span class='ocrx_word' id='word_1_817' title='bbox 476 2690 658 2720; x_wconf 82' lang='lat' dir='ltr'><strong>immutatrix,</strong></span> <span class='ocrx_word' id='word_1_818' title='bbox 681 2692 708 2715; x_wconf 90' lang='lat' dir='ltr'><strong>ct</strong></span> <span class='ocrx_word' id='word_1_819' title='bbox 724 2687 796 2722; x_wconf 87' lang='lat' dir='ltr'><strong>quod</strong></span> <span class='ocrx_word' id='word_1_820' title='bbox 822 2687 913 2714; x_wconf 86' lang='lat' dir='ltr'><strong>omnia</strong></span> <span class='ocrx_word' id='word_1_821' title='bbox 939 2687 1048 2721; x_wconf 89' lang='lat' dir='ltr'><strong>quidem</strong></span> 
     </span>
    </p>
   </div>
   <div class='ocr_carea' id='block_1_113' title="bbox 1068 2691 1888 2726">
    <p class='ocr_par' dir='ltr' id='par_1_113' title="bbox 1068 2691 1888 2726">
     <span class='ocr_line' id='line_1_113' title="bbox 1068 2691 1888 2726; baseline 0.002 -11"><span class='ocrx_word' id='word_1_822' title='bbox 1068 2691 1192 2725; x_wconf 87' lang='lat' dir='ltr'><strong>corporis</strong></span> <span class='ocrx_word' id='word_1_823' title='bbox 1206 2693 1327 2719; x_wconf 85' lang='lat' dir='ltr'><strong>membra</strong></span> <span class='ocrx_word' id='word_1_824' title='bbox 1345 2691 1514 2724; x_wconf 88' lang='lat' dir='ltr'><strong>nutriuntur,</strong></span> <span class='ocrx_word' id='word_1_825' title='bbox 1528 2699 1580 2718; x_wconf 90' lang='lat' dir='ltr'><strong>non</strong></span> <span class='ocrx_word' id='word_1_826' title='bbox 1594 2696 1685 2718; x_wconf 83' lang='lat' dir='ltr'><strong>tamen</strong></span> <span class='ocrx_word' id='word_1_827' title='bbox 1716 2699 1766 2726; x_wconf 86' lang='lat' dir='ltr'><strong>per</strong></span> <span class='ocrx_word' id='word_1_828' title='bbox 1800 2698 1888 2718; x_wconf 72' lang='lat' dir='ltr'><strong>omnia</strong></span> 
     </span>
    </p>
   </div>
   <div class='ocr_carea' id='block_1_114' title="bbox 267 2734 1888 2773">
    <p class='ocr_par' dir='ltr' id='par_1_114' title="bbox 267 2734 1888 2773">
     <span class='ocr_line' id='line_1_114' title="bbox 267 2734 1888 2773; baseline -0.001 -9"><span class='ocrx_word' id='word_1_829' title='bbox 267 2745 367 2767; x_wconf 83' lang='lat' dir='ltr'><strong>sensus</strong></span> <span class='ocrx_word' id='word_1_830' title='bbox 384 2741 522 2773; x_wconf 85' lang='lat' dir='ltr'><strong>penetrat,</strong></span> <span class='ocrx_word' id='word_1_831' title='bbox 543 2736 590 2764; x_wconf 88' lang='lat' dir='ltr'><strong>sed</strong></span> <span class='ocrx_word' id='word_1_832' title='bbox 609 2743 687 2770; x_wconf 61' lang='lat' dir='ltr'><strong>atque</strong></span> <span class='ocrx_word' id='word_1_833' title='bbox 707 2743 739 2762; x_wconf 85' lang='lat' dir='ltr'><strong>ac</strong></span> <span class='ocrx_word' id='word_1_834' title='bbox 762 2741 823 2768; x_wconf 71' lang='lat' dir='ltr'><strong>qua:</strong></span> <span class='ocrx_word' id='word_1_835' title='bbox 855 2737 920 2760; x_wconf 88' lang='lat' dir='ltr'><strong>sunt</strong></span> <span class='ocrx_word' id='word_1_836' title='bbox 941 2734 1071 2767; x_wconf 88' lang='lat' dir='ltr'><strong>inanima,</strong></span> <span class='ocrx_word' id='word_1_837' title='bbox 1100 2738 1230 2765; x_wconf 87' lang='lat' dir='ltr'><strong>nomtulla</strong></span> <span class='ocrx_word' id='word_1_838' title='bbox 1254 2739 1281 2765; x_wconf 94' lang='lat' dir='ltr'><strong>in</strong></span> <span class='ocrx_word' id='word_1_839' title='bbox 1302 2739 1382 2766; x_wconf 87' lang='lat' dir='ltr'><strong>nobis</strong></span> <span class='ocrx_word' id='word_1_840' title='bbox 1402 2746 1485 2766; x_wconf 86' lang='lat' dir='ltr'><strong>sensu</strong></span> <span class='ocrx_word' id='word_1_841' title='bbox 1510 2741 1616 2770; x_wconf 89' lang='lat' dir='ltr'><strong>carent,</strong></span> <span class='ocrx_word' id='word_1_842' title='bbox 1640 2737 1801 2772; x_wconf 72' lang='lat' dir='ltr'><strong>cuiusmodi</strong></span> <span class='ocrx_word' id='word_1_843' title='bbox 1829 2740 1888 2765; x_wconf 85' lang='lat' dir='ltr'><strong>sunt</strong></span> 
     </span>
    </p>
   </div>
   <div class='ocr_carea' id='block_1_115' title="bbox 267 2782 1049 2820">
    <p class='ocr_par' dir='ltr' id='par_1_115' title="bbox 267 2782 1049 2820">
     <span class='ocr_line' id='line_1_115' title="bbox 267 2782 1049 2820; baseline -0.004 -9"><span class='ocrx_word' id='word_1_844' title='bbox 267 2793 342 2817; x_wconf 88' lang='lat' dir='ltr'><strong>ossa,</strong></span> <span class='ocrx_word' id='word_1_845' title='bbox 356 2785 540 2820; x_wconf 86' lang='lat' dir='ltr'><strong>cartilagines,</strong></span> <span class='ocrx_word' id='word_1_846' title='bbox 559 2791 675 2819; x_wconf 69' lang='lat' dir='ltr'><strong>ungues,</strong></span> <span class='ocrx_word' id='word_1_847' title='bbox 690 2788 716 2810; x_wconf 89' lang='lat' dir='ltr'><strong>et</strong></span> <span class='ocrx_word' id='word_1_848' title='bbox 730 2782 787 2817; x_wconf 85' lang='lat' dir='ltr'><strong>pili,</strong></span> <span class='ocrx_word' id='word_1_849' title='bbox 803 2789 863 2816; x_wconf 64' lang='lat' dir='ltr'><strong>qua:</strong></span> <span class='ocrx_word' id='word_1_850' title='bbox 875 2782 986 2809; x_wconf 87' lang='lat' dir='ltr'><strong>aluntur</strong></span> <span class='ocrx_word' id='word_1_851' title='bbox 999 2789 1049 2809; x_wconf 89' lang='lat' dir='ltr'><strong>nec</strong></span> 
     </span>
    </p>
   </div>
   <div class='ocr_carea' id='block_1_116' title="bbox 303 2829 1049 2867">
    <p class='ocr_par' dir='ltr' id='par_1_116' title="bbox 303 2829 1049 2867">
     <span class='ocr_line' id='line_1_116' title="bbox 303 2829 1049 2867; baseline 0.003 -11"><span class='ocrx_word' id='word_1_852' title='bbox 303 2830 527 2865; x_wconf 65' lang='lat' dir='ltr'><strong>Semiperlectam</strong></span> <span class='ocrx_word' id='word_1_853' title='bbox 552 2831 637 2867; x_wconf 75' lang='lat' dir='ltr'><strong>igitur</strong></span> <span class='ocrx_word' id='word_1_854' title='bbox 660 2830 759 2857; x_wconf 67' lang='lat' dir='ltr'><strong>animae</strong></span> <span class='ocrx_word' id='word_1_855' title='bbox 773 2829 969 2865; x_wconf 85' lang='lat' dir='ltr'><strong>operationem,</strong></span> <span class='ocrx_word' id='word_1_856' title='bbox 988 2829 1049 2864; x_wconf 87' lang='lat' dir='ltr'><strong>quis</strong></span> 
     </span>
    </p>
   </div>
   <div class='ocr_carea' id='block_1_117' title="bbox 1066 2784 1196 2812">
    <p class='ocr_par' dir='ltr' id='par_1_117' title="bbox 1066 2784 1196 2812">
     <span class='ocr_line' id='line_1_117' title="bbox 1066 2784 1196 2812; baseline 0.015 -2"><span class='ocrx_word' id='word_1_857' title='bbox 1066 2784 1196 2812; x_wconf 82' lang='lat' dir='ltr'><strong>sentiunt.</strong></span> 
     </span>
    </p>
   </div>
   <div class='ocr_carea' id='block_1_118' title="bbox 1139 2831 1884 2871">
    <p class='ocr_par' dir='ltr' id='par_1_118' title="bbox 1139 2831 1884 2871">
     <span class='ocr_line' id='line_1_118' title="bbox 1139 2831 1884 2871; baseline -0.013 -7"><span class='ocrx_word' id='word_1_858' title='bbox 1139 2835 1192 2870; x_wconf 78' lang='grc' dir='ltr'><strong>Τὴν</strong></span> <span class='ocrx_word' id='word_1_859' title='bbox 1204 2835 1250 2864; x_wconf 70' lang='grc' dir='ltr'><strong>οὖν</strong></span> <span class='ocrx_word' id='word_1_860' title='bbox 1259 2835 1373 2871; x_wconf 77' lang='grc' dir='ltr'>ἡμιτελῆ</span> <span class='ocrx_word' id='word_1_861' title='bbox 1387 2834 1437 2870; x_wconf 82' lang='grc' dir='ltr'>τῆς</span> <span class='ocrx_word' id='word_1_862' title='bbox 1451 2833 1539 2870; x_wconf 77' lang='grc' dir='ltr'>ψυχῆς</span> <span class='ocrx_word' id='word_1_863' title='bbox 1552 2833 1599 2860; x_wconf 66' lang='grc' dir='ltr'><strong>ἐπὶ</strong></span> <span class='ocrx_word' id='word_1_864' title='bbox 1612 2831 1717 2859; x_wconf 79' lang='grc' dir='ltr'>τούτων</span> <span class='ocrx_word' id='word_1_865' title='bbox 1748 2831 1884 2866; x_wconf 60' lang='grc' dir='ltr'>ἐνέργεια.</span> 
     </span>
    </p>
   </div>
  </div>
