1923 3071
26 136 84 163 EH9

593 131 731 159 CONTRA
751 127 944 165 EUNOMIUM,
966 132 1031 160 LIB.
1053 132 1109 160 XII.

1608 133 1659 161 93'.)

26 190 73 221 τίς
94 191 108 216 6
123 191 306 226 κατανοήσας,
319 189 378 217 εἰπέ
394 199 455 226 ttat;
470 190 524 218 Καὶ
543 190 569 216 τί
586 190 649 225 περὶ
664 190 712 224 τῆς
733 189 820 224 ψυχῆς

876 193 917 217 cst
933 189 979 217 ille
993 189 1041 225 qui
1061 191 1146 224 novit,
1163 191 1207 218 die
1229 191 1313 218 mihi?
1327 190 1358 218 Et
1374 190 1440 226 quid
1454 191 1491 219 dc
1504 191 1595 218 anima
1620 193 1657 221 low

26 235 120 269 λέγως
137 236 205 263 Ἀλλ’
217 236 274 262 οὐδὲ
282 238 331 272 τῆς
338 237 437 272 σαρκὸς
444 237 528 272 αὐτῆς
538 236 587 268 τὰς
596 235 752 271 σωματικὰς
761 236 822 262 ἁνα-

26 281 88 308 δεδε
94 283 203 317 ιγμένον
211 283 353 318 ποιότητας
360 284 406 310 ὲνα
410 284 469 319 ργεῖ
475 291 526 309 τινι
533 282 681 317 καταλήψει
689 281 769 318 μέχρι
775 281 821 308 τοῦ

26 327 55 353 δε
62 328 77 354 ὖ
82 336 115 363 ρο
131 328 288 364 τεθήραται.
309 329 370 356 Ἐὰν
379 329 433 364 γάρ
446 338 487 361 τις
495 329 534 364 τῷ
542 329 613 364 λόγῳ
620 329 650 355 τὸ
662 328 822 364 φαινόμενον

26 374 70 404 εἰς
81 374 118 401 τὰ
125 373 154 406 ἐξ
162 371 199 400 ὧν
209 375 349 408 σύγκειται
358 375 481 411 διαλύσῃ.
494 376 541 402 καὶ
548 375 668 410 ψιλώσας
681 375 734 401 τῶν
746 383 821 401 ποιο-

26 421 122 455 τήτων
130 421 172 455 ἐφ’
181 421 277 448 ἑαυτοῦ
287 422 452 456 κατανοῆσαι
461 421 636 458 φιλονεικήσῃ
642 422 671 449 τὸ
679 421 774 448 ὑποκεί
778 429 822 456 με-

26 474 86 496 νον,
97 465 124 493 τί
133 466 367 502 καταληφθήσεται
374 469 406 503 τῇ
416 467 517 503 θεωρίᾳ
523 468 553 494 οὐ
561 467 761 503 συνορῶ.”οταν
767 467 821 502 γὰρ

26 512 122 548 ἀφέλῃ
139 512 184 538 τοῦ
196 511 319 547 σώματος
331 513 360 539 τὸ
373 513 482 548 χρῶμα,
491 513 522 540 τὸ
535 514 637 549 σχῆμα,
651 513 700 549 τὴν
711 513 821 540 ἀντιτυ-

26 557 108 590 πίαν,
126 557 156 584 τὸ
169 558 260 594 βάρος,
273 559 322 594 τὴν
335 559 511 595 πηλικότητα,
526 559 574 594 τὴν
584 560 630 586 ἐπὶ
639 559 722 586 τόπου
735 559 820 593 Θέσιν,

26 604 78 639 τὴν
88 603 261 640 κίνησιν,τὴν
269 605 457 640 παθητικήντε
468 606 514 632 καὶ
520 604 710 641 ὲνεργητικὴν,
718 604 747 631 τὸ
753 607 822 639 πρός

26 650 52 676 τί
82 659 144 681 πως
166 650 253 685 ἔχειν·
271 647 308 678 ὧν
327 652 440 678 ἕκαστον
463 652 539 679 οὐδὲν
566 652 608 686 ἐφ’
624 651 720 678 ἑαυτοῦ
741 651 821 685 σῶμά

26 696 102 728 ἐστι,
125 696 190 731 περὶ
206 697 275 723 δὲτὸ
292 697 372 731 σῶμα
394 697 428 724 τὰ
447 697 547 729 πάντα,
563 697 589 723 τί
611 697 703 724 λοιπὸν
717 697 792 723 ἔσται
806 696 820 722 ὃ

26 739 74 765 τὸν
95 739 144 766 τοῦ
169 740 293 775 σώματος
318 741 425 776 δέχεται
440 741 541 776 λόγον;
562 742 631 769 Οὔτε
654 741 688 768 δι’
713 741 820 768 ἑαυτῶν

26 785 149 811 συνιδεῖν
178 785 294 820 ἔχομεν,
328 785 389 814 οὕτε
413 787 489 822 παρά
518 788 567 822 τῆς
593 787 612 813 Γ
615 788 705 822 ραφῆς
732 795 821 822 μεμα-

27 831 167 866 θήκαμεν.
190 832 220 858 '0
238 832 260 858 δ’
273 832 368 858 ἑαυτὸν
383 832 498 866 ἀγνοῶν,
516 832 574 864 πῶς
591 832 623 859 ἄν
634 841 660 859 τι
679 832 733 859 τῶν
750 833 820 868 ὑπὲρ

26 875 112 901 αὐτὸν
128 877 251 912 ἐπιγνοίη
263 885 269 909 ;
287 878 342 904 Καὶ
354 879 368 904 ό
382 879 415 913 τῇ
428 878 492 913 περὶ
505 877 588 905 αὐτοῦ
606 879 702 914 ἀγνοίᾳ
714 867 820 914 προτει-
835 867 856 895 Β

27 921 159 956 οισμένος
170 942 178 954 ,
193 920 247 957 ἆρα
274 923 334 958 οὐχὶ
355 924 480 960 φανερῶς
496 925 530 951 δι’
545 925 627 952 αὐτοῦ
639 926 734 951 τούτου
749 925 823 951 διδά-

28 975 128 994 σκεται
138 968 205 1003 πρὸς
221 968 304 1004 μηδὲν
315 970 368 996 τῶν
383 970 480 1003 ἔξωθεν
492 972 743 1006 ἀποκεκρυμμένων
752 971 821 1005 ξενί-

26 1013 127 1045 ζεσθαι
138 1023 145 1047 ;
157 1015 205 1041 Διά
217 1015 297 1042 τοῦτο
309 1017 355 1042 καὶ
368 1016 403 1042 τὰ
413 1017 459 1043 τοῦ
472 1017 574 1052 κόσμου
587 1018 714 1052 στοιχεῖα,
726 1019 758 1053 τῇ
771 1017 820 1053 μὲν

27 1059 156 1095 αἰσθήσει
175 1059 301 1086 τοσοῦτον
319 1062 500 1097 γινώσκομεν,
516 1063 578 1089 ὅσον
593 1063 623 1089 τὸ
643 1063 689 1097 ἀφ’
704 1063 820 1089 ἑκάστου

27 1106 168 1140 χρήσιμον
185 1105 254 1140 πρὸς
272 1105 320 1140 τὴν
336 1106 407 1141 ζωὴν
419 1107 497 1142 ήμῶν
513 1107 647 1142 δέχεσθαι.
664 1107 715 1133 Τὺν
728 1106 755 1133 δὲ
772 1106 821 1142 τῆς

27 1149 124 1182 οὐσίας
141 1150 229 1177 αὐτῶν
246 1151 340 1184 λόγον,
356 1151 416 1177 οὒτε
438 1151 585 1187 ἐμάθομεν,
601 1151 662 1178 οὔτε
675 1152 705 1178 τὸ
723 1152 760 1188 μὴ
780 1153 820 1178 εί-

27 1195 102 1222 ὁέναι
116 1196 219 1230 ζημίαν
234 1197 393 1232 ποιούμεθα.
410 1198 442 1224 Τί
456 1197 511 1233 γάρ
526 1207 571 1233 μοι
584 1197 820 1233 πολυπραγμονεῖν

28 1243 74 1269 τοῦ
90 1243 178 1278 πυρὸς
186 1243 234 1278 τὴν
247 1243 338 1277 φύσιν,
351 1243 408 1275 πῶς
419 1244 584 1279 ἐκτρίϐεται,
595 1243 654 1276 πῶς
664 1244 819 1278 ἐξάπτεται,

29 1288 88 1320 πῶς
107 1290 159 1324 τῆς
181 1289 385 1324 παρακειμένης
403 1289 587 1324 δρασσόμενον
601 1289 683 1322 ὕλης,
699 1290 730 1316 οὺ
753 1290 820 1325 πρό-

29 1343 108 1370 τερον
127 1335 282 1370 ἀποχωρεῖ,
297 1335 362 1370 πρὶν
377 1335 520 1370 διαφαγεῖν
539 1336 586 1362 καὶ
606 1335 775 1367 ἐξαναλῶσαι
789 1335 820 1362 τὸ

29 1381 210 1416 ὐποκείμενον
224 1389 231 1414 ;
247 1380 307 1413 πῶς
320 1380 445 1408 λανθάνει
467 1381 482 1408 ό
499 1381 616 1416 σπινθὴρ
636 1380 674 1416 τῷ
695 1380 761 1416 λίθῳ
775 1382 820 1416 ὲγι

29 1426 156 1461 κείμενος
167 1435 176 1459 ;
189 1426 251 1458 Πῶς
263 1426 366 1463 ψυχρὸς
373 1427 411 1453 ὣν
424 1428 479 1459 τοῖς
494 1427 656 1462 ἁπτομένοις
667 1427 682 1454 ὁ
700 1426 819 1463 σίδηρος,

29 1471 167 1507 ἀτωγεννᾷ
184 1471 234 1507 τὴν
249 1472 353 1507 φλόγας
367 1472 430 1504 Πῶς
444 1472 592 1508 τριϐόμενα
603 1473 670 1508 πρὸς
689 1472 774 1500 ἑαυτὰ
785 1473 820 1500 τὰ

31 1515 95 1548 ξύλα
115 1515 172 1552 πῦρ
194 1515 375 1549 ἀνάπτουσιν;
391 1516 454 1548 Πῶς
475 1516 636 1551 ἀπαυγάζον
653 1517 683 1544 ἐν
707 1517 774 1553 ἡλίῳ
789 1517 820 1544 τὸ

32 1562 102 1597 ὕδωρ
114 1562 203 1597 φλόγα
216 1563 288 1589 ποιεῖ
300 1571 308 1595 ;
321 1562 376 1598 Τῆς
389 1570 420 1588 τε
432 1562 479 1588 ἐπὶ
492 1562 523 1589 τὸ
537 1562 593 1590 ἀνω
607 1563 693 1598 φορᾶς
711 1562 760 1598 τὴν
776 1563 819 1590 αι-

30 1607 100 1638 τίαν.
130 1607 178 1634 καὶ
199 1608 248 1643 τὴν
271 1607 425 1642 ἀεικίνητον
445 1607 574 1644 δύναμιν,
599 1608 646 1634 καὶ
671 1608 763 1635 πάντα
783 1607 819 1635 τὰ

32 1654 143 1680 τοιαῦτα
166 1654 297 1689 παρέντες
313 1654 548 1689 πολυπραγμονεῖν
559 1663 590 1681 τε
607 1654 654 1681 καὶ
671 1654 817 1687 ἐξετάζειν,

35 1698 111 1733 μόνον
126 1699 157 1725 τὺ
165 1699 210 1725 ἀπ’
220 1699 302 1725 αὐτοῦ
313 1699 447 1734 χρήσιμον
457 1700 496 1730 είς
511 1699 555 1725 τὸν
571 1698 628 1733 βίον
639 1699 729 1725 αὐτῶν
741 1699 819 1734 ἐνοή-

33 1752 132 1779 σαμενο
146 1744 246 1776 εἰδότες
259 1745 298 1771 ὅτι
314 1745 389 1771 οὐδὲν
400 1745 509 1772 ἔλαττον
521 1744 576 1780 ἔχει
587 1744 634 1772 τοῦ
658 1743 818 1780 πολυπραγ-

35 1791 175 1825 μονοῦντος
187 1811 196 1824 ,
210 1791 225 1816 ὁ
240 1791 425 1826 ἀπραγμόνως
441 1790 490 1826 τὴν
511 1790 644 1825 ὠφέλειαν
665 1791 818 1826 δεχόμενος.

873 236 960 271 quor?
974 234 1027 263 Sed
1045 243 1133 270 neque
1145 237 1334 272 carnisipsius
1348 244 1498 272 corporeas
1511 238 1659 272 qualitates

873 282 1076 310 demonstratas
1093 282 1212 310 evidenti
1226 283 1318 317 aliqua
1337 287 1364 310 et
1380 283 1454 310 clara
1477 284 1659 318 comprehen-

872 329 950 355 sione
970 333 1085 356 venatus
1098 333 1150 356 est.
1167 329 1196 356 Si
1219 330 1291 356 enim
1307 329 1370 364 quis
1386 330 1503 361 ratione,
1523 329 1597 365 quod
1611 337 1659 366 ap-

873 378 950 409 paret
975 374 1002 401 in
1018 381 1048 401 ea
1063 381 1096 401 ex
1115 375 1215 408 quibus
1238 375 1423 410 componitur,
1445 374 1612 407 dissolverit,
1631 379 1658 403 et

871 420 1025 455 subjectum
1035 421 1212 455 qualitatibus
1226 421 1393 448 denudatum
1412 421 1438 448 in
1451 421 1542 456 seipse
1559 429 1659 457 cogno-

872 473 951 494 scere
981 467 1163 500 contenderit,
1188 466 1253 501 quid
1269 466 1319 494 hac
1334 467 1519 502 speculatione
1533 474 1658 502 compre-

872 511 1000 538 henderit
1016 519 1070 539 non
1093 511 1182 539 video.
1197 511 1266 539 Cum
1281 512 1354 539 enim
1371 520 1386 538 a
1401 519 1517 546 corpore
1535 513 1658 540 colorem

872 561 900 584 et
923 557 1038 593 ﬁguram
1062 558 1240 590 abstraxerit,
1266 559 1438 592 gravitatem,
1464 558 1657 593 quantitatem,

871 604 954 631 situm
974 604 1002 630 in
1019 603 1090 634 loco,
1111 608 1214 631 motum
1232 604 1372 639 passivum
1393 609 1421 631 et
1435 605 1566 636 activum,
1585 605 1657 632 rela-

870 651 972 677 tionem
995 650 1028 677 ad
1058 650 1172 685 aliquid,
1196 657 1313 685 quorum
1339 650 1554 685 unumquodque
1578 658 1612 679 ex
1628 658 1658 679 se

868 702 970 730 corpus
985 703 1039 722 non
1053 701 1105 726 est,
1125 696 1181 723 haec
1193 699 1284 723 tamen
1297 695 1389 723 omnia
1407 696 1434 722 in
1452 703 1567 730 corpore
1579 703 1657 731 spec-

869 743 973 772 tantur,
988 739 1055 775 quid
1072 740 1207 775 reliquum
1222 741 1285 772 erit,
1301 739 1374 775 quod
1386 740 1510 775 cerporis
1525 740 1657 768 rationem

870 785 996 820 suscipit,
1012 793 1100 820 neque
1112 793 1160 820 per
1174 793 1224 813 nos
1239 785 1315 821 ipsos
1331 786 1483 820 intelligere
1499 793 1657 820 possumus,

870 839 959 866 neque
971 838 1005 858 ex
1023 831 1165 866 Scriptura
1177 831 1335 859 didicimus.
1355 831 1407 865 Qui
1427 834 1518 858 autem
1536 831 1658 865 scipsum

872 878 991 913 ignorat,
1021 878 1158 912 quomodo
1184 878 1334 913 quidquam
1364 885 1460 906 eorum
1491 885 1552 912 quae
1575 885 1658 912 supra

871 927 937 950 sunt
964 923 1053 958 ipsum
1079 923 1245 959 cognoscat?
1268 923 1320 956 Qui
1347 931 1413 951 vero
1436 923 1598 958 ignorantiae
1615 923 1657 951 sui

871 968 960 1004 ipsius
975 974 1018 997 est
1034 969 1216 1002 assuefactus,
1233 976 1324 996 annon
1347 977 1394 1004 per
1412 969 1464 996 hoc
1475 969 1564 1004 ipsum
1576 968 1658 996 doce-

871 1020 926 1048 tur,
943 1023 973 1043 se
999 1014 1032 1042 ad
1053 1015 1121 1042 nihil
1147 1022 1242 1042 eorum
1266 1021 1327 1050 qua
1343 1015 1514 1042 extrinsecus
1535 1018 1599 1042 sunt
1613 1021 1659 1041 oc-

871 1062 944 1090 culta
969 1066 997 1088 et
1018 1060 1110 1089 abdita
1133 1061 1269 1088 diversari
1289 1064 1316 1088 et
1335 1060 1488 1096 hOSpitari?
1511 1059 1658 1095 Propterea

871 1111 898 1134 et
924 1106 1021 1134 mundi
1045 1107 1181 1134 elementa
1209 1114 1292 1134 sensu
1319 1106 1512 1142 cognoscimus
1540 1110 1657 1136 tantum,

871 1157 1005 1188 quantum
1027 1160 1061 1180 ex
1079 1159 1245 1188 unoquoque
1271 1153 1485 1180 emolumentum
1510 1152 1545 1179 ad
1576 1152 1657 1180 vitam

870 1203 993 1226 nostram
1007 1199 1071 1226 licet
1085 1199 1235 1233 percipere.
1256 1197 1389 1226 Essentiae
1404 1206 1469 1226 vero
1480 1198 1603 1232 ipsorum
1618 1204 1659 1224 ra-

872 1244 984 1275 tionem,
1001 1251 1090 1279 neque
1105 1239 1262 1276 didicimus,
1284 1252 1373 1279 neque
1395 1244 1504 1271 nescire
1528 1242 1658 1270 damnum

871 1289 1001 1318 facimus.
1016 1289 1088 1322 Quid
1101 1290 1174 1317 enim
1191 1289 1259 1316 mihi
1280 1289 1391 1324 prodest
1407 1289 1516 1316 curiose
1535 1294 1563 1316 et
1576 1288 1660 1315 anxie

870 1336 1032 1371 perquirere
1063 1335 1134 1371 ignis
1161 1339 1300 1368 naturam,
1331 1335 1471 1370 quomodo
1491 1333 1658 1366 extenditur,

870 1380 1007 1415 quomodo
1026 1380 1197 1413 accenditur,
1217 1380 1357 1416 quomodo
1378 1380 1497 1408 oblatam
1514 1379 1657 1406 materiam

870 1425 949 1452 avide
963 1424 1082 1459 rapiens,
1097 1432 1151 1452 non
1167 1425 1244 1460 prius
1258 1425 1393 1459 abscedit,
1408 1432 1489 1460 quam
1504 1424 1578 1459 quod
1592 1424 1659 1452 sub-

867 1470 973 1506 jectum
994 1474 1048 1504 est,
1074 1471 1233 1499 exhauserit
1255 1475 1282 1500 et
1298 1471 1501 1507 absumpserit?
1516 1470 1660 1504 Quomodo

833 1535 853 1565 ο
871 1517 936 1544 latet
953 1516 982 1544 in
1003 1516 1081 1544 venis
1096 1516 1184 1545 silicis
1204 1517 1332 1545 abstrusa
1360 1516 1492 1549 scintilla,
1520 1514 1660 1551 quomodo

870 1561 973 1588 ferrum
993 1569 1054 1588 cum
1084 1562 1120 1588 sit
1147 1561 1321 1597 tangentibus
1349 1560 1492 1597 frigidum,
1521 1560 1659 1588 ﬂammam

869 1607 945 1635 elicit
966 1611 994 1634 et
1006 1607 1137 1642 generat?
1160 1606 1305 1640 Quomodo
1320 1607 1393 1642 ligna
1419 1607 1491 1634 inter
1511 1613 1542 1633 se
1566 1604 1658 1632 attrita

870 1653 961 1688 ignem
976 1653 1150 1680 accendunt?
1172 1653 1314 1686 Quomodo
1330 1653 1358 1680 in
1377 1653 1435 1681 sole
1453 1659 1523 1687 aqua
1537 1651 1661 1686 resplen-

869 1699 937 1727 dens
954 1699 1045 1734 ignem
1063 1698 1151 1726 facit?
1166 1703 1193 1727 et
1211 1699 1322 1727 lationis
1339 1706 1449 1727 sursum
1472 1706 1534 1733 quae
1548 1697 1578 1725 [lt
1595 1704 1661 1724 cau-

870 1751 929 1772 sam
947 1749 974 1772 et
990 1744 1043 1772 vim
1067 1752 1176 1780 semper
1193 1745 1335 1777 mobilem,
1357 1749 1385 1772 et
1408 1744 1501 1771 omnia
1525 1742 1661 1778 ejusmodi

873 1791 982 1819 curiose
997 1790 1138 1826 indagare,
1154 1795 1181 1819 et
1200 1791 1280 1818 anxie
1295 1791 1436 1826 inquirere
1452 1790 1660 1825 prmtermitten.

33 1841 83 1868 tes,
100 1841 206 1864 tantum
225 1837 297 1872 quod
312 1845 345 1864 cx
364 1838 423 1872 ipso
447 1838 662 1864 emolumentum
685 1837 745 1872 capi
768 1841 869 1872 potest,
888 1837 922 1864 ad
935 1837 1020 1864 vitam
1052 1842 1174 1865 nostram
1211 1837 1400 1873 cognovimus,
1435 1837 1554 1863 scientes
1589 1834 1662 1868 quod

34 1885 98 1912 nihil
113 1886 204 1912 minus
216 1886 328 1912 curioso
343 1885 507 1920 inquisitore
518 1885 599 1912 habet
614 1885 671 1917 ille,
686 1885 733 1920 qui
749 1886 854 1920 absque
873 1884 919 1912 tali
935 1892 1001 1912 cura
1017 1889 1044 1912 et
1057 1885 1194 1912 anxietate
1210 1884 1354 1910 utilitatem
1370 1883 1452 1918 capit.

66 1933 114 1959 Διὰ
131 1933 211 1959 τοῦτο
235 1933 328 1968 ὥσπερ
350 1934 476 1969 περιττόν
500 1942 526 1960 τι
551 1934 598 1960 καὶ
625 1933 763 1968 ἀνωφελὲς
790 1934 821 1960 τὸ

34 1979 96 2014 περὶ
109 1981 160 2014 τῆς
180 1979 273 2010 οὐσίας
287 1979 341 2006 τῶν
356 1979 504 2013 γεγονότων
521 1979 673 2014 ἀδολεσχεῖν
690 1980 706 2015 ὴ
725 1980 821 2015 Γραφὴ

35 2024 151 2059 παρῆκε.
168 2025 222 2051 Καί
238 2033 282 2059 μοι
297 2025 370 2051 δοκεί
384 2026 422 2051 ὅτι
441 2026 454 2052 ό
467 2026 516 2061 τῆς
532 2025 645 2062 βροντῆς
656 2025 713 2057 uio;
732 2025 821 2052 Ἰωάν-

35 2077 81 2104 νης
98 2071 112 2095 ὁ
135 2071 169 2104 τῇ
197 2070 387 2105 μεγαλοφωνίᾳ
411 2070 465 2098 τῶν
491 2071 550 2097 κατ’
577 2071 657 2097 αὑτὸν
678 2071 821 2106 δογμάτων

37 2114 210 2150 ὐπερηχήσας
223 2116 257 2143 τὰ
275 2116 445 2151 προλαϐόντα
469 2116 646 2152 κηρύγματα,
660 2117 739 2144 τοῦτο
760 2117 822 2153 νοή-

36 2167 82 2191 σας
98 2161 143 2187 επὶ
163 2161 234 2187 τέλει
251 2162 300 2196 τῆς
319 2163 499 2198 εὐαγγελικῆς
517 2163 647 2199 ἱστορίας,
669 2161 745 2190 εἶπεν
757 2172 764 2179 ·
782 2164 822 2190 ὅτι

909 1933 1091 1966 Quamobrem
1110 1936 1139 1959 ut
1157 1931 1325 1967 superfluum
1341 1934 1368 1959 et
1382 1929 1477 1957 inutile
1494 1929 1527 1955 de
1541 1926 1660 1955 essentia

873 1987 968 2008 eorum
989 1987 1048 2015 qua
1061 1979 1138 2009 facta
1162 1981 1228 2006 sunt
1254 1976 1349 2011 nugari
1380 1975 1523 2009 Scriptura
1549 1977 1660 2008 praatcr-

873 2026 956 2053 misit.
970 2025 1009 2053 Ac
1024 2025 1091 2052 mihi
1110 2023 1219 2059 quidem
1241 2023 1350 2062 videtur
1370 2020 1443 2056 quod
1462 2019 1574 2047 lonilrui
1589 2018 1660 2046 ﬁlius

872 2070 1001 2103 Joannes,
1017 2078 1079 2098 cum
1095 2076 1192 2104 magna
1205 2075 1272 2096 voce
1289 2075 1401 2095 suorum
1421 2065 1577 2101 dogmatum
1593 2071 1661 2100 pra:-

873 2115 997 2143 cedentia
1015 2115 1151 2150 praeconia
1169 2113 1347 2144 intonuissel,
1369 2112 1420 2139 hoc
1435 2110 1516 2138 etiam
1541 2110 1660 2150 novisse.

875 2161 938 2189 dum
961 2161 989 2188 in
1015 2161 1069 2188 line
1089 2156 1260 2195 evangelica!
1282 2157 1402 2185 historia:
1428 2156 1497 2184 dixit
1524 2156 1564 2189 ”,
1587 2154 1660 2190 quod

36 2205 135 2231 Πολλά
151 2205 216 2232 ἐστι
237 2206 273 2233 τὰ
297 2207 355 2233 ὑπὸ
382 2207 436 2234 τοῦ
457 2208 567 2241 Kvplov
590 2208 820 2242 τετενημένα,ἄ-

875 2209 961 2236 multa
976 2209 1029 2235 sint
1045 2207 1100 2234 alia
1116 2213 1173 2241 (ινιτ
1191 2214 1206 2232 a
1220 2205 1333 2231 Domino
1355 2207 1416 2230 sunt
1434 2202 1515 2237 facta,
1532 2209 1600 2236 quw,
1617 2202 1660 2226 in-

36 2257 109 2282 nra,
134 2253 228 2287 φησὶν,
247 2252 302 2279 ἐὰν
320 2253 465 2288 γράφηται
484 2254 548 2281 καθ’
567 2253 612 2287 ἒν,
640 2254 712 2281 οὐδὲ
730 2255 824 2282 αὐτὸν

37 2297 112 2330 οἶμαι
125 2299 180 2324 τὸν
197 2299 313 2333 κόσμον
328 2299 460 2333 χωρῆσαι
474 2300 510 2326 τὰ
523 2300 692 2335 γραφόμενα
708 2299 822 2332 βιϐλία.

37 2342 71 2367 Οὐ
88 2343 176 2370 πάντα
196 2344 284 2370 ταῦτα
307 2344 394 2378 λέγων
418 2345 488 2372 κατὰ
511 2346 560 2377 τὰς
582 2346 667 2377 ἰάσεις
688 2345 822 2380 θαύματα,

36 2387 135 2415 τούτων
148 2389 203 2424 γὰρ
213 2381 300 2416 ὀὐδὲν
315 2390 420 2425 ἀφῆκεν
443 2391 646 2426 ἀμνημόνευτον
668 2392 684 2427 ἡ
702 2391 822 2426 ἱστορία·

38 2433 59 2458 εἰ
74 2435 119 2460 καὶ
145 2435 182 2471 μὴ
203 2436 247 2461 ἐπ’
262 2436 393 2471 ὀνόματος
414 2437 524 2463 πάντων
539 2437 592 2463 τῶν
620 2437 822 2472 τεθεραπευμέ-

38 2486 86 2504 νων
96 2480 145 2516 τὴν
163 2481 272 2516 μνήμην
286 2482 442 2516 πεποίηται.
460 2483 541 2509 Ὅταν
552 2482 606 2518 γὰρ
619 2481 693 2516 λέγει
709 2481 822 2517 νεκροὺς

39 2524 197 2561 ἐγείρεσθαι,
219 2527 334 2561 τυφλοὺς
358 2528 538 2562 ἀναϐλέπειν,
566 2529 674 2563 κωφοὺς
702 2528 820 2562 ἀκούειν,

39 2570 136 2604 χωλοὺς
151 2575 321 2608 περιπατεῖν,
337 2574 384 2600 καὶ
398 2574 479 2600 πάλιν
501 2574 625 2601 ἰάσασθαι
642 2574 731 2601 πᾶσαν
744 2573 822 2600 νόσον

39 2616 83 2642 καὶ
98 2618 186 2644 πᾶσαν
204 2618 349 2653 μαλακίαν,
369 2619 445 2646 οὐδὲν
460 2619 503 2646 διὰ
526 2619 628 2646 τούτων
648 2618 822 2654 ἀνιστόρητον

39 2661 88 2688 τῶν
110 2663 256 2699 θαυμάτων
281 2665 415 2698 ἀπέλιπε,
438 2667 498 2698 ταῖς
522 2666 680 2697 καθολικαῖς
707 2664 827 2696 ἐννοίαις

40 2707 227 2744 ἐμπεριλαϐὼν
243 2710 278 2738 τὰ
292 2711 352 2738 καθ’
367 2712 491 2739 ἕκαστον.
514 2712 583 2739 Ἀλλ’
602 2713 690 2738 ἐκεῖνο
703 2711 770 2747 τάχα
786 2710 825 2747 τῷ

41 2751 111 2786 βάθει
125 2755 173 2790 τῆς
185 2755 313 2790 γνώσεως
329 2758 344 2784 ὸ
359 2758 552 2794 εὐαγγελιστὴς
567 2758 651 2793 λέγει,
669 2759 710 2785 6m
723 2757 754 2785 τὸ
771 2766 820 2793 με·

81 2841 98 2856 ¹⁹
113 2841 191 2871 Joan.
211 2852 264 2875 ni.
283 2845 328 2872 25.

871 2255 941 2290 quit,
954 2252 1059 2288 singula
1078 2253 1100 2279 si
1116 2251 1303 2282 scriberentur,
1319 2257 1350 2276 ne
1364 2249 1450 2283 ipsum
1467 2247 1571 2282 quidem
1586 2254 1662 2273 mun-

872 2301 936 2326 dum
960 2299 1005 2334 qui
1026 2297 1202 2326 scriberentur
1221 2296 1300 2322 libros
1323 2303 1399 2330 posse
1423 2301 1514 2327 capere
1534 2292 1659 2319 arbitror.

872 2346 934 2373 Rrec
947 2345 1037 2372 omnia
1050 2351 1112 2370 cum
1128 2342 1206 2375 dixit,
1220 2349 1274 2368 non
1287 2341 1412 2375 intelligit
1429 2346 1563 2374 aegrorum
1581 2345 1662 2365 sana-

872 2392 977 2418 tionum
995 2389 1138 2420 miracula,
1153 2388 1252 2415 horum
1268 2387 1340 2415 enim
1359 2386 1463 2414 milium
1479 2392 1533 2412 non
1545 2390 1662 2411 comme-

875 2439 1010 2464 moratum
1025 2434 1198 2469 praatermisit
1213 2433 1337 2466 historia,
1353 2432 1404 2460 etsi
1424 2439 1478 2458 non
1499 2428 1661 2458 nominatim

875 2481 998 2509 omnium
1019 2485 1178 2507 sanatorum
1201 2478 1367 2506 mentionem
1392 2477 1465 2504 fecit.
1497 2476 1565 2503 Cum
1587 2475 1659 2501 enim

875 2528 943 2556 dicit
956 2531 1080 2554 mortuos
1093 2525 1268 2557 exsuscitari,
1286 2532 1374 2552 caecos
1386 2523 1488 2555 videre,
1505 2521 1603 2549 surdos
1613 2527 1660 2546 au-

875 2574 945 2607 dire,
960 2573 1073 2601 claudos
1088 2571 1239 2603 ambulare,
1254 2575 1281 2598 et
1298 2577 1395 2597 rursus
1408 2575 1514 2595 omnem
1535 2565 1659 2592 morbum

875 2623 903 2647 et
917 2619 1074 2654 languorem
1090 2624 1214 2650 sanasse,
1235 2617 1340 2644 nullum
1358 2623 1406 2650 per
1426 2613 1483 2640 haec
1497 2610 1661 2639 miraculum

870 2666 992 2701 reliquit,
1009 2665 1090 2700 cujus
1102 2671 1158 2692 non
1174 2663 1211 2691 sit
1227 2662 1301 2690 facta
1319 2662 1347 2688 in
1363 2658 1479 2687 historia
1495 2662 1660 2684 commemo-

870 2711 952 2742 ratio,
968 2709 1170 2738 universalibus
1201 2707 1306 2735 notitiis
1322 2703 1471 2740 singularia
1490 2701 1657 2736 complexus.

877 2757 930 2786 Sed
944 2756 1011 2784 illud
1041 2756 1158 2784 fortasse
1171 2762 1202 2782 ex
1219 2751 1354 2789 profunda
1368 2748 1522 2785 cognitione
1542 2754 1660 2783 evange-
