1923 3071
257 129 307 157 951

869 126 898 155 S.
915 125 1078 154 GREGORII
1098 125 1246 154 NYSSENI

258 188 320 216 lista
335 187 411 218 dicit,
429 186 502 222 quod
520 185 649 220 majestas
663 185 722 212 Filii
742 185 788 214 Dei
804 194 858 214 non
873 194 907 214 ex
922 187 1039 214 miracu-

1104 186 1196 213 ἀλείον
1211 185 1258 212 τοῦ
1275 185 1341 212 Υίοῦ
1357 185 1404 213 τοῦ
1420 184 1499 219 Θεοῦς
1517 185 1567 212 οὒκ
1588 186 1620 213 ἐκ
1641 185 1698 213 τῶν
1715 186 1766 213 διὰ
1793 188 1882 222 σαρκός

260 233 325 259 losis
337 239 387 266 per
403 238 513 258 carnem
535 231 663 265 operibus
678 231 766 258 solum
785 231 973 266 cognoscenda
991 235 1044 265 est;

264 278 322 305 haec
336 277 407 304 enim
421 283 503 311 parva
518 281 592 310 sunt,
605 276 629 303 si
642 283 704 303 cum
727 276 830 312 reliqua
853 284 965 312 operum
988 284 1046 304 ma-

260 321 416 357 gniﬁcentia
433 322 568 356 exquisite
582 326 784 357 comparentur.
803 321 843 349 Tu
860 329 925 349 vero
940 323 1046 356 respice

260 369 287 394 in
304 367 414 399 malum,
427 367 489 394 vide
501 367 527 394 in
545 375 577 394 eo
590 367 818 402 pulchritudines,
838 367 959 395 transfer
971 371 1045 394 tuam

261 413 457 448 cogitationem
476 421 524 448 per
543 417 620 440 terrae
638 413 818 446 latitudinem,
834 413 869 440 ad
885 420 962 448 aquae
981 420 1046 448 pro-

261 458 418 491 funditates,
443 458 575 486 mundum
599 462 690 486 mente
712 458 880 493 complexus,
910 462 937 486 ct
956 463 1046 486 trans-

260 504 427 531 mundanam
447 509 574 531 naturam
592 504 697 531 ratione
716 511 778 531 cum
795 503 973 536 intellexeris,
990 504 1047 531 hac

260 557 346 577 nosce
358 557 422 577 vera
435 550 495 585 ejus
507 549 553 585 qui
567 553 656 577 tecum
675 550 702 576 in
716 557 798 577 carne
815 553 994 578 conversatus
1005 554 1047 578 est

261 603 355 631 opera.
376 595 451 629 ρυω,
472 595 571 630 inquit,
588 596 611 622 si
633 596 740 631 singula
761 595 957 628 scriberentur,
981 596 1046 631 quid

263 645 291 669 et
306 641 454 676 quomodo,
482 645 509 668 et
536 641 617 672 unde.
636 645 662 668 ct
681 645 824 676 quantum,
846 648 928 676 supra
953 642 1046 668 mundi

262 688 440 722 capacitatem
453 687 583 714 doctrina:
595 687 628 714 de
638 688 696 722 ipso
713 687 814 714 mundo
827 687 879 714 erit
890 687 1045 722 plenitudo:

262 733 392 767 quoniam
406 733 478 760 enim
493 733 583 760 omnia
604 732 676 759 Deus
695 733 721 759 in
741 733 874 767 sapientia
895 733 976 765 fecit,
992 737 1048 761 ter-

264 779 367 806 minum
386 782 476 806 autem
492 778 538 806 Dei
557 779 690 813 sapientia
707 786 761 805 non
778 779 858 805 habet
875 788 881 805 ε
897 778 1048 813 Intelligen-

264 826 308 852 tiw
317 825 385 859 ejus,
397 824 494 859 inquit,
510 832 561 850 non
580 829 618 851 est
634 832 757 851 numerus
774 825 813 857 ²⁰;
832 824 915 857 igitur
930 825 1048 859 propriis

263 870 401 898 mensuris
413 871 576 898 terminatus
595 870 713 897 mundus
729 871 755 897 in
777 871 866 905 seipse
880 871 992 898 inﬁnita:
1008 879 1049 899 sa-

264 915 371 950 pientiae
382 916 515 943 rationem
529 924 583 943 non
594 916 692 950 capiet.
708 917 735 943 Si
750 916 832 952 igitur
842 917 961 944 mundus
975 921 1048 946 totus

264 961 354 988 minor
367 965 420 994 est,
431 969 512 996 quam
527 966 556 988 ut
572 961 679 989 Domini
692 969 805 997 operum
819 963 971 991 doctrinam
987 972 1048 1000 pos-

264 1007 301 1034 sit
314 1015 423 1042 capere,
434 1013 500 1042 quot
512 1008 606 1034 mundi
620 1008 652 1035 de
665 1009 718 1035 Deo
733 1009 923 1037 universorum
936 1018 1048 1038 enarra-

265 1054 366 1080 tionem
381 1054 506 1088 capient?
519 1053 646 1082 Fortasse
658 1062 746 1086 neque
760 1055 916 1090 blasphema
927 1061 954 1084 et
968 1057 1049 1092 impia

265 1099 358 1134 lingua
373 1099 482 1134 negabit
499 1099 612 1127 inﬁnitis
628 1100 751 1134 partibus
771 1101 903 1135 majorem
917 1109 978 1130 esse
993 1102 1050 1129 fac-

265 1147 351 1171 torem
367 1148 394 1172 et
408 1149 548 1172 auctorem
563 1146 696 1177 omnium,
709 1153 768 1181 qua:
781 1147 838 1174 sola
853 1147 940 1181 ipsius
953 1149 1050 1175 volun-

266 1194 321 1217 tate
332 1190 359 1217 in
376 1198 468 1217 rerum
484 1194 582 1218 natura
597 1191 730 1226 producta
746 1196 820 1219 sunt.
846 1192 875 1219 Si
894 1194 976 1228 igitur
989 1202 1050 1221 om-

265 1236 308 1263 nis
318 1240 444 1264 creatura
457 1236 591 1264 sermonis
605 1236 638 1264 dc
649 1237 736 1272 seipsa
750 1237 812 1265 facti
827 1246 880 1266 non
895 1244 937 1266 cst
951 1247 1048 1275 capax;

266 1281 318 1309 hoc
331 1282 403 1309 enim
426 1289 540 1317 magnus
561 1281 680 1310 Joannes
707 1287 822 1310 testatur
849 1285 997 1312 secundum
1024 1285 1049 1312 id

265 1326 338 1361 quod
351 1327 483 1360 diximus,
500 1327 638 1362 quomodo
649 1328 766 1355 humana
782 1329 901 1357 brevitas
917 1334 1003 1357 totum
1017 1330 1051 1358 tle

267 1371 379 1399 domino
393 1375 525 1399 creaturae
541 1379 696 1399 sermonem
711 1373 819 1407 capiet?
836 1373 933 1401 Dicant
947 1376 1052 1410 magni-

266 1417 340 1452 loqui
362 1417 416 1451 isti,
434 1418 500 1452 quid
525 1422 567 1445 est
591 1418 672 1445 homo
697 1419 817 1446 universi
835 1421 1050 1455 comparatione,

267 1464 331 1491 dum
349 1464 557 1491 consideratur?
582 1464 667 1497 Quale
690 1465 884 1499 geometricum
909 1471 1050 1501 punctum,

1096 230 1243 265 θαυμάτων
1265 231 1430 266 ποιηθέντων
1446 231 1526 266 μόνον
1544 231 1689 266 γινώσκειν
1706 232 1787 266 χρή·
1811 232 1883 265 μικρὰ

1095 276 1150 311 γὰρ
1168 275 1256 303 ταῦτα
1269 276 1306 308 ὡς
1319 276 1387 311 πρὸς
1397 276 1446 312 τὴν
1461 276 1557 312 λοιπὴν
1572 277 1785 312 μεγαλουργίαν
1802 276 1882 308 ἑξετε-

1095 321 1206 357 ζόμενα.
1221 322 1257 348 Σὺ
1276 322 1304 348 δὲ
1325 321 1475 354 ἀνάῦλεψον
1489 323 1529 354 εἰς
1544 322 1590 349 τὸν
1605 322 1736 357 οὐρανὸν,
1761 322 1803 348 fas
1818 322 1850 348 τὲ
1862 324 1883 347 ἐν

1096 367 1169 404 αὑτῷ
1193 368 1291 403 κάλλη,
1313 367 1456 404 μετένεγκε
1471 367 1521 404 τὴν
1532 368 1652 395 διάνοιαν
1672 369 1723 394 ἐπὶ
1747 367 1783 394 τὶν
1796 368 1883 399 πλάτος

1095 414 1146 449 τῆς
1161 414 1223 449 γῆς,
1237 415 1284 441 ἐπὶ
1295 414 1329 441 τὰ
1344 414 1412 449 βάθη
1427 414 1474 440 τοῦ
1490 414 1594 446 ὕδατος,
1613 415 1705 441 πάντα
1722 414 1774 440 τὸν
1793 414 1882 448 κόσμοι

1096 460 1129 494 τῇ
1142 459 1245 494 διανοίᾳ
1256 458 1354 491 λαὸὼν,
1367 459 1415 485 καὶ
1432 458 1480 494 τὴν
1496 459 1680 494 ὑπερκὸσμιον
1694 458 1786 493 φύσιν
1799 458 1838 492 τῷ
1850 458 1883 484 ic-

1095 505 1189 541 γισμῷ
1201 506 1383 540 κατανοήσας,
1392 505 1479 532 ταῦτα
1500 505 1583 539 γνῶθι
1595 505 1630 532 τὰ
1642 505 1768 540 ἀληθινὰ
1795 505 1839 531 τοῦ
1852 514 1882 530 ενι

1096 551 1141 578 διὰ
1151 551 1252 587 σαρκὸς
1271 551 1488 587 ἐπιδημήσαντος
1504 551 1582 586 ἔργα.
1599 551 1712 583 "Acuta,
1731 552 1828 585 φησὶν,
1846 552 1883 577 by

1097 597 1158 624 καθ’
1179 597 1293 623 ἕκαστον
1316 597 1464 632 γράφηται,
1479 597 1510 624 τὸ
1530 597 1558 624 τί
1577 598 1624 624 καὶ
1638 598 1729 629 ὅπως,
1756 598 1806 624 καὶ
1824 598 1883 624 ὅθεν.

1097 642 1145 669 καὶ
1164 642 1255 673 πόσον,
1280 641 1352 677 ὑπὲρ
1367 641 1397 668 τὸ
1418 641 1535 677 χώρημα
1555 641 1602 668 τοῦ
1626 641 1738 677 κόσμου
1759 642 1814 676 τῆς
1831 643 1884 676 ιπρῖ

1097 687 1179 715 αὑτοῦ
1207 687 1255 714 τοῦ
1283 688 1386 722 κόσμου
1412 688 1585 719 διδασκαλίας
1610 688 1686 714 ἔσται
1717 687 1752 714 te
1783 688 1882 722 πλῆῡος.

1104 734 1180 761 Ἐπεὶ
1194 734 1248 769 γὰρ
1263 733 1296 760 τὰ
1314 735 1402 761 πάντα
1418 734 1432 759 ὁ
1449 734 1514 765 Θεὸς
1528 735 1556 760 ὲν
1572 734 1652 769 σοφίᾳ
1668 734 1822 769 ἐποίησεν,
1834 735 1884 769 697/

1097 780 1125 807 δὲ
1143 781 1160 816 ἡ
1179 780 1226 806 τοῦ
1240 779 1307 806 Θεοῦ
1331 780 1411 814 σοφία
1424 780 1473 806 οὐκ
1492 779 1558 814 ἔχει,
1575 779 1631 813 Τῆς
1654 781 1713 814 γὰρ
1738 779 1884 810 συνέσεως

1097 825 1200 857 αὑτοῦ,
1214 825 1308 860 φησὶν,
1323 827 1378 852 οὺκ
1393 825 1479 852 ἔστιν
1494 825 1632 860 ἀριθμός·
1648 827 1663 852 ὁ
1676 827 1740 857 τοῖς
1757 826 1832 857 ἰδίοις

1098 879 1171 906 τροις
1183 871 1387 907 πεπερασμένος
1401 871 1502 906 κόσμος
1510 871 1539 897 οὗ
1553 872 1673 906 χωρήσει
1691 872 1725 898 ὲν
1747 871 1837 906 ἑαυτῷ
1846 871 1884 904 τῆς

1099 917 1225 951 ἀορίστου
1252 918 1347 952 σοφίας
1371 917 1418 943 τὸν
1441 917 1530 951 λόγον.
1550 917 1581 944 Εἰ
1599 915 1646 943 οὖν
1667 917 1681 942 ὁ
1704 917 1815 952 κόσμος
1837 916 1883 947 ὀὶτς

1099 963 1207 990 ἔλαττόν
1232 964 1315 995 ἐστιν,
1333 962 1349 998 ἢ
1371 962 1442 988 ὥστε
1463 963 1513 997 τὴν
1535 961 1713 989 διδασκαλίαν
1736 963 1794 989 τῶν
1811 963 1882 998 ἑῃωι

1098 1008 1146 1035 τοῦ
1164 1009 1265 1042 Κυρίου
1291 1008 1424 1043 χωρῆσαι,
1446 1008 1524 1034 πόσοι
1544 1007 1641 1043 κόσμοι
1665 1009 1884 1044 χωρήσουσι

1100 1055 1164 1090 περὶ
1180 1054 1226 1080 τοῦ
1240 1053 1307 1080 Θεοῦ
1321 1054 1374 1080 τῶν
1395 1053 1462 1080 ὅλων
1474 1053 1613 1088 summ;
1634 1054 1717 1089 Τάχα
1733 1054 1792 1090 γὰρ
1807 1055 1884 1087 οὐιὶῆ

1101 1100 1260 1134 βλάσφημος
1284 1099 1432 1134 ἀρνήσεται
1457 1098 1577 1132 γλῶσσα,
1603 1099 1634 1125 τὸ
1658 1099 1886 1135 ἀπειροπλιςὶσκι

1100 1144 1168 1172 εἶναι
1185 1146 1230 1172 τὸν
1253 1145 1368 1180 ποιητὴν
1382 1144 1435 1171 τῶν
1456 1144 1575 1176 πάντων,
1588 1143 1642 1170 τῶν
1763 1145 1886 1181 θελήματι

1101 1190 1295 1226 παραχθέντων
1311 1191 1351 1222 είς
1373 1190 1488 1224 γένεσιν.
1503 1190 1534 1216 Εἰ
1548 1187 1593 1216 οὗν
1615 1191 1631 1224 ἡ
1650 1190 1744 1222 κτίσις
1764 1193 1839 1218 πίλα
1849 1191 1885 1217 τοῦ

1100 1245 1133 1264 πε
1139 1237 1164 1272 pl.
1175 1237 1258 1272 αὐτῆς
1272 1236 1350 1270 λόγου
1363 1236 1435 1262 ἐστὶν
1451 1235 1604 1271 ἀχώρητοςο
1617 1235 1698 1262 τοῦτο
1714 1236 1774 1272 γὰρ
1790 1238 1803 1263 ὁ
1815 1237 1887 1272 μέγας

1107 1283 1231 1318 Ἰωάννης
1250 1282 1415 1318 μαρτύρεται
1435 1282 1507 1308 κατά
1525 1289 1556 1316 γε
1578 1282 1622 1308 τὸν
1639 1282 1786 1318 ἡμέτερον
1806 1283 1885 1317 λόγον·

1101 1328 1160 1360 πῶς
1175 1328 1208 1355 ἄν
1229 1328 1384 1363 ἀνθρωπίνη
1400 1327 1538 1363 βραχύτης
1561 1327 1622 1354 ὅλον
1636 1328 1683 1354 τὸν
1707 1329 1779 1364 1:591
1792 1329 1837 1356 τοῦ
1850 1332 1887 1354 .ts-

1102 1373 1201 1400 σπότου
1224 1373 1274 1408 τῆς
1292 1373 1406 1404 κτίσεως
1429 1374 1550 1408 χωρήσει
1571 1372 1666 1407 λόγονς
1686 1373 1857 1401 Eiarinon-1
1869 1376 1886 1399 εἰ

1101 1419 1136 1446 τὰ
1154 1419 1259 1454 μεγάλα
1271 1418 1460 1454 φθεγγόμενοι,
1473 1418 1500 1444 τί
1514 1419 1587 1444 ὲστιν
1607 1418 1770 1454 ἄνθρωπος,
1786 1420 1887 1454 συγκρῖ-

1104 1473 1145 1491 σει
1156 1464 1203 1491 τοῦ
1218 1464 1318 1495 παντὸς
1334 1463 1535 1499 θεωρούμενοςς
1554 1464 1632 1490 Ποῖον
1642 1465 1837 1500 γεωμετρικῶν
1849 1474 1887 1499 ση-

268 1509 305 1538 ita
324 1509 513 1537 individuum?
536 1510 605 1542 Quid
627 1509 737 1545 Epicuri
763 1512 988 1546 corpusculorum
1012 1513 1051 1541 sic

1107 1511 1182 1544 μεῖον
1198 1509 1283 1541 οὕτως
1301 1509 1421 1545 ἀμερὲςς
1438 1509 1471 1536 Τί
1492 1508 1546 1536 τῶν
1567 1509 1771 1544 Ἐπικουρείων
1793 1511 1885 1545 ἀτόμων

267 1555 387 1582 vanitate
398 1563 493 1582 eorum
506 1556 552 1590 qui
568 1555 625 1582 hac
638 1556 856 1591 contemplantur
877 1562 1050 1592 extenuatur,

268 1604 296 1627 et
317 1607 403 1635 prope
424 1600 451 1628 id
469 1600 541 1635 quod
557 1608 612 1627 non
627 1605 669 1628 est
685 1601 723 1633 ﬁt,
751 1605 780 1628 ut
798 1602 916 1638 hpmana
931 1604 1052 1633 brevitas

270 1652 332 1672 cum
358 1645 486 1673 universo
512 1649 669 1680 comparata
694 1651 736 1673 est
759 1646 846 1673 nihil?
873 1647 949 1674 Sicut
971 1649 1052 1676 etiam

270 1698 384 1726 magnus
397 1691 481 1718 David
497 1691 545 1723 ait,
558 1692 686 1726 praeclare
701 1692 855 1719 mortalium
870 1692 1053 1720 inﬁrmitatem

270 1736 428 1769 meditatus,
446 1736 578 1769 Quoniam
598 1735 747 1762 substantia
766 1745 823 1763 mea
842 1741 966 1772 tanquam
983 1739 1054 1765 nihi-

271 1784 325 1809 lum
344 1787 405 1808 ante
423 1786 446 1809 te
456 1781 479 1797 ¹¹
497 1791 502 1808 ;
521 1789 575 1809 non
594 1781 718 1809 absolute
737 1782 851 1810 nihilum
870 1790 931 1810 csse
948 1783 1053 1818 dicens,

272 1828 319 1856 sed
337 1828 423 1855 nihilo
438 1827 566 1859 similem,
583 1827 655 1862 quod
677 1835 760 1862 supra
785 1828 893 1855 modum
910 1832 952 1856 est
973 1829 1056 1858 breve

271 1882 333 1901 cum
350 1881 383 1902 eo
399 1873 472 1909 quod
483 1881 537 1900 non
550 1873 656 1901 exsistit
668 1873 741 1900 facta
753 1875 958 1910 comparatione
973 1877 1055 1912 signi-

271 1922 366 1949 iicans.

309 1966 501 1994 Verumtamen
523 1973 538 1994 a
557 1967 603 1994 tali
626 1970 727 1994 natura
751 1967 897 1999 concitati,
924 1968 1056 1998 adversus

272 2012 435 2041 inell‘abilem
451 2014 600 2048 potentiam
619 2021 667 2041 sua
685 2013 800 2041 dilatant
817 2022 864 2042 ora
875 2034 882 2046 ,
898 2019 925 2043 et
940 2016 1059 2050 appella-

274 2060 346 2086 tione
359 2067 413 2086 una
427 2059 590 2087 ineffabilem
605 2062 730 2086 naturam
745 2059 904 2093 metiuntur,
918 2061 967 2096 τῆς
979 2061 1059 2096 ἀγεν-

273 2106 368 2141 νησίας
387 2106 496 2133 nomine
519 2105 566 2132 Dei
588 2105 736 2133 essentiam
765 2106 1002 2141 constringentes,
1031 2111 1060 2134 ut

274 2151 406 2178 adversus
427 2150 603 2185 Unigcnitum
622 2150 674 2177 sibi
697 2150 764 2184 ipsis
787 2157 835 2185 per
855 2150 912 2177 lucc
932 2151 1059 2186 blasphe-

1103 1555 1175 1582 οὕτω
1196 1557 1229 1590 τῇ
1252 1555 1411 1590 ματαιότητι
1434 1555 1488 1581 τῶν
1517 1553 1604 1581 ταῦτα
1628 1554 1814 1590 θεωρούντων
1835 1557 1887 1582 ἀτη

1103 1601 1272 1635 λεπτύνεται,
1288 1601 1335 1628 καὶ
1353 1601 1437 1635 ἐγγὺς
1453 1600 1499 1627 τοῦ
1523 1600 1559 1636 μὴ
1576 1600 1651 1631 δντος
1665 1600 1791 1634 γίνεται,
1805 1602 1840 1633 ὡς
1854 1602 1886 1627 ὲ.-

1104 1647 1226 1683 Θρωπίνη
1247 1646 1384 1683 βραχύτης
1406 1647 1464 1673 ἀντ’
1487 1646 1593 1678 οὐδενός
1619 1646 1678 1672 ἐστι
1703 1647 1779 1682 πρὸς
1798 1648 1829 1673 τὸ
1846 1649 1886 1673 :i-i

1104 1693 1263 1730 κρινομένη,
1287 1693 1376 1725 καθώς
1400 1701 1466 1728 φησι
1486 1693 1533 1718 καὶ
1549 1693 1563 1718 ὸ
1583 1692 1670 1726 μέγας
1690 1692 1791 1724 Δαὸὶδ,

1105 1739 1306 1774 ὲπεσκεμμένος
1331 1738 1384 1765 τῶν
1413 1737 1515 1772 βροτῶν
1541 1737 1590 1772 τὴν
1615 1736 1776 1769 ἀσθένειαν,
1806 1738 1844 1764 ὅτι
1862 1737 1887 1763 Ἡ

1105 1784 1275 1816 ὑπόστασις
1287 1792 1343 1816 μου
1360 1782 1430 1810 ὡσεὶ
1442 1782 1531 1809 οὐθὲν
1544 1781 1673 1808 ἐνώπιόν
1687 1789 1763 1809 σου.
1781 1781 1820 1807 Οὔ
1833 1790 1886 1808 πιν-

1105 1831 1190 1862 τελῶς
1212 1828 1281 1857 εῖναι
1296 1829 1382 1863 λέγων
1399 1828 1484 1859 οὐδὲν,
1501 1827 1559 1854 ἀλλ’
1580 1828 1674 1862 ὅμοιον
1692 1827 1736 1862 τῷ
1755 1827 1851 1862 μηδὲν,
1865 1828 1887 1852 τὸ

1107 1876 1166 1903 καθ’
1181 1875 1330 1910 ὐπερϐολὴν
1349 1875 1438 1901 πᾶσαν
1455 1873 1540 1908 βραχὺ
1552 1874 1584 1909 τῇ
1598 1872 1665 1907 πρὸς
1676 1872 1708 1899 τὸ
1724 1872 1887 1907 ἀνύπαρκτον

1107 1922 1250 1958 συγκρίσει
1265 1920 1460 1955 διασημαενων.

1143 1969 1238 2002 Ὀμως
1254 1966 1308 1993 ἀπὸ
1327 1965 1455 2000 τοιαύτης
1472 1964 1632 2000 ὡρμημένοι
1652 1963 1777 1998 φύσεως,
1799 1964 1889 1991 2);?)-

1107 2021 1181 2040 νουσι
1194 2012 1264 2039 κατὰ
1276 2013 1326 2047 τῆς
1342 2011 1480 2046 ἀφράστου
1497 2010 1635 2044 δυνάμεως
1647 2010 1683 2036 τὰ
1694 2010 1750 2036 ἴδια
1768 2011 1889 2045 στόματα,

1111 2059 1157 2087 καὶ
1182 2057 1348 2093 προσηγορίᾳ
1372 2057 1421 2092 μιᾷ
1446 2056 1495 2092 τὴν
1517 2056 1641 2091 ἀόριστον
1672 2056 1756 2090 φύσιν
1787 2063 1889 2092 περιμε-

1108 2104 1212 2140 τροῦσι,
1229 2103 1268 2138 τῷ
1285 2103 1396 2138 ὀνόματι
1420 2103 1469 2138 τῆς
1483 2102 1646 2137 ἀγεννησίας
1666 2101 1718 2137 τὴν
1734 2103 1832 2129 οὐσίαν
1852 2100 1887 2127 τοὶ

1108 2149 1176 2177 θεοῦ
1194 2148 1430 2185 περισφίγγοντες,
1461 2147 1505 2174 ἵνα
1515 2148 1564 2183 τὴν
1582 2147 1652 2174 κατὰ
1666 2147 1716 2174 τοῦ
1731 2147 1889 2182 Μονσγενσῑς

275 2197 335 2223 mia:
349 2197 421 2223 viam
437 2199 571 2224 sternant.
597 2195 665 2222 Cum
689 2199 778 2222 autem
801 2203 915 2231 magnus
940 2195 1052 2224 Basilius

1109 2196 1214 2227 ἑαυτοῖς
1231 2192 1404 2230 βλασφημίαν
1419 2192 1462 2220 διὰ
1479 2193 1581 2219 τούτων
1597 2193 1792 2229 ὁδοποιήσωσι.
1808 2193 1889 2220 Tot-16$

274 2242 446 2269 emendasset
459 2241 600 2276 deceptam
613 2244 640 2268 et
654 2240 750 2267 falsam
764 2240 936 2275 opinionem,
948 2245 975 2270 et
989 2250 1058 2277 quac-

275 2287 338 2314 dam
355 2287 388 2314 de
406 2287 562 2314 nominibus
578 2285 768 2321 exposuisset,
785 2291 815 2313 ut
833 2294 894 2321 qua:
908 2294 941 2314 ex
962 2293 1061 2315 natura

276 2342 331 2361 non
347 2337 428 2366 sunt,
451 2333 498 2361 sed
519 2341 552 2360 ex
573 2333 714 2360 hominum
735 2332 894 2360 inventione
915 2340 964 2360 seu
984 2341 1060 2362 com-

276 2383 368 2406 mento
383 2379 466 2406 rebus
483 2378 550 2414 ipsis
565 2378 651 2405 indita
670 2378 741 2410 sint.
764 2381 870 2405 tantum
894 2378 1013 2411 absunt,
1031 2382 1061 2406 ut

276 2425 310 2452 ad
324 2425 466 2452 veritatem
481 2427 663 2456 revertantur,
681 2423 747 2459 quin
767 2424 860 2458 potius
880 2425 963 2452 veluti
981 2425 1060 2453 visco

276 2471 386 2499 cuidam
400 2471 590 2498 adhaerescunt.
606 2470 648 2497 his
663 2478 723 2505 qum
739 2471 772 2498 ab
797 2470 865 2505 ipsis
888 2469 961 2497 dicta
978 2475 1057 2504 sunt,

276 2525 366 2553 neque
380 2516 510 2544 desinunt
526 2523 541 2543 a
555 2515 678 2550 captiosa
691 2519 719 2543 et
737 2515 828 2543 fallaci
844 2517 1060 2551 argumentatio-

276 2571 328 2596 ne,
346 2571 436 2598 neque
452 2570 485 2590 ex
502 2562 734 2590 commentatione
751 2563 850 2590 mentis
865 2562 919 2589 dici
935 2562 966 2589 τὸ
981 2563 1061 2597 ἀγέν-

276 2619 356 2646 νητον
368 2629 376 2643 ,
391 2609 439 2637 sed
455 2613 560 2636 naturae
573 2616 633 2636 esse
650 2608 901 2643 repraasentalivum
915 2609 1059 2638 deﬁniunt.

277 2657 391 2684 Omnem
408 2655 490 2690 igitur
506 2662 659 2683 sermonem
675 2654 801 2689 persequi
816 2657 842 2681 et
859 2662 1001 2682 recensere
1011 2676 1018 2688 ,
1033 2658 1061 2683 et

277 2703 361 2729 delira
377 2702 539 2737 prolixaque
562 2700 595 2727 ad
622 2701 735 2727 verbum
763 2700 887 2735 apposita
914 2701 1062 2734 nugatione

279 2747 349 2774 hanc
367 2753 489 2776 evertere
504 2747 613 2780 conari,
631 2747 704 2782 longi
720 2750 794 2774 esset
815 2746 863 2773 otii
881 2750 908 2773 ct
928 2747 1060 2782 temporis

319 2840 340 2855 “
357 2838 427 2866 Psal.
440 2847 526 2872 ελεγι,
542 2840 567 2866 5.
607 2840 626 2855 ¹¹
641 2837 714 2866 Psal.
731 2844 846 2871 xxxviii,
862 2837 888 2866 6.

1110 2241 1228 2278 μεγάλου
1251 2240 1391 2267 Βασιλείου
1409 2239 1626 2275 διορθωσαμένου
1649 2239 1700 2274 τὴν
1720 2240 1889 2275 ἠπατημένητ

1108 2288 1246 2321 ὑπόνοιαν,
1261 2286 1307 2314 καί
1323 2294 1384 2313 τινα
1404 2286 1469 2321 περὶ
1483 2286 1538 2311 τῶν
1554 2285 1695 2321 ὀνομάτων
1709 2285 1889 2318 διεξελθίντος.

1109 2334 1147 2366 ὼς
1162 2334 1210 2360 οὐκ
1224 2334 1257 2359 ἐκ
1269 2332 1375 2367 φύσεως
1391 2330 1487 2363 ὅντων,
1502 2329 1569 2357 ἀλλὰ
1588 2330 1646 2357 κατ’
1661 2331 1786 2357 ἐπίνοων
1802 2332 1891 2357 ἐπικει-

1110 2380 1197 2414 μένων
1215 2379 1271 2410 τοῖς
1287 2378 1449 2414 πράγμασι·
1473 2377 1598 2404 τοσοῦτον
1619 2376 1754 2412 ἀπέχουσι
1778 2376 1824 2402 τοῦ
1839 2377 1890 2402 ἁνι-

1106 2425 1188 2453 λῦσαι
1205 2425 1272 2460 πρὸς
1284 2424 1333 2459 τὴν
1347 2423 1484 2459 ἀλήθειαν,
1497 2424 1538 2450 ὅτι
1550 2423 1676 2457 καθάπερ
1690 2422 1738 2457 ἰξῷ
1752 2431 1808 2449 τινι
1819 2429 1890 2456 πρήσ-

1113 2471 1272 2505 κατέχονται
1288 2471 1342 2501 τοῖς
1355 2469 1428 2501 ἅπαξ
1441 2469 1504 2504 παρ’
1519 2468 1607 2496 αὐτῶν
1624 2468 1796 2503 εἰρημένοις,
1813 2468 1858 2493 καὶ
1868 2466 1889 2491 ei

1115 2515 1251 2552 μεθίενται
1266 2514 1313 2541 τοῦ
1332 2514 1508 2549 σοφίσματος,
1523 2513 1584 2540 οὐδὲ
1605 2513 1666 2539 κατ’
1686 2513 1811 2539 ἐπίνοιαν
1825 2512 1891 2543 λέγε-

1114 2562 1175 2589 σθαι
1189 2561 1218 2588 τὺ
1233 2561 1389 2596 ἀγέννητον,
1405 2560 1472 2587 ἀλλὰ
1486 2561 1536 2596 τῆς
1551 2559 1659 2594 φύσεως
1674 2557 1746 2586 εἶναι
1762 2565 1891 2594 παραστι-

1112 2608 1188 2634 τικὸν
1210 2607 1381 2643 διορίζονται.
1397 2606 1433 2634 Τὸ
1456 2607 1505 2642 μὲν
1525 2604 1571 2633 οὖν
1598 2606 1687 2632 πάντα
1707 2605 1836 2638 διεξιέναι
1857 2603 1891 2629 τὶν

1113 2652 1201 2687 λόγον,
1218 2653 1265 2679 καὶ
1276 2651 1326 2688 τὴν
1340 2650 1447 2686 ληρώδη
1467 2651 1514 2677 καὶ
1529 2649 1637 2686 μακρὰν
1655 2649 1767 2684 ἐκείνην
1783 2646 1891 2683 παριθές

1116 2707 1195 2735 μενον
1222 2698 1353 2734 φλυαρίαν
1373 2698 1419 2724 ἐπὶ
1437 2697 1534 2730 λέξεως
1555 2695 1721 2732 ἀνατρέπειν
1745 2693 1891 2730 πειρίςῆαιν

1117 2746 1226 2782 μακρᾶς
1244 2745 1276 2773 ἂν
1289 2745 1331 2777 εἴη
1350 2743 1447 2780 σχολῆς
1459 2743 1506 2770 καὶ
1522 2742 1618 2779 χρόνου
1632 2741 1734 2770 πολλοῦ
1747 2740 1796 2769 καὶ
1807 2737 1892 2773 mil-3.;
