1923 3071
38 129 100 159 953

616 129 757 158 CONTRA
774 127 972 163 EUNOMIUM,
993 129 1057 158 LIB.
1075 129 1133 158 XII.

1630 131 1685 162 95!.

37 188 185 224 ἀπραξίας
207 187 344 224 δεόμενον.
360 188 494 225 Καθάπερ
516 188 608 217 ἀκούω
628 189 676 217 καὶ
699 189 744 217 τὸν
760 189 845 216 Εὐνό-

903 190 986 224 nulti,
996 190 1125 227 quodque
1133 198 1231 228 magna
1241 198 1256 219 a
1265 191 1383 228 negotiis
1395 191 1533 221 vacuitate
1542 195 1569 221 et
1576 200 1591 220 a
1601 191 1684 222 rebus

41 243 109 269 μιον
123 235 195 270 ὑπὲρ
209 235 254 261 τὸν
273 235 387 262 Ἰλιακὸν
404 235 522 271 πόλεμον
537 237 571 272 τῇ
587 235 716 272 πολυετίᾳ
733 236 844 271 φιλοπό-

38 288 100 313 νως
125 280 175 307 καὶ
192 280 253 308 καθ’
271 281 389 316 ἡσυχίαν
412 281 513 316 πολλὴν
540 281 789 318 προσεδρεύσαντα,
814 282 845 308 ὲν

41 325 140 362 πολλῷ
163 326 203 362 τῷ
224 326 301 362 ὕπνῳ
324 327 370 353 τὸν
394 326 500 363 μακρὸν
517 326 612 354 τοῦτον
633 327 737 363 ὄνειρον
756 325 845 362 ἐαυτῷ

42 373 220 409 συμπλάσαι,
233 372 367 410 ζητοῦντα
379 373 541 407 φιλοπόνως,
552 374 601 409 οὐχ
607 373 680 405 ὅπως
689 373 846 410 ὲρμηνεύσῃ

40 428 72 446 τι
88 419 145 446 τῶν
162 419 323 456 νοηθέντων,
341 420 398 447 ἀλλ’
410 421 485 452 ὅπως
507 420 578 447 κατὰ
593 420 647 447 τῶν
668 419 769 453 λέξεων
784 420 846 447 ὲπι-

44 466 169 501 σὺρηται
192 466 440 502 κατηναγκασμένα
464 467 599 502 νοήματα,
618 465 664 493 καὶ
686 465 847 501 περισυλλέ-

44 520 133 546 γοντα
146 512 195 544 τὰς
212 512 378 548 εὺηχοτὲρας
401 513 494 548 φωνὰς
511 513 543 539 ἐκ
565 512 791 549 συγγραμμάτων
804 521 846 539 τι-

43 557 114 584 νῶν.
128 558 184 584 Καὶ
204 557 298 593 ὥσπερ
313 559 337 584 οἱ
352 558 455 593 πτωχοὶ
475 558 519 585 διὰ
536 558 652 594 ἀπορίαν
673 558 799 592 ἐσθῆτος,
814 558 847 584 ὲκ

45 603 223 638 ρακωμάτων
238 603 318 630 τινῶν
329 604 392 636 τοὺς
409 603 526 639 χιτῶνας
537 605 642 636 ἑαυτοῖς
655 603 847 640 περικεντοῦν-

43 657 96 680 τες
119 649 337 684 συρρἀτουσιν·
359 649 430 677 οὕτω
451 650 498 676 καὶ
512 649 605 677 τοῦτον
622 650 705 685 ἀλλην
719 649 846 685 ἀλλαχόθι

43 692 124 726 λέξιν
155 694 395 730 περιδοσκόμενον,
418 694 462 721 διὰ
481 695 583 722 τούτων
605 694 735 730 ὲξυφῆναι
757 693 847 730 ἑαυτῷ

45 739 98 765 τοῦ
113 739 191 774 λόγου
213 739 260 766 τὸν
284 739 434 776 κέντρωνα,
457 740 508 767 οὐκ
521 739 720 775 ἀταλαιπώρως
739 739 848 767 διακολ-

46 782 139 809 λώντα
149 782 199 819 τὴν
214 783 351 819 συμϐολὴν
362 784 416 811 τῶν
431 785 563 820 ῥημάτων
573 785 621 812 καὶ
632 784 845 821 συναρμόζοντα.

47 824 89 854 Οὗ
107 828 138 855 τὸ
156 829 283 865 γλίσχρον
303 831 350 856 καὶ
368 831 550 866 μειρακιῶδες
571 831 620 867 τῆς
637 831 791 867 φιλοτιμίας
807 832 848 863 εἰς

48 874 169 910 ἅμιλλαν
182 875 259 910 ἀνδρὶ
275 875 344 911 πρὸς
358 876 487 912 ἀλήθειαν
501 876 625 912 βλέποντι
639 876 766 904 τοσοῦτον
779 877 848 904 ἀπό‹
864 870 884 898 Β

50 921 161 956 ϐλητον,
178 921 239 948 ὅσον
256 921 358 957 ἀθλητῇ
381 931 434 949 τινι
448 922 503 949 τῶν
525 922 666 959 καρτερῶν
683 931 713 950 τε
736 923 784 950 καὶ
806 922 849 956 ἑξ-

48 966 132 1001 ὡρων
151 967 182 993 τὸ
197 967 241 994 διὰ
257 968 418 1003 περιεργίας
431 969 611 1004 κομμωτικῆς
628 967 846 1003 γυναικίζεσθαι,

57 1012 141 1039 Ἀλλά
156 1021 200 1047 μοι
212 1013 286 1040 δοκεῖ
298 1014 344 1040 τὸν
356 1013 456 1041 σκοπὸν
470 1014 518 1041 τοῦ
535 1014 634 1046 παντὸς
643 1015 849 1050 ἐγχειρήματος

49 1059 87 1085 δι’
109 1058 205 1093 ὀλίγων
225 1059 421 1095 ἐπιδραμόντα,
438 1060 488 1092 τὰς
510 1061 618 1097 μακρὰς
635 1061 775 1096 περιόδους
790 1060 849 1096 χαί-

49 1114 114 1141 ρειν
132 1106 221 1132 ἐᾶσαι.
244 1106 349 1133 Οὐκοῦν
372 1106 481 1142 εἴρηται
501 1108 566 1143 παρ’
581 1107 661 1143 ἡμῶν
673 1114 680 1122 ’
697 1107 848 1141 οἰκειοῦμαι

50 1151 110 1186 γὰρ
124 1151 170 1178 τοῦ
185 1152 346 1179 διδασκάλου
359 1153 405 1179 τὸν
420 1152 497 1187 λόγον
507 1162 515 1169 η
532 1153 573 1180 ὅτι
589 1153 640 1188 τῆς
652 1152 728 1184 θείας
742 1152 849 1188 φύσεως

49 1197 180 1233 ἀμυδρὰν
196 1198 245 1233 μὲν
260 1198 306 1225 καὶ
329 1195 502 1234 βραχῦτάτην
516 1199 613 1234 ἔχομεν
636 1198 681 1226 διὰ
700 1198 756 1225 τῶν
775 1198 849 1232 λογι-

51 1243 134 1278 σμῶν
150 1242 199 1278 τὴν
218 1243 374 1278 ἀντίληψιν·
391 1244 556 1279 ἀποχρῶσαν
568 1244 591 1271 δ’
608 1244 683 1279 ὅμως
697 1245 730 1279 τῇ
749 1243 850 1280 βραχύ-

51 1298 118 1325 τητι
132 1290 180 1324 τῆς
193 1289 333 1325 δυνάμεως
346 1290 424 1326 ἡμῶν
439 1291 483 1317 διὰ
495 1291 549 1317 τῶν
563 1291 703 1326 ὀνομάτων
715 1293 769 1320 τῶν
785 1292 850 1328 περὶ

51 1336 141 1372 αὐτὴν
156 1336 274 1368 εὐσεϐῶς
298 1336 451 1372 λεγομένων
466 1336 515 1373 τὴν
535 1337 635 1372 γνῶσιν
656 1337 848 1374 ἑρανιζόμεθα.

52 1382 77 1408 Τ
79 1378 167 1408 οὑτων
180 1381 208 1408 δέ
223 1390 313 1417 φαμεν
328 1382 381 1408 τῶν
396 1382 537 1417 ὀνομάτων
550 1383 580 1410 οὐ
601 1383 722 1420 μονοειδῆ
741 1384 849 1411 πάντων

52 1427 188 1463 εἶναιτὴν
203 1428 350 1464 σημασίαν,
363 1428 431 1455 ἀλλὰ
449 1428 482 1455 τὰ
499 1429 547 1464 μὲν
567 1429 623 1456 τῶν
641 1431 797 1465 προσόντων
810 1430 850 1466 τῷ

51 1474 128 1510 Θεῷ,
147 1475 182 1502 τὰ
205 1475 233 1502 δὲ
253 1474 307 1502 τῶν
324 1475 540 1510 ἀποπεφυκότων
563 1475 620 1510 ἔχει
643 1476 692 1512 τὴν
713 1476 849 1513 ἔμφασινο

51 1519 123 1554 οἷον,
141 1521 243 1548 δίκαιον
253 1521 334 1548 αὐτὸν
348 1521 395 1559 καὶ
407 1521 545 1558 ἄφθαρτον
555 1521 682 1557 λέγομεν,
700 1522 740 1557 τῷ
757 1523 806 1558 μὲν
814 1523 851 1550 δι-

52 1567 138 1604 καίῳ,
158 1567 189 1595 τὸ
208 1568 349 1604 προσεῖναι
368 1567 557 1603 δικαιοσύνην·
571 1568 611 1604 τῷ
628 1568 656 1595 δὲ
671 1569 803 1605 ἀφθάρτῳ
820 1569 850 1596 τὺ

55 1614 98 1650 μὴ
113 1615 253 1650 προσεῖναι
271 1614 374 1650 φθορὰν
394 1614 602 1650 ἐνδεικνύμενοι.
625 1614 734 1648 Ἔξεστι
755 1614 783 1642 δὲ
799 1615 851 1643 πά-

33 1659 36 1662 ⁴
53 1662 100 1688 λιν
114 1661 162 1688 καὶ
180 1660 371 1693 ὑπαλλάξαντα
384 1661 434 1692 τὰς
450 1660 586 1696 σημασίας
604 1661 674 1687 κατὰ
689 1661 719 1688 τὸ
735 1661 851 1697 ἔμπαλιν

53 1706 206 1746 προσφυῶς
221 1707 374 1743 ἐφαρμόσαι
392 1707 431 1742 τῷ
449 1706 509 1742 Θεῷ
523 1706 559 1733 τὰ
576 1707 712 1742 ὀνόματαο
730 1706 799 1733 ὥστε
812 1707 851 1743 τῷ

56 1755 110 1790 μὲν
126 1753 336 1789 ἀπεμφαίνοντι,
361 1753 391 1780 τὸ
415 1753 525 1785 οἰκεῖον,
552 1752 591 1788 τῷ
606 1753 634 1780 δὲ
660 1753 799 1788 προσόντι,
821 1754 851 1781 τὸ

54 1800 198 1835 ἀλλότριον
220 1799 457 1836 παραστήσασθαι.
479 1799 519 1835 Τῇ
542 1799 597 1834 γὰρ
623 1799 780 1835 δικαιοσύνῃ
801 1799 852 1834 τῆς

54 1847 165 1878 ἀδικίας
189 1846 407 1881 ἀντινοουμένης,
427 1847 460 1881 τῇ
482 1846 510 1872 δὲ
533 1846 620 1882 φθορᾷ
635 1846 684 1881 τῆς
702 1846 852 1879 άῐδιότητος

55 1893 262 1929 ἀντικειμένης,
289 1893 400 1920 δυνατόν
427 1893 484 1919 ἐστι
514 1892 665 1928 χρήσασθαι
690 1892 852 1927 προσφόρως

54 1941 105 1967 ἐπὶ
124 1939 172 1966 τοῦ
189 1938 256 1966 Θεοῦ
279 1940 335 1971 τοῖς
353 1939 494 1972 ἐναντίοις,
514 1940 561 1966 καὶ
581 1939 618 1975 μὴ
631 1939 791 1974 διαμαρτεῖν
805 1938 852 1966 τοῦ

56 1987 246 2022 προσήκοντος
271 1986 299 2012 ὲν
318 1984 357 2021 τῷ
378 1986 475 2017 εἰπεῖν,
500 1985 543 2012 ἀεί
562 1993 591 2011 τε
615 1985 696 2012 αὐτὸν
720 1982 853 2012 εἶναικαὶ

55 2033 152 2060 ἄδικον
169 2031 205 2067 μὴ
216 2030 286 2059 εἶναι
296 2039 303 2046 ⁶
319 2032 387 2068 ὅπερ
401 2029 460 2058 ἷσόν
482 2033 539 2058 ἔστι
563 2030 603 2067 τῷ
619 2031 722 2058 δίκαιόν
736 2040 765 2058 τε
783 2029 853 2057 εἶναι

55 2079 161 2113 λέγειν,
179 2078 227 2104 καὶ
249 2078 351 2112 φθορὰν
374 2077 411 2113 μὴ
436 2077 641 2113 προσδέχεσθαι.
662 2077 740 2104 Οὕτω
759 2077 854 2104 καὶτὰ

55 2125 142 2151 λοιπά
156 2124 210 2152 τῶν
237 2124 376 2160 ὀνομάτων
390 2125 422 2159 τῇ
445 2124 509 2159 ποιᾷ
527 2123 675 2159 μεταλήψει
698 2123 749 2159 τῆς
764 2131 853 2158 σημα-

57 2171 123 2202 σίας
149 2169 219 2206 πρὺς
237 2170 368 2205 ἑκατέραν
383 2169 432 2205 τὴν
457 2168 575 2204 ἔμφασιν
601 2169 761 2204 ἐπιτηδείως
783 2168 854 2204 ἔχειν

56 2217 165 2253 φαμὲν,
183 2214 238 2243 οἷον
259 2217 289 2243 τὸ
305 2216 405 2251 ἀγαθὸν
420 2217 467 2243 καὶ
483 2215 625 2249 ἀθάνατον,
641 2217 689 2243 καλ⁵
715 2217 806 2244 πάντα
819 2218 853 2245 τὰ

57 2264 136 2292 κατὰ
159 2264 206 2291 τὸν
229 2263 321 2298 ὅμοιον
346 2263 518 2298 ἐκφερόμενα
541 2262 636 2291 τύπον.
660 2263 777 2291 Δύναται
800 2263 854 2300 γὰρ

57 2311 179 2337 ἕκαστον
205 2309 294 2336 αὐτῶν
313 2309 401 2340 ἄλλως
428 2308 474 2335 καὶ
496 2308 583 2340 ἄλλως
608 2308 790 2344 μεταληφθὲν,
810 2310 857 2336 καὶ

58 2356 93 2382 τὸ
105 2355 209 2391 προσὸν
223 2355 271 2381 καὶ
284 2354 314 2381 τὸ
328 2355 364 2390 μὴ
375 2354 475 2390 προσὸν
487 2355 533 2381 ἐπὶ
544 2355 593 2389 τῆς
605 2354 679 2386 θείας
690 2355 857 2387 ἐνδείξασθαι

59 2403 189 2438 φύσεως·
205 2401 276 2428 ὥστε
303 2401 351 2428 τοῦ
374 2402 511 2436 σχήματος
535 2400 590 2428 τῶν
613 2401 751 2436 ὀνομάτων
771 2401 857 2428 ὑπαλ-

59 2449 244 2485 ὶασσομένου,
259 2448 309 2484 τὴν
318 2447 418 2483 εὐσεΰῆ
430 2447 493 2482 περὶ
506 2447 535 2474 τὸ
549 2447 727 2483 ὑποκείμενον
741 2447 860 2475 διάνοιαν

63 2495 160 2531 μένειν
185 2493 323 2528 ἀκίνητον.
350 2492 437 2518 Ταὺτδ
456 2492 511 2527 γάρ
534 2493 616 2525 ἔστιν,
641 2492 813 2519 ἀνεπίδεκτόν
830 2501 860 2519 τε

61 2540 203 2576 πονηρίας
216 2539 262 2566 ’τὸν
277 2539 343 2566 Θεὸν
358 2540 453 2570 εἰπεῖν,
469 2538 516 2565 καὶ
533 2538 633 2572 ἀγαθὸν
648 2539 779 2574 ὀνομάσαι
789 2547 796 2554 ⁸
813 2539 860 2566 καί¹

61 2587 201 2615 ἀθάνατον
224 2585 400 2621 ὁμολογῆσαι,
426 2584 473 2611 καὶ
494 2584 537 2611 ἀεὶ
556 2584 644 2616 ζῶντα
658 2585 754 2611 εἰπεῖν.
780 2585 862 2611 Οὐδε-

65 2635 136 2671 μία-ι
148 2633 204 2668 γὰρ
225 2633 254 2659 ὲν
268 2631 372 2663 τούτοις
389 2630 462 2657 κατά
475 2630 504 2656 τὸ
518 2630 715 2666 σημαινόμενον
729 2631 860 2667 διαφορὰν

63 2677 225 2713 ἐννοοῦμεν,
242 2677 300 2704 ἀλλ’
323 2676 353 2702 ἓν
376 2676 410 2702 δι’
424 2675 560 2711 ἑκατέρων
575 2675 629 2702 τῶν
652 2675 739 2710 λόγων
757 2677 860 2712 ἀποση-

67 2723 221 2760 μαίνομεν·
239 2723 291 2750 κᾶν
308 2722 340 2749 τὸ
358 2722 407 2757 μὲν
433 2721 518 2754 θέσιν,
531 2722 561 2747 τὺ
583 2720 610 2747 δὲ
626 2721 765 2758 ἀναίρεσίν
789 2731 861 2754 τινος

65 2771 143 2806 ἔχειν
156 2769 231 2805 δοκῇ.

896 236 1023 271 gerendis
1032 237 1193 265 avocatione
1203 237 1348 273 indigeret.
1356 236 1594 270 Quemadmodum
1602 238 1685 266 audio

898 280 1065 310 Eunomium
1080 290 1164 318 super
1177 281 1290 310 lliacutn
1311 283 1414 311 bellum
1432 290 1568 310 annorum
1589 283 1685 311 multi-

896 327 993 356 tudine
1005 328 1143 356 laboriose
1153 332 1180 356 et
1193 328 1298 362 sedulo,
1309 332 1337 357 et
1352 328 1380 356 in
1392 329 1588 364 tranquillitate
1598 329 1684 356 multa

896 373 1116 410 incumbentem,
1134 376 1161 403 in
1175 375 1259 403 multo
1280 383 1376 403 somno
1395 375 1449 403 hoc
1473 377 1609 403 somnium
1631 375 1685 403 sibi

896 420 1080 453 conﬁnxisse,
1095 425 1262 456 qumrentem
1279 421 1426 457 diligenter
1439 424 1467 449 et
1481 422 1609 455 solerter,
1628 430 1685 449 non

897 467 1034 501 quomodo
1046 467 1243 502 interpretetur
1254 467 1320 503 quid
1337 476 1432 496 eorum
1450 476 1511 504 quae
1526 468 1686 504 intelligun-

897 515 952 546 tur,
965 513 1013 541 sed
1031 513 1168 548 quomodo
1179 513 1214 541 ad
1226 513 1361 543 dictiones
1373 522 1455 542 sensa
1470 520 1564 542 coacta
1579 518 1686 551 pertra-

898 558 959 592 hat,
976 564 1058 595 atque
1077 560 1251 589 sonantiores
1268 567 1350 588 voces
1370 560 1544 596 colligentem
1567 569 1602 588 ex
1623 561 1686 597 qui-

898 603 1014 632 busdam
1027 605 1147 639 scriptis.
1158 604 1191 632 Et
1202 605 1432 640 quemadmodum
1446 604 1564 633 mendici
1574 610 1686 641 propter

898 650 1042 686 penuriam
1067 651 1151 679 vestis
1167 659 1201 679 ex
1218 651 1367 680 laceris-et
1389 651 1498 680 detritis
1521 651 1686 687 quibusdam
1729 668 1733 672 ς

898 697 1055 732 panniculis
1069 697 1181 726 tunicas
1196 705 1247 726 acu
1262 703 1416 734 pungentes
1429 701 1567 725 consuunt
1579 707 1587 725 :
1605 697 1646 725 sic
1659 701 1687 726 et

898 744 972 772 hunc
987 744 1069 771 aliam
1087 744 1154 772 alibi
1171 744 1318 773 dictionem
1336 745 1528 780 decerpentem
1540 764 1548 777 ,
1569 752 1618 780 per
1637 745 1688 773 has

899 791 953 818 sibi
977 791 1060 826 hujus
1087 791 1220 819 orationis
1246 796 1391 820 centonem
1417 792 1609 825 contexuisse,
1631 799 1687 819 non

900 837 959 865 sine
969 837 1080 865 miseria
1090 837 1236 865 verborum
1248 833 1459 865 commissuram
1471 837 1687 872 compingcntem

899 887 927 911 et
941 888 1152 918 componentem
1161 902 1169 915 ,
1181 882 1262 917 cujus
1275 882 1380 911 lubrica
1392 883 1557 918 etjuvenilis
1573 882 1689 910 ambitio

899 928 933 956 ad
949 933 1089 957 certamen
1107 929 1167 957 viro
1182 929 1216 957 ad
1230 929 1374 957 veritatem
1392 929 1526 964 spectanti
1541 932 1597 956 tam
1611 936 1689 963 repu-

898 975 998 1003 dianda
1012 981 1054 1004 est
1066 995 1074 1009 ,
1089 983 1170 1011 quam
1184 976 1292 1003 athleta:
1308 975 1390 1004 alicui
1407 975 1471 1003 forti
1485 979 1513 1002 et
1527 979 1591 1002 natu
1608 983 1690 1010 grano

897 1023 968 1050 diori
979 1043 986 1055 ,
1004 1030 1094 1058 neque
1107 1023 1250 1051 amoribus
1267 1024 1385 1058 amplius
1402 1023 1516 1055 idoneo,
1533 1021 1689 1057 superﬂuus

898 1074 926 1096 et
953 1073 1081 1104 comptus
1102 1069 1246 1098 muliebris
1270 1069 1362 1097 cultus
1387 1073 1414 1097 et
1439 1073 1554 1097 ornatus
1579 1072 1621 1096 est
1644 1068 1690 1096 iu-

899 1114 1024 1151 giendus.
1053 1114 1107 1143 Sed
1130 1115 1215 1143 totius
1242 1115 1492 1151 argumentationis
1517 1118 1545 1143 et
1572 1118 1689 1142 conatus

899 1167 983 1196 scopo
1000 1160 1120 1188 breviter
1135 1168 1270 1195 percurso
1282 1180 1290 1192 ,
1312 1160 1408 1195 longas
1427 1160 1575 1188 verborum
1596 1159 1690 1187 amba-

897 1211 946 1239 ges
959 1207 986 1231 et
1001 1203 1133 1232 circuitus
1145 1204 1244 1239 jubere
1258 1205 1349 1233 valere
1363 1212 1473 1233 censeo.
1489 1205 1574 1241 igitur
1585 1204 1689 1232 dictum

898 1254 936 1277 est
958 1257 974 1276 a
994 1250 1076 1278 nobis
1097 1249 1241 1284 (doctoris
1264 1250 1336 1278 enim
1356 1258 1511 1278 sermonem
1533 1250 1600 1277 mihi
1622 1257 1687 1285 pro-

898 1295 988 1330 prium
1001 1299 1029 1323 et
1045 1295 1224 1322 domesticum
1241 1294 1332 1329 facio)
1350 1295 1384 1322 de
1398 1294 1491 1322 divina
1515 1298 1614 1322 natura
1637 1302 1691 1323 nos

899 1340 1075 1376 perexiguam
1091 1344 1118 1369 et
1133 1340 1278 1368 obscuram
1292 1341 1371 1369 valde
1391 1344 1440 1376 per
1462 1341 1690 1369 ratiocinationes

899 1387 1099 1423 perceptionem
1114 1392 1142 1414 et
1154 1387 1427 1422 c0mprehensionem
1444 1387 1544 1414 habere
1557 1395 1565 1414 :
1582 1394 1692 1415 verum-

899 1435 990 1459 tamen
1007 1435 1108 1459 nostrae
1123 1431 1263 1460 facultatis
1276 1431 1423 1467 exiguitate
1437 1436 1582 1462 contentos
1597 1439 1645 1467 per
1659 1440 1692 1460 ea

899 1477 1012 1505 nomina
1026 1485 1087 1513 quae
1102 1477 1136 1505 de
1152 1477 1211 1513 ipsa
1230 1478 1274 1513 pie
1289 1478 1431 1511 dicuntur,
1449 1477 1628 1506 sullicientem
1645 1485 1693 1506 co-

902 1524 1051 1560 gnitionem
1075 1531 1127 1552 nos
1148 1524 1297 1560 colligere:
1321 1524 1419 1552 horum
1440 1528 1529 1552 autem
1550 1525 1692 1552 nominum

904 1571 1024 1600 dicimus
1041 1579 1096 1599 non
1113 1579 1175 1600 esse
1191 1571 1314 1599 omnium
1333 1570 1496 1599 uniformem
1515 1571 1693 1607 signiﬁcatio-

904 1626 986 1651 nem,
1012 1617 1059 1645 sed
1085 1617 1208 1653 quadam
1234 1625 1329 1646 eorum
1356 1625 1416 1653 quae
1440 1618 1534 1645 insunt
1548 1617 1622 1650 Deo,
1640 1617 1693 1644 alia

904 1672 970 1692 vcro
982 1672 1077 1692 eorum
1092 1672 1153 1698 quae
1166 1664 1201 1691 ab
1216 1671 1248 1692 eo
1260 1663 1380 1696 absunt,
1395 1663 1565 1691 notationem
1579 1663 1693 1696 habere,

905 1713 936 1738 ut
951 1718 1012 1738 cum
1028 1710 1134 1745 justum
1151 1710 1240 1745 ipsutn
1257 1713 1285 1737 et
1303 1709 1538 1745 incorruptibilem
1559 1708 1693 1742 dicimus,

902 1756 979 1792 justo
992 1757 1101 1792 quidem
1121 1756 1214 1784 inesse
1232 1756 1385 1792 justitiam,
1404 1755 1609 1791 incorruptibili
1629 1763 1695 1784 vero

905 1810 960 1830 non
976 1803 1067 1831 inesse
1089 1802 1231 1829 interitum
1254 1802 1486 1829 demonstramus.
1505 1801 1581 1829 Licet
1597 1808 1694 1829 rursus

906 1847 988 1874 ctiam
1004 1847 1116 1874 mutatis
1132 1846 1381 1882 significationibus
1396 1846 1455 1873 vice
1471 1853 1551 1873 versa
1571 1845 1626 1873 Deo
1644 1853 1696 1873 no-

907 1893 981 1920 mina
998 1893 1169 1920 cohaerenter
1184 1892 1392 1920 accommodare
1402 1912 1409 1925 ,
1423 1892 1459 1919 ita
1475 1895 1506 1919 ut
1518 1891 1571 1918 hoc
1583 1891 1694 1926 quidem

909 1939 983 1974 quod
1001 1939 1077 1966 nullo
1099 1938 1181 1966 modo
1203 1938 1347 1972 convenit,
1375 1937 1449 1973 quod
1475 1937 1527 1972 ipsi
1551 1937 1694 1972 pr0prium

907 1989 967 2017 est,
984 1992 1016 2012 eo
1032 1992 1099 2012 vero
1113 1984 1185 2020 quod
1201 1983 1296 2016 adest,
1313 1983 1386 2020 quod
1401 1983 1435 2010 ab
1455 1990 1487 2010 eo
1509 1986 1552 2011 est
1575 1983 1694 2010 alienum

907 2033 1128 2065 repraesentetur.
1144 2029 1212 2056 Nam
1228 2036 1290 2056 cum
1307 2028 1441 2063 injustitia
1456 2027 1571 2063 justitiae
1587 2032 1695 2055 contra-

907 2077 948 2104 ria
973 2077 1151 2112 intelligatur,
1171 2080 1198 2103 et
1219 2075 1341 2103 interitui
1361 2075 1501 2103 aeternitas
1522 2075 1694 2107 adversetur,

907 2123 949 2152 fas
961 2129 1004 2152 est
1019 2123 1215 2150 convenienter
1232 2122 1271 2149 uti
1295 2122 1322 2150 in
1340 2121 1394 2149 Deo
1416 2121 1582 2154 contrariis,
1606 2129 1696 2157 neque

908 2171 1038 2198 aberrare
1054 2170 1088 2197 ab
1104 2177 1138 2197 eo
1150 2169 1222 2205 quod
1237 2169 1385 2201 convenit,
1402 2168 1518 2196 dicendo
1532 2175 1696 2204 semperque

909 2216 997 2250 ipsum
1012 2222 1074 2242 esse
1085 2218 1112 2242 et
1124 2214 1257 2249 injustum
1269 2221 1324 2241 non
1337 2221 1398 2241 esse
1410 2223 1417 2241 :
1430 2212 1504 2248 quod
1517 2213 1581 2241 huic
1592 2213 1697 2248 aequale

909 2266 961 2294 est,
973 2269 1070 2296 nempe
1081 2261 1174 2288 dicere
1184 2260 1288 2294 justum
1300 2267 1361 2287 esse
1369 2263 1396 2287 et
1404 2266 1460 2286 non
1473 2259 1611 2287 interitum
1625 2259 1698 2286 acci-

909 2315 991 2344 pere:
1007 2308 1047 2335 sic
1062 2307 1144 2335 etiam
1159 2306 1265 2341 reliqua
1280 2306 1392 2340 nomina
1406 2305 1523 2341 quadam
1539 2309 1697 2333 transsum-

910 2353 1003 2389 ptione
1027 2352 1236 2388 signiﬁcationis
1256 2351 1291 2380 ad
1314 2355 1459 2387 utramque
1483 2351 1697 2379 declarationem

910 2404 973 2436 apte
986 2403 1013 2427 et
1027 2401 1210 2434 congruenter
1233 2406 1262 2426 se
1280 2397 1382 2425 habere
1403 2397 1573 2430 asset-imus,
1595 2400 1626 2424 ut
1648 2398 1698 2424 bo-

911 2454 976 2473 num
992 2449 1018 2472 et
1033 2443 1202 2476 immortale,
1216 2447 1243 2471 et
1256 2443 1348 2470 omnia
1365 2451 1425 2478 qua:
1438 2443 1520 2471 simili
1536 2443 1622 2471 forma
1638 2442 1700 2470 eiic-

911 2495 1030 2525 runtur;
1049 2493 1140 2526 potest
1154 2489 1226 2517 enim
1241 2489 1458 2524 unumquodque
1482 2488 1580 2516 horum
1594 2508 1601 2521 ,
1618 2487 1699 2515 aliter

911 2542 994 2573 atque
1008 2537 1087 2564 aliter
1105 2539 1325 2570 transsumptum
1337 2555 1344 2567 ,
1361 2539 1387 2562 et
1407 2534 1480 2570 quod
1497 2535 1566 2561 inest
1582 2537 1608 2560 et
1625 2532 1699 2567 quod

911 2593 968 2612 non
986 2584 1057 2612 inest
1073 2583 1100 2611 in
1118 2583 1210 2611 divina
1228 2586 1326 2610 natura
1346 2581 1477 2609 indicare.
1501 2580 1538 2607 ita
1560 2584 1588 2607 ut
1612 2579 1699 2614 ﬁgura

912 2631 1054 2659 nominum
1068 2634 1172 2657 mutata
1182 2649 1189 2662 ,
1203 2628 1248 2665 pia
1261 2629 1289 2656 in
1304 2627 1427 2663 subjecto
1441 2625 1619 2660 intelligentia
1638 2632 1698 2652 ma-

912 2681 977 2705 neat
991 2676 1161 2704 immobilis:
1178 2675 1249 2703 idem
1265 2674 1337 2702 enim
1354 2677 1396 2701 est
1415 2673 1498 2700 Deum
1514 2670 1700 2706 improbitatis

914 2729 968 2750 non
985 2729 1112 2757 capacem
1132 2721 1240 2753 dicere,
1257 2723 1283 2747 et
1300 2720 1400 2747 bonum
1418 2717 1578 2750 nominare;
1600 2719 1627 2744 et
1649 2716 1700 2743 im—

914 2769 1058 2798 mortalem
1084 2767 1228 2799 conﬁteri,
1253 2770 1281 2794 et
1304 2771 1412 2799 semper
1435 2762 1573 2790 viventem.
1597 2762 1699 2790 dicere.

67 2816 180 2850 bullam
203 2816 276 2845 enim
316 2815 344 2844 in
366 2816 399 2845 iis
419 2815 568 2845 secundum
592 2815 978 2855 signiﬁcatumrdiﬂcrcntiam
1002 2815 1204 2856 intelligimus,
1227 2812 1273 2842 scd
1297 2819 1380 2840 unum
1419 2814 1535 2846 utraque
1575 2808 1701 2838 oratione
