1923 3071
245 130 300 159 955

872 122 892 150 S
898 143 906 151 .
926 120 1090 150 GREGORH
1109 120 1260 150 NYSSENI

1835 122 1882 150 556

243 190 445 226 signiﬁcamus,
473 186 599 222 quamvis
628 186 681 213 hoc
707 184 817 220 quidem
844 183 1031 220 positionem,
1050 182 1108 210 sive
1124 181 1349 214 aﬂirmationem,
1368 182 1436 209 illud
1469 189 1534 209 vero
1567 182 1740 209 ablationem
1768 189 1820 209 seu
1839 190 1882 210 ne—

245 237 381 271 gationem
397 233 516 268 alicujus
534 232 634 259 habere
646 231 785 258 videatur.

280 283 378 310 Eodem
395 285 475 315 pacto
495 280 617 308 omnium
641 280 808 315 principium
832 278 917 305 Deum
937 277 1032 305 dicen-
1048 278 1072 306 Δ

244 335 299 360 tes,
315 333 342 356 ct
357 335 454 354 rursus
471 327 597 361 ἄναρχον,
615 325 641 353 id
656 330 717 358 est,
733 331 870 352 carentem
885 323 1031 359 principio,

247 376 434 406 nominantes,
453 373 520 400 nihil
536 372 626 407 quoad
643 379 752 399 sensum
773 378 940 406 pugnamus,
956 374 1033 397 utro—

243 427 296 455 que
311 419 420 446 nomine
438 417 587 452 principem
603 420 630 443 et
645 420 785 443 auctorem
802 415 921 442 universi
942 415 1033 442 decla-

245 469 347 493 rantes.
365 466 457 497 Quare
471 463 529 490 sive
550 463 685 498 principio
707 466 844 489 carentem
866 461 1032 494 dixerimus,

245 513 302 541 sive
325 511 445 538 universi
473 513 629 541 auctorem,
654 509 705 535 hoc
731 508 839 543 quidem
856 507 928 542 quod
943 508 1032 540 inest,

244 557 330 583 altero
356 563 437 587 vero,
463 555 535 589 quod
563 562 615 580 non
644 555 715 580 inest
739 553 939 587 expressimus.
963 551 1030 578 Cum

244 602 285 629 fas
299 602 348 632 sit,
365 601 436 627 sicut
449 600 551 626 dictum
566 602 625 629 est,
642 606 689 633 per
701 598 915 633 signillcatorum
932 597 1031 624 immu«

245 648 374 674 tationem
387 667 394 677 ,
414 646 556 672 nominum
573 645 788 680 signiﬁcationes
813 644 840 671 in
861 643 1031 670 contrarium

244 696 447 724 transmutare,
478 696 505 718 et
532 699 606 718 nunc
635 690 746 725 quidem
775 690 952 717 dissentanco
980 697 1031 716 no—

243 738 317 765 mine
339 745 387 772 per
408 737 552 771 quamdam
576 736 842 770 transﬁgurationcm
864 735 938 770 quod
961 735 1031 762 inest

245 788 338 810 notum
363 783 440 814 ﬁeri,
463 787 490 809 et
514 784 600 810 altero
627 783 766 809 alterum:
790 782 855 809 licet
880 782 952 809 enim
981 788 1031 816 pro

243 836 276 856 eo
302 827 375 862 quod
398 827 546 858 diceretur,
572 826 736 861 Principium
762 826 820 860 ipse
845 833 900 853 non
927 825 1029 860 habet,

244 873 357 901 delinire
373 874 462 908 ipsum
478 880 539 900 esse
554 872 675 899 universi
691 871 855 907 principium
869 891 876 903 ,
893 875 920 899 et
935 877 1031 899 contra

244 927 293 955 pro
321 920 389 952 hoc,
419 920 508 954 ipsum
535 919 623 946 solum
650 918 772 946 confiteri
803 918 884 946 modo
910 918 1031 953 ingenito

243 965 300 993 sive
317 965 542 1000 ingenerabiliter
557 964 715 992 subsistere.
725 965 763 991 lta
778 968 807 991 ut
825 964 906 992 verba
921 964 1029 999 quidem
1048 959 1069 987 Β

244 1011 387 1038 videantur
413 1012 506 1045 ﬁgura:
535 1010 724 1037 immutatione
748 1009 904 1037 ilill‘erenter
927 1017 956 1036 sc
984 1009 1032 1036 ha-

243 1057 317 1087 bere,
338 1055 506 1082 intellectum
525 1063 590 1082 vero
605 1055 640 1090 ,in
661 1056 703 1083 his
715 1063 776 1090 qua:
791 1055 929 1086 dicuntur.
948 1062 1030 1082 unum

243 1101 425 1137 eumdemque
441 1108 617 1136 permanere;
643 1101 695 1128 hoc
718 1101 791 1128 enim
815 1104 857 1128 est
877 1100 950 1135 quod
973 1104 1032 1128 stu-

242 1149 319 1176 diose
342 1147 510 1182 perquiritur
531 1148 559 1174 in
586 1147 627 1175 his
645 1155 705 1182 qua:
721 1147 754 1174 de
774 1147 829 1174 Deo
852 1147 1033 1174 instituuntur

241 1194 425 1226 sermonibus,
443 1197 473 1220 ut
492 1200 547 1219 non
572 1193 718 1220 verborum
744 1200 853 1220 suavem
874 1196 902 1219 et
925 1193 1031 1219 dulcem

241 1249 350 1272 sonum,
365 1240 492 1275 quodque
506 1240 672 1267 concinnum
692 1243 719 1266 et
744 1239 924 1271 modulatum,
945 1243 1032 1266 atten-

240 1286 349 1318 damus,
365 1285 412 1313 sed
430 1290 458 1312 ut
471 1285 543 1320 piam
555 1284 760 1319 intelligentiam
772 1285 967 1319 excogitemus.
983 1291 1032 1318 per

240 1339 322 1366 quam
340 1331 470 1359 decorum
489 1330 523 1357 de
544 1330 598 1358 Deo
620 1329 817 1357 existimationi
840 1333 1029 1356 conservetur.

241 1376 374 1410 Quoniam
392 1376 474 1411 igitur
497 1376 571 1411 pium
589 1379 632 1404 est
654 1375 787 1403 rationem
803 1374 945 1410 complecti
971 1375 1033 1402 uni—

240 1423 313 1450 versi
327 1427 479 1454 auctorem,
498 1422 587 1457 ipsum
607 1429 718 1449 causam
739 1429 794 1449 non
812 1421 912 1448 habere
938 1427 1033 1456 super-

241 1469 359 1503 positam
380 1478 386 1496 :
410 1468 462 1495 hac
481 1468 616 1496 sententia
633 1467 713 1495 nobis
727 1467 833 1494 ﬁrmata
851 1470 878 1493 et
894 1470 1031 1499 manente,

240 1522 365 1550 quaenam
378 1514 494 1548 amplius
509 1517 600 1541 mente
618 1513 740 1548 praeditis
753 1516 780 1540 et
796 1516 870 1540 recte
882 1511 1032 1546 judicanti-

241 1561 293 1588 bus
310 1560 454 1587 verborum
475 1559 665 1586 controversia
693 1562 720 1585 et
740 1566 831 1593 pugna
853 1557 1034 1592 relinquitu‘?

241 1605 309 1632 Cum
325 1613 374 1632 vox
389 1605 479 1631 omnis
495 1612 549 1639 qua
572 1604 625 1631 tale
638 1603 721 1630 animi
740 1611 850 1630 sensum
875 1603 1034 1630 enuntiatur

241 1650 313 1678 idem
337 1650 480 1685 exprimat.
512 1650 575 1677 Sive
600 1649 673 1677 enim
694 1649 856 1683 principium
887 1648 976 1683 ipsum
1007 1653 1033 1676 et

241 1703 352 1723 causam
366 1695 486 1723 universi
505 1703 564 1722 esse
580 1695 667 1726 dicas,
686 1695 744 1721 sive
769 1694 904 1729 principio
932 1702 1029 1721 caren-

242 1746 297 1768 tem
316 1749 377 1769 esse
397 1749 459 1768 eum
484 1741 620 1774 nomines,
642 1740 699 1767 sive
713 1739 835 1775 ingenito
863 1739 942 1766 modo
961 1747 1031 1772 esse,

241 1788 299 1815 sive
313 1795 346 1814 ex
358 1788 509 1815 aeternitate
530 1787 692 1818 subsistere,
710 1786 767 1814 sive
786 1786 906 1813 universi
931 1790 1029 1812 aucto-

242 1840 309 1863 rem,
342 1833 399 1859 sive
411 1839 443 1859 ex
461 1833 533 1858 nulla
553 1840 636 1859 causa
651 1831 749 1862 solum,
765 1831 822 1858 hinc
836 1831 926 1858 omnia
938 1831 1032 1865 hujus-

240 1877 314 1904 modi
345 1878 462 1912 mqualia
485 1882 549 1905 sunt
573 1878 690 1912 quodam
709 1878 790 1904 modo
806 1877 877 1904 inter
889 1886 927 1908 se.
945 1886 1032 1912 quan-

241 1927 297 1950 tum
322 1923 357 1950 ad
383 1923 598 1958 signiﬁcatorum
623 1923 678 1950 vim
700 1923 805 1950 attinet.
830 1924 862 1949 Et
887 1931 974 1950 vanus
991 1927 1032 1950 est

240 1968 287 2002 qui
305 1969 457 1995 reluctatur
474 1973 499 1996 ct
516 1969 657 1996 contendit
677 1969 750 1996 circa
782 1970 863 1995 talem
894 1970 968 1996 vocis
988 1977 1032 1996 so-

239 2023 317 2046 num,
336 2019 464 2050 tanquam
483 2022 536 2042 non
554 2016 581 2041 in
609 2019 698 2041 mente
723 2019 750 2041 ct
769 2014 913 2045 sentcntia,
928 2015 973 2042 sed
1005 2015 1032 2042 in

240 2061 352 2096 syllabis
367 2065 393 2088 et
402 2061 477 2088 sonis
492 2061 625 2088 consistat
636 2061 732 2095 pietas.
748 2059 804 2088 llac
824 2060 908 2095 igitur
925 2060 1029 2088 intellia

241 2107 330 2140 gentia
347 2114 362 2133 a
379 2105 492 2133 doctore
508 2106 654 2133 articulate
674 2105 814 2137 distincta,
830 2113 877 2140 per
894 2113 974 2140 quam
989 2106 1031 2133 his

239 2152 287 2186 qui
304 2159 358 2178 non
383 2152 512 2179 lueretico
529 2151 664 2178 velamine
685 2151 797 2178 obducti
813 2154 877 2177 sunt
903 2154 929 2178 et
944 2151 1030 2186 operti

240 2198 304 2224 licet
327 2198 491 2231 perspicere,
519 2196 590 2231 quod
612 2204 714 2224 numen
740 2196 985 2232 quomodoeunque
1001 2205 1032 2225 se

239 2243 351 2274 habeat,
370 2243 519 2270 secundum
539 2247 666 2269 naturam
697 2250 806 2269 omnem
832 2242 901 2277 fugit
929 2248 1031 2271 tactum

1127 273 1265 305 Ὡσαύτως
1283 273 1332 299 καὶ
1355 273 1462 300 πάντων
1481 273 1569 308 ἀρχὴν
1590 273 1716 306 λέγοντες
1736 274 1788 301 τὸν
1811 275 1880 305 om,

1085 321 1132 348 καὶ
1149 319 1230 347 πάλιν
1255 319 1371 354 ἄναρχον
1385 317 1573 353 ὀνομάζοντες,
1587 318 1662 344 οὐδὲν
1676 319 1757 346 κατὰ
1781 320 1833 351 τὰς
1847 321 1880 346 ὲν-

1085 366 1159 398 vola;
1177 365 1328 401 μαχόμεθα,
1341 364 1402 391 καθ’
1415 364 1544 401 ἑκάτερον
1559 364 1614 391 τῶν
1623 365 1790 400 λεγομένων
1802 367 1881 402 ἀρτη-

1085 413 1132 447 γδν
1143 412 1190 439 καὶ
1205 412 1291 439 αἴτιον
1311 408 1381 437 εἶναι
1395 411 1442 437 τοῦ
1457 411 1556 442 παντὸς
1571 411 1791 446 ἀποφαίνοντες.
1808 413 1880 438 Ὦπι

1083 459 1136 486 κᾶν
1151 459 1267 494 ᾶναρχον
1280 457 1410 492 εἴπωμεν,
1425 456 1476 483 κᾶν
1488 456 1535 483 τοῦ
1546 457 1644 489 παντὸς
1659 458 1837 493 ἀρχηγέτην,
1849 459 1880 491 a3

1086 506 1135 542 μὲν
1149 506 1178 532 τὸ
1204 504 1316 540 προσὸν,
1332 504 1371 539 τῷ
1394 503 1510 539 δευτέρῳ
1526 503 1554 530 δὲ
1577 503 1607 530 τὸ
1625 504 1663 540 μὴ
1682 505 1796 540 προσὸν
1818 514 1880 539 παρ-

1084 552 1247 586 εστήσαμεν.
1273 549 1389 577 Δυνατοῦ
1408 549 1493 581 ὄντος,
1517 549 1607 581 καθὼς
1623 550 1750 585 εἴρηται,
1770 550 1816 576 διὰ
1839 551 1879 583 εἰς

1083 598 1137 624 τῶν
1159 597 1365 632 σημαινομένων
1381 596 1549 631 ὑπαλλαγῆς,
1575 596 1749 631 μεταλλάξαι
1772 598 1842 632 πρὸς
1855 598 1880 622 τὶ

1084 643 1204 670 ἐναντίον
1227 642 1276 674 τὰς
1302 642 1354 668 τῶν
1379 642 1518 677 ὀνομάτων
1535 642 1678 677 ἐμφάσεις,
1707 643 1760 669 καὶ
1785 643 1824 678 τῷ
1838 644 1879 669 νῦν

1083 689 1281 724 ἀπεμφαίνοντι
1297 689 1365 720 τέως
1379 688 1490 722 ὀνόματι
1511 689 1554 715 διά
1578 697 1650 720 τινος
1671 697 1880 725 μετασχηματι-

1084 734 1153 770 σμοῦ
1168 734 1198 760 τὸ
1212 733 1312 769 προσὸν
1328 734 1526 769 γνωρισθῆναι·
1546 734 1593 760 καὶ
1607 734 1646 769 τῷ
1662 735 1757 770 ἑτέρῳ
1784 737 1815 762 τὸ
1830 737 1879 761 ἐτε-

1085 789 1140 816 ρον.
1160 780 1267 813 Ἔξεστι
1285 779 1339 816 γὰρ
1357 780 1418 806 ἀντὶ
1447 779 1494 806 τοῦ
1521 780 1608 815 ἀρχὴν
1632 781 1718 807 αὑτὸν
1748 782 1789 816 μὴ
1814 781 1878 816 ἔχειν

1083 827 1179 859 εἰπεῖν,
1195 827 1226 852 τὸ
1241 826 1329 862 ἀρχὴν
1351 826 1430 853 αὑτὸν
1445 825 1493 852 τοῦ
1517 826 1617 858 παντὸς
1632 825 1705 854 εἶναι
1726 827 1877 862 ὁρίσασθαι,

1083 873 1130 900 καὶ
1147 873 1207 899 ἀντὶ
1230 872 1326 899 τούτου
1348 872 1439 903 πάλιν,
1457 872 1488 898 τὸ
1515 872 1594 907 μόνον
1613 873 1698 899 αὑτὸν
1725 873 1878 908 ἀγενήτως

1083 919 1223 954 ὁμολογεῖν
1247 918 1404 952 ὑφεστάναι.
1423 919 1502 944 Ὥστε
1519 918 1554 945 τὰ
1577 918 1626 953 μὲν
1654 920 1775 954 ῥήματα
1800 920 1876 946 δοιεῇ

1084 966 1117 1000 τῇ
1135 964 1181 991 τοῦ
1198 965 1336 1000 σχήματος
1348 965 1481 1000 ἐξαλλαγῇ
1501 965 1639 1001 διαφόρως
1657 967 1736 1001 ἔχειν
1751 967 1823 1002 πρὸς
1840 968 1877 994 ἄλ-

1085 1010 1163 1045 ληλα,
1179 1009 1225 1036 τὸν
1239 1010 1267 1036 δὲ
1277 1009 1340 1036 νοῦν
1351 1010 1382 1037 ἐν
1394 1012 1448 1042 τοῖς
1465 1010 1621 1045 λεγομένοις
1641 1012 1690 1038 ἕνα
1711 1013 1764 1039 καὶ
1781 1013 1827 1040 τὶν
1842 1015 1879 1040 αξι-

1084 1055 1129 1081 τδν
1150 1055 1297 1089 διαμένειν.
1316 1055 1352 1081 Τὸ
1371 1054 1425 1091 γὰρ
1450 1055 1667 1091 σπουδαζόμενον
1691 1058 1724 1084 ὲν
1745 1059 1805 1089 τοῖς
1823 1059 1878 1093 περὶ

1085 1099 1152 1126 Θεοῦ
1165 1100 1253 1134 λόγοις
1266 1100 1349 1132 ἐστὶν,
1364 1101 1423 1135 οὐχὶ
1438 1101 1568 1136 ῥημάτων
1578 1101 1721 1135 εὐφωνίαν
1737 1103 1877 1138 εὔκρουτόι

1085 1153 1114 1171 τε
1127 1145 1175 1172 καὶ
1195 1144 1354 1180 ἐναρμόνιον
1368 1144 1530 1179 ἐπινοῆσαι·
1558 1145 1615 1172 ἀλλ’
1632 1147 1741 1182 εὐσεϐῆ
1766 1148 1878 1174 διάνοιαν

1085 1189 1204 1223 ἐξευρεῖν
1222 1189 1255 1216 δι⁴
1267 1187 1300 1225 ἦς
1315 1190 1345 1216 τὸ
1361 1190 1465 1225 πρέπον
1483 1190 1515 1226 τῇ
1534 1191 1666 1226 onem-ta
1683 1195 1719 1228 τῇ
1737 1195 1805 1228 περὶ
1817 1194 1877 1220 θεοῦ

1086 1234 1296 1270 φυλαχϐήσεται.
1317 1235 1426 1271 Ἐπειδὴ
1441 1236 1528 1262 τοίνυν
1539 1237 1648 1269 εὐσεϐὲς
1659 1238 1824 1273 λογίζεσθαι
1838 1241 1876 1266 τὸν

1085 1280 1132 1306 τοῦ
1149 1280 1247 1311 παντὸς
1275 1279 1370 1312 αἴτιον,
1391 1281 1472 1308 αὑτὸν
1496 1282 1585 1309 αἰτίαν
1603 1284 1639 1318 μὴ
1660 1283 1737 1319 ἔχειν
1758 1286 1876 1321 ὑπρπιει-

1087 1326 1183 1362 μένην·
1207 1325 1309 1362 ταύτης
1327 1327 1392 1361 ἡμῖν
1411 1327 1460 1362 τῆς
1475 1327 1592 1360 διανοίας
1607 1330 1826 1366 ἐρηρεισμένης,
1841 1331 1876 1362 τίς

1086 1371 1126 1398 ἐτι
1145 1371 1210 1408 περὶ
1232 1372 1266 1398 τὰ
1281 1372 1392 1408 ῥήματα
1412 1374 1468 1405 τοῖς
1484 1374 1546 1401 νοῦν
1571 1375 1680 1410 ἔχουσιν
1703 1376 1878 1404 ὑπολείπεται

1087 1417 1179 1452 edim;
1195 1417 1288 1453 Πάσης
1310 1419 1413 1453 φωνῆς,
1436 1419 1497 1446 καθ’
1511 1420 1544 1455 ἣν
1558 1421 1588 1448 τὸ
1605 1422 1732 1449 τοιοῦτον
1753 1424 1876 1458 ἐξαγγέλ-

1086 1463 1160 1490 λεται
1173 1463 1272 1499 νάημα,
1289 1464 1320 1491 τὸ
1342 1465 1409 1491 αὐτὸ
1428 1466 1613 1502 παριστώσης.
1629 1468 1694 1495 Εἴτε
1724 1470 1785 1506 γὰρ
1799 1471 1878 1506 ἀρχὴν

1085 1510 1166 1536 αὑτὸν
1175 1510 1222 1537 καὶ
1237 1511 1322 1538 αἴτιον
1339 1511 1386 1538 τοῦ
1403 1512 1502 1544 παντὸς
1519 1510 1588 1540 εἷναι
1603 1513 1708 1548 λέγοις,
1725 1516 1787 1543 εἴτε
1801 1517 1876 1552 ἄναρ-

1086 1565 1134 1592 χον
1149 1557 1229 1583 αὑτὸν
1249 1557 1401 1592 ὀνομάζοις,
1418 1558 1473 1585 εἴτε
1498 1560 1653 1595 ἀγεννήτως
1679 1559 1767 1593 εἶναι,
1785 1563 1839 1589 εἴτε
1852 1563 1876 1594 ἐξ

1087 1603 1171 1629 ἀϊδίου
1189 1603 1347 1637 ὑφεστάναι,
1364 1604 1418 1630 εἴτε
1436 1604 1483 1631 τοῦ
1501 1607 1600 1638 παντὸς
1615 1608 1715 1640 αἴτιον,
1733 1609 1793 1636 εἴτε
1806 1610 1833 1642 ἐξ
1843 1610 1876 1636 οὺ-

1046 1635 1069 1665 C
1084 1649 1157 1681 δενὺς
1172 1650 1257 1676 αἰτίου
1275 1650 1365 1685 μόνον,
1386 1651 1475 1678 πάντα
1491 1652 1525 1678 τὰ
1536 1653 1648 1680 τοιαῦτα
1666 1655 1817 1682 ἰσοστάσιά

1083 1694 1208 1730 ἀλλήλοις
1225 1695 1283 1721 ἐστὶ
1305 1695 1376 1721 κατὰ
1391 1695 1440 1731 τὴν
1454 1696 1568 1731 δύναμιν
1584 1698 1639 1724 τῶν
1655 1702 1874 1736 σημαινομένων,

1083 1741 1130 1766 καὶ
1146 1741 1283 1776 ὁμοτίμως
1299 1741 1354 1776 ἔχει
1377 1742 1410 1768 τὰ
1428 1743 1548 1778 ῥήματα.
1563 1744 1617 1770 Καὶ
1637 1745 1758 1779 μάταιος
1777 1749 1792 1773 ὁ
1806 1748 1875 1780 ζυγο-

1085 1786 1178 1822 μαχῶν
1190 1787 1254 1821 περὶ
1269 1788 1314 1814 τὸν
1332 1788 1433 1815 τοιόνδε
1450 1789 1499 1824 τῆς
1513 1790 1604 1825 φωνῆς
1622 1788 1701 1826 ἦχον,
1720 1793 1761 1824 ὡς
1775 1794 1835 1828 οὑχὶ
1847 1795 1873 1827 τῇ

1083 1831 1196 1867 διανοίᾳ,
1212 1834 1272 1864 ταῖς
1288 1832 1316 1858 δὲ
1343 1833 1489 1864 συλλαϐαῖς
1507 1835 1552 1860 καὶ
1566 1836 1622 1864 τοῖς
1644 1836 1783 1870 φθόγγοις
1797 1839 1876 1872 ἐγκει-

1085 1877 1168 1912 μένης
1183 1877 1233 1913 τῆς
1245 1878 1396 1910 εὐσεϐείαςη
1414 1879 1513 1914 ταύτης
1524 1880 1613 1906 τοίνυν
1622 1881 1674 1916 τῆς
1684 1882 1798 1915 ἐννοίας
1807 1884 1875 1918 παρὰ

1083 1924 1130 1950 τοῦ
1153 1923 1311 1950 διδασκάλου
1334 1924 1549 1961 διηρθρωμένης,
1573 1926 1606 1952 δι’
1621 1925 1656 1961 ἦς
1674 1927 1736 1954 ἐστι
1754 1930 1820 1962 τοὺς
1843 1930 1874 1965 μη

1083 1969 1306 2004 κεκαλυμμένους
1330 1969 1369 2004 τῷ
1392 1970 1522 2005 αἱρετικῷ
1541 1972 1760 2008 προκαλύμματι
1788 1976 1873 2009 σαῷς

1082 2015 1183 2047 ὂιῖδεῐν,
1202 2015 1286 2042 ὅτιτὸ
1302 2015 1378 2041 Θεῐον
1396 2016 1470 2047 ὅπως
1496 2017 1528 2044 ἂν
1550 2018 1620 2045 κατὰ
1640 2019 1690 2054 τὴν
1713 2021 1800 2055 φύσιν
1820 2023 1873 2057 ἔχε,

1082 2062 1220 2097 ἀνέπαφόν
1231 2070 1260 2089 τε
1272 2063 1318 2089 καὶ
1332 2062 1524 2098 ἀκατανὸητον,
1540 2064 1587 2090 καὶ
1602 2065 1694 2100 πάσης
1708 2067 1873 2103 ἀντιλήψεως

1081 2109 1131 2143 τῆς
1145 2110 1176 2135 ἐκ
1192 2108 1247 2134 τῶν
1269 2108 1407 2143 λογισμῶν
1426 2109 1591 2144 ὑψηλότερον
1602 2118 1610 2125 ⁸
1629 2112 1646 2145 ἡ
1672 2111 1702 2138 δὲ
1717 2113 1871 2148 ἀνθρωπίνη

1081 2153 1185 2180 διάνοια
1211 2153 1477 2188 πολυπραγμονοῦσα
1497 2154 1544 2181 καὶ
1568 2155 1775 2193 διερευνωμένη
1795 2160 1827 2186 δι’
1841 2157 1871 2186 ὢν

1082 2199 1115 2226 ἂν
1159 2199 1271 2226 δυνατδν
1286 2199 1434 2234 λογισμῶν,
1447 2200 1608 2235 ἐπορέγεται
1621 2203 1670 2229 καὶ
1685 2203 1815 2238 Θιγγάνει
1828 2205 1871 2239 τῆς

1081 2244 1306 2280 ἀπροσπελάστου
1324 2245 1371 2271 καὶ
1395 2245 1500 2280 ὑψηλῆς
1522 2246 1645 2281 φύσεως·
1661 2247 1726 2275 οὗτε
1751 2251 1869 2277 τοσοῦτον

240 2294 418 2321 sensumque,
436 2291 463 2314 et
482 2287 650 2315 intellertum
672 2291 795 2322 superat,
814 2289 943 2324 omnique
964 2297 1031 2317 cou-

1084 2291 1252 2325 ὁξυωποῡσα,
1268 2291 1306 2322 ὠς
1324 2291 1446 2326 ἐναργῶς
1469 2293 1531 2319 ἰδεῖν
1545 2293 1575 2320 τὸ
1593 2294 1721 2330 ἀόρατον,
1738 2296 1802 2323 οὔτε
1813 2298 1870 2324 καθ-

240 2332 421 2366 prehcnsione
437 2340 498 2367 quas
517 2333 668 2361 rationibus
685 2338 803 2366 constat,
821 2334 965 2361 sublimior
989 2339 1031 2364 est

239 2383 267 2405 ct
295 2378 391 2410 altior;
423 2378 541 2405 humana
559 2383 649 2406 autem
677 2379 856 2415 intelligentia
877 2381 985 2409 curiose
1006 2385 1033 2408 et

242 2420 359 2448 sollicite
380 2422 566 2457 pervestigans
582 2427 608 2449 et
623 2428 808 2457 perscrutans,
829 2425 927 2459 quibus
942 2428 1033 2460 potest

239 2467 526 2502 argumentationibus
536 2468 703 2496 inaccessam
712 2473 738 2496 et
749 2470 883 2497 excelsam
893 2471 995 2506 expetit
1005 2474 1033 2499 et

239 2513 350 2548 attingit
364 2516 502 2544 naturam,
514 2521 602 2548 neque
617 2518 671 2540 tam
682 2519 761 2542 acute
776 2523 900 2548 cernens,
915 2520 945 2543 ut
956 2516 1029 2544 clarc

238 2562 266 2585 ct
281 2558 422 2586 evidenter
439 2559 510 2593 quod
535 2559 730 2594 inaspectahile
745 2563 788 2587 est
811 2565 892 2596 queat
916 2561 1027 2594 intueri,

239 2611 329 2638 neque
355 2604 468 2632 omnino
493 2605 530 2632 ita
563 2605 598 2632 ab
620 2612 732 2632 accessu
755 2608 782 2632 et
800 2606 1028 2641 propinquatione

239 2649 373 2684 sejuncta,
400 2653 430 2677 ut
457 2651 557 2677 nullam
585 2651 671 2686 possit
689 2650 758 2685 ejus,
790 2652 862 2686 quod
884 2652 1027 2688 quaeritur,

239 2696 427 2723 adumbratam
444 2696 587 2731 imaginem
603 2704 716 2731 capere;
729 2696 775 2725 sed
787 2702 891 2731 partem
907 2698 1025 2734 aliquam

239 2740 273 2767 de
289 2748 321 2768 eo
337 2742 409 2775 quod
438 2743 571 2776 quaeritur
594 2750 641 2777 per
657 2742 898 2770 ratiocinationum
922 2749 1023 2772 tactum

240 2786 396 2820 conjectura
410 2793 534 2816 assecuta
550 2792 602 2820 est,
614 2789 712 2824 partim
729 2796 792 2816 vero
803 2797 836 2817 ex
851 2798 883 2818 eo
897 2791 969 2826 quod
981 2799 1026 2819 nc-

239 2837 321 2866 queat
335 2833 422 2867 ipsum
441 2835 604 2874 perspicere,
613 2835 812 2870 quodammodo
823 2837 956 2872 cognovit,
968 2838 1024 2866 vcl-

1082 2336 1155 2369 ἀπαξ
1163 2336 1390 2371 ἁπεσχοινισμένη
1400 2337 1449 2371 τῆς
1461 2339 1676 2372 προσεγγίσεως,
1684 2340 1726 2372 ὡς
1739 2342 1868 2377 pnas-uir.

1081 2383 1210 2410 δύνασθαι
1228 2382 1275 2408 τοῦ
1293 2381 1458 2417 ζητουμένου
1478 2383 1568 2410 λαϐεῖν
1586 2386 1722 2413 εἰκασίαν.
1748 2388 1830 2414 Ἀλλὰ
1846 2389 1869 2414 :‘9

1082 2429 1132 2465 μέν
1146 2437 1173 2454 τι
1188 2427 1234 2454 τοῦ
1248 2427 1413 2463 ζητουμένου
1427 2428 1469 2455 διὰ
1485 2429 1535 2464 τῆς
1545 2430 1600 2457 τῶν
1613 2431 1754 2467 λογισμῶν
1768 2435 1868 2469 ἐπαφῆς

1081 2474 1256 2509 ἐστοχάσατο,
1266 2473 1296 2500 τὸ
1311 2474 1348 2505 δὲ,
1358 2474 1422 2500 αὐτὸ
1430 2474 1468 2510 τῷ
1481 2475 1517 2511 μὴ
1532 2475 1661 2503 δύνασθαι
1669 2479 1764 2506 διῖδεῐν
1774 2481 1868 2515 τρόπον

1081 2519 1142 2547 τινὰ
1152 2518 1325 2554 κατενόησεν,
1336 2517 1391 2546 οἶόν
1401 2528 1461 2546 τινα
1473 2521 1573 2554 γνῶσιν
1584 2522 1686 2558 ἐναργῆ
1698 2525 1729 2550 τὸ
1741 2526 1812 2559 ὑπὲρ
1821 2527 1867 2552 πί-

1082 2574 1132 2592 σαν
1142 2565 1242 2600 γνῶσιν
1251 2565 1281 2592 τὸ
1290 2565 1370 2601 ζητού
1375 2574 1454 2601 μενον
1462 2564 1530 2594 εἶναι
1540 2569 1726 2605 ποιησαμένη.
1735 2571 1778 2598 Τά
1786 2580 1813 2598 τε
1821 2572 1868 2606 γὰρ

1082 2611 1289 2647 ἀπεμφαίνοντα
1309 2611 1373 2647 περὶ
1389 2611 1438 2646 τὴν
1452 2611 1525 2638 θείαν
1539 2612 1619 2648 φύσιν
1638 2615 1746 2650 ἐνόησε,
1764 2618 1812 2644 καὶ
1825 2618 1868 2643 ὅσα

1080 2656 1181 2692 πρέπει
1194 2656 1257 2692 περὶ
1265 2656 1349 2691 αὐτὴν
1359 2657 1482 2684 ὑπονοεῖν
1495 2657 1545 2685 οὑκ
1555 2658 1676 2694 ἐνόησεν·
1684 2661 1716 2687 οὐ
1727 2662 1782 2697 μὴν
1791 2663 1867 2697 αὐτὴν

1079 2702 1187 2738 ἐκείνην
1201 2703 1262 2738 ἣτις
1276 2703 1334 2729 ἐστὶ
1351 2704 1413 2739 περὶ
1433 2704 1466 2739 ἢν
1480 2704 1566 2731 ταῦτα
1582 2705 1734 2741 λογίζεται,
1755 2710 1866 2736 κατιδεῖν

1077 2748 1207 2785 ἠδυνήθη,
1224 2748 1282 2775 ἀλλ’
1297 2749 1329 2775 ὲκ
1340 2749 1388 2784 τῆς
1403 2749 1458 2776 τῶν
1467 2751 1623 2786 προσόντων
1637 2761 1666 2778 τε
1679 2754 1728 2780 καὶ
1739 2755 1778 2790 μὴ
1790 2763 1865 2790 προσ-

1077 2794 1159 2821 όντων
1177 2793 1304 2828 γνώσεως
1314 2792 1393 2828 εἶδεν,
1407 2794 1421 2821 ὃ
1439 2795 1518 2830 μόνον
1533 2796 1650 2832 ὀφθῆναι
1661 2798 1777 2827 δυνατόν
1787 2801 1862 2827 ἐστιν.

1080 2839 1140 2866 ’Ότι
1157 2839 1187 2866 τὸ
1205 2839 1303 2872 παντὸς
1330 2839 1379 2875 μὲν
1399 2840 1485 2868 κακοῦ
1503 2841 1643 2877 πόρρωθεν
1670 2844 1823 2881 ἱδρυμένον,
1842 2846 1864 2872 ἐν
