1923 3071
26 99 88 126 957

618 97 758 126 CONTRA
775 97 971 131 EUNOMIUM,
987 97 1051 126 LIB.
1070 98 1128 125 XII.

1633 100 1686 130 933

26 156 129 184 παντὶ
149 155 180 182 δὲ
199 155 342 191 νοούμενον
359 155 463 191 ἀγαθῷ.
479 155 594 188 Πάντως
603 165 630 183 τι
643 155 764 183 τοιοῦτόν
774 157 840 182 ὲστιη

901 158 930 182 ut
951 155 1135 190 cognitionem
1161 152 1332 186 evidentem,
1360 153 1433 189 quod
1464 161 1546 189 super
1575 161 1685 182 omnem

26 199 95 228 οἷον
117 201 199 236 λέγω
213 210 242 228 τε
255 202 374 237 άῤῥητον
393 199 473 235 εἶναι,
489 202 537 229 καὶ
551 202 691 237 λογισμοῖς
714 202 844 229 ἀνεπίϐα-

26 256 83 275 τον
100 247 134 274 δὲ
153 247 231 275 ὄντα.
247 248 341 274 Τοίνυν
359 247 447 280 πάσας
461 247 510 282 μὲν
526 248 576 279 τὰς
595 249 728 283 ἀπρεπεῖς
739 248 844 280 ὲννοίας

26 295 62 320 ἐν
80 295 121 329 τῇ
139 295 209 330 περὶ
227 294 276 328 τῆς
295 293 370 326 θείας
387 294 492 328 φύσεως
509 293 642 329 ὑπολήψει
654 294 700 320 τοῦ
714 294 844 321 διδασκά-

26 339 82 365 λου
105 339 193 374 ἡμῶν
216 339 455 375 ὰποκαθήραντος·
471 341 525 366 πᾶν
544 340 573 366 δὲ
595 341 656 366 ὅσον
675 339 797 375 εὖφημόν
812 348 843 366 τε

26 384 83 410 καὶ
105 384 266 419 θεοπρεπὲς
276 385 339 419 περὶ
354 385 437 420 αὐτὴν
452 386 521 411 νοεῖν
535 384 785 420 συμϐουλεύσαντος
796 385 843 410 καὶ

26 430 216 463 διδάξαντος,
233 431 270 462 ὡς
295 431 356 458 οὔτε
379 440 405 458 τι
423 432 474 458 τῶν
490 431 629 467 φθαρτῶν,
645 431 706 458 οὔτε
727 431 781 458 τῶν
800 431 844 457 διὰ

26 476 183 509 γενέσεως
198 477 238 508 εἰς
254 476 284 502 τὸ
297 475 366 503 εἶναι
382 477 576 512 παρηγμένων,
587 476 618 503 τὸ
635 477 742 512 πρῶτον
755 477 843 504 αἴτιόν

26 521 133 546 ἐστιν’
154 520 223 547 ἀλλὰ
247 521 338 555 πάσης
358 520 484 556 τοιαύτης
508 521 634 552 ὑπονοίας
655 521 708 554 ἕξω
728 522 840 547 νοεῖται.

34 566 93 592 Ἐκ
110 566 142 592 δὲ
159 567 210 602 τῆς
225 568 365 603 ἀρνήσεως
381 567 436 594 τῶν
451 567 488 602 μὴ
504 567 659 602 προσόντων
674 568 720 594 καὶ⁴
739 568 772 594 ὲκ
791 568 842 603 τῆς

27 612 194 646 ὁμολογίας
207 612 261 639 τῶν
284 612 404 644 εὐσεϐῶς
424 613 489 646 περὶ
513 612 594 638 αὑτοῦ
619 612 781 647 νοουμένων,
799 613 840 639 ὅτι

28 657 110 689 ἔστι,
127 658 378 694 καταλαμϐάνεται.

897 201 1036 229 scientiam
1049 201 1095 231 sit,
1108 199 1137 226 id
1149 199 1221 234 quod
1236 199 1375 234 quaeritur.
1390 203 1512 227 statuens
1527 208 1534 226 :
1551 207 1612 227 nam
1628 209 1686 235 qua:

893 246 1065 273 dissentanea
1091 248 1164 276 suntI
1186 252 1236 272 nec
1259 246 1286 271 iu
1307 245 1426 272 divinam
1447 249 1572 272 naturam
1589 246 1687 273 cadere

894 295 1022 326 possunt,
1042 290 1175 317 intellexit
1191 298 1198 316 :
1215 294 1241 316 et
1268 298 1439 325 quaecunque
1459 291 1494 317 de
1524 291 1584 325 ipsa
1611 291 1687 318 decet

894 338 1011 372 opinari,
1030 345 1083 363 non
1100 338 1186 364 novit.
1201 335 1261 363 Non
1277 341 1365 363 tamen
1377 337 1450 363 illam
1466 337 1551 371 ipsam
1562 344 1685 371 quaenam

894 383 930 410 sit
946 383 978 410 de
1005 390 1057 418 qua
1077 383 1133 409 haec
1149 383 1254 409 ratione
1275 383 1377 418 colligit
1404 383 1565 417 conspicere
1581 383 1684 417 poluit;

893 429 941 456 sed
952 437 986 456 ex
998 436 1091 456 eorum
1106 436 1166 464 qua:
1181 428 1283 459 insunt,
1298 432 1324 454 et
1339 436 1400 462 qua:
1413 436 1467 455 non
1487 428 1581 456 insunt
1592 429 1686 464 cogni-

893 475 968 502 tione
985 475 1070 507 novit,
1089 474 1163 509 quod
1182 474 1268 501 solum
1287 474 1371 500 videri
1391 478 1490 508 potest.
1513 473 1590 507 Quod
1607 475 1686 509 longe

893 521 1002 556 quidem
1020 521 1053 548 ab
1070 521 1145 547 omni
1172 520 1243 548 malo
1265 520 1398 547 ﬁrmatum
1417 524 1459 547 est
1479 530 1484 547 :
1502 521 1528 547 in
1545 521 1618 548 omni
1638 529 1686 547 au-

895 572 947 595 tem
964 567 1035 593 bono
1057 566 1228 602 intelligitur.
1251 566 1329 599 Quod
1357 566 1467 601 quidem
1498 568 1610 594 omnino
1635 568 1686 595 tale

895 616 948 644 est,
976 612 1055 647 quale
1074 612 1137 639 dico
1168 611 1312 644 inetl‘abile,
1330 617 1357 639 et
1373 613 1509 639 rationum
1540 614 1685 641 momentis

895 658 1173 693 incomprehensibile
1185 663 1213 685 et
1230 658 1418 685 inaccessibilc
1434 666 1504 686 esse.
1517 657 1585 685 Cum
1604 659 1685 694 igitur

29 712 143 732 omnes
177 705 322 732 indecoras
338 705 465 733 notiones
484 713 553 740 quas
588 705 615 732 in
643 704 734 731 divina
762 708 861 732 natura
881 704 989 732 animus
1006 709 1098 739 posset
1117 703 1263 739 suspicari,
1281 704 1409 739 magister
1423 708 1450 732 et
1467 705 1562 732 doctor
1595 711 1689 732 noster

30 752 254 786 perpurgaverit
275 762 282 780 :
307 753 489 787 quodcunque
518 760 584 780 vero
608 751 781 788 praedicabile
810 756 835 780 et
854 752 991 779 laudabile
1009 752 1118 788 Deoque
1138 753 1266 780 decorum
1301 752 1328 779 in
1363 752 1423 787 ipsa
1447 753 1599 788 intelligere
1624 761 1687 780 con-

31 799 165 826 suluerit
190 803 218 827 et
240 800 374 834 docuerit,
395 801 431 828 ita
449 804 479 828 ut
500 808 587 835 Heauc
615 800 837 836 corruptibilium
855 801 1013 836 quidquam,
1034 809 1122 836 neque
1138 809 1231 829 eorum
1249 808 1309 835 quae
1341 809 1388 836 per
1423 801 1623 836 generationem
1658 802 1685 830 in

32 853 137 873 rerum
151 849 276 873 naturam
293 846 424 881 producta
441 851 515 879 sunt,
531 848 618 882 prima
633 855 717 875 causa
732 848 778 879 sit,
816 848 863 874 sed
901 853 977 875 extra
1004 856 1102 875 nomen
1135 848 1214 875 talem
1239 848 1420 882 suspicionem
1445 852 1471 875 et
1495 849 1685 884 cogitationem

34 892 221 926 intelligitur.
252 892 340 926 Atque
360 900 393 920 ex
420 893 562 928 negatione
585 900 681 920 eorum
703 901 764 928 qua:
789 900 844 920 non
863 892 968 926 insunt,
989 898 1015 921 et
1030 902 1062 921 ex
1088 893 1265 921 aiIirmatione
1288 902 1381 922 eorum
1419 902 1480 929 qua:
1499 895 1542 929 pie
1572 896 1605 923 de
1629 897 1684 931 ipso

34 939 251 973 intelliguntur,
269 939 331 973 quia
352 943 405 970 est,
420 940 672 974 comprehenditur.

76 987 207 1022 Μάχεται
221 988 276 1019 τοῖς
292 987 446 1023 εἰρημένοις
461 988 474 1014 ὁ
496 987 608 1023 σφοδρὸς
623 987 692 1014 κατὰ
708 988 759 1022 τῆς
772 987 836 1022 άλη-

906 1005 908 1007 -
925 985 976 1013 llic
991 990 1081 1013 tamen
1098 985 1242 1013 vehemens
1256 985 1377 1014 veritatis
1399 991 1579 1022 oppugnatur,
1603 989 1684 1019 dictis

36 1031 122 1062 οείας
139 1033 303 1068 ἀγωνιστὴς,
315 1033 362 1059 καὶ
376 1032 499 1067 βούλεται
515 1033 560 1059 τὸν
574 1033 674 1059 τοιόνδε
688 1032 734 1059 τοῦ
751 1033 838 1068 ῥήμα-

34 1087 89 1110 τος
103 1076 181 1113 ἦχον,
199 1078 248 1114 τὴν
261 1080 309 1114 τῆς
325 1079 489 1114 ἀγεννησίας
503 1079 575 1113 λέγω
594 1079 696 1114 φωνὴν,
710 1078 839 1113 ἐμφανῶς

36 1124 184 1150 δεικνύναι
200 1124 246 1151 τοῦ
261 1124 328 1151 Θεοῦ
347 1125 396 1160 τὴν
410 1125 514 1152 οὐσίαν.
531 1125 626 1151 Καίτοι
643 1124 723 1151 παντὶ
738 1124 841 1160 πρόδη-

38 1169 91 1195 λον
106 1169 146 1204 τῷ
163 1177 196 1203 γε
217 1169 334 1205 μετρίως
351 1170 549 1205 ὲπεσκεμμένῳ
568 1169 616 1201 τὰς
631 1169 685 1196 τῶν
699 1169 840 1205 ὀνομάτων

40 1214 170 1248 χρήσεις,
186 1213 226 1240 ὅτι
238 1214 255 1249 ἡ
271 1214 408 1251 ἀφθαρςία
421 1214 464 1242 διά
476 1214 522 1242 τοῦ
539 1214 716 1249 ἀφαιρετικοῦ
731 1215 839 1250 μορίου,

40 1259 76 1285 τὸ
103 1258 186 1294 μηδὲν
205 1259 305 1286 τούτων
327 1263 466 1296 προσεῖναι
483 1261 521 1296 τῷ
543 1260 612 1296 Θεῷ,
631 1262 699 1296 μήτε
725 1261 838 1296 φθορὰν,

45 1304 262 1341 μήτενγέννησιν
284 1307 477 1342 ἀποσημαίνει.
509 1307 585 1333 Ἐπεὶ
602 1308 650 1334 καὶ
669 1308 737 1334 ἄλλα
755 1307 841 1336 πολλὰ

41 1349 102 1376 τῶν
115 1350 253 1385 ὀνομάτων
266 1351 414 1387 ὁμοφώνως
429 1352 562 1387 λεγόμενα
574 1353 624 1388 τὴν
634 1352 779 1388 ἀφαίρεσιν
792 1352 840 1379 τοῦ

46 1396 86 1430 μὴ
111 1396 267 1431 προσόντος,
286 1397 317 1423 οὒ
333 1397 382 1433 τὴν
403 1397 476 1424 Θέσιν
498 1398 543 1424 τοῦ
562 1398 637 1430 ὄντος
653 1398 839 1425 ἐνδείκνυται·

42 1441 77 1467 τὸ
94 1440 194 1468 ἄκακον
209 1442 255 1468 καὶ
275 1442 379 1469 ἄλυπον
393 1442 440 1469 καὶ
460 1442 595 1478 ἀπόνηρον
609 1462 617 1474 ,
639 1443 685 1469 καὶ
705 1443 841 1478 ἀτάραχον

45 1488 97 1514 καὶ
111 1487 255 1523 ἀόργητον,
268 1488 382 1520 ἀπαθὲς,
398 1489 588 1524 ἀνεπίληπτον,
599 1489 644 1516 καὶ
654 1489 705 1515 ὅσα
716 1489 840 1516 τοιαῦτα.

46 1532 165 1566 Λέγεται
181 1533 230 1568 μὲν
248 1534 295 1560 καὶ
313 1534 419 1569 άληθῶς
439 1534 525 1562 ταῦτα
535 1555 541 1566 ,
558 1535 605 1562 καὶ
620 1533 675 1561 οἷον
691 1535 841 1569 κατάλογός

47 1586 91 1608 τις
105 1575 140 1613 ἦν
160 1579 207 1605 καὶ
222 1579 410 1615 άπαρίϋμησις
425 1580 478 1606 τῶν
495 1580 564 1614 πρὸς
578 1580 609 1606 τὺ
621 1581 712 1615 χεῖρον
727 1581 841 1616 νοουμέ-

49 1632 113 1655 νων,
129 1620 166 1651 ὧν
182 1624 214 1651 τὸ
223 1626 298 1654 Θεῖον
316 1625 489 1660 κεχώρισται.
505 1626 541 1651 Οὔ
558 1626 612 1660 μήν
626 1634 651 1652 τι
669 1625 732 1660 περ)⁴
751 1624 781 1652 οὖ
795 1626 842 1652 λέ-

891 1032 1050 1063 reluctatur,
1067 1036 1148 1067 atque
1165 1031 1222 1058 vult
1242 1031 1321 1058 talem
1337 1032 1481 1060 verborum
1508 1035 1617 1068 souuiu,
1638 1044 1687 1064 vo-

891 1085 950 1105 cem
965 1078 1014 1113 τῆς
1027 1077 1189 1113 άγεννησίας
1206 1077 1277 1110 dico,
1294 1077 1341 1105 Dei
1362 1079 1509 1107 essentiam
1541 1082 1685 1110 manifeste

896 1123 1097 1152 demonstrare.
1115 1124 1150 1150 At
1165 1125 1252 1152 cuivis
1268 1125 1441 1159 perspicuum
1459 1131 1485 1153 et
1507 1126 1622 1161 clarum,
1637 1125 1682 1163 qui

894 1170 1070 1197 mediocriter
1082 1178 1148 1197 ustis
1157 1170 1296 1197 nominum
1310 1170 1499 1205 considerarit,
1509 1172 1580 1207 quod
1594 1173 1685 1201 incor-

891 1216 1058 1250 ruptibilitas
1075 1223 1122 1251 per
1139 1216 1299 1250 privativam
1316 1216 1491 1251 particulam,
1505 1218 1572 1245 nihil
1588 1226 1684 1247 eorum

893 1260 947 1288 Deo
961 1260 1065 1293 adesse,
1089 1269 1178 1296 neque
1194 1261 1345 1294 interitum,
1362 1270 1449 1297 neque
1467 1267 1556 1290 ortum
1580 1264 1684 1299 signiti-

892 1310 945 1333 cat.
958 1306 1092 1338 Quoniam
1106 1310 1133 1334 et
1149 1306 1202 1333 alia
1223 1307 1307 1333 multa
1324 1308 1434 1334 nomina
1450 1316 1509 1343 qua:
1525 1309 1605 1337 simili
1621 1318 1684 1339 voce

891 1353 1029 1385 dicuntur,
1056 1352 1266 1380 abstractlonem
1283 1353 1342 1388 ejus
1356 1354 1428 1389 quod
1455 1362 1509 1382 non
1525 1355 1608 1388 inest,
1625 1365 1681 1385 non

892 1397 1053 1432 positionem
1069 1397 1130 1432 ejus
1143 1397 1216 1432 quod
1244 1402 1286 1425 est
1313 1398 1471 1426 ostendunt.
1495 1399 1562 1427 [llud
1585 1409 1683 1438 nempe

892 1441 1023 1469 innocens
1037 1445 1064 1468 et
1085 1442 1249 1470 immoestum
1266 1448 1294 1471 et
1320 1443 1480 1478 innocuum,
1499 1446 1683 1483 imperturba-

892 1490 960 1519 tum,
978 1487 1140 1521 impatibile,
1157 1487 1431 1522 incomprehensibile
1447 1494 1474 1518 et
1485 1492 1538 1518 alia
1563 1492 1590 1520 id
1605 1501 1685 1528 gene.

892 1532 947 1564 ris,
973 1533 1101 1560 dicuntur
1117 1533 1226 1568 quidem
1243 1541 1308 1561 vere
1323 1535 1390 1567 lure,
1407 1540 1434 1562 et
1447 1536 1522 1564 velut
1545 1539 1684 1574 catalogus

891 1577 1002 1612 quidam
1026 1583 1096 1605 esset
1116 1582 1143 1605 ct
1173 1579 1297 1605 recensio
1321 1587 1414 1606 eorum
1438 1588 1499 1615 quae
1515 1582 1542 1609 in
1564 1582 1685 1612 deterius

892 1623 1094 1659 intelliguntur,
1110 1631 1124 1650 a
1141 1624 1241 1658 quibus
1258 1623 1361 1652 Numen
1387 1631 1541 1661 separatqu
1558 1632 1609 1656 est.
1626 1629 1686 1657 Non

50 1678 128 1703 γεται
147 1670 191 1697 διὰ
206 1671 260 1697 τῶν
275 1672 412 1706 ὀνομάτων
428 1673 442 1698 ὁ
455 1671 532 1705 λόγος
548 1671 721 1706 παρίστησιν,
737 1671 769 1698 Τί
791 1672 840 1707 μὲν

895 1673 986 1697 tamen
997 1670 1061 1704 quid
1078 1670 1126 1702 sit,
1139 1669 1166 1696 id
1183 1669 1215 1696 de
1226 1677 1280 1704 quo
1295 1669 1434 1705 dicuntur,
1452 1680 1499 1707 per
1508 1673 1564 1700 haec
1574 1675 1685 1702 nomina

51 1716 105 1750 γὰρ
128 1717 176 1751 οὐχ
190 1717 280 1751 ὑγιὲς,
302 1717 335 1743 δι’
356 1714 392 1743 ὧν
412 1717 568 1752 ἠκούσαμεν
587 1717 785 1752 ἑδιδάχθημεν;
808 1717 840 1743 Τί

52 1762 80 1788 δὲ
101 1764 180 1795 ἐστιν,
206 1764 221 1798 ἡ
244 1763 298 1789 τῶν
314 1763 465 1798 εἰρημένων
480 1764 529 1789 οὐκ
547 1762 694 1794 ἐνεδείξατο
716 1763 838 1798 δύναμις.

54 1808 156 1844 Ὥσπερ
171 1808 224 1844 γὰρ
237 1808 314 1840 εἴτις
329 1809 392 1843 περὶ
406 1809 455 1844 τῆς
466 1808 513 1835 τοῦ
526 1808 668 1844 ἀνθρώπου
684 1809 791 1843 φύσεως
803 1810 841 1834 εἰ-

53 1854 113 1880 πεῖν
127 1861 153 1879 τι
165 1852 258 1885 θέλων,
274 1854 304 1880 τὸ
319 1855 386 1889 μήτε
401 1854 503 1888 ἄψυχον
519 1853 603 1887 λέγει,
620 1855 689 1888 μήτε
710 1853 840 1889 ἀναίσθη-

53 1907 108 1931 τον,
125 1899 191 1932 μήτε
208 1898 323 1933 πτηνὸν,
344 1899 412 1934 μήτε
427 1899 578 1933 τετράπουν
589 1919 596 1930 ,
607 1906 610 1908 ⁷
616 1899 653 1933 μὴ
667 1898 793 1934 ἔνυδρον,
810 1899 840 1925 τὸ

53 1943 104 1978 μὲν
125 1942 154 1969 ὂν
177 1943 225 1969 οὐκ
241 1942 388 1974 ἐνεδείξατο
399 1951 405 1958 ·
426 1943 457 1969 τὸ
470 1943 497 1969 δὲ
514 1943 551 1978 μὴ
565 1943 593 1969 ὃν
610 1943 769 1978 διεσάφησε,
793 1943 840 1969 καὶ

49 1989 113 2016 οὔτε
135 1988 258 2023 eaeam;
280 1989 365 2015 ταῦτα
390 1989 454 2024 περὶ
473 1989 519 2015 τοῦ
546 1988 690 2025 ἀνθρώπου
716 1988 838 2021 διεξιὼν,

50 2035 114 2061 οὔτε
129 2035 219 2069 σαφῶς
233 2035 263 2062 τὸ
281 2035 458 2070 ὑποκείμενον
474 2035 618 2062 δείκνυσιν.
638 2035 717 2062 Κατὰ
733 2035 778 2061 τὸν
793 2035 841 2061 αὔ-

50 2082 96 2107 τὺν
111 2081 186 2114 λόγον
204 2081 306 2107 πολλῶν
324 2081 451 2107 τοιούτων
467 2081 530 2116 περὶ
542 2080 591 2116 τὴν
608 2080 682 2107 θείαν
696 2081 776 2115 φύσιν
795 2081 839 2107 λε-

49 2127 183 2162 γομένων,
200 2128 228 2153 ὲν
243 2124 283 2158 οἷς
299 2127 352 2163 χρὴ
367 2126 412 2153 τὸν
428 2127 493 2153 Θεὸν
507 2127 629 2153 ὑπονοεῖν
648 2125 717 2154 εἶναι
735 2127 840 2163 μανθά-

49 2182 134 2208 νομεν
145 2181 151 2188 ·
169 2173 234 2199 αὐτὸ
248 2173 277 2199 δὲ
290 2174 304 2199 ὃ
318 2173 343 2199 τί
360 2182 424 2200 ποτε
439 2171 472 2208 ἦν
490 2174 550 2200 κατ’
568 2173 661 2200 οὐσίαν
676 2173 720 2200 διὰ
734 2173 787 2200 τῶν
803 2175 841 2200 εί-

53 2219 177 2256 ρημένων
189 2219 218 2245 οὺ
234 2218 424 2253 διδασκόμεθα.
443 2217 590 2252 Φεύγοντες
609 2218 638 2244 δὲ
653 2220 734 2246 παντὶ
747 2219 840 2254 τρόπῳ

52 2265 106 2292 τῶν
117 2265 221 2291 ἀτόπων
231 2265 310 2291 τινῶν
324 2265 465 2300 νοημάτων
475 2265 503 2291 ἐν
515 2266 575 2295 ταῖς
590 2265 655 2300 περὶ
669 2264 735 2291 Θεοῦ
750 2264 841 2297 δόξαις

53 2311 250 2345 συνενεχθῆναι,
261 2310 371 2341 πολλαῖς
384 2311 430 2336 καὶ
446 2310 581 2342 ποικίλαις
594 2310 765 2345 ἐπωνυμίαις
778 2310 839 2337 κατ’

893 1723 984 1743 sermo
1011 1716 1149 1750 exprimit.
1176 1715 1245 1748 Quid
1260 1716 1331 1743 enim
1358 1725 1413 1744 non
1439 1726 1547 1752 sanum,
1565 1728 1613 1754 per
1626 1729 1685 1756 qua:

893 1762 1046 1789 audivimus
1065 1762 1154 1789 edocti
1181 1763 1297 1790 sumus?
1319 1762 1389 1795 Quid
1416 1769 1506 1792 autem
1517 1767 1563 1797 sit.
1589 1774 1684 1795 eorum

892 1815 951 1840 qua:
973 1811 1037 1834 sunt
1063 1807 1135 1834 dicta
1155 1807 1195 1834 vis
1211 1815 1265 1834 non
1283 1808 1423 1836 indicavit.
1443 1809 1682 1842 Quemadmodum

890 1853 962 1880 cnim
978 1853 1000 1880 si
1016 1853 1077 1887 quis
1094 1851 1127 1880 de
1144 1853 1260 1880 hominis
1280 1858 1378 1880 natura
1397 1855 1490 1882 dicere
1515 1857 1617 1891 aliquid
1633 1866 1684 1884 cu-

892 1898 969 1933 piens
984 1918 990 1929 .
1008 1906 1096 1932 neque
1111 1898 1260 1925 inanimum
1279 1899 1361 1931 dicat,
1378 1908 1466 1935 neque
1480 1909 1561 1929 sensu
1575 1911 1684 1936 carens,

891 1952 981 1978 neque
998 1944 1118 1975 volucre,
1138 1952 1226 1978 neque
1246 1945 1417 1979 quadrupes,
1445 1954 1532 1981 neque
1548 1949 1684 1982 aquatile;

894 1989 966 2024 quod
981 1989 1091 2023 quidem
1104 1994 1145 2016 est
1164 1997 1217 2016 non
1239 1989 1446 2023 demonstravit,
1467 1992 1515 2019 sed
1540 1994 1613 2027 quod
1629 2002 1683 2021 non

890 2039 932 2062 est
946 2035 1110 2069 explanavit,
1124 2042 1211 2069 neque
1225 2036 1354 2062 mentitur
1368 2035 1424 2062 haec
1434 2037 1468 2064 de
1483 2037 1591 2065 homine
1604 2047 1683 2066 enar-

891 2088 966 2113 rans,
990 2087 1080 2115 neque
1107 2084 1197 2107 tamen
1225 2081 1298 2108 clare
1323 2081 1476 2115 subjectum
1503 2083 1682 2112 demonstrat.

884 2125 991 2153 ’Eadcm
1008 2125 1112 2152 ratione
1126 2126 1211 2152 multa
1238 2126 1302 2153 talia
1318 2134 1380 2153 cum
1401 2127 1491 2154 divina
1515 2134 1613 2156 natura
1642 2130 1684 2157 di-

891 2175 1001 2204 cuntur,
1014 2179 1046 2198 ca
1062 2171 1090 2198 in
1103 2171 1203 2206 quibus
1227 2171 1310 2198 Deum
1323 2179 1384 2200 esse
1398 2173 1503 2208 opinari
1515 2180 1622 2210 oportet
1639 2176 1679 2202 di—

890 2217 993 2244 scimus
1009 2227 1015 2244 :
1033 2217 1122 2252 ipsum
1140 2217 1318 2252 autem,quid
1343 2219 1453 2246 tandem
1476 2225 1518 2247 est
1533 2221 1683 2250 secundum

890 2262 1049 2299 essentiam,
1081 2270 1130 2297 per
1144 2262 1218 2290 dicta
1239 2271 1294 2290 non
1316 2263 1458 2291 docemur.
1473 2264 1617 2301 Fugientes
1633 2275 1684 2294 au-

890 2311 944 2334 tem
965 2308 1040 2334 omni
1058 2309 1186 2335 cautione
1201 2309 1335 2336 absurdas
1362 2309 1469 2344 aliquas
1496 2311 1632 2344 notiones,
1656 2312 1684 2340 in

53 2356 133 2383 αὐτοῦ
148 2355 313 2391 κεχρήμεθα,
332 2355 402 2382 κατὰ
421 2354 470 2391 τὴν
488 2355 542 2382 τῶν
564 2355 692 2383 ἐπινοιῶν
710 2356 840 2391 διαφορὰν

893 2353 935 2380 his
947 2361 1016 2388 quas
1038 2354 1138 2381 habere
1153 2354 1283 2382 debemus
1301 2355 1334 2382 de
1353 2354 1408 2383 Deo
1421 2357 1608 2392 opinionibus,
1624 2359 1683 2384 ani-

51 2403 102 2433 τὶς
126 2401 306 2436 προσηγορίας
331 2401 506 2436 ἁρμόζοντες.
539 2401 615 2427 Ἐπεὶ
632 2402 688 2437 γὰρ
713 2401 745 2428 ἂν
764 2401 840 2428 οὐδὲν

52 2450 136 2482 ἰνομα
150 2447 340 2482 περιληπτικὸν
354 2449 403 2482 τῆς
418 2447 491 2478 θείας
502 2446 645 2482 ἐξεύρηται
660 2447 768 2482 φύσεως
780 2447 840 2474 κατ’

54 2491 135 2520 αὑτοῦ
157 2492 201 2519 τοῦ
225 2493 403 2528 ὑποκειμένου
426 2492 573 2528 προσφυῶς
594 2493 777 2528 τετοιγμένοψ
797 2493 840 2520 διὰ

54 2539 132 2566 τοῦτο
143 2538 246 2570 πολλοῖς
262 2539 389 2574 ὀνόμασιν
404 2539 518 2565 ἑκάστου
536 2538 606 2565 κατὰ
620 2539 767 2575 διαφόρους
777 2540 840 2566 ἐπι-

55 2583 133 2615 ϐολὰς
151 2582 300 2614 ἰδιάζουσαν
313 2591 374 2610 τινα
388 2583 451 2618 περὶ
464 2582 546 2610 αὐτοῦ
563 2582 612 2618 τὴν
626 2583 733 2611 ίέννοιαν
748 2584 839 2610 ποιού-

58 2639 140 2666 μενοι,
156 2630 184 2656 τὺ
203 2630 279 2656 Θεϊον
299 2630 547 2665 προσαγορεύομεν,
562 2630 594 2656 ὲκ
615 2630 666 2664 τῆς
685 2630 840 2662 πολυειδῶς

58 2677 102 2704 καὶ
114 2675 231 2710 ποικίλης
246 2677 305 2702 κατ’
318 2675 400 2702 αὐτοῦ
414 2675 549 2710 σημασίας
563 2675 687 2711 ὀνόματά
701 2684 761 2702 τινα
773 2675 841 2711 πρὸς

57 2721 104 2756 τὴν
120 2720 277 2756 κατανόησιν
298 2720 345 2747 τοῦ
368 2720 534 2756 ζητουμένου
557 2719 590 2755 οη
599 2721 730 2756 ρεύοντες.
759 2722 842 2756 Ἐρω-

58 2766 153 2796 τῶντες
165 2765 218 2801 γὰρ
230 2766 302 2800 ἡμᾶς
315 2765 412 2796 αὐτοὺς
423 2765 467 2791 καὶ
480 2764 678 2798 διεξετά,ζοντες
691 2766 716 2792 τί
727 2766 756 2792 τὸ
765 2766 841 2793 Θεῖὸν

60 2815 123 2844 ἐπι,
134 2807 266 2847 ’διαφόρως
283 2810 502 2846 ἀποφαινόμεθα,
519 2807 576 2837 οἷον
594 2812 624 2838 τὸ
645 2811 841 2848 ὑπερκείμενον

893 2399 1085 2432 misinserere,
1099 2400 1191 2427 multis
1202 2405 1228 2427 et
1243 2401 1324 2429 variis
1333 2402 1542 2437 cognominibus
1555 2404 1581 2430 in
1596 2404 1683 2438 ipsqu

892 2445 933 2473 usi
960 2453 1071 2477 sumus,
1100 2446 1251 2473 secundum
1277 2447 1475 2482 cogitationum
1504 2449 1683 2477 ditI'erentiam

891 2490 1085 2525 appellationes
1100 2492 1350 2520 accommodantes.
1366 2492 1504 2526 Quoniam
1534 2494 1606 2521 enim
1622 2494 1683 2520 nul-

892 2537 946 2562 lum
959 2543 1059 2564 nomen
1079 2537 1177 2565 divina:
1192 2542 1297 2565 natura:
1313 2539 1570 2574 comprehensivum
1589 2539 1682 2567 inven.

891 2588 948 2608 tum
961 2585 1013 2614 est,
1032 2582 1104 2616 quod
1116 2582 1148 2609 ad
1162 2583 1249 2618 ipsius
1268 2583 1383 2618 subjecti
1402 2587 1528 2611 naturam
1543 2584 1682 2610 declarau-

892 2626 954 2653 dam
974 2626 1008 2654 sit
1033 2627 1200 2658 ordinatum,
1233 2634 1376 2663 propterea
1402 2628 1494 2655 multis
1523 2629 1682 2657 nominibus

891 2674 1043 2701 secundum
1067 2674 1223 2702 diﬂ‘erentes
1249 2675 1386 2708 notiones,
1401 2675 1537 2709 cujusque
1563 2675 1682 2709 peculia-

890 2727 947 2747 rem
973 2720 1118 2755 quamdam
1141 2721 1175 2748 de
1196 2728 1229 2748 eo
1252 2721 1389 2748 n0tionem
1411 2720 1554 2752 facientes,
1573 2719 1681 2748 Numen

890 2766 1058 2800 appellamus
1076 2776 1082 2793 :
1105 2774 1139 2793 ex
1164 2766 1324 2793 multiformi
1346 2765 1476 2801 variaque
1497 2765 1531 2793 de
1545 2773 1579 2793 eo
1596 2766 1682 2801 signi-

891 2812 1017 2840 ﬁcatione
1034 2812 1067 2840 ad
1083 2812 1143 2848 ejus
1158 2811 1229 2847 quod
1247 2811 1381 2847 quaeritur
1401 2811 1582 2847 cognitionem
1603 2817 1680 2845 quas-
