1900 3073
34 126 90 156 961

595 119 734 148 CONTRA
753 119 947 153 EUNOMIUM,
967 119 1034 147 LIB.
1053 119 1112 146 ΧΠ.

1606 118 1659 146 962

32 178 124 206 τοίνυν
140 177 289 214 ἐνεργήσας
304 177 366 210 τοὺς
380 177 537 214 οίκτιρμοὺς
549 178 563 205 ὸ
573 176 666 214 Θεὸςῆ
680 177 726 204 τὸν
738 177 822 210 ἔλεον,
838 206 840 210 ,

887 181 899 203 ι
917 177 1030 204 multum
1045 177 1236 204 misericors".
1252 176 1322 210 Quid
1338 176 1419 212 igitur
1437 176 1549 205 dicunt?
1561 177 1659 206 Utrum

34 225 115 260 ἔσχεν
130 225 163 251 ἐκ
175 224 225 256 τῆς
242 224 379 260 ἐνεργείας
393 224 423 250 τὸ
436 224 537 259 ὖνομα;
553 222 626 259 τΑρα
648 224 700 258 πρὸ
713 224 762 258 τῆς
782 223 828 250 ἁν-

34 271 175 307 ϐρωπίνης
193 270 282 306 ζωῆς;
302 271 357 298 Καὶ
371 271 412 303 τίς
429 268 463 306 ἦν
482 272 496 298 ὁ
515 271 562 297 τοῦ
576 271 666 302 ἐλέους
686 271 827 306 δεόμενος;

36 316 105 343 ἀλλὰ
121 316 189 352 μετὰ
199 317 249 351 τὴν
263 317 399 353 ἁμαρτίαν
413 318 521 349 πάντως
532 324 539 332 ·
553 318 569 352 ἡ
584 317 612 343 δὲ
624 317 745 352 ἁμαρτία
761 317 829 351 μετά

36 361 82 388 τὺν
98 361 250 397 ἄνθρωπον.
263 362 367 389 Οὐκοῦν
384 362 452 397 μετὰ
464 362 510 389 τὸν
526 361 667 398 ἄνθρωπον
687 361 733 388 καὶ
746 363 762 396 ἡ
782 361 828 388 τοῦ

37 406 123 432 ἐλεεῖν
138 407 262 442 ἐνέργεια
272 427 279 439 ,
294 408 339 434 καὶ
352 407 398 433 τοῦ
412 407 487 434 ἐλέου
502 406 631 442 τοῦνομα.
648 407 680 434 Τί
697 405 743 434 οῦν
756 406 828 442 ἄρας

36 452 83 486 Μὴ
98 452 145 479 καὶ
160 452 207 479 τοῦ
222 453 304 479 Δαϐὶδ
316 452 522 487 καταγνώσεται
532 474 539 486 ,
557 454 571 480 ὁ
592 453 661 488 ὑπὲρ
681 453 744 484 τοὺς
762 461 830 488 προ-

38 498 128 532 φήτας
144 498 249 533 φρονῶν
259 505 266 513 ·
287 499 327 524 ὅτι
342 498 374 524 δι’
392 494 428 525 ὧν
448 498 543 534 ἐνόησε
560 499 605 525 τὸν
620 499 697 532 Θεὸν,
711 498 754 525 διὰ
769 498 831 525 τού-

38 552 92 570 των
106 543 263 578 ὼνόμασεν;
282 545 316 570 Ἢ
336 544 383 571 καὶ
396 544 464 579 πρὸς
479 544 559 570 αὑτὸν
571 544 768 580 ζυγομαχήσει,
781 545 830 579 τὴν

40 589 144 625 σεμνὴν
159 590 272 624 ,ἐκείνην
290 589 383 625 ὥσπερ
399 591 431 616 ἐκ
445 590 598 625 τραγῳδίας
616 591 763 625 προτείνων
782 591 831 626 ῥῆ-

40 644 102 667 σιν,
149 635 193 661 ὅτι
211 635 260 670 τὴν
279 635 492 671 μακαριωτάτην
517 636 562 662 τοῦ
584 636 650 663 Θεοῦ
674 636 755 672 ζωὴν,
776 637 831 668 τοῖς

39 681 104 716 περὶ
119 680 171 715 τῆς
194 681 315 713 ἐπινοίας
331 681 442 716 ἀγάλλει
466 681 596 717 ὀνόμασι,
613 682 665 717 τὴν
683 683 724 716 ἐφ’
748 682 830 718 ἑαυτῇ

42 727 111 763 μόνῃ
129 727 176 753 καὶ
190 726 242 762 πρὸ
256 727 303 762 τῆς
318 727 371 753 τῶν
387 727 565 754 ἐπινοούντων
580 727 730 763 γεννήσεως
753 728 833 761 ἀγαλ-

40 771 171 807 λομένην;
193 771 266 807 Ἐρεῖ
285 772 339 807 γὰρ
363 772 471 804 πάντως
489 774 503 799 ὁ
529 772 599 807 ὑπὲρ
620 773 666 800 τοῦ
688 774 830 808 Προφήτου

41 817 129 852 λέγων
139 825 146 833 ·
161 818 203 844 ὃτι
215 818 232 853 ἡ
246 819 294 853 μὲν
308 818 367 845 θεία
380 818 460 853 φύσις
474 819 514 853 ἐφ’
531 819 614 854 ἑαυτῇ
637 819 703 855 μόνῃ
719 819 832 852 ἀγάλλε-

41 873 95 896 ται,
112 864 163 891 καὶ
173 864 226 899 πρὸ
240 864 289 899 τῆς
303 864 357 891 τῶν
368 865 544 892 ἐπινοούντων
557 865 689 898 γενέσεως
699 874 705 880 ·
719 866 732 892 ό
744 865 772 891 δὲ
785 866 832 891 ἁν-
848 855 868 882 Β

43 907 179 943 Θρώπινος
202 907 277 940 νοῦς,
296 909 357 935 ὅσον
385 911 469 944 χωρεί
490 909 535 936 διὰ
555 909 609 935 τῶν
627 910 771 945 ἐνεργειῶν
795 910 833 936 δι-

43 953 220 987 δασκόμενος,
238 954 364 981 τοσοῦτον
380 954 537 988 φθέγγεται.
565 955 612 981 Ἐκ
632 955 685 991 γὰρ
702 955 834 990 μεγέθους

43 997 88 1024 καὶ
100 997 232 1032 καλλονῆς
246 998 403 1033 κτισμάτων
419 998 558 1033 ἀναλόγως
571 1000 586 1034 ἠ
600 999 685 1033 Σοφία
700 999 776 1034 φησὶ,
789 999 833 1026 τὸν

44 1042 153 1069 πάντων
174 1043 364 1077 γενεσιουργὺν
387 1043 557 1079 θεωρεῖσθαι.
587 1044 627 1078 Τῇ
650 1043 678 1069 δὲ
704 1043 763 1078 θεία
787 1043 835 1070 καὶ⁴

45 1089 215 1125 ὐπερεχούσῃ
229 1090 318 1116 πάντα
334 1089 396 1116 νοῦν
410 1090 489 1125 οὐσίᾳ
501 1090 549 1121 τὰς
561 1090 687 1121 τοιαύτας
702 1098 836 1125 προσηγο-

47 1136 106 1170 ρίας
121 1134 341 1170 ἐπιφημίζομεν,
364 1136 414 1162 οὐκ
436 1136 542 1171 ἐκείνην
563 1132 724 1169 ἀγάλλοντες
743 1136 775 1162 δι’
799 1133 836 1163 ὧν

45 1180 231 1216 ὀνομάζομεν,
248 1181 304 1207 ἀλλ’
324 1182 397 1216 ἡμᾶς
421 1181 518 1212 αὐτοὺς
543 1180 587 1207 διὰ
610 1180 663 1208 τῶν
684 1180 836 1216 λεγομένων

47 1226 204 1261 ὁδηγοῦντες
215 1227 282 1262 πρὸς
293 1227 343 1262 τὴν
358 1226 410 1253 τῶν
429 1225 557 1262 κρυπτῶν
575 1226 747 1260 κατανόησιν.
771 1223 837 1252 Εἶτα

47 1273 83 1307 τῷ
98 1272 193 1308 Κυρίῳ
208 1273 288 1308 φησὶν
310 1274 324 1299 ὁ
339 1273 483 1308 Προφήτης
496 1280 502 1287 ·
523 1273 594 1305 Θεός
612 1280 671 1306 μου
686 1270 715 1298 εἷ
724 1271 775 1305 σὺ,
794 1271 838 1298 ὅτι

48 1318 105 1345 τῶν
131 1318 252 1354 ἀγαθῶν
267 1328 326 1354 μου
342 1320 377 1346 οὐ
402 1319 506 1353 χρείαν·
529 1318 617 1353 ἔχεις.
640 1318 702 1350 Πῶς
728 1315 774 1345 οὖν
789 1318 838 1354 τὴν

50 1364 260 1400 μακαριωτάτην
275 1364 321 1391 τοῦ
338 1364 404 1390 Θεοῦ
422 1364 494 1399 ζωὴν
506 1384 513 1396 ,
534 1365 613 1400 ἡμεῖς
629 1363 730 1396 οὓτως,
748 1362 839 1395 καθώς

49 1415 127 1442 φησιν
135 1404 224 1440 οὗτος,
236 1408 397 1444 ἀγαλλομεν,
409 1409 442 1444 ἦν
456 1417 537 1444 φησιν
552 1410 565 1435 ὸ
580 1409 725 1444 Προφήτης
736 1409 839 1444 ἀπροσ-

50 1453 96 1488 δεῆ
120 1452 177 1480 τῶν
198 1454 374 1489 ἀνθρωπίνων
389 1452 457 1481 εἶναι
472 1454 579 1488 καλῶν;
598 1455 634 1480 Ἢ
650 1454 710 1480 ἀντὶ
723 1454 770 1480 τοῦ
786 1455 840 1480 ὀνο-

52 1498 146 1533 μῇειν
166 1499 196 1525 τὸ
212 1499 339 1533 ἀγάλλειν
356 1499 459 1534 ἐνόησε.
480 1499 535 1526 Καὶ
549 1499 602 1534 μὴν
616 1499 750 1534 ἀκούομεν
765 1499 840 1534 παρὰ

878 222 936 249 haec
953 221 1063 248 nomina
1084 221 1250 256 operationis
1266 222 1366 249 habent
1386 222 1596 257 signiﬁcantiam
1616 225 1659 252 vel

878 267 1001 295 naturae?
1026 275 1079 294 non
1102 268 1175 295 aliud
1193 268 1255 302 quis
1274 272 1372 303 praeter
1391 272 1494 301 actum,
1521 269 1578 297 sive
1596 277 1661 305 ope-

878 313 1011 340 rationem
1031 313 1139 340 dixerit.
1166 312 1280 346 Quando
1296 313 1379 347 igitur
1399 318 1528 348 operatus
1545 315 1661 342 misera-

880 359 968 386 tiones
986 359 1028 386 vel
1046 359 1272 392 misericordiam,
1293 359 1365 387 Deus
1376 367 1409 387 ex
1430 360 1474 387 illa
1490 362 1660 395 operatione,

880 405 932 432 hoc
950 412 1050 432 nomen
1065 405 1203 432 obtinuit?
1217 404 1287 432 Num
1311 411 1374 433 ante
1392 406 1540 433 humanam
1556 407 1638 434 vitam
1649 407 1662 433 ?

880 450 913 477 Et
929 451 991 486 quis
1007 456 1065 478 erat
1087 451 1135 486 qui
1153 452 1340 479 misericordia
1357 452 1512 486 indigebat?
1532 452 1584 480 Sed
1601 457 1662 488 post

880 501 1022 531 peccatum
1036 497 1162 524 omnino:
1178 501 1319 531 peccatum
1337 501 1426 524 autem
1442 502 1503 532 post
1515 498 1661 526 hominem.

881 543 952 577 Ergo
968 546 1030 577 post
1047 542 1185 570 hominem
1205 542 1352 570 miserandi
1370 547 1448 571 actus
1466 547 1494 571 et
1508 544 1664 572 misericor-

881 587 933 615 dire
960 595 1071 615 nomen.
1100 588 1169 621 Quid
1195 589 1297 624 igitur?
1321 588 1449 624 Nunquid
1476 594 1502 617 et
1534 590 1662 618 Davidem

882 633 1084 666 condemnabit,
1111 634 1156 669 qui
1179 641 1263 669 super
1291 634 1437 669 prophetas
1459 635 1578 670 sapiens,
1600 637 1664 672 quia

882 686 932 713 per
958 687 1019 713 quae
1048 679 1131 706 Deum
1158 679 1245 713 novit,
1274 687 1321 715 per
1344 680 1402 707 haec
1433 681 1600 707 nominavit?
1622 682 1663 709 An

881 723 963 750 etiam
982 723 1114 751 adversus
1136 724 1225 759 ipsum
1247 724 1364 751 nobilem
1390 725 1464 752 illam
1482 729 1611 760 tanquam
1632 734 1666 753 ex

883 769 1015 803 tragoedia
1033 769 1178 796 dictionem
1200 770 1366 805 protendens
1388 771 1580 804 recalcitrabit,
1594 772 1667 807 quod

883 822 938 842 non
953 820 1061 849 oportet
1081 815 1267 842 beatissimam
1291 815 1338 843 Dei
1360 817 1443 844 vitam
1460 818 1616 846 nominibus
1633 826 1667 846 ex

882 860 1023 887 hominum
1040 861 1272 888 commentatione
1288 861 1379 889 ductis
1394 862 1541 897 exsultare,
1564 871 1624 899 quae
1639 864 1667 891 in

884 907 973 941 seipsa
999 906 1056 934 sola
1079 911 1105 933 et
1124 911 1187 934 ante
1205 906 1416 941 intelligentiam
1437 904 1530 936 'ortum
1548 910 1669 937 exsulta-

884 952 950 979 bat?
964 952 1043 980 Dicet
1054 953 1126 980 enim
1142 953 1221 988 plane
1236 954 1282 988 qui
1298 954 1440 989 Propheta:
1455 962 1566 982 causam
1584 963 1666 991 agere

884 999 1010 1030 voluerit,
1026 999 1098 1034 quod
1123 999 1214 1026 divina
1234 1005 1308 1027 certe
1330 1005 1428 1028 natura
1449 1001 1476 1029 in
1500 1002 1589 1037 seipsa
1611 1003 1668 1030 sola

885 1044 1051 1075 exsultabat,
1071 1047 1099 1071 et
1124 1047 1187 1071 ante
1213 1044 1423 1080 iutelligcntium
1447 1047 1668 1081 generationem;

886 1089 933 1115 sed
958 1097 1034 1116 mens
1048 1089 1177 1121 humana,
1195 1094 1326 1124 quantum
1349 1092 1420 1126 capit
1441 1099 1488 1126 per
1510 1092 1559 1120 has
1574 1100 1672 1127 opera-

886 1134 976 1161 tiones
989 1135 1096 1166 educta,
1123 1139 1227 1162 tantum
1250 1136 1407 1170 alloquitur.
1426 1137 1492 1164 Nam
1506 1146 1539 1165 ex
1562 1142 1671 1166 creatu-

887 1186 980 1206 rarum
1003 1181 1189 1215 magnitudine
1211 1187 1238 1209 et
1259 1182 1473 1217 pulchritudine,
1495 1185 1671 1219 proportione

888 1225 1005 1259 quadam
1039 1225 1180 1261 Sapientia
1207 1227 1319 1261 dicit",
1342 1229 1463 1256 omnium
1491 1231 1615 1265 opiﬁcem
1644 1235 1672 1258 et

888 1269 1038 1304 genitorem
1062 1271 1240 1298 considerari.
1268 1272 1297 1299 lu
1321 1273 1413 1301 divina
1435 1278 1526 1302 autem
1550 1279 1577 1302 ct
1593 1284 1672 1304 exsu-

889 1317 1001 1348 perante
1016 1322 1124 1342 omnem
1141 1315 1309 1343 intellectum
1326 1318 1455 1351 essentia,
1470 1319 1537 1347 tales
1553 1321 1672 1355 appellav

890 1359 978 1387 tiones
1003 1360 1194 1393 celebramus.
1218 1369 1274 1389 non
1298 1363 1371 1390 illam
1399 1371 1461 1392 cum
1492 1366 1673 1395 exsultatione

889 1404 1034 1432 laudantes
1049 1413 1097 1440 per
1117 1414 1177 1441 qua
1193 1408 1386 1442 nominamus;
1410 1410 1457 1437 sed
1473 1418 1523 1438 nos
1535 1411 1609 1446 ipsos
1625 1420 1673 1448 per

890 1457 922 1478 ea
939 1458 999 1485 quae
1014 1451 1142 1478 dicuntur
1166 1453 1314 1488 dirigentes
1337 1454 1371 1481 ad
1393 1456 1562 1484 occultorum
1577 1459 1673 1493 cogni-

892 1495 1004 1524 tionem.
1026 1497 1127 1525 Deinde
1143 1497 1258 1527 Domino
1270 1500 1336 1527 dicit
1348 1500 1494 1536 Propheta,
1515 1503 1582 1530 Deus
1602 1512 1674 1531 meus

52 1543 104 1571 τῶν
113 1543 203 1580 ὀρθῶς
218 1545 250 1580 τῇ
264 1544 334 1578 λέξει
347 1545 506 1581 χρωμένων,
523 1544 570 1571 καὶ
584 1544 617 1571 δι’
631 1544 772 1579 ἀκριϐείας
785 1545 838 1572 τῶν

889 1551 916 1569 es
931 1547 968 1574 tu.
993 1545 1117 1578 quoniam
1138 1545 1266 1572 bonorum
1284 1554 1400 1573 meorum
1421 1556 1473 1574 non
1484 1556 1540 1583 eger
1552 1549 1583 1576 “.
1599 1550 1674 1583 Quo-

52 1586 190 1623 ὀνομάτων
213 1588 261 1623 τὴν
286 1589 382 1624 χρῆσιν
402 1588 710 1624 παραπεπαιδευμένων,
735 1588 771 1624 μὴ
794 1589 839 1615 ἐπὶ

53 1632 129 1668 ψιλῆς
145 1633 196 1669 τῆς
213 1633 354 1669 δηλώσεως
375 1633 423 1670 τὴν
438 1634 484 1661 τοῦ
500 1634 626 1669 ἀγάλλειν
642 1635 769 1669 τετάχθαι
784 1644 840 1669 φω-

52 1679 99 1714 νήν
109 1687 116 1694 ·
132 1679 202 1706 ἀλλὰ
218 1679 248 1706 τὺ
264 1679 313 1715 μὲν
328 1680 447 1708 τοιοῦτον
460 1680 476 1715 ἦ
492 1680 650 1716 γνωρίζειν,
665 1681 682 1716 ἢ
697 1680 802 1716 δηλοῦν,
822 1680 838 1716 ἢ

55 1725 209 1759 σημαίνειν,
228 1724 244 1760 ῆ
265 1724 329 1752 ἄλλο
345 1734 371 1751 τι
384 1726 587 1761 τοιουτότροπον
605 1725 739 1760 λέγεσθαι.
759 1726 795 1752 Τὸ
811 1726 839 1753 δὲ

54 1769 177 1803 ἀγὰὶλειν
191 1767 249 1796 ἶσόν
264 1770 322 1796 ἐστι
345 1769 383 1805 τῷ
404 1771 613 1806 ἐπικαυχᾶσοαι,
630 1772 676 1798 καὶ
690 1773 839 1807 ὲπευφραί-

54 1815 154 1847 νεσοαι,
172 1815 217 1841 καὶ
232 1815 259 1841 εἴ
271 1825 296 1842 τι
317 1816 366 1851 τῆς
379 1816 506 1852 τοιαύτης
520 1818 664 1853 ἐμφάσεως
684 1818 784 1853 ἔχεται.
810 1817 840 1845 Ὀ

54 1859 81 1886 δέ
100 1869 183 1895 φησιν
197 1861 269 1896 ἡμᾶς
287 1863 342 1892 τοις
355 1861 404 1896 τῆς
425 1862 545 1894 ἐπινοίας
559 1862 671 1897 ὀνόμασι
687 1863 737 1898 τὴν
753 1871 841 1897 μακα-

57 1905 115 1940 ρίαν
129 1906 258 1940 ἁῩάλλειν
268 1906 350 1942 ζωήν.
367 1907 460 1942 Ἡμεῖς
470 1908 497 1933 δέ
509 1908 666 1942 προσθεῖναι
680 1907 728 1943 μέν
738 1917 797 1934 τινα
806 1909 839 1944 τῇ

56 1950 113 1987 θείᾳ
130 1952 210 1986 φύσει
223 1952 304 1988 τιμὴν
318 1954 350 1988 τῇ
366 1953 435 1989 ὑπὲρ
449 1954 539 1980 πᾶσαν
557 1953 624 1990 οὔσῃ
638 1953 729 1989 τιμὴν,
750 1953 840 1988 μεῖζον

55 1996 72 2031 ἢ
84 1998 154 2024 κατὰ
165 1997 215 2034 τὴν
229 1998 368 2025 ἀσθένειαν
379 1999 428 2033 τὴν
442 1998 614 2034 ἀνθρωπίνην
627 1999 739 2034 οἰόμεθα
748 2006 754 2013 ⁸
769 2007 840 2033 γνω-

57 2042 128 2078 ρίσαι
138 2043 166 2070 δέ
181 2052 208 2070 τι
224 2043 276 2070 τῶν
291 2044 355 2080 περὶ
369 2045 453 2080 αὐτὴν
466 2044 509 2071 διὰ
522 2044 575 2071 τῶν
590 2043 709 2075 εὐσεϐῶς
720 2045 842 2070 ἐπινοού-

58 2086 144 2121 μένων
160 2087 290 2122 ῥημάτων
302 2096 331 2114 τε
346 2089 392 2115 καὶ
406 2088 544 2124 ὀνομάτων
559 2089 706 2123 ἐπιχειρεῖν
721 2088 770 2114 οὐκ
792 2089 842 2123 ἀρ-

57 2131 182 2168 νούμεθα.
197 2133 251 2159 Καὶ
261 2133 305 2159 διὰ
318 2133 395 2160 τοῦτο
406 2134 466 2160 καθ’
479 2135 540 2160 ὅσον
551 2133 661 2160 δυνατὸν
673 2134 737 2168 ἡμῖν
751 2133 782 2159 τὸ
795 2134 841 2160 εύ-

58 2177 133 2209 σεσὲς
149 2178 314 2213 ἰχνεύοντες,
335 2179 366 2205 τὺ
384 2180 421 2214 μὴ
438 2179 467 2212 ἐξ
487 2179 574 2210 αἰτίας
591 2178 790 2214 ὑπερκειμένης
811 2179 841 2205 τὸ

57 2223 162 2257 πρῶτον
177 2223 262 2250 αἴτιον
274 2225 322 2259 τὴν
335 2225 482 2251 ὑπόστασιν
493 2225 574 2259 ἔχειν,
585 2223 838 2259 καταλαμὸάνομεν.

61 2270 145 2304 Ὅπερ
159 2270 184 2296 ει
201 2270 249 2304 μὲν
260 2269 298 2301 ὼς
310 2270 408 2305 ἀληθὲς
423 2270 578 2305 ἀποδέχοιτύ
591 2279 642 2302 τις,
656 2269 795 2297 ἐπαινετὸν
807 2269 840 2297 av

58 2314 98 2349 εἴη
114 2315 158 2341 διὰ
167 2315 217 2350 τὴν
228 2315 356 2351 ἀλήθειαν
373 2316 465 2351 μόνην.
479 2316 510 2342 Et
523 2316 551 2342 δὲ
564 2315 602 2347 ὡς
618 2316 708 2351 μεῖζον
719 2315 774 2342 τῶν
787 2315 841 2342 λοι-

59 2360 113 2386 πῶν
125 2361 179 2388 τῶν
195 2362 257 2397 περὶ
271 2361 318 2397 τὴν
334 2362 408 2388 Θείαν
422 2361 501 2397 φύσιν
514 2360 665 2396 νοουμένων
678 2361 708 2387 τὸ
722 2361 840 2388 τοιοῦτον

59 2406 153 2439 κρίνοι,
170 2407 217 2433 καὶ
229 2407 273 2433 διὰ
286 2407 364 2434 τοῦτο
382 2407 450 2443 μόνῃ
465 2406 550 2442 ταύτῃ
565 2407 597 2441 τῇ
619 2406 751 2441 ὑπολήψει
767 2406 840 2441 λέγοι

58 2451 101 2478 τὸν
123 2452 189 2479 Θεὸν
205 2454 407 2489 ἐπιγαυριῶντα
427 2454 474 2480 καὶ
497 2453 723 2487 εὐφραινόμενον,
739 2452 776 2485 ὣς
792 2461 844 2479 τινι

59 2497 110 2522 τῶν
124 2498 309 2534 ὑπερεχόντων
333 2498 496 2533 ἀγάλλεσθαι
508 2518 516 2531 ,
541 2499 624 2534 μόνης
642 2498 691 2533 τῆς
711 2497 843 2533 Εύνομίου

61 2543 160 2579 μούσης
181 2544 213 2571 ἂν
230 2545 273 2580 εἴη
285 2566 291 2577 ,
308 2545 356 2572 τοῦ
380 2545 503 2579 λέγοντος
521 2545 604 2580 αὐτὴν
629 2545 670 2578 ἐφ’
688 2545 770 2580 ἐαυτῇ
795 2545 843 2579 τὴν

59 2591 219 2627 ἁγεννησίαν
233 2592 406 2626 ἀγάλλεσθαι,
426 2593 458 2628 ῆν
478 2592 509 2627 δὴ
531 2591 624 2619 οὐσίαν
638 2600 668 2617 τε
683 2591 776 2625 λέγει,
795 2591 842 2618 καὶ

63 2637 195 2670 μακαρίαν
209 2646 238 2664 τε
254 2638 299 2664 καὶ
314 2637 388 2664 Θείαν
403 2637 529 2672 ὀνομάζει
546 2637 627 2672 ζωήν.

890 1588 972 1616 modo
986 1589 1068 1623 igitur
1081 1590 1266 1618 beatissimam
1288 1591 1336 1619 Dei
1351 1593 1444 1626 vitam,
1463 1594 1504 1621 sic
1527 1602 1588 1627 nos,
1604 1596 1675 1624 sicut

889 1633 941 1660 iste
957 1637 1090 1667 autumat,
1105 1642 1280 1670 exornamus,
1302 1644 1384 1672 quam
1399 1637 1532 1673 Propheta
1547 1640 1675 1675 praedicat

891 1679 1072 1707 humanorum
1097 1680 1231 1709 bonorum
1249 1690 1304 1709 non
1327 1690 1389 1711 esse
1410 1684 1548 1720 indigam?
1569 1687 1609 1714 An
1625 1695 1675 1722 pro

891 1724 974 1752 verbo
1000 1726 1162 1760 ὀνομάζειν,
1190 1728 1342 1760 nominare,
1372 1730 1536 1765 excogitavit
1562 1733 1674 1760 verbum

890 1771 1026 1804 ἀγάλλειν,
1049 1772 1122 1807 quod
1145 1777 1187 1800 est
1210 1773 1366 1802 exsultare?
1387 1775 1474 1810 Atque
1499 1777 1626 1806 audimus
1642 1786 1675 1806 ex

892 1815 936 1843 his
953 1816 998 1850 qui
1015 1820 1088 1843 recte
1101 1817 1184 1844 verbo
1201 1821 1326 1852 utuntur,
1341 1823 1368 1846 et
1383 1820 1429 1851 qui
1451 1826 1545 1848 exacta
1568 1823 1676 1850 subtili—

891 1864 947 1888 tate
963 1861 1107 1888 verborum
1125 1870 1204 1889 usum
1225 1862 1391 1897 didicerunt,
1408 1872 1462 1892 non
1482 1873 1532 1900 pro
1546 1867 1618 1894 nuda
1638 1869 1676 1896 sia

891 1905 1063 1941 gniﬁcatione
1090 1906 1141 1933 hoc
1174 1907 1286 1934 verbum
1311 1908 1436 1941 ἀγάλλειν
1463 1911 1596 1944 construi,
1625 1913 1673 1940 sed

892 1952 943 1979 hoc
958 1951 1010 1979 tale
1024 1952 1068 1979 vel
1082 1955 1178 1979 notum
1193 1951 1292 1985 facere,
1308 1953 1350 1980 vel
1365 1954 1515 1988 declarare,
1534 1956 1575 1984 vel
1588 1957 1673 1992 signi-

892 1996 984 2030 ﬁcare,
1013 1997 1055 2024 vel
1078 1997 1150 2024 aliud
1181 1997 1311 2032 quiddam
1341 1998 1387 2025 tali
1410 2000 1492 2027 modo
1514 2000 1578 2028 diui.
1608 2001 1675 2029 Ver-

891 2041 956 2069 bum
977 2045 1068 2068 autem
1095 2041 1221 2076 ἀγάλλειν
1240 2042 1310 2069 idem
1337 2047 1396 2077 est,
1423 2044 1495 2079 quod
1523 2047 1674 2081 exsultare,

892 2086 1012 2122 gloriari,
1039 2087 1135 2119 laetari,
1161 2091 1189 2115 et
1214 2087 1237 2115 si
1263 2088 1328 2122 quid
1346 2089 1425 2116 talem
1448 2089 1674 2125 signiﬁcationem

892 2133 984 2161 habet.
1002 2133 1051 2161 Hic
1067 2137 1155 2160 autem
1173 2133 1240 2160 dicit
1259 2142 1310 2162 nos
1329 2135 1495 2168 nominibus,
1520 2144 1554 2164 ex
1577 2139 1675 2167 mentis

892 2179 1122 2207 commentatione
1137 2179 1240 2211 ductis,
1258 2180 1340 2207 vitam
1364 2180 1470 2208 beatam
1490 2182 1626 2217 ἀγάλλειν,
1647 2184 1688 2212 id.

892 2229 944 2257 est,
965 2232 1107 2252 exornare.
1127 2224 1183 2252 Nos
1199 2229 1289 2252 autem
1305 2225 1403 2254 divinae
1419 2230 1525 2254 naturae
1541 2236 1600 2263 qua:
1615 2236 1676 2256 om-

892 2277 954 2298 nem
970 2273 1080 2304 superat
1097 2269 1239 2303 honorem,
1257 2270 1374 2305 aliquem
1399 2272 1517 2306 adjicere
1533 2273 1676 2308 honorem,

893 2316 1011 2343 humana
1025 2316 1181 2344 inﬁrmitate
1205 2317 1292 2350 majus
1311 2318 1494 2352 arbitramur;
1511 2320 1612 2354 aliquid
1628 2329 1678 2348 au-

893 2364 947 2388 tem
965 2368 1059 2387 eorum
1081 2368 1142 2395 qua:
1165 2361 1192 2387 in
1209 2368 1240 2388 ea
1256 2365 1415 2393 cernuntur,
1434 2367 1529 2390 notum
1548 2363 1638 2392 facere
1651 2369 1678 2392 et

893 2405 1033 2433 celebrare
1047 2405 1137 2433 verbis
1155 2409 1181 2433 et
1203 2406 1362 2434 nominibus
1375 2407 1419 2442 pie
1444 2411 1472 2435 et
1490 2409 1617 2444 religiose
1632 2410 1677 2437 in—

895 2451 1011 2479 tellectis
1029 2452 1122 2479 conari
1148 2459 1202 2479 non
1224 2452 1388 2481 inﬁciamur.
1412 2453 1529 2490 Ideoque
1543 2461 1677 2491 quantum

897 2497 937 2525 fas
954 2502 1007 2526 est.
1024 2497 1151 2532 pietatem
1173 2502 1338 2532 spectantes,
1359 2506 1414 2526 non
1431 2507 1463 2527 ex
1481 2507 1563 2528 causa
1579 2508 1676 2535 supcr—

894 2544 1031 2570 eminente
1057 2542 1171 2577 primani
1194 2551 1304 2571 causam
1340 2544 1545 2573 subsistentiam
1577 2546 1678 2572 habere

895 2589 1160 2623 comprehendimus,
1185 2590 1256 2624 quod
1278 2589 1387 2625 quidem
1413 2591 1436 2618 si
1459 2595 1490 2617 ut
1507 2598 1600 2617 verum
1614 2591 1677 2625 quis

896 2635 1037 2670 approbet,
1057 2634 1192 2662 laudabile
1205 2634 1287 2662 fuerit
1301 2639 1411 2671 propter
1425 2636 1510 2663 solam
1523 2635 1676 2663 veritatem.

61 2684 87 2711 Si
102 2689 193 2711 autem
212 2688 241 2711 ut
264 2685 353 2719 majus
372 2685 485 2719 reliquis
501 2692 561 2719 quae
591 2684 624 2711 de
648 2684 741 2711 divina
762 2688 859 2711 natura
879 2687 1040 2713 noscuntur,
1057 2682 1084 2709 id
1105 2681 1219 2717 judicet,
1238 2687 1265 2710 et
1295 2687 1438 2718 propterea
1458 2682 1509 2710 hac
1531 2682 1589 2710 sola
1624 2683 1679 2717 opi-

60 2729 139 2758 nione
154 2731 227 2759 dicat
244 2731 326 2759 Deum
345 2732 506 2767 gestientem
527 2734 553 2759 et
570 2731 717 2764 latantem,
743 2736 772 2758 ut
791 2732 882 2768 aliquo
904 2730 1165 2767 superemincntium
1200 2730 1348 2765 exsultare,
1381 2729 1433 2758 hoc
1469 2730 1556 2759 solius
1584 2730 1678 2758 Euno-

93 2832 116 2847 ²¹
136 2831 209 2861 Psal.
227 2839 275 2867 cn,
290 2833 317 2862 8.
356 2833 379 2850 ³³
400 2833 464 2868 Sap.
484 2839 545 2866 xui,
563 2832 589 2860 5.
627 2833 651 2850 “
670 2832 745 2861 Psal.
763 2841 809 2867 xv,
825 2833 852 2862 2.
