1951 3074
110 124 166 154 965

661 120 802 149 CONTRA
829 120 1028 157 EUNOMIUM,
1056 123 1117 150 LIB.
1139 123 1196 151 ΧΠ.

1689 125 1740 154 968

111 181 189 216 παρὰ
204 181 251 208 τοῦ
273 179 451 216 πεποιηκότος
466 179 633 217 ἐσχήκαμεν.
659 180 692 208 Ἦ
711 181 739 208 δὲ
760 182 892 218 ἀγεννησίι

958 183 1069 210 volvens
1101 184 1194 210 eadem
1223 186 1286 210 utar
1312 182 1463 220 oratione),
1493 190 1543 211 nos
1572 185 1740 220 temporibus

110 228 197 264 δνομά
215 228 288 254 ἐστιν
304 227 470 262 ὲμφοητικὸν
489 225 537 253 τοῦ
562 226 627 253 ἰδίου
642 228 776 264 νοήματος
786 237 792 243 ·
810 229 867 255 πᾶν
879 229 908 256 δὲ

109 274 195 309 ὄνομα
205 272 252 299 τοῦ
264 272 435 308 ἀνθρωπίνου
449 272 529 307 λόγου
544 272 625 308 μέρος
642 273 717 299 ἐστὶν
740 273 794 304 ἄρα
811 274 825 300 ὁ
840 282 907 310 προ-

109 315 260 351 ϋφεστάναι
275 315 328 342 τῶν
343 315 494 350 ἀνθρώπων
511 316 558 351 τὴν
571 317 645 343 θείαν
661 317 741 351 φύσιν
756 318 905 353 ὁμολογῶν,

110 360 344 396 μεταγενεστέραν
363 358 432 387 εἶναι
461 361 510 396 τὴν
541 361 733 396 ὲφευρεθεῖσαν
762 364 796 398 τῇ
825 363 904 397 φύσει

108 407 205 442 κλῆσιν
226 407 385 434 συντίθεται.
403 407 470 433 Οὐδὲ
485 406 539 442 γὰρ
555 405 589 442 ἧν
608 407 679 440 εἰκὸς
695 407 741 434 τοῦ
758 408 838 443 λόγου
853 410 901 444 τὴν

107 453 207 488 χρῆσιν
223 453 274 488 πρὸ
294 453 343 488 τῆς
361 453 414 479 τῶν
431 453 608 489 κεχρημένων
632 455 803 489 κατασκευῆς
826 456 900 490 ἐνερ-

105 499 224 532 γεῖσθαι.
240 499 344 534 ’Ὠσπερ
353 499 412 525 οὐδὲ
419 500 555 534 γεωργίαν
568 499 620 535 πρὸ
631 500 684 526 τῶν
695 501 899 535 γεωργούντων,

105 544 168 570 οὐδὲ
186 544 323 571 ναυτιλίαν
339 544 391 580 πρὸ
407 544 461 570 τῶν
478 545 702 580 ναυτιλλομένων,
718 546 777 572 οὐδὲ
793 545 856 573 ἄλλο
873 555 899 573 τι

103 589 161 615 τῶν
177 589 245 616 κατὰ
263 589 308 615 τὸν
329 589 384 624 βίον
406 589 607 625 ἐνεργουμένων
627 590 680 625 πρὸ
702 590 749 617 τοῦ
768 593 898 626 συστῆναι

103 635 151 662 τὸν
168 635 336 671 ἀνθρώπινον
356 635 428 670 βίον·
443 636 469 662 τί
487 633 532 663 οὖν
551 637 618 671 ἡμῖν
637 636 806 672 διαμάχεται,
831 637 896 673 μηδὲ

103 683 163 713 τοῖς
179 682 253 713 ἰδίοις
268 681 356 709 αὐτῶν
369 681 457 716 λόγοις
468 682 628 710 ἀκολουθίαν
640 683 780 717 γινώσκων
791 692 798 717 ;

959 228 1124 263 posteriores
1139 233 1222 256 natos
1244 236 1306 257 esse
1326 236 1381 256 non
1399 229 1624 262 eontradicimus,
1649 231 1740 259 verbis

958 282 1022 302 vero
1044 278 1072 303 et
1092 275 1249 304 nominibus
1274 283 1339 304 usos
1355 276 1440 304 fuisse
1461 277 1620 310 asserimus,
1637 284 1669 304 ex
1684 285 1739 312 quo

956 320 1125 353 exsistimus,
1150 326 1177 348 et
1205 326 1233 348 ut
1257 322 1403 349 rationales
1423 323 1520 356 simus,
1554 330 1570 350 a
1596 323 1737 350 conditore

954 367 1108 401 accepinms
1124 375 1130 392 :
1148 367 1293 402 ἀγεννησία
1321 373 1409 395 autem
1440 376 1537 396 nomen
1557 374 1599 396 est
1619 370 1737 404 propria:

955 413 1076 439 notionis
1101 412 1322 447 signiﬁcativnm.
1344 413 1429 441 Omne
1451 419 1540 441 autem
1561 422 1659 442 nomen
1685 415 1735 441 hu-

955 466 1041 485 manre
1057 459 1188 486 orationis
1203 466 1266 494 pars
1288 464 1339 486 cst.
1363 459 1433 494 Ergo
1448 461 1494 487 ubi
1518 460 1638 488 divinam
1656 465 1736 487 natu-

956 512 1014 532 ram
1037 504 1195 532 hominibus
1218 505 1294 538 prius
1316 505 1452 532 exstitisse
1467 506 1623 537 conﬁtetur,
1643 506 1735 541 appel—

954 550 1084 577 lationem
1120 550 1190 578 banc
1226 551 1260 577 ab
1282 551 1439 578 hominibus
1471 552 1607 578 inventam
1636 556 1733 579 natura

953 594 1130 629 posteriorem
1143 602 1204 622 esse
1223 594 1369 622 consentit.
1385 593 1478 629 Neque
1500 595 1572 621 enim
1590 599 1648 622 erat
1662 603 1731 622 eone

950 643 1110 668 sentaneum
1129 641 1261 668 orationis
1283 648 1362 668 usum
1381 645 1444 668 ante
1466 641 1605 667 hominum
1631 641 1733 668 consti-

949 687 1085 713 tutionem
1102 687 1225 714 oratione
1245 686 1378 713 utentium
1396 690 1536 720 operatum
1552 686 1646 718 fuisse,
1661 687 1732 713 sicut

104 737 195 764 neque
225 729 419 765 agriculturam
454 735 517 758 ante
544 738 592 758 eos
618 731 663 766 qui
691 739 772 766 agros
794 732 932 765 colerent,
964 742 1053 768 neque
1084 735 1283 769 navigationem
1317 739 1379 760 ante
1409 741 1456 760 eos
1481 734 1527 768 qui
1561 734 1729 768 navigarent,

102 780 194 809 neque
208 775 281 802 aliud
300 776 449 811 quidquam
465 783 560 803 eorum
578 784 639 811 qua:
664 776 697 803 ad
726 777 787 803 vita:
822 778 1014 806 necessitatem
1046 779 1209 812 etlieiuntur,
1233 784 1377 814 antequam
1397 779 1451 806 vita
1487 779 1606 806 humana
1641 778 1731 806 censi-

102 823 200 848 steret.
217 820 273 848 Cur
289 821 374 856 igitur
397 821 477 848 nobis
498 825 643 857 repugnat,
663 830 751 856 neque
773 823 896 857 cognitas
916 831 980 851 snas
995 825 1115 852 rationes
1132 825 1273 860 sequitur?

139 863 210 898 ἿΙν,
220 867 312 902 φησὶν,
329 867 346 893 ὁ
361 865 443 899 Θεὸς,
459 866 530 901 ὅπερ
547 867 611 893 ἐστὶ
627 867 681 900 πρὸ
693 867 745 894 τοῦ
757 867 892 902 γενέσθαι

981 870 1056 900 Erat,
1083 870 1182 905 inquit,
1218 869 1288 896 Deus
1313 870 1456 905 quodest,
1482 877 1621 909 antequam
1642 871 1728 906 factus

102 912 159 938 τὸν
181 911 347 946 ἄνθρωπον.
375 912 460 939 Τοῦτο
487 913 532 939 καὶ
554 913 633 948 ἡμεῖς
659 913 708 940 οὐκ
727 913 892 949 ἀρνούμεθα.

103 958 166 984 Πᾶν
184 958 239 994 γὰρ
250 959 346 993 ὃτιπέρ
362 960 420 985 ἐστι
435 959 499 994 περὶ
513 959 558 985 τὸν
572 959 638 986 Θεὸν
653 959 805 994 νοούμενον,
817 960 894 987 τοῦτο

102 1005 159 1040 πρὸ
180 1005 229 1040 τῆς
251 1004 297 1031 τοῦ
320 1005 421 1040 κόσμου
446 1005 599 1036 συστάσεως
614 1003 657 1040 ἦν.
680 1006 748 1032 ’Λλλ“
762 1005 893 1041 ὀνομάζε-

101 1051 166 1078 σθαι
179 1050 272 1077 τοῦτόν
287 1059 377 1086 φαμεν
391 1051 460 1086 μετὰ
476 1051 505 1077 τὸ
519 1051 644 1085 γενέσθαι
659 1051 704 1078 τὸν
717 1051 892 1087 ὀνομάζοντα.

100 1097 135 1123 Εἰ
152 1097 206 1132 γὰρ
227 1097 270 1123 διὰ
293 1097 372 1123 τοῦτο
386 1097 515 1133 χρώμεθα
534 1099 589 1129 τοῖς
616 1098 754 1133 ὀνόμασιν,
772 1098 841 1125 ὥστε
856 1099 893 1125 δι-

98 1142 250 1169 δασκαλίαν
267 1143 333 1178 ἡμῖν
359 1142 462 1169 ἐκεῖθεν
487 1143 541 1169 τῶν
561 1144 732 1179 πραγμάτων
753 1144 891 1178 γίνεσθαιο

100 1188 185 1222 μόνον
200 1187 228 1214 δὲ
241 1187 271 1214 τὸ
287 1187 399 1222 ἀγνοοῦν
416 1187 522 1220 ὲπιδεές
537 1189 594 1215 ἐστι
610 1188 656 1215 τοῦ
678 1189 857 1222 διίάσκοντος,
875 1191 892 1226 ἠ

96 1233 130 1260 δὲ
157 1233 217 1260 θεία
239 1233 319 1268 φύσις
345 1233 389 1260 διὰ
414 1233 444 1260 τὸ
474 1235 562 1261 πᾶσαν
578 1231 818 1271 ἐμπεριειληφέναι
844 1237 892 1272 τὴν

98 1279 215 1313 γνῶσιν,
233 1279 364 1314 κρείττων
376 1279 466 1314 πάσης
482 1280 653 1312 διδασκαλίας
668 1281 740 1307 ἐστί·
756 1282 892 1308 δείκνυται

98 1323 134 1350 δὲ
146 1324 189 1351 διὰ
202 1325 303 1351 τούτων
317 1325 356 1351 ὅτι
372 1325 402 1352 οὐ
422 1325 469 1352 τοῦ
483 1325 550 1352 Θεοῦ
562 1326 653 1362 χάριν,
668 1327 726 1354 ἀλλ’
740 1327 818 1362 ἡμῶν
832 1327 890 1353 ἓνε-

98 1379 151 1396 κεν
164 1370 198 1397 τὰ
215 1370 333 1406 ὀνόματα
349 1371 417 1406 πρὸς
432 1371 548 1407 δήλωσιν
560 1371 606 1398 τοῦ
617 1372 698 1404 ⁴ὄντος
711 1373 890 1408 ἐπινενόηται.

97 1415 141 1442 οὐ
154 1415 208 1451 γὰρ
222 1415 295 1448 ὅπως
317 1416 350 1443 ἂν
363 1417 465 1448 ἐκεῖνος
480 1417 575 1444 ἑαυτὸν
593 1417 689 1452 μάθοι,
702 1418 733 1444 τὸ
748 1418 797 1454 τῆς
811 1419 892 1453 ἀγεν-

98 1461 198 1497 νησίας
210 1461 295 1497 ὄνομα
314 1463 346 1498 τῇ
362 1462 441 1497 φύσει
457 1463 623 1498 ἐφήρμοσεν.
650 1464 678 1490 '0
693 1464 746 1500 γὰρ
761 1464 838 1496 εἰδὼς
858 1465 892 1492 τὰ

99 1505 203 1539 πάντα,
227 1506 275 1533 καὶ
299 1507 394 1534 ἑαυτὸν
414 1507 467 1543 πρὸ
485 1508 603 1540 πάντων,
621 1508 760 1536 συλλαὸῶν
777 1511 824 1537 καὶ
843 1512 891 1546 ρη-

943 921 1008 945 essel
1040 917 1145 943 homo:
1172 922 1258 949 neque
1287 922 1337 942 nos
1367 915 1417 941 hoc
1434 923 1575 950 negamus.
1593 915 1727 950 Quidquid

944 959 1015 986 enim
1031 959 1064 986 de
1080 959 1133 986 Deo
1148 963 1237 986 mente
1253 964 1277 986 et
1298 960 1388 986 animo
1404 960 1586 995 cognoscitur,
1602 960 1651 987 hoc
1666 965 1728 987 ante

944 1004 1037 1031 mundi
1050 1004 1273 1031 constitutionem
1286 1009 1343 1031 erat
1357 1005 1421 1038 ;sed
1436 1005 1485 1031 hoc
1510 1006 1644 1032 nominari
1660 1006 1728 1033 dici-

943 1041 1013 1083 mus,
1026 1054 1201 1084 posteaquam
1215 1051 1261 1085 qui
1278 1051 1429 1078 nominaret
1437 1059 1496 1078 esse
1507 1052 1598 1086 cmpit.
1616 1051 1643 1078 Si
1655 1052 1726 1079 enim

944 1096 1099 1123 nominibus
1117 1096 1151 1123 ob
1175 1103 1234 1123 eam
1251 1104 1360 1124 causam
1381 1097 1494 1129 utimur,
1514 1102 1542 1124 ut
1559 1105 1649 1124 rerum
1665 1099 1728 1125 inde

943 1141 1021 1168 nobis
1044 1141 1167 1168 doctrina
1196 1147 1388 1176 comparetur;
1418 1143 1505 1169 solum
1528 1147 1618 1171 autem
1654 1144 1726 1178 quod

943 1186 1060 1222 ignorat,
1079 1187 1306 1222 doeenteindiget
1320 1197 1327 1222 ;
1343 1188 1433 1215 divina
1448 1192 1536 1216 autem
1552 1193 1648 1216 natura
1663 1190 1726 1224 quia

942 1241 1050 1261 omnem
1074 1234 1262 1268 complectitur
1293 1234 1483 1270 cognitionem,
1513 1235 1587 1261 omni
1603 1234 1726 1262 doctrina

942 1279 1117 1312 praestantior
1131 1283 1190 1306 est:
1213 1287 1261 1313 per
1272 1279 1328 1305 hau:
1346 1283 1434 1305 autem
1447 1278 1647 1305 demonstratur
1654 1279 1724 1314 quod

943 1331 996 1350 non
1012 1323 1059 1350 Dei
1073 1324 1169 1358 gratia,
1195 1323 1241 1350 sed
1265 1323 1350 1349 nostri
1372 1330 1455 1350 causa
1480 1323 1589 1350 nomina
1616 1323 1649 1349 ad
1667 1322 1725 1357 ejus

942 1370 987 1404 qui
1018 1373 1059 1397 est
1071 1369 1282 1397 declarationem
1306 1369 1543 1404 suntexeogitata.
1569 1368 1629 1396 Non
1652 1370 1724 1397 enim

943 1420 972 1442 nt
984 1415 1027 1443 ille
1043 1423 1072 1444 se
1085 1416 1172 1450 ipsum
1186 1415 1312 1446 disceret,
1326 1422 1424 1441 nomen
1448 1415 1610 1451 ἀγεννησίας
1623 1419 1726 1442 natura

942 1461 1164 1488 accommodavit.
1185 1460 1237 1493 Qui
1253 1459 1323 1487 enim
1345 1459 1420 1486 novit
1436 1460 1537 1492 omnia,
1564 1464 1591 1487 et
1605 1460 1724 1495 scipsum

942 1511 1004 1535 ante
1015 1507 1117 1538 omnia,
1134 1506 1244 1541 syllabis
1259 1510 1285 1533 et
1300 1505 1389 1533 verbis
1403 1505 1436 1532 ad
1460 1513 1489 1533 se
1506 1505 1725 1540 cognoscendum

99 1553 198 1586 μάτων
209 1552 276 1588 πρὸς
290 1553 318 1580 τὸ
334 1553 429 1588 μαθεῖν
444 1554 481 1586 ὡς
494 1553 550 1589 ἔχει
563 1554 670 1589 φύσεως
686 1556 733 1582 καὶ
747 1556 826 1590 ἀξίας
835 1578 841 1589 ,
859 1557 888 1583 οὺ

944 1558 971 1581 ιιι
983 1553 1033 1581 fert
1055 1553 1113 1588 ejus
1129 1557 1223 1581 natura
1243 1557 1269 1580 et
1282 1552 1409 1587 dignitas,
1421 1559 1475 1579 non
1496 1552 1619 1587 indiget,
1631 1553 1677 1580 sed
1694 1558 1725 1580 ut

98 1597 202 1626 δέεται.
233 1598 302 1625 Ἀλλ’
329 1599 403 1630 ὅπως
420 1600 500 1634 ἡμεῖς
522 1609 582 1626 τινα
607 1601 661 1627 τῶν
686 1602 804 1634 εὐσεϐῶς
828 1603 891 1638 περὶ

98 1643 182 1670 αὑτὸν
206 1644 356 1680 νοουμένων
373 1645 524 1680 κατάληψιν
546 1646 684 1682 σχοίημεν,
704 1648 808 1683 ῥήμασί
836 1657 890 1674 τισι

97 1690 149 1716 καὶ
163 1689 306 1722 συλλαϐαῖς
319 1690 368 1722 τὰς
381 1690 435 1717 τῶν
449 1691 590 1726 νοημάτων
603 1692 733 1728 διαφοράς
747 1693 890 1720 ἐτυπώσα-

101 1743 164 1768 μεν,
188 1731 243 1760 οἷόν
267 1743 327 1762 τινα
345 1736 487 1771 σήμαντρα
511 1736 558 1762 καὶ
582 1738 758 1773 χαρακτῆρας
778 1739 827 1770 τὰς
847 1739 891 1765 διὰ

98 1780 156 1807 τῶν
181 1780 266 1814 λόγων
291 1781 426 1813 τυπώσεις
453 1783 509 1814 τοῖς
536 1783 584 1818 τῆς
603 1783 721 1815 διανοίας
743 1785 890 1820 κινήμασιν

99 1825 313 1861 ἐπιγράψαντες.
331 1826 410 1852 Ὥστε
425 1826 477 1853 τῶν
493 1827 687 1863 ἐπιγινομένων
704 1830 736 1864 τῇ
761 1829 832 1865 ψυχῇ
849 1839 889 1856 κι-

99 1871 231 1907 νημάτων
256 1872 356 1908 τρανὴν
378 1873 425 1899 tu).
447 1873 597 1908 ἀσύγχυτον
621 1874 754 1901 ποιεῖσθαι
780 1874 828 1910 τὴν
844 1875 890 1910 δή·

99 1919 196 1950 λωσιν,
207 1917 250 1944 διὰ
263 1917 316 1943 τῶν
330 1918 545 1954 ἐφηρμοσμένων
558 1920 613 1951 τοῖς
625 1919 742 1954 νοήμασι
753 1919 888 1953 φθόγγων.

100 1964 135 1990 Τί
149 1963 238 1990 τοίνυν
253 1963 357 1999 ἐλέγχει
371 1963 416 1990 τὸν
430 1964 562 2000 ἡμέτερον
579 1964 666 1998 λόγον,
682 1965 741 1991 καθ’
756 1966 784 1992 ὃν
799 1974 889 2000 φαμεν

99 2009 289 2044 ἑπινενοῆσθαι
306 2009 336 2035 τὺ
354 2009 403 2045 τῆς
422 2009 583 2045 ἁγεννησίας
595 2010 680 2046 ὄνομα
696 2011 764 2046 πρὸς
780 2010 889 2043 ἔνδειξιν

99 2056 149 2084 τοῦ
175 2057 290 2092 ἄναρχον
314 2056 358 2085 τὸν
373 2056 438 2084 Θεὸν
461 2057 623 2092 ὑφεστάναι,
639 2057 678 2093 τῷ
702 2058 790 2092 λέγειν
813 2058 854 2085 ὅτι
876 2059 890 2085 ὁ

99 2103 169 2134 Θεὸς
189 2103 235 2129 καὶ
258 2102 408 2129 λαλούντων
431 2103 478 2130 καὶ
493 2103 657 2131 σιωπώντων
670 2104 715 2130 καὶ
737 2104 891 2140 διανοουμέ-

100 2158 167 2180 νων,
183 2149 229 2175 καὶ
247 2148 300 2183 πρὸ
328 2150 377 2184 τῆς
402 2149 455 2175 τῶν
482 2149 632 2184 γενομένων
655 2149 775 2181 ἐπινοίας
801 2147 835 2185 ἦν
860 2159 889 2176 τε

100 2194 150 2220 καὶ
175 2193 246 2220 ἔστιν
271 2193 433 2228 ἀγέννητος;
457 2193 488 2219 Εἰ
505 2194 553 2228 μὲν
581 2193 636 2229 γάρ
651 2203 693 2226 τις
719 2192 752 2229 ἦν
774 2196 788 2220 ὁ
807 2203 890 2222 κατα-

101 2237 244 2270 σκευάζων
267 2239 304 2274 μὴ
321 2239 450 2276 πρότερον
467 2239 546 2266 αὑτὸν
567 2239 711 2276 ἀγέννητον
729 2238 808 2273 εἶναι,
824 2242 888 2276 πρὶν

100 2285 118 2320 ἣ
134 2284 200 2320 παρ’
223 2284 300 2319 ἡμῶν
322 2284 496 2321 ἐξευρεθῆναι
509 2285 539 2312 τὸ
553 2286 637 2321 ὄνομα
648 2305 655 2318 ,
670 2287 840 2321 συγγνωστὸς
856 2287 888 2313 ἂν

99 2329 135 2366 ἦν
152 2330 220 2366 πρὸς
233 2330 282 2366 τὴν
298 2331 425 2365 τοιαύτην
442 2331 556 2359 ἀτοπίαν
573 2332 664 2359 ἐκεῖνα
678 2333 801 2368 γράφων.
815 2333 847 2360 Εἰ
862 2334 889 2360 δὲ

100 2376 132 2402 τὸ
149 2376 350 2410 προϋφεστάναι
370 2377 417 2402 καὶ
435 2376 513 2410 λόγου
530 2377 576 2404 καὶ
590 2377 707 2409 διανοίας
722 2378 801 2404 αὐτὸν
816 2378 890 2413 παρὰ

102 2421 213 2448 ήάντων
230 2423 409 2458 ὁμολογεῖται,
426 2423 442 2458 ἡ
466 2423 494 2449 δὲ
517 2422 563 2449 τοῦ
583 2423 714 2458 ὀνόματος
737 2423 809 2455 θέσις
829 2424 889 2450 καθ’

100 2467 135 2502 ἢν
148 2468 162 2493 ὁ
176 2466 238 2500 νοῦς
260 2468 465 2502 ἐξαγγέλλεται.
479 2468 512 2495 δι’
527 2468 646 2501 ἐπινοίας
662 2469 726 2505 παρ’
749 2469 826 2505 ἡμῶν
843 2470 888 2496 εύ-

101 2513 202 2548 ρῆσοαι
219 2513 342 2547 λέγε-ιαμ
371 2514 385 2540 ὁ
403 2514 430 2540 δὲ
446 2514 544 2546 σκοπὸς
564 2515 638 2550 αὐτῷ
654 2515 703 2550 τῆς
728 2515 796 2551 πρὸς
817 2516 890 2550 ἡμᾶς

101 2559 162 2584 ἐστι
183 2558 289 2594 μάχης,
302 2559 332 2586 τὸ
344 2559 429 2591 δεῖξαι
446 2561 483 2595 μὴ
498 2560 572 2596 παρὰ
586 2560 737 2595 ἀνθρώπων
753 2562 890 2596 ἐπινενοῆ-

101 2603 166 2629 σθαι
189 2603 220 2629 τὸ
244 2604 341 2638 ὄνομα,
369 2605 425 2631 ἀλλ’
449 2604 517 2631 εἶναι
533 2604 611 2632 τοῦτο
623 2606 669 2632 καὶ
689 2606 742 2642 πρὸ
758 2608 806 2641 τῆς
822 2607 890 2642 ἡμε-

99 2649 185 2684 τέρας
199 2649 370 2682 συστάσεως,
384 2650 433 2676 οὐκ
447 2648 504 2678 οἶδα
519 2651 595 2686 παρὰ
609 2651 680 2683 τίνος
695 2651 849 2686 λεγόμενον,
863 2652 889 2678 τί
900 2686 906 2690 _

102 2693 194 2720 κοινὸν
209 2693 265 2728 ἔχει
278 2694 346 2728 πρὸς
358 2694 406 2730 τὴν
421 2696 602 2731 προκειμένην
620 2696 694 2732 αὑτῷ
712 2697 827 2732 σπουδὴν
837 2716 844 2727 ,
861 2696 890 2722 τὸ

103 2738 158 2774 πρὸ
172 2738 226 2765 τῶν
239 2739 323 2766 ὄντων
336 2740 481 2774 ὑφεστάναι
495 2741 538 2768 τὸν
551 2742 617 2768 Θεὸν
627 2742 779 2777 ἀγεννήτως
791 2742 889 2776 λέγειν,

103 2784 152 2810 καὶ
166 2783 196 2810 τὺ
209 2783 428 2812 διαϐεϐαιοῦσθαι
441 2787 671 2822 μεταγενεστέραν
685 2786 753 2814 εἶναι
767 2787 891 2821 διαγωνί-

104 2827 214 2862 ζεσθαι,
236 2830 283 2856 καὶ
299 2830 387 2864 λέγειν
403 2830 420 2857 ἃ
434 2831 558 2867 εἴρηκεν;
576 2833 637 2859 ’Ότι
651 2833 820 2867 μαινομένων
833 2833 891 2859 ἐστὶ

941 1607 991 1627 nos
1006 1607 1100 1627 eorum
1114 1607 1174 1634 qum
1196 1599 1239 1634 pic
1257 1599 1290 1626 de
1306 1599 1365 1633 ipso
1393 1598 1590 1633 intelliguntur,
1604 1599 1722 1634 aliquam

940 1645 1210 1680 comprehensionem
1223 1645 1448 1680 adipisceremur,
1463 1644 1553 1672 verbis
1563 1645 1725 1679 quibusdam

940 1695 965 1718 et
979 1691 1090 1726 syllabis
1103 1690 1243 1717 notionum
1260 1688 1427 1716 diﬂ‘erentias
1452 1688 1667 1721 eﬂ‘ormavimus,
1681 1698 1727 1717 ve-

939 1733 989 1761 luti
1001 1734 1140 1768 signacula
1149 1733 1271 1768 qumdam
1288 1737 1314 1760 et
1327 1737 1406 1761 notas
1419 1741 1467 1768 per
1478 1741 1633 1761 sermonum
1644 1733 1725 1761 eﬂ‘or-

940 1781 1082 1812 mationes,
1099 1781 1282 1815 intelligentiae
1300 1780 1466 1807 motionibus
1477 1779 1658 1809 inscribentes
1672 1803 1679 1814 ,
1697 1786 1726 1809 ut

939 1834 1032 1854 earum
1049 1833 1108 1861 qua:
1116 1826 1263 1853 adveniunt
1276 1826 1367 1852 animo
1379 1825 1572 1860 impulsionum
1585 1834 1634 1861 per
1643 1835 1725 1855 sonos

940 1872 1039 1899 mentis
1054 1872 1231 1906 conceptibus
1248 1878 1383 1906 congruos
1407 1879 1470 1898 vera
1486 1877 1513 1899 et
1541 1871 1669 1900 distincta
1683 1877 1725 1900 at-

940 1926 992 1953 que
1004 1918 1147 1945 ineonfusa
1160 1918 1205 1944 tiat
1218 1917 1375 1944 deelaratio.
1389 1917 1444 1944 Cur
1455 1918 1537 1952 igitur
1546 1922 1668 1946 nostrum
1685 1927 1725 1946 ar-

940 1965 996 1998 guit
1024 1971 1187 1996 sermonem,
1217 1971 1270 1998 quo
1289 1963 1405 1990 dicimus
1437 1970 1535 1990 nomen
1564 1964 1724 2000 ἀγεννησίας

940 2009 1122 2044 excogitatum
1143 2008 1227 2036 fuisse
1245 2008 1277 2035 ad
1293 2008 1535 2035 demonstrandum
1553 2009 1655 2044 absque
1669 2013 1724 2038 ori-

941 2053 1002 2088 gine
1018 2057 1044 2080 et
1059 2052 1191 2087 principio
1209 2052 1291 2080 Deum
1307 2052 1466 2084 subsistere,
1483 2052 1547 2080 dum
1562 2054 1638 2087 dicit,
1651 2057 1722 2090 quod

942 2097 1013 2125 Deus
1028 2102 1054 2125 et
1064 2098 1237 2133 loquentibus
1245 2118 1251 2129 .
1261 2102 1288 2125 et
1297 2099 1448 2126 tacentibus
1460 2120 1467 2131 ,
1478 2103 1504 2126 et
1513 2100 1724 2135 intelligentibus

942 2144 1026 2178 prior,
1035 2149 1061 2171 et
1072 2149 1134 2171 ante
1143 2152 1236 2172 eorum
1245 2153 1305 2180 qum
1317 2146 1386 2172 iacta
1395 2151 1457 2173 sunt
1468 2147 1723 2175 commentationem

942 2194 1010 2221 erat,
1019 2195 1045 2217 et
1054 2194 1095 2218 est
1105 2190 1253 2225 ingenitus?
1262 2193 1287 2217 Si
1296 2192 1367 2218 enim
1375 2193 1474 2227 aliquis
1481 2198 1552 2221 esset
1561 2194 1606 2228 qui
1619 2199 1725 2222 astrue-

943 2239 993 2268 ret,
1015 2243 1068 2262 non
1081 2236 1156 2270 prius
1166 2236 1253 2271 ipsum
1266 2236 1350 2264 fuisse
1367 2238 1516 2273 ingenitum
1529 2248 1608 2274 quam
1619 2247 1633 2266 a
1646 2241 1724 2267 nobis

943 2289 1040 2308 nomen
1059 2282 1197 2309 inventum
1208 2287 1291 2315 esset,
1303 2283 1381 2309 venia
1396 2284 1494 2319 dignus
1507 2289 1579 2312 esset
1594 2286 1725 2314 adversus

944 2328 1023 2354 talem
1036 2327 1229 2355 absurditatem
1240 2329 1286 2355 illa
1295 2329 1428 2357 scribens.
1442 2329 1519 2362 Quod
1531 2331 1553 2358 si
1564 2331 1651 2366 ipsum
1663 2337 1725 2359 ante

943 2380 1050 2399 onmem
1062 2378 1215 2399 sermonem
1226 2379 1254 2401 et
1266 2375 1470 2410 intelligentiam
1482 2377 1619 2404 exstitisse
1630 2385 1725 2405 omnes

944 2417 1081 2452 fatentur;
1099 2419 1217 2447 nominis
1228 2423 1317 2448 autem
1329 2421 1437 2456 positio.
1447 2430 1498 2456 qua
1512 2431 1587 2451 mens
1597 2424 1724 2451 enuntia-

941 2465 1229 2495 tur,commentatione
1243 2466 1353 2493 inventa
1365 2473 1426 2493 esse
1442 2467 1544 2494 dicitur
1555 2475 1669 2503 ;scopns
1681 2476 1725 2496 au-

941 2514 994 2537 tem
1004 2514 1099 2537 contra
1107 2517 1259 2545 nospugnm
1266 2512 1290 2538 ei
1302 2512 1458 2546 propositus
1469 2516 1510 2539 est
1521 2533 1528 2543 ,
1538 2513 1725 2542 demonstrare

942 2563 994 2582 non
1013 2556 1046 2582 ab
1076 2556 1231 2584 hominibus
1256 2558 1436 2591 excogitatum
1465 2565 1526 2585 esse
1549 2559 1600 2586 hoc
1616 2567 1724 2590 nomen,

942 2601 988 2628 sed
1006 2601 1056 2628 hoc
1072 2608 1132 2629 esse
1146 2606 1209 2628 ante
1223 2606 1342 2629 nostram
1358 2604 1588 2636 constitutionem,
1606 2605 1724 2632 nescioa

941 2654 996 2681 quo
1006 2647 1107 2673 dictum
1124 2655 1130 2673 :
1159 2647 1223 2681 quid
1241 2655 1386 2674 commune
1406 2648 1559 2675 habetcum
1586 2651 1724 2684 proposito

941 2693 1001 2727 ejus
1013 2693 1113 2724 studio,
1126 2700 1220 2728 nempe
1236 2692 1335 2725 dicere,
1349 2697 1411 2720 ante
1427 2701 1458 2720 ea
1482 2702 1541 2728 qua=
1555 2700 1627 2726 sunt,
1640 2694 1723 2721 Deum

943 2739 1023 2765 modo
1041 2739 1160 2774 ingenito
1186 2739 1345 2771 subsistere,
1358 2744 1385 2766 et
1400 2747 1498 2775 magno
1512 2745 1608 2767 conatu
1623 2741 1724 2768 conﬁr-

942 2792 1016 2812 mare
1033 2785 1208 2819 posteriorem
1237 2792 1298 2812 csse
1320 2787 1585 2819 commentationem,
1613 2791 1641 2814 ct
1665 2795 1725 2822 qua:

943 2831 1021 2864 dixit,
1040 2831 1196 2858 ailirmare?
1213 2830 1357 2858 Hominum
1375 2832 1447 2859 enim
1473 2839 1514 2861 cst
1531 2833 1724 2861 insanientium
