1951 3074
246 106 300 134 967

857 102 885 129 S.
907 101 1072 130 GREGORII
1089 101 1234 130 NYSSENI

1828 101 1877 130 958

249 163 415 194 existimare,
441 160 629 196 cogitationem
661 159 726 195 quid
752 159 891 195 antiquius
919 167 980 188 esse
996 159 1028 187 hi:

1089 159 1118 186 τὸ
1134 159 1318 195 πρεσϐύτερον
1341 157 1396 185 τῶν
1417 156 1593 185 ἐπινοούντων
1607 156 1735 192 ἡγεῖσθαι
1752 155 1804 191 τὴν
1820 156 1877 182 ἑπι-

249 209 298 243 qui
330 207 493 242 excogitant.
509 205 610 240 Estque
636 210 766 240 praetcrea
789 212 959 240 quaecunque
974 212 1038 240 pro-

248 261 359 289 gressus
373 255 492 284 enarrat,
500 250 726 286 quemadmodum
741 258 828 285 neque
840 250 905 278 illud
917 250 1038 278 sentien-

249 299 326 330 tium,
340 305 437 332 nempe
451 296 587 328 homines,
602 295 727 330 quamvis
743 295 789 323 Dei
804 295 978 330 opiﬁeiorutn
995 296 1037 323 ul-

248 343 341 374 timos,
367 350 422 369 suae
435 341 628 375 excogitationi
644 347 812 376 prteponcre.
843 340 965 376 Magnam
983 340 1037 368 vim

247 395 341 416 revera
358 387 482 414 habuerit
498 387 627 417 oratio,si
639 386 747 421 quidem
764 385 862 420 aliquis
877 385 1035 419 exinsania,

246 433 288 459 vel
302 432 420 469 amentia
447 431 531 458 Deum
549 438 610 458 esse
632 430 889 458 commentationem
913 436 1036 464 pronun—

246 477 337 504 tiaret.
355 477 383 504 Si
400 481 491 504 autem
520 476 577 503 haec
591 474 661 502 ratio
683 482 770 509 neque
785 478 838 506 est,
868 482 957 510 neque
972 472 1034 506 fuit,

247 523 319 558 (quis
331 523 404 550 enim
423 530 454 550 eo
469 522 590 557 stuporis
600 525 627 548 et
640 521 772 548 vecordiae
787 520 918 556 adegerit.
934 525 963 547 ut
974 527 1036 548 cum

245 569 291 602 qui
306 576 369 596 vere
381 572 433 601 est,
452 573 478 595 et
497 568 543 603 qui
570 567 621 594 alia
645 567 748 598 omnia,
765 573 934 601 quteeunque
959 571 1034 599 sunt,

246 613 280 640 ad
302 614 504 648 generationem
523 611 646 644 adduxit,
669 618 723 637 non
748 619 809 638 esse
833 618 880 646 per
897 611 1035 646 propriam

245 659 452 686 subsistentiam
486 657 610 689 allirmet,
629 656 676 683 sed
694 664 741 691 per
753 655 873 683 nominis
898 655 1036 692 excogita-

245 705 346 732 tionem
363 703 552 739 pronuntiet?)
565 710 613 730 cur
627 702 728 730 frustra
741 701 877 729 umbratili
887 702 1036 729 certamine

245 751 382 786 depugnat
399 749 529 777 adversus
545 757 576 777 ea
591 756 651 784 qua:
664 749 756 776 nullus
768 749 877 780 asserit,
889 747 1035 783 pugnans?

245 796 342 824 Annon
357 795 499 823 manifesta
519 802 600 823 causa
625 794 706 829 hujus
724 794 826 822 insana:
851 794 1034 822 contentionis

245 847 296 875 est,
309 842 380 877 quod
393 842 456 869 dum
473 841 508 868 oh
521 840 647 875 deceptos
663 840 785 875 captioso
800 844 962 875 argumento
976 839 1028 866 hu—

243 887 289 921 jus
325 886 443 913 nominis
481 885 643 919 ἀγεννησὶας
673 892 735 912 cum
778 884 870 920 pudet,
900 884 1031 919 quoniam

245 933 297 960 hoc
313 940 410 959 nomen
428 939 481 958 non
512 931 676 967 permultutn
693 930 727 957 ab
749 930 876 958 essentia:
894 930 1032 966 signiﬁca-

245 979 318 1006 tione
331 981 484 1013 scparatum
501 984 560 1005 esse
583 977 726 1011 probatum
749 981 812 1009 est,
837 981 934 1011 sponte
959 976 1032 1003 dicta

244 1024 398 1055 confundit,
413 1031 427 1050 a
442 1024 552 1050 nomine
568 1022 601 1049 ad
617 1029 661 1049 res
681 1022 896 1049 controversiam
915 1021 1033 1049 transfe-

244 1078 320 1101 rens,
336 1073 365 1096 ut
382 1069 461 1096 facile
487 1069 588 1096 incauti
607 1069 658 1096 hac
687 1068 848 1096 confusione
876 1068 1030 1101 cludantur,

246 1121 371 1152 putantes
384 1117 424 1143 vel
437 1115 694 1143 commentationem
704 1113 788 1142 Deum
805 1121 819 1140 a
834 1113 912 1141 nobis
928 1113 1030 1140 dictutn

244 1171 315 1195 esse,
327 1163 367 1189 vel
381 1162 562 1188 humanorum
577 1160 716 1187 nominum
731 1159 886 1187 inventione
896 1157 1030 1193 posterio-

245 1216 313 1239 rem.
330 1207 446 1242 ideoque
460 1206 556 1234 relicto
573 1210 668 1233 nostro
688 1204 920 1240 irreprehensibili
948 1211 1030 1239 argu-

244 1257 335 1281 mento
361 1259 478 1287 pugnam
498 1251 650 1286 detorquet.
674 1250 731 1278 lloc
745 1250 818 1277 enim
839 1257 854 1276 a
867 1249 946 1276 nobis
960 1251 1029 1283 erat,

241 1300 315 1327 sicut
328 1298 430 1326 dictum
450 1300 502 1330 est,
518 1304 616 1324 nomen
649 1296 810 1331 ἀγεννησίας
827 1303 882 1323 non
905 1300 1030 1322 naturam

243 1347 442 1376 demonstrare.
460 1343 509 1372 sed
526 1351 559 1371 ex
579 1342 807 1370 commentatione
835 1345 941 1369 natura;
967 1348 1032 1368 con-

243 1398 351 1428 gruere,
364 1398 412 1425 per
426 1397 508 1426 quam
537 1389 625 1424 ipsum
646 1387 748 1422 absque
773 1394 856 1414 causa
882 1387 1031 1415 subsistere

243 1436 426 1472 signiﬁcatur.
442 1435 519 1468 Quod
537 1442 602 1462 vero
615 1433 649 1461 ab
665 1433 731 1468 ipsis
745 1433 929 1465 astruebatur,
943 1432 1030 1468 ipsius

243 1483 368 1510 essentia:
380 1482 496 1510 indicem
507 1487 601 1508 vocem
618 1487 689 1507 esse.
713 1478 764 1506 Ubi
781 1479 863 1514 igitur
876 1482 1028 1507 astructum

243 1533 296 1561 est,
311 1529 366 1556 vim
394 1528 476 1562 hujus
506 1525 624 1553 nominis
648 1525 685 1552 ita
702 1532 731 1552 se
754 1524 871 1552 habere?
897 1523 949 1552 Sed
973 1524 1030 1552 haec

243 1574 342 1602 alicubi
355 1574 382 1600 in
397 1573 457 1600 aliis
467 1570 696 1606 disputationibus
711 1570 790 1605 plane
800 1570 939 1598 recondita
955 1572 1028 1598 sunt.

243 1621 338 1649 Omnis
358 1623 447 1647 autem
458 1619 482 1646 ei
495 1619 570 1646 labor
585 1621 734 1652 occupatus
751 1621 803 1650 est,
821 1620 849 1644 ut
863 1616 1030 1644 demonstret

244 1666 328 1694 Deum
344 1666 468 1693 substare
477 1663 642 1698 ἀγεννήτως,
657 1662 767 1698 perinde
779 1669 810 1689 ac
823 1662 845 1690 si
854 1663 915 1697 quis
928 1662 1030 1690 diserte

243 1711 278 1739 de
295 1712 338 1738 his
353 1711 542 1745 interrogaret,
564 1715 709 1744 quanmam
734 1708 767 1735 de
791 1708 901 1735 nomine
916 1707 1030 1743 ἁγεννη·

243 1758 303 1789 σίας
314 1756 518 1792 intelligentiam
546 1755 669 1786 haberet,
688 1759 778 1782 utrum
804 1754 971 1782 existimaret
982 1761 1030 1781 ex-

242 1803 389 1838 cogitatum
401 1801 433 1828 ad
449 1799 689 1828 demonstrandum
705 1799 819 1834 primam
830 1806 939 1826 causam
955 1798 1030 1833 prin-

243 1847 314 1882 cipio
327 1852 354 1875 et
363 1847 467 1882 origine
480 1853 583 1879 carere,
596 1853 630 1872 an
643 1852 707 1873 vero
721 1845 807 1881 ipsam
822 1844 968 1872 essentiam
986 1845 1030 1871 de-

241 1894 356 1921 clarare.
373 1892 423 1920 Hic
450 1897 540 1919 autem
564 1891 642 1919 valde
658 1891 775 1927 graviter
788 1895 815 1919 et
844 1891 972 1918 audacter
983 1898 1027 1919 re-

241 1938 396 1973 sponderet,
429 1944 458 1964 se
474 1944 527 1963 non
555 1936 679 1972 dubitare
710 1935 794 1962 Deum
818 1936 880 1963 cmli
905 1939 932 1963 et
949 1940 1028 1963 teme

241 1986 391 2010 creatorem
416 1987 487 2009 esse.
513 1979 547 2007 Ut
564 1980 645 2015 igitur
672 1979 716 2006 hic
743 1987 832 2007 sermo
858 1981 1027 2015 aproposito

240 2028 373 2058 dissonat,
391 2034 478 2062 neque
493 2033 616 2053 connexa
627 2026 698 2053 serie
713 2026 846 2061 sequitur,
864 2026 958 2054 codem
971 2034 1026 2054 mo-

240 2074 276 2101 do
291 2073 427 2101 inveneris
441 2073 466 2099 in
480 2072 592 2107 pulchre
607 2071 743 2106 descripta
754 2077 848 2098 contra
863 2079 912 2099 nos
925 2080 1024 2108 pugna,

239 2119 313 2154 quod
330 2126 344 2145 a
357 2126 439 2153 scopo
454 2118 657 2145 dissentanequ
673 2122 715 2145 est
729 2123 755 2146 et
765 2118 882 2146 alienum
899 2127 905 2146 :
922 2119 961 2146 sic
974 2127 1024 2146 au-

239 2169 292 2192 tem
307 2164 513 2199 perspiciamus.

274 2210 424 2244 lngenitum
451 2209 526 2236 aiunt
554 2208 638 2236 Deum
667 2216 752 2237 esse:
780 2209 843 2237 huic
866 2210 946 2237 etiam
972 2218 1022 2239 nos

239 2255 432 2286 assentiamur,
451 2255 497 2282 sed
513 2254 595 2281 etiam
615 2254 777 2290 ἀγεννησῐαν
791 2256 936 2283 essentiam
951 2264 1022 2291 esse,

239 2301 274 2328 ad
290 2301 341 2327 hoc
355 2307 370 2326 a
385 2299 465 2327 nobis
483 2298 663 2326 contradictio
679 2301 815 2327 occurrit:
829 2300 878 2327 hoc
889 2301 959 2328 enim
974 2309 1022 2328 no-

239 2354 300 2373 men
315 2346 430 2373 dicimus
444 2345 685 2373 demonstrativuut
700 2353 771 2377 esse,
785 2345 869 2374 Deum
882 2348 1023 2382 ingenera-

239 2393 330 2420 hiliter
345 2392 480 2424 substare,
493 2399 547 2418 non
577 2390 738 2426 ἁγεννησίαν
751 2399 811 2419 esse
829 2391 912 2419 Deum
932 2392 1023 2420 :hnnc

239 2445 391 2466 sermonem
420 2436 543 2464 refellere
570 2441 694 2464 nostrum
723 2437 876 2472 pollicetur.
893 2438 1022 2471 Quaenam

239 2481 322 2517 igitur
335 2482 481 2510 refutatio?
496 2481 572 2515 Quod
587 2486 647 2509 ante
663 2482 797 2509 hominum
811 2484 1022 2511 constitutionem

238 2534 306 2562 erat,
327 2529 425 2564 inquit,
453 2528 593 2563 ingenitus.
608 2528 678 2562 Quid
695 2529 747 2556 hoc
763 2529 796 2556 ad
814 2529 840 2556 id
855 2530 928 2564 quod
946 2538 1022 2565 qua:-

238 2576 319 2607 ritur,
337 2574 408 2609 quod
425 2581 454 2601 se
466 2574 711 2601 demonstraturum
723 2573 864 2609 profitetur
877 2575 946 2602 idem
961 2583 1022 2603 esse

238 2628 338 2647 nomen
352 2626 413 2646 cum
428 2618 570 2653 subjecto?
595 2619 741 2646 essentiam
764 2618 836 2645 enim
860 2619 1021 2655 ἀγεννησίαν

238 2666 342 2693 defluit.
352 2665 480 2697 Quaenam
490 2665 570 2699 igitur
579 2663 803 2699 pollicitationum
814 2664 1021 2693 demonstratio?

239 2711 430 2739 Demonstrare
444 2717 551 2745 nempe,
568 2705 650 2736 Deum
665 2710 797 2737 exsistere
813 2715 874 2738 ante
897 2711 1019 2740 homines

239 2764 306 2784 voce
320 2759 437 2784 utentes.
449 2755 471 2784 0
482 2755 622 2782 mirificam
637 2748 907 2789 demonstrationem,
934 2761 960 2784 et
976 2757 1020 2784 cui

245 2802 393 2830 contradici
412 2809 466 2831 non
481 2799 582 2837 possit!
599 2799 656 2829 haac
679 2804 766 2830 estex
793 2802 945 2832 disserendi
962 2807 1020 2832 arte

1088 205 1195 240 νόησινο
1211 204 1258 231 καὶ
1275 204 1332 230 ἐστι
1348 203 1416 238 πρὸς
1427 203 1531 234 τούτοις
1544 203 1592 229 ὃσα
1606 202 1710 234 ὑποϐὰς
1725 201 1878 236 ἐξέρχεται,

1088 250 1182 285 ὥσπερ
1196 250 1255 276 οὐδὲ
1269 250 1356 276 ἐκεῖνο
1371 248 1548 285 φρονούντων,
1570 248 1616 281 τὸ,
1630 249 1693 280 τοὺς
1717 247 1878 284 ἀνθρώπους

1088 295 1189 330 καίπερ
1219 295 1297 327 ὄντας
1323 295 1453 327 ὑστάτους
1478 294 1532 320 τῶν
1555 294 1601 321 τοῦ
1620 293 1687 321 Θεοῦ
1706 294 1879 329 δημιουργη-

1089 341 1182 376 μάτων
1201 341 1361 378 προτάττειν
1382 341 1432 376 τῆς
1454 341 1528 375 σφῶν
1550 340 1640 367 αὐτῶν
1663 340 1799 371 ἐπινοίας.
1826 340 1879 366 Με-

1087 386 1172 421 γάλην
1186 386 1239 422 γὰρ
1249 386 1287 422 τῷ
1299 387 1355 413 δντι
1368 387 1416 422 τὴν
1432 387 1507 422 ἰσχὺν
1519 387 1533 413 ὁ
1545 385 1623 420 λόγος
1633 384 1718 421 εἶχεν,
1738 385 1822 420 εἴπερ
1840 394 1877 416 τις

1087 432 1120 459 ὲκ
1137 432 1235 467 μανίας
1253 433 1270 468 ἢ
1290 432 1500 468 παραφροσύνης
1519 432 1638 459 ἐπίνοιαν
1662 430 1733 458 εἶναι
1749 431 1797 458 τὸν
1815 431 1877 457 Θεὸν

1087 477 1260 512 ἀπεφαίνετο.
1278 478 1310 504 Et
1323 478 1350 505 δὲ
1367 475 1443 510 οὗτος
1457 478 1506 513 μὲν
1522 478 1536 504 ὁ
1547 478 1624 512 λόγος
1639 477 1701 504 οὔτε
1716 477 1806 508 ἐστὶν,
1818 477 1874 503 οὔτε

1089 523 1139 558 μὲν
1154 522 1378 558 γεγένηται-(τίς
1396 523 1450 559 γὰρ
1470 523 1502 550 ἂν
1525 524 1564 555 είς
1580 521 1657 550 τοῦτο
1683 522 1875 558 παραπληξίας

1088 569 1218 602 ἐλάσειεν,
1230 570 1300 596 ὥστε
1312 569 1356 596 τὸν
1371 569 1455 600 ὅντως
1465 569 1538 601 ὅντα,
1547 569 1638 596 καὶτὰ
1647 567 1715 596 ἄλλα
1727 568 1821 596 πάντα
1830 569 1877 595 ὅσα

1087 615 1161 642 ἐστὶν
1171 616 1210 646 εἰς
1220 615 1325 649 γένεσιν
1339 615 1486 649 ἀγαγόντα,
1498 615 1592 642 τοῦτον
1604 615 1641 650 μὴ
1651 615 1713 641 καθ’
1727 614 1876 641 ὑπόστασιν

1088 660 1156 687 ιδίαν
1170 660 1259 694 λέγειν
1278 658 1361 693 εἶναι,
1383 661 1440 687 ἀλλ’
1453 661 1572 687 ἐπίνοιαν
1582 661 1713 696 ὀνόματος
1729 660 1877 694 ἀποφαίνε-

1088 703 1207 738 simu)?!
1223 705 1310 741 μάτην
1324 707 1474 741 ακιομαχεῖ,
1486 707 1542 738 τοῖς
1552 705 1582 732 οὺ
1596 705 1697 732 τεθεῖσι
1711 705 1878 740 μαχόμενοςς

1087 750 1104 785 ἢ
1132 750 1262 786 πρόδηλος
1281 750 1355 778 αἰτία
1370 751 1420 786 τῆς
1438 751 1552 785 ἀνοήτου
1575 750 1676 785 ταύτης
1697 749 1875 784 φιλονεικίας,

1057 798 1062 803 ’
1087 796 1128 822 ὅτι
1143 797 1205 828 τοὺς
1216 796 1434 831 ἐξαπατηθέντας
1447 796 1491 822 διὰ
1505 796 1552 822 τοῦ
1569 797 1629 823 κατ’
1646 795 1815 830 ἀγεννησίαν
1837 804 1876 821 σο-

1083 841 1217 877 φίσματος
1228 842 1430 877 αἰσχυνόμενος,
1445 842 1505 868 ἐπεὶ
1516 842 1660 877 διηλέγχθη
1681 841 1816 876 πάμπολυ
1829 841 1873 875 τῆς

1083 887 1152 914 κατὰ
1166 886 1215 922 τὴν
1229 887 1323 914 οὐσίαν
1344 887 1481 922 σημασίας
1501 887 1703 922 κεχωρισμένον
1718 886 1751 912 τὸ
1775 887 1872 920 ὄνομα,

1083 933 1153 960 ἑκὼν
1166 934 1282 960 ποιεῖται
1297 933 1351 959 τῶν
1366 933 1518 968 λεγομένων
1532 933 1581 969 τὴν
1601 933 1744 967 σύγχυσιν,
1761 932 1817 958 ἀπὸ
1829 930 1872 958 τοῦ

1081 979 1212 1015 ὀνόματος
1224 980 1270 1006 ἐπὶ
1284 979 1318 1006 τὰ
1332 979 1480 1014 πράγματα
1497 979 1685 1014 μεταϐιϐάζων
1700 979 1752 1014 τὴν
1774 978 1871 1013 μάχην.

1081 1026 1118 1058 ὡς
1132 1027 1193 1057 τοὺς
1217 1026 1411 1057 ἀνεπιστάτως
1427 1026 1545 1057 εὐκόλως
1557 1025 1600 1051 διὰ
1614 1026 1663 1060 τῆς
1677 1025 1809 1059 τοιαύτης
1823 1033 1871 1050 πι-

1084 1071 1284 1108 ρακρουσοῆναι
1300 1071 1465 1106 συγχύσεως,
1477 1071 1637 1106 νομίζοντας
1649 1071 1666 1106 ἢ
1685 1070 1810 1097 ἐπίνοιαν
1830 1070 1873 1097 τὸν

1082 1116 1148 1143 Θεὸν
1171 1116 1235 1153 παρ’
1257 1116 1336 1152 ἡμῶν
1357 1116 1498 1152 εἰρῆσθαι,
1514 1116 1531 1152 ἢ
1547 1118 1597 1151 τῆς
1621 1116 1674 1142 τῶν
1693 1115 1873 1150 ἀνθρωπίνων

1081 1162 1220 1198 ὀνομάτων
1238 1162 1371 1198 εὑρέσεως
1391 1160 1531 1197 δεύτερον·
1553 1161 1600 1188 καὶ
1619 1161 1664 1188 διὰ
1687 1160 1769 1188 τοῦτο
1792 1169 1873 1187 κατα·

1081 1207 1166 1235 λιπὼν
1188 1208 1350 1243 ἀνέλεγκτον
1373 1207 1403 1234 τὸ
1425 1207 1568 1243 ἡμέτερον,
1590 1207 1741 1242 μεταφέρει
1755 1207 1806 1241 τὴν
1822 1207 1871 1240 μά-

1082 1263 1142 1290 χην.
1157 1255 1194 1281 Τὸ
1216 1254 1272 1290 γὰρ
1292 1254 1357 1289 παρ’
1375 1253 1453 1289 ἡμῶν
1467 1251 1512 1289 ἦν,
1526 1253 1616 1284 καθὼς
1638 1253 1758 1288 εἴρηται,
1776 1252 1808 1278 τὸ
1826 1250 1871 1286 τῆς

1081 1299 1244 1335 ἀγεννησίας
1257 1299 1342 1334 ὄνομα
1358 1299 1394 1334 μὴ
1406 1299 1454 1334 τὴν
1470 1298 1550 1333 φύσιν
1562 1297 1756 1328 ἐνδείκνυσθαι,
1772 1297 1830 1324 ἀλλ’
1844 1298 1870 1330 ἐξ

1081 1342 1201 1374 ἐπινοίας
1221 1342 1384 1378 ἐφαρμόζειν
1407 1344 1440 1378 τῇ
1461 1342 1551 1377 φύσει,
1568 1342 1601 1369 δι’
1613 1340 1647 1378 ἧς
1661 1343 1692 1368 τὸ
1705 1343 1769 1370 ἄνευ
1782 1343 1870 1374 uitia;

1081 1387 1161 1415 αὐτὸν
1175 1388 1322 1422 ὑφεστάναι
1333 1387 1491 1423 σημαίνεται
1501 1396 1507 1402 ·
1519 1388 1549 1414 τὸ
1565 1388 1592 1414 δὲ
1607 1388 1672 1423 παρ’
1683 1388 1775 1415 αὐτῶν
1787 1396 1868 1414 κατα-

1082 1433 1278 1468 σκευαζόμενον
1288 1430 1331 1469 ἦν,
1344 1434 1427 1468 αὐτῆς
1445 1432 1513 1461 εἶναι
1530 1433 1578 1469 τῆς
1591 1434 1684 1465 οὐσίας
1702 1433 1869 1468 ἐνδεικτικὴν

1080 1479 1129 1516 τὴν
1142 1480 1244 1515 φωνήν.
1261 1479 1316 1506 Ποῦ
1336 1479 1424 1506 τοίνυν
1439 1479 1644 1514 κατεσκευάσθη
1659 1479 1689 1506 τὸ
1700 1480 1788 1511 οὕτως
1801 1481 1868 1515 ἔχειν

1080 1523 1129 1559 τὴν
1141 1523 1188 1550 τοῦ
1207 1524 1338 1559 ὀνόματος
1357 1522 1488 1560 δύναμιν;
1511 1524 1578 1551 ἀλλὰ
1592 1524 1678 1551 ταῦτα
1697 1525 1748 1560 μὲν
1768 1525 1868 1561 ἑτέροις

1081 1578 1131 1596 που
1143 1569 1250 1601 πάντως
1259 1570 1431 1604 τεταμίευται
1440 1570 1538 1604 λόγοις.
1558 1570 1588 1596 '0
1597 1570 1624 1596 δὲ
1636 1571 1689 1602 πᾶς
1701 1571 1777 1606 αὐτῷ
1792 1571 1869 1603 πόνος

1080 1614 1120 1646 εὶς
1136 1614 1166 1641 τὸ
1189 1614 1336 1649 ὑφεστάναι
1360 1615 1406 1642 τὸν
1431 1615 1496 1641 Θεὸν
1521 1616 1676 1651 ἁγεννήτως
1703 1615 1866 1651 ἠσχόληταν

1079 1661 1170 1696 ὅμοιον
1190 1661 1284 1696 ὥσπερ
1298 1661 1332 1688 ἂν
1347 1661 1374 1688 cl
1389 1670 1430 1694 τις
1450 1662 1543 1696 σαφῶς
1565 1663 1628 1696 περὶ
1650 1662 1754 1689 τούτων
1776 1661 1867 1698 ἦρετο,

1079 1707 1139 1733 τίνα
1155 1708 1218 1743 περὶ
1233 1707 1279 1734 τοῦ
1290 1707 1419 1743 ὀνόματος
1431 1708 1481 1743 τῆς
1493 1709 1655 1744 ἀγεννησῐας
1667 1708 1724 1744 ἔχει
1738 1709 1866 1739 διάνοιαν.

1079 1751 1133 1778 εἴτε
1153 1751 1190 1783 ὠς
1213 1752 1403 1788 ὲπινοουμένου
1431 1753 1498 1788 πρὸς
1524 1753 1634 1785 ἔνδειξιν
1663 1753 1711 1780 τοῦ
1741 1755 1867 1790 ἀνάρχως

1078 1795 1187 1824 εἶναιτὸ
1204 1798 1310 1833 πρῶτον
1325 1797 1421 1830 αἴτιον,
1437 1798 1491 1824 εἴτε
1505 1799 1552 1825 καὶ
1566 1799 1603 1830 ὠς
1614 1799 1698 1834 αὐτῆς
1715 1799 1865 1834 δηλωτικοῦ

1078 1841 1128 1876 τῆς
1137 1842 1244 1874 οὐσίας·
1260 1843 1274 1868 ὁ
1289 1842 1317 1869 δὲ
1339 1843 1412 1877 μάλα
1424 1843 1529 1878 σεμνῶς
1548 1844 1594 1870 καὶ
1615 1844 1800 1876 ἑπιστατικῶς
1816 1846 1866 1871 ἀπ-

1078 1889 1209 1924 εκρίνετο,
1223 1889 1253 1916 τὸ
1268 1889 1382 1925 οὐρα.νοῦ
1397 1890 1443 1916 καὶ
1459 1890 1511 1924 γῆς
1523 1889 1568 1916 τὸν
1579 1890 1645 1917 Θεὸν
1662 1891 1777 1926 ποιητὴν
1797 1890 1865 1918 εἶναι

1079 1935 1116 1969 μὴ
1129 1933 1318 1969 ἀμφιδάλλειν.
1338 1934 1382 1966 Ὠς
1393 1935 1480 1961 τοίνυν
1494 1932 1572 1967 οὗτος
1585 1937 1599 1963 ὁ
1615 1936 1693 1970 λόγος
1708 1937 1808 1973 ἀπᾴδει
1820 1937 1864 1964 τοῦ

1078 1979 1267 2015 προταθέντος,
1291 1980 1338 2007 καὶ
1358 1981 1387 2006 οὺ
1412 1981 1594 2016 συνήρτηται·
1622 1982 1700 2016 κατὰ,
1713 1982 1761 2009 τὸν
1785 1983 1863 2009 αὐτὸν

1076 2025 1175 2060 τροπὸν
1197 2025 1286 2061 εὕροις
1306 2025 1338 2053 ἂν
1360 2026 1406 2053 καὶ
1424 2027 1470 2053 ἐπὶ
1490 2029 1538 2062 τῆς
1547 2028 1778 2064 καλλιγραξείσης
1790 2028 1863 2064 αὐτῷ

1076 2071 1136 2097 καθ’
1152 2071 1229 2106 ἡμῶν
1249 2072 1338 2107 μάχης
1357 2073 1387 2099 τὸ
1399 2073 1466 2108 πρὸς
1483 2073 1527 2100 τὸν
1544 2073 1642 2101 σκοπὸν
1664 2075 1861 2111 ἁσυνάρτητον.

1076 2117 1181 2144 Οὗτωσὶ
1196 2117 1224 2144 δὲ
1236 2119 1426 2153 σκοπὴσωμεν.

1116 2206 1274 2241 Ἀγέννητόν
1294 2215 1359 2242 φασι
1381 2206 1425 2233 τὸν
1446 2206 1511 2233 Θεὸν
1527 2205 1606 2237 εἶναι,
1623 2207 1701 2234 τοῦτο
1720 2208 1768 2234 καὶ
1782 2209 1862 2242 ἡμεῖς

1075 2251 1252 2287 συντιθέμεθα
1263 2261 1270 2267 ·
1284 2252 1352 2278 ἀλλὰ
1366 2252 1413 2278 καὶ
1425 2253 1473 2287 τὴν
1487 2253 1658 2287 ἀγεννησίαν,
1671 2253 1766 2279 οὺσὶαν
1779 2252 1858 2285 εἶναι,

1073 2297 1141 2331 πρὸς
1161 2297 1238 2323 τοῦτο
1256 2297 1320 2332 παρ’
1345 2297 1424 2332 ἡμῶν
1448 2299 1463 2333 ἠ
1486 2298 1654 2333 ἀντίρρησις.
1680 2300 1787 2333 Ὀνομα
1809 2300 1860 2334 γὰρ

1072 2341 1150 2368 τοῦτό
1174 2351 1262 2377 φαμεν
1285 2342 1447 2369 ἐνδεικτικὸν
1473 2340 1540 2369 εἶναι
1565 2343 1612 2369 τοῦ
1633 2344 1792 2378 ὰγεννήτως
1818 2344 1860 2370 τὸν

1071 2386 1136 2412 Θεὸν
1169 2388 1335 2422 ὑφεστάναι,
1363 2389 1393 2414 οὑ
1420 2388 1468 2423 τὴν
1488 2389 1649 2424 ἁγεννησίαν
1678 2387 1750 2416 εἶναι
1782 2389 1860 2416 Θεῶν

1072 2435 1191 2471 ἐλέγχειν
1207 2434 1400 2469 ἐπαγγέλλεται
1411 2435 1455 2461 τὸν
1466 2434 1597 2470 ἡμέτερον
1618 2434 1710 2468 λόγον·
1724 2435 1766 2467 τίς
1784 2434 1831 2462 οὖν
1846 2437 1859 2461 ό

1072 2482 1194 2517 ἐλεγχοςς
1211 2481 1271 2507 Ὀτι
1286 2480 1345 2514 Πρὸ
1362 2479 1415 2514 τῆς
1427 2479 1485 2507 τῶν
1497 2480 1658 2514 ἀνθρώπων
1678 2481 1858 2513 συστάσεως

1071 2527 1121 2561 ἦν,
1140 2526 1233 2561 φησιν,
1249 2525 1422 2560 ἀγέννητος.
1440 2525 1472 2552 Τί
1487 2525 1567 2552 τοῦτο
1592 2527 1660 2562 πρὸς
1675 2527 1706 2553 τὸ
1725 2527 1857 2562 ζητούμε-

1071 2581 1126 2604 νον,
1143 2572 1157 2598 ὃ
1179 2571 1274 2604 δείξειν
1287 2567 1365 2603 οὗτος
1378 2571 1644 2606 κατεπαγγέλλεται,
1666 2572 1767 2599 ταύτὸν
1790 2570 1857 2598 εἶναι

1072 2617 1110 2651 τῷ
1123 2616 1292 2651 ὑποκειμένῳ
1305 2617 1335 2642 τὸ
1346 2616 1443 2652 δνομας
1454 2617 1553 2644 Οὐσίαν
1567 2617 1620 2652 γὰρ
1633 2615 1704 2644 εἶναι
1717 2618 1767 2653 τὴν
1779 2619 1855 2651 ἀγεν-

1072 2663 1167 2699 νησίαν
1181 2662 1309 2698 ὁρίζεται.
1330 2663 1377 2694 Τίς
1397 2661 1442 2690 οὖν
1460 2664 1476 2698 ἡ
1491 2663 1546 2690 τῶν
1564 2664 1776 2699 ἐπηγγελμένων
1792 2664 1857 2691 ἀπό-

1071 2710 1169 2742 δειξις;
1189 2710 1226 2736 Τὸ
1252 2710 1336 2744 δεῖξαι
1361 2711 1556 2746 προῦφεστῶτα
1586 2711 1640 2737 τῶν
1663 2713 1738 2746 φωνῇ
1760 2721 1856 2747 κεχρη-

1073 2755 1171 2792 μένων,
1187 2756 1232 2782 τὸν
1247 2756 1322 2784 Θεόν.
1343 2757 1374 2782 Ὢ
1396 2757 1446 2792 τῆς
1468 2758 1665 2793 ἀναντιρῤήτου
1683 2758 1732 2784 καὶ
1755 2757 1856 2792 θαυμα-

1072 2803 1136 2839 στῆς
1148 2802 1326 2836 ἀποδείξεωςι
1347 2802 1416 2840 αὕτη
1436 2804 1520 2838 ἐστὶν,
1543 2805 1560 2839 ἡ
1577 2805 1609 2830 ὲκ
1622 2804 1670 2840 τῆς
1686 2803 1855 2838 διαλεκτικῆς
