1951 3074
215 85 266 113 9ῗὶ

842 88 868 115 S.
893 88 1053 117 GREGORII
1081 90 1225 120 NYSSENI

1798 98 1848 126 972

220 150 281 171 cum
302 143 382 172 etiam
401 144 472 178 quod
486 145 544 179 ipse
559 145 593 172 sit
607 147 653 181 qui
666 147 770 175 artibus
786 148 922 177 hominem
940 158 1003 185 praa<

1060 152 1174 188 σὰμενης
1190 154 1339 189 ὑφαντικὴν
1364 163 1392 180 τε
1421 155 1465 181 καὶ
1490 155 1658 191 ποινιλτικὴν
1673 156 1845 195 ¹ἐπιστήμην.

221 191 293 221 fecit,
319 195 344 218 et
364 191 470 217 mulieri
491 191 659 225 gratificatus
675 199 759 221 artem
785 195 891 222 texendi
906 200 933 223 et
955 203 1005 223 acu

221 237 346 272 pingendi
365 237 519 264 scientiam.
544 237 620 270 Quod
640 240 712 266 enim
731 249 783 268 non
807 245 868 268 actu
887 242 1004 277 quodam

219 284 285 310 tales
301 286 373 310 artes
387 282 490 314 docuit,
514 283 571 318 ipse
586 291 675 318 opera)
692 287 851 320 praesidens,
874 288 1006 322 quemad-

219 328 326 354 modum
353 328 380 354 in
406 328 448 356 his
462 336 522 363 quae
545 332 723 365 corporaliter
745 331 895 359 edocentur
914 333 1005 361 videre

218 374 290 404 licet,
320 375 411 401 mdlus
440 375 519 410 plane
545 378 748 409 contradixerit,
779 378 824 412 qui
843 379 962 406 carnalis
978 383 1005 405 et

218 420 354 448 belluinus
371 429 424 448 non
447 422 482 449 sit
498 430 504 447 :
518 423 565 450 s>d
589 425 692 451 dictum
711 429 753 452 est
775 425 809 451 ab
830 425 888 459 ipso
910 425 1003 451 talium

216 465 314 492 artium
328 467 405 493 nobis
422 468 530 494 insitam
546 477 607 497 esse
621 470 783 502 doctrinam,
796 471 858 505 quia
873 471 1003 497 nimirum

216 510 320 537 dederit
334 516 438 538 natura:
451 513 622 548 excogitandi
637 519 663 541 et
676 515 829 541 inveniendi
841 522 872 542 ea
887 522 946 549 qua:
960 515 1002 542 in-

215 557 379 590 quiruntur.
404 558 557 586 facultatem
572 580 579 591 ,
607 560 700 595 sicque
722 561 780 595 ipse
803 568 853 588 nos
876 561 908 587 ad
930 565 1002 588 artes

216 603 338 630 adduxit.
364 604 396 631 Et
416 610 525 640 propter
548 614 639 633 causa
663 607 795 633 rationem
821 606 951 641 quidquid
970 614 1001 633 ex

215 649 344 682 ἐπινοίας,
368 651 393 677 id
413 656 452 678 est
474 652 703 679 commentatione
719 653 899 687 excogitatur,
917 656 944 679 et
960 653 1002 679 in-

215 696 323 722 venitur
337 700 418 730 atque
435 697 584 731 perficitur,
604 697 630 724 in
649 698 798 732 principem
816 698 897 732 hujus
915 697 1001 725 facul-

216 742 279 768 tatis
291 747 429 769 auctorem
444 742 571 769 refertur:
586 743 624 769 sic
640 742 802 770 medicinam
817 743 871 769 vita
888 743 1000 776 invenit,

216 791 402 813 verumtamen
430 787 476 813 Dei
501 787 602 813 donum
629 786 789 814 medicinam
818 787 864 822 qui
891 788 999 819 dixerit,

215 839 269 858 non
295 831 440 859 aberrabit.
463 831 494 858 Et
511 840 591 859 omne
608 833 680 867 quod
706 833 732 859 in
749 833 802 859 vita
819 832 936 860 humana
955 833 997 860 in-
1015 823 1035 850 Β

216 883 324 905 ventum
340 882 392 909 est,
415 882 443 905 et
457 878 490 905 ad
509 878 609 912 aliquid
625 886 718 906 eorum
734 887 794 913 qua:
816 879 848 906 ad
865 887 957 914 pacem
973 885 1000 907 et

215 924 314 951 bellum
334 923 408 950 utilia
434 929 508 955 sunt,
527 924 666 955 conducit,
694 931 749 952 non
773 925 882 952 aliunde
907 925 1000 953 habuit

215 970 329 1001 aditum,
345 970 390 997 sed
410 977 486 997 mens
501 975 542 997 est
555 978 615 1004 quae
632 970 738 1006 singula
755 971 843 1002 nobis,
857 976 938 1006 prout
954 979 1001 999 na-

196 1025 198 1027 ·
215 1019 283 1042 tura:
300 1022 400 1042 nostra:
425 1016 561 1050 congruit,
579 1017 715 1050 excogitat
730 1020 757 1043 et
784 1017 897 1045 invenit.
926 1017 1001 1046 Mens

215 1064 304 1086 autem
322 1068 389 1094 opus
403 1059 449 1087 Dei
473 1064 523 1087 est.
542 1060 627 1095 Igitur
641 1069 672 1087 ex
691 1060 745 1088 Deo
767 1062 856 1088 omnia
877 1070 937 1097 quae
954 1071 1002 1098 per

215 1109 331 1131 mentem
359 1105 437 1132 nobis
467 1106 638 1140 suppeditata
658 1111 732 1134 sunt.
755 1106 833 1140 Quod
860 1112 949 1136 autem
967 1109 1002 1136 ab

215 1151 380 1178 adversariis
396 1151 506 1183 dicitur,
529 1151 650 1179 fabulosa
669 1152 794 1187 figmenta
809 1157 836 1180 et
861 1153 1000 1181 mendacia

216 1204 372 1233 portentosa
389 1199 438 1225 hac
452 1199 682 1226 commentatione
697 1201 812 1226 conlicta
826 1207 887 1227 esse
900 1205 926 1227 et
939 1208 1001 1228 ron-

215 1245 326 1278 scripta.
346 1252 432 1278 neque
447 1252 496 1278 ego
515 1243 573 1279 ipse
587 1243 724 1279 refl-agor;
745 1253 806 1271 nam
822 1246 855 1272 ad
876 1251 1000 1273 nostrum

216 1298 327 1325 scopum
342 1291 422 1317 etiam
440 1291 547 1317 illorum
568 1290 637 1316 ratio
657 1291 774 1317 confert.
794 1290 914 1318 Dicimus
929 1293 1001 1318 enim

216 1343 265 1362 nos
276 1336 397 1362 eamdem
408 1343 468 1363 esse
480 1336 679 1363 contrariorum
693 1337 845 1369 scientiam,
857 1341 883 1365 et
895 1338 1001 1365 utilium

215 1385 240 1407 et
257 1388 350 1407 eorum
367 1388 427 1414 qua:
443 1381 582 1408 contrario
599 1381 680 1407 modo
694 1388 723 1408 se
740 1381 850 1413 habent,
872 1386 900 1408 ut
917 1382 1002 1408 medi-

215 1426 315 1458 cinam,
331 1427 561 1461 gubernatricem,
580 1430 607 1454 et
622 1427 643 1454 si
657 1427 722 1461 quid
736 1427 808 1454 aliud
822 1427 874 1454 tale
886 1432 937 1456 est.
950 1427 1001 1461 Qui

217 1523 316 1550 menta,
335 1519 437 1545 noverit
451 1518 532 1545 etiam
551 1519 590 1553 (si
610 1519 718 1553 quidem
738 1523 796 1547 arte
811 1520 838 1546 in
853 1519 1001 1554 perniciem

216 1563 288 1590 abuti
304 1564 382 1598 velit)
401 1564 476 1591 sanis
489 1563 658 1591 mortiferum
675 1573 806 1592 venenum
820 1566 959 1600 ingerere;
976 1569 1003 1593 et

171 1614 175 1618 ‘
216 1609 262 1644 qui
288 1609 320 1636 ad
345 1613 451 1644 portum
475 1610 658 1644 gubernaculo
678 1611 812 1645 navigium
837 1611 950 1646 dirigit,
969 1611 1001 1638 ad

216 1663 281 1682 saxa
297 1655 377 1682 etiam
393 1655 502 1682 latentia
517 1660 544 1683 et
560 1655 698 1690 paululum
721 1655 880 1687 eminentia,
897 1660 923 1683 et
940 1663 1002 1683 sco-

217 1701 296 1735 pulos
311 1701 446 1735 appellere
465 1701 575 1735 poterit,
593 1701 615 1728 si
635 1701 686 1728 hoe
703 1701 726 1727 ei
743 1701 817 1728 cordi
835 1701 916 1728 fuerit
934 1701 1002 1729 insi-

217 1746 292 1773 diose
310 1747 423 1781 perdere
444 1746 611 1781 navigantes.
632 1746 663 1773 Et
679 1747 766 1782 pictor
792 1747 885 1774 cadent
898 1753 958 1774 arte
975 1748 1002 1775 in

215 1793 307 1818 tabula
330 1792 538 1827 pulcherrimam
564 1793 676 1820 fortnam
703 1794 831 1825 οδίοηάίι,
857 1798 884 1821 et
907 1802 1003 1822 rursus

216 1839 400 1873 turpissimam
418 1839 557 1866 evidenter
573 1839 695 1866 imitatus
711 1844 768 1867 est:
795 1841 835 1867 sic
855 1840 1003 1874 predotriba

1059 195 1119 222 Ὅτι
1131 197 1185 231 γὰρ
1195 197 1244 223 οὐκ
1260 197 1384 233 ἐνεργείᾳ
1396 199 1450 225 τινὶ
1463 198 1512 230 τὰς
1525 199 1652 231 τοιαύτας
1666 200 1768 235 τέχνας
1779 202 1848 236 ἡμᾶς

1057 240 1192 273 ἐδιδάξατο
1207 241 1287 272 αὐτὸς
1302 243 1509 278 προκαθήμενος
1532 243 1582 278 τῆς
1604 244 1748 278 ἐργασίας,
1768 246 1848 273 καθά-

1056 292 1108 318 περ
1126 285 1154 309 ὲν
1179 286 1235 316 τοῖς
1258 286 1421 320 σωματικῶς
1442 286 1644 322 διδασκομένοις
1671 287 1747 314 ἐστιν
1773 288 1859 320 ἰδεῖν,-

1055 327 1140 357 οὺδεὶς
1154 328 1277 354 ἀντείποι
1301 329 1419 362 πάντως,
1447 329 1483 364 μὴ
1501 330 1627 365 σάρκινος
1645 331 1693 357 καὶ
1710 331 1847 367 κτηνὼδης

1054 378 1096 402 τις
1119 371 1166 397 ῶν.
1199 371 1278 397 Ἀλλὰ
1295 371 1348 406 μὴν
1361 373 1468 408 εἴρηται
1494 373 1558 408 παρ’
1580 374 1663 400 αὑτοῦ
1682 375 1848 408 γεγενῆσθαι

1054 415 1120 449 ἡμῖν
1141 414 1194 440 τῶν
1211 414 1338 442 τοιούτων
1353 416 1454 450 τεχνῶν
1472 418 1489 452 ἡ
1511 417 1664 452 καθήγησις
1677 426 1684 433 ·
1710 418 1812 444 οὐκοῦν
1835 420 1848 445 ὁ

1053 457 1114 488 δοὺς
1137 459 1169 492 τῇ
1191 457 1271 492 φύσει
1293 458 1342 494 τὴν
1366 459 1540 495 ὲπινοητικὴν
1557 461 1604 487 καὶ
1626 461 1774 497 εὑρετικὴν
1795 461 1848 488 τῶν

1054 501 1226 536 ζητουμένων
1241 502 1365 537 δύναμιν,
1391 504 1472 535 αὐτὸς
1493 505 1568 540 ἡμᾶς
1589 505 1658 540 πρὸς
1679 505 1732 537 τὰς
1753 505 1849 540 τέχνας

1053 545 1150 579 ἤγαγε.
1168 546 1222 572 Καὶ
1238 547 1276 581 τῷ
1299 547 1347 581 τῆς
1361 547 1451 579 αἰτίας
1472 547 1544 583 λόγῳ
1559 549 1613 575 πᾶν
1634 548 1666 575 τὺ
1679 549 1712 581 ἐξ
1727 550 1848 581 ἐπινοίας

1053 589 1247 624 εὑρισκόμενόν
1262 598 1290 616 τε
1304 591 1351 616 καὶ
1371 591 1598 626 κατορθούμενον,
1615 594 1654 624 εἰς
1666 593 1713 619 τὺν
1727 594 1849 628 ἀρχηγὸν

1054 634 1103 668 τῆς
1124 633 1265 668 δυνάμεως
1278 634 1381 670 ταύτης
1394 636 1604 671 ὲπαναφέρεται.
1621 636 1716 668 Οὕτως
1735 637 1783 663 καὶ
1799 637 1848 672 τὴν

1057 676 1180 712 ἰατρικὴν
1197 678 1210 703 ὁ
1231 677 1287 711 βίος
1307 677 1423 713 εὕρατο]
1448 678 1505 705 ἀλλ’
1519 680 1594 714 ὅμως
1613 679 1680 706 Θεοῦ
1697 680 1787 715 δῶρον
1799 681 1848 716 τὴν

1054 721 1178 757 ἰατρικὴν
1208 720 1293 747 εἰπών
1319 730 1360 753 τις
1390 723 1439 757 οὐχ
1466 723 1665 758 ἁμαρτήσεται.
1703 724 1762 750 Καὶ
1794 726 1848 751 πᾶν

1052 764 1123 799 ὅπερ
1138 765 1195 790 ἐστὶ
1211 764 1282 791 κατὰ
1302 765 1352 800 τὴν
1368 765 1542 802 ἀνθρωπίνην
1565 766 1636 802 ζωὴν
1653 767 1846 802 ἐξευρημένον,

1052 809 1110 834 κατ’
1122 808 1232 843 εἰρήνην
1245 809 1293 835 καὶ
1307 808 1434 843 πόλεμον,
1445 809 1514 844 πρός
1526 819 1552 836 τι
1564 809 1618 836 τῶν
1630 811 1777 846 χρησίμων
1793 811 1849 837 ἐπι-

1050 852 1112 887 τηδε
1117 851 1162 883 ίως
1170 851 1240 887 ἔχον.
1248 852 1394 887 οὐδαμόθεν
1401 853 1465 888 ἡμῖν
1471 853 1533 888 ἔσχε
1540 854 1589 889 τὴν
1595 854 1796 889 πάροδον,ἀλλὰ.
1800 854 1846 881 ινρῦ

1051 895 1096 922 νοῦ
1111 895 1143 922 τὰ
1153 895 1212 922 καθ’
1221 896 1334 922 ἕκαστον
1348 896 1414 931 ἡμῖν
1429 896 1603 931 καταλλήλως
1616 897 1791 929 ἐπινοοῦντος
1801 898 1847 924 καὶ

1051 939 1266 974 ὲφευρίακοντος·
1279 939 1340 971 νοῦς
1350 939 1378 966 δὲ
1386 940 1466 975 ἔργον
1473 940 1549 967 Θεοῦ·
1560 941 1657 968 οὐκοῦν
1666 941 1772 969 ὲκΘεοῦ
1781 941 1847 968 πάν-

1050 992 1084 1010 τα
1091 983 1140 1009 ὅσα
1150 983 1193 1010 διὰ
1201 982 1246 1009 τοῦ
1255 983 1300 1009 νοῦ
1309 984 1374 1018 ἡμῖν
1383 984 1554 1019 πεπόρισται·
1563 984 1628 1010 τὸδὲ
1635 984 1766 1018 λέγεσθαι
1774 985 1847 1020 παρὰ

1050 1028 1104 1054 τῶν
1120 1026 1287 1053 ὑπεναντίων
1301 1027 1335 1053 τὰ
1354 1027 1462 1063 μυθώδη
1483 1027 1630 1062 πλάσματα
1648 1029 1696 1055 καὶ
1711 1028 1746 1055 τὰ
1763 1028 1847 1063 ψευδῆ

1051 1070 1239 1106 τερατεύματα
1266 1071 1340 1106 παρὰ
1370 1071 1418 1105 τῆς
1434 1071 1556 1103 ἐπινοίας
1571 1071 1776 1106 λογοποιεῖσθαι
1802 1073 1848 1098 καὶ

1052 1114 1225 1145 πλάττεσθαι,
1231 1113 1292 1140 οὐδὲ
1299 1113 1378 1145 αὐτὸς
1390 1114 1521 1148 ἀντιλέγω
1530 1122 1537 1129 '
1557 1115 1625 1151 πρὸς
1632 1115 1686 1151 γὰρ
1695 1115 1742 1142 τὸν
1749 1117 1766 1150 ἠ
1772 1115 1850 1150 μέτε-

1054 1167 1097 1194 ρον
1107 1157 1206 1184 σκοπὸν
1216 1157 1263 1184 καὶ
1271 1157 1284 1184 ὁ
1292 1156 1403 1183 ἐκείνων
1409 1156 1486 1191 λόγος
1503 1158 1682 1194 συμφέρεται.
1694 1159 1789 1193 Φαμὲν
1797 1158 1849 1193 γὰρ

1052 1202 1098 1228 καὶ⁴
1115 1203 1209 1237 ἡμεῖς.
1233 1200 1282 1236 τὴν
1298 1201 1383 1235 αὐτὴν
1407 1198 1477 1227 εἶναι
1497 1201 1551 1227 τῶν
1572 1201 1701 1228 ἐναντίων
1724 1202 1775 1236 τὴν
1790 1202 1849 1228 ὲπι-

1053 1246 1168 1280 στήμην,
1184 1244 1237 1271 τῶν
1253 1253 1281 1270 τε
1298 1244 1455 1278 ὲπωφελῶν,
1475 1245 1521 1271 καὶ
1534 1245 1588 1271 τῶν
1604 1245 1642 1277 ὡς
1657 1245 1761 1280 ἑτέρως
1775 1245 1849 1280 ἐχόν-

1051 1299 1116 1322 των,
1132 1287 1187 1316 οἷον
1199 1289 1248 1325 τὴν
1263 1289 1397 1324 ἰατρικὴν,
1415 1288 1624 1325 κυϐερνητικὴν.
1637 1290 1684 1316 καὶ
1699 1290 1763 1316 εἴτι
1785 1289 1848 1316 ἄλλο

1052 1333 1169 1360 τοιοῦτόν
1180 1333 1261 1359 ἐστιν·
1278 1333 1292 1359 ὁ
1306 1333 1359 1368 γὰρ
1372 1333 1448 1364 εἰδὼς
1463 1333 1593 1368 βοηθῆσαι
1605 1335 1661 1365 τοῖς
1674 1333 1848 1370 ἀρρωστοῦσι

1053 1379 1095 1406 διὰ
1111 1379 1272 1414 φαρμάκων,
1289 1378 1413 1414 ἑπιγνοίη
1430 1378 1472 1412 ἂν,
1493 1379 1572 1414 εἴπερ
1588 1380 1633 1405 ἐπὶ
1658 1379 1737 1414 κακῷ
1759 1379 1849 1414 χριῖιτο
1866 1373 1869 1374 ν

1053 1426 1086 1460 τῇ
1101 1426 1193 1461 τέχνῃ,
1218 1425 1265 1451 καὶ
1285 1425 1340 1455 τοῖς
1363 1424 1531 1458 ὑγιαίνουσιν
1544 1424 1668 1460 ὲντρίψαι
1683 1424 1716 1451 τὸ
1730 1425 1849 1460 δηλητή-

161 1488 168 1498 .
215 1472 286 1499 enim
310 1473 385 1499 novit
406 1480 484 1508 opem
508 1472 578 1499 ferre
599 1474 792 1507 aegrotantibus
808 1481 856 1508 per
883 1474 997 1501 medica-

1056 1481 1110 1508 ριον
1124 1480 1131 1487 ·
1160 1473 1206 1498 καὶ
1221 1473 1234 1499 ὸ
1257 1472 1324 1507 πρὸς
1338 1472 1384 1498 τὸν
1397 1471 1492 1506 λιμένα
1506 1471 1650 1498 διευθύνων
1664 1471 1704 1507 τῷ
1725 1471 1849 1506 πηδαλίῳ

1056 1519 1086 1545 τὸ
1100 1519 1214 1553 σκάφος,
1238 1518 1374 1544 εὐθύνειεν
1395 1517 1427 1545 ἂν
1443 1518 1490 1544 καὶ
1507 1518 1552 1544 ἐπὶ
1566 1517 1694 1553 χοιράδας
1713 1517 1731 1553 ἦ
1748 1518 1847 1544 σκοπέ-

1056 1564 1128 1596 λους,
1153 1565 1176 1590 εἰ
1197 1563 1274 1590 τοῦτο
1289 1564 1391 1597 γένοιτο
1407 1563 1482 1597 φίλον
1498 1563 1581 1598 αὐτῷ,
1597 1564 1627 1590 τὸ
1647 1564 1681 1590 δι’
1699 1563 1849 1598 ἐπιϐουλῆς

1055 1608 1208 1643 διαφθεῖραι
1228 1609 1290 1639 τοὶς
1305 1609 1446 1640 πλέοντας.
1470 1609 1525 1635 Kai.
1539 1609 1553 1635 ὁ
1570 1608 1716 1643 ζωγράφος
1731 1610 1766 1643 τῇ
1781 1609 1847 1643 αὐτῇ

1055 1655 1135 1690 τέχνῃ
1145 1655 1194 1689 τήν
1203 1663 1231 1681 τε
1244 1654 1390 1689 καλλίστην
1401 1655 1507 1690 μορφὴν
1517 1655 1562 1681 ὲπὶ
1574 1654 1620 1681 τοῦ
1629 1655 1744 1686 πίνακος
1754 1654 1848 1686 ἔδειξε,

1056 1701 1102 1727 καὶ
1117 1701 1166 1736 τὴν
1178 1700 1319 1735 αἰσχίστην
1336 1700 1416 1727 πάλιν
1431 1701 1554 1736 ἐναργῶς
1566 1701 1723 1736 ἐμιμήσατο
1733 1708 1740 1715 ·
1764 1700 1849 1732 οὕτως

1056 1747 1070 1773 ὁ
1083 1746 1257 1782 παιδοτρίϐης
1271 1747 1299 1772 τὺ
1313 1746 1518 1782 ὲξηρθρωμένον
1536 1747 1616 1782 μέλος
1637 1746 1681 1773 διὰ
1703 1746 1755 1781 τῆς
1778 1746 1850 1772 ἀλειι

1057 1793 1156 1826 σιτικῆς
1171 1793 1313 1827 ἐμπειρίας
1328 1793 1471 1827 ἐνήρμοσε,
1490 1792 1537 1819 καὶ
1554 1792 1584 1819 τὸ
1597 1793 1722 1827 ὑγιαῖνον
1739 1793 1765 1819 ει
1787 1792 1849 1828 βού-

1058 1839 1128 1866 λοιτο
1143 1839 1187 1865 διὰ
1201 1839 1249 1872 τῆς
1262 1838 1346 1873 αὐτῆς
1359 1838 1455 1873 τέχνης
1470 1838 1615 1873 ὲξήρμοσε.

217 1886 274 1911 sive
297 1886 430 1920 palmstra:
454 1886 592 1921 magister,
619 1888 769 1914 membrum
799 1887 919 1914 luxatum
947 1889 1004 1915 sive
1024 1895 1072 1915 sua
1091 1887 1155 1914 sede
1177 1892 1289 1918 motum,
1325 1886 1441 1920 ungendi
1467 1887 1562 1921 peritia
1600 1892 1788 1922 congruenter
1809 1894 1851 1914 re-

216 1933 317 1965 stituit;
345 1937 370 1959 et
397 1932 466 1967 quod
490 1932 557 1959 bene
579 1932 669 1962 habet.
694 1932 716 1959 si
741 1932 814 1964 velit,
840 1933 933 1960 eadem
954 1938 1012 1960 arte
1028 1931 1193 1960 deartuabit.

252 1977 283 2004 Et
299 1977 363 2012 quid
380 1986 448 2013 opus
465 1982 506 2005 est
519 1978 624 2011 singula
641 1978 807 2005 recensendo
823 1979 933 2005 multam
946 1986 1005 2005 ora~
1027 2004 1037 2009 ,

217 2023 289 2051 tione
303 2024 407 2050 turbant
422 2023 570 2051 inducere?
586 2022 620 2050 Ut
633 2023 716 2058 igitur
728 2024 770 2052 his
781 2032 841 2059 (μιτὲ
855 2025 928 2052 dicta
940 2029 1004 2052 sunt

218 2070 307 2096 nullus
323 2069 529 2100 contradixerit,
549 2076 611 2096 eum
627 2069 673 2103 qui
694 2073 779 2096 artem
798 2070 917 2105 aliquam
930 2070 1002 2097 didi“

216 2116 293 2145 cerit.
316 2117 348 2142 ad
363 2116 388 2142 i-l
402 2115 473 2151 quod
488 2119 530 2142 est
545 2115 642 2142 melius
662 2115 841 2148 efficiendum,
860 2124 941 2151 posse
954 2124 1001 2143 ca-

1093 1979 1147 2005 Ka‘l.
1169 1978 1194 2004 τί
1211 1977 1264 2013 χρὴ
1278 1976 1310 2003 τὰ
1327 1977 1386 2003 καθ¹
1405 1977 1520 2003 ἓκαττον
1534 1976 1648 2011 λέγοντα
1670 1977 1757 2005 πολὺν
1771 1978 1849 2013 δχλον

1056 2023 1211 2056 ἐπεισάγειν
1228 2021 1265 2056 τῷ
1286 2022 1357 2056 λόγῳ
1372 2031 1379 2054 ;
1408 2022 1451 2052 Ὡς
1464 2021 1550 2048 τοίνυν
1565 2022 1611 2048 ἐπὶ
1626 2022 1680 2048 τῶν
1694 2023 1849 2058 εἰρημένων

1055 2069 1104 2095 οὐκ
1123 2069 1155 2095 ἀν
1170 2077 1212 2099 τις
1228 2068 1357 2099 ἀντείποι,
1374 2067 1420 2094 τὸν
1438 2067 1505 2102 πρὸς
1529 2067 1560 2094 τὸ
1586 2069 1710 2102 κρεῖττον
1727 2069 1848 2104 ἐνεργεῖν

1057 2113 1234 2149 μεμαθηκότα
1259 2113 1354 2148 τέχνην
1370 2113 1430 2139 τινὰ
1453 2112 1579 2139 δύνασθαι
1601 2112 1634 2140 ἂν
1656 2114 1689 2148 τῇ
1715 2115 1784 2149 αὐτῇ
1801 2115 1846 2141 καὶ

216 2163 276 2189 dem
297 2165 354 2189 arte
368 2161 400 2188 ad
417 2169 447 2188 ea
464 2169 525 2196 quae
539 2168 592 2187 non
612 2161 776 2188 conveniunt
791 2161 930 2188 edicienda
946 2161 1001 2188 uti:

1057 2160 1125 2195 πρὸς
1138 2160 1172 2186 τὰ
1188 2160 1224 2194 μὴ
1238 2159 1330 2186 δέοντα
1343 2159 1504 2195 χρήσασθαι.
1522 2158 1615 2191 Οὕτως
1631 2160 1722 2195 φαμὲν
1740 2161 1787 2187 καὶ
1800 2161 1849 2195 τῆς

217 2209 256 2235 sic
273 2208 389 2234 dicimus
406 2207 458 2234 vim
480 2207 612 2240 ἐπινοίας,
631 2208 879 2240 commentationis,
903 2208 936 2235 ad
955 2208 1004 2235 bo-

218 2260 281 2278 num
298 2252 406 2286 quidem
432 2259 447 2278 a
464 2251 518 2279 Deo
536 2252 661 2280 humanae
678 2257 782 2280 natura:
798 2253 911 2281 inditam
926 2261 1002 2287 esse;

217 2297 391 2324 abntentibus
420 2305 484 2324 vero
514 2298 663 2325 inventrice
691 2299 819 2326 facultate
849 2299 1002 2327 ministram

217 2351 288 2376 smpe
314 2347 340 2370 et
368 2343 545 2371 inventricem
571 2344 626 2372 fieri
655 2345 790 2372 inutilium
820 2345 1021 2373 inventorum:

218 2388 400 2420 Quamobrem
421 2396 473 2415 non
497 2390 624 2424 quoniam
639 2390 708 2417 falsa
730 2394 826 2417 etnon
846 2390 1004 2418 exsistentia

219 2434 394 2468 probabiliter
422 2439 509 2469 potest
528 2435 632 2462 ἐπίνοια
660 2436 826 2471 confingere,
856 2437 916 2464 ideo
945 2445 1004 2472 qua‘

218 2488 280 2507 \ere
297 2484 360 2507 sunt
373 2485 398 2508 ct
416 2489 478 2509 vere
493 2483 629 2515 substant,
647 2483 812 2513 perscrutari
828 2491 882 2510 non
899 2488 1002 2519 potest;

217 2527 263 2554 sed
280 2527 335 2554 lucc
352 2527 422 2565 ipsa.
435 2528 558 2563 aptitudo
572 2532 599 2554 et
619 2528 746 2556 habilitas
765 2537 846 2564 quam
873 2529 953 2558 habet
969 2530 1002 2558 ad

216 2572 361 2605 eiitsmodi,
386 2573 472 2607 a‘quis
487 2576 513 2600 et
531 2573 609 2600 bonis
636 2572 773 2601 facultatis
791 2574 824 2601 ad
843 2573 908 2601 illud
925 2574 1001 2602 testi—

219 2617 338 2644 monium
351 2622 401 2645 est.
415 2617 493 2650 Quod
505 2618 575 2645 enim
588 2618 755 2653 propositum
767 2623 809 2646 est
820 2619 852 2645 ad
865 2626 1002 2654 pavorem,

216 2663 257 2689 vel
284 2663 366 2690 animi
393 2663 600 2690 oblectationem
620 2664 736 2698 aliquam
759 2663 914 2690 videntibus
930 2664 1004 2690 cien-

216 2707 278 2735 dttm
295 2713 322 2735 et
339 2709 508 2740 movendam,
531 2709 760 2736 commentatione
782 2717 834 2736 non
852 2716 946 2736 carere
970 2710 1002 2736 ad

217 2753 244 2780 id
269 2753 438 2780 cliiriendum
465 2753 536 2788 quod
562 2754 736 2786 elaboratur;
764 2753 810 2781 sed
840 2754 880 2781 vel
905 2754 1004 2782 multas

218 2805 315 2824 manus
331 2804 355 2825 et
369 2799 452 2825 multa
466 2799 552 2834 capita
566 2799 697 2827 [tabentes
711 2799 844 2832 homines,
859 2799 898 2827 vel
915 2800 1002 2836 ignem

1054 2206 1171 2237 ἐπινοίας
1183 2205 1231 2240 τὴν
1242 2205 1355 2240 δύναμιν
1366 2205 1408 2231 ἐπ’
1419 2205 1513 2240 ἀγαθῷ
1528 2205 1579 2240 μὲν
1593 2205 1765 2232 ἐντεθεῖσθαι
1773 2207 1848 2241 παρά

1053 2251 1100 2278 τοῦ
1116 2250 1183 2277 Θεοῦ
1204 2251 1236 2286 τῇ
1252 2251 1407 2287 ἀνθρωπίνῃ
1420 2251 1498 2285 φύσει
1512 2259 1519 2265 ”
1544 2251 1800 2286 κατακεχρημένων
1820 2252 1848 2277 δὲ

1045 2297 1134 2343 ’τινῶν
1148 2297 1356 2333 τῇ’ὲφειιρετικῇ
1374 2297 1497 2332 δυνάμει,
1513 2296 1635 2323 διάκονον
1652 2297 1786 2329 πολλάκις
1801 2299 1848 2324 καὶ

1056 2344 1184 2378 συνεργὺν
1194 2343 1316 2377 γίνεσθαι
1329 2343 1383 2369 τῶν
1395 2343 1539 2377 ἀνωφελῶν
1551 2344 1638 2379 εὐρημ
1644 2344 1728 2370 ἀτων.
1744 2345 1850 2370 Οὐκοῦν

1054 2389 1104 2416 οὐκ
1120 2388 1212 2424 ἐπειδὴ
1228 2388 1338 2415 δύναται
1361 2388 1395 2415 τὰ
1415 2388 1498 2424 ψευδῆ
1522 2389 1570 2415 καὶ
1587 2388 1752 2424 ἀνύπαρκτα
1767 2389 1848 2416 πιθα-

1054 2435 1106 2466 νῶς
1123 2436 1139 2470 ἡ
1163 2435 1267 2462 ἐπίνοια
1281 2435 1465 2466 διαπλάσσειν,
1485 2434 1528 2461 διὲι
1543 2434 1622 2460 τοῦτο
1634 2434 1669 2460 τὰ
1682 2434 1767 2466 ὅντως
1786 2435 1848 2461 ὄντα

1055 2481 1100 2508 καὶ
1129 2481 1235 2516 ἀληθῶς
1263 2481 1405 2515 ὑφεστῶεα
1430 2481 1618 2517 διερευνᾶτθαι
1650 2481 1681 2506 οὑ
1712 2480 1845 2507 δύναται·

1054 2527 1110 2555 ἀλλ’
1126 2528 1142 2562 ὴ
1163 2527 1228 2562 πρὸς
1243 2527 1271 2553 τὸ
1288 2527 1406 2553 τοιοῦτον
1425 2527 1621 2562 ἐπιτηδειότης,
1637 2526 1779 2562 μαρτυρία
1793 2527 1846 2557 τοῖς

1055 2573 1205 2608 εὐγνώμοσι
1216 2573 1264 2602 τῆς
1279 2573 1348 2606 πρὸς
1360 2573 1446 2598 ἐκεῖνο
1458 2572 1598 2607 δυνάμεως
1611 2573 1727 2606 γίνεται.
1744 2573 1781 2599 Τὸ
1794 2573 1847 2607 γέιρ

1055 2619 1220 2653 προθέμενον
1239 2625 1289 2644 κατ
1298 2617 1407 2652 ’νπληξιν
1421 2618 1477 2648 τοῖς
1491 2617 1591 2652 ὁρῶσιν
1605 2617 1621 2652 ἢ
1640 2617 1775 2652 θυμηδίαν
1787 2617 1845 2644 τινὰ

1057 2663 1263 2700 μηχανήσασθαι
1285 2663 1335 2697 τῆς
1359 2663 1426 2698 πρὸς
1440 2663 1471 2689 τὸ
1488 2663 1705 2699 σπουδαζόμενον
1727 2663 1846 2695 ἐπινοίας

1056 2709 1093 2744 μὴ
1107 2709 1260 2744 ἀπορῆσαι’
1284 2708 1370 2743 ἀλλ’-ἥ
1389 2708 1552 2744 πολύχειράς
1569 2709 1675 2744 τιναςῆ
1695 2708 1845 2742 πολυκεφά-

1055 2755 1125 2786 λους,
1143 2754 1158 2790 ἢ
1177 2754 1230 2790 πῦρ
1249 2754 1387 2786 πνέοντας,
1402 2754 1417 2790 ἢ
1433 2754 1590 2789 δρακόντων
1604 2754 1694 2785 ὁλκοῖς
1706 2762 1845 2780 συνεσπει-

1057 2801 1189 2837 ραμένους
1207 2801 1383 2836 εἰδοποιῆσαι,
1401 2800 1416 2836 ἢ
1435 2801 1506 2836 πρὸς
1522 2800 1551 2828 τὸ
1573 2800 1665 2835 μεῖζον
1685 2800 1782 2836 ἐξᾶραι
1796 2799 1841 2835 τὴν
