1951 3074
87 106 142 136 9T5

649 107 790 135 CONTRA
806 105 1000 140 EUNOMIUM,
1022 107 1084 134 LIB.
1107 107 1164 135 XII.

1128 51 1143 60 ιι

1669 108 1722 137 974

87 166 272 202 συμμετρίαν,
284 165 301 202 ἢ
312 165 507 193 διακολοὸὦσαι
519 166 587 202 πρὸς
597 166 627 193 τὺ
638 166 741 202 γελοῖον
750 165 784 193 τὰ
798 165 884 202 μέτρα

953 167 1084 201 pirantes.
1103 167 1143 193 vel
1164 166 1314 193 draconum
1337 166 1419 202 spiris
1441 164 1577 193 involutos
1594 165 1724 194 simulare

86 214 139 249 τῆς
154 213 273 248 φύσεως,
290 212 306 249 ἢ
322 213 414 248 πηγὰς
424 215 486 245 τοὺς
497 211 657 250 ἀνθρώπους
672 213 717 240 καὶ
729 213 824 248 δένδρα
836 213 883 239 καὶ

87 259 172 294 ὄρνεα
189 259 315 292 γενέσθαι
337 259 381 286 διὰ
406 259 555 295 μεταϐολῆς
576 259 767 295 διηγήσασθαι,
793 259 828 286 δι’
848 255 885 286 ὧν

89 306 151 332 ἔστι
171 305 350 340 ψυχαγωγίαν
371 305 432 332 τινὰ
455 306 517 337 τοὺς
542 305 585 332 διὰ
605 305 659 332 τῶν
681 305 809 332 τοιούτων
824 305 886 340 ἠδο-

91 351 192 385 μένους
213 351 303 386 εὑρεῖν
316 357 324 364 ·
349 351 550 386 ἐναργεστάτην
566 350 703 383 ἀπόδειξιν
720 349 790 377 εἷναί
814 359 886 385 φημι

89 396 139 422 τοῦ
160 398 207 422 καὶ
223 396 257 422 τὰ
270 395 387 432 κρείττω
402 396 455 423 τῶν
472 396 641 431 μαθημάτων
653 395 782 423 δύνασθαι
796 396 829 422 ἂν
842 396 886 423 διὰ

90 444 143 477 τῆς
164 442 309 476 εὑρετικῆς
328 441 468 476 δυνάμεως
491 442 668 476 κατανοῆσαι.
695 441 732 468 Οὐ
748 441 802 477 γὰρ
819 441 887 476 πρὸς

94 487 146 522 μὲν
167 487 217 523 τὴν
241 487 295 513 τῶν
311 486 493 522 ἀνυπάρκτων
509 485 652 512 διάπλασιν
667 485 777 520 ἐντελὴς
793 486 859 520 ἡμῖν
874 486 888 511 ὁ

92 533 157 564 νοῦς
172 533 246 568 παρὰ
254 532 301 558 τοῦ
313 532 460 569 δεδωκότος
471 531 613 567 ἐμπέφυκε
622 540 629 546 ·
646 532 713 566 πρὸς
730 531 759 558 δὲ
772 531 822 566 τὴν
834 531 888 558 τῶν

92 579 263 615 ψυχωφελῶν
287 578 412 614 εὕρεσιν,
436 577 564 612 οὐδεμίαν
587 577 700 613 δύναμιν
728 577 889 612 ποριστικὴν

93 626 150 652 ’τῶν
175 625 386 652 λυσιτελούντων
408 623 590 660 κεκλήρωται.
620 623 700 650 Ἀλλὰ
722 622 849 658 καθάπερ
871 623 888 658 ἡ

94 670 234 706 ὁρμητικὴ
251 670 296 696 καὶ
310 670 488 705 προαιρετικὴ
502 669 553 704 τῆς
568 669 656 704 ψυχῆς
673 668 752 704 ἡμῶν
764 667 889 703 δύναμις,

95 717 170 743 κατὰ
188 716 238 751 μὲν
263 715 293 742 τὸ
308 715 512 751 προηγούμενον
536 715 604 751 πρδς
624 715 673 749 τὴν
686 713 740 741 τῶν
755 713 845 740 καλῶν
860 722 890 739 τε

97 763 147 789 καὶ
155 762 264 797 ἀγαθῶν
272 761 363 795 ἔφεσιν
373 760 609 795 ἐγκατεσκευάσοη
617 761 650 795 τῇ
659 759 748 794 φύσει·
758 759 890 794 χρήσαιτο

97 809 121 835 δ’
138 808 172 834 ἄν
188 817 229 839 τις
245 807 292 833 καὶ
303 807 370 842 πρὸς
377 806 411 833 τὰ
427 806 463 841 μὴ
475 805 568 832 δέοντα
585 806 619 841 τῇ
636 805 748 840 τοιαύτῃ
765 806 870 839 κινήσει
882 812 889 819 -

935 217 961 239 et
979 212 1088 247 lingere,
1102 212 1143 238 vel
1158 212 1184 238 in
1201 212 1290 246 majus
1312 216 1443 239 staturam
1457 212 1595 243 extollere.
1616 213 1658 240 vel
1674 220 1720 239 na-

935 262 1004 285 tum
1017 257 1111 284 modos
1126 257 1158 283 ad
1177 257 1321 284 ridiculum
1334 258 1487 289 decurtare,
1504 258 1544 284 vel
1562 257 1687 286 homines
1699 259 1724 285 in

936 304 1036 334 fontcs,
1050 306 1076 330 et
1092 303 1214 333 arbores,
1239 307 1264 330 el.
1284 311 1348 330 aves
1368 303 1579 331 transformatos
1601 310 1724 333 narrare.

936 356 984 384 per
997 355 1057 383 qua:
1069 347 1130 374 licet
1146 355 1193 374 eos
1213 348 1260 382 qui
1281 348 1381 376 talibus
1396 349 1567 376 delectantur
1582 349 1664 375 animi
1681 356 1727 376 so-

936 395 1031 422 latium
1048 393 1156 429 aliquod
1173 399 1199 421 et
1219 394 1374 421 illecebram
1401 395 1533 426 invenire,
1553 393 1727 422 evidentissi-

938 447 1010 467 mum
1027 446 1089 467 esse
1111 444 1300 474 argumentum
1319 438 1391 471 dico.
1419 440 1536 474 aliquem
1563 447 1645 475 posse
1666 448 1728 476 quae

938 485 1043 520 majora
1061 488 1164 512 suntet
1179 485 1367 519 praestantiora
1385 485 1411 512 in
1428 485 1592 520 disciplinis,
1619 486 1670 513 hac
1686 487 1729 513 in-

938 531 1059 558 ventrice
1083 530 1212 558 facultate
1232 530 1399 565 excogitare.
1417 530 1475 557 Non
1491 532 1563 558 enim
1580 531 1613 559 ad
1633 539 1727 560 eorum

939 583 1000 611 quae
1019 583 1073 603 non
1096 576 1252 604 subsistunt
1270 575 1396 610 figmenta
1418 575 1538 610 perfecta
1555 577 1635 605 nobis
1652 586 1730 605 mens

940 622 974 649 ab
998 629 1031 649 eo
1050 622 1096 656 qui
1121 621 1205 652 dedit.
1230 621 1388 656 ingenerata
1412 624 1468 653 est;
1491 621 1523 648 ad
1549 629 1643 649 eorum
1665 630 1730 649 vero

941 675 1001 702 qua'
1014 667 1134 694 animum
1156 667 1262 701 juvant,
1279 666 1477 697 inventionem,
1499 666 1600 693 nullam
1620 666 1732 694 faculta-

942 715 995 739 lem
1014 711 1120 739 utilium
1136 711 1377 746 suppeditatricem
1397 711 1493 739 sortita
1507 715 1560 739 est.
1573 711 1625 738 Sed
1638 720 1732 747 quem-

942 757 1087 785 admodum
1103 758 1244 792 impultrix
1257 762 1283 784 et
1293 759 1405 785 elcclrix
1419 758 1502 784 animi
1518 758 1603 785 nostri
1616 757 1732 785 facultas

943 803 1080 839 praecipue
1097 802 1129 830 ad
1156 804 1334 830 honestorum
1352 807 1377 830 et
1402 803 1534 830 bonorum
1552 803 1700 838 appetitum
1717 812 1733 831 a

99 855 148 882 καὶ
173 855 224 880 οὐκ
238 854 270 881 ἄν
291 862 331 885 τις
356 853 428 879 εἴποι
449 852 495 878 τοῦ
521 851 588 887 πρὸς
616 851 698 886 μηδὲν
719 850 822 885 ἀγαθὸν
844 850 893 885 τὴν

952 853 1042 876 tatura
1056 849 1190 876 instructa
1207 853 1259 881 est,
1275 848 1342 875 nihil
1363 853 1452 876 tamen
1468 849 1582 884 impedit
1597 849 1663 884 quin
1684 849 1735 876 ali-

93 901 262 937 ,προαίρεσιν
277 900 380 935 ῥέπειν,
395 899 544 934 τεκμήριον
559 896 628 924 εἶναι
638 898 668 924 το
679 897 746 932 πρὸς
758 896 792 923 τὰ
803 895 893 931 φαῦλά

100 956 167 973 ποτε
181 947 230 982 τὴν
245 946 330 981 ῥοπὴν
342 945 414 981 ἔχειν
430 953 437 960 ⁸
462 945 549 976 οὕτως
563 944 610 971 καὶ
622 945 638 978 ἡ
656 943 720 978 περὶ
736 943 770 969 τὰ
790 942 894 977 μάταιά

99 1001 130 1019 τε
148 993 194 1019 καὶ
217 992 332 1027 ἀνόνητα
349 992 397 1027 τῆς
414 991 532 1022 ἐπινοίας
555 989 671 1025 κίνησις,
695 989 726 1015 οὐ
742 987 894 1023 κατηγορία

99 1039 153 1074 τῆς
170 1038 238 1074 πρὸς
252 1038 283 1064 τὸ
299 1038 432 1073 χρήσιμον
457 1036 608 1071 ἀδυναμίας
634 1035 720 1067 ἐστὶν,
746 1034 805 1061 ἀλλ’
826 1033 894 1060 ἁπό-

101 1084 187 1117 δειξις
212 1083 314 1117 γίνεται
339 1082 385 1109 τοῦ
410 1082 457 1110 καὶ
482 1081 550 1117 πρὸς
573 1081 607 1107 τὰ
625 1079 774 1115 ψυχωφελῆ
798 1087 827 1105 τε
848 1078 894 1105 καὶ

102 1131 243 1165 ἀναγκαῖα
259 1130 295 1165 μὴ
312 1129 453 1164 ἄπρακτος
472 1126 552 1155 εἶναι.
577 1128 620 1158 Ὠς
635 1126 690 1161 γὰρ
707 1125 819 1160 ἐξεῦρεν
837 1125 894 1151 ἐκεῖ

102 1177 133 1203 τὸ
149 1177 216 1212 πρὸς
229 1176 324 1211 ἡδονὴν
335 1175 351 1210 ἢ
363 1174 540 1209 κατάπληξιν,
553 1173 639 1205 οὕτως
652 1173 698 1199 καὶ
711 1170 828 1198 ἐνταῦθα
839 1170 895 1197 τῶν

103 1223 174 1259 πρὸς
195 1223 242 1258 τὴν
259 1221 385 1256 ἀλήθειαν
401 1221 503 1255 ἐψόδων
519 1219 568 1254 οὐχ
589 1219 788 1254 ἁμαρτήσεται.
807 1217 855 1243 Ἒν
867 1216 895 1243 δὲ

104 1269 160 1297 τῶν
176 1268 348 1305 ζητουμένων
363 1265 407 1303 ἦν,
424 1267 447 1293 εἰ
470 1265 499 1292 τὸ
518 1265 623 1301 πρῶτον
646 1264 747 1294 αἴτιον,
764 1263 778 1290 ὅ
795 1265 868 1290 ἐστιν
881 1262 896 1288 ὁ

104 1314 183 1346 Θεὸς,
197 1314 321 1348 ἀνάρχως
338 1313 421 1345 ἐστὶν,
442 1312 459 1347 ἧ
475 1320 548 1343 τινος
568 1311 655 1346 ἀρχῆς
670 1308 822 1344 ἐξημμένον
840 1307 896 1342 ἔχει

105 1361 137 1387 τι)
154 1358 233 1386 εἶναι.
256 1358 459 1389 Καταλαϐόντες
476 1357 505 1384 δὲ
518 1358 550 1392 τῇ
574 1356 689 1392 διανοίᾳ,
709 1355 745 1392 μὴ
768 1354 896 1381 δύνασθαι

107 1406 217 1440 ’πρῶτον
231 1403 302 1431 εἶναι
323 1403 354 1430 τὸ
379 1403 409 1436 ἐξ
425 1403 518 1438 ἐτέρου
541 1402 695 1437 νοούμενον,
711 1402 897 1436 ἐπενοήσαμεν

106 1451 196 1487 δνομα
209 1452 259 1486 τῆς
271 1450 399 1485 τοιαύτης
413 1450 568 1486 ἑμφατικῆς
589 1449 758 1485 ὑπολήψεως,
783 1448 829 1475 καί
844 1455 897 1482 φα-

109 1507 161 1534 μεν
184 1499 229 1524 τὸν
256 1498 320 1525 ἄνευ
341 1497 431 1529 αἰτίας
451 1496 652 1531 ὑπερκειμένης
673 1495 753 1527 ὄντα,
772 1495 898 1529 ἀνάρχως

86 1562 89 1565 ν
109 1544 199 1570 εῖτουν
213 1545 366 1579 ἀγεννήτως
379 1541 462 1570 εἶναι·
491 1543 536 1569 τὸν
550 1542 578 1569 δὲ
593 1541 679 1573 οὕτως
693 1536 769 1574 ὄντα,
786 1540 900 1575 ἀγέννη-
913 1535 934 1546 “

109 1597 156 1616 τον
172 1590 219 1616 καὶ
242 1589 357 1624 ἄναρχον
373 1588 563 1624 ὠνομάσαμεν,
587 1587 617 1613 οὑ
642 1586 669 1613 τί
684 1587 768 1618 ἐστιν,
792 1586 860 1612 ἀλλὰ
873 1586 900 1613 τί

109 1636 161 1663 οὐκ
174 1635 258 1667 ἔστιν,
272 1635 316 1662 διὰ
328 1635 374 1662 τοῦ
388 1635 520 1669 ὀνόματος
537 1633 745 1668 ἐνδεικνύμενοι.
767 1633 810 1664 Ὠς
830 1632 851 1659 δ’
868 1632 901 1659 ἂν

113 1682 232 1717 μάλιστα
245 1681 400 1716 καταφανὲς
417 1681 447 1707 τὸ
461 1680 545 1715 ὄνομα
558 1679 672 1713 γένοιτο,
693 1679 726 1705 δι’
741 1678 903 1713 ὑποδείγμα-

111 1736 158 1759 τος
171 1727 365 1762 ἐναργεστέρου
383 1726 559 1762 παραστῆσαι
584 1725 759 1760 πειράσομαι.
781 1724 903 1750 Δεδόσοω

114 1774 178 1809 περὶ
191 1774 298 1810 δένδρου
311 1773 383 1805 τινὸς
401 1771 470 1799 εἶναι
491 1772 540 1807 τὴν
556 1771 678 1807 ζήτησιν,
696 1772 751 1796 εἴτε
774 1770 904 1804 φυτευτόν

113 1821 199 1854 ἐστιν,
213 1820 229 1856 ἦ
243 1820 402 1855 αὐτομάτως
414 1819 567 1854 γενόμενον,
584 1818 615 1844 Εἰ
630 1817 678 1853 μὲν
691 1814 736 1843 οὖν
751 1817 782 1842 ἐκ
793 1816 905 1851 φυτείας

115 1867 170 1902 εἴη,
183 1866 313 1900 φυτευτὸν
330 1866 438 1897 πάντως
457 1863 644 1900 προσεροῦμεν
653 1863 683 1889 τὸ
700 1862 818 1898 δένδρον,
834 1863 858 1888 εἰ
877 1861 905 1888 δὲ

115 1912 288 1947 αὐτομάτως,
314 1912 464 1946 ἀφύτευτον
480 1919 487 1926 ·
516 1910 547 1937 τὸ
565 1910 596 1945 δὴ
613 1909 733 1936 τοιοῦτον
754 1908 838 1943 ὄνομα
860 1903 924 1934 και“

114 1958 165 1992 τῆς
180 1958 309 1993 ἀληθείας
330 1957 359 1984 οὐ
373 1957 574 1992 διασφάλλεται.
598 1955 709 1987 Πάντως
725 1954 806 1990 γὰρῆ
821 1953 907 1985 οὕτως

115 2004 134 2039 ἢ
150 2004 252 2040 ἑτέρως
276 2004 351 2030 ἔσται
369 2003 399 2029 τδ
414 2003 532 2039 δένδρον,
554 2003 600 2029 καὶ
613 2001 659 2028 τοῦ
676 1995 761 2037 φυτοῦ
776 2001 826 2035 τὴν
842 1999 908 2026 ἰδιά-

116 2050 217 2082 ζουσαν
241 2049 291 2076 οὺκ
313 2049 477 2075 ἐνδείκνυται
501 2048 591 2082 φύσιν.
619 2048 655 2074 Τὸ
682 2048 731 2082 μὲν
755 2046 810 2082 γὰρ
829 2047 908 2072 αὖτο-

117 2096 195 2130 Qui);
211 2093 291 2127 εἶναι,
302 2095 345 2122 διὰ
358 2093 405 2121 τοῦ
422 2093 573 2128 ἀφντεὺτου
591 2093 746 2128 ἐμάθομεν·
764 2093 789 2118 εί
802 2091 829 2118 δὲ
845 2091 910 2117 πλά-

117 2151 209 2174 τανος,
224 2142 240 2176 ἢ
254 2140 386 2176 ἄμπελος,
397 2140 414 2175 ἢ
426 2139 488 2167 ἄλλο
499 2148 525 2166 τι
539 2138 594 2166 τῶν
605 2138 733 2166 τοιούτων
749 2137 839 2172 φυτῶν
852 2138 909 2163 ἐστι

943 892 1006 927 quis
1018 892 1065 919 tali
1080 892 1245 927 impulsione
1258 892 1290 919 ad
1303 900 1333 919 ea
1350 901 1411 928 quae
1424 901 1476 920 non
1488 894 1566 921 decet
1580 894 1617 920 uti
1637 894 1723 929 possit

943 943 1031 972 neque
1052 938 1115 973 quis
1137 937 1246 968 dixerit.
1271 943 1376 965 certum
1395 944 1585 974 argumentum
1604 945 1631 967 et
1652 940 1734 968 indu-

944 983 1058 1010 bitatum
1070 983 1178 1018 signum
1192 991 1252 1011 esse
1267 984 1339 1019 quod
1356 985 1453 1012 electio
1467 985 1570 1012 nullum
1585 985 1618 1013 ad
1634 986 1734 1013 bonum

944 1033 1049 1064 vergat,
1064 1029 1126 1064 quia
1145 1029 1177 1055 ad
1196 1030 1267 1056 mala
1282 1030 1430 1064 aliquando
1454 1035 1621 1058 momentum
1638 1032 1737 1059 habeat

944 1079 971 1102 et
985 1074 1123 1102 declinet:
1137 1075 1176 1102 sic
1191 1075 1271 1102 etiam
1294 1075 1358 1102 licet
1378 1076 1411 1102 ad
1433 1076 1524 1103 inania
1541 1080 1569 1103 et
1588 1077 1675 1104 iutilia
1694 1078 1738 1104 in~

945 1120 1016 1156 genii
1039 1121 1149 1148 solertia
1170 1126 1322 1150 moveatur.
1347 1122 1409 1148 inde
1434 1126 1523 1149 tamen
1540 1123 1664 1150 accusari
1682 1131 1737 1150 non

945 1166 1026 1194 debet
1048 1166 1217 1201 impotentim
1241 1167 1274 1193 ad
1302 1166 1329 1193 id
1347 1166 1418 1202 quod
1438 1167 1504 1194 utile
1522 1171 1563 1194 est
1583 1172 1609 1194 et
1624 1168 1737 1202 bonum,

946 1212 1002 1239 imo
1018 1219 1084 1240 vero
1115 1213 1142 1239 id
1165 1216 1257 1247 aperte
1278 1213 1461 1244 demonstrat,
1483 1213 1555 1248 quod
1581 1213 1637 1241 [nec
1656 1213 1690 1240 ad
1707 1222 1738 1241 ea

946 1264 1008 1292 quae
1034 1259 1126 1285 animo
1153 1262 1268 1292 prosunt
1290 1261 1317 1285 et
1341 1258 1497 1285 necessaria
1524 1262 1598 1290 sunt,
1625 1267 1679 1286 non
1704 1260 1740 1286 sit

946 1303 1035 1330 otiosa
1050 1306 1078 1330 et
1092 1303 1176 1331 iners.
1191 1303 1225 1330 Ut
1239 1304 1310 1331 enim
1327 1304 1382 1331 illic
1398 1304 1512 1335 invenit,
1525 1305 1596 1339 quod
1615 1305 1646 1331 ad
1663 1306 1740 1332 volu-

947 1352 1050 1384 ptatem
1063 1349 1105 1377 vel
1122 1354 1261 1384 stuporem
1278 1349 1395 1380 confert.
1421 1350 1462 1378 sic
1479 1351 1560 1377 etiam
1578 1350 1622 1377 hic
1644 1350 1678 1377 ab
1698 1350 1741 1378 his

947 1403 1009 1430 quae
1037 1395 1071 1423 ad
1093 1396 1233 1423 veritatem
1263 1397 1332 1423 viam
1355 1401 1492 1428 stcrmtnt,
1519 1405 1571 1424 non
1590 1397 1740 1425 aberrabit.

949 1442 1050 1470 Eorum
1078 1447 1168 1470 autem
1198 1450 1258 1477 qua:
1289 1443 1482 1477 quaerebantur
1505 1446 1564 1470 erat
1589 1450 1684 1474 unum,
1718 1443 1742 1470 si

950 1489 1038 1524 prima
1066 1496 1150 1516 causa
1175 1497 1236 1524 qua:
1258 1488 1329 1516 Deus
1349 1492 1401 1519 est.
1424 1489 1528 1523 origine
1546 1493 1630 1521 caret,
1652 1489 1692 1516 vel
1709 1496 1743 1515 ex

951 1535 1044 1570 aliquo
1068 1534 1206 1570 principio
1229 1534 1387 1569 dependens
1407 1535 1489 1562 habet
1507 1542 1578 1562 esse.
1595 1534 1629 1561 At
1653 1539 1744 1561 mente

950 1581 1143 1616 percipientes.
1167 1588 1220 1607 nou
1237 1588 1319 1615 posse
1332 1580 1447 1615 primam
1472 1587 1582 1607 causam
1598 1588 1658 1608 esse
1672 1581 1744 1615 quo-I

952 1635 983 1655 ex
1006 1627 1093 1654 altero
1111 1626 1281 1660 intelligitur,
1306 1626 1521 1661 excog'tavimus
1546 1635 1643 1654 nomen
1663 1627 1746 1660 hujus

952 1680 1090 1708 expressze
1103 1672 1224 1700 notionis
1236 1672 1443 1705 declarativum,
1457 1677 1485 1699 et
1499 1672 1615 1700 dicimus
1627 1680 1689 1700 eum
1700 1674 1746 1707 qui

953 1722 996 1746 est
1012 1719 1116 1753 absque
1139 1718 1362 1754 supercminente
1384 1726 1481 1752 causa,
1502 1720 1562 1747 sine
1587 1719 1695 1754 origine
1720 1724 1749 1747 et

955 1765 1101 1801 principio,
1117 1765 1176 1793 sive
1193 1765 1315 1800 ingenito
1330 1765 1410 1793 modo
1425 1773 1496 1793 esse.
1514 1765 1583 1793 Eum
1595 1770 1686 1793 autem
1702 1766 1748 1800 qui

955 1812 996 1840 sic
1009 1816 1060 1844 est,
1078 1812 1225 1848 ἀγέννητον
1237 1813 1284 1839 καὶ
1297 1812 1426 1848 ἄναρχον.
1442 1812 1468 1839 id
1484 1818 1534 1846 est,
1556 1813 1702 1849 ingenitum
1720 1817 1747 1840 et

956 1863 1088 1885 carentem
1103 1858 1242 1893 principio,
1255 1859 1475 1886 nominavimus:
1492 1866 1544 1887 non
1556 1859 1620 1893 quid
1635 1863 1687 1889 est.
1702 1858 1750 1886 sed

957 1905 1022 1941 quid
1039 1912 1092 1932 non
1107 1909 1149 1932 est
1163 1905 1215 1932 hoc
1232 1904 1342 1931 nomine
1356 1903 1527 1938 indicantes;
1544 1909 1574 1931 ut
1589 1908 1679 1931 autem
1697 1904 1751 1931 hoc

958 1958 1056 1978 nomen
1088 1950 1241 1977 clarissime
1268 1949 1415 1982 eluccscat,
1447 1949 1572 1984 exemplo
1598 1949 1751 1977 illustriore

959 1997 1081 2023 conabor
1091 1996 1199 2023 docere.
1214 1995 1296 2023 Detur
1310 1995 1344 2023 de
1356 1995 1446 2031 aliqua
1463 1995 1561 2023 arbore
1573 1996 1751 2031 qumstionem

959 2050 1030 2074 esse,
1047 2047 1138 2069 utrum
1154 2042 1238 2068 sativa
1261 2045 1304 2069 est
1320 2049 1354 2067 an
1372 2045 1468 2075 sponte
1486 2045 1550 2067 nata
1565 2046 1592 2068 et
1616 2040 1753 2076 agrestis?

961 2089 989 2116 Si
1006 2089 1090 2123 igitur
1104 2095 1136 2115 ex
1152 2087 1321 2122 plantatione
1339 2087 1430 2119 fuerit.
1449 2087 1562 2115 salivam
1581 2095 1693 2122 prorsus
1710 2093 1754 2113 ar-

962 2135 1054 2162 borem
1067 2133 1316 2169 pronuntiabimus,
1331 2133 1354 2161 si
1367 2138 1466 2168 sponte
1479 2134 1539 2160 fusa
1551 2137 1579 2160 et
1595 2132 1678 2165 edita,
1696 2139 1754 2159 non

118 2188 150 2214 τὸ
170 2186 343 2222 δηλούμενον,
360 2185 403 2211 διὰ
420 2185 469 2220 τῆς
482 2184 611 2220 τοιαύτης
631 2183 780 2218 ὀνομασίας
794 2182 844 2208 οὐκ
859 2181 900 2208 ὲδι

963 2181 1095 2208 satiram:
1117 2180 1172 2207 tale
1199 2187 1297 2207 nomen
1323 2187 1338 2206 a
1354 2180 1468 2206 veritate
1489 2187 1543 2206 non
1559 2179 1678 2209 aberrat,
1695 2185 1756 2205 om-

119 2234 273 2269 δάχθημεν.

965 2227 1030 2254 uino
1052 2227 1137 2257 enim,
1167 2226 1208 2253 vel
1236 2226 1286 2259 sic,
1314 2226 1356 2253 vel
1382 2225 1461 2252 aliter
1477 2225 1527 2252 erit
1541 2225 1633 2256 arbor.
1657 2224 1757 2260 planta:

119 2285 213 2307 autem
248 2283 371 2305 naturam
406 2276 568 2312 peculiarem
604 2282 657 2302 non
689 2274 809 2307 indicat;
845 2280 908 2299 nam
929 2277 1026 2307 sponte
1042 2276 1133 2298 natam
1151 2271 1276 2298 arborem
1292 2279 1364 2302 esse,
1380 2270 1443 2305 quia
1459 2278 1513 2297 nou
1548 2269 1585 2297 sit
1600 2273 1668 2301 sata,
1700 2269 1758 2296 sive

121 2331 260 2365 plautata.
285 2327 447 2359 didicimus;
471 2326 494 2352 si
509 2328 599 2352 autem
621 2324 760 2359 platanus,
796 2322 838 2349 vel
874 2321 948 2352 vitis.
969 2321 1010 2348 vel
1034 2321 1128 2347 talium
1159 2319 1312 2354 plantarum
1334 2323 1376 2346 est
1397 2326 1428 2345 ea
1449 2326 1508 2354 quae
1523 2318 1688 2350 declaratur.
1709 2324 1759 2352 per

122 2379 206 2408 talem
223 2376 437 2404 nominationem
454 2381 508 2401 non
526 2372 683 2399 didicimus.

162 2423 236 2459 Εἱδὴ
251 2423 374 2457 νενόηται
391 2421 421 2447 τὸ
434 2420 595 2454 ὑπόδειγμα,
613 2418 707 2454 καιρὸς
721 2416 753 2444 ἂν
772 2416 814 2452 εἴη
833 2425 914 2452 μετα-

123 2470 237 2497 ϐιϐάσαι
251 2469 295 2496 τὸν
308 2468 386 2502 λόγον
402 2467 447 2493 ἐπὶ
469 2465 500 2491 τὸ
515 2466 631 2501 πρᾶγμα
653 2461 682 2491 οὗ
705 2464 736 2490 τὸ
752 2463 914 2497 ὑπόδειγμα.

124 2517 163 2544 Τὸ
178 2516 286 2551 πρῶτον
301 2514 386 2541 αἴτιον
410 2512 439 2545 ἐξ
461 2512 589 2546 οὐδεμιᾶς
609 2509 810 2546 ὑπερκειμένης
824 2508 917 2538 αἰτίας

125 2563 200 2597 ἔχειν
211 2561 242 2588 τὸ
256 2558 326 2587 εἶναι
340 2558 555 2592 κατελαῦόμεοα.
571 2556 622 2583 Τὸν
633 2555 678 2582 οὖν
689 2555 844 2590 ἀγεννήτως
854 2554 918 2580 ὄντα

126 2610 205 2639 Θεὸν,
225 2609 263 2639 εἱς
284 2607 415 2642 ὀνόματος
428 2605 511 2631 τύπον
525 2604 574 2639 τὴν
592 2603 695 2630 ἔννοιαν
711 2601 811 2637 ταύτην
831 2599 919 2635 παρά-

128 2663 234 2689 γοντες,
261 2653 407 2687 ἀγέννητον
431 2650 620 2686 ὠνομάσαμεν.
651 2648 712 2674 ’Ὁτι
739 2647 787 2682 μὲν
810 2645 856 2673 οὖν
877 2645 920 2672 διὰ

128 2701 263 2734 γενέσεως
279 2700 330 2726 οὐκ
352 2698 435 2728 ἔστιν,
457 2698 489 2724 ἐκ
509 2695 558 2731 τῆς
571 2694 617 2722 τοῦ
631 2694 761 2729 ὀνόματος
777 2692 920 2727 ἐμφάσεως

131 2746 306 2781 ἐδηλώσαμεν
316 2753 323 2759 ·
348 2743 416 2778 αὑτὴ
434 2742 462 2768 δὲ
476 2743 492 2777 ἡ
505 2741 582 2768 οὐσία
599 2739 784 2775 ἡάγεννήτως
797 2735 864 2764 οὖσα
879 2737 921 2768 τίς

132 2791 203 2819 κατὰ
221 2791 269 2826 τὴν
284 2789 352 2816 ἰδίαν
369 2788 448 2823 φύσιν
462 2787 546 2819 ἐστὶν,
565 2785 641 2812 οὐδὲν
657 2785 688 2811 ἐκ
700 2784 749 2820 τῆς
764 2782 921 2818 ἐπωνυμίας

131 2838 235 2874 ταύτης
257 2837 324 2873 πρὸς
339 2836 368 2863 τδ
383 2835 501 2863 κατιδεῖν
517 2832 707 2869 ὼδηγήθημεν.
718 2830 795 2859 ,Οὐδὲ
810 2829 863 2865 γὰρ
889 2827 923 2865 ἦν

1005 2413 1033 2440 Si
1050 2413 1105 2447 jam
1128 2410 1281 2445 exemplum
1299 2407 1466 2435 intellectum
1481 2410 1533 2438 est,
1552 2411 1659 2441 tempus
1675 2406 1759 2432 fuerit

970 2465 1123 2487 sermonem
1139 2457 1171 2483 ad
1190 2463 1244 2484 rem
1255 2455 1342 2490 ipsam
1354 2451 1514 2485 transferre,
1526 2451 1605 2485 cujus
1620 2456 1661 2478 est
1671 2458 1761 2478 exem-

971 2506 1055 2541 plum.
1085 2503 1203 2530 Primam
1231 2508 1341 2528 causam
1373 2507 1405 2527 ex
1433 2498 1508 2526 nulla
1539 2497 1762 2532 superentinente

971 2558 1055 2579 causa
1068 2549 1168 2576 habere
1176 2556 1237 2575 esse
1252 2544 1518 2581 comprehendimus.
1533 2543 1603 2578 Ergo
1618 2543 1701 2570 Deum
1713 2542 1761 2576 qui

973 2595 1054 2624 modo
1071 2594 1192 2630 ingenito
1208 2601 1237 2620 se
1254 2592 1347 2623 habet,
1365 2591 1397 2618 ad
1419 2589 1537 2618 nominis
1554 2588 1668 2615 formam
1686 2589 1761 2614 noti~

972 2642 1039 2669 tiam
1051 2641 1121 2667 hanc
1132 2637 1297 2665 adducentes
1308 2636 1456 2671 ingenitum
1464 2633 1673 2661 nominavimus.
1683 2632 1762 2665 Quod

974 2688 1057 2723 igitur
1073 2693 1120 2721 per
1137 2683 1338 2719 generationem
1358 2689 1411 2708 nou
1433 2683 1475 2707 est
1493 2686 1525 2706 cx
1541 2678 1659 2705 nominis
1675 2677 1773 2711 signia

976 2733 1100 2760 ficatioue
1124 2728 1338 2758 declaravimus:
1368 2726 1427 2760 ipsa
1452 2729 1543 2752 autem
1563 2723 1681 2751 essentia
1702 2730 1763 2757 quae

975 2782 1017 2807 est
1034 2777 1154 2812 ingenita
1169 2773 1317 2803 secundant
1339 2771 1479 2807 propriam
1496 2774 1621 2797 naturam
1638 2776 1762 2804 quamam

976 2829 1029 2857 est,
1062 2823 1126 2851 nihil
1153 2830 1187 2850 ex
1213 2817 1452 2856 cognpminaliouc
1478 2816 1510 2844 ad
1536 2814 1761 2851 conspiciendum
