1951 3074
233 147 285 178 9Ἳ9

228 203 437 241 intelligentiam
468 203 669 232 examinemus.
698 203 767 238 Quis
796 205 834 232 ita
860 206 976 234 stolidus
992 210 1018 233 et
1033 209 1054 237 Α

229 259 337 283 vecors,
363 250 410 286 qui
435 250 540 278 nesciat
569 250 692 278 auditum
715 255 743 278 et
764 259 919 279 sermonem
944 257 1023 279 natu-

230 296 318 324 ralem
349 295 422 323 inter
435 303 465 324 se
494 295 596 324 habere
615 296 795 330 relationem;
823 305 873 324 nec
900 297 1022 324 auditum

232 348 314 376 posse
336 341 412 377 fungi
436 349 487 369 suo
512 349 628 370 munere
652 343 727 370 nullo
747 342 884 378 loquente,
910 343 950 371 sie
974 351 1024 370 nec

233 394 389 414 sermonem
405 386 540 414 enicacem
559 395 621 415 esse
635 388 680 423 qui
699 396 752 415 non
770 389 802 415 ad
818 388 941 417 auditum
958 389 1024 416 diri-

235 432 330 468 gitur?
350 432 379 460 Si
413 433 499 469 igitur
525 435 625 462 asserit
652 434 737 462 Deum
762 435 1025 467 dixisse..ostendat

235 479 317 507 nobis
334 479 416 507 etiam
426 480 548 507 auditum
569 481 601 507 ad
619 489 698 516 quem
716 481 801 515 dixit;
822 489 854 508 an
868 482 901 508 ad
916 489 946 509 se
969 482 1026 510 haec

235 524 332 552 dicere
350 526 544 560 respondebit?
561 525 630 561 Ergo
644 526 695 553 sibi
721 526 773 561 ipsi
789 526 943 561 imperabit,
969 527 1026 554 hzec

234 571 347 606 jubens.
374 571 476 606 Ecquis
503 571 555 599 hoc
582 571 718 607 probabit,
740 571 822 599 Deum
838 571 933 599 sedere
953 572 1026 607 quod

237 618 373 653 agendum
390 618 491 646 estsibi
505 618 693 652 imperantem.
710 621 771 645 etse
780 617 903 644 ministro
915 618 1027 644 manda-

238 669 329 692 torum
343 669 369 692 et
382 668 542 692 exsecutore
552 663 692 693 utentem?
706 663 782 698 Quod
791 663 814 691 si
823 664 886 699 quis
895 663 945 691 hoc
952 664 1026 699 pium

239 717 301 737 esse
326 710 418 738 d'cere
442 710 619 742 concesserit,
639 710 702 745 quis
725 711 752 737 in
767 710 858 745 scipso
885 711 976 738 verbis
1000 714 1028 738 et

240 756 414 783 sermonibus
433 756 589 791 indiguerit,
609 756 733 791 quamvis
751 756 832 783 homo
848 756 904 783 sit?
923 755 1029 791 Cuique

240 802 314 829 enim
332 802 432 829 mentis
453 802 565 839 agitatio
586 802 686 830 snilieit
711 802 743 828 ad
767 801 908 829 electionis
931 801 1030 837 impul-

241 846 346 873 sionem
363 846 546 873 excitandam.
564 845 617 874 Sed
633 854 694 874 cum
716 845 786 874 Filio
808 846 942 874 disserere
966 849 1042 882 pro-'

241 891 284 917 cul
297 891 378 918 dubio
391 891 472 918 dicet.
485 890 516 918 Et
527 891 592 925 quid
607 899 676 928 opus
688 896 746 919 erat
759 890 792 918 ad
805 891 857 918 hoc
870 891 952 918 voce?
965 880 1029 927 pro-
1045 880 1064 907 Β

241 937 330 971 prium
353 937 425 964 cnim
451 943 589 971 corpore-.e
612 940 715 964 naturae
755 944 802 970 per
825 937 908 963 verba
938 936 1029 964 cordis

241 982 299 1010 sive
318 982 401 1010 animi
418 991 499 1010 sensa
518 983 672 1010 enuntiare.
700 983 777 1010 Unde
798 983 880 1011 etiam
902 983 1030 1018 mquipol-

242 1031 301 1058 lens
317 1030 377 1057 usui
402 1029 476 1057 vocis
492 1037 540 1064 per
557 1030 663 1056 litteras
678 1029 789 1056 inventa
805 1033 847 1056 est
860 1029 1028 1056 declaratio:

241 1083 273 1103 cx
289 1084 367 1110 mque
383 1075 455 1103 enim
476 1075 618 1110 loquentes
637 1079 664 1102 et
685 1074 837 1102 scribentes
852 1075 924 1110 quod
940 1079 1031 1103 mente

242 1126 404 1157 conceptum
428 1126 470 1148 est
491 1122 685 1154 enuntiamus;
716 1120 763 1149 sed
788 1128 884 1148 eorum
909 1121 955 1156 qui
975 1128 1030 1148 non

243 1168 322 1195 valde
338 1167 451 1200 distant,
469 1174 534 1194 voce
549 1167 673 1195 auditum
696 1167 886 1203 pertingimus,
903 1167 937 1194 ad
951 1167 1031 1202 longe

243 1214 370 1242 absentes
397 1213 494 1241 litteris
517 1214 678 1241 sententiam
705 1214 888 1244 declaramus,
913 1213 946 1241 iis
966 1221 1031 1241 vero

243 1260 290 1294 qui
310 1266 460 1295 pnes-entes
482 1260 593 1292 adsunt,
619 1267 668 1295 pro
695 1260 799 1286 ratione
818 1259 966 1291 distantias,
990 1259 1031 1286 vel

244 1306 320 1333 vocis
340 1311 432 1333 tonum
449 1305 626 1337 intendimus,
642 1305 683 1332 vel
697 1305 863 1334 remittimus
876 1314 882 1332 :
894 1305 1031 1332 interdum

245 1353 327 1379 etiam
343 1353 400 1380 solo
415 1357 494 1385 nutu,
514 1352 579 1387 quid
596 1351 728 1387 agendum
751 1352 797 1384 sit,
824 1351 867 1378 his
888 1351 933 1385 qui
949 1358 1032 1386 prope

245 1403 310 1426 sunt
325 1399 525 1434 significamus,
547 1403 573 1427 et
589 1399 661 1434 quod
679 1399 706 1425 in
722 1398 814 1425 animo
830 1402 872 1426 est
888 1398 1031 1425 consilium

210 1445 214 1450 ‘
246 1445 437 1479 patel‘aeimus,
455 1450 482 1472 et
500 1445 597 1473 oculus
621 1445 665 1472 tali
692 1443 895 1479 quodammodo
920 1443 1033 1471 affectus

246 1491 388 1523 indicavit,
419 1495 448 1518 et
473 1499 570 1519 manus
593 1489 717 1526 quaedam
742 1490 827 1517 niutio
851 1497 907 1517 rem
929 1493 1033 1523 gestam

247 1537 356 1572 probari
381 1536 424 1564 vel
444 1535 583 1571 reprobari
600 1535 810 1562 demonstravit.
832 1534 860 1562 Si
878 1534 961 1568 igitur
987 1534 1032 1568 qui

247 1583 410 1618 corporibus
440 1581 563 1609 conclusi
589 1585 675 1612 sunt.
705 1581 805 1608 mentis
834 1580 924 1607 abdita
953 1587 1032 1607 sensa

247 1629 361 1656 nutibus
371 1627 474 1662 absque
487 1634 553 1653 voce
566 1626 607 1654 vel
620 1626 712 1658 verbo,
729 1626 770 1652 vel
786 1625 923 1660 colloquio
937 1625 1034 1652 litteris

248 1674 446 1708 comprehenso
458 1681 528 1708 smpe
541 1673 584 1699 his
598 1673 644 1708 qui
661 1680 743 1708 prope
754 1676 828 1704 sunt,
841 1677 904 1699 uota
920 1671 1033 1702 faciunt,

249 1721 408 1755 nullumque
433 1720 471 1747 rei
492 1718 616 1755 gerenda:
630 1719 823 1746 detrimentum
844 1718 934 1745 attulit
951 1718 1034 1745 silen.

250 1767 329 1797 tium,
356 1772 392 1793 an
417 1765 588 1793 immateriaii
612 1768 639 1792 et
661 1764 787 1796 intactili,
810 1767 837 1791 et
863 1767 892 1790 ut
915 1763 1035 1798 loquitur

251 1812 411 1845 Eunomius,
425 1819 558 1847 supremae
565 1815 591 1839 et
603 1811 697 1847 primae
709 1810 835 1838 essentize
855 1810 946 1838 verbis
964 1818 1035 1845 opus

252 1860 311 1890 fuit,
326 1866 386 1894 quae
405 1857 494 1885 Patris
519 1857 657 1884 notionem
683 1856 866 1888 declararent,
882 1860 908 1883 et
935 1855 1036 1891 linige-

251 1906 309 1932 nito
327 1904 494 1932 voluntatem
518 1907 609 1930 notam
630 1901 770 1929 facerent?
787 1900 893 1934 Verbis,
914 1901 1034 1936 inquam,

250 1953 321 1979 sicut
333 1951 371 1978 ait
385 1951 443 1986 ipse
454 1949 615 1981 Eunomius,
629 1955 689 1983 quae
702 1948 784 1975 simul
800 1955 859 1975 cum
873 1955 938 1974 voce
949 1947 1035 1974 solent

251 1997 399 2032 dissipari:
418 1995 490 2022 haud
505 1995 561 2022 seio
574 1994 597 2022 si
609 1994 670 2029 quis
687 1993 785 2021 mentis
796 2000 917 2029 compos.
935 1993 992 2020 haec
1008 1997 1037 2019 ut

252 2051 314 2071 vera
329 2043 460 2074 admittet.
479 2042 630 2078 praesertim
655 2048 717 2068 cum
743 2047 828 2067 sonus
843 2040 933 2067 omnis
950 2039 976 2066 in
994 2047 1038 2067 ac-

253 2098 310 2118 rem
334 2097 448 2125 prorsus
467 2087 658 2123 profundatur.
675 2085 769 2122 Neque
800 2086 873 2113 enim
896 2092 947 2113 vox
973 2086 1036 2113 alibi

253 2136 307 2163 nisi
326 2137 352 2162 in
366 2143 429 2162 aere
444 2134 500 2161 [leri
520 2137 620 2169 potest.
644 2132 762 2160 Necesse
785 2135 827 2159 est
850 2139 963 2166 prorsus
981 2139 1038 2159 me-

253 2179 483 2216 diumrquiddam
506 2179 588 2205 etiam
613 2177 686 2212 ipsos
711 2184 874 2212 supponere.
901 2177 973 2204 inter
1000 2177 1040 2203 lo-

254 2231 380 2262 quentem
397 2229 424 2251 et
449 2232 511 2252 eum
538 2223 572 2250 ad
603 2230 683 2258 quem
707 2222 736 2249 lit
752 2229 865 2250 sermo:
889 2222 941 2250 nisi
966 2223 1038 2250 enim
1055 2223 1076 2249 D

254 2272 373 2301 medium
393 2270 566 2305 interiectum
588 2270 680 2301 fuerit.
703 2269 840 2304 quomodo
857 2277 889 2296 ex
912 2269 1040 2304 loquente

254 2327 306 2347 vox
329 2318 363 2345 ad
390 2317 545 2344 audientem
567 2315 736 2351 permeabit?
757 2315 826 2348 Quid
843 2315 926 2350 igitur
950 2315 1041 2342 dicent

255 2365 386 2396 taedium,
403 2371 457 2400 quo
476 2363 574 2390 Filium
593 2371 626 2390 ex
643 2361 723 2390 Patre
744 2361 958 2389 disterminaut?
973 2361 1041 2388 Cor-

256 2418 353 2446 porum
373 2410 445 2437 cnim
463 2409 490 2436 in
505 2416 567 2436 aere
581 2409 657 2436 locus
675 2407 790 2435 emt-itur
805 2407 922 2439 medius,
936 2407 983 2442 qui
1001 2411 1042 2434 est

257 2457 330 2484 aliud
355 2456 422 2492 quid
448 2455 599 2484 secundum
628 2455 765 2490 propriam
793 2457 920 2480 naturam
946 2458 1043 2488 prmter

257 2504 441 2531 humanorum
479 2510 623 2538 corporum
657 2500 847 2529 substantiam.
874 2499 926 2533 Qui
952 2504 1042 2526 autem

257 2553 348 2577 tactus
363 2557 470 2584 expers.
486 2553 513 2576 et
525 2548 651 2575 informis
666 2547 700 2573 ab
713 2546 787 2573 omni
801 2545 978 2572 concretione
992 2554 1043 2580 pu-

257 2603 305 2623 rus
321 2600 349 2623 et
362 2594 492 2622 immunis
513 2594 584 2621 Deus
599 2600 661 2620 cum
682 2591 829 2626 Unigenito
849 2591 904 2620 Deo
921 2593 1045 2627 persimi-

258 2642 332 2672 liter.
351 2641 407 2668 imo
420 2648 485 2668 vero
498 2639 594 2667 eodem
617 2638 707 2666 modo.
728 2637 901 2664 immateriali
916 2641 942 2665 et
959 2638 1045 2664 incor-

259 2695 341 2722 poreo
364 2687 536 2723 propriorum
567 2684 747 2711 consiliorum
774 2685 909 2719 particeps
932 2689 959 2711 et
980 2692 1045 2711 con‘

258 2742 319 2761 sors
335 2743 342 2760 :
359 2734 380 2761 si
395 2732 505 2767 quidem
519 2739 567 2766 per
583 2737 675 2757 vocem
687 2729 907 2756 communionem
922 2729 1043 2760 haberet.

259 2780 323 2814 quid
338 2778 529 2806 intermedium
548 2777 671 2807 haberet,
688 2783 735 2811 per
753 2775 824 2809 qliud
844 2783 941 2810 repens
955 2783 1046 2802 seruio

261 2830 289 2852 et
301 2825 445 2852 dimanans
459 2825 486 2850 in
502 2831 581 2850 aures
600 2822 737 2857 Unigeuiti
753 2821 887 2854 inﬂueret,
903 2826 930 2848 ct
947 2822 1045 2848 admit-

262 2868 418 2898 teretur?Si
430 2869 539 2905 quidem
559 2868 610 2897 hoc
623 2872 652 2896 ut
668 2867 887 2897 consideratione
905 2867 1046 2903 indignum

1047 1549 1067 1577 C

847 145 877 173 S.
889 145 1053 174 CREGORH
1066 144 1212 173 NYSSENI

1815 143 1866 172 960

1070 205 1117 232 mi.
1138 205 1318 240 Ἐξίιγιαγέτω
1334 204 1369 232 τὰ
1387 204 1490 237 ὕδατα,
1509 204 1556 231 καὶ
1571 204 1661 231 πάντα
1681 204 1733 233 ὅσα
1748 203 1867 238 καθεξῆς

1073 254 1289 289 ἀναγέγραπται.
1319 251 1424 279 Οὐκοῦν
1444 250 1617 286 ἐξετάσωμεν
1641 250 1692 285 τὴν
1715 249 1772 276 τῶν
1795 250 1869 285 εἰρη-

1075 299 1162 334 μένων
1172 299 1300 326 διάνοιαν.
1318 298 1366 330 Τίς
1379 299 1428 324 οὐκ
1441 295 1493 324 οἶδε
1505 297 1552 323 καὶ
1563 295 1618 322 τῶν
1636 295 1735 331 κομιδῆ
1749 295 1868 330 νηπίων,

1074 347 1114 373 ὅτι
1137 346 1254 381 φυσικὴν
1277 345 1334 380 ἔχει
1360 345 1429 380 πρὸς
1455 343 1557 379 ἄλληλα
1575 342 1668 378 σχέσιν
1683 342 1754 377 ἀκοή
1772 349 1804 367 τε
1824 342 1870 368 καὶ

1073 392 1162 425 λόγος,
1187 391 1234 418 καὶ
1254 391 1292 422 ὡς
1313 391 1362 417 οὐκ
1378 390 1452 418 ἔστιν
1473 389 1558 424 ἀκοὴν
1579 388 1729 424 ἐνεργῆσαι
1755 386 1871 423 μηδενὸς

1075 437 1272 473 φθεγγομένου,
1283 436 1368 468 οὕτως
1381 436 1441 463 οὐδὲ
1453 435 1530 470 λόγον
1541 435 1651 470 ἐνεργὸν
1665 431 1735 460 εἶναι
1750 432 1790 468 μὴ
1803 432 1870 468 πρὸς

1076 482 1160 518 ἀκοὴν
1168 482 1359 517 εὐθυνόμενονς
1368 481 1398 508 Εἰ
1410 479 1456 508 οὖν
1466 481 1539 515 λέγει
1546 481 1577 507 τὸ
1587 479 1730 515 εἰρηκέναι
1738 478 1787 505 τὸν
1793 478 1870 509 Θεὸν,

1077 527 1242 561 ὑποδειξάτω
1255 528 1321 563 ἡμῖν
1336 526 1384 554 καὶ
1397 527 1447 564 τὴν
1463 527 1547 562 ἀκοὴν
1558 526 1627 561 πρὸς
1639 526 1673 560 ἣν
1688 525 1816 560 εἴρηκεν.
1837 525 1871 550 'H

1077 574 1145 609 πρὸς
1173 574 1268 601 ἑαυτὸν
1291 573 1377 608 ⁸ταῦτα
1402 574 1493 607 λέγειν
1516 572 1622 608 φησίν;
1651 571 1758 598 Οὐκοῦν
1783 569 1872 605 ἑαυτῷ

1077 619 1242 655 προστάσσει
1257 619 1343 646 ταῦτα
1361 619 1580 654 ἐγκελευόμενος.
1605 618 1661 644 Καὶ
1676 616 1718 649 τίς
1731 616 1818 644 τοῦτο
1832 615 1871 642 δέ·

1078 665 1153 699 ξεται
1168 665 1304 701 καθῆσθαι
1316 665 1361 692 τὸν
1375 664 1440 692 Θεὸν
1456 664 1487 691 τὸ
1501 663 1638 700 πρακτέον
1653 662 1752 690 ἑαυτοῦ
1768 661 1874 688 διατάτ-

1077 720 1168 743 τοντα,
1194 711 1242 738 καὶ
1266 710 1355 745 ἑαυτῷ
1372 710 1486 744 διακόνῳ
1500 709 1554 736 τῶν
1580 707 1806 744 προσταγμάτων
1827 707 1874 734 καὶ

1078 757 1203 793 ὑπηρέτῃ
1225 756 1381 793 χρώμενον;
1412 756 1443 783 Εἰ
1466 755 1495 782 δὲ
1517 755 1565 781 καὶ
1583 754 1664 781 τοῦτο
1680 753 1739 789 δοίη
1765 761 1810 784 τις
1829 753 1874 779 εὖ·

1078 805 1142 838 αγὲς
1157 802 1226 830 εἶναι
1237 803 1336 837 λέγειν,
1347 803 1389 834 τίς
1408 802 1450 837 ἐφ’
1462 802 1557 828 ἑαυτοῦ
1571 801 1702 837 ῥημάτων
1714 799 1818 834 ἐδεήθη
1829 799 1876 825 καὶ

1079 850 1174 884 λόγων,
1200 849 1252 876 κᾶν
1278 848 1418 884 ἄνθρωπος
1433 846 1469 884 ﬁ;
1499 847 1591 882 ’Δρκεί
1615 846 1670 882 γὰρ
1696 846 1810 880 ἑκάστῳ
1830 845 1878 879 τῆς

1079 896 1198 927 διανοίας
1214 896 1230 931 ἡ
1258 895 1363 931 κίνησις
1387 894 1437 929 τὴν
1451 893 1500 929 τῆς
1513 892 1700 928 προαιρέσεως
1717 891 1810 926 ὁρμὴν
1830 891 1878 925 ἑμ-

1080 942 1203 977 ποιῆσαι.
1226 941 1305 968 Ἀλλὰ
1325 940 1365 975 τῷ
1395 939 1452 975 Υἱῷ
1473 938 1644 973 διαλέγεσθαι
1669 938 1782 968 πάντως
1811 937 1877 972 ἐρεῖ.

1080 989 1135 1015 Καὶ
1146 988 1188 1019 τις
1201 984 1235 1022 ἦν
1255 986 1334 1022 χρεία
1350 985 1419 1021 πρὸς
1439 984 1518 1012 τοῦτο
1531 984 1622 1019 φωνῆς
1635 992 1642 1015 ;
1660 983 1743 1010 Ἶδιον
1757 982 1814 1017 γὰρ
1830 982 1879 1016 τῆς

1080 1034 1238 1069 ὲνσωμάτου
1269 1033 1386 1068 φύσεως,
1403 1031 1443 1058 τδ
1453 1030 1497 1057 διὰ
1511 1030 1641 1066 ῥημάτων
1657 1029 1835 1063 ἐξαγγέλλειν
1847 1029 1880 1055 τὰ

1079 1082 1129 1116 τῆς
1153 1080 1265 1115 καρδίας
1289 1079 1430 1114 νοήματα’
1459 1077 1520 1103 ὅθεν
1543 1077 1590 1103 καὶ
1622 1075 1829 1111 ἰσοδυναμοῦσι
1848 1076 1880 1110 τῇ

1081 1127 1176 1162 χρήσει
1191 1126 1240 1160 τῆς
1257 1124 1359 1160 φωνῆς,
1372 1124 1388 1158 ἡ
1402 1123 1445 1149 διὰ
1467 1121 1521 1149 τῶν
1534 1121 1708 1157 γραμμάτων
1728 1120 1880 1155 ἐξεύρηται

1080 1172 1205 1206 δήλωσις.
1230 1171 1343 1206 Ἐπίσης
1358 1170 1411 1204 γὰρ
1422 1168 1602 1204 φθεγγόμενοι
1615 1176 1645 1194 τε
1655 1167 1702 1194 καὶ
1713 1167 1881 1202 γράφοντες,

1081 1218 1111 1244 τὸ
1126 1217 1221 1253 νοηθὲν
1244 1215 1453 1250 ἐξαγγέλλομεν.
1475 1214 1544 1240 Ἀλλ’
1563 1214 1609 1240 ὲπὶ
1622 1213 1672 1249 μὲν
1694 1213 1752 1239 τῶν
1766 1213 1805 1248 μὴ
1822 1212 1882 1238 λίαν

1081 1263 1284 1298 ἀφεστηκότων,
1303 1263 1378 1297 φωνῇ
1403 1261 1452 1297 τῆς
1473 1261 1557 1295 ἀκοῆς
1570 1259 1781 1295 καθικνούμεθα
1793 1267 1799 1274 ·
1815 1259 1883 1294 πρὸς

1081 1310 1109 1337 δὲ
1130 1311 1193 1342 τοὺς
1218 1308 1369 1345 πόρρωθεν,
1380 1308 1524 1343 γράμμασι
1540 1306 1674 1343 δηλοῦμεν
1691 1306 1743 1341 τὴν
1756 1305 1882 1339 γνώμην,

1083 1358 1129 1384 καὶ
1145 1357 1190 1383 ἐπὶ
1204 1356 1258 1382 τῶν
1273 1355 1423 1390 παρόντων,
1441 1353 1509 1388 πρὸς
1528 1353 1606 1387 λόγον
1619 1352 1668 1387 τῆς
1688 1351 1882 1382 ἀποστάσεως,

1082 1403 1099 1438 ἢ
1117 1401 1286 1436 ἑπιτείνομεν
1302 1401 1346 1427 τὸν
1359 1399 1434 1426 τόνον
1446 1398 1496 1434 τῆς
1511 1398 1638 1433 φωνῆς,ἢ
1657 1398 1790 1432 ὑφὶεμεν.
1806 1397 1884 1422 Ἔστι

1083 1448 1110 1475 δὲ
1121 1449 1165 1475 ὅτε
1185 1448 1231 1475 καὶ
1245 1447 1288 1474 διὰ
1302 1447 1420 1478 νεύσεως
1436 1446 1514 1481 μόνον
1528 1444 1558 1471 τδ
1574 1443 1711 1480 πρακτέον
1726 1444 1788 1475 τοῖς
1800 1442 1885 1473 πέλας

1084 1493 1298 1528 διεσαφήσαμεν,
1321 1492 1368 1518 καὶ
1393 1492 1443 1526 τὴν
1456 1492 1484 1518 ὲν
1502 1491 1535 1526 τῇ
1562 1490 1635 1525 ψυχῇ
1651 1489 1819 1526 προαίρεσιν
1840 1489 1885 1515 καὶ

1084 1539 1222 1574 όιρϐαλμὸς
1246 1538 1357 1565 τοιῶσδε
1375 1536 1509 1568 διατεθεὶς
1533 1536 1694 1568 ἐνεδείξατο,
1721 1535 1774 1562 καὶ
1795 1534 1886 1570 χειρὸς

1086 1585 1149 1611 ποιὰ
1163 1585 1270 1618 κίνησις
1297 1583 1313 1618 ἢ
1338 1583 1436 1610 ἀπεῖττέ
1452 1592 1478 1609 τι
1497 1582 1552 1609 τῶν
1566 1581 1758 1617 γινομένων,ἥ
1776 1581 1888 1607 κατεδέ-

1085 1628 1158 1662 ξατο.
1176 1629 1206 1654 El
1218 1628 1307 1654 τοίνυν
1323 1628 1347 1654 οἱ
1361 1627 1467 1662 σώμασι
1483 1626 1710 1662 περιειλημμένοι
1727 1626 1765 1653 τὰ
1778 1626 1888 1661 asp-413i

1084 1675 1133 1710 τῆς
1147 1675 1264 1706 διανοίας
1282 1677 1419 1709 κινήματα
1436 1675 1483 1701 καὶ
1507 1674 1569 1709 δίχα
1590 1673 1682 1708 φωνῆς
1709 1673 1726 1707 ἢ
1749 1673 1886 1708 ῥήματος,

1085 1721 1166 1757 ῆτῆς
1195 1722 1223 1747 ἐν
1252 1721 1413 1756 γράμμασιν
1439 1720 1547 1755 ὁμιλίας
1571 1719 1703 1750 πολλάκις
1724 1720 1787 1750 τοῖς
1805 1718 1888 1749 πέλας

1085 1768 1256 1803 γνωρίζουσι,
1274 1767 1320 1794 καὶ
1349 1766 1477 1802 οὐδεμίαν
1500 1767 1599 1801 ἤνεγκε
1618 1764 1657 1800 τῷ
1673 1763 1888 1798 σπουδαζομένῳ

1086 1814 1229 1849 πράγματι
1253 1813 1354 1848 ζημίαν
1382 1813 1398 1847 ἡ
1423 1812 1528 1846 σιωπή·
1546 1809 1601 1847 ἆρα
1614 1811 1660 1837 ἐπὶ
1675 1810 1728 1844 τῆς
1745 1810 1832 1836 ἀΰλου
1843 1809 1888 1836 καὶ

1086 1859 1214 1894 ἀναφοῦς,
1227 1860 1272 1885 καὶ
1286 1858 1322 1890 ὥς
1337 1866 1417 1894 φησιν
1428 1858 1441 1884 ό
1451 1858 1592 1893 Εὑνόμιος,
1606 1856 1740 1884 ἀνωτάτω
1754 1856 1803 1883 καὶ
1818 1855 1886 1891 πρώ-

1087 1914 1134 1940 της
1162 1905 1264 1937 οὐςίας,
1292 1904 1421 1940 ῥημάτων
1437 1904 1516 1939 χρεία
1537 1903 1589 1930 τῶν
1605 1904 1650 1930 τοῦ
1667 1903 1780 1938 [ἰατρὸς
1797 1902 1890 1929 διασα-

1088 1949 1209 1983 φούντων
1223 1949 1253 1975 τὸ
1267 1948 1366 1983 νόημα,
1381 1948 1476 1983 καὶτῷ
1493 1948 1640 1982 Μονογενεϊ
1655 1947 1852 1982 γνωριζόντων
1862 1946 1891 1972 τὸ

1090 1996 1225 2032 βούλημας
1245 1994 1399 2029 Ῥημάτων,
1413 1993 1503 2025 καθὼς
1518 1994 1599 2025 αὑτός
1613 1994 1734 2028 φησι,τῇ
1750 1994 1831 2028 φωνῇ
1849 2001 1891 2018 πε-

1089 2042 1212 2077 φυκότων
1233 2040 1438 2067 συνδιαλὺεσοαι
1453 2048 1461 2057 ·
1485 2040 1535 2066 οὐκ
1563 2037 1622 2065 οἶδα
1647 2039 1674 2065 εῐ
1686 2048 1729 2071 τις
1752 2039 1811 2065 τῶν
1831 2038 1890 2065 νοῦν

1090 2089 1205 2123 ἑχόντων
1222 2087 1308 2114 ταῦτα
1320 2086 1358 2118 ὡς
1369 2086 1456 2121 ἀληΘῆ
1469 2085 1662 2122 παραδέξεται,
1672 2085 1765 2117 ἄλλως
1779 2094 1811 2111 τε
1830 2094 1891 2111 παν-

1090 2133 1135 2165 τὸς
1150 2132 1268 2168 φθόγγου
1283 2133 1322 2164 εἰς
1335 2132 1403 2167 ἀέρα
1416 2131 1524 2163 πάντως
1539 2131 1737 2167 προχεομένου.
1752 2131 1823 2158 Οὐδὲ
1838 2131 1889 2166 γὰρ

1091 2179 1202 2205 δυνατὸν
1224 2177 1352 2213 γενέσθαι
1380 2177 1472 2212 φωνὴν
1494 2177 1531 2212 μὴ
1546 2178 1573 2203 ὲν
1588 2177 1649 2212 ἀέρι
1675 2177 1888 2212 συνισταμένην,

1091 2225 1196 2260 ἀνάγκη
1214 2225 1287 2251 πᾶσα
1300 2224 1380 2259 μέσον
1391 2232 1417 2250 τι
1435 2223 1481 2250 τοῦ
1499 2223 1687 2258 φθεγγομένου
1701 2223 1751 2248 καὶ
1766 2221 1814 2249 τοῦ
1825 2222 1890 2257 1:9”;

1091 2271 1120 2297 ὃν
1137 2272 1151 2297 ό
1163 2270 1241 2305 λόγος
1251 2270 1355 2303 γίνεται
1371 2270 1416 2296 καὶ
1430 2269 1527 2300 αὐτοὺς
1540 2269 1699 2295 ὑποθέσθαι.
1712 2269 1762 2303 Μὴ
1781 2268 1836 2303 γὰρ
1847 2268 1889 2294 δν-

1091 2325 1136 2348 τος
1156 2315 1202 2342 τοῦ
1225 2315 1422 2351 μεσιτεύοντος,
1441 2314 1500 2346 πῶς
1521 2315 1552 2340 ἐκ
1568 2313 1615 2340 τοῦ
1627 2314 1775 2346 λαλοῦντος
1788 2315 1805 2349 ὴ
1816 2313 1888 2348 φωνὴ

1092 2360 1221 2387 διοδεύσει
1238 2360 1304 2396 πρὸς
1314 2360 1359 2386 τὸν
1374 2360 1505 2387 ἀκούοντα
1518 2368 1524 2392 ;
1540 2359 1572 2386 Τί
1584 2357 1631 2386 οὖν
1640 2359 1737 2394 ἐροῦσι
1754 2360 1785 2386 τὸ
1797 2359 1887 2395 μέσον,

1093 2403 1115 2440 ᾧ
1132 2406 1176 2432 τὸν
1189 2406 1252 2432 Υἱὶν
1269 2407 1301 2432 ἐκ
1320 2406 1367 2432 τοῦ
1397 2405 1502 2441 Πατρδς
1511 2405 1676 2442 διορίζουσι;
1692 2406 1756 2432 Τῶν
1775 2406 1827 2441 μὲν
1837 2406 1887 2439 γὰρ

1095 2453 1237 2488 σωμάτων,
1254 2453 1268 2479 ὁ
1283 2452 1353 2479 κατὰ
1367 2453 1412 2480 τὸν
1427 2453 1497 2488 ἀέρα
1512 2452 1593 2483 τόπος
1603 2452 1708 2486 γίνεται
1719 2452 1815 2487 μέσος,
1828 2452 1886 2479 ἄλλο

1093 2508 1119 2526 τι
1131 2498 1167 2526 ὢν
1183 2499 1254 2525 κατά
1266 2498 1315 2534 τὴν
1334 2498 1401 2524 ἰδίαν
1419 2498 1499 2532 φύσιν
1518 2497 1593 2533 παρά
1612 2498 1661 2533 τὴν
1673 2498 1728 2524 τῶν
1751 2497 1885 2533 ἀνθρωπί-

1094 2554 1147 2571 νων
1163 2545 1295 2580 σωμάτων
1310 2544 1413 2571 οὐσίαν.
1428 2545 1457 2570 Ὀ
1478 2544 1506 2570 δὲ
1519 2543 1626 2579 ἀναιρὴς
1648 2544 1695 2569 καὶ
1710 2544 1832 2574 ἁνείδεος
1843 2543 1887 2569 καί

1095 2592 1186 2626 πάσης
1215 2591 1365 2622 συνθέσεως
1389 2591 1548 2626 καθαρεύων
1579 2590 1656 2622 Θεὸς,
1687 2590 1726 2625 τῷ
1752 2590 1887 2625 μονογενεί

1095 2636 1153 2670 Θεῷ
1175 2635 1213 2670 τῷ
1233 2636 1437 2671 παραπλησίως,
1456 2635 1554 2671 μᾶλλον
1574 2636 1602 2661 δὲ
1622 2636 1756 2667 ὡσαύτως
1771 2636 1847 2670 ἀΰλῳ
1860 2644 1889 2661 τε

1095 2683 1142 2708 καὶ
1156 2682 1293 2716 ἀσωμάτῳ
1302 2681 1356 2708 τῶν
1369 2681 1439 2708 ἰδίων
1451 2681 1586 2707 κοινωνῶν
1594 2681 1799 2716 βουλευμάτων,
1813 2681 1889 2716 εἴπερ

1095 2727 1139 2754 διὰ
1164 2728 1255 2762 φωνῆς
1280 2728 1397 2754 ἐποιεῖτο
1414 2727 1464 2763 τὴν
1489 2727 1642 2757 κοινωνίαν.
1660 2727 1687 2753 τι
1701 2727 1732 2753 τὸ
1750 2726 1889 2761 μεσιτεῦον

1096 2770 1163 2807 εἶχε,
1188 2773 1220 2798 δι’
1251 2769 1280 2800 οὗ
1304 2773 1394 2807 ῥέπων
1410 2773 1424 2798 ὁ
1439 2772 1515 2805 λόγος
1542 2773 1588 2798 καὶ
1618 2772 1767 2807 μεοιστάμε
1777 2780 1817 2803 ao;
1831 2773 1888 2802 ταῖς

1097 2819 1191 2848 ἀκοαῖς
1214 2817 1260 2844 τοῦ
1284 2818 1451 2851 Μονογενοῦς
1466 2817 1656 2848 εἱσοικὶζεταις
1690 2816 1754 2849 Εἴγέ
1775 2816 1827 2851 χρὴ
1845 2817 1888 2840 καὶ

1098 2864 1175 2891 τοῦτο
1189 2863 1379 2899 παραδραμεῖν
1396 2863 1561 2899 ἀθεώρητον,
1583 2863 1612 2889 τὸ
1630 2862 1667 2899 μὴ
1683 2861 1849 2898 μεμερίσθαι
1862 2861 1889 2887 τδ
