1951 3074
97 138 143 166 981

637 142 776 170 CONTRA
797 140 991 174 EUNOMIUM,
1009 141 1073 169 LIB.
1098 141 1153 169 Xll.

1662 136 1715 165 989.

96 205 170 232 θεῖον
190 207 249 237 ταῖς
265 206 470 242 ἁντιληπτικαῖς
499 210 658 246 ἐνεργείαις,
680 211 718 242 ὡς
733 211 797 246 παρ’
809 211 874 246 ἡμῖν

928 209 1066 243 prasterire
1082 212 1199 244 oportet,
1214 208 1297 236 Deum
1315 207 1523 244 operationibus
1536 206 1715 240 comprehen-

93 251 258 286 διῃρημένως
273 252 388 280 ἕκαστον
400 255 454 281 τῶν
468 256 650 292 αἰσθητηρίων
669 257 716 283 τοῦ
732 256 879 291 συγγενοῦς

92 295 288 330 ὲπιδράσσεται,
300 298 347 324 τοῦ
359 299 456 333 ὁρατοῦ
471 300 523 335 ’μὲν
537 301 552 336 ή
564 301 669 336 ὅρασις,
684 301 730 328 τοῦ
747 300 879 328 ἀκουστοῦ

92 339 118 365 δὲ
132 341 146 374 ἡ
163 341 232 367 κατὰ
261 341 310 376 τὴν
337 343 422 378 ἀκοὴν
442 344 567 379 αἴσθησις
577 354 583 360 ·
599 346 644 372 καὶ¹
660 346 722 372 οὕτε
737 346 848 379 γεύεται
863 346 879 380 ἠ

93 385 156 419 ἁφὴ.
168 386 229 412 οὔτε
244 387 260 422 ή
273 388 341 423 ἀκοὴ
354 389 409 416 τῶν
417 390 512 424 ἀτμῶν
528 391 544 426 ἢ
561 391 616 417 τῶν
631 392 724 427 χυμῶν
738 391 879 426 ἀντίληψιν

93 430 155 464 ἔχει,
170 431 237 458 ἀλλὰ
259 434 411 468 παραμένει
437 435 552 462 ἕκαστον
566 436 599 471 τῇ
620 437 669 472 μιᾷ
690 436 823 472 ῑηνεργείᾳ,
839 437 879 463 εἰς

55 474 57 480 ’
94 477 124 511 ῆν
138 477 238 512 ἐτάχθη
249 479 325 513 παρὰ
340 479 390 514 τῆς
404 480 521 514 φύσεως,
536 481 698 516 ἀναίσθητον
710 483 807 517 τρόπον
819 482 880 509 τινὰ

96 521 157 556 πρὸς
166 522 180 548 ὃ
193 523 229 557 μὴ
240 523 344 556 πέφυκε
357 524 492 560 διαμένον,
503 526 550 553 καὶ
560 526 691 561 ἄγευστον
702 527 752 562 τῆς
759 527 876 554 ἀπολαύ-

94 574 157 597 σεως
173 564 206 602 ἧς
222 569 374 604 καρποῦται
388 571 403 604 ἡ
419 571 516 605 γείτων
532 571 668 607 αἴσθησις.
700 574 773 600 Ἐκεῖ
789 573 816 599 δὲ
830 574 880 608 οὐχ

93 612 183 645 οὕτως,
194 614 252 640 ἀλλ’
265 615 324 641 ὅλον
335 615 369 642 δι’
381 617 442 643 ὅλου
449 617 479 644 τὸ
489 618 565 645 Θεῖον
575 617 670 654 ὅρασίς
684 620 740 646 ἐστι
752 620 799 646 καὶ
810 620 878 655 ἀκοὴ

93 659 135 686 καὶ
147 659 255 693 γνῶσις.
275 661 313 688 Οὐ
339 662 393 697 γὰρ
415 663 447 698 δὴ
464 663 542 699 Θέμις
556 667 603 691 καὶ
620 664 668 695 τὰς
689 665 879 700 ζωωδεστέρας

92 705 142 731 τῶν
153 704 305 740 αἰσθήσεων
321 707 486 744 ἐφαρμόζειν
500 712 533 746 τῇ
549 711 681 746 ἀκηράτῳ
697 711 786 745 φύσει,
811 711 878 745 πλὴν

94 751 115 778 εἰ
127 751 175 786 χρή
190 760 216 777 τι
230 753 276 778 καὶ
287 755 413 780 ταπεινὸν
425 755 580 789 ὑποθέσθαι,
594 758 642 783 καὶ
659 757 824 790 καταγαγεῖν
840 757 878 788 είς

93 796 271 832 χαμαιζήλους
295 799 442 834 ὑπολήψεις
465 801 496 828 τὸ
512 801 602 830 θεῖον·
625 803 695 829 ὥστε
720 803 806 829 λαλεῖν
829 803 879 838 μὲν

92 841 188 868 οἴεσθαι
208 843 318 878 ῥήματα
339 845 382 872 διὰ
399 846 531 880 στόματος
554 848 599 874 τὸν
618 849 737 883 Πατέρα.
760 850 878 884 ἐνεργεῖν

931 254 996 282 sitv-is
1012 262 1065 281 non
1080 262 1141 282 esse
1157 255 1341 289 dispertitum,
1363 254 1435 282 sicut
1450 253 1522 289 apud
1540 260 1589 280 nos
1604 259 1715 287 separa-

931 300 978 326 tim
994 300 1126 327 sentiendi
1138 301 1382 328 instrumentorum
1400 299 1625 334 unumquodque,
1641 298 1714 332 qttod

929 346 981 373 sibi
998 352 1142 380 cognatum
1159 347 1283 382 percipit,
1298 347 1403 374 visibile
1420 347 1530 382 quidem
1546 345 1654 373 videndi
1676 344 1715 370 fa-

930 391 1029 423 cultas,
1057 392 1176 419 audibile
1199 392 1326 419 audiendi
1356 400 1454 420 sensus
1477 402 1483 418 :
1509 399 1596 426 neque
1626 394 1715 417 tactus

930 442 1128 473 gustat,neque
1143 438 1381 472 auditusvapores
1403 442 1429 466 et
1451 445 1563 472 sapores
1587 436 1713 471 percipit,

931 485 977 512 sed
994 485 1207 520 unumquodque
1221 485 1248 512 in
1271 493 1322 511 una
1341 485 1497 519 operatione
1509 488 1659 518 permanet.
1681 482 1714 508 ad

930 539 1011 566 quam
1036 539 1050 559 a
1078 536 1175 559 natura
1199 531 1356 559 ordinatum
1380 536 1432 563 est,
1457 538 1489 557 ac
1514 529 1715 565 quodammodo

930 585 1013 605 sensu
1030 583 1105 605 caret
1127 579 1159 605 ad
1183 578 1208 605 id
1225 579 1296 613 quod
1315 586 1368 605 non
1384 586 1399 604 a
1415 581 1513 604 natura
1526 581 1714 611 comparatum

930 627 982 655 est,
1002 632 1052 651 nec
1066 624 1126 659 ejus
1144 625 1287 652 suavitatis
1304 628 1412 659 gustum
1435 623 1528 654 habet,
1551 622 1629 656 cujus
1651 621 1716 648 \ici-

931 677 982 696 nus
996 678 1096 698 sensus
1113 671 1278 706 voluptatem
1297 670 1380 704 capil.
1401 669 1458 696 Illic
1477 672 1566 695 autem
1590 675 1643 693 non
1664 667 1714 696 sic.

931 717 977 744 sed
995 721 1070 744 totus
1085 724 1131 751 per
1147 721 1233 743 totum
1257 717 1327 743 Deus
1341 721 1395 747 est,
1419 715 1495 742 visus
1512 718 1538 741 et
1558 713 1668 740 auditus
1690 717 1717 739 et

931 763 1060 797 cognitio.
1079 762 1137 789 Non
1154 763 1225 789 enim
1240 762 1295 796 jam
1315 761 1356 788 fas
1378 765 1419 788 est
1442 765 1545 787 natura:
1570 757 1716 784 immortali

931 815 1029 835 sensus
1045 808 1132 842 magis
1146 808 1279 834 animales
1290 807 1450 837 attribuere,
1463 805 1515 832 nisi
1531 812 1592 831 cum
1609 807 1718 838 oportet

931 853 1034 887 aliquid
1055 853 1156 879 humile
1173 859 1337 886 supportare,
1362 855 1389 878 et
1411 851 1443 877 ad
1471 850 1545 876 humi
1572 849 1717 883 depressas

93 887 116 914 δὲ
127 888 172 922 τὴν
189 889 275 925 ἀκοὴν
292 890 338 916 τοῦ
353 891 428 923 Υίοῦ,
454 892 479 918 τί
493 893 522 919 τὸ
548 894 629 929 μέσον
653 895 835 929 ὑποτιθέμεθα
848 895 875 921 τὲ

930 899 1074 933 opiniones
1098 898 1170 932 quod
1190 898 1314 924 divinum
1334 900 1376 924 est
1402 896 1547 923 deducere.
1576 896 1667 927 Quare
1693 894 1716 920 si

92 933 178 968 διὰγον
185 936 234 970 τὴν
252 938 386 973 πατρικὴν
403 939 493 974 φωνὴν
508 941 548 971 είς
560 941 613 976 τὴν·
628 941 675 967 τοῦ
697 941 761 968 Υἱοῦ
773 942 857 976 ἀκοήν
870 951 877 973 ;

94 980 202 1006 Κτιστὺν
226 979 296 1008 εἶναι
317 984 369 1018 χρὴ
386 984 465 1010 τοῦτο
490 984 506 1020 ἥ
527 986 669 1012 ἄκτιστον·
685 987 753 1013 ἀλλὰ
770 987 877 1013 κτιστὸν

95 1026 140 1060 μὲν
153 1027 201 1053 οὐκ
216 1028 290 1054 ἔστιν
306 1030 402 1062 είπεῐν,
423 1032 475 1067 πρὸ
492 1032 546 1067 γὰρ
559 1032 605 1059 τοῦ
622 1033 806 1068 συστῆναιτὴν
821 1033 879 1060 κτί-

94 1079 133 1097 σιν
146 1072 159 1098 ό
175 1072 260 1106 Λόγος
274 1073 391 1107 ἐγένετο.
405 1076 548 1103 Ἀκτιστον
563 1077 591 1103 δὲ
602 1077 671 1113 πλὴν
681 1078 730 1113 τῆς
743 1078 818 1110 θείας
832 1077 878 1113 φύ-

94 1125 166 1148 σεως,
179 1118 254 1145 ἐστὶν
265 1119 350 1147 οὐδέν.
372 1121 403 1147 Ei
421 1119 467 1148 οὖν
482 1122 570 1154 κτίσις
585 1123 634 1149 οὐκ
649 1121 693 1158 ἦν,
705 1125 719 1149 ὁ
733 1123 762 1149 δὲ
774 1131 878 1158 μνημο-

92 1163 189 1194 νευοεὶς
203 1165 231 1190 ἐν
246 1167 280 1200 τῇ
292 1168 471 1203 κοσμογενείᾳ
481 1168 569 1203 λόγος,
579 1169 627 1204 τῆς
633 1169 747 1200 κτίσεως
758 1169 875 1204 πρεσΰὺ-

88 1217 164 1244 τερος
174 1207 215 1244 ἦν.
233 1211 304 1245 ’Δρα
324 1212 337 1238 ό
353 1212 438 1247 λέγων
454 1214 563 1249 ῥήματα
582 1215 628 1241 καὶ
645 1216 735 1250 φωνῆς
749 1213 817 1250 ἦχον
833 1216 877 1242 διὰ

92 1253 136 1295 τοῦ
157 1256 234 1289 λόγου
268 1258 459 1292 σημαίνεσθαι,
476 1260 501 1286 τί
526 1261 555 1287 τὸ
573 1261 673 1295 μεταξὺ
691 1262 738 1287 τοῦ
755 1261 819 1288 Υίοῦ
832 1263 877 1288 καὶ

92 1301 134 1327 τοῦ
151 1302 255 1336 [ἰατρὸς
273 1303 447 1338 ὑποθήσεται,
459 1301 481 1338 ᾧ
495 1305 654 1332 διετυποῦτο
666 1307 682 1341 ή
694 1307 769 1343 φωνὴ
784 1308 876 1335 καὶτὰ

93 1347 210 1383 Meam;
229 1349 260 1374 Ei
272 1349 326 1385 γάρ
343 1350 400 1376 ἐστι
416 1351 506 1385 μέσον,
521 1352 549 1377 ὲν
564 1350 702 1388 ίδιαζούσῃ
716 1353 795 1386 φύσει
810 1354 876 1380 πάν-

91 1401 140 1424 τως
150 1394 232 1425 ἐστὶν,
246 1395 285 1426 ὡς
297 1397 364 1430 μήτε
382 1395 421 1431 τῷ
438 1397 540 1432 Πατέρι
554 1397 652 1424 ταύτὸν
662 1396 740 1428 εἶναι,
754 1399 822 1434 μήτε
838 1399 876 1434 τῷ

93 1437 145 1472 Υίῴ
154 1437 222 1464 κατὰ
236 1438 285 1474 τὴν
296 1439 376 1473 φύσιν
388 1440 556 1475 συμϐαίνειν.
577 1442 647 1467 Ἀλλ’
664 1442 756 1478 ἕτερόν
767 1452 792 1470 τι
809 1444 876 1470 πάν-

92 1493 140 1515 τως
152 1485 180 1512 ὃν
193 1485 326 1521 διίστησιν
353 1487 401 1513 ἀπ’
424 1487 545 1523 ἀλλήλων
573 1489 618 1515 τὸν
633 1490 742 1524 Πατέρα
762 1491 809 1516 καὶ
831 1491 877 1517 τὸν

94 1530 161 1562 ram,
179 1532 280 1566 μεταξὺ
294 1532 348 1559 τῶν
364 1532 410 1559 δύο
433 1534 668 1570 παρενειρόμενον.
680 1535 712 1561 Τί
724 1533 770 1561 οὖν
786 1536 874 1569 moro;

93 1623 211 1657 γεννητὸν
229 1624 276 1648 τὸν
292 1624 430 1659 Μονογενῆ
445 1625 630 1660 ἐδιδάχθημεν.
648 1626 794 1662 ἀγέννητον
808 1628 876 1664 πλὴν

92 1667 134 1693 τοῦ
151 1669 254 1704 Πατρός
268 1671 340 1696 ἐστιν
357 1671 441 1697 οὐδέν.
454 1671 557 1698 Οὐκοῦν
571 1671 600 1704 ἐξ
615 1671 736 1707 ἀνάγκης
750 1674 780 1700 τὸ
794 1674 876 1709 μηδὲν

92 1711 156 1740 εἶναι
166 1714 247 1749 μέσον
265 1715 310 1741 τοῦ
325 1717 430 1751 [ἰατρὸς
445 1717 491 1743 καὶ
503 1717 550 1744 τοῦ
563 1717 626 1744 Υἱοῦ
637 1719 706 1744 νοεῖν
717 1719 732 1745 ὁ
749 1720 797 1754 τῆς
811 1720 877 1755 ἁλη-

93 1759 161 1792 θείας
186 1761 264 1795 λόγος
291 1762 496 1796 συναναγκάζει.
522 1762 607 1789 ’⁷οπου
631 1764 658 1790 δὲ
672 1763 810 1796 διάστασις
826 1765 876 1791 οὐκ

92 1805 242 1837 ἐπινοεῖται,
269 1805 300 1831 τὸ
323 1807 496 1841 συνημμένον
517 1807 624 1838 πάντως
639 1808 828 1843 ὀμολογείταν
844 1810 874 1836 τὸ

91 1849 116 1875 δὲ
131 1849 173 1876 διὰ
185 1851 293 1878 πάντων
317 1852 498 1887 συνημμένον,
514 1855 589 1888 φωνῇ
605 1854 650 1880 καὶ
666 1853 738 1888 λόγῳ
752 1855 782 1880 οὐ
801 1863 874 1890 μεσι-

91 1895 191 1922 τεύεται
200 1905 207 1912 ·
218 1898 391 1932 συνημμένον
403 1898 431 1924 δὲ
444 1898 515 1933 λέγω
524 1899 554 1925 τὸ
568 1900 596 1925 ἐν
610 1900 691 1926 πᾶσιν
705 1899 855 1935 ἀχώριστον
867 1909 872 1916 ’

90 1941 118 1968 οὐ
133 1942 184 1977 γὰρ
197 1944 355 1978 σωματικήν
371 1952 432 1970 τινα
447 1945 585 1980 συμφυΐαν
601 1946 647 1972 ἐπὶ
663 1946 712 1980 τῆς
720 1947 814 1981 νοερᾶς
823 1947 872 1981 φύ-

91 1996 155 2020 σεως
171 1989 200 2015 τὸ
216 1989 303 2025 ὄνομα
316 1991 364 2026 τῆς
379 1991 526 2026 συναφείας
546 1991 721 2024 ἐνδείκνυται,
735 1993 802 2020 ἀλλὰ
823 1993 872 2028 τὴν

89 2033 133 2060 τοῦ
149 2034 243 2069 νοητοῦ
264 2035 331 2070 πρὸς
352 2036 382 2063 τὸ
396 2036 490 2071 νοητὸν
508 2037 552 2064 διὰ
571 2038 620 2072 τῆς
640 2039 801 2074 ταυτότητος
820 2039 874 2065 τῶν

91 2077 255 2115 Θελημάτων.
271 2081 367 2108 ἕνωσίν
381 2090 410 2108 τε
424 2082 469 2108 καὶ
483 2082 643 2118 ἀνάκρισιν.

931 950 1057 981 putemus
1076 945 1183 972 Patrem
1201 952 1249 980 per
1270 953 1302 972 os
1326 944 1408 971 verba
1432 943 1560 973 fundere,
1579 941 1716 968 audituru—

929 999 982 1027 que
1008 991 1069 1018 Filii
1096 991 1222 1018 audiendi
1239 990 1313 1024 fungi
1339 997 1451 1016 munere
1474 987 1561 1023 :quid
1594 986 1715 1014 medimu

929 1045 1127 1073 supponemus.
1148 1037 1220 1071 quod
1244 1036 1277 1063 ad
1295 1035 1354 1062 Filii
1371 1035 1493 1061 auditum
1514 1039 1651 1068 paternam
1672 1040 1716 1057 vo-

928 1092 987 1111 rem
1003 1083 1132 1111 deducit?
1148 1082 1204 1109 Hoc
1225 1086 1332 1118 oportet
1343 1085 1465 1108 creatum
1479 1087 1540 1107 esse
1552 1079 1593 1106 vel
1611 1079 1716 1104 increa-

928 1130 1058 1157 tum'sed
1076 1133 1197 1156 creatum
1211 1129 1304 1156 dicere
1330 1127 1370 1154 fas
1395 1135 1447 1153 non
1469 1131 1529 1158 est;
1557 1124 1715 1160 priusquam

927 1175 1001 1202 enim
1030 1179 1156 1202 creatura
1182 1175 1356 1205 consisteret,
1375 1171 1493 1199 Verbum
1513 1175 1582 1198 erat.
1609 1170 1715 1196 Incrca—

928 1221 985 1244 tmn
1004 1221 1095 1245 autem
1117 1219 1183 1245 nihil
1200 1223 1242 1245 est
1258 1222 1438 1252 prmtcrquam
1454 1216 1545 1243 divina
1562 1219 1668 1241 natura.
1686 1214 1714 1241 Si

928 1264 1012 1299 igitur
1033 1271 1087 1290 non
1119 1268 1176 1290 erat
1203 1267 1338 1294 creatura.
1369 1269 1460 1289 sermo
1481 1262 1560 1295 cujus
1586 1259 1656 1286 facta
1673 1263 1716 1286 est

928 1309 1030 1337 mentio
1043 1309 1069 1336 in
1083 1310 1176 1336 mundi
1192 1310 1338 1339 creatione.
1353 1308 1492 1342 antiquior
1504 1310 1562 1334 erat
1577 1310 1713 1333 creatura.

929 1354 998 1390 Ergo
1008 1355 1054 1390 qui
1070 1355 1151 1382 verba
1165 1355 1233 1381 dicit
1248 1358 1275 1382 et
1295 1353 1370 1381 vocis
1386 1360 1482 1380 sonum
1505 1359 1551 1386 pcr
1562 1357 1714 1378 sermonem

927 1400 1087 1434 signiﬁcari,
1113 1400 1177 1435 quid
1212 1399 1331 1427 medium
1354 1400 1425 1425 inter
1440 1397 1547 1424 Patrem
1574 1402 1601 1424 ct
1617 1397 1714 1422 Filiqu

927 1446 1064 1480 subjiciet,
1079 1452 1133 1480 quo
1148 1453 1196 1472 vox
1213 1449 1240 1472 et
1255 1445 1337 1472 verba
1355 1443 1588 1471 eilormabamur?
1602 1441 1630 1468 Si
1642 1442 1714 1469 enim

927 1496 968 1519 cst
993 1491 1124 1523 medium,
1152 1491 1177 1518 in
1202 1490 1334 1525 peculiari
1357 1495 1384 1517 et
1401 1494 1526 1523 separata
1552 1493 1650 1515 natura
1673 1492 1722 1514 cst'

95 1533 161 1562 ram,
179 1533 280 1566 μεταξὺ
294 1533 348 1559 τῶν
364 1533 410 1559 δύο
433 1534 668 1570 παρενειρόμενον.
680 1535 712 1561 Τί
724 1533 770 1561 οὖν
786 1536 874 1569 cmico;
904 1566 909 1574 I
929 1538 1021 1572 procul
1038 1537 1132 1565 dubio.
1147 1536 1183 1567 Ita
1210 1540 1239 1564 ut
1263 1537 1413 1571 contingat.
1438 1543 1527 1569 neque
1549 1542 1611 1561 cum
1634 1533 1714 1559 Patre

93 1577 200 1603 Κτιστδν
213 1578 264 1604 οὐκ
288 1577 345 1604 ἔστι
357 1586 364 1593 ·
383 1578 500 1606 νεωτέρα
513 1580 568 1606 γὰο
583 1581 599 1606 ἠ
615 1579 702 1606 κτίσις
718 1580 763 1606 τεῦ
776 1582 874 1606 Λόγου.
889 1568 910 1594 (⁸
928 1583 998 1606 idem
1023 1591 1102 1606 esse“
1121 1590 1210 1606 nemm
1235 1590 1296 1606 cum
1316 1581 1385 1606 Filio
1406 1581 1556 1606 secundum
1576 1584 1714 1606 naturam.

116 1578 200 1603 τιστδν
213 1578 264 1604 οὐκ
288 1578 345 1604 ἔστι
357 1586 364 1593 ·
383 1578 500 1614 νεωτέρα
513 1580 568 1615 γὰρ
583 1581 599 1615 η
615 1579 702 1612 κτίσις
718 1580 763 1608 τοῦ
776 1582 874 1616 Λόγου,

928 1583 998 1610 idem
1023 1591 1102 1616 esse,-
1121 1590 1210 1617 neque
1235 1590 1296 1609 cum
1316 1581 1385 1609 Filio
1406 1581 1556 1608 secundum
1576 1584 1714 1608 naturam,

927 1629 974 1657 sed
989 1629 1053 1663 quid
1065 1629 1177 1655 omnino
1188 1628 1326 1655 diversum
1339 1627 1410 1662 quod
1424 1627 1531 1654 Patrem
1547 1630 1574 1652 et
1592 1625 1689 1651 Filium
1700 1632 1714 1650 a

927 1683 957 1702 se
971 1674 1125 1709 distinguit,
1138 1674 1209 1708 quod
1221 1674 1292 1701 inter
1302 1674 1372 1701 duos
1384 1674 1525 1700 inseritur.
1543 1670 1614 1704 Quid
1632 1670 1716 1704 igitur

928 1721 979 1748 hoc
988 1720 1088 1748 fuerit?
1098 1720 1156 1747 Non
1164 1724 1345 1752 estcreatum,
1354 1719 1447 1755 junior
1457 1719 1528 1746 enim
1540 1717 1630 1755 _Verbo
1640 1723 1713 1743 crea-

927 1770 1000 1797 tura,
1013 1766 1157 1800 unigenam
1174 1765 1258 1792 Deum
1275 1766 1396 1799 genitum
1418 1773 1479 1792 esse
1498 1763 1587 1791 edocti
1608 1770 1713 1793 sumus,

927 1811 1077 1846 ingenitum
1091 1815 1193 1843 autem,
1208 1812 1286 1838 Patre
1297 1816 1421 1846 excepto.
1437 1810 1503 1837 nihil
1518 1814 1570 1836 cst.
1585 1808 1715 1835 Necessa-

927 1857 969 1883 rio
985 1857 1069 1891 igitur
1083 1856 1148 1883 nihil
1159 1858 1229 1883 inter
1244 1856 1352 1883 Patrem
1366 1860 1394 1883 et
1407 1855 1505 1882 Filium
1522 1855 1640 1882 medium
1654 1860 1714 1879 es“:

926 1903 1049 1938 cogitare
1066 1910 1157 1929 sermo
1172 1902 1295 1929 veritatis
1316 1901 1410 1936 adigit.
1438 1901 1487 1928 Ubi
1505 1908 1570 1927 vero
1583 1898 1713 1926 distantia

927 1957 980 1975 non
993 1949 1163 1983 intelligitur,
1179 1948 1231 1974 hoc
1246 1951 1416 1982 compactum
1432 1951 1459 1974 et
1471 1953 1623 1972 connexum
1637 1951 1713 1978 pror-

927 2003 974 2023 sus
990 1994 1166 2027 conceditur;
1181 1994 1253 2028 quod
1270 1998 1359 2020 autem
1376 2000 1423 2027 per
1439 1993 1528 2019 omnia
1541 1995 1711 2024 compactum

926 2046 979 2071 est,
995 2041 1082 2068 media
1113 2048 1178 2067 voce
1207 2044 1234 2067 et
1261 2046 1386 2067 sermone
1407 2047 1459 2065 non
1483 2037 1576 2064 utitur.
1595 2036 1713 2069 Compa-

927 2090 1000 2113 ctum
1018 2090 1107 2113 autem
1122 2085 1183 2113 dico
1191 2086 1261 2120 quod
1278 2085 1304 2111 in
1315 2085 1444 2112 omnibus
1458 2088 1500 2111 est
1516 2081 1710 2116 inseparabile;

90 2131 140 2151 non
151 2126 222 2153 enim
238 2127 408 2160 corporalem
425 2128 543 2163 aliquam
559 2136 716 2163 compagem
735 2129 760 2155 in
779 2129 943 2165 iulelngcnte
961 2137 1058 2159 natura
1094 2139 1192 2159 nomen
1221 2131 1360 2166 compagis
1384 2131 1496 2162 indicat,
1530 2129 1576 2156 sed
1612 2126 1711 2154 intelli-

88 2171 174 2205 gibilis
186 2181 249 2199 ί-υιιι
264 2173 437 2209 intelligibili,
452 2182 498 2209 per
510 2175 678 2202 identitatcm
692 2176 871 2209 voluntatum,
891 2180 1073 2213 unionemque
1083 2182 1110 2206 et
1127 2178 1362 2213 temperatioucm.

122 2229 190 2255 Διότι
215 2229 277 2256 οὐδέ
295 2229 353 2255 ἐστι
367 2229 481 2265 διαφορᾶ
497 2230 543 2256 τοῦ
557 2230 621 2256 Υἰοῠ
641 2231 688 2257 καὶ
704 2231 751 2256 τοῦ
769 2232 875 2267 [ἰατρὸς

960 2234 1094 2267 Quocirca
1111 2242 1198 2270 neque
1220 2238 1262 2262 est
1279 2233 1432 2261 diﬂ'ereutia
1452 2233 1511 2259 Filii
1528 2237 1554 2260 et
1575 2232 1663 2259 Patris
1684 2234 1709 2258 in

89 2275 115 2300 ἐν
126 2275 260 2310 θελήματι
270 2285 276 2291 ·
290 2276 357 2303 ἀλλὰ
369 2277 438 2303 κατὰ
449 2277 479 2303 τὸ
485 2277 638 2312 ἀρχέτυπον
645 2278 693 2313 τῆς
708 2277 874 2313 ἀγαθότητος

89 2320 189 2353 κάλλος.
209 2322 256 2348 καὶ
268 2323 285 2357 ἡ
300 2322 381 2349 είκὼν
395 2324 453 2349 ἐστι
465 2323 514 2357 τῆς
524 2323 701 2358 αγαοότητος.
717 2324 771 2350 Καὶ
781 2325 875 2360 ὥσπερ

89 2367 113 2391 εἴ
124 2376 163 2398 τις
175 2367 270 2394 ἑαυτὸν
288 2368 316 2393 ἐν
333 2368 478 2404 κατόπτρῳ
495 2368 588 2403 βλέποι
603 2369 713 2403 (κωλύει
731 2369 784 2404 γὰρ
799 2370 875 2396 οὐδὲν

89 2415 250 2447 σωματικοῖς
268 2413 448 2449 ὑποδείγμασι
458 2415 632 2449 παραστῆσαι
643 2414 672 2441 τὸ
682 2415 791 2450 νόημα),
805 2416 874 2442 κατὰ

89 2458 173 2484 πάντα
187 2460 255 2494 πρὸς
271 2459 301 2485 τὸ
314 2459 490 2495 πρωτότοκον
506 2461 552 2486 καὶ
565 2461 582 2495 ἡ
597 2460 678 2487 εἰκὼν
696 2461 872 2496 μορφωθήσε-

88 2512 138 2536 ται,
155 2505 192 2536 ὡς
207 2505 294 2532 αἰτίαν
307 2506 355 2540 τῆς
365 2507 393 2532 ἐν
405 2505 444 2540 τῷ
459 2506 603 2541 κατόπτρῳ
620 2506 724 2541 μορφῆς
739 2506 808 2533 εἶναι
823 2507 873 2542 τὴν

87 2549 220 2584 ὲνορῶσαν
235 2552 359 2586 μορφήν·
376 2552 422 2578 καὶ
436 2552 502 2587 μήτε
524 2551 666 2582 κινεῖσθαι,
685 2552 753 2588 μήτε
765 2553 870 2579 ἐπικλί-

87 2595 175 2622 νεσθαι
188 2596 249 2623 καθ’
263 2597 361 2632 ἑαυτὴν
377 2597 424 2632 τὴν
435 2597 537 2630 εἰκόνα,
554 2597 590 2632 μὴ
608 2597 652 2623 τοῦ
660 2597 813 2632 ἀρχετύπου
823 2599 871 2633 τῆς

88 2640 245 2673 ἑπικλίσεως
257 2642 274 2677 ἢ
291 2642 339 2677 τῆς
351 2643 483 2677 κινήσεως
505 2643 645 2676 ἄρξαντος.
662 2643 691 2669 Εἰ
702 2643 729 2669 δὲ
746 2643 868 2679 κινηθείη

86 2686 115 2711 τὸ
135 2686 348 2722 προηγούμενον,
369 2688 554 2722 συγκινεῖσθαι
568 2688 675 2719 πάντως
691 2689 776 2715 καὶτὸ
791 2691 818 2715 ἐν
831 2690 870 2725 τῷ

87 2732 226 2768 κατόπτρῳ
241 2733 424 2768 δεικνύμενον.
444 2733 521 2760 οὕτω
537 2734 627 2769 φαμὲν
645 2734 691 2760 καὶ
706 2733 754 2769 τὴν
777 2735 868 2762 εἰκόνα

86 2778 129 2804 WB
145 2779 212 2806 Θεοῦ
226 2780 272 2807 τοῦ
285 2780 412 2815 ἀοράτου,
426 2780 470 2808 τὸν
490 2780 600 2817 Κύριον,
613 2780 678 2816 πρὺς
688 2781 777 2810 πᾶσαν
789 2781 865 2817 θελή-

923 2280 1074 2312 voluntate,
1088 2280 1134 2308 sed
1150 2279 1299 2308 secundum
1313 2279 1502 2314 primigeniam
1516 2278 1646 2305 bonitatis
1658 2279 1712 2312 pul-

923 2327 1119 2358 chritudinem,
1130 2327 1213 2354 etiam
1227 2326 1315 2360 imago
1327 2329 1368 2352 est
1381 2324 1518 2351 bonitatis.
1536 2324 1567 2351 Et
1581 2324 1711 2359 quemad-

924 2372 1032 2399 modum
1051 2373 1073 2400 si
1088 2373 1149 2407 quis
1164 2372 1285 2406 seipsum
1303 2373 1330 2398 in
1349 2371 1460 2406 speculo
1479 2372 1710 2405 contenqilarelur

925 2418 1002 2453 (nihil
1021 2418 1093 2444 cnim
1110 2422 1182 2445 vetat
1198 2417 1489 2452 corporeiscxemplis
1512 2417 1649 2444 notionem
1668 2425 1710 2444 rc-

924 2463 1110 2497 prmseutare),
1127 2471 1173 2497 per
1189 2464 1280 2489 omnia
1297 2464 1329 2490 ad
1347 2464 1483 2497 exeinplar
1499 2463 1588 2496 imago
1609 2463 1710 2489 fortna-

925 2507 1006 2538 bitur.
1019 2512 1047 2534 ut
1061 2515 1144 2534 causa
1162 2508 1197 2534 sit
1214 2508 1308 2534 forma)
1323 2516 1383 2542 quzc
1400 2512 1441 2534 est
1455 2508 1481 2534 in
1496 2508 1607 2541 speculo
1622 2508 1708 2534 forma

923 2559 983 2586 qua:
1000 2552 1121 2579 intuetur
1142 2561 1148 2578 :
1171 2552 1208 2578 ita
1236 2557 1265 2579 ut
1283 2561 1371 2586 no:qu
1392 2558 1542 2582 moveatur,
1566 2553 1651 2586 neque
1667 2553 1708 2579 in-

923 2599 1041 2624 clinetur
1056 2605 1104 2632 per
1120 2598 1239 2632 scipsam
1258 2599 1356 2633 imago,
1381 2600 1433 2626 nisi
1451 2601 1589 2634 evctnplar
1604 2600 1706 2634 princi-

924 2645 996 2679 pium
1014 2644 1120 2671 dedcrit
1140 2645 1324 2671 inclinationis
1353 2646 1393 2671 vel
1417 2646 1553 2672 motionis.
1579 2646 1655 2678 Quod
1683 2647 1705 2672 si

922 2690 994 2724 quod
1010 2691 1086 2724 precit
1101 2695 1204 2716 motum
1215 2690 1305 2720 fuerit,
1319 2690 1399 2716 simul
1416 2692 1496 2716 etiam
1512 2691 1612 2717 moveri
1629 2691 1706 2725 plane

922 2737 993 2772 quod
1015 2738 1039 2764 in
1056 2737 1168 2772 speculo
1189 2740 1409 2772 repi'mseutalur.
1432 2737 1477 2763 Sic
1497 2737 1614 2763 dicimus
1640 2737 1706 2763 ima-

921 2784 1010 2819 gincm
1027 2782 1071 2810 Dci
1094 2783 1239 2810 invisibilis
1260 2782 1415 2813 Dominum,
1438 2782 1470 2808 ad
1486 2789 1592 2809 omnem
1612 2783 1705 2810 volun-
