1951 3074
115 101 167 130 983

647 103 788 132 CONTRA
803 101 993 133 EUNOMiUM.
1006 101 1070 130 LIB.
1083 101 1140 130 XII.

1669 100 1722 130 986

110 169 140 189 α
151 161 199 188 καλ
208 160 366 196 διοικήσεως
381 160 477 192 αἴτιον,
497 158 528 188 οὗ
553 161 626 188 πᾶσα
640 161 754 197 ἐξῆπται
769 161 786 197 ἡ
801 160 892 196 φύσις,

945 162 1105 194 penetrante
1114 178 1122 193 ,
1135 158 1184 186 sed
1198 158 1322 193 quaedam
1335 161 1378 186 est
1390 157 1510 188 universi
1523 156 1726 189 constitutioni;

111 207 236 235 κάκεῖθεν
254 207 300 239 τὰς
328 207 415 242 ἀρχὰς
438 207 485 234 καὶ
496 207 545 239 τὰς
557 207 729 243 οὐσίαςέχει,
753 208 799 234 καὶ
823 207 891 243 πρὸς

111 254 211 281 ἐκεῖνον
237 252 345 279 νένευκέ
370 261 400 279 τε
432 253 479 280 καὶ
497 253 702 289 ἐπιστρέφεται,
712 253 757 280 καὶ
776 253 804 280 ὲν
817 252 892 287 αὐτῷ

110 297 240 333 διαμένει.
269 297 323 323 Καὶ
339 298 442 332 ἐπειδὴ,
463 298 552 330 καθώς
569 307 650 333 φησιν
663 299 677 324 ὁ
693 298 861 331 Ἀπόστολος,
874 299 892 334 ἡ

109 343 191 374 dioto;
205 343 286 369 αὐτοῦ
302 342 416 378 δύναμις
430 344 477 370 καὶ
494 344 598 379 θειότης
605 344 658 371 ἀπὸ
665 344 714 379 τῆς
728 344 774 371 τοῦ
789 344 891 379 κόσμου

109 388 221 419 κτίσεως
239 389 369 424 νοουμένη
390 388 549 424 καθορᾶται,
567 390 611 417 διὰ
625 390 704 417 τοῦτο
720 391 794 419 πᾶσα
806 391 822 425 ἡ
835 390 892 417 κτι-

111 443 161 466 σις.
175 435 223 461 καὶ
243 435 296 470 πρό
310 443 340 469 γε
355 435 473 467 πάντων,
489 435 580 468 καθώς
595 445 676 470 φησιν
693 437 706 463 ὁ
731 436 819 470 λόγος,
834 437 851 471 ἡ
863 437 892 463 ἐν

109 480 162 510 τοῖς
185 479 308 514 οὐρανοῖς
331 479 520 515 διακόσμησις,
546 481 589 507 διὰ
615 481 664 516 τῆς
690 481 893 517 ἐμφαινομένης

108 527 161 553 τοῖς
192 525 317 561 γεγονόσι
342 526 449 562 τέχνης,
467 527 515 562 τὴν
531 527 577 554 τοῦ
603 528 782 563 πεποιηκότος
796 528 892 564 σοφίαν

108 571 283 598 ἐνδείκνυται.
302 572 356 598 Καὶ
370 571 449 598 τοῦτό
466 581 511 608 μοι
528 572 601 600 δοκεῖ
620 574 792 610 παραστῆσαι
809 574 893 601 θέλων

108 616 154 652 τὴν
169 617 200 642 ἐκ
223 616 277 643 τῶν
298 617 466 652 φαινομένων
481 618 642 654 μαρτυρίαν,
669 619 714 645 τοῦ
735 619 825 653 σοφῶς
846 620 894 646 καὶ

108 661 238 696 ἐντέχνως
258 661 292 688 τὰ
313 661 377 689 ὄντα
399 663 625 695 κατεσκευάσθαι,
644 664 690 691 καὶ
704 664 792 690 εἰσαεὶ
804 665 894 700 διαμέ-

108 715 160 733 νειν
172 707 201 734 ἐν
216 707 248 742 τῇ
268 707 379 742 δυνάμει
402 707 449 734 τοῦ
466 708 495 734 τὸ
513 709 567 735 πᾶν
589 708 763 741 οἰακίζοντος.
779 710 882 742 Αὐτοὺς

109 754 175 787 φησι
199 753 263 784 τοὺς
280 753 419 789 οὐρανοὺς,
436 754 469 781 δι’
485 751 522 782 ὧν
542 754 590 790 τὴν
609 755 704 790 σοφίαν
720 754 765 783 τοῦ
781 764 894 791 πεποιη-

109 798 182 829 κότος
207 798 385 830 δεικνύουσιν,
409 799 548 834 μονονουχὶ
571 800 661 836 φωνὴν
672 801 811 835 ἀφιέντας,
829 801 893 836 βοᾷν

109 843 152 869 καὶ
174 842 366 878 διακηρύσσειν
391 833 437 870 τοῦ
458 833 622 880 δημιουργοῦ
641 833 702 880 *τὴν*
724 846 818 880 σοφίαν
829 833 895 881 δίχα
911 833 931 861 Β

109 889 207 924 φωνῆς.
238 889 345 921 Ἔξεστι
357 890 410 925 γὰρ
429 891 510 917 οἱονεὶ
532 891 603 926 λόγῳ
618 891 703 918 ταῦτα
718 891 894 919 διδασκόντων

108 934 224 966 ἀκούειν,
238 935 280 961 ὅτι
290 936 359 970 Πρὸς
374 936 448 971 ἡμᾶς
461 936 589 971 ὁρῶντες,
606 934 629 964 ὦ
640 937 788 973 ἄνθρωποι,
804 938 850 965 καὶ
864 938 894 967 τὸ

109 981 136 1006 ἐν
148 981 211 1015 ἡμῖν
228 980 325 1012 κάλλος
342 981 388 1008 καὶ
403 981 528 1017 μέγεθος,
545 982 591 1008 καὶ
606 983 654 1017 τὴν
667 983 818 1018 ἀεικίνητον
827 984 893 1010 ταύ-

108 1035 154 1061 την
167 1027 328 1062 περιφορὰν,
349 1028 395 1054 καὶ
414 1027 462 1062 τὴν
478 1027 608 1054 εὔτακτον
622 1037 651 1054 τε
663 1029 709 1054 καὶ
724 1029 892 1064 ἐναρμόνιον,

110 1073 153 1098 καὶ
169 1073 211 1100 ἀεὶ
226 1073 298 1099 κατὰ
314 1073 347 1099 τὰ
369 1074 439 1100 αὐτὰ
450 1075 496 1100 καὶ
507 1074 636 1107 ὡσαύτως
650 1075 763 1110 ἔχουσαν
777 1076 892 1112 κίνησιν,

107 1119 217 1154 νοήσατε
235 1119 280 1146 τὴν
296 1120 491 1147 ἐπιστατοῦντα
509 1121 557 1156 τῆς
574 1121 710 1156 ἡμετέρας
727 1121 892 1154 συστάσεως,

109 1166 152 1191 καί
166 1165 208 1192 διὰ
226 1166 274 1192 τοῦ
290 1167 450 1202 φαινομένου
473 1167 599 1199 κάλλους,
616 1167 647 1193 τὸ
661 1167 834 1201 πρωτότυπον
847 1167 893 1195 καὶ

108 1212 218 1246 ἀόρατον
244 1212 341 1244 κάλλος
361 1213 565 1247 ἀναλογίσασθε.
588 1213 671 1239 Οὐδὲν
699 1213 753 1248 γὰρ
775 1213 803 1239 ἐν
827 1213 893 1248 ἡμῖν

111 1257 252 1284 ἀδέσποτον
268 1258 283 1294 ἢ
301 1258 512 1294 αὐτοκίνητον,ἢ
527 1259 693 1293 αὐτόματον·
716 1259 782 1286 ἀλλὰ
799 1260 851 1286 πᾶν
863 1259 893 1286 τὺ

111 1304 267 1339 φαινόμενόν
281 1314 309 1331 τε
321 1305 383 1340 περὶ
398 1306 471 1341 ἡμᾶς
491 1306 536 1332 καὶ
555 1305 707 1340 νοούμενον,
725 1306 773 1341 τῆς
789 1305 893 1341 ὑψηλῆς

110 1358 137 1375 τε
151 1350 196 1376 καὶ
211 1350 247 1385 ἀφ
253 1351 350 1385 ράστου
367 1352 505 1387 δυνάμεως
516 1352 640 1388 ἤρτηται.
655 1352 746 1378 Ἰαῦτα
753 1353 830 1386 λόγος
844 1353 892 1388 μὲν

111 1394 233 1431 ἔναρθρος
248 1396 298 1422 οὐκ
313 1396 396 1430 ἔστιν,
418 1397 537 1432 ἐντίθησι
552 1397 580 1423 δὲ
600 1397 644 1424 διὰ
659 1396 713 1423 τῶν
726 1397 892 1432 φαινομένων

111 1443 166 1473 ταῖς
180 1441 279 1476 ψυχαῖς
292 1442 340 1477 τὴν
354 1443 455 1476 γνῶσιν
469 1443 517 1477 τῆς
531 1443 605 1474 θείας
625 1443 774 1477 δυνάμεως,
794 1443 892 1478 μᾶλλον

111 1487 161 1522 ἢεί
175 1487 216 1513 διὰ
233 1487 325 1523 φωνῆς
346 1489 360 1514 ὁ
386 1488 465 1522 λόγος
490 1489 650 1523 ἐκήρυσσεν.
678 1488 781 1524 Ὥσπερ
804 1489 892 1515 τοίνυν

110 1532 235 1568 διηγεῖται
249 1534 264 1560 ὸ
282 1533 405 1569 οὐρανὸς.
420 1534 467 1560 καὶ
479 1535 508 1560 οὐ
526 1534 683 1569 φθέγγεται,
697 1535 743 1561 καὶ
762 1534 892 1569 ἀναγγέλ-

111 1579 149 1605 λει
164 1579 192 1605 τδ
212 1578 356 1615 στερέωμα
378 1580 427 1615 τὴν
443 1579 488 1606 τοῦ
505 1579 571 1606 Θεοῦ
592 1580 709 1615 ποίησιν,
736 1580 782 1607 καὶ
803 1581 892 1616 φωνῆς

111 1624 139 1651 οὐ
162 1625 330 1660 προσ-δέεται,
350 1626 396 1652 καὶ
411 1625 486 1661 ῥῆμα
501 1625 531 1651 οὺ
548 1626 670 1661 προΐεται
696 1627 712 1660 ἠ
732 1626 832 1661 ἡμέρα,
848 1627 893 1652 καλ¹

112 1671 186 1697 λαλιὰ
198 1673 246 1700 οὐκ
261 1671 348 1697 ἔστιν·
366 1672 412 1698 καὶ
425 1672 473 1698 οὐκ
490 1671 522 1698 ἄν
533 1681 575 1703 τις
598 1672 668 1698 εἴποι
685 1671 893 1707 διασφάλλεσοαι

112 1717 158 1752 τὴν
179 1718 346 1753 προφητείαν
361 1724 367 1730 ·
381 1718 450 1743 κατὰ
467 1717 510 1743 τὸν
521 1717 600 1744 αὑτὸν
617 1718 726 1753 τρόπον,
745 1718 837 1753 ἐπειδὴ
854 1716 893 1749 εἷς

113 1764 270 1799 ἀμφοτέροις
285 1764 324 1799 τῷ
334 1764 426 1790 Μωσεί
441 1764 486 1790 καὶ
501 1762 539 1798 τῷ
559 1763 640 1790 Δαΰὶδ
655 1764 668 1789 ὁ
682 1763 849 1794 διδάσκαλος,
863 1764 893 1790 τὸ

114 1809 217 1845 Πνεῦμα
234 1810 307 1843 λέγω
328 1810 358 1836 τὸ
377 1810 462 1844 ἅγιον,
481 1811 494 1836 ὁ
515 1810 544 1836 τὸ
563 1810 725 1844 πρόσταγμα
736 1810 893 1844 καθηγήσα-

114 1855 170 1881 σοαι
184 1856 231 1889 τῆς
242 1856 357 1888 κτίσεως
367 1856 462 1890 λέγων,
476 1856 506 1882 οὐ
517 1856 646 1892 ῥημάτων
655 1856 720 1891 ἡμῖν
731 1855 893 1891 δημιουργὸν

113 1901 154 1927 τῖιν
169 1901 232 1927 Θεὸν
256 1901 423 1932 ὑποτίθεται,
443 1902 512 1930 ἀλλὰ
533 1903 703 1937 πραγμάτων
718 1901 761 1928 διὰ
777 1903 825 1936 τῆς
840 1901 893 1928 τῶν

114 1947 238 1982 ῥημάτων
254 1948 391 1982 σημασίας
417 1947 632 1983 γνωριζομένων.
645 1948 702 1974 Ἵνα
716 1947 770 1982 γὰρ
782 1947 818 1983 μὴ
832 1947 892 1973 ἀδέ-

115 1992 196 2018 σποτά
211 2001 271 2019 τινα
295 1993 341 2019 καὶ
352 1993 474 2027 αὐτοφυῆ
489 1993 538 2028 τὴν
553 1993 640 2019 κτίσιν
656 1992 724 2019 εἶναι
741 1994 891 2028 νοήσωμεν,

113 2039 155 2063 καί
178 2037 341 2073 γεγενῆσθαι
369 2038 469 2073 ταύτην
496 2038 570 2072 παρὰ
583 2039 632 2073 τῆς
648 2039 749 2072 τάξεως
762 2039 892 2074 φιλοσοφῇ

112 2082 163 2108 τῶν
176 2083 246 2109 κατὰ
260 2083 311 2118 τὴν
325 2083 500 2118 κοσμοποιίαν
516 2083 568 2109 ὑπὸ
585 2084 630 2109 τοῦ
642 2084 762 2114 Μωσέως
775 2085 803 2110 ὲν
824 2084 894 2109 ἱστο-

114 2128 170 2164 ρίας
193 2130 345 2165 χαρακτῆρι
367 2129 538 2164 δογματικῶς
563 2130 723 2165 εἰρημένων.
741 2130 775 2156 "ll
792 2130 845 2167 γὰρ
860 2130 893 2157 ἂν

942 208 969 231 et
984 204 1232 232 administrationis
1247 212 1340 237 causa,
1361 212 1394 232 ex
1411 211 1465 240 qua
1480 204 1574 231 omnis
1590 203 1726 239 dependet

943 253 1052 281 natura,
1067 254 1148 284 atque
1161 250 1235 277 illinc
1246 250 1379 285 principia
1390 254 1417 278 et
1429 257 1527 277 causas
1542 249 1636 282 habet,
1649 254 1676 276 et
1691 249 1724 276 ad

943 294 1019 322 illum
1035 299 1122 326 nutat,
1139 299 1165 322 et
1185 296 1362 326 convenitur.
1381 299 1408 323 et
1425 296 1452 322 in
1467 303 1501 323 eo
1518 299 1666 332 permanet.
1685 294 1723 321 Ac

942 340 1084 375 quoniam,
1101 340 1172 368 sicut
1186 340 1224 367 ait
1243 341 1390 376 Apostolus
1402 341 1435 374 ",
1451 341 1616 376 sempiterna
1638 340 1725 367 virtus

943 390 971 414 et
987 385 1076 414 deitas
1092 394 1107 412 a
1127 385 1221 413 mundi
1238 390 1363 414 creatura
1382 387 1446 414 dum
1465 386 1635 421 intelligitur,
1659 393 1726 412 ροη-

946 432 1073 467 spicitur,
1090 436 1233 468 propterea
1249 432 1337 460 omnis
1353 435 1488 466 creatura,
1504 436 1531 460 et
1543 437 1605 461 ante
1620 431 1725 462 omnia,

943 478 1015 506 sicut
1031 478 1096 506 dicit
1117 486 1218 510 sermo,
1235 477 1262 505 in
1278 478 1354 505 crelis
1366 483 1490 509 ornatus,
1506 485 1553 513 per
1568 482 1651 506 artem
1665 485 1726 512 qua:

943 524 971 553 in
987 525 1030 552 his
1047 532 1107 560 quae
1125 525 1197 555 facta
1220 529 1285 553 sunt
1306 528 1429 559 apparet,
1449 515 1582 559 ejus‘qui
1603 524 1726 551 condidit

942 570 1104 605 sapientiam
1130 570 1308 598 demonstrat.
1337 570 1425 604 Atque
1456 569 1507 596 hoc
1535 569 1600 596 mihi
1620 569 1726 598 videtur

944 617 1013 644 velle
1039 624 1072 645 ex
1089 617 1132 644 his
1150 625 1210 654 qua:
1232 622 1363 652 apparent
1386 615 1571 643 testimonium
1587 615 1724 645 exhibere,

943 661 1016 696 quod
1025 669 1055 689 ea
1065 670 1125 697 qua:
1134 666 1197 690 sunt
1212 663 1349 697 sapienter
1360 667 1386 689 et
1399 660 1547 689 artiliciose
1558 664 1724 692 toustructa,

943 712 1104 742 permanent
1121 708 1148 734 in
1164 712 1324 747 perpetuum
1337 708 1364 734 in
1382 708 1480 735 virtute
1498 707 1557 740 ejus
1572 705 1617 740 qui
1634 706 1724 732 omnia

944 752 1087 786 gubernat.
1104 752 1180 788 Ipsos
1206 753 1294 787 inquit
1319 753 1415 786 ctelos,
1431 759 1477 787 per
1492 759 1553 787 Quae
1565 751 1725 785 sapientiam

943 797 1003 832 ejus
1016 798 1060 832 qui
1074 798 1194 825 condidit
1207 799 1406 830 demonstrant,
1420 797 1617 833 propemodum
1631 803 1724 824 vocem

946 844 1102 872 emittente;
1117 845 1234 873 clamare
1253 849 1279 872 et
1293 844 1441 879 prazdicare
1454 844 1513 871 sine
1528 850 1603 875 voce,
1622 842 1727 876 opiﬁcis

946 890 1121 925 sapientiam.
1137 889 1213 918 Licet
1229 891 1301 917 enim
1319 890 1393 916 velut
1407 896 1533 917 sermone
1551 889 1607 917 haec
1623 888 1724 915 docen-

944 938 986 963 tes
1002 936 1108 968 audire,
1128 937 1199 971 quod
1217 937 1246 964 in
1262 943 1313 964 nos
1335 939 1487 967 cernentes,
1510 942 1526 961 ο
1548 934 1683 965 homines,
1700 937 1727 960 et

945 989 1004 1016 qua:
1015 982 1042 1008 in
1059 982 1139 1010 nobis
1154 986 1195 1009 est
1207 982 1448 1017 pulchritudinem,
1465 984 1493 1009 et
1511 980 1725 1016 magnitudinem

944 1035 1104 1063 semperque
1128 1028 1254 1056 mobilem
1279 1029 1349 1056 hanc
1373 1028 1399 1055 in
1425 1027 1519 1054 orbem
1549 1027 1726 1065 lationem,et

944 1072 1013 1100 bene
1028 1073 1195 1105 ordinatum,
1212 1080 1244 1100 ac
1263 1073 1426 1101 concinnum
1449 1079 1496 1108 per
1509 1072 1602 1099 eadem
1619 1079 1728 1105 semper

944 1122 971 1145 et
986 1119 1081 1145 eodem
1097 1118 1334 1146 modohabentem
1353 1122 1467 1151 motum,
1483 1117 1580 1145 animis
1595 1117 1728 1144 advertite

944 1168 1043 1190 nostra:
1057 1164 1261 1191 constitutionis
1279 1168 1418 1191 auctorem
1433 1167 1460 1191 et
1471 1163 1624 1198 praesidem,
1637 1166 1663 1189 et
1677 1169 1727 1196 per

944 1215 1118 1245 apparentem
1131 1210 1362 1245 pulchritudinem
1377 1209 1535 1244 primariam
1550 1213 1576 1235 et
1587 1209 1726 1244 exenrplar

944 1263 1011 1290 rem,
1027 1260 1107 1292 atque
1119 1256 1283 1283 invisibilem
1298 1255 1529 1291 pulchritudinem
1543 1255 1648 1282 ratione
1663 1262 1726 1289 per-

944 1301 1062 1336 pendite.
1087 1300 1161 1328 Nihil
1183 1302 1211 1329 in
1235 1302 1313 1329 nobis
1344 1302 1448 1336 absque
1474 1300 1589 1328 Domino
1605 1305 1631 1328 et
1652 1304 1727 1328 certo

943 1353 1065 1380 auctore,
1086 1347 1153 1375 nihil
1178 1355 1225 1382 per
1250 1355 1279 1375 se
1296 1348 1395 1374 mobile
1415 1348 1456 1374 vel
1477 1354 1542 1374 casu
1566 1349 1593 1373 et
1614 1346 1727 1383 fortuito

942 1393 1106 1425 incitatum;
1128 1391 1176 1420 sed
1201 1392 1331 1428 quidquid
1357 1393 1384 1418 in
1406 1392 1486 1420 nobis
1507 1396 1619 1427 apparet
1643 1396 1670 1418 ct
1686 1385 1727 1419 in-

942 1438 1081 1472 telligitur,
1095 1445 1127 1465 ex
1141 1438 1251 1465 sublimi
1279 1443 1306 1465 cl.
1329 1437 1512 1472 inexplicabili
1523 1437 1643 1472 potentia
1659 1444 1726 1471 pen-

944 1485 998 1511 det.
1017 1485 1078 1511 llaec
1098 1485 1206 1518 quidem
1223 1492 1276 1511 non
1292 1488 1355 1510 sunt
1376 1491 1466 1511 sermo
1488 1475 1658 1514 articulatus,
1677 1480 1725 1513 seu

944 1537 991 1564 per
1007 1537 1038 1556 ea
1054 1538 1113 1564 quae
1128 1533 1260 1564 apparent
1274 1529 1361 1563 magis
1375 1529 1499 1556 inserunt
1513 1527 1612 1554 animis
1626 1527 1726 1554 divina:

944 1575 1054 1602 virtutis
1079 1576 1272 1610 cognitionem,
1302 1575 1393 1610 potius
1416 1581 1496 1609 quam
1523 1573 1546 1601 si
1565 1581 1611 1608 per
1633 1580 1726 1601 vocem

943 1628 1033 1648 sermo
1057 1621 1236 1655 praedicaret.
1258 1620 1492 1653 Quemadmodum
1519 1619 1601 1653 igitur
1627 1619 1726 1646 malum

943 1671 1062 1698 enarrat,
1086 1673 1134 1692 nec
1155 1665 1286 1700 loquitur,
1310 1670 1337 1692 et
1356 1665 1500 1691 annuntiat
1527 1665 1726 1690 ﬁrmamentum

945 1711 990 1738 Dei
1006 1712 1203 1746 oprrationem,
1223 1718 1310 1746 neque
1325 1718 1390 1738 voce
1411 1710 1524 1745 indiget,
1542 1717 1592 1737 nec
1613 1709 1725 1737 verbum

943 1756 1002 1784 dies
1028 1757 1145 1791 projicil,
1171 1761 1267 1783 etnon
1295 1761 1337 1783 est
1363 1757 1492 1791 loquela.
1523 1763 1611 1791 neque
1627 1756 1727 1782 dixerit

943 1803 1086 1836 quisquam
1110 1802 1267 1828 vaticinium
1291 1809 1419 1829 errasse:
1437 1801 1532 1829 eodem
1562 1802 1641 1828 modo
1659 1810 1727 1836 quo-

943 1848 1015 1874 niam
1033 1856 1103 1875 unus
1122 1849 1255 1874 ambobus
1273 1847 1338 1874 Mosi
1356 1852 1383 1874 et
1401 1846 1630 1882 David(Spiritus,
1648 1848 1722 1880 dico,

944 1891 1163 1925 sanctus)doctor
1180 1893 1238 1924 l'uit,
1253 1893 1297 1927 qui
1310 1893 1418 1927 jussum
1436 1897 1567 1920 creatura:
1582 1894 1727 1928 prmluisse

944 1939 1022 1970 dicit,
1042 1947 1095 1966 non
1109 1939 1252 1966 verborum
1271 1939 1348 1966 nobis
1360 1939 1483 1973 opilicem
1500 1939 1583 1966 Deum
1599 1940 1724 1974 subjicit,

944 1985 992 2013 sed
1014 1993 1104 2013 rerum
1130 1994 1190 2020 qua:
1216 1985 1359 2012 verborum
1383 1985 1582 2020 signiﬁcatione
1618 1987 1725 2014 innote-

944 2031 1082 2059 scunt.Ne
1090 2031 1162 2058 enim
1178 2030 1300 2065 quaedam
1316 2030 1376 2057 sine
1388 2034 1581 2057 certoaucture
1591 2035 1617 2058 el.
1631 2036 1727 2066 sponte

944 2084 992 2104 sua
1006 2077 1080 2104 edita
1101 2084 1172 2109 esse,
1192 2075 1282 2111 quoad
1301 2075 1479 2106 creationem,
1504 2076 1595 2102 animo
1613 2084 1726 2111 capere-

944 2131 1015 2154 mus,
1040 2123 1120 2149 etiam
1140 2121 1208 2149 hanc
1231 2121 1349 2157 genitam
1374 2129 1433 2149 esse
1455 2121 1490 2149 ab
1509 2122 1605 2149 ordine
1630 2130 1726 2150 eorum

113 2174 218 2208 μᾶλλον,
231 2175 264 2200 δι’
285 2175 399 2201 ἑκάστου
413 2175 466 2201 τῶν
485 2175 692 2210 γεγραμμένων,
711 2175 740 2202 τὸ
756 2176 892 2211 πεπλανη-

944 2177 1004 2204 qum
1021 2169 1049 2196 in
1076 2168 1169 2195 'nuudi
1194 2167 1332 2195 creatione
1346 2175 1360 2194 a
1375 2167 1449 2194 Mose
1471 2167 1497 2194 in
1522 2167 1642 2195 historiae
1662 2169 1728 2195 cha-

113 2221 188 2254 μένον
208 2230 237 2247 τε
267 2222 312 2247 καὶ
329 2221 441 2256 μάταιον
459 2221 509 2256 τῆς
526 2221 579 2246 τῶν
594 2222 720 2247 ἐναντίων
735 2221 892 2258 ὑπολήψεως

112 2266 230 2301 φανερῶς
261 2266 417 2302 διηλέγχῡη.
437 2263 546 2298 Ἔξεστι
570 2266 598 2292 δὲ
617 2266 656 2301 τῷ
674 2266 824 2302 βουλομένῳ
836 2269 892 2299 τοῖς

112 2312 148 2342 εὶς
160 2312 207 2347 τὴν
233 2313 340 2338 Γένεσιν
363 2312 562 2347 πεπονημένοις
577 2313 642 2346 ἡμῖν
658 2312 805 2346 ἐντυχόντι,
820 2312 892 2339 δοκι-

113 2358 193 2391 μάσαι
205 2358 260 2384 τῶν
284 2367 313 2384 τε
331 2358 470 2393 ἡμετέρων
486 2359 532 2384 καὶ
547 2358 601 2384 τῶν
616 2358 781 2386 ὑπεναντίων
795 2358 892 2393 δογμά-

111 2411 161 2428 των
172 2404 216 2429 τὸν
231 2403 438 2438 ἀκολουοὸτερον
459 2403 545 2437 λόγον.
566 2403 633 2429 Ἀλλ’
653 2403 699 2428 ἐπὶ
714 2403 763 2438 τὴν
781 2411 892 2438 προκει-

113 2447 192 2483 μένην
204 2449 268 2484 ἡμίν
285 2449 400 2484 σπουδὴν
415 2449 581 2475 ἐπανακτέον
599 2449 643 2475 τὸν
660 2449 743 2482 λόγον.

147 2576 206 2601 ’Ὁτι
222 2577 253 2602 οὐ
268 2577 376 2608 πάντως
394 2578 439 2603 ἐπὶ
459 2577 524 2604 Θεοῦ
545 2578 636 2613 φωνὴν
659 2579 704 2604 καὶ
722 2578 798 2614 ῥῆμα
812 2580 828 2613 ἡ
848 2579 894 2605 τοῦ

111 2622 280 2657 εἰπεῖν-λέξις
291 2624 465 2657 ἐνδείκνυται,
479 2625 545 2651 ἀλλὰ
608 2625 754 2660 βουλήματι
768 2625 814 2651 τοῦ
828 2625 895 2652 Θεοῦ

114 2669 257 2704 σύνδρομον
269 2671 455 2704 ἀποφαίνουσα
467 2673 516 2708 τὴν
530 2671 653 2706 δύναμιν,
666 2671 895 2707 αἱσϐητικώτερον

115 2714 175 2748 ἡμῖν
189 2716 238 2750 τὴν
252 2716 348 2751 νοητὴν
369 2716 538 2743 ὑποδείκνυσι
564 2717 690 2752 Θεωρίαν.
714 2717 818 2752 Ἐπειδὴ
842 2718 896 2752 γὰρ

114 2758 240 2794 θελήματι
257 2761 304 2787 τοῦ
314 2760 380 2787 (θεοῦ
389 2763 501 2798 συνέστη
515 2763 547 2789 τὰ
563 2763 660 2795 πάντα,
676 2763 788 2798 σύνηθες
801 2763 829 2789 δὲ
839 2764 896 2794 τοῖς

115 2804 261 2839 ἀνθρώποις
287 2807 357 2842 λόγῳ
378 2808 484 2848 πρῶτον
509 2809 696 2845 διασημαίνειν
715 2809 744 2835 τὸ
760 2808 892 2844 βούλημα,

146 2861 170 2877 ιν
183 2859 261 2888 Rom.
277 2870 296 2896 ι,
311 2861 354 2890 20.

942 2219 1050 2242 ractere
1078 2214 1231 2248 dogmatice
1248 2213 1320 2240 dicta
1340 2217 1415 2246 sunt,
1441 2213 1547 2241 discere
1564 2213 1636 2241 licet.
1666 2213 1728 2241 Ete-

943 2262 1010 2294 nim,
1030 2269 1061 2288 ex
1081 2268 1247 2295 unoquoque
1270 2260 1418 2294 Scripturae
1435 2261 1504 2292 loco,
1521 2267 1589 2287 vana
1610 2265 1637 2287 et
1653 2268 1728 2287 erro-

944 2315 993 2334 nea
1005 2306 1227 2334 adversariorum
1239 2306 1331 2340 opinio
1343 2305 1428 2340 magis
1441 2310 1533 2340 aperte
1544 2306 1726 2341 redarguitur.

942 2352 1019 2379 Licet
1034 2356 1125 2379 autem
1142 2352 1254 2379 cuilibet
1271 2352 1360 2386 legere
1373 2351 1474 2378 volenti
1491 2359 1551 2386 quae
1567 2352 1728 2387 scripsimus

946 2399 973 2425 in
989 2398 1113 2426 Genesim
1132 2398 1309 2433 perpendere,
1323 2397 1447 2432 nunquid
1461 2399 1497 2425 sit
1511 2404 1665 2425 nostrorum
1679 2398 1727 2425 dc-

945 2450 1081 2471 cretorum
1098 2443 1168 2470 ratio
1183 2443 1268 2478 magis
1281 2447 1478 2473 consentanea.
1499 2452 1534 2470 an
1556 2444 1728 2471 adversario-

945 2497 1016 2516 rum.
1035 2488 1088 2516 Sed
1100 2488 1133 2514 ad
1149 2489 1320 2524 propositum
1337 2489 1418 2517 nobis
1440 2489 1560 2516 studium
1577 2491 1728 2517 revocanda

945 2539 986 2563 est
1004 2534 1102 2560 oratio.

980 2579 1055 2612 Quod
1072 2580 1099 2606 in
1113 2578 1166 2606 Deo
1180 2586 1273 2606 vocem
1286 2583 1314 2606 et
1325 2580 1437 2607 verbum
1453 2579 1536 2606 dictio
1552 2579 1618 2613 haec,
1636 2579 1709 2606 Dixit
1720 2600 1728 2612 ,

947 2627 1056 2654 minime
1072 2627 1257 2655 demonstrat,
1274 2625 1320 2652 sed
1337 2626 1381 2651 Dei
1398 2625 1528 2652 voluntati
1545 2626 1669 2652 comitem
1686 2634 1731 2660 p0-

946 2674 1057 2699 tentiam
1068 2671 1211 2698 declarans
1224 2686 1233 2702 ,
1244 2670 1371 2697 sensibus
1383 2670 1616 2697 accommodatius
1630 2670 1730 2697 intclii-

946 2718 1055 2751 gibilem
1073 2717 1193 2744 ostendit
1209 2715 1476 2749 contemplationem.
1496 2715 1629 2748 Quoniam
1647 2716 1730 2750 igitur

947 2763 993 2790 Dei
1009 2763 1147 2789 voluntate
1167 2761 1320 2789 consistunt
1341 2761 1442 2792 omnia,
1465 2762 1620 2789 hominibus
1641 2768 1730 2789 autent

949 2814 1108 2837 consuetum
1123 2814 1148 2835 et
1165 2807 1299 2835 familiare
1321 2814 1445 2834 sermone
1467 2807 1583 2842 primum
1608 2808 1733 2836 volunta-

1008 2912 1025 2926 \
