1951 3074
211 102 262 134 931

811 92 840 121 S.
857 88 1020 120 GREGOBll
1047 87 1193 118 NYSSENI

1794 85 1848 114 988

210 159 265 183 tcm
290 154 461 192 significare.
490 156 517 181 et
534 152 585 180 'sic
609 159 678 187 opus
691 150 826 179 voluntati
850 155 1002 178 consonum

1064 147 1102 174 ιαὶ
1112 147 1199 178 οὕτως
1206 146 1318 180 ἐπάγειν
1328 145 1358 172 τδ
1366 145 1445 181 ἔργον
1460 143 1622 180 συμφωνοῦν
1632 143 1670 179 τῷ
1682 142 1846 178 βουλήματι·

212 202 361 235 inducere;
387 199 530 234 Scriptura
561 200 652 225 autent
681 197 716 225 de
744 195 841 224 mundi
865 195 1004 222 creatione

211 245 415 282 quodammodo
447 244 482 272 ad
518 243 565 272 Dei
594 243 778 279 cognitionem
809 240 1003 276 incipientibus

211 291 413 322 introductoria
428 295 470 319 est
480 311 487 323 .
502 298 551 327 per
566 297 598 318 ea
612 297 672 325 quae
694 293 759 317 sunt
780 287 949 324 prompziora
970 285 1003 313 ad

211 338 415 374 cognitionem,
439 337 523 364 robur
547 340 574 364 et
600 336 750 372 potentiam
774 335 873 362 divinat
898 337 1005 361 natum

212 388 408 421 repnesentat.
429 384 581 419 promptior
598 387 689 410 autent
710 386 753 410 est
776 381 809 408 ad
832 388 927 408 eorum
944 387 1004 415 qua:

214 431 406 466 intelliguntur
426 430 610 465 cognitionem
632 436 664 456 ea
683 436 744 464 qua:
768 427 795 455 lit
823 434 870 462 per
892 433 1003 453 senSum

213 476 438 512 comprehensio:
454 475 538 511 hujus
554 483 637 503 causa
654 474 742 502 Moses
758 481 806 509 per
826 472 851 499 id
874 471 946 507 quod
961 471 1004 498 di-

214 523 254 550 xit
269 523 352 550 Deum
364 523 482 557 jussissc
498 522 556 549 ﬂeri
567 541 574 553 .
590 522 754 549 excitantem
769 520 917 547 voluntatis
930 524 1005 554 pote-

213 573 312 598 statem
326 568 466 604 exprimit.
479 568 547 595 Cum
565 567 679 602 adjecit,
698 566 731 594 Et
747 567 785 593 ita
801 566 902 601 factum
917 569 955 592 est
970 564 1004 596 “,

212 614 317 642 nullam
332 621 393 641 esse
411 614 559 640 voluntatis
574 617 602 640 et
618 617 695 640 actus
718 612 746 639 in
769 611 861 639 divina
884 610 1004 646 potentia

214 660 398 688 ditl'ercntiam
412 659 532 687 os‘endit
542 679 550 692 ,
564 658 613 686 sed
629 658 709 686 docet
725 658 752 685 in
767 657 821 685 Deo
837 657 1004 686 intellectum

215 706 288 734 actui
302 705 397 741 przeire
406 726 413 738 ,
426 713 480 732 non
494 699 585 732 tamen
596 709 687 731 actum
700 704 811 739 cognito
826 703 1004 738 posteriorem

215 760 294 783 esse.
310 752 358 780 sed
375 751 456 779 simul
475 751 547 784 duo,
563 755 590 778 et
611 750 762 779 secundum
785 750 857 777 idem
879 748 1006 776 conside-

216 799 286 830 rari,
302 804 328 826 et
341 798 483 826 electivam
501 798 602 825 mentis
619 797 767 824 motionem
787 800 814 824 et
828 795 1004 831 perfectivam

1053 192 1113 229 ἡδὲ
1138 191 1234 228 Γραφὴ
1261 191 1310 226 τῆς
1331 190 1524 226 κοσμογενείας
1541 189 1710 223 είσαγωγική
1735 195 1795 218 πως
1809 187 1846 217 εἰς

1053 237 1218 272 θεογνωσίαν
1232 238 1288 268 τοῖς
1300 236 1463 272 ἀρχομένοις
1469 236 1539 267 ἐστὶ.
1550 235 1596 261 διὰ
1602 235 1656 261 τῶν
1665 233 1847 269 ἑτοιμοτέρων

1053 285 1094 316 εἰς
1102 283 1267 318 κατανάησιν
1275 282 1325 317 τὴν
1335 282 1411 316 ἰσχὺν
1423 283 1473 317 τῆς
1483 281 1557 313 θείας
1567 281 1715 316 παρίστησι
1726 279 1846 314 φύσεως,

1053 329 1261 366 προχειρότερον
1271 328 1300 355 δὲ
1315 329 1354 360 εἰς
1364 328 1464 362 γνῶσιν
1472 328 1526 354 τῶν
1540 327 1693 361 νοουμένων
1705 323 1722 357 ἡ
1744 324 1791 351 διὰ
1801 325 1847 358 τῆς

1054 377 1206 412 αἰσθήσεως
1222 374 1373 410 κατάληψις
1389 374 1510 408 γίνεται⁶
1524 373 1619 400 τούτου
1636 372 1719 407 χάριν
1737 369 1752 396 ὁ
1767 371 1849 397 Mm!)-

1055 423 1104 458 σῆς
1117 422 1163 449 διὰ
1175 422 1222 449 τοῦ
1238 422 1328 448 είπεῖν
1337 421 1382 448 τὸν
1398 420 1465 447 Θεὸν
1474 419 1533 446 τόδε
1543 419 1672 454 γενέσθαι
1683 416 1848 452 προστάξαι.

1054 469 1103 504 τὴν
1118 467 1272 504 ὁρμητικὴν
1294 467 1341 494 τοῦ
1364 467 1515 502 θελήματος
1532 464 1655 497 ἐξουσίαν
1679 463 1849 499 παρίστησι’

1055 514 1098 543 διὰ
1119 514 1146 541 δὲ
1158 514 1205 541 τοῦ
1222 513 1378 549 προσθεῖναι
1391 512 1491 545 τδ,Καὶ
1502 510 1621 546 ἐγένετο
1632 510 1738 543 οὕτως,
1750 509 1783 535 τὸ
1800 517 1850 543 μη-

1054 561 1150 596 δεμίαν
1172 559 1242 588 εἶναι
1263 559 1395 595 διαφορὰν
1413 558 1582 594 βουλήματος
1602 565 1631 583 τε
1645 556 1693 583 καὶ
1708 555 1850 590 ἐνεργείας

1055 609 1101 635 ἐπὶ
1130 607 1181 642 τῆς
1206 607 1279 639 θείας
1295 606 1462 633 ἐνδείκνυται
1491 603 1611 640 φύσεως,
1637 602 1707 631 ἀλλὰ
1728 601 1850 627 διδάσκει

1056 653 1234 690 καθηγεῖσθαι
1259 653 1308 689 μὲν
1329 652 1375 680 ἐπὶ
1389 651 1436 679 τοῦ
1465 650 1532 678 Θεοῦ
1561 650 1612 685 τῆς
1631 647 1777 683 ἐνεργείας
1803 646 1851 680 τὴν

1056 700 1158 735 νόησιν,
1174 699 1225 726 οὐκ
1237 697 1425 733 ὲφυστερίζειν
1432 696 1461 724 δὲ
1473 696 1542 733 μετὰ
1551 695 1582 722 τὸ
1596 694 1692 730 νοηθὲν
1711 693 1764 727 τὴν
1774 692 1851 727 ἐνέρ-

1056 755 1143 782 γειαν.
1154 745 1211 772 ἀλλ’
1227 745 1285 780 ἅμα
1302 744 1336 771 τὰ.
1347 744 1404 774 δύο,
1419 743 1467 770 καὶ
1479 742 1550 769 κατὰ
1561 741 1658 768 ταύτὸν
1677 738 1851 774 θεωρεῖσθαι,

1057 793 1107 828 τήν
1121 801 1151 819 τε
1168 790 1363 827 προαιρετικὴν
1374 789 1421 816 τοῦ
1441 788 1485 815 νοῦ
1501 788 1608 823 κίνησιν
1629 787 1676 813 καὶ
1690 785 1741 821 τὴν
1754 786 1853 812 ἀποτε-

217 845 256 872 rei
272 844 433 879 potentiam.
448 842 557 870 Nullum
580 843 654 871 enim
676 842 751 871 dedit
770 830 890 870 medium
912 842 1008 869 intelli-

1064 838 1185 873 λεστικὴν
1199 837 1246 864 τοῦ
1262 837 1425 872 πράγματος
1440 834 1566 870 δύναμιν.
1583 833 1665 859 οὐδὲν
1678 832 1735 867 γάρ
1752 830 1853 857 ἔδωκεν

216 890 334 926 gendum
356 890 426 917 ratio
446 889 591 917 electionis
613 893 640 916 et
655 889 794 920 actionis;
813 888 861 916 sed
877 887 1008 922 qm-mad~

183 972 186 974 _
217 936 327 964 modum
342 943 404 963 cum
420 935 584 963 accensione
602 935 716 962 ﬂamma:
739 935 821 962 etiam
848 935 936 969 fulgor
960 942 1008 970 ap-

218 986 310 1017 paret,
327 981 374 1016 qui
388 989 421 1008 ex
436 981 482 1008 illa
497 985 540 1008 est
551 1002 558 1014 ,
574 985 600 1008 et
615 981 677 1008 c'um
693 981 752 1016 ipsa
767 981 896 1016 effulget:
913 980 1008 1008 eodem

218 1027 300 1054 modo
313 1034 381 1061 opus
394 1026 503 1061 quidem
517 1026 615 1054 divina:
627 1027 775 1055 voluntatis
787 1031 828 1054 est
840 1034 936 1054 eorum
950 1033 1011 1060 qua:

219 1072 292 1100 facta
313 1076 378 1101 sunt
393 1073 547 1100 substantia
562 1092 570 1104 ,
587 1080 640 1100 non
662 1077 752 1101 tamen
773 1073 869 1100 ordine
889 1073 1010 1100 secundo

220 1119 345 1154 sequitur
363 1122 424 1153 post
442 1118 621 1147 voluntatem.
642 1118 702 1145 Non
720 1119 794 1145 enim
806 1138 814 1150 ,
831 1119 1011 1154 quemadmo—

221 1164 287 1191 dum
303 1165 330 1191 in
344 1164 406 1191 aliis
419 1164 519 1198 quibus
533 1164 623 1199 aliqua
640 1165 762 1199 potentia
776 1165 866 1191 activa
881 1169 923 1192 est
939 1173 953 1192 a
968 1173 1012 1192 na-

220 1215 300 1242 tura,
318 1211 369 1238 hoc
384 1210 493 1245 quidem
509 1210 630 1244 polentia
648 1211 782 1242 cernitur,
801 1210 866 1237 illud
883 1218 948 1238 vero
969 1219 1013 1239 se-

221 1256 342 1284 cundum
370 1260 448 1284 actus
476 1256 732 1290 complementum;
761 1256 878 1291 exempli
906 1257 1011 1292 gralia,

223 1311 331 1338 semper
344 1302 454 1337 quidem
470 1302 587 1329 dicimus
601 1310 662 1330 esse
686 1302 795 1329 navium
819 1302 1012 1330 fabricatorem

222 1349 250 1376 in
276 1347 395 1384 potentia
421 1348 565 1376 habentem
590 1353 676 1376 artem
703 1349 814 1376 navium
841 1348 1013 1376 fabricanda-

222 1401 304 1430 rnm,
327 1394 435 1429 operari
459 1398 550 1422 autent
574 1403 636 1422 eum
661 1395 688 1422 in
713 1395 842 1430 operibus
865 1396 1012 1423 scientiam

223 1441 353 1468 ostendit.
374 1440 432 1468 Non
455 1441 496 1467 sic
517 1441 543 1467 in
566 1441 644 1468 beata
667 1441 739 1473 vita,
763 1442 809 1469 sed
833 1446 917 1469 totum
939 1441 1013 1477 quod

1059 885 1183 920 ἐννοῆσαι
1213 883 1295 920 μέσον
1319 883 1333 909 ὁ
1350 882 1429 916 λόγος
1449 881 1500 916 τῆς
1522 880 1712 916 προαιρέσεως
1735 877 1785 904 καὶ
1806 877 1853 910 τῆς

1059 931 1197 967 πράξεως,
1223 929 1280 957 ἀλλ’
1300 928 1395 964 ὥσπερ
1411 928 1444 962 τῇ
1466 926 1560 961 ἐξάψει
1584 927 1634 961 τῆς
1655 924 1759 959 φλογὸς
1775 923 1853 957 καίή

1060 979 1131 1014 αὐγὴ
1142 977 1359 1012 συνεκφαίνεται,
1370 975 1418 1002 καὶ
1431 974 1460 1008 ἐξ
1469 974 1576 1008 ἐκείνης
1586 971 1664 1003 οὖσα,
1672 972 1721 998 καὶ
1735 970 1796 1006 μετ’
1808 970 1854 996 αὑ-

1059 1028 1108 1061 τῆς
1116 1024 1352 1058 συνεκλάμπουσα,
1369 1021 1439 1049 κατὰ
1451 1021 1496 1047 τὸν
1506 1019 1587 1046 αὐτὸν
1595 1018 1696 1054 τρόπον
1713 1017 1797 1052 ἔργον
1810 1016 1856 1050 μὲν

1060 1072 1106 1100 τοῦ
1120 1072 1193 1099 θείου
1206 1071 1357 1106 θελήματος
1373 1069 1390 1104 ἡ
1410 1068 1464 1094 τῶν
1479 1066 1629 1102 γεγονότων
1644 1065 1719 1091 ἐστὶν
1734 1064 1855 1091 ὑπόστα-

1062 1128 1113 1150 σις1
1130 1118 1160 1145 οὺ
1186 1118 1239 1153 μὴν
1259 1115 1412 1150 δευτερεύει
1433 1115 1467 1150 τῇ
1490 1113 1565 1145 τάξει
1582 1111 1650 1148 μετὰ
1670 1111 1700 1138 τι
1720 1110 1855 1146 βούλημα.

1062 1165 1099 1191 Οὐ
1114 1164 1178 1199 γὰρ,
1193 1163 1286 1198 ὥσπερ
1303 1163 1348 1189 ἐπὶ
1367 1161 1420 1188 τῶν
1438 1160 1525 1187 ἄλλων
1537 1157 1579 1190 οἷς
1593 1167 1635 1190 τις
1651 1156 1798 1193 πρακτικὴ
1812 1156 1856 1182 δύ-

1062 1219 1144 1245 ναμις
1161 1211 1193 1237 ὲκ
1208 1208 1314 1244 φύσεώς
1330 1209 1397 1239 ἐστι,
1411 1207 1441 1233 τὸ
1460 1206 1509 1242 μὲν
1525 1205 1639 1240 δυνάμει
1653 1204 1813 1239 θεωρεῖται,
1830 1202 1858 1228 τὺ

1062 1258 1091 1285 δὲ
1111 1258 1182 1285 κατὰ
1198 1256 1247 1292 τὴν
1261 1255 1312 1290 τῆς
1329 1253 1468 1290 ἐνεργείας
1483 1252 1656 1287 ἐκπλήρωσιν
1667 1259 1674 1266 ·
1686 1249 1810 1284 ὡξ,(,ςέρε
1823 1249 1859 1274 εἰ-

1065 1308 1138 1338 πεῖν.
1152 1306 1195 1332 ἀεὶ
1218 1305 1266 1341 μὲν
1283 1301 1352 1330 εἶναι
1372 1301 1511 1336 ναυπηγόν
1526 1308 1616 1336 φαμεν
1630 1299 1664 1334 τῇ
1680 1296 1799 1332 δυνάμει
1815 1295 1859 1321 τὸν

1063 1352 1112 1388 τὴν
1127 1349 1299 1386 ναυπηγικὴν
1318 1347 1526 1384 ἐχοντατέχνην,
1540 1345 1660 1382 ἐνεργεῖν
1679 1343 1708 1370 δὲ
1720 1342 1785 1369 τότε
1798 1342 1861 1388 ὅταν

1064 1387 1110 1425 ἐπὶ
1125 1397 1180 1424 τῶν
1193 1397 1280 1432 ἔργων
1303 1395 1376 1430 δείξῃ
1390 1394 1439 1429 τὴν
1451 1392 1615 1427 ἐπιστήμην.
1633 1390 1690 1425 Οὐχ
1708 1388 1800 1419 οὕτως
1817 1387 1860 1413 καὶ

1065 1446 1110 1472 ἐπὶ
1123 1445 1173 1480 τῆς
1198 1443 1336 1480 μακαρίας
1351 1441 1435 1476 ζωῆς,
1451 1440 1507 1467 ἀλλ’
1520 1440 1580 1466 ὅλον
1596 1438 1610 1465 ὅ
1634 1437 1662 1464 τί
1675 1437 1730 1472 περ
1743 1437 1818 1462 ἐστιν
1832 1435 1860 1461 ὲν

224 1487 334 1522 quidem
361 1487 389 1514 in
416 1487 462 1514 illa
488 1487 661 1521 intelligitur,
687 1487 781 1515 eﬂieax
801 1492 862 1520 est,
888 1491 914 1515 et
935 1492 1012 1516 actus

1066 1491 1157 1527 ἐκείνῃ
1169 1489 1323 1526 νοούμενον,
1342 1488 1461 1524 ὲνεργὲς,
1479 1485 1526 1513 καὶ
1540 1484 1638 1521 πρᾶξίς
1652 1483 1741 1513 ἔστιν,
1751 1482 1860 1517 άμέσως

224 1537 283 1564 est,
299 1533 440 1560 voluntate
453 1532 512 1559 sine
527 1532 616 1559 medio
629 1532 662 1559 ad
680 1532 759 1559 linem
774 1533 827 1560 sibi
844 1534 1014 1568 propositum

225 1582 396 1606 transeunte.
414 1576 449 1605 Ut
466 1578 551 1612 igitur
567 1577 612 1612 qui
636 1578 663 1605 in
679 1580 749 1605 ('(Blu
770 1583 812 1605 est
826 1583 942 1607 ornatus
951 1580 1016 1615 Opi-

225 1622 271 1650 tiei
285 1622 401 1658 gloriam
417 1622 589 1655 testiﬁcatur,
601 1626 628 1650 et
642 1631 704 1650 eum
720 1624 765 1658 qui
783 1624 845 1651 fecit
859 1625 1015 1658 conlitetur,

226 1675 277 1695 nec
291 1673 382 1695 lamen
397 1675 464 1695 voce
478 1667 581 1702 indiget
593 1675 601 1694 :
614 1667 655 1695 sic
669 1673 764 1696 contra
781 1669 842 1704 quis
858 1674 968 1705 sumpto
982 1679 1015 1698 ex

226 1712 311 1740 Mosis
328 1712 469 1747 Scriptura
483 1712 561 1746 loco,
574 1721 679 1740 mecmn
703 1718 809 1749 reputet
821 1735 828 1746 ,
850 1716 922 1750 quod
945 1716 1016 1744 Deus

226 1759 273 1794 qui
290 1767 340 1787 suo
352 1759 431 1794 jussu
467 1759 596 1787 universa
616 1760 644 1787 in
666 1768 757 1787 rermn
775 1765 901 1789 naturam
920 1762 1018 1797 produ-

227 1807 284 1838 xit,
302 1806 433 1833 mundmn
449 1805 516 1833 dicit
532 1801 609 1834 suam
626 1814 688 1833 esse
703 1811 874 1840 creaturam,
891 1816 941 1835 nec
959 1816 1018 1835 ver-

227 1853 271 1880 bis
289 1852 322 1879 ad
342 1852 422 1886 hujus
438 1852 543 1879 notitiae
558 1852 770 1879 declarationem
789 1853 901 1888 indiget.
917 1853 953 1881 Ut
972 1854 1018 1889 igi-

227 1902 273 1924 tur
287 1898 333 1933 qui
349 1898 453 1925 audivit
467 1899 567 1925 malum
585 1906 717 1926 enarrare
728 1920 734 1930 ,
760 1906 916 1926 sermonem
937 1907 1018 1927 enar-

228 1943 346 1970 rativum
363 1951 416 1970 non
430 1943 556 1978 quaesivit
567 1953 573 1970 :
584 1943 700 1970 mundus
712 1943 784 1970 enim
802 1950 891 1971 menle
907 1945 1019 1978 praedito

227 1990 350 2025 loquitur
366 1998 414 2024 per
434 1997 467 2016 ea
488 1997 549 2024 qua
572 1989 638 2016 ﬁunt
651 2009 658 2021 ,
681 1989 894 2017 declaralionem
913 1999 973 2025 qua:
991 1991 1018 2017 lit

207 2037 320 2064 'verbis
347 2036 437 2064 \‘alerc
458 2036 572 2063 sinens:
596 2036 636 2063 sic
655 2040 683 2062 et
708 2035 809 2062 Moscm
833 2036 970 2064 dicentem
995 2038 1017 2064 si

229 2083 291 2119 quis
305 2083 439 2114 audierit,
457 2081 541 2109 Deum
556 2081 717 2108 nominatim
734 2081 767 2108 de
783 2082 903 2116 singulis
921 2082 1017 2109 mundi

230 2130 356 2165 partibus
371 2129 523 2157 cdicentem
537 2132 563 2154 et
576 2127 716 2161 jubentem
726 2148 733 2160 ,
751 2135 839 2162 neque
856 2128 1016 2163 prophetam

1066 1537 1114 1565 τοῦ
1132 1538 1301 1573 βουλήματος
1315 1534 1383 1570 πρὸς
1402 1534 1432 1560 τὸ
1455 1532 1526 1559 κατὰ
1550 1531 1678 1567 πρόθεσιν
1691 1530 1769 1561 τέλος
1797 1529 1859 1563 μεθ-

1069 1583 1223 1618 ισταμένου.
1238 1582 1283 1613 Ὠς
1312 1581 1402 1607 τοίνυν
1416 1580 1551 1615 μαρτυρεῖ
1568 1577 1608 1612 τῷ
1627 1575 1797 1612 Δημιουργῷ
1814 1575 1860 1610 τὴν

1066 1630 1144 1662 δόξαν
1156 1631 1173 1665 ὴ
1192 1630 1221 1656 ὲν
1229 1629 1267 1664 τῷ
1284 1626 1391 1663 οὐρανῷ
1401 1625 1592 1661 διακόσμησις,
1606 1625 1654 1651 καὶ
1670 1624 1801 1659 ὁμολογεῖ
1817 1622 1859 1648 τὸν

1069 1676 1246 1712 πεποιηκότα,
1265 1675 1314 1702 καὶ
1328 1674 1420 1708 φωνῆς
1443 1673 1473 1699 οὺ
1490 1671 1659 1708 προσδέεται,
1679 1670 1753 1696 οὕτω
1773 1678 1818 1704 μοι
1832 1669 1860 1694 τὸ

1068 1722 1186 1758 ἔμπαλιν
1216 1721 1249 1747 ὲκ
1272 1720 1322 1755 τῆς
1344 1719 1390 1745 τοῦ
1414 1718 1552 1748 Μωῡσέως
1570 1716 1682 1751 Γραφῆς
1700 1714 1860 1749 μεταλαϐὼν

1068 1769 1101 1796 ἄν
1113 1777 1155 1800 τις
1168 1768 1315 1802 λογίσαιτο,
1331 1766 1372 1793 ὃτι
1389 1765 1435 1792 καὶ
1452 1762 1548 1791 ἑαυτοῦ
1565 1762 1666 1797 κτίσμα
1681 1763 1694 1788 ὁ
1706 1761 1773 1792 Θεὸς
1789 1760 1860 1794 λέγει

1068 1815 1113 1841 τὸν
1125 1814 1227 1849 κόσμον
1242 1814 1257 1839 ό
1273 1812 1313 1847 τῷ
1336 1811 1525 1847 προστάγματι
1537 1808 1568 1836 τὸ
1580 1809 1635 1835 πᾶν
1646 1807 1796 1838 οὑσιώσας,
1815 1806 1860 1833 καὶ

1070 1861 1199 1896 ῥημάτων
1223 1858 1289 1894 πρὸς
1304 1857 1418 1893 δήλωσιν
1433 1856 1483 1890 τῆς
1506 1854 1609 1886 ἐννοίας
1623 1853 1727 1888 ταύτης
1742 1853 1794 1879 οὐκ
1806 1854 1861 1878 ὲπι-

1069 1906 1168 1933 δέεται.
1189 1905 1233 1936 Ὠς
1248 1901 1294 1931 οὖν
1308 1904 1323 1930 ό
1339 1901 1458 1933 ἀκούσας
1470 1899 1585 1935 οὐρανοῦ
1605 1899 1801 1934 διηγουμένου,
1825 1898 1861 1924 δι-

1069 1951 1187 1984 εξοδικδν
1199 1950 1249 1977 οὐκ
1262 1948 1376 1984 ἐζήτησε
1387 1946 1465 1980 λόγον
1477 1952 1484 1958 ·
1497 1943 1572 1971 λαλεῖ
1584 1943 1638 1979 γὰρ
1645 1942 1685 1977 τῷ
1698 1942 1762 1968 νοῦν
1777 1941 1861 1976 ἔχοντι

1069 1998 1114 2025 διὰ
1129 1997 1183 2024 τῶν
1198 1995 1348 2031 γινομένων
1373 1994 1387 2019 ὁ
1408 1993 1520 2027 κόσμος,
1536 1991 1586 2026 τὴν
1604 1989 1648 2016 διὰ
1663 1989 1719 2015 τῶν
1732 1989 1861 2024 ῥημάτων

1069 2045 1184 2079 δήλωσιν
1207 2042 1311 2078 χαίρειν
1331 2040 1430 2071 ἐάσας·
1449 2037 1519 2064 οὓτω
1539 2037 1590 2064 κᾶν
1603 2035 1650 2062 τοῦ
1664 2035 1807 2066 Μωῡσέως
1823 2035 1863 2061 λέ-

1070 2089 1165 2124 γοντός
1181 2097 1222 2120 τις
1238 2085 1353 2121 ἀκούσῃ,
1377 2084 1416 2115 ὡς
1441 2082 1488 2109 τοῦ
1501 2081 1568 2108 Θεοῦ
1588 2081 1721 2116 ὀνομαστὶ
1737 2079 1862 2115 περὶτῶν

1071 2135 1130 2162 καθ’
1145 2135 1260 2161 ἕκαστον
1270 2132 1316 2158 τοῦ
1334 2130 1435 2165 κόσμου
1456 2127 1546 2164 μερῶν
1560 2127 1751 2157 διατάττοντός
1772 2135 1802 2152 τε
1820 2127 1862 2152 καὶ

231 2175 342 2202 mentiri
367 2174 534 2208 suspicetur,
559 2180 647 2207 neque
671 2172 788 2200 exilibus
812 2177 839 2199 et
867 2173 1012 2201 humilibus

1070 2180 1235 2212 κελεύοντος,
1247 2178 1314 2213 μήτε
1328 2175 1473 2211 ψεύδεσθαι
1485 2174 1530 2200 τὸν
1547 2174 1692 2208 προφήτην
1704 2172 1862 2203 ὑπονοείτω,

231 2220 390 2248 notionibus
405 2219 510 2246 deterat
522 2217 679 2245 sublimium
693 2218 907 2252 speculationem
917 2238 924 2250 ,
939 2219 1016 2254 quasi

230 2267 400 2294 divinitatem
412 2273 458 2301 per
469 2263 625 2299 hujusmodi
637 2264 670 2290 ad
681 2264 800 2292 hominis
812 2265 920 2292 modum
934 2271 1019 2293 trans-

233 2313 341 2344 ferens,
364 2316 391 2339 et
416 2315 511 2338 nostro
542 2317 617 2337 more
638 2310 738 2337 emissa
756 2311 885 2338 mandata
900 2316 927 2338 et
941 2311 1018 2346 jussu

233 2365 395 2394 percensere
410 2365 576 2392 supponens.
594 2355 647 2384 Sed
662 2356 769 2391 jussum
787 2357 905 2392 explicet
925 2358 1020 2384 volun-

234 2409 316 2432 tatem
331 2413 339 2437 ;
358 2411 449 2430 rerum
466 2406 556 2429 autem
573 2406 727 2429 creatarum
744 2402 856 2429 nomina
873 2403 957 2437 ipsum
977 2411 1019 2429 rc-

235 2458 293 2477 rum
313 2449 446 2476 factarum
469 2448 650 2475 substantiam
669 2449 845 2483 signiﬁcent:
862 2449 899 2474 ita
916 2455 945 2476 ut
967 2449 1022 2476 duo

235 2504 282 2531 per
297 2495 354 2522 hinc
367 2495 439 2522 dicta
458 2495 564 2527 discat,
581 2498 607 2522 et
621 2494 693 2529 quod
718 2494 789 2521 Deus
811 2495 903 2521 omnia
928 2495 1022 2522 volens

233 2545 363 2576 operatus
382 2546 440 2573 est,
457 2545 483 2567 et
497 2540 568 2574 quod
589 2541 694 2575 absque
716 2547 799 2573 opera
821 2543 849 2566 et
871 2539 963 2567 labore
985 2540 1022 2567 di-

234 2587 296 2614 \‘ina
310 2587 437 2614 voluntas
448 2607 454 2618 ,
471 2591 568 2613 natura
586 2585 667 2613 ﬁebat

268 2687 345 2719 Quod
368 2687 389 2714 si
415 2687 478 2722 quis
502 2685 586 2716 illud,
603 2683 676 2711 Dimil
704 2683 772 2710 Deus
788 2683 820 2715 θ’,
835 2684 974 2710 earnalius
995 2688 1019 2710 et

233 2734 354 2761 crassius
369 2734 575 2767 interpretetur,
596 2734 624 2756 ut
641 2737 687 2762 per
703 2731 753 2756 hoc
770 2730 943 2757 articulatum
962 2737 1020 2757 ser-

268 2823 289 2839 “
305 2822 372 2855 Gen.
390 2831 409 2855 ι,
426 2822 440 2848 7
458 2829 517 2854 sqq.
557 2821 580 2835 “
597 2819 662 2847 Gen.
682 2827 699 2852 l,
716 2819 731 2845 3
749 2827 809 2855 sqq.

1073 2227 1140 2263 μήτε
1159 2225 1265 2260 μικροῖς
1275 2223 1322 2250 καὶ
1341 2221 1519 2257 χαμαιζήλοις
1535 2219 1653 2254 νοήμασι
1673 2227 1862 2254 κατασμικρυ-

1071 2262 1139 2300 νέτω
1155 2272 1205 2306 τὴν
1220 2269 1274 2296 τῶν
1298 2267 1408 2303 ὑψηλῶν
1429 2266 1556 2301 θεωρίαν,
1579 2262 1634 2291 οἷον
1652 2264 1863 2300 ὲξανθρωπίζων

1072 2320 1117 2346 διὰ
1135 2317 1190 2344 τῶν
1215 2314 1343 2343 τοιούτων
1367 2313 1396 2340 τὸ
1412 2314 1499 2342 Θεῖον,
1515 2311 1563 2338 καὶ
1577 2310 1648 2337 κατὰ
1663 2310 1713 2346 τὴν
1728 2310 1864 2345 ἡμετέραν

1074 2364 1216 2400 συνήθειαν
1234 2362 1309 2396 φωνῇ
1329 2359 1364 2386 τὰ
1387 2358 1584 2393 προστάγματα
1599 2356 1761 2388 διεξοδεύειν
1776 2357 1864 2381 ὑποτι-

1072 2411 1193 2446 θέμενος,
1207 2407 1274 2434 ὰλλὰ
1290 2406 1320 2432 τὸ
1340 2405 1389 2440 μὲν
1406 2404 1569 2439 πρόσταγμα
1594 2402 1717 2436 δηλούτω
1733 2402 1784 2436 τὴν
1805 2401 1863 2436 βού-

1070 2457 1147 2490 λησιν
1158 2463 1163 2468 ·
1174 2453 1208 2479 τὰ
1218 2452 1245 2479 δὲ
1258 2451 1310 2478 τῶν
1322 2449 1485 2477 κτισοέντων
1493 2447 1611 2482 ὀνόματα
1624 2446 1710 2481 αὐτὴν
1720 2446 1865 2480 διασημαι-

1070 2502 1138 2529 νέτω
1153 2499 1202 2534 τὴν
1213 2498 1268 2524 τῶν
1283 2496 1433 2531 γεγονότων
1451 2494 1615 2521 ὑπόστασιν·
1628 2492 1698 2518 ὥστε
1713 2492 1749 2518 τὰ
1766 2491 1812 2517 δύο
1824 2490 1862 2516 διὰ

1070 2546 1124 2572 τῶν
1141 2544 1294 2580 εἰρημένων
1315 2541 1422 2577 μαθεῖν,
1444 2541 1491 2566 καὶ
1511 2540 1552 2566 ὅτι
1569 2537 1711 2573 βουληθεὶς
1724 2539 1740 2564 ὁ
1754 2537 1820 2568 Θεὸς
1832 2536 1863 2562 τὰ.

1075 2590 1165 2617 πάντα
1178 2589 1383 2623 κατείργασται,
1396 2586 1442 2612 καὶ
1450 2586 1490 2612 ὅτι
1501 2583 1686 2619 ἀπραγμόνως
1700 2591 1731 2609 τε
1745 2583 1793 2609 καὶ
1803 2581 1863 2608 ὁ,κὸ-

1076 2645 1134 2667 πως
1149 2635 1180 2662 τὸ
1194 2635 1263 2661 Θεῖον
1285 2633 1407 2669 βούλημα
1421 2631 1501 2666 φύσις
1517 2631 1630 2664 ἐγίνετο.

1111 2682 1143 2708 Εἰ
1156 2681 1184 2707 δέ
1201 2689 1241 2711 τις
1255 2680 1299 2711 τὸ,
1314 2677 1405 2705 Εἷπεν
1420 2679 1436 2704 ὀ
1459 2677 1541 2709 Θεὸς,
1558 2674 1764 2710 σαρκικώτερον
1781 2673 1862 2708 ἑρμη-

1077 2727 1157 2761 νεὺοι,
1171 2727 1207 2758 ὡς
1227 2726 1269 2753 διὰ
1285 2725 1377 2751 τούτου
1391 2724 1435 2751 τὸν
1458 2722 1586 2758 ἔναρθρον
1606 2721 1684 2752 λόγον
1702 2719 1768 2755 παρ’
1787 2717 1861 2745 αὐτοῦ
