  <div class='ocr_page' id='page_1' title='image "/cluster/home/n/w/nwhite01/storage/ocr_20150623/45/njp.32101077772596/508.png"; bbox 0 0 1951 3074; ppageno 0'>
   <div class='ocr_carea' id='block_1_1' title="bbox 103 113 159 142">
    <p class='ocr_par' dir='ltr' id='par_1_1' title="bbox 103 113 159 142">
     <span class='ocr_line' id='line_1_1' title="bbox 103 113 159 142; baseline 0 0"><span class='ocrx_word' id='word_1_1' title='bbox 103 113 159 142; x_wconf 79' lang='lat'><strong>989</strong></span> 
     </span>
    </p>
   </div>
   <div class='ocr_carea' id='block_1_2' title="bbox 647 113 1157 148">
    <p class='ocr_par' dir='ltr' id='par_1_2' title="bbox 647 113 1157 148">
     <span class='ocr_line' id='line_1_2' title="bbox 647 113 1157 148; baseline 0.002 -5"><span class='ocrx_word' id='word_1_2' title='bbox 647 114 787 143; x_wconf 74' lang='lat' dir='ltr'><strong>CONTRA</strong></span> <span class='ocrx_word' id='word_1_3' title='bbox 799 113 992 148; x_wconf 70' lang='lat' dir='ltr'><strong>EUNOMIUH,</strong></span> <span class='ocrx_word' id='word_1_4' title='bbox 1018 114 1080 142; x_wconf 86' lang='lat' dir='ltr'><strong>LIB.</strong></span> <span class='ocrx_word' id='word_1_5' title='bbox 1099 114 1157 144; x_wconf 70' lang='grc' dir='ltr'><strong>ΧΠ.</strong></span> 
     </span>
    </p>
   </div>
   <div class='ocr_carea' id='block_1_3' title="bbox 1688 116 1742 146">
    <p class='ocr_par' dir='ltr' id='par_1_3' title="bbox 1688 116 1742 146">
     <span class='ocr_line' id='line_1_3' title="bbox 1688 116 1742 146; baseline -0.019 0"><span class='ocrx_word' id='word_1_6' title='bbox 1688 116 1742 146; x_wconf 78' lang='lat'><strong>990</strong></span> 
     </span>
    </p>
   </div>
   <div class='ocr_carea' id='block_1_4' title="bbox 106 172 908 210">
    <p class='ocr_par' dir='ltr' id='par_1_4' title="bbox 106 172 902 210">
     <span class='ocr_line' id='line_1_4' title="bbox 106 172 902 210; baseline 0.003 -9"><span class='ocrx_word' id='word_1_7' title='bbox 106 173 274 210; x_wconf 79' lang='grc' dir='ltr'>γεγενῆσθαι</span> <span class='ocrx_word' id='word_1_8' title='bbox 300 175 526 208; x_wconf 71' lang='grc' dir='ltr'><strong>κατασκευάζειν,</strong></span> <span class='ocrx_word' id='word_1_9' title='bbox 548 177 564 203; x_wconf 79' lang='grc' dir='ltr'>ὁ</span> <span class='ocrx_word' id='word_1_10' title='bbox 587 176 669 208; x_wconf 79' lang='grc' dir='ltr'>αὐτὸς</span> <span class='ocrx_word' id='word_1_11' title='bbox 694 172 773 207; x_wconf 56' lang='grc' dir='ltr'>οὗτος</span> <span class='ocrx_word' id='word_1_12' title='bbox 794 176 843 203; x_wconf 74' lang='grc' dir='ltr'>καὶ</span> <span class='ocrx_word' id='word_1_13' title='bbox 856 176 902 208; x_wconf 72' lang='grc' dir='ltr'>τὸ,</span> 
     </span>
    </p>
   </div>
   <div class='ocr_carea' id='block_1_5' title="bbox 959 172 1742 210">
    <p class='ocr_par' dir='ltr' id='par_1_5' title="bbox 959 174 1742 206">
     <span class='ocr_line' id='line_1_5' title="bbox 959 174 1742 206; baseline 0.005 -5"><span class='ocrx_word' id='word_1_14' title='bbox 959 182 1064 202; x_wconf 73' lang='lat' dir='ltr'><strong>monent</strong></span> <span class='ocrx_word' id='word_1_15' title='bbox 1086 175 1119 201; x_wconf 85' lang='lat' dir='ltr'><strong>ab</strong></span> <span class='ocrx_word' id='word_1_16' title='bbox 1139 183 1172 203; x_wconf 88' lang='lat' dir='ltr'><strong>eo</strong></span> <span class='ocrx_word' id='word_1_17' title='bbox 1196 176 1298 204; x_wconf 73' lang='lat' dir='ltr'><strong>factum</strong></span> <span class='ocrx_word' id='word_1_18' title='bbox 1321 183 1386 204; x_wconf 83' lang='lat' dir='ltr'><strong>esse</strong></span> <span class='ocrx_word' id='word_1_19' title='bbox 1402 175 1546 206; x_wconf 79' lang='lat' dir='ltr'><strong>adstruat.</strong></span> <span class='ocrx_word' id='word_1_20' title='bbox 1565 174 1609 204; x_wconf 86' lang='lat' dir='ltr'><strong>hic</strong></span> <span class='ocrx_word' id='word_1_21' title='bbox 1625 176 1697 203; x_wconf 85' lang='lat' dir='ltr'><strong>idem</strong></span> <span class='ocrx_word' id='word_1_22' title='bbox 1713 182 1742 205; x_wconf 84' lang='lat' dir='ltr'><strong>et</strong></span> 
     </span>
    </p>
   </div>
   <div class='ocr_carea' id='block_1_6' title="bbox 107 217 904 257">
    <p class='ocr_par' dir='ltr' id='par_1_6' title="bbox 107 217 904 257">
     <span class='ocr_line' id='line_1_6' title="bbox 107 217 904 257; baseline 0.001 -10"><span class='ocrx_word' id='word_1_23' title='bbox 107 217 201 247; x_wconf 71' lang='grc' dir='ltr'>Εἶδον</span> <span class='ocrx_word' id='word_1_24' title='bbox 211 221 229 248; x_wconf 84' lang='grc' dir='ltr'><em>ὁ</em></span> <span class='ocrx_word' id='word_1_25' title='bbox 239 220 322 253; x_wconf 80' lang='grc' dir='ltr'>Θεὸς,</span> <span class='ocrx_word' id='word_1_26' title='bbox 337 221 409 248; x_wconf 68' lang='grc' dir='ltr'>κατὰ</span> <span class='ocrx_word' id='word_1_27' title='bbox 419 221 469 257; x_wconf 81' lang='grc' dir='ltr'>τὴν</span> <span class='ocrx_word' id='word_1_28' title='bbox 480 221 673 257; x_wconf 73' lang='grc' dir='ltr'><strong>ἀντιληπτικὴν</strong></span> <span class='ocrx_word' id='word_1_29' title='bbox 687 222 766 257; x_wconf 77' lang='grc' dir='ltr'>ἡμῶν</span> <span class='ocrx_word' id='word_1_30' title='bbox 778 221 904 256; x_wconf 69' lang='grc' dir='ltr'>αἴσθησιν</span> 
     </span>
    </p>
   </div>
   <div class='ocr_carea' id='block_1_7' title="bbox 106 266 904 303">
    <p class='ocr_par' dir='ltr' id='par_1_7' title="bbox 106 266 904 303">
     <span class='ocr_line' id='line_1_7' title="bbox 106 266 904 303; baseline 0.001 -11"><span class='ocrx_word' id='word_1_31' title='bbox 106 266 155 292; x_wconf 73' lang='grc' dir='ltr'><strong>διὰ</strong></span> <span class='ocrx_word' id='word_1_32' title='bbox 173 266 223 302; x_wconf 86' lang='grc' dir='ltr'>τῆς</span> <span class='ocrx_word' id='word_1_33' title='bbox 236 266 292 292; x_wconf 79' lang='grc' dir='ltr'><strong>τῶν</strong></span> <span class='ocrx_word' id='word_1_34' title='bbox 307 266 454 302; x_wconf 76' lang='grc' dir='ltr'><strong>ὀφθαλμῶν</strong></span> <span class='ocrx_word' id='word_1_35' title='bbox 471 267 611 303; x_wconf 68' lang='grc' dir='ltr'>ἐνεργείας</span> <span class='ocrx_word' id='word_1_36' title='bbox 629 267 775 302; x_wconf 73' lang='grc' dir='ltr'><strong>γινώσκειν</strong></span> <span class='ocrx_word' id='word_1_37' title='bbox 796 267 904 298; x_wconf 82' lang='grc' dir='ltr'>πάντως</span> 
     </span>
    </p>
   </div>
   <div class='ocr_carea' id='block_1_8' title="bbox 108 313 903 350">
    <p class='ocr_par' dir='ltr' id='par_1_8' title="bbox 108 313 903 350">
     <span class='ocr_line' id='line_1_8' title="bbox 108 313 903 350; baseline 0 -11"><span class='ocrx_word' id='word_1_38' title='bbox 108 313 266 348; x_wconf 79' lang='grc' dir='ltr'>ὑπονοήσει.</span> <span class='ocrx_word' id='word_1_39' title='bbox 284 313 339 340; x_wconf 75' lang='grc' dir='ltr'><strong>Καὶ</strong></span> <span class='ocrx_word' id='word_1_40' title='bbox 353 313 528 350; x_wconf 45' lang='lat' dir='ltr'><strong>Efﬂuet/0&#39;s</strong></span> <span class='ocrx_word' id='word_1_41' title='bbox 548 315 655 348; x_wconf 83' lang='grc' dir='ltr'>Κύριος</span> <span class='ocrx_word' id='word_1_42' title='bbox 669 314 718 340; x_wconf 77' lang='grc' dir='ltr'>καὶ</span> <span class='ocrx_word' id='word_1_43' title='bbox 733 313 846 348; x_wconf 65' lang='grc' dir='ltr'>ἠλέησέ</span> <span class='ocrx_word' id='word_1_44' title='bbox 854 321 903 348; x_wconf 74' lang='grc' dir='ltr'><strong>με,</strong></span> 
     </span>
    </p>
   </div>
   <div class='ocr_carea' id='block_1_9' title="bbox 109 357 903 394">
    <p class='ocr_par' dir='ltr' id='par_1_9' title="bbox 109 357 903 394">
     <span class='ocr_line' id='line_1_9' title="bbox 109 357 903 394; baseline 0 -9"><span class='ocrx_word' id='word_1_45' title='bbox 109 359 170 391; x_wconf 76' lang='grc' dir='ltr'>καὶ,</span> <span class='ocrx_word' id='word_1_46' title='bbox 189 357 359 393; x_wconf 70' lang='grc' dir='ltr'>ὀσςρρὸνθη</span> <span class='ocrx_word' id='word_1_47' title='bbox 376 358 478 393; x_wconf 76' lang='grc' dir='ltr'>ὀσμὴν</span> <span class='ocrx_word' id='word_1_48' title='bbox 492 358 631 392; x_wconf 71' lang='grc' dir='ltr'>εὐωδίας,</span> <span class='ocrx_word' id='word_1_49' title='bbox 649 360 696 387; x_wconf 79' lang='grc' dir='ltr'>καὶ</span> <span class='ocrx_word' id='word_1_50' title='bbox 708 359 758 386; x_wconf 79' lang='grc' dir='ltr'>ὅσα</span> <span class='ocrx_word' id='word_1_51' title='bbox 777 359 840 394; x_wconf 72' lang='grc' dir='ltr'>περὶ</span> <span class='ocrx_word' id='word_1_52' title='bbox 857 367 903 385; x_wconf 75' lang='grc' dir='ltr'>κε-</span> 
     </span>
    </p>
   </div>
   <div class='ocr_carea' id='block_1_10' title="bbox 109 405 905 442">
    <p class='ocr_par' dir='ltr' id='par_1_10' title="bbox 109 405 905 442">
     <span class='ocr_line' id='line_1_10' title="bbox 109 405 905 442; baseline 0 -11"><span class='ocrx_word' id='word_1_53' title='bbox 109 405 200 440; x_wconf 82' lang='grc' dir='ltr'>φαλῆς</span> <span class='ocrx_word' id='word_1_54' title='bbox 212 405 298 437; x_wconf 77' lang='grc' dir='ltr'>θείας,</span> <span class='ocrx_word' id='word_1_55' title='bbox 308 406 325 440; x_wconf 83' lang='grc' dir='ltr'><strong>ἦ</strong></span> <span class='ocrx_word' id='word_1_56' title='bbox 337 405 426 439; x_wconf 76' lang='grc' dir='ltr'>ποδὸς,</span> <span class='ocrx_word' id='word_1_57' title='bbox 441 405 457 441; x_wconf 88' lang='grc' dir='ltr'>ἢ</span> <span class='ocrx_word' id='word_1_58' title='bbox 469 406 569 441; x_wconf 78' lang='grc' dir='ltr'>χειρὸς,</span> <span class='ocrx_word' id='word_1_59' title='bbox 583 406 599 441; x_wconf 87' lang='grc' dir='ltr'>ἢ</span> <span class='ocrx_word' id='word_1_60' title='bbox 616 406 768 441; x_wconf 77' lang='grc' dir='ltr'>βλεφάρων,</span> <span class='ocrx_word' id='word_1_61' title='bbox 780 407 796 442; x_wconf 89' lang='grc' dir='ltr'>ῆ</span> <span class='ocrx_word' id='word_1_62' title='bbox 809 405 905 432; x_wconf 83' lang='grc' dir='ltr'>δακτύ-</span> 
     </span>
    </p>
   </div>
   <div class='ocr_carea' id='block_1_11' title="bbox 108 451 903 488">
    <p class='ocr_par' dir='ltr' id='par_1_11' title="bbox 108 451 903 488">
     <span class='ocr_line' id='line_1_11' title="bbox 108 451 903 488; baseline 0.001 -11"><span class='ocrx_word' id='word_1_63' title='bbox 108 451 177 484; x_wconf 86' lang='grc' dir='ltr'>λων,</span> <span class='ocrx_word' id='word_1_64' title='bbox 196 451 213 486; x_wconf 80' lang='grc' dir='ltr'>ἢ</span> <span class='ocrx_word' id='word_1_65' title='bbox 229 451 400 486; x_wconf 78' lang='grc' dir='ltr'><strong>ὑποδήματος</strong></span> <span class='ocrx_word' id='word_1_66' title='bbox 417 453 433 486; x_wconf 88' lang='grc' dir='ltr'>ἠ</span> <span class='ocrx_word' id='word_1_67' title='bbox 449 452 544 487; x_wconf 85' lang='grc' dir='ltr'>Γραφὴ</span> <span class='ocrx_word' id='word_1_68' title='bbox 561 452 789 488; x_wconf 86' lang='grc' dir='ltr'>σωματικώτερον</span> <span class='ocrx_word' id='word_1_69' title='bbox 800 451 903 487; x_wconf 75' lang='grc' dir='ltr'>διεξέρ-</span> 
     </span>
    </p>
   </div>
   <div class='ocr_carea' id='block_1_12' title="bbox 109 496 904 533">
    <p class='ocr_par' dir='ltr' id='par_1_12' title="bbox 109 496 904 533">
     <span class='ocr_line' id='line_1_12' title="bbox 109 496 904 533; baseline 0.003 -11"><span class='ocrx_word' id='word_1_70' title='bbox 109 505 199 531; x_wconf 80' lang='grc' dir='ltr'>χεται,</span> <span class='ocrx_word' id='word_1_71' title='bbox 213 496 301 523; x_wconf 81' lang='grc' dir='ltr'>πάντα</span> <span class='ocrx_word' id='word_1_72' title='bbox 312 496 383 523; x_wconf 81' lang='grc' dir='ltr'>κατὰ</span> <span class='ocrx_word' id='word_1_73' title='bbox 398 496 428 523; x_wconf 76' lang='grc' dir='ltr'><strong>τὺ</strong></span> <span class='ocrx_word' id='word_1_74' title='bbox 444 497 596 533; x_wconf 75' lang='grc' dir='ltr'>προχείρως</span> <span class='ocrx_word' id='word_1_75' title='bbox 611 498 811 533; x_wconf 72' lang='grc' dir='ltr'>σημαινόμενον</span> <span class='ocrx_word' id='word_1_76' title='bbox 821 497 904 524; x_wconf 73' lang='grc' dir='ltr'>ἐκλα-</span> 
     </span>
    </p>
   </div>
   <div class='ocr_carea' id='block_1_13' title="bbox 109 541 904 578">
    <p class='ocr_par' dir='ltr' id='par_1_13' title="bbox 109 541 904 578">
     <span class='ocr_line' id='line_1_13' title="bbox 109 541 904 578; baseline 0.003 -10"><span class='ocrx_word' id='word_1_77' title='bbox 109 542 177 573; x_wconf 76' lang='grc' dir='ltr'>ϐὼν,</span> <span class='ocrx_word' id='word_1_78' title='bbox 204 541 402 576; x_wconf 81' lang='grc' dir='ltr'>ἀνθρωποειδὲς</span> <span class='ocrx_word' id='word_1_79' title='bbox 423 543 490 577; x_wconf 79' lang='grc' dir='ltr'>ἡμῖν</span> <span class='ocrx_word' id='word_1_80' title='bbox 514 543 658 578; x_wconf 84' lang='grc' dir='ltr'>ὁιαγράψει</span> <span class='ocrx_word' id='word_1_81' title='bbox 680 544 712 570; x_wconf 83' lang='grc' dir='ltr'>τὸ</span> <span class='ocrx_word' id='word_1_82' title='bbox 733 544 819 575; x_wconf 82' lang='grc' dir='ltr'>Θεῐον,</span> <span class='ocrx_word' id='word_1_83' title='bbox 844 543 904 570; x_wconf 74' lang='grc' dir='ltr'>καθ’</span> 
     </span>
    </p>
   </div>
   <div class='ocr_carea' id='block_1_14' title="bbox 109 587 904 623">
    <p class='ocr_par' dir='ltr' id='par_1_14' title="bbox 109 587 904 623">
     <span class='ocr_line' id='line_1_14' title="bbox 109 587 904 623; baseline 0.003 -10"><span class='ocrx_word' id='word_1_84' title='bbox 109 587 257 622; x_wconf 71' lang='grc' dir='ltr'>ὁμοιότητα</span> <span class='ocrx_word' id='word_1_85' title='bbox 273 587 327 613; x_wconf 82' lang='grc' dir='ltr'>τῶν</span> <span class='ocrx_word' id='word_1_86' title='bbox 345 588 375 614; x_wconf 71' lang='grc' dir='ltr'>ἐν</span> <span class='ocrx_word' id='word_1_87' title='bbox 392 588 459 623; x_wconf 84' lang='grc' dir='ltr'>ἡμῖν</span> <span class='ocrx_word' id='word_1_88' title='bbox 475 588 655 623; x_wconf 74' lang='grc' dir='ltr'>φαινομένων.</span> <span class='ocrx_word' id='word_1_89' title='bbox 675 590 706 615; x_wconf 84' lang='grc' dir='ltr'><strong>Εἰ</strong></span> <span class='ocrx_word' id='word_1_90' title='bbox 720 589 749 615; x_wconf 77' lang='grc' dir='ltr'>δὲ</span> <span class='ocrx_word' id='word_1_91' title='bbox 765 588 904 616; x_wconf 83' lang='grc' dir='ltr'><strong>δακτύλων</strong></span> 
     </span>
    </p>
   </div>
   <div class='ocr_carea' id='block_1_15' title="bbox 109 632 903 670">
    <p class='ocr_par' dir='ltr' id='par_1_15' title="bbox 109 632 903 670">
     <span class='ocr_line' id='line_1_15' title="bbox 109 632 903 670; baseline 0.001 -11"><span class='ocrx_word' id='word_1_92' title='bbox 109 642 155 665; x_wconf 84' lang='grc' dir='ltr'><strong>τις</strong></span> <span class='ocrx_word' id='word_1_93' title='bbox 169 632 237 669; x_wconf 75' lang='grc' dir='ltr'>ἔργα</span> <span class='ocrx_word' id='word_1_94' title='bbox 253 633 316 664; x_wconf 85' lang='grc' dir='ltr'>τοὺς</span> <span class='ocrx_word' id='word_1_95' title='bbox 330 633 461 668; x_wconf 82' lang='grc' dir='ltr'>οὐρανοὺς</span> <span class='ocrx_word' id='word_1_96' title='bbox 476 634 592 666; x_wconf 82' lang='grc' dir='ltr'>ἀκούων,</span> <span class='ocrx_word' id='word_1_97' title='bbox 606 634 652 660; x_wconf 72' lang='grc' dir='ltr'>καὶ</span> <span class='ocrx_word' id='word_1_98' title='bbox 664 635 743 670; x_wconf 83' lang='grc' dir='ltr'>χεῖρα</span> <span class='ocrx_word' id='word_1_99' title='bbox 757 634 903 670; x_wconf 74' lang='grc' dir='ltr'>κραταιὰν,</span> 
     </span>
    </p>
   </div>
   <div class='ocr_carea' id='block_1_16' title="bbox 109 678 905 714">
    <p class='ocr_par' dir='ltr' id='par_1_16' title="bbox 109 678 905 714">
     <span class='ocr_line' id='line_1_16' title="bbox 109 678 905 714; baseline 0 -9"><span class='ocrx_word' id='word_1_100' title='bbox 109 679 159 706; x_wconf 76' lang='grc' dir='ltr'><strong>καὶ</strong></span> <span class='ocrx_word' id='word_1_101' title='bbox 176 678 304 714; x_wconf 78' lang='grc' dir='ltr'>βραχίονα</span> <span class='ocrx_word' id='word_1_102' title='bbox 323 678 436 714; x_wconf 81' lang='grc' dir='ltr'>ὑψηλὸν,</span> <span class='ocrx_word' id='word_1_103' title='bbox 459 679 507 706; x_wconf 72' lang='grc' dir='ltr'>καὶ</span> <span class='ocrx_word' id='word_1_104' title='bbox 529 679 677 714; x_wconf 73' lang='grc' dir='ltr'>ὀφθαλμὸν,</span> <span class='ocrx_word' id='word_1_105' title='bbox 703 679 750 706; x_wconf 81' lang='grc' dir='ltr'>καὶ</span> <span class='ocrx_word' id='word_1_106' title='bbox 767 679 905 714; x_wconf 83' lang='grc' dir='ltr'>βλέφαρα,</span> 
     </span>
    </p>
   </div>
   <div class='ocr_carea' id='block_1_17' title="bbox 110 723 907 760">
    <p class='ocr_par' dir='ltr' id='par_1_17' title="bbox 110 723 907 760">
     <span class='ocr_line' id='line_1_17' title="bbox 110 723 907 760; baseline 0.001 -10"><span class='ocrx_word' id='word_1_107' title='bbox 110 725 160 751; x_wconf 75' lang='grc' dir='ltr'>καὶ</span> <span class='ocrx_word' id='word_1_108' title='bbox 172 724 251 756; x_wconf 82' lang='grc' dir='ltr'>πόδα,</span> <span class='ocrx_word' id='word_1_109' title='bbox 265 725 312 750; x_wconf 73' lang='grc' dir='ltr'>καὶ</span> <span class='ocrx_word' id='word_1_110' title='bbox 325 724 496 759; x_wconf 86' lang='grc' dir='ltr'>ὑποδήματα,</span> <span class='ocrx_word' id='word_1_111' title='bbox 511 723 671 760; x_wconf 84' lang='grc' dir='ltr'>θεοπρεπεῐς</span> <span class='ocrx_word' id='word_1_112' title='bbox 684 725 787 755; x_wconf 76' lang='grc' dir='ltr'>ἑννοίας</span> <span class='ocrx_word' id='word_1_113' title='bbox 797 725 830 751; x_wconf 81' lang='grc' dir='ltr'><strong>δι’</strong></span> <span class='ocrx_word' id='word_1_114' title='bbox 843 724 907 751; x_wconf 78' lang='grc' dir='ltr'>ἑκά-</span> 
     </span>
    </p>
   </div>
   <div class='ocr_carea' id='block_1_18' title="bbox 109 769 906 806">
    <p class='ocr_par' dir='ltr' id='par_1_18' title="bbox 109 769 906 806">
     <span class='ocr_line' id='line_1_18' title="bbox 109 769 906 806; baseline 0.001 -10"><span class='ocrx_word' id='word_1_115' title='bbox 109 778 176 796; x_wconf 82' lang='grc' dir='ltr'>στου</span> <span class='ocrx_word' id='word_1_116' title='bbox 190 769 245 796; x_wconf 82' lang='grc' dir='ltr'><strong>τῶν</strong></span> <span class='ocrx_word' id='word_1_117' title='bbox 259 769 413 804; x_wconf 68' lang='grc' dir='ltr'>εἰρημένων</span> <span class='ocrx_word' id='word_1_118' title='bbox 428 769 628 804; x_wconf 79' lang='grc' dir='ltr'>ἀναλογίζεται,</span> <span class='ocrx_word' id='word_1_119' title='bbox 645 770 692 797; x_wconf 73' lang='grc' dir='ltr'>καὶ</span> <span class='ocrx_word' id='word_1_120' title='bbox 707 771 737 797; x_wconf 85' lang='grc' dir='ltr'>οὐ</span> <span class='ocrx_word' id='word_1_121' title='bbox 752 770 906 806; x_wconf 82' lang='grc' dir='ltr'>διαμολύνει</span> 
     </span>
    </p>
   </div>
   <div class='ocr_carea' id='block_1_19' title="bbox 108 815 907 851">
    <p class='ocr_par' dir='ltr' id='par_1_19' title="bbox 108 815 907 851">
     <span class='ocr_line' id='line_1_19' title="bbox 108 815 907 851; baseline 0.001 -9"><span class='ocrx_word' id='word_1_122' title='bbox 108 816 157 842; x_wconf 67' lang='grc' dir='ltr'><strong>τὸν</strong></span> <span class='ocrx_word' id='word_1_123' title='bbox 170 815 235 851; x_wconf 77' lang='grc' dir='ltr'>περὶ</span> <span class='ocrx_word' id='word_1_124' title='bbox 244 815 295 850; x_wconf 87' lang='grc' dir='ltr'>τῆς</span> <span class='ocrx_word' id='word_1_125' title='bbox 306 815 431 851; x_wconf 78' lang='grc' dir='ltr'>καθαρᾶς</span> <span class='ocrx_word' id='word_1_126' title='bbox 446 815 554 849; x_wconf 76' lang='grc' dir='ltr'>φύσεως</span> <span class='ocrx_word' id='word_1_127' title='bbox 570 815 649 850; x_wconf 86' lang='grc' dir='ltr'>λόγον</span> <span class='ocrx_word' id='word_1_128' title='bbox 662 817 722 848; x_wconf 80' lang='grc' dir='ltr'>ταῖς</span> <span class='ocrx_word' id='word_1_129' title='bbox 738 818 907 851; x_wconf 75' lang='grc' dir='ltr'><strong>σωματικαῖς</strong></span> 
     </span>
    </p>
   </div>
   <div class='ocr_carea' id='block_1_20' title="bbox 109 862 906 900">
    <p class='ocr_par' dir='ltr' id='par_1_20' title="bbox 109 862 906 900">
     <span class='ocr_line' id='line_1_20' title="bbox 109 862 906 900; baseline -0.003 -10"><span class='ocrx_word' id='word_1_130' title='bbox 109 864 263 899; x_wconf 77' lang='grc' dir='ltr'>ὑπολήψεσι</span> <span class='ocrx_word' id='word_1_131' title='bbox 280 864 502 900; x_wconf 82' lang='grc' dir='ltr'>καταρυπαίνων,</span> <span class='ocrx_word' id='word_1_132' title='bbox 523 863 667 890; x_wconf 76' lang='grc' dir='ltr'>ἀκόλουθον</span> <span class='ocrx_word' id='word_1_133' title='bbox 682 862 716 889; x_wconf 76' lang='grc' dir='ltr'>ἂν</span> <span class='ocrx_word' id='word_1_134' title='bbox 731 862 774 896; x_wconf 72' lang='grc' dir='ltr'><strong>εἴη</strong></span> <span class='ocrx_word' id='word_1_135' title='bbox 792 862 840 889; x_wconf 72' lang='grc' dir='ltr'><strong>καὶ</strong></span> <span class='ocrx_word' id='word_1_136' title='bbox 857 862 906 899; x_wconf 78' lang='grc' dir='ltr'><strong>τὰς</strong></span> 
     </span>
    </p>
   </div>
   <div class='ocr_carea' id='block_1_21' title="bbox 108 907 906 945">
    <p class='ocr_par' dir='ltr' id='par_1_21' title="bbox 108 907 906 945">
     <span class='ocr_line' id='line_1_21' title="bbox 108 907 906 945; baseline -0.001 -9"><span class='ocrx_word' id='word_1_137' title='bbox 108 909 166 936; x_wconf 82' lang='grc' dir='ltr'>τῶν</span> <span class='ocrx_word' id='word_1_138' title='bbox 181 910 313 945; x_wconf 76' lang='grc' dir='ltr'>ῥημάτων</span> <span class='ocrx_word' id='word_1_139' title='bbox 333 910 503 945; x_wconf 77' lang='grc' dir='ltr'>ἐκφωνήσεις</span> <span class='ocrx_word' id='word_1_140' title='bbox 524 909 693 940; x_wconf 79' lang='grc' dir='ltr'>ένδεικτικὰς</span> <span class='ocrx_word' id='word_1_141' title='bbox 714 908 763 943; x_wconf 83' lang='grc' dir='ltr'>μὲν</span> <span class='ocrx_word' id='word_1_142' title='bbox 783 907 906 943; x_wconf 78' lang='grc' dir='ltr'>ἡγεῖσθαι</span> 
     </span>
    </p>
   </div>
   <div class='ocr_carea' id='block_1_22' title="bbox 109 954 907 991">
    <p class='ocr_par' dir='ltr' id='par_1_22' title="bbox 109 954 907 991">
     <span class='ocr_line' id='line_1_22' title="bbox 109 954 907 991; baseline -0.001 -10"><span class='ocrx_word' id='word_1_143' title='bbox 109 955 159 982; x_wconf 79' lang='grc' dir='ltr'>τοῦ</span> <span class='ocrx_word' id='word_1_144' title='bbox 176 955 250 982; x_wconf 77' lang='grc' dir='ltr'>Θείου</span> <span class='ocrx_word' id='word_1_145' title='bbox 272 955 455 990; x_wconf 79' lang='grc' dir='ltr'>βουλήματος,</span> <span class='ocrx_word' id='word_1_146' title='bbox 484 955 521 990; x_wconf 84' lang='grc' dir='ltr'>μὴ</span> <span class='ocrx_word' id='word_1_147' title='bbox 539 955 630 991; x_wconf 84' lang='grc' dir='ltr'>μέντοι</span> <span class='ocrx_word' id='word_1_148' title='bbox 652 954 743 989; x_wconf 77' lang='grc' dir='ltr'>φωνὰς</span> <span class='ocrx_word' id='word_1_149' title='bbox 760 954 907 990; x_wconf 71' lang='grc' dir='ltr'>ἐνάρθρους</span> 
     </span>
    </p>
   </div>
   <div class='ocr_carea' id='block_1_23' title="bbox 109 998 903 1036">
    <p class='ocr_par' dir='ltr' id='par_1_23' title="bbox 109 998 903 1036">
     <span class='ocr_line' id='line_1_23' title="bbox 109 998 903 1036; baseline -0.004 -8"><span class='ocrx_word' id='word_1_150' title='bbox 109 1001 326 1036; x_wconf 78' lang='grc' dir='ltr'>ὑπολαμϐάνειν,</span> <span class='ocrx_word' id='word_1_151' title='bbox 347 1000 404 1027; x_wconf 81' lang='grc' dir='ltr'>ἀλλ’</span> <span class='ocrx_word' id='word_1_152' title='bbox 422 1001 510 1027; x_wconf 79' lang='grc' dir='ltr'>ἐκεῖνο</span> <span class='ocrx_word' id='word_1_153' title='bbox 525 999 692 1035; x_wconf 76' lang='grc' dir='ltr'>λογίζεσθαι,</span> <span class='ocrx_word' id='word_1_154' title='bbox 707 1000 748 1026; x_wconf 86' lang='grc' dir='ltr'>ὃτι</span> <span class='ocrx_word' id='word_1_155' title='bbox 762 999 777 1026; x_wconf 85' lang='grc' dir='ltr'>ὁ</span> <span class='ocrx_word' id='word_1_156' title='bbox 796 1000 846 1034; x_wconf 81' lang='grc' dir='ltr'>τῆς</span> <span class='ocrx_word' id='word_1_157' title='bbox 862 998 903 1025; x_wconf 90' lang='grc' dir='ltr'>λο-</span> 
     </span>
    </p>
   </div>
   <div class='ocr_carea' id='block_1_24' title="bbox 108 1044 907 1082">
    <p class='ocr_par' dir='ltr' id='par_1_24' title="bbox 108 1044 907 1082">
     <span class='ocr_line' id='line_1_24' title="bbox 108 1044 907 1082; baseline -0.003 -10"><span class='ocrx_word' id='word_1_158' title='bbox 108 1046 196 1081; x_wconf 82' lang='grc' dir='ltr'>γικῆς</span> <span class='ocrx_word' id='word_1_159' title='bbox 206 1045 313 1080; x_wconf 79' lang='grc' dir='ltr'>φύσεως</span> <span class='ocrx_word' id='word_1_160' title='bbox 324 1046 494 1082; x_wconf 77' lang='grc' dir='ltr'>Δημιουργὺς</span> <span class='ocrx_word' id='word_1_161' title='bbox 507 1045 690 1080; x_wconf 77' lang='grc' dir='ltr'>ἀναλογοῦντα</span> <span class='ocrx_word' id='word_1_162' title='bbox 703 1044 742 1080; x_wconf 84' lang='grc' dir='ltr'>τῷ</span> <span class='ocrx_word' id='word_1_163' title='bbox 754 1045 845 1081; x_wconf 87' lang='grc' dir='ltr'>μέτρῳ</span> <span class='ocrx_word' id='word_1_164' title='bbox 858 1046 907 1080; x_wconf 83' lang='grc' dir='ltr'>τῆς</span> 
     </span>
    </p>
   </div>
   <div class='ocr_carea' id='block_1_25' title="bbox 107 1090 907 1127">
    <p class='ocr_par' dir='ltr' id='par_1_25' title="bbox 107 1090 907 1127">
     <span class='ocr_line' id='line_1_25' title="bbox 107 1090 907 1127; baseline -0.004 -9"><span class='ocrx_word' id='word_1_165' title='bbox 107 1091 221 1126; x_wconf 63' lang='grc' dir='ltr'>ςιύσεως</span> <span class='ocrx_word' id='word_1_166' title='bbox 238 1092 284 1122; x_wconf 76' lang='grc' dir='ltr'><strong>τὸν</strong></span> <span class='ocrx_word' id='word_1_167' title='bbox 305 1091 382 1125; x_wconf 83' lang='grc' dir='ltr'>λόγον</span> <span class='ocrx_word' id='word_1_168' title='bbox 405 1092 471 1126; x_wconf 79' lang='grc' dir='ltr'>ἡμῖν</span> <span class='ocrx_word' id='word_1_169' title='bbox 497 1090 663 1127; x_wconf 82' lang='grc' dir='ltr'>δεδώρηται,</span> <span class='ocrx_word' id='word_1_170' title='bbox 690 1090 728 1122; x_wconf 85' lang='grc' dir='ltr'><strong>ὡς</strong></span> <span class='ocrx_word' id='word_1_171' title='bbox 743 1090 776 1116; x_wconf 84' lang='grc' dir='ltr'>ἂν</span> <span class='ocrx_word' id='word_1_172' title='bbox 799 1090 907 1125; x_wconf 79' lang='grc' dir='ltr'>ἔχοιμεν</span> 
     </span>
    </p>
   </div>
   <div class='ocr_carea' id='block_1_26' title="bbox 109 1136 906 1172">
    <p class='ocr_par' dir='ltr' id='par_1_26' title="bbox 109 1136 906 1172">
     <span class='ocr_line' id='line_1_26' title="bbox 109 1136 906 1172; baseline -0.003 -8"><span class='ocrx_word' id='word_1_173' title='bbox 109 1137 286 1172; x_wconf 71' lang='grc' dir='ltr'>ἐξαγγέλλειν</span> <span class='ocrx_word' id='word_1_174' title='bbox 301 1137 334 1164; x_wconf 81' lang='grc' dir='ltr'><strong>δι’</strong></span> <span class='ocrx_word' id='word_1_175' title='bbox 349 1137 429 1164; x_wconf 82' lang='grc' dir='ltr'><strong>αὐτοῦ</strong></span> <span class='ocrx_word' id='word_1_176' title='bbox 444 1136 494 1172; x_wconf 82' lang='grc' dir='ltr'>τῆς</span> <span class='ocrx_word' id='word_1_177' title='bbox 506 1137 596 1172; x_wconf 80' lang='grc' dir='ltr'>ψυχῆς</span> <span class='ocrx_word' id='word_1_178' title='bbox 609 1137 643 1163; x_wconf 80' lang='grc' dir='ltr'><strong>τὰ</strong></span> <span class='ocrx_word' id='word_1_179' title='bbox 660 1138 811 1171; x_wconf 84' lang='grc' dir='ltr'>κινήματα.</span> <span class='ocrx_word' id='word_1_180' title='bbox 824 1137 906 1162; x_wconf 82' lang='grc' dir='ltr'>Ὅσον</span> 
     </span>
    </p>
   </div>
   <div class='ocr_carea' id='block_1_27' title="bbox 108 1182 907 1219">
    <p class='ocr_par' dir='ltr' id='par_1_27' title="bbox 108 1182 907 1219">
     <span class='ocr_line' id='line_1_27' title="bbox 108 1182 907 1219; baseline -0.005 -8"><span class='ocrx_word' id='word_1_181' title='bbox 108 1183 141 1211; x_wconf 77' lang='grc' dir='ltr'>δὲ</span> <span class='ocrx_word' id='word_1_182' title='bbox 159 1183 263 1219; x_wconf 73' lang='grc' dir='ltr'>ἀπέχει·</span> <span class='ocrx_word' id='word_1_183' title='bbox 277 1183 294 1218; x_wconf 82' lang='grc' dir='ltr'>ἡ</span> <span class='ocrx_word' id='word_1_184' title='bbox 320 1182 400 1217; x_wconf 76' lang='grc' dir='ltr'>φύσις</span> <span class='ocrx_word' id='word_1_185' title='bbox 422 1183 471 1218; x_wconf 89' lang='grc' dir='ltr'>τῆς</span> <span class='ocrx_word' id='word_1_186' title='bbox 495 1182 616 1217; x_wconf 84' lang='grc' dir='ltr'>φύσεως,</span> <span class='ocrx_word' id='word_1_187' title='bbox 642 1183 658 1217; x_wconf 87' lang='grc' dir='ltr'><strong>ἡ</strong></span> <span class='ocrx_word' id='word_1_188' title='bbox 685 1182 744 1208; x_wconf 80' lang='grc' dir='ltr'>θεία</span> <span class='ocrx_word' id='word_1_189' title='bbox 767 1182 838 1216; x_wconf 82' lang='grc' dir='ltr'>λέγω</span> <span class='ocrx_word' id='word_1_190' title='bbox 857 1182 907 1216; x_wconf 82' lang='grc' dir='ltr'>τῆς</span> 
     </span>
    </p>
   </div>
   <div class='ocr_carea' id='block_1_28' title="bbox 108 1226 906 1265">
    <p class='ocr_par' dir='ltr' id='par_1_28' title="bbox 108 1226 906 1265">
     <span class='ocr_line' id='line_1_28' title="bbox 108 1226 906 1265; baseline -0.004 -9"><span class='ocrx_word' id='word_1_191' title='bbox 108 1230 260 1265; x_wconf 74' lang='grc' dir='ltr'>ἡμετέρας.</span> <span class='ocrx_word' id='word_1_192' title='bbox 276 1228 345 1255; x_wconf 84' lang='grc' dir='ltr'>κατὰ</span> <span class='ocrx_word' id='word_1_193' title='bbox 355 1227 386 1254; x_wconf 79' lang='grc' dir='ltr'>τὸ</span> <span class='ocrx_word' id='word_1_194' title='bbox 396 1226 454 1255; x_wconf 78' lang='grc' dir='ltr'>ἴσον</span> <span class='ocrx_word' id='word_1_195' title='bbox 467 1228 564 1263; x_wconf 87' lang='grc' dir='ltr'>μέτρον</span> <span class='ocrx_word' id='word_1_196' title='bbox 575 1228 624 1261; x_wconf 83' lang='grc' dir='ltr'>τῆς</span> <span class='ocrx_word' id='word_1_197' title='bbox 633 1227 809 1258; x_wconf 81' lang='grc' dir='ltr'>ὑποστάσεως</span> <span class='ocrx_word' id='word_1_198' title='bbox 820 1227 906 1254; x_wconf 82' lang='grc' dir='ltr'>πάντα</span> 
     </span>
    </p>
   </div>
   <div class='ocr_carea' id='block_1_29' title="bbox 109 1272 907 1310">
    <p class='ocr_par' dir='ltr' id='par_1_29' title="bbox 109 1272 907 1310">
     <span class='ocr_line' id='line_1_29' title="bbox 109 1272 907 1310; baseline -0.004 -9"><span class='ocrx_word' id='word_1_199' title='bbox 109 1275 148 1302; x_wconf 79' lang='grc' dir='ltr'>τὰ</span> <span class='ocrx_word' id='word_1_200' title='bbox 164 1276 227 1310; x_wconf 81' lang='grc' dir='ltr'>περὶ</span> <span class='ocrx_word' id='word_1_201' title='bbox 242 1274 326 1309; x_wconf 82' lang='grc' dir='ltr'>αὐτὴν</span> <span class='ocrx_word' id='word_1_202' title='bbox 341 1273 407 1301; x_wconf 69' lang='grc' dir='ltr'>ὄντα</span> <span class='ocrx_word' id='word_1_203' title='bbox 421 1273 475 1301; x_wconf 85' lang='grc' dir='ltr'><strong>τῶν</strong></span> <span class='ocrx_word' id='word_1_204' title='bbox 493 1274 523 1300; x_wconf 79' lang='grc' dir='ltr'>ὲν</span> <span class='ocrx_word' id='word_1_205' title='bbox 539 1275 605 1308; x_wconf 82' lang='grc' dir='ltr'>ἡμῖν</span> <span class='ocrx_word' id='word_1_206' title='bbox 619 1272 822 1308; x_wconf 79' lang='grc' dir='ltr'>θεωρουμένων,</span> <span class='ocrx_word' id='word_1_207' title='bbox 839 1272 907 1307; x_wconf 68' lang='grc' dir='ltr'>πρὸς</span> 
     </span>
    </p>
   </div>
   <div class='ocr_carea' id='block_1_30' title="bbox 109 1317 907 1356">
    <p class='ocr_par' dir='ltr' id='par_1_30' title="bbox 109 1317 907 1356">
     <span class='ocr_line' id='line_1_30' title="bbox 109 1317 907 1356; baseline -0.006 -8"><span class='ocrx_word' id='word_1_208' title='bbox 109 1321 145 1347; x_wconf 83' lang='grc' dir='ltr'>τὸ</span> <span class='ocrx_word' id='word_1_209' title='bbox 161 1319 368 1356; x_wconf 78' lang='grc' dir='ltr'>μεγαλειότερόν</span> <span class='ocrx_word' id='word_1_210' title='bbox 384 1328 413 1346; x_wconf 86' lang='grc' dir='ltr'><strong>τε</strong></span> <span class='ocrx_word' id='word_1_211' title='bbox 427 1319 475 1346; x_wconf 67' lang='grc' dir='ltr'>καὶ</span> <span class='ocrx_word' id='word_1_212' title='bbox 490 1318 724 1354; x_wconf 83' lang='grc' dir='ltr'>θεοπρεπέστερον</span> <span class='ocrx_word' id='word_1_213' title='bbox 737 1318 786 1354; x_wconf 85' lang='grc' dir='ltr'>τὴν</span> <span class='ocrx_word' id='word_1_214' title='bbox 801 1317 907 1353; x_wconf 82' lang='grc' dir='ltr'>παραλ-</span> 
     </span>
    </p>
   </div>
   <div class='ocr_carea' id='block_1_31' title="bbox 109 1364 907 1402">
    <p class='ocr_par' dir='ltr' id='par_1_31' title="bbox 109 1364 907 1402">
     <span class='ocr_line' id='line_1_31' title="bbox 109 1364 907 1402; baseline -0.005 -8"><span class='ocrx_word' id='word_1_215' title='bbox 109 1367 201 1402; x_wconf 83' lang='grc' dir='ltr'>λαγὴν</span> <span class='ocrx_word' id='word_1_216' title='bbox 214 1366 280 1402; x_wconf 73' lang='grc' dir='ltr'>ἔχει.</span> <span class='ocrx_word' id='word_1_217' title='bbox 294 1367 348 1394; x_wconf 76' lang='grc' dir='ltr'><strong>Καὶ</strong></span> <span class='ocrx_word' id='word_1_218' title='bbox 363 1367 401 1398; x_wconf 81' lang='grc' dir='ltr'>ὡς</span> <span class='ocrx_word' id='word_1_219' title='bbox 416 1367 433 1401; x_wconf 87' lang='grc' dir='ltr'>ἡ</span> <span class='ocrx_word' id='word_1_220' title='bbox 448 1365 564 1400; x_wconf 84' lang='grc' dir='ltr'>δύναμις</span> <span class='ocrx_word' id='word_1_221' title='bbox 581 1365 598 1400; x_wconf 86' lang='grc' dir='ltr'><strong>ἠ</strong></span> <span class='ocrx_word' id='word_1_222' title='bbox 611 1364 672 1392; x_wconf 83' lang='grc' dir='ltr'>καθ’</span> <span class='ocrx_word' id='word_1_223' title='bbox 685 1365 759 1400; x_wconf 80' lang='grc' dir='ltr'>ἡμᾶς</span> <span class='ocrx_word' id='word_1_224' title='bbox 773 1364 842 1399; x_wconf 73' lang='grc' dir='ltr'>πρὸς</span> <span class='ocrx_word' id='word_1_225' title='bbox 857 1364 907 1400; x_wconf 82' lang='grc' dir='ltr'>τὴν</span> 
     </span>
    </p>
   </div>
   <div class='ocr_carea' id='block_1_32' title="bbox 109 1409 908 1448">
    <p class='ocr_par' dir='ltr' id='par_1_32' title="bbox 109 1409 908 1448">
     <span class='ocr_line' id='line_1_32' title="bbox 109 1409 908 1448; baseline -0.005 -8"><span class='ocrx_word' id='word_1_226' title='bbox 109 1412 162 1440; x_wconf 80' lang='grc' dir='ltr'>τοῦ</span> <span class='ocrx_word' id='word_1_227' title='bbox 180 1412 247 1439; x_wconf 77' lang='grc' dir='ltr'>Θεοῦ</span> <span class='ocrx_word' id='word_1_228' title='bbox 265 1412 410 1448; x_wconf 73' lang='grc' dir='ltr'>κρινομένη</span> <span class='ocrx_word' id='word_1_229' title='bbox 431 1411 462 1438; x_wconf 79' lang='grc' dir='ltr'>τὸ</span> <span class='ocrx_word' id='word_1_230' title='bbox 484 1411 566 1447; x_wconf 82' lang='grc' dir='ltr'>μηδέν</span> <span class='ocrx_word' id='word_1_231' title='bbox 580 1412 647 1443; x_wconf 74' lang='grc' dir='ltr'>ἐστι,</span> <span class='ocrx_word' id='word_1_232' title='bbox 665 1411 712 1437; x_wconf 74' lang='grc' dir='ltr'>καὶ</span> <span class='ocrx_word' id='word_1_233' title='bbox 731 1411 747 1446; x_wconf 87' lang='grc' dir='ltr'>ὴ</span> <span class='ocrx_word' id='word_1_234' title='bbox 763 1410 819 1445; x_wconf 79' lang='grc' dir='ltr'><strong>ζωὴ</strong></span> <span class='ocrx_word' id='word_1_235' title='bbox 838 1409 908 1444; x_wconf 73' lang='grc' dir='ltr'>πρὸς</span> 
     </span>
    </p>
   </div>
   <div class='ocr_carea' id='block_1_33' title="bbox 110 1455 908 1494">
    <p class='ocr_par' dir='ltr' id='par_1_33' title="bbox 110 1455 908 1494">
     <span class='ocr_line' id='line_1_33' title="bbox 110 1455 908 1494; baseline -0.004 -10"><span class='ocrx_word' id='word_1_236' title='bbox 110 1459 164 1494; x_wconf 73' lang='grc' dir='ltr'><strong>⁴τὴν</strong></span> <span class='ocrx_word' id='word_1_237' title='bbox 179 1458 262 1494; x_wconf 79' lang='grc' dir='ltr'>ζωὴν,</span> <span class='ocrx_word' id='word_1_238' title='bbox 276 1458 323 1485; x_wconf 73' lang='grc' dir='ltr'>καὶ</span> <span class='ocrx_word' id='word_1_239' title='bbox 338 1458 373 1485; x_wconf 77' lang='grc' dir='ltr'><strong>τὰ.</strong></span> <span class='ocrx_word' id='word_1_240' title='bbox 389 1457 456 1485; x_wconf 72' lang='grc' dir='ltr'>ἄλλα</span> <span class='ocrx_word' id='word_1_241' title='bbox 481 1457 570 1484; x_wconf 85' lang='grc' dir='ltr'>πάντα</span> <span class='ocrx_word' id='word_1_242' title='bbox 591 1456 626 1483; x_wconf 78' lang='grc' dir='ltr'>τὰ</span> <span class='ocrx_word' id='word_1_243' title='bbox 648 1456 771 1491; x_wconf 83' lang='grc' dir='ltr'>ἡμέτερα</span> <span class='ocrx_word' id='word_1_244' title='bbox 792 1455 860 1491; x_wconf 80' lang='grc' dir='ltr'>πρὸς</span> <span class='ocrx_word' id='word_1_245' title='bbox 873 1455 908 1481; x_wconf 86' lang='grc' dir='ltr'>τὰ</span> 
     </span>
    </p>
   </div>
   <div class='ocr_carea' id='block_1_34' title="bbox 111 1501 943 1548">
    <p class='ocr_par' dir='ltr' id='par_1_34' title="bbox 111 1501 943 1548">
     <span class='ocr_line' id='line_1_34' title="bbox 111 1501 943 1548; baseline -0.005 -18"><span class='ocrx_word' id='word_1_246' title='bbox 111 1505 144 1531; x_wconf 80' lang='grc' dir='ltr'>ἐν</span> <span class='ocrx_word' id='word_1_247' title='bbox 156 1504 252 1540; x_wconf 72' lang='grc' dir='ltr'>ἐκείνῳ</span> <span class='ocrx_word' id='word_1_248' title='bbox 265 1504 423 1540; x_wconf 76' lang='grc' dir='ltr'>κρινόμενα,</span> <span class='ocrx_word' id='word_1_249' title='bbox 438 1503 476 1534; x_wconf 79' lang='grc' dir='ltr'>ὡς</span> <span class='ocrx_word' id='word_1_250' title='bbox 491 1502 571 1529; x_wconf 74' lang='grc' dir='ltr'>οὐθὲν</span> <span class='ocrx_word' id='word_1_251' title='bbox 582 1501 697 1528; x_wconf 70' lang='grc' dir='ltr'>ἐνώπιον</span> <span class='ocrx_word' id='word_1_252' title='bbox 711 1501 802 1532; x_wconf 74' lang='grc' dir='ltr'>αὑτοῦ,</span> <span class='ocrx_word' id='word_1_253' title='bbox 818 1501 908 1532; x_wconf 75' lang='grc' dir='ltr'>καθὼς</span> <span class='ocrx_word' id='word_1_254' title='bbox 922 1519 943 1548; x_wconf 79' lang='lat' dir='ltr'><strong>C</strong></span> 
     </span>
    </p>
   </div>
   <div class='ocr_carea' id='block_1_35' title="bbox 111 1546 908 1586">
    <p class='ocr_par' dir='ltr' id='par_1_35' title="bbox 111 1546 908 1586">
     <span class='ocr_line' id='line_1_35' title="bbox 111 1546 908 1586; baseline -0.004 -11"><span class='ocrx_word' id='word_1_255' title='bbox 111 1551 132 1585; x_wconf 83' lang='grc' dir='ltr'>ἡ</span> <span class='ocrx_word' id='word_1_256' title='bbox 147 1550 301 1586; x_wconf 69' lang='grc' dir='ltr'>προφητεία</span> <span class='ocrx_word' id='word_1_257' title='bbox 311 1549 403 1585; x_wconf 80' lang='grc' dir='ltr'>φησιν’</span> <span class='ocrx_word' id='word_1_258' title='bbox 419 1547 505 1580; x_wconf 77' lang='grc' dir='ltr'>οὕτως</span> <span class='ocrx_word' id='word_1_259' title='bbox 517 1548 563 1574; x_wconf 73' lang='grc' dir='ltr'><strong>καὶ</strong></span> <span class='ocrx_word' id='word_1_260' title='bbox 577 1549 591 1574; x_wconf 83' lang='grc' dir='ltr'>ὁ</span> <span class='ocrx_word' id='word_1_261' title='bbox 605 1548 737 1582; x_wconf 80' lang='grc' dir='ltr'>ἡμέτερος</span> <span class='ocrx_word' id='word_1_262' title='bbox 753 1547 831 1581; x_wconf 79' lang='grc' dir='ltr'>λόγος</span> <span class='ocrx_word' id='word_1_263' title='bbox 842 1546 908 1582; x_wconf 65' lang='grc' dir='ltr'>πρὶς</span> 
     </span>
    </p>
   </div>
   <div class='ocr_carea' id='block_1_36' title="bbox 112 1589 909 1628">
    <p class='ocr_par' dir='ltr' id='par_1_36' title="bbox 112 1589 909 1628">
     <span class='ocr_line' id='line_1_36' title="bbox 112 1589 909 1628; baseline -0.005 -7"><span class='ocrx_word' id='word_1_264' title='bbox 112 1596 161 1622; x_wconf 79' lang='grc' dir='ltr'>τὸν</span> <span class='ocrx_word' id='word_1_265' title='bbox 181 1595 266 1626; x_wconf 73' lang='grc' dir='ltr'>ὅντως</span> <span class='ocrx_word' id='word_1_266' title='bbox 279 1595 345 1621; x_wconf 68' lang='grc' dir='ltr'>ὄντα</span> <span class='ocrx_word' id='word_1_267' title='bbox 362 1594 449 1628; x_wconf 83' lang='grc' dir='ltr'>Λόγον</span> <span class='ocrx_word' id='word_1_268' title='bbox 465 1593 623 1628; x_wconf 82' lang='grc' dir='ltr'>κρινόμενός</span> <span class='ocrx_word' id='word_1_269' title='bbox 637 1593 709 1619; x_wconf 76' lang='grc' dir='ltr'>ἐστιν</span> <span class='ocrx_word' id='word_1_270' title='bbox 721 1592 807 1620; x_wconf 75' lang='grc' dir='ltr'>οὐδέν.</span> <span class='ocrx_word' id='word_1_271' title='bbox 825 1589 909 1623; x_wconf 77' lang='grc' dir='ltr'>Οὗτος</span> 
     </span>
    </p>
   </div>
   <div class='ocr_carea' id='block_1_37' title="bbox 116 1636 909 1674">
    <p class='ocr_par' dir='ltr' id='par_1_37' title="bbox 116 1636 909 1674">
     <span class='ocr_line' id='line_1_37' title="bbox 116 1636 909 1674; baseline -0.003 -9"><span class='ocrx_word' id='word_1_272' title='bbox 116 1640 168 1674; x_wconf 82' lang='grc' dir='ltr'>μὲν</span> <span class='ocrx_word' id='word_1_273' title='bbox 185 1639 239 1674; x_wconf 75' lang='grc' dir='ltr'><strong>γὰρ</strong></span> <span class='ocrx_word' id='word_1_274' title='bbox 252 1641 280 1666; x_wconf 76' lang='grc' dir='ltr'>ὲν</span> <span class='ocrx_word' id='word_1_275' title='bbox 291 1639 361 1674; x_wconf 80' lang='grc' dir='ltr'>ἀρχῇ</span> <span class='ocrx_word' id='word_1_276' title='bbox 385 1638 435 1664; x_wconf 79' lang='grc' dir='ltr'>οὐκ</span> <span class='ocrx_word' id='word_1_277' title='bbox 456 1636 500 1673; x_wconf 79' lang='grc' dir='ltr'>ἦν,</span> <span class='ocrx_word' id='word_1_278' title='bbox 517 1637 585 1664; x_wconf 76' lang='grc' dir='ltr'>ἀλλὰ</span> <span class='ocrx_word' id='word_1_279' title='bbox 600 1639 633 1672; x_wconf 87' lang='grc' dir='ltr'>τῇ</span> <span class='ocrx_word' id='word_1_280' title='bbox 649 1638 771 1672; x_wconf 72' lang='grc' dir='ltr'>ἡμετέρᾳ</span> <span class='ocrx_word' id='word_1_281' title='bbox 793 1646 909 1671; x_wconf 82' lang='grc' dir='ltr'>συγκατ-</span> 
     </span>
    </p>
   </div>
   <div class='ocr_carea' id='block_1_38' title="bbox 114 1682 908 1720">
    <p class='ocr_par' dir='ltr' id='par_1_38' title="bbox 114 1682 908 1720">
     <span class='ocr_line' id='line_1_38' title="bbox 114 1682 908 1720; baseline -0.004 -8"><span class='ocrx_word' id='word_1_282' title='bbox 114 1684 272 1720; x_wconf 63' lang='lat' dir='ltr'><strong>anguiian</strong></span> <span class='ocrx_word' id='word_1_283' title='bbox 283 1684 373 1720; x_wconf 84' lang='grc' dir='ltr'>φύσει·</span> <span class='ocrx_word' id='word_1_284' title='bbox 385 1683 445 1710; x_wconf 79' lang='grc' dir='ltr'>οὔτε</span> <span class='ocrx_word' id='word_1_285' title='bbox 454 1683 514 1709; x_wconf 79' lang='grc' dir='ltr'>κατ’</span> <span class='ocrx_word' id='word_1_286' title='bbox 525 1682 592 1709; x_wconf 77' lang='grc' dir='ltr'>ἰδίαν</span> <span class='ocrx_word' id='word_1_287' title='bbox 599 1682 740 1717; x_wconf 82' lang='grc' dir='ltr'>θεωρεῖται</span> <span class='ocrx_word' id='word_1_288' title='bbox 751 1682 908 1714; x_wconf 72' lang='grc' dir='ltr'>ὑπόστασιν,</span> 
     </span>
    </p>
   </div>
   <div class='ocr_carea' id='block_1_39' title="bbox 114 1727 909 1766">
    <p class='ocr_par' dir='ltr' id='par_1_39' title="bbox 114 1727 909 1766">
     <span class='ocr_line' id='line_1_39' title="bbox 114 1727 909 1766; baseline -0.006 -8"><span class='ocrx_word' id='word_1_289' title='bbox 114 1731 177 1758; x_wconf 80' lang='grc' dir='ltr'>ἀλλ’</span> <span class='ocrx_word' id='word_1_290' title='bbox 191 1730 229 1762; x_wconf 83' lang='grc' dir='ltr'>ὥς</span> <span class='ocrx_word' id='word_1_291' title='bbox 243 1730 308 1766; x_wconf 84' lang='grc' dir='ltr'>φησί</span> <span class='ocrx_word' id='word_1_292' title='bbox 320 1738 372 1757; x_wconf 89' lang='grc' dir='ltr'><strong>που</strong></span> <span class='ocrx_word' id='word_1_293' title='bbox 385 1730 399 1756; x_wconf 87' lang='grc' dir='ltr'><strong>ό</strong></span> <span class='ocrx_word' id='word_1_294' title='bbox 408 1728 576 1760; x_wconf 75' lang='grc' dir='ltr'>διδάσκαλος,</span> <span class='ocrx_word' id='word_1_295' title='bbox 588 1727 626 1764; x_wconf 81' lang='grc' dir='ltr'>τῷ</span> <span class='ocrx_word' id='word_1_296' title='bbox 635 1728 714 1762; x_wconf 73' lang='grc' dir='ltr'>ψόφῳ</span> <span class='ocrx_word' id='word_1_297' title='bbox 726 1728 775 1762; x_wconf 81' lang='grc' dir='ltr'>τῆς</span> <span class='ocrx_word' id='word_1_298' title='bbox 785 1727 909 1762; x_wconf 82' lang='grc' dir='ltr'>γλώσσης</span> 
     </span>
    </p>
   </div>
   <div class='ocr_carea' id='block_1_40' title="bbox 116 1774 909 1812">
    <p class='ocr_par' dir='ltr' id='par_1_40' title="bbox 116 1774 909 1812">
     <span class='ocr_line' id='line_1_40' title="bbox 116 1774 909 1812; baseline -0.004 -8"><span class='ocrx_word' id='word_1_299' title='bbox 116 1777 337 1812; x_wconf 80' lang='grc' dir='ltr'>συναφανίζεται·</span> <span class='ocrx_word' id='word_1_300' title='bbox 357 1775 418 1804; x_wconf 77' lang='grc' dir='ltr'>οὔτε</span> <span class='ocrx_word' id='word_1_301' title='bbox 444 1775 523 1811; x_wconf 75' lang='grc' dir='ltr'>Εργον</span> <span class='ocrx_word' id='word_1_302' title='bbox 541 1775 601 1802; x_wconf 62' lang='grc' dir='ltr'>ἔστι</span> <span class='ocrx_word' id='word_1_303' title='bbox 623 1774 719 1801; x_wconf 85' lang='grc' dir='ltr'>τούτου</span> <span class='ocrx_word' id='word_1_304' title='bbox 742 1776 837 1810; x_wconf 80' lang='grc' dir='ltr'>νοῆσαι</span> <span class='ocrx_word' id='word_1_305' title='bbox 862 1775 909 1801; x_wconf 85' lang='grc' dir='ltr'>τοῦ</span> 
     </span>
    </p>
   </div>
   <div class='ocr_carea' id='block_1_41' title="bbox 116 1819 910 1857">
    <p class='ocr_par' dir='ltr' id='par_1_41' title="bbox 116 1819 910 1857">
     <span class='ocr_line' id='line_1_41' title="bbox 116 1819 910 1857; baseline -0.005 -8"><span class='ocrx_word' id='word_1_306' title='bbox 116 1823 210 1857; x_wconf 72' lang='grc' dir='ltr'>λόγου,</span> <span class='ocrx_word' id='word_1_307' title='bbox 225 1822 280 1849; x_wconf 81' lang='grc' dir='ltr'>ἀλλ’</span> <span class='ocrx_word' id='word_1_308' title='bbox 298 1823 326 1848; x_wconf 81' lang='grc' dir='ltr'>ὲν</span> <span class='ocrx_word' id='word_1_309' title='bbox 345 1821 413 1857; x_wconf 80' lang='grc' dir='ltr'>μόνῃ</span> <span class='ocrx_word' id='word_1_310' title='bbox 428 1821 503 1855; x_wconf 84' lang='grc' dir='ltr'>φωνῇ</span> <span class='ocrx_word' id='word_1_311' title='bbox 515 1820 561 1846; x_wconf 65' lang='grc' dir='ltr'>καλ.</span> <span class='ocrx_word' id='word_1_312' title='bbox 573 1820 717 1855; x_wconf 80' lang='grc' dir='ltr'>γράμματι</span> <span class='ocrx_word' id='word_1_313' title='bbox 729 1819 778 1854; x_wconf 87' lang='grc' dir='ltr'>τὴν</span> <span class='ocrx_word' id='word_1_314' title='bbox 790 1819 910 1846; x_wconf 67' lang='grc' dir='ltr'>ὑπόσταο</span> 
     </span>
    </p>
   </div>
   <div class='ocr_carea' id='block_1_42' title="bbox 117 1864 911 1903">
    <p class='ocr_par' dir='ltr' id='par_1_42' title="bbox 117 1864 911 1903">
     <span class='ocr_line' id='line_1_42' title="bbox 117 1864 911 1903; baseline -0.005 -9"><span class='ocrx_word' id='word_1_315' title='bbox 117 1876 162 1894; x_wconf 83' lang='grc' dir='ltr'><strong>σιν</strong></span> <span class='ocrx_word' id='word_1_316' title='bbox 177 1868 244 1903; x_wconf 77' lang='grc' dir='ltr'>ἔχει.</span> <span class='ocrx_word' id='word_1_317' title='bbox 266 1868 295 1894; x_wconf 93' lang='lat'><strong>&#39;0</strong></span> <span class='ocrx_word' id='word_1_318' title='bbox 311 1867 340 1893; x_wconf 81' lang='grc' dir='ltr'>δὲ</span> <span class='ocrx_word' id='word_1_319' title='bbox 354 1867 386 1893; x_wconf 81' lang='grc' dir='ltr'>ὲκ</span> <span class='ocrx_word' id='word_1_320' title='bbox 402 1866 448 1893; x_wconf 79' lang='grc' dir='ltr'><strong>τοῦ</strong></span> <span class='ocrx_word' id='word_1_321' title='bbox 467 1865 534 1893; x_wconf 84' lang='grc' dir='ltr'>Θεοῦ</span> <span class='ocrx_word' id='word_1_322' title='bbox 551 1865 647 1899; x_wconf 87' lang='grc' dir='ltr'>Λόγος.</span> <span class='ocrx_word' id='word_1_323' title='bbox 662 1864 728 1896; x_wconf 86' lang='grc' dir='ltr'>Θεός</span> <span class='ocrx_word' id='word_1_324' title='bbox 740 1865 809 1898; x_wconf 84' lang='grc' dir='ltr'>ἐστι,</span> <span class='ocrx_word' id='word_1_325' title='bbox 826 1865 911 1898; x_wconf 84' lang='grc' dir='ltr'>Λόγος</span> 
     </span>
    </p>
   </div>
   <div class='ocr_carea' id='block_1_43' title="bbox 115 1906 911 1948">
    <p class='ocr_par' dir='ltr' id='par_1_43' title="bbox 115 1906 911 1948">
     <span class='ocr_line' id='line_1_43' title="bbox 115 1906 911 1948; baseline -0.004 -9"><span class='ocrx_word' id='word_1_326' title='bbox 115 1913 147 1939; x_wconf 76' lang='grc' dir='ltr'>ὲν</span> <span class='ocrx_word' id='word_1_327' title='bbox 161 1912 233 1948; x_wconf 82' lang='grc' dir='ltr'>ἀρχῇ</span> <span class='ocrx_word' id='word_1_328' title='bbox 246 1912 283 1939; x_wconf 84' lang='grc' dir='ltr'>ὢν</span> <span class='ocrx_word' id='word_1_329' title='bbox 298 1912 344 1938; x_wconf 81' lang='grc' dir='ltr'>καὶ</span> <span class='ocrx_word' id='word_1_330' title='bbox 356 1911 444 1937; x_wconf 76' lang='grc' dir='ltr'>εἰσαεὶ</span> <span class='ocrx_word' id='word_1_331' title='bbox 463 1910 607 1946; x_wconf 82' lang='grc' dir='ltr'>διαμένων,</span> <span class='ocrx_word' id='word_1_332' title='bbox 622 1909 657 1936; x_wconf 80' lang='grc' dir='ltr'>δι’</span> <span class='ocrx_word' id='word_1_333' title='bbox 670 1906 701 1938; x_wconf 66' lang='grc' dir='ltr'>οὗ</span> <span class='ocrx_word' id='word_1_334' title='bbox 714 1910 748 1936; x_wconf 80' lang='grc' dir='ltr'><strong>τὰ</strong></span> <span class='ocrx_word' id='word_1_335' title='bbox 761 1909 849 1936; x_wconf 85' lang='grc' dir='ltr'>πάντα</span> <span class='ocrx_word' id='word_1_336' title='bbox 863 1909 911 1936; x_wconf 73' lang='grc' dir='ltr'>καὶ</span> 
     </span>
    </p>
   </div>
   <div class='ocr_carea' id='block_1_44' title="bbox 114 1955 912 1992">
    <p class='ocr_par' dir='ltr' id='par_1_44' title="bbox 114 1955 912 1992">
     <span class='ocr_line' id='line_1_44' title="bbox 114 1955 912 1992; baseline -0.005 -7"><span class='ocrx_word' id='word_1_337' title='bbox 114 1959 177 1986; x_wconf 80' lang='grc' dir='ltr'>εστι</span> <span class='ocrx_word' id='word_1_338' title='bbox 194 1958 241 1984; x_wconf 85' lang='grc' dir='ltr'>καὶ</span> <span class='ocrx_word' id='word_1_339' title='bbox 264 1958 411 1992; x_wconf 81' lang='grc' dir='ltr'>συνέστηκε</span> <span class='ocrx_word' id='word_1_340' title='bbox 422 1976 430 1988; x_wconf 89' lang='grc'><strong>,</strong></span> <span class='ocrx_word' id='word_1_341' title='bbox 446 1957 493 1982; x_wconf 77' lang='grc' dir='ltr'>καὶ</span> <span class='ocrx_word' id='word_1_342' title='bbox 507 1955 553 1982; x_wconf 79' lang='grc' dir='ltr'>τοῦ</span> <span class='ocrx_word' id='word_1_343' title='bbox 572 1955 670 1986; x_wconf 74' lang='grc' dir='ltr'>παντὸς</span> <span class='ocrx_word' id='word_1_344' title='bbox 694 1955 847 1988; x_wconf 77' lang='grc' dir='ltr'>ἐπιστατεῖ,</span> <span class='ocrx_word' id='word_1_345' title='bbox 863 1955 912 1982; x_wconf 76' lang='grc' dir='ltr'>καὶ</span> 
     </span>
    </p>
   </div>
   <div class='ocr_carea' id='block_1_45' title="bbox 115 2001 911 2039">
    <p class='ocr_par' dir='ltr' id='par_1_45' title="bbox 115 2001 911 2039">
     <span class='ocr_line' id='line_1_45' title="bbox 115 2001 911 2039; baseline -0.005 -8"><span class='ocrx_word' id='word_1_346' title='bbox 115 2006 211 2031; x_wconf 79' lang='grc' dir='ltr'>πᾶσαν</span> <span class='ocrx_word' id='word_1_347' title='bbox 222 2004 278 2039; x_wconf 73' lang='grc' dir='ltr'>ἔχει</span> <span class='ocrx_word' id='word_1_348' title='bbox 295 2003 344 2038; x_wconf 83' lang='grc' dir='ltr'>τὴν</span> <span class='ocrx_word' id='word_1_349' title='bbox 359 2002 482 2036; x_wconf 73' lang='grc' dir='ltr'>ἐξουσίαν</span> <span class='ocrx_word' id='word_1_350' title='bbox 497 2001 551 2028; x_wconf 83' lang='grc' dir='ltr'>τῶν</span> <span class='ocrx_word' id='word_1_351' title='bbox 567 2002 595 2028; x_wconf 79' lang='grc' dir='ltr'>ὲν</span> <span class='ocrx_word' id='word_1_352' title='bbox 613 2001 723 2036; x_wconf 78' lang='grc' dir='ltr'>οὐρανῷ</span> <span class='ocrx_word' id='word_1_353' title='bbox 735 2001 783 2027; x_wconf 74' lang='grc' dir='ltr'>καὶ</span> <span class='ocrx_word' id='word_1_354' title='bbox 796 2001 851 2027; x_wconf 86' lang='grc' dir='ltr'>τῶν</span> <span class='ocrx_word' id='word_1_355' title='bbox 863 2002 911 2028; x_wconf 77' lang='grc' dir='ltr'><strong>ἐπὶ</strong></span> 
     </span>
    </p>
   </div>
   <div class='ocr_carea' id='block_1_46' title="bbox 116 2046 909 2085">
    <p class='ocr_par' dir='ltr' id='par_1_46' title="bbox 116 2046 909 2085">
     <span class='ocr_line' id='line_1_46' title="bbox 116 2046 909 2085; baseline -0.005 -9"><span class='ocrx_word' id='word_1_356' title='bbox 116 2050 172 2085; x_wconf 66' lang='grc' dir='ltr'>τῆς</span> <span class='ocrx_word' id='word_1_357' title='bbox 184 2051 246 2085; x_wconf 80' lang='grc' dir='ltr'>γῆς,</span> <span class='ocrx_word' id='word_1_358' title='bbox 260 2049 327 2084; x_wconf 79' lang='grc' dir='ltr'>ζωὴ,</span> <span class='ocrx_word' id='word_1_359' title='bbox 341 2049 387 2075; x_wconf 80' lang='grc' dir='ltr'>καὶ</span> <span class='ocrx_word' id='word_1_360' title='bbox 398 2048 523 2083; x_wconf 81' lang='grc' dir='ltr'>ἀλήθεια,</span> <span class='ocrx_word' id='word_1_361' title='bbox 535 2048 582 2074; x_wconf 80' lang='grc' dir='ltr'>καὶ</span> <span class='ocrx_word' id='word_1_362' title='bbox 600 2047 766 2081; x_wconf 79' lang='grc' dir='ltr'>δικαιοσύνη,</span> <span class='ocrx_word' id='word_1_363' title='bbox 780 2047 827 2073; x_wconf 79' lang='grc' dir='ltr'>καὶ</span> <span class='ocrx_word' id='word_1_364' title='bbox 841 2046 909 2081; x_wconf 69' lang='grc' dir='ltr'>φῶς,</span> 
     </span>
    </p>
   </div>
   <div class='ocr_carea' id='block_1_47' title="bbox 117 2090 910 2128">
    <p class='ocr_par' dir='ltr' id='par_1_47' title="bbox 117 2090 910 2128">
     <span class='ocr_line' id='line_1_47' title="bbox 117 2090 910 2128; baseline -0.006 -6"><span class='ocrx_word' id='word_1_365' title='bbox 117 2096 169 2122; x_wconf 67' lang='grc' dir='ltr'>καὶ</span> <span class='ocrx_word' id='word_1_366' title='bbox 186 2096 239 2122; x_wconf 83' lang='grc' dir='ltr'>πᾶν</span> <span class='ocrx_word' id='word_1_367' title='bbox 254 2094 354 2128; x_wconf 72' lang='grc' dir='ltr'>ἀγαθὸν</span> <span class='ocrx_word' id='word_1_368' title='bbox 374 2094 421 2125; x_wconf 77' lang='grc' dir='ltr'>ὢν,</span> <span class='ocrx_word' id='word_1_369' title='bbox 438 2093 486 2120; x_wconf 78' lang='grc' dir='ltr'>καὶ</span> <span class='ocrx_word' id='word_1_370' title='bbox 504 2092 539 2119; x_wconf 83' lang='grc' dir='ltr'><strong>τά</strong></span> <span class='ocrx_word' id='word_1_371' title='bbox 554 2092 643 2118; x_wconf 86' lang='grc' dir='ltr'>πάντα</span> <span class='ocrx_word' id='word_1_372' title='bbox 663 2093 691 2118; x_wconf 85' lang='grc' dir='ltr'>ὲν</span> <span class='ocrx_word' id='word_1_373' title='bbox 711 2091 750 2126; x_wconf 85' lang='grc' dir='ltr'>τῷ</span> <span class='ocrx_word' id='word_1_374' title='bbox 769 2090 838 2118; x_wconf 78' lang='grc' dir='ltr'>εἶναι</span> <span class='ocrx_word' id='word_1_375' title='bbox 853 2092 910 2118; x_wconf 82' lang='grc' dir='ltr'>δια-</span> 
     </span>
    </p>
   </div>
   <div class='ocr_carea' id='block_1_48' title="bbox 118 2137 912 2178">
    <p class='ocr_par' dir='ltr' id='par_1_48' title="bbox 118 2137 912 2178">
     <span class='ocr_line' id='line_1_48' title="bbox 118 2137 912 2178; baseline -0.008 -9"><span class='ocrx_word' id='word_1_376' title='bbox 118 2142 242 2178; x_wconf 78' lang='grc' dir='ltr'>κρατῶν.</span> <span class='ocrx_word' id='word_1_377' title='bbox 259 2140 385 2168; x_wconf 79' lang='grc' dir='ltr'>Τοιούτου</span> <span class='ocrx_word' id='word_1_378' title='bbox 400 2139 489 2166; x_wconf 81' lang='grc' dir='ltr'>τοίνυν</span> <span class='ocrx_word' id='word_1_379' title='bbox 506 2139 582 2171; x_wconf 82' lang='grc' dir='ltr'>δντος</span> <span class='ocrx_word' id='word_1_380' title='bbox 597 2138 643 2165; x_wconf 77' lang='grc' dir='ltr'>καὶ</span> <span class='ocrx_word' id='word_1_381' title='bbox 661 2138 788 2164; x_wconf 83' lang='grc' dir='ltr'>τοσούτου</span> <span class='ocrx_word' id='word_1_382' title='bbox 803 2137 850 2164; x_wconf 82' lang='grc' dir='ltr'>τοῦ</span> <span class='ocrx_word' id='word_1_383' title='bbox 860 2137 912 2164; x_wconf 76' lang='grc' dir='ltr'><strong>Λό-</strong></span> 
     </span>
    </p>
   </div>
   <div class='ocr_carea' id='block_1_49' title="bbox 956 220 1741 258">
    <p class='ocr_par' dir='ltr' id='par_1_49' title="bbox 956 220 1741 258">
     <span class='ocr_line' id='line_1_49' title="bbox 956 220 1741 258; baseline 0.003 -10"><span class='ocrx_word' id='word_1_384' title='bbox 956 221 1025 252; x_wconf 88' lang='lat' dir='ltr'><strong>hoc,</strong></span> <span class='ocrx_word' id='word_1_385' title='bbox 1045 220 1118 247; x_wconf 80' lang='lat' dir='ltr'><strong>Vidit</strong></span> <span class='ocrx_word' id='word_1_386' title='bbox 1136 221 1204 249; x_wconf 76' lang='lat' dir='ltr'><strong>Deus</strong></span> <span class='ocrx_word' id='word_1_387' title='bbox 1219 222 1251 253; x_wconf 82' lang='grc'><strong>³³,</strong></span> <span class='ocrx_word' id='word_1_388' title='bbox 1268 225 1349 257; x_wconf 84' lang='lat' dir='ltr'><strong>prout</strong></span> <span class='ocrx_word' id='word_1_389' title='bbox 1370 230 1469 250; x_wconf 86' lang='lat' dir='ltr'><strong>sensus</strong></span> <span class='ocrx_word' id='word_1_390' title='bbox 1492 226 1587 250; x_wconf 85' lang='lat' dir='ltr'><strong>noster</strong></span> <span class='ocrx_word' id='word_1_391' title='bbox 1608 228 1741 258; x_wconf 76' lang='lat' dir='ltr'><strong>percipit,</strong></span> 
     </span>
    </p>
   </div>
   <div class='ocr_carea' id='block_1_50' title="bbox 955 265 1739 303">
    <p class='ocr_par' dir='ltr' id='par_1_50' title="bbox 955 265 1739 303">
     <span class='ocr_line' id='line_1_50' title="bbox 955 265 1739 303; baseline 0.003 -10"><span class='ocrx_word' id='word_1_392' title='bbox 955 273 1002 301; x_wconf 87' lang='lat' dir='ltr'><strong>per</strong></span> <span class='ocrx_word' id='word_1_393' title='bbox 1016 265 1160 293; x_wconf 86' lang='lat' dir='ltr'><strong>oculorum</strong></span> <span class='ocrx_word' id='word_1_394' title='bbox 1183 266 1317 294; x_wconf 85' lang='lat' dir='ltr'><strong>actionem</strong></span> <span class='ocrx_word' id='word_1_395' title='bbox 1333 274 1500 302; x_wconf 80' lang='lat' dir='ltr'><strong>cognoscere</strong></span> <span class='ocrx_word' id='word_1_396' title='bbox 1515 275 1630 302; x_wconf 80' lang='lat' dir='ltr'><strong>prorsus</strong></span> <span class='ocrx_word' id='word_1_397' title='bbox 1646 269 1739 303; x_wconf 77' lang='lat' dir='ltr'><strong>suspi-</strong></span> 
     </span>
    </p>
   </div>
   <div class='ocr_carea' id='block_1_51' title="bbox 954 310 1741 347">
    <p class='ocr_par' dir='ltr' id='par_1_51' title="bbox 954 310 1741 347">
     <span class='ocr_line' id='line_1_51' title="bbox 954 310 1741 347; baseline 0.004 -9"><span class='ocrx_word' id='word_1_398' title='bbox 954 311 1072 338; x_wconf 83' lang='lat' dir='ltr'><strong>cabitur.</strong></span> <span class='ocrx_word' id='word_1_399' title='bbox 1095 310 1129 339; x_wconf 84' lang='lat' dir='ltr'><strong>Et</strong></span> <span class='ocrx_word' id='word_1_400' title='bbox 1151 311 1217 338; x_wconf 87' lang='lat' dir='ltr'><strong>illud</strong></span> <span class='ocrx_word' id='word_1_401' title='bbox 1229 332 1237 344; x_wconf 87' lang='lat'><strong>,</strong></span> <span class='ocrx_word' id='word_1_402' title='bbox 1252 312 1359 339; x_wconf 79' lang='lat' dir='ltr'><strong>Audiuit</strong></span> <span class='ocrx_word' id='word_1_403' title='bbox 1380 313 1522 347; x_wconf 77' lang='lat' dir='ltr'><strong>Dominus,</strong></span> <span class='ocrx_word' id='word_1_404' title='bbox 1539 318 1563 340; x_wconf 78' lang='lat' dir='ltr'><strong>et</strong></span> <span class='ocrx_word' id='word_1_405' title='bbox 1581 315 1631 340; x_wconf 76' lang='lat' dir='ltr'><strong>mei</strong></span> <span class='ocrx_word' id='word_1_406' title='bbox 1648 315 1741 341; x_wconf 76' lang='lat' dir='ltr'><strong>miser-</strong></span> 
     </span>
    </p>
   </div>
   <div class='ocr_carea' id='block_1_52' title="bbox 955 357 1742 391">
    <p class='ocr_par' dir='ltr' id='par_1_52' title="bbox 955 357 1742 391">
     <span class='ocr_line' id='line_1_52' title="bbox 955 357 1742 391; baseline 0.004 -8"><span class='ocrx_word' id='word_1_407' title='bbox 955 362 996 384; x_wconf 74' lang='lat' dir='ltr'><strong>tus</strong></span> <span class='ocrx_word' id='word_1_408' title='bbox 1010 362 1049 384; x_wconf 74' lang='lat' dir='ltr'><strong>est</strong></span> <span class='ocrx_word' id='word_1_409' title='bbox 1066 357 1108 390; x_wconf 82' lang='lat'><strong>&quot;;</strong></span> <span class='ocrx_word' id='word_1_410' title='bbox 1124 362 1151 384; x_wconf 88' lang='lat' dir='ltr'><strong>et</strong></span> <span class='ocrx_word' id='word_1_411' title='bbox 1161 376 1168 388; x_wconf 84' lang='lat'><strong>,</strong></span> <span class='ocrx_word' id='word_1_412' title='bbox 1187 357 1320 384; x_wconf 70' lang='lat' dir='ltr'><strong>Odoralus</strong></span> <span class='ocrx_word' id='word_1_413' title='bbox 1337 363 1374 384; x_wconf 75' lang='lat' dir='ltr'><strong>est</strong></span> <span class='ocrx_word' id='word_1_414' title='bbox 1390 358 1495 385; x_wconf 78' lang='lat' dir='ltr'><strong>odorem</strong></span> <span class='ocrx_word' id='word_1_415' title='bbox 1510 359 1650 386; x_wconf 69' lang='lat' dir='ltr'><strong>suavitati:</strong></span> <span class='ocrx_word' id='word_1_416' title='bbox 1668 359 1701 391; x_wconf 71' lang='grc'><strong>³³,</strong></span> <span class='ocrx_word' id='word_1_417' title='bbox 1715 363 1742 387; x_wconf 88' lang='lat' dir='ltr'><strong>et</strong></span> 
     </span>
    </p>
   </div>
   <div class='ocr_carea' id='block_1_53' title="bbox 953 403 1759 445">
    <p class='ocr_par' dir='ltr' id='par_1_53' title="bbox 953 403 1759 445">
     <span class='ocr_line' id='line_1_53' title="bbox 953 403 1759 445; baseline 0.004 -16"><span class='ocrx_word' id='word_1_418' title='bbox 953 410 1125 437; x_wconf 47' lang='lat' dir='ltr'><strong>quaecunque</strong></span> <span class='ocrx_word' id='word_1_419' title='bbox 1139 403 1172 430; x_wconf 89' lang='lat' dir='ltr'><strong>de</strong></span> <span class='ocrx_word' id='word_1_420' title='bbox 1187 403 1275 438; x_wconf 83' lang='lat' dir='ltr'><strong>capite</strong></span> <span class='ocrx_word' id='word_1_421' title='bbox 1289 403 1383 430; x_wconf 90' lang='lat' dir='ltr'><strong>divino</strong></span> <span class='ocrx_word' id='word_1_422' title='bbox 1393 423 1401 436; x_wconf 89' lang='lat'><strong>,</strong></span> <span class='ocrx_word' id='word_1_423' title='bbox 1417 405 1458 431; x_wconf 97' lang='lat' dir='ltr'><strong>vel</strong></span> <span class='ocrx_word' id='word_1_424' title='bbox 1474 405 1544 439; x_wconf 86' lang='lat' dir='ltr'><strong>pede</strong></span> <span class='ocrx_word' id='word_1_425' title='bbox 1554 425 1561 436; x_wconf 94' lang='lat'><strong>,</strong></span> <span class='ocrx_word' id='word_1_426' title='bbox 1577 405 1619 432; x_wconf 89' lang='lat' dir='ltr'><strong>vel</strong></span> <span class='ocrx_word' id='word_1_427' title='bbox 1637 413 1718 432; x_wconf 87' lang='lat' dir='ltr'><strong>manu</strong></span> <span class='ocrx_word' id='word_1_428' title='bbox 1732 425 1740 438; x_wconf 93' lang='lat'><strong>,</strong></span> <span class='ocrx_word' id='word_1_429' title='bbox 1753 439 1759 445; x_wconf 84' lang='lat'><strong>_</strong></span> 
     </span>
    </p>
   </div>
   <div class='ocr_carea' id='block_1_54' title="bbox 955 449 1742 485">
    <p class='ocr_par' dir='ltr' id='par_1_54' title="bbox 955 449 1742 485">
     <span class='ocr_line' id='line_1_54' title="bbox 955 449 1742 485; baseline 0.003 -9"><span class='ocrx_word' id='word_1_430' title='bbox 955 450 996 476; x_wconf 81' lang='lat' dir='ltr'><strong>vel</strong></span> <span class='ocrx_word' id='word_1_431' title='bbox 1018 449 1173 485; x_wconf 87' lang='lat' dir='ltr'><strong>palpebris,</strong></span> <span class='ocrx_word' id='word_1_432' title='bbox 1198 449 1238 476; x_wconf 87' lang='lat' dir='ltr'><strong>vel</strong></span> <span class='ocrx_word' id='word_1_433' title='bbox 1257 449 1368 484; x_wconf 86' lang='lat' dir='ltr'><strong>digitis,</strong></span> <span class='ocrx_word' id='word_1_434' title='bbox 1390 450 1431 476; x_wconf 89' lang='lat' dir='ltr'><strong>vel</strong></span> <span class='ocrx_word' id='word_1_435' title='bbox 1454 450 1644 478; x_wconf 81' lang='lat' dir='ltr'><strong>cnlceamento</strong></span> <span class='ocrx_word' id='word_1_436' title='bbox 1664 450 1742 478; x_wconf 88' lang='lat' dir='ltr'><strong>Scri-</strong></span> 
     </span>
    </p>
   </div>
   <div class='ocr_carea' id='block_1_55' title="bbox 954 494 1741 532">
    <p class='ocr_par' dir='ltr' id='par_1_55' title="bbox 954 494 1741 532">
     <span class='ocr_line' id='line_1_55' title="bbox 954 494 1741 532; baseline 0.005 -12"><span class='ocrx_word' id='word_1_437' title='bbox 954 498 1035 529; x_wconf 83' lang='lat' dir='ltr'><strong>ptura</strong></span> <span class='ocrx_word' id='word_1_438' title='bbox 1050 494 1221 529; x_wconf 73' lang='lat' dir='ltr'><strong>corporalius</strong></span> <span class='ocrx_word' id='word_1_439' title='bbox 1236 499 1343 525; x_wconf 86' lang='lat' dir='ltr'><strong>narrat,</strong></span> <span class='ocrx_word' id='word_1_440' title='bbox 1355 495 1446 521; x_wconf 82' lang='lat' dir='ltr'><strong>omnia</strong></span> <span class='ocrx_word' id='word_1_441' title='bbox 1459 500 1585 530; x_wconf 89' lang='lat' dir='ltr'><strong>prompto</strong></span> <span class='ocrx_word' id='word_1_442' title='bbox 1597 502 1624 524; x_wconf 88' lang='lat' dir='ltr'><strong>et</strong></span> <span class='ocrx_word' id='word_1_443' title='bbox 1636 497 1741 532; x_wconf 85' lang='lat' dir='ltr'><strong>vulgari</strong></span> 
     </span>
    </p>
   </div>
   <div class='ocr_carea' id='block_1_56' title="bbox 955 539 1742 577">
    <p class='ocr_par' dir='ltr' id='par_1_56' title="bbox 955 539 1742 577">
     <span class='ocr_line' id='line_1_56' title="bbox 955 539 1742 577; baseline 0.005 -11"><span class='ocrx_word' id='word_1_444' title='bbox 955 539 1109 575; x_wconf 81' lang='lat' dir='ltr'><strong>signiﬁcato</strong></span> <span class='ocrx_word' id='word_1_445' title='bbox 1125 540 1265 575; x_wconf 83' lang='lat' dir='ltr'><strong>accipiens</strong></span> <span class='ocrx_word' id='word_1_446' title='bbox 1276 560 1283 572; x_wconf 95' lang='lat'><strong>,</strong></span> <span class='ocrx_word' id='word_1_447' title='bbox 1302 541 1383 567; x_wconf 87' lang='lat' dir='ltr'><strong>nobis</strong></span> <span class='ocrx_word' id='word_1_448' title='bbox 1401 541 1520 567; x_wconf 78' lang='lat' dir='ltr'><strong>hunmna</strong></span> <span class='ocrx_word' id='word_1_449' title='bbox 1537 542 1627 576; x_wconf 82' lang='lat' dir='ltr'><strong>specie</strong></span> <span class='ocrx_word' id='word_1_450' title='bbox 1643 543 1742 577; x_wconf 65' lang='lat' dir='ltr'><strong>pracdi—</strong></span> 
     </span>
    </p>
   </div>
   <div class='ocr_carea' id='block_1_57' title="bbox 955 579 1742 623">
    <p class='ocr_par' dir='ltr' id='par_1_57' title="bbox 955 579 1742 623">
     <span class='ocr_line' id='line_1_57' title="bbox 955 579 1742 623; baseline 0.005 -11"><span class='ocrx_word' id='word_1_451' title='bbox 955 590 1013 612; x_wconf 89' lang='lat' dir='ltr'><strong>tum</strong></span> <span class='ocrx_word' id='word_1_452' title='bbox 1033 585 1139 613; x_wconf 83' lang='lat' dir='ltr'><strong>Numen</strong></span> <span class='ocrx_word' id='word_1_453' title='bbox 1150 585 1286 621; x_wconf 82' lang='lat' dir='ltr'><strong>depingct,</strong></span> <span class='ocrx_word' id='word_1_454' title='bbox 1301 594 1348 621; x_wconf 89' lang='lat' dir='ltr'><strong>per</strong></span> <span class='ocrx_word' id='word_1_455' title='bbox 1359 579 1564 614; x_wconf 73' lang='lat' dir='ltr'><strong>similitudinem</strong></span> <span class='ocrx_word' id='word_1_456' title='bbox 1577 594 1671 615; x_wconf 87' lang='lat' dir='ltr'><strong>eorum</strong></span> <span class='ocrx_word' id='word_1_457' title='bbox 1682 597 1742 623; x_wconf 70' lang='lat' dir='ltr'><strong>qua:</strong></span> 
     </span>
    </p>
   </div>
   <div class='ocr_carea' id='block_1_58' title="bbox 954 624 1742 669">
    <p class='ocr_par' dir='ltr' id='par_1_58' title="bbox 954 624 1742 669">
     <span class='ocr_line' id='line_1_58' title="bbox 954 624 1742 669; baseline 0.006 -11"><span class='ocrx_word' id='word_1_458' title='bbox 954 624 983 658; x_wconf 88' lang='lat' dir='ltr'><strong>in</strong></span> <span class='ocrx_word' id='word_1_459' title='bbox 999 632 1079 659; x_wconf 83' lang='lat' dir='ltr'><strong>nobis</strong></span> <span class='ocrx_word' id='word_1_460' title='bbox 1096 638 1236 667; x_wconf 84' lang='lat' dir='ltr'><strong>apparent.</strong></span> <span class='ocrx_word' id='word_1_461' title='bbox 1254 632 1332 665; x_wconf 87' lang='lat' dir='ltr'><strong>Quod</strong></span> <span class='ocrx_word' id='word_1_462' title='bbox 1348 633 1370 660; x_wconf 90' lang='lat' dir='ltr'><strong>si</strong></span> <span class='ocrx_word' id='word_1_463' title='bbox 1388 633 1534 668; x_wconf 74' lang='lat' dir='ltr'><strong>digitorum</strong></span> <span class='ocrx_word' id='word_1_464' title='bbox 1558 641 1640 669; x_wconf 81' lang='lat' dir='ltr'><strong>opera</strong></span> <span class='ocrx_word' id='word_1_465' title='bbox 1657 636 1742 663; x_wconf 63' lang='lat' dir='ltr'><strong>caelos</strong></span> 
     </span>
    </p>
   </div>
   <div class='ocr_carea' id='block_1_59' title="bbox 955 677 1744 710">
    <p class='ocr_par' dir='ltr' id='par_1_59' title="bbox 955 677 1744 710">
     <span class='ocr_line' id='line_1_59' title="bbox 955 677 1744 710; baseline 0.005 -7"><span class='ocrx_word' id='word_1_466' title='bbox 955 677 1085 709; x_wconf 84' lang='lat' dir='ltr'><strong>audiens,</strong></span> <span class='ocrx_word' id='word_1_467' title='bbox 1106 681 1133 704; x_wconf 88' lang='lat' dir='ltr'><strong>et</strong></span> <span class='ocrx_word' id='word_1_468' title='bbox 1156 684 1267 704; x_wconf 80' lang='lat' dir='ltr'><strong>manum</strong></span> <span class='ocrx_word' id='word_1_469' title='bbox 1290 677 1411 710; x_wconf 75' lang='lat' dir='ltr'><strong>(irritant,</strong></span> <span class='ocrx_word' id='word_1_470' title='bbox 1434 682 1461 705; x_wconf 87' lang='lat' dir='ltr'><strong>et</strong></span> <span class='ocrx_word' id='word_1_471' title='bbox 1487 678 1629 705; x_wconf 82' lang='lat' dir='ltr'><strong>brachium</strong></span> <span class='ocrx_word' id='word_1_472' title='bbox 1653 680 1744 707; x_wconf 82' lang='lat' dir='ltr'><strong>excel-</strong></span> 
     </span>
    </p>
   </div>
   <div class='ocr_carea' id='block_1_60' title="bbox 957 723 1745 760">
    <p class='ocr_par' dir='ltr' id='par_1_60' title="bbox 957 723 1745 760">
     <span class='ocr_line' id='line_1_60' title="bbox 957 723 1745 760; baseline 0.003 -9"><span class='ocrx_word' id='word_1_473' title='bbox 957 731 1016 751; x_wconf 90' lang='lat' dir='ltr'><strong>sum</strong></span> <span class='ocrx_word' id='word_1_474' title='bbox 1027 744 1033 754; x_wconf 86' lang='grc'><strong>,</strong></span> <span class='ocrx_word' id='word_1_475' title='bbox 1050 728 1076 750; x_wconf 87' lang='lat' dir='ltr'><strong>et</strong></span> <span class='ocrx_word' id='word_1_476' title='bbox 1091 723 1201 751; x_wconf 90' lang='lat' dir='ltr'><strong>oculum</strong></span> <span class='ocrx_word' id='word_1_477' title='bbox 1213 744 1220 756; x_wconf 90' lang='lat'><strong>,</strong></span> <span class='ocrx_word' id='word_1_478' title='bbox 1236 729 1262 751; x_wconf 89' lang='lat' dir='ltr'><strong>et</strong></span> <span class='ocrx_word' id='word_1_479' title='bbox 1278 724 1421 759; x_wconf 81' lang='lat' dir='ltr'><strong>palpebras</strong></span> <span class='ocrx_word' id='word_1_480' title='bbox 1433 744 1440 756; x_wconf 91' lang='lat'><strong>,</strong></span> <span class='ocrx_word' id='word_1_481' title='bbox 1455 728 1482 751; x_wconf 86' lang='lat' dir='ltr'><strong>et</strong></span> <span class='ocrx_word' id='word_1_482' title='bbox 1506 724 1600 760; x_wconf 84' lang='lat' dir='ltr'><strong>pedem</strong></span> <span class='ocrx_word' id='word_1_483' title='bbox 1613 744 1621 756; x_wconf 82' lang='lat'><strong>.</strong></span> <span class='ocrx_word' id='word_1_484' title='bbox 1642 729 1667 752; x_wconf 87' lang='lat' dir='ltr'><strong>et</strong></span> <span class='ocrx_word' id='word_1_485' title='bbox 1688 726 1745 753; x_wconf 84' lang='lat' dir='ltr'><strong>cal-</strong></span> 
     </span>
    </p>
   </div>
   <div class='ocr_carea' id='block_1_61' title="bbox 957 767 1744 806">
    <p class='ocr_par' dir='ltr' id='par_1_61' title="bbox 957 767 1744 806">
     <span class='ocr_line' id='line_1_61' title="bbox 957 767 1744 806; baseline 0.005 -12"><span class='ocrx_word' id='word_1_486' title='bbox 957 771 1117 801; x_wconf 78' lang='lat' dir='ltr'><strong>ceamenta,</strong></span> <span class='ocrx_word' id='word_1_487' title='bbox 1143 767 1198 795; x_wconf 85' lang='lat' dir='ltr'><strong>Deo</strong></span> <span class='ocrx_word' id='word_1_488' title='bbox 1221 769 1337 796; x_wconf 83' lang='lat' dir='ltr'><strong>decoras</strong></span> <span class='ocrx_word' id='word_1_489' title='bbox 1360 769 1471 797; x_wconf 77' lang='lat' dir='ltr'><strong>notitias</strong></span> <span class='ocrx_word' id='word_1_490' title='bbox 1495 778 1543 805; x_wconf 83' lang='lat' dir='ltr'><strong>per</strong></span> <span class='ocrx_word' id='word_1_491' title='bbox 1564 771 1662 797; x_wconf 87' lang='lat' dir='ltr'><strong>horum</strong></span> <span class='ocrx_word' id='word_1_492' title='bbox 1684 779 1744 806; x_wconf 73' lang='lat' dir='ltr'><strong>qua:</strong></span> 
     </span>
    </p>
   </div>
   <div class='ocr_carea' id='block_1_62' title="bbox 958 813 1746 851">
    <p class='ocr_par' dir='ltr' id='par_1_62' title="bbox 958 813 1746 851">
     <span class='ocr_line' id='line_1_62' title="bbox 958 813 1746 851; baseline 0.008 -12"><span class='ocrx_word' id='word_1_493' title='bbox 958 813 1030 840; x_wconf 86' lang='lat' dir='ltr'><strong>dicta</strong></span> <span class='ocrx_word' id='word_1_494' title='bbox 1046 817 1112 841; x_wconf 88' lang='lat' dir='ltr'><strong>sunt</strong></span> <span class='ocrx_word' id='word_1_495' title='bbox 1133 815 1348 849; x_wconf 77' lang='lat' dir='ltr'><strong>unumquodque</strong></span> <span class='ocrx_word' id='word_1_496' title='bbox 1367 819 1488 850; x_wconf 86' lang='lat' dir='ltr'><strong>reputat,</strong></span> <span class='ocrx_word' id='word_1_497' title='bbox 1515 823 1565 844; x_wconf 91' lang='lat' dir='ltr'><strong>nec</strong></span> <span class='ocrx_word' id='word_1_498' title='bbox 1589 816 1686 851; x_wconf 89' lang='lat' dir='ltr'><strong>polluit</strong></span> <span class='ocrx_word' id='word_1_499' title='bbox 1711 817 1746 845; x_wconf 89' lang='lat' dir='ltr'><strong>de</strong></span> 
     </span>
    </p>
   </div>
   <div class='ocr_carea' id='block_1_63' title="bbox 959 863 1746 898">
    <p class='ocr_par' dir='ltr' id='par_1_63' title="bbox 959 863 1746 898">
     <span class='ocr_line' id='line_1_63' title="bbox 959 863 1746 898; baseline 0.005 -12"><span class='ocrx_word' id='word_1_500' title='bbox 959 867 1026 894; x_wconf 89' lang='lat' dir='ltr'><strong>pura</strong></span> <span class='ocrx_word' id='word_1_501' title='bbox 1043 865 1141 887; x_wconf 80' lang='lat' dir='ltr'><strong>natura</strong></span> <span class='ocrx_word' id='word_1_502' title='bbox 1162 868 1316 888; x_wconf 83' lang='lat' dir='ltr'><strong>sermonem</strong></span> <span class='ocrx_word' id='word_1_503' title='bbox 1340 863 1482 897; x_wconf 88' lang='lat' dir='ltr'><strong>corporeis</strong></span> <span class='ocrx_word' id='word_1_504' title='bbox 1503 863 1682 898; x_wconf 85' lang='lat' dir='ltr'><strong>opinionibus</strong></span> <span class='ocrx_word' id='word_1_505' title='bbox 1703 864 1746 890; x_wconf 94' lang='lat' dir='ltr'><strong>in-</strong></span> 
     </span>
    </p>
   </div>
   <div class='ocr_carea' id='block_1_64' title="bbox 957 905 1744 941">
    <p class='ocr_par' dir='ltr' id='par_1_64' title="bbox 957 905 1744 941">
     <span class='ocr_line' id='line_1_64' title="bbox 957 905 1744 941; baseline 0.006 -10"><span class='ocrx_word' id='word_1_506' title='bbox 957 905 1078 940; x_wconf 89' lang='lat' dir='ltr'><strong>quinans</strong></span> <span class='ocrx_word' id='word_1_507' title='bbox 1088 926 1096 938; x_wconf 87' lang='lat'><strong>,</strong></span> <span class='ocrx_word' id='word_1_508' title='bbox 1112 913 1287 941; x_wconf 83' lang='lat' dir='ltr'><strong>consequens</strong></span> <span class='ocrx_word' id='word_1_509' title='bbox 1302 906 1385 935; x_wconf 76' lang='lat' dir='ltr'><strong>fuerit</strong></span> <span class='ocrx_word' id='word_1_510' title='bbox 1398 908 1482 935; x_wconf 86' lang='lat' dir='ltr'><strong>etiam</strong></span> <span class='ocrx_word' id='word_1_511' title='bbox 1497 909 1642 936; x_wconf 83' lang='lat' dir='ltr'><strong>verborum</strong></span> <span class='ocrx_word' id='word_1_512' title='bbox 1658 917 1744 936; x_wconf 89' lang='lat' dir='ltr'><strong>enun-</strong></span> 
     </span>
    </p>
   </div>
   <div class='ocr_carea' id='block_1_65' title="bbox 957 951 1745 987">
    <p class='ocr_par' dir='ltr' id='par_1_65' title="bbox 957 951 1745 987">
     <span class='ocr_line' id='line_1_65' title="bbox 957 951 1745 987; baseline 0.009 -10"><span class='ocrx_word' id='word_1_513' title='bbox 957 951 1086 979; x_wconf 77' lang='lat' dir='ltr'><strong>tiationes</strong></span> <span class='ocrx_word' id='word_1_514' title='bbox 1111 952 1223 987; x_wconf 86' lang='lat' dir='ltr'><strong>quidem</strong></span> <span class='ocrx_word' id='word_1_515' title='bbox 1250 952 1350 980; x_wconf 83' lang='lat' dir='ltr'><strong>divinae</strong></span> <span class='ocrx_word' id='word_1_516' title='bbox 1377 954 1525 982; x_wconf 82' lang='lat' dir='ltr'><strong>voluntatis</strong></span> <span class='ocrx_word' id='word_1_517' title='bbox 1551 955 1657 983; x_wconf 84' lang='lat' dir='ltr'><strong>indices</strong></span> <span class='ocrx_word' id='word_1_518' title='bbox 1682 963 1745 984; x_wconf 83' lang='lat' dir='ltr'><strong>esse</strong></span> 
     </span>
    </p>
   </div>
   <div class='ocr_carea' id='block_1_66' title="bbox 957 999 1743 1036">
    <p class='ocr_par' dir='ltr' id='par_1_66' title="bbox 957 999 1743 1036">
     <span class='ocr_line' id='line_1_66' title="bbox 957 999 1743 1036; baseline 0.004 -11"><span class='ocrx_word' id='word_1_519' title='bbox 957 999 1135 1030; x_wconf 81' lang='lat' dir='ltr'><strong>existimare,</strong></span> <span class='ocrx_word' id='word_1_520' title='bbox 1158 1007 1214 1027; x_wconf 91' lang='lat' dir='ltr'><strong>non</strong></span> <span class='ocrx_word' id='word_1_521' title='bbox 1236 1004 1311 1027; x_wconf 83' lang='lat' dir='ltr'><strong>certe</strong></span> <span class='ocrx_word' id='word_1_522' title='bbox 1333 1007 1415 1027; x_wconf 87' lang='lat' dir='ltr'><strong>voces</strong></span> <span class='ocrx_word' id='word_1_523' title='bbox 1437 1001 1598 1029; x_wconf 87' lang='lat' dir='ltr'><strong>articulatas</strong></span> <span class='ocrx_word' id='word_1_524' title='bbox 1619 1002 1743 1036; x_wconf 86' lang='lat' dir='ltr'><strong>opinari.</strong></span> 
     </span>
    </p>
   </div>
   <div class='ocr_carea' id='block_1_67' title="bbox 957 1043 1745 1081">
    <p class='ocr_par' dir='ltr' id='par_1_67' title="bbox 957 1043 1745 1081">
     <span class='ocr_line' id='line_1_67' title="bbox 957 1043 1745 1081; baseline 0.004 -11"><span class='ocrx_word' id='word_1_525' title='bbox 957 1043 1004 1070; x_wconf 90' lang='lat' dir='ltr'><strong>scd</strong></span> <span class='ocrx_word' id='word_1_526' title='bbox 1018 1043 1085 1071; x_wconf 88' lang='lat' dir='ltr'><strong>illud</strong></span> <span class='ocrx_word' id='word_1_527' title='bbox 1098 1045 1204 1072; x_wconf 77' lang='lat' dir='ltr'><strong>ratione</strong></span> <span class='ocrx_word' id='word_1_528' title='bbox 1219 1045 1363 1080; x_wconf 85' lang='lat' dir='ltr'><strong>complecti</strong></span> <span class='ocrx_word' id='word_1_529' title='bbox 1375 1065 1382 1077; x_wconf 85' lang='lat'><strong>,</strong></span> <span class='ocrx_word' id='word_1_530' title='bbox 1395 1045 1468 1081; x_wconf 91' lang='lat' dir='ltr'><strong>quod</strong></span> <span class='ocrx_word' id='word_1_531' title='bbox 1482 1051 1587 1073; x_wconf 69' lang='lat' dir='ltr'><strong>naturzc</strong></span> <span class='ocrx_word' id='word_1_532' title='bbox 1600 1046 1745 1074; x_wconf 85' lang='lat' dir='ltr'><strong>rationalis</strong></span> 
     </span>
    </p>
   </div>
   <div class='ocr_carea' id='block_1_68' title="bbox 957 1089 1745 1126">
    <p class='ocr_par' dir='ltr' id='par_1_68' title="bbox 957 1089 1745 1126">
     <span class='ocr_line' id='line_1_68' title="bbox 957 1089 1745 1126; baseline 0.004 -11"><span class='ocrx_word' id='word_1_533' title='bbox 957 1089 1048 1124; x_wconf 79' lang='lat' dir='ltr'><strong>opifex</strong></span> <span class='ocrx_word' id='word_1_534' title='bbox 1062 1093 1167 1117; x_wconf 72' lang='lat' dir='ltr'><strong>natura:</strong></span> <span class='ocrx_word' id='word_1_535' title='bbox 1181 1091 1262 1118; x_wconf 89' lang='lat' dir='ltr'><strong>modo</strong></span> <span class='ocrx_word' id='word_1_536' title='bbox 1278 1091 1515 1126; x_wconf 87' lang='lat' dir='ltr'><strong>proportio&#39;natum</strong></span> <span class='ocrx_word' id='word_1_537' title='bbox 1528 1099 1682 1119; x_wconf 86' lang='lat' dir='ltr'><strong>sermonem</strong></span> <span class='ocrx_word' id='word_1_538' title='bbox 1695 1099 1745 1119; x_wconf 84' lang='lat' dir='ltr'><strong>no-</strong></span> 
     </span>
    </p>
   </div>
   <div class='ocr_carea' id='block_1_69' title="bbox 958 1135 1743 1172">
    <p class='ocr_par' dir='ltr' id='par_1_69' title="bbox 958 1135 1743 1172">
     <span class='ocr_line' id='line_1_69' title="bbox 958 1135 1743 1172; baseline 0.004 -10"><span class='ocrx_word' id='word_1_539' title='bbox 958 1135 1000 1162; x_wconf 83' lang='lat' dir='ltr'><strong>bis</strong></span> <span class='ocrx_word' id='word_1_540' title='bbox 1024 1135 1153 1169; x_wconf 83' lang='lat' dir='ltr'><strong>donavit,</strong></span> <span class='ocrx_word' id='word_1_541' title='bbox 1179 1139 1209 1163; x_wconf 90' lang='lat' dir='ltr'><strong>ut</strong></span> <span class='ocrx_word' id='word_1_542' title='bbox 1233 1144 1281 1172; x_wconf 91' lang='lat' dir='ltr'><strong>per</strong></span> <span class='ocrx_word' id='word_1_543' title='bbox 1301 1144 1364 1164; x_wconf 90' lang='lat' dir='ltr'><strong>eum</strong></span> <span class='ocrx_word' id='word_1_544' title='bbox 1385 1137 1469 1164; x_wconf 82' lang='lat' dir='ltr'><strong>animi</strong></span> <span class='ocrx_word' id='word_1_545' title='bbox 1492 1139 1583 1164; x_wconf 79' lang='lat' dir='ltr'><strong>motus</strong></span> <span class='ocrx_word' id='word_1_546' title='bbox 1601 1145 1743 1172; x_wconf 83' lang='lat' dir='ltr'><strong>possemus</strong></span> 
     </span>
    </p>
   </div>
   <div class='ocr_carea' id='block_1_70' title="bbox 956 1181 1743 1216">
    <p class='ocr_par' dir='ltr' id='par_1_70' title="bbox 956 1181 1743 1216">
     <span class='ocr_line' id='line_1_70' title="bbox 956 1181 1743 1216; baseline 0.003 -9"><span class='ocrx_word' id='word_1_547' title='bbox 956 1181 1109 1209; x_wconf 85' lang='lat' dir='ltr'><strong>enuntiare.</strong></span> <span class='ocrx_word' id='word_1_548' title='bbox 1128 1181 1266 1215; x_wconf 87' lang='lat' dir='ltr'><strong>Quantum</strong></span> <span class='ocrx_word' id='word_1_549' title='bbox 1286 1187 1376 1210; x_wconf 87' lang='lat' dir='ltr'><strong>autem</strong></span> <span class='ocrx_word' id='word_1_550' title='bbox 1391 1187 1489 1209; x_wconf 82' lang='lat' dir='ltr'><strong>natura</strong></span> <span class='ocrx_word' id='word_1_551' title='bbox 1503 1183 1580 1210; x_wconf 87' lang='lat' dir='ltr'><strong>abest</strong></span> <span class='ocrx_word' id='word_1_552' title='bbox 1595 1191 1609 1209; x_wconf 92' lang='lat' dir='ltr'><strong>a</strong></span> <span class='ocrx_word' id='word_1_553' title='bbox 1626 1188 1724 1210; x_wconf 87' lang='lat' dir='ltr'><strong>natura</strong></span> <span class='ocrx_word' id='word_1_554' title='bbox 1736 1203 1743 1216; x_wconf 97' lang='lat'><strong>,</strong></span> 
     </span>
    </p>
   </div>
   <div class='ocr_carea' id='block_1_71' title="bbox 956 1227 1742 1263">
    <p class='ocr_par' dir='ltr' id='par_1_71' title="bbox 956 1227 1742 1263">
     <span class='ocr_line' id='line_1_71' title="bbox 956 1227 1742 1263; baseline 0.003 -9"><span class='ocrx_word' id='word_1_555' title='bbox 956 1227 1048 1254; x_wconf 86' lang='lat' dir='ltr'><strong>divina</strong></span> <span class='ocrx_word' id='word_1_556' title='bbox 1063 1227 1125 1255; x_wconf 89' lang='lat' dir='ltr'><strong>dico</strong></span> <span class='ocrx_word' id='word_1_557' title='bbox 1141 1235 1156 1255; x_wconf 88' lang='lat' dir='ltr'><strong>a</strong></span> <span class='ocrx_word' id='word_1_558' title='bbox 1178 1233 1289 1260; x_wconf 90' lang='lat' dir='ltr'><strong>nostra,</strong></span> <span class='ocrx_word' id='word_1_559' title='bbox 1311 1232 1416 1255; x_wconf 84' lang='lat' dir='ltr'><strong>tantum</strong></span> <span class='ocrx_word' id='word_1_560' title='bbox 1439 1236 1500 1263; x_wconf 63' lang='lat' dir='ltr'><strong>quae</strong></span> <span class='ocrx_word' id='word_1_561' title='bbox 1525 1229 1597 1256; x_wconf 88' lang='lat' dir='ltr'><strong>circa</strong></span> <span class='ocrx_word' id='word_1_562' title='bbox 1620 1234 1742 1256; x_wconf 87' lang='lat' dir='ltr'><strong>nostram</strong></span> 
     </span>
    </p>
   </div>
   <div class='ocr_carea' id='block_1_72' title="bbox 957 1274 1742 1310">
    <p class='ocr_par' dir='ltr' id='par_1_72' title="bbox 957 1274 1742 1310">
     <span class='ocr_line' id='line_1_72' title="bbox 957 1274 1742 1310; baseline 0.001 -9"><span class='ocrx_word' id='word_1_563' title='bbox 957 1274 1163 1301; x_wconf 84' lang='lat' dir='ltr'><strong>subsistentiam</strong></span> <span class='ocrx_word' id='word_1_564' title='bbox 1179 1274 1402 1307; x_wconf 86' lang='lat' dir='ltr'><strong>considerantur,</strong></span> <span class='ocrx_word' id='word_1_565' title='bbox 1425 1275 1555 1302; x_wconf 83' lang='lat' dir='ltr'><strong>dill&#39;erunt</strong></span> <span class='ocrx_word' id='word_1_566' title='bbox 1570 1275 1605 1302; x_wconf 87' lang='lat' dir='ltr'><strong>ab</strong></span> <span class='ocrx_word' id='word_1_567' title='bbox 1621 1282 1654 1302; x_wconf 90' lang='lat' dir='ltr'><strong>eo</strong></span> <span class='ocrx_word' id='word_1_568' title='bbox 1670 1275 1742 1310; x_wconf 87' lang='lat' dir='ltr'><strong>quod</strong></span> 
     </span>
    </p>
   </div>
   <div class='ocr_carea' id='block_1_73' title="bbox 956 1319 1743 1356">
    <p class='ocr_par' dir='ltr' id='par_1_73' title="bbox 956 1319 1743 1356">
     <span class='ocr_line' id='line_1_73' title="bbox 956 1319 1743 1356; baseline 0.001 -9"><span class='ocrx_word' id='word_1_569' title='bbox 956 1323 1000 1347; x_wconf 84' lang='lat' dir='ltr'><strong>est</strong></span> <span class='ocrx_word' id='word_1_570' title='bbox 1026 1319 1054 1347; x_wconf 94' lang='lat' dir='ltr'><strong>in</strong></span> <span class='ocrx_word' id='word_1_571' title='bbox 1081 1319 1137 1348; x_wconf 90' lang='lat' dir='ltr'><strong>Deo</strong></span> <span class='ocrx_word' id='word_1_572' title='bbox 1164 1320 1382 1356; x_wconf 85' lang='lat' dir='ltr'><strong>magniﬁcentius</strong></span> <span class='ocrx_word' id='word_1_573' title='bbox 1400 1325 1427 1348; x_wconf 91' lang='lat' dir='ltr'><strong>et</strong></span> <span class='ocrx_word' id='word_1_574' title='bbox 1448 1321 1500 1355; x_wconf 88' lang='lat' dir='ltr'><strong>ipsi</strong></span> <span class='ocrx_word' id='word_1_575' title='bbox 1524 1321 1743 1349; x_wconf 81' lang='lat' dir='ltr'><strong>convenientius.</strong></span> 
     </span>
    </p>
   </div>
   <div class='ocr_carea' id='block_1_74' title="bbox 958 1364 1744 1401">
    <p class='ocr_par' dir='ltr' id='par_1_74' title="bbox 958 1364 1744 1401">
     <span class='ocr_line' id='line_1_74' title="bbox 958 1364 1744 1401; baseline 0.003 -10"><span class='ocrx_word' id='word_1_576' title='bbox 958 1364 991 1392; x_wconf 84' lang='lat' dir='ltr'><strong>Et</strong></span> <span class='ocrx_word' id='word_1_577' title='bbox 1018 1369 1048 1392; x_wconf 92' lang='lat' dir='ltr'><strong>ut</strong></span> <span class='ocrx_word' id='word_1_578' title='bbox 1079 1370 1172 1394; x_wconf 87' lang='lat' dir='ltr'><strong>nostra</strong></span> <span class='ocrx_word' id='word_1_579' title='bbox 1199 1370 1321 1401; x_wconf 87' lang='lat' dir='ltr'><strong>potestas</strong></span> <span class='ocrx_word' id='word_1_580' title='bbox 1348 1374 1409 1393; x_wconf 75' lang='lat' dir='ltr'><strong>cum</strong></span> <span class='ocrx_word' id='word_1_581' title='bbox 1434 1366 1480 1394; x_wconf 88' lang='lat' dir='ltr'><strong>Dei</strong></span> <span class='ocrx_word' id='word_1_582' title='bbox 1506 1366 1625 1401; x_wconf 89' lang='lat' dir='ltr'><strong>potentia</strong></span> <span class='ocrx_word' id='word_1_583' title='bbox 1645 1367 1744 1394; x_wconf 82' lang='lat' dir='ltr'><strong>collata</strong></span> 
     </span>
    </p>
   </div>
   <div class='ocr_carea' id='block_1_75' title="bbox 957 1410 1743 1445">
    <p class='ocr_par' dir='ltr' id='par_1_75' title="bbox 957 1410 1743 1445">
     <span class='ocr_line' id='line_1_75' title="bbox 957 1410 1743 1445; baseline 0.003 -8"><span class='ocrx_word' id='word_1_584' title='bbox 957 1410 1025 1437; x_wconf 93' lang='lat' dir='ltr'><strong>nihil</strong></span> <span class='ocrx_word' id='word_1_585' title='bbox 1042 1415 1100 1444; x_wconf 88' lang='lat' dir='ltr'><strong>est,</strong></span> <span class='ocrx_word' id='word_1_586' title='bbox 1115 1415 1144 1439; x_wconf 87' lang='lat' dir='ltr'><strong>et</strong></span> <span class='ocrx_word' id='word_1_587' title='bbox 1159 1412 1212 1439; x_wconf 82' lang='lat' dir='ltr'><strong>vita</strong></span> <span class='ocrx_word' id='word_1_588' title='bbox 1228 1419 1290 1439; x_wconf 90' lang='lat' dir='ltr'><strong>cum</strong></span> <span class='ocrx_word' id='word_1_589' title='bbox 1317 1412 1388 1445; x_wconf 84' lang='lat' dir='ltr'><strong>vita,</strong></span> <span class='ocrx_word' id='word_1_590' title='bbox 1414 1415 1440 1439; x_wconf 88' lang='lat' dir='ltr'><strong>et</strong></span> <span class='ocrx_word' id='word_1_591' title='bbox 1463 1412 1515 1439; x_wconf 86' lang='lat' dir='ltr'><strong>alia</strong></span> <span class='ocrx_word' id='word_1_592' title='bbox 1537 1413 1627 1439; x_wconf 83' lang='lat' dir='ltr'><strong>omnia</strong></span> <span class='ocrx_word' id='word_1_593' title='bbox 1650 1416 1743 1439; x_wconf 85' lang='lat' dir='ltr'><strong>nostra</strong></span> 
     </span>
    </p>
   </div>
   <div class='ocr_carea' id='block_1_76' title="bbox 959 1457 1743 1491">
    <p class='ocr_par' dir='ltr' id='par_1_76' title="bbox 959 1457 1743 1491">
     <span class='ocr_line' id='line_1_76' title="bbox 959 1457 1743 1491; baseline 0.003 -8"><span class='ocrx_word' id='word_1_594' title='bbox 959 1463 1022 1484; x_wconf 87' lang='lat' dir='ltr'><strong>cum</strong></span> <span class='ocrx_word' id='word_1_595' title='bbox 1038 1457 1081 1484; x_wconf 92' lang='lat' dir='ltr'><strong>his</strong></span> <span class='ocrx_word' id='word_1_596' title='bbox 1096 1464 1157 1491; x_wconf 72' lang='lat' dir='ltr'><strong>qua:</strong></span> <span class='ocrx_word' id='word_1_597' title='bbox 1172 1457 1198 1484; x_wconf 92' lang='lat' dir='ltr'><strong>in</strong></span> <span class='ocrx_word' id='word_1_598' title='bbox 1217 1457 1264 1484; x_wconf 93' lang='lat' dir='ltr'><strong>illo</strong></span> <span class='ocrx_word' id='word_1_599' title='bbox 1287 1462 1350 1485; x_wconf 87' lang='lat' dir='ltr'><strong>sunt</strong></span> <span class='ocrx_word' id='word_1_600' title='bbox 1376 1463 1551 1491; x_wconf 79' lang='lat' dir='ltr'><strong>comparata,</strong></span> <span class='ocrx_word' id='word_1_601' title='bbox 1576 1463 1602 1484; x_wconf 90' lang='lat' dir='ltr'><strong>ut</strong></span> <span class='ocrx_word' id='word_1_602' title='bbox 1627 1457 1743 1485; x_wconf 82' lang='lat' dir='ltr'><strong>nihilum</strong></span> 
     </span>
    </p>
   </div>
   <div class='ocr_carea' id='block_1_77' title="bbox 959 1502 1745 1538">
    <p class='ocr_par' dir='ltr' id='par_1_77' title="bbox 959 1502 1745 1538">
     <span class='ocr_line' id='line_1_77' title="bbox 959 1502 1745 1538; baseline 0.004 -10"><span class='ocrx_word' id='word_1_603' title='bbox 959 1509 1051 1529; x_wconf 89' lang='lat' dir='ltr'><strong>coram</strong></span> <span class='ocrx_word' id='word_1_604' title='bbox 1066 1502 1138 1537; x_wconf 88' lang='lat' dir='ltr'><strong>ipso,</strong></span> <span class='ocrx_word' id='word_1_605' title='bbox 1152 1503 1223 1530; x_wconf 86' lang='lat' dir='ltr'><strong>sicut</strong></span> <span class='ocrx_word' id='word_1_606' title='bbox 1237 1503 1274 1529; x_wconf 78' lang='lat' dir='ltr'><strong>ait</strong></span> <span class='ocrx_word' id='word_1_607' title='bbox 1289 1503 1431 1538; x_wconf 81' lang='lat' dir='ltr'><strong>prophetia</strong></span> <span class='ocrx_word' id='word_1_608' title='bbox 1445 1503 1478 1531; x_wconf 72' lang='lat'><strong>&quot;1</strong></span> <span class='ocrx_word' id='word_1_609' title='bbox 1494 1503 1535 1530; x_wconf 86' lang='lat' dir='ltr'><strong>sic</strong></span> <span class='ocrx_word' id='word_1_610' title='bbox 1550 1503 1633 1531; x_wconf 88' lang='lat' dir='ltr'><strong>etiam</strong></span> <span class='ocrx_word' id='word_1_611' title='bbox 1650 1507 1745 1531; x_wconf 87' lang='lat' dir='ltr'><strong>noster</strong></span> 
     </span>
    </p>
   </div>
   <div class='ocr_carea' id='block_1_78' title="bbox 960 1547 1744 1582">
    <p class='ocr_par' dir='ltr' id='par_1_78' title="bbox 960 1547 1744 1582">
     <span class='ocr_line' id='line_1_78' title="bbox 960 1547 1744 1582; baseline 0.001 -9"><span class='ocrx_word' id='word_1_612' title='bbox 960 1553 1051 1573; x_wconf 84' lang='lat' dir='ltr'><strong>sermo</strong></span> <span class='ocrx_word' id='word_1_613' title='bbox 1070 1553 1134 1573; x_wconf 89' lang='lat' dir='ltr'><strong>cum</strong></span> <span class='ocrx_word' id='word_1_614' title='bbox 1153 1553 1186 1573; x_wconf 90' lang='lat' dir='ltr'><strong>eo</strong></span> <span class='ocrx_word' id='word_1_615' title='bbox 1201 1547 1248 1581; x_wconf 92' lang='lat' dir='ltr'><strong>qui</strong></span> <span class='ocrx_word' id='word_1_616' title='bbox 1274 1555 1337 1573; x_wconf 84' lang='lat' dir='ltr'><strong>vere</strong></span> <span class='ocrx_word' id='word_1_617' title='bbox 1364 1551 1406 1574; x_wconf 86' lang='lat' dir='ltr'><strong>est</strong></span> <span class='ocrx_word' id='word_1_618' title='bbox 1428 1547 1535 1579; x_wconf 87' lang='lat' dir='ltr'><strong>Sermo,</strong></span> <span class='ocrx_word' id='word_1_619' title='bbox 1554 1553 1744 1582; x_wconf 85' lang='lat' dir='ltr'><strong>comparatus.</strong></span> 
     </span>
    </p>
   </div>
   <div class='ocr_carea' id='block_1_79' title="bbox 960 1591 1744 1627">
    <p class='ocr_par' dir='ltr' id='par_1_79' title="bbox 960 1591 1744 1627">
     <span class='ocr_line' id='line_1_79' title="bbox 960 1591 1744 1627; baseline 0.003 -9"><span class='ocrx_word' id='word_1_620' title='bbox 960 1591 1028 1618; x_wconf 91' lang='lat' dir='ltr'><strong>nihil</strong></span> <span class='ocrx_word' id='word_1_621' title='bbox 1045 1595 1097 1619; x_wconf 87' lang='lat' dir='ltr'><strong>est.</strong></span> <span class='ocrx_word' id='word_1_622' title='bbox 1115 1591 1164 1618; x_wconf 89' lang='lat' dir='ltr'><strong>Hic</strong></span> <span class='ocrx_word' id='word_1_623' title='bbox 1179 1592 1251 1619; x_wconf 88' lang='lat' dir='ltr'><strong>enim</strong></span> <span class='ocrx_word' id='word_1_624' title='bbox 1270 1592 1297 1619; x_wconf 93' lang='lat' dir='ltr'><strong>in</strong></span> <span class='ocrx_word' id='word_1_625' title='bbox 1310 1592 1445 1627; x_wconf 86' lang='lat' dir='ltr'><strong>principio</strong></span> <span class='ocrx_word' id='word_1_626' title='bbox 1459 1600 1513 1620; x_wconf 91' lang='lat' dir='ltr'><strong>non</strong></span> <span class='ocrx_word' id='word_1_627' title='bbox 1527 1597 1603 1625; x_wconf 90' lang='lat' dir='ltr'><strong>erat,</strong></span> <span class='ocrx_word' id='word_1_628' title='bbox 1619 1593 1665 1620; x_wconf 90' lang='lat' dir='ltr'><strong>sed</strong></span> <span class='ocrx_word' id='word_1_629' title='bbox 1683 1600 1744 1620; x_wconf 92' lang='lat' dir='ltr'><strong>cum</strong></span> 
     </span>
    </p>
   </div>
   <div class='ocr_carea' id='block_1_80' title="bbox 961 1639 1745 1672">
    <p class='ocr_par' dir='ltr' id='par_1_80' title="bbox 961 1639 1745 1672">
     <span class='ocr_line' id='line_1_80' title="bbox 961 1639 1745 1672; baseline 0.001 -8"><span class='ocrx_word' id='word_1_630' title='bbox 961 1641 1057 1664; x_wconf 87' lang='lat' dir='ltr'><strong>nostra</strong></span> <span class='ocrx_word' id='word_1_631' title='bbox 1082 1641 1179 1665; x_wconf 86' lang='lat' dir='ltr'><strong>natura</strong></span> <span class='ocrx_word' id='word_1_632' title='bbox 1204 1642 1387 1666; x_wconf 80' lang='lat' dir='ltr'><strong>constructus</strong></span> <span class='ocrx_word' id='word_1_633' title='bbox 1411 1643 1473 1672; x_wconf 85' lang='lat' dir='ltr'><strong>est;</strong></span> <span class='ocrx_word' id='word_1_634' title='bbox 1494 1646 1583 1672; x_wconf 86' lang='lat' dir='ltr'><strong>neque</strong></span> <span class='ocrx_word' id='word_1_635' title='bbox 1595 1639 1745 1666; x_wconf 82' lang='lat' dir='ltr'><strong>secundum</strong></span> 
     </span>
    </p>
   </div>
   <div class='ocr_carea' id='block_1_81' title="bbox 962 1683 1748 1718">
    <p class='ocr_par' dir='ltr' id='par_1_81' title="bbox 962 1683 1748 1718">
     <span class='ocr_line' id='line_1_81' title="bbox 962 1683 1748 1718; baseline 0.003 -9"><span class='ocrx_word' id='word_1_636' title='bbox 962 1683 1098 1717; x_wconf 87' lang='lat' dir='ltr'><strong>propriam</strong></span> <span class='ocrx_word' id='word_1_637' title='bbox 1122 1688 1262 1718; x_wconf 85' lang='lat' dir='ltr'><strong>spectatur</strong></span> <span class='ocrx_word' id='word_1_638' title='bbox 1275 1684 1482 1711; x_wconf 82' lang='lat' dir='ltr'><strong>subsistentiam</strong></span> <span class='ocrx_word' id='word_1_639' title='bbox 1493 1704 1500 1716; x_wconf 93' lang='lat'><strong>,</strong></span> <span class='ocrx_word' id='word_1_640' title='bbox 1517 1685 1564 1712; x_wconf 91' lang='lat' dir='ltr'><strong>sed</strong></span> <span class='ocrx_word' id='word_1_641' title='bbox 1575 1704 1582 1716; x_wconf 85' lang='lat'><strong>,</strong></span> <span class='ocrx_word' id='word_1_642' title='bbox 1604 1685 1677 1711; x_wconf 83' lang='lat' dir='ltr'><strong>sicut</strong></span> <span class='ocrx_word' id='word_1_643' title='bbox 1696 1685 1748 1711; x_wconf 62' lang='lat' dir='ltr'><strong>alio</strong></span> 
     </span>
    </p>
   </div>
   <div class='ocr_carea' id='block_1_82' title="bbox 962 1728 1746 1765">
    <p class='ocr_par' dir='ltr' id='par_1_82' title="bbox 962 1728 1746 1765">
     <span class='ocr_line' id='line_1_82' title="bbox 962 1728 1746 1765; baseline 0.003 -10"><span class='ocrx_word' id='word_1_644' title='bbox 962 1728 1025 1755; x_wconf 76' lang='lat' dir='ltr'><strong>cubi</strong></span> <span class='ocrx_word' id='word_1_645' title='bbox 1041 1728 1106 1756; x_wconf 83' lang='lat' dir='ltr'><strong>dicit</strong></span> <span class='ocrx_word' id='word_1_646' title='bbox 1119 1729 1260 1764; x_wconf 82' lang='lat' dir='ltr'><strong>magister,</strong></span> <span class='ocrx_word' id='word_1_647' title='bbox 1273 1737 1335 1756; x_wconf 90' lang='lat' dir='ltr'><strong>cum</strong></span> <span class='ocrx_word' id='word_1_648' title='bbox 1351 1730 1449 1765; x_wconf 63' lang='lat' dir='ltr'><strong>linguae</strong></span> <span class='ocrx_word' id='word_1_649' title='bbox 1462 1730 1576 1765; x_wconf 87' lang='lat' dir='ltr'><strong>strepitu</strong></span> <span class='ocrx_word' id='word_1_650' title='bbox 1592 1731 1746 1761; x_wconf 85' lang='lat' dir='ltr'><strong>evanescit.</strong></span> 
     </span>
    </p>
   </div>
   <div class='ocr_carea' id='block_1_83' title="bbox 962 1774 1747 1810">
    <p class='ocr_par' dir='ltr' id='par_1_83' title="bbox 962 1774 1747 1810">
     <span class='ocr_line' id='line_1_83' title="bbox 962 1774 1747 1810; baseline 0.004 -10"><span class='ocrx_word' id='word_1_651' title='bbox 962 1781 1051 1808; x_wconf 88' lang='lat' dir='ltr'><strong>neque</strong></span> <span class='ocrx_word' id='word_1_652' title='bbox 1072 1774 1155 1808; x_wconf 89' lang='lat' dir='ltr'><strong>hujus</strong></span> <span class='ocrx_word' id='word_1_653' title='bbox 1178 1775 1315 1802; x_wconf 87' lang='lat' dir='ltr'><strong>sermonis</strong></span> <span class='ocrx_word' id='word_1_654' title='bbox 1336 1782 1405 1810; x_wconf 89' lang='lat' dir='ltr'><strong>opus</strong></span> <span class='ocrx_word' id='word_1_655' title='bbox 1430 1775 1539 1810; x_wconf 86' lang='lat' dir='ltr'><strong>aliquod</strong></span> <span class='ocrx_word' id='word_1_656' title='bbox 1564 1776 1626 1804; x_wconf 89' lang='lat' dir='ltr'><strong>licet</strong></span> <span class='ocrx_word' id='word_1_657' title='bbox 1647 1776 1747 1804; x_wconf 90' lang='lat' dir='ltr'><strong>intelli—</strong></span> 
     </span>
    </p>
   </div>
   <div class='ocr_carea' id='block_1_84' title="bbox 961 1818 1745 1854">
    <p class='ocr_par' dir='ltr' id='par_1_84' title="bbox 961 1818 1745 1854">
     <span class='ocr_line' id='line_1_84' title="bbox 961 1818 1745 1854; baseline 0.005 -8"><span class='ocrx_word' id='word_1_658' title='bbox 961 1827 1036 1854; x_wconf 85' lang='lat' dir='ltr'><strong>gere,</strong></span> <span class='ocrx_word' id='word_1_659' title='bbox 1047 1818 1094 1847; x_wconf 89' lang='lat' dir='ltr'><strong>sed</strong></span> <span class='ocrx_word' id='word_1_660' title='bbox 1108 1820 1134 1846; x_wconf 93' lang='lat' dir='ltr'><strong>in</strong></span> <span class='ocrx_word' id='word_1_661' title='bbox 1148 1820 1204 1847; x_wconf 86' lang='lat' dir='ltr'><strong>sola</strong></span> <span class='ocrx_word' id='word_1_662' title='bbox 1218 1827 1284 1847; x_wconf 88' lang='lat' dir='ltr'><strong>voce</strong></span> <span class='ocrx_word' id='word_1_663' title='bbox 1295 1825 1322 1848; x_wconf 90' lang='lat' dir='ltr'><strong>et</strong></span> <span class='ocrx_word' id='word_1_664' title='bbox 1333 1821 1421 1848; x_wconf 83' lang='lat' dir='ltr'><strong>littera</strong></span> <span class='ocrx_word' id='word_1_665' title='bbox 1433 1820 1637 1848; x_wconf 85' lang='lat' dir='ltr'><strong>subsistentiam</strong></span> <span class='ocrx_word' id='word_1_666' title='bbox 1652 1822 1745 1850; x_wconf 82' lang='lat' dir='ltr'><strong>habet.</strong></span> 
     </span>
    </p>
   </div>
   <div class='ocr_carea' id='block_1_85' title="bbox 963 1864 1745 1903">
    <p class='ocr_par' dir='ltr' id='par_1_85' title="bbox 963 1864 1745 1903">
     <span class='ocr_line' id='line_1_85' title="bbox 963 1864 1745 1903; baseline 0.003 -11"><span class='ocrx_word' id='word_1_667' title='bbox 963 1864 1016 1893; x_wconf 89' lang='lat' dir='ltr'><strong>Sed</strong></span> <span class='ocrx_word' id='word_1_668' title='bbox 1030 1865 1077 1900; x_wconf 91' lang='lat' dir='ltr'><strong>qui</strong></span> <span class='ocrx_word' id='word_1_669' title='bbox 1091 1873 1123 1893; x_wconf 86' lang='lat' dir='ltr'><strong>ex</strong></span> <span class='ocrx_word' id='word_1_670' title='bbox 1139 1865 1194 1893; x_wconf 88' lang='lat' dir='ltr'><strong>Deo</strong></span> <span class='ocrx_word' id='word_1_671' title='bbox 1207 1870 1249 1893; x_wconf 87' lang='lat' dir='ltr'><strong>est</strong></span> <span class='ocrx_word' id='word_1_672' title='bbox 1261 1865 1369 1899; x_wconf 89' lang='lat' dir='ltr'><strong>Sermo,</strong></span> <span class='ocrx_word' id='word_1_673' title='bbox 1383 1866 1453 1894; x_wconf 72' lang='lat' dir='ltr'><strong>Dens</strong></span> <span class='ocrx_word' id='word_1_674' title='bbox 1467 1871 1525 1900; x_wconf 86' lang='lat' dir='ltr'><strong>est,</strong></span> <span class='ocrx_word' id='word_1_675' title='bbox 1538 1866 1657 1894; x_wconf 82' lang='lat' dir='ltr'><strong>Verbum</strong></span> <span class='ocrx_word' id='word_1_676' title='bbox 1673 1867 1745 1903; x_wconf 90' lang='lat' dir='ltr'><strong>quod</strong></span> 
     </span>
    </p>
   </div>
   <div class='ocr_carea' id='block_1_86' title="bbox 961 1911 1747 1947">
    <p class='ocr_par' dir='ltr' id='par_1_86' title="bbox 961 1911 1747 1947">
     <span class='ocr_line' id='line_1_86' title="bbox 961 1911 1747 1947; baseline 0.001 -9"><span class='ocrx_word' id='word_1_677' title='bbox 961 1914 1003 1939; x_wconf 84' lang='lat' dir='ltr'><strong>est</strong></span> <span class='ocrx_word' id='word_1_678' title='bbox 1019 1912 1045 1938; x_wconf 92' lang='lat' dir='ltr'><strong>in</strong></span> <span class='ocrx_word' id='word_1_679' title='bbox 1069 1911 1205 1946; x_wconf 91' lang='lat' dir='ltr'><strong>principio</strong></span> <span class='ocrx_word' id='word_1_680' title='bbox 1229 1915 1257 1938; x_wconf 83' lang='lat' dir='ltr'><strong>et</strong></span> <span class='ocrx_word' id='word_1_681' title='bbox 1279 1911 1306 1938; x_wconf 93' lang='lat' dir='ltr'><strong>in</strong></span> <span class='ocrx_word' id='word_1_682' title='bbox 1333 1916 1490 1946; x_wconf 84' lang='lat' dir='ltr'><strong>perpetuum</strong></span> <span class='ocrx_word' id='word_1_683' title='bbox 1515 1916 1673 1946; x_wconf 86' lang='lat' dir='ltr'><strong>permanet,</strong></span> <span class='ocrx_word' id='word_1_684' title='bbox 1699 1919 1747 1947; x_wconf 88' lang='lat' dir='ltr'><strong>per</strong></span> 
     </span>
    </p>
   </div>
   <div class='ocr_carea' id='block_1_87' title="bbox 961 1956 1746 1991">
    <p class='ocr_par' dir='ltr' id='par_1_87' title="bbox 961 1956 1746 1991">
     <span class='ocr_line' id='line_1_87' title="bbox 961 1956 1746 1991; baseline -0.001 -7"><span class='ocrx_word' id='word_1_685' title='bbox 961 1964 1040 1991; x_wconf 85' lang='lat' dir='ltr'><strong>quem</strong></span> <span class='ocrx_word' id='word_1_686' title='bbox 1057 1956 1148 1984; x_wconf 84' lang='lat' dir='ltr'><strong>omnia</strong></span> <span class='ocrx_word' id='word_1_687' title='bbox 1161 1961 1187 1984; x_wconf 88' lang='lat' dir='ltr'><strong>et</strong></span> <span class='ocrx_word' id='word_1_688' title='bbox 1202 1960 1306 1984; x_wconf 82' lang='lat' dir='ltr'><strong>suntet</strong></span> <span class='ocrx_word' id='word_1_689' title='bbox 1322 1960 1466 1988; x_wconf 84' lang='lat' dir='ltr'><strong>constant,</strong></span> <span class='ocrx_word' id='word_1_690' title='bbox 1482 1961 1508 1984; x_wconf 87' lang='lat' dir='ltr'><strong>et</strong></span> <span class='ocrx_word' id='word_1_691' title='bbox 1526 1957 1655 1984; x_wconf 87' lang='lat' dir='ltr'><strong>universo</strong></span> <span class='ocrx_word' id='word_1_692' title='bbox 1678 1965 1746 1991; x_wconf 75' lang='lat' dir='ltr'><strong>pra:-</strong></span> 
     </span>
    </p>
   </div>
   <div class='ocr_carea' id='block_1_88' title="bbox 961 2002 1746 2037">
    <p class='ocr_par' dir='ltr' id='par_1_88' title="bbox 961 2002 1746 2037">
     <span class='ocr_line' id='line_1_88' title="bbox 961 2002 1746 2037; baseline -0.001 -7"><span class='ocrx_word' id='word_1_693' title='bbox 961 2003 1033 2030; x_wconf 83' lang='lat' dir='ltr'><strong>sidel</strong></span> <span class='ocrx_word' id='word_1_694' title='bbox 1047 2010 1210 2037; x_wconf 90' lang='lat' dir='ltr'><strong>omnemque</strong></span> <span class='ocrx_word' id='word_1_695' title='bbox 1224 2002 1303 2029; x_wconf 86' lang='lat' dir='ltr'><strong>habet</strong></span> <span class='ocrx_word' id='word_1_696' title='bbox 1315 2009 1409 2029; x_wconf 78' lang='lat' dir='ltr'><strong>eorum</strong></span> <span class='ocrx_word' id='word_1_697' title='bbox 1426 2008 1487 2037; x_wconf 67' lang='lat' dir='ltr'><strong>qua:</strong></span> <span class='ocrx_word' id='word_1_698' title='bbox 1504 2006 1569 2030; x_wconf 90' lang='lat' dir='ltr'><strong>sunt</strong></span> <span class='ocrx_word' id='word_1_699' title='bbox 1583 2002 1608 2028; x_wconf 89' lang='lat' dir='ltr'><strong>in</strong></span> <span class='ocrx_word' id='word_1_700' title='bbox 1629 2003 1699 2030; x_wconf 87' lang='lat' dir='ltr'><strong>coelo</strong></span> <span class='ocrx_word' id='word_1_701' title='bbox 1719 2007 1746 2030; x_wconf 91' lang='lat' dir='ltr'><strong>et</strong></span> 
     </span>
    </p>
   </div>
   <div class='ocr_carea' id='block_1_89' title="bbox 963 2048 1745 2083">
    <p class='ocr_par' dir='ltr' id='par_1_89' title="bbox 963 2048 1745 2083">
     <span class='ocr_line' id='line_1_89' title="bbox 963 2048 1745 2083; baseline -0.003 -7"><span class='ocrx_word' id='word_1_702' title='bbox 963 2049 989 2076; x_wconf 94' lang='lat' dir='ltr'><strong>in</strong></span> <span class='ocrx_word' id='word_1_703' title='bbox 1005 2053 1077 2076; x_wconf 86' lang='lat' dir='ltr'><strong>terra</strong></span> <span class='ocrx_word' id='word_1_704' title='bbox 1093 2052 1255 2083; x_wconf 87' lang='lat' dir='ltr'><strong>potestatem</strong></span> <span class='ocrx_word' id='word_1_705' title='bbox 1266 2068 1272 2078; x_wconf 86' lang='lat'>.</span> <span class='ocrx_word' id='word_1_706' title='bbox 1285 2048 1338 2075; x_wconf 83' lang='lat' dir='ltr'><strong>vita</strong></span> <span class='ocrx_word' id='word_1_707' title='bbox 1351 2051 1379 2075; x_wconf 85' lang='lat' dir='ltr'><strong>et</strong></span> <span class='ocrx_word' id='word_1_708' title='bbox 1393 2049 1508 2079; x_wconf 88' lang='lat' dir='ltr'><strong>veritas,</strong></span> <span class='ocrx_word' id='word_1_709' title='bbox 1523 2048 1631 2082; x_wconf 87' lang='lat' dir='ltr'><strong>jnstitia</strong></span> <span class='ocrx_word' id='word_1_710' title='bbox 1646 2052 1672 2075; x_wconf 90' lang='lat' dir='ltr'><strong>et</strong></span> <span class='ocrx_word' id='word_1_711' title='bbox 1687 2049 1745 2081; x_wconf 86' lang='lat' dir='ltr'><strong>lux,</strong></span> 
     </span>
    </p>
   </div>
   <div class='ocr_carea' id='block_1_90' title="bbox 961 2093 1747 2127">
    <p class='ocr_par' dir='ltr' id='par_1_90' title="bbox 961 2093 1747 2127">
     <span class='ocr_line' id='line_1_90' title="bbox 961 2093 1747 2127; baseline -0.003 -5"><span class='ocrx_word' id='word_1_712' title='bbox 961 2099 988 2122; x_wconf 85' lang='lat' dir='ltr'><strong>et</strong></span> <span class='ocrx_word' id='word_1_713' title='bbox 1003 2102 1084 2122; x_wconf 91' lang='lat' dir='ltr'><strong>omne</strong></span> <span class='ocrx_word' id='word_1_714' title='bbox 1098 2094 1199 2127; x_wconf 81' lang='lat' dir='ltr'><strong>bonum</strong></span> <span class='ocrx_word' id='word_1_715' title='bbox 1212 2093 1348 2122; x_wconf 79' lang='lat' dir='ltr'><strong>exsistens</strong></span> <span class='ocrx_word' id='word_1_716' title='bbox 1359 2114 1367 2124; x_wconf 84' lang='lat'><em>.</em></span> <span class='ocrx_word' id='word_1_717' title='bbox 1383 2098 1410 2121; x_wconf 88' lang='lat' dir='ltr'><strong>et.</strong></span> <span class='ocrx_word' id='word_1_718' title='bbox 1424 2093 1515 2121; x_wconf 82' lang='lat' dir='ltr'><strong>omnia</strong></span> <span class='ocrx_word' id='word_1_719' title='bbox 1533 2093 1560 2121; x_wconf 93' lang='lat' dir='ltr'><strong>in</strong></span> <span class='ocrx_word' id='word_1_720' title='bbox 1583 2098 1695 2127; x_wconf 82' lang='lat' dir='ltr'><strong>natura,</strong></span> <span class='ocrx_word' id='word_1_721' title='bbox 1716 2098 1747 2122; x_wconf 92' lang='lat' dir='ltr'><strong>nt</strong></span> 
     </span>
    </p>
   </div>
   <div class='ocr_carea' id='block_1_91' title="bbox 962 2137 1745 2173">
    <p class='ocr_par' dir='ltr' id='par_1_91' title="bbox 962 2137 1745 2173">
     <span class='ocr_line' id='line_1_91' title="bbox 962 2137 1745 2173; baseline -0.001 -6"><span class='ocrx_word' id='word_1_722' title='bbox 962 2140 1018 2167; x_wconf 87' lang='lat' dir='ltr'><strong>sint</strong></span> <span class='ocrx_word' id='word_1_723' title='bbox 1040 2138 1194 2166; x_wconf 88' lang='lat' dir='ltr'><strong>continens.</strong></span> <span class='ocrx_word' id='word_1_724' title='bbox 1217 2137 1291 2165; x_wconf 88' lang='lat' dir='ltr'><strong>Talis</strong></span> <span class='ocrx_word' id='word_1_725' title='bbox 1313 2138 1396 2173; x_wconf 82' lang='lat' dir='ltr'><strong>igitur</strong></span> <span class='ocrx_word' id='word_1_726' title='bbox 1409 2143 1436 2165; x_wconf 90' lang='lat' dir='ltr'><strong>et</strong></span> <span class='ocrx_word' id='word_1_727' title='bbox 1460 2142 1554 2166; x_wconf 80' lang='lat' dir='ltr'><strong>tantus</strong></span> <span class='ocrx_word' id='word_1_728' title='bbox 1570 2138 1667 2166; x_wconf 89' lang='lat' dir='ltr'><strong>Sermo</strong></span> <span class='ocrx_word' id='word_1_729' title='bbox 1681 2147 1745 2166; x_wconf 85' lang='lat' dir='ltr'><strong>cum</strong></span> 
     </span>
    </p>
   </div>
   <div class='ocr_carea' id='block_1_92' title="bbox 119 2181 908 2222">
    <p class='ocr_par' dir='ltr' id='par_1_92' title="bbox 119 2181 908 2222">
     <span class='ocr_line' id='line_1_92' title="bbox 119 2181 908 2222; baseline -0.006 -8"><span class='ocrx_word' id='word_1_730' title='bbox 119 2197 172 2222; x_wconf 82' lang='grc' dir='ltr'><strong>γου</strong></span> <span class='ocrx_word' id='word_1_731' title='bbox 195 2186 242 2213; x_wconf 81' lang='grc' dir='ltr'>τοῦ</span> <span class='ocrx_word' id='word_1_732' title='bbox 264 2187 327 2222; x_wconf 68' lang='grc' dir='ltr'>περὶ</span> <span class='ocrx_word' id='word_1_733' title='bbox 339 2186 385 2213; x_wconf 80' lang='grc' dir='ltr'>τὸν</span> <span class='ocrx_word' id='word_1_734' title='bbox 397 2185 462 2218; x_wconf 77' lang='grc' dir='ltr'>Θεὸν</span> <span class='ocrx_word' id='word_1_735' title='bbox 476 2185 621 2220; x_wconf 81' lang='grc' dir='ltr'>νοουμένου</span> <span class='ocrx_word' id='word_1_736' title='bbox 631 2205 639 2217; x_wconf 88' lang='grc'><strong>,</strong></span> <span class='ocrx_word' id='word_1_737' title='bbox 655 2181 733 2215; x_wconf 73' lang='grc' dir='ltr'>οὗτος</span> <span class='ocrx_word' id='word_1_738' title='bbox 752 2183 798 2210; x_wconf 81' lang='grc' dir='ltr'>τὸν</span> <span class='ocrx_word' id='word_1_739' title='bbox 814 2184 842 2210; x_wconf 79' lang='grc' dir='ltr'>ὲν</span> <span class='ocrx_word' id='word_1_740' title='bbox 856 2183 908 2210; x_wconf 83' lang='grc' dir='ltr'>ὀνό-</span> 
     </span>
    </p>
   </div>
   <div class='ocr_carea' id='block_1_93' title="bbox 959 2181 1746 2222">
    <p class='ocr_par' dir='ltr' id='par_1_93' title="bbox 965 2183 1746 2218">
     <span class='ocr_line' id='line_1_93' title="bbox 965 2183 1746 2218; baseline -0.001 -7"><span class='ocrx_word' id='word_1_741' title='bbox 965 2186 1001 2212; x_wconf 82' lang='lat' dir='ltr'><strong>sit</strong></span> <span class='ocrx_word' id='word_1_742' title='bbox 1016 2188 1042 2212; x_wconf 91' lang='lat' dir='ltr'><strong>et</strong></span> <span class='ocrx_word' id='word_1_743' title='bbox 1057 2184 1085 2211; x_wconf 92' lang='lat' dir='ltr'><strong>in</strong></span> <span class='ocrx_word' id='word_1_744' title='bbox 1101 2183 1156 2211; x_wconf 85' lang='lat' dir='ltr'><strong>Deo</strong></span> <span class='ocrx_word' id='word_1_745' title='bbox 1171 2183 1350 2218; x_wconf 81' lang='lat' dir='ltr'><strong>intelligatur,</strong></span> <span class='ocrx_word' id='word_1_746' title='bbox 1373 2184 1426 2211; x_wconf 86' lang='lat' dir='ltr'><strong>iste</strong></span> <span class='ocrx_word' id='word_1_747' title='bbox 1458 2191 1625 2217; x_wconf 84' lang='lat' dir='ltr'><strong>sermonem,</strong></span> <span class='ocrx_word' id='word_1_748' title='bbox 1650 2184 1695 2218; x_wconf 91' lang='lat' dir='ltr'><strong>qui</strong></span> <span class='ocrx_word' id='word_1_749' title='bbox 1718 2184 1746 2210; x_wconf 93' lang='lat' dir='ltr'><strong>in</strong></span> 
     </span>
    </p>
   </div>
   <div class='ocr_carea' id='block_1_94' title="bbox 121 2229 915 2269">
    <p class='ocr_par' dir='ltr' id='par_1_94' title="bbox 121 2229 915 2269">
     <span class='ocr_line' id='line_1_94' title="bbox 121 2229 915 2269; baseline -0.004 -9"><span class='ocrx_word' id='word_1_750' title='bbox 121 2242 193 2269; x_wconf 89' lang='grc' dir='ltr'>μασι</span> <span class='ocrx_word' id='word_1_751' title='bbox 208 2233 255 2259; x_wconf 66' lang='grc' dir='ltr'>καὶ</span> <span class='ocrx_word' id='word_1_752' title='bbox 269 2233 373 2268; x_wconf 75' lang='grc' dir='ltr'>ῥήμασι</span> <span class='ocrx_word' id='word_1_753' title='bbox 398 2232 446 2258; x_wconf 79' lang='grc' dir='ltr'>καὶ</span> <span class='ocrx_word' id='word_1_754' title='bbox 465 2231 625 2266; x_wconf 83' lang='grc' dir='ltr'>συνδέσμοις</span> <span class='ocrx_word' id='word_1_755' title='bbox 650 2229 915 2265; x_wconf 84' lang='grc' dir='ltr'>συναπαρτιζόμενον</span> 
     </span>
    </p>
   </div>
   <div class='ocr_carea' id='block_1_95' title="bbox 120 2273 915 2312">
    <p class='ocr_par' dir='ltr' id='par_1_95' title="bbox 120 2273 915 2312">
     <span class='ocr_line' id='line_1_95' title="bbox 120 2273 915 2312; baseline -0.006 -7"><span class='ocrx_word' id='word_1_756' title='bbox 120 2279 213 2312; x_wconf 71' lang='grc' dir='ltr'>λόγον,</span> <span class='ocrx_word' id='word_1_757' title='bbox 228 2277 264 2309; x_wconf 83' lang='grc' dir='ltr'>ὦς</span> <span class='ocrx_word' id='word_1_758' title='bbox 287 2286 313 2304; x_wconf 89' lang='grc' dir='ltr'><strong>τι</strong></span> <span class='ocrx_word' id='word_1_759' title='bbox 328 2277 398 2312; x_wconf 82' lang='grc' dir='ltr'>μέγα</span> <span class='ocrx_word' id='word_1_760' title='bbox 413 2276 553 2311; x_wconf 79' lang='grc' dir='ltr'>χαρίζεται</span> <span class='ocrx_word' id='word_1_761' title='bbox 567 2274 636 2310; x_wconf 85' lang='grc' dir='ltr'>Θεῷ,</span> <span class='ocrx_word' id='word_1_762' title='bbox 651 2274 753 2308; x_wconf 84' lang='grc' dir='ltr'>ἀγνοῶν</span> <span class='ocrx_word' id='word_1_763' title='bbox 765 2275 806 2301; x_wconf 84' lang='grc' dir='ltr'>ὃτι</span> <span class='ocrx_word' id='word_1_764' title='bbox 822 2273 915 2309; x_wconf 88' lang='grc' dir='ltr'>ὥσπερ</span> 
     </span>
    </p>
   </div>
   <div class='ocr_carea' id='block_1_96' title="bbox 120 2319 914 2360">
    <p class='ocr_par' dir='ltr' id='par_1_96' title="bbox 120 2319 914 2360">
     <span class='ocr_line' id='line_1_96' title="bbox 120 2319 914 2360; baseline -0.008 -9"><span class='ocrx_word' id='word_1_765' title='bbox 120 2326 136 2352; x_wconf 84' lang='grc' dir='ltr'>ὁ</span> <span class='ocrx_word' id='word_1_766' title='bbox 152 2324 202 2360; x_wconf 82' lang='grc' dir='ltr'>τὴν</span> <span class='ocrx_word' id='word_1_767' title='bbox 210 2323 368 2359; x_wconf 72' lang='grc' dir='ltr'>πρακτικὴν</span> <span class='ocrx_word' id='word_1_768' title='bbox 379 2323 411 2357; x_wconf 81' lang='grc' dir='ltr'>τῇ</span> <span class='ocrx_word' id='word_1_769' title='bbox 420 2321 500 2356; x_wconf 81' lang='grc' dir='ltr'>φύσει</span> <span class='ocrx_word' id='word_1_770' title='bbox 511 2321 589 2356; x_wconf 79' lang='grc' dir='ltr'>ἡμῶν</span> <span class='ocrx_word' id='word_1_771' title='bbox 599 2320 781 2356; x_wconf 81' lang='grc' dir='ltr'>χαρισάμενος</span> <span class='ocrx_word' id='word_1_772' title='bbox 789 2319 914 2354; x_wconf 82' lang='grc' dir='ltr'>δύναμιν,</span> 
     </span>
    </p>
   </div>
   <div class='ocr_carea' id='block_1_97' title="bbox 121 2365 915 2402">
    <p class='ocr_par' dir='ltr' id='par_1_97' title="bbox 121 2365 915 2402">
     <span class='ocr_line' id='line_1_97' title="bbox 121 2365 915 2402; baseline -0.005 -7"><span class='ocrx_word' id='word_1_773' title='bbox 121 2370 155 2395; x_wconf 85' lang='grc' dir='ltr'>οὑ</span> <span class='ocrx_word' id='word_1_774' title='bbox 169 2368 203 2394; x_wconf 83' lang='grc' dir='ltr'><strong>τὰ</strong></span> <span class='ocrx_word' id='word_1_775' title='bbox 222 2367 282 2394; x_wconf 82' lang='grc' dir='ltr'>καθ’</span> <span class='ocrx_word' id='word_1_776' title='bbox 295 2367 410 2394; x_wconf 71' lang='grc' dir='ltr'>ἕκαστον</span> <span class='ocrx_word' id='word_1_777' title='bbox 421 2366 498 2402; x_wconf 82' lang='grc' dir='ltr'>ἡμῶν</span> <span class='ocrx_word' id='word_1_778' title='bbox 510 2366 580 2401; x_wconf 77' lang='grc' dir='ltr'>ἔργα</span> <span class='ocrx_word' id='word_1_779' title='bbox 600 2366 777 2400; x_wconf 84' lang='grc' dir='ltr'>δημιουργεῖν</span> <span class='ocrx_word' id='word_1_780' title='bbox 795 2365 915 2399; x_wconf 80' lang='grc' dir='ltr'>λέγεται,</span> 
     </span>
    </p>
   </div>
   <div class='ocr_carea' id='block_1_98' title="bbox 120 2409 914 2448">
    <p class='ocr_par' dir='ltr' id='par_1_98' title="bbox 120 2409 914 2448">
     <span class='ocr_line' id='line_1_98' title="bbox 120 2409 914 2448; baseline -0.001 -10"><span class='ocrx_word' id='word_1_781' title='bbox 120 2409 183 2438; x_wconf 75' lang='grc' dir='ltr'>ἀλλ’</span> <span class='ocrx_word' id='word_1_782' title='bbox 215 2414 229 2440; x_wconf 87' lang='grc' dir='ltr'>ὁ</span> <span class='ocrx_word' id='word_1_783' title='bbox 244 2413 292 2448; x_wconf 84' lang='grc' dir='ltr'>μὲν</span> <span class='ocrx_word' id='word_1_784' title='bbox 305 2413 388 2440; x_wconf 72' lang='grc' dir='ltr'>ἔδωκε</span> <span class='ocrx_word' id='word_1_785' title='bbox 402 2413 434 2448; x_wconf 78' lang='grc' dir='ltr'><strong>τῇ</strong></span> <span class='ocrx_word' id='word_1_786' title='bbox 451 2412 530 2446; x_wconf 86' lang='grc' dir='ltr'>φύσει</span> <span class='ocrx_word' id='word_1_787' title='bbox 547 2411 595 2447; x_wconf 87' lang='grc' dir='ltr'>τὴν</span> <span class='ocrx_word' id='word_1_788' title='bbox 618 2411 743 2446; x_wconf 81' lang='grc' dir='ltr'>δύναμιν,</span> <span class='ocrx_word' id='word_1_789' title='bbox 764 2412 914 2446; x_wconf 70' lang='grc' dir='ltr'>ἐνεργεῖται</span> 
     </span>
    </p>
   </div>
   <div class='ocr_carea' id='block_1_99' title="bbox 120 2457 915 2495">
    <p class='ocr_par' dir='ltr' id='par_1_99' title="bbox 120 2457 915 2495">
     <span class='ocr_line' id='line_1_99' title="bbox 120 2457 915 2495; baseline -0.004 -9"><span class='ocrx_word' id='word_1_790' title='bbox 120 2459 153 2486; x_wconf 79' lang='grc' dir='ltr'>δὲ</span> <span class='ocrx_word' id='word_1_791' title='bbox 172 2459 235 2495; x_wconf 82' lang='grc' dir='ltr'>παρ’</span> <span class='ocrx_word' id='word_1_792' title='bbox 254 2458 332 2494; x_wconf 83' lang='grc' dir='ltr'>ὴμῶν</span> <span class='ocrx_word' id='word_1_793' title='bbox 347 2458 430 2490; x_wconf 80' lang='grc' dir='ltr'>οἰκία,</span> <span class='ocrx_word' id='word_1_794' title='bbox 448 2458 494 2485; x_wconf 77' lang='grc' dir='ltr'><strong>καὶ</strong></span> <span class='ocrx_word' id='word_1_795' title='bbox 517 2457 625 2492; x_wconf 82' lang='grc' dir='ltr'>βάθρον,</span> <span class='ocrx_word' id='word_1_796' title='bbox 640 2457 687 2483; x_wconf 78' lang='grc' dir='ltr'>καὶ</span> <span class='ocrx_word' id='word_1_797' title='bbox 708 2457 845 2492; x_wconf 72' lang='grc' dir='ltr'>ῥομφαία.</span> <span class='ocrx_word' id='word_1_798' title='bbox 868 2457 915 2483; x_wconf 76' lang='grc' dir='ltr'>καὶ</span> 
     </span>
    </p>
   </div>
   <div class='ocr_carea' id='block_1_100' title="bbox 122 2500 915 2540">
    <p class='ocr_par' dir='ltr' id='par_1_100' title="bbox 122 2500 915 2540">
     <span class='ocr_line' id='line_1_100' title="bbox 122 2500 915 2540; baseline -0.006 -8"><span class='ocrx_word' id='word_1_799' title='bbox 122 2506 252 2540; x_wconf 77' lang='grc' dir='ltr'>ἄροτρον.</span> <span class='ocrx_word' id='word_1_800' title='bbox 267 2505 315 2531; x_wconf 72' lang='grc' dir='ltr'>καὶ</span> <span class='ocrx_word' id='word_1_801' title='bbox 337 2505 454 2539; x_wconf 83' lang='grc' dir='ltr'>ὅτουπερ</span> <span class='ocrx_word' id='word_1_802' title='bbox 469 2503 503 2530; x_wconf 81' lang='grc' dir='ltr'>ἂν</span> <span class='ocrx_word' id='word_1_803' title='bbox 518 2504 531 2529; x_wconf 81' lang='grc' dir='ltr'>ὁ</span> <span class='ocrx_word' id='word_1_804' title='bbox 553 2502 609 2536; x_wconf 81' lang='grc' dir='ltr'>βίος</span> <span class='ocrx_word' id='word_1_805' title='bbox 624 2504 693 2538; x_wconf 81' lang='grc' dir='ltr'>τύχῃ</span> <span class='ocrx_word' id='word_1_806' title='bbox 714 2502 839 2537; x_wconf 81' lang='grc' dir='ltr'>δεόμενος</span> <span class='ocrx_word' id='word_1_807' title='bbox 857 2509 863 2515; x_wconf 91' lang='grc'><strong>·</strong></span> <span class='ocrx_word' id='word_1_808' title='bbox 878 2500 915 2527; x_wconf 82' lang='grc' dir='ltr'>ὠν</span> 
     </span>
    </p>
   </div>
   <div class='ocr_carea' id='block_1_101' title="bbox 122 2547 914 2585">
    <p class='ocr_par' dir='ltr' id='par_1_101' title="bbox 122 2547 914 2585">
     <span class='ocr_line' id='line_1_101' title="bbox 122 2547 914 2585; baseline -0.005 -8"><span class='ocrx_word' id='word_1_809' title='bbox 122 2551 161 2577; x_wconf 72' lang='grc' dir='ltr'>τὰ</span> <span class='ocrx_word' id='word_1_810' title='bbox 174 2551 234 2578; x_wconf 81' lang='grc' dir='ltr'>καθ’</span> <span class='ocrx_word' id='word_1_811' title='bbox 256 2551 372 2578; x_wconf 76' lang='grc' dir='ltr'>ἕκαστόν</span> <span class='ocrx_word' id='word_1_812' title='bbox 389 2551 447 2576; x_wconf 79' lang='grc' dir='ltr'>ἐστι</span> <span class='ocrx_word' id='word_1_813' title='bbox 464 2550 512 2585; x_wconf 80' lang='grc' dir='ltr'>μὲν</span> <span class='ocrx_word' id='word_1_814' title='bbox 530 2549 598 2584; x_wconf 73' lang='grc' dir='ltr'>ἔργα</span> <span class='ocrx_word' id='word_1_815' title='bbox 620 2549 758 2584; x_wconf 82' lang='grc' dir='ltr'>ἡμέτερα,</span> <span class='ocrx_word' id='word_1_816' title='bbox 774 2549 813 2579; x_wconf 70' lang='grc' dir='ltr'><strong>εἰς</strong></span> <span class='ocrx_word' id='word_1_817' title='bbox 827 2548 855 2574; x_wconf 83' lang='grc' dir='ltr'>δὲ</span> <span class='ocrx_word' id='word_1_818' title='bbox 869 2547 914 2573; x_wconf 78' lang='grc' dir='ltr'>τὸν</span> 
     </span>
    </p>
   </div>
   <div class='ocr_carea' id='block_1_102' title="bbox 124 2594 917 2631">
    <p class='ocr_par' dir='ltr' id='par_1_102' title="bbox 124 2594 917 2631">
     <span class='ocr_line' id='line_1_102' title="bbox 124 2594 917 2631; baseline -0.004 -9"><span class='ocrx_word' id='word_1_819' title='bbox 124 2597 206 2631; x_wconf 79' lang='grc' dir='ltr'>ἡμῶν</span> <span class='ocrx_word' id='word_1_820' title='bbox 220 2596 309 2623; x_wconf 84' lang='grc' dir='ltr'>αὐτῶν</span> <span class='ocrx_word' id='word_1_821' title='bbox 321 2597 406 2622; x_wconf 73' lang='grc' dir='ltr'>αἴτιον</span> <span class='ocrx_word' id='word_1_822' title='bbox 431 2596 478 2631; x_wconf 85' lang='grc' dir='ltr'>τὴν</span> <span class='ocrx_word' id='word_1_823' title='bbox 493 2595 632 2630; x_wconf 80' lang='grc' dir='ltr'>ἀναφορὰν</span> <span class='ocrx_word' id='word_1_824' title='bbox 646 2595 713 2629; x_wconf 75' lang='grc' dir='ltr'>ἔχει,</span> <span class='ocrx_word' id='word_1_825' title='bbox 728 2594 773 2620; x_wconf 76' lang='grc' dir='ltr'><strong>τὸν</strong></span> <span class='ocrx_word' id='word_1_826' title='bbox 791 2594 917 2628; x_wconf 74' lang='grc' dir='ltr'>δεκτικὴν</span> 
     </span>
    </p>
   </div>
   <div class='ocr_carea' id='block_1_103' title="bbox 125 2641 914 2677">
    <p class='ocr_par' dir='ltr' id='par_1_103' title="bbox 125 2641 914 2677">
     <span class='ocr_line' id='line_1_103' title="bbox 125 2641 914 2677; baseline -0.005 -9"><span class='ocrx_word' id='word_1_827' title='bbox 125 2643 218 2677; x_wconf 79' lang='grc' dir='ltr'>πάσης</span> <span class='ocrx_word' id='word_1_828' title='bbox 240 2642 393 2676; x_wconf 65' lang='grc' dir='ltr'>ἐπιστήμης</span> <span class='ocrx_word' id='word_1_829' title='bbox 405 2641 455 2676; x_wconf 80' lang='grc' dir='ltr'>τὴν</span> <span class='ocrx_word' id='word_1_830' title='bbox 468 2641 549 2676; x_wconf 80' lang='grc' dir='ltr'>φύσιν</span> <span class='ocrx_word' id='word_1_831' title='bbox 568 2641 647 2676; x_wconf 82' lang='grc' dir='ltr'>ἡμῶν</span> <span class='ocrx_word' id='word_1_832' title='bbox 667 2641 914 2675; x_wconf 81' lang='grc' dir='ltr'>δημιουργήσαντα·</span> 
     </span>
    </p>
   </div>
   <div class='ocr_carea' id='block_1_104' title="bbox 125 2686 916 2723">
    <p class='ocr_par' dir='ltr' id='par_1_104' title="bbox 125 2686 916 2723">
     <span class='ocr_line' id='line_1_104' title="bbox 125 2686 916 2723; baseline -0.006 -7"><span class='ocrx_word' id='word_1_833' title='bbox 125 2688 214 2720; x_wconf 71' lang='grc' dir='ltr'>οὕτως</span> <span class='ocrx_word' id='word_1_834' title='bbox 228 2689 276 2716; x_wconf 79' lang='grc' dir='ltr'>καὶ</span> <span class='ocrx_word' id='word_1_835' title='bbox 292 2689 308 2723; x_wconf 87' lang='grc' dir='ltr'><strong>ή</strong></span> <span class='ocrx_word' id='word_1_836' title='bbox 331 2688 377 2714; x_wconf 80' lang='grc' dir='ltr'>τοῦ</span> <span class='ocrx_word' id='word_1_837' title='bbox 394 2688 473 2722; x_wconf 75' lang='grc' dir='ltr'>λόγου</span> <span class='ocrx_word' id='word_1_838' title='bbox 490 2688 614 2723; x_wconf 79' lang='grc' dir='ltr'>δύναμις,</span> <span class='ocrx_word' id='word_1_839' title='bbox 632 2687 712 2723; x_wconf 68' lang='grc' dir='ltr'>ἔργον</span> <span class='ocrx_word' id='word_1_840' title='bbox 734 2687 782 2722; x_wconf 81' lang='grc' dir='ltr'>μὲν</span> <span class='ocrx_word' id='word_1_841' title='bbox 799 2686 855 2712; x_wconf 79' lang='grc' dir='ltr'>ἔστι</span> <span class='ocrx_word' id='word_1_842' title='bbox 869 2686 916 2712; x_wconf 78' lang='grc' dir='ltr'>τοῦ</span> 
     </span>
    </p>
   </div>
   <div class='ocr_carea' id='block_1_105' title="bbox 127 2731 915 2769">
    <p class='ocr_par' dir='ltr' id='par_1_105' title="bbox 127 2731 915 2769">
     <span class='ocr_line' id='line_1_105' title="bbox 127 2731 915 2769; baseline -0.004 -9"><span class='ocrx_word' id='word_1_843' title='bbox 127 2733 256 2768; x_wconf 70' lang='grc' dir='ltr'>τοιαύτην</span> <span class='ocrx_word' id='word_1_844' title='bbox 269 2733 348 2769; x_wconf 83' lang='grc' dir='ltr'>ἡμῶν</span> <span class='ocrx_word' id='word_1_845' title='bbox 362 2733 542 2768; x_wconf 80' lang='grc' dir='ltr'>πεποιηκότος</span> <span class='ocrx_word' id='word_1_846' title='bbox 552 2734 602 2768; x_wconf 82' lang='grc' dir='ltr'>τὴν</span> <span class='ocrx_word' id='word_1_847' title='bbox 612 2732 703 2767; x_wconf 78' lang='grc' dir='ltr'>φύσιν,</span> <span class='ocrx_word' id='word_1_848' title='bbox 721 2733 737 2766; x_wconf 91' lang='grc' dir='ltr'><strong>ή</strong></span> <span class='ocrx_word' id='word_1_849' title='bbox 751 2732 779 2758; x_wconf 69' lang='grc' dir='ltr'>δὲ</span> <span class='ocrx_word' id='word_1_850' title='bbox 792 2731 845 2758; x_wconf 81' lang='grc' dir='ltr'><strong>τῶν</strong></span> <span class='ocrx_word' id='word_1_851' title='bbox 856 2731 915 2758; x_wconf 79' lang='grc' dir='ltr'>καθ’</span> 
     </span>
    </p>
   </div>
   <div class='ocr_carea' id='block_1_106' title="bbox 963 2228 1747 2264">
    <p class='ocr_par' dir='ltr' id='par_1_106' title="bbox 963 2228 1747 2264">
     <span class='ocr_line' id='line_1_106' title="bbox 963 2228 1747 2264; baseline -0.003 -7"><span class='ocrx_word' id='word_1_852' title='bbox 963 2230 1120 2257; x_wconf 88' lang='lat' dir='ltr'><strong>nominibus</strong></span> <span class='ocrx_word' id='word_1_853' title='bbox 1134 2233 1160 2257; x_wconf 87' lang='lat' dir='ltr'><strong>et</strong></span> <span class='ocrx_word' id='word_1_854' title='bbox 1175 2229 1266 2257; x_wconf 85' lang='lat' dir='ltr'><strong>verbis</strong></span> <span class='ocrx_word' id='word_1_855' title='bbox 1279 2232 1306 2256; x_wconf 87' lang='lat' dir='ltr'><strong>et</strong></span> <span class='ocrx_word' id='word_1_856' title='bbox 1328 2228 1573 2263; x_wconf 85' lang='lat' dir='ltr'><strong>conjunctionibus</strong></span> <span class='ocrx_word' id='word_1_857' title='bbox 1595 2228 1747 2264; x_wconf 89' lang='lat' dir='ltr'><strong>compingi-</strong></span> 
     </span>
    </p>
   </div>
   <div class='ocr_carea' id='block_1_107' title="bbox 963 2273 1746 2309">
    <p class='ocr_par' dir='ltr' id='par_1_107' title="bbox 963 2273 1746 2309">
     <span class='ocr_line' id='line_1_107' title="bbox 963 2273 1746 2309; baseline -0.001 -8"><span class='ocrx_word' id='word_1_858' title='bbox 963 2279 1017 2308; x_wconf 88' lang='lat' dir='ltr'><strong>tur,</strong></span> <span class='ocrx_word' id='word_1_859' title='bbox 1029 2274 1103 2302; x_wconf 88' lang='lat' dir='ltr'><strong>velnt</strong></span> <span class='ocrx_word' id='word_1_860' title='bbox 1112 2273 1177 2309; x_wconf 93' lang='lat' dir='ltr'><strong>quid</strong></span> <span class='ocrx_word' id='word_1_861' title='bbox 1190 2281 1315 2308; x_wconf 86' lang='lat' dir='ltr'><strong>magnum</strong></span> <span class='ocrx_word' id='word_1_862' title='bbox 1327 2273 1382 2301; x_wconf 88' lang='lat' dir='ltr'><strong>Deo</strong></span> <span class='ocrx_word' id='word_1_863' title='bbox 1394 2274 1518 2309; x_wconf 86' lang='lat' dir='ltr'><strong>largitur,</strong></span> <span class='ocrx_word' id='word_1_864' title='bbox 1532 2274 1661 2309; x_wconf 85' lang='lat' dir='ltr'><strong>ignorans</strong></span> <span class='ocrx_word' id='word_1_865' title='bbox 1673 2273 1746 2308; x_wconf 91' lang='lat' dir='ltr'><strong>quod</strong></span> 
     </span>
    </p>
   </div>
   <div class='ocr_carea' id='block_1_108' title="bbox 963 2320 1747 2356">
    <p class='ocr_par' dir='ltr' id='par_1_108' title="bbox 963 2320 1747 2356">
     <span class='ocr_line' id='line_1_108' title="bbox 963 2320 1747 2356; baseline -0.003 -8"><span class='ocrx_word' id='word_1_866' title='bbox 963 2320 1192 2356; x_wconf 89' lang='lat' dir='ltr'><strong>quemadmodum</strong></span> <span class='ocrx_word' id='word_1_867' title='bbox 1208 2320 1254 2355; x_wconf 87' lang='lat' dir='ltr'><strong>qui</strong></span> <span class='ocrx_word' id='word_1_868' title='bbox 1268 2320 1384 2347; x_wconf 86' lang='lat' dir='ltr'><strong>activam</strong></span> <span class='ocrx_word' id='word_1_869' title='bbox 1401 2320 1550 2356; x_wconf 88' lang='lat' dir='ltr'><strong>potentiam</strong></span> <span class='ocrx_word' id='word_1_870' title='bbox 1572 2325 1676 2347; x_wconf 74' lang='lat' dir='ltr'><strong>natura:</strong></span> <span class='ocrx_word' id='word_1_871' title='bbox 1699 2327 1747 2346; x_wconf 88' lang='lat' dir='ltr'><strong>no-</strong></span> 
     </span>
    </p>
   </div>
   <div class='ocr_carea' id='block_1_109' title="bbox 962 2365 1748 2401">
    <p class='ocr_par' dir='ltr' id='par_1_109' title="bbox 962 2365 1748 2401">
     <span class='ocr_line' id='line_1_109' title="bbox 962 2365 1748 2401; baseline -0.001 -8"><span class='ocrx_word' id='word_1_872' title='bbox 962 2370 1026 2393; x_wconf 70' lang='lat' dir='ltr'><strong>stne</strong></span> <span class='ocrx_word' id='word_1_873' title='bbox 1041 2365 1213 2401; x_wconf 78' lang='lat' dir='ltr'><strong>gratiﬁcatns</strong></span> <span class='ocrx_word' id='word_1_874' title='bbox 1227 2369 1270 2393; x_wconf 83' lang='lat' dir='ltr'><strong>est</strong></span> <span class='ocrx_word' id='word_1_875' title='bbox 1284 2386 1291 2398; x_wconf 90' lang='lat'><strong>,</strong></span> <span class='ocrx_word' id='word_1_876' title='bbox 1307 2373 1362 2392; x_wconf 92' lang='lat' dir='ltr'><strong>non</strong></span> <span class='ocrx_word' id='word_1_877' title='bbox 1376 2373 1436 2401; x_wconf 66' lang='lat' dir='ltr'><strong>qua:</strong></span> <span class='ocrx_word' id='word_1_878' title='bbox 1449 2370 1513 2393; x_wconf 89' lang='lat' dir='ltr'><strong>sunt</strong></span> <span class='ocrx_word' id='word_1_879' title='bbox 1527 2366 1553 2392; x_wconf 91' lang='lat' dir='ltr'><strong>in</strong></span> <span class='ocrx_word' id='word_1_880' title='bbox 1567 2373 1676 2401; x_wconf 87' lang='lat' dir='ltr'><strong>quoque</strong></span> <span class='ocrx_word' id='word_1_881' title='bbox 1698 2372 1748 2392; x_wconf 89' lang='lat' dir='ltr'><strong>no-</strong></span> 
     </span>
    </p>
   </div>
   <div class='ocr_carea' id='block_1_110' title="bbox 967 2410 1748 2446">
    <p class='ocr_par' dir='ltr' id='par_1_110' title="bbox 967 2410 1748 2446">
     <span class='ocr_line' id='line_1_110' title="bbox 967 2410 1748 2446; baseline -0.001 -8"><span class='ocrx_word' id='word_1_882' title='bbox 967 2416 1054 2438; x_wconf 84' lang='lat' dir='ltr'><strong>strum</strong></span> <span class='ocrx_word' id='word_1_883' title='bbox 1066 2418 1147 2446; x_wconf 86' lang='lat' dir='ltr'><strong>opera</strong></span> <span class='ocrx_word' id='word_1_884' title='bbox 1158 2410 1263 2438; x_wconf 75' lang='lat' dir='ltr'><strong>eﬂicere</strong></span> <span class='ocrx_word' id='word_1_885' title='bbox 1275 2411 1390 2439; x_wconf 86' lang='lat' dir='ltr'><strong>dicitur,</strong></span> <span class='ocrx_word' id='word_1_886' title='bbox 1405 2411 1450 2438; x_wconf 79' lang='lat' dir='ltr'><strong>sed</strong></span> <span class='ocrx_word' id='word_1_887' title='bbox 1467 2411 1512 2439; x_wconf 89' lang='lat' dir='ltr'><strong>ille</strong></span> <span class='ocrx_word' id='word_1_888' title='bbox 1525 2411 1634 2446; x_wconf 86' lang='lat' dir='ltr'><strong>quidem</strong></span> <span class='ocrx_word' id='word_1_889' title='bbox 1649 2415 1748 2438; x_wconf 75' lang='lat' dir='ltr'><strong>nostra:</strong></span> 
     </span>
    </p>
   </div>
   <div class='ocr_carea' id='block_1_111' title="bbox 968 2455 1748 2489">
    <p class='ocr_par' dir='ltr' id='par_1_111' title="bbox 968 2455 1748 2489">
     <span class='ocr_line' id='line_1_111' title="bbox 968 2455 1748 2489; baseline 0 -6"><span class='ocrx_word' id='word_1_890' title='bbox 968 2460 1074 2484; x_wconf 60' lang='lat' dir='ltr'><strong>natura;</strong></span> <span class='ocrx_word' id='word_1_891' title='bbox 1088 2456 1140 2482; x_wconf 90' lang='lat' dir='ltr'><strong>vim</strong></span> <span class='ocrx_word' id='word_1_892' title='bbox 1157 2455 1247 2487; x_wconf 83' lang='lat' dir='ltr'><strong>dedit,</strong></span> <span class='ocrx_word' id='word_1_893' title='bbox 1264 2463 1277 2482; x_wconf 91' lang='lat' dir='ltr'><strong>a</strong></span> <span class='ocrx_word' id='word_1_894' title='bbox 1294 2457 1374 2483; x_wconf 88' lang='lat' dir='ltr'><strong>nobis</strong></span> <span class='ocrx_word' id='word_1_895' title='bbox 1388 2464 1452 2483; x_wconf 89' lang='lat' dir='ltr'><strong>vero</strong></span> <span class='ocrx_word' id='word_1_896' title='bbox 1469 2456 1567 2484; x_wconf 91' lang='lat' dir='ltr'><strong>domus</strong></span> <span class='ocrx_word' id='word_1_897' title='bbox 1581 2456 1705 2489; x_wconf 78' lang='lat' dir='ltr'><strong>eﬂicitur,</strong></span> <span class='ocrx_word' id='word_1_898' title='bbox 1721 2461 1748 2483; x_wconf 86' lang='lat' dir='ltr'><strong>et</strong></span> 
     </span>
    </p>
   </div>
   <div class='ocr_carea' id='block_1_112' title="bbox 967 2502 1748 2537">
    <p class='ocr_par' dir='ltr' id='par_1_112' title="bbox 967 2502 1748 2537">
     <span class='ocr_line' id='line_1_112' title="bbox 967 2502 1748 2537; baseline 0 -8"><span class='ocrx_word' id='word_1_899' title='bbox 967 2509 1110 2529; x_wconf 89' lang='lat' dir='ltr'><strong>scamnum</strong></span> <span class='ocrx_word' id='word_1_900' title='bbox 1121 2522 1128 2533; x_wconf 82' lang='lat'><strong>.</strong></span> <span class='ocrx_word' id='word_1_901' title='bbox 1145 2505 1171 2528; x_wconf 87' lang='lat' dir='ltr'><strong>et</strong></span> <span class='ocrx_word' id='word_1_902' title='bbox 1184 2502 1306 2537; x_wconf 84' lang='lat' dir='ltr'><strong>gladius,</strong></span> <span class='ocrx_word' id='word_1_903' title='bbox 1322 2506 1348 2529; x_wconf 87' lang='lat' dir='ltr'><strong>et</strong></span> <span class='ocrx_word' id='word_1_904' title='bbox 1364 2507 1483 2528; x_wconf 86' lang='lat' dir='ltr'><strong>aratrum</strong></span> <span class='ocrx_word' id='word_1_905' title='bbox 1494 2522 1501 2533; x_wconf 82' lang='grc'><strong>,</strong></span> <span class='ocrx_word' id='word_1_906' title='bbox 1518 2507 1545 2529; x_wconf 88' lang='lat' dir='ltr'><strong>ct</strong></span> <span class='ocrx_word' id='word_1_907' title='bbox 1567 2503 1748 2537; x_wconf 87' lang='lat' dir='ltr'><strong>quodcunque</strong></span> 
     </span>
    </p>
   </div>
   <div class='ocr_carea' id='block_1_113' title="bbox 967 2547 1749 2582">
    <p class='ocr_par' dir='ltr' id='par_1_113' title="bbox 967 2547 1749 2582">
     <span class='ocr_line' id='line_1_113' title="bbox 967 2547 1749 2582; baseline 0.003 -9"><span class='ocrx_word' id='word_1_908' title='bbox 967 2554 1035 2582; x_wconf 89' lang='lat' dir='ltr'><strong>opus</strong></span> <span class='ocrx_word' id='word_1_909' title='bbox 1049 2555 1103 2582; x_wconf 88' lang='lat' dir='ltr'><strong>quo</strong></span> <span class='ocrx_word' id='word_1_910' title='bbox 1116 2547 1169 2574; x_wconf 84' lang='lat' dir='ltr'><strong>vita</strong></span> <span class='ocrx_word' id='word_1_911' title='bbox 1182 2551 1277 2574; x_wconf 87' lang='lat' dir='ltr'><strong>nostra</strong></span> <span class='ocrx_word' id='word_1_912' title='bbox 1289 2547 1409 2582; x_wconf 68' lang='lat' dir='ltr'><strong>indigeat</strong></span> <span class='ocrx_word' id='word_1_913' title='bbox 1420 2558 1426 2575; x_wconf 85' lang='lat'><strong>:</strong></span> <span class='ocrx_word' id='word_1_914' title='bbox 1437 2555 1552 2582; x_wconf 88' lang='lat' dir='ltr'><strong>quorum</strong></span> <span class='ocrx_word' id='word_1_915' title='bbox 1565 2548 1671 2581; x_wconf 77' lang='lat' dir='ltr'><strong>singula</strong></span> <span class='ocrx_word' id='word_1_916' title='bbox 1685 2553 1749 2575; x_wconf 85' lang='lat' dir='ltr'><strong>sunt</strong></span> 
     </span>
    </p>
   </div>
   <div class='ocr_carea' id='block_1_114' title="bbox 966 2593 1749 2628">
    <p class='ocr_par' dir='ltr' id='par_1_114' title="bbox 966 2593 1749 2628">
     <span class='ocr_line' id='line_1_114' title="bbox 966 2593 1749 2628; baseline 0.001 -9"><span class='ocrx_word' id='word_1_917' title='bbox 966 2593 1074 2626; x_wconf 82' lang='lat' dir='ltr'><strong>quidem</strong></span> <span class='ocrx_word' id='word_1_918' title='bbox 1089 2600 1171 2628; x_wconf 85' lang='lat' dir='ltr'><strong>opera</strong></span> <span class='ocrx_word' id='word_1_919' title='bbox 1186 2597 1279 2620; x_wconf 82' lang='lat' dir='ltr'><strong>nostra</strong></span> <span class='ocrx_word' id='word_1_920' title='bbox 1293 2612 1300 2624; x_wconf 85' lang='lat'><strong><em>.</em></strong></span> <span class='ocrx_word' id='word_1_921' title='bbox 1315 2593 1362 2620; x_wconf 86' lang='lat' dir='ltr'><strong>sed</strong></span> <span class='ocrx_word' id='word_1_922' title='bbox 1380 2593 1413 2619; x_wconf 87' lang='lat' dir='ltr'><strong>ad</strong></span> <span class='ocrx_word' id='word_1_923' title='bbox 1427 2597 1550 2619; x_wconf 81' lang='lat' dir='ltr'><strong>nostrum</strong></span> <span class='ocrx_word' id='word_1_924' title='bbox 1567 2593 1687 2627; x_wconf 82' lang='lat' dir='ltr'><strong>ipsorum</strong></span> <span class='ocrx_word' id='word_1_925' title='bbox 1705 2601 1749 2620; x_wconf 88' lang='lat' dir='ltr'><strong>au-</strong></span> 
     </span>
    </p>
   </div>
   <div class='ocr_carea' id='block_1_115' title="bbox 967 2638 1749 2673">
    <p class='ocr_par' dir='ltr' id='par_1_115' title="bbox 967 2638 1749 2673">
     <span class='ocr_line' id='line_1_115' title="bbox 967 2638 1749 2673; baseline 0.003 -10"><span class='ocrx_word' id='word_1_926' title='bbox 967 2643 1068 2666; x_wconf 63' lang='lat' dir='ltr'><strong>ctorem</strong></span> <span class='ocrx_word' id='word_1_927' title='bbox 1086 2639 1244 2666; x_wconf 85' lang='lat' dir='ltr'><strong>relationem</strong></span> <span class='ocrx_word' id='word_1_928' title='bbox 1262 2639 1381 2671; x_wconf 83' lang='lat' dir='ltr'><strong>habent,</strong></span> <span class='ocrx_word' id='word_1_929' title='bbox 1400 2639 1446 2673; x_wconf 88' lang='lat' dir='ltr'><strong>qui</strong></span> <span class='ocrx_word' id='word_1_930' title='bbox 1463 2638 1552 2666; x_wconf 87' lang='lat' dir='ltr'><strong>omnis</strong></span> <span class='ocrx_word' id='word_1_931' title='bbox 1568 2639 1690 2666; x_wconf 56' lang='lat' dir='ltr'><strong>scientia:</strong></span> <span class='ocrx_word' id='word_1_932' title='bbox 1708 2645 1749 2665; x_wconf 73' lang='lat' dir='ltr'><strong>ca-</strong></span> 
     </span>
    </p>
   </div>
   <div class='ocr_carea' id='block_1_116' title="bbox 968 2684 1750 2719">
    <p class='ocr_par' dir='ltr' id='par_1_116' title="bbox 968 2684 1750 2719">
     <span class='ocr_line' id='line_1_116' title="bbox 968 2684 1750 2719; baseline -0.003 -9"><span class='ocrx_word' id='word_1_933' title='bbox 968 2692 1059 2719; x_wconf 88' lang='lat' dir='ltr'><strong>pacem</strong></span> <span class='ocrx_word' id='word_1_934' title='bbox 1080 2691 1206 2712; x_wconf 85' lang='lat' dir='ltr'><strong>naturam</strong></span> <span class='ocrx_word' id='word_1_935' title='bbox 1227 2689 1348 2712; x_wconf 83' lang='lat' dir='ltr'><strong>nostram</strong></span> <span class='ocrx_word' id='word_1_936' title='bbox 1368 2685 1510 2712; x_wconf 85' lang='lat' dir='ltr'><strong>condidit:</strong></span> <span class='ocrx_word' id='word_1_937' title='bbox 1532 2685 1572 2711; x_wconf 83' lang='lat' dir='ltr'><strong>sic</strong></span> <span class='ocrx_word' id='word_1_938' title='bbox 1589 2684 1669 2711; x_wconf 80' lang='lat' dir='ltr'><strong>etiam</strong></span> <span class='ocrx_word' id='word_1_939' title='bbox 1693 2692 1750 2712; x_wconf 86' lang='lat' dir='ltr'><strong>scr.</strong></span> 
     </span>
    </p>
   </div>
   <div class='ocr_carea' id='block_1_117' title="bbox 968 2729 1752 2766">
    <p class='ocr_par' dir='ltr' id='par_1_117' title="bbox 968 2729 1752 2766">
     <span class='ocr_line' id='line_1_117' title="bbox 968 2729 1752 2766; baseline -0.001 -10"><span class='ocrx_word' id='word_1_940' title='bbox 968 2731 1055 2758; x_wconf 83' lang='lat' dir='ltr'><strong>monis</strong></span> <span class='ocrx_word' id='word_1_941' title='bbox 1082 2731 1199 2766; x_wconf 79' lang='lat' dir='ltr'><strong>potentia</strong></span> <span class='ocrx_word' id='word_1_942' title='bbox 1224 2738 1294 2765; x_wconf 87' lang='lat' dir='ltr'><strong>opus</strong></span> <span class='ocrx_word' id='word_1_943' title='bbox 1320 2731 1427 2766; x_wconf 83' lang='lat' dir='ltr'><strong>quidem</strong></span> <span class='ocrx_word' id='word_1_944' title='bbox 1454 2735 1494 2758; x_wconf 79' lang='lat' dir='ltr'><strong>est</strong></span> <span class='ocrx_word' id='word_1_945' title='bbox 1515 2730 1574 2764; x_wconf 86' lang='lat' dir='ltr'><strong>ejus</strong></span> <span class='ocrx_word' id='word_1_946' title='bbox 1599 2729 1646 2764; x_wconf 87' lang='lat' dir='ltr'><strong>qui</strong></span> <span class='ocrx_word' id='word_1_947' title='bbox 1669 2729 1752 2756; x_wconf 88' lang='lat' dir='ltr'><strong>talcm</strong></span> 
     </span>
    </p>
   </div>
   <div class='ocr_carea' id='block_1_118' title="bbox 167 2823 908 2860">
    <p class='ocr_par' dir='ltr' id='par_1_118' title="bbox 167 2824 908 2860">
     <span class='ocr_line' id='line_1_118' title="bbox 167 2824 908 2860; baseline -0.005 -7"><span class='ocrx_word' id='word_1_948' title='bbox 167 2827 190 2843; x_wconf 88' lang='lat'><strong>&quot;</strong></span> <span class='ocrx_word' id='word_1_949' title='bbox 207 2825 275 2853; x_wconf 77' lang='lat' dir='ltr'><strong>Gen.</strong></span> <span class='ocrx_word' id='word_1_950' title='bbox 290 2833 312 2858; x_wconf 83' lang='lat' dir='ltr'><strong>l,</strong></span> <span class='ocrx_word' id='word_1_951' title='bbox 328 2825 343 2852; x_wconf 65' lang='lat' dir='ltr'><strong>i</strong></span> <span class='ocrx_word' id='word_1_952' title='bbox 355 2832 417 2860; x_wconf 82' lang='lat' dir='ltr'><strong>sqq.</strong></span> <span class='ocrx_word' id='word_1_953' title='bbox 456 2825 478 2841; x_wconf 80' lang='grc'><strong>³³</strong></span> <span class='ocrx_word' id='word_1_954' title='bbox 491 2825 563 2852; x_wconf 75' lang='lat' dir='ltr'><strong>Psal.</strong></span> <span class='ocrx_word' id='word_1_955' title='bbox 585 2833 660 2858; x_wconf 73' lang='lat' dir='ltr'><strong>xxxx,</strong></span> <span class='ocrx_word' id='word_1_956' title='bbox 678 2824 718 2852; x_wconf 87' lang='lat' dir='ltr'><strong>ll.</strong></span> <span class='ocrx_word' id='word_1_957' title='bbox 757 2824 779 2840; x_wconf 64' lang='grc'><strong>³⁸</strong></span> <span class='ocrx_word' id='word_1_958' title='bbox 794 2825 861 2851; x_wconf 69' lang='lat' dir='ltr'><strong>Gen.</strong></span> <span class='ocrx_word' id='word_1_959' title='bbox 877 2831 908 2850; x_wconf 73' lang='lat' dir='ltr'><strong>ru</strong></span> 
     </span>
    </p>
   </div>
   <div class='ocr_carea' id='block_1_119' title="bbox 959 2823 1330 2860">
    <p class='ocr_par' dir='ltr' id='par_1_119' title="bbox 959 2823 1330 2854">
     <span class='ocr_line' id='line_1_119' title="bbox 959 2823 1330 2854; baseline -0.003 -4"><span class='ocrx_word' id='word_1_960' title='bbox 959 2824 998 2850; x_wconf 80' lang='grc' dir='ltr'>ιι.</span> <span class='ocrx_word' id='word_1_961' title='bbox 1038 2824 1059 2839; x_wconf 72' lang='grc'><strong>⁸⁵</strong></span> <span class='ocrx_word' id='word_1_962' title='bbox 1082 2823 1156 2851; x_wconf 68' lang='lat' dir='ltr'><strong>I&#39;stzl.</strong></span> <span class='ocrx_word' id='word_1_963' title='bbox 1177 2830 1290 2854; x_wconf 55' lang='grc' dir='ltr'>εχει-ιιι,</span> <span class='ocrx_word' id='word_1_964' title='bbox 1305 2823 1330 2849; x_wconf 76' lang='grc' dir='ltr'><strong>ό.</strong></span> 
     </span>
    </p>
   </div>
  </div>
