1951 3074
268 125 320 155 995

901 124 928 152 S.
950 122 1116 153 GREGORII
1143 121 1292 151 NYSSENI

1845 121 1896 150 996

266 181 366 210 rationi
381 184 592 208 consentaneum
606 183 649 207 est
661 179 781 208 sermoni
795 187 845 207 suo
860 181 977 208 reddet?
993 181 1050 216 ipse

1103 187 1143 210 σις
1162 179 1212 205 οὐκ
1229 176 1273 214 ἢν,
1293 178 1369 205 οὐδὲν
1390 178 1453 214 περὶ
1464 179 1498 205 ab
1505 177 1546 205 τὸν
1560 177 1659 210 ὑλῶδες
1671 180 1686 206 ὁ
1704 178 1783 213 λόγος
1797 179 1896 205 ἐννοεῖν

267 228 445 262 incorporeus
468 229 520 258 est,
549 228 676 252 creatura
699 232 754 253 non
784 230 854 258 erat,
887 226 954 253 nihil
981 226 1053 253 circa

265 273 355 308 ipsum
372 271 512 298 materiale
525 271 596 297 ratio
611 271 744 305 permittit
757 271 918 307 intelligere,
934 271 1053 298 nondum

265 319 311 352 qui
332 325 379 352 per
395 317 518 343 auditum
535 316 731 350 adiuvarentur
752 317 798 343 ulli
822 321 911 348 erant,
936 317 1054 344 homini-

267 363 318 389 bus
331 366 421 388 autem
437 369 490 388 non
509 362 718 394 cxsistentibus,
739 370 828 397 neque
841 363 913 390 ullus
926 363 1052 398 loquendi

266 408 364 435 modus
386 407 538 434 secundum
558 409 649 442 gentis
663 408 781 442 alicujus
806 408 998 443 proprietatem
1014 409 1054 436 ef.

265 452 400 480 formatus
419 457 479 479 erat
508 461 631 487 prorsus.
656 453 708 486 Qui
738 453 876 488 igitur,ad
898 454 995 481 exilem
1026 459 1053 482 et

265 498 365 525 nudam
391 498 509 525 litteram
534 503 650 533 spectat,
673 499 776 533 quibus
801 499 955 526 rationibus
979 500 1053 527 hunc

265 543 352 574 fulcit,
369 551 402 570 ac
423 544 446 571 si
467 543 537 572 Deus
557 544 613 571 haec
630 545 712 571 verba
731 549 758 572 et
776 552 857 572 sensa
878 545 1053 580 loqueretur?

299 588 453 620 Quinetiam
469 597 499 616 ex
514 589 557 616 his
572 596 738 623 cognoscere
753 590 817 617 licet
835 590 984 617 vanitatem
1009 598 1054 618 eos

266 640 325 659 rum
356 634 402 668 qui
433 634 496 660 talia
527 634 686 668 loquuntur.
716 634 950 667 Quemadmodum
979 636 1051 663 enim

265 679 463 705 elementorum
477 683 591 708 natura.
604 686 664 714 qu:e
678 683 742 706 sunt
756 687 824 714 opus
839 679 900 713 ejus
913 680 959 714 qui
976 680 1051 713 fecit,

265 724 394 751 omnibus
403 724 497 750 eodem
511 725 592 751 modo
606 729 748 759 apparent,
761 725 891 760 nullaque
901 726 1051 753 secundum

266 777 377 797 sensum
408 770 564 798 hominibus
594 774 636 797 est
661 770 815 798 diﬂ'erentia
840 772 867 798 in
898 772 980 807 ignis.
1010 773 1051 799 vel

266 816 349 846 avris,
368 815 408 842 vel
422 823 499 850 aqua:
520 815 739 851 participatione,
757 817 805 844 sed
824 824 878 844 una
900 822 942 845 est
958 823 985 845 et
1002 818 1052 845 im-

1103 225 1219 257 δίδωσιν,
1233 226 1258 251 οἱ
1270 225 1455 260 ὠφεληθέντες
1466 224 1500 251 ἂν
1512 225 1555 251 διὰ
1565 225 1614 259 τῆς
1629 225 1723 260 ἀκοῆς,
1737 224 1816 251 οὔπω
1836 233 1890 250 συν-

1103 270 1230 306 έστησαν,
1247 270 1396 306 ἀνθρώπων
1409 270 1437 297 δὲ
1451 271 1487 306 μὴ
1501 271 1594 300 ὄντων,
1604 270 1664 296 οὐδὲ
1678 270 1824 297 διαλέκτου
1836 271 1894 305 τρό-

1103 325 1153 348 πος
1173 317 1243 343 κατά
1257 325 1317 343 τινα
1329 317 1412 343 Εθνων
1431 317 1548 351 ἰδιότητα
1563 316 1702 342 τετύπωτο
1720 317 1843 347 πάντως.
1869 316 1895 342 'U

1102 363 1190 389 τοίνυν
1204 362 1272 398 πρὸς
1290 362 1321 389 τὸ
1338 362 1454 397 γράμμα
1465 362 1542 396 ψιλὸν
1559 362 1675 397 βλέπων,
1687 362 1742 387 τίσι
1757 361 1894 395 λογισμοῖς

1102 410 1135 444 τῇ
1154 408 1265 443 τοιαύτῃ
1283 408 1387 444 διανοίᾳ
1407 408 1571 444 παρίσταται
1593 408 1631 439 ὡς
1649 406 1696 434 τοῦ
1717 407 1787 434 Θεοῦ
1811 407 1894 434 ταῦτα

1103 454 1289 489 φθεγγομένου
1303 453 1338 480 τὰ
1354 455 1464 490 ῥήματά
1477 463 1506 480 τε
1525 455 1572 480 καὶ
1584 453 1618 480 τὰ
1631 454 1772 488 vetulam;

1138 586 1234 613 Καίτοι
1259 586 1306 613 καὶ
1328 585 1374 613 διὰ
1393 586 1496 613 τούτων
1520 586 1595 621 γνοὶη
1618 594 1661 617 τις
1683 586 1715 614 ἂν
1732 586 1764 613 τὸ
1781 586 1894 622 μάταιον

1103 631 1158 658 τῶν
1171 632 1206 658 τὰ
1226 632 1337 658 τοιαῦτα
1353 631 1495 665 λεγόντων.
1512 632 1618 666 ’Ὠσπερ
1630 631 1685 667 γὰρ
1703 632 1733 658 αί
1745 631 1803 658 τῶν
1828 640 1895 658 στοι-

1103 677 1184 711 χείων
1208 676 1303 710 φύσεις
1324 676 1404 711 ἔργον
1422 674 1500 703 οὖσαι
1525 675 1572 702 τοῦ
1597 677 1795 711 πεποιηκότος,
1815 677 1895 702 πᾶσιν

1103 721 1234 753 ὡσαύτως
1249 721 1401 756 φαίνονται,
1420 722 1468 748 καὶ
1483 722 1595 757 οὐδεμία
1616 722 1685 748 κατὰ
1699 723 1751 758 τὴν
1771 721 1894 754 αῐσθησιν

1103 768 1158 798 τοῖς
1171 766 1325 802 ἀνθρώποις
1344 766 1402 793 ἐπὶ
1416 767 1530 802 διαφορὰ
1546 768 1576 793 ὲν
1592 768 1624 803 τῇ
1637 767 1684 794 τοῦ
1700 767 1800 802 πυρδς,
1818 767 1835 802 ἢ
1851 767 1894 792 τοῦ

1102 812 1200 847 ἀέρος,
1217 812 1233 847 ἢ
1252 811 1299 838 τοῦ
1322 811 1419 844 ὕδατος
1445 813 1588 848 μετουσίᾳ.
1612 813 1681 839 ἀλλὰ
1704 813 1756 847 μία
1772 813 1834 839 ἐστὶ
1852 815 1895 839 καὶ

266 861 374 888 mobilis
394 862 420 887 in
435 861 563 889 omnibus
579 866 688 894 natura,
710 863 804 890 eodem
823 864 904 891 modo
921 872 1049 899 operans,

1103 858 1229 893 ἀκίνητος
1244 859 1291 885 ἐπὶ
1309 858 1417 885 πάντων
1440 859 1457 893 ἡ
1477 858 1572 892 φύσις,
1594 858 1725 889 ὡσαύτως
1744 859 1896 894 ἑνεργοῦσα

264 911 292 933 et
308 907 334 933 in
355 906 428 933 nulla
448 914 477 934 re
499 912 609 942 propter
633 915 728 936 eorum
746 909 791 944 qui
818 909 981 945 participant
997 910 1052 937 dil-

264 950 396 980 fercntias
416 953 555 980 immutata
582 961 589 980 :
606 953 647 980 sic
667 959 694 981 et
714 955 856 983 nominum
874 956 987 990 positio,
1029 955 1051 983 si

263 998 373 1032 quidem
388 1005 403 1024 a
417 997 476 1026 Deo
492 1002 565 1026 esset
579 999 661 1027 rebus
675 1001 819 1035 applicata,
836 1002 963 1029 omnibus
977 1004 1052 1029 esset

268 1043 374 1070 eadem.
397 1042 477 1071 Nunc
500 1049 591 1071 autem
616 1052 707 1072 rerum
729 1049 836 1077 natura,
853 1050 949 1082 utpote
967 1055 980 1073 a
997 1047 1052 1075 Deo

264 1088 329 1121 fixa,
347 1095 438 1116 manet
455 1089 622 1124 immobilis;
638 1098 719 1119 voces
737 1097 828 1119 autem
853 1093 949 1120 horum
967 1094 1053 1129 signi-

265 1132 381 1160 ﬁcatita:
403 1133 435 1160 ad
452 1138 490 1160 tot
512 1134 666 1169 linguarum
682 1135 851 1163 ditl‘erentias
870 1136 964 1164 divisa
976 1141 1050 1169 sunt.

264 1182 294 1204 ut
319 1187 407 1213 neque
423 1179 626 1207 multitudinem
643 1188 788 1208 numerare
808 1181 886 1209 facile
908 1182 953 1210 sit.
974 1183 1050 1216 Quod

263 1224 286 1251 si
303 1224 364 1258 quis
383 1225 573 1252 confusionem
587 1233 646 1260 qua:
661 1226 688 1253 in
702 1227 890 1255 exslructione
906 1229 990 1256 turris
1007 1236 1052 1256 ac-

263 1270 329 1296 cidit
350 1274 380 1296 ut
402 1270 483 1298 dictis
500 1272 668 1298 contrariam
693 1271 807 1307 profert,
824 1281 912 1308 neque
926 1274 982 1301 illic
997 1275 1052 1302 lin-

263 1323 331 1349 guas
352 1315 492 1344 hominum
520 1316 611 1344 facere
632 1317 705 1345 Deus
722 1317 833 1351 dicitur,
856 1319 904 1347 sed
920 1327 981 1355 quae
992 1325 1053 1348 erat

262 1368 322 1387 eam
357 1362 541 1395 confundere,
566 1369 597 1389 ut
624 1371 680 1390 non
704 1371 800 1391 omnes
823 1372 904 1392 unam
930 1366 1050 1393 omnium

263 1407 389 1434 audirent
414 1408 448 1434 “.
476 1407 602 1441 Quandiu
629 1410 701 1436 enim
724 1414 783 1436 erat
811 1411 905 1438 eadem
929 1412 996 1444 vita,
1024 1416 1052 1440 et

263 1453 382 1478 nondum
412 1452 437 1478 in
457 1453 558 1479 multas
575 1454 699 1488 gentium
716 1453 886 1483 diﬂ‘erentias
913 1456 1051 1491 dispertiti

263 1496 385 1528 fuerunt,
405 1506 456 1524 una
474 1505 540 1526 voce
555 1499 707 1534 eodemque
722 1507 849 1528 sermone
872 1507 952 1529 utens
969 1502 1050 1530 simul

262 1542 370 1569 vivebat
381 1543 502 1570 omnium
514 1543 654 1571 hominum
665 1545 820 1579 plenitudo;
830 1551 974 1581 postquam
988 1554 1051 1574 vero

262 1588 355 1615 divina
370 1590 511 1616 voluntate
523 1590 644 1624 oportuit
659 1598 767 1618 omnem
781 1591 814 1618 ab
829 1591 985 1620 hominibus
998 1597 1051 1621 ler-

262 1640 321 1660 ram
338 1633 465 1666 habitari,
479 1638 544 1661 tunc
560 1635 659 1663 divulsi
674 1637 825 1664 secundum
838 1638 913 1664 vocis
930 1646 1052 1665 commu-

263 1678 376 1705 nionem
396 1678 441 1705 alii
468 1679 522 1706 alio
544 1679 663 1714 dispersi
690 1679 810 1714 fuerunt,
826 1686 852 1708 et
872 1689 933 1708 cum
951 1681 1005 1710 alio
1024 1686 1052 1710 et

262 1724 318 1750 alio
346 1726 491 1751 verborum
523 1729 550 1752 et
573 1726 649 1753 vocis
676 1726 836 1754 charactere
861 1727 1000 1762 conjuncti
1025 1733 1052 1756 et

262 1769 460 1796 accommodati
476 1770 596 1802 fuerunt,
612 1772 824 1799 concilialricem
835 1773 979 1807 quamdam
993 1781 1052 1801 mu-

262 1817 316 1840 tua:
340 1814 494 1842 concordia;
518 1816 655 1843 sermonis
674 1818 883 1844 consonantiam
906 1818 1007 1850 sortiti,
1024 1819 1051 1845 in

263 1867 353 1886 rerum
368 1860 478 1894 quidem
499 1861 658 1895 cognitione
679 1869 733 1888 non
745 1862 945 1895 discordantes.
959 1864 1006 1892 sed
1024 1865 1050 1891 in

262 1907 403 1932 nominum
429 1906 516 1933 forma
536 1906 706 1934 differentes.
728 1906 788 1938 Non
806 1908 879 1934 enim
894 1909 959 1944 quid
977 1910 1050 1937 aliud

262 1952 334 1986 apud
358 1951 428 1979 alios
452 1951 534 1986 lapis,
560 1952 601 1979 vel
627 1949 729 1987 lignum
763 1953 881 1984 videtur,
909 1954 957 1981 sed
979 1955 1051 1990 apud

262 1996 387 2030 singulos
416 1997 536 2024 materiae
562 1997 672 2024 nomina
692 1997 829 2026 differunt.
851 1998 942 2031 Quare
961 2007 1052 2028 sermo

262 2042 345 2069 nobis
357 2042 428 2070 ﬁxus
438 2048 541 2075 manet,
555 2043 602 2078 qui
615 2051 696 2071 voces
712 2044 848 2072 humanas
859 2051 958 2073 nostra:
974 2054 1051 2074 men~

264 2088 299 2115 tis
320 2088 378 2115 sive
404 2089 592 2123 intelligentia:
615 2089 726 2116 inventa
750 2097 812 2117 esse
838 2090 941 2118 deliuit.
959 2091 1052 2127 Neque

262 2133 334 2160 enim
350 2141 364 2160 ιι
379 2133 515 2168 principio
526 2134 648 2168 quandiu
662 2142 812 2162 consonum
825 2136 876 2163 sibi
889 2136 941 2171 ipsi
956 2137 1051 2164 huma-

1103 904 1150 930 καὶ
1168 903 1245 930 οὐδὲν
1266 904 1334 939 πρὸς
1355 904 1405 935 τὰς
1425 904 1554 939 διαφορὰς
1578 904 1632 930 τῶν
1652 905 1827 939 μετεχόντων
1850 906 1894 932 ἀλ-

1102 948 1261 984 λοιουμένη·
1284 948 1370 980 οὕτως
1389 948 1466 983 καὶὴ
1485 949 1539 975 τῶν
1557 948 1698 984 ὀνομάτων
1713 949 1802 982 θέσις,
1820 950 1894 985 είπερ

1101 992 1135 1031 ἦν
1148 995 1180 1022 ἐκ
1195 995 1243 1022 τοῦ
1256 995 1323 1022 Θεοῦ
1340 996 1397 1026 τοῖς
1411 996 1570 1030 πράγμασιν
1586 995 1799 1031 ἔφηρμοσμένη,
1815 997 1894 1022 πᾶσιν

1103 1041 1136 1067 ἂν
1150 1042 1167 1076 ὴ
1183 1041 1252 1076 αὐτὴ
1263 1039 1306 1076 ἦν.
1323 1040 1390 1067 Νυνὶ
1402 1041 1432 1067 δὲ
1444 1040 1490 1067 τὸν
1502 1040 1557 1067 τῶν
1570 1041 1743 1076 πραγμάτων
1752 1041 1770 1076 ἠ
1783 1041 1897 1076 (pingi-

1102 1095 1132 1113 τε
1143 1087 1174 1122 δὴ
1184 1086 1259 1123 παρὰ
1274 1086 1321 1112 τοῦ
1331 1086 1398 1112 Θεοῦ
1413 1087 1562 1120 πεπηγυῖα,
1580 1086 1656 1121 μένει
1669 1086 1814 1120 ἀκίνητος,
1828 1086 1855 1110 at
1869 1085 1893 1110 ἒ

1103 1132 1270 1167 σημαντικαὶ
1283 1131 1386 1158 τούτων
1409 1132 1498 1166 φωναὶ
1520 1132 1589 1168 πρὸς
1610 1131 1746 1162 τοσαύτας
1763 1130 1894 1164 γλωσσῶν

1101 1178 1232 1214 διαφορὰς
1252 1177 1460 1213 διεσχίσθησαν,
1483 1178 1522 1209 ὡς
1547 1177 1614 1212 μηδὲ
1641 1176 1852 1212 ἀριθμήσασθαι
1866 1176 1893 1202 τὸ

1102 1225 1203 1260 Ιπλῆθος
1221 1223 1331 1251 εὔκολον
1349 1221 1428 1251 εἶναι.
1444 1224 1476 1250 Et
1489 1223 1518 1250 δέ
1534 1231 1576 1254 τις
1594 1223 1643 1258 τὴν
1653 1222 1701 1248 ἐπὶ
1718 1221 1769 1256 τῆς
1791 1230 1893 1255 πυργο-

1102 1270 1193 1301 ιηοιτας
1216 1269 1356 1304 σύγχυσιν,
1380 1269 1419 1300 ὡς
1439 1267 1647 1303 ἐναντιουμένην
1663 1267 1721 1297 τοῖς
1737 1266 1895 1302 εἰρημένοις

1103 1316 1250 1352 προφέρει,
1272 1315 1332 1342 οὐδὲ
1351 1315 1410 1342 ἐκεῖ
1430 1315 1517 1341 ποιεῖν
1537 1313 1645 1348 λέγεται
1658 1311 1791 1347 γλώσσας
1802 1313 1818 1338 6
1832 1311 1895 1342 Θεὸς

1102 1362 1156 1390 τῶν
1174 1361 1337 1398 ἀνθρώπων,
1359 1361 1427 1388 ἀλλὰ
1445 1361 1555 1395 συγχεῖν
1576 1359 1624 1395 τὴν
1637 1357 1720 1386 οὖσαν
1743 1359 1784 1390 ὡς
1809 1357 1844 1385 ἂν
1859 1357 1893 1392 μὴ

1102 1409 1202 1440 πάντες
1223 1407 1332 1435 πάντων
1352 1407 1487 1434 ἀκούοιεν.
1504 1406 1578 1437 "Eon;
1599 1405 1654 1441 γὰρ
1678 1402 1713 1440 ἢν
1736 1405 1808 1431 πᾶσι
1836 1405 1892 1430 κατ’

1102 1453 1183 1479 αὐτὸν
1194 1455 1211 1488 ή
1228 1453 1294 1488 ζωὴ,
1310 1453 1356 1480 καὶ
1371 1452 1448 1479 οὔπω
1463 1452 1531 1488 πρὸς
1547 1451 1647 1483 πολλὰς
1661 1450 1749 1477 ἐθνῶν
1762 1449 1892 1484 διαφορὰς

1102 1499 1297 1534 ἐμερίσθησαν,
1318 1499 1367 1534 μιᾷ
1384 1498 1501 1530 συνέζων
1519 1498 1593 1532 φωνῇ
1610 1497 1719 1523 πάντων
1742 1495 1892 1531 ἀνθρώπων

1101 1547 1132 1572 τὺ
1148 1546 1285 1580 πλήρωμα
1295 1552 1301 1559 ·
1315 1545 1376 1571 ἐπεὶ
1385 1544 1413 1571 δὲ
1426 1543 1496 1570 κατὰ
1506 1543 1582 1569 θείαν
1595 1542 1724 1578 βούλησιν
1737 1541 1794 1568 ἔδει
1808 1542 1893 1567 πᾶσαν

1102 1592 1155 1619 ὑπὸ
1167 1591 1222 1618 τῶν
1237 1591 1387 1626 ἀνθρώπων
1403 1589 1599 1624 κατοικηθῆναι
1613 1589 1663 1623 τὴν
1677 1588 1743 1623 γῆν,
1756 1587 1822 1614 τότε
1841 1587 1893 1614 δαι-

1104 1637 1270 1668 σπασθέντες
1290 1635 1361 1663 κατὰ
1379 1635 1428 1670 τὴν
1453 1635 1504 1670 τῆς
1527 1635 1618 1669 φωνῆς
1643 1634 1791 1661 κοινωνίαν
1818 1633 1893 1665 ἄλλος

1102 1683 1205 1718 ἀλλαχῆ
1228 1683 1424 1717 διεσπάρησαν,
1439 1682 1486 1708 καὶ
1501 1680 1569 1716 πρὸς
1583 1680 1662 1707 ἀλλον
1679 1679 1729 1706 καὶ
1746 1679 1830 1707 ἄλλον
1847 1688 1891 1714 χα-

1104 1729 1226 1764 ρακτῆρα
1241 1728 1371 1763 ῥημάτων
1385 1727 1432 1758 καὶ
1447 1727 1538 1761 φωνῆς
1556 1725 1790 1761 μεθηρμόσθησαν
1807 1725 1891 1751 συνδε-

1100 1775 1180 1809 τικήν
1191 1782 1252 1800 τινα
1260 1774 1309 1808 τῆς
1322 1773 1389 1808 πρὸς
1399 1772 1528 1808 ἀλλήλους
1539 1771 1664 1806 ὁμονοίας
1675 1770 1726 1805 τὴν
1737 1770 1890 1806 ὁμοφωνίαν

1101 1820 1230 1855 λαχόντες
1239 1839 1247 1852 ,
1271 1819 1340 1854 πρὸς
1354 1820 1403 1854 μὲν
1416 1819 1465 1854 τὴν
1476 1818 1530 1844 τῶν
1553 1817 1726 1854 πραγμάτων
1745 1816 1778 1842 οὐ
1792 1816 1891 1850 διαφω-

1102 1866 1210 1897 νοῦντες
1221 1865 1331 1899 γνῶσιν,
1345 1864 1412 1900 πρὸς
1423 1865 1451 1890 δὲ
1463 1864 1509 1890 τὸν
1521 1863 1574 1890 τῶν
1588 1862 1729 1897 ὀνομάτων
1738 1862 1825 1889 τύπον
1838 1862 1892 1889 διαο

1102 1911 1258 1946 φερόμενοι.
1273 1910 1310 1936 Οὐ
1328 1910 1383 1945 γὰρ
1399 1909 1463 1936 ἄλλο
1475 1917 1502 1936 τι
1517 1909 1581 1944 παρ’
1593 1908 1683 1939 ἄλλοις
1699 1908 1715 1934 ό
1728 1907 1813 1939 λίθος,
1833 1907 1851 1942 ἢ
1864 1907 1892 1933 σὺ

1103 1956 1180 1989 ξύλον
1194 1957 1282 1985 δοκεῖ,
1298 1956 1413 1991 διάφορα
1427 1955 1455 1982 δὲ
1477 1955 1543 1991 παρ’
1561 1955 1688 1985 ἑκάστοις
1701 1953 1738 1980 τὰ
1759 1954 1812 1990 τῆς
1830 1953 1892 1990 ὕλης

1101 2001 1231 2036 ὀνόματα.
1256 2000 1339 2026 Ὥστε
1364 2001 1438 2035 μένει
1465 2000 1562 2034 πάγιος
1583 2000 1649 2036 ἡμῖν
1669 2000 1684 2026 ό
1704 1998 1800 2034 λόγος,
1815 2002 1831 2027 6
1845 2001 1890 2032 τὼς

1101 2047 1273 2082 ἀνθρωπίνας
1287 2047 1379 2081 φωνὰς
1396 2047 1445 2082 τῆς
1464 2047 1600 2082 ἡμετέρας
1614 2047 1738 2078 διανοίας
1749 2048 1890 2083 εὑρήματι

1102 2090 1170 2119 εἶναι
1190 2093 1382 2129 διοριζόμενος.
1399 2093 1468 2119 Οὔτε
1484 2092 1537 2128 γὰρ
1553 2092 1583 2126 ἐξ
1604 2092 1692 2127 ἀρχῆς
1715 2093 1770 2124 ἓως
1785 2093 1890 2128 ὁμόφω-

1100 2148 1145 2165 νον
1165 2139 1238 2166 ᾰπαν
1255 2137 1289 2174 ἦν
1308 2138 1397 2173 ἑαυτῷ
1416 2138 1446 2165 τὸ
1466 2137 1645 2173 ἀνθρώπινον,
1669 2138 1740 2164 Θεοῦ
1762 2138 1889 2173 ῥημάτων

262 2185 328 2204 num
349 2185 436 2212 genus
454 2178 614 2206 universum
631 2179 692 2210 fuit,
709 2179 852 2206 verborum
870 2180 914 2208 Dei
932 2181 1049 2216 aliquam

1102 2184 1161 2211 τινὰ
1175 2184 1347 2211 διδασκαλίαν
1370 2183 1533 2218 γεγενῆσθαι
1551 2184 1607 2214 τοῖς
1635 2182 1794 2217 ἀνθρώποις
1818 2183 1889 2218 παρά

263 2223 416 2250 doctrinam
454 2223 553 2250 factam
582 2231 644 2251 esse
670 2224 826 2252 hominibus
850 2233 884 2255 ex
910 2226 1050 2262 Scriptura

261 2268 427 2301 didicimus;
449 2275 538 2302 neque
563 2273 708 2303 postquam
735 2269 761 2296 in
782 2271 872 2298 varias
897 2271 1049 2306 linguarum

262 2311 431 2339 diﬂ'erentias
455 2311 592 2346 dispertiti
622 2312 732 2341 fuerunt
756 2314 889 2349 homines,
912 2317 1050 2351 quomodo

263 2357 382 2392 quisque
410 2358 566 2392 loqueretur
589 2357 680 2385 divina
699 2359 741 2387 lex
761 2361 919 2395 praestituit,
941 2362 987 2389 sed
1004 2370 1049 2390 vo-

262 2404 322 2431 lens
345 2403 416 2431 Deus
440 2403 567 2432 homines
591 2404 708 2434 diversis
731 2407 769 2433 uti
786 2407 898 2443 linguis.
923 2412 1048 2436 naturam

261 2449 377 2482 dimisit,
405 2453 434 2476 nt
460 2455 583 2485 pergeret
611 2458 660 2485 pro
687 2451 802 2480 arbitrio
827 2454 898 2488 apud
927 2454 1049 2489 singulos

261 2502 362 2522 sonum
399 2495 548 2523 articulare
578 2496 612 2523 ad
643 2498 861 2533 explanationem
895 2499 1046 2527 hominum.

262 2542 357 2577 Itaque
377 2540 477 2573 Moses,
501 2542 596 2570 multis
620 2543 729 2571 saeculis
753 2548 815 2578 post
833 2544 917 2572 turris
932 2545 1048 2572 aediﬁca-

261 2587 363 2614 tionem
389 2591 481 2621 natus,
509 2595 563 2614 una
588 2594 620 2615 ex
644 2588 844 2623 posterioribus
872 2589 963 2625 lingua
982 2598 1047 2618 usus

260 2636 313 2665 est,
342 2632 473 2660 historice
491 2633 572 2660 nobis
596 2633 691 2660 mundi
706 2633 872 2660 creationem
898 2642 1048 2669 exponens.

259 2682 340 2712 atque
360 2679 467 2713 aliquas
483 2685 564 2706 voces
580 2677 636 2705 Deo
655 2678 785 2713 applicat,
809 2687 858 2707 sua
883 2680 969 2715 ipsius
986 2688 1051 2708 vate

260 2723 286 2750 in
311 2732 363 2759 qua
389 2725 534 2752 institutus
560 2723 614 2752 fuit
638 2729 664 2753 et
686 2729 813 2754 assuetus
832 2725 889 2754 hac
905 2734 1049 2761 enarrans.

306 2815 326 2830 δ’
343 2815 410 2841 Gen.
426 2823 464 2846 ιι,
483 2815 507 2848 t,
524 2822 584 2849 sqq.

1101 2230 1149 2265 τῆς
1164 2231 1275 2266 Γραφῆς
1291 2229 1490 2265 μεμαθήκαμεν
1500 2236 1507 2243 ·
1526 2228 1588 2255 οὔτε
1604 2229 1644 2260 εις
1660 2228 1790 2260 ποικίλας
1807 2229 1888 2262 γλωσ-

1102 2275 1156 2302 σῶν
1169 2276 1299 2311 διαφορὰς
1313 2274 1526 2311 διατμηθέντων,
1541 2274 1614 2305 ὅπως
1628 2273 1662 2300 ἂν
1675 2273 1795 2305 ἕκαστος
1810 2273 1887 2308 φθέγ-

1100 2329 1174 2355 γοιτο
1195 2321 1266 2352 θεῖος
1281 2321 1449 2355 ἑπεστάτησε
1468 2320 1559 2355 νόμος,
1577 2319 1645 2345 ἀλλὰ
1664 2319 1784 2354 θελήσας
1800 2321 1814 2345 ὁ
1827 2319 1886 2349 Θεὸς

1099 2366 1163 2396 τοὺς
1174 2364 1334 2400 ἀνθρώπους
1348 2365 1377 2391 ἐν
1386 2364 1479 2395 ἄλλοις
1490 2363 1614 2398 γενέσθαι
1626 2363 1776 2396 γλώσσαις,
1789 2364 1886 2398 ἀφῆκεν

1101 2409 1152 2444 6δῷ
1172 2410 1223 2445 τὴν
1245 2409 1326 2444 φύσιν
1344 2409 1522 2444 πορεύεσθαι,
1538 2409 1608 2435 κατὰ
1627 2408 1658 2434 τὸ
1680 2409 1801 2444 ἀρέσκον
1816 2409 1885 2442 διαρ-

1102 2454 1219 2490 θροῦσαν
1235 2455 1300 2489 παρ’
1311 2453 1436 2486 ἑκάστοις
1449 2454 1493 2480 τὸν
1504 2451 1571 2489 ἦχον
1586 2454 1654 2489 πρὸς
1664 2454 1714 2488 τὴν
1728 2454 1786 2480 τῶν
1799 2454 1885 2489 ὁνομὰς

1100 2509 1154 2527 των
1172 2501 1330 2536 σαφήνειαν.
1352 2500 1382 2526 '0
1396 2500 1486 2526 τοίνυν
1502 2500 1636 2535 Μωῦσῆς,
1649 2499 1765 2531 πολλαῖς
1781 2500 1885 2536 ὕστερον

1100 2547 1207 2580 γενεαῖς
1231 2547 1279 2582 τῆς
1301 2546 1480 2581 πυργοποιϊας
1494 2545 1656 2580 γενόμενος,
1678 2546 1731 2581 μιᾷ
1755 2546 1812 2572 τῶν
1825 2546 1885 2581 psth

1099 2592 1186 2620 ταῦτα
1206 2592 1338 2628 κέχρηται
1355 2591 1475 2626 γλώσσῃ,
1491 2590 1632 2626 ίστορικῶς
1644 2591 1695 2626 τὴν
1710 2591 1883 2627 χοσμοτενίαν

1097 2638 1113 2672 ἡ
1119 2638 1163 2671 μῖν
1173 2636 1358 2671 διηγούμενος.
1368 2636 1415 2663 καί
1423 2644 1498 2667 τινας
1507 2635 1546 2670 τῷ
1555 2636 1614 2670 Θεῷ
1625 2637 1783 2671 προσάπτει
1792 2637 1882 2671 φωνὰς,

1097 2684 1130 2716 τῇ
1146 2682 1243 2708 ἑαυτοῦ
1258 2681 1368 2718 γλώσσῃ
1387 2681 1446 2708 καθ’
1461 2681 1495 2716 ἢν
1507 2680 1673 2708 πεπαίδευτό
1690 2691 1721 2709 τε
1742 2684 1791 2709 καὶ
1806 2683 1883 2708 συνεί-

1099 2727 1176 2754 θιστο
1193 2727 1279 2754 ταῦτα
1302 2726 1417 2759 διεξιὼν,
1445 2726 1492 2754 καὶ
1515 2726 1566 2753 οὐκ
1595 2726 1741 2754 ἀλλάσσων
1769 2728 1817 2760 τὰς
1844 2729 1880 2757 τοῦ
