1951 3074
73 113 116 142 997

598 107 736 137 CONTRA
758 105 960 140 EUNOMIUM,
980 106 1044 135 LIB.
1065 107 1121 136 XII.

1624 107 1676 135 998

72 171 130 201 Θεοῦ
144 168 228 205 φωνὰς
254 169 437 205 ἀλλοιοτρόπῳ
457 170 509 196 τινὶ
533 170 579 196 καὶ
599 170 727 203 ξενίζοντι
752 170 843 204 φωνῆς

899 175 945 195 nec
961 168 1008 196 Dei
1022 176 1103 197 voces
1124 169 1274 198 immutans
1291 169 1344 198 alio
1357 168 1476 206 quodam
1490 173 1517 197 et
1535 169 1680 204 peregrino

73 217 220 255 χαρακτῆρι,
237 215 306 242 ὥστε
322 215 366 242 διὰ
390 215 436 242 τοῦ
462 216 537 248 ξένου
559 217 609 250 τῆς
629 215 772 251 συνηθείας
795 215 843 242 καὶ

73 261 282 300 παρηλλαγμένον
298 262 351 288 τῶν
364 262 513 297 ὀνομάτων,
530 261 612 288 αὑτοῦ
627 261 673 288 τοῦ
689 261 756 288 Θεοῦ
774 259 843 290 εἶναι

71 313 112 342 τὰς
132 308 214 345 φωνὰς
241 308 472 340 κατασκευάζειν,
496 307 564 334 ἀλλὰ
587 309 620 343 τῇ
639 307 748 343 συνήθει
770 307 841 343 χρώ-

74 363 143 390 μενος
171 352 288 387 γλώσσῃ,
307 353 407 388 ὁμοίως
430 354 465 380 τά
486 362 515 380 τε
541 353 639 380 ἑαυτοῦ
667 354 714 380 καὶ
736 353 769 380 τὰ
796 351 843 379 τοῦ

72 401 128 428 Θεοῦ
144 399 313 434 διεξέρχεται.
329 398 398 425 Φασὶ
419 398 449 425 δέ
469 407 541 431 τινες
559 399 614 426 τῶν
634 398 843 434 ἐπιμελέστερον

71 449 121 478 ταῖς
136 445 251 480 Γραφαίς
277 444 536 480 ὲπηκολουθηκότων
555 445 622 481 μηδὲ
638 445 778 481 ἀρχαῖζειν
794 444 843 479 τὴν

75 490 195 525 Ἐϐραίων
216 488 307 523 φωνὴν
327 489 387 516 καθ’
407 490 552 524 ὁμοιότητα
573 489 626 516 τῶν
651 490 762 522 λοιπῶν,
776 489 844 516 ἀλλὰ

72 537 131 572 μετὰ
144 535 195 561 τῶν
215 534 303 561 ἄλλων
329 535 487 570 θαυμάτων,
504 536 551 562 καὶ
567 535 645 562 ’τοῦτο
659 537 714 567 τοῖς
737 536 843 570 Ἰσραη-

70 582 145 611 ὶίταις
167 579 453 614 θαυματοποιηθῆναι,
480 579 510 605 τὸ
533 580 582 615 τὴν
600 579 724 613 γλῶσσαν
742 580 844 614 ταύτην

70 627 162 661 ἁθρόως
173 625 240 660 μετὰ
263 625 313 660 τὴν
334 625 471 659 Αἴγυπτον
487 625 678 660 σχεδιασθῆναι
699 625 738 661 τῷ
759 625 842 652 ἔθνει.

70 670 116 697 Καί
130 669 169 700 τίς
183 670 240 696 ἐστι
252 669 299 696 τοῦ
312 670 453 706 Προφήτου
465 670 542 704 λόγος
558 670 588 697 τὸ
599 670 717 697 τοιοῦτον
734 670 845 697 πιστού-

70 722 139 749 μενος
149 721 155 728 ·
174 715 221 740 Ἐν
235 713 290 750 γὰρ
306 713 345 746 τῷ
357 713 491 746 ἐξελθεῖν
508 714 612 746 αὐτὸν,
632 715 725 750 φησιν,
740 715 774 741 ἐκ
789 715 845 750 γῆς

69 761 211 794 Αἰγύπτου,
234 760 300 786 τότε
311 759 456 795 γλῶσσαν
477 761 517 795 ἣν
533 763 589 789 οὐκ
605 761 681 795 ἔγνω
699 761 842 796 ἤκουσεν.

69 805 95 831 ΕΞ
107 803 149 831 οὖν
167 804 291 840 Ἑϐραῖος
311 805 442 841 Μωῦσῆς,
457 806 598 834 τελευταία
611 807 639 834 δὲ
656 806 710 833 τῶν
726 806 813 833 ἄλλων
825 807 842 842 ἡ

893 213 969 241 vocis
995 214 1166 247 charactere,
1189 215 1227 242 ita
1249 219 1278 243 ut
1305 215 1459 251 peregrinis
1482 220 1510 242 et
1539 215 1678 242 inusitatis

894 260 1053 288 nominibus
1078 261 1166 296 ipsius
1189 261 1238 288 Dei
1265 269 1346 289 voces
1368 269 1431 290 esse
1452 265 1606 297 prastruat,
1630 261 1678 289 sed

894 304 1023 333 familiari
1053 310 1132 333 utens
1152 306 1255 342 lingua,
1270 307 1409 335 tsimiliter
1430 312 1457 335 et
1475 315 1535 342 qum
1550 314 1599 335 sua
1615 311 1679 334 sunt

892 354 920 378 et
949 359 1009 386 quae
1039 352 1125 386 ipsius
1150 351 1196 380 Dei
1225 357 1343 381 enarrat.
1370 352 1485 386 Quidam
1515 357 1606 381 autem
1631 352 1676 388 qui

893 395 1061 423 exactiorem
1087 396 1290 431 Scripturarum
1309 397 1494 432 cognitionem
1513 402 1578 426 sunt
1605 405 1680 426 asse-

893 441 948 467 cuti
965 445 1093 469 asserunt
1108 442 1229 477 linguam
1250 441 1412 470 Hebraicam
1432 450 1484 470 non
1503 443 1540 470 ita
1556 447 1679 471 vetusta-

894 490 947 514 tetn
968 487 1091 514 redolere
1106 487 1177 515 sicut
1189 487 1313 522 reliquae,
1324 487 1372 515 sed
1390 495 1452 514 cum
1463 488 1525 515 aliis
1540 489 1678 516 miraculis

894 536 920 559 et
947 532 999 560 hoc
1021 532 1151 561 lsraelitis
1167 533 1332 561 miraculose
1348 533 1493 565 accidisse,
1516 535 1678 568 nempelin-

894 584 974 617 guam
997 578 1067 606 hanc
1088 578 1231 606 confertim
1256 578 1337 606 simul
1355 583 1417 614 post
1439 579 1623 614 egressionem
1646 587 1679 606 ex

895 622 1012 658 [Egypto
1043 625 1116 658 genti
1147 625 1359 659 extemporalem
1394 624 1493 651 factam
1524 624 1619 653 fuisse.
1647 625 1680 652 Et

895 668 989 695 nescio
1006 669 1068 704 quis
1081 669 1224 704 Propheta:
1247 677 1338 708 sermo
1353 670 1408 697 tale
1432 669 1499 705 quid
1520 670 1679 703 conﬁrmat;

896 721 970 747 nam,
992 713 1062 741 Dum
1086 722 1118 742 ea:
1135 714 1252 751 [Egypto
1270 716 1323 750 ipse
1341 715 1515 752 egrederetur,
1540 721 1615 746 tunc.
1640 716 1682 743 in-

897 759 974 793 quit,
1001 759 1120 794 linguam
1154 769 1233 795 quam
1261 769 1312 787 non
1338 765 1444 788 noverat
1468 761 1569 788 audiuit
1591 761 1623 788 “.
1652 760 1680 788 Si

899 804 981 839 igitur
1009 804 1099 832 Moses
1126 804 1268 839 Hebraeus,
1289 806 1350 833 aliis
1375 811 1466 835 autem
1485 807 1620 841 posterior
1639 812 1682 834 est

69 851 114 877 τῶν
133 850 265 885 Ἐϐραίων
292 851 378 887 φωνὴ,
394 852 408 878 ὁ
427 853 496 887 μετὰ
519 853 567 888 τὴν
590 853 637 880 τοῦ
666 853 768 889 κόσμου
796 853 843 880 σύ-

899 848 1073 877 llehrzeorum
1097 851 1200 886 lingua,
1218 852 1263 886 qui
1287 852 1367 888 longe
1382 856 1446 888 post
1467 853 1560 880 mundi
1577 853 1681 880 consti-

66 904 150 922 στασιν
176 896 288 932 ὕστερον
309 897 444 931 γεγονὼς,
463 899 510 925 καὶ
531 900 563 935 τῇ
578 900 639 925 κατ’
655 899 751 926 ἑαυτὸν
768 901 844 934 φωνῇ

67 941 108 972 τὰς
126 940 169 967 τοῦ
193 941 261 967 Θεοῦ
281 941 458 977 διηγούμενος
481 944 591 978 ῥήσεις,
616 941 660 979 ἆρ’
679 944 740 979 οὐχὶ
753 945 846 979 σαφῶς

65 987 173 1015 διδάσκει
191 986 222 1013 τὸ
241 987 280 1023 μὴ
295 987 421 1023 τοιαύτην
445 989 536 1024 φωνὴν
550 989 598 1024 τὴν
612 989 681 1016 κατὰ
705 990 846 1025 ἄνθρωπον

67 1031 295 1068 σχηματιζομένην
319 1033 488 1069 ἀναγράφειν
510 1034 556 1060 ἐπὶ
570 1033 649 1063 Θεοῦ,
669 1034 737 1061 άλλὰ
760 1034 846 1062 ταῦτα

66 1079 109 1113 μὲν
137 1077 225 1112 λέγειν
251 1078 295 1105 διὰ
326 1080 356 1105 τὸ
382 1079 449 1115 μηδὲ
475 1079 586 1106 δυνατὸν
607 1078 675 1107 εἶναι
703 1079 733 1106 τὸ
753 1080 846 1115 νοηθὲν

66 1123 155 1159 ἑτέρως
174 1124 263 1150 εἰπεῖν
285 1123 498 1160 ῆάνθρωπίναις
519 1126 636 1160 φωναῖς·
661 1125 802 1160 σημαίνειν
818 1126 846 1152 δὲ

64 1169 103 1195 διὰ
119 1169 171 1196 τῶν
193 1169 350 1204 λεγομένων
378 1170 516 1206 θεοπρεπῆ
533 1180 593 1198 τινα
618 1171 664 1198 καὶ
680 1171 847 1206 μεγαλοφυε-

64 1214 153 1250 πέραν
167 1215 304 1248 διάνοιαν;
316 1215 352 1242 Τὸ
366 1215 420 1252 γὰρ
435 1216 538 1243 οἴεσθαι
552 1218 584 1252 τῇ
605 1217 725 1253 Ἐϐραΐδι
738 1217 847 1254 γλώσσῃ

64 1260 102 1286 τόν
126 1259 190 1286 Θεὸν
218 1261 387 1296 κεχρῆσθαι,
407 1261 521 1297 μηδενὸς
548 1262 623 1294 ὕντος
648 1263 695 1289 τοῦ
719 1263 847 1298 τοιαύτης

63 1305 147 1340 crevi");
166 1306 321 1338 ὲπαϊο-ιτος,
336 1307 388 1333 οὐκ
405 1306 463 1334 οἴδα
481 1308 538 1340 πῶς
552 1309 566 1334 ὁ
580 1308 767 1344 λελογισμένος
784 1318 847 1336 συν-

63 1352 178 1387 θήσεται.
206 1352 251 1379 Ἐν
274 1354 332 1384 ταῖς
347 1353 466 1388 Πραξεσι
484 1354 683 1390 μεμαθήκαμεν
707 1355 751 1381 διὰ
770 1355 848 1382 τοῦτο

64 1398 108 1432 τὴν
123 1397 197 1425 θείαν
213 1398 329 1434 δύναμιν
345 1400 383 1432 είς
405 1399 503 1432 πολλὰς
525 1400 673 1435 διεσχίσθαι
692 1401 793 1436 φωνὰς,
810 1402 848 1434 ὼς

62 1443 93 1470 ἂν
105 1444 198 1480 μηδεὶς
212 1444 269 1472 τῶν
286 1445 493 1480 ἑτερογλώσσων
512 1447 688 1482 ἀποστεροῖτο
711 1449 761 1483 τῆς
777 1448 849 1482 ὠφε-

897 896 1032 923 tutionem
1058 900 1141 925 natus
1171 901 1223 928 est,
1247 901 1274 925 et
1302 898 1349 933 qui
1378 898 1487 934 propria
1514 898 1605 933 lingua
1633 897 1681 926 Dei

896 941 1050 970 locutiones
1066 948 1188 976 enarrat.
1203 951 1236 971 an
1251 952 1304 971 non
1319 945 1392 972 clare
1408 945 1497 976 docet.
1516 945 1586 972 hanc
1600 945 1681 972 talem

897 994 990 1014 vocem
1008 987 1042 1015 ad
1072 988 1220 1016 humanum
1245 989 1356 1017 modum
1381 990 1525 1025 ﬁguratam
1548 989 1602 1018 Deo
1627 997 1681 1017 non

897 1033 1046 1065 ascribere,
1071 1034 1119 1061 sed
1139 1033 1197 1062 haec
1218 1035 1327 1069 quidem
1352 1035 1455 1069 dicere,
1473 1036 1536 1071 quia
1555 1035 1612 1063 ﬁeri
1628 1043 1683 1063 non

897 1078 983 1112 possit
1000 1084 1028 1106 ut
1049 1080 1121 1114 quod
1136 1081 1284 1116 cogitatum
1307 1085 1350 1110 est
1374 1082 1452 1109 aliter
1469 1089 1550 1117 quam
1566 1082 1682 1109 vocibus

899 1124 1029 1153 humanis
1045 1127 1231 1161 exprimatur;
1248 1135 1296 1162 per
1310 1135 1341 1155 ea
1364 1131 1456 1155 autem
1482 1135 1543 1162 quae
1555 1127 1685 1155 dicuntur

898 1169 953 1198 Deo
978 1171 1106 1199 decoram
1123 1175 1150 1199 ct
1166 1172 1338 1208 magniﬁcam
1361 1173 1508 1208 quamdam
1529 1173 1686 1207 intelligeno

898 1216 963 1243 tiam
991 1217 1166 1252 signiﬁcare?
1199 1217 1338 1253 Siquidem
1361 1223 1458 1253 putare
1482 1218 1565 1246 Deum
1592 1218 1684 1252 lingua

898 1261 1032 1290 llebraica
1054 1271 1132 1290 usum
1153 1263 1248 1296 fuisse,
1265 1272 1326 1291 cutn
1344 1265 1437 1292 nullus
1451 1269 1524 1293 esset
1538 1264 1584 1298 qui
1602 1263 1684 1291 talem

898 1315 991 1335 vocem
1018 1308 1138 1342 audiret,
1154 1309 1250 1337 nescio
1268 1311 1404 1344 quomodo
1418 1310 1466 1344 qui
1489 1313 1564 1336 recta
1579 1309 1685 1336 ratione

898 1361 966 1381 usus
992 1354 1074 1381 fuerit
1095 1357 1272 1383 asscntietur.
1295 1354 1324 1382 lu
1349 1356 1422 1383 Actis
1436 1356 1620 1391 apostolorum
1641 1355 1685 1383 di-

898 1400 1026 1433 dicimus,
1054 1399 1157 1427 idcirco
1181 1401 1233 1427 vim
1262 1400 1380 1429 divinam
1407 1402 1434 1428 in
1460 1402 1559 1428 multas
1577 1401 1685 1437 linguas

899 1444 1015 1472 divisam
1028 1444 1122 1476 fuisse.
1137 1449 1167 1472 ut
1181 1445 1273 1473 nullus
1286 1453 1380 1473 eorum
1394 1446 1440 1481 qui
1453 1446 1568 1474 diversis
1584 1446 1686 1481 linguis

63 1489 145 1521 λείας.
165 1491 194 1516 ’0
207 1491 237 1517 δὲ
252 1491 319 1522 Θεὸς
339 1492 392 1527 πρὸ
412 1492 460 1527 τῆς
476 1492 590 1524 κτίσεως
603 1493 783 1529 ἀνθρωπικῶς
795 1494 847 1520 διε-

900 1494 1043 1518 uterentur
1069 1491 1187 1518 utilitate
1215 1491 1379 1526 privaretur.
1408 1491 1480 1520 Deus
1506 1496 1596 1519 autem
1622 1498 1687 1519 ante

62 1535 159 1570 λέγετο,
177 1537 239 1563 τινα
254 1537 368 1571 ὠφελεῖν
382 1537 485 1572 μέλλων
498 1538 529 1564 ὲκ
543 1538 590 1573 τῆς
602 1539 727 1574 τοιαύτης
739 1539 847 1574 φωνῆςς

61 1581 90 1608 τὺ
108 1582 162 1617 μὲν
182 1582 239 1618 γὰρ
268 1582 482 1610 συνδιατίθεσθαι
506 1584 538 1619 τῇ
561 1583 613 1610 τῶν
638 1585 789 1611 ἀκουόντων
803 1585 849 1611 δυ-

63 1627 138 1663 νάμει
156 1628 203 1654 τὸν
220 1627 301 1662 λόγον
317 1627 384 1664 πρὸς
399 1628 444 1654 τὸν
458 1628 506 1662 τῆς
521 1628 653 1662 ὡφελείας
668 1629 776 1661 σκοπὸν,
790 1629 850 1656 οὐδὲ

62 1673 91 1699 ἂν
103 1681 144 1704 τις
155 1673 269 1705 ἀνάξιον
291 1673 341 1708 τῆς
356 1673 429 1705 θείας
448 1671 518 1700 εἶναι
535 1674 736 1709 φιλανθρωπίας
752 1675 849 1701 ὑποτο-

63 1719 182 1753 πήσειεν,
195 1718 260 1745 ἐπεὶ
275 1719 323 1745 καὶ
332 1718 436 1750 Παῦλος
450 1720 464 1745 ὁ
480 1719 600 1754 μιμητὴς
610 1720 656 1746 τοῦ
668 1720 774 1755 Κυρίου
783 1720 850 1756 πρδς

60 1764 106 1795 τὰς
119 1765 173 1791 τῶν
186 1764 343 1791 ἀκουόντων
362 1764 443 1798 ἕξεις,
460 1763 530 1791 οἶδεν
554 1765 690 1801 ἁρμοδίως
704 1765 749 1792 τὸν
772 1765 850 1800 λόγον

62 1810 317 1845 μεταχειρίζεσθαι·
335 1810 405 1844 γάλα
421 1812 476 1842 τοῖς
494 1811 601 1846 νηπίοις
624 1811 783 1847 γινόμενος,
804 1813 851 1838 καὶ

60 1856 155 1890 στερεὰ
167 1858 228 1899 ξοῖς
251 1855 364 1888 τελείοις
382 1857 478 1892 τροφή.
503 1856 540 1882 Τὸ
565 1857 677 1892 μηδενὸς
703 1858 851 1892 κατορθου-

60 1901 140 1934 μένου
158 1902 266 1929 σκοποῦ
282 1901 326 1929 διὰ
341 1902 390 1938 τῆς
404 1902 451 1929 τοῦ
470 1902 549 1938 λόγου
569 1902 695 1938 τοιαύτης
714 1904 848 1939 χρήσεως,

58 1947 151 1974 ἔπειτα
167 1947 389 1980 κατασκευάζειν
407 1948 496 1975 τοιάδε
511 1948 573 1975 τινὰ
594 1950 704 1984 ῥήματα
722 1949 767 1975 τὸν
786 1949 851 1976 Θεὸν

58 1994 98 2028 ἐφ’
119 1994 218 2021 ἑαυτοῦ
233 1994 379 2030 ῥαψῳδεῖν,
393 1994 443 2020 οὐκ
458 1994 532 2026 δντος
546 1994 592 2030 τοῦ
607 1994 732 2029 δεομένου
744 1995 793 2030 τῆς
807 1995 852 2022 διὰ

56 2038 113 2065 τῶν·
126 2039 262 2065 τοιούτων
283 2038 379 2074 φωνῶν
406 2038 560 2074 σημασίας,
577 2038 628 2065 οὐκ
641 2037 698 2066 οἶδα
716 2039 774 2070 πῶς
794 2040 851 2065 ἐστι

58 2086 94 2120 μὴ
109 2085 322 2119 καταγέλαστον
346 2085 403 2120 ἅμα
423 2085 470 2112 καὶ
496 2085 653 2120 βλάσφημον
681 2085 710 2112 τὺ
734 2085 852 2112 τοιοῦτον

55 2131 170 2158 οἴεσθαι.
197 2130 272 2158 Οὔτε
289 2128 335 2157 οὖν
362 2130 474 2166 Ἒὸραία
489 2131 536 2157 τοῦ
557 2130 624 2158 Θεοῦ
647 2133 663 2167 ἡ
683 2132 768 2167 φωνὴ,
791 2131 852 2158 οὔτε

899 1536 1068 1564 creationem
1102 1537 1221 1564 humano
1244 1545 1320 1565 more
1351 1537 1515 1569 disserebat,
1538 1545 1684 1572 quemnam

899 1583 951 1610 hac
979 1583 1026 1609 tali
1041 1590 1107 1609 voce
1124 1583 1288 1617 atljuturus?
1304 1590 1457 1610 sermonem
1472 1584 1543 1611 enim
1566 1583 1686 1611 aiTectio-

900 1635 961 1654 nem
982 1627 1127 1662 quamdam
1148 1628 1248 1656 habere
1271 1635 1333 1655 cum
1357 1629 1527 1657 audientium
1558 1628 1687 1656 facultate

901 1673 934 1700 ad
957 1673 1083 1700 utilitatis
1108 1681 1235 1708 scopum,
1263 1675 1355 1701 nullus
1377 1674 1468 1701 divina
1498 1675 1687 1702 benevolentia

901 1725 964 1753 erga
989 1726 1078 1753 genus
1103 1718 1251 1746 humanttm
1275 1727 1336 1758 esse
1361 1719 1502 1754 indignum
1531 1721 1687 1755 suspicatus

902 1762 995 1796 fuerit,
1019 1764 1147 1798 quoniam
1176 1764 1278 1792 Paulus
1303 1764 1407 1791 Domini
1435 1765 1556 1792 imitator
1584 1766 1616 1792 atl
1638 1773 1688 1792 au-

902 1809 1033 1836 dientium
1051 1810 1162 1837 habitus
1190 1810 1263 1837 novit
1279 1810 1472 1838 convenienter
1486 1814 1512 1837 et
1531 1818 1688 1838 accommo-

902 1855 965 1882 date
981 1863 1136 1882 sermonem
1157 1852 1360 1885 admiuislrare.
1381 1856 1422 1882 lac
1435 1855 1545 1890 quidem
1565 1857 1686 1891 parvulis

903 1902 1005 1933 factus.
1028 1901 1129 1929 adultis
1149 1909 1214 1928 vero
1232 1906 1258 1928 et
1285 1901 1412 1935 perfectis
1434 1901 1512 1928 cibus
1526 1901 1630 1928 solidus
1652 1901 1685 1929 “.

903 1947 979 1980 Quod
1001 1947 1023 1975 si
1045 1955 1106 1974 cum
1134 1947 1225 1974 nullus
1251 1946 1384 1981 dirigatur
1410 1954 1510 1981 scopus
1533 1954 1582 1981 per
1605 1946 1686 1974 talctn

903 1993 1038 2020 sermonis
1049 2000 1140 2025 usum,
1158 1993 1221 2027 quis
1235 1996 1341 2020 astruat
1358 1991 1442 2022 Deum
1459 1991 1486 2019 in
1506 1993 1595 2027 seipso
1612 1997 1686 2019 certa

902 2038 1026 2074 quaedam
1052 2038 1134 2065 verba
1158 2046 1311 2069 censuere,
1332 2038 1354 2066 si
1380 2046 1433 2065 non
1459 2042 1502 2065 est
1535 2038 1580 2072 qui
1609 2043 1688 2073 egeat

903 2084 1102 2118 signiﬁcatione
1131 2091 1191 2118 quae
1216 2084 1243 2110 ﬁt
1263 2092 1310 2118 μει-
1339 2084 1474 2118 ejusmodi
1497 2091 1589 2115 voces,
1615 2083 1686 2110 haud

905 2131 961 2158 scio
983 2130 1119 2164 quomodo
1144 2137 1197 2159 nou
1219 2130 1270 2156 hoc
1290 2130 1369 2156 liceat
1391 2129 1534 2156 ridiculum
1556 2129 1638 2164 simul
1661 2133 1688 2156 et

56 2177 114 2203 καθ’
131 2177 271 2212 ἑκάτερόν
285 2176 443 2212 τιναντύπον
456 2177 509 2204 τῶν
528 2177 557 2203 ὲν
574 2179 629 2209 τοῖς
645 2177 733 2204 ἔθνεσι
747 2186 847 2212 νενομι-

905 2177 1018 2212 impium
1041 2177 1190 2204 convitium
1216 2183 1321 2211 putare.
1350 2176 1442 2210 Neque
1465 2175 1548 2210 igitur
1573 2174 1686 2202 llehrma

56 2220 163 2256 σμένων
181 2221 392 2257 προφερομένη,
404 2221 461 2248 ἀλλ’
474 2222 532 2248 ὅσοι
545 2221 591 2248 τοῦ
605 2222 670 2248 Θεοῦ
687 2222 760 2256 λόγοι
777 2222 853 2258 παρὰ

54 2266 99 2292 τοῦ
116 2267 282 2299 Μωῦσέως,
305 2266 322 2301 ἢ
342 2266 395 2293 τῶν
414 2267 562 2302 προφητῶν
581 2267 785 2303 ἀνεγράφησαν,
811 2268 854 2294 ὲν-

52 2312 148 2346 δείξεις
167 2314 225 2340 εἰσὶ
249 2312 300 2339 τοῦ
316 2313 388 2340 θείου
406 2313 573 2349 θελήματος,
597 2314 684 2346 ἄλλως
700 2315 746 2340 καὶ
766 2314 853 2346 ἄλλως

52 2360 122 2386 κατὰ
139 2359 192 2394 τὴν
208 2359 294 2392 ἀξίαν
310 2358 364 2385 τῶν
381 2357 547 2395 μετεχόντων
562 2361 610 2395 τῆς
625 2360 734 2395 χάριτος
750 2359 788 2396 τῷ
805 2369 854 2386 κα-

54 2404 129 2441 θαρῷ
150 2414 181 2432 τε
215 2406 268 2431 καὶ
294 2404 448 2440 ἡγεμονικῷ
469 2405 523 2432 τῶν
548 2406 633 2440 ἁγίων
653 2405 851 2441 ὲλλάμπουται.

40 2452 158 2479 ,Οὐκοῦν
182 2452 341 2486 ἐφθέγγετο
364 2453 412 2488 μὲν
437 2453 451 2478 ὁ
474 2452 593 2487 Μωῡσῆς
609 2451 646 2483 ὡς
670 2451 801 2486 ἐπεφύκει
823 2460 853 2478 τε

51 2499 99 2525 καὶ
111 2498 319 2525 ἐπεπαίδευτο·
344 2498 498 2534 προσετίθει
517 2498 545 2524 δὲ
566 2497 604 2533 τῷ
623 2497 683 2533 Θεῷ
698 2497 746 2530 τὰς
763 2496 854 2532 φωνὰς

49 2544 168 2575 ταύτας.
188 2543 292 2575 καθὼς
317 2543 425 2579 εἴρηται
450 2542 592 2574 πολλάκις,
616 2542 659 2568 διὰ
674 2542 703 2568 τὸ
720 2542 854 2577 νηπιῶδες

49 2590 102 2616 τῶν
122 2590 190 2626 ἄρτι
209 2590 246 2624 τῇ
261 2589 415 2624 θεογνωσίᾳ
429 2587 651 2623 προσαγομένων,
670 2587 737 2622 πρὸς
752 2587 852 2622 ἐναργῆ

47 2643 76 2661 τε
101 2636 292 2670 παράστασιν
317 2633 364 2660 τοῦ
380 2634 457 2660 Θείου
484 2633 665 2669 βουλήματος,
692 2632 739 2660 καὶ
764 2632 801 2664 ὡς
821 2631 854 2659 ἃν

47 2681 291 2716 εὐπειθεστέρους
300 2679 486 2715 ἀπεργάσαιτο
501 2681 563 2711 τοὺς
577 2679 722 2711 ἀκούοντας
736 2681 768 2715 τῇ
780 2679 853 2713 ἀξιο-

46 2727 144 2763 πιστίᾳ
160 2727 211 2754 τοῦ
225 2726 375 2762 εἰρηκότος
386 2726 619 2761 δυσωπουμένους.

80 2817 103 2835 ⁸³
119 2816 198 2845 l‘saI.
219 2823 313 2847 ιλιι,
328 2815 354 2842 6.
393 2815 415 2831 “
432 2813 512 2843 llebr.
530 2823 555 2848 ν,
575 2814 618 2842 12,

906 2221 952 2249 Dei
973 2230 1037 2255 vox,
1063 2231 1152 2257 neque
1177 2223 1326 2250 secundum
1352 2222 1432 2248 aliam
1458 2222 1572 2248 formam
1593 2229 1689 2249 eorum

906 2275 966 2302 quae
986 2268 1012 2295 itt
1037 2268 1165 2303 gentibus
1187 2276 1236 2294 usu
1261 2273 1368 2301 recepta
1391 2270 1465 2298 sunt,
1491 2265 1688 2301 proferebatur,

906 2312 952 2340 sed
969 2314 1127 2348 quicunque
1143 2313 1189 2340 Dei
1207 2320 1348 2340 sermones
1362 2319 1376 2338 a
1398 2311 1471 2339 Mose
1490 2312 1531 2339 vel
1549 2311 1689 2346 prophetis

906 2358 1037 2393 descripti
1062 2363 1136 2389 sunt.
1151 2359 1248 2386 divinae
1259 2358 1406 2385 voluntatis
1419 2361 1482 2384 sunt
1498 2356 1689 2389 indicationes,

904 2403 984 2429 aliter
1005 2406 1088 2437 atque
1111 2403 1188 2429 aliter
1209 2411 1257 2437 pro
1285 2403 1389 2429 ratione
1413 2409 1506 2433 eorum
1532 2401 1578 2436 qui
1595 2403 1689 2438 grati-.8

906 2450 969 2476 liunl
988 2449 1146 2483 participes.
1163 2454 1320 2475 sanctorum
1337 2455 1403 2482 pttro
1416 2451 1442 2473 et
1459 2447 1574 2474 rationis
1588 2447 1689 2474 tenenti

905 2493 1089 2529 principatum
1113 2493 1261 2520 intellectui
1283 2493 1485 2520 illuceSt'enles.
1507 2490 1577 2526 Ergo
1598 2492 1690 2527 loque-

906 2541 986 2568 batur
1011 2539 1100 2566 Moses
1124 2539 1195 2566 sicut
1224 2542 1308 2565 natus
1334 2543 1391 2564 erat
1412 2542 1440 2565 et
1464 2537 1604 2570 eruditus;
1638 2536 1690 2562 Deo

907 2591 997 2615 autem
1010 2587 1176 2614 attrihuebat
1189 2586 1239 2614 has
1253 2593 1345 2617 voces,
1358 2591 1387 2612 ut
1403 2585 1504 2612 dictum
1521 2588 1563 2612 est
1580 2583 1689 2619 sa-pins.

907 2637 1018 2668 propter
1033 2632 1163 2667 puerilem
1185 2631 1398 2659 imbecillitatem
1418 2637 1513 2657 eorum
1530 2629 1577 2664 qui
1594 2630 1626 2654 ad
1645 2627 1690 2655 Dei

907 2677 1090 2713 cognitionem
1115 2675 1336 2707 adducebantur,
1366 2679 1393 2703 et
1419 2675 1452 2702 ad
1485 2674 1637 2702 evidentem
1665 2676 1692 2699 et

908 2723 1008 2752 claram
1028 2723 1125 2751 divitue
1149 2722 1297 2750 voluntatis
1314 2722 1530 2756 expressionem.
1546 2725 1572 2749 et
1588 2725 1616 2748 ut
1631 2719 1698 2747 obe-
